3968 6552
183 372 303 438 893

1139 383 1505 447 PANOPLIA
1555 389 2007 453 DOGMATICA.
2039 420 2104 430 —
2129 391 2272 458 TlT.
2315 396 2460 461 XlV.

3355 398 3458 464 894

185 508 279 573 εἰς
298 506 619 576 Αιγυπτον,
660 509 776 573 καὶ,
818 510 1074 579 242553.001-
1105 512 1350 581 διῆλθεν
1377 519 1416 586 ἡ
1458 519 1631 588 ψυχὴ
1667 524 1774 577 αὐ-

1883 531 2255 588 descenderrmt
2275 535 2328 588 in
2360 533 2651 605 1Egyplum
2706 537 2720 568 '
2752 551 2767 603 ;
2799 543 2873 600 el,
2900 534 3128 592 Ferrum
3155 539 3465 606 pertransiit

185 599 298 653 τοῦ
343 637 359 660 ,
501 603 734 672 πρᾶγμα
777 602 998 673 δεθῆναι
1033 605 1106 677 μὴ
1141 606 1458 680 δυνάμενον.
1503 612 1780 681 Ἀγνοοῦσι

185 691 300 763 γὰρ
331 694 382 746 οἱ
414 693 590 749 ταῦτα
619 697 886 764 λέγοντες,
931 701 1012 754 ὅτι
1042 705 1438 776 συνεκδοχικῶς
1461 708 1529 761 τὰ
1559 709 1782 764 τοιαῦτα

184 784 555 853 ὀνομάζεται,
609 787 722 839 ἀπὸ
769 789 967 860 μέρους
1015 792 1110 845 τοῦ
1173 797 1372 859 παντὸς
1415 797 1778 867 δηλουμένου·

183 871 384 945 ὥσπερ
425 877 548 939 καὶ,
585 880 839 933 Νεοσσοὶ
889 880 1008 934 τῶν
1047 886 1319 951 κοράκων
1350 888 1781 944 ἐπικαλοῦνται

184 965 300 1016 τὸν
344 966 515 1026 Θεὸν,
556 967 684 1038 ἴν¹ή
738 969 912 1039 τπηνὴ
961 971 1172 1045 δηλωθῇ
1215 976 1407 1045 φύσις,
1445 979 1538 1032 καὶ
1584 979 1782 1045 Πλειὰς

185 1053 287 1106 καὶ
334 1055 605 1126 Ἕσπερος
664 1057 758 1110 καὶ
811 1058 1136 1134 Ἀρκτοῦρος
1185 1068 1613 1138 μνημονεύονται
1660 1073 1782 1126 ἀντὶ

182 1144 412 1200 πάντων
468 1148 749 1218 ἀστέρων,
799 1151 894 1204 καὶ
950 1153 1050 1224 τῆς
1114 1158 1242 1229 περὶ⁸
1294 1160 1518 1228 τούτους
1575 1165 1782 1220 οἰκονο-

185 1238 346 1309 μίας.

258 1345 371 1400 Καὶ
406 1347 522 1418 ἅμα
555 1349 656 1402 οὐκ
690 1349 868 1414 ἄλλως
920 1346 1030 1408 οἶόν
1057 1371 1117 1407 τε
1148 1351 1216 1428 ἦν
1260 1355 1360 1427 τὴν
1386 1358 1482 1413 τοῦ
1511 1360 1648 1414 Θεοῦ
1687 1361 1772 1434 δηο

181 1437 427 1510 λυθῆναι.
460 1441 588 1510 περὶ
615 1443 761 1512 ἡμᾶς
787 1443 1033 1517 ἀγάπην,
1067 1448 1100 1520 ἢ
1148 1449 1214 1502 ἐκ
1255 1450 1350 1503 τοῦ
1395 1469 1497 1524 μνη
1509 1454 1771 1526 μονευθῆ-

181 1547 278 1583 ναι
306 1530 410 1602 τὴν
457 1534 656 1604 σάρκα,
709 1535 803 1588 καὶ
853 1537 936 1590 ὅτι
1153 1539 1223 1594 δι’
1257 1543 1404 1612 ἡμᾶς
1447 1546 1648 1617 κατέση
1683 1565 1778 1601 και.

185 1622 358 1693 μέχρι
389 1624 486 1676 τοῦ
528 1625 790 1696 χείρονος.
842 1629 1031 1700 Σάρκα
1073 1631 1183 1704 γὰρ
1229 1629 1368 1688 εἶναι
1414 1636 1593 1707 ψυχῆς
1624 1639 1778 1693 εὐτε-

183 1711 468 1787 λέστερον,
499 1719 607 1781 πᾶς
630 1718 740 1772 τῶν
788 1717 847 1774 εὖ
892 1723 1233 1793 φρονούντων
1437 1731 1777 1801 ὁπολογήσει.

182 1805 265 1857 Τὸ
286 1802 403 1871 οὖν,
447 1809 510 1862 '0
534 1811 723 1880 Λόγος
755 1814 912 1882 σὰρξ
947 1814 1204 1885 ἐγένετο,
1239 1813 1355 1872 ἴσον
1394 1820 1541 1874 δοκεῖ
1576 1841 1662 1891 μοι
1693 1823 1784 1878 δύ-

181 1897 384 1951 νασθαι
428 1899 508 1970 τῷ
543 1902 637 1954 καὶ
673 1904 952 1976 ἁμαρτίαν
991 1909 1154 1963 αὐτὸν
1196 1912 1478 1979 γεγονέναι
1518 1911 1776 1981 λέγεσθαι

183 1990 288 2043 καὶ
315 1993 566 2063 κατάραν
587 2010 600 2022 ⁸
645 1996 748 2049 οὐκ
787 1999 867 2061 είς
894 1998 1066 2054 ταῦτα
1095 2001 1187 2055 τοῦ
1233 2003 1440 2074 Κυρίου
1474 2022 1778 2080 μεταποιη-

186 2081 402 2148 οὲντος,
435 2087 551 2150 πῶς
583 2086 728 2158 γάρ;
762 2089 876 2142 ἀλλ’
905 2091 980 2155 ὡς
1020 2092 1110 2146 διὰ
1153 2093 1248 2147 τοῦ
1295 2095 1467 2149 ταῦτα
1518 2095 1773 2161 δέξασθαι

182 2175 290 2238 τὰς
329 2178 558 2248 ἀνομίας
594 2181 758 2250 ἡμῶν
805 2182 1184 2250 ἀναλαϐόντος,
1212 2185 1307 2239 καὶ
1334 2185 1431 2250 τὰς
1455 2186 1644 2250 νόσους
1675 2187 1775 2258 βα-

187 2285 514 2335 στασαντος.

733 2480 834 2536 Ἐκ
862 2482 971 2550 τῆς
999 2483 1210 2551 αὐτῆς.

266 2569 477 2624 Ἐκεῖνο
500 2571 553 2624 δὲ
584 2572 872 2640 γινώσκειν
921 2577 1236 2643 ἀναγκαῖον,
1270 2579 1352 2630 ὅτι
1397 2577 1769 2643 Ἀπολινάριος

176 2661 286 2730 μὲν
309 2662 371 2714 τδ
402 2665 502 2733 τῆς
532 2663 796 2734 Θεότητος
821 2666 989 2734 ὄνομα
1023 2668 1097 2738 τῷ
1132 2668 1270 2736 ἀγίτε)
1306 2669 1586 2737 Πνεῦματι
1622 2671 1777 2735 δοῦς,

173 2756 281 2822 τὴν
316 2755 549 2825 δύναμιν
582 2757 682 2827 τῆς
713 2757 973 2831 Θεότητος
1001 2761 1100 2814 οὐκ
1141 2763 1395 2828 ἐφυλαξε.
1431 2761 1505 2816 Τὸ
1551 2763 1660 2832 γὰρ
1707 2766 1768 2816 ἐκ

176 2847 450 2916 μεγάλου,
476 2850 569 2902 καὶ
612 2851 880 2920 μείζονος,
930 2855 1022 2905 καὶ
1076 2855 1334 2922 μεγίστου
1388 2855 1656 2909 συνιστῶν
1700 2855 1766 2926 τὴ

171 2940 412 3008 τριάδα,
453 2941 642 3014 ὥσπερ
691 2945 750 3012 ἐξ
780 2946 957 3015 αὐγῆς
999 2945 1094 2999 καὶ
1151 2947 1370 3008 ἀκτῖνος
1410 2950 1503 3001 καὶ
1583 2946 1769 3000 Ἠλίου

172 3033 278 3086 τοῦ
313 3034 650 3105 Πνεύματος,
683 3039 778 3091 καὶ
810 3037 904 3091 τοῦ
935 3036 1088 3101 Υἱοῦ,
1117 3040 1210 3092 καὶ
1243 3039 1338 3093 τοῦ
1376 3039 1606 3109 Πατρδς,
1633 3039 1772 3109 ὅπερ

174 3126 376 3193 σαφῶς
416 3131 474 3181 ἒν
498 3130 609 3192 τοῖς
638 3130 846 3183 ἐκείνου
884 3131 1193 3199 γέγραπται
1227 3131 1426 3199 λόγοις,
1457 3133 1549 3186 καὶ
1573 3131 1776 3200 κλίμαξ

174 3219 302 3271 tati
362 3219 627 3287 Θεότητος
667 3223 766 3276 οὒκ
825 3224 906 3286 εἰς
963 3225 1190 3295 οὐρανὸν
1226 3227 1528 3294 ἀνάγουσα,
1561 3227 1680 3278 ἀλλ’
1717 3225 1776 3292 ἐξ

172 3310 416 3381 οὐρανοῦ
443 3315 775 3381 κατάγουσα.
819 3315 1014 3385 Ἡμεῖς
1044 3317 1099 3370 δὲ
1131 3317 1264 3370 Θεὸν
1303 3317 1650 3388 γινώσκομεν
1681 3317 1773 3370 τὸν

174 3403 430 3474 Πατέρα,
454 3405 547 3459 καὶ
567 3406 658 3458 τὸν
679 3406 829 3471 Υξδν,
857 3409 951 3461 καὶ
983 3407 1045 3460 τὸ
1087 3408 1242 3475 ἆγιον
1284 3408 1532 3476 Πνεῦμα.
1589 3409 1774 3462 Ταῦτα

175 3499 239 3551 δὲ
270 3497 564 3568 οὑκλήσεις
597 3500 756 3569 ψιλὰς
791 3500 1096 3571 τεμνούσας
1145 3501 1494 3572 ἀξιώμάτων,
1530 3503 1562 3572 ἢ
1617 3503 1776 3556 δυνά-

179 3605 334 3656 μεων
365 3589 710 3658 ἀνισότητας,
737 3591 872 3647 ἀλλά
902 3591 1032 3660 μίαν
1065 3596 1157 3645 καὶ
1201 3592 1301 3661 τὴν
1349 3591 1520 3660 αὐτὴν
1585 3592 1772 3664 ὥσπερ

176 3682 583 3754 προσηγορίαν,
609 3684 750 3738 οὕτω
779 3689 870 3740 καὶ
902 3685 1173 3756 Θεότητος
1205 3686 1368 3756 φύσιν
1392 3727 1407 3751 ,
1441 3689 1536 3741 καὶ
1583 3688 1774 3741 οὐσίαν

177 3775 281 3827 καὶ
315 3774 568 3845 δύναμιν.

183 3870 300 3924 Τοῦ
330 3870 518 3922 αὐτοῦ
544 3872 613 3925 ἐκ
642 3873 753 3943 τῆς
788 3873 941 3942 πρὸς
969 3875 1079 3928 τὸν
1115 3875 1303 3930 αὑτὸν
1326 3875 1612 3946 δευτέρας
1645 3876 1769 3929 ἔτι·

841 3948 1092 4016 στολῆς.

254 4028 418 4088 Οὗτοι
448 4037 556 4108 γάρ
577 4039 743 4108 ἡνίκα
791 4041 891 4110 μὲν
921 4040 988 4095 ἂν
1015 4043 1128 4105 τοῖς
1159 4041 1405 4112 γνησίοις
1451 4040 1630 4096 αὐτῶν
1665 4058 1773 4111 μα‹

179 4128 401 4195 θηταῖς,
434 4130 527 4182 καὶ
585 4132 817 4200 μύσταις
861 4133 970 4187 τῶν
1016 4133 1350 4206 ἀπορρήτων
1414 4134 1764 4203 θεολογῶσιν,

177 4219 381 4289 ὥσπερ
409 4223 459 4275 οἱ
490 4224 784 4294 Μανιχαῖοι
815 4226 926 4288 τοῖς
961 4225 1242 4289 ἐκλεκτοῖς
1264 4226 1614 4295 λεγομένοις,
1640 4225 1772 4293 ὃλην

176 4317 284 4387 τὴν
344 4317 500 4370 νόσον
558 4317 740 4371 αὐτῶν
797 4317 1261 4383 ὲκκαλὺπτοντες,
1306 4318 1463 4385 μόλις
1523 4319 1618 4373 καὶ
1673 4318 1772 4388 τὴν

180 4414 368 4480 σάρκα
411 4411 489 4482 τῷ
537 4412 755 4481 Σωτῆρι
804 4411 1064 4466 διδόασιν.
1096 4413 1267 4466 Ὅταν
1319 4412 1374 4465 δὲ
1409 4415 1531 4473 ταῖς
1564 4413 1771 4473 κοιναῖς

179 4503 492 4573 ὑπολήψεσι
531 4505 662 4575 περὶ
703 4504 806 4568 τῆς
855 4503 1440 4576 ὲνανθρωπήσεως,δις
1489 4506 1522 4575 ἡ
1580 4503 1770 4575 Γραφὴ

178 4597 540 4669 παρίστησιν,
585 4599 917 4670 ἐλέγχωνται.
982 4601 1079 4652 καὶ
1124 4598 1446 4663 πιέζωνται,
1502 4599 1600 4660 τὰς
1669 4597 1770 4666 μὲν

179 4689 434 4752 εὐσεόεῖς
479 4689 651 4755 λέξεις
695 4689 1046 4760 ὁμολογοῦσι,
1078 4692 1205 4762 περὶ
1251 4689 1308 4742 δὲ
1357 4691 1445 4744 τὸν
1494 4689 1618 4742 νοῦν
1669 4707 1768 4741 κα-

179 4780 538 4850 κουργοῦσιν,
594 4781 695 4834 οὐκ
740 4780 947 4852 ἄψυχον
1000 4783 1122 4852 μὲν,
1184 4781 1308 4835 οὐδὲ
1367 4782 1588 4849 ἄλογον,
1645 4781 1767 4834 οὐδὲ

181 4872 371 4934 ἄνουν,
395 4873 514 4926 οὐδὲ
545 4873 709 4944 ἀτελῆ
731 4874 1122 4943 ὁμολογοῦντες
1149 4877 1240 4928 τ’,ν
1264 4874 1574 4944 ἄνθρωπον,
1592 4874 1771 4944 ψυχὴν

182 4965 242 5019 δὲ
279 4966 374 5018 καὶ
420 4965 598 5035 λόγον,
632 4967 726 5020 καὶ
758 4968 904 5034 νοῦν,
937 4967 1108 5038 αὐτὴν
1146 4968 1465 5034 εἰσάγοντες
1499 4965 1600 5038 τὴν
1653 4966 1772 5016 6εό-

191 5077 350 5131 τητα,
374 5060 449 5124 ὡς
482 5063 654 5131 αὐτῆς
689 5065 754 5134 τῇ
790 5063 954 5132 σαρκὶ
987 5061 1394 5133 συγκραθείσης
1428 5061 1622 5131 μόνης,
1649 5057 1769 5113 ἀλλ’

181 5155 311 5226 οὐχὶ
349 5155 442 5207 καὶ
471 5154 581 5206 τῶν
613 5156 901 5226 ἡμετέρων
935 5155 1030 5210 καὶ
1071 5155 1452 5227 ἀνθρωπίνων,
1483 5155 1530 5206 εἰ
1581 5158 1677 5207 καὶ
1710 5153 1772 5207 τδ

183 5249 580 5320 ἀναμάρτητον
622 5252 868 5320 κρεῖττον
919 5252 952 5320 ἢ
1008 5249 1133 5304 καθ’
1185 5251 1333 5322 ἡμᾶς
1383 5244 1474 5320 ἦν,
1523 5250 1619 5303 καὶ
1663 5249 1772 5302 τῶν

186 5345 478 5416 ἡμετέρων
507 5345 696 5396 παθῶν
721 5343 1044 5415 καθάρσιον.

261 5615 425 5668 Οὕτω
454 5612 589 5681 γοῦν
617 5610 712 5666 καὶ
745 5587 1065 5678 τὸ,”ΙΙμεῖς
1089 5608 1156 5662 δὲ
1180 5610 1332 5661 γοῦν
1360 5605 1620 5676 Χριστοῦ
1645 5606 1776 5661 ἔκο-

187 5728 324 5780 μυσ,
385 5706 827 5778 παρεξηγοῦνται
863 5706 1050 5766 κακῶς
1088 5703 1180 5756 καὶ
1220 5703 1346 5755 λίαν
1377 5701 1616 5771 εὐήθως,
1649 5702 1776 5754 νοῦν

264 5839 278 5859 ·
317 5837 441 5885 Act.
476 5846 571 5893 vrt,
602 5829 683 5883 l-l.
753 5828 774 5859 θ
805 5825 945 5881 Ρμειι.
987 5839 1094 5887 CIV,
1131 5823 1218 5879 18.
1308 5824 1329 5854 ³
1353 5821 1492 5887 Psal,
1517 5837 1697 5887 cum,
1726 5822 1778 5877 9.

190 5909 300 5973 1-1.;
337 5903 459 5960 Gal.
500 5919 584 5968 ιιι,
623 5902 705 5957 l5.
783 5899 802 5930 ⁷
837 5898 853 5953 Ι
883 5899 1007 5954 Cor.
1044 5911 1104 5962 ιι,
1138 5896 1219 5950 ιιι.

1883 627 2062 680 anima
2107 627 2223 696 ejus
2293 633 2338 691 ⁸,
2374 643 2460 692 res
2495 629 2745 698 profecto
2793 630 3090 699 ejusmodi,
3135 646 3256 702 quae
3297 633 3464 686 nullis

1883 719 2118 773 vinculis
2181 721 2408 790 astringi
2464 729 2647 789 queat.
2709 720 2968 792 Ignorant
2999 724 3170 786 enim,
3215 725 3310 793 qui
3351 723 3468 778 hac

1881 811 2090 877 dicunt,
2123 827 2209 867 res
2236 811 2402 866 hasce
2436 827 2532 882 per
2562 814 2945 884 synecdochen
2996 817 3310 880 enuntiari,
3349 825 3470 873 toto

1883 923 2078 978 nempe
2108 923 2203 977 per
2230 917 2438 978 partem
2486 909 2759 974 indicato;
2801 917 2860 963 ut
2888 926 3012 965 cum
3045 913 3121 965 ait
3154 911 3465 984 Scriptura,

1885 998 1953 1054 Et
1976 1001 2108 1069 pulli
2139 1016 2412 1054 corvorum
2449 998 2618 1054 Deum
2665 1001 2910 1056 invocant
2971 1012 3018 1068 ³,
3052 1011 3111 1058 ιιι
3151 1007 3332 1058 avium
3359 1020 3461 1058 na-

1880 1103 2002 1150 tura
2035 1093 2368 1163 designetur,
2406 1101 2460 1147 et
2496 1092 2674 1148 Pleias
2694 1103 2748 1148 et
2775 1092 3052 1164 Vesperns
3101 1106 3154 1150 et
3197 1098 3469 1153 Arcturus

1883 1191 2261 1239 memorantur
2301 1189 2351 1248 δ,
2382 1197 2482 1253 pro
2512 1198 2598 1245 eo,
2635 1199 2698 1237 ac
2729 1185 2774 1238 si
2806 1184 3010 1239 diceret
3038 1187 3220 1241 omnia
3262 1188 3466 1250 sidera,

1883 1274 2089 1344 Deique
2116 1273 2262 1328 circa
2279 1288 2340 1328 ea
2365 1272 2787 1343 providentiam.

1953 1365 2070 1420 l-luc
2095 1363 2326 1431 accedit,
2384 1366 2529 1436 quod
2562 1381 2668 1421 non
2716 1367 2877 1420 aliter
2904 1365 2998 1420 Dei
3029 1381 3160 1436 erga
3193 1382 3294 1422 nos
3317 1383 3472 1424 amor

1876 1467 2112 1515 testatus
2155 1473 2277 1514 esse
2339 1466 2575 1528 poterat,
2633 1474 2797 1530 quam
2837 1476 2901 1514 ex
2957 1475 3023 1515 eo
3054 1459 3200 1530 quod
3245 1475 3376 1516 caro
3414 1463 3470 1517 in

1875 1549 2142 1604 memoria
2215 1549 2400 1615 fuerit,
2461 1561 2515 1606 et
2551 1536 2680 1621 quia
2712 1551 2886 1606 nostri
2925 1567 3094 1607 causa
3149 1556 3267 1624 ipse
3295 1553 3465 1609 etiam

1877 1657 2055 1712 usque
2078 1641 2144 1696 ad
2187 1642 2518 1698 deteriorem
2552 1652 2762 1714 partem
2799 1660 2923 1700 sese
2954 1645 3196 1702 demisit.
3223 1646 3460 1702 Carnem

1876 1736 2024 1792 enim
2055 1735 2236 1789 anima
2267 1736 2513 1790 viliorem
2541 1751 2666 1791 esse
2693 1751 2854 1790 nemo
2882 1751 3029 1792 sana:
3044 1739 3242 1793 mentis
3262 1739 3473 1793 inﬁcia-

1811 1857 1850 1912 Β
1881 1827 2050 1882 bitur.
2099 1825 2290 1897 Itaque
2317 1827 2407 1881 hic
2431 1826 2606 1888 locus,
2658 1827 2882 1881 Verbum
2903 1844 3027 1882 caro
3065 1827 3268 1897 factum
3297 1839 3373 1884 est
3416 1838 3465 1892 ³,

1877 1919 2125 1974 eamdem
2153 1921 2261 1973 vim
2304 1926 2357 1973 et
2404 1918 2863 1988 signiﬁcationem
2897 1919 3030 1974 mihi
3079 1920 3281 1976 habere
3316 1922 3470 1977 vide-

1876 2016 1968 2065 tur
2001 2027 2123 2066 cum
2162 2027 2248 2075 eo,
2283 2010 2426 2080 quod
2453 2022 2727 2080 peccatum
2764 2026 2984 2082 quoque
3010 2012 3186 2082 ipsum
3221 2023 3274 2066 et
3304 2011 3468 2064 male-

1877 2102 2077 2157 dictum
2134 2103 2311 2159 factus
2357 2119 2482 2159 esse
2510 2102 2716 2158 dicitur
2746 2104 2768 2136 ⁸
2813 2122 2828 2168 ς
2876 2119 2983 2159 non
3020 2104 3163 2173 quod
3204 2103 3468 2159 Dominus

1875 2195 1931 2249 in
1968 2195 2084 2249 haec
2131 2194 2454 2249 immutatus
2500 2195 2608 2260 sit;
2664 2195 2756 2266 qui
2799 2195 2944 2250 enim
2991 2196 3042 2250 id
3097 2195 3209 2250 ﬁeri
3250 2194 3468 2265 posset?

1880 2285 1977 2342 sed
2027 2287 2154 2356 quia
2206 2302 2303 2356 per
2331 2285 2384 2341 id
2419 2286 2564 2358 quod
2629 2287 2743 2342 haec
2801 2289 3090 2358 suscepit,
3146 2287 3468 2358 iniquitates

1879 2385 2103 2432 nostras
2152 2376 2400 2441 sustulit,
2436 2386 2490 2434 et
2533 2378 2758 2434 morbos
2814 2378 3072 2448 portavit.

2523 2486 2604 2540 Eat
2641 2487 2846 2540 eadem.

1953 2577 2087 2632 illud
2112 2582 2251 2634 scire
2274 2595 2498 2635 necesse
2523 2591 2626 2643 est,
2647 2577 3056 2648 Apollinarium.
3080 2577 3326 2644 quamvis
3349 2577 3467 2632 dei-

1877 2670 2002 2723 tatis
2029 2687 2228 2725 nomen
2260 2672 2484 2743 Spiritui
2512 2683 2701 2725 saneto
2732 2671 2965 2734 dederit,
2999 2672 3105 2724 vim
3134 2680 3314 2724 tamen
3352 2670 3464 2725 dci-

1879 2765 2004 2818 tatis
2052 2765 2276 2819 minime
2325 2767 2669 2821 custodiisse.
2723 2765 3001 2834 Siquidem
3040 2781 3106 2818 ex
3157 2781 3374 2831 magno,
3408 2776 3465 2819 et

1877 2858 2090 2926 maiori.
2126 2869 2180 2913 et
2236 2861 2497 2923 marimo,
2540 2860 2643 2913 hoc
2673 2868 2775 2912 est.
2812 2874 2876 2913 ex
2911 2857 3114 2924 Spiritu
3162 2869 3372 2912 sancto.
3408 2863 3463 2910 et

1873 2950 2047 3015 Filio,
2110 2961 2164 3005 et
2218 2949 2397 3012 Patre,
2457 2961 2706 3019 tanquam
2745 2965 2808 3003 ex
2844 2947 3153 3017 splendore,
3202 2956 3255 3001 et
3287 2947 3462 3007 radio,

1874 3050 1932 3095 et
1983 3041 2116 3106 sole,
2166 3037 2490 3094 Trinitatem
2527 3041 2860 3094 constituere
2907 3039 3071 3105 (qum
3118 3037 3337 3107 quidem
3395 3037 3452 3092 in

1877 3132 2021 3188 illius
2057 3133 2209 3188 libris
2241 3141 2427 3202 aperte
2452 3132 2714 3199 scriptum
2755 3131 2881 3196 est),
2922 3129 3142 3184 dcitatis
3179 3129 3325 3183 scala
3349 3139 3456 3194 est,

1877 3239 1987 3280 non
2044 3226 2098 3279 in
2142 3225 2338 3281 C(Blum
2387 3224 2738 3285 subvehens.
2771 3223 2867 3278 sed
2916 3223 3128 3278 e‘melo
3174 3221 3458 3291 dejiciens.

1878 3322 1945 3374 At
1978 3334 2076 3373 nos
2111 3316 2275 3374 Deum
2311 3318 2530 3384 quidem
2557 3316 2774 3373 Patrem
2807 3331 2862 3374 et
2887 3317 3086 3373 Filium
3112 3325 3165 3373 et
3195 3315 3461 3385 Spiritum

1875 3421 2124 3466 sanctum
2161 3413 2548 3482 agnoscimus:
2604 3413 2721 3466 inec
2779 3421 2960 3466 autem
3013 3427 3120 3466 non
3161 3409 3308 3465 nuda
3357 3424 3464 3463 no-

1876 3503 2043 3566 mina,
2085 3503 2328 3573 dispares
2375 3504 2670 3574 dignitates
2717 3513 2808 3558 aut
2855 3505 3124 3572 potentias
3174 3503 3414 3560 sccantia
3443 3543 3460 3566 ,

1875 3597 1970 3650 sed
2003 3611 2163 3649 unam
2187 3596 2566 3665 eamdemque,
2597 3607 2656 3650 nt
2685 3597 3126 3666 appellationem,
3151 3597 3225 3652 ita
3255 3593 3463 3651 divini-

1877 3688 2001 3743 tatis
2032 3695 2306 3752 naturam,
2343 3697 2398 3742 et
2433 3689 2745 3755 essentiam,
2783 3702 2846 3742 ac
2886 3689 3208 3758 potentiam.

2049 3864 2300 3934 Ejusdem
2326 3881 2389 3920 ea:
2415 3865 2587 3919 altera
2619 3864 2687 3918 ad
2708 3861 2946 3916 eumdem
2976 3863 3238 3931 Epistola.

1941 4042 2035 4098 lsti
2071 4043 2238 4108 enim,
2275 4057 2399 4098 cum
2432 4043 2574 4113 apud
2611 4042 2748 4097 ﬁdos
2786 4056 2914 4097 suos
2939 4039 3239 4110 discipulos
3276 4047 3330 4094 et
3357 4055 3455 4094 ar-

1873 4149 2132 4190 canorum
2163 4133 2435 4200 conscios,
2477 4132 2937 4205 quemadmodum
2968 4131 3274 4194 Manichaei,
3307 4130 3450 4201 apud

1871 4242 1966 4281 eos
2000 4242 2138 4296 quos
2160 4226 2363 4282 electos
2398 4234 2618 4288 vocant,
2647 4225 2713 4281 de
2736 4225 3015 4280 divinitate
3039 4224 3341 4295 disputant,
3369 4233 3452 4277 to-

1873 4327 1989 4373 tum
2037 4334 2197 4373 suum
2252 4319 2504 4374 morbum
2552 4319 2890 4390 detegentes,
2919 4318 3002 4371 vix
3045 4317 3206 4371 etiam
3236 4329 3459 4370 carnem

1876 4409 2149 4468 Salvatori
2207 4410 2472 4465 tribuunt.
2504 4409 2638 4466 Cum
2697 4419 2876 4464 autem
2932 4407 3316 4463 communibus
3369 4407 3438 4461 de

1873 4501 2230 4558 humanitatis
2259 4502 2634 4571 assumptione
2661 4501 2970 4561 sententiis,
3007 4515 3142 4568 quas
3170 4499 3455 4568 Scriptura

1804 4628 1846 4682 υ
1875 4595 2120 4659 exhibet,
2153 4595 2557 4649 convincuntur
2601 4607 2663 4646 ac
2697 4602 3042 4662 premuntur,
3085 4591 3205 4660 pias
3239 4590 3457 4660 quidem

1875 4688 2141 4747 dictiones
2170 4687 2523 4751 conlitentur,
2567 4701 2755 4740 verum
2790 4686 2939 4739 circa
2966 4697 3189 4739 sensum
3215 4692 3268 4737 et
3297 4681 3458 4735 intel-

1877 4781 2150 4851 ligentiam
2182 4779 2338 4836 dolos
2384 4789 2631 4846 nectunt,
2691 4794 2797 4833 non
2847 4776 3068 4845 quidem
3113 4775 3326 4838 animae,
3361 4787 3464 4827 nec
3553 4850 3556 4853 Δ

1879 4873 2106 4929 rationis
2133 4887 2196 4928 ac
2237 4875 2439 4927 mentis
2471 4880 2744 4941 expertem
2779 4885 2882 4926 nec
2929 4867 3304 4940 imperfectum
3364 4865 3459 4920 ho-

1871 4967 2073 5020 minem
2121 4964 2484 5020 conﬁtentes:
2542 4971 2796 5018 caeterum
2860 4961 3080 5027 animre,
3126 4967 3182 5013 et
3211 4956 3460 5021 rationis,

1871 5074 1935 5114 ac
1959 5057 2294 5114 mentisloco
2317 5055 2658 5112 divinitatem
2685 5055 3026 5118 inducentes,
3047 5052 3276 5124 perinde
3299 5062 3462 5120 atque

1872 5151 1990 5222 ipsa
2021 5152 2134 5206 sola
2166 5168 2288 5206 cum
2321 5165 2484 5206 carne
2505 5159 2806 5221 temperata
2852 5157 2906 5205 et
2962 5149 3217 5220 copulata
3269 5147 3460 5211 fuerit,

1872 5252 1927 5297 at
1965 5258 2072 5296 non
2104 5241 2265 5297 etiam
2303 5243 2555 5297 humana:
2607 5251 2808 5297 nostra:
2839 5255 2928 5296 res
2964 5247 3018 5293 et
3049 5238 3412 5310 proprietates
3440 5252 3458 5301 ;

1877 5332 2094 5388 etiamsi
2130 5333 2204 5388 illi
2239 5333 2306 5388 ab
2338 5335 2485 5390 omni
2525 5343 2752 5405 peccato
2796 5333 3006 5403 puritas
3047 5330 3282 5384 humana
3326 5341 3460 5380 con-

1877 5423 2085 5480 ditione
2135 5424 2420 5481 sublimior
2447 5433 2614 5491 esset,
2667 5440 2730 5479 ac
2775 5423 3094 5478 vitiosarum
3147 5427 3460 5473 nostrarum

1879 5515 2233 5572 aﬂcctionum
2265 5517 2555 5588 cxpiatrix.

1953 5612 2044 5666 Sic
2092 5611 2292 5680 quippe
2343 5611 2476 5666 illud
2526 5623 2781 5679 quoque,
2857 5605 2960 5662 Nos
3013 5615 3189 5658 autem
3237 5612 3461 5657 mentem

1880 5703 2078 5760 Clu-isti
2135 5705 2382 5758 habemus
2405 5703 2453 5767 ',
2504 5717 2669 5775 prave
2718 5715 2782 5755 ac
2822 5713 3084 5774 perquam
3135 5694 3329 5752 stolide
3378 5697 3462 5748 in-

1894 5823 1914 5856 δ
1941 5821 2043 5879 Job
2076 5840 2301 5890 xxxvut,
2335 5824 2426 5890 51,
2483 5823 2575 5880 5‘2.
2644 5822 2667 5856 ⁸
2695 5819 2852 5879 Joan.
2889 5819 3042 5888 1,“.
3112 5813 3131 5843 ⁸
3175 5815 3219 5873 ιι
3243 5817 3370 5872 Cor.
3411 5830 3463 5882 v,
