3968 6550
507 366 631 435 895

1745 372 2130 434 EUTHYMH
2169 367 2534 432 ZIG'ABENI

3671 357 3778 422 896

499 523 919 585 terpretantur,
975 510 1365 582 nitnirum'per
1392 508 1598 566 Christi
1656 519 1891 564 mentem
1937 511 2079 566 diri-

2180 504 2419 576 Χριστοῦ
2469 504 2568 576 τὴν
2605 503 2836 577 θεότητα
2887 504 3172 575 λέγοντες,
3218 507 3345 580 οὐχ,
3393 508 3530 582 ὅπερ
3585 512 3772 584 ἡμεῖς,

501 608 728 664 nitatem
759 606 1062 676 signiﬁcari
1101 605 1528 669 contendentes;
1563 619 1668 656 non
1716 610 1898 656 autem
1937 604 2082 658 hunc

501 701 680 756 locum
731 713 884 752 more
940 706 1133 751 nostro
1167 703 1542 766 exponentes,
1584 711 1779 764 nempe
1824 695 1970 765 quod
2025 697 2080 760 ii,

496 792 590 861 qui
627 799 862 845 mentem
899 805 1054 845 suam
1087 789 1153 843 ad
1180 788 1334 842 illius
1362 788 1560 841 mentis
1582 827 1595 848 ,
1634 803 1797 857 quam
1833 786 2085 842 Salvator

498 897 601 951 pro
675 880 836 934 nobis
896 879 1244 948 assumpsit,
1315 877 1676 931 imitationem
1755 887 2082 947 purgarunt,

499 979 663 1038 atque
691 969 756 1022 ad
785 984 928 1030 eam,
959 977 1222 1038 quantum
1251 966 1365 1021 fieri
1395 968 1595 1036 potest,
1629 979 2082 1037 composuerunt,

498 1066 737 1112 mentem
770 1057 972 1113 Christi
1035 1057 1234 1112 habere
1283 1057 1581 1112 dicuntur:
1616 1058 2081 1126 quemadmodum

499 1160 555 1204 et
584 1151 660 1204 illi
695 1166 916 1205 carnem
949 1142 1154 1204 CbriSti
1183 1149 1385 1204 habere
1417 1149 1523 1205 dici
1563 1161 1808 1219 possent,
1842 1151 1933 1219 qni
1963 1166 2080 1204 car—

499 1257 624 1295 nem
663 1241 1037 1301 domuernnt,
1089 1248 1252 1307 atque
1309 1239 1412 1292 hac
1452 1240 1664 1292 ratione
1720 1254 2083 1310 concorporet

499 1340 555 1387 et.
594 1332 1018 1402 couiparticipes
1051 1331 1259 1385 Christi
1313 1329 1440 1385 facti
1497 1339 1627 1386 sunt
1699 1333 1741 1397 ⁸,
1785 1340 1874 1394 et,
1933 1332 2083 1386 Sicut

499 1427 826 1496 portavimus
855 1425 1138 1494 imaginem
1179 1424 1399 1488 terreni,
1433 1423 1508 1477 ita
1530 1462 1544 1486 ,
1588 1424 1771 1493 inquit
1813 1430 1867 1489 ³,
1899 1435 2084 1494 porta-

503 1520 672 1572 bimus
708 1520 987 1588 imaginem
1037 1526 1083 1584 et
1116 1517 1360 1570 caelestis.
1407 1514 1608 1571 Eodem
1655 1533 1877 1587 quoque
1920 1519 2086 1573 modo

502 1612 638 1680 ipsis
666 1610 942 1680 perfectus
976 1610 1173 1674 homo,
1220 1622 1328 1662 non
1370 1609 1465 1678 qui
1495 1609 1642 1663 omni
1677 1625 1744 1664 ex
1790 1617 1948 1680 parte
1997 1627 2084 1668 res

501 1714 751 1769 nostras,
781 1711 1012 1771 excepto
1046 1710 1274 1771 peccato
1300 1744 1315 1767 ,
1357 1711 1628 1771 expertus
1651 1710 1736 1756 est
1759 1741 1774 1763 ,
1822 1703 1916 1758 sed
1950 1703 2085 1760 illud

502 1813 568 1850 ex
610 1795 720 1850 Deo
771 1806 825 1848 et
877 1809 1044 1849 carne
1093 1803 1581 1864 temperamentqu
1624 1810 1746 1850 esse
1799 1799 2082 1852 statuitur.
2119 1820 2162 1876 Β

502 1885 616 1940 Hoc
645 1886 812 1948 enim,
841 1885 1016 1947 aiunt,
1053 1885 1181 1954 quid
1223 1884 1561 1954 perfectius?

575 1975 718 2029 Idem
763 1985 943 2031 autem
979 1976 1139 2031 etiam
1198 1978 1345 2030 circa
1399 1977 1867 2049 ὲνανθρωπήσεως
1898 1995 2084 2034 vocent

504 2069 752 2139 improbe
807 2085 871 2123 ac
911 2077 1131 2123 versute
1173 2077 1483 2139 usurpant,
1531 2071 1634 2128 hoc
1671 2071 1892 2126 verbum
1927 2073 2086 2142 ἐνην-

503 2160 792 2232 θρώπησεν
818 2177 926 2214 non
961 2160 1035 2213 ita
1075 2161 1446 2229 explicantes,
1492 2170 1548 2214 ut
1583 2162 1723 2216 idem
1765 2164 1882 2228 sit,
1919 2163 2086 2232 quod,

503 2253 558 2306 in
596 2253 848 2316 homine,
880 2268 1040 2322 quem
1082 2253 1185 2306 sibi
1220 2252 1322 2321 ipsi
1347 2253 1534 2317 allixit,
1562 2256 1800 2316 exstitit,
1826 2256 1984 2324 juxta
2034 2256 2085 2311 id

504 2346 646 2414 quod
675 2347 749 2399 ait
785 2345 1090 2415 Scriptura,
1125 2345 1246 2413 Ipse
1279 2347 1419 2398 enim
1450 2347 1645 2401 sciebat
1695 2350 1819 2418 quid
1859 2358 1995 2404 esset
2033 2350 2089 2403 in

503 2439 711 2491 homine
767 2443 827 2504 ³;
861 2453 1050 2492 verum
1090 2437 1229 2490 idem
1262 2454 1384 2493 esse
1421 2439 1667 2495 dicentes
1712 2452 1764 2496 et
1803 2442 2085 2508 docentes,

503 2531 681 2600 quod,
742 2545 865 2584 cum
917 2530 1234 2586 hominibus
1275 2533 1727 2588 consuetudinem
1786 2535 1980 2588 habuit
2023 2551 2087 2590 ac

503 2636 755 2678 versatus
804 2631 921 2688 est,
977 2633 1143 2694 atque
1195 2623 1261 2677 ad
1303 2624 1419 2678 hzec
1462 2625 1620 2679 verba
1663 2626 2083 2697 confugientes:

464 2738 465 2742 π
503 2716 637 2782 Post
693 2715 788 2770 hoc
822 2718 872 2770 in
922 2725 1060 2771 terra
1092 2718 1232 2772 visus
1257 2728 1356 2781 est,
1407 2727 1454 2771 et
1500 2735 1615 2771 cum
1646 2720 1941 2780 hominibus
1973 2739 2090 2778 con-

502 2820 740 2864 versatus
772 2819 849 2864 est
899 2810 940 2864 δ.
975 2808 1114 2875 Quid
1156 2817 1336 2863 autem
1389 2809 1596 2865 diutius
1638 2812 1908 2880 quiSpiam
1955 2829 2088 2869 con-

502 2903 707 2958 certet?
744 2901 885 2957 Sane
935 2903 1064 2958 dum
1123 2902 1399 2957 hominem
1436 2911 1598 2972 atque
1629 2903 1901 2957 internam
1954 2906 2091 2960 ima-

505 2995 683 3064 ginem
711 2994 1058 3059 submovent,
1091 2993 1143 3048 id
1177 2993 1442 3046 duntaxat
1477 2995 1675 3058 nostri,
1706 2993 1852 3063 quod
1884 2995 2091 3056 deforis

505 3093 611 3150 est,
647 3101 742 3156 per
771 3099 969 3138 novam
1018 3085 1161 3138 hanc
1194 3083 1398 3137 larvam
1423 3124 1436 3146 ,
1474 3093 1524 3134 et
1547 3084 1933 3152 aspectabilem
1967 3101 2081 3156 spe-

2180 596 2676 668 ὑπολαμϐάνοντες,
2712 598 2794 651 ὅτι
2825 599 2874 651 οἱ
2899 598 2990 651 τὸν
3016 599 3226 653 ἑαυτῶν
3263 599 3390 655 νοῦν
3424 603 3777 676 καθήραντες

2184 689 2415 758 μιμήσει
2465 689 2559 742 τοῦ
2605 688 2724 752 νοὸς
2774 690 3024 755 ἐκείνου,
3078 693 3246 762 ὅνπερ
3284 694 3458 764 ἡμῶν·
3497 698 3526 749 ό
3577 697 3776 768 Σωτὴρ

2179 779 2486 846 ἀνεδέξατο,
2523 782 2618 836 καὶ
2653 783 2790 853 πρὸς
2818 784 2982 836 αὑτὸν
3014 784 3389 855 ρυθμίζοντες,
3415 789 3487 852 ὡς
3518 793 3773 860 ἐφικτὸν,

2179 866 2323 926 οὗτοι
2358 873 2481 926 νοῦν
2511 876 2750 944 Χριστοῦ
2797 875 2943 946 ἔχειν
2996 876 3276 946 λέγονται’
3325 879 3403 942 ὡς
3445 883 3538 935 καὶ
3589 884 3776 954 σάρκα

2181 965 2418 1034 Χριστοῦ
2481 968 2883 1039 μαρτυρηθείεν
2940 970 3007 1024 ἂν
3079 969 3226 1042 ἔχειν
3286 973 3484 1026 ἐκεῖνοι
3545 976 3598 1027 oi
3670 977 3775 1046 τὴν

2181 1058 2361 1130 σάρκα
2556 1061 3081 1133 παιδαγωγήσαντες
3101 1102 3116 1127 ,
3183 1065 3278 1117 καὶ
3329 1064 3609 1137 σύσσωμοι
3676 1070 3776 1122 καὶ

2179 1149 2516 1221 συμμέτοχοι
2570 1152 2810 1222 Χριστοῦ
2854 1154 2996 1208 κατὰ
3045 1154 3204 1208 τοῦτο
3254 1157 3536 1228 γενόμενοι
3563 1176 3580 1190 ο
3636 1160 3772 1222 καὶ,

2192 1242 2293 1309 Ὠς
2339 1243 2722 1314 ἐφορέσαμεν
2761 1245 2877 1314 τὴν
2910 1250 3116 1303 εἰκόνα
3162 1250 3269 1304 τοῦ
3307 1251 3546 1320 χοϊκοῦ.
3592 1253 3772 1317 οὕτω,

2180 1335 2348 1402 φησι,
2399 1336 2741 1406 φορέσομεν
2917 1341 3018 1393 καὶ
3070 1340 3186 1406 τὴν
3228 1343 3334 1396 τοῦ
3382 1345 3772 1410 ἐπουρανίου.

2180 1425 2336 1478 Οὕτω
2368 1426 2426 1479 δὲ
2465 1429 2559 1480 καὶ
2585 1429 2791 1496 τέλειος
2827 1431 3010 1496 αὐτοῖς
3045 1433 3350 1506 ἄνθρωπος,
3383 1436 3482 1506 οὐχ
3507 1438 3537 1488 ὁ
3579 1454 3776 1490 πεπει-

2183 1518 2453 1587 ρασμένος
2596 1523 2736 1575 κατὰ
2767 1525 2946 1578 πάντα
2973 1525 3042 1578 τὰ
3077 1527 3325 1600 ἡμέτερα
3362 1531 3533 1599 χωρὶς
3584 1531 3770 1602 ἁμαρέ

2182 1612 2320 1673 τάς.
2351 1611 2488 1667 ἀλλὰ
2515 1613 2577 1667 τὸ
2612 1616 2674 1667 ἐκ
2709 1614 2842 1670 Θεοῦ
2875 1619 2969 1670 καὶ
3004 1619 3207 1690 σαρκὸς
3241 1621 3542 1692 σύγκραμα
3569 1623 3774 1693 δογμαρ

2179 1703 2418 1766 τῖζεται.
2543 1706 2744 1761 Τούτου
2765 1708 2895 1781 γὰρ,
2925 1712 3080 1780 φασὶ,
3115 1713 3520 1785 τίτελειότερον
3549 1734 3567 1784 ;

2251 1968 2325 2022 Τὸ
2376 1969 2420 2022 δ’
2460 1970 2594 2025 αὐτὸ
2646 1973 2740 2028 καὶ
2808 1972 2946 2047 περὶ
2997 1976 3096 2047 τὴν
3153 1977 3251 2047 τῆς
3299 1978 3766 2053 ὲνανθρωπήσειος

2181 2062 2548 2134 κακουργοῦσι
2597 2065 2780 2137 φωνὴν
2815 2103 2833 2130 ,
2980 2069 3038 2122 τὸ
3067 2070 3528 2144 ἐνηνθρώπησεν,
3563 2075 3666 2127 οὐκ
3709 2077 3764 2128 ἐν

2178 2153 2448 2226 ἀνθρώπῳ
2489 2156 2710 2225 γέγονεν
2739 2193 2756 2219 ,
2955 2159 3014 2213 ὃν
3051 2162 3229 2232 ἑαυτῴ
3272 2165 3634 2236 περιέπηξεν,
3678 2168 3765 2234 ἑξ-

2177 2246 2490 2317 ηγούμενοι,
2528 2250 2670 2304 κατὰ
2690 2251 2751 2304 τὸ
2782 2253 3092 2323 εἰρημένον,
3117 2255 3312 2322 Αὐτὸς
3337 2258 3444 2326 γὰρ
3473 2259 3765 2327 ἐγίνωσκε

2177 2338 2233 2390 τί
2275 2334 2355 2409 ἦν
2386 2339 2456 2393 ἐν
2495 2339 2573 2406 τῷ
2620 2343 2944 2412 ἀνθρώπῳ,
2981 2345 3095 2399 ἀλλ’
3135 2348 3445 2420 ἀνθρώποις
3496 2352 3760 2424 ὡμίλησε,

2178 2431 2271 2483 καὶ
2303 2433 2813 2502 συνεπολιτεύσατο,
2849 2437 3100 2507 λέγοντες
3138 2443 3231 2494 καὶ
3269 2441 3638 2509 διδάσκοντες,
3671 2450 3763 2500 καὶ

2179 2521 2314 2594 πρὸς
2345 2524 2560 2596 ἐκείνην
2601 2529 3040 2599 καταφεύγοντες
3067 2532 3166 2604 τὴν
3200 2535 3408 2605 φωνὴν,
3436 2537 3537 2607 τήν
3560 2554 3574 2566 ·
3607 2536 3762 2591 Μετὰ

2174 2615 2351 2670 τοῦτο
2521 2618 2623 2672 ἐπὶ
2655 2619 2763 2688 τῆς
2791 2622 2908 2692 γῆς
2937 2623 3130 2694 ὤφθη,
3159 2625 3257 2679 καὶ
3285 2626 3408 2692 τοῖς
3431 2629 3762 2697 ἀνθρώποις

2174 2710 2594 2782 συνεστράφη,
2631 2712 2916 2782 λέγουσαν.
2971 2717 3082 2770 Καὶ
3122 2717 3175 2770 τί
3220 2717 3286 2772 ἄν
3317 2736 3402 2782 τις
3441 2721 3760 2788 ἀγωνίζοιτο

2175 2801 2268 2856 ἐπὶ
2324 2803 2542 2868 πλεῖον;
2592 2807 2655 2858 Ui
2687 2807 2782 2860 τὸν
2828 2807 3116 2879 ἄνθρωπον
3308 2811 3758 2884 ἀποσκευαζόμε-

2176 2912 2277 2959 νοι,
2310 2895 2406 2949 κα)⁴
2443 2895 2542 2968 τὴν
2587 2898 2738 2961 ἐντὸς
2773 2898 2994 2967 εἰκόνα,
3029 2899 3090 2954 τὺ
3129 2899 3286 2966 ἐκτὸς
3325 2903 3488 2973 ἡμῶν
3534 2904 3762 2975 καθαρί-

2176 2985 2326 3051 ζουσι
2353 2987 2516 3058 μόνον
2548 2988 2638 3042 διὰ
2665 2990 2758 3044 τοῦ
2785 2991 2976 3045 καινοῦ
3147 2995 3518 3065 προσωπείου,
3546 2996 3760 3050 καὶτοῦ

2173 3081 2474 3151 ὁρωμένου,
2509 3081 2763 3136 τοσοῦτον
2790 3085 3002 3150 ἑαυτοῖς
3045 3087 3362 3157 μαχόμενοι,
3398 3087 3474 3152 ὠς
3504 3089 3631 3142 ποτὲ
3661 3090 3757 3159 μὲν

505 3177 643 3231 ciem
700 3174 995 3240 muudant,
1033 3176 1168 3229 adeo
1221 3191 1406 3231 secum
1472 3175 1574 3246 ipsi
1635 3185 1984 3247 pugnantes,
2033 3185 2083 3232 ιιΙ

2180 3171 2264 3226 διὰ
2295 3173 2394 3245 τὴν
2431 3175 2608 3247 σάρκα
2661 3177 2755 3229 καὶ
2783 3177 2851 3231 τὰ
2903 3176 3038 3232 ἄλλα
3088 3178 3310 3249 παχέως
3338 3179 3434 3233 καὶ
3479 3181 3760 3252 σαρκικῶς

507 3283 655 3322 nunc
691 3268 902 3336 quidem
951 3275 1172 3337 propter
1201 3282 1422 3320 carnem
1470 3276 1664 3323 canera
1697 3269 1858 3323 etiam
1899 3285 2090 3326 crasso

507 3373 572 3412 ac
607 3359 812 3411 carnali
854 3359 1013 3412 modo
1050 3368 1328 3428 exponant
1375 3358 1525 3430 (hinc
1561 3362 1704 3414 enim
1742 3362 1850 3417 illis
1900 3378 2090 3418 secun-

509 3449 613 3505 dus
645 3448 963 3504 Judaismus
1009 3450 1284 3517 tuanavit,
1326 3458 1380 3506 et
1417 3451 1588 3506 delira
1625 3453 1772 3507 mille
1821 3469 2088 3508 annorum

508 3540 562 3594 in
592 3541 845 3611 paradiso
889 3541 1134 3610 voluptas
1157 3580 1170 3605 ,
1211 3541 1457 3612 illudque
1649 3545 2040 3614 propemodum
2067 3585 2081 3610 ,

505 3648 608 3690 nos
663 3633 852 3688 eadem
904 3649 1098 3688 rursus
1149 3641 1273 3704 post
1322 3633 1511 3688 eadem
1549 3633 1889 3708 resumere):
1942 3652 2088 3692 nunc

507 3727 1044 3802 mutemppiuionem
1088 3725 1274 3797 potius
1336 3741 1499 3797 quam
1559 3728 1842 3782 veritatem
1903 3729 2088 3785 carnis

505 3803 801 3885 inducant,
836 3827 1098 3890 tanquam
1140 3818 1277 3873 nihil
1317 3818 1541 3874 humani
1582 3835 1745 3889 passa
1785 3819 1979 3884 fuerit,
2019 3839 2088 3879 ne

505 3930 694 3970 earum
745 3913 966 3983 quidem
999 3927 1206 3977 rerum,
1241 3927 1362 3982 qua:
1392 3922 1618 3982 peccato
1660 3922 1886 3979 vacant;
1923 3923 2083 3984 atque

508 4006 573 4060 ad
606 4003 921 4073 huiusmodi
976 4002 1248 4072 dogmatis
1283 4001 1754 4058 confirmationem
1777 4046 1790 4072 ,
1819 4007 2082 4073 apOstoli-

507 4112 627 4152 cam
653 4096 944 4167 quamdam
975 4108 1165 4148 vocem
1197 4094 1516 4158 adhibeant,
1543 4111 1640 4151 nec
1671 4097 1972 4163 apostolice
2004 4098 2084 4150 in.

505 4191 802 4247 teliectam,
831 4202 928 4239 nec
950 4185 1382 4255 pronuntiatam,
1406 4185 1659 4240 nimirum
1686 4190 1716 4266 ξ
1752 4189 1807 4242 in
1839 4188 2088 4243 similitu-

502 4285 683 4339 dinem
735 4281 1017 4336 hominum
1053 4275 1389 4331 SaIVatorem
1423 4272 1624 4329 factum
1660 4289 1800 4343 esse,
1856 4283 1908 4330 et
1978 4275 2078 4329 ha-

500 4377 617 4432 bitu
655 4377 931 4430 inventum
965 4380 1022 4425 ut
1068 4369 1381 4422 howinem:
1419 4367 1572 4435 quasi
1625 4366 1710 4421 his
1742 4365 1926 4422 verbis
1967 4379 2078 4419 non

504 4471 736 4526 humana
767 4467 939 4520 forma
967 4461 1323 4534 significetur,
1358 4458 1452 4512 sed
1483 4457 1642 4512 fallax
1673 4459 1918 4529 quazdam
1951 4473 2080 4528 spe-

500 4564 614 4618 cies
643 4569 697 4615 et
720 4558 922 4630 opinio.

734 4653 986 4723 Ejusdem
1020 4667 1084 4705 ex
1125 4648 1365 4719 Epistola
1399 4649 1467 4701 ad
1497 4645 1831 4700 Nectarium.

572 4750 628 4804 lu
666 4762 856 4803 manus
883 4761 1029 4801 meas
1061 4743 1250 4798 incidit
1288 4741 1500 4796 libellus
1534 4738 1754 4808 quidam
1808 4732 2084 4807 Apollina-

499 4845 590 4910 rii,
642 4844 694 4896 in
757 4825 861 4907 quo
917 4852 1036 4907 qua:
1100 4835 1448 4902 disputantur
1499 4831 1806 4886 haareticatn
1865 4841 2080 4881 omnem

498 4935 756 4989 exhibent
790 4929 1212 5000 improbilaiem.
1241 4926 1410 4995 Negat
1435 4925 1578 4979 enim
1623 4937 1838 4978 carnem
1871 4935 2082 4976 as~um-

501 5034 646 5094 plain
690 5021 758 5074 ab
795 5017 1083 5087 Uuigcuito
1109 5031 1173 5072 ex
1207 5025 1412 5070 natura:
1446 5022 1644 5070 nostrae
1671 5013 1858 5067 ordine
1882 5026 2072 5067 secun-

501 5119 631 5172 dum
685 5114 1122 5184 dispositionem,
1156 5109 1249 5165 sed
1292 5109 1359 5164 ab
1412 5109 1566 5163 initio
1594 5107 1736 5160 illam
1774 5105 1954 5160 carnis
1987 5119 2081 5158 ua-

503 5220 682 5261 turam
726 5205 780 5259 in
835 5203 969 5258 Filio
1000 5217 1140 5266 esse,
1170 5211 1222 5255 et
1251 5201 1538 5254 absurdam
1572 5199 1728 5254 istam
1773 5195 2079 5266 opinionem

497 5299 734 5371 quodam
770 5294 1042 5365 Evangelii
1075 5293 1384 5349 testimonio
1413 5306 1576 5362 prave
1607 5289 1880 5346 intellecto
1915 5303 2078 5342 cona-

499 5403 586 5446 tur
619 5391 975 5460 comprobare
1010 5409 1021 5441 :
1087 5386 1252 5441 Nemo
1311 5387 1471 5444 enim,
1540 5383 1734 5453 inquit,
1767 5383 1999 5436 ascendit
2027 5381 2079 5434 in

500 5487 720 5550 caelum,
753 5484 857 5537 nisi
884 5484 970 5553 qui
1003 5481 1270 5535 descendit
1305 5482 1368 5531 de
1399 5478 1548 5542 cozlo,
1588 5476 1761 5529 [filius
1787 5475 2011 5527 hominis
2035 5473 2077 5528 ⁸.

498 5579 577 5631 Ex
602 5579 686 5632 his
720 5576 945 5645 colligit,
970 5583 1023 5627 et
1045 5581 1330 5641 antequam
1352 5569 1724 5633 desoeudcret,
1765 5566 1956 5620 Flliilill
1981 5567 2081 5620 bo-

495 5670 662 5724 miuis
688 5669 982 5732 exstitisse,
1009 5678 1065 5722 et
1111 5683 1230 5720 cum
1279 5662 1635 5719 descenderet
1669 5661 1941 5732 propriam
1963 5676 2081 5712 rar-

571 5808 588 5838 ι
613 5805 811 5862 thes.
835 5821 920 5876 tu,
942 5806 998 5862 6.
1108 5805 1129 5836 ²
1161 5805 1178 5860 l
1211 5804 1337 5860 Cor.
1379 5818 1466 5867 xv,
1501 5801 1590 5856 49.

500 5893 587 5943 ιιι,
631 5878 710 5938 t5.

2113 4623 2161 4683 ο

1702 5801 1721 5833 ⁸
1751 5799 1913 5857 Join.
1957 5814 2019 5859 tt...
2045 5798 2136 5854 25.

2175 3263 2485 3338 ἐξηγεῖσθαι
2531 3267 2814 3339 (ἐντεῦθεν
2869 3271 2977 3341 γὰρ
3029 3270 3214 3336 αὐτοῖς
3251 3272 3280 3324 ὁ
3323 3271 3579 3342 δεύτερος
3630 3275 3756 3327 Ἰου-

2171 3356 2402 3429 δαῖσμὸς
2433 3358 2708 3431 ὥρμηται,
2745 3362 2839 3414 καὶ
2870 3364 2902 3433 ἠ
2945 3361 3216 3434 χιλιοέτης
3389 3365 3484 3417 καὶ
3513 3363 3757 3437 ληρώδης

2173 3449 2231 3501 ὲν
2258 3449 2338 3520 τῷ
2369 3452 2686 3523 παραδείσῳ
2711 3452 2909 3525 τρυφὴ,
2938 3454 3032 3507 καὶ
3062 3455 3249 3525 σχεδὸν
3283 3456 3342 3509 τὸ
3523 3456 3592 3509 τὰ
3621 3457 3760 3511 αὐτὰ

2174 3541 2336 3598 πάλιν
2373 3544 2466 3598 ἐπὶ
2495 3548 2610 3609 τοῖς
2636 3545 2819 3608 αὐτοῖς
2857 3547 3263 3619 ἀναλαμϐάνειν
3298 3551 3444 3620 ἡμᾶς
3467 3552 3507 3614 ),
3541 3551 3670 3602 ποτὲ
3699 3549 3752 3602 δὲ

2172 3633 2392 3707 δόκησιν
2420 3638 2620 3709 μᾶλλον
2648 3638 2959 3711 ῆὰλὴθειαν
2991 3641 3090 3711 τῆς
3131 3641 3334 3714 σαρκὸς
3377 3641 3642 3709 εἰσάγειν,
3681 3640 3752 3702 ὼς

2173 3727 2325 3782 οὐδὲν
2365 3729 2474 3783 τῶν
2499 3731 2784 3802 ἡμετέρων
2819 3731 3121 3804 παθούσης.
3153 3733 3273 3786 οὐδὲ
3311 3734 3411 3786 ὅσα
3447 3733 3546 3803 τῆς
3579 3732 3748 3801 ἁμαρ-

2172 3820 2296 3884 τίας
2335 3823 2481 3877 ἐστὶν
2519 3823 2802 3896 ἐλεύθερα,
2845 3826 2938 3879 καὶ
2983 3825 3288 3898 κεχρῆσθαι
3325 3827 3462 3897 πρὸς
3500 3825 3658 3879 τοῦτο
3684 3825 3744 3894 τῇ

2172 3913 2503 3986 ἀποστολικῇ
2559 3917 2749 3987 φωνῇ,
2799 3917 2901 3970 οὐκ
2948 3917 3324 3981 ἀποστολικῶς
3371 3916 3669 3986 νοουμένῃ,
3712 3913 3742 3981 ἢ

2171 4001 2462 4079 λεγομένῃ,
2489 4008 2546 4059 ἐν
2570 4007 2876 4079 ὁμοιώματι
2904 4009 3207 4080 ἀνθρώπων
3232 4009 3322 4062 τὸν
3345 4008 3574 4079 Σωτῆρα
3597 4004 3744 4077 ἡμῶν

2170 4096 2533 4165 γεγενῆσθαι,
2577 4097 2671 4150 καὶ
2717 4099 2958 4170 σχήματι
3009 4098 3273 4171 εὑρῆσθαι
3315 4097 3391 4160 ὠς
3445 4096 3744 4169 ἄνθρωπον,

2170 4183 2248 4247 ὡς
2281 4187 2394 4254 οὐχὶ
2442 4187 2534 4241 τοῦ
2581 4189 2924 4260 ἀνθρωπίνου
2971 4191 3146 4254 εἴδους
3200 4193 3257 4244 ὲν
3301 4191 3518 4252 τούτοις
3567 4187 3742 4256 δηλου-

2183 4272 2388 4344 μένου,
2447 4271 2750 4340 φαντασίας
2803 4272 2858 4326 δέ
2913 4289 3060 4337 τινος
3117 4271 3406 4343 ἀπατηλῆς
3457 4271 3552 4322 κα)⁸
3601 4267 3740 4336 δοκή-

2185 4381 2344 4428 σεως.

2398 4637 2510 4692 Τοῦ
2559 4635 2747 4691 αὐτοῦ
2777 4635 2847 4690 ἐκ
2889 4635 3000 4706 τῆς
3034 4636 3185 4705 πρὸς
3209 4637 3561 4705 Νεκτάριον.

2275 4731 2427 4801 Ἑμοὶ
2461 4731 2689 4784 πυκτίον
2722 4726 2884 4802 ἦλθεν
2925 4732 2983 4783 ἐν
3009 4731 3164 4801 χερσὶ
3188 4729 3281 4783 τοῦ
3331 4727 3744 4801 Ἀπολλιναρίου,

2190 4826 2246 4878 ἐν
2273 4817 2316 4892 ᾧ
2344 4823 2412 4876 τὰ
2461 4822 2978 4894 κατασκευαζόμενα
3027 4825 3202 4876 πᾶσαν
3250 4823 3528 4896 αἱρετικὴν
3567 4822 3744 4876 κακίαν

2191 4918 2544 4988 παρέρχεται.
2571 4915 2989 4969 Διαϐεϐαιοῦται
3013 4916 3118 4987 γὰρ
3167 4915 3242 4987 μὴ
3270 4917 3562 4987 ἐπίκτητον
3624 4909 3747 4967 εἶναι

2188 5009 2285 5082 τὴν
2326 5011 2504 5080 σάρκα
2539 5012 2660 5062 κατ’
2693 5011 3006 5081 οἰκονομίαν
3038 5011 3142 5064 ὑπὸ
3161 5012 3253 5064 τοῦ
3282 5011 3599 5080 μονογενοῦς
3628 5004 3750 5062 Υἱοῦ

2185 5102 2624 5174 προσληφθεῖσαν
2695 5103 2787 5156 ἐπὶ
2836 5101 3312 5173 μεταστοιχειὼσει
3384 5103 3485 5174 τῆς
3551 5101 3748 5170 φύσεως

2184 5196 2362 5267 ἡμῶν,
2390 5195 2503 5249 ἀλλ’
2537 5193 2595 5260 ἐξ
2631 5195 2804 5267 ἀρχῆς
2836 5197 2892 5249 ἐν
2923 5193 3000 5264 τῷ
3033 5194 3147 5265 Υἱῷ
3187 5194 3286 5266 τὴν
3325 5195 3574 5267 σαρκώδη
3615 5190 3747 5245 ἑκεί-

2182 5308 2278 5361 νην
2328 5289 2488 5358 φύσιν
2535 5285 2692 5354 εἶναι,
2726 5288 2821 5343 καὶ
2874 5287 3059 5350 κακῶς
3111 5287 3357 5342 ἐκλαϐὼν
3393 5285 3741 5357 εύαγγελεκήν

2183 5402 2306 5440 τινα
2357 5385 2514 5458 ρἧιν
2568 5385 2646 5448 είς
2707 5385 3011 5455 μαρτυρίαν
3052 5384 3153 5452 τῆς
3205 5381 3460 5454 τοιαύτης
3510 5379 3738 5442 ἀτοπίας,

2185 5473 2760 5545 προϐάλλεταιλέγων,
2784 5473 2866 5527 ὅτι
2902 5491 2920 5525 ι
2962 5473 3150 5537 Οὐδεὶς
3193 5471 3526 5543 ἀναϐέϐηκεν
3549 5472 3621 5534 είς
3655 5467 3738 5520 τὸν

2183 5567 2410 5639 οὐρανὸν
2471 5565 2621 5638 εἰμὴ
2669 5567 2695 5620 6
2747 5569 2810 5619 ἐκ
2862 5566 2956 5620 τοῦ
2995 5565 3227 5637 οὐρανοῦ
3282 5565 3592 5630 καταϐὰς,6
3622 5560 3737 5622 Υἱὸς

2186 5660 2277 5714 τοῦ
2311 5659 2599 5731 ἀνθρώπου
2627 5672 2643 5690 '
2683 5678 2700 5712 ι
2739 5659 2813 5724 ὡς
2841 5662 2934 5712 καὶ
2967 5664 3095 5731 πρὶν
3149 5659 3243 5713 τοῦ
3292 5658 3565 5713 κατελθεῖν
3589 5651 3733 5708 αὑτὸν

3542 5798 3560 5828 ⁸
3585 5793 3725 5849 Joztn.

2250 5796 2530 5857 ‘Birucb.
2585 5815 2666 5865 tn,
2713 5798 2804 5853 58.
2918 5800 2938 5830 ⁸
2987 5798 3214 5868 Philipp,
3276 5816 3333 5866 ιι,
3385 5801 3435 5855 7.
