3770 6590
409 419 517 486 921

1631 428 2014 489 ΕΗΤΠΥΜΙῘ
2054 429 2415 490 ZIGABENI

3535 435 3618 501 912

415 555 614 610 animat
652 564 681 606 a
715 562 940 618 corpore
968 545 1240 616 separatio
1275 561 1289 610 ;
1340 545 1689 616 vicissimque
1739 562 1985 603 resurre-

2092 553 2267 625 ψυχῆς
2299 554 2393 608 καὶ
2421 552 2673 624 σώματος
2695 555 3008 627 χωρισμόςο
3038 556 3130 610 καὶ
3155 556 3318 611 πάλιν
3349 560 3616 634 ἀνάστασις,

415 650 523 704 etio
553 655 638 704 est
668 645 733 700 ad
772 641 1044 714 propriam
1092 653 1315 694 carnem
1359 640 1584 695 reditus.
1639 640 1696 695 Si
1731 656 1891 712 ergo,
1937 651 1992 698 ut

415 742 684 798 baareseos
735 734 1073 804 antesignani
1133 733 1308 794 aiunt,
1365 733 1579 788 animas
1632 733 1769 788 duas
1817 749 1989 789 unus-

412 833 642 902 quisque
674 830 836 885 ltomo
862 829 1024 884 habet
1047 867 1063 893 ,
1086 825 1304 880 vitalem
1331 825 1608 881 scilicetet
1644 826 1984 891 rationalem,

411 935 466 979 ct
496 937 564 978 ne
593 936 719 977 caro
745 919 962 990 quidem
987 918 1193 987 absque
1219 916 1368 970 vitali
1405 917 1586 970 anima
1623 917 1848 988 cogitari
1885 935 1982 972 uu-

412 1028 570 1082 qnant
588 1019 761 1080 potest
783 1027 799 1076 ;
824 1025 946 1062 nam
965 1022 1180 1076 corpus,
1201 1021 1305 1061 non
1329 1021 1481 1071 caro,
1509 1006 1707 1076 inquit,
1731 1008 1872 1076 quod
1903 1018 1986 1062 est

414 1103 738 1176 huiusmodi,
771 1101 1072 1172 appellatur
1098 1116 1114 1165 ;
1139 1099 1250 1154 etsi
1288 1099 1487 1153 Petrus
1520 1100 1615 1166 ait,
1652 1115 1755 1154 non
1783 1116 1982 1170 corpus

409 1194 647 1258 Domini,
685 1193 778 1248 sed
831 1190 1042 1245 Domini
1097 1201 1319 1243 carnem
1368 1189 1509 1242 haud
1558 1190 1758 1244 vidisse
1802 1204 1985 1243 corru-

411 1289 669 1357 ptionem,
705 1298 878 1355 neque
907 1283 1143 1338 animam
1175 1282 1293 1352 ejus
1317 1281 1604 1336 in'inl'erno
1626 1281 1978 1346 derelictam,

409 1395 538 1433 sane
567 1387 781 1433 constat
811 1377 1026 1431 vitalem
1053 1376 1238 1446 (quam
1283 1375 1557 1444 quomodo
1602 1385 1851 1431 astruant
1890 1393 1978 1432 ne-

408 1469 541 1538 scio)
581 1469 862 1523 exstitisse
901 1469 954 1520 in
1018 1481 1182 1520 carne
1224 1476 1478 1534 corrupta
1534 1466 1772 1520 animam
1801 1507 1815 1532 ,
1863 1469 1982 1521 sine

407 1577 509 1628 qua
542 1577 608 1616 ne
639 1575 768 1616 caro
806 1561 1048 1628 quidem,
1108 1565 1167 1612 ιιι
1213 1557 1386 1622 aiunt,
1441 1559 1824 1626 appellaretur.
1874 1563 1980 1617 lm-

414 1646 661 1701 mortalis
687 1654 865 1699 autem
907 1654 959 1698 et
1005 1645 1314 1711 rationalis,
1370 1645 1458 1700 cui
1503 1645 1798 1701 animantis
1849 1649 1991 1717 regi-

408 1752 533 1790 men
589 1747 676 1792 est
731 1735 1126 1800 connuissum,’
1158 1752 1262 1791 non
1319 1746 1397 1792 est
1445 1735 1498 1792 itt
1559 1736 1770 1796 inferno
1827 1738 1991 1794 dere-

412 1831 564 1891 licta.
614 1830 708 1884 sed
763 1830 829 1883 ad
867 1845 1018 1884 suam
1056 1831 1220 1884 rediit
1267 1845 1486 1886 carnem
1525 1850 1536 1886 :
1572 1831 1803 1902 ideoque
1870 1831 1987 1888 fru-

413 1933 525 1974 stra
557 1931 828 1990 uagantur
870 1920 945 1982 hi,
995 1921 1084 1988 qui
1142 1920 1382 1975 iuanime
1425 1930 1480 1976 et
1518 1922 1744 1978 rationis
1794 1937 1991 1992 expers

411 2015 575 2070 tuisse
601 2015 789 2068 dicunt
820 2013 912 2067 Dei
951 2014 1111 2070 Verbi
1151 2015 1434 2084 templum.
1476 2013 1586 2071 Nos
1614 2026 1795 2072 autem
1829 2017 1990 2072 Petro

409 2107 772 2160 assentieiuur
833 2107 926 2174 qui
971 2118 1024 2161 et
1068 2121 1289 2161 carnem
1336 2107 1592 2174 praedicat
1645 2109 1991 2177 corruptione

407 2210 708 2265 expertem,
739 2207 794 2252 et
829 2199 1068 2252 animam
1115 2199 1167 2251 in
1219 2199 1432 2253 inferno
1481 2215 1590 2254 non
1645 2201 1989 2269 derelictam,

409 2292 501 2343 sed
537 2291 790 2344 reducem
817 2298 982 2359 atque
1023 2289 1089 2344 ad
1148 2305 1347 2359 corpus
1396 2306 1556 2344 suum
1613 2291 1987 2348 recollectam.

399 2383 695 2438 tit-edimus
733 2384 896 2438 etiam
931 2383 1158 2436 Domino
1191 2383 1290 2451 ipsi
1339 2383 1542 2438 dicenti
1577 2401 1590 2436 :
1631 2403 1649 2437 ι
1684 2383 1879 2442 Tristis
1912 2398 1993 2442 est

410 2477 589 2530 anima
637 2489 756 2530 mea
798 2489 970 2544 usque
1010 2475 1074 2528 ad
1122 2485 1350 2530 mortem
1423 2478 1476 2542 ¹;
1523 2495 1545 2551 ι
1591 2492 1713 2531 nam
1758 2479 1992 2533 tristitia:

409 2581 625 2622 sensum
657 2581 784 2635 pars
833 2578 1018 2622 nostra
1071 2567 1354 2622 rationalis
1383 2568 1606 2638 exeipit.
1659 2568 1810 2635 Quod
1858 2571 1902 2625 si
1939 2573 1988 2624 iu

411 2661 609 2713 mentis
655 2659 772 2713 loco
820 2658 962 2714 Dens
1007 2657 1246 2712 Verbum
1290 2660 1596 2727 CXSiSlCllS,
1641 2663 1840 2717 mentis
1870 2679 1990 2730 pas-

410 2751 588 2803 siones
608 2750 943 2820 cxcipiebat,
970 2751 1158 2821 utique
1187 2753 1357 2817 ipsum
1384 2750 1619 2808 Verbum
1645 2753 1988 2818 tristabatpr,

411 2841 704 2905 metuebat,
743 2840 1054 2911 ignorabat,
1090 2843 1417 2913 ngouimbat
1443 2883 1458 2908 ,
1501 2854 1554 2899 et
1600 2844 1843 2916 angelica
1883 2827 1990 2912 ope

408 2930 836 2987 eonlortabatur.
870 2931 985 2987 Jaut
1033 2933 1079 2988 si
1107 2937 1219 2990 inec
1245 2950 1461 3006 quoque
1492 2937 1675 2992 dicant
1711 2937 1991 3009 Apollina-

412 3027 575 3080 riauae
601 3026 846 3082 stultitim
886 3026 1146 3093 haeredes,
1169 3028 1201 3082 ii
1232 3031 1474 3096 profecto
1498 3045 1620 3084 cum
1666 3030 1867 3086 Christi
1897 3033 1990 3085 ho-

407 3117 582 3170 stibns
606 3119 739 3172 Ario
770 3128 930 3187 atque
1191 3119 1458 3175 Ennontio
1483 3123 1985 3179 collocentnrﬁam

405 3223 638 3276 quorum
677 3223 778 3279 par
829 3219 914 3264 est
961 3210 1298 3282 blasphemia
1330 3254 1344 3279 ,
1394 3216 1586 3268 horum
1649 3233 1812 3272 uuam
1867 3234 1989 3273 esse
2017 3216 2057 3269 (1

407 3299 756 3354 sodalitatem
785 3316 995 3370 aequum
1028 3314 1131 3358 εει.
1183 3303 1292 3357 Nos
1318 3321 1444 3362 vero
1481 3308 1764 3362 Dominum
1805 3310 1989 3365 dicen-

410 3400 517 3441 tem
593 3390 880 3444 audiamus
934 3407 947 3442 :
1005 3411 1022 3441 ι
1110 3391 1442 3448 Pntestatem
1507 3395 1679 3450 habeo
1752 3400 1986 3465 ponendi

385 3482 649 3542 animam
705 3496 904 3546 meam,
954 3493 1008 3536 et
1059 3491 1381 3551 potestatem
1436 3474 1610 3539 balteo
1647 3489 1840 3543 iterum
1896 3506 1987 3544 suo

415 3573 592 3628 tuendi
628 3589 786 3640 eam;
823 3589 981 3629 nemo
1017 3575 1155 3628 tollit
1187 3591 1303 3629 eam
1346 3593 1372 3628 a
1401 3593 1485 3632 me
1535 3579 1578 3632 ⁸.
1612 3599 1628 3629 ι
1655 3579 1898 3652 Namque
1920 3600 1988 3640 ex

413 3667 758 3722 sermonibus
811 3668 897 3722 his
945 3668 1203 3725 discimus
1273 3671 1436 3724 alium
1490 3687 1610 3726 esse
1653 3675 1743 3744 qui
1797 3678 1987 3745 ponit,

410 3756 553 3811 aliud
585 3759 723 3826 quod
757 3759 1129 3830 estpositum;
1166 3759 1439 3832 Deumque
1463 3778 1581 3818 esse
1612 3767 1702 3834 qui
1732 3769 1902 3836 ponit,
1936 3779 1989 3824 et

414 3852 503 3918 qui
542 3851 707 3906 sumit
736 3870 751 3918 ;
786 3852 1021 3905 animam
1047 3861 1226 3906 autem
1262 3864 1315 3908 et
1339 3857 1569 3922 positam
1596 3867 1647 3910 et
1673 3869 1982 3930 sumptam;

412 3951 465 3994 et
498 3941 586 3995 Dei
619 3943 836 4012 quidem
881 3958 1000 3998 esse
1039 3952 1382 4012 potestatem,
1417 3948 1649 4002 animam
1682 3959 1858 4006 autem
1889 3956 1988 4011 sub

426 4045 489 4082 t-a
523 4041 785 4100 potestate
819 4035 1069 4087 locatam.

403 4148 656 4217 Ejusdem
719 4163 780 4200 ex
837 4149 1072 4202 oratione
1126 4165 1286 4216 etiam
1342 4147 1622 4200 Theodosio
1671 4146 1982 4213 imperatori

1030 4222 1373 4288 nuncupavn.

406 4330 545 4386 Sunt
592 4333 683 4402 qui
742 4349 962 4389 carnem
1020 4332 1197 4389 Verbo
1247 4335 1456 4390 unitam
1495 4336 1676 4392 anima
1749 4337 1979 4392 rationis

402 4427 670 4495 participe
699 4426 1014 4482 destitutam
1043 4427 1311 4491 arbitrati,
1343 4427 1581 4484 Verbum
1631 4443 1796 4486 carne
1819 4473 1834 4492 .
1861 4446 1979 4498 quae

395 4515 612 4570 vitalem
642 4525 852 4572 tantum
882 4527 936 4572 et
987 4511 1247 4574 sénsilem
1297 4520 1597 4576 motionem
1639 4521 1828 4577 sortita
1888 4521 1980 4583 sit,

400 4608 653 4664 indutum
705 4609 1096 4666 introducunt:
1151 4619 1318 4666 totam
1379 4628 1510 4668 vero
1555 4615 1757 4670 mentis
1805 4625 1860 4669 et
1898 4616 1976 4668 in-

398 4701 690 4774 telligentis
741 4703 938 4757 anima:
967 4703 1076 4758 vim
1117 4704 1508 4776 energiamqne
1557 4705 1846 4778 Unigenito
1894 4718 1979 4762 at-

401 4793 686 4862 tribuunt;
727 4794 883 4848 fateri
934 4795 1082 4850 enim
1107 4835 1122 4860 ,
1165 4799 1354 4850 nescio
1390 4798 1666 4867 quomodo
1693 4808 1976 4862 verentur,

400 4884 635 4940 Verbum
666 4888 814 4941 carni
859 4888 1131 4952 humanae,
1164 4890 1343 4944 anima
1369 4891 1706 4961 intelligente
1737 4891 1979 4959 perit-rte

397 4987 452 5034 et
501 4977 796 5045 invl‘nrmate
859 4983 1162 5036 secundum
1239 4992 1492 5039 naturam
1549 4984 1762 5038 unitum
1835 4999 1979 5040 esse.

406 5070 622 5137 Verum,
668 5072 798 5126 dum
859 5073 927 5128 ita
981 5075 1456 5146 philosophantur,
1495 5077 1734 5145 antiquae
1763 5086 1816 5131 et
1849 5079 1977 5132 olint

401 5163 614 5219 tradita:
648 5164 770 5218 ﬁdei
795 5166 1064 5221 rationem
1093 5169 1324 5223 omnino
1365 5170 1668 5239 negligant,
1705 5180 1757 5224 et
1787 5173 1981 5226 volun-

399 5257 525 5311 tatis
573 5271 688 5312 sum
731 5258 942 5328 judicio
995 5260 1136 5315 male
1195 5277 1331 5314 sano
1367 5264 1468 5330 (ut
1516 5264 1658 5331 quod
1718 5265 1982 5320 humanas

400 5359 605 5405 tantum
644 5355 882 5412 rationes
920 5366 974 5411 et
1008 5357 1352 5427 conjecturas
1385 5357 1541 5426 sequi
1587 5359 1782 5431 soleat)
1816 5375 1982 5429 prave

399 5440 594 5506 innixi,
645 5453 806 5503 secus
855 5455 1017 5517 quam
1053 5463 1243 5502 revera
1293 5461 1629 5519 oportuerat,
1686 5454 1983 5522 sapiuutct

397 5546 666 5593 sentiunt.
699 5538 765 5593 Et
801 5556 1072 5611 quaenam,
1110 5543 1360 5606 obsecro,
1396 5546 1666 5616 dogmatis
1694 5549 1857 5617 hujus
1897 5558 1982 5604 est

397 5629 576 5684 ratio?
626 5631 830 5688 Dicam.
869 5633 1220 5689 Mediatorem
1257 5636 1348 5690 Dei
1389 5645 1442 5690 et
1498 5639 1839 5705 hominum”,
1881 5644 1982 5697 hoe

475 5849 492 5880 ⁸
528 5849 717 5906 Matth.
757 5871 901 5922 xxvi,
937 5858 1026 5912 58.
1096 5858 1113 5886 ²
1139 5855 1299 5912 Joan.
1339 5875 1390 5924 ς,
1435 5858 1514 5914 18.
1591 5863 1609 5893 ³
1651 5861 1833 5918 lTiut.
1866 5877 1920 5930 ιι,
1957 5862 2010 5915 5.

2019 1889 2056 1943 Β

2091 647 2228 718 πρὸς
2262 646 2360 716 τὴν
2391 644 2568 716 σάρκα
2597 645 2698 717 τὴν
2725 646 2936 698 οἰκείαν
2964 647 3223 710 ἐπάνοδος
3243 666 3256 680 ·
3295 651 3343 702 εί
3362 653 3544 718 τοίνυν,
3563 658 3618 714 ὥς

2087 756 2248 810 φασιν
2268 739 2318 790 οἱ
2349 737 2450 806 τῆς
2476 736 2742 808 αἱρέσεως
2770 738 3094 804 προστάται,
3125 738 3304 808 ψυχάς
3331 739 3421 794 δύο
3439 745 3534 798 τῶν
3553 746 3618 800 ἀν‹

2084 829 2318 900 θρώπων
2356 830 2590 893 ἕκαστος
2615 829 2751 900 ἔχει,
2776 830 2879 899 τήν
2904 847 2965 882 τε
2997 828 3260 902 ζωτικὴν,
3292 833 3384 885 καὶ
3402 834 3494 905 τὴν
3517 836 3619 907 λογι.

2090 921 2212 992 xli".
2242 921 2336 974 καὶ
2379 921 2517 993 σὰρξ
2549 922 2678 977 ἄνευ
2713 921 2892 991 ψυχῆς
2929 922 3029 975 οὐκ
3055 923 3120 976 ἄν
3155 941 3286 977 ποτε
3326 926 3527 997 νοηθείη
3549 930 3626 998 τῆς

2091 1013 2327 1083 ζωτικῆς
2385 1013 2572 1084 (σῶμα
2597 1014 2728 1086 γὰρ,
2757 1015 2872 1068 ἀλλ’
2903 1015 2962 1068 σὺ
2999 1014 3153 1085 σάρξ,
3176 1015 3329 1085 φησὶ,
3347 1017 3406 1068 τὺ
3428 1020 3630 1072 τοιοῦτον

2091 1105 2607 1175 ¹προσαγορεύεται)”
2629 1107 2837 1178 Πέτρος
2862 1107 2916 1160 δὲ
2945 1107 3068 1178 ἔφη,
3096 1108 3156 1160 οὺ
3180 1108 3241 1160 τὸ
3266 1108 3420 1178 σῶμα
3438 1109 3523 1163 τοῦ
3543 1113 3630 1165 Ka-

2095 1196 2232 1265 ρίου,
2270 1195 2404 1250 ἀλλὰ
2438 1198 2538 1266 τὴν
2577 1198 2757 1270 σάρκα
2789 1198 2884 1251 τοῦ
2925 1199 3130 1270 Κυρίου
3164 1198 3237 1269 μὴ
3286 1201 3410 1252 ἰδεῖν
3445 1201 3630 1270 διαφθο-

2093 1285 2214 1356 ρὰν,
2258 1286 2353 1340 καὶ
2381 1287 2480 1357 τὴν
2516 1288 2697 1359 ψυχὴν
2739 1290 2904 1343 αὐτοῦ
2957 1290 3031 1362 μὴ
3060 1290 3539 1360 ἐγκαταλειφθῆναι
3569 1298 3631 1359 εἰς

2091 1376 2242 1447 ᾇδου·
2278 1376 2501 1447 εὔδηλον
2532 1380 2607 1443 ὡς
2640 1381 2738 1451 τὴν
2762 1382 2858 1451 μὲν
2890 1380 3149 1453 ζωτικὴν,
3189 1381 3258 1452 ἣν
3281 1382 3381 1434 οὐκ
3407 1378 3631 1448 οἷδ’ὃπως

2091 1466 2357 1534 λέγουσιν,
2387 1464 2533 1538 εῖχεν
2556 1471 2587 1540 ἡ
2623 1470 2984 1541 διαφθαρεῖσα
3023 1471 3180 1541 σὰρξ,
3223 1467 3294 1541 ἧς
3317 1472 3444 1525 ἄνευ
3469 1473 3557 1524 οὐκ
3579 1475 3632 1527 ἂν

2090 1559 2582 1632 προσαγορευθείη,
2616 1559 2691 1623 ὥς
2721 1577 2876 1629 φασι,
2910 1562 3077 1632 σάρξ·
3113 1564 3146 1632 ἡ
3192 1563 3250 1616 δὲ
3284 1561 3541 1627 ἀθάνατος
3561 1569 3634 1620 καί

2096 1652 2286 1723 λογικὴ
2325 1649 2420 1702 καὶ
2451 1647 2544 1701 τοῦ
2575 1645 2714 1710 ζῶον
2761 1646 2858 1715 τὴν
2893 1646 3188 1716 ἡγεμονίαν
3235 1645 3631 1714 πεπιστευμένη,

2082 1747 2143 1801 οὐ
2174 1741 2502 1813 κατελείφθη
2527 1743 2606 1803 είς
2628 1739 2776 1811 ᾅδου,
2802 1738 2937 1793 ἀλλὰ
2959 1739 3092 1810 πρὸς
3127 1737 3228 1806 τὴν
3255 1735 3461 1788 οἰκείαν
3491 1737 3629 1788 ὲπαν·

2083 1838 2187 1909 ἧκε
2251 1835 2463 1906 σάρκα’
2527 1835 2622 1886 καὶ
2682 1833 2857 1902 μάτην
2910 1827 3326 1898 ἁδολεσχοῦσιν,
3383 1825 3626 1896 ἄψυχονῆ

2083 1932 2244 1985 ἄνουν
2274 1927 2368 1981 τοῦ
2415 1923 2552 1978 Θεοῦ
2600 1924 2775 1991 Λόγου
2811 1921 2902 1975 τὸν
2947 1920 3071 1973 ναὸν
3138 1918 3626 1991 προσαγορεύοντες,

2094 2022 2286 2092 Ἡμεῖς
2307 2019 2365 2071 δὲ
2397 2017 2587 2087 Πέτρῳ
2615 2013 2881 2084 ἑψόμεθα,
2905 2012 3000 2066 καί
3024 2012 3203 2081 σάρκα
3233 2009 3541 2079 κηρύττοντι
3567 2012 3626 2080 μὴ

2081 2111 2379 2181 δεξαμένην
2405 2107 2723 2178 διαφθοράν,
2762 2106 2856 2158 καὶ
2891 2104 3068 2174 ψυχὴν
3103 2104 3177 2173 μὴ
3209 2101 3625 2171 καταλειφθεῖσαν

2085 2207 2162 2268 εἰς
2189 2204 2334 2275 ᾆδον,
2378 2201 2492 2254 ἀλλ’
2525 2197 2927 2253 ἐπανελθοῦσαν
2960 2198 3051 2250 καὶ
3095 2196 3173 2266 τῷ
3227 2193 3411 2264 οἰκείῳ
3447 2195 3626 2264 σώματι

2090 2294 2450 2363 συναφοεῖσαν
2469 2309 2482 2321 ·
2514 2289 2840 2359 πιστεύομεν
2867 2289 2924 2340 δὲ
2956 2287 3048 2340 καὶ
3082 2285 3234 2356 αὐτῷ
3261 2287 3337 2356 τῷ
3358 2286 3531 2356 Κυρίῳ
3557 2287 3628 2338 λέ-

2089 2404 2264 2454 γοντι·
2302 2405 2320 2436 ι
2346 2383 2648 2454 Περίλυπός
2672 2385 2819 2434 ἐστιν
2846 2382 2880 2451 ἡ
2914 2379 3059 2449 ψυχή
3097 2397 3196 2449 μου
3225 2379 3330 2440 ἕως
3355 2377 3578 2431 θανάτου.
3607 2398 3627 2428 ι

2089 2479 2200 2548 Τῆς
2227 2477 2335 2548 γὰρ
2365 2476 2539 2545 λύπης
2564 2474 2660 2544 τὴν
2683 2472 2932 2543 αἴσθησιν
2961 2472 3019 2523 τι
3050 2473 3106 2524 ὲν
3133 2473 3269 2541 ἡμῖν
3297 2470 3499 2538 λογικὸν
3517 2471 3628 2521 ὑπο-

2088 2569 2332 2639 δέχεται⁶
2369 2569 2418 2620 εί
2469 2566 2526 2619 δὲ
2567 2565 2688 2620 ἀντὶ¹
2725 2563 2814 2616 νοῦ
2855 2564 2884 2615 6
2915 2563 3044 2626 Θεὸς
3090 2564 3262 2630 Λόγος
3294 2561 3557 2632 ὑπάρχων,
3575 2561 3632 2613 τὰ

2089 2659 2181 2712 τοῦ
2212 2657 2304 2712 νοῦ
2337 2657 2658 2726 κατεδέχετο
2695 2653 2862 2724 πάθη,
2900 2653 3061 2715 αὐτὸς
3100 2648 3168 2722 ἦν
3197 2654 3225 2705 ὁ
3253 2651 3523 2720 λυπηθεὶς,
3554 2654 3632 2703 καί

2089 2749 2368 2820 φοϐηθεὶς,
2407 2748 2501 2801 καὶ
2541 2747 2838 2816 ἀγνοήσας,
2865 2745 2959 2797 καὶ
3007 2743 3343 2811 ἀγωνιάσας,
3377 2744 3465 2795 καὶ
3488 2744 3630 2808 ἀγγε-

2087 2844 2213 2913 λικῇ
2238 2840 2523 2911 συμμαχία
2553 2838 2779 2910 ρωσθείς
2803 2855 2814 2868 ·
2845 2840 2894 2888 εί
2926 2836 2980 2889 δὲ
3009 2837 3102 2888 καὶ
3126 2835 3301 2888 ταῦτα
3330 2837 3569 2905 φήσουσιν
3592 2834 3631 2885 οἱ

2091 2935 2185 3002 τῆς
2234 2928 2608 2998 Ἀπολιναρίου
2670 2924 3056 2997 ματαιολογίας
3106 2923 3472 2994 κληρονόμοι,
3519 2923 3633 2991 μετὰ

2103 3023 2314 3094 Ἀρείου
2337 3023 2430 3074 καὶ
2456 3019 2720 3090 Εὐνομίου
2745 3016 2850 3070 τῶν
2876 3018 3257 3089 χριστομάχων
3278 3014 3631 3084 ταχθήτωσαν·

2091 3111 2164 3168 ὧν
2199 3115 2306 3186 γὰρ
2361 3115 2450 3182 ίση
2505 3115 2537 3182 ἡ
2593 3109 2930 3181 βλασφημία,
2963 3107 3166 3159 τούτων
3204 3107 3338 3176 μίαν
3386 3100 3512 3158 εἶναι
3555 3104 3637 3172 τὴν

2096 3208 2334 3279 ἑταιρίαν
2363 3207 2570 3258 δίκαιον
2616 3221 2629 3235 ο
2734 3203 2896 3271 ἡμεῖς
2916 3199 2968 3251 δὲ
2996 3199 3324 3267 ἀκούσωμεν
3345 3195 3434 3249 τοῦ
3458 3195 3638 3264 Κυρίου

2094 3302 2344 3364 λέγοντος
2366 3317 2377 3330 ’
2409 3318 2425 3350 ι
2464 3296 2742 3360 Ἑξουσίαν
2770 3294 2877 3362 ἔχω
2903 3292 3071 3343 θεῖναι
3099 3291 3195 3361 τὴν
3219 3291 3397 3360 ψυχήν
3427 3308 3538 3360 μου,
3561 3288 3642 3340 καὶ

2095 3391 2342 3459 ἐξουσίαν
2372 3389 2478 3459 ἔχω
2502 3387 2662 3441 πάλιν
2686 3386 2870 3439 λαϐεῖν
2897 3386 3068 3454 αὑτήν
3092 3399 3106 3414 ο
3136 3383 3310 3445 οὐδεὶς
3339 3382 3473 3451 αἴρει
3496 3380 3643 3446 αὐτὴν

2095 3485 2188 3538 ἀπ’
2212 3481 2365 3552 ἐμοῦ.
2394 3498 2413 3532 ι
2456 3481 2549 3531 Ἐκ
2579 3480 2686 3549 γὰρ
2715 3477 2822 3530 τῶν
2852 3476 3026 3544 λόγων
3050 3475 3257 3526 τούτων
3287 3471 3638 3544 μαθησόμεθα,

2094 3578 2168 3640 ὡς
2204 3577 2390 3646 ἕτερος
2419 3573 2516 3643 μὲν
2545 3573 2572 3624 6
2602 3571 2796 3634 τιθεὶς,
2832 3571 3018 3641 ἕτερον
3042 3569 3099 3621 δὲ
3137 3568 3194 3620 τὸ
3229 3567 3504 3637 τιθέμενον
3525 3581 3536 3595 ·
3563 3564 3644 3617 καὶ

2096 3669 2226 3732 Θεὸς
2261 3668 2356 3738 μὲν
2385 3667 2412 3720 6
2433 3665 2602 3728 τιθεὶς
2631 3665 2724 3717 κού⁸
2743 3662 3054 3731 λαμϐάνων,
3082 3661 3230 3730 ψυχὴ
3259 3659 3316 3712 δὲ
3351 3663 3384 3729 ἡ
3414 3657 3645 3727 τιθεμένη

2097 3763 2190 3814 κάι
2219 3756 2636 3830 λαμϐανομένηο
2671 3757 2762 3808 καὶ
2789 3753 2918 3818 Θεὸς
2955 3754 3050 3823 μὲν
3082 3753 3180 3822 τὴν
3217 3751 3462 3816 ἐξουσίαν
3505 3749 3643 3818 ἔχων,

2096 3852 2239 3923 ψυχὴ
2266 3852 2321 3905 δὲ
2357 3854 2388 3922 ﬂ
2417 3849 2522 3902 ὑπό
2545 3847 2643 3920 τὴν
2667 3846 2912 3913 ἐξουσίαν
2941 3845 3158 3914 ἐκείνην
3198 3843 3520 3914 τεταγμένη.

2093 4145 2200 4197 7οῦ
2230 4147 2418 4200 αὐτοῦ
2453 4148 2522 4200 ἐκ
2568 4147 2674 4201 τοῦ
2704 4149 2854 4215 πρὸς
2905 4148 3013 4199 τὸν
3046 4143 3324 4227 ,ϐασιλέα
3357 4143 3662 4197 Θεοδόσιον

2623 4234 3156 4287 προσφωνητικου.

2156 4334 2275 4386 Εἰσί
2312 4351 2457 4398 τινες
2480 4336 2530 4388 οἶ
2568 4333 2834 4404 τητᾶσθαι
2866 4334 3086 4399 λέγουσι
3113 4333 3294 4404 ψυχῆς
3322 4332 3546 4402 λογικῆς
3571 4329 3664 4399 τὴν

2087 4429 2381 4484 ἐνωθεῖσαν
2412 4429 2490 4499 τῷ
2509 4430 2665 4500 Λόγῳ
2690 4429 2890 4501 σάρκα.
2914 4429 3086 4498 Σαρκὶ
3109 4427 3218 4496 γάρ
3251 4443 3356 4480 που
3385 4426 3556 4497 μόνην
3577 4423 3672 4490 τὴν

2019 4542 2062 4594 ῃ
2091 4525 2330 4593 ζωτικὴν
2362 4541 2419 4577 τε
2443 4525 2538 4578 καὶ
2561 4523 2889 4593 αἰσθητικὴν
2921 4522 3162 4593 λαχούσῃ
3194 4521 3411 4592 κίνησιν
3447 4519 3673 4587 ἀμφιεν-

2092 4618 2278 4680 νύντες
2309 4617 2402 4671 τὸν
2421 4617 2614 4685 Λόγον,
2644 4615 3057 4688 παραφέρουσιν
3084 4616 3165 4676 εἰς
3201 4615 3433 4683 κόσμον,
3459 4614 3562 4681 τὴν
3585 4609 3673 4661 νοῦ

2091 4717 2180 4768 καί
2201 4713 2386 4784 ψυχῆς
2414 4714 2700 4784 ἐνέργειαν
2723 4713 3092 4777 ἀπονέμοντες
3115 4711 3193 4782 τῷ
3219 4713 3543 4778 Μονογενεῖ.
3568 4711 3678 4762 Ra-

2090 4809 2466 4878 ταπεφρίκασι
2499 4809 2628 4878 γὰρ,
2662 4807 2764 4860 οὐκ
2796 4803 2894 4860 οἷδ’
2929 4807 3102 4871 ὅπως,
3132 4805 3453 4877 ψυχωοείσῃ
3485 4805 3677 4872 λογικῇ

2086 4903 2231 4972 ψυχῇ
2274 4906 2340 4973 τῇ
2373 4902 2693 4974 ἀνθρωπίνῃ
2744 4901 2908 4970 στρκὶ
2935 4901 3077 4953 κατὰ
3110 4901 3277 4970 φύσιν
3309 4900 3560 4967 ἡνῶσθαι
3594 4901 3679 4950 τῆν

2088 4995 2260 5063 Λόγον
2294 4994 2586 5064 ὁμολογεῖν
2605 5010 2618 5024 ο
2661 4995 2762 5062 τῆς
2798 4992 2898 5062 μὲν
2929 4991 3138 5046 ἄνωθέν
3169 5009 3226 5044 τε
3256 4992 3352 5044 καὶ
3382 4989 3676 5062 ἀρχαιοτά-

2089 5105 2187 5157 της
2217 5088 2454 5149 πίστεως
2477 5086 2576 5158 τὴν
2605 5086 2912 5156 παράδοσιν
2938 5085 3123 5153 ὀλίγου
3153 5083 3443 5147 παντελῶς
3469 5083 3683 5147 ἀξιοῦνο

2089 5198 2178 5244 τες
2209 5180 2392 5249 λόγου,
2413 5179 2632 5250 θελήσει
2656 5179 2713 5232 δὲ
2747 5179 2886 5251 μόνῃ
2918 5181 2984 5250 τῇ
3021 5178 3162 5231 κατὰ
3191 5179 3337 5248 σφᾶς
3362 5167 3574 5239 αὐτοὺς
3598 5179 3683 5229 καὶ

2089 5275 2199 5337 τοῖς
2240 5273 2606 5346 ἀνθρωπίνοις
2657 5273 2768 5325 δεῖν
2820 5272 3052 5325 ἕπεσθαι
3095 5272 3410 5339 λογισμοῖς,
3448 5271 3681 5340 ἀμαθῶς

2085 5367 2376 5438 ᾑρημένοι,
2398 5367 2493 5421 καὶ
2518 5366 2849 5437 φρονοῦντες
2871 5364 3090 5434 ἀληθῶς
3114 5366 3248 5434 παρ’
3273 5367 3301 5419 δ
3325 5367 3408 5418 δεῖ
3430 5368 3678 5434 φρονεῖν.

2089 5462 2196 5515 Καὶ
2231 5460 2312 5520 τίς
2350 5464 2378 5516 6
2407 5461 2565 5526 λόγος
2607 5459 2793 5523 αὐτοῖς
2838 5460 2934 5512 τοῦ
2967 5460 3177 5513 τοιοῦδε
3229 5459 3540 5529 δόγματος,

2089 5554 2300 5623 φράσω.
2335 5553 2441 5607 Τὸν
2469 5551 2604 5606 Θεοῦ
2649 5551 2879 5622 μεσίτην
2917 5554 3010 5604 καί
3039 5552 3370 5622 ἀνθρώπιον,
3412 5555 3568 5605 κατὰ
3599 5554 3690 5612 τὶς

3583 5461 3686 5527 ἐγὼ

2089 5646 2334 5715 Γραφὸς,
2373 5645 2696 5708 συγκεῖσθαι
2723 5664 2908 5714 φαμεν
2947 5645 3010 5699 ἔκ
3041 5663 3102 5698 τε
3129 5645 3222 5715 τῆς
3252 5643 3379 5699 καθ’
3411 5646 3575 5714 ἡμᾶς
3602 5649 3690 5700 ἀν-
