3968 6576
252 485 359 548 913

1185 485 1559 547 PANOPLL-t
1600 487 2056 552 noonmea.
2093 516 2160 582 -ῖ
2197 491 2346 550 'l‘lT.
2392 492 2544 555 xw.

3399 487 3502 552 9ιὶ

254 635 605 707 θρωπότητος
644 633 862 694 τελείως
892 633 1121 704 ἐχούσης
1156 633 1297 687 κατὰ
1346 633 1433 685 τὸν
1470 633 1598 685 ἴδιον
1647 634 1822 700 λόγον,

1939 646 2014 688 est
2047 635 2342 699 Christum,
2372 651 2436 687 ex
2472 634 2803 686 lininanitate
2853 633 3092 687 numeris
3133 633 3383 686 omnibus
3415 647 3502 686 se-

254 729 348 781 καὶ
397 732 459 780 ἐκ
513 727 605 780 τοῦ
662 725 962 796 πεφηνότος
1013 725 1076 778 ἐκ
1124 725 1258 776 Θεοῦ
1307 726 1446 777 κατὰ
1479 727 1636 794 φύσιν
1673 725 1824 790 Υἱοῦ,

253 819 497 873 τουτέστι
522 818 616 871 τοῦ
645 817 1000 886 Μονογενοῦς.
1034 818 1498 888 Διαϐεϐαιούμεθα
1529 818 1583 870 δὲ
1616 819 1828 872 σύνοδον

255 911 357 982 μέν
387 930 526 976 τινα,
559 911 650 964 καὶ
693 910 788 980 τὴν
836 910 973 980 ὑπὲρ
1006 909 1160 976 λόγον
1187 911 1509 980 συνδρομὴν,
1537 912 1614 972 είς
1637 911 1828 963 ἕνωσιν

251 1006 455 1058 ἀνίσων
497 1022 555 1056 τε
591 1004 681 1056 καὶ
711 1002 975 1072 ἀνομοίων
1005 1003 1317 1072 πεπρᾶχθαι
1356 1003 1734 1072 φύσεων.“Ενα
1774 1004 1830 1057 δ’

251 1092 347 1148 οὖν
399 1096 546 1164 ὅμως
613 1092 870 1164 Χριστὸν,
910 1094 1003 1146 καὶ
1047 1094 1250 1164 Κύριον
1290 1094 1514 1165 Ἰησοῦν,
1555 1095 1646 1148 καὶ
1703 1095 1829 1148 Υἰὸν

251 1187 618 1256 ὀνομάζεσθαι
675 1187 1129 1256 ἐπιγινώσκομεν,
1169 1189 1225 1239 ἐν
1282 1187 1465 1258 ταυτῷ
1511 1190 1606 1240 καὶ
1661 1189 1834 1259 ὑπάρ-

251 1298 438 1351 χοντα,
474 1281 567 1332 καὶ
616 1278 903 1349 νοούμενον
947 1279 1078 1332 Θεὸν
1123 1297 1182 1332 τε
1230 1278 1366 1348 ὁμοῦ
1396 1280 1490 1331 καὶ
1523 1280 1829 1353 ἄνθρωπον.

265 1373 658 1426 Ἀδιάσπαστον
697 1372 752 1424 δὲ
792 1371 1072 1434 παντελῶς
1100 1371 1198 1441 τὴν
1230 1371 1422 1426 ἕνωσιν
1449 1372 1724 1444 διατηρεῖν
1754 1375 1832 1427 εί-

251 1462 512 1533 θίσμεθα,
541 1463 630 1515 τὸν
660 1462 823 1515 αὑτὸν
858 1457 995 1515 εἶναι
1030 1462 1122 1516 καὶ
1153 1463 1436 1532 Μονογενῆ
1465 1464 1833 1528 πιστεύοντες,

252 1555 352 1606 καὶ
401 1553 767 1622 πρωτότοκον·
821 1551 1095 1622 Μονογενῆ
1150 1552 1266 1621 μὲν,
1300 1553 1374 1615 ὡς
1431 1553 1564 1606 Θεοῦ
1627 1555 1836 1623 Πατρὸς

250 1647 450 1713 Λόγον,
492 1646 586 1698 καὶ
613 1645 678 1698 ἐκ
709 1645 807 1715 τῆς
836 1644 1019 1708 οῦπίας
1057 1645 1221 1698 αὑτοῦ
1263 1645 1577 1716 πεφηνότα·
1613 1648 1828 1716 πρωτὸ-

249 1757 416 1791 τοκον
453 1740 498 1790 δ’
528 1733 618 1801 αῦ,
649 1737 782 1790 καθὸ
816 1739 1039 1806 γέγονεν
1068 1736 1372 1807 ἄνθρωπος,
1410 1739 1503 1790 καὶ
1533 1739 1588 1790 ἐν
1615 1737 1832 1799 πολλοῖς

250 1830 745 1900 ἀδελφοῖς.”Ωσπερ
780 1829 888 1900 γὰρ
920 1825 998 1892 εἷς
1046 1832 1161 1882 ἐστι
1194 1828 1327 1891 Θεὸς
1355 1831 1382 1882 ὁ
1415 1829 1622 1899 Πατὴρ,
1668 1829 1727 1894 ἐξ
1769 1821 1830 1881 οὗ

1934 728 2164 780 cundum
2210 729 2479 796 propriam
2540 727 2799 781 rationem
2861 731 3095 795 perfecta
3154 736 3206 780 et
3257 727 3497 779 absoluta

1936 817 2272 885 naturalique
2321 818 2409 871 Dei
2448 818 2607 883 Filio,
2654 821 2751 872 hoc
2794 829 2874 873 cst
2906 817 3213 889 Uuigenito,
3241 819 3499 871 constitu-

1938 923 2073 972 tum,
2111 911 2408 980 Scripturis
2443 912 2826 966 conveniemcr
2855 913 3225 981 prmdicauius.
3257 911 3469 964 Aﬂiruia
3492 941 3502 949 ο

1888 1022 1906 1032 -
1938 1019 2054 1055 mus
2093 1012 2272 1055 autem
2303 1014 2520 1067 naturas
2545 1003 2811 1072 dispares,
2840 1018 2901 1056 ae
2928 1002 3068 1056 inter
3107 1017 3164 1057 se
3192 1001 3499 1062 dissimiles.

1936 1097 2167 1164 quadam
2222 1086 2456 1151 coitione
2503 1105 2555 1150 et
2598 1111 2864 1149 concursu
2894 1096 2983 1162 qui
3035 1095 3210 1148 verbis
3245 1096 3500 1163 explicari

1938 1202 2040 1240 non
2073 1196 2267 1256 potest,
2297 1188 2345 1240 in
2377 1202 2538 1240 unum
2573 1187 2911 1242 convenisse.
2941 1185 3296 1255 Aguoscimus
3327 1195 3500 1239 tamen

1932 1293 2096 1332 unum
2269 1277 2565 1343 Christum,
2587 1289 2637 1331 et
2663 1277 2945 1332 Dominum
2979 1276 3183 1340 Jesum,
3217 1289 3269 1329 et
3304 1277 3497 1329 Filium

1932 1377 2218 1435 voeatum;
2261 1371 2456 1440 qttippe
2487 1385 2605 1424 cum
2631 1370 2788 1424 simul
2818 1367 2958 1422 Deus
2985 1379 3036 1421 et
3074 1369 3234 1421 homo
3278 1371 3502 1422 exsistat

1936 1463 2209 1534 utentique
2258 1480 2315 1520 se
2371 1465 2583 1519 oil‘erat.
2613 1463 2825 1518 Etenim
2872 1464 2998 1517 unio
3054 1465 3138 1517 illa
3189 1477 3504 1518 naturarum

1935 1573 2105 1625 usque
2163 1560 2297 1620 adeo
2351 1558 2624 1613 individua
2687 1559 3060 1628 indivnlsaque
3112 1569 3196 1613 est
3239 1570 3296 1613 ut
3344 1555 3520 1613 unum

1938 1648 2294 1716 cumdemque
2355 1649 2690 1719 unigenitum
2751 1651 2912 1704 simul
2975 1661 3027 1704 et
3092 1650 3504 1720 primogenitum

1939 1737 2259 1790 credamus:
2296 1736 2628 1806 unigenitum
2665 1740 2902 1808 quidem,
2931 1751 3182 1810 tauquam
3221 1742 3307 1794 Dei
3336 1739 3509 1793 Patris

1939 1826 2196 1893 Verbum,
2224 1845 2285 1881 ex
2316 1829 2457 1885 illius
2483 1829 2787 1886 substantia
2831 1845 3050 1898 natum;
3086 1832 3504 1902 primogenitum

249 1922 324 1974 τὰ
359 1923 533 1974 πάντα
556 1937 568 1950 ’
601 1919 742 1973 οὕτω
769 1921 861 1973 καὶ
887 1916 967 1984 εἷς
1001 1919 1203 1990 Κύριος
1241 1919 1448 1990 Ἰησοῦς
1478 1919 1731 1989 Χριστὸς,
1759 1920 1837 1973 δι’

1939 1934 2083 1988 vero,
2118 1931 2381 1990 quatenus
2429 1923 2568 1977 inter
2603 1923 2798 1978 multos
2826 1924 3024 1978 fratres
3072 1926 3231 1979 homo
3261 1925 3507 1980 exstitit:

248 2011 316 2070 οὗ
344 2016 409 2067 ea
440 2016 632 2067 πάντα.
660 2013 792 2066 Θεὸν
822 2014 929 2084 γὰρ
959 2014 1086 2066 ὂντα
1115 2013 1255 2066 κατὰ
1283 2011 1442 2080 φύσιν
1475 2012 1834 2080 ἐπιγινώσκο-

253 2124 362 2175 μεν
399 2107 489 2158 τὸν
529 2106 594 2159 δι’
627 2098 688 2160 οὗ
715 2106 782 2158 τὰ
814 2107 1009 2168 πάντα,
1039 2105 1232 2173 Λόγον,
1261 2106 1354 2158 καὶ
1386 2107 1434 2158 εί
1460 2103 1648 2173 γέγονε
1679 2105 1834 2177 σὰρξ,

249 2195 537 2248 τουτέστιν
563 2194 660 2249 ἄνθ
669 2211 868 2262 ρωπος.

250 2287 402 2356 quod
447 2287 623 2340 omnia
672 2292 998 2349 censistnut,
1028 2285 1326 2339 secundum
1369 2294 1615 2338 naturam
1658 2286 1820 2339 Deum
1863 2299 1983 2338 esse
2004 2287 2270 2348 novimus,
2307 2289 2518 2343 etiamsi
2562 2305 2708 2356 caro,

250 2395 319 2438 es
327 2388 365 2433 ι.

486 2471 624 2524 Ἀλλ’
655 2470 771 2526 οὔτι
800 2488 900 2523 που
931 2470 1132 2541 σφόδρα
1160 2473 1278 2533 ταῖς
1306 2472 1362 2522 ἐν
1387 2473 1517 2542 ἡμῖν
1547 2471 1673 2540 περὶ
1711 2468 1828 2522 τού-

250 2583 356 2620 του
403 2551 584 2631 δόξαις
631 2567 699 2618 τά
745 2565 970 2617 ἐκείνων
1025 2565 1524 2634 συμφέρεται.Ἕνα
1577 2563 1673 2634 μὲν
1728 2563 1835 2633 γὰρ

251 2657 709 2728 ὁμολογουμένως
778 2656 1172 2727 παραδέχονται
1239 2657 1332 2708 καὶ
1393 2656 1548 2707 αὐτοὶ
1629 2654 1835 2725 Ἰησοῦν

252 2750 520 2821 Χριστὸν,
551 2748 929 2819 παρωθοῦνται
963 2749 1017 2801 δὲ
1049 2748 1186 2809 λίαν,
1222 2747 1294 2810 ὡς
1323 2747 1578 2810 δυσσεϐὲς
1603 2747 1683 2809 ὅτι
1731 2747 1835 2816 μά-

252 2843 441 2906 λιστα,
469 2824 817 2910 καταδιιστᾷν
860 2841 939 2902 εἰς
981 2839 1075 2891 δύο
1121 2839 1210 2892 τὸν
1246 2839 1610 2910 Ἐμμανουήλ.
1645 2841 1838 2910 Ψυχῆς

251 2933 308 2989 δ’
337 2927 432 2986 οῦν
459 2933 605 3002 ὅμως
635 2929 734 2999 τῆς
762 2929 1110 3002 ἀνθρωπίνης
1156 2930 1250 2982 καὶ
1277 2929 1500 3000 λογικῆς
1529 2932 1629 3002 τὴν
1660 2931 1837 3000 σάρκα

254 3021 602 3092 χωρίσαντες
645 3019 739 3072 καὶ
781 3018 1183 3088 γυμνώσαντες,
1223 3018 1461 3089 ἡνῶσθαί
1503 3037 1665 3090 φασιν
1699 3023 1836 3092 αὐτῇ

255 3115 358 3168 τὸν
387 3115 450 3166 ἐκ
478 3112 612 3167 Θεοῦ
642 3112 840 3180 Λόγον*
870 3111 1158 3182 ἐξεύρηται
1183 3111 1238 3164 δέ
1271 3129 1354 3174 τις
1390 3112 1570 3176 αὐτοῖς
1619 3114 1710 3166 καὶ
1753 3133 1840 3168 πι-

255 3202 448 3266 θανὸς,
493 3202 566 3264 ὡς
611 3200 836 3265 οἴονται,
875 3199 1009 3270 πρὸς
1043 3199 1200 3252 τοῦτο
1239 3199 1416 3269 λόγος.
1453 3201 1532 3254 Τὰ
1580 3201 1686 3274 γάρ
1733 3219 1836 3269 τοι,

1935 2011 2366 2081 quandoquidem
2417 2023 2472 2066 ut
2530 2029 2665 2069 unus
2726 2025 2808 2068 est
2862 2015 3005 2069 Deus
3056 2014 3239 2080 Pater,
3286 2031 3347 2068 ex
3407 2033 3511 2083 quo

1933 2103 2146 2168 Omnia;
2180 2105 2250 2156 ita
2292 2120 2431 2158 unus
2461 2121 2674 2174 quoque
2709 2116 2794 2161 est
2836 2105 3095 2162 Dominus
3146 2106 3304 2162 JeSus
3359 2107 3513 2160 Chri-

1933 2204 2068 2257 stus,
2101 2210 2195 2264 per
2243 2211 2400 2264 quem
2454 2199 2632 2250 omnia
2684 2198 2722 2250 ¹.
2759 2197 2891 2251 Nazn
2950 2197 3184 2253 Verbum
3233 2200 3382 2260 illud,
3420 2213 3513 2267 per

2783 2291 2884 2344 hoc
2939 2301 3020 2345 est
3092 2291 3254 2346 homo
3311 2290 3511 2344 iactmn

2220 2471 2510 2536 Caeterum,
2538 2487 2723 2531 eorum
2778 2475 2918 2528 dicta
2968 2489 3087 2528 cum
3160 2477 3358 2528 nostris
3411 2467 3512 2528 nun

1943 2563 2075 2617 satis
2109 2573 2428 2632 congruunt.
2476 2563 2605 2617 Nam
2656 2575 2710 2618 et
2749 2564 2846 2635 ipsi
2873 2582 3086 2636 quoque
3125 2584 3288 2621 unum
3342 2568 3514 2624 solum

1943 2655 2212 2710 Ch‘ristum
2279 2668 2464 2726 aperte
2530 2660 2886 2724 constituunt,
2948 2671 3000 2714 et
3061 2675 3222 2712 unum
3302 2659 3516 2712 Emma-

1944 2747 2154 2802 nuelem
2203 2735 2260 2801 in.
2310 2749 2444 2802 duos
2499 2748 2776 2813 divellere,
2830 2761 3082 2818 tauquam
3131 2768 3241 2803 rem
3305 2767 3513 2806 summa

1943 2853 2064 2904 eum
2107 2839 2386 2908 impietate
2427 2838 2792 2908 coniunctam,
2835 2855 3181 2911 summopere
3225 2829 3516 2896 esseet-ani

1947 2940 2035 2984 tur
2069 2949 2082 2985 :
2113 2931 2207 2986 sed
2241 2917 2476 2985 Verbum
2531 2933 2746 2986 interim
2778 2919 2952 2996 carui,
2987 2949 3105 3003 qua:
3134 2934 3389 3000 humana,
3415 2938 3516 2989 hoc

1945 3036 2045 3089 est,
2075 3026 2283 3080 ratione
2314 3024 2537 3092 praedita
2591 3025 2768 3078 anima
2820 3035 2982 3080 exuta
3033 3011 3395 3096 destitutoque
3423 3029 3514 3090 sit,
3565 3039 3570 3043 ί

1947 3115 2152 3168 unitum
2183 3116 2507 3184 praedicant;
2538 3125 2590 3170 et
2621 3132 2718 3170 cur
2759 3119 2898 3171 istud
2943 3117 3236 3186 praedicare
3262 3118 3514 3180 debeant,

1947 3205 2207 3260 rationein
2242 3205 2528 3259 admodum
2555 3205 2894 3274 plausibilem
2925 3209 3256 3278 comperisse
3275 3224 3332 3261 se
3360 3220 3516 3263 autu-

255 3297 435 3366 φασὶ,
480 3294 618 3348 κατά
671 3293 920 3348 σύνθεσιν
973 3295 1108 3364 πρὸς
1157 3294 1274 3357 ἐνὸς
1321 3294 1527 3347 τελείου
1582 3297 1837 3349 σύστασιν

1948 3306 2114 3350 mam.
2148 3296 2313 3350 Aiunt
2341 3296 2507 3362 enim,
2529 3310 2646 3366 qua:
2679 3298 2745 3351 ad
2793 3299 2952 3352 unius
2995 3297 3217 3368 perfecti
3259 3307 3519 3353 constitu-

257 3385 781 3456 συνδεδραμηκότα,
820 3384 962 3456 μέρη
990 3402 1047 3437 τε
1139 3385 1233 3438 καὶ
1259 3385 1318 3449 ἐξ
1362 3387 1565 3439 ἀτελῶν
1611 3388 1838 3457 ὁρᾶσθαι

257 3478 437 3548 φιλεῖ·
468 3475 560 3529 τοῦ
598 3477 819 3540 τελείως
869 3477 1082 3546 ἔχοντος
1129 3477 1251 3530 καθ’
1282 3477 1475 3539 ἐαυτδ,
1513 3481 1607 3530 καὶ
1657 3478 1730 3542 ὡς
1784 3481 1839 3531 ὲν

261 3569 380 3639 ἰδία
414 3568 594 3636 φύσει,
631 3570 729 3638 τῆς
769 3569 833 3620 ἐκ
863 3567 1042 3637 μερῶν
1073 3567 1372 3632 συνθέσεως
1408 3567 1466 3620 οὐ
1496 3567 1836 3638 δεδεημένου,

260 3660 584 3730 Τοιγάρτοι,
625 3657 777 3726 φασὶ,
844 3657 1202 3727 παραιτητέον
1268 3656 1510 3720 εἰκότως,
1557 3656 1844 3725 ἄνθρωπον-

257 3749 453 3804 δοῦναι
486 3748 711 3814 τέλειον,
742 3748 832 3800 τὸν
865 3747 1228 3800 συνενωθέντα
1260 3747 1339 3817 τῷ
1373 3748 1528 3819 Λόγῳ
1568 3747 1718 3813 ναὸν,
1753 3748 1842 3802 ἵνα

257 3843 363 3896 καὶ
397 3843 430 3910 ἡ
466 3842 659 3904 ἐνωσις
707 3881 720 3904 ,
756 3841 899 3911 ἥπερ
932 3840 996 3893 ἂν
1043 3842 1136 3892 ἐπὶ
1169 3839 1390 3911 Χριστῷ
1437 3844 1609 3895 νοοῖτο
1656 3840 1841 3909 τυχὸν,

259 3933 475 4003 ἀκριϐῆ
505 3949 563 3984 τε
615 3931 710 3985 καὶ
743 3931 1062 4002 ἀδιάϐλητον
1112 3933 1202 3984 τὸν
1259 3933 1344 3983 ἐπ’
1371 3933 1538 4002 αὐτῆς
1568 3932 1844 3995 ἀποσώζοι

255 4024 445 4091 λόγον.
488 4023 596 4077 Καὶ
651 4024 758 4094 μὴν
804 4025 1022 4077 κάκεῖνο
1075 4023 1356 4095 προσθεῖεν
1404 4023 1489 4086 ἂν,
1520 4022 1707 4094 ὥσπερ
1750 4019 1842 4076 οὖν

255 4116 506 4189 ἠγοῦμαι
565 4158 579 4183 ,
605 4115 782 4170 πάλιν.
815 4116 874 4167 Εἰ
901 4115 1007 4185 γὰρ
1039 4113 1097 4178 ἐξ
1126 4114 1413 4185 ἀνθρώπου
1436 4114 1663 4180 τελείου,
1683 4116 1840 4184 φασὶ,

255 4207 360 4260 καὶ
391 4205 484 4258 τοῦ
522 4205 586 4258 ἐκ
615 4205 707 4257 τοῦ
741 4205 951 4276 Πατρὸς
989 4204 1138 4269 ὄντος
1164 4203 1340 4274 Λόγου
1370 4207 1615 4276 φήσομεν
1697 4201 1837 4258 εἶναι

253 4300 354 4354 τὸν
389 4297 760 4369 Ἐμμανουήλ,
794 4297 853 4349 οῦ
918 4297 1089 4367 βραχὺ
1147 4297 1206 4350 τὸ
1262 4295 1455 4366 δεῖμα,
1518 4297 1716 4366 μᾶλλον
1779 4297 1835 4350 δὲ

254 4389 598 4457 ἁδιάφυκτον
664 4388 762 4459 ἤδη
802 4405 918 4452 πως
983 4389 1334 4456 ἀναφανεῖται
1394 4387 1600 4450 λοιπὸν,
1634 4386 1692 4438 τὸ
1740 4386 1833 4438 καὶ

253 4478 581 4548 ἀϐουλήτως
627 4477 737 4531 δεῖν
783 4477 876 4530 δύο
922 4477 1018 4548 μὲν
1048 4477 1216 4542 υίοὺς,
1263 4479 1532 4545 Χριστοὺς
1575 4477 1619 4530 δ’
1643 4472 1707 4530 αὖ
1744 4477 1836 4530 δύο

254 4571 483 4641 φρονεῖν
527 4587 587 4622 τε
635 4571 728 4622 καὶ
778 4569 976 4639 λέγειν.
1007 4565 1141 4622 Εἶτα
1172 4567 1461 4632 τιτούτοις
1504 4568 1835 4640 ἀντεροῦμεν

1949 3387 2147 3440 tionem
2194 3400 2292 3453 per
2338 3386 2784 3454 compositionem
2842 3399 3198 3450 concurrunt,
3230 3404 3290 3442 ea
3341 3399 3518 3458 partes

1945 3491 2066 3531 esse
2083 3489 2134 3532 et
2158 3479 2594 3549 imperfectorum
2624 3486 2884 3537 rationem
2919 3481 3164 3538 obtinere
3189 3500 3201 3546 ;
3230 3500 3353 3537 nam
3378 3477 3517 3552 quod

1945 3569 2244 3638 perfectum
2276 3581 2359 3625 est
2387 3587 2478 3640 per
2516 3588 2592 3638 se,
2627 3581 2787 3643 atque
2815 3583 2872 3626 ut
2925 3574 2992 3648 in_
3035 3569 3245 3643 propria
3304 3585 3516 3640 natura,

1929 3661 2051 3712 non
2095 3675 2228 3728 opus
2288 3661 2468 3725 habet,
2508 3673 2566 3715 ut
2621 3663 2686 3718 ad
2738 3662 3016 3732 partialem
3073 3659 3515 3730 compositionem

1943 3751 2122 3804 veniat
2154 3770 2166 3804 :
2201 3760 2364 3820 atque
2390 3753 2510 3807 ideo
2536 3753 2835 3807 carendum
2864 3767 2985 3808 esse
3037 3754 3227 3807 sedqu
3279 3769 3344 3815 ne
3385 3763 3519 3808 lem-

1941 3844 2110 3914 plum,
2140 3846 2284 3912 quod
2319 3843 2495 3900 Verbo
2523 3846 2736 3901 unitum
2772 3855 2877 3910 est,
2912 3847 3212 3916 perfectum
3244 3847 3514 3900 hominem

1942 3937 2216 3992 exstitisse
2263 3940 2642 4005 concedentes,
2665 3949 2913 3994 exactam
2969 3940 3114 3994 illam
3164 3923 3324 3994 unius
3353 3943 3519 3994 ratio-

1942 4043 2084 4092 nem,
2114 4043 2233 4096 quae
2275 4029 2325 4083 iu
2350 4029 2566 4085 Christo
2614 4031 2877 4085 accidisse
2923 4031 3280 4102 dignoscitur,
3313 4033 3517 4085 merita.

1941 4117 2220 4172 calumniae
2268 4136 2623 4190 exponamus.
2660 4122 2796 4188 Quin
2854 4133 2907 4177 et
2958 4123 3086 4178 illud
3140 4139 3354 4192 quoque
3417 4125 3519 4177 bne

1947 4209 2251 4278 adjecturos
2284 4213 2561 4280 suspicor;
2603 4228 2815 4282 nempe,
2843 4214 2886 4268 si
2916 4228 2978 4267 ex
3012 4214 3226 4268 homine
3259 4215 3517 4281 perfecto,

1946 4309 1998 4352 et
2023 4299 2115 4353 Dei
2147 4299 2325 4356 Patris
2361 4301 2533 4357 Verbo
2593 4304 3001 4360 Emmanuelem
3054 4306 3324 4360 coaluisse
3372 4305 3520 4360 dira-

1938 4406 2079 4456 mus,
2114 4391 2167 4444 in
2199 4390 2329 4446 illud
2361 4409 2457 4448 nos
2505 4404 2556 4448 et
2602 4412 2877 4466 magnum,
2912 4407 2959 4450 et
2998 4397 3154 4466 plane
3208 4399 3520 4452 inevitabile

1935 4480 2230 4548 periculum
2260 4490 2516 4537 venturos
2549 4498 2687 4547 esse,
2712 4494 2768 4537 ut
2801 4484 2880 4538 vel
2915 4485 3064 4538 inviti
3091 4487 3223 4540 duos
3248 4473 3515 4554 ChriStos,

1935 4583 1987 4625 et
2020 4574 2155 4627 duos
2209 4575 2391 4628 itidem
2437 4573 2574 4630 filios
2630 4585 2815 4631 tenere
2860 4588 2913 4631 et.
2963 4579 3204 4648 proﬁteri
3238 4595 3514 4648 cogamur.

253 4664 458 4734 ἡμεῖς
508 4661 730 4728 Πρῶτον
761 4664 878 4730 μὲν,
909 4661 988 4714 ὅτι
1015 4659 1115 4730 τῆς
1148 4661 1381 4725 πίστεως
1410 4662 1508 4732 τὴν
1532 4659 1702 4724 οὕτως
1734 4663 1834 4731 ἀρ-

1939 4664 2099 4729 ΒεεΙο,
2133 4666 2258 4733 quid
2321 4683 2418 4720 nos
2476 4671 2540 4720 ad
2602 4670 2713 4723 lnec
2759 4671 3518 4740 respoinlebimus?Apprime

257 4753 591 4827 χαιοτάτην,
615 4753 710 4807 καὶ
747 4750 806 4816 ἐξ
835 4752 1012 4806 αὐτῶν
1045 4752 1156 4806 τῶν
1196 4753 1364 4820 ἁγίων
1413 4754 1723 4806 ἀποστόλων
1766 4756 1845 4807 δι-

258 4849 511 4918 ήκουσαν
540 4847 619 4909 είς
649 4845 793 4913 ἡμᾶς
826 4842 1142 4914 παράδοσιν,
1177 4844 1237 4896 οὑ
1279 4846 1400 4907 ταῖς
1433 4844 1801 4916 ὑπερμέτροις

257 4935 577 5007 ἀκριϐείαις
601 4934 885 4988 καταλύειν
953 4934 1122 5002 ἄξιον,
1151 4933 1274 4989 οὔτε
1301 4936 1406 5007 μὴν
1429 4941 1548 5002 ταῖς
1579 4939 1656 5000 είς
1680 4938 1846 5010 ἄκρον

259 5027 521 5098 ἑρεύναις
567 5025 860 5096 ὑποφέρειν
903 5025 972 5078 τὰ
1041 5026 1180 5096 ὑπὲρ
1229 5026 1371 5090 νοῦν,
1402 5027 1660 5080 ἁλλόὑδὲ
1694 5029 1849 5098 ἥκειν

257 5121 348 5180 εἰς
397 5119 562 5189 μέσον
612 5115 806 5189 οἷάπερ
831 5119 983 5181 τινας
1023 5118 1277 5188 ὁριστὰς,
1324 5119 1417 5171 καὶ
1467 5118 1851 5190 ῥιψοκινδύνως

259 5213 563 5280 λέγοντας,
611 5212 684 5275 ὡς
737 5212 796 5265 τὸ
841 5212 988 5264 δεῖνα
1036 5211 1135 5282 μὲν
1183 5209 1381 5282 ὀρθῶς,
1411 5210 1471 5263 τὸ
1508 5211 1653 5264 δεῖνα
1702 5211 1744 5264 δ’
1782 5203 1848 5266 αῦ

261 5303 478 5375 ἑτέρως
507 5303 672 5374 ἔχειν.
691 5303 888 5375 Ἐχρῆν
923 5303 1120 5375 δήπου,
1143 5303 1238 5355 καὶ
1265 5298 1332 5373 ἦν
1360 5301 1579 5372 ἄμεινον
1614 5301 1847 5372 ἀληθῶς,

262 5396 570 5466 ἀπονέμειν
608 5396 809 5466 μᾶλλον
863 5397 940 5468 τῷ
972 5397 1231 5466 πανσόφῳ
1259 5396 1378 5467 Θεῴ
1416 5395 1524 5448 τῶν
1562 5395 1704 5448 ἰδίων
1736 5395 1852 5448 δια-

265 5490 522 5559 σκέψεων
567 5491 667 5559 τὴν
717 5491 855 5555 ὁδὸν,
892 5492 986 5544 καὶ
1019 5490 1094 5562 μὴ
1121 5495 1233 5555 τοῖς
1270 5487 1328 5544 εὖ
1365 5489 1509 5561 ἔχειν
1541 5489 1672 5561 παρ’
1703 5489 1850 5560 αὐτῷ

262 5582 773 5651 δεδοκιμασμένοις,
844 5583 1074 5647 ἀνοσίως
1136 5584 1419 5654 ἐπιτιμᾷν.
1479 5582 1850 5654 ’Λκουσόμεθα

264 5673 384 5742 γὰρ
414 5673 662 5740 λέγοντος
693 5674 938 5744 ἐναργῶς
958 5691 970 5701 ·
1005 5693 1022 5726 ι
1052 5675 1126 5728 Οὐ
1153 5674 1262 5745 γάρ
1287 5677 1424 5728 εἰσιν
1458 5677 1511 5746 αἱ
1538 5674 1721 5746 βουλαί
1752 5691 1853 5745 μου

265 5766 465 5833 ὥσπερ
499 5765 554 5819 αί
587 5763 772 5834 βουλαὶ
800 5765 974 5836 ὑμῶν,
1005 5766 1126 5822 οὐδέ
1168 5766 1355 5835 ὥσπερ
1389 5769 1441 5820 αί
1474 5768 1581 5822 ὁδοὶ
1612 5767 1764 5837 ὑμῶν
1800 5770 1851 5820 αἱ

351 5886 369 5920 ⁸
395 5888 416 5944 1
443 5887 567 5943 Cor.
605 5903 716 5954 mi,
737 5890 789 5947 6.

1945 4751 2220 4821 indignum
2253 4764 2374 4804 esse
2435 4763 2534 4803 nos
2560 4749 2992 4819 antiquissimam
3027 4753 3148 4807 Πανί
3179 4754 3521 4806 traditionem

1942 4844 2030 4916 (ut
2089 4860 2208 4914 qum
2248 4843 2315 4897 ab
2346 4843 2477 4912 ipsis
2528 4842 2732 4896 sanctis
2765 4845 3020 4912 apostolis
3057 4845 3294 4914 profecta
3323 4849 3386 4900 ad
3425 4864 3520 4901 nos

1943 4952 2110 5007 usque
2130 4937 2409 5007 pervenit)
2439 4944 2654 5006 propter
2680 4935 2925 4990 curiosas
2965 4936 3221 5004 quasdam
3249 4954 3309 4992 ac
3333 4955 3521 5008 super-

1944 5042 2209 5082 vacaneas
2256 5029 2497 5082 rationes
2544 5042 2605 5080 ac
2657 5027 3076 5097 disceptationes
3129 5031 3400 5094 deserere,
3442 5035 3519 5086 rel

1943 5119 2124 5174 nimiis
2151 5119 2592 5189 iuquisitionibus
2626 5120 2872 5172 [minume
2901 5121 3095 5173 mentis
3123 5134 3336 5191 captum
3364 5139 3520 5177 exce-

1941 5210 2120 5264 dentia
2147 5210 2454 5278 subjicere;
2620 5209 2702 5263 vel
2733 5209 2785 5262 iu
2817 5211 3047 5264 medium
3097 5213 3318 5266 exsilire
3356 5215 3515 5264 vrtuti

1935 5303 2166 5373 judices,
2201 5311 2258 5355 ut
2291 5312 2474 5355 nostro
2515 5316 2699 5366 sensu,
2734 5312 3041 5368 c0ntcmpto
3074 5304 3330 5372 periculo,
3366 5307 3518 5370 quid-

1941 5396 2022 5449 vis
2058 5395 2364 5458 metientes,
2394 5394 2637 5447 dicamus
2668 5410 2681 5446 ι
2713 5391 2823 5446 lloc
2867 5404 3011 5446 recte
3064 5410 3120 5446 se
3174 5396 3355 5458 habet,
3391 5396 3517 5449 illud

1943 5499 2069 5537 vero
2101 5497 2276 5537 secus.
2297 5481 2509 5548 Quanto
2553 5482 2745 5545 satius,
2782 5493 3090 5550 quantaque
3142 5483 3324 5537 utilius
3358 5480 3514 5546 foret,

1940 5575 2338 5645 sapientissimo
2361 5573 2467 5628 Deo
2500 5573 2847 5628 consiliorum
2895 5588 3113 5628 suorum
3166 5575 3402 5629 rationes
3431 5577 3513 5628 iu-

1943 5679 2088 5736 tegre
2117 5669 2450 5736 permittere,
2487 5677 2541 5720 et
2567 5679 2627 5720 ea
2664 5681 2781 5735 qua:
2825 5666 2923 5736 ipsi
2955 5668 3333 5737 probatissima
3370 5682 3515 5731 sunt,

1941 5762 2102 5829 impie
2125 5778 2227 5816 non
2253 5762 2666 5831 reprehendere,
2705 5763 2996 5831 praesertim
3019 5778 3139 5817 eum
3170 5765 3312 5817 illum
3333 5776 3516 5834 aperte

2561 5897 2586 5914 ἱ
