3770 6610
423 443 532 510 915

423 696 550 741 sunt
583 685 804 741 consilia
838 699 954 738 mea
986 683 1119 737 sicut
1140 684 1362 739 consilia
1397 693 1598 748 vestra,
1626 700 1724 740 nec
1749 685 1847 740 vite
1871 702 2002 742 mete

425 788 484 831 ιιι
507 778 609 832 via:
642 786 874 831 vestrae:
903 775 996 830 sed
1051 775 1198 829 sicut
1235 776 1400 832 distat
1449 775 1645 833 coelum
1679 793 1708 830 a
1736 787 1901 843 terra,
1927 783 1998 834 ita

424 873 522 924 via:
547 885 727 924 meatu
758 871 859 924 viis
900 871 1117 936 vestris,
1140 879 1197 925 et
1239 869 1596 939 cogitationes
1628 887 1758 927 mea:
1789 889 1816 926 a
1848 877 1997 944 cogi-

424 961 716 1016 tationibus
749 964 939 1017 vestris
992 965 1027 1018 ¹.
1060 982 1078 1014 ι

717 1053 896 1123 Quare
935 1055 1063 1110 licet
1098 1057 1378 1124 templum,
1413 1053 1556 1125 quod
1583 1053 1762 1111 Verbo
1790 1057 1996 1110 unitum

422 1155 527 1214 est,
566 1146 743 1200 anima
776 1147 1011 1201 humana
1042 1149 1340 1218 perlectum
1369 1158 1423 1202 et
1469 1148 1818 1201 informatum
1848 1157 2000 1202 certo

421 1240 730 1305 credamus,
771 1255 878 1292 non
931 1240 1066 1294 duos
1119 1251 1296 1294 tamen
1355 1238 1496 1294 ﬁlios
1555 1240 1866 1303 adoramus,
1900 1254 2000 1292 nec

419 1334 556 1388 duos
587 1331 838 1387 Cltristos
867 1333 1232 1403 agnoscimus.
1259 1330 1330 1388 Ut
1362 1331 1506 1385 enim
1539 1331 1751 1384 tametsi
1783 1329 2001 1383 Emma-

421 1425 636 1479 nueletn
693 1439 756 1478 ex
815 1424 927 1478 sola
983 1438 1148 1476 carne
1182 1431 1236 1475 et
1274 1422 1365 1474 Dei
1414 1421 1588 1475 Patris
1624 1418 1996 1486 Verbo,juxta

424 1516 738 1586 opinionem
787 1530 963 1582 quam
1021 1513 1096 1569 illi
1154 1511 1996 1582 complectuntur,compositum

422 1613 690 1668 statuant,
752 1603 896 1656 nulla
928 1602 1101 1657 adhuc
1137 1611 1315 1656 tamen
1367 1602 1576 1655 ratione
1609 1601 1712 1654 lt‘ue
1749 1600 1824 1654 illi
1857 1598 1998 1669 adigi

421 1708 483 1748 se
521 1700 856 1764 paterentur,
903 1701 956 1744 ut
979 1705 1143 1745 carne
1179 1704 1448 1752 seorsum,
1472 1698 1529 1743 et
1561 1688 1849 1758 Unigenito
1875 1702 1996 1742 rur-

420 1799 542 1837 sum
572 1797 814 1839 seorsum
870 1781 1067 1852 posito,
1112 1782 1246 1835 duos
1287 1780 1530 1834 Cltristos
1579 1778 1994 1848 proﬁterentur;

1631 415 2016 514 EU'l‘llYMll
2054 455 2413 517 ZlGABENl
3499 489 3576 554 Μ

423 595 719 660 dicentem,
738 602 792 649 et
840 593 995 663 quasi
1029 592 1462 660 expostulantcnt
1497 586 1816 647 audiamus:
1843 613 1860 645 t
1886 592 1917 647 θ

2099 594 2206 648 ὁδοί
2242 610 2375 666 μου*
2431 596 2547 650 ἀλλ’
2573 598 2650 662 ὡς
2681 599 2872 668 ἀπέχει
2915 601 2944 652 ὁ
2976 601 3199 672 οὐρανὸς
3242 607 3334 660 ἀπὸ
3368 616 3418 672 τῆ

2101 637 2206 648 ην·
2242 637 2341 666 rw
2431 637 2531 650 -ηη
2573 637 2647 662 υ»
2681 637 2872 668 ww-
2915 637 2944 652 υ
2976 637 3197 672 υυιυαν-ιν
3242 637 3334 660 ww
3368 637 3576 689 τηςγης.

2099 686 2272 750 οὕτως
2297 688 2492 759 ἀπέχει
2523 690 2557 761 ἡ
2587 691 2703 755 ὁδός
2738 710 2840 762 μου
2869 693 2976 748 ἀπὸ
3003 695 3111 749 τῶν
3129 697 3255 750 ὁδῶν
3281 701 3513 772 by.an
3531 717 3578 768 τά

2101 776 2436 848 διανοήματα
2472 779 2625 850 ὑμῶν
2658 781 2763 834 ἀπὸ
2799 782 2896 852 τῆς
2925 785 3158 849 διανοίας
3195 805 3302 856 μου,
3332 812 3348 844 ι

2326 1051 2486 1112 Υίοὺς
2544 1052 2600 1104 δὲ
2627 1051 2744 1104 οῦτι
2781 1070 2882 1106 που
2920 1053 3013 1106 δύο
3050 1061 3586 1130 προσκννήσομεν,ἀλ>.¹

2099 1142 2219 1194 οὐδὲ
2250 1144 2518 1213 Χριστοῦς
2549 1145 2779 1214 ἐροῦμεν
2799 1143 2910 1206 δύο,
2935 1145 3038 1198 κᾶν
3063 1147 3356 1216 ἐψειχῶσθαι
3385 1159 3585 1211 mnsam-

2102 1250 2200 1302 μεν
2223 1233 2366 1305 ψυχῇ
2392 1236 2580 1306 λογικῇ
2609 1236 2698 1288 τὸν
2725 1236 2996 1290 ὲνωθέντα
3017 1238 3094 1306 τῷ
3126 1239 3277 1310 Λόγῳ
3303 1244 3590 1320 ναόν.Ὦσπερ

2098 1327 2232 1396 γὰρ,
2263 1327 2403 1380 κατά
2428 1344 2490 1394 γε
2521 1328 2581 1378 τὸ
2627 1328 2857 1392 ἐκείνοις
2885 1325 2942 1382 εῦ
2975 1329 3118 1400 ἔχειν
3149 1329 3344 1391 δοκοῦν,
3377 1336 3462 1388 κᾶν
3487 1341 3523 1390 εἰ
3547 1343 3592 1396 ὲι

2102 1417 2267 1488 μάνης
2293 1417 2504 1485 λέγοιτο
2622 1418 2723 1488 τῆς
2752 1418 2974 1489 σαρκὸς,
3001 1419 3200 1472 καὶτοῦ
3219 1422 3278 1472 ὲκ
3298 1424 3414 1476 Θεοῦ
3439 1428 3594 1498 {lassi};

2099 1509 2404 1578 πεφηνότος
2454 1507 2651 1576 Λόγου,
2682 1509 2857 1573 οὐδεὶς
2897 1510 3093 1574 αὐτοὺς
3130 1512 3394 1565 ἀναπείσει
3427 1520 3591 1586 τρόπος,

2097 1597 2203 1652 ἁνὰ
2236 1598 2398 1670 μέρος
2425 1598 2522 1670 τὴν
2559 1599 2735 1670 σάρκα
2767 1600 3034 1666 τιθέντας,
3072 1601 3164 1653 καὶ
3190 1602 3285 1654 ὰνᾶ
3319 1605 3462 1674 μέρος
3481 1610 3596 1664 αὑτὸν

2098 1689 2401 1759 Μονογενῆ,
2429 1688 2597 1742 δυάδα
2648 1690 2703 1742 δὲ
2743 1691 2991 1761 Χριστῶν
3029 1691 3338 1760 ὁμολογεῖν·
3369 1693 3488 1746 οὕτω
3525 1698 3596 1750 κᾶν

2097 1781 2164 1849 τῇ
2187 1778 2307 1831 καθ’
2336 1781 2485 1848 ἡμᾶς
2521 1780 2777 1850 ἁνθρωπό
2790 1798 2900 1851 τητι
2929 1781 3148 1844 τελείως
3178 1781 3297 1851 ὲχοῦ
3310 1799 3386 1854 σῃ,
3425 1788 3536 1839 κατὰ
3553 1807 3596 1856 γε

421 1878 500 1930 ita
527 1889 626 1932 nos
677 1888 906 1946 quoque,
938 1873 1188 1942 quamvis
1240 1871 1337 1925 Dei
1377 1869 1635 1935 Verbum,
1672 1871 1917 1926 humanit

2095 1871 2187 1924 τὸν
2215 1872 2314 1943 τῆς
2347 1871 2482 1936 ἰδίας
2530 1871 2743 1940 φύσεως
2794 1872 2971 1940 λόγον,
3003 1874 3167 1925 οἱονεὶ
3202 1877 3537 1946 συνενηνέχθαι
3557 1897 3598 1932 τε

422 1978 624 2023 nostra:
656 1968 949 2023 secundum
977 1965 1206 2036 propriae
1238 1975 1443 2019 naturae
1477 1965 1741 2019 rationem
1774 1964 1997 2019 omnino

420 2059 660 2131 perfecte
713 2061 946 2123 unitum,
991 2056 1356 2129 ineffabilique
1423 2071 1486 2111 ac
1547 2057 1998 2125 ineomprelienso

419 2151 582 2222 plane
611 2152 771 2206 modo
814 2152 1080 2208 sociatum
1117 2150 1470 2214 allii-mantus,
1523 2165 1627 2203 non
1660 2151 1793 2205 duos
1817 2161 1994 2202 tamen

419 2243 560 2298 filios
614 2250 792 2297 mente
841 2241 1200 2312 concipimus.
1235 2241 1330 2294 sed
1397 2256 1560 2294 unum
1617 2241 1993 2310 eumdemque,

419 2332 512 2404 qui
545 2331 762 2401 quidem
812 2338 1005 2385 natura
1050 2330 1190 2384 Deus
1239 2329 1532 2392 exsistens,
1563 2341 1747 2398 utpote
1785 2345 1850 2385 ex
1903 2329 1992 2382 Dei

421 2433 478 2478 et
509 2421 688 2478 Patris
722 2421 1024 2478 substantia
1065 2431 1236 2485 ortus,
1269 2429 1323 2473 et
1376 2421 1428 2472 in
1493 2420 1757 2473 extremis
1813 2420 1994 2473 SLL‘Cllli

423 2515 757 2585 temporibus
817 2514 977 2568 homo
1028 2511 1203 2566 lactus
1263 2516 1308 2572 ',
1349 2521 1407 2564 et
1451 2526 1515 2564 ex
1572 2527 1725 2565 saera
1777 2512 1994 2580 deipara

419 2606 645 2678 Virgine
674 2613 856 2669 natus,
881 2618 1004 2659 cum
1036 2619 1064 2656 a
1097 2602 1277 2665 nobis,
1320 2611 1431 2655 tum
1479 2601 1548 2655 ab
1603 2601 1736 2671 ipsis
1780 2615 1996 2675 quoque

418 2697 626 2754 sanctis
663 2694 891 2766 angelis,
925 2691 1221 2750 secundum
1279 2691 1586 2761 Scripturas
1643 2696 1689 2758 ⁸,
1722 2693 1917 2746 colitur
1943 2702 1996 2746 et

420 2787 698 2844 adoratur.

663 2879 816 2951 Quod
867 2879 912 2934 si
954 2876 1190 2932 dixerint
1217 2893 1388 2950 genus
1423 2887 1670 2934 nostrum
1704 2879 1820 2934 solo
1863 2878 1993 2934 Uni-

418 2973 588 3043 geniti
642 2972 876 3027 adventu
930 2971 1229 3043 indiguisse
1293 2984 1455 3043 atque
1495 2973 1617 3028 ideo
1647 2973 1820 3040 illutn,
1849 2972 1992 3043 quod

415 3068 486 3122 ab
524 3067 590 3122 iis
620 3067 794 3140 quiin
842 3066 1001 3122 terris
1039 3067 1260 3143 degunt,
1299 3065 1471 3132 cerni,
1525 3067 1808 3136 atniceque
1870 3082 1992 3120 cum

2096 1962 2193 2014 καὶ
2225 1959 2469 2032 ἡνῶσθαι
2515 1961 2760 2032 λέγωμεν
2791 1961 3124 2032 ἁπορῤήτως
3155 1978 3216 2014 τε
3252 1962 3344 2015 καὶ
3369 1964 3488 2034 ὑπὲρ
3513 1966 3600 2018 νοῦν

2096 2053 2188 2105 τὸν
2231 2053 2295 2106 ὲκ
2336 2052 2471 2105 Θεοῦ
2513 2052 2705 2122 Λόγον,
2741 2054 2839 2122 οὐχ
2869 2054 3002 2105 υἱῶν
3024 2053 3192 2106 δυάδα
3219 2056 3481 2125 νοήσομεν,
3511 2058 3601 2110 ἀλλ’

2099 2143 2194 2196 ἕνα
2222 2147 2316 2196 καὶ
2348 2143 2440 2196 τὸν
2466 2144 2651 2205 αὐτὸν,
2685 2144 2845 2211 φύσει
2885 2145 2984 2214 μὲν
3015 2147 3145 2200 ὄντα
3176 2146 3326 2210 Θεὸν,
3351 2148 3436 2198 xa‘t
3473 2147 3521 2212 ἐξ
3539 2150 3604 2201 εὖ·

2097 2234 2196 2304 τῆς
2228 2235 2503 2305 πεφηνότα
2545 2235 2647 2305 τῆς
2692 2235 2878 2298 οὐσίας
2908 2236 3004 2290 τοῦ
3037 2237 3174 2290 Θεοῦ
3222 2238 3311 2290 καὶ
3345 2239 3544 2310 Πατρός·
3565 2243 3604 2292 ἐν

2096 2325 2345 2394 ἐσχάτοις
2374 2325 2431 2378 δὲ
2455 2325 2548 2378 τοῦ
2577 2325 2772 2390 αἰῶνος
2801 2331 3013 2398 καιροῖς
3047 2329 3336 2399 γενόμενον
3360 2329 3605 2401 ἄνθρωπον,

2098 2419 2193 2471 καὶ⁹
2223 2417 2312 2471 διὰ
2352 2418 2449 2488 τῆς
2487 2419 2650 2487 ἁγίας
2680 2421 2774 2473 καὶ
2804 2421 3067 2475 Θεοτόκου
3104 2423 3375 2493 Παρθένου
3406 2440 3607 2492 γεγεννη-

2100 2507 2279 2576 μένον,
2314 2509 2410 2561 κα“ι
2441 2509 2577 2581 πρός
2610 2527 2667 2564 τε
2699 2511 2857 2582 ἡμῶν
2888 2512 3066 2566 αὐτῶν
3097 2514 3191 2565 καὶ
3233 2515 3337 2566 τῶν
3367 2514 3513 2583 ἁγίων
3537 2514 3608 2582 ἁγ-

2095 2599 2271 2668 γέλων
2304 2601 2800 2672 προσκυνούμενον,
2836 2604 2978 2657 κατὰ
3003 2603 3099 2667 τὰς
3127 2604 3371 2675 Γραφάς.

2310 2889 2370 2942 Εἰ
2400 2889 2456 2942 δὲ
2486 2889 2550 2960 δὴ
2578 2893 2751 2958 φαῖεν,
2783 2889 2866 2942 ὅτι
2899 2890 3067 2960 μόνης
3099 2888 3200 2958 μὲν
3243 2886 3409 2939 ἐδεῖτο
3429 2887 3489 2938 τὰ
3513 2884 3612 2939 καθ’

2095 2984 2242 3052 ημᾶς
2287 2982 2383 3052 τῆς
2427 2979 2522 3033 τοῦ
2571 2980 2910 3048 Μονογενοῦς
2955 2978 3292 3048 ἐπιδημίας·
3323 2977 3549 3048 ἐθελήσας
3575 2977 3615 3029 δὲ

2093 3073 2327 3143 ὀφθῆναι
2352 3075 2465 3135 τοῖς
2492 3073 2584 3126 ἐπὶ
2613 3074 2734 3144 γῆς,
2759 3074 2854 3126 καὶ
2876 3071 3182 3142 ἀνθρώποις
3222 3069 3616 3138 συναναστραφῆ-

415 3160 726 3215 ltominibus
753 3159 1084 3225 conversari,
1122 3170 1176 3220 et
1203 3161 1325 3215 vita:
1356 3161 1683 3233 evangelicae
1727 3160 1867 3213 viam
1899 3175 1917 3212 ι

2094 3183 2202 3229 ναι,
2233 3162 2553 3235 παραδεῖξαί
2595 3181 2656 3217 τε
2695 3166 2830 3235 ἡμῖν
2877 3164 2979 3233 τῆς
3025 3164 3332 3234 ἀγγελικῆς
3400 3160 3616 3221 πολιτείας

413 3250 502 3307 his
532 3260 950 3322 praemonstrare
1000 3251 1181 3318 vellet,
1204 3229 1601 3324 dispensatoris
1631 3252 1865 3324 quadam
1901 3267 1917 3305 ι

2094 3257 2190 3328 τὴν
2223 3229 2360 3320 ὁδον,
2392 3229 2750 3326 οἰκονομικῶς
2768 3229 3083 3325 ἠμπίσχετο
3114 3229 3251 3325 ντὴν
3280 3229 3459 3323 epotam
3518 3254 3618 3321 ἡμῖν

417 3345 569 3399 tione
589 3343 759 3401 solum
799 3358 1025 3398 carnent
1067 3344 1223 3400 nobis
1257 3344 1491 3398 similem
1546 3343 1784 3398 induisse
1815 3343 1992 3412 (Deus

416 3451 652 3506 namque
687 3438 982 3491 secundum
1008 3451 1159 3491 suam
1181 3446 1424 3490 naturam
1445 3436 1546 3490 sub
1582 3444 1859 3504 aspectum
1885 3450 1989 3488 non

415 3527 623 3600 cadit),
662 3527 737 3582 illi
779 3527 1172 3583 incarnationis
1223 3542 1446 3596 scopum
1492 3542 1550 3580 se
1575 3527 1842 3596 ignorare,
1881 3540 1992 3578 ma-

414 3634 690 3692 suumque
757 3619 887 3675 illud
945 3621 1162 3696 pietatis
1198 3620 1512 3697 mySterium
1564 3622 1586 3652 ⁸
1628 3635 1851 3692 prorsus
1880 3635 1987 3672 non

414 3711 740 3784 intelligere,
765 3722 952 3784 aperte
985 3713 1299 3768 ostendunt.
1329 3712 1460 3766 Nam
1488 3713 1534 3767 si
1568 3709 1893 3784 Unigenitus
1923 3720 1988 3763 ea

415 3805 589 3861 solum
624 3809 689 3861 de
739 3821 902 3861 causa
950 3805 1407 3874 inearnatus,ltoc
1456 3814 1558 3870 est,
1598 3805 1757 3861 homo
1819 3803 1992 3858 factus

412 3906 646 3967 cst,quo
670 3899 737 3955 ab
781 3897 847 3951 iis
866 3898 956 3970 qui
993 3897 1046 3951 in
1088 3897 1245 3952 terris
1286 3904 1499 3951 aetatem
1535 3904 1720 3964 agunt,
1750 3895 1990 3964 conspici

416 3999 619 4062 posset,
649 3989 892 4059 nihilque
941 3989 1086 4043 aliud
1143 3999 1404 4058 pt'azterea
1438 3987 1705 4045 commodi
1737 3986 1880 4040 illius
1911 3987 1992 4039 in-

415 4081 662 4135 carnatio
692 4081 940 4135 humanae
983 4091 1185 4135 natura:
1233 4080 1410 4136 attulit
1442 4098 1455 4134 :
1484 4094 1580 4133 cur
1622 4078 1834 4134 illorunt
1865 4094 1987 4132 sen-

416 4172 600 4229 tentiae
643 4173 990 4230 subscribere
1159 4188 1262 4225 non
1294 4172 1502 4243 pigeat,
1526 4169 1614 4239 qui
1647 4169 1985 4238 phantastica

418 4275 628 4324 tantum
683 4279 849 4320 carne
899 4278 953 4320 et
987 4279 1213 4333 corpore
1246 4262 1476 4318 Verbum
1518 4262 1785 4324 indutum,
1811 4275 1986 4330 neque

2094 3350 2274 3419 σάρκα
2320 3346 2402 3418 (τὸ
2427 3347 2536 3417 γάρ
2564 3364 2646 3401 τοι
2689 3347 2842 3400 θεῖον
2873 3346 3013 3400 κατὰ
3040 3345 3206 3415 φύσιν
3245 3344 3379 3398 ἰδίαν
3409 3343 3494 3412 οὑχ
3522 3344 3621 3410 ὀρει-

2093 3441 2226 3508 τόν)·
2264 3440 2594 3509 ἠγνοηκότες
2635 3438 2930 3493 ἁλώσονται
2951 3441 3048 3509 τῆς
3079 3437 3528 3508 ὲνανθρωπήσεως
3553 3432 3619 3484 τὸν

2098 3531 2319 3596 σκοπὸν,
2336 3530 2428 3584 καὶ
2446 3531 2718 3593 συνιέντες
2738 3528 2988 3599 οὐδαμῶς
3014 3527 3072 3580 τὸ
3098 3528 3249 3597 μέγα
3273 3527 3369 3596 τῆς
3395 3523 3621 3584 εὐσεὸείας

2100 3621 2416 3692 μυστήριον.
2446 3621 2508 3672 Εἰ
2554 3619 2661 3690 γὰρ
2699 3619 2762 3691 δὴ
2807 3620 2976 3690 μόνην
3003 3615 3118 3689 ἔχει
3150 3621 3254 3692 τὴν
3292 3619 3526 3690 ἀφορμὴν
3551 3615 3618 3669 τοῦ

2092 3713 2320 3785 ὀφθῆναι
2349 3717 2463 3777 τοῖς
2496 3715 2589 3767 ἐπὶ
2623 3715 2724 3785 γῆς
2759 3714 2852 3768 τοῦ
2901 3717 3246 3785 Μονογενοῦς
3299 3720 3332 3788 ή
3376 3717 3621 3787 σάρκωσις.

2092 3806 2258 3876 ἤγουν
2361 3804 2802 3876 ἑνανθρῶπησις,
2856 3806 3154 3877 προσετέθη
3189 3825 3259 3876 γε
3353 3805 3622 3877 μὴνετερον

2090 3895 2243 3949 οὐδὲν
2278 3898 2344 3969 τῇ
2373 3895 2664 3968 ἀνθρώπου
2688 3896 2868 3966 φύσειο
2901 3897 3019 3960 πῶς
3048 3897 3148 3950 οὐκ
3172 3897 3402 3968 ἄμεινον
3430 3897 3518 3966 ἢδη
3541 3912 3626 3956 πως

2091 3987 2184 4039 καὶ
2217 3988 2396 4058 σοφῶν
2447 4027 2462 4052 ,
2502 3990 2568 4059 τῇ
2596 3987 2706 4044 τῶν
2739 3989 2991 4058 Δοκητῶν
3022 3989 3402 4061 συμφέρεσθαι
3425 3988 3537 4057 δόξῃ
3557 3986 3626 4038 καὶ

2095 4081 2240 4149 ἡμᾶς
2272 4080 2489 4145 αὐτοὺς,
2508 4081 2557 4133 οἳ
2595 4080 2797 4150 σαρκός
2825 4097 2883 4133 τε
2911 4080 3048 4151 ὁμοῦ
3076 4082 3171 4133 καὶ
3201 4081 3396 4151 γηῖνου
3422 4080 3629 4148 σώματος

2095 4170 2569 4240 ἀπαμφιεννύντες
2611 4171 2701 4223 τὸν
2734 4170 2927 4239 Λόγον,
2960 4166 3140 4240 ὦφθαι
3177 4173 3282 4242 μὲν
3333 4173 3424 4224 ἐπὶ
3461 4171 3549 4238 γῆς
3574 4170 3629 4229 ὡς

2093 4259 2376 4330 ἄνθρωπον
2405 4259 2871 4333 μυθοπλαστοῦσιν
2897 4263 2945 4315 οἱ
2964 4261 3220 4328 δείλαιοι;
3261 4262 3633 4333 Ἦμαρτηχότες

419 4355 473 4412 in
512 4357 744 4412 hominis
775 4365 990 4420 natura,
1024 4355 1115 4408 sed
1145 4353 1196 4407 in
1232 4354 1469 4408 hominis
1500 4361 1709 4410 tantum
1743 4352 1917 4408 similil

2093 4350 2142 4406 δὲ
2171 4350 2438 4422 τάληθοῦς
2487 4351 2665 4405 ἁλοῖεν
2702 4351 2768 4406 ἂν
2801 4355 2896 4408 καὶ
2929 4354 2988 4406 οὑ
3022 4355 3118 4406 σὺν
3151 4353 3349 4424 ἱδρῶτι
3380 4345 3634 4420 μακρῷ.Ἰί

418 4447 547 4501 dine
586 4447 636 4501 in
669 4449 829 4502 terris
861 4445 1183 4516 apparuisse
1218 4444 1561 4499 fabulantur?
1595 4445 1786 4501 Verum
1821 4461 1917 4514 qua

2093 4445 2186 4500 οὐκ
2213 4443 2436 4516 ἄμεινον
2465 4446 2704 4517 ἐροῦσιν,
2736 4449 2784 4500 εἰ
2815 4446 2980 4518 μηδὲν
3007 4448 3217 4517 ὀνίνησι
3253 4447 3358 4517 τὴν
3387 4445 3636 4516 ἀνθρώπου

421 4550 534 4592 ιιιιιι
560 4539 610 4592 1ιὶ
639 4539 822 4598 miseri
859 4553 887 4592 a
918 4537 1163 4592 veritatis
1206 4551 1369 4605 scopo
1413 4539 1691 4602 aberrent,
1729 4536 1910 4591 {acilii

2093 4537 2248 4608 φύσιν
2291 4539 2321 4589 ὁ
2365 4539 2428 4592 ὲκ
2466 4538 2601 4591 Θεοῦ
2628 4538 2821 4608 Λόγος,
2858 4540 2907 4591 εί
2938 4541 3032 4592 καὶ
3065 4540 3263 4608 γέγονε
3301 4539 3458 4609 σὰρξ,
3495 4535 3635 4605 timi-

419 4631 567 4698 gotio
618 4630 827 4688 ostendi
885 4639 1079 4699 potest.
1133 4629 1211 4695 Si,
1276 4630 1515 4699 inquam,
1578 4631 1670 4685 Dei
1735 4631 1997 4699 Verbum,

420 4723 632 4777 etiamsi
660 4738 787 4780 caro
818 4723 1016 4777 factum
1060 4733 1162 4788 est,
1192 4723 1395 4778 nullttm
1428 4723 1571 4780 aliud
1602 4725 1849 4779 humana:
1901 4743 2000 4780 ua—

423 4823 556 4868 tura:
582 4813 1151 4880 commodumattulit,
1187 4830 1254 4866 an
1292 4829 1398 4867 non
1433 4815 1631 4868 rectius
1668 4826 2000 4870 statueretur

422 4905 660 4959 acarnis
705 4906 924 4974 quidem
977 4905 1317 4958 imtnuutlitia
1377 4905 1601 4960 omnino
1650 4905 1996 4970 abstinuisse,

424 5009 639 5051 terreno
673 4996 1025 5052 nihilominus
1059 5011 1289 5066 corpore
1349 4998 1421 5048 uti
1457 4997 1626 5049 visum
1665 5012 1805 5060 esse,
1837 5006 1998 5066 atque

422 5088 524 5141 hac
556 5087 764 5142 ratione
803 5088 944 5156 quod
989 5088 1306 5143 decreverat
1363 5085 1689 5156 perfecisse?
1729 5088 1996 5144 Custerum

421 5177 545 5246 quis
567 5177 826 5233 adventus
858 5179 999 5232 illius
1040 5178 1202 5234 fuerit
1258 5194 1407 5242 usus,
1435 5188 1489 5231 et
1515 5177 1690 5248 qualis
1740 5179 1998 5234 incarna-

425 5271 588 5326 tionis
621 5271 887 5338 tnodus,si
912 5271 1034 5339 quis
1065 5269 1201 5324 forte
1223 5287 1250 5321 a
1280 5269 1433 5323 nobis
1457 5269 1786 5335 sciscitelnt',
1819 5278 1999 5340 cujus-

423 5381 531 5434 que
575 5366 652 5422 rei
707 5368 880 5437 gratia
919 5375 1129 5435 patrata
1176 5367 1278 5431 sit;
1314 5367 1402 5419 ille
1444 5367 1685 5434 responsi
1746 5368 1862 5424 loco
1901 5369 1998 5422 hoc

424 5459 612 5527 paucis
662 5457 906 5514 habeat:
940 5459 1075 5528 Age,
1120 5457 1266 5515 istud
1329 5458 1505 5512 divina
1561 5457 1848 5528 Scriptura
1905 5461 1999 5515 tibi

427 5552 733 5622 patefaciet.
765 5549 914 5605 Vade
975 5565 1104 5620 ergo
1153 5561 1208 5605 et
1261 5565 1448 5606 sacras
1479 5549 1709 5606 Litteras
1761 5551 2001 5620 consule,

2087 4627 2374 4682 λάττεσθαι
2403 4630 2500 4698 μὲν
2549 4629 2886 4701 ἀκαθαρσίας
2939 4631 3247 4700 σαρκικῆς,
3284 4629 3436 4695 δόξαι
3460 4625 3541 4698 ιδ’]
3568 4619 3640 4676 οὖν

2085 4717 2233 4784 ἅπαξ
2274 4718 2348 4788 τῷ
2381 4720 2552 4789 γηΐνῳ
2581 4721 3023 4792 προσκεχρῆσθαι
3058 4720 3304 4790 σώματι,
3343 4715 3637 4785 atate-tapqu

2084 4827 2144 4864 τε
2167 4809 2309 4864 οὕτω
2343 4811 2432 4863 τὸν
2463 4811 2797 4882 προτεθέντα
2830 4813 3057 4877 σκοπὸν;
3091 4813 3186 4876 Τίς
3217 4809 3319 4866 οῦν
3353 4813 3420 4866 ἂν
3465 4813 3642 4876 γένοιτο

2084 4901 2266 4959 λοιπὸν
2299 4903 2400 4972 τῆς
2458 4902 2750 4974 ἐπιδημίας
2784 4905 2812 4956 ό
2839 4904 3031 4972 λόγος,
3070 4906 3101 4976 ἢ
3148 4904 3230 4968 τίς
3269 4905 3301 4956 ὁ
3342 4904 3537 4973 τρόπος
3567 4900 3641 4966 τῆς

2085 4993 2586 5065 ἐνανθρωπήσεως,
2637 4997 2951 5067 πέπρακται
2987 4997 3044 5050 δὲ
3089 4998 3211 5051 ὅτου
3243 4999 3439 5068 χάριν,
3494 4994 3543 5048 εἰ
3579 5008 3643 5053 τις

2083 5085 2260 5157 ἔροιτο
2289 5087 2469 5157 τυχὸν,
2490 5088 2884 5142 ἀντακούσεται
2915 5092 3044 5160 παρ’
3073 5091 3259 5159 ἡμῶνο
3298 5091 3367 5142 'll
3386 5089 3505 5142 θεία
3528 5084 3644 5137 5:61-

2085 5177 2163 5242 ξει
2193 5177 2518 5250 Γραφή.”ῐθι
2548 5179 2610 5248 δὴ
2654 5177 2767 5247 οὖν,
2793 5175 2836 5232 ὦ
2887 5185 3123 5249 γενναῖε,
3155 5182 3337 5234 πυθοῦ
3373 5182 3483 5233 τῶν
3511 5175 3648 5248 ἱερῶν

2083 5271 2452 5342 Γραμμάτων,
2485 5273 2579 5325 καὶ
2605 5275 2723 5334 ταῖς
2769 5273 2876 5326 τῶν
2908 5276 3077 5343 ἁγίων
3107 5277 3436 5328 ἀποστόλων
3466 5275 3646 5342 φωναῖς

2081 5361 2358 5433 ἐνερείσας
2388 5360 2446 5416 εὗ
2479 5363 2622 5437 μάλα
2657 5368 2753 5436 τῆς
2793 5366 3028 5430 διανοίας
3056 5367 3147 5420 τὸν
3174 5366 3493 5437 ὀφθαλμὸν,
3524 5363 3651 5430 Ξθρει

2080 5453 2145 5526 δὴ
2182 5455 2364 5518 καλῶς
2396 5457 2456 5508 τὸ
2479 5457 2831 5529 ζητούμενον.
2859 5460 3003 5529 Ἔφη
3042 5461 3220 5512 τοίνυν
3257 5462 3288 5512 ὁ
3327 5463 3491 5526 σοφλις
3539 5460 3651 5526 ἡμῖν

2084 5545 2314 5610 Παῦλος,
2361 5547 2522 5600 αὑτὸν
2569 5547 2706 5618 ἔχων
2755 5550 2811 5600 ἐν
2863 5547 3043 5618 ἐαυτῷ
3087 5548 3364 5601 λαλοῦντα
3419 5543 3647 5618 Χριςτῦν·

429 5645 735 5714 mentisque
781 5645 996 5699 oculum
1033 5654 1348 5703 sanctorum
1375 5645 1738 5713 apostolorum
1781 5647 1916 5700 vocil

2093 5639 2348 5711 ιἘπειδὴ
2401 5641 2457 5693 δὲ
2509 5642 2578 5694 τὰ
2631 5641 2818 5694 παιδία
2868 5641 3266 5712 κεκοινώνηκεν
3311 5643 3547 5712 αἵματος
3576 5637 3652 5689 καὶ

425 5735 600 5804 infer;
631 5746 683 5792 et
711 5738 852 5808 quod
872 5736 1399 5808 qumritur,dilucide
1432 5736 1518 5791 ltie
1544 5753 1664 5792 mox
1694 5737 1998 5793 intueluzre.

479 5871 499 5906 ί
535 5851 639 5930 [3a.
674 5888 761 5942 Lv,
792 5878 844 5930 8.
925 5878 943 5906 ¹
976 5874 1141 5930 Hebr.
1177 5889 1214 5941 ι,
1253 5873 1302 5938 τι,
1331 5873 1383 5928 2.
1462 5873 1482 5903 ³
1519 5872 1655 5926 l’sal.
1694 5886 1836 5932 που,
1867 5873 1917 5925 8.

2082 5731 2303 5802 σαρκὸς,
2321 5735 2413 5792 καὶ
2443 5733 2603 5798 αὐτὸς
2635 5735 3032 5806 παραπλησίως
3060 5738 3288 5807 μετέσχε
3329 5736 3445 5789 τῶν
3471 5731 3647 5787 αὐτῶνθ

2003 5871 2018 5901 ⁸
2061 5869 2251 5924 ΙΪιιιι.
2289 5888 2365 5935 ιιι,
2401 5874 2480 5928 lb'.
