3968 6572
467 435 576 504 919

1702 438 2070 498 EUTllYMIl
2126 433 2482 496 ZlG.\BENI

3627 420 3716 479 9'20

463 594 563 636 sua
603 587 854 647 tanquam
886 590 1089 645 organo
1135 576 1201 627 ad
1239 574 1421 628 carnis
1453 588 1639 643 opera,
1667 579 2043 645 natm-alesque

2160 583 2403 653 καθάπερ
2427 583 2664 652 ὀργάνῳ,
2698 585 2767 653 τῇ
2810 581 2911 651 μὲν
2961 579 3068 649 ἰδίᾳ
3108 573 3294 645 σαρκὶ,
3333 567 3454 643 [τὰ]
3491 564 3627 633 πῴς
3658 561 3717 615 τά

462 670 833 742 aegritudines,
861 683 925 721 ac
958 676 1150 721 cmtera
1193 664 1367 720 ollicia
1410 667 1822 735 vituperationis
1852 685 2043 735 exper-

462 762 573 827 tia;
617 759 796 813 anima
836 770 1048 811 rursum
1079 756 1144 807 ad
1196 754 1464 809 humanas
1515 756 1927 826 inculpatasque
1960 760 2042 810 ιιι-

461 850 728 905 fectiones
774 848 1047 902 utebatur.
1091 844 1228 899 Nam
1279 854 1332 900 et
1377 847 1638 911 esuriem,
1687 856 1741 901 et
1783 848 2044 915 longioris

463 942 673 999 itineris
703 940 967 1005 laborem,
1014 949 1069 992 et
1114 952 1368 1006 pavorem
1410 954 1473 993 ac
1509 950 1737 1004 metum,
1779 949 1835 993 et
1874 940 2043 993 tristi—

464 1034 618 1100 tiam,
651 1042 705 1087 et
739 1045 1020 1097 angorem,
1049 1038 1105 1082 et
1137 1029 1305 1097 ipsam
1342 1029 1576 1096 denique
1608 1029 1661 1083 in
1698 1044 1859 1083 cruce
1900 1046 2046 1082 mor-

464 1136 570 1180 tem
601 1121 891 1193 pertulisse
922 1120 1172 1175 traditur.
1203 1119 1415 1173 Etenim
1462 1120 1608 1174 nullo
1643 1131 1892 1190 cogente,
1928 1124 2044 1174 ani-

462 1231 608 1272 mam
646 1229 799 1270 suam
836 1212 1008 1267 nostri
1045 1227 1208 1266 causa
1245 1213 1427 1280 posuit
1478 1214 1517 1277 ⁸,
1563 1227 1671 1281 quo
1703 1213 1955 1267 nimirum
1991 1226 2044 1267 et

461 1307 603 1361 vivis
630 1314 686 1361 et
710 1304 938 1359 mortuis
960 1302 1338 1358 dominaretur
1383 1307 1426 1357 ⁸.
1462 1304 1526 1357 Et
1548 1306 1768 1373 quidem
1924 1322 2044 1359 car—

461 1412 585 1453 nem
619 1410 775 1452 suam
804 1395 943 1449 citra
980 1394 1411 1448 controversiam
1444 1393 1783 1448 liherationis
1813 1396 2042 1462 pretium

466 1503 563 1559 pro
598 1487 840 1543 omnium
878 1500 1043 1541 carne
1077 1485 1381 1554 dependit;
1408 1485 1645 1539 animam
1680 1501 1809 1541 vero
1838 1486 2041 1553 justum

463 1594 564 1650 pro
616 1576 922 1632 mortalium
967 1576 1209 1629 omnium
1263 1575 1549 1629 animabus
1604 1576 1838 1644 pretium
1891 1576 2044 1629 exhi-

464 1672 609 1735 buit,
657 1668 874 1723 tametsi
907 1668 1070 1722 vitam
1099 1682 1260 1736 quant
1311 1678 1566 1735 posuerat
1599 1668 1746 1737 (nam
1774 1670 1881 1721 vita
1927 1679 2046 1722 erat

463 1778 526 1824 ut
564 1765 705 1820 Deus
759 1764 1055 1819 secundmn
1116 1767 1392 1829 ιιοιιιιοιιη
1438 1759 1616 1814 denuo
1668 1763 2041 1830 resumpserit.

2149 676 2353 743 σαρκὸς
2398 674 2535 744 ἔργα
2558 691 2617 727 τε
2655 673 2749 725 καὶ
2781 671 3200 743 ἀρρωστήματα
3234 660 3462 734 φυσικὰ,
3504 658 3603 711 καὶ
3631 656 3720 708 ὅσα

2151 766 2341 836 μώμου
2377 766 2628 836 μακράν·
2662 765 2808 834 ψυχῇ
2834 763 2877 815 δ·
2904 757 2971 815 αὖ
3004 764 3069 831 τῇ
3109 760 3234 831 ἰδίᾳ,
3264 756 3401 827 πρὸς
3430 754 3498 806 τὰ
3522 748 3721 819 ἀνθρὼ-

2148 860 2279 912 πινά
2309 875 2367 910 τε
2399 859 2489 910 καὶ
2513 859 2811 910 ἁνυπαίτια
2842 854 3013 923 πάθη.
3044 854 3303 922 Πεινῆσαι
3347 848 3458 917 γάρ
3483 845 3718 911 λέγεται,

2148 954 2351 1013 κόπους
2411 951 2735 1018 ὑπενεγκεῖν
2788 949 2915 1010 τοὺς
2971 948 3035 998 ἐκ
3090 943 3318 1014 μακρῶν
3385 934 3720 1006 ὁδοιπςριῶν.

2148 1043 2337 1104 πτοίας
2373 1060 2429 1095 τε
2470 1043 2564 1094 καὶ
2596 1041 2820 1111 φόϐους,
2849 1041 2944 1092 καὶ
2978 1038 3178 1107 λύπην,
3208 1036 3303 1088 καὶ
3334 1030 3601 1099 ἀγωνίαν,
3636 1025 3721 1079 καὶ

2148 1136 2238 1188 τὸν
2271 1134 2366 1187 ἐπὶ
2399 1134 2477 1204 τῷ
2523 1131 2745 1202 σταυρῷ
2780 1130 3033 1183 θάνατον.
3075 1123 3594 1193 Ἐπαναγκάζοντος
3624 1117 3720 1187 γὰρ

2148 1221 2383 1285 οὐδενὸς,
2415 1221 2660 1274 τέθεικεν
2702 1221 2794 1287 ἀφ’
2840 1219 3034 1273 ἑαυτοῦ
3068 1217 3165 1287 τὴν
3199 1216 3336 1270 ἰδίαν
3362 1212 3546 1283 ψυχὴν
3594 1209 3721 1277 ὑπὲρ

2147 1318 2179 1386 ἡ
2191 1314 2329 1385 μῶν,
2366 1316 2453 1368 ἵνα
2480 1314 2575 1368 καὶ⁸
2594 1315 2804 1384 νεκρῶν
2843 1314 2938 1366 καὶ
2971 1310 3188 1375 ζώντων
3217 1306 3516 1378 κυριεύσῃ⁶
3555 1302 3719 1371 σάρκα

2151 1409 2251 1479 μὲν
2287 1407 2385 1478 τὴν
2433 1406 2593 1473 ἰδίαν,
2622 1407 2722 1475 τῆς
2770 1406 3026 1459 ἁπάντων
3065 1401 3267 1473 σαρκὸς
3314 1396 3720 1456 ἀνταποτιννὺς,

2148 1500 2318 1570 δῶρον
2357 1498 2572 1567 ἀληθῶς
2594 1499 2866 1563 ἀντάξιον
2885 1496 3063 1565 ψυχὴν
3086 1494 3163 1555 δὲ,
3197 1492 3377 1563 ψυχῆς
3412 1488 3721 1558 ἀντίλυτῳν

2147 1588 2248 1657 τῆς
2277 1588 2534 1643 ἁπάντων
2564 1589 2910 1655 ποιούμενος,
2952 1588 3001 1638 εἰ
3035 1585 3127 1637 καὶ
3163 1584 3366 1637 ἀνεϐίω
3400 1580 3589 1641 πάλιν,
3620 1578 3722 1648 ζωὴ

2150 1682 2292 1733 κατὰ
2323 1680 2484 1748 φύσιν
2515 1680 2777 1750 ὑπάρχων
2804 1679 2880 1738 ὡς
2910 1678 3063 1740 Θεός.
3098 1678 3208 1728 Καὶ
3232 1675 3364 1741 γοῦν
3388 1676 3416 1726 ό
3446 1673 3722 1733 θεσπέσιος

2150 1774 2357 1845 Πέτρος
2381 1814 2394 1835 ,
2433 1793 2450 1825 t
2490 1773 2715 1843 Ἀνδρες
2746 1771 2991 1839 ἀδελφοὶ,
3021 1770 3209 1839 φησιν,
3238 1768 3359 1835 ἐξὸν
3389 1767 3568 1819 εἰπεῖν
3598 1766 3722 1835 μετὰ

462 1859 604 1916 Hinc
631 1859 847 1913 divinus
890 1855 1129 1910 Petrus:
1167 1871 1186 1905 ι
1218 1851 1351 1919 Viri,
1388 1853 1582 1922 inquit,
1635 1852 1853 1915 fratres,
1890 1854 2049 1909 liceat

2160 1866 2462 1936 παρρησίας
2495 1865 2633 1934 πρὸς
2673 1864 2818 1934 ὑμᾶς
2867 1862 2997 1932 περὶ
3026 1861 3120 1913 τοῦ
3151 1861 3494 1931 πατριάρχου
3549 1857 3720 1921 Δαῦὶδ,

465 1959 733 2008 audenter
766 1950 948 2005 dicere
994 1947 1062 2001 ad
1099 1961 1192 2001 vos
1222 1946 1288 2000 de
1336 1945 1642 2014 patriarcha
1678 1946 1868 2009 David,
1916 1961 2051 2015 quo-

465 2046 613 2098 niam
643 2052 695 2097 et
720 2039 1009 2096 defunctus
1039 2047 1144 2102 est,
1178 2045 1233 2092 et
1262 2036 1506 2107 sepultus
1527 2045 1631 2101 est,
1659 2044 1711 2088 et
1737 2036 2047 2105 sepulcrum

465 2135 583 2203 ejus
610 2142 697 2189 est
727 2132 870 2202 apud
920 2145 1020 2187 nos
1053 2145 1223 2198 usque
1266 2129 1319 2183 in
1365 2128 1687 2185 hodiernum
1720 2130 1886 2184 diem.
1918 2128 2050 2182 Pro-

464 2231 626 2299 pheta
666 2227 832 2297 igitur
870 2238 994 2279 cum
1025 2232 1194 2287 esset,
1239 2232 1295 2278 et
1342 2222 1508 2277 sciret
1542 2223 1670 2291 quia
1698 2222 2050 2290 jurejurando

461 2323 705 2391 jurasset
764 2318 839 2373 illi
899 2317 1062 2381 Deus,
1120 2315 1187 2370 de
1246 2314 1425 2369 fructu
1476 2314 1644 2369 lumbi
1698 2314 1817 2383 ejus
1859 2316 2052 2369 sedere

467 2431 632 2487 super
657 2414 843 2471 sedem
870 2411 1011 2482 ejus,
1065 2409 1356 2480 providens
1392 2408 1602 2463 locutus
1638 2418 1722 2465 est
1765 2410 1831 2463 de
1870 2423 2052 2463 resur-

469 2509 712 2564 rectione
753 2505 980 2573 Christi,
1033 2507 1160 2574 quia
1193 2518 1369 2573 neque
1419 2504 1710 2558 derelictus
1755 2505 1925 2559 estin
1968 2503 2052 2558 in-

468 2602 648 2665 feruo,
681 2612 857 2669 neque
881 2611 1012 2652 caro
1042 2597 1161 2665 ejus
1194 2597 1328 2650 vidit
1352 2595 1757 2663 corruptionem
1807 2595 1848 2648 ³.
1886 2612 1905 2645 ι
1940 2593 2052 2649 Nec

468 2691 615 2746 enim
670 2688 754 2742 fas
797 2694 882 2741 est
931 2685 1132 2749 dicere,
1189 2697 1409 2738 carnem
1459 2678 1639 2736 Verbo
1692 2682 1901 2736 unitatn
1951 2680 2053 2733 ali-

471 2780 688 2850 quando
721 2779 961 2851 potuisse
1010 2777 1305 2844 corrumpi,
1340 2784 1431 2829 aut
1470 2774 1708 2830 divinam
1744 2773 1889 2828 illam
1933 2772 2052 2825 ani-

469 2892 614 2931 mam
663 2876 803 2929 intra
849 2872 1047 2927 inferni
1085 2882 1274 2941 portas
1314 2870 1568 2925 detineri.
1602 2868 1758 2935 Nam,
1817 2878 1874 2920 ut
1914 2866 2053 2921 divi-

473 2984 580 3023 nus
628 2966 826 3023 Petrus
848 2966 944 3029 ait,
987 2963 1166 3018 anima
1217 2961 1334 3029 ejus
1366 2961 1417 3015 in
1453 2960 1672 3015 inferno
1717 2959 1904 3013 relicta
1945 2973 2049 3011 non

469 3062 594 3117 fuit.
641 3059 826 3129 Neque
876 3072 1004 3112 vero
1052 3064 1305 3108 naturam
1351 3052 1669 3123 illam,quzn
1718 3066 1820 3106 nec
1861 3060 2050 3105 mente

2148 1956 2232 2007 ὅτι
2261 1955 2357 2007 καὶ
2389 1953 2710 2024 ἐτελεύτησε
2745 1954 2841 2007 καὶ
2874 1954 3049 2024 ἐτάφη
3076 1993 3089 2015 ,
3122 1953 3216 2005 καὶ
3250 1953 3309 2004 τὸ
3344 1951 3537 2021 μνῆμα
3572 1948 3721 2001 αὑτοῦ

2150 2049 2298 2102 ἐστιν
2329 2051 2387 2101 ἐν
2434 2050 2565 2119 ἡμῖν
2611 2048 2739 2119 ἄχρι
2786 2047 2885 2116 τῆς
2920 2049 3131 2117 ἡμέρας
3165 2046 3391 2114 ταύτης.
3443 2047 3723 2117 Προτήτης

2150 2137 2244 2193 οὖν
2276 2141 2560 2209 ὑπάρχων,
2606 2140 2700 2191 καὶ
2730 2138 2887 2198 εἰδὼς
2916 2177 2930 2200 ,
2962 2140 3043 2190 ὅτι
3089 2139 3240 2207 ὅρκῳ
3282 2137 3498 2206 ὤμοσεν
3531 2138 3723 2208 αύτῷῦ

2151 2234 2306 2298 Θεὸς,
2336 2235 2400 2286 ἐκ
2428 2232 2642 2302 καρποῦ
2686 2232 2782 2301 τῆς
2817 2230 3016 2300 ὀσφύος
3045 2230 3210 2284 αὐτοῦ
3252 2231 3476 2283 καθίσαι
3528 2233 3618 2284 ἐπὶ
3641 2232 3722 2285 τοῦ

2153 2325 2345 2394 θρόνου
2388 2323 2577 2390 αὑτοῦ,
2626 2321 2892 2393 προειδὼς
2939 2321 3167 2392 ἐλάλησε
3215 2322 3470 2393 περὶτῆς
3504 2325 3722 2377 ἀναστά-

2154 2434 2293 2480 σεως
2324 2416 2418 2469 τοῦ
2464 2416 2725 2486 Χριστοῦ,
2761 2416 2843 2469 ὅτι
2886 2413 3010 2467 οὕτε
3057 2414 3456 2485 ἐγκατελείφθη
3510 2419 3543 2486 ἡ
3596 2417 3722 2487 ψυχὴ

2154 2507 2322 2560 αὐτοῦ
2348 2510 2427 2571 εἰς
2452 2508 2607 2579 ᾅδην,
2635 2506 2749 2561 οὗθ’
2777 2509 2809 2578 ἡ
2848 2507 2987 2578 σὰρξ
3014 2507 3179 2561 αὑτοῦ
3206 2504 3313 2561 οἶδε
3346 2509 3663 2577 διαφθοράν.
3699 2529 3716 2561 ι

2154 2600 2228 2652 Οὐ
2264 2600 2373 2669 γάρ
2396 2616 2478 2652 τοι
2502 2598 2662 2669 Θέμις
2697 2602 2893 2664 εἰπεῖν,
2946 2599 3123 2669 φθορᾷ
3162 2598 3263 2668 μὲν
3293 2599 3556 2653 δύνασθαι
3603 2618 3719 2670 κραο

2151 2691 2363 2745 τεῖσθαί
2392 2708 2523 2745 ποτε
2568 2692 2666 2763 τὴν
2710 2691 3006 2745 ἐνωθεῖσαν
3046 2692 3125 2761 τῷ
3162 2692 3319 2763 Λόγῳ
3370 2693 3573 2761 σάρκα,
3604 2695 3716 2748 κάτ-

2153 2800 2277 2854 οχον
2295 2784 2339 2837 δ’
2358 2779 2425 2837 αὖ
2447 2786 2567 2848 ταῖς
2588 2784 2714 2855 ᾅδου
2745 2784 2940 2848 πύλαις
2965 2786 3063 2854 τὴν
3087 2784 3237 2837 θείαν
3258 2785 3516 2852 γενέσθαι
3533 2786 3713 2855 ψυχήν

2155 2876 2255 2929 οὐκ
2276 2876 2671 2946 ἐγκατελείφθη
2691 2877 2799 2946 γὰρ
2824 2878 2903 2938 εἰς
2931 2875 3247 2948 ᾅδην,καθά
3273 2877 3367 2930 καὶ
3393 2879 3420 2930 ὁ
3447 2877 3715 2937 θεσπέσιος

2156 2965 2258 3035 ἔφη
2296 2965 2525 3035 Πέτρος.
2556 2966 2631 3018 Ού
2665 2968 2772 3035 γάρ
2814 2981 2916 3017 που
2943 2966 3041 3036 τήν
3071 2982 3128 3018 τε
3169 2965 3411 3033 ἄληπτον
3438 2965 3711 3029 παντελῶς,

2159 3057 2253 3110 καὶ
2297 3056 2571 3111 ἀνάλωτον
2614 3057 2692 3126 τῷ
2728 3057 2945 3127 θανάτῳ
2980 3056 3163 3124 φύσιν,
3195 3058 3447 3111 τουτέστι
3477 3058 3575 3127 τὴν
3613 3058 3711 3110 θεό-

470 3150 894 3222 comprehendi,
955 3162 1128 3217 neque
1178 3162 1275 3217 per
1325 3154 1553 3200 mortem
1617 3144 1887 3199 ullatenus
1933 3142 2050 3211 capi

2160 3164 2296 3217 τητα
2325 3146 2419 3201 τοῦ
2454 3146 2794 3215 Μονογενοῦς
2818 3187 2832 3209 ,
2885 3147 2994 3199 τῶν
3029 3148 3133 3201 ὑπὸ
3180 3147 3343 3218 χθόνα
3380 3150 3568 3219 μυχῶν
3602 3153 3711 3203 ἀναο

470 3254 672 3316 potest,
700 3245 801 3299 hoc
827 3252 909 3296 est
934 3239 1208 3310 Unigcniti
1236 3239 1599 3303 divinitatem,
1624 3252 1655 3291 e
1679 3236 2053 3291 subterraneis

470 3338 581 3393 illis
610 3337 879 3401 specubus
914 3347 1129 3387 rursum
1171 3330 1462 3386 emersisse
1496 3330 1736 3385 dicemus
1764 3345 1778 3381 :
1805 3327 2050 3397 quando—

473 3432 692 3498 quidem
757 3427 903 3482 nulla
951 3424 1311 3479 admiratione
1358 3423 1575 3491 dignum
1625 3431 1809 3484 esset,
1859 3421 1905 3476 si
1960 3422 2049 3475 Dei

474 3523 717 3579 Verbum
753 3519 1050 3577 divinitatis
1081 3517 1131 3570 vi
1166 3517 1524 3585 ejusdemque
1558 3512 1795 3570 eﬂicacia
1842 3516 2048 3580 nixum,

473 3616 615 3687 apud
640 3614 844 3668 inferos
864 3626 983 3665 non
1018 3610 1330 3675 mansisset,
1359 3624 1479 3663 cum
1511 3607 1903 3662 admirabiliter
1930 3624 2049 3662 om—

474 3710 635 3764 nibus
698 3705 862 3769 adsit,
921 3702 1250 3773 impleatque
1306 3702 1510 3756 omnia.
1572 3699 1758 3754 Deitas
1816 3715 2049 3767 namque

470 3799 621 3854 omni
658 3797 778 3853 loco
806 3806 863 3852 et
891 3792 1424 3863 circumscriptione,
1458 3803 1513 3846 et
1552 3792 1902 3865 mensurabili
1938 3808 2052 3846 ma-

472 3890 755 3962 gnitudine
800 3888 1071 3957 superior,
1123 3902 1153 3941 a
1206 3885 1356 3940 nullo
1422 3884 1539 3952 capi
1594 3884 2050 3951 comprehendive

496 3994 671 4040 intest.

496 4001 671 4040 κιιοει.

472 4001 489 4053 Ι
758 4065 951 4119 Mirum
1002 4076 1130 4115 vero
1185 4058 1354 4113 videri
1409 4058 1590 4118 debet,
1646 4056 1787 4124 quod
1857 4067 2056 4122 corpus

476 4168 673 4226 suapte
710 4165 901 4210 natura
948 4151 1187 4205 interitui
1235 4161 1289 4205 et
1330 4148 1488 4202 morti
1518 4149 1812 4200 obnoxium
1869 4144 1935 4196 ad
1978 4143 2056 4195 vi-

482 4260 593 4300 tam
637 4247 815 4301 denuo
883 4242 1109 4298 redierit
1154 4257 1166 4294 :
1215 4239 1267 4294 id
1318 4241 1461 4292 enim
1518 4234 1843 4290 immortalis
1892 4230 2055 4285 Verbi

479 4339 763 4409 proprium
812 4344 950 4390 erat.
1003 4334 1093 4388 Sic
1143 4345 1359 4403 quoque
1408 4331 1608 4393 anima,
1651 4344 1769 4396 qua:
1803 4342 1924 4380 cum
1969 4325 2060 4378 illo

482 4430 770 4498 cenjuneta
804 4428 1160 4499 copulataque
1192 4427 1390 4491 fuerat,
1419 4426 1483 4478 ad
1512 4422 1716 4477 inferos
1741 4419 2057 4482 descendit,

483 4525 773 4593 divinaque
802 4522 1001 4576 virtute
1035 4536 1099 4575 ac
1132 4519 1371 4589 potentia
1406 4528 1585 4579 utens,
1615 4516 1896 4584 spiritibus
1924 4527 2061 4581 quo-

482 4630 590 4684 que
621 4614 819 4668 ibidem
852 4612 1084 4681 captivis
1112 4625 1233 4665 sese
1262 4608 1507 4663 exhibuit
1556 4607 1597 4659 ⁵.
1632 4606 1845 4660 Etenim
1880 4605 1944 4659 iis
1968 4603 2062 4672 qui

483 4705 718 4761 vinculis
770 4705 841 4759 ibi
876 4701 1158 4758 constricti
1198 4700 1587 4753 detinebantur
1620 4715 1632 4750 :
1671 4714 1688 4746 ι
1722 4697 1899 4758 Exite,
1939 4695 2015 4748 ait
2046 4711 2060 4747 :

484 4801 553 4855 iis
578 4810 717 4853 vero
739 4796 831 4866 qui
874 4794 1116 4850 tenebris
1136 4793 1556 4862 operiebantur:
1583 4789 1915 4845 Revelamini
1966 4790 2009 4840 ⁸.
2039 4807 2057 4840 ι

484 4896 664 4961 Atque
716 4890 821 4944 huc
877 4889 1005 4941 mihi
1059 4900 1287 4956 magnus
1362 4884 1451 4939 ille
1505 4884 1698 4938 Petrus
1758 4882 2066 4951 respexisse

484 4983 720 5046 videtur,
759 4994 880 5033 cum
910 4980 975 5033 de
1012 4976 1109 5031 Dei
1144 4975 1345 5037 Verbo,
1381 4972 1731 5040 rjusdemque
1766 4971 2063 5025 secundum

488 5072 942 5143 tlispensatoriam
996 5070 1254 5123 unionem
1304 5066 1506 5131 anima,
1566 5067 1708 5118 hunc
1745 5065 1795 5117 in
1849 5066 2064 5119 modum

488 5166 893 5224 concinnatur:
929 5184 947 5215 ι
979 5162 1172 5216 Melius
1218 5170 1299 5214 est
1350 5159 1494 5211 enim
1554 5157 1956 5212 benefacientes
2002 5159 2066 5224 (si

485 5261 739 5316 voluntas
773 5257 866 5310 Dei
904 5255 1055 5324 velit)
1092 5254 1228 5322 pati,
1260 5266 1420 5320 quam
1454 5249 1860 5305 tnalefacientes
1894 5264 1906 5303 :
1941 5251 2065 5319 quia

489 5364 545 5407 et
572 5352 826 5406 Christus
859 5348 1026 5403 semel
1066 5361 1164 5416 pro
1191 5344 1431 5414 peccatis
1463 5346 1663 5399 nostris
1694 5355 1939 5398 mortuus
1964 5354 2067 5411 est,

482 5449 665 5516 justus
708 5458 804 5514 pro
830 5441 1071 5512 injustis,

573 6012 589 6042 ¹
627 6008 833 6064 lJoan.
858 6022 936 6075 ιιι,
966 6005 1050 6061 l6.
1111 6006 1130 6037 ²
1158 6001 1318 6057 Rom.
1363 6018 1471 6067 xiv,
1504 6001 1556 6057 9.

1236 5445 1294 5490 ut
1341 5452 1440 5491 nos
1471 5434 1690 5491 ollet'rct
1722 5437 1828 5491 Deo
1855 5452 1870 5503 ;
1920 5452 2069 5490 mor-

488 5539 727 5593 tilicatus
789 5535 1007 5604 quidem
1079 5545 1282 5594 carne,
1351 5528 1655 5583 viviﬁcatus
1723 5514 1900 5582 autem
1961 5530 2071 5598 spi-

488 5632 593 5686 ritu
637 5630 679 5695 ⁸,
743 5629 795 5681 in
845 5641 953 5695 quo
997 5636 1051 5680 et
1099 5624 1183 5677 his
1216 5622 1307 5694 qui
1348 5623 1400 5675 in
1449 5637 1672 5676 carcere
1722 5631 1878 5674 erant
1910 5622 2070 5690 spiri-

490 5725 633 5778 tibus
684 5721 910 5774 veniens
963 5716 1316 5787 praedicavit,
1370 5714 1463 5782 qui
1538 5713 1799 5768 increduli
1859 5712 2073 5768 fuerant

488 5813 802 5883 aliquando.
818 5828 835 5860 ιι
864 5806 976 5862 Nec
1000 5822 1128 5861 vero
1148 5807 1329 5861 dicent
1355 5804 1693 5859 divinitatem
1715 5820 1807 5873 per
1830 5821 1887 5860 se
1908 5805 2074 5858 solum

497 5909 563 5963 ad
604 5908 809 5961 inferos
851 5900 1222 5963 descendiSse,
1267 5897 1657 5968 Spiritibusque
1704 5900 1901 5953 ibidem
1947 5916 2076 5954 con-

1628 6002 1647 6034 ³
1676 6002 1793 6055 Act.
1828 6016 1888 6065 ll,
1923 5997 2110 6053 εδει.

2158 3241 2480 3311 κεκομίσθαι
2508 3241 2753 3311 φήσομεν
2774 3258 2787 3272 ο
2818 3240 2942 3293 οῦτε
2973 3240 3084 3310 γὰρ
3110 3241 3178 3294 ἂν
3214 3240 3426 3311 ἠξιώθη
3456 3243 3516 3296 τὸ
3548 3244 3711 3313 χρῆμα

2156 3332 2457 3401 θαύματος,
2493 3334 2542 3383 ει
2585 3333 2659 3402 μὴ
2720 3332 3029 3403 μεμένηκεν
3055 3335 3136 3396 εὶς
3162 3334 3257 3385 τὸν
3287 3334 3421 3405 ᾅδην
3455 3336 3484 3387 ὁ
3510 3336 3573 3387 ὲκ
3597 3334 3709 3386 Θεοῦ

2152 3426 2345 3494 Λόγος,
2411 3429 2477 3495 τῇ
2522 3426 2621 3495 τῆς
2689 3426 2944 3496 θεότητος
3002 3426 3254 3494 ἐνεργείᾳ
3293 3443 3351 3479 τε
3406 3429 3503 3479 καὶ
3554 3427 3707 3493 φύσει,

2156 3516 2480 3589 παραδόξως
2539 3533 2605 3597 τε.
2662 3516 2757 3569 καὶ
2818 3517 2958 3586 ὑπὲρ
3018 3517 3195 3584 λόγον,
3242 3516 3467 3587 πληρῶν
3521 3518 3611 3587 μὲν
3655 3517 3708 3568 τὰ

2159 3612 2355 3669 πάντα,
2389 3611 2485 3663 καὶ
2515 3612 2627 3672 τοῖς
2658 3610 2824 3663 πᾶσιν
2852 3609 3154 3680 ἐπιδημῶν.
3172 3609 3367 3662 ’Δνώτε
3378 3627 3471 3680 ρον
3494 3610 3595 3678 γάρ
3621 3623 3704 3660 που

2160 3702 2261 3754 καὶ
2286 3700 2649 3772 περιορισμοῦ
2684 3700 2780 3754 καὶ
2804 3700 2968 3754 τόπου
3000 3701 3094 3753 καὶ
3122 3700 3386 3771 μεγέθους
3472 3702 3705 3767 pet-prmi

2157 3796 2219 3847 τὸ
2249 3793 2427 3859 Θεῖον,
2463 3794 2595 3846 αὐτὸ
2634 3793 2691 3846 δὲ
2724 3793 2831 3847 ὑπὸ
2859 3794 3087 3863 μηδενὸς
3116 3793 3483 3865 χωρούμενον.
3534 3840 3539 3845 .

2384 4057 2694 4131 Παράδοξον
2764 4052 2822 4106 δὲ
2849 4052 2944 4105 καὶ
2974 4047 3155 4102 οὐδενὶ
3188 4044 3296 4098 τῶν
3322 4043 3493 4096 ὄντων
3522 4038 3708 4106 θαυμα-

2162 4154 2285 4210 στὸν
2338 4194 2352 4215 ,
2382 4127 2658 4218 ὃτι-σῶμα
2698 4144 2796 4215 μὲν
2830 4141 3028 4195 ἀνεϐίω
3061 4138 3120 4191 τὸ
3157 4140 3225 4207 τῇ
3276 4133 3436 4202 φύσει
3465 4127 3705 4201 φθαρτόν·

2160 4241 2227 4315 ἦν
2255 4242 2363 4312 γάρ
2400 4240 2531 4292 ἴδιον
2554 4234 2648 4289 τοῦ
2680 4231 2959 4303 ἀφθάρτου
2986 4223 3358 4296 Λόγου.Ψυχὴ
3380 4222 3435 4274 δὲ
3464 4222 3526 4291 δὴ
3553 4219 3711 4276 πάλιν,

2162 4314 2261 4402 τὴν
2309 4330 2443 4402 πρὸς
2492 4326 2654 4383 αὐτὸν
2684 4320 2929 4393 λαχοῦσα
2959 4317 3267 4390 συνδρομήν
3298 4331 3357 4365 τε
3390 4317 3484 4367 καὶ
3514 4314 3707 4369 ἕνωσιν,

2165 4423 2606 4494 καταπεφοίτηκε
2643 4420 2739 4491 μὲν
2789 4420 2867 4479 εἰς
2903 4414 3056 4487 ᾅδου,
3103 4411 3399 4480 θεοπρεπεῖ
3425 4408 3483 4460 δὲ
3514 4403 3717 4470 δυνάμει

2167 4520 2263 4572 καὶ
2324 4514 2544 4585 ἐξουσία
2596 4510 2877 4583 χρωμένη,
2924 4507 3019 4560 καὶ
3056 4506 3169 4567 τοῖς
3222 4503 3405 4556 ἐκεῖσε
3468 4496 3719 4562 πνεύμασι

2170 4610 2544 4678 κατεφαίνετο.
2608 4604 2902 4674 Τοιγάρτοι
2982 4598 3075 4652 καὶ
3136 4596 3343 4664 ἔφασκε
3389 4594 3501 4653 τοῖς
3553 4592 3608 4641 ὲν
3654 4584 3725 4636 δε·

2173 4706 2355 4774 σμοῖς·
2393 4722 2412 4753 ‹
2462 4687 2734 4763 Ἐξέλθετε
2754 4714 2766 4726 ’
2799 4694 3029 4755 καὶτοῖς
3056 4692 3112 4743 ἐν
3145 4688 3222 4758 τῷ
3249 4686 3462 4739 σκότει·
3512 4685 3724 4735 Ἄνακαο

2171 4794 2457 4849 λύπτεσθε.
2496 4812 2513 4842 ι
2552 4790 2659 4843 Καὶ
2693 4806 2781 4859 μοι
2834 4787 2981 4839 δοκεῖ
3023 4783 3189 4852 φάναι
3224 4797 3275 4832 τι
3318 4775 3561 4830 τοιοῦτον
3592 4768 3729 4824 καὶὸ

2172 4882 2455 4943 θεσπέσιος
2500 4877 2703 4946 Πέτρος
2749 4876 2880 4945 περὶ
2920 4872 3017 4926 τοῦ
3074 4870 3209 4923 Θεοῦ
3265 4866 3468 4934 Λόγου,
3514 4862 3604 4916 καὶ
3646 4858 3730 4929 τῆς

2172 4978 2292 5030 καθ’
2321 4976 2512 5028 ’ἐνωσιν
2551 4971 2861 5040 οἰκονομίας
2884 4972 2902 5004 ι
2935 4962 3312 5036 γεγενημένης
3346 4957 3511 5011 αὑτοῦ
3535 4952 3728 5024 ψυχῆς·

2180 5091 2197 5123 t
2236 5073 2498 5142 Κρεῖττον
2530 5066 2638 5137 γάρ
2664 5059 3150 5133 ἀγαθοποιοῦντας,
3186 5056 3235 5106 εἰ
3270 5052 3415 5105 θέλοι
3452 5049 3515 5102 τὸ
3540 5046 3731 5113 θέλημα

2174 5166 2267 5218 τοῦ
2294 5162 2450 5226 Θεοῦ,
2481 5162 2733 5231 πάσχειν,
2761 5158 2793 5228 ἣ
2824 5151 3257 5208 κακοποιοῦντας
3278 5162 3290 5177 ·
3320 5148 3404 5199 ὅτι
3437 5144 3529 5195 καὶ
3562 5143 3587 5193 ὁ
3610 5138 3735 5206 Χριο

2176 5258 2299 5320 στδς
2337 5253 2485 5318 ἅπαξ
2519 5227 2660 5321 ὑπερ
2691 5246 3035 5320 ἁμαρτωλῶν
3069 5241 3308 5296 ἀπέθανε
3332 5275 3347 5299 ,
3377 5237 3580 5293 δίκαιος
3609 5227 3735 5293 ὑπὲρ

2176 5350 2395 5413 ἀδίκων,
2446 5346 2511 5398 ἶν’
2542 5345 2688 5415 ἡμᾶς
2739 5338 3067 5411 προσαγάγῃ
3118 5333 3196 5404 τῷ
3242 5329 3384 5399 (θεῷ’
3420 5318 3732 5415 θανατωθεὶς

2179 5442 2276 5510 μὲν
2327 5437 2528 5509 σαρκὶ,
2580 5430 2936 5502 ζωοποιηθεὶς
2980 5428 3037 5481 δὲ
3084 5425 3162 5497 τῷ
3206 5422 3514 5491 πνεύματι’
3575 5418 3628 5466 ἐν
3670 5402 3724 5476 ᾧ.

2177 5532 2330 5602 gms"
2388 5527 2484 5582 καὶ
2545 5528 2655 5590 τοῖς
2721 5526 2778 5577 ἐν
2848 5521 3062 5591 φυλακῇ
3130 5516 3403 5586 πνεύμασι
3468 5503 3724 5577 πορευθεὶς

2177 5601 2810 5695 ὲκῆρ’-λαξίωνἀπειθήσασι
2834 5630 2985 5666 ποτε.
3015 5631 3032 5663 ι
3064 5610 3197 5664 Οὐδὲ
3224 5608 3355 5676 γὰρ,
3388 5601 3558 5673 οἶμαιρ
3586 5596 3723 5663 φαῖεν

2179 5713 2264 5775 ἂν,
2310 5710 2383 5773 ὡς
2432 5707 2613 5779 γυμνὴ
2642 5707 2736 5760 καὶ
2766 5704 2884 5758 καθ’
2925 5700 3123 5770 ἑαυτὴν
3167 5700 3200 5768 ἡ
3232 5698 3424 5766 θεότης
3452 5691 3539 5746 τοῦ
3568 5689 3720 5779 Move:

2178 5800 2369 5869 γενοῦς
2412 5797 2854 5864 καταπεφοετηκε
2901 5793 2999 5864 μὲν
3035 5792 3114 5853 εἰς
3162 5790 3311 5859 ᾇδου,
3372 5777 3635 5851 διεκήρυξε
3668 5771 3715 5822 δε

2178 5897 2287 5956 τοῖς
2336 5895 2513 5945 ὲκείῖε
2562 5891 2865 5958 πνεύμασιν
2900 5925 2915 5952 ,
2967 5884 3208 5946 ἄποπτος
3257 5877 3391 5934 οὖσα
3436 5871 3704 5928 navum?

2180 5996 2198 6027 ⁵
2233 5997 2250 6053 l
2280 5997 2424 6050 I’etr.
2458 6009 2539 6054 lli,
2576 5990 2656 6045 ιι).
2722 5989 2741 6020 ⁸⁸
2776 5987 2877 6041 lsa.
2910 5999 3051 6048 aus,
3081 5982 3132 6039 9.
3201 5983 3217 6013 ⁶
3247 5981 3420 6037 ll‘ctr.
3449 5996 3519 6043 Ill,
3548 5974 3616 6034 l7,
3646 5966 3711 6022 l3.
