3968 6550
254 391 350 455 921

1202 392 1574 454 PANOPLIA
1616 361 2158 457 DOGIii.-\'l‘lCA.--
2195 401 2345 460 ΤιΤ.
2381 403 2536 467 Xiv.

3408 407 3476 468 92
3495 413 3522 470 ξ’

251 533 492 602 κρεῖττον
519 532 628 604 γὰρ
656 533 743 586 ἀεὶ
781 533 874 586 τοῦ
900 533 1131 603 ὁρᾶσθαι
1157 535 1218 586 τὸ
1261 533 1433 586 Θείον.
1475 534 1615 586 Ἀλλ’
1643 535 1703 585 οὑ
1736 534 1820 584 δο-

1934 535 2094 586 rlusis
2143 535 2499 601 praedicasse;
2552 551 2674 590 cum
2731 536 2842 604 ipsa
2897 537 3118 593 omnino
3165 543 3268 597 sub
3319 547 3504 600 oculos

249 627 406 693 κήσει
432 625 527 677 καὶ
549 625 1040 695 ἐσχηματισμένως
1078 626 1159 687 εἰς
1189 625 1250 678 τὸ
1278 625 1458 694 ψυχῆς
1489 622 1624 687 εἶδος
1651 626 1820 692 αὑτὴν

251 714 645 786 μεμορφῶσθαι
693 715 972 786 δώσομεν⁹
1025 717 1392 785 παραιτητέον
1425 716 1534 785 γὰρ
1573 717 1823 785 πανταχῆ

250 807 346 876 τὴν
371 807 613 876 δόκησιν.
632 808 772 860 Ἀλλ’
801 807 990 879 ὥσπερ
1021 812 1134 872 τοῖς
1156 811 1248 862 ἐπὶ
1276 809 1381 879 γῆς
1406 810 1819 877 συνανεστράςρη

250 899 391 970 μετὰ
418 901 640 970 σαρκὸς,
675 900 816 954 οὕτω
863 902 957 954 καὶ
1002 905 1124 964 ταῖς
1156 905 1234 965 εἰς
1265 901 1390 974 ᾅδου
1420 901 1618 971 ψυχαῖς
1645 900 1825 971 διεκή-

249 991 430 1061 ρυξεν.
483 992 612 1048 ῐδιον
667 993 807 1063 ἔχων
865 995 1116 1065 φόρημα,
1167 994 1266 1064 την
1325 993 1616 1046 ένωθεῖσαν
1671 992 1820 1062 αὑτῷ

247 1085 453 1154 ψυχήν.

245 1176 537 1243 degebant,
589 1186 833 1232 versatus
880 1187 962 1232 est
994 1179 1046 1231 in
1097 1192 1370 1245 corpore;
1406 1179 1479 1233 ita
1547 1179 1849 1248 apii-ilibus,

1933 640 2036 678 non
2066 626 2256 688 cadat,
2304 627 2756 698 praestantiorquo
2813 629 2902 694 sit,
2949 645 3113 698 quam
3174 643 3232 687 ut
3277 637 3344 689 ab
3393 639 3504 692 ullo

1929 717 2077 769 cerni
2115 725 2302 786 queat.
2334 717 2443 771 Nec
2471 718 2634 771 etiam
2674 721 3078 774 concedendum
3115 734 3197 777 est
3245 725 3410 793 ipsam
3448 730 3519 780 in-

1930 819 2277 877 apparentem
2325 809 2519 862 anima:
2569 812 2801 878 speciem
2847 815 3284 870 transl'ormatam
3333 833 3502 874 esse:

1927 901 2196 969 siquidem
2249 909 2488 953 externa:
2541 900 2696 954 istius
2748 906 3074 971 apparentia:
3135 918 3499 961 commentum

1929 993 2155 1050 omnino
2191 992 2462 1062 repudiari
2513 993 2689 1046 debet.
2738 994 2842 1047 Sed
2880 999 3331 1062 quemadmodum
3375 999 3505 1054 Uni-

1927 1089 2141 1157 genitus
2191 1102 2318 1140 cum
2377 1086 2477 1149 iis,
2524 1087 2614 1153 qui
2666 1085 2722 1140 in
2791 1089 3113 1155 corporibus
3160 1093 3271 1144 suis
3321 1095 3502 1146 adhuc

1924 1179 2018 1248 qui
2071 1179 2210 1246 apud
2262 1177 2464 1230 inferos
2520 1177 2870 1244 tenebamur,
2931 1181 3168 1236 animam
3215 1197 3394 1239 mente
3447 1198 3502 1241 et

245 1269 466 1324 ratione
503 1271 784 1337 praeditam
821 1270 923 1324 sibi
957 1269 1302 1339 conjunctam
1339 1271 1568 1335 habens,
1604 1272 1963 1325 concionatus
2003 1280 2109 1325 est.

490 1362 600 1414 Καὶ
635 1360 803 1429 βαθὺς
835 1363 933 1432 μὲν
967 1362 1095 1426 ἴσως
1125 1363 1222 1416 καὶ
1249 1363 1560 1435 ἀπόρρητος
1613 1364 1827 1435 ἀληθῶς

245 1453 348 1506 καὶ
386 1457 508 1516 ταῖς
554 1455 849 1523 ἡμετέραις
897 1453 1159 1518 διανοίαις
1201 1456 1301 1525 οὑχ
1346 1455 1619 1526 ἁλώσιμος
1657 1459 1686 1510 6
1724 1455 1824 1525 τῆς

243 1544 714 1616 ὲνανθρωπήσεως
742 1545 961 1615 τρόπος.
1008 1547 1215 1600 Ἐκεῖνο
1244 1547 1289 1603 δ’
1322 1542 1415 1600 οὖν
1447 1548 1597 1618 ὅμως
1628 1547 1820 1601 ἀναλο-

243 1635 499 1703 γίζεσθαι
544 1633 776 1705 πρέπει·
821 1636 890 1689 τὰ
932 1636 1042 1707 γάρ
1069 1653 1154 1689 τοι
1205 1635 1279 1707 μὴ
1322 1635 1445 1690 καθ’
1478 1639 1629 1708 ἡμᾶς
1664 1637 1827 1690 πολι.-

244 1729 610 1798 πραγμονεῖν,
644 1728 746 1779 οὑκ
774 1727 1008 1798 ἀζήμιον
1030 1745 1045 1760 ·
1099 1729 1427 1788 ἀνούστατον
1463 1730 1520 1783 δὲ
1547 1728 1825 1792 παντελῶς

243 1820 308 1872 τὸ
345 1819 598 1889 βασάνοις
636 1819 932 1890 ὑποφέρειν
957 1821 1024 1875 τὰ
1057 1822 1197 1891 ὑπὲρ
1223 1821 1372 1884 γοῦν,
1411 1822 1501 1875 καὶ
1532 1821 1827 1893 πειρᾶσθαι

2235 1363 2326 1418 Est
2374 1380 2507 1420 sane
2541 1365 2938 1422 incarnationis
2983 1371 3171 1424 modus
3217 1375 3499 1432 admodum

1931 1455 2167 1519 subtilis,
2210 1471 2441 1524 vereque
2484 1458 2918 1526 ineXplicahilis;
2971 1462 3091 1517 talis
3125 1464 3361 1534 demum,
3405 1471 3498 1538 qui

1929 1549 2278 1618 cogitatioiiis
2319 1561 2618 1619 captusque
2648 1554 2821 1607 nostri
2853 1551 3131 1625 angustias
3160 1559 3344 1615 multis
3381 1577 3506 1630 par-

1930 1641 2075 1696 tibus
2114 1641 2363 1696 excedat.
2397 1641 2739 1711 Quapropter
2778 1646 2911 1700 illud
2960 1649 3152 1703 iterum
3201 1653 3520 1724 iterumque

1929 1735 2237 1802 eXpendcre
2292 1749 2388 1788 nos
2432 1737 2641 1790 decet:
2685 1753 2912 1806 uenipe,
2969 1752 3026 1792 ut
3083 1744 3325 1809 periculo
3399 1762 3512 1801 notr

1931 1835 2088 1880 vacat
2131 1826 2405 1881 curiosius
2444 1827 2498 1880 iu
2536 1844 2599 1882 ea
2633 1829 2928 1898 inquirere,
2967 1851 3085 1902 qua:
3119 1836 3350 1891 humana
3397 1856 3502 1895 non

241 1913 392 1964 νοεῖν
430 1910 465 1964 ὃ.
514 1912 612 1981 οὑχ
637 1907 747 1964 οἷόν
770 1929 852 1967 τε.
884 1915 955 1966 Ἦ
983 1915 1083 1967 οὑκ
1122 1911 1300 1980 οἶσθα,
1347 1917 1429 1969 ὅτι
1473 1918 1536 1968 τὸ
1587 1914 1722 1985 βαθὺ
1761 1916 1825 1987 δὴ

1934 1929 2054 1972 sunt
2081 1936 2094 1970 :
2125 1919 2194 1971 ita
2238 1928 2498 1974 extrema:
2531 1921 2817 1976 dementia:
2852 1925 3018 1978 videri
3058 1944 3120 1979 ea
3157 1945 3274 1998 qua:
3308 1933 3504 1987 tuentis

241 2000 411 2056 τοῦτο
443 2003 760 2072 μυστήριον,
793 2003 887 2056 καὶ
912 2003 1036 2057 νοῦν
1063 2005 1332 2078 ὑπερέχον
1363 2004 1452 2060 τὸν
1483 2008 1541 2060 ὲν
1571 2006 1727 2074 ἡμῖν,
1758 2009 1825 2076 τῇ

242 2093 410 2165 ἡμῶν
435 2094 854 2165 ἀπεριεργάστῳ
883 2097 1062 2149 πίστει
1118 2098 1441 2169 τετίμηται;
1473 2099 1544 2151 Τὸ
1569 2099 1626 2153 δὲ
1659 2102 1832 2153 ἁσυν-,

240 2189 389 2252 ἑτως
426 2189 637 2258 λέγειν,
685 2211 702 2241 ι
737 2190 857 2254 Πῶς
883 2191 1102 2243 δύναται
1129 2189 1301 2244 ταῦτα
1343 2191 1632 2259 γενέσθαι;
1669 2210 1688 2242 ›
1726 2192 1827 2243 Νι·-

244 2281 480 2352 κοδήμῳ
499 2299 558 2334 τε
583 2282 776 2351 ἐκείνῳ
819 2282 914 2334 καὶ
946 2284 1058 2346 τοῖς
1085 2284 1208 2335 κατ’
1243 2284 1406 2336 αὑτὸν
1431 2283 1824 2353 ἀπονέμοντες,

244 2371 642 2435 ἀνενδοιάστως
674 2371 1108 2442 παραδεξὺμεθα
1142 2373 1210 2426 τὰ
1233 2372 1320 2425 διὰ
1339 2371 1432 2425 τοῦ
1477 2372 1622 2426 θείου
1658 2373 1828 2425 Πνεῦ-

249 2477 430 2531 ματος
474 2461 966 2532 χρησμῳδοὺμενα,
1008 2462 1099 2514 καὶ
1152 2460 1298 2531 αὑτῴ
1337 2462 1395 2514 δὲ
1444 2462 1826 2532 πιστεύσωμεν

243 2551 464 2620 λέγοντι
499 2551 751 2623 Χριστῷ·
791 2571 808 2604 ι
852 2553 1042 2622 Ἀμὴν,
1075 2553 1218 2624 ἀμὴν
1243 2553 1387 2622 λέγω
1436 2555 1584 2623 ὑμῖν,
1611 2553 1647 2607 ἃ
1679 2555 1820 2607 οῖδα-

247 2662 378 2716 μεν,
431 2645 718 2717 λαλοῦμεν,
768 2645 864 2698 καὶ
905 2644 940 2698 δι
975 2647 1320 2716 ἑωράκαμεν,
1362 2647 1764 2716 μαρτυροῦμεν.
1801 2667 1820 2698 ι

241 2737 496 2808 υξχέσοω
521 2738 585 2809 δὴ
619 2731 713 2793 οὖν
742 2738 906 2809 λῆρος
939 2737 1039 2806 μὲν
1069 2736 1234 2801 ἄπας,
1283 2739 1450 2808 μῦθός
1482 2755 1540 2790 τε
1567 2738 1826 2808 ἀδρανὴς,

241 2831 349 2884 καὶ
387 2829 726 2900 ψευδοδοξία,
762 2831 854 2883 καὶ
890 2829 1349 2900 κεκομψευμένων
1395 2831 1695 2901 ρημάτωνιι
1743 2847 1832 2898 φε-

241 2923 546 2993 νακισμός·
599 2921 939 2992 προσιέμεθα
983 2920 1100 2974 οῦτι
1153 2939 1256 2974 που
1307 2921 1367 2974 τὸ
1440 2921 1830 2976 κατασίνεσθαι

241 3015 498 3085 πεφυκὸς
522 3053 537 3078 ,
568 3015 670 3069 κᾶν
709 3016 758 3068 εἰ
790 3017 901 3077 τοῖς
936 3013 1075 3083 ἄγαν
1117 3013 1533 3085 ὲξησκημένοις,
1587 3015 1681 3068 καὶ
1724 3016 1830 3085 μὴν

241 3108 350 3160 καί
377 3109 593 3177 πικροῖς
622 3108 770 3176 ἡμᾶς
797 3110 1184 3178 κατακροτοῖεν
1226 3117 1252 3145 '
1285 3107 1465 3175 λόγοις
1493 3109 1541 3161 οἱ
1582 3107 1650 3160 δι’
1674 3108 1826 3159 ἐναν-

241 3198 394 3262 τίας.
431 3200 585 3252 Ἔστι
616 3198 725 3268 γὰρ
769 3198 828 3251 τὸ
872 3198 1013 3253 θεῖον
1062 3199 1222 3268 ἡμῶν
1270 3200 1573 3270 μυστήριον
1621 3197 1721 3251 οὑκ
1766 3199 1825 3249 ὲν

1931 2020 2132 2065 nostra!
2183 2013 2355 2066 aciem
2401 2013 2712 2080 excedunt,
2759 2016 2983 2070 humani
3027 2019 3214 2087 judicii
3278 2025 3500 2077 trutina:

1930 2105 2198 2172 subjicere
2240 2104 2461 2158 moliri:
2495 2105 2576 2159 vel
2625 2108 2690 2160 ad
2738 2123 2924 2161 eorum
2981 2127 3192 2164 rursum
3242 2115 3505 2182 cognitio—

1930 2212 2052 2251 nem
2109 2197 2267 2258 eniti,
2327 2213 2447 2265 qme
2499 2197 2647 2252 nullo
2699 2209 2858 2265 pacto
2909 2211 3093 2254 nostra
3151 2204 3502 2272 intelligentia

1931 2287 2317 2355 comprehendi
2369 2297 2612 2356 possunt.
2657 2287 2844 2343 Nescis
2875 2292 3193 2358 profundum
3243 2295 3342 2349 hoc
3391 2311 3506 2365 my-

1931 2381 2182 2444 sterium,
2214 2381 2472 2448 omnique
2508 2381 2744 2434 lmmano
2768 2397 2930 2436 sensu
2967 2386 3270 2445 sublimius.
3303 2387 3405 2440 lide
3438 2391 3506 2441 ah

1930 2472 2075 2532 omni
2133 2471 2346 2526 curiosa
2401 2472 2652 2539 indagine
2694 2473 2868 2528 aliena
2924 2475 3179 2528 honorari
3233 2493 3259 2530 a
3312 2479 3514 2532 nobis?

1931 2561 2293 2626 Quamobrem
2327 2563 2544 2616 stultam
2576 2563 2716 2616 illam
2749 2566 3098 2632 quaestionem
3128 2583 3142 2622 :
3179 2587 3197 2616 ι
3227 2567 3507 2634 Quomodo

1933 2663 2157 2722 possunt
2200 2655 2312 2709 haec
2348 2654 2458 2709 ﬁeri
2511 2655 2573 2707 ⁸2
2604 2674 2622 2706 ι
2667 2655 2961 2710 Nicodemo
2987 2659 3210 2726 ejusque
3242 2661 3506 2714 similibus

1936 2745 2341 2812 relinquentes,
2397 2746 2530 2797 citra
2597 2744 2757 2798 ullatn
2819 2746 3211 2802 haesitationem
3273 2749 3508 2818 Spiritus

1929 2836 2103 2890 sancti
2139 2836 2353 2889 oracula
2397 2835 2778 2904 suscipiamus,
2821 2838 3030 2906 ipsique
3071 2840 3289 2895 Christo
3332 2843 3396 2894 de
3447 2857 3512 2896 se

1931 2928 2168 2996 loquenti
2221 2929 2379 2981 iidem
2434 2928 2731 2983 habeamus
2761 2947 2772 2982 :
2806 2948 2825 2980 ‹
2856 2930 3050 2999 Amen,
3104 2932 3297 3000 inquit,
3348 2949 3510 2987 ametr

1928 3020 2050 3073 dico
2089 3017 2265 3082 vobis,
2322 3019 2448 3088 quia
2501 3033 2620 3087 qua:
2654 3020 2876 3085 scimus,
2927 3020 3232 3088 loquimur;
3301 3033 3355 3074 et
3387 3040 3506 3091 qua:

1931 3109 2182 3174 vidimus,
2209 3119 2470 3164 testamur
2511 3114 2551 3164 ³.
2584 3130 2602 3162 ι
2640 3110 2864 3165 Valeant
2897 3112 3060 3181 igitur
3088 3113 3300 3180 deliria,
3333 3116 3498 3170 faces.

1934 3210 2055 3254 eant
2087 3215 2276 3253 omnes
2307 3200 2536 3254 inﬁrmae
2567 3202 2632 3254 ad
2666 3203 3097 3270 persuadendum
3141 3204 3352 3269 fabulaz,
3388 3208 3498 3274 epi-

242 3289 463 3352 πειθοῖς
485 3290 678 3359 σοφίας
705 3289 1051 3361 ἀνθρωπίνης
1081 3290 1282 3358 λόγοις,
1315 3290 1431 3345 ἀλλ’
1461 3291 1519 3342 ἐν
1547 3287 1825 3352 ἀποδείξει

1938 3291 2231 3357 nionesque
2266 3289 2435 3354 falsae,
2467 3305 2530 3343 ac
2561 3290 2961 3358 phaleratarum
2993 3293 3301 3346 vocularum
3338 3296 3510 3362 impo-

243 3382 400 3437 ιινεὺ
409 3399 595 3453 ματος.

1940 3392 2102 3434 storm
2130 3398 2144 3434 :
2173 3380 2304 3432 nihil
2334 3382 2475 3432 enim
2518 3381 2660 3447 quod
2695 3382 3077 3435 detrimentum
3110 3383 3308 3437 aﬂ'erre
3349 3387 3429 3438 sol
3469 3397 3508 3448 t,

245 3475 619 3540 admittimus;
658 3473 872 3528 etiamsi
933 3473 1228 3528 adversarii
1289 3471 1762 3528 exercitatissimis
1821 3472 2216 3540 acerrimisque
2270 3472 2571 3526 rationibus
2635 3490 2730 3528 nos
2794 3476 3148 3541 pulsaverint.
3210 3475 3302 3530 Est
3363 3479 3506 3531 enim

241 3571 492 3623 divinum
516 3567 617 3624 hoc
649 3578 891 3622 nostrum
926 3577 1349 3631 sacramentum,
1385 3585 1490 3621 non
1528 3567 1579 3620 in
1644 3561 2090 3634 persuasibilibus
2154 3562 2404 3617 humana:
2476 3568 2756 3633 sapientiae
2783 3570 2962 3624 verbis
2996 3589 3010 3626 :
3043 3575 3138 3626 sed
3179 3572 3232 3625 in
3274 3541 3519 3641 Spiritus

239 3659 567 3717 ostensione
603 3660 860 3730 positum.

489 3749 622 3814 Θεὸς
663 3744 757 3801 οὖν
792 3746 1074 3817 ὑπάρχων,
1120 3746 1213 3798 καί
1271 3744 1378 3798 τῶν
1419 3744 1556 3798 ὅλων
1603 3742 1827 3812 Κύριος,

240 3841 396 3897 κατὰ
437 3841 538 3906 τὰς
577 3840 834 3912 Γραφὰς,
880 3840 908 3891 6
947 3837 1293 3908 Μονογενὴς,
1354 3837 1623 3905 ὲπέφανεν
1661 3837 1829 3906 ἡμῖν·

241 3932 411 4002 ὤφθη
457 3932 565 4004 γὰρ
609 3932 702 3985 ἐπὶ
745 3931 884 3999 γῆς,
924 3929 1018 3981 καὶ
1053 3928 1333 3998 ἐπέλαμψε
1378 3931 1490 3989 τοῖς
1535 3929 1592 3980 ἐν
1629 3926 1830 3988 σκότει,

242 4024 542 4093 γενόμενος
565 4022 851 4093 ἄνθρωπος
874 4061 888 4085 ,
915 4021 974 4073 οὑ
1007 4021 1222 4088 δοκησει
1246 4059 1260 4083 ,
1294 4018 1367 4089 μὴ
1392 4017 1632 4086 γένοιτοε
1670 4016 1834 4086 μανία

245 4115 363 4186 γὰρ
395 4113 552 4168 τοῦτό
584 4130 648 4182 γε
678 4115 917 4184 φρονεῖν,
942 4112 974 4180 ἢ
1004 4111 1184 4179 λέγειν
1210 4127 1222 4139 ³
1253 4110 1377 4163 οὔτε
1407 4111 1514 4180 μὴν
1545 4112 1625 4172 εἰς
1658 4110 1836 4179 σάρκα

246 4205 612 4276 παρενεχθεὶς
639 4203 781 4258 κατὰ
825 4204 1176 4273 μετάστασιν,
1213 4202 1246 4272 ἢ
1277 4202 1484 4272 τροπήν
1502 4217 1514 4228 ·
1539 4200 1830 4253 ἀναλλοίω-

246 4319 346 4364 τος
379 4300 491 4370 γὰρ
532 4299 620 4354 ἀεὶ
654 4299 797 4352 κατὰ
821 4298 882 4351 τὸ
921 4297 1052 4350 αὑτὸ
1100 4297 1194 4350 καὶ
1238 4295 1500 4356 ὡσαύτως
1543 4293 1680 4363 ἔχων
1716 4293 1744 4344 6
1771 4295 1835 4343 ὲκ

247 4394 392 4449 Θεοῦ
422 4394 614 4462 Λόγος.
660 4392 798 4444 Ἀλλ’
830 4391 952 4444 οὑδὲ
983 4390 1279 4460 ὁμόχρονον
1303 4389 1368 4458 τῇ
1404 4404 1466 4440 σα
1477 4387 1567 4456 pici
1594 4386 1692 4456 τὴν
1731 4384 1833 4437 ὑπ-

249 4486 416 4557 αρξιν
445 4484 584 4553 ἔχων
608 4499 620 4511 ⁸
656 4483 819 4546 αὐτὸς
860 4484 959 4553 γάρ
987 4485 1100 4535 ἐστι
1133 4479 1241 4534 ’τῶν
1273 4478 1484 4533 αἰώνων
1518 4479 1546 4531 6
1573 4478 1833 4547 Ποιητής.

250 4576 400 4632 υῦτε
429 4577 534 4645 μὴν
559 4574 636 4638 ὡς
659 4573 816 4639 λόγος
845 4572 1239 4636 ἀνυπόστατος,
1269 4571 1388 4624 οὑδὲ
1409 4570 1484 4635 ὡς
1509 4569 1661 4640 ῥῆμα
1683 4568 1836 4638 ψιλὸν

1896 4381 1910 4396 ”
1937 4394 2158 4434 carnem
2205 4375 2629 4432 transformatus

2240 3735 2558 3806 Unigenitus
2589 3735 2770 3805 igitur,
2802 3734 2972 3804 quiet
3006 3732 3172 3795 Deus,
3200 3739 3253 3783 et
3287 3728 3507 3783 univcr-

1936 3846 2116 3886 sorum
2172 3829 2470 3885 secundum
2521 3827 2835 3896 Scripturas
2879 3826 3140 3880 Dominus
3192 3832 3307 3887 est,
3356 3822 3512 3876 nobis

1935 3922 2186 3992 apparuit
2222 3939 2235 3975 :
2267 3921 2416 3976 visus
2445 3931 2531 3977 est
2567 3921 2620 3974 in
2656 3930 2800 3973 terra
2851 3922 2894 3983 ³,
2925 3927 2978 3971 et
3008 3919 3168 3972 homo
3191 3914 3389 3979 factus,
3423 3913 3508 3968 his

1935 4015 2024 4084 qui
2067 4016 2121 4068 in
2167 4013 2406 4069 tenebris
2450 4012 2830 4073 versabantur,
2880 4008 3076 4071 illuxit,
3133 4021 3243 4059 non
3285 4005 3515 4073 phanta-

1934 4114 2128 4171 smate,
2171 4112 2264 4159 aut
2310 4115 2539 4160 externo
2580 4111 2787 4156 tantum
2840 4101 3147 4164 schemate,
3186 4098 3357 4153 absit!
3411 4097 3514 4151 hoc

1933 4199 2077 4252 enim
2109 4198 2332 4262 sentire,
2363 4204 2454 4249 aut
2481 4195 2682 4258 dicere,
2712 4203 2791 4248 est
2821 4202 3008 4261 aperte
3043 4190 3304 4248 insanire.
3329 4187 3514 4255 Neque

1938 4301 2153 4350 rursum
2194 4299 2288 4355 per
2321 4286 2402 4339 sui
2451 4284 2825 4349 mutationem,
2865 4290 2957 4334 aut
2985 4281 3415 4344 conversionem,
3461 4279 3512 4330 in

2797 4383 2881 4428 est
2910 4390 2924 4425 :
2955 4372 3049 4427 Dei
3101 4372 3245 4426 enim
3275 4370 3512 4424 Vcrbuai

1937 4469 2116 4526 omnis
2166 4467 2482 4521 mutationis
2531 4479 2747 4534 expers,
2793 4478 2902 4516 uno
2953 4477 3168 4530 semper
3215 4462 3516 4528 eodemque

1939 4559 2099 4615 modo
2148 4573 2208 4613 se
2247 4557 2433 4611 habet.
2477 4555 2662 4624 Neque
2709 4568 2947 4608 coaevam
3001 4567 3122 4606 cum
3173 4566 3336 4604 carne
3385 4551 3549 4604 sub-_.

250 4674 317 4725 ὲν
355 4665 630 4737 ἀνθρώπῳ
656 4663 876 4732 γεγονός
895 4672 921 4698 ι
945 4680 956 4692 ·
984 4664 1011 4715 6
1045 4661 1152 4732 γάρ
1181 4678 1263 4714 τοι
1289 4659 1466 4713 καλῶν
1493 4660 1560 4713 τὰ
1585 4659 1685 4711 οὑκ
1710 4657 1831 4710 ὄντα

1940 4651 2199 4706 stantiam
2226 4647 2452 4702 sortitus
2473 4655 2556 4702 est
2583 4663 2597 4699 :
2630 4646 2742 4713 ipse
2771 4657 3004 4712 namque
3044 4641 3365 4697 saeculorum
3394 4654 3518 4696 cons

255 4760 396 4814 ποτὲ
475 4758 610 4829 πρὸς
667 4755 901 4826 ὓπαρξιν
966 4754 1064 4808 καὶ
1119 4754 1367 4823 γένεσιν,
1423 4752 1838 4823 προὺφέστηγεν

253 4851 612 4920 ἀναγκαίως·
663 4847 828 4910 αὑτὸς
870 4846 979 4916 γάρ
1009 4847 1157 4898 ἐστιν
1206 4846 1241 4916 ἡ
1287 4842 1438 4911 ζωὴ,
1472 4842 1727 4912 πεφηνὼς
1775 4845 1839 4894 ἐκ

253 4945 412 5013 ζωῆς
448 4942 543 4994 τοῦ
575 4940 711 4994 Θεοῦ
747 4939 840 4992 καὶ
873 4937 1086 5008 Πατρδς
1106 4976 1122 5001 ,
1153 4936 1306 4999 ὄντος
1331 4953 1391 4987 τε
1418 4935 1510 4987 καὶ
1547 4934 1839 5003 νοουμένου

259 5038 386 5091 κατ’
434 5035 568 5089 ἰδίαν
616 5032 932 5086 ὑπόστασιν.
974 5029 1114 5082 Ἀλλ’
1153 5028 1274 5082 οὑδὲ
1309 5028 1481 5098 μόνην
1528 5025 1844 5098 ἠμπέσχετο

261 5129 447 5199 σάρκα
474 5125 652 5196 ψυχῆς
684 5123 898 5193 ἐρήμην
937 5121 1038 5189 τῆς
1081 5120 1336 5191 λογικῆς·
1377 5119 1698 5189 γεγέννηται
1737 5117 1844 5188 γὰρ

263 5219 414 5274 κατὰ
441 5217 698 5288 ἀληθειαν
726 5216 791 5266 ἐκ
823 5212 1104 5283 γυναικὸς,
1136 5213 1232 5265 καὶ
1263 5210 1505 5280 πέφηνεν
1536 5207 1843 5278 ἄνθρωπος,

264 5311 296 5364 6
320 5309 432 5374 ζῶν
460 5309 557 5361 καὶ
588 5307 872 5379 ὑπάρχων,
889 5306 984 5358 καὶ
1015 5304 1283 5366 συναῒδιος
1305 5301 1383 5372 τῷ
1412 5300 1530 5370 Θεῷ
1561 5301 1655 5352 καὶ
1672 5299 1846 5370 Πατρὶ

263 5401 404 5464 Θεὸς
428 5403 622 5468 Λόγος,
669 5398 881 5470 μορφὴν
901 5396 1087 5450 δούλου
1119 5394 1298 5448 λαϐὼν
1318 5411 1331 5426 ·
1366 5395 1460 5446 καὶ
1490 5392 1632 5445 ἔστιν
1659 5390 1846 5464 ὥσπερ

260 5493 321 5544 ὲν
359 5490 577 5561 θεότητι
626 5489 875 5555 τέλειος,
922 5486 1067 5540 οὕτω
1099 5485 1193 5540 καὶ
1237 5486 1294 5537 ὲν
1338 5483 1719 5554 ἀνθρωπότητι
1759 5483 1846 5534 τέ-

261 5583 444 5644 λειος·
482 5581 583 5634 οὐκ
627 5583 690 5634 ὲκ
744 5580 909 5650 μόνης
957 5577 1209 5647 θεότητος
1254 5576 1348 5628 καὶ
1393 5575 1595 5647 σαρκὸς
1640 5575 1719 5637 εἰς
1752 5573 1848 5626 ἕνα

263 5674 510 5745 Χριστὸν
558 5674 654 5726 καὶ
688 5673 892 5742 Κύριον
938 5671 1034 5723 καὶ
1065 5669 1194 5723 Υίὸν
1227 5667 1601 5738 συγκείμενος,
1637 5665 1754 5719 ἀλλ’
1783 5666 1848 5718 ἐκ

825 5837 843 5865 ⁸
875 5835 1008 5891 lbiJ.
1059 5833 1142 5888 Η.

348 5835 544 5892 ‘Juan.
580 5848 660 5900 ιιι,
694 5835 747 5890 9.
825 5837 843 5865 '
875 5835 1008 5891 lbiJ.
1059 5833 1142 5888 Η.
1219 5832 1238 5863 ³
1267 5830 1472 5886 Baruch
1508 5847 1587 5895 ιιι,
1629 5833 1718 5886 .38.

1939 4743 2083 4797 ditur
2117 4748 2226 4795 est.
2264 4737 2455 4808 Neque
2494 4739 2849 4806 hypostaseos
2875 4749 3084 4797 exsors,
3117 4741 3176 4788 ut
3208 4747 3390 4786 sermo
3425 4742 3520 4786 ant

1940 4837 2139 4890 nudum
2169 4842 2376 4886 tantum
2413 4831 2752 4898 simplexque
2781 4827 3028 4891 verbum,
3053 4825 3198 4895 quod
3225 4823 3278 4877 in
3303 4822 3519 4878 homine

1942 4927 2263 4984 inhabitavit
2293 4944 2308 4980 :
2339 4940 2463 4980 nam
2495 4924 2584 4992 qui
2633 4937 2696 4976 ea
2738 4936 2858 4990 quae
2902 4934 3007 4974 non
3045 4928 3192 4983 sunt,
3232 4925 3423 4971 evocat
3463 4925 3523 4968 nt

1943 5023 2052 5078 sint
2099 5031 2156 5074 et
2196 5019 2486 5079 exsistant,
2543 5016 2590 5068 is
2639 5013 2948 5068 necessario
2994 5010 3320 5080 prazexsistit
3353 5028 3367 5064 :
3403 5008 3521 5078 ipse

1943 5114 2086 5168 enim
2138 5119 2223 5168 est
2267 5110 2374 5164 vita
2410 5123 2477 5162 ex
2527 5107 2632 5160 vita
2693 5107 2803 5160 Deo
2848 5102 3013 5157 Patro
3060 5104 3382 5170 procedens,
3427 5100 3519 5167 qui

1944 5204 2164 5276 quidem
2210 5200 2509 5258 secundum
2552 5198 2825 5269 propriam
2874 5194 3187 5264 hypostasin
3240 5201 3294 5245 et
3338 5198 3422 5244 est
3465 5201 3520 5246 et

1946 5293 2283 5364 intelligitur.
2320 5291 2427 5346 Sed
2463 5303 2639 5358 neque
2676 5301 2895 5342 carnem
2927 5298 3164 5352 quoque,
3189 5295 3308 5349 quin
3337 5279 3517 5332 anima

1945 5387 2154 5442 ratione
2189 5385 2412 5456 praedita
2451 5390 2690 5446 vacaret,
2723 5378 2896 5433 induit
2925 5372 3398 5444 :qnandoqnidem
3439 5369 3510 5422 vi.

1944 5493 2066 5532 vum
2108 5476 2238 5530 illud
2282 5475 2716 5540 subsistensque,
2761 5483 2827 5524 ac
2856 5467 2965 5522 Deo
2990 5463 3141 5519 Patri
3183 5470 3512 5517 coazternum

1942 5568 2084 5624 Deus
2109 5567 2345 5623 Verbum
2376 5565 2562 5622 servili
2607 5564 2778 5617 forma
2809 5567 3082 5628 suscepta,
3132 5568 3261 5608 vere
3291 5567 3359 5606 ex
3402 5567 3522 5603 mu-

1943 5661 2074 5718 liere
2123 5671 2330 5726 uatum,
2375 5669 2430 5714 et
2463 5658 2627 5711 homo
2668 5653 2871 5710 factum
2921 5658 3040 5714 est,
3075 5658 3265 5716 estque
3291 5644 3521 5718 perinde
