3968 6554
191 404 310 468 925

1166 397 1552 458 ΡΑΝΟΙἸ.ΙΛ
1599 399 1742 457 DOG
1757 395 2060 456 MATICA.
2081 397 2319 455 —-Tl'l‘.
2363 394 2518 454 XIV.

3371 387 3475 452 9°26

205 516 379 568 τοῦτο
403 512 554 583 αὐτῷ
583 511 660 584 τῲ
682 511 863 583 πιστῷ
893 511 1085 583 κτίστῃ
1113 513 1208 574 τὰς
1246 515 1457 565 ἑαυτῶν
1491 511 1789 580 παρατιθέ-

1909 526 2146 564 ’δηιουτιξδ
2197 509 2650 571 demittebantur,
2715 507 2906 560 mortis
2965 506 3307 575 receptacula
3365 509 3476 563 illic

199 628 364 676 μενοι
395 608 596 679 ψυχὰς,
622 609 678 659 ἐν
710 606 926 658 ἐλπίσιν
967 606 1137 674 ἐσμὲν
1165 607 1402 675 ἀγαθαῖς
1425 624 1436 634 ·
1473 607 1655 676 ἐγερεῖ
1678 604 1787 672 γὰρ

194 709 453 766 ἅπαντας
484 708 513 758 6
541 705 796 773 Χριστός.

1895 603 2194 671 impleturae
2230 617 2243 654 :
2281 613 2334 653 at
2373 616 2503 653 vero
2539 612 2896 669 postt)aqu.-uu
2936 598 3193 653 Christus
3221 600 3474 669 Spiritum

1893 710 2052 748 suum
2087 694 2141 747 in
2179 709 2376 746 manus
2417 691 2593 746 Patris
2637 693 3064 755 commendavit,
3118 693 3285 746 etiam
3337 693 3479 746 Itam'.

150 883 154 886 γ
207 797 557 860 existimare,
614 794 726 848 haec
781 795 850 846 ita
908 791 1132 854 habere,
1191 793 1294 845 hoc
1326 801 1430 852 est,
1482 788 1767 860 imaginari
1800 788 1868 843 ad
1909 785 2132 850 inferos,
2180 787 2274 839 sed
2336 788 2526 839 ducem
2586 797 2829 837 nostrum
2889 800 3027 852 pone
3064 786 3476 851 Subsequituttt‘,

202 887 528 952 animisque
561 883 763 936 nostris
799 882 872 935 illi
916 880 1085 935 veluti
1123 880 1229 933 litin
1265 878 1538 933 conditori
1559 878 1891 942 commissis,
1940 875 2207 942 tantisper
2255 873 2394 925 bona
2430 887 2525 940 spe
2559 871 2798 926 vivimus
2833 871 3013 940 quoad
3059 871 3315 926 Christus
3353 870 3478 921 uni-

193 988 394 1028 \'crsos
420 972 638 1025 tandem
670 971 737 1024 ad
771 971 935 1023 vitam
972 969 1268 1023 revocabit.

195 1083 316 1136 Τοῦ
349 1080 544 1134 αὐτοῦ
573 1081 642 1133 ἐκ
673 1079 782 1135 τοῦ
839 1080 974 1147 περὶ
1014 1079 1533 1147 ἑνανθρωπήσεως
1573 1080 1782 1148 λόγου.

268 1234 459 1289 Ταῦτα
488 1237 588 1305 τὴν
641 1234 1056 1304 Ἀπολλιναρίου
1098 1236 1500 1305 ματαιολογίαν
1540 1237 1780 1305 ἐλέγχει,

189 1327 257 1391 ὃς
314 1329 442 1382 ἀντὶ⁸
480 1327 574 1380 νοῦ
624 1327 716 1380 τὸν
766 1328 901 1381 Θεὸν
954 1328 1130 1395 Λόγον
1180 1329 1468 1398 ἐνοικῆσαι
1507 1328 1657 1393 λέγει
1715 1333 1782 1400 τῇ

193 1420 619 1490 προσληφθείσῃ
648 1420 836 1490 σαρκί.
870 1421 929 1472 Εἰ
963 1422 1075 1489 γὰρ
1106 1422 1206 1472 οὐκ
1255 1418 1404 1491 εἶχεν
1437 1421 1785 1492 ἀνθρώπινον

192 1512 329 1566 νοῦν
355 1515 387 1582 ἡ
418 1512 796 1581 ἀναληφθεῐσα
829 1513 1014 1580 φύσις,
1046 1513 1179 1576 Θεὸς
1212 1515 1312 1582 μὲν
1343 1510 1414 1582 ἦν
1440 1517 1466 1566 6
1507 1515 1643 1583 πρὸς
1666 1514 1786 1570 διά-

194 1603 363 1656 δολον
403 1605 840 1672 ἀγωνισάμενος,
875 1603 1009 1666 Θεὸς
1056 1603 1113 1656 δὲ
1145 1605 1172 1657 ὀ
1194 1606 1295 1667 τὴν
1326 1605 1482 1674 νίκην
1515 1604 1788 1659 ἁναδυσάο

197 1713 392 1766 μενος.
421 1697 557 1750 Θεοῦ
585 1696 642 1748 δὲ
679 1697 1051 1765 νενικηκότος,
1093 1696 1204 1765 ἐγὼ
1232 1697 1334 1766 μὲν
1377 1698 1533 1753 οὐδὲν
1564 1699 1784 1752 ἀπωνάο

2036 1073 2290 1142 lt'jusdem
2318 1089 2381 1126 ex
2407 1074 2642 1125 oratione
2669 1072 2732 1123 de
2763 1071 3089 1123 humanitate
3112 1088 3140 1121 ιι
3174 1067 3338 1121 Verbo

2531 1157 2824 1208 assumpta,

1967 1247 2087 1300 lla'c
2141 1244 2336 1297 stultas
2393 1236 2708 1308 Apollinarii
2777 1248 2946 1303 nugas
3005 1240 3326 1301 coarguunt.
3389 1229 3478 1296 qui

1894 1341 2095 1394 mentis
2153 1339 2270 1392 loco
2305 1333 2466 1388 Deum
2503 1329 2735 1396 Verbum
2772 1328 2823 1379 in
2856 1341 3022 1380 carne
3040 1336 3316 1390 assumpta
3351 1325 3482 1374 diczt

1917 1433 2226 1486 uhabitare.
2261 1426 2370 1482 Nisi
2427 1426 2570 1478 enim
2645 1429 2879 1473 mentem
2921 1419 3216 1472 humanam
3261 1417 3478 1468 habuis-

1888 1537 1970 1580 set
1993 1531 2268 1592 assumpta
2296 1529 2511 1582 natura,
2545 1516 2684 1570 Deus
2703 1515 2890 1570 fuisset
2920 1514 2988 1577 is,
3017 1514 3243 1580 quicum
3265 1509 3482 1562 diabolo

1890 1624 2248 1678 (lc-certasset,
2314 1613 2456 1667 Deus
2484 1610 2767 1664 victoriam
2819 1615 3170 1675 reportasset.
3236 1602 3313 1655 Ex
3377 1618 3480 1669 qua

1891 1707 2107 1776 quidem
2142 1702 2366 1758 victoria
2423 1699 2515 1754 Dei
2581 1698 2713 1752 nihil
2744 1711 2844 1766 ego
2897 1693 3248 1749 emolurnenti
3308 1693 3482 1760 perci-

196 1806 320 1859 μην
359 1789 460 1859 τῆς
514 1789 692 1859 νίκης,
734 1792 810 1852 ὡς
857 1791 1014 1842 οὐδὲν
1066 1792 1145 1852 εἰς
1177 1790 1387 1861 ταύτην
1439 1791 1787 1858 εἰσενεγκὼν,

1909 1815 2098 1862 )erem,
2141 1797 2340 1866 quippe
2369 1794 2458 1862 qui
2486 1792 2620 1846 nihil
2651 1793 2716 1844 ad
2751 1805 2869 1846 eam
2929 1787 3299 1841 contulissem.
3339 1786 3480 1848 Quin

192 1881 345 1934 ἀλλὰ
364 1883 474 1950 γὰρ
505 1885 603 1953 τῆς
631 1882 885 1934 ἐντεῦθεν
908 1883 1256 1952 εὐφροσύνη;
1288 1880 1659 1951 γεγύμνωμαι
1694 1883 1788 1934 ὲπὶ

194 1975 491 2042 τροπαίοις
517 1975 763 2042 γαυριῶν
791 1974 1119 2045 ἀλλοτρίοις,
1149 1975 1309 2044 αὐχεῖ
1347 1974 1404 2026 δὲ
1451 1976 1480 2026 6
1517 1974 1786 2038 διάϐολος,

192 2073 297 2118 καί
337 2069 642 2136 κομπάζει,
695 2067 790 2120 καὶ
833 2068 976 2134 μέγα
1018 2071 1229 2137 φρονεῖ,
1273 2067 1372 2120 καὶ
1433 2067 1787 2136 σεμνύνεται,

190 2153 272 2218 ὼς
302 2156 423 2225 Θεῷ
455 2159 747 2222 παλαίσας,
777 2158 872 2210 καὶ
901 2158 1006 2211 ὑπὸ
1027 2157 1162 2211 Θεοῦ
1193 2158 1469 2229 ἡττηθείς.
1495 2159 1654 2228 Μέγα
1680 2159 1788 2229 γὰρ

190 2249 356 2320 αὐτῷ
381 2251 478 2302 καὶ
507 2251 568 2303 τὸ
599 2251 904 2319 ἡττηθῆναι
940 2249 1046 2302 ὑπὸ
1071 2249 1166 2302 τοῦ
1195 2250 1356 2308 Θεοῦ.

646 2343 742 2394 Ἐκ
785 2339 891 2393 τοῦ
931 2341 1120 2395 αὐτοῦ
1152 2343 1364 2408 λόγου.

288 2431 614 2501 Ἀπολογίαν
635 2431 850 2502 ἔχουσιν
875 2434 922 2485 οἱ
943 2433 1378 2502 ἁμαρτάνοντες,
1404 2434 1452 2486 εί
1481 2435 1548 2486 ὼ.
1587 2437 1788 2504 ἀσθενῆ

187 2528 292 2580 τὸν
322 2524 451 2578 νοῦν
486 2528 587 2579 οὐκ
623 2525 886 2578 ἀνέλαϐεν
917 2529 944 2578 ὀ
977 2525 1110 2588 Θεὸς
1134 2527 1326 2593 Λόγος.
1359 2527 1418 2578 Ei
1455 2527 1562 2596 γὰρ
1590 2529 1689 2581 οὐκ
1721 2525 1790 2598 ἦν

193 2621 256 2670 ἐν
287 2617 370 2687 τῷ
391 2618 791 2688 προσλήμματι
827 2616 950 2679 νοῦς
975 2616 1339 2687 ἀνθρώπινος,
1375 2619 1404 2671 6
1426 2620 1561 2682 Θεὸς
1588 2621 1642 2672 δὲ
1667 2622 1790 2673 ἀντὶ

191 2705 296 2760 νοῦ
330 2709 592 2778 ὑπάρχων
625 2709 692 2760 τὰ
720 2707 798 2778 τῷ
843 2707 920 2778 νῷ
969 2709 1195 2778 ἐνήργει
1249 2712 1619 2780 προσήκοντα,
1657 2713 1790 2776 θεὸς

197 2798 310 2870 μεν
342 2795 411 2869 ἦν
442 2802 470 2853 ὀ
503 2800 582 2870 τῷ
613 2799 830 2868 σώματι
860 2799 1274 2870 συμπεινήσας,
1308 2801 1439 2864 Θεὸς
1473 2802 1530 2854 δὲ
1559 2805 1586 2856 6
1632 2803 1792 2874 διψή-

198 2909 334 2958 σας,
363 2892 458 2946 καὶ
494 2893 784 2957 κοπιάσας,
821 2892 915 2945 καὶ
963 2891 1332 2962 καθευδήσας,
1381 2897 1473 2946 καὶ
1504 2895 1789 2963 λυπηθεὶς,

196 2986 306 3040 καὶ
335 2984 633 3046 δειλιάσας,
667 2984 971 3038 καὶιπάντα
1002 2985 1173 3038 τᾶλλα
1207 2987 1277 3038 τὰ
1307 2986 1626 3056 ἀνθρώπινα
1657 2989 1790 3041 uno-

201 3076 406 3147 μεὶνας
443 3075 768 3146 παθήματα.
815 3077 880 3129 Εἰ
902 3075 1033 3138 Θεὸς
1061 3076 1119 3128 δὲ
1151 3077 1179 3128 6
1203 3076 1498 3145 παλαίσας,
1523 3085 1615 3132 καὶ
1637 3081 1794 3150 νική-

1891 1892 2053 1943 etiam
2096 1887 2228 1940 nihil
2263 1885 2386 1939 inde
2413 1883 2613 1936 laetitiae
2675 1882 3040 1950 ili-gustarem,
3111 1891 3232 1928 cum
3295 1873 3486 1927 alienis

1893 1982 2114 2050 tropaeis
2162 1977 2475 2048 gauderem.
2509 1973 2625 2026 .lam
2658 1986 2783 2026 vero
2811 1981 2862 2024 et
2885 1968 3132 2024 diabolus
3165 1964 3484 2027 stuilarel,

1893 2081 1946 2124 et
1977 2071 2326 2140 gloriaretur,
2361 2066 2574 2134 sibique
2613 2065 2727 2134 ipse
2761 2064 3030 2128 plmeret,
3069 2069 3122 2113 et
3182 2056 3484 2128 plaudet‘el,

1891 2164 1981 2232 qui
2013 2177 2133 2216 cum
2178 2161 2284 2214 Deo
2313 2160 2544 2213 luctatus
2573 2163 2738 2220 esset,
2772 2165 2822 2205 ιιι
2854 2172 2881 2203 ιι
2912 2153 3019 2204 Deo
3061 2150 3235 2203 victus
3275 2148 3482 2200 fuisset.

1894 2253 2221 2308 Praeclarum
2281 2250 2428 2304 enim
2460 2249 2600 2302 foret
2633 2247 2704 2300 illi
2737 2261 2767 2299 a
2801 2246 2907 2298 Deo
2960 2243 3041 2296 vel
3069 2241 3340 2310 superari.

2387 2337 2474 2391 Ex
2507 2339 2691 2391 eadem
2735 2335 2994 2388 omniane.

1963 2437 2382 2491 Excusationem
2419 2433 2685 2486 haberent
2714 2438 3054 2497 peccatores,
3094 2424 3139 2477 si
3177 2420 3318 2473 Deus
3352 2418 3484 2470 γυνη

1896 2530 2022 2582 Ιιιιιιι
2058 2532 2514 2593 mentcmutpole
2581 2519 2906 2574 imbecillam
2970 2531 3076 2570 nou
3139 2511 3486 2577 suscepisset.

1897 2623 1953 2678 Si
1988 2623 2130 2678 enim
2156 2630 2448 2688 assumpta:
2483 2617 2638 2672 carui
2671 2629 2825 2668 utens
2856 2616 3090 2665 humana
3137 2623 3246 2661 non
3293 2608 3489 2664 inerat,

1898 2718 1994 2771 sed
2024 2714 2169 2770 Deus
2200 2729 2265 2769 ea
2293 2728 2415 2781 qua:
2450 2711 2645 2766 mentis
2696 2717 2846 2769 sunt,
2889 2704 3306 2771 exsequebatur,
3351 2696 3494 2751 Deus

1897 2807 1950 2860 in
1971 2821 2198 2872 corpore
2225 2803 2518 2866 esui-iebat,
2537 2799 2678 2854 Deus
2708 2798 2946 2858 sitiebat,
2969 2795 3108 2863 Deus
3156 2789 3492 2858 tte-fatigaba-

1899 2905 2006 2962 tur,
2029 2896 2174 2950 Deus
2199 2894 2522 2956 dormiebat,
2543 2891 2685 2945 Deus
2703 2889 3040 2948 tristabatur,
3075 2885 3216 2938 Dens
3241 2883 3493 2950 puvcbat,

1897 2989 2041 3043 Deus
2065 2987 2296 3054 denique
2342 2983 2580 3053 reliquas
2609 2995 2800 3034 omnes
2829 2977 3144 3031 alit-crones
3170 2971 3494 3026 susunebat.

1899 3077 2052 3140 Quod
2080 3074 2123 3129 si
2157 3073 2296 3128 Deus
2324 3073 2438 3142 ipse
2463 3068 2692 3124 certavit
2743 3076 2799 3120 et
2827 3066 2978 3128 vicit,
3002 3078 3101 3132 ego
3130 3060 3356 3115 victoria
3390 3058 3499 3126 pri-

201 3185 338 3233 σας,
362 3167 472 3237 ἐγὼ
503 3169 602 3238 μὲν
631 3169 726 3238 τῆς
755 3167 912 3240 νίκης
945 3169 1273 3240 ἐστέρημαι,
1294 3170 1427 3234 Θεὸς
1445 3171 1501 3224 δὲ
1527 3173 1554 3224 6
1583 3172 1682 3242 τὴν
1713 3148 1794 3226 δί-

1909 3175 2057 3221 vatus
2082 3182 2224 3228 sum,
2259 3165 2402 3218 Deus
2428 3159 2886 3230 autemjustitimn
2908 3171 3120 3212 (ιιιιιιειιι
3144 3153 3365 3222 peregit.
3395 3148 3497 3216 Qui

201 3262 515 3332 καιοσύνην
541 3261 759 3317 ἅπασαν
783 3261 1038 3330 κατορθώ
1049 3280 1162 3326 σας.
1184 3262 1252 3316 υἱ
1282 3263 1442 3316 τοῦτο
1459 3264 1517 3317 δὲ
1543 3263 1798 3333 λέγοντες

205 3354 440 3425 πρῶτον
468 3355 570 3424 μὲν
605 3354 829 3407 ἀτονίαν
859 3354 937 3424 τῷ
963 3353 1084 3424 Θεῷ
1111 3355 1270 3424 Λόγῳ
1296 3357 1708 3426 προσάπτουσιν
1733 3360 1796 3411 οὐ

199 3448 316 3516 τὴν
342 3447 636 3516 τυχοῦσαν,
671 3448 852 3516 εἴπερ,
891 3447 966 3510 ὥς
989 3464 1181 3515 φασιν,
1221 3449 1318 3517 οὐχ
1349 3443 1457 3510 οἷός
1493 3467 1551 3501 τε
1576 3444 1671 3518 ἦν,
1703 3448 1802 3502 τοῦ

207 3536 315 3591 νοῦ
345 3537 442 3590 τοῦ
500 3537 853 3607 ἀνθρωπείου
910 3539 1182 3602 συνόντος,
1250 3539 1542 3593 δικαιῶσαι
1577 3543 1672 3594 τὸν
1703 3543 1802 3598 ἀν-

211 3632 447 3704 θρωπον
478 3646 492 3660 ·
529 3633 722 3684 ἔπειτα
765 3631 822 3683 δὲ
857 3633 951 3683 καί
977 3633 1111 3685 πᾶσι
1136 3634 1247 3695 τοῖς
1278 3633 1678 3702 ἁμαρτάνουσι,
1707 3636 1804 3687 καὶ

209 3727 347 3788 τοὺς
383 3723 576 3787 θείους
625 3722 1032 3790 παραὸαίνουσι
1073 3723 1273 3792 νόμους
1323 3723 1628 3792 ἀπολογίας
1663 3725 1805 3778 ὐπα-

208 3817 466 3886 νοὶγουσι
497 3817 692 3888 θύραν.
745 3816 957 3868 Είπωσι
993 3816 1102 3887 γὰρ
1143 3816 1210 3869 ἂν
1269 3816 1497 3878 είκὸτω;
1529 3817 1666 3888 πρὸς
1711 3819 1804 3871 τὸν

207 3912 328 3965 τῶν
354 3911 499 3964 ὅλων
524 3909 678 3974 Θεὸν,
725 3909 842 3962 Οὐκ
873 3909 1270 3977 ἀσύγγνωστα,
1308 3901 1352 3961 ὦ
1398 3910 1675 3976 Δέσποτα,
1707 3929 1808 3965 πεο

211 4002 724 4076 πλημμελήκαμεν,
753 4001 874 4054 οὐδὲ
907 4004 1180 4072 τιμωρίας
1209 4001 1358 4066 ἀξια,
1392 4002 1520 4055 νοῦν
1557 4005 1811 4073 ἡγεμόνα

209 4094 482 4158 λαϐόντες
515 4093 744 4162 ἀσθενῆ,
775 4093 873 4146 καὶ
902 4093 1200 4162 φυλάττειν
1237 4095 1366 4158 τοὺς
1396 4095 1526 4158 σοὺς
1559 4097 1621 4148 οὐ
1649 4096 1811 4150 δυνά-

217 4207 390 4259 μενον
411 4187 630 4260 νόμους.
664 4189 774 4240 Καὶ
798 4189 864 4240 σὺ
886 4188 943 4240 δὲ
975 4187 1161 4250 αὐτὸς,
1182 4182 1227 4240 ὦ
1249 4187 1522 4254 Δέσποτα,
1551 4190 1614 4242 ἐν
1639 4192 1808 4261 σαρκὶ

216 4281 624 4352 παραγεγονὼς
654 4282 837 4350 σάρκα
891 4280 991 4348 μὲν
1049 4281 1150 4348 τὴν
1185 4281 1468 4350 ἡμετέραν
1523 4280 1806 4346 ἀνέλαόες,

211 4381 314 4431 τὸν
347 4377 406 4431 δὲ
442 4374 568 4430 νοῦν
595 4376 669 4438 ὡς
709 4373 811 4443 τῆς
858 4374 1064 4444 ἀρετῆς
1099 4373 1197 4444 τὴν
1253 4373 1450 4442 κτῆσιν
1499 4375 1806 4438 κωλύοντα,

1904 3263 2018 3317 luec
2051 3261 2367 3328 loquuntur,
2401 3255 2634 3325 prinuuu
2667 3267 2776 3306 non
2834 3250 3094 3316 exiguam
3161 3247 3270 3299 Deo
3315 3241 3498 3298 Verbo

1909 3352 2159 3406 tribuunt
2194 3348 2600 3410 inﬁrmitatem,
2645 3343 2939 3412 siquidem,
2992 3351 3050 3392 ut
3096 3337 3195 3408 ipsi
3226 3347 3496 3398 asserunt,

1905 3460 2010 3498 non
2035 3450 2244 3510 poterat
2268 3445 2501 3494 humana
2528 3447 2706 3490 mente
2727 3444 2973 3500 Suscepta
3000 3430 3270 3482 hominem
3289 3427 3498 3494 justum

1905 3533 2139 3586 ellicere.
2201 3527 2405 3584 Deinde
2457 3524 2710 3580 omnibus
2767 3518 3120 3591 peccantibus
3176 3517 3497 3581 divin-asque

1908 3623 2054 3693 leges
2090 3619 2422 3675 violantibus
2493 3614 2867 3671 excusationis
2902 3612 3106 3664 aditum
3143 3605 3496 3678 patefaciunt.

1912 3717 2005 3772 Sic
2027 3715 2169 3770 enim
2191 3727 2294 3767 nec
2325 3713 2596 3766 immerito
2637 3707 2806 3762 Deum
2835 3703 3076 3759 omniuut
3110 3703 3452 3770 alloquuntur
3481 3711 3497 3749 :

1911 3809 2162 3872 Domine,
2193 3822 2292 3862 nos
2319 3821 2424 3860 non
2477 3801 2799 3858 admisimus
2836 3813 2898 3852 ea
2956 3797 3156 3866 quibus
3199 3793 3354 3846 venia
3391 3805 3498 3844 u0u

1913 3903 2202 3965 debeatur,
2235 3911 2328 3953 aut
2356 3913 2476 3967 qua:
2515 3893 2780 3964 supplicio
2802 3891 2962 3960 digna
3009 3887 3140 3952 sint,
3189 3901 3312 3938 cmn
3347 3899 3500 3936 tuen-

1915 4011 2048 4065 tem,
2077 3997 2232 4066 cujus
2252 3997 2412 4049 ductu
2430 3991 2692 4062 regimur,
2728 3982 3051 4040 imbecillam
3087 3977 3500 4048 acceperimus,

1916 4106 2037 4161 qua:
2068 4092 2213 4161 leges
2244 4099 2366 4142 tuas
2395 4087 2688 4140 observare
2713 4094 2817 4134 non
2854 4083 3053 4147 potest.
3084 4072 3154 4126 At
3185 4084 3239 4125 tu
3281 4071 3500 4139 quidem

1916 4186 2057 4255 ipse,
2093 4180 2342 4244 Domine,
2381 4179 2436 4233 in
2486 4189 2656 4232 carne
2682 4171 3002 4233 adveniens,
3036 4180 3254 4221 carnem
3284 4163 3500 4232 quidem

1917 4288 2159 4332 nostram
2192 4270 2499 4341 suscepisti,
2529 4275 2764 4322 mentem
2819 4279 2966 4328 vero,
3008 4275 3128 4330 qua:
3155 4258 3504 4326 assequendu:

1921 4366 2109 4421 virtuti
2147 4363 2306 4417 aﬂ‘ert
2362 4360 2834 4428 impedimentum,
2894 4366 2948 4406 et
3004 4349 3208 4419 peccati
3272 4349 3390 4400 dolo
3420 4346 3504 4399 fa-

213 4473 316 4526 καὶ
353 4470 455 4538 τῆς
489 4441 778 4541 ἁμαρτίας
800 4441 1379 4537 τὴν-ἀπάτηννρᾳδίως
1404 4467 1800 4539 ὑποδεχόμενον

1918 4462 2022 4515 cite
2045 4455 2371 4518 succumbit,
2431 4450 2688 4520 rejccisti,
2742 4458 2796 4500 et
2820 4445 3069 4514 accipere
3107 4441 3390 4503 recusasu,
3451 4449 3504 4491 et

213 4565 560 4639 ἀπέρριψας,
614 4561 713 4615 καὶ
752 4560 940 4613 λαϐεῖν
993 4560 1097 4612 οὐκ
1154 4561 1416 4629 ¹Ιγνέσχου,
1470 4560 1700 4628 γέγονας
1753 4560 1811 4614 δὲ

214 4663 349 4717 ἀντὶ
377 4660 474 4714 νοῦ
497 4661 562 4728 τῇ
586 4658 775 4726 σαρκὶ,
806 4658 900 4709 καὶ
933 4653 1114 4725 τούτῳ
1143 4654 1220 4724 τῷ
1253 4656 1444 4725 τρόπῳ
1476 4656 1576 4725 τὴν
1603 4654 1815 4708 δικαιο-

217 4757 397 4826 σύνην
425 4754 822 4822 κατώρθωσας,
877 4751 1051 4821 τούτῳ
1076 4750 1152 4820 τῷ
1179 4749 1364 4820 τρόπῳ
1399 4749 1500 4820 τὴν
1533 4750 1812 4820 ἁμαρτίαν

215 4851 543 4919 νενίκηκας.
595 4846 728 4909 Θεὸς
777 4846 887 4914 γὰρ
953 4844 1247 4914 ὑπάρχεις,
1317 4841 1482 4912 βουλῇ
1530 4843 1589 4894 τὸ
1623 4841 1814 4896 δοκοῦν

217 4944 421 5010 ποιῶν,
445 4941 679 5010 νεύματι
700 4936 1135 5000 κατασκευάζων
1158 4936 1226 4988 τά
1250 4937 1580 5006 πράγματα.
1623 4936 1810 5006 Ἡμεῖς

217 5039 279 5092 δὲ
313 5036 407 5089 τὸν
439 5031 786 5103 ἀνθρώπινον
822 5029 951 5083 νοῦν
1005 5029 1250 5098 ἔχοντες,
1279 5028 1337 5079 ὃν
1392 5026 1686 5082 ἀναλαϐεῖν
1715 5027 1814 5079 οὐκ

223 5130 532 5202 quam“,
555 5123 871 5192 ἀναγκαίως
900 5120 1008 5170 ὑπὸ
1026 5119 1123 5189 τὴν
1147 5119 1424 5188 ἁμαρτίαν
1444 5118 1812 5186 τυγχάνομεν,

223 5227 346 5287 τοῖς
399 5221 515 5282 σοῖς
561 5217 766 5287 ίχνεσιν
821 5213 1191 5282 ἀκολουθῆσαι
1224 5212 1324 5264 οὐκ
1359 5211 1707 5280 ἰσχύσαντες.
1749 5211 1815 5262 Τί

225 5321 338 5392 γὰρ
366 5315 492 5378 νοῦς
520 5311 860 5384 ἀνθρώπινος
880 5309 1015 5378 πρὸς
1035 5306 1170 5358 Θεοῦ
1200 5306 1456 5373 δύναμιν,
1482 5305 1576 5357 καὶ
1598 5306 1815 5372 σοφίαν,

223 5414 324 5468 καὶ
356 5410 495 5481 φῶς,
537 5406 634 5460 καὶ
662 5401 1038 5471 δικαιοσύνην,
1072 5402 1163 5453 καὶ
1197 5399 1367 5470 ζωὴν,
1400 5399 1614 5460 καὶτὰς
1651 5397 1816 5460 ἄλλας

221 5508 325 5578 τῆς
356 5503 458 5570 σῆς
489 5499 680 5562 οὐσίας
723 5495 1031 5566 ἐνεργείας,
1062 5492 1118 5546 αϊ
1158 5491 1416 5558 καθάπερ
1456 5493 1676 5553 ἀκτῖνες
1725 5493 1819 5544 καὶ

226 5596 584 5670 λαμπηδόνες
614 5595 679 5647 ὲκ
712 5591 814 5658 τῆς
844 5589 944 5657 σῆς
998 5590 1285 5658 ἀνίσχουσι
1332 5589 1584 5655 φύσεωςς
1630 5587 1818 5640 Ταῦτα

232 5697 302 5749 ἂν
328 5694 542 5748 εἴποιεν
569 5687 794 5746 εἰκότως
826 5683 876 5736 οἱ
917 5684 984 5751 τῇ
1020 5682 1269 5751 ἁμαρτίᾳ
1293 5680 1574 5733 δουλεύειν
1629 5684 1812 5750 αίρυυ-

232 5803 414 5856 μενοι,
445 5783 606 5851 εἴπερ
632 5777 852 5849 ἀληθῶς
876 5778 905 5830 6
934 5776 1069 5839 Θεὸς
1093 5775 1265 5843 Λόγος
1294 5775 1457 5828 ἄνουν
1502 5774 1696 5827 ἔλαὸεν
1721 5775 1816 5828 ἄν-

1921 4566 1975 4608 tu
2007 4557 2060 4606 in
2093 4561 2260 4606 ‘carue
2287 4545 2487 4611 mentis
2517 4554 2744 4598 munere
2771 4538 2994 4591 lunCtus
3021 4549 3103 4598 es,
3140 4545 3194 4585 et
3215 4535 3313 4584 hoc
3345 4531 3504 4582 modo

1910 4644 2178 4716 justitiam
2219 4635 2528 4708 implevisti,
2568 4633 2669 4686 hoc
2704 4627 2863 4682 modo
2901 4636 3176 4694 peet'attttu
3207 4619 3502 4688 snperasu,

1917 4739 2060 4793 Deus
2085 4735 2230 4788 enim
2260 4747 2341 4796 es,
2377 4739 2432 4784 et
2456 4727 2754 4788 voluntate,
2803 4719 2946 4790 quod
3002 4716 3104 4781 vis,
3164 4711 3502 4780 exsequeris,

1916 4841 1970 4886 et
2004 4838 2135 4884 nutu
2165 4841 2252 4881 res
2273 4821 2519 4879 conﬁcis.
2550 4816 2660 4872 Nos
2689 4825 2892 4875 autem,
2927 4810 3016 4879 qui
3069 4816 3313 4886 mentem
3343 4801 3506 4856 habe-

1919 4939 2064 4985 mus,
2093 4935 2254 4989 quam
2281 4926 2336 4970 tu
2369 4913 2619 4981 accipere
2643 4905 2894 4967 noluisti,
2924 4899 3238 4955 necessario
3267 4881 3506 4964 peccatis

1917 5017 2183 5076 cedimus.
2216 5026 2340 5067 cum
2378 5005 2610 5074 vestigia
2642 5013 2732 5056 tua
2760 4997 2911 5068 sequi
2947 5005 3306 5064 nequeamus.
3365 4986 3504 5053 Quid

1917 5113 2062 5167 enim
2089 5110 2326 5164 humana
2356 5110 2439 5157 est
2470 5111 2645 5162 tuens,
2678 5095 2722 5149 si
2750 5107 2870 5148 cum
2914 5089 3006 5144 Dei
3039 5090 3264 5146 vir-tute,
3296 5091 3350 5135 et
3381 5094 3502 5133 eum

1922 5205 2013 5259 Dei
2046 5197 2334 5272 sapientia,
2375 5205 2427 5250 et
2477 5193 2618 5255 luce,
2647 5183 2957 5258 etjustitia,
3029 5188 3083 5234 et
3119 5180 3248 5240 vita,
3277 5183 3324 5225 et
3383 5169 3506 5222 aliis

1918 5297 2170 5356 essentia:
2225 5303 2330 5346 tua:
2362 5281 2598 5349 dotibus,
2631 5296 2751 5351 qua:
2803 5289 3056 5342 tanquam
3085 5270 3216 5324 radii
3251 5279 3304 5318 et
3359 5262 3506 5315 faces

1923 5408 1993 5448 ex
2032 5397 2226 5444 natura
2261 5393 2349 5439 tua
2383 5378 2609 5448 fulgent,
2640 5365 3000 5427 conferatur?
3028 5362 3152 5416 llaec
3196 5357 3388 5410 merito
3420 5355 3505 5404 di-

1920 5496 2045 5537 cere
2098 5481 2350 5546 poterunt
2377 5443 2715 5538 qui'peccato
2750 5458 2850 5513 sibi
2908 5450 3248 5509 serviendum
3292 5443 3506 5515 judica-

1924 5585 2073 5638 runt,
2107 5571 2152 5626 si
2194 5583 2319 5622 vere
2355 5563 2498 5616 Deus
2543 5556 2780 5610 Verbum
2817 5549 3092 5606 hominem
3147 5542 3342 5596 mentis
3398 5553 3507 5589 ex-

1923 5683 2067 5744 peru-
2080 5685 2129 5723 ιιι
2153 5659 2467 5733 assumpsit.
2491 5669 2544 5714 et
2570 5654 2669 5709 hoc
2688 5652 2846 5707 modo
2875 5644 3075 5704 vitandi
3101 5639 3305 5715 peccati
3341 5638 3511 5692 ratio-

1925 5783 2048 5824 ιιι-ιιι
2091 5758 2320 5818 iuvcuit.

234 5883 478 5954 θρωπσν,
505 5876 680 5945 τούτῳ
706 5873 783 5946 τῷ
813 5873 1000 5945 τρόπῳ
1041 5871 1102 5925 τὸ
1132 5873 1527 5942 ἀναμάρτητον
1569 5882 2053 5942 μηχανησάμενος.
