  <div class='ocr_page' id='page_1' title='image "/cluster/home/n/w/nwhite01/storage/ocr_20150623/130/hvd.32044019208255/471.png"; bbox 0 0 3968 6566; ppageno 0'>
   <div class='ocr_carea' id='block_1_1' title="bbox 490 428 590 492">
    <p class='ocr_par' dir='ltr' id='par_1_1' title="bbox 490 428 590 492">
     <span class='ocr_line' id='line_1_1' title="bbox 490 428 590 492; baseline -0.02 0"><span class='ocrx_word' id='word_1_1' title='bbox 490 428 590 492; x_wconf 78' lang='lat'><strong>927</strong></span> 
     </span>
    </p>
   </div>
   <div class='ocr_carea' id='block_1_2' title="bbox 983 545 1566 604">
    <p class='ocr_par' dir='ltr' id='par_1_2' title="bbox 983 545 1566 604">
     <span class='ocr_line' id='line_1_2' title="bbox 983 545 1566 604; baseline 0.007 -4"><span class='ocrx_word' id='word_1_2' title='bbox 983 545 1064 601; x_wconf 74' lang='lat' dir='ltr'><strong>Ea;</strong></span> <span class='ocrx_word' id='word_1_3' title='bbox 1102 550 1278 601; x_wconf 76' lang='lat' dir='ltr'><strong>eadun</strong></span> <span class='ocrx_word' id='word_1_4' title='bbox 1312 555 1566 604; x_wconf 69' lang='lat' dir='ltr'><strong>oratione.</strong></span> 
     </span>
    </p>
   </div>
   <div class='ocr_carea' id='block_1_3' title="bbox 556 681 2060 755">
    <p class='ocr_par' dir='ltr' id='par_1_3' title="bbox 556 681 2060 755">
     <span class='ocr_line' id='line_1_3' title="bbox 556 681 2060 755; baseline -0.005 -13"><span class='ocrx_word' id='word_1_5' title='bbox 556 688 662 742; x_wconf 85' lang='lat' dir='ltr'><strong>Sed</strong></span> <span class='ocrx_word' id='word_1_6' title='bbox 707 687 818 755; x_wconf 79' lang='lat' dir='ltr'><strong>jam</strong></span> <span class='ocrx_word' id='word_1_7' title='bbox 869 684 1096 740; x_wconf 88' lang='lat' dir='ltr'><strong>istorum</strong></span> <span class='ocrx_word' id='word_1_8' title='bbox 1138 696 1306 750; x_wconf 86' lang='lat' dir='ltr'><strong>nugas</strong></span> <span class='ocrx_word' id='word_1_9' title='bbox 1338 681 1389 733; x_wconf 91' lang='lat' dir='ltr'><strong>in</strong></span> <span class='ocrx_word' id='word_1_10' title='bbox 1423 682 1676 748; x_wconf 72' lang='lat' dir='ltr'><strong>ptwsenti</strong></span> <span class='ocrx_word' id='word_1_11' title='bbox 1721 682 2060 735; x_wconf 81' lang='lat' dir='ltr'><strong>omittamus.</strong></span> 
     </span>
    </p>
   </div>
   <div class='ocr_carea' id='block_1_4' title="bbox 481 774 2060 846">
    <p class='ocr_par' dir='ltr' id='par_1_4' title="bbox 481 774 2060 846">
     <span class='ocr_line' id='line_1_4' title="bbox 481 774 2060 846; baseline -0.006 -13"><span class='ocrx_word' id='word_1_12' title='bbox 481 777 591 832; x_wconf 80' lang='lat' dir='ltr'><strong>Nos</strong></span> <span class='ocrx_word' id='word_1_13' title='bbox 632 789 760 830; x_wconf 81' lang='lat' dir='ltr'><strong>vero</strong></span> <span class='ocrx_word' id='word_1_14' title='bbox 792 774 857 828; x_wconf 87' lang='lat' dir='ltr'><strong>ad</strong></span> <span class='ocrx_word' id='word_1_15' title='bbox 893 776 1224 846; x_wconf 89' lang='lat' dir='ltr'><strong>propositum</strong></span> <span class='ocrx_word' id='word_1_16' title='bbox 1273 783 1652 842; x_wconf 86' lang='lat' dir='ltr'><strong>argumentum</strong></span> <span class='ocrx_word' id='word_1_17' title='bbox 1701 782 2060 834; x_wconf 73' lang='lat' dir='ltr'><strong>revertamur,</strong></span> 
     </span>
    </p>
   </div>
   <div class='ocr_carea' id='block_1_5' title="bbox 479 861 2063 938">
    <p class='ocr_par' dir='ltr' id='par_1_5' title="bbox 479 861 2063 938">
     <span class='ocr_line' id='line_1_5' title="bbox 479 861 2063 938; baseline -0.004 -16"><span class='ocrx_word' id='word_1_18' title='bbox 479 880 640 938; x_wconf 88' lang='lat' dir='ltr'><strong>atque</strong></span> <span class='ocrx_word' id='word_1_19' title='bbox 680 869 1110 921; x_wconf 79' lang='lat' dir='ltr'><strong>demonstremus</strong></span> <span class='ocrx_word' id='word_1_20' title='bbox 1150 863 1515 919; x_wconf 81' lang='lat' dir='ltr'><strong>necessariam</strong></span> <span class='ocrx_word' id='word_1_21' title='bbox 1553 863 1720 916; x_wconf 79' lang='lat' dir='ltr'><strong>fuisse</strong></span> <span class='ocrx_word' id='word_1_22' title='bbox 1751 861 2063 915; x_wconf 81' lang='lat' dir='ltr'><strong>Servatoris</strong></span> 
     </span>
    </p>
   </div>
   <div class='ocr_carea' id='block_1_6' title="bbox 475 953 2063 1023">
    <p class='ocr_par' dir='ltr' id='par_1_6' title="bbox 475 953 2063 1023">
     <span class='ocr_line' id='line_1_6' title="bbox 475 953 2063 1023; baseline -0.006 -7"><span class='ocrx_word' id='word_1_23' title='bbox 475 960 648 1016; x_wconf 86' lang='lat' dir='ltr'><strong>nostri</strong></span> <span class='ocrx_word' id='word_1_24' title='bbox 691 958 1142 1012; x_wconf 89' lang='lat' dir='ltr'><strong>incarnationem.</strong></span> <span class='ocrx_word' id='word_1_25' title='bbox 1184 957 1319 1023; x_wconf 86' lang='lat' dir='ltr'><strong>Quia</strong></span> <span class='ocrx_word' id='word_1_26' title='bbox 1353 957 1495 1010; x_wconf 91' lang='lat' dir='ltr'><strong>enim</strong></span> <span class='ocrx_word' id='word_1_27' title='bbox 1530 965 1671 1008; x_wconf 90' lang='lat' dir='ltr'><strong>totus</strong></span> <span class='ocrx_word' id='word_1_28' title='bbox 1702 956 1861 1008; x_wconf 87' lang='lat' dir='ltr'><strong>homo</strong></span> <span class='ocrx_word' id='word_1_29' title='bbox 1905 953 2063 1008; x_wconf 83' lang='lat' dir='ltr'><strong>dece—</strong></span> 
     </span>
    </p>
   </div>
   <div class='ocr_carea' id='block_1_7' title="bbox 479 1048 2063 1122">
    <p class='ocr_par' dir='ltr' id='par_1_7' title="bbox 479 1048 2063 1122">
     <span class='ocr_line' id='line_1_7' title="bbox 479 1048 2063 1122; baseline -0.004 -18"><span class='ocrx_word' id='word_1_30' title='bbox 479 1065 603 1122; x_wconf 89' lang='lat' dir='ltr'><strong>ptus</strong></span> <span class='ocrx_word' id='word_1_31' title='bbox 644 1051 842 1116; x_wconf 74' lang='lat' dir='ltr'><strong>fuerat,</strong></span> <span class='ocrx_word' id='word_1_32' title='bbox 879 1061 1130 1116; x_wconf 84' lang='lat' dir='ltr'><strong>totusque</strong></span> <span class='ocrx_word' id='word_1_33' title='bbox 1161 1052 1260 1104; x_wconf 89' lang='lat' dir='ltr'><strong>sub</strong></span> <span class='ocrx_word' id='word_1_34' title='bbox 1313 1057 1594 1118; x_wconf 87' lang='lat' dir='ltr'><strong>peccatum</strong></span> <span class='ocrx_word' id='word_1_35' title='bbox 1652 1048 1948 1110; x_wconf 87' lang='lat' dir='ltr'><strong>deciderat,</strong></span> <span class='ocrx_word' id='word_1_36' title='bbox 2008 1055 2063 1098; x_wconf 86' lang='lat' dir='ltr'><strong>et</strong></span> 
     </span>
    </p>
   </div>
   <div class='ocr_carea' id='block_1_8' title="bbox 479 1139 2064 1213">
    <p class='ocr_par' dir='ltr' id='par_1_8' title="bbox 479 1139 2064 1213">
     <span class='ocr_line' id='line_1_8' title="bbox 479 1139 2064 1213; baseline -0.004 -16"><span class='ocrx_word' id='word_1_37' title='bbox 479 1158 606 1199; x_wconf 83' lang='lat' dir='ltr'><strong>ante</strong></span> <span class='ocrx_word' id='word_1_38' title='bbox 646 1145 819 1213; x_wconf 91' lang='lat' dir='ltr'><strong>ipsum</strong></span> <span class='ocrx_word' id='word_1_39' title='bbox 849 1158 1047 1208; x_wconf 87' lang='lat' dir='ltr'><strong>corpus</strong></span> <span class='ocrx_word' id='word_1_40' title='bbox 1088 1157 1239 1196; x_wconf 90' lang='lat' dir='ltr'><strong>mens</strong></span> <span class='ocrx_word' id='word_1_41' title='bbox 1267 1155 1506 1196; x_wconf 90' lang='lat' dir='ltr'><strong>errorem</strong></span> <span class='ocrx_word' id='word_1_42' title='bbox 1540 1139 1872 1205; x_wconf 80' lang='lat' dir='ltr'><strong>admiserat;</strong></span> <span class='ocrx_word' id='word_1_43' title='bbox 1909 1153 2064 1192; x_wconf 89' lang='lat' dir='ltr'><strong>nam-</strong></span> 
     </span>
    </p>
   </div>
   <div class='ocr_carea' id='block_1_9' title="bbox 389 1231 2062 1312">
    <p class='ocr_par' dir='ltr' id='par_1_9' title="bbox 389 1231 2062 1312">
     <span class='ocr_line' id='line_1_9' title="bbox 389 1231 2062 1312; baseline -0.004 -21"><span class='ocrx_word' id='word_1_44' title='bbox 389 1307 395 1312; x_wconf 91' lang='lat'>_</span> <span class='ocrx_word' id='word_1_45' title='bbox 481 1252 585 1307; x_wconf 82' lang='lat' dir='ltr'><strong>que</strong></span> <span class='ocrx_word' id='word_1_46' title='bbox 607 1246 762 1290; x_wconf 82' lang='lat' dir='ltr'><strong>antea</strong></span> <span class='ocrx_word' id='word_1_47' title='bbox 787 1235 984 1287; x_wconf 89' lang='lat' dir='ltr'><strong>mentis</strong></span> <span class='ocrx_word' id='word_1_48' title='bbox 1007 1248 1303 1287; x_wconf 89' lang='lat' dir='ltr'><strong>consensus</strong></span> <span class='ocrx_word' id='word_1_49' title='bbox 1326 1242 1604 1301; x_wconf 85' lang='lat' dir='ltr'><strong>peccatum</strong></span> <span class='ocrx_word' id='word_1_50' title='bbox 1637 1231 1861 1284; x_wconf 83' lang='lat' dir='ltr'><strong>deliueat</strong></span> <span class='ocrx_word' id='word_1_51' title='bbox 1877 1271 1891 1293; x_wconf 82' lang='lat'><strong>,</strong></span> <span class='ocrx_word' id='word_1_52' title='bbox 1910 1232 2062 1284; x_wconf 84' lang='lat' dir='ltr'><strong>dein-</strong></span> 
     </span>
    </p>
   </div>
   <div class='ocr_carea' id='block_1_10' title="bbox 483 1324 2064 1396">
    <p class='ocr_par' dir='ltr' id='par_1_10' title="bbox 483 1324 2064 1396">
     <span class='ocr_line' id='line_1_10' title="bbox 483 1324 2064 1396; baseline -0.005 -12"><span class='ocrx_word' id='word_1_53' title='bbox 483 1333 548 1384; x_wconf 89' lang='lat' dir='ltr'><strong>de</strong></span> <span class='ocrx_word' id='word_1_54' title='bbox 597 1329 648 1382; x_wconf 94' lang='lat' dir='ltr'><strong>id</strong></span> <span class='ocrx_word' id='word_1_55' title='bbox 693 1342 890 1396; x_wconf 90' lang='lat' dir='ltr'><strong>corpus</strong></span> <span class='ocrx_word' id='word_1_56' title='bbox 939 1342 1034 1396; x_wconf 91' lang='lat' dir='ltr'><strong>per</strong></span> <span class='ocrx_word' id='word_1_57' title='bbox 1075 1341 1226 1378; x_wconf 88' lang='lat' dir='ltr'><strong>suam</strong></span> <span class='ocrx_word' id='word_1_58' title='bbox 1285 1326 1549 1380; x_wconf 88' lang='lat' dir='ltr'><strong>actionem</strong></span> <span class='ocrx_word' id='word_1_59' title='bbox 1599 1324 1812 1394; x_wconf 78' lang='lat' dir='ltr'><strong>ﬁgurat,</strong></span> <span class='ocrx_word' id='word_1_60' title='bbox 1870 1325 2064 1378; x_wconf 89' lang='lat' dir='ltr'><strong>merito</strong></span> 
     </span>
    </p>
   </div>
   <div class='ocr_carea' id='block_1_11' title="bbox 481 1420 2060 1489">
    <p class='ocr_par' dir='ltr' id='par_1_11' title="bbox 481 1420 2060 1489">
     <span class='ocr_line' id='line_1_11' title="bbox 481 1420 2060 1489; baseline -0.002 -12"><span class='ocrx_word' id='word_1_61' title='bbox 481 1423 732 1477; x_wconf 84' lang='lat' dir='ltr'><strong>Christus</strong></span> <span class='ocrx_word' id='word_1_62' title='bbox 768 1420 1022 1474; x_wconf 88' lang='lat' dir='ltr'><strong>Dominus</strong></span> <span class='ocrx_word' id='word_1_63' title='bbox 1066 1420 1266 1488; x_wconf 85' lang='lat' dir='ltr'><strong>lapsam</strong></span> <span class='ocrx_word' id='word_1_64' title='bbox 1316 1429 1559 1472; x_wconf 88' lang='lat' dir='ltr'><strong>naturam</strong></span> <span class='ocrx_word' id='word_1_65' title='bbox 1602 1421 1813 1489; x_wconf 76' lang='lat' dir='ltr'><strong>erigere</strong></span> <span class='ocrx_word' id='word_1_66' title='bbox 1854 1420 2060 1478; x_wconf 80' lang='lat' dir='ltr'><strong>volens.</strong></span> 
     </span>
    </p>
   </div>
   <div class='ocr_carea' id='block_1_12' title="bbox 484 1499 2061 1583">
    <p class='ocr_par' dir='ltr' id='par_1_12' title="bbox 484 1499 2061 1583">
     <span class='ocr_line' id='line_1_12' title="bbox 484 1499 2061 1583; baseline -0.004 -15"><span class='ocrx_word' id='word_1_67' title='bbox 484 1515 702 1583; x_wconf 88' lang='lat' dir='ltr'><strong>utrique</strong></span> <span class='ocrx_word' id='word_1_68' title='bbox 734 1512 893 1567; x_wconf 83' lang='lat' dir='ltr'><strong>simul</strong></span> <span class='ocrx_word' id='word_1_69' title='bbox 929 1528 1147 1566; x_wconf 89' lang='lat' dir='ltr'><strong>manmn</strong></span> <span class='ocrx_word' id='word_1_70' title='bbox 1198 1513 1446 1581; x_wconf 74' lang='lat' dir='ltr'><strong>porrigit,</strong></span> <span class='ocrx_word' id='word_1_71' title='bbox 1479 1522 1533 1565; x_wconf 89' lang='lat' dir='ltr'><strong>et</strong></span> <span class='ocrx_word' id='word_1_72' title='bbox 1572 1513 1840 1580; x_wconf 76' lang='lat' dir='ltr'><strong>iacentem</strong></span> <span class='ocrx_word' id='word_1_73' title='bbox 1881 1499 2061 1579; x_wconf 81' lang='lat' dir='ltr'><strong>erigit,</strong></span> 
     </span>
    </p>
   </div>
   <div class='ocr_carea' id='block_1_13' title="bbox 484 1602 2064 1672">
    <p class='ocr_par' dir='ltr' id='par_1_13' title="bbox 484 1602 2064 1672">
     <span class='ocr_line' id='line_1_13' title="bbox 484 1602 2064 1672; baseline -0.005 -10"><span class='ocrx_word' id='word_1_74' title='bbox 484 1621 733 1670; x_wconf 84' lang='lat' dir='ltr'><strong>carnem,</strong></span> <span class='ocrx_word' id='word_1_75' title='bbox 757 1605 993 1672; x_wconf 88' lang='lat' dir='ltr'><strong>inquam,</strong></span> <span class='ocrx_word' id='word_1_76' title='bbox 1022 1619 1085 1656; x_wconf 91' lang='lat' dir='ltr'><strong>ac</strong></span> <span class='ocrx_word' id='word_1_77' title='bbox 1115 1615 1368 1666; x_wconf 90' lang='lat' dir='ltr'><strong>mentem,</strong></span> <span class='ocrx_word' id='word_1_78' title='bbox 1400 1619 1521 1672; x_wconf 74' lang='lat' dir='ltr'><strong>qua&quot;:</strong></span> <span class='ocrx_word' id='word_1_79' title='bbox 1547 1603 1612 1656; x_wconf 90' lang='lat' dir='ltr'><strong>ad</strong></span> <span class='ocrx_word' id='word_1_80' title='bbox 1634 1602 1910 1657; x_wconf 86' lang='lat' dir='ltr'><strong>Creatoris</strong></span> <span class='ocrx_word' id='word_1_81' title='bbox 1931 1605 2064 1656; x_wconf 87' lang='lat' dir='ltr'><strong>ima-</strong></span> 
     </span>
    </p>
   </div>
   <div class='ocr_carea' id='block_1_14' title="bbox 485 1695 2064 1768">
    <p class='ocr_par' dir='ltr' id='par_1_14' title="bbox 485 1695 2064 1768">
     <span class='ocr_line' id='line_1_14' title="bbox 485 1695 2064 1768; baseline -0.001 -18"><span class='ocrx_word' id='word_1_82' title='bbox 485 1700 664 1768; x_wconf 80' lang='lat' dir='ltr'><strong>ginem</strong></span> <span class='ocrx_word' id='word_1_83' title='bbox 698 1697 838 1751; x_wconf 81' lang='lat' dir='ltr'><strong>facta</strong></span> <span class='ocrx_word' id='word_1_84' title='bbox 878 1696 994 1750; x_wconf 80' lang='lat' dir='ltr'><strong>fuit.</strong></span> <span class='ocrx_word' id='word_1_85' title='bbox 1028 1695 1121 1750; x_wconf 86' lang='lat' dir='ltr'><strong>Est</strong></span> <span class='ocrx_word' id='word_1_86' title='bbox 1151 1697 1293 1749; x_wconf 88' lang='lat' dir='ltr'><strong>enim</strong></span> <span class='ocrx_word' id='word_1_87' title='bbox 1333 1711 1485 1750; x_wconf 87' lang='lat' dir='ltr'><strong>mens</strong></span> <span class='ocrx_word' id='word_1_88' title='bbox 1525 1696 1833 1760; x_wconf 71' lang='lat' dir='ltr'><strong>invisibilis,</strong></span> <span class='ocrx_word' id='word_1_89' title='bbox 1881 1697 2064 1751; x_wconf 89' lang='lat' dir='ltr'><strong>incon-</strong></span> 
     </span>
    </p>
   </div>
   <div class='ocr_carea' id='block_1_15' title="bbox 487 1789 2065 1860">
    <p class='ocr_par' dir='ltr' id='par_1_15' title="bbox 487 1789 2065 1860">
     <span class='ocr_line' id='line_1_15' title="bbox 487 1789 2065 1860; baseline 0 -17"><span class='ocrx_word' id='word_1_90' title='bbox 487 1791 834 1860; x_wconf 87' lang='lat' dir='ltr'><strong>templabilis,</strong></span> <span class='ocrx_word' id='word_1_91' title='bbox 871 1792 1128 1860; x_wconf 88' lang='lat' dir='ltr'><strong>impervia</strong></span> <span class='ocrx_word' id='word_1_92' title='bbox 1175 1799 1228 1844; x_wconf 91' lang='lat' dir='ltr'><strong>et</strong></span> <span class='ocrx_word' id='word_1_93' title='bbox 1273 1789 1856 1858; x_wconf 85' lang='lat' dir='ltr'><strong>incomprehensibilis,</strong></span> <span class='ocrx_word' id='word_1_94' title='bbox 1890 1805 2065 1858; x_wconf 88' lang='lat' dir='ltr'><strong>neque</strong></span> 
     </span>
    </p>
   </div>
   <div class='ocr_carea' id='block_1_16' title="bbox 1759 439 3755 508">
    <p class='ocr_par' dir='ltr' id='par_1_16' title="bbox 1759 439 3755 508">
     <span class='ocr_line' id='line_1_16' title="bbox 1759 439 3755 508; baseline 0 -8"><span class='ocrx_word' id='word_1_95' title='bbox 1759 443 2139 502; x_wconf 71' lang='lat' dir='ltr'><strong>EUTliYilll</strong></span> <span class='ocrx_word' id='word_1_96' title='bbox 2189 441 2576 508; x_wconf 71' lang='lat' dir='ltr'><strong>ZiG.\liE.\&#39;i.</strong></span> <span class='ocrx_word' id='word_1_97' title='bbox 3655 439 3755 500; x_wconf 65' lang='grc' dir='ltr'><strong>Ε)Ξῖ</strong></span> 
     </span>
    </p>
   </div>
   <div class='ocr_carea' id='block_1_17' title="bbox 2625 557 3309 628">
    <p class='ocr_par' dir='ltr' id='par_1_17' title="bbox 2625 557 3309 628">
     <span class='ocr_line' id='line_1_17' title="bbox 2625 557 3309 628; baseline 0 -18"><span class='ocrx_word' id='word_1_98' title='bbox 2625 561 2718 611; x_wconf 74' lang='grc' dir='ltr'>Ἐκ</span> <span class='ocrx_word' id='word_1_99' title='bbox 2741 557 2846 612; x_wconf 79' lang='grc' dir='ltr'>τοῦ</span> <span class='ocrx_word' id='word_1_100' title='bbox 2891 557 3076 613; x_wconf 83' lang='grc' dir='ltr'>αὑτοῦ</span> <span class='ocrx_word' id='word_1_101' title='bbox 3101 561 3309 628; x_wconf 66' lang='grc' dir='ltr'><strong>λόγον.</strong></span> 
     </span>
    </p>
   </div>
   <div class='ocr_carea' id='block_1_18' title="bbox 2248 684 3751 759">
    <p class='ocr_par' dir='ltr' id='par_1_18' title="bbox 2248 684 3751 759">
     <span class='ocr_line' id='line_1_18' title="bbox 2248 684 3751 759; baseline 0.005 -25"><span class='ocrx_word' id='word_1_102' title='bbox 2248 684 2406 738; x_wconf 79' lang='grc' dir='ltr'>Ἀλλά</span> <span class='ocrx_word' id='word_1_103' title='bbox 2444 684 2540 754; x_wconf 81' lang='grc' dir='ltr'>τὴν</span> <span class='ocrx_word' id='word_1_104' title='bbox 2586 685 2683 754; x_wconf 80' lang='grc' dir='ltr'><strong>μὲν</strong></span> <span class='ocrx_word' id='word_1_105' title='bbox 2728 686 3044 756; x_wconf 69' lang='grc' dir='ltr'><strong>ἀδολεσχίαν</strong></span> <span class='ocrx_word' id='word_1_106' title='bbox 3081 690 3306 741; x_wconf 77' lang='grc' dir='ltr'>ἐκείνων</span> <span class='ocrx_word' id='word_1_107' title='bbox 3352 690 3751 759; x_wconf 72' lang='grc' dir='ltr'><strong>καταλίπωμεν</strong></span> 
     </span>
    </p>
   </div>
   <div class='ocr_carea' id='block_1_19' title="bbox 2160 775 3752 852">
    <p class='ocr_par' dir='ltr' id='par_1_19' title="bbox 2160 775 3752 852">
     <span class='ocr_line' id='line_1_19' title="bbox 2160 775 3752 852; baseline 0.003 -24"><span class='ocrx_word' id='word_1_108' title='bbox 2160 777 2253 828; x_wconf 71' lang='grc' dir='ltr'><strong>ἐπὶ</strong></span> <span class='ocrx_word' id='word_1_109' title='bbox 2296 775 2392 828; x_wconf 76' lang='grc' dir='ltr'>τοῦ</span> <span class='ocrx_word' id='word_1_110' title='bbox 2445 777 2745 848; x_wconf 80' lang='grc' dir='ltr'><strong>παρόντος·</strong></span> <span class='ocrx_word' id='word_1_111' title='bbox 2788 781 2947 850; x_wconf 76' lang='grc' dir='ltr'>ἡμεῖς</span> <span class='ocrx_word' id='word_1_112' title='bbox 2995 781 3049 832; x_wconf 77' lang='grc' dir='ltr'><strong>δὲ</strong></span> <span class='ocrx_word' id='word_1_113' title='bbox 3097 782 3188 832; x_wconf 77' lang='grc' dir='ltr'><strong>ἐπὶ</strong></span> <span class='ocrx_word' id='word_1_114' title='bbox 3231 783 3330 851; x_wconf 74' lang='grc' dir='ltr'>τὴν</span> <span class='ocrx_word' id='word_1_115' title='bbox 3373 783 3752 852; x_wconf 63' lang='grc' dir='ltr'>’προκειμένην</span> 
     </span>
    </p>
   </div>
   <div class='ocr_carea' id='block_1_20' title="bbox 2161 865 3750 944">
    <p class='ocr_par' dir='ltr' id='par_1_20' title="bbox 2161 865 3750 944">
     <span class='ocr_line' id='line_1_20' title="bbox 2161 865 3750 944; baseline 0.006 -27"><span class='ocrx_word' id='word_1_116' title='bbox 2161 865 2421 919; x_wconf 75' lang='grc' dir='ltr'>ὑπόθεσιν</span> <span class='ocrx_word' id='word_1_117' title='bbox 2445 867 2853 936; x_wconf 73' lang='grc' dir='ltr'>ἐπανέλθωμεν,</span> <span class='ocrx_word' id='word_1_118' title='bbox 2888 872 2980 922; x_wconf 79' lang='grc' dir='ltr'>καὶ</span> <span class='ocrx_word' id='word_1_119' title='bbox 3007 870 3270 940; x_wconf 73' lang='grc' dir='ltr'><strong>δείξωμεν</strong></span> <span class='ocrx_word' id='word_1_120' title='bbox 3295 873 3394 942; x_wconf 74' lang='grc' dir='ltr'><strong>τὴν</strong></span> <span class='ocrx_word' id='word_1_121' title='bbox 3426 873 3521 925; x_wconf 86' lang='grc' dir='ltr'>τοῦ</span> <span class='ocrx_word' id='word_1_122' title='bbox 3559 874 3750 944; x_wconf 75' lang='grc' dir='ltr'>Σωτῆ-</span> 
     </span>
    </p>
   </div>
   <div class='ocr_carea' id='block_1_21' title="bbox 2163 957 3752 1035">
    <p class='ocr_par' dir='ltr' id='par_1_21' title="bbox 2163 957 3752 1035">
     <span class='ocr_line' id='line_1_21' title="bbox 2163 957 3752 1035; baseline 0.007 -28"><span class='ocrx_word' id='word_1_123' title='bbox 2163 971 2254 1025; x_wconf 84' lang='grc' dir='ltr'><strong>ρος</strong></span> <span class='ocrx_word' id='word_1_124' title='bbox 2283 957 2438 1027; x_wconf 75' lang='grc' dir='ltr'>ἡμῶν</span> <span class='ocrx_word' id='word_1_125' title='bbox 2461 961 2777 1029; x_wconf 75' lang='grc' dir='ltr'><strong>οἰκονομίαν</strong></span> <span class='ocrx_word' id='word_1_126' title='bbox 2810 962 3126 1028; x_wconf 73' lang='grc' dir='ltr'><strong>ἀναγκαίως</strong></span> <span class='ocrx_word' id='word_1_127' title='bbox 3156 965 3552 1035; x_wconf 74' lang='grc' dir='ltr'>γεγενημένην.</span> <span class='ocrx_word' id='word_1_128' title='bbox 3572 968 3752 1018; x_wconf 75' lang='grc' dir='ltr'>Ἐπειο</span> 
     </span>
    </p>
   </div>
   <div class='ocr_carea' id='block_1_22' title="bbox 2159 1047 3750 1125">
    <p class='ocr_par' dir='ltr' id='par_1_22' title="bbox 2159 1047 3750 1125">
     <span class='ocr_line' id='line_1_22' title="bbox 2159 1047 3750 1125; baseline 0.005 -26"><span class='ocrx_word' id='word_1_129' title='bbox 2159 1047 2222 1115; x_wconf 84' lang='grc' dir='ltr'><strong>δὴ</strong></span> <span class='ocrx_word' id='word_1_130' title='bbox 2250 1048 2358 1118; x_wconf 81' lang='grc' dir='ltr'>γάρ</span> <span class='ocrx_word' id='word_1_131' title='bbox 2386 1049 2533 1112; x_wconf 79' lang='grc' dir='ltr'>ἄπας</span> <span class='ocrx_word' id='word_1_132' title='bbox 2559 1053 2586 1103; x_wconf 90' lang='grc' dir='ltr'>ὁ</span> <span class='ocrx_word' id='word_1_133' title='bbox 2615 1051 2897 1121; x_wconf 78' lang='grc' dir='ltr'>ἄνθρωπος</span> <span class='ocrx_word' id='word_1_134' title='bbox 2923 1053 3200 1124; x_wconf 73' lang='grc' dir='ltr'><strong>ἠπατήθη.</strong></span> <span class='ocrx_word' id='word_1_135' title='bbox 3229 1055 3320 1107; x_wconf 78' lang='grc' dir='ltr'><strong>καὶ</strong></span> <span class='ocrx_word' id='word_1_136' title='bbox 3347 1056 3495 1116; x_wconf 76' lang='grc' dir='ltr'>ἄπας</span> <span class='ocrx_word' id='word_1_137' title='bbox 3526 1056 3629 1108; x_wconf 70' lang='grc' dir='ltr'><strong>ὑπὸ</strong></span> <span class='ocrx_word' id='word_1_138' title='bbox 3648 1056 3750 1125; x_wconf 65' lang='grc' dir='ltr'>τὴν</span> 
     </span>
    </p>
   </div>
   <div class='ocr_carea' id='block_1_23' title="bbox 2161 1140 3750 1219">
    <p class='ocr_par' dir='ltr' id='par_1_23' title="bbox 2161 1140 3750 1219">
     <span class='ocr_line' id='line_1_23' title="bbox 2161 1140 3750 1219; baseline 0.004 -27"><span class='ocrx_word' id='word_1_139' title='bbox 2161 1140 2438 1211; x_wconf 79' lang='grc' dir='ltr'>ἁμαρτίαν</span> <span class='ocrx_word' id='word_1_140' title='bbox 2461 1144 2697 1211; x_wconf 75' lang='grc' dir='ltr'>ἐγένετο,</span> <span class='ocrx_word' id='word_1_141' title='bbox 2713 1144 2805 1196; x_wconf 70' lang='grc' dir='ltr'><strong>καὶ</strong></span> <span class='ocrx_word' id='word_1_142' title='bbox 2831 1144 2936 1212; x_wconf 82' lang='grc' dir='ltr'>πρὸ</span> <span class='ocrx_word' id='word_1_143' title='bbox 2958 1144 3049 1197; x_wconf 82' lang='grc' dir='ltr'>τοῦ</span> <span class='ocrx_word' id='word_1_144' title='bbox 3074 1145 3323 1216; x_wconf 80' lang='grc' dir='ltr'>σώματος</span> <span class='ocrx_word' id='word_1_145' title='bbox 3343 1149 3401 1200; x_wconf 83' lang='grc' dir='ltr'><strong>δὲ</strong></span> <span class='ocrx_word' id='word_1_146' title='bbox 3416 1149 3513 1219; x_wconf 73' lang='grc' dir='ltr'><strong>τὴν</strong></span> <span class='ocrx_word' id='word_1_147' title='bbox 3531 1151 3750 1216; x_wconf 75' lang='grc' dir='ltr'>ἀπάτην</span> 
     </span>
    </p>
   </div>
   <div class='ocr_carea' id='block_1_24' title="bbox 2160 1233 3751 1310">
    <p class='ocr_par' dir='ltr' id='par_1_24' title="bbox 2160 1233 3751 1310">
     <span class='ocr_line' id='line_1_24' title="bbox 2160 1233 3751 1310; baseline 0.006 -26"><span class='ocrx_word' id='word_1_148' title='bbox 2160 1233 2188 1284; x_wconf 82' lang='grc' dir='ltr'>ὁ</span> <span class='ocrx_word' id='word_1_149' title='bbox 2209 1233 2333 1296; x_wconf 79' lang='grc' dir='ltr'>νοῦς</span> <span class='ocrx_word' id='word_1_150' title='bbox 2358 1235 2681 1300; x_wconf 72' lang='grc' dir='ltr'>ὑπεδέξατο*</span> <span class='ocrx_word' id='word_1_151' title='bbox 2709 1240 2740 1308; x_wconf 77' lang='grc' dir='ltr'>ἡ</span> <span class='ocrx_word' id='word_1_152' title='bbox 2765 1237 2859 1290; x_wconf 77' lang='grc' dir='ltr'><strong>τοῦ</strong></span> <span class='ocrx_word' id='word_1_153' title='bbox 2883 1237 2974 1290; x_wconf 82' lang='grc' dir='ltr'>νοῦ</span> <span class='ocrx_word' id='word_1_154' title='bbox 2998 1239 3104 1309; x_wconf 82' lang='grc' dir='ltr'>γὰρ</span> <span class='ocrx_word' id='word_1_155' title='bbox 3127 1241 3391 1310; x_wconf 81' lang='grc' dir='ltr'>πρότερον</span> <span class='ocrx_word' id='word_1_156' title='bbox 3411 1241 3751 1308; x_wconf 71' lang='grc' dir='ltr'>συγκατάθε-</span> 
     </span>
    </p>
   </div>
   <div class='ocr_carea' id='block_1_25' title="bbox 2162 1326 3751 1404">
    <p class='ocr_par' dir='ltr' id='par_1_25' title="bbox 2162 1326 3751 1404">
     <span class='ocr_line' id='line_1_25' title="bbox 2162 1326 3751 1404; baseline 0.007 -29"><span class='ocrx_word' id='word_1_157' title='bbox 2162 1342 2244 1386; x_wconf 73' lang='grc' dir='ltr'><strong>σις</strong></span> <span class='ocrx_word' id='word_1_158' title='bbox 2263 1326 2358 1396; x_wconf 75' lang='grc' dir='ltr'><strong>τὴν</strong></span> <span class='ocrx_word' id='word_1_159' title='bbox 2383 1328 2658 1397; x_wconf 78' lang='grc' dir='ltr'>ἁμαρτίαν</span> <span class='ocrx_word' id='word_1_160' title='bbox 2681 1334 3034 1402; x_wconf 76' lang='grc' dir='ltr'>σκιαγραφεῖ.</span> <span class='ocrx_word' id='word_1_161' title='bbox 3059 1326 3157 1384; x_wconf 75' lang='grc' dir='ltr'>εἷθ’</span> <span class='ocrx_word' id='word_1_162' title='bbox 3178 1332 3350 1396; x_wconf 74' lang='grc' dir='ltr'>οὕτως</span> <span class='ocrx_word' id='word_1_163' title='bbox 3369 1334 3460 1386; x_wconf 82' lang='grc' dir='ltr'><strong>διὰ</strong></span> <span class='ocrx_word' id='word_1_164' title='bbox 3480 1334 3579 1402; x_wconf 77' lang='grc' dir='ltr'>τῆς</span> <span class='ocrx_word' id='word_1_165' title='bbox 3603 1336 3751 1404; x_wconf 75' lang='grc' dir='ltr'>ἐνερ-</span> 
     </span>
    </p>
   </div>
   <div class='ocr_carea' id='block_1_26' title="bbox 2162 1417 3746 1492">
    <p class='ocr_par' dir='ltr' id='par_1_26' title="bbox 2162 1417 3746 1492">
     <span class='ocr_line' id='line_1_26' title="bbox 2162 1417 3746 1492; baseline 0.006 -26"><span class='ocrx_word' id='word_1_166' title='bbox 2162 1417 2312 1482; x_wconf 83' lang='grc' dir='ltr'>γείας</span> <span class='ocrx_word' id='word_1_167' title='bbox 2355 1419 2415 1470; x_wconf 81' lang='grc' dir='ltr'><strong>τὸ</strong></span> <span class='ocrx_word' id='word_1_168' title='bbox 2461 1419 2618 1490; x_wconf 88' lang='grc' dir='ltr'>σῶμα</span> <span class='ocrx_word' id='word_1_169' title='bbox 2659 1420 2864 1492; x_wconf 81' lang='grc' dir='ltr'>ταύτην</span> <span class='ocrx_word' id='word_1_170' title='bbox 2899 1426 3118 1492; x_wconf 79' lang='grc' dir='ltr'>μορφοί,</span> <span class='ocrx_word' id='word_1_171' title='bbox 3161 1424 3746 1492; x_wconf 69' lang='grc' dir='ltr'>είκὸτωςὸΔεσπότης</span> 
     </span>
    </p>
   </div>
   <div class='ocr_carea' id='block_1_27' title="bbox 2160 1511 3746 1584">
    <p class='ocr_par' dir='ltr' id='par_1_27' title="bbox 2160 1511 3746 1584">
     <span class='ocr_line' id='line_1_27' title="bbox 2160 1511 3746 1584; baseline 0.004 -24"><span class='ocrx_word' id='word_1_172' title='bbox 2160 1511 2395 1578; x_wconf 74' lang='grc' dir='ltr'>Χριστὸς</span> <span class='ocrx_word' id='word_1_173' title='bbox 2435 1511 2535 1582; x_wconf 74' lang='grc' dir='ltr'><strong>τὴν</strong></span> <span class='ocrx_word' id='word_1_174' title='bbox 2569 1516 2920 1566; x_wconf 81' lang='grc' dir='ltr'>πεπτωκυῖαν</span> <span class='ocrx_word' id='word_1_175' title='bbox 2960 1513 3121 1583; x_wconf 78' lang='grc' dir='ltr'>φύσιν</span> <span class='ocrx_word' id='word_1_176' title='bbox 3147 1514 3452 1583; x_wconf 76' lang='grc' dir='ltr'>ἀναστῆσαι</span> <span class='ocrx_word' id='word_1_177' title='bbox 3485 1515 3746 1584; x_wconf 72' lang='grc' dir='ltr'>βουλόμε-</span> 
     </span>
    </p>
   </div>
   <div class='ocr_carea' id='block_1_28' title="bbox 2160 1604 3748 1676">
    <p class='ocr_par' dir='ltr' id='par_1_28' title="bbox 2160 1604 3748 1676">
     <span class='ocr_line' id='line_1_28' title="bbox 2160 1604 3748 1676; baseline 0.004 -25"><span class='ocrx_word' id='word_1_178' title='bbox 2160 1618 2270 1663; x_wconf 77' lang='grc' dir='ltr'>νος,</span> <span class='ocrx_word' id='word_1_179' title='bbox 2319 1604 2451 1652; x_wconf 78' lang='grc' dir='ltr'>πᾶσι</span> <span class='ocrx_word' id='word_1_180' title='bbox 2491 1605 2650 1672; x_wconf 84' lang='grc' dir='ltr'>χεῖρα</span> <span class='ocrx_word' id='word_1_181' title='bbox 2689 1604 2910 1674; x_wconf 79' lang='grc' dir='ltr'><strong>ὀρέγει,</strong></span> <span class='ocrx_word' id='word_1_182' title='bbox 2955 1605 3049 1657; x_wconf 73' lang='grc' dir='ltr'><strong>καὶ</strong></span> <span class='ocrx_word' id='word_1_183' title='bbox 3091 1605 3350 1675; x_wconf 79' lang='grc' dir='ltr'><strong>κειμένην</strong></span> <span class='ocrx_word' id='word_1_184' title='bbox 3393 1606 3601 1676; x_wconf 76' lang='grc' dir='ltr'>ἐγείρει</span> <span class='ocrx_word' id='word_1_185' title='bbox 3649 1607 3748 1674; x_wconf 69' lang='grc' dir='ltr'>τὴν</span> 
     </span>
    </p>
   </div>
   <div class='ocr_carea' id='block_1_29' title="bbox 2161 1691 3745 1762">
    <p class='ocr_par' dir='ltr' id='par_1_29' title="bbox 2161 1691 3745 1762">
     <span class='ocr_line' id='line_1_29' title="bbox 2161 1691 3745 1762; baseline 0.005 -21"><span class='ocrx_word' id='word_1_186' title='bbox 2161 1691 2361 1758; x_wconf 77' lang='grc' dir='ltr'>σάρκα,</span> <span class='ocrx_word' id='word_1_187' title='bbox 2387 1709 2456 1761; x_wconf 69' lang='grc' dir='ltr'>φη</span> <span class='ocrx_word' id='word_1_188' title='bbox 2467 1693 2547 1762; x_wconf 77' lang='grc' dir='ltr'><strong>μὶ,</strong></span> <span class='ocrx_word' id='word_1_189' title='bbox 2569 1693 2768 1746; x_wconf 75' lang='grc' dir='ltr'>καὶτὸν</span> <span class='ocrx_word' id='word_1_190' title='bbox 2792 1692 2937 1756; x_wconf 75' lang='grc' dir='ltr'>νοῦν,</span> <span class='ocrx_word' id='word_1_191' title='bbox 2957 1693 3014 1757; x_wconf 89' lang='grc' dir='ltr'>ὂς</span> <span class='ocrx_word' id='word_1_192' title='bbox 3036 1696 3278 1762; x_wconf 80' lang='grc' dir='ltr'>ἐγεγόνει</span> <span class='ocrx_word' id='word_1_193' title='bbox 3301 1698 3422 1749; x_wconf 82' lang='grc' dir='ltr'>κατ’</span> <span class='ocrx_word' id='word_1_194' title='bbox 3444 1696 3633 1748; x_wconf 74' lang='grc' dir='ltr'>εἰκόνα</span> <span class='ocrx_word' id='word_1_195' title='bbox 3652 1697 3745 1749; x_wconf 76' lang='grc' dir='ltr'><strong>τοῦ</strong></span> 
     </span>
    </p>
   </div>
   <div class='ocr_carea' id='block_1_30' title="bbox 2159 1782 3743 1858">
    <p class='ocr_par' dir='ltr' id='par_1_30' title="bbox 2159 1782 3743 1858">
     <span class='ocr_line' id='line_1_30' title="bbox 2159 1782 3743 1858; baseline 0.004 -24"><span class='ocrx_word' id='word_1_196' title='bbox 2159 1782 2461 1847; x_wconf 82' lang='grc' dir='ltr'>Κτίσαντος</span> <span class='ocrx_word' id='word_1_197' title='bbox 2477 1800 2489 1813; x_wconf 77' lang='grc'><strong><em>⁸</em></strong></span> <span class='ocrx_word' id='word_1_198' title='bbox 2514 1786 2743 1856; x_wconf 72' lang='grc' dir='ltr'>ἀόρατός</span> <span class='ocrx_word' id='word_1_199' title='bbox 2779 1803 2838 1838; x_wconf 83' lang='grc' dir='ltr'><strong>τε</strong></span> <span class='ocrx_word' id='word_1_200' title='bbox 2879 1788 2988 1858; x_wconf 82' lang='grc' dir='ltr'>γάρ</span> <span class='ocrx_word' id='word_1_201' title='bbox 3029 1789 3166 1851; x_wconf 84' lang='grc' dir='ltr'>ἐστι,</span> <span class='ocrx_word' id='word_1_202' title='bbox 3191 1789 3284 1841; x_wconf 77' lang='grc' dir='ltr'><strong>καὶ</strong></span> <span class='ocrx_word' id='word_1_203' title='bbox 3305 1790 3556 1851; x_wconf 76' lang='grc' dir='ltr'>ἀθέατος,</span> <span class='ocrx_word' id='word_1_204' title='bbox 3581 1791 3743 1858; x_wconf 65' lang='grc' dir='ltr'>ἀνέφο</span> 
     </span>
    </p>
   </div>
   <div class='ocr_carea' id='block_1_31' title="bbox 486 1875 2057 1957">
    <p class='ocr_par' dir='ltr' id='par_1_31' title="bbox 486 1881 2057 1955">
     <span class='ocr_line' id='line_1_31' title="bbox 486 1881 2057 1955; baseline -0.004 -15"><span class='ocrx_word' id='word_1_205' title='bbox 486 1902 545 1940; x_wconf 87' lang='lat' dir='ltr'><strong>se</strong></span> <span class='ocrx_word' id='word_1_206' title='bbox 591 1886 760 1955; x_wconf 87' lang='lat' dir='ltr'><strong>ipsam</strong></span> <span class='ocrx_word' id='word_1_207' title='bbox 807 1899 1158 1954; x_wconf 72' lang='lat' dir='ltr'><strong>cognoscens,</strong></span> <span class='ocrx_word' id='word_1_208' title='bbox 1201 1894 1255 1937; x_wconf 90' lang='lat' dir='ltr'><strong>et</strong></span> <span class='ocrx_word' id='word_1_209' title='bbox 1304 1885 1524 1951; x_wconf 83' lang='lat' dir='ltr'><strong>insuper</strong></span> <span class='ocrx_word' id='word_1_210' title='bbox 1551 1881 2057 1949; x_wconf 85' lang='lat' dir='ltr'><strong>ineircumscripta:</strong></span> 
     </span>
    </p>
   </div>
   <div class='ocr_carea' id='block_1_32' title="bbox 2162 1875 3739 1957">
    <p class='ocr_par' dir='ltr' id='par_1_32' title="bbox 2162 1875 3739 1949">
     <span class='ocr_line' id='line_1_32' title="bbox 2162 1875 3739 1949; baseline 0.004 -21"><span class='ocrx_word' id='word_1_211' title='bbox 2162 1875 2310 1937; x_wconf 81' lang='grc' dir='ltr'>ικτός</span> <span class='ocrx_word' id='word_1_212' title='bbox 2344 1892 2402 1927; x_wconf 83' lang='grc' dir='ltr'><strong>τε</strong></span> <span class='ocrx_word' id='word_1_213' title='bbox 2437 1875 2530 1929; x_wconf 73' lang='grc' dir='ltr'><strong>καὶ</strong></span> <span class='ocrx_word' id='word_1_214' title='bbox 2564 1876 2970 1948; x_wconf 83' lang='grc' dir='ltr'>ἀκατάληπτος,</span> <span class='ocrx_word' id='word_1_215' title='bbox 2993 1879 3100 1931; x_wconf 77' lang='grc' dir='ltr'>οὐδ’</span> <span class='ocrx_word' id='word_1_216' title='bbox 3123 1880 3318 1932; x_wconf 80' lang='grc' dir='ltr'>ἑαυτὸν</span> <span class='ocrx_word' id='word_1_217' title='bbox 3359 1881 3739 1949; x_wconf 79' lang='grc' dir='ltr'>ἐπιστάμενος,</span> 
     </span>
    </p>
   </div>
   <div class='ocr_carea' id='block_1_33' title="bbox 485 1973 2062 2046">
    <p class='ocr_par' dir='ltr' id='par_1_33' title="bbox 485 1973 2062 2046">
     <span class='ocr_line' id='line_1_33' title="bbox 485 1973 2062 2046; baseline -0.005 -13"><span class='ocrx_word' id='word_1_218' title='bbox 485 1988 540 2033; x_wconf 92' lang='lat' dir='ltr'><strong>et</strong></span> <span class='ocrx_word' id='word_1_219' title='bbox 586 1979 629 2031; x_wconf 88' lang='lat' dir='ltr'><strong>si</strong></span> <span class='ocrx_word' id='word_1_220' title='bbox 677 1978 1063 2046; x_wconf 70' lang='lat' dir='ltr'><strong>cogitationum</strong></span> <span class='ocrx_word' id='word_1_221' title='bbox 1101 1976 1442 2044; x_wconf 83' lang='lat' dir='ltr'><strong>phantasiam</strong></span> <span class='ocrx_word' id='word_1_222' title='bbox 1489 1982 1817 2041; x_wconf 84' lang='lat' dir='ltr'><strong>spectamus,</strong></span> <span class='ocrx_word' id='word_1_223' title='bbox 1867 1973 2062 2026; x_wconf 85' lang='lat' dir='ltr'><strong>ducatu</strong></span> 
     </span>
    </p>
   </div>
   <div class='ocr_carea' id='block_1_34' title="bbox 486 2063 2061 2138">
    <p class='ocr_par' dir='ltr' id='par_1_34' title="bbox 486 2063 2061 2138">
     <span class='ocr_line' id='line_1_34' title="bbox 486 2063 2061 2138; baseline -0.004 -17"><span class='ocrx_word' id='word_1_224' title='bbox 486 2080 540 2122; x_wconf 91' lang='lat' dir='ltr'><strong>et</strong></span> <span class='ocrx_word' id='word_1_225' title='bbox 573 2077 838 2138; x_wconf 84' lang='lat' dir='ltr'><strong>potestate</strong></span> <span class='ocrx_word' id='word_1_226' title='bbox 898 2068 1142 2136; x_wconf 70' lang='lat' dir='ltr'><strong>praedita,</strong></span> <span class='ocrx_word' id='word_1_227' title='bbox 1200 2065 1405 2117; x_wconf 89' lang='lat' dir='ltr'><strong>artibus</strong></span> <span class='ocrx_word' id='word_1_228' title='bbox 1453 2073 1507 2116; x_wconf 90' lang='lat' dir='ltr'><strong>et</strong></span> <span class='ocrx_word' id='word_1_229' title='bbox 1560 2063 1804 2116; x_wconf 88' lang='lat' dir='ltr'><strong>scientiis</strong></span> <span class='ocrx_word' id='word_1_230' title='bbox 1850 2075 2061 2126; x_wconf 88' lang='lat' dir='ltr'><strong>ornata,</strong></span> 
     </span>
    </p>
   </div>
   <div class='ocr_carea' id='block_1_35' title="bbox 489 2155 2060 2230">
    <p class='ocr_par' dir='ltr' id='par_1_35' title="bbox 489 2155 2060 2230">
     <span class='ocr_line' id='line_1_35' title="bbox 489 2155 2060 2230; baseline -0.004 -17"><span class='ocrx_word' id='word_1_231' title='bbox 489 2176 653 2230; x_wconf 83' lang='lat' dir='ltr'><strong>parva</strong></span> <span class='ocrx_word' id='word_1_232' title='bbox 677 2161 918 2230; x_wconf 77' lang='lat' dir='ltr'><strong>quzedam</strong></span> <span class='ocrx_word' id='word_1_233' title='bbox 942 2175 1001 2213; x_wconf 88' lang='lat' dir='ltr'><strong>ac</strong></span> <span class='ocrx_word' id='word_1_234' title='bbox 1017 2174 1151 2212; x_wconf 88' lang='lat' dir='ltr'><strong>nova</strong></span> <span class='ocrx_word' id='word_1_235' title='bbox 1176 2157 1430 2220; x_wconf 72' lang='lat' dir='ltr'><strong>creatrix,</strong></span> <span class='ocrx_word' id='word_1_236' title='bbox 1448 2158 1551 2217; x_wconf 81' lang='lat' dir='ltr'><strong>vel,</strong></span> <span class='ocrx_word' id='word_1_237' title='bbox 1579 2167 1634 2208; x_wconf 90' lang='lat' dir='ltr'><strong>ut</strong></span> <span class='ocrx_word' id='word_1_238' title='bbox 1655 2159 1833 2210; x_wconf 77' lang='lat' dir='ltr'><strong>verius</strong></span> <span class='ocrx_word' id='word_1_239' title='bbox 1859 2155 2060 2222; x_wconf 88' lang='lat' dir='ltr'><strong>dicam,</strong></span> 
     </span>
    </p>
   </div>
   <div class='ocr_carea' id='block_1_36' title="bbox 485 2250 2063 2319">
    <p class='ocr_par' dir='ltr' id='par_1_36' title="bbox 485 2250 2063 2319">
     <span class='ocr_line' id='line_1_36' title="bbox 485 2250 2063 2319; baseline -0.002 -13"><span class='ocrx_word' id='word_1_240' title='bbox 485 2253 762 2306; x_wconf 86' lang='lat' dir='ltr'><strong>Creatoris</strong></span> <span class='ocrx_word' id='word_1_241' title='bbox 805 2252 1084 2314; x_wconf 78' lang='lat' dir='ltr'><strong>imitatrix,</strong></span> <span class='ocrx_word' id='word_1_242' title='bbox 1137 2253 1320 2319; x_wconf 82' lang='lat' dir='ltr'><strong>regina</strong></span> <span class='ocrx_word' id='word_1_243' title='bbox 1366 2259 1628 2303; x_wconf 70' lang='lat' dir='ltr'><strong>creatura:</strong></span> <span class='ocrx_word' id='word_1_244' title='bbox 1678 2251 1923 2315; x_wconf 74' lang='lat' dir='ltr'><strong>visibilis,</strong></span> <span class='ocrx_word' id='word_1_245' title='bbox 1981 2250 2063 2304; x_wconf 82' lang='lat' dir='ltr'><strong>vel</strong></span> 
     </span>
    </p>
   </div>
   <div class='ocr_carea' id='block_1_37' title="bbox 487 2342 2060 2414">
    <p class='ocr_par' dir='ltr' id='par_1_37' title="bbox 487 2342 2060 2414">
     <span class='ocr_line' id='line_1_37' title="bbox 487 2342 2060 2414; baseline -0.003 -18"><span class='ocrx_word' id='word_1_246' title='bbox 487 2345 630 2414; x_wconf 87' lang='lat' dir='ltr'><strong>regis</strong></span> <span class='ocrx_word' id='word_1_247' title='bbox 678 2344 876 2414; x_wconf 90' lang='lat' dir='ltr'><strong>imago,</strong></span> <span class='ocrx_word' id='word_1_248' title='bbox 929 2343 1126 2396; x_wconf 88' lang='lat' dir='ltr'><strong>tributa</strong></span> <span class='ocrx_word' id='word_1_249' title='bbox 1176 2343 1244 2396; x_wconf 88' lang='lat' dir='ltr'><strong>de</strong></span> <span class='ocrx_word' id='word_1_250' title='bbox 1293 2352 1435 2396; x_wconf 87' lang='lat' dir='ltr'><strong>terra</strong></span> <span class='ocrx_word' id='word_1_251' title='bbox 1483 2342 1761 2408; x_wconf 81' lang='lat' dir='ltr'><strong>colligens.</strong></span> <span class='ocrx_word' id='word_1_252' title='bbox 1805 2359 1866 2395; x_wconf 85' lang='lat' dir='ltr'><strong>cx</strong></span> <span class='ocrx_word' id='word_1_253' title='bbox 1904 2343 2060 2404; x_wconf 86' lang='lat' dir='ltr'><strong>mari,</strong></span> 
     </span>
    </p>
   </div>
   <div class='ocr_carea' id='block_1_38' title="bbox 486 2433 2063 2502">
    <p class='ocr_par' dir='ltr' id='par_1_38' title="bbox 486 2433 2063 2502">
     <span class='ocr_line' id='line_1_38' title="bbox 486 2433 2063 2502; baseline 0 -16"><span class='ocrx_word' id='word_1_254' title='bbox 486 2443 648 2502; x_wconf 89' lang='lat' dir='ltr'><strong>atque</strong></span> <span class='ocrx_word' id='word_1_255' title='bbox 682 2449 827 2498; x_wconf 86' lang='lat' dir='ltr'><strong>aere,</strong></span> <span class='ocrx_word' id='word_1_256' title='bbox 879 2450 942 2490; x_wconf 83' lang='lat' dir='ltr'><strong>ex</strong></span> <span class='ocrx_word' id='word_1_257' title='bbox 975 2435 1086 2488; x_wconf 88' lang='lat' dir='ltr'><strong>sole</strong></span> <span class='ocrx_word' id='word_1_258' title='bbox 1135 2449 1198 2488; x_wconf 89' lang='lat' dir='ltr'><strong>ac</strong></span> <span class='ocrx_word' id='word_1_259' title='bbox 1241 2433 1364 2487; x_wconf 89' lang='lat' dir='ltr'><strong>luna</strong></span> <span class='ocrx_word' id='word_1_260' title='bbox 1398 2445 1450 2489; x_wconf 84' lang='lat' dir='ltr'><strong>et</strong></span> <span class='ocrx_word' id='word_1_261' title='bbox 1502 2435 1692 2498; x_wconf 83' lang='lat' dir='ltr'><strong>stellis,</strong></span> <span class='ocrx_word' id='word_1_262' title='bbox 1725 2451 1788 2488; x_wconf 76' lang='lat' dir='ltr'><strong>ex</strong></span> <span class='ocrx_word' id='word_1_263' title='bbox 1819 2436 1959 2488; x_wconf 75' lang='lat' dir='ltr'><strong>cwlo</strong></span> <span class='ocrx_word' id='word_1_264' title='bbox 2009 2444 2063 2487; x_wconf 91' lang='lat' dir='ltr'><strong>et</strong></span> 
     </span>
    </p>
   </div>
   <div class='ocr_carea' id='block_1_39' title="bbox 485 2524 2062 2595">
    <p class='ocr_par' dir='ltr' id='par_1_39' title="bbox 485 2524 2062 2595">
     <span class='ocr_line' id='line_1_39' title="bbox 485 2524 2062 2595; baseline 0.001 -17"><span class='ocrx_word' id='word_1_265' title='bbox 485 2524 740 2590; x_wconf 89' lang='lat' dir='ltr'><strong>nubibus,</strong></span> <span class='ocrx_word' id='word_1_266' title='bbox 776 2541 837 2580; x_wconf 84' lang='lat' dir='ltr'><strong>ex</strong></span> <span class='ocrx_word' id='word_1_267' title='bbox 883 2525 1093 2590; x_wconf 89' lang='lat' dir='ltr'><strong>ovibus,</strong></span> <span class='ocrx_word' id='word_1_268' title='bbox 1138 2526 1329 2590; x_wconf 86' lang='lat' dir='ltr'><strong>bobus,</strong></span> <span class='ocrx_word' id='word_1_269' title='bbox 1363 2526 1590 2595; x_wconf 85' lang='lat' dir='ltr'><strong>aliisque</strong></span> <span class='ocrx_word' id='word_1_270' title='bbox 1903 2541 2062 2595; x_wconf 81' lang='lat' dir='ltr'><strong>pecu-</strong></span> 
     </span>
    </p>
   </div>
   <div class='ocr_carea' id='block_1_40' title="bbox 485 2615 2060 2687">
    <p class='ocr_par' dir='ltr' id='par_1_40' title="bbox 485 2615 2060 2687">
     <span class='ocr_line' id='line_1_40' title="bbox 485 2615 2060 2687; baseline 0.002 -19"><span class='ocrx_word' id='word_1_271' title='bbox 485 2615 675 2680; x_wconf 88' lang='lat' dir='ltr'><strong>dibus;</strong></span> <span class='ocrx_word' id='word_1_272' title='bbox 707 2617 816 2670; x_wconf 92' lang='lat' dir='ltr'><strong>imo</strong></span> <span class='ocrx_word' id='word_1_273' title='bbox 842 2632 965 2671; x_wconf 79' lang='lat' dir='ltr'><strong>vero</strong></span> <span class='ocrx_word' id='word_1_274' title='bbox 991 2616 1229 2671; x_wconf 88' lang='lat' dir='ltr'><strong>omnium</strong></span> <span class='ocrx_word' id='word_1_275' title='bbox 1255 2617 1460 2672; x_wconf 76' lang='lat' dir='ltr'><strong>fructus</strong></span> <span class='ocrx_word' id='word_1_276' title='bbox 1481 2631 1710 2687; x_wconf 90' lang='lat' dir='ltr'><strong>carpens</strong></span> <span class='ocrx_word' id='word_1_277' title='bbox 1737 2635 1749 2671; x_wconf 93' lang='lat'><strong>:</strong></span> <span class='ocrx_word' id='word_1_278' title='bbox 1781 2618 1895 2685; x_wconf 84' lang='lat' dir='ltr'><strong>ejus</strong></span> <span class='ocrx_word' id='word_1_279' title='bbox 1918 2618 2060 2671; x_wconf 88' lang='lat' dir='ltr'><strong>enim</strong></span> 
     </span>
    </p>
   </div>
   <div class='ocr_carea' id='block_1_41' title="bbox 486 2707 2062 2776">
    <p class='ocr_par' dir='ltr' id='par_1_41' title="bbox 486 2707 2062 2776">
     <span class='ocr_line' id='line_1_41' title="bbox 486 2707 2062 2776; baseline 0.003 -18"><span class='ocrx_word' id='word_1_280' title='bbox 486 2707 659 2776; x_wconf 86' lang='lat' dir='ltr'><strong>gratia</strong></span> <span class='ocrx_word' id='word_1_281' title='bbox 699 2707 928 2763; x_wconf 81' lang='lat' dir='ltr'><strong>visibilia</strong></span> <span class='ocrx_word' id='word_1_282' title='bbox 963 2719 1156 2765; x_wconf 90' lang='lat' dir='ltr'><strong>cuncta</strong></span> <span class='ocrx_word' id='word_1_283' title='bbox 1189 2719 1317 2764; x_wconf 90' lang='lat' dir='ltr'><strong>sunt</strong></span> <span class='ocrx_word' id='word_1_284' title='bbox 1344 2707 1522 2764; x_wconf 82' lang='lat' dir='ltr'><strong>facta:</strong></span> <span class='ocrx_word' id='word_1_285' title='bbox 1551 2725 1674 2762; x_wconf 92' lang='lat' dir='ltr'><strong>nam</strong></span> <span class='ocrx_word' id='word_1_286' title='bbox 1706 2709 1846 2763; x_wconf 76' lang='lat' dir='ltr'><strong>Deus</strong></span> <span class='ocrx_word' id='word_1_287' title='bbox 1872 2709 2062 2762; x_wconf 85' lang='lat' dir='ltr'><strong>horum</strong></span> 
     </span>
    </p>
   </div>
   <div class='ocr_carea' id='block_1_42' title="bbox 454 2799 970 2867">
    <p class='ocr_par' dir='ltr' id='par_1_42' title="bbox 454 2799 970 2867">
     <span class='ocr_line' id='line_1_42' title="bbox 454 2799 970 2867; baseline 0.019 -21"><span class='ocrx_word' id='word_1_288' title='bbox 454 2841 457 2846; x_wconf 94' lang='lat'>.</span> <span class='ocrx_word' id='word_1_289' title='bbox 484 2813 592 2852; x_wconf 89' lang='lat' dir='ltr'><strong>non</strong></span> <span class='ocrx_word' id='word_1_290' title='bbox 621 2809 702 2854; x_wconf 89' lang='lat' dir='ltr'><strong>est.</strong></span> <span class='ocrx_word' id='word_1_291' title='bbox 739 2799 970 2867; x_wconf 83' lang='lat' dir='ltr'><strong>indigns.</strong></span> 
     </span>
    </p>
   </div>
   <div class='ocr_carea' id='block_1_43' title="bbox 553 2994 2060 3070">
    <p class='ocr_par' dir='ltr' id='par_1_43' title="bbox 553 2994 2060 3070">
     <span class='ocr_line' id='line_1_43' title="bbox 553 2994 2060 3070; baseline 0.005 -22"><span class='ocrx_word' id='word_1_292' title='bbox 553 2994 668 3049; x_wconf 82' lang='lat' dir='ltr'><strong>Non</strong></span> <span class='ocrx_word' id='word_1_293' title='bbox 694 3009 824 3066; x_wconf 85' lang='lat' dir='ltr'><strong>ergo</strong></span> <span class='ocrx_word' id='word_1_294' title='bbox 843 2997 1288 3066; x_wconf 86' lang='lat' dir='ltr'><strong>contempsittam</strong></span> <span class='ocrx_word' id='word_1_295' title='bbox 1306 2999 1596 3068; x_wconf 85' lang='lat' dir='ltr'><strong>pretiosam</strong></span> <span class='ocrx_word' id='word_1_296' title='bbox 1623 3012 1828 3070; x_wconf 91' lang='lat' dir='ltr'><strong>partem</strong></span> <span class='ocrx_word' id='word_1_297' title='bbox 1853 3002 2060 3056; x_wconf 87' lang='lat' dir='ltr'><strong>medela</strong></span> 
     </span>
    </p>
   </div>
   <div class='ocr_carea' id='block_1_44' title="bbox 2162 1967 3742 2044">
    <p class='ocr_par' dir='ltr' id='par_1_44' title="bbox 2162 1967 3742 2044">
     <span class='ocr_line' id='line_1_44' title="bbox 2162 1967 3742 2044; baseline 0.003 -23"><span class='ocrx_word' id='word_1_298' title='bbox 2162 1968 2299 2037; x_wconf 79' lang='grc' dir='ltr'>πρὸς</span> <span class='ocrx_word' id='word_1_299' title='bbox 2337 1967 2394 2019; x_wconf 83' lang='grc' dir='ltr'><strong>δὲ</strong></span> <span class='ocrx_word' id='word_1_300' title='bbox 2438 1967 2649 2031; x_wconf 80' lang='grc' dir='ltr'><strong>τούτοις</strong></span> <span class='ocrx_word' id='word_1_301' title='bbox 2685 1971 2781 2022; x_wconf 78' lang='grc' dir='ltr'><strong>καὶ</strong></span> <span class='ocrx_word' id='word_1_302' title='bbox 2805 1971 3183 2042; x_wconf 59' lang='grc' dir='ltr'>ἁπερὶγραφος</span> <span class='ocrx_word' id='word_1_303' title='bbox 3199 1991 3211 2002; x_wconf 88' lang='grc'><strong>·</strong></span> <span class='ocrx_word' id='word_1_304' title='bbox 3235 1974 3393 2043; x_wconf 73' lang='grc' dir='ltr'>εἴπερ</span> <span class='ocrx_word' id='word_1_305' title='bbox 3414 1975 3496 2036; x_wconf 81' lang='grc' dir='ltr'>εἰς</span> <span class='ocrx_word' id='word_1_306' title='bbox 3515 1975 3616 2044; x_wconf 76' lang='grc' dir='ltr'>τὴν</span> <span class='ocrx_word' id='word_1_307' title='bbox 3637 1974 3742 2026; x_wconf 80' lang='grc' dir='ltr'><strong>τῶν</strong></span> 
     </span>
    </p>
   </div>
   <div class='ocr_carea' id='block_1_45' title="bbox 2159 2058 3740 2134">
    <p class='ocr_par' dir='ltr' id='par_1_45' title="bbox 2159 2058 3740 2134">
     <span class='ocr_line' id='line_1_45' title="bbox 2159 2058 3740 2134; baseline 0.004 -24"><span class='ocrx_word' id='word_1_308' title='bbox 2159 2058 2434 2127; x_wconf 75' lang='grc' dir='ltr'>λογισμῶν</span> <span class='ocrx_word' id='word_1_309' title='bbox 2473 2060 2882 2129; x_wconf 52' lang='lat' dir='ltr'><strong>amaracum»</strong></span> <span class='ocrx_word' id='word_1_310' title='bbox 2918 2065 3239 2129; x_wconf 79' lang='grc' dir='ltr'>φαντασίαν,</span> <span class='ocrx_word' id='word_1_311' title='bbox 3266 2065 3536 2134; x_wconf 65' lang='grc' dir='ltr'>ἡγεμονίᾳ</span> <span class='ocrx_word' id='word_1_312' title='bbox 3562 2081 3624 2117; x_wconf 88' lang='grc' dir='ltr'><strong>τε</strong></span> <span class='ocrx_word' id='word_1_313' title='bbox 3651 2067 3740 2117; x_wconf 76' lang='grc' dir='ltr'>καὶ</span> 
     </span>
    </p>
   </div>
   <div class='ocr_carea' id='block_1_46' title="bbox 2159 2149 3743 2227">
    <p class='ocr_par' dir='ltr' id='par_1_46' title="bbox 2159 2149 3743 2227">
     <span class='ocr_line' id='line_1_46' title="bbox 2159 2149 3743 2227; baseline 0.001 -25"><span class='ocrx_word' id='word_1_314' title='bbox 2159 2149 2378 2221; x_wconf 74' lang='grc' dir='ltr'>ἐξουσίᾳ</span> <span class='ocrx_word' id='word_1_315' title='bbox 2413 2153 2796 2222; x_wconf 76' lang='grc' dir='ltr'>τετιμημένος,</span> <span class='ocrx_word' id='word_1_316' title='bbox 2822 2154 3036 2222; x_wconf 81' lang='grc' dir='ltr'>τέχναις</span> <span class='ocrx_word' id='word_1_317' title='bbox 3082 2156 3175 2207; x_wconf 72' lang='grc' dir='ltr'>καὶ</span> <span class='ocrx_word' id='word_1_318' title='bbox 3218 2158 3553 2227; x_wconf 75' lang='grc' dir='ltr'>ἐπιστήμαις</span> <span class='ocrx_word' id='word_1_319' title='bbox 3589 2175 3743 2209; x_wconf 71' lang='grc' dir='ltr'>κεκο-</span> 
     </span>
    </p>
   </div>
   <div class='ocr_carea' id='block_1_47' title="bbox 2161 2243 3740 2319">
    <p class='ocr_par' dir='ltr' id='par_1_47' title="bbox 2161 2243 3740 2319">
     <span class='ocr_line' id='line_1_47' title="bbox 2161 2243 3740 2319; baseline 0.006 -27"><span class='ocrx_word' id='word_1_320' title='bbox 2161 2244 2464 2311; x_wconf 76' lang='grc' dir='ltr'>σμημένος,</span> <span class='ocrx_word' id='word_1_321' title='bbox 2494 2243 2700 2314; x_wconf 74' lang='grc' dir='ltr'>βραχύς</span> <span class='ocrx_word' id='word_1_322' title='bbox 2740 2261 2823 2307; x_wconf 87' lang='grc' dir='ltr'><strong>τις</strong></span> <span class='ocrx_word' id='word_1_323' title='bbox 2863 2247 2956 2298; x_wconf 74' lang='grc' dir='ltr'>καὶ</span> <span class='ocrx_word' id='word_1_324' title='bbox 2983 2246 3097 2308; x_wconf 82' lang='grc' dir='ltr'>νέος</span> <span class='ocrx_word' id='word_1_325' title='bbox 3119 2247 3468 2318; x_wconf 76' lang='grc' dir='ltr'>δημιουργὸς,</span> <span class='ocrx_word' id='word_1_326' title='bbox 3490 2249 3548 2319; x_wconf 83' lang='grc' dir='ltr'>ἦ,</span> <span class='ocrx_word' id='word_1_327' title='bbox 3587 2250 3649 2301; x_wconf 81' lang='grc' dir='ltr'>τό</span> <span class='ocrx_word' id='word_1_328' title='bbox 3684 2267 3740 2316; x_wconf 76' lang='grc' dir='ltr'><strong>γε</strong></span> 
     </span>
    </p>
   </div>
   <div class='ocr_carea' id='block_1_48' title="bbox 2159 2335 3741 2410">
    <p class='ocr_par' dir='ltr' id='par_1_48' title="bbox 2159 2335 3741 2410">
     <span class='ocr_line' id='line_1_48' title="bbox 2159 2335 3741 2410; baseline 0.004 -25"><span class='ocrx_word' id='word_1_329' title='bbox 2159 2335 2520 2406; x_wconf 74' lang='grc' dir='ltr'>ἀληθέστερον</span> <span class='ocrx_word' id='word_1_330' title='bbox 2561 2338 2756 2401; x_wconf 79' lang='grc' dir='ltr'>εἰπεῖν,</span> <span class='ocrx_word' id='word_1_331' title='bbox 2799 2336 2890 2390; x_wconf 75' lang='grc' dir='ltr'>τοῦ</span> <span class='ocrx_word' id='word_1_332' title='bbox 2915 2338 3258 2409; x_wconf 82' lang='grc' dir='ltr'>Δημιουργοῦ</span> <span class='ocrx_word' id='word_1_333' title='bbox 3299 2341 3562 2410; x_wconf 77' lang='grc' dir='ltr'>μιμητὴς,</span> <span class='ocrx_word' id='word_1_334' title='bbox 3592 2341 3741 2410; x_wconf 71' lang='grc' dir='ltr'>βασι-</span> 
     </span>
    </p>
   </div>
   <div class='ocr_carea' id='block_1_49' title="bbox 2158 2425 3740 2502">
    <p class='ocr_par' dir='ltr' id='par_1_49' title="bbox 2158 2425 3740 2502">
     <span class='ocr_line' id='line_1_49' title="bbox 2158 2425 3740 2502; baseline 0.004 -25"><span class='ocrx_word' id='word_1_335' title='bbox 2158 2425 2282 2489; x_wconf 69' lang='grc' dir='ltr'>λεὺς</span> <span class='ocrx_word' id='word_1_336' title='bbox 2302 2428 2400 2496; x_wconf 79' lang='grc' dir='ltr'>τῆς</span> <span class='ocrx_word' id='word_1_337' title='bbox 2421 2429 2704 2499; x_wconf 83' lang='grc' dir='ltr'>ὁρωμένης</span> <span class='ocrx_word' id='word_1_338' title='bbox 2727 2430 3027 2499; x_wconf 84' lang='grc' dir='ltr'>κτίσεως,ῆ</span> <span class='ocrx_word' id='word_1_339' title='bbox 3057 2429 3320 2498; x_wconf 84' lang='grc' dir='ltr'>βασιλέως</span> <span class='ocrx_word' id='word_1_340' title='bbox 3343 2430 3527 2492; x_wconf 82' lang='grc' dir='ltr'>εἰκὼν,</span> <span class='ocrx_word' id='word_1_341' title='bbox 3547 2434 3740 2502; x_wconf 63' lang='grc' dir='ltr'>φόρους</span> 
     </span>
    </p>
   </div>
   <div class='ocr_carea' id='block_1_50' title="bbox 2163 2517 3738 2592">
    <p class='ocr_par' dir='ltr' id='par_1_50' title="bbox 2163 2517 3738 2592">
     <span class='ocr_line' id='line_1_50' title="bbox 2163 2517 3738 2592; baseline 0.003 -23"><span class='ocrx_word' id='word_1_342' title='bbox 2163 2517 2432 2585; x_wconf 86' lang='grc' dir='ltr'>συλλέγων</span> <span class='ocrx_word' id='word_1_343' title='bbox 2457 2520 2518 2570; x_wconf 79' lang='grc' dir='ltr'><strong>ἐκ</strong></span> <span class='ocrx_word' id='word_1_344' title='bbox 2542 2520 2664 2589; x_wconf 85' lang='grc' dir='ltr'>γῆς,</span> <span class='ocrx_word' id='word_1_345' title='bbox 2691 2522 2755 2572; x_wconf 79' lang='grc' dir='ltr'><strong>ἐκ</strong></span> <span class='ocrx_word' id='word_1_346' title='bbox 2777 2519 3068 2590; x_wconf 80' lang='grc' dir='ltr'>Θαλάττης,</span> <span class='ocrx_word' id='word_1_347' title='bbox 3096 2520 3154 2585; x_wconf 78' lang='grc' dir='ltr'>ἐξ</span> <span class='ocrx_word' id='word_1_348' title='bbox 3177 2523 3358 2592; x_wconf 79' lang='grc' dir='ltr'>ἀέρος,</span> <span class='ocrx_word' id='word_1_349' title='bbox 3382 2522 3441 2585; x_wconf 77' lang='grc' dir='ltr'>ἐξ</span> <span class='ocrx_word' id='word_1_350' title='bbox 3462 2523 3614 2591; x_wconf 76' lang='grc' dir='ltr'>ἡλίου</span> <span class='ocrx_word' id='word_1_351' title='bbox 3653 2527 3738 2576; x_wconf 77' lang='grc' dir='ltr'><strong>καὶ</strong></span> 
     </span>
    </p>
   </div>
   <div class='ocr_carea' id='block_1_51' title="bbox 2159 2608 3734 2685">
    <p class='ocr_par' dir='ltr' id='par_1_51' title="bbox 2159 2608 3734 2685">
     <span class='ocr_line' id='line_1_51' title="bbox 2159 2608 3734 2685; baseline 0.003 -26"><span class='ocrx_word' id='word_1_352' title='bbox 2159 2608 2389 2680; x_wconf 79' lang='grc' dir='ltr'>σελήνης</span> <span class='ocrx_word' id='word_1_353' title='bbox 2417 2612 2510 2664; x_wconf 79' lang='grc' dir='ltr'><strong>καὶ</strong></span> <span class='ocrx_word' id='word_1_354' title='bbox 2532 2611 2795 2682; x_wconf 80' lang='grc' dir='ltr'>ἀστέρων,</span> <span class='ocrx_word' id='word_1_355' title='bbox 2823 2612 2880 2677; x_wconf 78' lang='grc' dir='ltr'><strong>ἐξ</strong></span> <span class='ocrx_word' id='word_1_356' title='bbox 2909 2613 3142 2683; x_wconf 76' lang='grc' dir='ltr'>οὐρανοῦ</span> <span class='ocrx_word' id='word_1_357' title='bbox 3174 2615 3268 2666; x_wconf 76' lang='grc' dir='ltr'><strong>καὶ</strong></span> <span class='ocrx_word' id='word_1_358' title='bbox 3294 2611 3496 2682; x_wconf 66' lang='grc' dir='ltr'>νεφῶν,</span> <span class='ocrx_word' id='word_1_359' title='bbox 3521 2616 3583 2666; x_wconf 81' lang='grc' dir='ltr'>ἐκ</span> <span class='ocrx_word' id='word_1_360' title='bbox 3607 2632 3734 2685; x_wconf 78' lang='grc' dir='ltr'>προ-</span> 
     </span>
    </p>
   </div>
   <div class='ocr_carea' id='block_1_52' title="bbox 2161 2703 3732 2774">
    <p class='ocr_par' dir='ltr' id='par_1_52' title="bbox 2161 2703 3732 2774">
     <span class='ocr_line' id='line_1_52' title="bbox 2161 2703 3732 2774; baseline 0.003 -21"><span class='ocrx_word' id='word_1_361' title='bbox 2161 2705 2339 2757; x_wconf 76' lang='grc' dir='ltr'>ϐάτων</span> <span class='ocrx_word' id='word_1_362' title='bbox 2381 2705 2476 2756; x_wconf 74' lang='grc' dir='ltr'><strong>καὶ</strong></span> <span class='ocrx_word' id='word_1_363' title='bbox 2515 2703 2654 2772; x_wconf 86' lang='grc' dir='ltr'>βοῶν</span> <span class='ocrx_word' id='word_1_364' title='bbox 2697 2704 2793 2756; x_wconf 69' lang='grc' dir='ltr'><strong>καὶ</strong></span> <span class='ocrx_word' id='word_1_365' title='bbox 2831 2705 2943 2756; x_wconf 88' lang='grc' dir='ltr'><strong>τῶν</strong></span> <span class='ocrx_word' id='word_1_366' title='bbox 2981 2703 3154 2757; x_wconf 81' lang='grc' dir='ltr'>ἄλλων</span> <span class='ocrx_word' id='word_1_367' title='bbox 3194 2704 3428 2772; x_wconf 79' lang='grc' dir='ltr'>κτηνῶν,</span> <span class='ocrx_word' id='word_1_368' title='bbox 3455 2705 3656 2774; x_wconf 81' lang='grc' dir='ltr'>μᾶλλον</span> <span class='ocrx_word' id='word_1_369' title='bbox 3685 2707 3732 2758; x_wconf 80' lang='grc' dir='ltr'><strong>δὲ</strong></span> 
     </span>
    </p>
   </div>
   <div class='ocr_carea' id='block_1_53' title="bbox 2161 2793 3732 2865">
    <p class='ocr_par' dir='ltr' id='par_1_53' title="bbox 2161 2793 3732 2865">
     <span class='ocr_line' id='line_1_53' title="bbox 2161 2793 3732 2865; baseline 0.003 -20"><span class='ocrx_word' id='word_1_370' title='bbox 2161 2795 2370 2856; x_wconf 80' lang='grc' dir='ltr'>πάντας</span> <span class='ocrx_word' id='word_1_371' title='bbox 2410 2794 2589 2846; x_wconf 71' lang='grc' dir='ltr'>αὐτῶν</span> <span class='ocrx_word' id='word_1_372' title='bbox 2626 2793 2754 2856; x_wconf 78' lang='grc' dir='ltr'>τοὺς</span> <span class='ocrx_word' id='word_1_373' title='bbox 2795 2795 3040 2863; x_wconf 74' lang='grc' dir='ltr'>καρποὺς</span> <span class='ocrx_word' id='word_1_374' title='bbox 3074 2796 3436 2865; x_wconf 83' lang='grc' dir='ltr'>δρεπόμενος·</span> <span class='ocrx_word' id='word_1_375' title='bbox 3479 2798 3549 2848; x_wconf 78' lang='grc' dir='ltr'><strong>δι’</strong></span> <span class='ocrx_word' id='word_1_376' title='bbox 3581 2798 3732 2849; x_wconf 67' lang='grc' dir='ltr'>αὑτὸν</span> 
     </span>
    </p>
   </div>
   <div class='ocr_carea' id='block_1_54' title="bbox 2159 2884 3726 2958">
    <p class='ocr_par' dir='ltr' id='par_1_54' title="bbox 2159 2884 3726 2958">
     <span class='ocr_line' id='line_1_54' title="bbox 2159 2884 3726 2958; baseline 0.001 -18"><span class='ocrx_word' id='word_1_377' title='bbox 2159 2886 2266 2956; x_wconf 78' lang='grc' dir='ltr'><strong>γὰρ</strong></span> <span class='ocrx_word' id='word_1_378' title='bbox 2292 2885 2504 2954; x_wconf 79' lang='grc' dir='ltr'>ἐγένετο</span> <span class='ocrx_word' id='word_1_379' title='bbox 2523 2885 2592 2938; x_wconf 85' lang='grc' dir='ltr'>τὰ</span> <span class='ocrx_word' id='word_1_380' title='bbox 2611 2884 2886 2955; x_wconf 79' lang='grc' dir='ltr'>ὁρώμενα·</span> <span class='ocrx_word' id='word_1_381' title='bbox 2901 2886 3032 2950; x_wconf 84' lang='grc' dir='ltr'>Θεὸς</span> <span class='ocrx_word' id='word_1_382' title='bbox 3055 2886 3161 2957; x_wconf 79' lang='grc' dir='ltr'><strong>γὰρ</strong></span> <span class='ocrx_word' id='word_1_383' title='bbox 3188 2886 3394 2940; x_wconf 78' lang='grc' dir='ltr'>τούτων</span> <span class='ocrx_word' id='word_1_384' title='bbox 3408 2889 3726 2958; x_wconf 73' lang='grc' dir='ltr'>ἀπροσδεής.</span> 
     </span>
    </p>
   </div>
   <div class='ocr_carea' id='block_1_55' title="bbox 2227 2998 3728 3071">
    <p class='ocr_par' dir='ltr' id='par_1_55' title="bbox 2227 2998 3728 3071">
     <span class='ocr_line' id='line_1_55' title="bbox 2227 2998 3728 3071; baseline 0.001 -19"><span class='ocrx_word' id='word_1_385' title='bbox 2227 2998 2438 3052; x_wconf 76' lang='grc' dir='ltr'>Οὔκουν</span> <span class='ocrx_word' id='word_1_386' title='bbox 2480 2998 2718 3068; x_wconf 64' lang='grc' dir='ltr'><strong>⁴ἢτίμοισε</strong></span> <span class='ocrx_word' id='word_1_387' title='bbox 2755 2998 2846 3050; x_wconf 77' lang='grc' dir='ltr'><strong>τὸν</strong></span> <span class='ocrx_word' id='word_1_388' title='bbox 2887 2998 3030 3051; x_wconf 73' lang='grc' dir='ltr'>οὕτω</span> <span class='ocrx_word' id='word_1_389' title='bbox 3066 2999 3275 3069; x_wconf 82' lang='grc' dir='ltr'>τίμιον,</span> <span class='ocrx_word' id='word_1_390' title='bbox 3312 3000 3406 3052; x_wconf 76' lang='grc' dir='ltr'>τὸν</span> <span class='ocrx_word' id='word_1_391' title='bbox 3447 3000 3728 3071; x_wconf 82' lang='grc' dir='ltr'>Θεραπείας</span> 
     </span>
    </p>
   </div>
   <div class='ocr_carea' id='block_1_56' title="bbox 482 3088 2057 3162">
    <p class='ocr_par' dir='ltr' id='par_1_56' title="bbox 482 3091 2057 3162">
     <span class='ocr_line' id='line_1_56' title="bbox 482 3091 2057 3162; baseline 0.005 -22"><span class='ocrx_word' id='word_1_392' title='bbox 482 3098 735 3156; x_wconf 80' lang='lat' dir='ltr'><strong>egentem</strong></span> <span class='ocrx_word' id='word_1_393' title='bbox 760 3105 775 3154; x_wconf 93' lang='lat'><strong>;</strong></span> <span class='ocrx_word' id='word_1_394' title='bbox 807 3091 1101 3152; x_wconf 85' lang='lat' dir='ltr'><strong>morboque</strong></span> <span class='ocrx_word' id='word_1_395' title='bbox 1130 3100 1185 3142; x_wconf 90' lang='lat' dir='ltr'><strong>et</strong></span> <span class='ocrx_word' id='word_1_396' title='bbox 1215 3101 1430 3144; x_wconf 87' lang='lat' dir='ltr'><strong>senecta</strong></span> <span class='ocrx_word' id='word_1_397' title='bbox 1460 3103 1768 3160; x_wconf 79' lang='lat' dir='ltr'><strong>Corruptam</strong></span> <span class='ocrx_word' id='word_1_398' title='bbox 1795 3095 2057 3162; x_wconf 83' lang='lat' dir='ltr'><strong>mortique</strong></span> 
     </span>
    </p>
   </div>
   <div class='ocr_carea' id='block_1_57' title="bbox 2162 3088 3728 3162">
    <p class='ocr_par' dir='ltr' id='par_1_57' title="bbox 2162 3088 3728 3162">
     <span class='ocr_line' id='line_1_57' title="bbox 2162 3088 3728 3162; baseline 0 -18"><span class='ocrx_word' id='word_1_399' title='bbox 2162 3091 2429 3161; x_wconf 66' lang='grc' dir='ltr'>δεόμενον*</span> <span class='ocrx_word' id='word_1_400' title='bbox 2454 3089 2574 3142; x_wconf 80' lang='grc' dir='ltr'>οὐδὲ</span> <span class='ocrx_word' id='word_1_401' title='bbox 2597 3089 2658 3140; x_wconf 81' lang='grc' dir='ltr'><strong>τὸ</strong></span> <span class='ocrx_word' id='word_1_402' title='bbox 2680 3088 3055 3160; x_wconf 78' lang='grc' dir='ltr'>φοειρὸμενον,</span> <span class='ocrx_word' id='word_1_403' title='bbox 3071 3089 3318 3160; x_wconf 71' lang='grc' dir='ltr'>καὶνόσῳ</span> <span class='ocrx_word' id='word_1_404' title='bbox 3341 3092 3435 3143; x_wconf 74' lang='grc' dir='ltr'><strong>καὶ</strong></span> <span class='ocrx_word' id='word_1_405' title='bbox 3457 3093 3605 3162; x_wconf 76' lang='grc' dir='ltr'>γήρα</span> <span class='ocrx_word' id='word_1_406' title='bbox 3621 3093 3728 3144; x_wconf 81' lang='grc' dir='ltr'>δον·</span> 
     </span>
    </p>
   </div>
   <div class='ocr_carea' id='block_1_58' title="bbox 484 3175 2062 3252">
    <p class='ocr_par' dir='ltr' id='par_1_58' title="bbox 484 3175 2062 3252">
     <span class='ocr_line' id='line_1_58' title="bbox 484 3175 2062 3252; baseline 0.008 -25"><span class='ocrx_word' id='word_1_407' title='bbox 484 3175 845 3244; x_wconf 84' lang='lat' dir='ltr'><strong>mancipatam</strong></span> <span class='ocrx_word' id='word_1_408' title='bbox 894 3178 1284 3234; x_wconf 84' lang='lat' dir='ltr'><strong>humanitatem</strong></span> <span class='ocrx_word' id='word_1_409' title='bbox 1340 3196 1445 3235; x_wconf 92' lang='lat' dir='ltr'><strong>non</strong></span> <span class='ocrx_word' id='word_1_410' title='bbox 1502 3181 1571 3235; x_wconf 87' lang='lat' dir='ltr'><strong>ita</strong></span> <span class='ocrx_word' id='word_1_411' title='bbox 1636 3186 1951 3252; x_wconf 86' lang='lat' dir='ltr'><strong>assumpsit,</strong></span> <span class='ocrx_word' id='word_1_412' title='bbox 2006 3196 2062 3240; x_wconf 87' lang='lat' dir='ltr'><strong>ut</strong></span> 
     </span>
    </p>
   </div>
   <div class='ocr_carea' id='block_1_59' title="bbox 481 3265 2058 3342">
    <p class='ocr_par' dir='ltr' id='par_1_59' title="bbox 481 3265 2058 3342">
     <span class='ocr_line' id='line_1_59' title="bbox 481 3265 2058 3342; baseline 0.008 -25"><span class='ocrx_word' id='word_1_413' title='bbox 481 3274 692 3334; x_wconf 89' lang='lat' dir='ltr'><strong>partem</strong></span> <span class='ocrx_word' id='word_1_414' title='bbox 730 3265 900 3336; x_wconf 83' lang='lat' dir='ltr'><strong>ipsius</strong></span> <span class='ocrx_word' id='word_1_415' title='bbox 941 3270 1255 3324; x_wconf 79' lang='lat' dir='ltr'><strong>rationalem</strong></span> <span class='ocrx_word' id='word_1_416' title='bbox 1298 3280 1353 3323; x_wconf 88' lang='lat' dir='ltr'><strong>et</strong></span> <span class='ocrx_word' id='word_1_417' title='bbox 1397 3270 1757 3327; x_wconf 89' lang='lat' dir='ltr'><strong>immortalem</strong></span> <span class='ocrx_word' id='word_1_418' title='bbox 1794 3285 1951 3342; x_wconf 86' lang='lat' dir='ltr'><strong>atque</strong></span> <span class='ocrx_word' id='word_1_419' title='bbox 1994 3277 2058 3330; x_wconf 88' lang='lat' dir='ltr'><strong>ad</strong></span> 
     </span>
    </p>
   </div>
   <div class='ocr_carea' id='block_1_60' title="bbox 482 3358 2061 3435">
    <p class='ocr_par' dir='ltr' id='par_1_60' title="bbox 482 3358 2061 3435">
     <span class='ocr_line' id='line_1_60' title="bbox 482 3358 2061 3435; baseline 0.005 -23"><span class='ocrx_word' id='word_1_420' title='bbox 482 3358 772 3427; x_wconf 80' lang='lat' dir='ltr'><strong>imaginem</strong></span> <span class='ocrx_word' id='word_1_421' title='bbox 808 3377 960 3419; x_wconf 87' lang='lat' dir='ltr'><strong>suam</strong></span> <span class='ocrx_word' id='word_1_422' title='bbox 997 3365 1192 3417; x_wconf 75' lang='lat' dir='ltr'><strong>factam</strong></span> <span class='ocrx_word' id='word_1_423' title='bbox 1219 3366 1559 3434; x_wconf 74' lang='lat' dir='ltr'><strong>despexerit;</strong></span> <span class='ocrx_word' id='word_1_424' title='bbox 1597 3367 1896 3434; x_wconf 69' lang='lat' dir='ltr'><strong>praasertim</strong></span> <span class='ocrx_word' id='word_1_425' title='bbox 1937 3369 2061 3435; x_wconf 83' lang='lat' dir='ltr'><strong>quia</strong></span> 
     </span>
    </p>
   </div>
   <div class='ocr_carea' id='block_1_61' title="bbox 486 3451 2052 3516">
    <p class='ocr_par' dir='ltr' id='par_1_61' title="bbox 486 3451 2052 3516">
     <span class='ocr_line' id='line_1_61' title="bbox 486 3451 2052 3516; baseline -0.002 -11"><span class='ocrx_word' id='word_1_426' title='bbox 486 3451 648 3515; x_wconf 90' lang='lat' dir='ltr'><strong>male,</strong></span> <span class='ocrx_word' id='word_1_427' title='bbox 673 3457 730 3504; x_wconf 88' lang='lat' dir='ltr'><strong>ut</strong></span> <span class='ocrx_word' id='word_1_428' title='bbox 751 3452 921 3516; x_wconf 88' lang='lat' dir='ltr'><strong>aiunt,</strong></span> <span class='ocrx_word' id='word_1_429' title='bbox 950 3465 1007 3505; x_wconf 90' lang='lat' dir='ltr'><strong>se</strong></span> <span class='ocrx_word' id='word_1_430' title='bbox 1035 3451 1272 3505; x_wconf 86' lang='lat' dir='ltr'><strong>habebat</strong></span> <span class='ocrx_word' id='word_1_431' title='bbox 1297 3468 1310 3503; x_wconf 80' lang='grc' dir='ltr'><strong>τ</strong></span> <span class='ocrx_word' id='word_1_432' title='bbox 1342 3451 1436 3505; x_wconf 80' lang='lat' dir='ltr'><strong>sed</strong></span> <span class='ocrx_word' id='word_1_433' title='bbox 1464 3451 1771 3506; x_wconf 81' lang='lat' dir='ltr'><strong>universam</strong></span> <span class='ocrx_word' id='word_1_434' title='bbox 1804 3459 2052 3505; x_wconf 86' lang='lat' dir='ltr'><strong>naturam</strong></span> 
     </span>
    </p>
   </div>
   <div class='ocr_carea' id='block_1_62' title="bbox 485 3541 2058 3614">
    <p class='ocr_par' dir='ltr' id='par_1_62' title="bbox 485 3541 2058 3614">
     <span class='ocr_line' id='line_1_62' title="bbox 485 3541 2058 3614; baseline -0.003 -15"><span class='ocrx_word' id='word_1_435' title='bbox 485 3544 824 3614; x_wconf 85' lang='lat' dir='ltr'><strong>antiquatam</strong></span> <span class='ocrx_word' id='word_1_436' title='bbox 859 3542 1163 3596; x_wconf 75' lang='lat' dir='ltr'><strong>renovavit.</strong></span> <span class='ocrx_word' id='word_1_437' title='bbox 1214 3542 1372 3596; x_wconf 82' lang='lat' dir='ltr'><strong>Anne</strong></span> <span class='ocrx_word' id='word_1_438' title='bbox 1397 3541 1543 3595; x_wconf 84' lang='lat' dir='ltr'><strong>enim</strong></span> <span class='ocrx_word' id='word_1_439' title='bbox 1572 3551 1779 3610; x_wconf 84' lang='lat' dir='ltr'><strong>partem</strong></span> <span class='ocrx_word' id='word_1_440' title='bbox 1815 3541 1932 3611; x_wconf 88' lang='lat' dir='ltr'><strong>ejus</strong></span> <span class='ocrx_word' id='word_1_441' title='bbox 1965 3557 2058 3594; x_wconf 87' lang='lat' dir='ltr'><strong>no-</strong></span> 
     </span>
    </p>
   </div>
   <div class='ocr_carea' id='block_1_63' title="bbox 483 3635 2054 3702">
    <p class='ocr_par' dir='ltr' id='par_1_63' title="bbox 483 3635 2054 3702">
     <span class='ocr_line' id='line_1_63' title="bbox 483 3635 2054 3702; baseline -0.002 -12"><span class='ocrx_word' id='word_1_442' title='bbox 483 3653 605 3692; x_wconf 78' lang='lat' dir='ltr'><strong>vam</strong></span> <span class='ocrx_word' id='word_1_443' title='bbox 667 3636 905 3698; x_wconf 82' lang='lat' dir='ltr'><strong>fecisset,</strong></span> <span class='ocrx_word' id='word_1_444' title='bbox 965 3635 1110 3689; x_wconf 88' lang='lat' dir='ltr'><strong>illam</strong></span> <span class='ocrx_word' id='word_1_445' title='bbox 1148 3649 1295 3698; x_wconf 70' lang='lat' dir='ltr'><strong>vero,</strong></span> <span class='ocrx_word' id='word_1_446' title='bbox 1345 3648 1482 3702; x_wconf 66' lang='lat' dir='ltr'><strong>qum.</strong></span> <span class='ocrx_word' id='word_1_447' title='bbox 1513 3635 1807 3688; x_wconf 74' lang='lat' dir='ltr'><strong>inveterata</strong></span> <span class='ocrx_word' id='word_1_448' title='bbox 1849 3641 1968 3688; x_wconf 88' lang='lat' dir='ltr'><strong>erat</strong></span> <span class='ocrx_word' id='word_1_449' title='bbox 2003 3643 2054 3687; x_wconf 90' lang='lat' dir='ltr'><strong>et</strong></span> 
     </span>
    </p>
   </div>
   <div class='ocr_carea' id='block_1_64' title="bbox 479 3725 2048 3798">
    <p class='ocr_par' dir='ltr' id='par_1_64' title="bbox 479 3725 2048 3798">
     <span class='ocr_line' id='line_1_64' title="bbox 479 3725 2048 3798; baseline -0.006 -13"><span class='ocrx_word' id='word_1_450' title='bbox 479 3739 762 3798; x_wconf 86' lang='lat' dir='ltr'><strong>corrupta,</strong></span> <span class='ocrx_word' id='word_1_451' title='bbox 799 3728 916 3782; x_wconf 91' lang='lat' dir='ltr'><strong>sine</strong></span> <span class='ocrx_word' id='word_1_452' title='bbox 956 3726 1196 3780; x_wconf 90' lang='lat' dir='ltr'><strong>remedio</strong></span> <span class='ocrx_word' id='word_1_453' title='bbox 1243 3739 1364 3779; x_wconf 89' lang='lat' dir='ltr'><strong>esse</strong></span> <span class='ocrx_word' id='word_1_454' title='bbox 1397 3725 1648 3778; x_wconf 82' lang='lat' dir='ltr'><strong>sivisset?</strong></span> <span class='ocrx_word' id='word_1_455' title='bbox 1670 3739 1792 3778; x_wconf 89' lang='lat' dir='ltr'><strong>cum</strong></span> <span class='ocrx_word' id='word_1_456' title='bbox 1829 3738 2048 3790; x_wconf 69' lang='lat' dir='ltr'><strong>praaser-</strong></span> 
     </span>
    </p>
   </div>
   <div class='ocr_carea' id='block_1_65' title="bbox 485 3815 2058 3890">
    <p class='ocr_par' dir='ltr' id='par_1_65' title="bbox 485 3815 2058 3890">
     <span class='ocr_line' id='line_1_65' title="bbox 485 3815 2058 3890; baseline -0.003 -16"><span class='ocrx_word' id='word_1_457' title='bbox 485 3823 577 3876; x_wconf 92' lang='lat' dir='ltr'><strong>tim</strong></span> <span class='ocrx_word' id='word_1_458' title='bbox 607 3836 732 3890; x_wconf 88' lang='lat' dir='ltr'><strong>pars</strong></span> <span class='ocrx_word' id='word_1_459' title='bbox 765 3820 877 3873; x_wconf 73' lang='lat' dir='ltr'><strong>hcce</strong></span> <span class='ocrx_word' id='word_1_460' title='bbox 926 3815 1324 3888; x_wconf 87' lang='lat' dir='ltr'><strong>pretiosissima</strong></span> <span class='ocrx_word' id='word_1_461' title='bbox 1356 3825 1522 3880; x_wconf 89' lang='lat' dir='ltr'><strong>esset,</strong></span> <span class='ocrx_word' id='word_1_462' title='bbox 1554 3827 1607 3870; x_wconf 91' lang='lat' dir='ltr'><strong>et</strong></span> <span class='ocrx_word' id='word_1_463' title='bbox 1642 3817 2058 3870; x_wconf 82' lang='lat' dir='ltr'><strong>immortalitate</strong></span> 
     </span>
    </p>
   </div>
   <div class='ocr_carea' id='block_1_66' title="bbox 482 3907 2053 3981">
    <p class='ocr_par' dir='ltr' id='par_1_66' title="bbox 482 3907 2053 3981">
     <span class='ocr_line' id='line_1_66' title="bbox 482 3907 2053 3981; baseline -0.001 -17"><span class='ocrx_word' id='word_1_464' title='bbox 482 3913 710 3981; x_wconf 87' lang='lat' dir='ltr'><strong>pollens,</strong></span> <span class='ocrx_word' id='word_1_465' title='bbox 740 3922 795 3965; x_wconf 90' lang='lat' dir='ltr'><strong>et</strong></span> <span class='ocrx_word' id='word_1_466' title='bbox 827 3911 1051 3963; x_wconf 84' lang='lat' dir='ltr'><strong>rationis</strong></span> <span class='ocrx_word' id='word_1_467' title='bbox 1085 3924 1186 3962; x_wconf 92' lang='lat' dir='ltr'><strong>usu</strong></span> <span class='ocrx_word' id='word_1_468' title='bbox 1219 3917 1501 3973; x_wconf 81' lang='lat' dir='ltr'><strong>exornata,</strong></span> <span class='ocrx_word' id='word_1_469' title='bbox 1537 3917 1590 3962; x_wconf 90' lang='lat' dir='ltr'><strong>et</strong></span> <span class='ocrx_word' id='word_1_470' title='bbox 1614 3909 1679 3962; x_wconf 90' lang='lat' dir='ltr'><strong>ad</strong></span> <span class='ocrx_word' id='word_1_471' title='bbox 1710 3907 2053 3962; x_wconf 85' lang='lat' dir='ltr'><strong>intellectua-</strong></span> 
     </span>
    </p>
   </div>
   <div class='ocr_carea' id='block_1_67' title="bbox 479 3999 2055 4069">
    <p class='ocr_par' dir='ltr' id='par_1_67' title="bbox 479 3999 2055 4069">
     <span class='ocr_line' id='line_1_67' title="bbox 479 3999 2055 4069; baseline -0.003 -12"><span class='ocrx_word' id='word_1_472' title='bbox 479 4003 610 4058; x_wconf 88' lang='lat' dir='ltr'><strong>limn</strong></span> <span class='ocrx_word' id='word_1_473' title='bbox 667 4002 915 4057; x_wconf 89' lang='lat' dir='ltr'><strong>ordinem</strong></span> <span class='ocrx_word' id='word_1_474' title='bbox 963 4001 1264 4069; x_wconf 86' lang='lat' dir='ltr'><strong>pertinens.</strong></span> <span class='ocrx_word' id='word_1_475' title='bbox 1336 3999 1801 4054; x_wconf 84' lang='lat' dir='ltr'><strong>Absurdissimum</strong></span> <span class='ocrx_word' id='word_1_476' title='bbox 1852 4000 2055 4069; x_wconf 85' lang='lat' dir='ltr'><strong>quippe</strong></span> 
     </span>
    </p>
   </div>
   <div class='ocr_carea' id='block_1_68' title="bbox 479 4090 2054 4161">
    <p class='ocr_par' dir='ltr' id='par_1_68' title="bbox 479 4090 2054 4161">
     <span class='ocr_line' id='line_1_68' title="bbox 479 4090 2054 4161; baseline -0.003 -12"><span class='ocrx_word' id='word_1_477' title='bbox 479 4095 690 4156; x_wconf 82' lang='lat' dir='ltr'><strong>luisset,</strong></span> <span class='ocrx_word' id='word_1_478' title='bbox 715 4108 913 4161; x_wconf 87' lang='lat' dir='ltr'><strong>corpus</strong></span> <span class='ocrx_word' id='word_1_479' title='bbox 941 4091 1144 4144; x_wconf 90' lang='lat' dir='ltr'><strong>luteum</strong></span> <span class='ocrx_word' id='word_1_480' title='bbox 1179 4099 1234 4143; x_wconf 90' lang='lat' dir='ltr'><strong>et</strong></span> <span class='ocrx_word' id='word_1_481' title='bbox 1265 4090 1598 4158; x_wconf 79' lang='lat' dir='ltr'><strong>pulvereum,</strong></span> <span class='ocrx_word' id='word_1_482' title='bbox 1622 4097 1676 4144; x_wconf 86' lang='lat' dir='ltr'><strong>et</strong></span> <span class='ocrx_word' id='word_1_483' title='bbox 1709 4091 2054 4159; x_wconf 87' lang='lat' dir='ltr'><strong>passionibus</strong></span> 
     </span>
    </p>
   </div>
   <div class='ocr_carea' id='block_1_69' title="bbox 479 4181 2049 4256">
    <p class='ocr_par' dir='ltr' id='par_1_69' title="bbox 479 4181 2049 4256">
     <span class='ocr_line' id='line_1_69' title="bbox 479 4181 2049 4256; baseline -0.004 -15"><span class='ocrx_word' id='word_1_484' title='bbox 479 4186 801 4256; x_wconf 89' lang='lat' dir='ltr'><strong>implicitum</strong></span> <span class='ocrx_word' id='word_1_485' title='bbox 859 4184 960 4236; x_wconf 90' lang='lat' dir='ltr'><strong>sibi</strong></span> <span class='ocrx_word' id='word_1_486' title='bbox 1016 4197 1298 4236; x_wconf 88' lang='lat' dir='ltr'><strong>assumere</strong></span> <span class='ocrx_word' id='word_1_487' title='bbox 1339 4191 1499 4250; x_wconf 83' lang='lat' dir='ltr'><strong>atque</strong></span> <span class='ocrx_word' id='word_1_488' title='bbox 1553 4181 1868 4253; x_wconf 82' lang='lat' dir='ltr'><strong>adjungere,</strong></span> <span class='ocrx_word' id='word_1_489' title='bbox 1910 4182 2049 4236; x_wconf 79' lang='lat' dir='ltr'><strong>etin</strong></span> 
     </span>
    </p>
   </div>
   <div class='ocr_carea' id='block_1_70' title="bbox 479 4273 2051 4343">
    <p class='ocr_par' dir='ltr' id='par_1_70' title="bbox 479 4273 2051 4343">
     <span class='ocr_line' id='line_1_70' title="bbox 479 4273 2051 4343; baseline -0.004 -11"><span class='ocrx_word' id='word_1_490' title='bbox 479 4279 704 4332; x_wconf 82' lang='lat' dir='ltr'><strong>dextera</strong></span> <span class='ocrx_word' id='word_1_491' title='bbox 736 4275 1034 4343; x_wconf 85' lang='lat' dir='ltr'><strong>majestatis</strong></span> <span class='ocrx_word' id='word_1_492' title='bbox 1060 4277 1361 4329; x_wconf 84' lang='lat' dir='ltr'><strong>collocare:</strong></span> <span class='ocrx_word' id='word_1_493' title='bbox 1387 4284 1622 4328; x_wconf 88' lang='lat' dir='ltr'><strong>mentem</strong></span> <span class='ocrx_word' id='word_1_494' title='bbox 1656 4273 2051 4329; x_wconf 81' lang='lat' dir='ltr'><strong>veroinvisibi-</strong></span> 
     </span>
    </p>
   </div>
   <div class='ocr_carea' id='block_1_71' title="bbox 478 4364 2053 4430">
    <p class='ocr_par' dir='ltr' id='par_1_71' title="bbox 478 4364 2053 4430">
     <span class='ocr_line' id='line_1_71' title="bbox 478 4364 2053 4430; baseline -0.004 -8"><span class='ocrx_word' id='word_1_495' title='bbox 478 4367 610 4430; x_wconf 84' lang='lat' dir='ltr'><strong>lem,</strong></span> <span class='ocrx_word' id='word_1_496' title='bbox 641 4365 1026 4430; x_wconf 89' lang='lat' dir='ltr'><strong>immortalem,</strong></span> <span class='ocrx_word' id='word_1_497' title='bbox 1058 4367 1349 4420; x_wconf 83' lang='lat' dir='ltr'><strong>animantis</strong></span> <span class='ocrx_word' id='word_1_498' title='bbox 1381 4366 1692 4430; x_wconf 89' lang='lat' dir='ltr'><strong>rectricem,</strong></span> <span class='ocrx_word' id='word_1_499' title='bbox 1733 4367 1798 4418; x_wconf 85' lang='lat' dir='ltr'><strong>ad</strong></span> <span class='ocrx_word' id='word_1_500' title='bbox 1832 4364 1923 4418; x_wconf 79' lang='lat' dir='ltr'><strong>Dei</strong></span> <span class='ocrx_word' id='word_1_501' title='bbox 1971 4365 2053 4417; x_wconf 82' lang='lat' dir='ltr'><strong>l&#39;a-</strong></span> 
     </span>
    </p>
   </div>
   <div class='ocr_carea' id='block_1_72' title="bbox 477 4457 2051 4530">
    <p class='ocr_par' dir='ltr' id='par_1_72' title="bbox 477 4457 2051 4530">
     <span class='ocr_line' id='line_1_72' title="bbox 477 4457 2051 4530; baseline -0.004 -14"><span class='ocrx_word' id='word_1_502' title='bbox 477 4471 618 4516; x_wconf 86' lang='lat' dir='ltr'><strong>ctam</strong></span> <span class='ocrx_word' id='word_1_503' title='bbox 653 4461 966 4530; x_wconf 82' lang='lat' dir='ltr'><strong>imaginem,</strong></span> <span class='ocrx_word' id='word_1_504' title='bbox 1012 4457 1530 4527; x_wconf 89' lang='lat' dir='ltr'><strong>incorruptibilitate</strong></span> <span class='ocrx_word' id='word_1_505' title='bbox 1575 4460 1878 4528; x_wconf 70' lang='lat' dir='ltr'><strong>przeditam,</strong></span> <span class='ocrx_word' id='word_1_506' title='bbox 1924 4472 2051 4510; x_wconf 85' lang='lat' dir='ltr'><strong>eor-</strong></span> 
     </span>
    </p>
   </div>
   <div class='ocr_carea' id='block_1_73' title="bbox 479 4550 2052 4623">
    <p class='ocr_par' dir='ltr' id='par_1_73' title="bbox 479 4550 2052 4623">
     <span class='ocr_line' id='line_1_73' title="bbox 479 4550 2052 4623; baseline -0.001 -18"><span class='ocrx_word' id='word_1_507' title='bbox 479 4554 626 4623; x_wconf 87' lang='lat' dir='ltr'><strong>poris</strong></span> <span class='ocrx_word' id='word_1_508' title='bbox 649 4553 812 4607; x_wconf 70' lang='lat' dir='ltr'><strong>veluti</strong></span> <span class='ocrx_word' id='word_1_509' title='bbox 849 4554 1114 4622; x_wconf 84' lang='lat' dir='ltr'><strong>aurigam,</strong></span> <span class='ocrx_word' id='word_1_510' title='bbox 1145 4552 1604 4620; x_wconf 79' lang='lat' dir='ltr'><strong>gubernatricem,</strong></span> <span class='ocrx_word' id='word_1_511' title='bbox 1639 4561 1696 4604; x_wconf 91' lang='lat' dir='ltr'><strong>et</strong></span> <span class='ocrx_word' id='word_1_512' title='bbox 1729 4550 1883 4620; x_wconf 87' lang='lat' dir='ltr'><strong>quasi</strong></span> <span class='ocrx_word' id='word_1_513' title='bbox 1919 4565 2052 4604; x_wconf 90' lang='lat' dir='ltr'><strong>con-</strong></span> 
     </span>
    </p>
   </div>
   <div class='ocr_carea' id='block_1_74' title="bbox 2158 3180 3724 3252">
    <p class='ocr_par' dir='ltr' id='par_1_74' title="bbox 2158 3180 3724 3252">
     <span class='ocr_line' id='line_1_74' title="bbox 2158 3180 3724 3252; baseline -0.001 -16"><span class='ocrx_word' id='word_1_514' title='bbox 2158 3183 2314 3238; x_wconf 81' lang='grc' dir='ltr'>λεῢον</span> <span class='ocrx_word' id='word_1_515' title='bbox 2334 3183 2428 3235; x_wconf 73' lang='grc' dir='ltr'><strong>καὶ</strong></span> <span class='ocrx_word' id='word_1_516' title='bbox 2442 3180 2658 3252; x_wconf 79' lang='grc' dir='ltr'>Θανάτῳ</span> <span class='ocrx_word' id='word_1_517' title='bbox 2675 3180 2928 3244; x_wconf 76' lang='grc' dir='ltr'>ἀνέλαϐε,</span> <span class='ocrx_word' id='word_1_518' title='bbox 2950 3181 3012 3234; x_wconf 78' lang='grc' dir='ltr'><strong>τὸ</strong></span> <span class='ocrx_word' id='word_1_519' title='bbox 3031 3181 3089 3234; x_wconf 82' lang='grc' dir='ltr'>δὲ</span> <span class='ocrx_word' id='word_1_520' title='bbox 3111 3180 3327 3249; x_wconf 75' lang='grc' dir='ltr'>λογικὸν</span> <span class='ocrx_word' id='word_1_521' title='bbox 3351 3183 3447 3236; x_wconf 75' lang='grc' dir='ltr'><strong>καὶ</strong></span> <span class='ocrx_word' id='word_1_522' title='bbox 3471 3183 3724 3238; x_wconf 79' lang='grc' dir='ltr'>ἀθάνατον</span> 
     </span>
    </p>
   </div>
   <div class='ocr_carea' id='block_1_75' title="bbox 2156 3272 3719 3342">
    <p class='ocr_par' dir='ltr' id='par_1_75' title="bbox 2156 3272 3719 3342">
     <span class='ocr_line' id='line_1_75' title="bbox 2156 3272 3719 3342; baseline -0.001 -14"><span class='ocrx_word' id='word_1_523' title='bbox 2156 3275 2249 3328; x_wconf 74' lang='grc' dir='ltr'>καὶ</span> <span class='ocrx_word' id='word_1_524' title='bbox 2260 3275 2380 3328; x_wconf 78' lang='grc' dir='ltr'>κατ’</span> <span class='ocrx_word' id='word_1_525' title='bbox 2393 3291 2417 3326; x_wconf 86' lang='grc' dir='ltr'><strong>ε</strong></span> <span class='ocrx_word' id='word_1_526' title='bbox 2427 3274 2578 3327; x_wconf 85' lang='grc' dir='ltr'>ἰκόνα</span> <span class='ocrx_word' id='word_1_527' title='bbox 2587 3287 2784 3342; x_wconf 85' lang='grc' dir='ltr'>γεγενη</span> <span class='ocrx_word' id='word_1_528' title='bbox 2793 3272 2952 3342; x_wconf 86' lang='grc' dir='ltr'>μένον</span> <span class='ocrx_word' id='word_1_529' title='bbox 2965 3273 3212 3342; x_wconf 79' lang='grc' dir='ltr'>ὑπερεῖδε</span> <span class='ocrx_word' id='word_1_530' title='bbox 3223 3273 3520 3336; x_wconf 72' lang='grc' dir='ltr'>,καὶταῦτα</span> <span class='ocrx_word' id='word_1_531' title='bbox 3532 3277 3719 3339; x_wconf 79' lang='grc' dir='ltr'>κακῶς,</span> 
     </span>
    </p>
   </div>
   <div class='ocr_carea' id='block_1_76' title="bbox 2155 3365 3718 3435">
    <p class='ocr_par' dir='ltr' id='par_1_76' title="bbox 2155 3365 3718 3435">
     <span class='ocr_line' id='line_1_76' title="bbox 2155 3365 3718 3435; baseline -0.001 -15"><span class='ocrx_word' id='word_1_532' title='bbox 2155 3368 2228 3429; x_wconf 88' lang='grc' dir='ltr'>ὦς</span> <span class='ocrx_word' id='word_1_533' title='bbox 2243 3385 2394 3427; x_wconf 71' lang='grc' dir='ltr'>φασι,</span> <span class='ocrx_word' id='word_1_534' title='bbox 2405 3367 2554 3419; x_wconf 83' lang='grc' dir='ltr'>διακε</span> <span class='ocrx_word' id='word_1_535' title='bbox 2565 3366 2767 3432; x_wconf 70' lang='grc' dir='ltr'>ίμενονσ</span> <span class='ocrx_word' id='word_1_536' title='bbox 2785 3366 2921 3420; x_wconf 66' lang='grc' dir='ltr'>ἀλλὰ</span> <span class='ocrx_word' id='word_1_537' title='bbox 2937 3367 3114 3419; x_wconf 80' lang='grc' dir='ltr'>πᾶσαν</span> <span class='ocrx_word' id='word_1_538' title='bbox 3125 3367 3219 3435; x_wconf 83' lang='grc' dir='ltr'><strong>τὴν</strong></span> <span class='ocrx_word' id='word_1_539' title='bbox 3234 3365 3396 3434; x_wconf 79' lang='grc' dir='ltr'>φύσιν</span> <span class='ocrx_word' id='word_1_540' title='bbox 3409 3369 3718 3420; x_wconf 76' lang='grc' dir='ltr'>παλαιωθεῖ·</span> 
     </span>
    </p>
   </div>
   <div class='ocr_carea' id='block_1_77' title="bbox 2164 3441 3722 3520">
    <p class='ocr_par' dir='ltr' id='par_1_77' title="bbox 2164 3441 3722 3520">
     <span class='ocr_line' id='line_1_77' title="bbox 2164 3441 3722 3520; baseline -0.004 -21"><span class='ocrx_word' id='word_1_541' title='bbox 2164 3464 2267 3500; x_wconf 87' lang='grc' dir='ltr'><strong>σαν</strong></span> <span class='ocrx_word' id='word_1_542' title='bbox 2297 3450 2643 3520; x_wconf 82' lang='grc' dir='ltr'>ὲνεοποίησε.</span> <span class='ocrx_word' id='word_1_543' title='bbox 2684 3449 2797 3504; x_wconf 76' lang='grc' dir='ltr'>Καὶ</span> <span class='ocrx_word' id='word_1_544' title='bbox 2826 3450 2888 3502; x_wconf 74' lang='grc' dir='ltr'>τὸ</span> <span class='ocrx_word' id='word_1_545' title='bbox 2923 3447 3020 3518; x_wconf 77' lang='grc' dir='ltr'>μὲν</span> <span class='ocrx_word' id='word_1_546' title='bbox 3050 3447 3222 3516; x_wconf 81' lang='grc' dir='ltr'>αὐτῆς</span> <span class='ocrx_word' id='word_1_547' title='bbox 3257 3446 3446 3500; x_wconf 76' lang='grc' dir='ltr'>καινὸν</span> <span class='ocrx_word' id='word_1_548' title='bbox 3473 3441 3722 3511; x_wconf 73' lang='grc' dir='ltr'>ἀπειργά-</span> 
     </span>
    </p>
   </div>
   <div class='ocr_carea' id='block_1_78' title="bbox 2162 3535 3721 3606">
    <p class='ocr_par' dir='ltr' id='par_1_78' title="bbox 2162 3535 3721 3606">
     <span class='ocr_line' id='line_1_78' title="bbox 2162 3535 3721 3606; baseline -0.001 -18"><span class='ocrx_word' id='word_1_549' title='bbox 2162 3554 2314 3598; x_wconf 85' lang='grc' dir='ltr'>σατο,</span> <span class='ocrx_word' id='word_1_550' title='bbox 2332 3538 2393 3589; x_wconf 83' lang='grc' dir='ltr'><strong>τὸ</strong></span> <span class='ocrx_word' id='word_1_551' title='bbox 2415 3537 2470 3590; x_wconf 77' lang='grc' dir='ltr'>δὲ</span> <span class='ocrx_word' id='word_1_552' title='bbox 2495 3537 2947 3606; x_wconf 75' lang='grc' dir='ltr'>πεπαλαιωμένον</span> <span class='ocrx_word' id='word_1_553' title='bbox 2972 3536 3064 3590; x_wconf 79' lang='grc' dir='ltr'><strong>καὶ</strong></span> <span class='ocrx_word' id='word_1_554' title='bbox 3091 3535 3492 3604; x_wconf 78' lang='grc' dir='ltr'>διεφθαρμένον</span> <span class='ocrx_word' id='word_1_555' title='bbox 3521 3535 3721 3587; x_wconf 73' lang='grc' dir='ltr'>ἀνίατιν</span> 
     </span>
    </p>
   </div>
   <div class='ocr_carea' id='block_1_79' title="bbox 2160 3627 3719 3698">
    <p class='ocr_par' dir='ltr' id='par_1_79' title="bbox 2160 3627 3719 3698">
     <span class='ocr_line' id='line_1_79' title="bbox 2160 3627 3719 3698; baseline -0.003 -17"><span class='ocrx_word' id='word_1_556' title='bbox 2160 3631 2342 3695; x_wconf 56' lang='lat' dir='ltr'><strong>deos;</strong></span> <span class='ocrx_word' id='word_1_557' title='bbox 2374 3630 2468 3681; x_wconf 81' lang='grc' dir='ltr'><strong>καὶ</strong></span> <span class='ocrx_word' id='word_1_558' title='bbox 2501 3631 2673 3682; x_wconf 78' lang='grc' dir='ltr'>ταῦτα</span> <span class='ocrx_word' id='word_1_559' title='bbox 2699 3629 3030 3697; x_wconf 85' lang='grc' dir='ltr'>τιμιώτατον</span> <span class='ocrx_word' id='word_1_560' title='bbox 3057 3629 3324 3698; x_wconf 73' lang='grc' dir='ltr'>ὑπάρχον,</span> <span class='ocrx_word' id='word_1_561' title='bbox 3343 3631 3439 3680; x_wconf 71' lang='grc' dir='ltr'><strong>καὶ</strong></span> <span class='ocrx_word' id='word_1_562' title='bbox 3471 3627 3719 3695; x_wconf 72' lang='grc' dir='ltr'>ἀθανασία</span> 
     </span>
    </p>
   </div>
   <div class='ocr_carea' id='block_1_80' title="bbox 2159 3718 3718 3790">
    <p class='ocr_par' dir='ltr' id='par_1_80' title="bbox 2159 3718 3718 3790">
     <span class='ocr_line' id='line_1_80' title="bbox 2159 3718 3718 3790; baseline -0.005 -17"><span class='ocrx_word' id='word_1_563' title='bbox 2159 3719 2546 3790; x_wconf 82' lang='grc' dir='ltr'>τετιμημένον,</span> <span class='ocrx_word' id='word_1_564' title='bbox 2585 3723 2677 3774; x_wconf 75' lang='grc' dir='ltr'><strong>καὶ</strong></span> <span class='ocrx_word' id='word_1_565' title='bbox 2707 3720 2851 3788; x_wconf 81' lang='grc' dir='ltr'>λόγῳ</span> <span class='ocrx_word' id='word_1_566' title='bbox 2896 3719 3340 3787; x_wconf 72' lang='grc' dir='ltr'>κεκοσμημένον,</span> <span class='ocrx_word' id='word_1_567' title='bbox 3374 3721 3463 3769; x_wconf 59' lang='grc' dir='ltr'>καὶ</span> <span class='ocrx_word' id='word_1_568' title='bbox 3503 3718 3598 3784; x_wconf 77' lang='grc' dir='ltr'>τῆς</span> <span class='ocrx_word' id='word_1_569' title='bbox 3623 3718 3718 3766; x_wconf 75' lang='grc' dir='ltr'><strong>τῶν</strong></span> 
     </span>
    </p>
   </div>
   <div class='ocr_carea' id='block_1_81' title="bbox 2159 3808 3718 3884">
    <p class='ocr_par' dir='ltr' id='par_1_81' title="bbox 2159 3808 3718 3884">
     <span class='ocr_line' id='line_1_81' title="bbox 2159 3808 3718 3884; baseline -0.008 -15"><span class='ocrx_word' id='word_1_570' title='bbox 2159 3814 2366 3884; x_wconf 82' lang='grc' dir='ltr'>νοητῶν</span> <span class='ocrx_word' id='word_1_571' title='bbox 2399 3815 2597 3884; x_wconf 81' lang='grc' dir='ltr'>μοίρας</span> <span class='ocrx_word' id='word_1_572' title='bbox 2639 3815 2938 3882; x_wconf 61' lang='grc' dir='ltr'>τυγχάνον</span> <span class='ocrx_word' id='word_1_573' title='bbox 2972 3812 3084 3864; x_wconf 88' lang='grc' dir='ltr'><strong>τῶν</strong></span> <span class='ocrx_word' id='word_1_574' title='bbox 3116 3811 3491 3866; x_wconf 78' lang='grc' dir='ltr'>ἀτοπωτάτων</span> <span class='ocrx_word' id='word_1_575' title='bbox 3539 3812 3639 3876; x_wconf 72' lang='grc' dir='ltr'>γὰρ</span> <span class='ocrx_word' id='word_1_576' title='bbox 3667 3808 3718 3858; x_wconf 77' lang='grc' dir='ltr'><strong>τὸ</strong></span> 
     </span>
    </p>
   </div>
   <div class='ocr_carea' id='block_1_82' title="bbox 2161 3902 3720 3977">
    <p class='ocr_par' dir='ltr' id='par_1_82' title="bbox 2161 3902 3720 3977">
     <span class='ocr_line' id='line_1_82' title="bbox 2161 3902 3720 3977; baseline -0.006 -17"><span class='ocrx_word' id='word_1_577' title='bbox 2161 3909 2262 3977; x_wconf 73' lang='grc' dir='ltr'>μὲν</span> <span class='ocrx_word' id='word_1_578' title='bbox 2291 3908 2449 3977; x_wconf 89' lang='grc' dir='ltr'>σῶμα</span> <span class='ocrx_word' id='word_1_579' title='bbox 2477 3908 2536 3959; x_wconf 77' lang='grc' dir='ltr'><strong>τὸ</strong></span> <span class='ocrx_word' id='word_1_580' title='bbox 2569 3906 2812 3970; x_wconf 81' lang='grc' dir='ltr'>πήλινον,</span> <span class='ocrx_word' id='word_1_581' title='bbox 2846 3907 2940 3959; x_wconf 71' lang='grc' dir='ltr'><strong>καὶ</strong></span> <span class='ocrx_word' id='word_1_582' title='bbox 2976 3904 3179 3974; x_wconf 79' lang='grc' dir='ltr'>χοῖκὸν,</span> <span class='ocrx_word' id='word_1_583' title='bbox 3211 3904 3304 3956; x_wconf 69' lang='grc' dir='ltr'>καὶ</span> <span class='ocrx_word' id='word_1_584' title='bbox 3337 3902 3541 3956; x_wconf 72' lang='grc' dir='ltr'>πάθεσι</span> <span class='ocrx_word' id='word_1_585' title='bbox 3581 3915 3720 3953; x_wconf 65' lang='grc' dir='ltr'>συνε-</span> 
     </span>
    </p>
   </div>
   <div class='ocr_carea' id='block_1_83' title="bbox 2160 3993 3716 4068">
    <p class='ocr_par' dir='ltr' id='par_1_83' title="bbox 2160 3993 3716 4068">
     <span class='ocr_line' id='line_1_83' title="bbox 2160 3993 3716 4068; baseline -0.006 -16"><span class='ocrx_word' id='word_1_586' title='bbox 2160 3998 2478 4068; x_wconf 75' lang='grc' dir='ltr'>ζευγμένον,</span> <span class='ocrx_word' id='word_1_587' title='bbox 2502 3999 2594 4051; x_wconf 71' lang='grc' dir='ltr'>καὶ</span> <span class='ocrx_word' id='word_1_588' title='bbox 2621 3997 3062 4067; x_wconf 74' lang='grc' dir='ltr'>προσληφθῆναι,</span> <span class='ocrx_word' id='word_1_589' title='bbox 3096 3997 3191 4048; x_wconf 77' lang='grc' dir='ltr'><strong>καὶ</strong></span> <span class='ocrx_word' id='word_1_590' title='bbox 3217 3995 3616 4063; x_wconf 75' lang='grc' dir='ltr'>ἀναληφθῆναι,</span> <span class='ocrx_word' id='word_1_591' title='bbox 3637 3993 3716 4044; x_wconf 78' lang='grc' dir='ltr'>καὶ</span> 
     </span>
    </p>
   </div>
   <div class='ocr_carea' id='block_1_84' title="bbox 2160 4084 3716 4161">
    <p class='ocr_par' dir='ltr' id='par_1_84' title="bbox 2160 4084 3716 4161">
     <span class='ocr_line' id='line_1_84' title="bbox 2160 4084 3716 4161; baseline -0.006 -15"><span class='ocrx_word' id='word_1_592' title='bbox 2160 4094 2223 4145; x_wconf 80' lang='grc' dir='ltr'>ὲκ</span> <span class='ocrx_word' id='word_1_593' title='bbox 2256 4093 2443 4159; x_wconf 75' lang='grc' dir='ltr'>δεξιῶν</span> <span class='ocrx_word' id='word_1_594' title='bbox 2478 4094 2576 4161; x_wconf 75' lang='grc' dir='ltr'>τῆς</span> <span class='ocrx_word' id='word_1_595' title='bbox 2612 4089 3010 4160; x_wconf 83' lang='grc' dir='ltr'>μεγαλωσύνης</span> <span class='ocrx_word' id='word_1_596' title='bbox 3062 4087 3488 4158; x_wconf 77' lang='grc' dir='ltr'>καθιδρυνοῆναι</span> <span class='ocrx_word' id='word_1_597' title='bbox 3515 4104 3528 4116; x_wconf 91' lang='grc'><strong>·</strong></span> <span class='ocrx_word' id='word_1_598' title='bbox 3556 4090 3640 4138; x_wconf 70' lang='grc' dir='ltr'><strong>τὸν</strong></span> <span class='ocrx_word' id='word_1_599' title='bbox 3663 4084 3716 4137; x_wconf 70' lang='grc' dir='ltr'>δὲ</span> 
     </span>
    </p>
   </div>
   <div class='ocr_carea' id='block_1_85' title="bbox 2159 4175 3715 4254">
    <p class='ocr_par' dir='ltr' id='par_1_85' title="bbox 2159 4175 3715 4254">
     <span class='ocr_line' id='line_1_85' title="bbox 2159 4175 3715 4254; baseline -0.009 -14"><span class='ocrx_word' id='word_1_600' title='bbox 2159 4185 2284 4240; x_wconf 84' lang='grc' dir='ltr'>νοῦν</span> <span class='ocrx_word' id='word_1_601' title='bbox 2323 4187 2416 4238; x_wconf 75' lang='grc' dir='ltr'><strong>τὸν</strong></span> <span class='ocrx_word' id='word_1_602' title='bbox 2453 4187 2703 4254; x_wconf 79' lang='grc' dir='ltr'>ἀόρατον.</span> <span class='ocrx_word' id='word_1_603' title='bbox 2737 4182 2828 4235; x_wconf 80' lang='grc' dir='ltr'><strong>τὸν</strong></span> <span class='ocrx_word' id='word_1_604' title='bbox 2869 4181 3162 4242; x_wconf 82' lang='grc' dir='ltr'>ἀθάνατον,</span> <span class='ocrx_word' id='word_1_605' title='bbox 3211 4181 3302 4232; x_wconf 73' lang='grc' dir='ltr'>τοι</span> <span class='ocrx_word' id='word_1_606' title='bbox 3355 4179 3596 4248; x_wconf 77' lang='grc' dir='ltr'>ἡγεμόνι</span> <span class='ocrx_word' id='word_1_607' title='bbox 3636 4175 3715 4228; x_wconf 69' lang='grc' dir='ltr'>τοῦ</span> 
     </span>
    </p>
   </div>
   <div class='ocr_carea' id='block_1_86' title="bbox 2161 4273 3718 4344">
    <p class='ocr_par' dir='ltr' id='par_1_86' title="bbox 2161 4273 3718 4344">
     <span class='ocr_line' id='line_1_86' title="bbox 2161 4273 3718 4344; baseline -0.006 -13"><span class='ocrx_word' id='word_1_608' title='bbox 2161 4277 2324 4344; x_wconf 77' lang='grc' dir='ltr'>ζώου,</span> <span class='ocrx_word' id='word_1_609' title='bbox 2343 4278 2433 4330; x_wconf 72' lang='grc' dir='ltr'><strong>τὸν</strong></span> <span class='ocrx_word' id='word_1_610' title='bbox 2461 4277 2580 4328; x_wconf 85' lang='grc' dir='ltr'>κατ’</span> <span class='ocrx_word' id='word_1_611' title='bbox 2615 4276 2796 4328; x_wconf 79' lang='grc' dir='ltr'>εἰκόνα</span> <span class='ocrx_word' id='word_1_612' title='bbox 2824 4274 2975 4326; x_wconf 84' lang='grc' dir='ltr'>θείαν</span> <span class='ocrx_word' id='word_1_613' title='bbox 3005 4273 3506 4342; x_wconf 74' lang='grc' dir='ltr'>γεγενημένον,τὸν</span> <span class='ocrx_word' id='word_1_614' title='bbox 3530 4273 3718 4339; x_wconf 54' lang='lat'><strong>$96.19-</strong></span> 
     </span>
    </p>
   </div>
   <div class='ocr_carea' id='block_1_87' title="bbox 2161 4365 3717 4442">
    <p class='ocr_par' dir='ltr' id='par_1_87' title="bbox 2161 4365 3717 4442">
     <span class='ocr_line' id='line_1_87' title="bbox 2161 4365 3717 4442; baseline -0.006 -18"><span class='ocrx_word' id='word_1_615' title='bbox 2161 4373 2252 4442; x_wconf 74' lang='grc' dir='ltr'><strong>σία</strong></span> <span class='ocrx_word' id='word_1_616' title='bbox 2281 4369 2668 4440; x_wconf 86' lang='grc' dir='ltr'>τετιμημένον,</span> <span class='ocrx_word' id='word_1_617' title='bbox 2710 4367 2801 4421; x_wconf 84' lang='grc' dir='ltr'><strong>τὸν</strong></span> <span class='ocrx_word' id='word_1_618' title='bbox 2831 4368 2926 4421; x_wconf 70' lang='grc' dir='ltr'>τοῦ</span> <span class='ocrx_word' id='word_1_619' title='bbox 2962 4369 3215 4436; x_wconf 81' lang='grc' dir='ltr'>σώματος</span> <span class='ocrx_word' id='word_1_620' title='bbox 3249 4367 3466 4436; x_wconf 79' lang='grc' dir='ltr'>ἡνίοχον</span> <span class='ocrx_word' id='word_1_621' title='bbox 3506 4365 3596 4419; x_wconf 75' lang='grc' dir='ltr'><strong>καὶ</strong></span> <span class='ocrx_word' id='word_1_622' title='bbox 3631 4381 3717 4415; x_wconf 77' lang='grc' dir='ltr'>κν·-</span> 
     </span>
    </p>
   </div>
   <div class='ocr_carea' id='block_1_88' title="bbox 2162 4458 3718 4532">
    <p class='ocr_par' dir='ltr' id='par_1_88' title="bbox 2162 4458 3718 4532">
     <span class='ocr_line' id='line_1_88' title="bbox 2162 4458 3718 4532; baseline -0.004 -16"><span class='ocrx_word' id='word_1_623' title='bbox 2162 4465 2432 4532; x_wconf 75' lang='grc' dir='ltr'>6ερνήτην</span> <span class='ocrx_word' id='word_1_624' title='bbox 2459 4463 2554 4516; x_wconf 69' lang='grc' dir='ltr'><strong>καὶ</strong></span> <span class='ocrx_word' id='word_1_625' title='bbox 2584 4462 2864 4530; x_wconf 76' lang='grc' dir='ltr'>μουσικὸν,</span> <span class='ocrx_word' id='word_1_626' title='bbox 2899 4460 2965 4513; x_wconf 78' lang='grc' dir='ltr'><strong>δι’</strong></span> <span class='ocrx_word' id='word_1_627' title='bbox 2995 4460 3053 4513; x_wconf 87' lang='grc' dir='ltr'>ὃν</span> <span class='ocrx_word' id='word_1_628' title='bbox 3092 4461 3191 4512; x_wconf 76' lang='grc' dir='ltr'><strong>οὐκ</strong></span> <span class='ocrx_word' id='word_1_629' title='bbox 3229 4459 3425 4528; x_wconf 75' lang='grc' dir='ltr'>ἄλογος</span> <span class='ocrx_word' id='word_1_630' title='bbox 3455 4461 3486 4522; x_wconf 81' lang='grc' dir='ltr'>ἠ</span> <span class='ocrx_word' id='word_1_631' title='bbox 3530 4458 3718 4526; x_wconf 72' lang='grc' dir='ltr'>ἀνθρωο</span> 
     </span>
    </p>
   </div>
   <div class='ocr_carea' id='block_1_89' title="bbox 2162 4553 3719 4624">
    <p class='ocr_par' dir='ltr' id='par_1_89' title="bbox 2162 4553 3719 4624">
     <span class='ocr_line' id='line_1_89' title="bbox 2162 4553 3719 4624; baseline -0.004 -15"><span class='ocrx_word' id='word_1_632' title='bbox 2162 4559 2291 4610; x_wconf 84' lang='grc' dir='ltr'>πεία</span> <span class='ocrx_word' id='word_1_633' title='bbox 2322 4556 2506 4624; x_wconf 80' lang='grc' dir='ltr'>φύσις,</span> <span class='ocrx_word' id='word_1_634' title='bbox 2541 4555 2676 4608; x_wconf 75' lang='grc' dir='ltr'>ἀλλὰ</span> <span class='ocrx_word' id='word_1_635' title='bbox 2705 4554 2894 4622; x_wconf 71' lang='grc' dir='ltr'>σοφίας</span> <span class='ocrx_word' id='word_1_636' title='bbox 2941 4555 3034 4606; x_wconf 79' lang='grc' dir='ltr'><strong>καὶ</strong></span> <span class='ocrx_word' id='word_1_637' title='bbox 3063 4553 3262 4622; x_wconf 80' lang='grc' dir='ltr'>τέχνης</span> <span class='ocrx_word' id='word_1_638' title='bbox 3298 4554 3397 4606; x_wconf 81' lang='grc' dir='ltr'>καὶ</span> <span class='ocrx_word' id='word_1_639' title='bbox 3426 4553 3719 4620; x_wconf 76' lang='grc' dir='ltr'>ἐπιστήμης</span> 
     </span>
    </p>
   </div>
   <div class='ocr_carea' id='block_1_90' title="bbox 476 4641 2057 4718">
    <p class='ocr_par' dir='ltr' id='par_1_90' title="bbox 476 4643 2049 4714">
     <span class='ocr_line' id='line_1_90' title="bbox 476 4643 2049 4714; baseline -0.004 -14"><span class='ocrx_word' id='word_1_640' title='bbox 476 4655 642 4700; x_wconf 89' lang='lat' dir='ltr'><strong>centu</strong></span> <span class='ocrx_word' id='word_1_641' title='bbox 680 4654 1094 4714; x_wconf 86' lang='lat' dir='ltr'><strong>temperantem,</strong></span> <span class='ocrx_word' id='word_1_642' title='bbox 1136 4657 1232 4712; x_wconf 89' lang='lat' dir='ltr'><strong>per</strong></span> <span class='ocrx_word' id='word_1_643' title='bbox 1257 4659 1416 4712; x_wconf 86' lang='lat' dir='ltr'><strong>quam</strong></span> <span class='ocrx_word' id='word_1_644' title='bbox 1451 4643 1689 4696; x_wconf 85' lang='lat' dir='ltr'><strong>humana</strong></span> <span class='ocrx_word' id='word_1_645' title='bbox 1720 4653 1914 4696; x_wconf 87' lang='lat' dir='ltr'><strong>natura</strong></span> <span class='ocrx_word' id='word_1_646' title='bbox 1943 4658 2049 4695; x_wconf 91' lang='lat' dir='ltr'><strong>non</strong></span> 
     </span>
    </p>
   </div>
   <div class='ocr_carea' id='block_1_91' title="bbox 2162 4641 3720 4718">
    <p class='ocr_par' dir='ltr' id='par_1_91' title="bbox 2162 4641 3720 4718">
     <span class='ocr_line' id='line_1_91' title="bbox 2162 4641 3720 4718; baseline -0.005 -16"><span class='ocrx_word' id='word_1_647' title='bbox 2162 4649 2464 4713; x_wconf 71' lang='grc' dir='ltr'>ἀνάπλεως,</span> <span class='ocrx_word' id='word_1_648' title='bbox 2495 4647 2685 4701; x_wconf 80' lang='grc' dir='ltr'>τοῦτον</span> <span class='ocrx_word' id='word_1_649' title='bbox 2742 4645 3080 4718; x_wconf 68' lang='grc' dir='ltr'>ἁπερῤίφοαι</span> <span class='ocrx_word' id='word_1_650' title='bbox 3128 4648 3301 4706; x_wconf 76' lang='grc' dir='ltr'>κάτω,</span> <span class='ocrx_word' id='word_1_651' title='bbox 3354 4645 3450 4696; x_wconf 78' lang='grc' dir='ltr'>καὶ</span> <span class='ocrx_word' id='word_1_652' title='bbox 3497 4645 3590 4712; x_wconf 74' lang='grc' dir='ltr'>τῆς</span> <span class='ocrx_word' id='word_1_653' title='bbox 3639 4641 3720 4694; x_wconf 80' lang='grc' dir='ltr'>τῦο</span> 
     </span>
    </p>
   </div>
   <div class='ocr_carea' id='block_1_92' title="bbox 475 4735 2050 4804">
    <p class='ocr_par' dir='ltr' id='par_1_92' title="bbox 475 4735 2050 4804">
     <span class='ocr_line' id='line_1_92' title="bbox 475 4735 2050 4804; baseline -0.003 -13"><span class='ocrx_word' id='word_1_654' title='bbox 475 4749 558 4792; x_wconf 77' lang='lat' dir='ltr'><strong>est</strong></span> <span class='ocrx_word' id='word_1_655' title='bbox 607 4737 790 4802; x_wconf 89' lang='lat' dir='ltr'><strong>bruta,</strong></span> <span class='ocrx_word' id='word_1_656' title='bbox 823 4738 919 4792; x_wconf 92' lang='lat' dir='ltr'><strong>sed</strong></span> <span class='ocrx_word' id='word_1_657' title='bbox 967 4735 1256 4804; x_wconf 89' lang='lat' dir='ltr'><strong>sapientia,</strong></span> <span class='ocrx_word' id='word_1_658' title='bbox 1291 4735 1500 4790; x_wconf 87' lang='lat' dir='ltr'><strong>artibus</strong></span> <span class='ocrx_word' id='word_1_659' title='bbox 1538 4744 1593 4788; x_wconf 87' lang='lat' dir='ltr'><strong>et</strong></span> <span class='ocrx_word' id='word_1_660' title='bbox 1621 4735 1811 4804; x_wconf 79' lang='lat' dir='ltr'><strong>quavis</strong></span> <span class='ocrx_word' id='word_1_661' title='bbox 1858 4735 2050 4802; x_wconf 87' lang='lat' dir='ltr'><strong>peritia</strong></span> 
     </span>
    </p>
   </div>
   <div class='ocr_carea' id='block_1_93' title="bbox 475 4827 2052 4900">
    <p class='ocr_par' dir='ltr' id='par_1_93' title="bbox 475 4827 2052 4900">
     <span class='ocr_line' id='line_1_93' title="bbox 475 4827 2052 4900; baseline -0.001 -18"><span class='ocrx_word' id='word_1_662' title='bbox 475 4830 762 4883; x_wconf 89' lang='lat' dir='ltr'><strong>abundat:</strong></span> <span class='ocrx_word' id='word_1_663' title='bbox 822 4830 981 4894; x_wconf 88' lang='lat' dir='ltr'><strong>hanc,</strong></span> <span class='ocrx_word' id='word_1_664' title='bbox 1037 4827 1281 4900; x_wconf 90' lang='lat' dir='ltr'><strong>inquam,</strong></span> <span class='ocrx_word' id='word_1_665' title='bbox 1335 4839 1570 4882; x_wconf 81' lang='lat' dir='ltr'><strong>mentem</strong></span> <span class='ocrx_word' id='word_1_666' title='bbox 1619 4829 1684 4882; x_wconf 84' lang='lat' dir='ltr'><strong>ad</strong></span> <span class='ocrx_word' id='word_1_667' title='bbox 1737 4828 2052 4881; x_wconf 67' lang='lat' dir='ltr'><strong>interiorem</strong></span> 
     </span>
    </p>
   </div>
   <div class='ocr_carea' id='block_1_94' title="bbox 476 4921 2054 4991">
    <p class='ocr_par' dir='ltr' id='par_1_94' title="bbox 476 4921 2054 4991">
     <span class='ocr_line' id='line_1_94' title="bbox 476 4921 2054 4991; baseline 0.001 -17"><span class='ocrx_word' id='word_1_668' title='bbox 476 4921 702 4987; x_wconf 76' lang='lat' dir='ltr'><strong>gradum</strong></span> <span class='ocrx_word' id='word_1_669' title='bbox 737 4921 1003 4988; x_wconf 89' lang='lat' dir='ltr'><strong>deprimi,</strong></span> <span class='ocrx_word' id='word_1_670' title='bbox 1052 4937 1153 4976; x_wconf 88' lang='lat' dir='ltr'><strong>nec</strong></span> <span class='ocrx_word' id='word_1_671' title='bbox 1206 4938 1388 4991; x_wconf 87' lang='lat' dir='ltr'><strong>parem</strong></span> <span class='ocrx_word' id='word_1_672' title='bbox 1431 4922 1623 4975; x_wconf 85' lang='lat' dir='ltr'><strong>saltem</strong></span> <span class='ocrx_word' id='word_1_673' title='bbox 1671 4936 1791 4974; x_wconf 91' lang='lat' dir='ltr'><strong>cum</strong></span> <span class='ocrx_word' id='word_1_674' title='bbox 1823 4935 2054 4990; x_wconf 87' lang='lat' dir='ltr'><strong>corpore</strong></span> 
     </span>
    </p>
   </div>
   <div class='ocr_carea' id='block_1_95' title="bbox 478 5014 2054 5083">
    <p class='ocr_par' dir='ltr' id='par_1_95' title="bbox 478 5014 2054 5083">
     <span class='ocr_line' id='line_1_95' title="bbox 478 5014 2054 5083; baseline 0.001 -15"><span class='ocrx_word' id='word_1_675' title='bbox 478 5015 742 5068; x_wconf 88' lang='lat' dir='ltr'><strong>honorem</strong></span> <span class='ocrx_word' id='word_1_676' title='bbox 774 5014 1129 5082; x_wconf 82' lang='lat' dir='ltr'><strong>participare;</strong></span> <span class='ocrx_word' id='word_1_677' title='bbox 1154 5031 1274 5067; x_wconf 88' lang='lat' dir='ltr'><strong>cum</strong></span> <span class='ocrx_word' id='word_1_678' title='bbox 1315 5026 1496 5067; x_wconf 87' lang='lat' dir='ltr'><strong>tamen</strong></span> <span class='ocrx_word' id='word_1_679' title='bbox 1528 5015 1648 5082; x_wconf 78' lang='lat' dir='ltr'><strong>ejus</strong></span> <span class='ocrx_word' id='word_1_680' title='bbox 1668 5029 1829 5067; x_wconf 86' lang='lat' dir='ltr'><strong>causa</strong></span> <span class='ocrx_word' id='word_1_681' title='bbox 1855 5029 2054 5083; x_wconf 85' lang='lat' dir='ltr'><strong>corpus</strong></span> 
     </span>
    </p>
   </div>
   <div class='ocr_carea' id='block_1_96' title="bbox 477 5105 2052 5172">
    <p class='ocr_par' dir='ltr' id='par_1_96' title="bbox 477 5105 2052 5172">
     <span class='ocr_line' id='line_1_96' title="bbox 477 5105 2052 5172; baseline 0.001 -13"><span class='ocrx_word' id='word_1_682' title='bbox 477 5105 756 5160; x_wconf 83' lang='lat' dir='ltr'><strong>ratiooalis</strong></span> <span class='ocrx_word' id='word_1_683' title='bbox 804 5119 1050 5159; x_wconf 85' lang='lat' dir='ltr'><strong>creatura</strong></span> <span class='ocrx_word' id='word_1_684' title='bbox 1108 5107 1378 5169; x_wconf 83' lang='lat' dir='ltr'><strong>evaserit;</strong></span> <span class='ocrx_word' id='word_1_685' title='bbox 1426 5119 1550 5158; x_wconf 87' lang='lat' dir='ltr'><strong>cum</strong></span> <span class='ocrx_word' id='word_1_686' title='bbox 1599 5105 1841 5172; x_wconf 83' lang='lat' dir='ltr'><strong>ejusdem</strong></span> <span class='ocrx_word' id='word_1_687' title='bbox 1887 5122 2052 5161; x_wconf 84' lang='lat' dir='ltr'><strong>causa</strong></span> 
     </span>
    </p>
   </div>
   <div class='ocr_carea' id='block_1_97' title="bbox 474 5197 2050 5268">
    <p class='ocr_par' dir='ltr' id='par_1_97' title="bbox 474 5197 2050 5268">
     <span class='ocr_line' id='line_1_97' title="bbox 474 5197 2050 5268; baseline 0.003 -19"><span class='ocrx_word' id='word_1_688' title='bbox 474 5200 616 5251; x_wconf 67' lang='lat' dir='ltr'><strong>datae</strong></span> <span class='ocrx_word' id='word_1_689' title='bbox 653 5199 855 5252; x_wconf 79' lang='lat' dir='ltr'><strong>fuerint</strong></span> <span class='ocrx_word' id='word_1_690' title='bbox 902 5197 1046 5268; x_wconf 84' lang='lat' dir='ltr'><strong>leges</strong></span> <span class='ocrx_word' id='word_1_691' title='bbox 1075 5213 1138 5252; x_wconf 89' lang='lat' dir='ltr'><strong>ac</strong></span> <span class='ocrx_word' id='word_1_692' title='bbox 1189 5198 1529 5267; x_wconf 61' lang='lat' dir='ltr'><strong>prophetim;</strong></span> <span class='ocrx_word' id='word_1_693' title='bbox 1578 5214 1675 5266; x_wconf 87' lang='lat' dir='ltr'><strong>per</strong></span> <span class='ocrx_word' id='word_1_694' title='bbox 1703 5215 1867 5263; x_wconf 78' lang='lat' dir='ltr'><strong>quam</strong></span> <span class='ocrx_word' id='word_1_695' title='bbox 1913 5201 2050 5254; x_wconf 83' lang='lat' dir='ltr'><strong>liunt</strong></span> 
     </span>
    </p>
   </div>
   <div class='ocr_carea' id='block_1_98' title="bbox 475 5290 2046 5360">
    <p class='ocr_par' dir='ltr' id='par_1_98' title="bbox 475 5290 2046 5360">
     <span class='ocr_line' id='line_1_98' title="bbox 475 5290 2046 5360; baseline 0.001 -15"><span class='ocrx_word' id='word_1_696' title='bbox 475 5292 793 5354; x_wconf 89' lang='lat' dir='ltr'><strong>certamina,</strong></span> <span class='ocrx_word' id='word_1_697' title='bbox 845 5290 1027 5356; x_wconf 69' lang='lat' dir='ltr'><strong>luctaa,</strong></span> <span class='ocrx_word' id='word_1_698' title='bbox 1073 5291 1336 5354; x_wconf 78' lang='lat' dir='ltr'><strong>victorize,</strong></span> <span class='ocrx_word' id='word_1_699' title='bbox 1393 5293 1757 5356; x_wconf 68' lang='lat' dir='ltr'><strong>laudationes,</strong></span> <span class='ocrx_word' id='word_1_700' title='bbox 1788 5309 2046 5360; x_wconf 66' lang='lat' dir='ltr'><strong>coronae;</strong></span> 
     </span>
    </p>
   </div>
   <div class='ocr_carea' id='block_1_99' title="bbox 475 5385 2051 5454">
    <p class='ocr_par' dir='ltr' id='par_1_99' title="bbox 475 5385 2051 5454">
     <span class='ocr_line' id='line_1_99' title="bbox 475 5385 2051 5454; baseline 0.001 -17"><span class='ocrx_word' id='word_1_701' title='bbox 475 5400 572 5454; x_wconf 88' lang='lat' dir='ltr'><strong>per</strong></span> <span class='ocrx_word' id='word_1_702' title='bbox 604 5399 764 5454; x_wconf 89' lang='lat' dir='ltr'><strong>quam</strong></span> <span class='ocrx_word' id='word_1_703' title='bbox 805 5399 1008 5454; x_wconf 89' lang='lat' dir='ltr'><strong>corpus</strong></span> <span class='ocrx_word' id='word_1_704' title='bbox 1041 5399 1166 5437; x_wconf 91' lang='lat' dir='ltr'><strong>cum</strong></span> <span class='ocrx_word' id='word_1_705' title='bbox 1201 5397 1263 5437; x_wconf 87' lang='lat' dir='ltr'><strong>ea</strong></span> <span class='ocrx_word' id='word_1_706' title='bbox 1315 5385 1622 5448; x_wconf 63' lang='lat' dir='ltr'><strong>decertans,</strong></span> <span class='ocrx_word' id='word_1_707' title='bbox 1660 5387 1942 5452; x_wconf 67' lang='lat' dir='ltr'><strong>praemium</strong></span> <span class='ocrx_word' id='word_1_708' title='bbox 1973 5389 2051 5439; x_wconf 82' lang='lat' dir='ltr'><strong>la-</strong></span> 
     </span>
    </p>
   </div>
   <div class='ocr_carea' id='block_1_100' title="bbox 473 5475 2050 5548">
    <p class='ocr_par' dir='ltr' id='par_1_100' title="bbox 473 5475 2050 5548">
     <span class='ocr_line' id='line_1_100' title="bbox 473 5475 2050 5548; baseline 0.003 -19"><span class='ocrx_word' id='word_1_709' title='bbox 473 5475 667 5530; x_wconf 84' lang='lat' dir='ltr'><strong>borum</strong></span> <span class='ocrx_word' id='word_1_710' title='bbox 716 5476 1070 5545; x_wconf 77' lang='lat' dir='ltr'><strong>consequitur</strong></span> <span class='ocrx_word' id='word_1_711' title='bbox 1125 5475 1385 5530; x_wconf 59' lang='lat' dir='ltr'><strong>caelorum</strong></span> <span class='ocrx_word' id='word_1_712' title='bbox 1441 5493 1701 5548; x_wconf 87' lang='lat' dir='ltr'><strong>regnum;</strong></span> <span class='ocrx_word' id='word_1_713' title='bbox 1763 5480 1834 5533; x_wconf 90' lang='lat' dir='ltr'><strong>ob</strong></span> <span class='ocrx_word' id='word_1_714' title='bbox 1887 5495 2050 5547; x_wconf 87' lang='lat' dir='ltr'><strong>quam</strong></span> 
     </span>
    </p>
   </div>
   <div class='ocr_carea' id='block_1_101' title="bbox 474 5568 2054 5644">
    <p class='ocr_par' dir='ltr' id='par_1_101' title="bbox 474 5568 2054 5644">
     <span class='ocr_line' id='line_1_101' title="bbox 474 5568 2054 5644; baseline 0.004 -22"><span class='ocrx_word' id='word_1_715' title='bbox 474 5568 595 5639; x_wconf 85' lang='lat' dir='ltr'><strong>ipse</strong></span> <span class='ocrx_word' id='word_1_716' title='bbox 628 5585 845 5638; x_wconf 86' lang='lat' dir='ltr'><strong>quoque</strong></span> <span class='ocrx_word' id='word_1_717' title='bbox 878 5569 1186 5624; x_wconf 86' lang='lat' dir='ltr'><strong>Servatoris</strong></span> <span class='ocrx_word' id='word_1_718' title='bbox 1227 5571 1394 5624; x_wconf 89' lang='lat' dir='ltr'><strong>nostri</strong></span> <span class='ocrx_word' id='word_1_719' title='bbox 1424 5573 1690 5625; x_wconf 88' lang='lat' dir='ltr'><strong>adventus</strong></span> <span class='ocrx_word' id='word_1_720' title='bbox 1717 5573 1963 5644; x_wconf 82' lang='lat' dir='ltr'><strong>contigit,</strong></span> <span class='ocrx_word' id='word_1_721' title='bbox 1996 5583 2054 5628; x_wconf 89' lang='lat' dir='ltr'><strong>et</strong></span> 
     </span>
    </p>
   </div>
   <div class='ocr_carea' id='block_1_102' title="bbox 476 5659 2048 5732">
    <p class='ocr_par' dir='ltr' id='par_1_102' title="bbox 476 5659 2048 5732">
     <span class='ocr_line' id='line_1_102' title="bbox 476 5659 2048 5732; baseline 0.004 -18"><span class='ocrx_word' id='word_1_722' title='bbox 476 5659 872 5715; x_wconf 87' lang='lat' dir='ltr'><strong>incarnationis</strong></span> <span class='ocrx_word' id='word_1_723' title='bbox 910 5671 1185 5730; x_wconf 88' lang='lat' dir='ltr'><strong>peractum</strong></span> <span class='ocrx_word' id='word_1_724' title='bbox 1235 5663 1555 5732; x_wconf 89' lang='lat' dir='ltr'><strong>mysterium</strong></span> <span class='ocrx_word' id='word_1_725' title='bbox 1596 5673 1701 5720; x_wconf 88' lang='lat' dir='ltr'><strong>est.</strong></span> <span class='ocrx_word' id='word_1_726' title='bbox 1743 5663 1860 5718; x_wconf 80' lang='lat' dir='ltr'><strong>Non</strong></span> <span class='ocrx_word' id='word_1_727' title='bbox 1904 5668 2048 5720; x_wconf 89' lang='lat' dir='ltr'><strong>enim</strong></span> 
     </span>
    </p>
   </div>
   <div class='ocr_carea' id='block_1_103' title="bbox 2160 4736 3718 4814">
    <p class='ocr_par' dir='ltr' id='par_1_103' title="bbox 2160 4736 3718 4814">
     <span class='ocr_line' id='line_1_103' title="bbox 2160 4736 3718 4814; baseline -0.007 -17"><span class='ocrx_word' id='word_1_728' title='bbox 2160 4743 2414 4814; x_wconf 83' lang='grc' dir='ltr'>σώματος</span> <span class='ocrx_word' id='word_1_729' title='bbox 2455 4743 2529 4812; x_wconf 79' lang='grc' dir='ltr'>μὴ</span> <span class='ocrx_word' id='word_1_730' title='bbox 2565 4741 2998 4812; x_wconf 78' lang='grc' dir='ltr'>μεταλαγχάνειν</span> <span class='ocrx_word' id='word_1_731' title='bbox 3039 4739 3206 4806; x_wconf 80' lang='grc' dir='ltr'>τιμῆς</span> <span class='ocrx_word' id='word_1_732' title='bbox 3229 4753 3242 4768; x_wconf 82' lang='lat'><strong><em>°</em></strong></span> <span class='ocrx_word' id='word_1_733' title='bbox 3283 4738 3352 4791; x_wconf 83' lang='grc' dir='ltr'><strong>δι’</strong></span> <span class='ocrx_word' id='word_1_734' title='bbox 3397 4738 3455 4790; x_wconf 75' lang='grc' dir='ltr'>ὃν</span> <span class='ocrx_word' id='word_1_735' title='bbox 3488 4741 3548 4790; x_wconf 76' lang='grc' dir='ltr'>τὸ</span> <span class='ocrx_word' id='word_1_736' title='bbox 3581 4736 3718 4802; x_wconf 79' lang='grc' dir='ltr'>σῶμα</span> 
     </span>
    </p>
   </div>
   <div class='ocr_carea' id='block_1_104' title="bbox 2159 4829 3718 4908">
    <p class='ocr_par' dir='ltr' id='par_1_104' title="bbox 2159 4829 3718 4908">
     <span class='ocr_line' id='line_1_104' title="bbox 2159 4829 3718 4908; baseline -0.006 -18"><span class='ocrx_word' id='word_1_737' title='bbox 2159 4837 2257 4908; x_wconf 84' lang='grc' dir='ltr'><strong>τῆς</strong></span> <span class='ocrx_word' id='word_1_738' title='bbox 2283 4837 2507 4905; x_wconf 83' lang='grc' dir='ltr'>λογικῆς</span> <span class='ocrx_word' id='word_1_739' title='bbox 2538 4835 2757 4902; x_wconf 77' lang='grc' dir='ltr'>ἐγένετο</span> <span class='ocrx_word' id='word_1_740' title='bbox 2787 4834 3016 4896; x_wconf 84' lang='grc' dir='ltr'>κτίσεως</span> <span class='ocrx_word' id='word_1_741' title='bbox 3043 4848 3059 4865; x_wconf 78' lang='grc' dir='ltr'><strong><em>ο</em></strong></span> <span class='ocrx_word' id='word_1_742' title='bbox 3096 4833 3162 4885; x_wconf 76' lang='grc' dir='ltr'><strong>δι’</strong></span> <span class='ocrx_word' id='word_1_743' title='bbox 3187 4832 3246 4886; x_wconf 84' lang='grc' dir='ltr'>ὃν</span> <span class='ocrx_word' id='word_1_744' title='bbox 3283 4833 3618 4901; x_wconf 75' lang='grc' dir='ltr'>νομοθεσίαι,</span> <span class='ocrx_word' id='word_1_745' title='bbox 3640 4829 3718 4881; x_wconf 70' lang='grc' dir='ltr'>καὶ</span> 
     </span>
    </p>
   </div>
   <div class='ocr_carea' id='block_1_105' title="bbox 2165 4923 3715 5001">
    <p class='ocr_par' dir='ltr' id='par_1_105' title="bbox 2165 4923 3715 5001">
     <span class='ocr_line' id='line_1_105' title="bbox 2165 4923 3715 5001; baseline -0.01 -17"><span class='ocrx_word' id='word_1_746' title='bbox 2165 4931 2492 5001; x_wconf 71' lang='grc' dir='ltr'>προφητεῖαι</span> <span class='ocrx_word' id='word_1_747' title='bbox 2519 4944 2531 4957; x_wconf 92' lang='grc'><strong>·</strong></span> <span class='ocrx_word' id='word_1_748' title='bbox 2556 4928 2622 4980; x_wconf 86' lang='grc' dir='ltr'>δι’</span> <span class='ocrx_word' id='word_1_749' title='bbox 2647 4926 2706 4979; x_wconf 85' lang='grc' dir='ltr'>ὃν</span> <span class='ocrx_word' id='word_1_750' title='bbox 2733 4926 2966 4993; x_wconf 83' lang='grc' dir='ltr'>ἀγῶνες,</span> <span class='ocrx_word' id='word_1_751' title='bbox 2990 4924 3082 4978; x_wconf 80' lang='grc' dir='ltr'>καὶ</span> <span class='ocrx_word' id='word_1_752' title='bbox 3113 4924 3301 4988; x_wconf 70' lang='grc' dir='ltr'>πάλαι,</span> <span class='ocrx_word' id='word_1_753' title='bbox 3332 4925 3428 4978; x_wconf 80' lang='grc' dir='ltr'><strong>καὶ</strong></span> <span class='ocrx_word' id='word_1_754' title='bbox 3456 4923 3618 4983; x_wconf 81' lang='grc' dir='ltr'>νίκαι,</span> <span class='ocrx_word' id='word_1_755' title='bbox 3639 4923 3715 4972; x_wconf 78' lang='grc' dir='ltr'><strong>καὶ</strong></span> 
     </span>
    </p>
   </div>
   <div class='ocr_carea' id='block_1_106' title="bbox 2162 5012 3717 5092">
    <p class='ocr_par' dir='ltr' id='par_1_106' title="bbox 2162 5012 3717 5092">
     <span class='ocr_line' id='line_1_106' title="bbox 2162 5012 3717 5092; baseline -0.008 -17"><span class='ocrx_word' id='word_1_756' title='bbox 2162 5023 2515 5092; x_wconf 70' lang='grc' dir='ltr'>ἀναρρήσεις,</span> <span class='ocrx_word' id='word_1_757' title='bbox 2547 5019 2645 5071; x_wconf 77' lang='grc' dir='ltr'>καὶ</span> <span class='ocrx_word' id='word_1_758' title='bbox 2688 5017 2982 5085; x_wconf 59' lang='grc' dir='ltr'>στέφανον</span> <span class='ocrx_word' id='word_1_759' title='bbox 3014 5017 3080 5069; x_wconf 75' lang='grc' dir='ltr'>δι’</span> <span class='ocrx_word' id='word_1_760' title='bbox 3122 5015 3178 5068; x_wconf 85' lang='grc' dir='ltr'>ὃν</span> <span class='ocrx_word' id='word_1_761' title='bbox 3216 5015 3310 5068; x_wconf 79' lang='grc' dir='ltr'><strong>καὶ</strong></span> <span class='ocrx_word' id='word_1_762' title='bbox 3364 5015 3424 5067; x_wconf 87' lang='grc' dir='ltr'><strong>τὸ</strong></span> <span class='ocrx_word' id='word_1_763' title='bbox 3480 5016 3628 5080; x_wconf 78' lang='grc' dir='ltr'>σῶμα</span> <span class='ocrx_word' id='word_1_764' title='bbox 3669 5012 3717 5062; x_wconf 80' lang='grc' dir='ltr'>τὸ</span> 
     </span>
    </p>
   </div>
   <div class='ocr_carea' id='block_1_107' title="bbox 2162 5103 3711 5178">
    <p class='ocr_par' dir='ltr' id='par_1_107' title="bbox 2162 5103 3711 5178">
     <span class='ocr_line' id='line_1_107' title="bbox 2162 5103 3711 5178; baseline -0.01 -10"><span class='ocrx_word' id='word_1_765' title='bbox 2162 5111 2482 5177; x_wconf 82' lang='grc' dir='ltr'>συναθλοῦν,</span> <span class='ocrx_word' id='word_1_766' title='bbox 2513 5109 2678 5165; x_wconf 80' lang='grc' dir='ltr'>ἆθλον</span> <span class='ocrx_word' id='word_1_767' title='bbox 2719 5111 2829 5162; x_wconf 89' lang='grc' dir='ltr'><strong>τῶν</strong></span> <span class='ocrx_word' id='word_1_768' title='bbox 2861 5109 3038 5161; x_wconf 85' lang='grc' dir='ltr'>πόνων</span> <span class='ocrx_word' id='word_1_769' title='bbox 3065 5108 3177 5178; x_wconf 83' lang='grc' dir='ltr'>ἔχει</span> <span class='ocrx_word' id='word_1_770' title='bbox 3223 5108 3321 5175; x_wconf 82' lang='grc' dir='ltr'><strong>τὴν</strong></span> <span class='ocrx_word' id='word_1_771' title='bbox 3356 5108 3462 5160; x_wconf 86' lang='grc' dir='ltr'><strong>τῶν</strong></span> <span class='ocrx_word' id='word_1_772' title='bbox 3491 5103 3711 5176; x_wconf 69' lang='grc' dir='ltr'>οὐρανῶν</span> 
     </span>
    </p>
   </div>
   <div class='ocr_carea' id='block_1_108' title="bbox 2157 5199 3710 5274">
    <p class='ocr_par' dir='ltr' id='par_1_108' title="bbox 2157 5199 3710 5274">
     <span class='ocr_line' id='line_1_108' title="bbox 2157 5199 3710 5274; baseline -0.008 -14"><span class='ocrx_word' id='word_1_773' title='bbox 2157 5205 2464 5274; x_wconf 77' lang='grc' dir='ltr'>βασιλείανο</span> <span class='ocrx_word' id='word_1_774' title='bbox 2492 5205 2558 5258; x_wconf 80' lang='grc' dir='ltr'><strong>δι’</strong></span> <span class='ocrx_word' id='word_1_775' title='bbox 2586 5203 2646 5257; x_wconf 87' lang='grc' dir='ltr'>ὃν</span> <span class='ocrx_word' id='word_1_776' title='bbox 2678 5203 2772 5256; x_wconf 70' lang='grc' dir='ltr'><strong>καὶ</strong></span> <span class='ocrx_word' id='word_1_777' title='bbox 2800 5201 2938 5272; x_wconf 85' lang='grc' dir='ltr'>αὐτὴ</span> <span class='ocrx_word' id='word_1_778' title='bbox 2971 5200 3061 5254; x_wconf 83' lang='grc' dir='ltr'>τοῦ</span> <span class='ocrx_word' id='word_1_779' title='bbox 3079 5201 3333 5270; x_wconf 81' lang='grc' dir='ltr'>Σωτῆρος</span> <span class='ocrx_word' id='word_1_780' title='bbox 3359 5199 3513 5269; x_wconf 71' lang='grc' dir='ltr'>ημῶν</span> <span class='ocrx_word' id='word_1_781' title='bbox 3539 5200 3568 5268; x_wconf 76' lang='grc' dir='ltr'>ἡ</span> <span class='ocrx_word' id='word_1_782' title='bbox 3594 5212 3710 5264; x_wconf 72' lang='lat' dir='ltr'><strong>mp-</strong></span> 
     </span>
    </p>
   </div>
   <div class='ocr_carea' id='block_1_109' title="bbox 2157 5295 3704 5368">
    <p class='ocr_par' dir='ltr' id='par_1_109' title="bbox 2157 5295 3704 5368">
     <span class='ocr_line' id='line_1_109' title="bbox 2157 5295 3704 5368; baseline -0.009 -14"><span class='ocrx_word' id='word_1_783' title='bbox 2157 5300 2314 5355; x_wconf 81' lang='grc' dir='ltr'>ουσία</span> <span class='ocrx_word' id='word_1_784' title='bbox 2349 5299 2664 5368; x_wconf 83' lang='grc' dir='ltr'>γεγένηται,</span> <span class='ocrx_word' id='word_1_785' title='bbox 2732 5299 2828 5350; x_wconf 79' lang='grc' dir='ltr'>καὶ</span> <span class='ocrx_word' id='word_1_786' title='bbox 2858 5296 2919 5349; x_wconf 83' lang='grc' dir='ltr'><strong>τὸ</strong></span> <span class='ocrx_word' id='word_1_787' title='bbox 2949 5296 3048 5364; x_wconf 85' lang='grc' dir='ltr'>τῆς</span> <span class='ocrx_word' id='word_1_788' title='bbox 3082 5295 3399 5363; x_wconf 82' lang='grc' dir='ltr'>οἰκονομίας</span> <span class='ocrx_word' id='word_1_789' title='bbox 3446 5296 3704 5362; x_wconf 59' lang='grc' dir='ltr'>ἐπραγμα-</span> 
     </span>
    </p>
   </div>
   <div class='ocr_carea' id='block_1_110' title="bbox 2149 5383 3698 5462">
    <p class='ocr_par' dir='ltr' id='par_1_110' title="bbox 2149 5383 3698 5462">
     <span class='ocr_line' id='line_1_110' title="bbox 2149 5383 3698 5462; baseline -0.009 -16"><span class='ocrx_word' id='word_1_790' title='bbox 2149 5392 2316 5462; x_wconf 81' lang='grc' dir='ltr'>τεύθη</span> <span class='ocrx_word' id='word_1_791' title='bbox 2348 5391 2680 5462; x_wconf 80' lang='grc' dir='ltr'>μυστήριον·</span> <span class='ocrx_word' id='word_1_792' title='bbox 2719 5391 2778 5443; x_wconf 75' lang='grc' dir='ltr'><strong>οὐ</strong></span> <span class='ocrx_word' id='word_1_793' title='bbox 2813 5390 2922 5459; x_wconf 80' lang='grc' dir='ltr'><strong>γὰρ</strong></span> <span class='ocrx_word' id='word_1_794' title='bbox 2957 5389 3097 5458; x_wconf 77' lang='grc' dir='ltr'><strong>ὑπὲρ</strong></span> <span class='ocrx_word' id='word_1_795' title='bbox 3135 5387 3364 5456; x_wconf 72' lang='grc' dir='ltr'>ἀψύχων</span> <span class='ocrx_word' id='word_1_796' title='bbox 3401 5387 3431 5456; x_wconf 85' lang='grc' dir='ltr'><strong>ῆ</strong></span> <span class='ocrx_word' id='word_1_797' title='bbox 3487 5383 3698 5450; x_wconf 73' lang='grc' dir='ltr'>ἀνοήτων</span> 
     </span>
    </p>
   </div>
   <div class='ocr_carea' id='block_1_111' title="bbox 2151 5473 3694 5552">
    <p class='ocr_par' dir='ltr' id='par_1_111' title="bbox 2151 5473 3694 5552">
     <span class='ocr_line' id='line_1_111' title="bbox 2151 5473 3694 5552; baseline -0.009 -18"><span class='ocrx_word' id='word_1_798' title='bbox 2151 5482 2219 5536; x_wconf 84' lang='grc' dir='ltr'>τὰ</span> <span class='ocrx_word' id='word_1_799' title='bbox 2269 5485 2516 5552; x_wconf 81' lang='grc' dir='ltr'>σωτήρια</span> <span class='ocrx_word' id='word_1_800' title='bbox 2566 5481 2895 5547; x_wconf 82' lang='grc' dir='ltr'>κατεδέξατο</span> <span class='ocrx_word' id='word_1_801' title='bbox 2942 5479 3113 5550; x_wconf 75' lang='grc' dir='ltr'>πάθη.</span> <span class='ocrx_word' id='word_1_802' title='bbox 3170 5479 3277 5531; x_wconf 69' lang='grc' dir='ltr'><strong>οὐδ’</strong></span> <span class='ocrx_word' id='word_1_803' title='bbox 3328 5479 3464 5545; x_wconf 80' lang='grc' dir='ltr'><strong>ὑπὲρ</strong></span> <span class='ocrx_word' id='word_1_804' title='bbox 3513 5473 3694 5538; x_wconf 77' lang='grc' dir='ltr'>ἀλόγων</span> 
     </span>
    </p>
   </div>
   <div class='ocr_carea' id='block_1_112' title="bbox 2153 5565 3693 5644">
    <p class='ocr_par' dir='ltr' id='par_1_112' title="bbox 2153 5565 3693 5644">
     <span class='ocr_line' id='line_1_112' title="bbox 2153 5565 3693 5644; baseline -0.008 -17"><span class='ocrx_word' id='word_1_805' title='bbox 2153 5573 2368 5642; x_wconf 78' lang='grc' dir='ltr'>κτηνῶν</span> <span class='ocrx_word' id='word_1_806' title='bbox 2403 5573 2436 5644; x_wconf 81' lang='grc' dir='ltr'>ἢ</span> <span class='ocrx_word' id='word_1_807' title='bbox 2485 5573 2648 5628; x_wconf 77' lang='grc' dir='ltr'>λίθων</span> <span class='ocrx_word' id='word_1_808' title='bbox 2692 5573 2872 5643; x_wconf 76' lang='grc' dir='ltr'>ψυχῆς</span> <span class='ocrx_word' id='word_1_809' title='bbox 2897 5571 3305 5642; x_wconf 81' lang='grc' dir='ltr'>ὲστερημένων,</span> <span class='ocrx_word' id='word_1_810' title='bbox 3335 5570 3448 5623; x_wconf 83' lang='grc' dir='ltr'>ἀλλ’</span> <span class='ocrx_word' id='word_1_811' title='bbox 3475 5567 3601 5633; x_wconf 81' lang='grc' dir='ltr'><strong>ὑπὲρ</strong></span> <span class='ocrx_word' id='word_1_812' title='bbox 3623 5565 3693 5615; x_wconf 74' lang='grc' dir='ltr'><strong>ἀν-</strong></span> 
     </span>
    </p>
   </div>
   <div class='ocr_carea' id='block_1_113' title="bbox 2155 5663 3550 5738">
    <p class='ocr_par' dir='ltr' id='par_1_113' title="bbox 2155 5663 3550 5738">
     <span class='ocr_line' id='line_1_113' title="bbox 2155 5663 3550 5738; baseline -0.006 -18"><span class='ocrx_word' id='word_1_813' title='bbox 2155 5666 2393 5734; x_wconf 79' lang='grc' dir='ltr'>θρώπων</span> <span class='ocrx_word' id='word_1_814' title='bbox 2422 5666 2600 5738; x_wconf 78' lang='grc' dir='ltr'>ψυχὴν</span> <span class='ocrx_word' id='word_1_815' title='bbox 2632 5667 2904 5722; x_wconf 75' lang='grc' dir='ltr'>ἀθάνατον</span> <span class='ocrx_word' id='word_1_816' title='bbox 2935 5665 3144 5718; x_wconf 78' lang='grc' dir='ltr'>ἐνοικον</span> <span class='ocrx_word' id='word_1_817' title='bbox 3186 5663 3550 5732; x_wconf 82' lang='grc' dir='ltr'>κεκτημένων.</span> 
     </span>
    </p>
   </div>
   <div class='ocr_carea' id='block_1_114' title="bbox 479 5749 3686 5830">
    <p class='ocr_par' dir='ltr' id='par_1_114' title="bbox 479 5749 3686 5830">
     <span class='ocr_line' id='line_1_114' title="bbox 479 5749 3686 5830; baseline 0.002 -25"><span class='ocrx_word' id='word_1_818' title='bbox 479 5769 575 5821; x_wconf 85' lang='lat' dir='ltr'><strong>pro</strong></span> <span class='ocrx_word' id='word_1_819' title='bbox 606 5755 768 5807; x_wconf 75' lang='lat' dir='ltr'><strong>rebus</strong></span> <span class='ocrx_word' id='word_1_820' title='bbox 796 5755 990 5809; x_wconf 80' lang='lat' dir='ltr'><strong>aniime</strong></span> <span class='ocrx_word' id='word_1_821' title='bbox 1029 5774 1094 5812; x_wconf 90' lang='lat' dir='ltr'><strong>ae</strong></span> <span class='ocrx_word' id='word_1_822' title='bbox 1121 5758 1320 5812; x_wconf 89' lang='lat' dir='ltr'><strong>mentis</strong></span> <span class='ocrx_word' id='word_1_823' title='bbox 1358 5758 1694 5824; x_wconf 73' lang='lat' dir='ltr'><strong>expertibus,</strong></span> <span class='ocrx_word' id='word_1_824' title='bbox 1731 5768 1827 5813; x_wconf 88' lang='lat' dir='ltr'><strong>aut</strong></span> <span class='ocrx_word' id='word_1_825' title='bbox 1856 5774 1957 5828; x_wconf 86' lang='lat' dir='ltr'><strong>pro</strong></span> <span class='ocrx_word' id='word_1_826' title='bbox 1987 5760 2252 5830; x_wconf 73' lang='lat' dir='ltr'><strong>iumentis</strong></span> <span class='ocrx_word' id='word_1_827' title='bbox 2285 5760 2694 5830; x_wconf 86' lang='lat' dir='ltr'><strong>insipientibus,</strong></span> <span class='ocrx_word' id='word_1_828' title='bbox 2729 5771 2822 5814; x_wconf 85' lang='lat' dir='ltr'><strong>aut</strong></span> <span class='ocrx_word' id='word_1_829' title='bbox 2861 5759 3130 5829; x_wconf 80' lang='lat' dir='ltr'><strong>lapidibus</strong></span> <span class='ocrx_word' id='word_1_830' title='bbox 3163 5749 3438 5824; x_wconf 81' lang='lat' dir='ltr'><strong>inanimis,</strong></span> <span class='ocrx_word' id='word_1_831' title='bbox 3470 5754 3552 5808; x_wconf 73' lang='lat' dir='ltr'><strong>sed</strong></span> <span class='ocrx_word' id='word_1_832' title='bbox 3608 5759 3686 5817; x_wconf 68' lang='grc' dir='ltr'><strong>ντο</strong></span> 
     </span>
    </p>
   </div>
   <div class='ocr_carea' id='block_1_115' title="bbox 474 5849 3262 5928">
    <p class='ocr_par' dir='ltr' id='par_1_115' title="bbox 474 5849 3262 5928">
     <span class='ocr_line' id='line_1_115' title="bbox 474 5849 3262 5928; baseline 0.003 -26"><span class='ocrx_word' id='word_1_833' title='bbox 474 5849 786 5904; x_wconf 85' lang='lat' dir='ltr'><strong>hominibus</strong></span> <span class='ocrx_word' id='word_1_834' title='bbox 819 5851 1177 5908; x_wconf 78' lang='lat' dir='ltr'><strong>immortalem</strong></span> <span class='ocrx_word' id='word_1_835' title='bbox 1213 5855 1264 5906; x_wconf 90' lang='lat' dir='ltr'><strong>in</strong></span> <span class='ocrx_word' id='word_1_836' title='bbox 1301 5870 1356 5909; x_wconf 82' lang='lat' dir='ltr'><strong>se</strong></span> <span class='ocrx_word' id='word_1_837' title='bbox 1376 5855 1611 5908; x_wconf 84' lang='lat' dir='ltr'><strong>animam</strong></span> <span class='ocrx_word' id='word_1_838' title='bbox 1643 5854 1966 5912; x_wconf 83' lang='lat' dir='ltr'><strong>incolentetn</strong></span> <span class='ocrx_word' id='word_1_839' title='bbox 1991 5857 2390 5924; x_wconf 76' lang='lat' dir='ltr'><strong>obtinentibus,</strong></span> <span class='ocrx_word' id='word_1_840' title='bbox 2428 5858 2699 5914; x_wconf 83' lang='lat' dir='ltr'><strong>cruciatus</strong></span> <span class='ocrx_word' id='word_1_841' title='bbox 2729 5860 2952 5928; x_wconf 80' lang='lat' dir='ltr'><strong>pertulit</strong></span> <span class='ocrx_word' id='word_1_842' title='bbox 2980 5857 3262 5913; x_wconf 81' lang='lat' dir='ltr'><strong>salutares.</strong></span> 
     </span>
    </p>
   </div>
  </div>
