3968 6554
223 414 328 480 θὲθ

1181 406 1549 466 ΡΛΝΟΡῌΑ
1597 403 2025 464 DOGMATICA
2102 431 2153 439 ~
2199 405 2328 463 TlT
2391 403 2538 466 XIV.

3362 402 3472 464 9Ίο

224 533 350 583 Ἔτι
402 527 550 579 κατὰ
585 523 1176 587 Ἀπολ.2ηνιριηστὼν
1223 523 1326 574 τοῦ
1369 519 1784 591 Amiterni-oft.

1909 520 2034 572 Item
2084 522 2333 575 adversus
2375 521 2781 591 .ttpollinaristas
2828 519 3159 574 Damasceui.
3201 517 3332 588 Cap.
3377 521 3469 574 82.

826 595 1046 662 Κεφιὶλ.
1090 593 1196 662 πβ’.

288 713 422 762 63-3»-
459 711 666 761 τέλειον
708 711 803 760 καὶ
852 708 1137 777 ἄνθρωπον
1180 709 1384 760 τέλειον
1423 709 1672 774 λέγοντες
1705 709 1794 759 τὸν

215 805 472 872 Χριστὸν,
512 803 729 862 πάντως
767 802 940 854 πάντα
968 803 1232 869 δώσομεν,
1264 803 1331 855 τά
1362 819 1418 854 τε
1450 801 1544 854 τοῦ
1586 803 1793 869 [ἰατρὸς

215 897 445 964 φυσικὰ.
479 894 546 947 τά
587 911 644 945 τε
673 894 770 962 τῆς
808 894 1066 960 Μητρός·
1109 894 1300 961 γέγονε
1331 893 1438 961 γὰρ
1480 893 1792 962 ἄνθρωπος,

215 984 304 1034 ἵνα
351 983 409 1034 τὸ
461 982 682 1050 νικηθὲν
729 985 950 1053 νικήσῃ.
1001 983 1114 1035 Οὐκ
1169 983 1429 1046 ἀδύνατος
1487 986 1594 1056 γὰρ
1649 982 1716 1051 ἦν
1769 987 1795 1037 ό

213 1076 281 1128 τὰ
333 1075 510 1127 πάντα
555 1074 877 1142 δυνάμενος,
917 1075 1007 1127 καὶ
1048 1077 1113 1145 τῇ
1172 1075 1570 1145 παντοδυνάμῳ
1626 1075 1794 1130 αὐτοῦ

213 1168 437 1237 ἐξουσία
466 1169 558 1219 καὶ
589 1168 820 1236 δυνάμει
855 1166 1133 1230 ἐξελέσθαι
1159 1167 1252 1220 τοῦ
1285 1169 1674 1239 τυραννοῦντος
1706 1172 1795 1223 τὸν

212 1259 542 1328 ἄνθρωπον·
600 1258 715 1312 ἀλλ’
763 1254 832 1329 ἦν
886 1259 1231 1328 ἐγκλήματος
1287 1262 1364 1329 τῷ
1432 1262 1795 1329 τυραννοῦντι

212 1352 497 1416 ὑπόθεσις,
523 1353 810 1422 ἄνθρωπον
855 1353 1166 1420 νικήσαντι,
1197 1355 1295 1406 καὶ
1345 1354 1450 1408 ὑπὸ
1491 1356 1628 1409 Θεοῦ
1679 1355 1799 1424 βια-

217 1444 429 1497 σθέντι.
459 1445 631 1497 Λὺτδν
670 1440 764 1497 οῦν
801 1444 892 1496 τὸν
948 1445 1188 1497 πεσόντα
1236 1445 1466 1515 νικητὴν
1517 1447 1794 1514 ἀναδεῖξαι

215 1537 505 1606 βουληθεὶς
564 1540 590 1590 ὁ
652 1538 944 1608 συμπαθὴς
1021 1537 1153 1599 Θεὸς
1223 1539 1316 1590 καὶ¹
1388 1539 1794 1608 φιλάνθρωπος,

214 1628 507 1697 ἄνθρωπος
545 1628 758 1696 γίνεται
799 1626 877 1695 τῷ
926 1628 1098 1696 ὁμοίῳ
1149 1626 1207 1679 τὸ
1256 1628 1442 1698 ὅμοιον
1493 1629 1796 1682 ἀνακαλούο

213 1726 404 1791 μενος.

209 1873 212 1876 Ι
293 1902 416 1954 Ὀτι
459 1903 514 1954 δὲ
567 1901 786 1970 λογικὸν
848 1902 941 1954 καὶ
986 1902 1172 1972 νοερὸν
1221 1901 1359 1966 ζῶον
1403 1899 1430 1954 δ
1485 1901 1792 1970 ἄνθρωπος’
1829 1939 1872 1995 η

213 1995 394 2056 οἰδεὶς
419 1997 658 2063 ἀντερεῖ·
691 1995 806 2055 πῶς
831 1989 922 2046 οῦν
946 1993 1233 2062 ἅνθρωπος
1267 1995 1513 2060 γέγονεν,
1535 1995 1581 2045 εἱ
1615 1995 1796 2062 σάρκα

211 2089 427 2158 ἄψυχον
449 2088 477 2151 ἣ
501 2087 675 2158 ψυχὴν
705 2088 864 2140 ἄνουν
897 2087 1121 2148 ἔ).α6εν;
1154 2087 1228 2139 Οὐ
1264 2085 1420 2138 τοῦτο
1450 2087 1558 2157 γὰρ
1583 2085 1794 2153 ἂνθρω-

213 2197 340 2242 πος.
369 2179 434 2232 Τί
466 2179 521 2230 δὲ
547 2178 638 2232 καὶ
665 2181 763 2248 τῆς
791 2177 1258 2248 ὲνανθρωπὴσεως
1292 2178 1656 2246 ἀπωνάμεθα,
1693 2177 1788 2229 τοῦ

214 2270 752 2341 πρωτοπαθήσαντος
801 2270 875 2340 μὴ
921 2269 1296 2335 σεσωσμένον,
1343 2269 1477 2338 μηδὲ
1517 2272 1582 2340 τῇ
1623 2286 1788 2320 συνα-

213 2363 350 2433 ipsi;
378 2363 478 2425 τῆς
516 2363 766 2430 θεότητος
807 2362 1335 2430 ἀνακεκαινισμένου
1373 2378 1429 2414 τε
1470 2363 1564 2415 καὶ
1606 2378 1794 2413 νενευ-

215 2461 500 2527 ρωμένου;
525 2459 597 2511 Τὸ
625 2459 730 2529 γὰρ
765 2458 1172 2530 ἀπρόσληπτον,
1203 2455 1603 2526 ἀθεράπευτον.
1638 2454 1796 2507 Ἀνα-

211 2550 487 2619 λαμϐἀνει
527 2549 709 2602 τοίνυν
755 2548 875 2600 ὅλον
907 2548 998 2601 τὸν
1043 2548 1354 2616 ἄνθρωπον,
1388 2545 1483 2597 καὶ
1511 2544 1572 2596 τὸ
1601 2544 1794 2597 τούτου

214 2641 313 2694 κά)
329 2641 534 2706 λιστον,
579 2638 684 2693 ὑπὸ
728 2639 1045 2710 ἀρρωστίαν
1081 2637 1266 2701 πεσὸν,
1299 2635 1384 2688 ἵνα
1425 2635 1533 2704 ὅλῳ
1564 2633 1666 2705 τὴν
1693 2651 1797 2687 σω·-

210 2731 417 2800 ξηρίαν
468 2731 797 2802 χαρίσηται·
852 2729 978 2792 νοῦς
1041 2729 1098 2780 δὲ
1153 2729 1378 2794 ἅσοερος,
1427 2724 1799 2795 ἐστερημένος

211 2827 498 2893 γνώσεως,
531 2827 628 2878 οὐκ
658 2825 724 2878 ἂν
761 2825 844 2894 εἴη
877 2824 1032 2876 ποτέ.
1061 2823 1124 2876 Ei
1156 2821 1263 2893 γὰρ
1299 2821 1662 2891 ἀνενέργητος
1700 2821 1798 2873 καλ⁵

209 2920 498 2989 ἀκίνητος,
528 2919 618 2969 καὶ
645 2916 989 2986 ἀνύπαρκτος
1030 2916 1267 2977 πάντως.

1971 701 2255 764 Assumpta
2317 712 2510 752 natura
2574 701 2827 762 ltuttmna,
2883 710 2939 752 ut
3001 701 3114 766 ipsa
3169 698 3220 751 in
3263 697 3474 753 Christo

1899 793 2086 844 victrix
2128 792 2274 859 ﬁeret
2321 791 2538 844 diaboli.
2590 821 2644 831 ι-
2692 790 3143 859 Quandoquidem
3191 789 3472 845 Christum

1899 883 2194 952 perfectum
2253 881 2420 935 Deum
2462 898 2524 935 ac
2573 883 2869 950 perfectum
2907 882 3180 936 hominem
3219 879 3472 937 dicimus,

1901 975 2057 1044 plane
2089 977 2268 1028 omnia
2323 992 2443 1042 quat
2476 986 2583 1028 tum
2642 975 2806 1033 Patri,
2844 985 2954 1026 ttun
3009 973 3162 1026 Matri
3203 971 3474 1025 naturalia

1900 1076 2044 1123 sunt.
2089 1067 2137 1121 ei
2188 1067 2514 1120 trihnant'ts.
2571 1065 2745 1119 "omo
2787 1069 2986 1133 quippe
3037 1064 3213 1118 factus
3261 1071 3364 1122 est,
3421 1072 3479 1114 ιιι

1898 1159 2040 1226 quod
2075 1159 2272 1210 rictum
2307 1158 2484 1211 fuerat
2518 1159 2778 1210 vinceret.
2827 1155 2981 1209 "and
3019 1158 3164 1210 enim
3212 1156 3328 1221 ejus
3375 1154 3480 1204 iut-

1900 1249 2206 1303 becillitatis
2235 1259 2353 1302 erat
2391 1249 2499 1308 ille.
2553 1250 2644 1318 qui
2682 1249 2860 1302 omnia
2905 1257 3101 1316 potest,
3139 1248 3269 1315 quin
3302 1246 3481 1300 omni-

1899 1343 2104 1412 potenti
2159 1358 2254 1396 sua
2301 1341 2500 1396 virtute.
2534 1341 2809 1395 hominem
2843 1358 2907 1394 ex
2949 1339 3160 1411 tyranni
3197 1339 3478 1392 dominatu

1899 1438 2112 1505 eripere
2150 1437 2374 1489 valeret.
2417 1434 2616 1489 Verum
2669 1446 2933 1505 tyrannus
2963 1432 3198 1503 querela:
3233 1430 3480 1484 occasio-

1900 1543 2023 1580 netn
2056 1527 2356 1589 habuisset,
2393 1528 2434 1580 si
2466 1537 2750 1595 postquam
2785 1527 3066 1579 hominem
3110 1526 3225 1593 ipse
3248 1522 3479 1581 vicerat,

1900 1621 2047 1675 illata
2085 1620 2132 1672 vi
2178 1635 2206 1673 a
2253 1621 2361 1671 Deo
2403 1619 2668 1688 spoliatus
2708 1629 2876 1673 esset.
2907 1619 3174 1684 Quocirca
3213 1617 3352 1670 Deus
3384 1629 3483 1683 pro

1901 1730 1994 1767 sua
2043 1713 2437 1774 misericordia,
2494 1727 2548 1766 et
2600 1728 2723 1782 erga
2776 1712 3025 1765 homines
3078 1708 3480 1772 benevolentia,

1899 1805 2065 1859 homo
2107 1807 2185 1868 tit,
2220 1821 2328 1874 quo
2369 1804 2550 1859 simile
2582 1805 2774 1858 similis
2805 1819 2971 1872 opera
3014 1802 3304 1856 instauret.

1975 1900 2258 1962 Astumpta
2318 1897 2497 1950 anima
2554 1907 2710 1968 atque
2775 1913 2918 1948 mens
2970 1897 3241 1957 humana,
3299 1901 3483 1944 contra

1905 1989 2341 2056 Apollinaristas.
2365 2020 2433 2029 —
2460 1989 2614 2054 Quod
2638 1999 2818 2042 autent
2855 1989 3018 2040 homo
3059 1988 3128 2039 sit
3161 1983 3364 2039 animal
3393 1999 3486 2037 ra-

1905 2083 2053 2137 tione
2081 2093 2135 2137 et
2175 2084 2532 2152 intelligentia
2565 2083 2874 2152 praeditum,
2906 2095 3066 2134 nemo
3101 2079 3222 2132 ierit
3251 2076 3484 2132 inﬁcias.

1901 2177 2132 2243 Quinam
2179 2178 2342 2245 igitur
2395 2177 2568 2230 factus
2615 2184 2700 2229 est
2733 2178 2916 2239 homo,
2951 2174 2993 2226 si
3039 2189 3258 2228 carnent
3311 2171 3487 2224 inani-

1903 2283 2126 2329 matam,
2187 2280 2278 2324 aut
2333 2280 2610 2340 expertem
2670 2270 2866 2324 mentis
2921 2269 3156 2323 animant
3203 2265 3487 2334 suscepit?

1902 2363 2016 2417 Hoc
2044 2364 2188 2418 enim
2219 2378 2559 2432 nequaqutnt
2597 2363 2762 2416 homo
2789 2372 2892 2416 est.
2933 2361 3074 2428 Quid
3112 2375 3242 2414 vero
3267 2371 3484 2411 rursum

1903 2472 1968 2511 ex
2005 2465 2280 2524 assumpta
2306 2462 2371 2507 att
2405 2470 2471 2508 eo
2504 2455 2843 2509 humanitate
2882 2451 3234 2508 emolumenti
3291 2451 3355 2503 ad
3385 2464 3488 2504 nos

1905 2549 2087 2612 rediit,
2131 2549 2174 2602 si
2218 2549 2292 2602 illi
2348 2549 2441 2619 qui
2473 2549 2730 2619 primario
2766 2547 3044 2602 contraxit
3100 2545 3304 2606 labent,
3338 2544 3488 2597 salus

1904 2641 2063 2695 allata
2125 2657 2231 2696 non
2263 2651 2384 2705 est;
2415 2657 2597 2712 neque
2647 2642 2698 2695 id
2734 2650 2915 2695 actum
2955 2640 3090 2705 fuit,
3133 2648 3192 2693 ut
3229 2655 3324 2706 per
3358 2651 3488 2691 con-

1902 2731 2240 2800 iunctionem
2288 2748 2413 2787 cum
2459 2732 2744 2787 divinitate
2796 2732 3191 2791 innovatetur,
3223 2736 3276 2782 et
3323 2726 3489 2780 robur

1906 2823 2362 2879 obtineret?Nam
2391 2835 2639 2880 curatum
2676 2839 2784 2878 non
2819 2823 2940 2885 fuit,
2974 2822 3117 2890 quod
3146 2829 3486 2889 assumptum

1905 2932 2019 2971 non
2059 2927 2176 2982 est;
2223 2926 2555 2988 quapropter
2606 2927 2778 2972 totum
2831 2917 3111 2970 hom‘nem
3167 2910 3484 2980 assumpsit.

212 3017 475 3083 illamque
517 3013 652 3067 adeo
700 3013 871 3082 ipsius
917 3019 1124 3081 partem
1175 3027 1297 3080 quae
1343 3013 1577 3068 obnoxia
1628 3013 1817 3069 morbo
1881 3013 2098 3080 fuerat,
2155 3024 2214 3068 ιιι
2260 3017 2356 3070 toti
2413 3017 2641 3070 salutem
2693 3014 3046 3084 largiretur‘.
3115 3014 3268 3067 Nulla
3326 3029 3488 3082 porro

212 3127 376 3167 mcns
401 3124 626 3177 usquam
662 3107 843 3173 fuerit,
887 3124 1007 3178 qua:
1038 3108 1297 3178 sapientia
1337 3122 1388 3165 et
1421 3113 1729 3183 cognitione
1759 3111 2020 3168 destituta
2055 3113 2145 3166 sit.
2186 3113 2316 3166 Nam
2367 3113 2411 3167 si
2446 3113 2591 3168 iners
2631 3123 2687 3168 et
2717 3115 2836 3167 sine
2867 3123 3015 3167 ntotu
3039 3157 3052 3178 ,
3085 3113 3230 3166 nulla
3262 3128 3487 3182 prorsus

213 3211 435 3266 ratione
459 3207 687 3263 exsistit.

229 3381 232 3384 ·
289 3356 366 3410 Τὸ
424 3350 516 3409 οῦν
565 3356 684 3408 κατ’
737 3356 921 3408 εἰκόνα
973 3355 1322 3409 ἀνακαινίσαι
1385 3355 1712 3425 βουλόμενος
1768 3359 1867 3424 6C

209 3450 352 3512 Θεὸς
383 3451 575 3517 Λόγος,
599 3451 824 3514 γέγονεν
853 3448 1160 3516 ἄνθρωπος.
1181 3449 1248 3501 Ti
1266 3449 1322 3502 δὲ
1351 3451 1410 3501 τὸ
1437 3450 1557 3502 κατ’
1587 3453 1794 3514 εἰκόνα,

211 3546 376 3611 εἰμὴ
431 3543 459 3594 ὁ
506 3540 660 3606 νοῦς;
693 3541 766 3592 Τὸ
802 3542 1052 3608 κρεῖττον
1101 3539 1196 3594 οῦν
1245 3545 1463 3611 παρεὶς,
1502 3543 1562 3596 τὸ
1615 3545 1798 3612 χεῖρον

215 3633 485 3698 avenae;
536 3631 677 3694 Νοῦς
728 3632 837 3701 γὰρ
869 3633 926 3683 ὲν
976 3632 1286 3701 μεταιχμίῳ
1343 3633 1462 3685 ἐστὶ
1515 3633 1649 3686 Θεοῦ
1701 3635 1798 3686 καὶ

219 3727 443 3793 σαρκὸς,
474 3725 574 3791 τῆς
623 3725 720 3792 μὲν
763 3727 838 3784 ὡς
873 3723 1144 3788 σύνοικος,
1177 3724 1272 3776 τοῦ
1312 3725 1447 3778 Θεοῦ
1499 3725 1579 3789 δὲ,
1616 3725 1692 3789 ὼς
1719 3727 1798 3779 ει-

216 3819 350 3872 κῶν.
391 3818 535 3880 Νοῦς
583 3813 678 3870 οῦν
723 3816 804 3870 νοϊ
857 3817 1138 3886 μίγνυται.
1173 3817 1268 3870 καὶ
1303 3818 1582 3885 μεσιτεύει
1613 3819 1641 3870 ὁ
1674 3819 1798 3880 νοῦς

217 3908 353 3962 Θεοῦ
402 3908 736 3978 καθαρότητι
809 3909 904 3960 καὶ
957 3909 1159 3978 σαρκὸς
1216 3908 1526 3978 παχύτητι·
1585 3912 1634 3962 εἰ
1689 3911 1798 3981 γὰρ

215 4001 396 4072 ψυχὴν
431 4000 595 4054 ἄνουν
616 4002 644 4053 ὁ
665 3999 871 4068 Κύριος
897 3997 1183 4064 ἀνέλαϐεν,
1211 3999 1409 4069 ἀλόγου
1445 3999 1585 4066 {dion
1618 4001 1798 4072 ψυχὴν

218 4095 507 4148 ἀνέλαϐεν.

1975 3357 2124 3410 Mens
2171 3359 2224 3411 in
2263 3359 2473 3412 homine
2500 3359 2570 3410 τὸ
2613 3358 2742 3412 κατ’
2771 3360 2979 3412 εἰκόνα
3031 3359 3181 3412 Verbi
3213 3371 3260 3413 et
3311 3363 3489 3415 ται-ιιι

1902 3451 2102 3506 media.
2133 3482 2200 3494 -—
2241 3451 2426 3520 Itaque
2477 3452 2618 3506 Deus
2665 3450 2950 3507 Verbum'
3003 3453 3053 3506 id
3101 3454 3244 3523 quod
3301 3455 3365 3508 ad
3407 3456 3489 3508 sui

1903 3544 2196 3613 imaginem
2238 3553 2356 3598 erat
2399 3546 2712 3598 instaurare
2742 3546 2953 3610 volens,
2994 3544 3169 3600 factus
3193 3556 3274 3600 est
3305 3548 3486 3600 ltouto.

1901 3635 2040 3700 Quid
2079 3650 2210 3689 vero
2239 3635 2370 3688 illud
2408 3635 2512 3689 fuit.
2541 3635 2686 3704 quod
2711 3644 2860 3689 esset
2895 3637 2960 3690 ad
3007 3636 3320 3705 imaginem,
3352 3655 3490 3706 prte-

1905 3736 2150 3793 terquam
2202 3725 2396 3780 mens?
2448 3725 2600 3779 Itane
2661 3725 2869 3778 omisso
2925 3727 3146 3794 potiori,
3195 3730 3338 3795 quod
3391 3729 3492 3784 de-

1911 3818 2081 3871 terius
2130 3827 2250 3871 erat
2311 3817 2648 3886 assumpsit!
2702 3817 2853 3871 Mens
2889 3818 3154 3886 siquidem
3191 3819 3243 3871 in
3295 3821 3384 3874 Dei
3435 3831 3492 3877 et

1908 3910 2092 3965 carnis
2142 3909 2448 3963 meditullio
2484 3919 2604 3964 est:
2652 3911 2837 3964 carnis
2887 3906 3172 3975 nin'tirnnt,
3205 3922 3262 3965 ut
3298 3925 3493 3969 contu-

1909 4001 2176 4066 bernalis;
2218 4000 2312 4056 Dei
2345 4010 2552 4063 autem,
2583 4009 2642 4055 ut
2676 4001 2874 4071 imago.
2912 4003 3065 4056 Mens
3107 4003 3290 4073 itaque
3320 4007 3489 4062 menti

1903 4095 2172 4164 jungitur,
2205 4102 2369 4164 atque
2402 4095 2542 4150 inter
2566 4093 2657 4149 Dei
2696 4095 2986 4164 puritatem
3019 4106 3073 4151 et
3122 4102 3306 4153 carnis
3342 4113 3491 4154 cras-

211 4193 397 4246 sitiem
453 4191 762 4246 intercedit.
826 4189 960 4245 Nam
1011 4191 1056 4245 si
1117 4191 1378 4246 Dominus
1429 4192 1666 4246 animant
1722 4201 1904 4247 mente
1964 4207 2192 4247 vacuam
2251 4194 2588 4264 assumpsit,
2649 4193 2793 4247 bruti
2857 4193 3040 4264 utique
3107 4198 3344 4251 animam
3399 4213 3489 4253 as-

208 4288 474 4358 sumpsit.

289 4426 354 4479 Ei
398 4425 455 4478 δὲ
511 4425 690 4494 σάρκα
740 4426 992 4490 γενέσθαι
1035 4429 1061 4481 ὁ
1107 4427 1503 4498 εὐαγγελιστὴς
1550 4427 1654 4496 ἔφη
1700 4428 1794 4480 τὸν

209 4516 415 4584 Λόγον,
453 4517 625 4571 ιστέον
671 4519 748 4580 ὡς
789 4520 942 4590 παρὰ
992 4524 1057 4590 τῇ
1093 4521 1226 4591 ἁγίᾳ
1271 4521 1490 4588 Γραφῇ,
1529 4522 1660 4573 ποτὲ
1695 4522 1796 4590 μὲν

1971 4429 2474 4500 Apollinaristarum
2509 4429 2729 4496 objectio
2770 4429 3010 4482 solvitur.
3050 4429 3244 4483 Anima
3272 4440 3320 4485 et
3362 4447 3488 4486 caro

1903 4538 1998 4591 pro
2051 4522 2259 4574 homine
2313 4521 2367 4573 in
2423 4519 2712 4589 Scriptura.
2752 4551 2819 4560 —
2861 4520 3014 4585 Quod
3059 4522 3104 4574 si
3154 4523 3486 4590 evangelista

208 4609 363 4679 ψυχὴ
387 4610 606 4677 λέγεται
636 4612 663 4664 ὁ
694 4611 1000 4680 ἄνθρωπος,
1037 4612 1111 4674 ὡς
1133 4613 1227 4664 τό·
1262 4613 1359 4662 Ἐν
1388 4612 1795 4680 ἐϐδομήκοντα

1909 4614 2141 4669 Verbum
2188 4628 2407 4668 carnem
2453 4613 2653 4666 factum
2694 4613 2864 4666 fuisse
2895 4613 3054 4677 disit,
3093 4612 3374 4666 sciendum
3405 4624 3490 4668 cst

207 4702 399 4754 πέντε
445 4702 672 4770 ψυχαῖς
722 4703 1016 4769 εἰσῆλθεν·
1065 4703 1269 4756 Ἰακὼϐ
1306 4705 1394 4768 εἰς
1443 4705 1791 4772 Αιγυπτον·

209 4793 350 4846 ποτὲ
379 4793 435 4846 δὲ
471 4795 632 4862 σὰρξ,
677 4795 752 4857 ὡς
787 4795 846 4848 τό
873 4813 885 4826 ·
911 4797 1156 4863 "Ott-atat
1189 4795 1358 4851 πᾶσα
1397 4796 1556 4864 σὰρξ
1575 4797 1641 4849 τὸ
1677 4812 1796 4850 σω-

208 4886 425 4955 τήριον
445 4887 551 4940 τοῦ
571 4887 740 4942 Θεοῦ.
759 4890 832 4942 Οὐ
857 4889 995 4959 σὰρξ
1018 4890 1198 4942 τοίνυν
1222 4890 1444 4960 ἄψυχος,
1462 4889 1583 4942 οὐδὲ
1608 4889 1791 4953 ἄνους,

209 4979 332 5031 ἀλλ’
357 4977 645 5048 ἄνθρωπος
675 4981 898 5049 γέγονεν
927 4982 957 5034 ὁ
999 4980 1224 5051 Κύριος.
1251 4981 1394 5052 Φησὶ
1424 4979 1555 5048 γοῦν
1591 4981 1752 5042 a316,-
1773 4995 1788 5008 ·

214 5073 277 5125 Τί
298 5087 380 5138 με
403 5069 597 5138 δέρεις
619 5071 959 5140 ἄνθρωπον,
981 5073 1048 5140 ὃς
1073 5074 1188 5142 τὴν
1213 5073 1508 5141 ἀλήθειαν·
1534 5074 1676 5142 ὑμῖν
1696 5075 1792 5126 λε-

205 5161 494 5228 λιὶληκιη
525 5165 778 5217 ’Λνέλαὸε
821 5167 1000 5219 τοίνυν
1035 5166 1213 5236 σάρκα
1254 5167 1618 5239 ἐψυχωμένην
1642 5169 1787 5237 ψυχῇ

207 5253 431 5324 λογικῇ.
465 5273 524 5308 τε
575 5261 668 5310 καὶ
699 5260 884 5328 νοερᾷ,
920 5259 1222 5329 ἡγεμονικῇ
1259 5261 1356 5327 μὲν
1410 5260 1509 5328 τῆς
1559 5261 1785 5328 σαρκὸς,

209 5345 664 5418 ἡγεμονευομένῃ
691 5347 747 5400 δὲ
775 5349 879 5401 ὑπὸ
903 5350 1000 5418 τῆς
1030 5349 1124 5401 τοῦ
1155 5351 1327 5416 Λόγου
1367 5350 1646 5414 θεότητος.

1905 4707 1956 4759 in
1995 4721 2146 4759 sacra
2175 4705 2459 4774 Scriptura
2491 4704 2730 4757 animant
2775 4718 3167 4774 nonnunquam
3203 4705 3484 4759 hominem

1902 4798 2184 4867 appellari,
2248 4798 2389 4850 utin
2447 4796 2537 4850 illo
2587 4797 2746 4851 loco:
2792 4795 2854 4850 In
2886 4796 3226 4865 septuaginta
3256 4796 3488 4865 quinque

1901 4889 2180 4942 animabus
2221 4889 2482 4958 ingressus
2521 4897 2598 4941 est
2648 4887 2814 4941 Iacob
2845 4889 2897 4940 in
2943 4885 3243 4957 Egyptum
3273 4889 3312 4942 ³.
3339 4887 3488 4942 Non-

1903 4995 2184 5048 nunquant
2219 4981 2346 5032 item
2375 4993 2620 5039 carnem,
2653 4987 2710 5031 ιιι
2739 4988 2824 5032 est
2857 4977 2988 5033 illud
3025 4997 3040 5032 :
3085 4978 3288 5032 Videbit
3315 4980 3489 5032 omnis

1901 5087 2024 5125 caro
2071 5070 2308 5124 salutare
2344 5070 2433 5124 Dei
2453 5071 2496 5127 ⁸.
2529 5074 2604 5124 Ac
2631 5072 2860 5141 proinde
2895 5073 3181 5135 Dominus,
3220 5089 3329 5126 non
3355 5087 3486 5126 caro

1902 5163 2159 5224 inanima,
2197 5178 2296 5217 nec
2342 5172 2522 5217 mente
2555 5179 2758 5222 vacua.
2804 5164 2897 5219 sed
2949 5165 3113 5218 homo
3158 5163 3334 5218 factus
3380 5173 3482 5218 est.

1902 5258 1987 5310 Ait
2015 5257 2214 5327 quippe
2242 5258 2354 5326 ipse
2379 5275 2391 5310 :
2420 5257 2560 5321 Quid
2591 5273 2672 5310 me
2706 5257 2888 5320 εαιαίκ,
2926 5257 3190 5310 hominem
3224 5257 3315 5326 qui
3351 5257 3487 5308 veri-

1905 5359 2065 5401 tatem
2121 5351 2321 5402 locutus
2373 5367 2489 5403 sum
2534 5350 2752 5404 vobis“?
2807 5349 3116 5418 Assumpsit
3168 5347 3335 5419 igitur
3366 5364 3486 5402 car-

209 5458 339 5496 nem
376 5445 554 5497 anima
611 5445 860 5499 rationali
912 5456 965 5499 et
1026 5446 1362 5516 intelligente
1416 5448 1735 5509 animatum,
1787 5461 2034 5516 quaeque,
2073 5449 2210 5500 sicut
2243 5448 2423 5500 carnis
2460 5448 2818 5516 principatum
2873 5447 3133 5510 tenebat,
3170 5447 3241 5498 ita
3295 5460 3486 5500 rursus

211 5539 488 5596 divinitati
515 5541 756 5608 parebat,
792 5543 859 5595 ab
882 5557 1053 5610 eaque
1077 5545 1390 5611 regebatur.

299 5782 491 5852 ‘Greg.
527 5784 657 5837 Naz.
687 5783 764 5835 All
794 5781 1008 5837 Cledon.

217 5870 362 5918 xui,
390 5854 479 5916 ‘27,
502 5870 590 5922 ap.
619 5852 792 5920 LXX;
831 5856 951 5908 Act.
985 5870 1078 5920 \‘tt,
1119 5856 1200 5908 Η.

1118 5786 1136 5814 ¹
1169 5784 1328 5852 Greg.
1361 5783 1488 5837 Naz.
1540 5799 1709 5836 carm.
1757 5799 1938 5836 senar.
1981 5780 2102 5834 adv.
2142 5785 2403 5852 Apolliu.,
2441 5786 2608 5850 epist.
2642 5787 2728 5841 ad.
2764 5786 2916 5842 Cled.
2960 5794 3015 5841 et
3049 5785 3194 5841 alibi.

1279 5861 1296 5884 ⁸
1323 5854 1419 5909 lsa.
1451 5871 1532 5918 ιιι,
1562 5854 1634 5919 5;
1680 5852 1807 5906 Luc.
1844 5869 1922 5918 nt,
1951 5854 2002 5906 6.

3295 5787 3318 5818 ⁸
3341 5785 3485 5845 Gen.

2083 5855 2101 5882 ³
2123 5853 2280 5908 ιΙΟἰΙὲὶ.
2326 5869 2442 5921 rm,
2476 5857 2567 5909 4ο.
3434 5866 3436 5868 ’
