3968 6558
288 402 396 463 937

1248 404 1629 468 PANOPLIA
1670 407 2130 474 DOGMATICA.
2160 405 2396 478 -ζΤΙΤ,
2443 412 2592 476 XIV.

3445 416 3550 479 9138

275 510 395 568 πῶς
425 509 723 573 τεθνεῶτος
758 510 924 566 αὑτοῦ
959 512 1209 577 τοσοῦτος
1245 508 1313 583 ἦν
1345 516 1403 567 ὲν
1434 517 1546 578 τοῖς
1583 516 1838 587 οτοιχείοι

1974 518 2074 574 fuit
2119 520 2404 578 elementis
2452 523 2832 593 perturbatio?
2862 521 2951 579 Sol
2990 525 3131 581 enim
3186 527 3365 583 radios
3422 544 3553 586 con-

271 602 302 653 6
329 602 587 671 θόρυϐος,
614 600 675 657 '0
708 602 806 672 μὲν
830 604 938 674 γὰρ
965 605 1116 675 ἦλιος
1140 607 1487 673 τὰς’ἀκτίνας
1518 609 1855 678 συνέστελλε,

271 696 371 749 καὶ
400 697 456 748 ἐν
486 696 673 767 ἡμέρᾳ
707 697 896 760 σκότος
926 699 1212 768 εἰργάζετο
1235 740 1247 763 ,
1282 703 1313 771 ἡ
1347 702 1401 753 δὲ
1435 700 1506 771 γῆ
1539 702 1628 755 τὸν
1657 702 1857 773 ἑαυτῆς

269 789 555 855 Δεσπότην
584 788 767 859 ὁρῶσα
797 790 948 857 παρὰ
973 792 1079 845 τῶν
1115 793 1386 848 Ἰουδαίων
1414 796 1856 865 ὲμπαροινούμε-

268 897 363 933 vo;
403 883 649 950 ἐσχίζετο
674 898 687 913 ·
726 883 907 951 deﬁxa
943 883 998 935 δὲ
1035 886 1129 938 καὶ
1166 877 1359 956 όᾷδης
1396 887 1496 951 τὰς
1535 887 1645 941 τῶν
1681 888 1855 957 ἁγίων

264 971 467 1042 ψυχάς.
508 973 662 1037 Τίνος
694 972 870 1027 ταῦτα
902 974 1220 1043 ποιοῦντοςς
1253 972 1344 1047 ἆρ’
1365 978 1486 1050 οὐχὶ
1520 978 1691 1046 Θεοῦ;
1721 979 1854 1045 Θεὸς

268 1065 379 1133 γὰρ
409 1059 476 1135 ἦν
509 1066 565 1117 ἐν
595 1065 781 1134 σαρκὶ,
809 1059 852 1134 ᾧ
881 1067 976 1119 καὶ
1006 1066 1040 1137 ἠ
1071 1067 1245 1132 κτίσις
1276 1067 1624 1142 ὑϐριζομένῳ
1652 1071 1853 1143 τρόπον

264 1156 395 1210 τινὰ
433 1158 787 1228 συιωρίζςτψ

339 1247 449 1303 Καὶ
470 1249 552 1303 σὺ
571 1290 586 1317 ,
607 1251 870 1321 παιδίον,
894 1254 1094 1324 προφή
1105 1272 1210 1322 της
1241 1254 1524 1325 Ὑψίστου
1546 1257 1851 1329 κληθήσῃ.

262 1341 661 1411 Προπορεύσῃ
696 1343 806 1412 γὰρ
843 1349 956 1414 πρὸ
994 1345 1321 1413 προσώπου
1363 1349 1581 1416 Κυρίου
1615 1346 1851 1420 ἑτοιμά-

222 1432 227 1435 ’
261 1446 372 1485 σαι
416 1433 597 1500 ὀδοὺς
635 1436 842 1503 αὐτοῦ,
883 1436 990 1492 τοῦ
1033 1438 1243 1493 δοῦναι
1288 1438 1516 1509 γνῶσιν
1549 1444 1851 1511 σωτηρίας

260 1523 346 1587 τῷ
380 1524 508 1590 λαῷ
541 1524 729 1581 αὐτοῦ
761 1528 832 1581 ἐν
859 1528 1073 1599 ἀφέσει
1106 1531 1407 1602 ἁμαρτιῶν
1434 1533 1651 1592 αὐτῶν.
1685 1537 1851 1606 Προε-

262 1612 452 1678 δὰδιζε
484 1617 592 1686 γὰρ
622 1614 716 1671 τοῦ
749 1614 990 1689 Χριστοῦ
1010 1663 1025 1685 ,
1061 1623 1154 1675 καὶ
1185 1621 1351 1674 αὐτοῦ
1383 1623 1575 1692 γέγονε
1609 1626 1848 1698 πρόδρο-

264 1724 391 1775 μος,
420 1708 511 1760 καὶ
539 1708 689 1780 αὐτῷ
716 1710 817 1775 τὰς
844 1712 997 1777 ὀδοὺς
1029 1712 1532 1785 προετοιμάζεσθαι
1561 1717 1848 1789 διεκήρυτ-

259 1816 323 1852 τε
342 1841 355 1861 ,
390 1802 480 1853 καὶ
514 1801 605 1853 τὸν
635 1801 720 1855 ἐπ’
747 1803 896 1874 αὑτῷ
927 1807 1268 1877 προεφήτευε
1304 1806 1462 1876 λόγον
1492 1808 1843 1881 ἐπιστρέφων

258 1890 337 1956 ὡς
373 1893 465 1945 ἐπὶ
500 1891 669 1962 Θεὸν,
699 1894 945 1949 δικαιοῦν
980 1897 1236 1968 ἰσχύοντα
1268 1899 1390 1962 τοὺς
1424 1903 1481 1953 ἐν
1512 1901 1839 1972 ἁμαρτίαις.

261 1977 400 2035 Εἶτα
431 1983 551 2047 πῶς
579 1984 638 2037 οὐ
673 1985 805 2048 Θεὸς
837 1988 863 2039 6
888 1986 1160 2058 Χριστός;

349 2075 663 2145 Ἐπιγνοὺς
694 2075 763 2130 δὲ
790 2079 823 2133 ὁ
851 2078 1082 2148 Ἰησοῦς
1112 2079 1249 2147 τοὺς
1281 2081 1712 2155 διαλογισμοὺς
1740 2088 1844 2142 αὐ·

256 2166 401 2228 τῶν.
436 2164 567 2222 εἶπε
600 2170 751 2237 πρὸς
781 2170 1037 2237 αὐτοὺς,
1080 2172 1141 2226 Τί
1172 2171 1581 2243 διαλογίζεσθε
1613 2179 1683 2233 ἐν
1713 2180 1844 2248 ταῖς

256 2263 534 2331 καρδίαις
578 2264 782 2332 ὐμῶν;
833 2267 894 2321 Τί
934 2266 1107 2322 ἐστιν
1146 2270 1583 2340 εὐκοπώτερον,
1626 2275 1841 2343 εἰπεῖν,

268 2355 598 2422 Ἀφέωνταί
614 2372 713 2411 σοι
733 2359 794 2412 αἱ
810 2357 1087 2428 ἁμαρτίαι
1104 2375 1247 2425 σου,
1265 2362 1303 2431 ἢ
1323 2364 1536 2427 εἰπεῖν,
1554 2365 1840 2435 Ἔγειραι,

253 2446 357 2501 καὶ
386 2447 692 2516 περιπάτει
708 2466 727 2513 ;
745 2450 879 2508 Ἵνα
902 2450 971 2505 δὲ
993 2450 1214 2523 εἰδῆτε,
1238 2454 1324 2508 ἔτι
1350 2456 1644 2518 ἐξουσίαν
1661 2458 1785 2529 ἔχει
1809 2463 1842 2514 d

260 2538 405 2606 Υἱὸς
438 2540 545 2595 τοῦ
584 2542 902 2612 ἀνθρώπου
940 2544 1040 2598 ἐπὶ
1076 2545 1189 2615 τῆς
1228 2547 1341 2617 τῆς
1376 2548 1614 2618 ἀφιέναι
1655 2552 1841 2622 ἁμαρ-

254 2633 414 2699 τιάς,
441 2629 573 2689 εἶπε
594 2634 676 2702 τῷ
703 2637 1112 2706 παραλυτικῷ,
1140 2639 1240 2695 Σοὶ
1266 2640 1445 2711 λέγω,
1470 2641 1715 2715 ἐγειραι,
1742 2649 1841 2703 καὶ

251 2726 591 2794 περιπάτει,
629 2728 728 2783 καὶ
772 2728 921 2799 ἄρας
960 2731 1028 2785 τὸ
1072 2733 1373 2788 κλινίδιόν
1413 2750 1531 2791 σου
1577 2741 1840 2808 πορεύου

248 2819 343 2882 είς
377 2819 484 2872 τὸν
509 2815 679 2874 οἶκόν
706 2835 845 2878 σου.
878 2823 943 2876 El
974 2822 1137 2893 μόνος
1164 2825 1312 2896 ἡμᾶς
1344 2828 1372 2880 6
1400 2827 1509 2882 τῶν
1541 2830 1677 2885 ὅλων
1710 2833 1843 2898 Θεὸς

250 2909 591 2965 ἀπαλλάττει
618 2911 1113 2986 πλημμελημάτων
1134 2955 1149 2981 ,
1177 2916 1350 2989 ἑτέρῳ
1379 2919 1689 2990 πρέποντος
1714 2925 1841 2978 τού-

249 3018 354 3053 του
404 3001 615 3073 μηδενὶ,
663 3004 951 3076 χαρίζεται
994 3008 1052 3062 δὲ
1098 3013 1193 3064 καὶ
1235 3010 1397 3065 τοῦτο
1440 3014 1677 3083 Χριστὸς
1724 3016 1842 3088 μετ’

249 3093 509 3159 ἐξουσίας
540 3095 906 3169 Θεοπρεποῦς,
938 3100 1058 3165 πῶς
1088 3101 1187 3156 οὐκ
1217 3101 1286 3158 ἂν
1316 3104 1403 3176 εἴη
1431 3106 1561 3172 Θεός
1587 3125 1602 3173 ;
1633 3109 1844 3182 Κὲκληο

1963 612 2154 677 traxit,
2240 621 2294 670 et
2347 614 2400 670 in
2438 615 2524 672 die
2585 615 2837 673 tenebras
2882 615 3089 671 etl‘udit.
3142 610 3312 673 Terra
3371 629 3548 676 autem

1959 718 2116 760 suum
2179 704 2349 776 ipsius
2368 707 2654 764 Dominum
2716 724 2946 765 cernens
2972 724 3000 764 a
3035 704 3237 766 Iudaeis
3266 721 3545 777 vexatum,

1958 797 2129 854 scissa
2161 809 2265 855 est.
2322 797 2657 857 Etiniernus
2710 811 3020 858 sanctorum
3056 801 3266 857 animas
3339 803 3543 859 emisit.

1958 889 2208 956 Quonam
2240 891 2356 947 haec
2384 892 2724 962 perﬂeiente,
2753 892 2858 947 nisi
2892 882 3002 951 lleo
3031 893 3055 947 ?
3085 890 3227 950 Deus
3255 893 3401 948 enim
3429 904 3547 949 erat

1957 980 2010 1036 in
2034 996 2199 1039 carne
2231 985 2359 1053 :qni
2394 998 2517 1039 cum
2545 983 2851 1040 aﬂlccretur
2887 984 3237 1051 contumelia,
3266 999 3354 1042 res
3380 984 3529 1039 etiau

1956 1084 2252 1145 procrentsc
2292 1073 2799 1131 commovebantur.

2025 1251 2097 1304 Et
2121 1260 2200 1318 tu,
2229 1268 2383 1320 puer,
2404 1254 2654 1323 propheta
2679 1252 2940 1308 Altissimi
2983 1253 3274 1320 vocaberis,
3328 1253 3542 1324 praeibis

1951 1346 2086 1400 enim
2116 1355 2237 1401 ante
2252 1345 2441 1415 [aciem
2469 1344 2679 1401 Domini
2702 1360 2893 1413 parare
2907 1346 3017 1401 vias
3044 1344 3179 1414 ejus,
3214 1346 3281 1399 ad
3309 1340 3542 1399 dnudan-

1951 1433 2223 1489 scientiam
2258 1435 2446 1490 salutis
2473 1434 2668 1507 populo
2704 1436 2817 1505 ejus
2874 1436 2929 1489 in
2952 1436 3312 1491 remissionem
3357 1451 3524 1504 pecca-

1953 1536 2129 1581 torum
2193 1527 2431 1597 ipsorum
2479 1528 2519 1583 '.
2565 1525 2786 1582 Przeivit
2828 1526 2974 1583 enim
3027 1526 3273 1591 Christo,
3301 1536 3354 1581 et
3419 1527 3543 1595 ejus

1950 1633 2249 1688 praecursor
2270 1620 2445 1674 tactus
2461 1617 2641 1676 est.Et
2657 1619 2848 1684 edixit,
2868 1630 2923 1673 ut
2941 1628 3269 1690 pararentur
3283 1616 3379 1673 viae
3405 1617 3543 1690 ejus.

1949 1710 2014 1767 Et
2064 1712 2287 1768 verbum
2369 1710 2438 1766 de
2481 1712 2597 1781 ipso
2686 1713 3013 1768 vaticinatus
3053 1722 3159 1777 est,
3217 1724 3544 1769 convertens

1950 1820 2211 1877 tanquam
2258 1808 2324 1860 ad
2364 1807 2554 1873 Deum,
2620 1804 2712 1876 qui
2756 1803 3163 1875 potestijustos
3212 1802 3423 1859 ellicere
3447 1819 3544 1862 eos

1949 1899 2109 1967 quiin
2130 1897 2369 1968 peccatis
2410 1899 2791 1953 versabantur.
2838 1896 3121 1964 Quomodo
3170 1897 3333 1967 igitur
3384 1896 3541 1952 Chri-

1948 2001 2066 2048 stus
2096 1982 2203 2047 non
2259 1998 2344 2046 est
2370 1988 2553 2045 Dens?

2016 2083 2344 2155 Cognoscens
2400 2092 2575 2138 autem
2605 2082 2761 2138 Jesus
2816 2084 3161 2156 cogitationes
3192 2098 3398 2146 eorum,
3459 2097 3541 2135 re-

1946 2179 2158 2248 spondit
2188 2178 2367 2233 direns
2389 2180 2460 2232 ad
2484 2193 2610 2234 eos:
2641 2179 2782 2244 Quid
2830 2189 2907 2235 est
2927 2179 3138 2249 facilius
3200 2178 3392 2246 dicere,
3441 2176 3538 2232 Di-

1945 2269 2229 2322 mittuntur
2258 2268 2352 2322 tibi
2384 2278 2599 2338 peccuta
2632 2278 2745 2334 tua,
2771 2285 2840 2323 an
2885 2270 3079 2333 dicere,
3106 2267 3297 2339 Surge,
3332 2279 3381 2343 et
3413 2286 3534 2322 am-

1947 2361 2112 2417 bula?
2144 2356 2211 2415 Ut
2234 2370 2409 2415 autem
2441 2361 2649 2425 sciat’s,
2701 2358 2905 2415 Filium
2959 2361 3187 2415 hominis
3222 2358 3412 2415 habere
3440 2377 3539 2429 po-

1945 2460 2181 2507 testatem
2222 2453 2278 2506 in
2320 2462 2463 2506 terra
2510 2454 2812 2507 dimittendi
2881 2460 3122 2521 peccata,
3168 2450 3541 2523 dixitparaly-

1945 2546 2048 2600 tico
2082 2559 2101 2599 :
2135 2542 2252 2599 Tibi
2284 2545 2427 2612 dico,
2457 2560 2631 2616 surge,
2666 2554 2717 2599 et
2743 2546 2979 2612 ambula,
3008 2555 3055 2600 et
3080 2544 3301 2617 grabato
3334 2545 3542 2598 sublato

1946 2639 2075 2696 vade
2097 2640 2152 2692 in
2180 2638 2394 2692 domum
2438 2647 2583 2692 tuam
2615 2641 2659 2692 ³.
2686 2637 2743 2693 Si
2772 2638 2919 2694 solus
2937 2652 3035 2694 nos
3087 2651 3268 2692 rerum
3295 2635 3537 2692 omnium

1945 2737 2088 2792 Deus
2117 2735 2312 2790 liberat
2346 2748 2375 2789 a
2405 2733 2669 2805 peccatis,
2696 2735 2837 2803 quod
2860 2732 2951 2788 alii
2979 2742 3175 2803 praeter
3197 2731 3374 2801 ipsum
3404 2745 3538 2785 con-

1945 2827 2088 2899 gruit
2109 2824 2339 2893 nemini,
2370 2825 2477 2883 hoc
2520 2836 2705 2881 autem
2724 2823 2984 2896 clargitur
3014 2822 3263 2878 Christus
3293 2836 3416 2877 cum
3436 2835 3538 2875 au-

1942 2920 2199 2975 ctoritate
2222 2919 2332 2975 Deo
2346 2925 2701 2990 congruente,
2721 2918 2813 2987 qui
2831 2916 2945 2972 ﬁeri
2970 2924 3168 2988 potest,
3189 2923 3247 2971 ut
3269 2913 3413 2969 Deus
3427 2927 3534 2968 non

1943 3012 2012 3068 sit
2043 3012 2067 3067 2
2127 3011 2365 3068 Vocatus
2387 3020 2473 3068 est
2516 3018 2697 3065 autem
2719 3007 2889 3066 Filius
2923 3008 3182 3073 hominis,
3210 3009 3337 3080 quia
3363 3023 3540 3080 quan-

1944 3113 2057 3158 tum
2076 3104 2143 3158 ad
2163 3118 2379 3158 carnem
2402 3101 2616 3168 attinet,
2631 3111 2813 3159 natum
2833 3111 2914 3158 est
2935 3117 3002 3159 ex
3023 3101 3251 3160 muliere
3274 3101 3535 3168 Verbum,

248 3203 345 3240 ται
386 3186 444 3240 δὲ
485 3188 615 3254 Υἱὸς
646 3190 939 3261 ἀνθρώπου
976 3193 1263 3264 γεννηθεὶς
1296 3197 1361 3251 ὲκ
1396 3200 1655 3266 γυναικὸς
1697 3203 1838 3258 κατὰ

1950 3195 2215 3251 assistens
2245 3193 2408 3248 Dens.

250 3276 461 3349 σάρκα,
495 3280 673 3335 καίτοι
706 3281 838 3345 Θεὸς
865 3282 940 3336 ὢν
966 3284 994 3337 6
1024 3285 1219 3353 Λόγος.

316 3371 510 3436 Αὐτὸς
539 3371 608 3426 δὲ
637 3375 670 3427 ό
704 3373 949 3441 Ἰησοῦς
981 3377 1091 3430 οὐκ
1122 3377 1491 3434 ἐπίστευσεν
1520 3382 1707 3435 αὑτὸν
1732 3387 1839 3440 αύ-

246 3459 383 3528 τοῖς
414 3461 511 3515 διὰ
542 3462 609 3517 τὸ
642 3463 833 3519 αὑτὸν
860 3466 1180 3533 γινώσκειν
1208 3466 1476 3535 πάντας,
1509 3471 1609 3525 καὶ
1642 3471 1733 3527 ὅτι
1766 3477 1838 3530 οὐ

246 3555 467 3623 χρείαν
488 3551 672 3623 εἶχεν,
702 3555 802 3611 Tua
827 3576 917 3627 τις
939 3560 1295 3630 μαρτυρήσῃ
1325 3562 1458 3631 περὶ
1485 3563 1595 3618 τοῦ
1618 3565 1839 3635 ἀνθρώ-

248 3662 394 3703 που.
426 3647 617 3716 Αὐτὸς
643 3649 751 3721 γὰρ
777 3650 1105 3721 ἐγίνωσκε,
1134 3651 1191 3705 τί
1218 3648 1294 3723 ἦν
1317 3654 1388 3707 ἐν
1417 3654 1496 3721 τῷ
1526 3655 1834 3725 ἀνθρώπῳ.

249 3743 392 3811 Περὶ
419 3741 553 3795 Θεοῦ
584 3742 921 3814 γέγραπται,
960 3744 1026 3799 '0
1053 3745 1306 3813 πλάσας
1334 3746 1486 3802 κατὰ
1508 3750 1703 3819 μόνας
1728 3750 1836 3819 τὰς

246 3834 503 3905 καρδίας
542 3836 765 3891 αὐτῶν.
804 3838 915 3892 Καὶ
957 3838 1119 3903 αὐτὸς
1159 3839 1216 3893 δέ
1255 3839 1358 3893 πού
1400 3857 1556 3911 φησι,
1594 3843 1690 3913 Μὴ
1731 3844 1833 3898 ἀπ’

245 3925 399 3994 ἐμοῦ
427 3927 795 3994 κρυϐήσεταί
822 3944 951 3993 etc;
979 3927 1043 3983 El
1070 3930 1127 3983 δὲ
1155 3929 1364 3995 πάντας
1394 3932 1707 4000 inierant,
1740 3937 1833 3990 καὶ

244 4012 359 4071 οἵδε
392 4018 462 4072 τὰ
496 4020 556 4073 ὲν
584 4018 663 4091 τῷ
696 4019 1005 4090 ἀνθρώπῳ,
1042 4022 1161 4087 πῶς
1194 4022 1295 4077 οὐκ
1331 4022 1399 4078 ἂν
1429 4024 1514 4096 εἴη
1553 4024 1724 4089 Θεὸς,
1756 4029 1832 4091 ὡς

246 4109 485 4177 καρδίας
517 4110 722 4176 ἒτάζων
753 4113 847 4166 καὶ
876 4112 1149 4184 νεφρούςς

333 4201 542 4271 Ἀμὴν,
575 4202 757 4273 ἀμὴν,
790 4203 946 4274 λέγω
980 4204 1143 4275 ὑμῖν,
1178 4206 1213 4260 ὀ
1245 4207 1557 4261 πιστεύων
1584 4210 1670 4275 είς
1703 4208 1828 4277 ἐμὲ,

246 4297 321 4351 τὰ
355 4298 500 4369 ἔργα
533 4298 572 4353 d
604 4300 716 4371 ἐγὼ
750 4301 918 4365 ποιῶ,
956 4301 1235 4369 κάκεῖνος
1268 4302 1533 4371 ποιήσει,
1569 4305 1663 4356 καί
1698 4306 1827 4373 μεί-

244 4390 389 4451 ζονα
419 4391 647 4444 τούτων
680 4392 953 4461 ποιήσει,
994 4393 1083 4448 ὅτι
1120 4393 1234 4461 ἐγὼ
1272 4392 1423 4461 πρὸς
1456 4393 1563 4447 τὸν
1601 4393 1829 4462 Πατέρα

184 4510 189 4521 ι
238 4501 365 4552 μου
399 4485 756 4553 πορεύομαι,
793 4485 890 4540 και
915 4486 947 4539 ὅ
970 4502 1023 4538 τι
1057 4484 1135 4539 ἂν
1167 4484 1459 4554 αἰτήσητε
1490 4486 1561 4539 ἐν
1594 4484 1673 4552 τῷ
1690 4486 1827 4541 ὀνό-

2012 3373 2131 3441 Ipse
2154 3384 2329 3427 autem
2349 3372 2506 3428 Iesus
2536 3389 2642 3429 non
2692 3373 2936 3428 credebat
2962 3390 3016 3428 se
3054 3375 3224 3445 ipsum
3248 3375 3324 3429 eis
3344 3415 3358 3441 ,
3408 3376 3536 3448 quia

1939 3466 2279 3538 cognoscebat
2313 3482 2515 3530 omnes,
2542 3479 2636 3523 nec
2691 3481 2822 3535 opus
2855 3465 3105 3533 habebat,
3145 3478 3203 3522 ut
3258 3469 3537 3538 quisquam

1940 3561 2295 3616 testimonium
2330 3561 2414 3615 illi
2451 3559 2516 3615 de
2561 3560 2773 3617 homine
2846 3561 3168 3632 perhiberet.
3222 3559 3345 3631 Ipse
3396 3562 3536 3617 enim

1934 3652 2151 3718 sciebat,
2180 3651 2308 3721 quid
2340 3664 2470 3706 esset
2499 3653 2553 3705 in
2585 3653 2796 3707 homine
2819 3649 2863 3706 ⁸.
2940 3652 3016 3707 De
3076 3651 3188 3707 Deo
3268 3652 3532 3721 scriptum

1934 3754 2017 3799 est
2051 3760 2065 3797 :
2109 3744 2213 3821 Qui
2244 3745 2404 3814 ﬁnxit
2437 3741 2721 3821 sigillatim
2749 3742 2912 3797 corda
2948 3744 3184 3810 ipsorum
3254 3742 3301 3796 ⁸.
3339 3741 3407 3796 Ει
3455 3744 3534 3812 ip-

1934 3845 1994 3888 se
2022 3833 2253 3902 quodam
2288 3830 2407 3885 loco
2442 3848 2457 3886 :
2493 3829 2660 3898 Num,
2696 3831 2893 3901 inquit,
2918 3846 2950 3885 a
2975 3846 3054 3886 me
3090 3831 3375 3903 quisquam
3409 3831 3535 3886 abs-

1937 3923 2191 3977 conditur
2222 3924 2242 3957 ⁵
2282 3921 2307 3975 ?
2355 3920 2507 3989 Quod
2558 3922 2601 3975 si
2630 3937 2821 3978 omnes
2854 3920 3016 3977 habet
3045 3921 3313 3992 cnguitos,
3356 3932 3535 3997 etno-

1938 4016 2014 4069 vit
2047 4030 2170 4088 qua:
2200 4023 2326 4071 sunt
2353 4012 2407 4069 iu
2432 4014 2673 4080 nomine,
2710 4028 2889 4069 nonne
2914 4013 3051 4070 Deus
3080 4020 3185 4082 est,
3222 4013 3312 4083 qui
3365 4013 3531 4071 corda

1933 4118 2213 4167 scrutatur
2260 4117 2315 4161 et
2354 4105 2556 4162 renes?

2001 4200 2193 4262 Amen,
2225 4214 2381 4252 amen
2408 4199 2529 4254 dico
2567 4196 2737 4262 vobis,
2788 4204 2883 4270 qui
2934 4200 3104 4254 credit
3130 4202 3183 4255 in
3218 4220 3318 4268 me,
3351 4219 3532 4271 Opera,

1929 4308 2043 4361 qua-
2066 4306 2158 4359 ego
2191 4289 2348 4357 facio,
2421 4303 2467 4345 et
2525 4290 2634 4359 ipse
2651 4289 2828 4360 faciet,
2882 4303 2929 4345 et
2979 4293 3185 4360 majora
3233 4294 3313 4349 his
3352 4296 3535 4366 faciet,

1932 4381 2192 4446 Quoniam
2221 4398 2311 4453 ego
2349 4381 2420 4435 ad
2455 4382 2668 4436 Patrem
2708 4384 2861 4449 vado,
2892 4396 2940 4439 et
2970 4385 3316 4457 quodcunque
3369 4398 3534 4459 petie-

1932 4475 2047 4528 ritis
2088 4474 2140 4527 in
2172 4477 2378 4529 nomine
2427 4491 2563 4540 meo,
2596 4475 2794 4545 faciam
2838 4477 2981 4532 vobis
3041 4478 3083 4533 '.
3145 4478 3429 4536 Proﬁcisci
3476 4500 3536 4536 se

237 4577 391 4645 ματί
428 4594 569 4644 μου,
613 4576 789 4631 τοῦτο
834 4579 1088 4644 ποιήσω.
1131 4578 1469 4649 Πορεύεσθαί
1511 4596 1644 4648 φησι
1686 4577 1825 4646 πρὸς

1950 4568 2056 4623 licit
2095 4569 2158 4622 ad
2193 4568 2406 4623 Patrem
2436 4567 2620 4623 Filius.
2657 4568 2843 4640 Atqui,
2873 4582 2931 4625 ut
2963 4572 3120 4638 Deus,
3159 4575 3347 4643 implet
3417 4593 3535 4631 om-

243 4669 339 4720 τον
376 4669 616 4738 Πατέρα,
647 4670 824 4722 καίτοι
852 4670 1011 4737 φύσει
1040 4671 1171 4734 Θεὸς
1202 4668 1466 4739 ὑπάρχων
1494 4672 1523 4724 6
1555 4670 1706 4734 Υἱὸς,
1732 4671 1827 4723 καὶ

242 4756 410 4819 αὐτὸς
439 4760 467 4811 6
491 4759 560 4813 τὰ
590 4760 771 4813 πάντα
802 4759 1047 4831 πληρῶν.
1086 4758 1385 4830 Πορεύεται
1410 4760 1591 4814 τοίνυν
1618 4760 1827 4831 ἀνθρω·

242 4850 443 4913 πίνως.
471 4850 773 4921 Ἀνελὴφθη
794 4851 903 4921 γὰρ
930 4852 1006 4915 εἰς
1028 4852 1120 4905 τὸν
1143 4851 1391 4920 οὐρανόν.
1424 4852 1566 4906 Ἀλλ’
1589 4853 1664 4917 ὡς
1690 4853 1826 4917 Θεὸς

241 4942 649 5011 ἐπαγγέλλεται
688 4944 931 5015 πληροῦν
964 4945 1031 4999 τὰ
1064 4947 1343 5016 αἰτήματα
1375 4946 1485 4999 τῶν
1517 4962 1824 5017 προσερχο-

245 5036 428 5099 μένων
450 5074 465 5097 ,
500 5039 547 5089 εί
582 5038 647 5089 ἐν’
669 5035 749 5105 τῷ
782 5037 1008 5108 ὀνόματι
1042 5037 1210 5090 αὐτοῦ
1246 5039 1485 5090 ποιοῖντο
1516 5038 1614 5100 τὰς
1647 5037 1823 5098 λιτάς.

245 5120 381 5175 Εἶτα
414 5128 520 5179 τίνι
559 5127 626 5181 ἂν
663 5129 863 5198 πρέποι
900 5128 960 5180 τὸ
1002 5127 1245 5199 πληροῦν
1280 5129 1447 5199 εὐχὰς
1488 5129 1698 5196 ἁγίων,
1737 5126 1836 5180 καὶ

240 5214 571 5285 χαρῖζεσθαι
611 5219 679 5270 τὰ
720 5220 1035 5289 αἰτήματα,
1079 5219 1221 5291 πλὴν
1260 5221 1342 5274 ὅτι
1384 5220 1531 5291 μόνῳ
1568 5219 1647 5291 τῷ
1691 5217 1834 5273 κατά

240 5309 409 5377 φῦσιν
440 5310 533 5363 καὶ
560 5309 756 5378 ἀληθεῖ
785 5311 899 5364 όντι
934 5311 1090 5383 Θεῷς

308 5402 475 5469 Αὕτη
508 5401 575 5457 δέ
611 5406 785 5457 ἐστιν
819 5402 856 5471 ἠ
894 5402 1132 5471 αἰώνιος
1168 5403 1280 5470 ζωὴ
1302 5444 1316 5467 ,
1352 5404 1451 5458 ἵνα
1487 5403 1833 5474 γινώσκωσι

236 5508 314 5544 σε
345 5494 450 5544 τὸν
477 5495 669 5562 μόνον
696 5494 989 5561 ἀληθινὸν
1019 5494 1189 5559 Θεὸν,
1226 5496 1322 5549 καὶ
1358 5494 1432 5548 ὃν
1457 5496 1827 5562 ἀπέστειλας

253 5583 502 5649 Ἰησοῦν
532 5588 809 5653 Χριστόν.
841 5587 901 5639 Ei
931 5590 997 5657 τῇ
1032 5586 1328 5654 ἐπιγνώσει
1360 5587 1451 5641 τοῦ
1488 5588 1651 5657 μόνον
1685 5588 1821 5641 Θεοῦ

240 5670 598 5743 συλιζεῦλθαί
630 5690 687 5725 τε
740 5676 833 5729 καὶ
890 5674 1289 5728 συνεισὸαίνειν
1324 5677 1539 5748 ἀνάγκη
1572 5678 1667 5748 τὴν
1700 5679 1821 5730 ἐπί-

316 5804 497 5876 '_Luc.
531 5824 568 5870 l.
602 5811 689 5875 76,
725 5817 811 5869 77.
942 5818 961 5846 ¹
993 5816 1177 5870 Matth.
1211 5833 1284 5876 ις,
1319 5817 1350 5869 4
1376 5817 1427 5869 6.

240 5872 262 5905 ³
319 5874 473 5931 δοιιη.
529 5895 640 5937 xw.
679 5872 780 5943 te.
824 5887 905 5935 is.
984 5886 1188 5941 τιυςιιι.
1229 5872 1443 5950 mus.

526 5974 790 6038 [Ἄνευ-ι..
824 5979 938 6037 Gtt.
970 5978 1209 6038 CXXX.

1568 5818 1586 5849 ³
1615 5816 1769 5873 ιῖίῖδτι.
1803 5834 1862 5882 II,
1917 5817 2008 5879 9.4,
2036 5816 2125 5868 9.3.

1926 4662 2039 4718 nia.
2072 4661 2257 4730 Itaque
2292 4662 2655 4733 proﬁciscitur
2686 4673 2942 4734 tauquam
3000 4666 3181 4721 homo.
3211 4667 3536 4737 Assumptus

1925 4756 2068 4810 enim
2101 4763 2183 4810 rst
2214 4755 2266 4808 in
2299 4754 2517 4811 caelum.
2554 4751 2755 4810 Verum
2802 4766 2860 4810 ιιι
2930 4758 3069 4813 Deus
3102 4758 3385 4832 pollicetur
3438 4762 3537 4815 ini-

1924 4848 2194 4918 pleturum
2225 4865 2284 4904 se
2315 4851 2647 4918 precantium
2678 4850 2966 4920 postulata,
2997 4853 3041 4907 si
3098 4852 3150 4907 in
3193 4852 3410 4909 nomine
3435 4870 3538 4908 suo

1926 4953 2123 5009 preces
2150 4939 2456 4995 ell‘uitcrint.
2498 4939 2598 4994 Cui
2626 4952 2808 4997 autem
2833 4941 3091 5000 convenit
3141 4927 3262 5001 vota
3319 4957 3535 4999 sant-to-

1934 5044 2056 5083 rum
2088 5031 2338 5106 explere,
2370 5042 2424 5085 et
2468 5047 2591 5101 qua:
2660 5033 3027 5102 postulantur,
3058 5032 3306 5104 elargiri,
3335 5037 3440 5090 nisi
3485 5036 3533 5089 et

1931 5121 2023 5190 qui
2056 5122 2206 5176 solus
2230 5134 2281 5176 et
2301 5133 2492 5176 natura
2529 5133 2584 5178 et
2626 5125 2857 5181 veritate
2878 5136 2965 5181 est
2991 5126 3178 5181 Deus?

2019 5401 2147 5455 Haec
2173 5414 2347 5456 autem
2376 5414 2453 5457 est
2486 5406 2588 5459 uita
2617 5419 2837 5466 wterna.
2869 5418 2924 5461 ut
2951 5417 3268 5477 cognoscant
3292 5420 3339 5463 te
3363 5408 3533 5463 solum

1937 5510 2111 5548 rerum
2142 5492 2327 5560 Deum,
2357 5504 2405 5548 et
2432 5512 2583 5564 quem
2633 5499 2827 5551 misisti
2854 5536 2868 5560 ,
2926 5499 3107 5552 Jesum
3163 5498 3434 5555 Christum
3488 5505 3536 5559 '.

1935 5590 1989 5642 Si
2032 5588 2196 5657 igitur
2238 5588 2409 5641 solius
2462 5588 2550 5641 Dei
2610 5591 2972 5659 cognitionem
3027 5595 3153 5646 Jcsu
3186 5593 3384 5647 Christi
3439 5610 3530 5647 ro-

1937 5680 2102 5747 gnitiu
2142 5680 2385 5745 sequitur
2420 5681 2751 5743 neccsmrin,
2788 5681 2944 5749 eique
2971 5684 3262 5751 conjuncta
3316 5696 3421 5750 cst,
3481 5696 3537 5741 et

2244 5814 2262 5843 ⁸
2307 5816 2651 5883 Pszil.xxm,
2706 5822 2792 5873 l5.
2915 5822 2936 5853 '
2971 5820 3134 5875 Ecrii.
3195 5836 3384 5885 xxxn,
3439 5824 3533 5881 24.

3061 5989 3135 6049 30
