3968 6568
524 434 632 497 939

1758 434 2139 497 EUTHYMI]
2174 435 2539 495 ZiGAilENl

3656 432 3745 494 9l0

522 549 622 602 hoc
654 549 814 600 vitam
852 555 1104 602 aeternam
1138 548 1433 615 praistabit,
1468 547 1547 601 cui
1580 548 1919 617 perspicuum
1979 560 2081 603 non
2112 597 2115 605 ,

2218 564 2389 601 ’νωτιν
2420 547 2596 617 Ἰησοῦ
2627 545 2882 619 Χριστοῦ,
2912 546 3004 600 καὶ
3030 544 3175 615 ζωὴν
3199 542 3351 597 τοῦτο
3376 543 3475 613 τὴν
3499 544 3574 606 εἰς
3598 544 3749 598 αἰῶνα

520 640 591 692 sit
627 637 897 692 Christum
939 652 1057 695 esse
1079 652 1261 691 verum
1302 638 1505 693 Deum?
1538 635 1774 691 Verbum
1802 638 1946 691 enim
2000 649 2096 689 ca-

523 744 582 782 ro
624 728 819 783 factum
854 739 955 796 est,
986 740 1035 783 et
1060 726 1291 783 Verbum
1325 731 1639 799 permansit.

601 905 670 959 Et
702 906 796 960 hoc
823 908 1032 963 loeutus
1072 909 1381 980 iusuﬁlavit,’
1404 918 1453 965 et
1512 912 1635 965 dicit
1697 913 1810 965 eis:
1870 910 2101 980 Accipite

524 994 781 1066 Spiritum
813 1008 1076 1054 sanctum.
1108 998 1343 1066 Quorum
1388 1003 1690 1058 remiaeritis
1741 1012 1979 1071 peccata,
2020 1020 2103 1059 νε-

526 1091 803 1143 mittuntur
824 1092 918 1157 eis,
936 1103 982 1147 et
1022 1109 1242 1163 quarunt
1275 1094 1621 1159 retiuueritis,
1656 1103 1858 1149 retenta
1914 1104 2035 1151 sunt
2060 1096 2099 1151 ‘.

526 1177 716 1234 Totum
750 1181 852 1237 hoc
884 1182 1087 1239 factum
1125 1184 1231 1240 Deo
1261 1186 1537 1255 congruit,
1595 1197 1756 1255 atque
1805 1186 1953 1242 omni
2022 1194 2105 1241 est

525 1275 738 1330 ratione
770 1276 1011 1346 dignum.
1047 1279 1287 1335 Primum
1333 1280 1475 1336 enim
1509 1280 1784 1338 insuﬂlare
1834 1291 1887 1336 et
1935 1279 2106 1353 Spiri-

530 1385 641 1430 tum
673 1373 929 1448 apostolis
964 1373 1221 1437 tribuere,
1253 1374 1543 1429 humanum
1572 1388 1675 1429 non
1710 1382 1812 1431 est.
1840 1375 2105 1430 Prteterca

530 1480 723 1536 magna
782 1480 867 1522 res
898 1474 998 1529 est,
1034 1474 1088 1520 et
1145 1479 1326 1520 rerum
1382 1478 1786 1535 procreatarum
1856 1465 2107 1520 facultate

530 1557 868 1625 praestantior
914 1571 1033 1612 eam
1073 1556 1452 1613 auctoritatem
1513 1556 1719 1628 largiri,
1760 1566 1819 1613 ut
1872 1573 2101 1627 quorum

532 1634 821 1713 voluerint,
851 1657 1077 1715 peccata
1107 1648 1397 1714 retineant,
1462 1656 1516 1704 et
1548 1663 1779 1719 quorum
1817 1648 2104 1713 voluerint,

533 1741 839 1796 remittant.
893 1739 974 1796 Ob
996 1740 1049 1796 id
1076 1748 1256 1796 autem
1303 1754 1401 1812 per
1452 1741 1634 1796 carnis
1688 1740 2105 1797 insumationem

532 1826 789 1899 Spiritum
833 1830 945 1893 dat,
969 1828 1095 1899 quia
1130 1844 1260 1885 caro
1290 1845 1318 1885 ιι
1348 1828 1525 1886 Verbo
1552 1844 1657 1885 non
1687 1838 1766 1884 est
1788 1830 1983 1894 aliena,
2013 1830 2105 1886 sed

530 1920 747 1992 propria
772 1919 961 1990 ipsius.
988 1918 1054 1973 Et
1088 1918 1382 1974 humanum
1417 1919 1634 1990 quidem
1671 1918 1791 1984 fuit,
1856 1934 1950 1989 per
1992 1933 2112 1974 car-

534 2026 652 2065 nem
695 2009 986 2079 insulllare,
1018 2010 1261 2066 divinum
1294 2020 1472 2067 autem
1530 2018 1584 2066 et
1629 2012 1954 2067 auctoritate
1999 2010 2113 2082 ple-

537 2118 661 2156 num
693 2118 845 2172 opus,
878 2117 972 2158 eos
1004 2101 1239 2171 Spiritus
1288 2104 1576 2174 participes
1618 2103 1916 2167 declarare.
1977 2118 2115 2174 quos

538 2194 651 2263 ipse
673 2192 865 2265 dignos
880 2193 1197 2264 iudicasset.

606 2306 741 2361 Cum
815 2306 1171 2361 exultaveritt’s
1212 2304 1407 2361 Filium
1438 2306 1708 2370 'homiuis,
1744 2318 1867 2362 tunc
1925 2323 2116 2377 cogno-

531 2399 856 2469 scetis,quia
909 2414 1000 2466 ego
1036 2414 1154 2452 sum
1178 2399 1224 2453 '.
1280 2397 1638 2465 Arrogantize,
1674 2413 1837 2466 quam
1900 2398 2116 2451 Chris‘O

535 2487 883 2542 ascribebaut
939 2486 1132 2554 Judaei,
1162 2502 1390 2558 magnus
1425 2486 1661 2541 Joannes
1693 2503 1886 2542 causas
1943 2489 2115 2555 expli-

533 2594 663 2635 cans
701 2599 714 2633 :
746 2580 971 2645 Idcirco,
1008 2581 1650 2649 inquit,persequebantur
1682 2576 1864 2633 Jesum
1915 2578 2116 2647 Judmi,

532 2671 655 2738 quia
693 2688 794 2724 nou
829 2670 1006 2724 solum
1084 2670 1311 2725 solvebat
1351 2670 1669 2735 Sabbatum,
1699 2674 1789 2724 sed
1819 2673 1977 2724 etiam
2012 2670 2117 2725 Pa-

498 2746 503 2749 »
536 2772 662 2815 trem
699 2780 847 2816 suum
875 2762 1079 2817 dicebat
1106 2762 1292 2827 Deum,
1317 2763 1572 2834 aequalem
1639 2767 1865 2833 seipsum
1919 2765 2115 2833 faciem

537 2850 644 2904 Deo
672 2852 710 2906 ³.
767 2852 1007 2917 Quodam
1035 2852 1197 2907 etiam
1225 2853 1342 2907 loco
1384 2854 1689 2908 introduxit
1718 2869 1811 2909 eos
1838 2856 1998 2923 impie
2030 2854 2115 2908 di-

534 2951 751 2997 centes:
782 2942 855 2996 De
880 2946 1010 2998 bono
1041 2961 1190 3014 opere
1217 2962 1318 2999 non
1352 2945 1655 3014 lapidautus
1680 2954 1747 3011 te,
1773 2946 1862 3001 sed
1891 2947 1952 2998 de
1977 2944 2118 2999 ϐίον

532 3036 764 3102 pliemia,
785 3038 905 3107 quia
935 3048 988 3090 tu
1012 3038 1163 3091 homo
1186 3054 1303 3091 cum
1335 3039 1575 3108 sis,{acis
1598 3050 1645 3093 te
1677 3040 1847 3108 ipsum
1887 3039 2050 3093 Deum
2074 3040 2112 3091 ⁸.

498 3124 653 3180 ‘Non
713 3131 1078 3197 recipiendam
1132 3131 1297 3200 igitur
1366 3131 1431 3186 de
1496 3132 1611 3201 ipso
1667 3132 1824 3186 (idem
1893 3129 2113 3196 ficium,

2208 638 2493 709 προξενεῖ,
2530 638 2646 701 πῶς
2680 639 2777 709 οὺχ
2814 640 3021 693 ἅπασιν
3056 636 3281 707 ἐναργές
3315 638 3499 699 ἐστιν,
3531 636 3610 687 ὅτι
3638 635 3749 697 Θεός

2208 733 2354 785 ἐστιν
2385 731 2592 802 ἀληθὴς
2623 733 2649 785 ὁ
2681 731 2954 801 Χριστόςς
2984 730 3177 797 Γέγονε
3207 728 3312 799 γάρ
3343 729 3481 799 σὰρξ
3509 727 3537 779 6
3566 727 3747 794 Λόγθς.

2210 823 2302 877 καὶ
2334 824 2612 895 μεμένηκε
2642 824 2834 891 Λόγος.

2280 915 2389 971 Kal
2422 914 2598 971 τοῦτο
2627 915 2811 969 εἰπὼν
2836 914 3204 984 ἐνεφύσησε,
3238 913 3332 967 καί
3362 913 3525 978 λέγει
3553 913 3751 980 αὐτοῖς·

2212 1010 2433 1065 Λάϐετε
2459 1009 2697 1079 Πνεῦμα
2723 1009 2914 1078 ἅγιον.
2933 1011 3036 1062 Ἀν
3059 1025 3236 1060 τινων
3257 1005 3450 1076 ἀφῆτε
3473 1007 3576 1072 τὰς
3598 1006 3755 1075 ἆμαρ·

2212 1103 2362 1169 τιας.
2392 1100 2668 1171 ἀφίενται
2694 1099 2898 1168 αὐτοῖς
2916 1120 2929 1134 ·
2956 1100 3033 1154 ἄν
3060 1117 3238 1155 τινων
3263 1097 3542 1179 κρατῆτε,
3570 1097 3753 1166 κεκρά-

2212 1214 2439 1265 τηνται.
2467 1196 2626 1249 Ὀλον
2660 1195 2777 1248 ἐστι
2811 1194 3112 1265 θεοπρεπὲς
3148 1193 3205 1246 τὸ
3238 1192 3609 1260 γεγενημένον
3631 1229 3647 1251 ,
3677 1190 3753 1243 καὶ

2212 1291 2306 1343 τοῦ
2335 1289 2536 1352 παντὸς
2566 1287 2713 1354 ἄξιον
2734 1288 2915 1356 λόγου.
2944 1286 3164 1357 Πρῶτον
3192 1284 3291 1355 μὲν
3315 1287 3425 1354 γὰρ
3454 1283 3553 1336 οὒκ
3578 1279 3758 1347 ἀνθρὼο

2216 1398 2369 1434 πινον
2400 1381 2461 1434 «cs
2493 1380 2808 1450 ἐμφυσῆσαι
2842 1382 2952 1442 τοῖς
2988 1378 3344 1441 ἀποστόλοις,
3380 1376 3480 1428 καὶ
3512 1372 3682 1428 δοῦναι
3710 1374 3759 1427 τὸ

2216 1473 2475 1544 Πνεῦμα·
2519 1468 2640 1526 εἶτα
2683 1472 2782 1527 καὶ
2828 1471 2999 1543 μέγα,
3047 1471 3141 1525 καὶ
3185 1470 3325 1540 ὑπὲρ
3365 1468 3470 1540 τὴν
3515 1466 3681 1521 κτίσιν
3713 1465 3760 1519 τὸ

2213 1566 2471 1637 τοιαύτην
2488 1563 2737 1633 ἐξουσίαν
2755 1566 3079 1635 παρασχεῖν,
3094 1562 3235 1616 ὥστε
3255 1561 3482 1629 κρατεῖν
3498 1553 3569 1613 ὧν
3587 1556 3761 1611 έλοιντιι

2214 1660 2313 1722 τὰς
2336 1656 2631 1729 ἁμαρτίας,
2658 1656 2875 1726 ἀφιέναι
2899 1656 2955 1711 δὲ
2977 1651 3057 1719 οἷς
3084 1656 3147 1709 ἂν
3172 1652 3451 1724 βούλοιντο
3472 1652 3666 1720 τυχεῖν.
3685 1648 3762 1700 Διά

2215 1750 2374 1804 τοῦτο
2403 1750 2499 1804 καὶ
2525 1749 2614 1803 διά
2641 1748 2907 1819 σαρκικοῦ
2939 1748 3338 1818 ὲμφυσήματος
3368 1745 3431 1800 τὸ
3462 1742 3679 1814 Πνεῦμα
3700 1742 3762 1794 δί-

2215 1843 2399 1909 δωσιν,
2436 1844 2516 1897 ὅτι
2556 1842 2632 1913 μὴ
2669 1842 2927 1912 ἀλλοτρία
2954 1840 3049 1894 τοῦ
3085 1840 3260 1907 Λόγου
3299 1837 3529 1907 γέγονεν
3559 1837 3591 1905 ἡ
3626 1834 3760 1887 αὐτοῦ

2216 1934 2373 2008 σάρξ,
2404 1933 2519 1987 ἀλλ’
2548 1934 2729 1997 ίδικῶς
2757 1930 2945 1987 αὐτοῦ.
2976 1933 3084 1985 Καὶ
3116 1928 3465 2001 ἀνθρώπινον
3497 1929 3593 1999 μὲν
3619 1925 3672 1978 τὸ
3694 1924 3761 1977 διὰ

2216 2027 2417 2099 σαρκὸς
2452 2025 2789 2099 ἐμφύσημα,
2820 2024 3001 2079 θεῖιιδν
3033 2023 3092 2077 δὲ
3149 2023 3245 2078 καὶ
3278 2012 3567 2091 δυνάμεως
3598 2019 3760 2087 ἔργον,

2216 2120 2275 2175 τὸ
2308 2118 2571 2189 μετόχους
2604 2118 2882 2187 ἀποφῆναι
2913 2115 3009 2171 τοῦ
3043 2112 3366 2185 Πνεύματος
3400 2111 3528 2176 τοὺς
3557 2110 3764 2182 ἠξιωμέ-

2218 2230 2363 2274 νους.

2297 2306 2481 2361 Ὅταν
2522 2305 2810 2374 ὑψώσητε
2855 2304 2962 2358 τὸν
2994 2304 3131 2357 Υιὸν
3151 2302 3261 2358 τοῦ
3280 2299 3620 2370 ἀνθρώπου,
3655 2299 3763 2353 τότε

2218 2399 2523 2467 γνώσεσθε
2546 2440 2559 2461 ,
2595 2399 2681 2452 ὅτι
2716 2396 2828 2466 ἐγώ
2861 2398 2999 2466 ειμι.
3034 2393 3473 2465 ΤῆςῚουδαῖκῆς
3505 2390 3762 2453 ἀπονοίας,

2217 2489 2283 2557 ἣν
2311 2488 2403 2540 ἐπὶ
2436 2486 2657 2558 Χριστῷ
2690 2486 3038 2557 πεποίηνται,
3068 2485 3167 2547 τὰς
3198 2483 3384 2545 αίτίας
3416 2483 3549 2554 ἡμῖν
3576 2478 3763 2551 emas.

2222 2597 2381 2650 μενος
2427 2582 2453 2634 ὁ
2504 2580 2793 2641 θεσπέσιος
2839 2578 3131 2650 Ἰωάννης,
3179 2577 3281 2631 Διά
3330 2574 3552 2638 τοῦτο,
3598 2572 3763 2644 φησιν.

2217 2672 2467 2725 ἐδίωκον
2508 2673 2562 2725 οὶ
2601 2670 2867 2726 Ἰουδαῖοι
2910 2669 3016 2724 τὸν
3052 2669 3318 2738 Ἰησοῦν,
3364 2666 3461 2722 ὅτι
3505 2666 3575 2721 οὐ
3609 2664 3765 2735 μόνον

2218 2764 2359 2817 ἔλυε
2391 2762 2456 2817 τὸ
2493 2762 2814 2827 Σάϐϐατον,
2849 2761 3011 2815 ἀλλὰ
3045 2761 3143 2817 καί
3180 2760 3414 2829 Πατέρα
3448 2758 3602 2813 lator
3629 2756 3766 2824 ἔλεγε

2218 2855 2325 2909 τὸν
2366 2855 2532 2920 Θεὸν,
2579 2855 2720 2910 ἴσον
2756 2852 2976 2908 ἑαυτὸν
3016 2851 3205 2908 ποιῶν
3239 2852 3320 2919 τῷ
3362 2851 3511 2928 Θεῷτ
3551 2848 3766 2904 Είσκεχέο

2222 2964 2349 3017 μικε
2378 2947 2435 3001 δέ
2470 2964 2571 3000 που
2603 2947 2697 3001 καὶ
2725 2946 2922 3008 αὐτοὺς
2950 2945 3209 3014 λέγοντας
3242 2946 3500 3009 ἀνοσίως,
3533 2941 3661 3012 Περί
3685 2957 3764 2995 κα-

2218 3042 2333 3096 λοῦ
2368 3040 2545 3110 ἔργου
2582 3042 2653 3095 οὺ
2684 3039 2999 3109 λιθάζομέν
3028 3056 3124 3103 σε,
3156 3040 3317 3094 ἀλλὰ
3347 3039 3489 3107 περὶ
3516 3039 3763 3105 ﬁdae?!)-

2212 3136 2377 3206 μίας,
2407 3133 2493 3187 ὅτι
2524 3133 2605 3187 σὺ
2634 3132 2945 3201 ἄνθρωπος
2974 3130 3077 3197 ὢν,
3107 3132 3298 3197 ποιεῖς
3329 3130 3596 3185 σεαυτὸν
3625 3127 3761 3180 Θεόν.

542 3218 740 3271 nudum
774 3232 896 3272 esse
929 3220 1198 3274 hominem
1229 3220 1405 3290 ipsum
1432 3223 1831 3286 existimantes,
1865 3222 2115 3294 ignorau-

2219 3226 2429 3281 Οὐκοῦν
2469 3225 2849 3297 ἀπαράδεκτον
2888 3226 2988 3294 τὴν
3029 3224 3117 3278 ἐπ’
3146 3223 3295 3294 αὐτῷ
3338 3223 3658 3292 πεπιίηνται
3696 3218 3764 3270 πί-

544 3320 627 3364 tes
657 3322 860 3375 autem,
896 3308 1165 3380 Verbum,
1204 3327 1324 3366 cum
1358 3312 1493 3367 Deus
1513 3312 1602 3378 sit,
1640 3313 1711 3371 ista
1746 3329 1926 3369 semen
1952 3316 2122 3369 Abra-

543 3403 664 3458 bam
692 3404 1015 3473 suscepisse,
1042 3413 1095 3460 et
1118 3406 1297 3460 carnis
1323 3419 1400 3477 ac.
1419 3404 1716 3478 sanguinis,
1772 3409 2123 3476 quemadmo-

540 3492 664 3546 dum
698 3508 813 3560 nos,
839 3495 975 3563 parti
1000 3510 1101 3564 σερε
1127 3495 1310 3558 fuisse,
1344 3506 1398 3549 ut
1432 3495 1568 3551 Deus
1593 3512 1713 3551 esse
1742 3512 1846 3551 non
1911 3497 2122 3552 desine-

541 3594 644 3649 ret,
688 3600 809 3641 ciim
847 3586 1200 3653 immutabilis
1232 3588 1303 3642 sit
1340 3597 1529 3642 natura
1582 3591 1740 3655 Deus,
1775 3602 1823 3645 et
1859 3601 2120 3661 perpetuo

542 3680 703 3734 idem.
740 3680 921 3750 Itaque
947 3697 1060 3733 cum
1086 3681 1472 3749 exaltareritis,
1502 3682 1693 3753 inquit,
1720 3682 1916 3737 Filium
1951 3684 2121 3735 homi-

542 3772 644 3837 nis,
694 3782 816 3824 tunc
877 3774 1221 3844 cognoscetis.
1285 3776 1411 3844 quia
1466 3792 1557 3846 ego
1615 3793 1752 3829 sum.
1804 3775 2116 3830 Cruciﬁxus

543 3865 684 3917 enim
727 3865 825 3919 fuit
857 3866 1190 3931 lminauitus,
1233 3868 1492 3922 divinitus
1544 3878 1723 3922 autem
1793 3868 2007 3935 revixit,
2070 3879 2123 3923 et

544 3971 639 4023 per
668 3958 1119 4014 resnrrectionem
1195 3957 1588 4014 demonstravit
1654 3976 1712 4015 se
1769 3976 1890 4017 esse
1955 3965 2118 4017 etiam

544 4047 729 4109 Deum,
762 4057 816 4101 et
850 4062 975 4102 vere
995 4048 1190 4102 Filium
1214 4049 1327 4104 Dei.
1359 4050 1511 4115 Quod
1576 4052 1620 4105 si
1652 4068 1758 4106 non
1796 4052 1984 4119 alium,
2026 4056 2121 4109 sed

547 4150 606 4190 se
632 4137 747 4205 ipse
794 4141 970 4205 potius
1003 4140 1304 4205 suscitavit,
1336 4153 1394 4197 ut
1418 4143 1769 4212 credidimus,
1802 4160 2023 4201 necesse
2039 4158 2123 4201 est

547 4239 608 4283 ut
639 4246 830 4299 corpus
853 4232 971 4300 ejus
1013 4234 1287 4304 proprium
1318 4235 1705 4306 intelligamus,
1754 4237 1898 4307 quod
1975 4255 2122 4293 utor-

548 4336 653 4378 tem
687 4324 924 4393 pertulit,
987 4338 1042 4380 ut
1072 4328 1185 4397 ipse
1218 4342 1429 4399 quoque
1473 4330 1686 4384 dicatur
1736 4331 2119 4386 resurrexisse.

546 4418 704 4487 Atqui
730 4418 1047 4473 immortalis
1071 4420 1305 4487 exsistit,
1325 4430 1383 4474 ut
1411 4419 1573 4476 Deus.
1607 4419 1776 4476 Unius
1803 4425 1945 4475 enim
1967 4423 2123 4476 Chri-

543 4509 611 4563 sti
654 4519 705 4563 et
762 4509 880 4564 Filii
930 4522 1161 4566 mortem
1196 4514 1506 4569 nuntiantes
1560 4524 1613 4570 et
1670 4517 2120 4570 resurrectionem

543 4596 1236 4663 conﬁtentesjnstiticamur
1264 4617 1356 4672 per
1399 4602 1574 4658 ﬁdem.
1615 4603 1953 4675 QuziprOpter
2009 4607 2122 4677 ipse

546 4703 600 4748 ut
650 4711 787 4749 unus
815 4707 867 4750 et
913 4699 1060 4751 ειιιιιε
1087 4700 1354 4754 eXsistens
1382 4699 1631 4756 Christus
1697 4699 1856 4757 Jcsus
1892 4704 2123 4757 humana

543 4786 759 4855 quidem
787 4788 994 4841 ratione
1019 4803 1113 4854 per
1146 4805 1362 4844 carnem
1390 4802 1633 4847 mortuus
1667 4804 1770 4857 est,
1826 4795 2124 4849 resurrexit

548 4887 724 4932 autem
759 4889 816 4931 ut
864 4880 991 4933 vita.

618 5167 805 5220 Adhuc
831 5168 1087 5223 modicum
1123 5179 1320 5235 tempus
1372 5169 1638 5222 vobiscum
1667 5186 1804 5233 sum,
1833 5182 1878 5224 et
1898 5174 2031 5225 vado
2055 5171 2123 5225 ad

545 5278 658 5315 eum
694 5264 781 5329 qui
824 5262 967 5316 misit
996 5278 1077 5317 me
1098 5262 1139 5317 '.
1182 5261 1282 5318 Ubi
1306 5278 1411 5317 non
1445 5274 1528 5317 est
1550 5263 1641 5318 Dei
1675 5261 1935 5329 Verbum,
1967 5264 2011 5321 si
2047 5264 2123 5318 dio

553 5353 791 5406 \‘ittilulis
826 5365 1016 5409 natura
1082 5356 1247 5426 replet
1286 5355 1505 5409 omnia?
1544 5356 1825 5423 Quomodo
1882 5357 2047 5425 igitur
2091 5371 2118 5410 a

551 5444 712 5500 Patre
746 5445 996 5512 mittitur,
1030 5460 1122 5505 aut
1154 5448 1426 5519 quomodo
1453 5451 1518 5505 ad
1548 5450 1722 5518 ipsum
1771 5451 1951 5505 vadit?
2000 5450 2123 5505 Mit-

551 5539 681 5591 titur
710 5539 941 5592 humana
967 5541 1181 5609 quidem
1216 5543 1442 5605 ratione,
1474 5550 1739 5610 quatenus
1786 5542 1852 5595 ad
1902 5544 2117 5597 missio-

555 5628 636 5681 nis
668 5630 884 5684 modum
916 5633 1170 5701 pertinet,
1201 5640 1259 5684 ut
1308 5633 1567 5701 praedicet
1590 5634 1817 5700 captivis
1845 5632 2120 5689 liberatio-

551 5738 691 5781 nem,
724 5725 880 5778 caecis
920 5734 1095 5777 autem
1124 5725 1318 5779 visum.
1368 5725 1519 5779 Vadit
1577 5735 1754 5779 autem
1790 5728 1854 5777 ad
1910 5726 2121 5782 Putrem

628 5908 641 5934 '
695 5903 851 5957 Joau.
909 5920 1002 5965 λι,
1043 5901 1137 5970 “2?,
1190 5905 1279 5958 ‘23.
1360 5909 1378 5937 ’
1412 5906 1568 5961 Joun.
1599 5923 1714 5971 \lll,
1748 5908 1841 5961 ‘28.
1919 5909 1936 5937 ³
1977 5908 2131 5961 λοίὶιιν

2225 3336 2365 3381 στιν,
2397 3318 2684 3390 ἄνθρωπον
2714 3316 2870 3386 ψιλὸν
2900 3311 3042 3371 εἶναι
3074 3317 3263 3386 νομίζο
3297 3332 3392 3378 τες
3425 3315 3605 3377 αὐτὸν,
3633 3314 3763 3381 ἡγνο-

2220 3410 2415 3479 ηκότες
2443 3410 2521 3476 δὲ,
2553 3410 2636 3464 ὅτι
2665 3408 2797 3474 Θεὸς
2828 3406 2902 3463 ὢν
2931 3409 3122 3478 Λόγος,
3154 3407 3458 3461 ἐπελάϐετο
3490 3404 3763 3475 σπέρματος

2235 3498 2508 3568 Ἀϐραὰμ,
2537 3500 2628 3551 καὶ
2662 3496 3028 3567 κεκοινώνηκε
3066 3495 3163 3567 μὲν
3190 3495 3450 3565 αἵματος,
3476 3496 3567 3548 καὶ
3596 3489 3760 3560 σαρκὸς

2194 3590 2199 3593 λ
2224 3589 2628 3659 παραπλησίως
2649 3590 2805 3660 ἡμῖν,
2834 3587 2973 3659 πλὴν
2995 3588 3097 3641 οὐκ
3119 3588 3332 3655 ἀπέστη
3360 3585 3459 3640 τοῦ
3486 3583 3620 3639 εἶναι
3640 3582 3761 3641 Θεός.

2226 3685 2527 3754 Ἀτρεπτος
2554 3682 2662 3753 γὰρ
2690 3682 2831 3735 κατὰ
2869 3681 3031 3750 φύσιν
3059 3681 3208 3746 ἐστὶ,
3241 3680 3335 3733 καὶ
3364 3678 3625 3749 διηνεκῶς
3648 3678 3672 3729 ὁ
3692 3674 3764 3727 αὖα

2221 3777 2334 3838 τός.
2357 3774 2544 3828 Ὅταν
2573 3768 2686 3829 οὖν
2714 3771 3021 3842 ὑψώσητε,
3055 3772 3210 3843 φησὶ,
3243 3773 3352 3825 τὸν
3392 3771 3534 3825 Υιόν
3560 3767 3657 3822 τοῦ
3684 3767 3763 3819 dr-

2224 3866 2482 3934 θρώπου.
2506 3866 2639 3919 τότε
2667 3864 2995 3937 γνώσεσθε,
3024 3864 3114 3919 ὅτι
3139 3863 3251 3933 ἐγώ
3277 3865 3421 3931 εἰμι.
3456 3856 3762 3932 Ἑσταυρὼθη

2228 3959 2325 4029 μὲν
2354 3958 2464 4028 γὰρ
2499 3957 2856 4027 ἀνθρωπίνως
2876 3997 2889 4020 ,
2922 3956 3123 4011 ἀνεϐίω
3153 3955 3207 4009 δὲ
3241 3954 3443 4018 θεῖκῶς
3468 3998 3482 4019 ,
3515 3954 3606 4008 καὶ
3634 3950 3761 4004 πεπί·

2225 4067 2447 4103 στεοται
2478 4048 2565 4102 διὰ
2594 4048 2695 4117 τῆς
2727 4048 3102 4113 ἀναστάσεως,
3134 4048 3217 4101 ὅτι
3247 4047 3342 4101 καὶ
3372 4048 3509 4110 Θεός
3538 4048 3664 4107 ἐστι,
3691 4040 3763 4095 uel

2223 4144 2360 4199 Θεοῦ
2403 4142 2547 4199 κατὰ
2587 4141 2839 4212 ἀλήθειαν
2881 4141 3029 4203 Υἱός.
3071 4140 3131 4193 Ei
3172 4139 3227 4193 δὲ
3264 4140 3621 4193 πεπίστευται
3656 4133 3760 4201 πρὸς

2224 4239 2380 4308 ήμῶν
2426 4238 2524 4307 οὐχ
2572 4236 2647 4300 ὡς
2695 4235 2883 4307 ἕτερον
2929 4234 3276 4304 ἀναστήσας,
3328 4231 3684 4301 ἐγηγερμένος
3718 4226 3762 4278 δι

2229 4329 2427 4400 μᾶλλον
2458 4329 2640 4391 αὐτὸς,
2672 4327 2820 4381 πᾶσά
2853 4342 2969 4388 πως
3002 4326 3215 4393 ἀνάγκη
3246 4323 3335 4377 διὰ
3361 4324 3464 4393 τὴν
3490 4316 3759 4387 οἰκονομίαν

2228 4423 2357 4476 ἴδιον
2385 4420 2550 4475 αὑτοῦ
2585 4419 2744 4489 σῶμα
2770 4418 3009 4471 νοεῖσθαι
3041 4415 3100 4470 τὸ
3133 4415 3400 4477 πεπονθὸς
3430 4415 3523 4468 τὸν
3549 4413 3759 4469 θάνατον,

2229 4515 2313 4569 ῖνα
2350 4514 2443 4568 καὶ
2477 4513 2638 4575 αὐτὸς
2673 4511 2972 4581 ἀναστῆναι
3007 4510 3218 4578 λέγοιτο
3240 4552 3253 4574 ,
3291 4509 3473 4562 καίτοι
3504 4506 3600 4576 τὴν
3631 4501 3760 4572 φύσιν

2155 4586 2199 4641 D
2228 4608 2498 4670 ἀθάνατος
2532 4606 2605 4657 ὢν
2638 4606 2710 4667 ὡς
2746 4604 2898 4666 Θεός.
2936 4603 3083 4665 Ἐνὺς
3117 4603 3227 4670 γάρ
3263 4600 3505 4668 Χριστοῦ
3540 4601 3627 4653 καὶ
3656 4590 3758 4649 Ποῦ

2223 4698 2314 4751 τὸν
2349 4696 2577 4750 θάνατον
2609 4694 3109 4763 καταγγέλλοντες,
3145 4696 3240 4746 καὶ
3274 4690 3653 4761 ὁμολογοῦντες
3680 4685 3755 4751 τὴν

2223 4791 2517 4844 ἀνάστασιν
2540 4828 2555 4853 ,
2588 4785 2946 4857 δικαιούμεθα
2977 4784 3065 4839 διά
3097 4785 3354 4848 πίστεως.
3389 4781 3596 4837 Οὐκοῦν
3623 4781 3649 4833 ὁ
3676 4776 3753 4831 αὖ·

2223 4884 2334 4948 τδς,
2367 4883 2443 4945 ὡς
2476 4877 2555 4945 εἷς
2586 4898 2645 4934 τε
2678 4882 2772 4934 καὶ
2807 4881 2968 4949 μόνος
3002 4879 3265 4949 ὑπάρχων
3298 4878 3531 4948 Χριστὸς
3560 4869 3752 4943 ἰησοῦςο

2222 4976 2515 5029 ἀποθανεῖν
2543 4974 2645 5041 μὲν
2670 4970 3033 5043 ἀνθρωπίνως
3060 4968 3201 5024 κατὰ
3228 4968 3329 5040 τὴν
3356 4969 3533 5041 σάρκα
3556 4965 3754 5033 λέγεται,

2224 5066 2525 5139 ὲγηγέρθαι
2557 5066 2613 5119 δὲ
2645 5065 2720 5128 ὡς
2754 5064 2889 5132 ζωή.

2298 5162 2425 5214 Ἔτι
2455 5159 2669 5229 μικρὸν
2699 5159 2923 5227 χρόνον
2945 5156 3075 5226 μεθ’
3098 5155 3265 5226 ὑμῶν
3294 5157 3430 5226 ειμι,
3462 5152 3553 5206 καὶ
3581 5143 3752 5211 ὑπάγω

2226 5254 2376 5322 πρὸς
2409 5256 2516 5307 τόν
2549 5249 2872 5321 πέμψαντά
2903 5265 2998 5318 με.
3037 5249 3143 5302 Ποῦ
3184 5249 3292 5318 γὰρ
3330 5247 3429 5299 οὐκ
3466 5244 3602 5297 ἔστιν
3630 5240 3653 5291 ό
3680 5232 3750 5287 τοῦ

2224 5346 2359 5400 Θεοῦ
2399 5346 2592 5413 Λόγος,
2633 5346 2680 5395 εἰ
2730 5344 2929 5413 πληροῖ
2966 5341 3036 5395 τὰ
3081 5341 3256 5395 πάντα
3297 5341 3365 5410 τῇ
3404 5337 3499 5406 τῆς
3536 5330 3748 5397 θεότητος

2230 5441 2423 5509 cpiast;
2466 5438 2589 5501 Πῶς
2622 5431 2715 5489 οὖν
2752 5436 3029 5505 πέμπεται
3071 5434 3224 5503 παρά
3258 5430 3352 5485 τοῦ
3393 5425 3620 5498 Πατρός;
3655 5419 3746 5479 πῶς

2230 5534 2285 5587 δὲ
2329 5533 2533 5599 ὑπάγει
2576 5531 2712 5600 προς
2758 5529 2952 5595 σ.ὐτόν;
2995 5527 3205 5581 Οὐκοῦν
3248 5527 3521 5595 πέμπεται
3562 5517 3648 5590 μὲν
3676 5513 3747 5566 ἀν·

2230 5629 2257 5681 0
2268 5626 2514 5698 ρωπίνως
2542 5622 2684 5675 κατά
2714 5640 2776 5691 γε
2805 5621 2893 5674 τὸν
2919 5620 3021 5691 τῆς
3052 5617 3363 5686 ἀποστολῆς
3388 5616 3577 5686 τρόπον
3602 5600 3743 5703 τεβξὶ

2230 5692 2409 5788 λόγον,
2441 5719 2526 5771 ἵνα
2558 5715 2771 5787 κηρύξῃ
2807 5714 2903 5785 μὲν
2931 5710 3302 5785 αἰχμαλώτοις
3331 5706 3537 5780 ἄφεσιν,
3568 5692 3744 5763 τυφλοῖς

2159 5905 2322 5968 v,13.
2411 5905 2429 5933 ⁸
2478 5904 2631 5958 ,ίιιειι
2692 5919 2739 5955 x.
2800 5900 2886 5953 53.
2968 5899 2987 5930 ⁵
3019 5899 3173 5954 Joan.
3205 5908 3324 5954 ειη.
3357 5889 3444 5944 33.
