3968 6568
367 395 372 401 ε
396 372 523 453 ’943

1650 392 2030 454 EUTHYMII
2078 392 2438 460 ZIGABENI

3562 407 3662 469 944

414 507 537 561 dine
561 505 674 576 ejus
708 522 800 561 nos
834 523 1007 561 onmes
1059 507 1353 575 accepimus
1393 509 1430 565 ‘.
1475 508 1711 564 Joannes
1783 510 1858 563 ait
1916 509 1982 563 de

2094 507 2163 581 ἦν
2189 529 2201 543 ·
2238 515 2337 570 καί
2380 515 2469 570 ὅτι
2510 514 2577 570 ἐκ
2618 516 2725 571 τοῦ
2764 517 3161 588 πληρώματος
3212 520 3398 575 αὑτοῦ
3446 523 3662 593 πάντες

409 596 671 652 Christo:
714 596 820 662 Qui
841 608 956 667 post
987 614 1066 652 me
1101 602 1257 660 venit.
1320 600 1371 655 id
1430 609 1531 662 est,
1565 602 1654 669 qui
1740 610 1860 669 post
1903 617 1985 653 me

412 687 680 756 apparuit.
706 685 874 753 Quem
903 688 1016 758 ipse
1045 689 1296 742 nimirum
1325 691 1659 758 praedicavit.
1724 692 1866 747 Ante
1907 690 1986 760 ip-

409 790 528 831 sum
556 776 731 833 factus
760 787 868 844 est,
902 777 1003 834 hoc
1018 790 1122 844 est,
1153 778 1320 851 gloria
1366 783 1722 837 antecellens.
1764 783 1983 837 Etenim

412 872 531 920 erat
560 865 614 920 ln
646 867 884 922 essentia
913 869 1083 933 prior,
1117 878 1174 923 ut
1232 870 1395 924 Deus.
1462 870 1742 937 Quomodo
1801 871 1981 941 igitur,

408 960 500 1028 qui
531 969 651 1028 post
689 960 890 1030 ipsum,
925 962 972 1016 is
1026 971 1269 1032 tempore
1306 974 1432 1017 ante
1464 964 1636 1030 ipsum
1669 962 1814 1019 fuit?
1843 965 1987 1030 Quo-

408 1053 559 1107 niam
590 1053 728 1108 Deus
751 1062 868 1109 erat
894 1051 1152 1118 Verbum,
1183 1064 1235 1109 et
1258 1069 1386 1109 caro
1427 1054 1625 1109 factum
1679 1065 1785 1112 est.
1835 1056 1983 1109 Prae-

409 1142 553 1197 cedit
578 1142 742 1213 igitur
767 1152 1034 1212 quatenus
1066 1154 1149 1200 est
1172 1143 1431 1213 Verbum,
1485 1147 1752 1216 pOSterior
1806 1160 1985 1202 autem

411 1242 515 1299 est,
546 1244 812 1302 quatenus
840 1236 906 1290 ad
942 1250 1155 1291 carnem
1182 1238 1436 1307 pertinet.
1469 1238 1619 1305 Quod
1650 1239 1775 1293 sies
1819 1238 1988 1308 pleni-

411 1325 600 1380 tudine
633 1329 749 1396 eius
784 1341 974 1382 omnes
1007 1329 1257 1385 homines
1288 1342 1638 1400 acceperunt,
1661 1332 1849 1400 plenus
1889 1349 1984 1385 au-

412 1426 522 1471 tem
554 1416 701 1472 solus
730 1427 817 1473 est
852 1419 1011 1485 Dens,
1042 1428 1100 1473 ut
1132 1420 1207 1473 ait
1248 1435 1342 1489 per
1380 1435 1439 1476 os
1495 1420 1645 1476 Isaiae
1698 1423 1742 1487 ',
1791 1432 1846 1479 et
1889 1423 1985 1492 ipsi

410 1509 513 1564 soli
544 1511 818 1575 convenit,
851 1521 1105 1581 tanquam
1136 1528 1202 1567 ex
1238 1514 1451 1583 propria
1486 1514 1818 1585 plenitudine
1863 1517 1987 1573 aliis

411 1598 702 1667 impertiri,
732 1603 874 1668 quod
930 1602 1146 1670 quidem
1177 1603 1423 1660 Christus
1451 1604 1649 1672 effecit,
1697 1624 1838 1664 unus
1865 1623 1989 1677 pro-

408 1690 554 1747 fecto
588 1702 670 1747 est
714 1691 882 1749 Filius
913 1703 968 1748 et
993 1695 1251 1751 Dominus
1296 1712 1361 1752 ex
1399 1699 1505 1753 Deo
1530 1697 1784 1763 Verbum,
1843 1702 1987 1771 quod

410 1782 612 1841 factum
648 1793 731 1841 est
750 1800 900 1853 caro,
923 1796 976 1840 et
1003 1788 1121 1858 ipse
1177 1788 1320 1845 Deus
1369 1800 1453 1847 est
1492 1791 1652 1847 simul
1703 1803 1757 1849 et
1800 1793 1985 1851 homo.

486 1986 655 2044 Nemo
677 1989 911 2045 ascendit
943 1991 996 2044 in
1056 1991 1260 2057 caelum,
1324 1992 1424 2046 nisi
1460 1992 1548 2062 qui
1604 1993 1866 2047 descendit
1923 1993 1987 2048 de

416 2080 568 2155 etelo,
624 2078 806 2136 Filius
851 2082 1075 2136 hominis
1144 2081 1187 2136 ³.
1239 2082 1521 2149 Quomodo
1587 2084 1865 2139 descendit
1919 2085 1986 2140 de

392 2172 550 2228 'cmlo
580 2171 750 2228 Filius
781 2173 1037 2238 hominis,
1059 2189 1185 2229 cum
1228 2184 1415 2229 sancta
1445 2173 1585 2229 illius
1620 2189 1748 2230 caro
1776 2190 1839 2230 ex
1858 2176 1985 2232 Vir-

409 2263 535 2331 gine
573 2273 785 2335 sumpta
833 2266 919 2332 sit,
984 2265 1085 2319 nisi
1119 2265 1245 2336 quia
1307 2267 1584 2336 proprium
1619 2275 1738 2321 erat
1787 2279 1987 2336 corpus

412 2353 601 2421 Verbi,
637 2358 780 2424 quod
821 2358 885 2411 de
924 2360 1063 2413 coelo
1120 2358 1499 2423 descenderat,
1534 2367 1587 2413 et
1656 2359 1861 2414 tactum
1905 2368 1985 2413 est

412 2448 582 2504 Filius
609 2451 885 2505 hominis?
925 2450 1078 2507 Unus
1148 2451 1312 2523 igitur
1343 2451 1595 2507 Christus
1634 2460 1690 2508 et
1764 2452 1934 2509 Filius
1965 2469 1979 2517 ;

412 2541 495 2596 sie
538 2556 658 2611 quae
702 2542 867 2598 Verbi
894 2552 1041 2609 sunt,
1076 2544 1292 2613 propria
1335 2545 1516 2599 carnis
1563 2555 1687 2600 sunt
1725 2545 1890 2614 facta,
1932 2555 1986 2603 et

318 2666 345 2673 ρ
410 2646 530 2700 ηοω
557 2643 684 2689 sunt
714 2634 912 2701 carnis,
942 2637 1157 2705 propria
1205 2634 1363 2691 Verbi
1414 2637 1554 2693 facta
1601 2648 1729 2694 sunt
1786 2650 1986 2708 praeter

400 2725 582 2781 Solum
619 2736 928 2796 peccatum.

479 2818 640 2873 Pueri
664 2820 924 2875 habentes
958 2835 1137 2876 ramos
1157 2822 1455 2891 palmarum
1481 2825 1685 2894 egressi
1718 2836 1842 2881 sunt
1878 2831 1984 2883 ob-

412 2915 553 2967 v'am
581 2913 656 2968 il'i
721 2922 779 2968 et
842 2912 1190 2969 clamabant:
1261 2915 1569 2972 Benedictus
1620 2920 1710 2988 qui
1750 2922 1885 2974 venit
1930 2921 1985 2973 in

412 3007 622 3059 nomine
671 3005 880 3060 Domini
936 3024 1027 3061 rex
1065 3007 1240 3063 Israel
1280 3014 1322 3065 ⁸.
1384 3012 1665 3078 Quomodo
1716 3015 1889 3082 ipsum
1933 3014 1984 3069 in

412 3099 627 3151 nomine
659 3099 865 3153 Domini
893 3110 1174 3155 venturum
1193 3102 1385 3159 dicunt
1416 3120 1584 3160 sacrm
1612 3104 1870 3162 Litterae?
1927 3106 1984 3162 Si

2088 606 2408 676 ἐλάϐομεν.
2453 608 2709 681 Ἰωάννης
2754 614 2889 680 φησὶ
2917 612 3079 682 ’περὶ
3134 612 3228 666 τοῦ
3280 615 3543 684 Χριστοῦ,
3586 619 3664 672 ὅτι

2100 701 2163 751 '0
2187 698 2381 752 ὀπίσω
2397 717 2518 770 μου
2538 700 2882 772 ἐρχόμενος,
2907 704 3208 772 τουτέστιν,
3244 708 3270 760 6
3295 708 3412 777 μετ’
3442 710 3541 778 ἐμὲ
3567 726 3666 777 φα·-

2088 780 2438 861 νερούμενος,
2474 792 2534 845 ὃν
2579 792 2746 857 αὐτὸς
2776 795 3012 864 ἐκήρυξε
3042 796 3308 866 δηλονότι,
3353 798 3665 869 ἔμπροσθεν

2088 883 2252 938 αὐτοῦ
2282 886 2497 953 γέγονε,
2527 886 2776 939 τουτέστι
2810 888 3112 957 πρωτεύων
3160 890 3301 945 κατὰ
3354 891 3455 958 τὴν
3484 891 3665 957 δόξαν,

2089 975 2200 1028 Καὶ
2254 976 2360 1045 γὰρ
2389 969 2456 1045 ἦν
2486 974 2581 1029 καὶ
2610 976 2669 1029 ὲν
2719 974 2952 1045 ὑπάρξει
2987 977 3199 1047 πρῶτος
3242 979 3316 1042 ὡς
3350 980 3505 1043 Θεός.
3552 983 3669 1045 Πῶς

2088 1066 2181 1121 οὖν
2218 1070 2246 1121 6
2280 1069 2398 1138 μετ’
2421 1067 2583 1121 αὐτὸν
2614 1068 2720 1139 πρὸ
2751 1070 2915 1122 αὑτοῦ
2955 1071 3094 1122 κατὰ
3121 1072 3349 1142 χρόνους
3383 1074 3511 1125 Ὀτι
3541 1073 3669 1137 Θεὸς

2086 1152 2153 1230 ἦν
2190 1162 2215 1212 6
2241 1159 2433 1226 Λόγος,
2466 1158 2562 1212 καὶ
2593 1160 2783 1229 γέγονε
2809 1160 2968 1231 σὰρξ,
3001 1160 3138 1230 ἔχων
3164 1164 3262 1232 μὲν
3285 1164 3343 1216 τὸ
3366 1167 3670 1233 πρωτεύειν

2090 1254 2225 1306 καθὸ
2256 1254 2427 1321 Λόγος
2479 1252 2615 1315 ἐστὶ,
2648 1252 2986 1325 δευτερεύων
3015 1252 3071 1306 δὲ
3104 1255 3246 1307 κατὰ
3282 1257 3485 1327 σᾶρκα.
3518 1258 3581 1311 Εἰ
3615 1258 3669 1310 δὲ

2090 1345 2183 1397 καὶ
2214 1346 2275 1396 ἐκ
2303 1342 2396 1396 τοῦ
2433 1344 2802 1413 πληρώματος
2836 1344 2999 1397 αὑτοῦ
3028 1345 3230 1407 πάντες
3261 1348 3670 1417 μετεσχήκασιν

2088 1436 2137 1488 οί
2169 1436 2338 1504 ἆγιοι,
2372 1436 2575 1505 πλῆρες
2598 1436 2652 1488 δὲ
2686 1437 2850 1505 μόνον
2885 1437 3003 1488 ἐστὶ
3032 1437 3093 1489 τὸ
3121 1438 3300 1502 Θεῖον,
3328 1439 3482 1492 καθά
3538 1457 3672 1510 φησι

2088 1528 2176 1582 διὰ
2210 1531 2309 1599 τῆς
2357 1528 2584 1582 Ἠσατου
2627 1530 2832 1600 φωνῆς,
2882 1530 3087 1599 πρέποι
3114 1529 3160 1583 δ’
3192 1529 3259 1582 ἂν
3287 1530 3438 1602 αὐτῷ
3487 1548 3551 1585 τε
3581 1533 3672 1586 καὶ

2093 1622 2238 1692 μόνῳ
2274 1621 2333 1675 τὸ
2368 1620 2443 1686 -ὲξ
2475 1622 2607 1674 ίδίου
2658 1620 3029 1693 πληρώματος
3074 1623 3336 1692 μετόχους
3384 1624 3674 1678 ἀποτελεῖν

2091 1715 2333 1784 ἑτέρους,
2368 1713 2622 1785 πέπραχε
2654 1713 2711 1767 δὲ
2745 1713 2904 1767 τοῦτο
2937 1715 3177 1786 Χριστός
3197 1728 3213 1745 ⁸
3268 1711 3356 1779 εἷς
3382 1716 3498 1786 ἄρα
3530 1719 3675 1771 ἐστὶν

2019 1852 2060 1906 Β
2090 1806 2221 1870 Υἱὸς
2254 1809 2346 1860 καὶ
2381 1808 2584 1879 Κύριος
2605 1810 2632 1861 6
2677 1808 2743 1861 ὲκ
2773 1808 2909 1861 Θεοῦ
2940 1808 3112 1877 Λόγος
3139 1809 3440 1879 γενόμενος
3468 1810 3628 1881 σὰρξ.
3648 1814 3673 1866 6

2090 1900 2252 1963 αὐτὸς
2283 1900 2417 1963 Θεὸς
2457 1918 2515 1953 τε
2551 1900 2689 1970 ὁμοῦ
2722 1901 2817 1954 καὶ
2856 1899 3169 1973 ἄνθρωπος.

2156 1992 2365 2058 Οὐδείς
2389 1992 2762 2054 ἀναϐέϐηκεν
2793 1993 2882 2059 εις
2924 1995 3030 2047 τὸν
3055 1996 3315 2062 οὐρανὸν
3346 1997 3397 2049 εί
3414 1994 3509 2065 μὴ
3542 1995 3574 2049 6
3604 1994 3670 2048 ἐκ

2087 2078 2195 2138 τοῦ
2221 2084 2480 2152 οὐρανοῦ
2512 2086 2793 2152 καταϐὰς,
2819 2088 2854 2140 ό
2885 2086 3015 2152 Υἱὸς
3045 2088 3151 2141 τοῦ
3174 2087 3519 2155 ἀνθρώπου.
3554 2087 3672 2150 Πῶς

2089 2174 2467 2246 καταῦἑόηκεν
2493 2176 2556 2227 ἐκ
2585 2176 2680 2228 τοῦ
2709 2175 2943 2246 οὐρανοῦ
2975 2179 3002 2229 6
3054 2177 3181 2241 Υἱὸς
3219 2178 3311 2230 τοῦ
3347 2177 3669 2249 ἀνθρώπου,

2089 2267 2267 2321 καίτοι
2296 2268 2395 2339 τῆς
2441 2269 2605 2337 ἁγίας
2652 2270 2855 2340 σαρκδς
2883 2271 3244 2339 γεννηθείσης
3270 2272 3333 2323 ὲκ
3364 2272 3668 2338 γυναικόςζ

2101 2359 2405 2413 Ἀ).λ’.ἷδιον
2443 2357 2510 2432 ἦν
2541 2363 2601 2414 τὸ
2632 2363 2791 2431 σῶμα
2831 2361 2925 2413 τοῦ
2963 2362 3021 2425 ἐξ
3049 2361 3283 2431 οὐρανοῦ
3332 2364 3671 2431 καταφοιτήρ

2089 2468 2283 2513 σαντος
2314 2452 2513 2520 Λόγου,
2553 2453 2611 2515 ὃς
2636 2455 2728 2506 καὶ
2770 2454 2995 2521 γέγονεν
3045 2453 3167 2516 Υίδς
3200 2453 3527 2525 ἀνθρώπου.
3585 2449 3672 2516 Εἷς

2086 2542 2179 2603 οὖν
2209 2550 2317 2620 ᾇρσ.
2346 2548 2575 2619 Χριστὸς
2600 2550 2696 2602 καὶ
2734 2550 2885 2612 Υίός.
2909 2549 3092 2612 Οὕτως
3128 2548 3235 2601 ἴδια
3269 2548 3370 2618 μὲν
3400 2548 3512 2617 τῆς
3547 2565 3672 2612 σαρ-

2086 2643 2181 2707 κὸς
2219 2641 2287 2696 τὰ
2317 2641 2408 2695 τοῦ
2432 2642 2607 2710 Λόγου
2637 2643 2880 2711 γέγονεν,
2911 2642 3021 2696 [Sta
3050 2642 3108 2694 δὲ
3140 2641 3234 2695 τοῦ
3264 2641 3444 2709 Λόγου
3483 2642 3553 2694 τὰ
3577 2643 3670 2711 τῆς

2089 2731 2293 2802 σαρκὸς
2315 2730 2440 2803 δίχα
2482 2732 2650 2803 μόνης
2686 2733 2982 2804 ἁμαρτίας.
3482 2782 3491 2791 .

2161 2828 2227 2880 Οἱ
2255 2825 2463 2893 παῖδες
2478 2826 2721 2893 ἔχοντες
2743 2825 2815 2879 τὰ
2841 2826 2991 2890 ,ϐαΐα
3024 2826 3142 2878 τῶν
3159 2829 3453 2895 φοινίκων
3494 2824 3672 2894 ἐξῆλ-

2087 2917 2195 2969 θον
2218 2917 2307 2980 είς
2333 2916 2679 2984 ἀπάντησιν
2704 2915 2913 2982 αὐτοῦ,
2944 2916 3044 2970 καί
3080 2915 3330 2985 ἔκραζον
3356 2929 3374 2948 ο
3402 2917 3671 2985 Εὐλογη-

2081 3008 2268 3079 μένος
2296 3013 2327 3064 ὀ
2352 3009 2677 3079 ἐρχόμενος
2701 3009 2769 3062 ἐν
2804 3009 3050 3078 ὀνόματι
3108 3010 3328 3076 Κυρίου
3365 3007 3671 3074 βασιλεὺς

2086 3102 2194 3158 τοῦ
2218 3102 2487 3171 Ἰσραήλ.
2521 3101 2645 3165 Πῶς
2671 3100 2780 3171 ἄρα
2812 3101 2979 3171 φησιν
3007 3102 3170 3155 αὑτὸν
3199 3103 3259 3154 ὲν
3290 3101 3532 3168 ὀνόματι
3563 3103 3670 3154 Κυ-

412 3190 555 3243 enim
589 3190 838 3258 privatim
867 3202 924 3246 ut
951 3192 1224 3249 hominem
1262 3210 1326 3250 ex
1361 3206 1547 3252 sancta
1606 3196 1850 3270 Virgine,
1899 3203 1984 3256 cui

2098 3195 2215 3265 ρίου
2267 3191 2748 3265 παραγενήσεσθαι
2786 3193 2848 3245 τδ
2884 3191 3130 3262 Γράμμα
3162 3190 3225 3244 τὸ
3262 3191 3440 3259 ίερόνς
3481 3192 3545 3243 El.
3577 3191 3667 3258 μὲν

415 3282 649 3339 Verbum
690 3285 781 3339 Dei
811 3301 905 3353 per
979 3299 1266 3354 personam
1336 3288 1689 3358 conjunctnm
1746 3307 1850 3348 non
1895 3295 1986 3359 sit,

415 3389 702 3431 commune
741 3377 845 3432 erit
874 3377 974 3447 ipsi
1011 3378 1397 3435 dominationis
1467 3396 1682 3449 nomen,
1732 3388 1989 3453 quemad-

415 3472 630 3526 modum
675 3470 728 3526 et
750 3471 939 3536 nobis,
970 3483 1021 3527 ct
1059 3472 1189 3527 nihil
1241 3473 1291 3526 in
1315 3472 1532 3531 Christo
1573 3490 1847 3547 magnum.
1891 3477 1983 3533 Sin

415 3573 474 3620 ut
510 3580 630 3619 vere
671 3565 927 3621 Dominus
984 3583 1106 3624 esse
1157 3581 1419 3625 venturus
1472 3571 1861 3641 praenuntiatus
1885 3582 1987 3638 est,

414 3657 553 3726 quod
573 3657 788 3727 quidem
813 3668 895 3714 est
918 3673 1127 3724 verum,
1157 3662 1304 3717 venit
1324 3676 1498 3719 amem
1530 3669 1766 3720 nonsine
1825 3680 1990 3721 carne

416 3747 468 3800 in
495 3747 637 3802 lnmc
699 3750 959 3802 mundum
1028 3748 1365 3821 Unigenitns,
1405 3769 1542 3810 unus
1591 3756 1846 3810 nimirum
1907 3768 1989 3811 est

415 3851 629 3905 natura,
652 3848 705 3894 et
730 3855 854 3895 vere
883 3830 1158 3908 Dom-inus,
1194 3853 1243 3898 et
1283 3845 1554 3907 Christus,
1601 3858 1656 3901 et
1688 3847 1877 3902 Filius.

488 4037 662 4092 Multa
687 4039 896 4110 quidem
920 4049 967 4093 et
1001 4038 1112 4093 alia
1136 4040 1286 4109 signa
1329 4041 1449 4109 fecit
1504 4042 1657 4098 Jesus
1682 4062 1861 4099 coram
1901 4047 1984 4102 di-

415 4132 632 4199 scipulis
653 4133 787 4195 suis,
823 4146 941 4202 qua:
964 4147 1064 4185 non
1088 4141 1208 4185 sunt
1242 4133 1442 4202 scripta
1471 4134 1525 4187 in
1565 4135 1697 4189 libro
1723 4138 1841 4194 hoc.
1865 4138 1990 4194 lla'c

416 4236 590 4279 autem
617 4224 816 4293 scripta
854 4235 996 4291 sunt,
1022 4234 1079 4277 ut
1104 4224 1335 4279 credatis
1361 4227 1487 4295 quia
1507 4225 1666 4281 Iesus
1695 4240 1772 4283 est
1830 4230 1988 4285 Citri-

416 4330 530 4372 stus
568 4315 615 4371 F
620 4318 743 4371 ilius
773 4317 889 4383 Dei,
918 4327 968 4370 et
1015 4327 1073 4370 ut
1130 4319 1401 4373 credentes
1445 4321 1607 4374 vitam
1636 4321 1873 4376 habeatis
1934 4324 1988 4378 in

416 4412 625 4465 nomine
650 4410 815 4478 ipsius
842 4412 885 4465 ³.
938 4411 1038 4477 Qui
1084 4425 1151 4466 ex
1187 4424 1371 4467 sancta
1422 4412 1641 4484 Virgine
1699 4424 1858 4471 natus
1904 4427 1989 4473 est

2091 3284 2183 3341 οῦν
2219 3287 2294 3348 ὡς
2324 3285 2607 3351 ἄνθρωπος
2633 3283 2815 3345 ίδικῶς
2840 3283 2929 3335 τὸν
2951 3285 3013 3336 ὲκ
3038 3285 3134 3353 τῆς
3167 3283 3329 3351 ἁγίας
3363 3281 3667 3352 Παρθένον,

2094 3378 2169 3450 μὴ
2210 3379 2499 3438 ὲνωθέντος
2528 3376 2675 3445 αὐτῷ
2714 3374 2831 3428 καθ’
2858 3376 3160 3429 ὑπόστασιν
3182 3375 3274 3427 τοῦ
3305 3375 3442 3427 Θεοῦ
3474 3374 3669 3441 Λόγου,

2092 3471 2272 3523 κοινὸν
2304 3470 2456 3522 ἔσται
2490 3469 2549 3521 τὸ
2577 3468 2678 3536 τῆς
2733 3468 3059 3537 κυριότητος
3091 3468 3265 3536 ὄνομα
3301 3465 3478 3537 αὐτῷ,
3531 3465 3669 3519 καθά

2090 3562 2185 3614 καὶ
2219 3562 2373 3630 ἡμῖν,
2410 3559 2503 3612 καὶ
2536 3558 2691 3611 οὐδὲν
2727 3558 2819 3609 ἐπὶ
2868 3555 3106 3624 Χριστοῦ
3138 3555 3198 3608 τὸ
3223 3556 3398 3624 μέγαο
3431 3558 3485 3608 εί
3509 3555 3567 3616 δὲ
3596 3555 3667 3614 ὡς

2090 3648 2305 3721 ἀληθῶς
2334 3648 2536 3720 Κύριος
2563 3647 2715 3718 ἥξειν
2734 3645 3245 3717 προαπηγγέλλετο,
3272 3646 3410 3714 ὅπερ
3428 3646 3549 3698 ἐστὶ
3576 3644 3670 3697 καὶ

2092 3748 2320 3818 ἀληθὲς,
2349 3745 2577 3815 ἐλήλυθε
2621 3744 2678 3798 δὲ
2719 3744 2781 3797 οὐ
2821 3744 2946 3813 δίχα
3002 3742 3205 3814 σαρκὸς
3252 3742 3334 3806 είς
3372 3741 3529 3795 τόνδε
3578 3742 3665 3794 τὸν

2089 3841 2295 3909 κόσμον
2331 3841 2358 3892 6
2381 3838 2709 3909 Μονογενῆς,
2740 3832 2821 3900 εἷς
2868 3836 2975 3907 ἄρα
3005 3835 3123 3889 ἐστὶ
3153 3834 3316 3905 φύσει
3340 3876 3356 3902 ,
3402 3835 3501 3889 καὶ
3534 3833 3667 3904 ἁλη-

2091 3933 2200 3995 θῶς
2227 3932 2452 4001 Κύριος.
2483 3932 2576 3984 καὶ
2603 3929 2857 4000 Χριστὸς,
2884 3928 2980 3981 καὶ
3014 3928 3162 3991 Υἱός.
3765 3926 3773 3933 ’

2160 4023 2369 4081 Πολλὰ
2373 4023 2489 4091 μὲν
2503 4016 2617 4075 οὖν
2633 4021 2727 4076 καί
2750 4022 2908 4074 ἄλλα
2930 4019 3152 4088 σημεῖα
3168 4018 3467 4087 ἐποίησεν
3492 4019 3527 4072 ὀ
3564 4018 3665 4083 ἰη-

2091 4114 2242 4180 σοῦς
2258 4113 2518 4167 ἐνώπιον
2548 4111 2668 4166 τῶν
2696 4111 2982 4181 μαθητῶν
2996 4110 3208 4178 αὑτοῦ,
3224 4109 3265 4165 ἂ
3294 4112 3410 4166 οὐκ
3423 4110 3558 4163 ἐστι
3576 4124 3669 4177 re-

2090 4206 2403 4275 τραμμένα,
2415 4206 2486 4259 ἐν
2500 4204 2580 4269 τῷ
2592 4205 2813 4268 ,βιϐλίῳ
2828 4205 3037 4269 τούτῳ.
3058 4202 3253 4258 Ταῦτα
3264 4201 3334 4256 δὲ
3348 4202 3667 4271 γέγραπται

2092 4299 2194 4351 ἵνα
2208 4297 2596 4366 πιστεύσητε,
2610 4296 2699 4350 ὅτι
2723 4297 2889 4363 Ἰησο
2897 4295 3147 4362 ῦςέστιν
3163 4298 3196 4349 ό
3211 4295 3473 4364 Χριστὸς
3491 4298 3524 4351 ό
3544 4294 3669 4357 Υἱὸς

2092 4392 2200 4447 τοῦ
2218 4392 2368 4446 Θεοῦ
2392 4407 2404 4420 ·
2424 4391 2523 4444 καί
2558 4390 2661 4443 ἵνα
2695 4390 3089 4454 πιστεύοντες
3103 4386 3260 4456 ζωὴν
3277 4389 3462 4455 ἔχητε
3491 4387 3560 4442 ἐν
3591 4382 3667 4449 τῷ

418 4477 754 4571 Emmanuel,
780 4502 953 4574 angeli
984 4519 1118 4560 vere
1155 4506 1468 4562 nominatus
1494 4477 1578 4561 est
1602 4505 1785 4565 Jesus.
1836 4508 1986 4574 Quo-

2095 4484 2344 4552 ὀνόματι
2368 4480 2577 4537 αὐτοῦ.
2609 4481 2667 4534 '0
2692 4482 2758 4533 ὲκ
2780 4480 2879 4551 τῆς
2901 4480 3061 4548 ἁγίας
3088 4478 3367 4550 Παρθένου
3386 4477 3665 4579 γενόμενος

417 4595 560 4649 niam
590 4595 752 4666 igitur
810 4595 924 4665 ipse
960 4605 1061 4663 est,
1090 4605 1145 4652 et
1177 4598 1305 4653 'non
1361 4597 1498 4653 alius
1531 4598 1699 4655 Filius
1762 4600 1878 4665 Dei,
1934 4611 1989 4657 et

416 4688 507 4758 qui
540 4688 734 4753 credit,
769 4689 928 4742 habet
952 4688 1118 4743 vitam
1158 4700 1417 4745 aeternam
1459 4690 1512 4745 in
1549 4692 1772 4750 nomine
1846 4694 1984 4765 ejus,

418 4796 602 4837 nonne
650 4782 951 4845 insaniunt,
994 4781 1083 4848 qui
1119 4782 1407 4847 delininut,
1453 4792 1508 4838 et
1570 4786 1757 4840 dicunt
1819 4788 1985 4843 alium

417 4889 534 4927 e~se
561 4872 781 4936 Filium,
808 4880 968 4942 atque
986 4872 1134 4926 aliud
1164 4887 1231 4926 ex
1265 4874 1373 4929 Deo
1395 4873 1653 4943 Verbum,
1707 4892 1868 4947 quam
1922 4894 1988 4934 ex

2107 4573 2456 4645 Ἑμμανουὴλ
2512 4573 2598 4626 διὰ
2644 4572 2745 4643 τῆς
2778 4572 2871 4627 τοῦ
2931 4572 3167 4642 ἀγγέλου
3227 4570 3421 4652 φωνῆς
3469 4567 3668 4639 Ἰησοῦς

2088 4666 2423 4735 ὠνόμασται.
2464 4666 2592 4720 Ὅτε
2628 4665 2811 4719 τοίνυν
2849 4664 3011 4727 αὐτός
3040 4666 3180 4724 ἐστι.
3234 4665 3330 4717 καὶ
3361 4663 3467 4734 οὐχ
3489 4661 3669 4732 ἕτερος

2084 4762 2112 4812 6
2148 4758 2272 4820 Υἱὸς
2295 4757 2387 4809 τοῦ
2418 4756 2578 4822 Θεοῦ,
2617 4757 2711 4809 καὶ
2735 4757 2761 4808 6
2815 4755 3094 4809 πιστεύων
3134 4756 3248 4825 ἔχει
3273 4754 3425 4826 ζωὴν
3460 4752 3666 4809 αἰώνων

2086 4854 2142 4904 ὲν
2174 4851 2252 4921 τῷ
2283 4850 2504 4919 ὀνόματι
2530 4849 2718 4915 αὐτοῦ,
2749 4848 2865 4910 πῶς
2895 4850 2956 4902 οὐ
2988 4851 3297 4917 μεμήησιν
3331 4849 3381 4901 οἱ
3414 4847 3669 4917 διορίζον-

420 4974 608 5019 sancta
635 4976 823 5019 natum
865 4964 1127 5033 Virgine?
1178 4964 1235 5019 In
1263 4967 1345 5022 bis
1375 4967 1520 5022 enim
1548 4971 1881 5039 evangelista
1934 4981 1986 5029 et

2094 4960 2204 5005 τες,
2261 4943 2355 4995 καὶ
2387 4941 2687 5011 φάσκοντες
2722 4942 2910 5011 ἕτερον
2966 4939 3094 4993 Υίδν
3146 4937 3309 5004 εἶναι,
3350 4942 3449 4993 καὶ
3490 4938 3671 5006 ἕτερον

2096 5033 2181 5055 _‘,,,
2241 5035 2299 5055 ὶ--
2334 5030 2465 5055 ﬂ--.”-
2516 5032 2677 5055 Al--__.
2730 5033 2817 5055 --μὶ
2859 5032 2947 5055 ,ιη
2998 5035 3056 5055 ι--
3117 5033 3213 5055 ...2-
3249 5032 3406 5055 3..-.2..-
3469 5030 3659 5055 "_-ﬁl,

420 5058 572 5111 valde
602 5057 815 5125 quidem
846 5067 1031 5126 aperte
1059 5057 1316 5118 declarat.
1345 5074 1405 5113 se
1437 5075 1601 5116 unum
1625 5070 1678 5115 et
1716 5062 1886 5118 solum
1921 5080 1989 5121 ex

429 5148 691 5205 ambobus
726 5148 1276 5218 nossectprmdicare
1333 5148 1515 5205 Jcsum
1582 5150 1883 5216 Christum.
1943 5155 1993 5211 id

431 5250 536 5304 est,
566 5255 628 5293 ex
662 5239 770 5294 Deo
803 5238 963 5293 Patre
993 5239 1232 5294 Verbum
1287 5256 1504 5297 carnem
1568 5253 1623 5298 et
1672 5246 1991 5315 sanguinem

418 5332 801 5404 assumpsisse,
842 5334 1065 5402 perinde
1093 5342 1253 5403 atque
1275 5349 1393 5399 nos,
1448 5345 1504 5389 ut
1563 5338 1825 5407 scriptum
1885 5349 1994 5397 est.

499 5578 606 5631 Hoc
637 5580 756 5646 fecit
786 5580 992 5631 initium
1036 5581 1305 5647 signorum
1337 5579 1491 5634 Jesns
1531 5583 1582 5635 in
1640 5580 1789 5637 Cana
1846 5583 1996 5639 Cali-

420 5670 554 5732 ltew,
588 5672 1255 5741 etmanifestamtgloriam
1314 5688 1487 5736 suam,
1544 5684 1592 5727 et
1657 5677 1991 5731 crediderunt

496 5845 511 5874 ¹
544 5845 697 5899 Joan.
733 5860 769 5907 ι,
812 5843 896 5899 16,
999 5844 1018 5873 ¹
1050 5839 1154 5894 lsa.
1208 5857 1246 5907 ι,
1306 5841 1391 5895 Η.

2095 5033 2185 5088 τὸν
2237 5035 2301 5086 ἐκ
2332 5030 2467 5086 Θεοῦ
2503 5032 2700 5099 Λόγον,
2730 5033 2824 5085 καὶ
2858 5032 2948 5085 τὸν
2993 5035 3058 5085 ὲκ
3115 5033 3213 5101 τῆς
3244 5032 3406 5099 ἁγίας
3468 5030 3670 5099 Παροι-

2092 5143 2225 5192 νου,
2287 5126 2538 5179 Φαίνεται
2604 5124 2711 5193 γὰρ
2776 5126 2836 5176 ἐν
2897 5124 3109 5179 τούτοις
3172 5125 3201 5175 6
3272 5120 3664 5191 Εὐαγγελιστὴς

2092 5218 2184 5271 καὶ
2226 5215 2375 5285 μάλα
2412 5213 2599 5282 σαφῶς
2634 5215 2729 5265 ἕνα
2784 5216 2878 5267 καὶ
2912 5214 3073 5283 μόνον
3104 5213 3197 5266 τὸν
3240 5214 3299 5278 ἐξ
3351 5214 3551 5281 ἀμφοῖν
3585 5212 3663 5261 εἰ-

2092 5306 2223 5373 δὼς,
2262 5309 2358 5361 καὶ
2394 5306 2684 5379 κηρύττων
2741 5305 2951 5376 Ἰησοῦν
2985 5305 3245 5375 Χριστὸν,
3297 5305 3538 5358 τουτέστι
3579 5300 3664 5353 τὸν

2096 5402 2161 5455 ἐκ
2192 5401 2327 5454 Θεοῦ
2360 5400 2570 5471 Πατρὸς
2608 5401 2780 5468 Λόγον
2809 5399 3042 5469 αἵματος
3102 5399 3196 5451 καὶ
3261 5398 3464 5467 σαρκὸς
3495 5411 3663 5448 κεκοι-

2099 5492 2381 5562 νωνηκότα
2410 5490 2807 5564 παραπλησίως
2837 5491 2969 5560 ἡμῖν
2993 5531 3006 5553 ,
3056 5488 3199 5542 καθὰ
3234 5493 3559 5559 γέγραπται.

2176 5586 2406 5649 Ταύτην
2435 5583 2684 5649 ἐποίησε
2720 5582 2831 5651 τὴν
2857 5581 3054 5649 ἀρχὴν
3078 5581 3198 5634 τῶν
3227 5580 3487 5645 σημείων
3515 5580 3543 5629 ὁ
3562 5576 3662 5637 Ἰη-

2102 5678 2255 5742 σοῦς
2278 5677 2347 5730 ὲν
2379 5674 2545 5743 Κανᾷ
2568 5675 2671 5744 τῆς
2687 5677 3043 5739 Γαλιλαίας,
3078 5674 3175 5726 καὶ
3210 5672 3543 5741 egure;er
3559 5666 3659 5727 τὴν

1495 5844 1514 5875 ³
1572 5844 1841 5917 inomni,
1899 5852 1984 5906 15.
2059 5850 2301 5907 ‘Muttb.
2360 5866 2478 5915 nt,
2542 5848 2595 5903 9.
2674 5850 2693 5881 '
2750 5849 2904 5902 Joan.
2951 5847 3272 5913 ax,30,51.
