3968 6550
250 389 358 449 919

1218 384 1588 445 amoma
1636 336 2077 443 DOGMATlC‘A
2140 402 2206 412 —
2238 375 2387 438 Tl'l‘.
2434 375 2554 437 xv.

3416 376 3546 437 9501

251 511 355 565 σει,
390 501 487 553 καὶ
507 498 640 552 tam
671 498 814 569 ἔχων
833 498 996 564 αὐτό,
1030 499 1079 551 εί
1101 499 1155 552 δὲ
1180 499 1280 550 ἀνὰ
1313 501 1477 566 μέρος
1507 499 1601 549 καὶ
1633 494 1838 556 ῐδικῶς,

1953 492 2069 544 heat
2094 495 2373 561 prOprium
2403 506 2467 545 ac
2500 506 2655 545 suun
2706 488 2845 543 ?Sin
2880 486 3154 543 hominem
3224 486 3547 553 privatum,

243 594 414 664 ῆγουν
449 593 592 646 κατά
627 594 797 661 μόνας
827 593 917 645 τὸν
952 594 1015 645 ὲκ
1039 591 1296 659 γυναικὸς
1324 589 1615 663 ἄνθρωπον
1642 587 1830 655 δεδεῆ-

246 684 370 738 σθαι
408 700 542 753 φασι
584 683 682 753 τῆς
724 682 820 736 τοῦ
856 682 1173 752 Πνεύματος
1224 684 1484 752 μετοχῆς,
1517 681 1636 743 πῶς
1668 680 1833 742 αὑτός

246 778 399 830 ἔστιν
431 776 459 828 ό
492 775 775 846 βαπτίζων
813 777 870 829 ὲν
917 775 1085 844 αὐτῷ,
1122 775 1302 828 καίτοι
1355 775 1492 844 μόνῃ
1525 773 1832 844 πρέποντος

243 872 313 940 τῇ
348 870 615 941 ἀνωτάτῳ
673 871 836 938 φύσει
894 866 991 920 τοῦ
1040 868 1134 921 καί⁸
1183 866 1511 934 ἀποφαίνειν
1570 863 1833 918 δύνασθαι

248 966 652 1037 μετεσχηκότας
689 966 782 1020 τοῦ
804 964 1123 1034 Πνεύματος
1142 964 1270 1027 τοῦς
1293 959 1621 1034 προσιόντας
1649 957 1788 1025 αὐτῇ
1816 972 1830 1020 ;

248 1055 315 1109 Εἰ
344 1056 403 1109 δὲ
448 1056 665 1127 δέχεται
705 1057 799 1111 καὶ
853 1056 1069 1110 δίδωσιν
1109 1056 1138 1108 ὁ
1188 1054 1370 1120 αὐτὸς,
1424 1051 1712 1123 πρόδηλον,
1749 1050 1836 1103 ὅτι

245 1150 394 1204 κατά
422 1165 485 1218 γε
523 1151 651 1214 τοὺς
702 1152 802 1222 τῆς
844 1150 983 1221 μετά
1028 1151 1231 1221 σαρκὸς
1268 1146 1585 1217 οἰκονομίας
1618 1145 1833 1214 λόγους,

244 1243 345 1295 καὶ
376 1242 515 1296 καθὸ
548 1243 736 1310 φύσει,
768 1242 866 1297 καὶ
895 1241 1111 1312 ἀληθῶς
1134 1244 1251 1294 ἐστι
1283 1241 1436 1303 Θεός.
1486 1239 1709 1309 Δέχεται
1736 1236 1836 1304 μὲν

243 1334 354 1405 γὰρ
379 1334 737 1405 ἀνθρωπίνως
766 1334 863 1404 οὐχ
894 1334 1072 1403 ἐαυτῷ
1106 1332 1326 1403 μᾶλλον,
1351 1331 1489 1386 ἀλλά
1517 1332 1587 1401 τῇ
1616 1328 1834 1398 ἀνθρώ.

244 1444 371 1481 πων
400 1426 647 1497 φύσειδι⁹
675 1427 897 1491 ἑαυτοῦ,
923 1426 1017 1480 καὶ
1046 1428 1100 1479 ὲν
1118 1424 1293 1496 ἑαυτῷ
1316 1424 1532 1495 πρῶτον
1556 1419 1835 1490 προξενῶν

245 1519 386 1575 αὑτό
431 1537 445 1552 ·
483 1521 669 1575 δίδωσι
694 1520 751 1574 δὲ
784 1519 982 1583 θεῖκῶς
1004 1519 1063 1583 ἐξ
1092 1519 1229 1582 ίδίας
1280 1516 1445 1571 αὑτοῦ
1474 1515 1687 1586 φύσεως
1723 1513 1837 1575 τοῖς

243 1612 423 1680 ἀξίοις
462 1612 557 1666 τοῦ
586 1611 771 1666 λαϐεῖν
806 1610 993 1674 ὲνιείς.
1019 1605 1133 1663 Ἦν
1166 1609 1265 1678 μὲν
1295 1607 1389 1661 οὖν
1428 1606 1507 1677 τῷ
1533 1604 1837 1676 προκειμέ-

1939 593 1992 637 et
2013 583 2209 647 solum,
2240 583 2329 653 qui
2370 597 2435 636 ex
2497 581 2723 635 muliere
2749 589 2912 634 natus
2942 579 3034 638 sit.
3085 576 3297 646 Spiritu
3364 580 3521 633 dixe-

1941 673 2059 727 rint
2097 673 2361 743 indigere,
2399 672 2671 741 quomodo
2694 671 2811 739 ipse
2869 678 2952 724 est
3002 671 3092 739 qui
3169 671 3409 742 baptizat
3467 672 3519 726 in

1938 764 2056 834 ipso
2106 763 2347 834 Spiritu,
2409 778 2535 818 cum
2607 763 2707 817 soli
2758 777 3027 832 suprema:
3056 774 3265 817 natura:
3319 778 3519 817 convc-

1938 854 2053 908 niat
2088 867 2244 923 posse
2308 852 2591 907 declarare
2664 850 2901 921 Spiritus
2963 852 3257 922 participes
3294 868 3388 908 eos
3428 852 3542 921 qui:

1939 947 2005 1001 ad
2070 947 2247 1017 ipsum
2303 945 2621 1001 accedunt?
2666 944 2822 1010 Quod
2858 946 2903 999 si
2948 961 3087 1000 unus
3161 956 3325 1014 atque
3378 944 3516 999 idem

1938 1046 2044 1106 est,
2085 1039 2177 1108 qui
2213 1038 2463 1106 suscipit,
2497 1046 2550 1091 et
2577 1037 2669 1107 qui
2703 1037 2953 1107 largitur,
3008 1036 3357 1106 perspicuum
3414 1045 3520 1101 est,

1939 1132 2054 1187 hate
2104 1133 2243 1197 ﬁeri,
2285 1139 2555 1203 quatenus
2604 1130 2843 1202 pertinet
2894 1128 2964 1185 ad
3003 1141 3295 1200 assumpta:
3340 1130 3522 1184 carnis

1939 1224 2429 1295 dispensationem,
2464 1234 2516 1279 et
2567 1234 2841 1294 quatenus
2895 1233 3099 1278 natura
3134 1230 3188 1277 et
3226 1237 3352 1277 vere
3382 1224 3523 1277 Deus

1937 1332 2041 1373 est.
2074 1317 2309 1387 Suscipit
2339 1321 2482 1373 enim
2536 1329 2595 1373 ut
2648 1320 2831 1382 homo,
2894 1331 2996 1372 non
3032 1317 3200 1385 magis
3231 1316 3332 1370 sibi
3357 1331 3520 1385 quam

1942 1409 2191 1461 humanae
2249 1420 2456 1463 natura:
2506 1422 2603 1477 per
2628 1408 2869 1479 seipsum
2898 1416 2954 1462 et
3008 1408 3059 1460 in
3109 1406 3288 1475 seipse
3351 1406 3525 1475 primo

1941 1499 2203 1570 Spiritum
2260 1501 2579 1557 concilians.
2618 1501 2917 1555 Datautem
2953 1510 3011 1554 ut
3062 1498 3230 1562 Deus,
3274 1513 3340 1553 ex
3401 1513 3524 1567 prn‘

1940 1594 2056 1665 pria
2090 1604 2283 1648 natura
2315 1594 2557 1649 tribuens
2590 1593 2698 1648 illis
2750 1593 2840 1662 qui
2871 1592 3023 1663 digni
3093 1600 3243 1655 sunt,
3285 1600 3343 1646 ut
3396 1604 3524 1644 eum

244 1724 324 1775 νῳ
358 1705 508 1776 ρητῷ
539 1704 901 1776 προσεοικότα
949 1719 1007 1756 τε
1040 1704 1135 1756 καὶ
1168 1702 1261 1756 τὸν
1310 1701 1426 1755 ἴσον
1471 1699 1668 1772 ἔχοντα
1708 1697 1835 1751 νοῦν

1953 1689 2234 1759 accipiant.
2271 1687 2521 1742 Poteram
2581 1686 2709 1741 huic
2764 1686 3053 1741 sententia:
3133 1684 3333 1739 multas
3389 1682 3524 1737 alias

248 1794 585 1865 παραθεῖναι
607 1794 704 1848 καὶ
733 1794 896 1863 ἕτερα
919 1809 933 1824 ·
958 1792 1019 1845 τδ
1045 1791 1103 1846 δέ
1126 1808 1190 1860 γε
1213 1792 1541 1846 ταυτοεπείν
1575 1788 1837 1860 φορτικὸν

1953 1780 2151 1836 similes
2190 1788 2245 1835 et
2281 1779 2537 1835 eandem
2569 1779 2831 1834 habentes
2857 1778 2963 1833 vim
3004 1779 3056 1832 in
3120 1780 3353 1833 medium
3400 1791 3528 1847 pro-

246 1846 914 1957 εὶδῦτεξέκείίνόφ-αμεν,
958 1884 1032 1949 ὡς
1060 1846 1280 1955 ἀπόχρη
1329 1883 1444 1945 τοῖς
1493 1846 1840 1950 νουνεγεστέ-

1953 1870 2107 1937 :‘erre,
2167 1886 2353 1927 verum
2379 1886 2500 1927 cum
2536 1871 2673 1927 idem
2706 1880 2950 1941 repetere
2992 1871 3279 1925 molestum
3328 1869 3421 1935 sit,
3459 1884 3523 1923 ex

250 1996 370 2049 ροις
407 1981 440 2050 ἠ
496 1980 615 2043 ἐνὸς
665 1979 927 2048 ἐξήγησις
957 1978 1035 2042 είς
1068 1977 1168 2048 τὴν
1198 1975 1308 2029 τῶν
1359 1974 1563 2044 ὁμοίως
1604 1972 1837 2041 ἐχόντων

1953 1965 2102 2021 unius
2134 1964 2232 2020 loci
2265 1964 2634 2020 declaratione
2688 1963 2983 2034 prudentes
3025 1964 3296 2030 homines,
3326 1972 3523 2017 caetera

248 2072 459 2142 ἀκριϐῆ
486 2072 841 2144 διασάφησιν.
872 2069 1088 2127 Οὐκοῦν
1128 2070 1323 2132 ὁσάκις
1352 2068 1420 2123 ἂν
1450 2067 1664 2136 λέγοιτο
1700 2065 1839 2136 Χριο

250 2167 378 2227 στος
414 2164 739 2234 ἀγιάζεσθαι
786 2166 994 2235 τυχεῖν,
1050 2165 1223 2236 ήγουν
1256 2162 1317 2218 τὸ
1365 2161 1594 2231 Πνεῦμα
1623 2159 1837 2223 λαϐεῖν,

246 2259 400 2312 κατὰ
432 2258 624 2311 τοῦτον
662 2258 827 2312 αὐτὸν
855 2256 949 2311 τὸν
986 2256 1192 2328 τρόπον
1228 2255 1499 2326 προσήκει
1530 2258 1696 2308 νοεῖν.

326 2349 469 2419 Περὶ
490 2349 558 2404 δὲ
582 2348 692 2417 τῆς
722 2348 967 2419 ἡμέρας,
998 2348 1037 2417 ἢ
1064 2347 1175 2419 τῆς
1194 2347 1350 2416 ὥρας
1382 2348 1619 2415 ἐκείνης
1639 2344 1843 2411 οὐδεὶς

248 2441 443 2509 οἶδεν,
474 2444 612 2500 οὔτε
640 2446 694 2499 oi
716 2442 961 2513 ἄγγελοι
992 2439 1112 2497 τῶν
1134 2440 1430 2509 οὐρανῶν,
1461 2441 1599 2495 οὔτε
1629 2442 1661 2494 ὁ
1687 2439 1842 2506 ΥΙὸς,

249 2540 308 2592 si
336 2536 426 2607 μὴ
471 2539 504 2593 ὀ
531 2536 754 2607 Πατήρ.
811 2536 874 2590 Εί
904 2533 1141 2607 Χριστὸν
1172 2534 1295 2599 ἕνα,
1330 2533 1517 2601 φασὶν,
1556 2532 1848 2603 ὁμολογεῖν

251 2629 543 2696 ὶγνὼκατε
576 2629 668 2683 τὸν
696 2627 790 2683 τοῦ
820 2626 958 2682 Θεοῦ
1001 2626 1177 2697 Λόγον
1201 2625 1645 2697 σεσαρκωμένον,
1678 2626 1845 2696 ἧγουν

252 2721 732 2807 ὲνηνθρωξπηκότα
762 2762 778 2787 ,
828 2720 947 2786 πῶς
997 2720 1184 2790 ἠγνόει
1222 2719 1332 2793 ,τὴν
1383 2720 1484 2790 τῆς
1532 2717 1847 2781 συντελείας

251 2818 474 2888 ἡμέραν
498 2834 515 2885 ;
541 2816 727 2887 Φαμὲν
774 2814 892 2882 οὖν,
918 2817 1002 2871 ὅτι
1052 2817 1325 2888 ἀγνοῆσαι
1348 2816 1512 2886 τυχὸν
1543 2815 1613 2869 τὰ
1642 2817 1701 2869 ἐν
1727 2815 1848 2886 Θεῷ

255 2911 543 2981 μυστήρια
583 2909 708 2964 οὔτε
734 2909 1028 2980 ἀσύνηθες,
1066 2908 1191 2964 οὔτε
1224 2911 1332 2980 μὴν
1364 2910 1567 2977 ἑτέρως
1597 2907 1850 2975 ἀπρεπὲς

249 3003 428 3073 ἂνεῖη
454 3006 520 3074 τῇ
548 3003 746 3056 κτίσει.
782 3004 879 3070 Τίς
911 3003 1023 3072 τὰρ
1054 3003 1207 3073 ἔγνω
1246 3003 1399 3057 γοῦν
1426 3002 1681 3071 Κυρίου;
1704 2999 1848 3054 κατὰ

249 3095 319 3148 τὸ
338 3096 749 3166 γεγραμμένον.
767 3095 880 3148 Καὶ
910 3096 957 3147 εἰ
986 3095 1202 3164 λέγεται
1223 3095 1397 3167 βραχὺ
1418 3094 1551 3165 παρ’
1581 3094 1849 3162 ἀγγέλους

1941 2056 2137 2112 similia
2190 2057 2306 2112 loca
2365 2055 2523 2112 facile
2575 2057 2806 2112 dicimus
2884 2057 3278 2111 intellecturos.
3348 2053 3530 2123 Itaque

1942 2150 2158 2227 quoties
2194 2148 2466 2214 Christus,
2496 2158 2590 2204 aut
2616 2149 2945 2205 sanetiiicari
2993 2148 3223 2212 dicetur,
3255 2156 3348 2201 aut
3405 2146 3528 2216 Spi-

1946 2242 2107 2298 ritum
2141 2244 2409 2312 accipere,
2444 2241 2548 2297 huc
2579 2243 2738 2296 modo
2786 2241 3040 2296 convenit
3092 2240 3411 2310 intelligere.

2016 2354 2099 2410 De
2134 2356 2216 2410 die
2260 2365 2458 2419 autem,
2488 2366 2580 2409 aut
2606 2354 2737 2410 liora
2792 2354 2888 2409 illa
2954 2370 3102 2409 nemo
3144 2354 3307 2417 novit,
3367 2369 3528 2422 neque

1947 2449 2125 2519 angeli
2180 2449 2434 2513 catastas,
2492 2464 2656 2519 neque
2708 2445 2886 2503 Filius
2918 2490 2935 2515 ,
3005 2447 3111 2501 nisi
3163 2446 3328 2502 Pater
3383 2447 3422 2502 ⁸.
3468 2447 3525 2500 Si

1947 2541 2225 2598 Christum
2285 2558 2476 2607 unum,
2535 2542 2812 2610 inquiunt,
2882 2539 3249 2596 conﬁtendum
3290 2541 3527 2595 senseris

1950 2634 2046 2689 Dei
2085 2633 2340 2701 Verbum,
2374 2635 2518 2706 quod
2548 2648 2792 2699 carnem,
2824 2648 2918 2689 seu
2955 2633 3227 2688 hominem
3280 2647 3529 2699 assump-

1949 2727 2042 2789 sit,
2070 2725 2342 2795 qnomodo
2370 2724 2855 2781 consummationis
2887 2724 3031 2779 diem
3057 2724 3359 2795 ignoravit?
3422 2724 3528 2778 Be-

1949 2818 2283 2886 spondemus
2318 2832 2420 2873 nec
2479 2816 2756 2872 insolitum
2786 2831 2949 2880 esse,
3018 2831 3117 2872 nec
3163 2817 3428 2872 dedecere
3474 2826 3533 2869 ut

1952 2925 2038 2966 res
2066 2920 2358 2980 procreata:
2398 2911 2652 2980 ignorent
2678 2910 2962 2981 mysteria,
2999 2925 3120 2980 qua:
3164 2910 3368 2964 suntin
3397 2910 3529 2963 Deo.

1953 3003 2089 3069 Qui:
2112 3004 2281 3071 enim,
2343 3004 2539 3075 inquit,
2571 3003 2711 3058 novit
2758 3020 2968 3058 sensum
3026 3002 3338 3057 Domini’?
3379 3000 3446 3056 Et
3489 3002 3534 3056 si

1954 3096 2122 3154 Filius
2144 3099 2339 3155 dicitur
2369 3099 2586 3170 paulum
2624 3099 2691 3153 ab
2729 3099 2937 3169 angelis
2972 3096 3312 3165 imminutus,
3341 3106 3536 3167 quate-

250 3190 283 3240 ό
316 3187 441 3252 Υἱὸς
466 3187 812 3258 ἠλαττῶσθαι
836 3226 852 3253 ,
910 3187 1047 3241 καθὸ
1076 3189 1307 3255 γέγονεν
1342 3187 1631 3259 ἄνθρωπος
1655 3188 1846 3258 δηλον-

1956 3207 2055 3246 nus
2080 3192 2242 3246 homo
2274 3192 2450 3246 factus
2486 3200 2589 3256 est,
2615 3192 2860 3262 quamvis
2890 3200 2946 3245 ut
2982 3192 3122 3246 Deus
3187 3194 3350 3246 rebus
3401 3205 3541 3259 prae-

252 3281 367 3342 ότι,
426 3281 602 3333 καίτοι
638 3281 870 3343 κτίσεως
895 3280 1117 3349 ἀπάσης
1145 3280 1220 3333 ὢν
1248 3280 1509 3333 ἐπέκεινα
1535 3279 1755 3345 θεῖκῶς,
1790 3279 1842 3332 τί

1953 3292 2053 3338 stet
2082 3284 2333 3339 omnibus
2356 3284 2681 3352 procreatis,
2708 3284 2835 3352 quid
2882 3283 3098 3349 mirum,
3148 3282 3193 3337 si
3246 3296 3349 3336 una
3408 3297 3532 3337 cum

250 3380 320 3434 τὸ
353 3378 563 3449 θαῦμα,
580 3380 681 3434 κᾶν
714 3378 849 3451 ὁμοῦ
876 3382 989 3444 τοῖς
1013 3379 1269 3449 ἀγγέλοις
1294 3379 1508 3447 ἀγνοεῖν
1541 3376 1761 3446 λέγεται
1784 3377 1846 3430 τὸ

1953 3375 2155 3443 angelis
2187 3374 2439 3445 ignorare
2469 3377 2681 3431 dicatur
2704 3376 3123 3447 mysteria,qu:e
3144 3384 3272 3431 sunt
3298 3376 3350 3431 in
3387 3376 3495 3432 Deo
3516 3379 3539 3430 ’ἐ

255 3475 320 3526 ὲν
341 3472 460 3543 Θεῷ
489 3473 809 3544 μυστήριον,
842 3472 1023 3529 καίτοι
1053 3469 1216 3541 σοφία
1251 3472 1346 3524 καὶ
1396 3469 1628 3540 δύναμις
1663 3469 1844 3538 όπὰρ·

1953 3468 2112 3535 Atqui
2182 3469 2452 3538 sapientia
2482 3479 2588 3534 est,
2620 3479 2672 3527 et
2705 3472 2876 3525 virtus
2902 3470 3091 3540 ipsius.
3129 3469 3412 3536 Quomodo
3439 3484 3536 3522 au-

253 3585 376 3637 χων
404 3567 567 3621 αὑτοῦ
593 3584 607 3635 ;
640 3564 772 3622 Εἶτα
803 3568 919 3630 πῶς
943 3567 1009 3622 ἂν
1037 3566 1305 3639 ἠγνόησεν
1336 3566 1369 3636 ἡ
1407 3563 1569 3633 σοφία
1596 3563 1687 3617 τοῦ
1710 3561 1846 3616 Θεοῦ

1953 3564 2061 3615 tem
2103 3562 2314 3628 ignoret
2366 3562 2631 3633 sapientia
2665 3562 2759 3616 Dei
2800 3573 2853 3617 et
2899 3562 3076 3617 Patris
3132 3576 3252 3631 qua:
3297 3570 3426 3617 sunt
3483 3562 3538 3616 in

256 3662 361 3714 καὶ
417 3660 627 3730 Πατρὸς
661 3661 730 3713 τὰ
763 3662 819 3712 ὲν
854 3660 1005 3730 αῦτῷ
1054 3658 1454 3730 κεκρυμμένας
1516 3656 1629 3710 Καὶ
1680 3658 1728 3708 εί
1788 3657 1846 3709 τὸ

1953 3651 2066 3722 ipso
2088 3652 2403 3708 abscondita
2429 3654 2451 3707 7
2483 3654 2549 3708 Ει
2583 3654 2626 3708 si
2664 3653 2898 3725 Spiritus
2922 3654 3123 3709 dicitur
3147 3662 3350 3709 cuncta
3382 3667 3538 3708 scru-

259 3751 495 3822 Πνεῦμα
540 3751 768 3819 λὲγεται
808 3753 988 3807 πάντα
1042 3753 1294 3822 ὲρευνᾷν,
1329 3750 1424 3804 καὶ
1459 3749 1530 3803 τὰ
1580 3748 1717 3819 βάθη
1751 3749 1846 3803 τοῦ

1953 3745 2077 3812 tari,
2113 3748 2276 3801 etiam
2318 3746 2581 3816 profunda
2611 3746 2729 3812 Dei,
2764 3744 3003 3816 Spiritus
3035 3755 3216 3801 autem
3243 3752 3326 3802 est
3382 3747 3541 3802 Chri.

257 3844 424 3911 Θεοῦ,
447 3844 508 3897 τὸ
540 3843 763 3913 Πνεῦμα
794 3843 852 3898 δέ
877 3845 992 3897 ἐστι
1021 3842 1118 3896 τοῦ
1151 3842 1412 3914 Χριστοῦ,
1442 3840 1560 3905 πῶς
1590 3842 1656 3897 ἂν
1687 3840 1850 3905 αὐτὸς

259 3938 535 4008 ἠγνόησεν
571 3937 719 4009 ἅπερ
774 3931 916 3990 οἶδεν
966 3935 1213 4006 ἀκριϐῶς
1256 3935 1318 3988 τὸ
1369 3935 1598 4005 Πνεῦμα
1644 3932 1848 4000 αὐτοῦς

260 4029 479 4085 Οὐκοῦν
512 4028 616 4082 κᾶν
646 4030 861 4097 ἀγνοεῖν
914 4026 1271 4096 ἀνθρωπίνως
1304 4026 1556 4096 λέγηται,
1594 4025 1711 4081 ἀλλ’
1742 4022 1851 4080 οἶδε

262 4124 486 4185 θεῖκῶς.
518 4122 632 4177 Καὶ
658 4121 813 4190 γοῦν,
848 4120 971 4174 Ποῦ
994 4120 1243 4174 τέθειται
1268 4118 1533 4187 Λάζαρος
1555 4137 1575 4186 ;
1608 4119 1848 4191 ἐρωτῶν,

264 4216 343 4279 ὡς
374 4216 497 4282 ἐξὸν
528 4213 674 4284 αὐτῷ
711 4217 785 4283 μὴ
807 4213 1009 4268 εἰδέναι
1041 4211 1185 4266 κατά
1208 4212 1269 4262 τὸ
1298 4212 1661 4281 ἀνθρώπινον,
1693 4213 1856 4284 ἑνήρ-

267 4326 358 4379 γει
391 4308 614 4373 θεῖκῶς,
638 4307 952 4376 ἀναστήσας
973 4305 1136 4361 αὐτὸν
1159 4306 1224 4358 ἐκ
1254 4301 1486 4375 νεκρῶν.
1519 4302 1852 4375 ’Λπονέμον-

262 4420 357 4465 τις
383 4404 564 4455 τοίνυν
603 4401 668 4471 τῇ
699 4400 838 4471 μετά
865 4398 1070 4471 σαρκὸς
1096 4397 1382 4470 οἰκονομίᾳ
1412 4396 1481 4451 τὰ
1507 4393 1847 4467 ἀνθρώπινα,

1951 3841 2063 3906 sti,
2095 3842 2367 3911 quomodo
2397 3839 2657 3896 Christus
2690 3840 2961 3912 ignoravit
2986 3856 3047 3897 ea
3083 3856 3206 3910 qua:
3259 3841 3420 3913 plane
3440 3857 3539 3896 no-

1952 3932 2028 3988 vit
2047 3933 2283 4002 Spiritus
2320 3932 2492 4003 ipsius
2517 3934 2539 3988 2
2566 3932 2858 3988 Dicendum
2889 3932 3052 4004 igitur
3073 3941 3180 3996 est,
3205 3946 3326 3987 eum
3349 3947 3540 4001 quam—

1953 4027 2036 4081 vis
2064 4027 2278 4099 ignoret
2310 4035 2369 4080 ut
2406 4027 2590 4094 homo,
2622 4026 2764 4082 scire
2814 4032 2995 4079 tamen
3031 4031 3089 4079 ut
3151 4025 3346 4080 Deum.
3400 4022 3538 4077 Nam

1953 4135 2078 4175 cum
2113 4118 2277 4174 etiam
2308 4118 2616 4188 quaesisset,
2654 4116 2745 4172 ubi
2778 4116 3024 4171 Lazarus
3084 4125 3235 4171 esset
3290 4114 3529 4185 positus,

1956 4218 2212 4280 tanquam
2240 4211 2340 4279 ipsi
2370 4220 2428 4265 ut
2455 4209 2660 4264 homini
2691 4211 2880 4265 liceret
2906 4207 3138 4274 nescire,
3195 4218 3253 4263 ut
3285 4206 3424 4264 Deus
3457 4217 3538 4262 ta-

1959 4296 2081 4360 men
2108 4305 2313 4360 illuma
2348 4304 2582 4361 mortuis
2612 4302 2866 4359 excitans
2915 4304 2970 4357 in
3013 4304 3179 4358 vitam
3235 4301 3533 4358 revocavit.
3643 4338 3647 4342 -

1959 4395 2284 4452 Tribuentes
2315 4397 2478 4467 igitur
2503 4388 2925 4465 dispensationi,
2951 4410 3069 4463 quae
3089 4393 3142 4449 in
3172 4408 3335 4449 carne
3396 4394 3539 4450 facta

263 4496 580 4564 τηρήσομεν
631 4491 872 4556 εὐσεϐῶς
923 4491 1019 4545 καί⁵
1050 4488 1175 4544 καθ’
1220 4490 1367 4561 ἡμᾶς
1398 4487 1649 4560 γεγονότι
1680 4488 1759 4558 τῷ
1788 4490 1846 4543 ὲκ

1959 4501 2064 4553 est,
2111 4489 2201 4544 illa
2237 4502 2357 4558 quae
2404 4498 2530 4543 sunt
2585 4486 2844 4552 humana,
2880 4486 3059 4541 Verbo
3081 4501 3149 4542 ex
3204 4487 3313 4542 Deo
3359 4488 3541 4558 genito

265 4587 405 4641 Θεοῦ
436 4587 594 4655 φύντι
624 4585 782 4655 Λόγῳ
816 4584 885 4638 τά
914 4582 1217 4655 θεοπρεπῆ.

342 4763 730 4832 Βαπτιςόμεθα
757 4763 945 4833 ὥσπερ
970 4765 1051 4827 είς
1070 4762 1128 4817 ἓν
1154 4762 1326 4833 ὄνομα
1352 4761 1444 4817 τοῦ
1478 4742 1862 4835 Πατρδς.οῦτω

267 4860 362 4913 καὶ
388 4860 471 4919 είς
518 4856 575 4909 ἓν
609 4856 781 4923 ὄνομα
809 4855 905 4909 τοῦ
938 4855 1090 4920 Υίοῦ,
1126 4857 1222 4910 καὶ
1254 4858 1334 4921 είς
1374 4857 1467 4909 τὸν
1496 4857 1728 4911 θάνατον
1759 4858 1859 4911 αῦ-

264 4950 388 5014 τοῦ,
431 4950 528 5002 καὶ
554 4952 632 5012 είς
672 4949 731 5001 τὸ
760 4947 982 5018 Πνεῦμα
1004 4948 1064 5001 τδ
1094 4948 1268 5016 ἅγιον.
1302 4948 1721 5004 Διδασκέτωσαν
1748 4950 1860 5002 τοί-

264 5058 364 5093 νυν
393 5042 445 5091 οί
476 5038 802 5109 διορίζοντες
833 5040 912 5102 είς
946 5036 1101 5101 υίοῦς
1127 5038 1222 5091 δύο
1252 5039 1344 5093 τὸν
1371 5039 1468 5092 ἕνα
1501 5040 1738 5109 Χριστὸν
1765 5041 1859 5093 καὶ

270 5134 423 5197 Υῑδν,
461 5131 746 5201 ἄνθρωπόν
781 5148 841 5184 τε
874 5132 992 5201 Θεῷ
1028 5130 1363 5202 συναφθῆναι
1403 5131 1680 5200 λέγοντες,
1719 5132 1860 5186 κατὰ

274 5227 449 5295 μόνην
506 5224 607 5294 τὴν
648 5223 869 5294 ἰσότητα
925 5223 1026 5293 τῆς
1088 5223 1269 5289 ἀξίας,
1320 5224 1490 5294 ἤγουν
1549 5224 1858 5288 αὺθεντίας,

270 5314 622 5387 δ;ῃρημένων
649 5316 756 5367 τῶν
787 5314 1024 5383 φύσεων,
1057 5318 1136 5378 εἰς
1164 5316 1255 5368 τὸν
1286 5317 1433 5378 τίνος
1465 5315 1694 5368 θάνατον
1725 5316 1856 5369 ἐϐα-

276 5403 623 5472 πτίσθημενς
656 5402 720 5456 Ei
756 5402 853 5472 μὲν
886 5403 1068 5466 ἰδικῶς
1116 5406 1193 5466 εἰς
1221 5404 1314 5457 τὸν
1342 5404 1437 5457 τοῦ
1489 5404 1623 5457 Θεοῦ
1659 5405 1858 5473 Λόγον,

273 5495 734 5567 κατηγορήσαμεν
768 5495 1017 5565 ἐναργῶς
1050 5498 1149 5567 τῆς
1176 5495 1456 5567 ἀκηράτου
1511 5497 1728 5566 φύσεως
1762 5498 1862 5567 τὴν

276 5588 510 5658 φθορὰν,
572 5588 666 5641 καὶ
702 5587 1069 5658 καθοριοῦμεν
1102 5588 1334 5643 θάνατον
1378 5589 1477 5659 τῆς
1526 5587 1668 5643 κατά
1701 5589 1861 5659 φύσιν

278 5680 423 5753 ζωῆς
451 5719 466 5735 .
503 5682 552 5734 εί
585 5680 647 5734 δὲ·
670 5680 736 5752 δὴ
764 5684 923 5751 φαῖεν
972 5683 1053 5746 είς
1082 5681 1173 5737 τὸν
1206 5681 1301 5735 τοῦ
1344 5684 1407 5737 ὲκ
1454 5683 1710 5752 γυναικὸς
1753 5682 1862 5754 ἰδίᾳ

355 5869 370 5898 ²
414 5863 609 5923 Matth.
674 5881 822 5933 xxuv,
876 5864 963 5920 36.
1044 5867 1064 5897 ³
1097 5864 1257 5921 Rom.
1307 5878 1384 5933 XI,
1418 5866 1503 5921 3i.

1960 4588 2014 4636 et
2051 4579 2345 4635 secundum
2379 4593 2478 4635 nos
2497 4577 2643 4635 l‘acto
2671 4594 2733 4632 ea
2757 4593 2879 4648 qua:
2903 4579 3014 4633 Deo
3045 4588 3177 4634 sunt
3216 4581 3380 4648 digna
3410 4595 3543 4635 con-

1959 4672 2326 4728 servabimus.

2029 4762 2493 4831 Quemadmodum
2524 4764 2577 4819 in
2603 4779 2767 4819 unum
2821 4760 2997 4818 Patris
3030 4776 3252 4823 nomen,
3281 4760 3361 4816 sic
3387 4772 3438 4816 et
3488 4763 3541 4814 in

1961 4872 2129 4914 unum
2168 4855 2289 4910 Filii
2334 4871 2552 4919 nomen,
2586 4865 2640 4911 et
2682 4857 2736 4911 in
2770 4842 3000 4912 mortem
3035 4850 3230 4927 ipsius,
3264 4854 3393 4910 etin
3423 4855 3547 4924 Spi-

1962 4950 2126 5003 ritum
2160 4954 2407 5002 sant-tum
2439 4948 2800 5017 baptlzamur.
2836 4947 2938 5014 Qui
2961 4949 3096 5004 duos
3131 4949 3183 5004 in
3215 4947 3354 5005 illios
3380 4964 3545 5004 unum

1960 5036 2241 5093 Christum
2298 5046 2353 5093 et
2420 5038 2612 5093 Filiam
2666 5038 2938 5105 dividunt,
2991 5038 3215 5111 Deoque
3263 5041 3541 5096 hominem

1961 5130 2314 5199 conjunctttm
2368 5140 2636 5197 asserunt,
2697 5131 2945 5199 doceant,
3007 5135 3192 5190 divisis
3249 5136 3543 5190 secundmn

1958 5221 2129 5276 sclam
2167 5218 2467 5290 dignitatis,
2502 5234 2596 5274 seu
2630 5223 2973 5277 auctoritatis
2996 5225 3363 5293 aequalitatem
3394 5234 3548 5277 natu-

1962 5313 2059 5380 ris,
2088 5313 2141 5367 in
2175 5320 2331 5380 cujus
2371 5320 2599 5365 mortem
2664 5312 2923 5380 baptizati
2966 5328 3177 5367 sumus.
3227 5313 3285 5367 Si
3312 5326 3533 5383 separa-

1960 5406 2055 5461 tim
2085 5404 2142 5458 ln
2170 5396 2335 5456 Verbi
2365 5402 2456 5455 Dei
2490 5410 2739 5467 mortem,
2780 5412 2967 5473 aperte
3003 5414 3212 5457 natura:
3246 5402 3545 5457 immortali

1963 5497 2347 5553 mortalitatem
2381 5494 2744 5559 ascribemus,
2774 5495 3185 5563 tribuemusque
3225 5503 3457 5549 mortem
3485 5495 3535 5549 ei

1960 5588 2053 5660 qui
2084 5594 2180 5653 per
2218 5592 2464 5639 naturam
2495 5591 2579 5638 est
2601 5585 2727 5637 vita.
2763 5581 2917 5649 Quod
2943 5585 2990 5639 si
3026 5582 3281 5649 dixerint,
3312 5583 3365 5637 in
3399 5598 3543 5639 mor-

1964 5686 2073 5735 tem
2106 5675 2250 5732 illius
2277 5672 2600 5744 separatim,
2635 5681 2691 5728 et
2711 5672 3013 5742 sigillatim,
3037 5682 3093 5732 et
3129 5689 3226 5747 per
3254 5686 3335 5741 se,
3362 5675 3451 5746 qui
3480 5691 3546 5731 ex
