3968 6546
505 409 613 473 959
1738 408 2072 471 ΕυΤΙΙΥΜ]

2191 406 2533 471 llGABENl
3669 413 3758 475 960

505 523 681 591 ipsum
721 518 998 588 proprium
1031 516 1253 583 faciens,
1291 520 1342 574 in
1385 520 1501 590 ipso
1535 532 1725 588 sponte
1764 536 1858 574 sua
1893 537 2072 590 passus

2193 518 2704 592 προσκυνούμενοςς
2747 517 2776 572 6
2813 518 3067 591 σύνεδρος
3096 518 3173 590 τῷ
3217 522 3422 593 “arpi;
3483 522 3627 577 Ἀλλ’
3661 525 3758 579 ἔστι

502 623 608 677 est,
644 620 697 666 et
727 621 947 681 propter
997 620 1224 665 mortem
1264 627 1519 681 suprema
1553 612 1726 681 gloria
1758 626 2069 668 coronatura

2197 615 2373 686 σαφὴς
2403 614 2435 684 ή
2470 613 2758 685 πρότασις.
2782 612 3057 667 Καθίκετο
3080 613 3192 685 γὰρ
3216 615 3274 666 ἐν
3297 616 3408 679 τοῖς
3438 615 3543 685 τῆς
3570 616 3764 687 ἀνθρω-

504 715 561 759 ut
602 704 691 769 qui
730 712 903 757 morte
939 719 1033 758 sua
1088 714 1316 759 mortem
1353 704 1709 768 destruxerit,
1761 713 1813 760 ct
1858 720 2071 775 corrup-

2192 708 2426 775 πὸτητος
2459 709 2683 777 μέτροις
2714 706 2808 760 καὶ
2836 705 2898 759 τὺ
2928 706 3303 778 ἀποθνήσκειν
3332 708 3583 777 πεφυκὸς
3616 710 3759 781 σῶμα

504 800 702 852 tionem
725 798 1015 851 invalidam
1035 796 1296 862 elfecerit,
1318 798 1514 867 quippe
1547 797 1636 868 qui
1664 798 1777 867 ipsa
1796 808 1879 854 est
1907 799 2071 852 ineor-

2194 798 2391 865 λαϐὼν,
2425 799 2554 852 ῖδιόν
2586 817 2645 852 τε
2679 798 2831 870 αὑτῷ
2868 800 3266 871 ποιησάμενος,
3295 802 3353 854 ἐν
3388 802 3541 875 αὑτῷ
3570 804 3761 858 πέπονι

503 892 682 958 ruptio
713 901 875 959 atque
901 889 1273 955 vita.Quantlo
1308 891 1472 961 igitur
1501 890 1684 946 Jesum
1721 893 1988 953 nominat.
2030 904 2070 946 et

2193 891 2280 944 θεν
2305 889 2471 955 έκὼν,
2512 892 2606 947 καὶ
2630 893 2755 956 ταῖς
2784 894 3049 949 ἀνωτάτω
3077 894 3259 961 δόξαις
3290 880 3661 966 στεφανοῦται
3686 900 3760 953 διὶι

501 985 767 1037 minorem
825 983 1031 1053 angelis
1059 983 1260 1039 factum
1288 983 1438 1048 dicit,
1475 984 1647 1052 ipsum
1675 1000 1781 1039 non
1811 985 2068 1040 hominen

2195 984 2248 1037 τὸ
2275 984 2470 1051 πάθος,
2498 984 2575 1049 ώς
2597 984 2668 1038 δι’
2693 984 2863 1039 αὑτοῦ
2888 987 3250 1059 καταργήσας
3274 987 3366 1041 τὸν
3392 989 3650 1055 θάνατον,
3678 994 3762 1045 καὶ

498 1094 592 1146 per
612 1092 672 1133 se
686 1076 963 1147 sigillatim
988 1077 1357 1149 intelligimus,
1386 1078 1476 1133 sed
1507 1077 1874 1149 Unigenitum,
1894 1080 2065 1134 saluti:

2193 1077 2470 1145 ἄπρακτον
2494 1079 2782 1149 ἀποφήνας
2803 1079 2902 1149 τὴν
2926 1079 3152 1150 φθορὰν,
3183 1080 3280 1135 ἅτε
3300 1081 3364 1153 δὴ
3395 1084 3490 1136 καὶ
3513 1082 3760 1155 ὑπάρχων

500 1173 750 1225 humanm
768 1171 1018 1236 consilio,
1071 1171 1387 1240 praestantia
1415 1171 1623 1226 sanctis
1659 1171 1863 1240 angelis
1881 1176 2067 1225 ceden-

2192 1169 2464 1242 ἀφθαρσία
2499 1171 2593 1224 καὶ
2623 1170 2762 1241 ζωή.
2805 1171 2979 1226 Ὅταν
3004 1166 3097 1227 οὖν
3136 1172 3348 1244 Ἰησοῦν
3373 1174 3647 1246 ὀνομάζῃ,
3682 1177 3759 1229 καὶ

494 1271 627 1325 tem,
650 1263 774 1333 quia
806 1277 933 1317 vere
985 1263 1165 1317 factus
1193 1262 1305 1332 :est
1364 1262 1551 1327 homo,
1620 1264 1711 1331 qui
1768 1263 2061 1335 angelorun

2193 1263 2531 1333 ἠλαττώτθαι
2559 1264 2696 1337 λέγῃ
2723 1266 2879 1337 παρὰ
2906 1266 3029 1330 τοὺς
3053 1266 3323 1335 ἀγγέλους
3348 1268 3536 1336 αὐτὸν,
3564 1270 3662 1323 οὐκ
3687 1272 3760 1325 ἄνα

498 1353 732 1408 vincitur
760 1354 1104 1409 excellentia.
1136 1353 1271 1420 Quae
1295 1353 1512 1423 quidem
1537 1354 1866 1410 excellentia
1928 1355 1979 1409 in
2016 1369 2065 1410 et

2192 1354 2408 1425 θρωπον
2441 1355 2547 1410 άνά
2581 1356 2750 1427 μέρος
2789 1359 2885 1411 καὶ
2924 1358 3146 1423 ίδικῶς,
3187 1360 3308 1413 ἀλλ’
3341 1361 3507 1416 αὑτὸν
3548 1363 3759 1434 νοοῦμεν

492 1446 597 1500 sita
620 1454 728 1512 est,
752 1446 896 1515 quod
920 1454 973 1501 et
1000 1448 1181 1501 carnis
1206 1458 1258 1501 et
1287 1447 1478 1501 mortis
1502 1458 1750 1516 esprrtes
1777 1457 1922 1511 sunt,
1957 1463 2059 1501 cun

2190 1444 2275 1497 τὸν
2308 1446 2589 1518 Μονογενῆ
2631 1448 3070 1519 παραχωροῦντα
3114 1451 3175 1503 τὸ
3207 1450 3469 1523 προύχειν
3499 1453 3757 1524 οἰκονομι-

495 1536 781 1607 utriusque
803 1548 1024 1609 propter
1051 1540 1413 1594 voluntariam
1447 1540 1873 1596 exinanitionem
1910 1540 2062 1596 Filius

2188 1534 2294 1599 κῶς
2318 1538 2433 1600 τοῖς
2455 1537 2632 1606 ἁγίοις
2652 1541 2930 1608 ἀγγέλοις.
2949 1542 3032 1595 ὅτι
3052 1541 3287 1613 ἀληθείᾳ
3311 1544 3541 1612 γέγονεν
3566 1544 3755 1616 ἀνθρω-

492 1630 770 1699 particeps
793 1645 914 1687 esse
945 1632 1195 1688 voluerit.
1244 1634 1314 1686 At
1349 1635 1439 1703 qui
1483 1646 1703 1703 propter
1728 1639 2059 1689 humanitati:

2189 1642 2286 1690 πος
2322 1628 2350 1680 6
2384 1628 2482 1699 τῆς
2513 1630 2743 1685 ἐκείνων
2784 1633 3064 1705 ὑπεροχῆς
3109 1634 3445 1706 ἡττώμενος.
3478 1636 3563 1693 Τά
3588 1639 3645 1692 δὲ
3671 1639 3756 1710 τῆς

490 1722 854 1780 conditionem
882 1725 1089 1794 angelis
1119 1726 1281 1795 paulo
1312 1726 1488 1779 minor
1522 1725 1750 1781 eﬂectu's
1786 1735 1897 1791 est,
1929 1728 1973 1781 is
2025 1728 2057 1780 it

2188 1720 2284 1774 ύπε
2297 1723 2463 1794 ροχῆς
2481 1726 2593 1788 τοῖς
2611 1723 2789 1795 ἁγίοις
2805 1727 3079 1796 ἀγγέλοις,
3093 1730 3174 1783 ὅτι
3197 1729 3291 1782 καὶ
3308 1729 3413 1797 ἔξω
3432 1730 3661 1799 σαρκὸς,
3676 1736 3755 1786 καὶ

489 1817 810 1873 excellentia
841 1817 1142 1873 divinitatis
1196 1818 1465 1873 exsistcns
1510 1821 1576 1872 ah
1608 1818 1717 1873 illis
1747 1820 2052 1874 adoraturi:

2186 1814 2276 1868 τοῦ
2300 1818 2557 1873 τεθνάναι
2583 1820 2870 1893 κρείττους
2897 1821 3027 1887 είσὶ,
3048 1822 3335 1891 γεγονότος
3359 1827 3417 1878 ὲν
3445 1825 3661 1890 τούτοις
3675 1829 3753 1880 τοῦ

490 1912 643 1961 sedet
664 1908 716 1963 in
745 1908 991 1975 sedibus,
1025 1924 1159 1979 quas
1200 1907 1274 1962 illi
1304 1909 1666 1968 constituunt.
1690 1924 1817 1963 eum
1850 1924 2057 1981 semper

2185 1908 2299 1966 rio-3
2348 1912 2437 1968 διὰ
2485 1913 2587 1985 τὴν
2624 1913 2875 1969 ἑκούσιον
2918 1915 3172 1971 κένωσιν.
3230 1917 3373 1971 Ἀλλ’
3412 1919 3443 1973 6
3495 1918 3670 1989 βραχύ
3710 1939 3752 1973 τι

496 2000 869 2057 collaudantes
894 2012 948 2059 et
976 2012 1303 2072 potestatum
1338 2002 1623 2056 Dominum
1656 2003 2008 2071 appellantes.

2191 2005 2319 2077 παρ’
2380 2004 2647 2075 ἀγγέλους
2693 2005 3081 2078 ὴλαττωμένος
3142 2005 3232 2061 διά
3268 2024 3333 2077 γι
3392 2008 3454 2062 τὸ
3513 2012 3615 2079 τῆς
3671 2011 3747 2064 ἀν-

490 2096 845 2165 θρωπότητος
906 2097 1134 2167 μέτρον,
1200 2097 1259 2149 ἐν
1325 2096 1574 2167 ὑπεροχῇ
1635 2097 1890 2169 θεότητος
1951 2099 2064 2167 ὣν,
2106 2102 2497 2173 προσκυνεῖται
2520 2100 2652 2172 παρ’
2682 2101 2888 2166 αὐτῶν,
2919 2103 3015 2156 καὶ
3077 2101 3358 2175 ἐνίδρυται
3421 2098 3645 2168 θώκοις,
3671 2102 3750 2168 οὒς

489 2190 849 2259 περιεστᾶσιν
888 2192 1087 2244 ἐκεῖνοι
1126 2193 1538 2261 δοξολογοῦντες
1570 2195 1681 2260 ἀεὶ,
1720 2195 1949 2248 καὶτῶν
1976 2195 2264 2268 δυνάμεων
2294 2198 2456 2251 αὑτὸν
2484 2196 2849 2269 ὀνομάζοντες
2881 2198 3108 2270 Κύριον.

491 2303 743 2372 Ejusdem
775 2320 837 2358 ex
867 2304 1026 2367 libro.
1051 2308 1141 2375 qui
1180 2323 1245 2360 cz
1274 2309 1682 2379 interrogatione
1706 2326 1821 2362 rese
1859 2313 2058 2366 usioue-

2185 2314 2292 2370 Τοῦ
2326 2315 2519 2372 αὑτοῦ
2554 2314 2627 2370 ἐκ
2668 2314 2777 2371 τοῦ
2815 2316 2969 2370 κατὰ
3021 2316 3244 2373 πεῦσιν
3304 2314 3408 2373 καὶ
3444 2315 3752 2386 ἀπόκρισιν

1102 2394 1200 2431 0118
1226 2390 1453 2434 constat.

2862 2389 3073 2457 λόγου.

562 2467 694 2521 Nam
716 2470 905 2539 genuit
919 2471 1138 2539 quidem
1156 2472 1298 2527 heus
1314 2490 1377 2529 ac
1393 2473 1551 2529 l’ater
1571 2473 1764 2529 Filium
1781 2493 1845 2531 et
1867 2492 2074 2548 seipse.

2254 2477 2560 2549 Γεγέννηκε
2591 2476 2693 2549 μὲν
2723 2477 2833 2551 γὰρ
2857 2482 2885 2532 ό
2920 2479 3052 2543 Θεὸς
3082 2480 3176 2534 καὶ
3213 2480 3403 2551 Πατὴρ
3428 2481 3523 2534 τὸν
3555 2481 3682 2534 Υἱδν
3702 2482 3752 2547 ἐξ

491 2566 850 2627 generatione
880 2579 1008 2619 una.
1047 2565 1317 2621 Cuterunt
1348 2568 1549 2638 placuit
1584 2571 1632 2624 ei
1670 2574 1978 2627 instaurare
2013 2575 2058 2627 itt

2186 2568 2397 2635 ἑαυτοῦ,
2422 2571 2674 2643 γεννήσει
2697 2574 2798 2645 μιᾷ
2817 2589 2832 2606 ο
2857 2572 3000 2643 πλὴν
3020 2573 3312 2642 εὐδόκησεν
3333 2576 3390 2629 ὲν
3414 2577 3568 2647 αὑτῷ
3591 2578 3651 2631 τὸ
3674 2581 3753 2630 ἀν-

489 2657 609 2723 ipso
624 2671 797 2727 genus
824 2657 1127 2712 humanum
1148 2671 1243 2729 per
1270 2659 1697 2715 incarnatimtem
1724 2661 1839 2718 sive
1874 2664 2056 2719 huma-

2187 2665 2450 2736 θρώπινον
2479 2666 2761 2723 ἀνασῶσαι
2788 2666 2969 2734 γένος,
2986 2669 3175 2738 τρόπῳ
3211 2661 3291 2738 τῷ
3322 2667 3471 2723 κατὰ
3500 2669 3606 2741 τὴν
3636 2671 3754 2739 σάρ-

492 2751 794 2817 nationem,
848 2766 1014 2821 quam
1055 2754 1284 2809 omnino
1335 2755 1448 2810 fieri
1481 2756 1719 2825 oportuit
1779 2774 1877 2828 per
1933 2760 2059 2816 ησύ·

2186 2774 2362 2824 ιωσιν,
2380 2757 2547 2831 ἤγουν
2570 2758 3007 2831 ένανθρώπησιν,
3032 2759 3102 2832 ην
3126 2761 3306 2832 πάντη
3329 2778 3390 2815 τε
3417 2761 3515 2817 καὶ
3544 2762 3753 2826 πάντως

492 2841 714 2897 vitatem
759 2858 827 2898 ex
868 2846 1137 2911 muliere,
1177 2858 1236 2902 ut
1291 2862 1388 2917 per
1432 2848 1844 2907 similitudinem
1904 2868 2059 2921 quant

2189 2853 2421 2919 γενεσθαι
2444 2853 2635 2923 ἐχρῆν,
2651 2852 2740 2907 διὰ
2762 2853 3075 2926 γεννήσεως
3097 2853 3341 2927 δηλονότι
3362 2855 3465 2925 τὴν
3490 2857 3557 2909 ὲκ
3581 2871 3756 2925 γυναι-

501 2938 777 2996 uobiscum
808 2939 969 2994 habet
987 2937 1221 2994 Verbum
1249 2952 1318 2992 ex
1349 2936 1460 2993 Deo
1489 2946 1696 3003 ortum,
1738 2937 2068 2996 condemneé

2185 2952 2284 3011 κὸς,
2304 2948 2391 3001 ῖια
2422 2950 2485 3020 τῇ
2525 2947 2662 3021 πρὸς
2701 2948 2848 3018 ἡμᾶς
2874 2948 3141 3019 ὁμοιώσει
3176 2952 3270 3003 τοῦ
3301 2950 3365 3003 ἐκ
3395 2948 3536 3005 Θεοῦ
3568 2948 3752 3019 φύντος

502 3041 589 3086 tur
619 3031 838 3102 quidem
867 3030 919 3084 in
938 3029 1197 3084 membris
1228 3029 1411 3084 carnis
1461 3037 1662 3083 nostra;
1710 3027 1794 3084 lex
1824 3030 2067 3097 peccati;

2190 3040 2367 3106 λόγου.
2400 3052 2806 3109 κατακρινηται
2846 3042 2946 3111 μὲν
2978 3042 3036 3094 ὲν
3058 3042 3172 3105 τοῖς
3204 3043 3393 3105 μέλεσι
3422 3043 3527 3113 τῆς
3565 3044 3757 3114 σαρκές

500 3121 556 3174 in
594 3120 951 3175 similitudine
984 3128 1165 3175 autem
1194 3117 1387 3174 mortis
1429 3116 1547 3187 ejus
1569 3118 1661 3187 qui
1708 3129 1934 3172 mortem
1962 3134 2067 3172 non

2178 3126 2275 3194 τῆς
2304 3127 2578 3195 ἁμαρτίας
2610 3128 2637 3179 ὁ
2666 3126 2850 3198 νόμος,
2888 3129 2946 3180 ὲν
2970 3125 3277 3196 ὁμοιώματι
3302 3125 3357 3179 δὲ
3385 3126 3623 3178 Θανάτου
3662 3125 3745 3179 τοῦ

500 3208 672 3273 novit,
699 3218 993 3263 evacuetur
1022 3220 1190 3263 mors.
1225 3224 1244 3260 ι
1282 3205 1341 3261 Si
1365 3207 1509 3262 enim
1542 3205 1891 3276 complantati
1942 3208 2067 3262 facti

2181 3218 2256 3289 μὴ
2317 3218 2518 3280 εἰδότος
2573 3216 2738 3271 αὑτὸν
2786 3216 3133 3286 καταργῆται
3185 3214 3433 3278 θάνατος.
3492 3233 3513 3266 ι
3550 3216 3615 3268 El
3649 3215 3746 3285 γὰρ

501 3314 711 3364 sumus,
743 3298 939 3368 inquit,
985 3296 1325 3354 similitudini
1373 3297 1566 3353 mortis
1625 3295 1741 3366 ejus
1773 3314 1785 3349 :
1813 3297 1975 3352 simul
2018 3308 2068 3353 et

2180 3309 2456 3380 σύμφυτοι
2502 3313 2840 3381 γεγόναμεν,
2874 3308 3045 3378 φησὶ,
3077 3306 3155 3377 τῷ
3186 3305 3497 3377 ὁμοιώματι
3537 3305 3634 3360 τοῦ
3660 3307 3743 3359 θα-

502 3388 883 3446 resurrcctioni
916 3387 1120 3444 erimus
1172 3386 1214 3444 ⁸.
1253 3405 1272 3440 ι
1317 3385 1637 3444 Necessario
1666 3389 1848 3458 itaque
1889 3388 1936 3443 is
1980 3388 2069 3459 qui

2174 3400 2335 3455 νάτου
2364 3399 2529 3454 αὑτοῦ
2557 3443 2570 3466 ,
2604 3400 2738 3454 ἁλλά
2768 3398 2862 3453 καὶ
2896 3398 2993 3468 τῆς
3030 3397 3378 3460 ἀναστάσεως
3418 3397 3679 3467 ἐσόμεθα.
3720 3414 3736 3447 ι

496 3496 713 3552 semper
740 3481 975 3547 exsistit,
1010 3489 1261 3537 natusest
1294 3481 1593 3537 secundum
1618 3497 1859 3546 carnem,
1884 3494 2063 3537 nosmt

2176 3491 2382 3546 Οὐκοῦν
2421 3491 2736 3561 ἀναγκαίως
2767 3492 2794 3543 6
2822 3487 2898 3543 ὢν
2937 3489 3030 3542 καὶ
3056 3490 3084 3542 6
3122 3486 3384 3559 ὑπάρχων
3425 3486 3741 3556 γεγέννηται

496 3575 549 3630 in
574 3574 809 3644 seipsum
842 3572 1193 3641 transferens,
1230 3582 1289 3628 ut
1327 3573 1580 3628 nimirum
1611 3574 1883 3644 genimina
1947 3589 2063 3629 car-

2177 3583 2315 3638 κατὰ
2349 3583 2550 3653 σάρκα,
2580 3581 2651 3635 τὰ
2684 3580 2843 3652 ἡμῶν
2878 3582 2958 3644 είς
3003 3579 3194 3633 ἑαυτὸν
3224 3578 3503 3650 μεταθεὶς,
3553 3579 3641 3632 ἵνα
3684 3577 3744 3631 τά

496 3666 603 3730 nis,
629 3666 730 3720 hoc
756 3672 858 3730 est,
886 3680 1005 3730 nos,
1031 3663 1364 3733 corruptioni
1394 3663 1793 3734 perditioniqne
1823 3664 2063 3731 obnoxii,

2177 3674 2382 3745 σαρκὸς
2407 3674 2745 3745 γεννήματα,
2768 3672 3069 3737 τουτέστιν,
3120 3672 3301 3742 ἡμεῖς⁴
3328 3672 3377 3723 οί
3428 3670 3660 3741 φθαρτοί
3690 3685 3742 3721 τε

494 3756 890 3814 ηὶθηθεωυείη
948 3756 1086 3826 ipso:
1146 3755 1343 3826 (ΙυίΡΡθ
1385 3755 1500 3825 Ψιίν
1544 3770 1665 3824 qua
1696 3767 1882 3810 ηοεῑη
1918 3766 2064 3822 ⁸111³⁸,
2175 3768 2269 3822 καὶ
2311 3764 2714 3835 ἀπολλύμενοι,
2787 3763 3040 3834 μένωμεν
3086 3763 3146 3815 ὲν
3191 3761 3363 3833 αὑτῷ,
3411 3761 3523 3815 ἴδια
3566 3760 3746 3814 λοιπόν

494 3850 712 3922 propria
740 3849 845 3905 sibi
878 3846 1090 3915 fecerit,
1114 3855 1169 3901 et
1196 3861 1297 3902 sua
1323 3846 1501 3902 nobis.
1534 3846 1760 3917 Propter
1790 3864 1889 3903 nos
1919 3849 2061 3904 enim

2173 3857 2349 3928 ἔχοντι
2377 3856 2444 3909 τὰ
2486 3854 2666 3926 ἡμῶν,
2701 3854 2787 3907 ἵνα
2818 3853 2911 3908 καὶ
2950 3853 3109 3924 ἡμεῖς
3156 3850 3226 3906 τὰ
3263 3850 3450 3905 αὑτοῦ.
3496 3850 3574 3905 Δι’
3606 3853 3740 3922 ἡμᾶς

492 3941 661 4011 eguit,
695 3956 818 3996 cum
870 3947 1017 3995 esset
1073 3939 1253 4006 dives,
1317 3946 1375 3992 ut
1418 3954 1517 3994 nos
1537 3939 1704 4009 ipsius
1726 3939 1903 4009 inopia
1928 3942 2059 3996 dites

2173 3949 2281 4019 γὰρ
2324 3945 2636 4018 ὲπτώχευσε
2669 3946 2923 4007 πλούσιος
2966 3942 3062 4010 ὢν,
3099 3943 3185 3997 ἵνα
3232 3945 3393 4015 ἡμεῖς
3438 3946 3507 4014 τῇ
3544 3944 3740 3997 ἐκείνου

494 4032 851 4087 evaderemus
900 4031 945 4088 '.
971 4029 1072 4097 Qui
1098 4044 1228 4085 vero
1282 4038 1534 4084 asserunt
1584 4043 1690 4083 non
1729 4029 1903 4099 ipsum
1936 4029 2061 4085 Ver-

2173 4037 2416 4109 πτωχείᾳ
2442 4037 2854 4108 πλουτήσωμεν.
2885 4033 3189 4098 Φάσκοντές
3212 4050 3279 4102 γε
3304 4032 3430 4105 μὴν,
3460 4034 3564 4087 οὑκ
3590 4032 3740 4087 αὑτὸν

495 4126 620 4179 hum
651 4139 716 4179 ex
742 4122 852 4178 Deo
884 4121 1086 4177 factum
1113 4135 1235 4177 esse
1262 4134 1480 4176 carnem
1497 4135 1561 4174 ex
1590 4119 1833 4187 muliere,
1849 4136 2062 4177 omnem

2170 4130 2417 4200 γενέσθαι
2456 4130 2635 4201 σάρκα
2676 4128 2766 4183 τὸν
2798 4130 2862 4182 ὲκ
2905 4126 3042 4180 Θεοῦ
3086 4125 3281 4194 Λόγον,
3319 4125 3435 4196 ἦτοι
3491 4125 3737 4193 γέννησιν

494 4215 909 4271 salutisuostra:
955 4212 1421 4284 dispensationem
1473 4212 1688 4269 tollunt.
1745 4211 1859 4267 Nisi
1918 4213 2061 4267 enim

2171 4222 2462 4293 ὑπομεῖναι
2495 4221 2595 4292 τὴν
2629 4219 2771 4274 κατά
2813 4221 2991 4291 σάρκα
3041 4218 3104 4270 ὲκ
3144 4216 3421 4285 γυναικὸς,
3467 4214 3738 4285 ἀναιροῦσι

495 4308 648 4363 dives
677 4321 797 4362 eum
828 4313 973 4362 esset
1000 4304 1292 4375 eguit,pra2
1314 4304 1575 4359 immensa
1607 4318 1701 4359 sua
1731 4304 2062 4374 benignitate

2170 4313 2268 4384 τὴν
2300 4312 2633 4383 οἰκονομίαν.
2674 4313 2737 4365 Εἰ
2770 4311 2877 4382 γάρ
2909 4311 2985 4381 μὴ
3012 4308 3266 4372 πλούσιος
3299 4305 3376 4362 ὣν
3415 4308 3736 4378 ἐπτώχευσε,

495 4412 557 4454 se
594 4396 661 4451 ad
692 4404 876 4453 nostra
895 4394 1208 4462 demittens,
1243 4409 1310 4449 ne
1338 4410 1434 4449 nos
1472 4394 1689 4463 quidem
1721 4409 1841 4463 qua:
1895 4394 2062 4463 ipsius

2169 4403 2359 4468 καθεὶς
2390 4403 2581 4457 ἑαυτὸν
2608 4405 2720 4467 τοῖς
2751 4402 2870 4457 καθ’
2900 4403 3047 4473 ἡμᾶς
3072 4404 3138 4455 ἐκ
3164 4399 3598 4472 φιλανθρωπίας,
3630 4396 3736 4451 οὐδὲ

493 4497 620 4544 sunt
642 4486 917 4545 consecuti
946 4501 1133 4545 sumus
1163 4505 1176 4542 :
1202 4487 1294 4542 sed
1325 4486 1497 4542 adhuc
1523 4487 1576 4541 in
1610 4487 1776 4541 veteri
1825 4496 2060 4556 egestate

2172 4497 2334 4571 ἡμεῖς
2376 4496 2445 4549 τά
2480 4494 2645 4549 αὑτοῦ
2695 4494 3175 4566 πεπλουτήκαμεν,
3224 4491 3341 4549 ἀλλ’
3372 4493 3543 4564 ἐσμὲν
3580 4496 3634 4546 ὲν
3668 4490 3735 4560 τῷ

493 4594 799 4647 versamur,
850 4579 1327 4649 exsecrationique
1381 4588 1438 4633 et
1493 4577 1659 4632 morti
1714 4592 1775 4633 ac
1841 4587 2060 4646 peccato

2170 4587 2468 4659 πτωχεύειν
2524 4586 2604 4642 ἔτι
2655 4587 2749 4643 καὶ
2794 4587 2904 4658 ἀρᾷ
2954 4586 3051 4641 καὶ
3096 4585 3313 4657 θανάτῳ
3361 4587 3454 4639 καλ⁵
3505 4583 3734 4655 ἁμαρτίᾳ

489 4671 712 4728 obnoxii
737 4685 947 4727 sumus.
996 4669 1131 4725 Nam
1184 4684 1250 4726 eo
1310 4669 1426 4740 ipso
1484 4671 1626 4739 quod
1669 4669 1904 4725 Verbum
1939 4685 2056 4726 caro

2170 4679 2536 4751 ἔνισχημένοι.
2570 4679 2644 4733 Τὸ
2676 4678 2870 4750 γάρτοι
2919 4678 3171 4747 γενέσθαι
3204 4678 3385 4748 σάρκα
3429 4678 3525 4730 τὸν
3556 4678 3733 4744 Λόγον,

491 4773 694 4819 tactum
730 4773 834 4832 est,
858 4763 1067 4819 sublata
1095 4770 1222 4817 sunt
1258 4776 1321 4819 ea
1351 4777 1472 4832 quae
1494 4777 1559 4817 ex
1595 4762 1978 4818 maledictione
2009 4772 2058 4817 et

2172 4771 2327 4825 λύσιν
2365 4771 2477 4842 ἔχει
2506 4772 2600 4826 καὶ
2630 4770 2943 4842 ἀνατροπὴν
2975 4769 3083 4823 τῶν
3110 4768 3170 4835 ἐξ
3197 4769 3337 4841 ἀρᾶς
3360 4771 3457 4822 καὶ
3486 4771 3639 4841 δίκης
3674 4769 3733 4838 τῇ

489 4856 944 4913 condemnatioue
980 4855 1231 4908 humanm
1257 4864 1466 4910 natura:
1522 4853 1855 4909 acciderant.
1916 4853 2056 4920 Quo-

2170 4862 2265 4916 τοῦ
2325 4862 2611 4935 ἀνθρώπου
2669 4863 2827 4933 φύσει
2881 4861 3328 4932 συμύεὸηκότων.
3387 4862 3628 4927 Οὐκοῦν,
3690 4859 3732 4912 ει

488 4947 641 5001 circa
676 4945 720 5001 si
748 4943 941 5000 salutis
967 4955 1168 5000 uostrm
1200 4944 1437 5000 radicem
1479 4946 1809 5011 convellunt,
1865 4955 1913 5000 et
1948 4945 2055 5014 spei

2171 4952 2595 5024 ἀναδοθρεύουσι
2625 4956 2725 5024 τῆς
2768 4953 3044 5024 σωτηρίας
3077 4952 3233 5023 ἡμῶν
3276 4951 3375 5022 τὴν
3426 4951 3612 5021 ῥίζαν,
3650 4949 3728 5004 καὶ

490 5049 691 5094 nostra;
708 5037 1118 5093 fundamentum
1176 5039 1516 5102 subvertant,
1542 5036 1671 5108 quid
1722 5037 1975 5107 deinceps
2002 5037 2057 5091 de

2171 5042 2263 5098 τὸν
2304 5043 2404 5114 τῆς
2438 5043 2651 5107 ἐλπίδος
2686 5043 2934 5115 θεμέλιον
2968 5041 3355 5113 ἀνορύττουσι,
3389 5043 3491 5096 ποῦ
3521 5044 3587 5095 τὰ
3626 5042 3730 5111 μετ’

490 5130 646 5186 nobis
672 5128 799 5184 fiet?
842 5127 973 5183 Nam
1001 5130 1044 5184 si
1077 5128 1312 5184 Verbum
1344 5144 1474 5185 caro
1507 5129 1705 5183 factum
1732 5143 1838 5183 non
1885 5138 1987 5192 est,
2008 5136 2057 5183 ul

2171 5135 2333 5188 αὑτὸν
2383 5135 2463 5187 ἔτι
2515 5133 2789 5200 κείσεται;
2840 5135 2915 5188 Οὑ
2963 5136 3069 5206 γὰρ
3114 5136 3419 5205 γεγονότος,
3472 5136 3545 5198 ὼς
3586 5135 3721 5203 ἔφην,

488 5222 622 5283 dixi,
655 5235 724 5276 ne
752 5220 945 5274 mortis
977 5220 1192 5289 quidem
1244 5218 1529 5288 imperium
1563 5231 1847 5272 excussum
1872 5226 1974 5280 est,
2005 5226 2055 5271 et

2174 5224 2373 5299 σαρκὸς
2403 5224 2498 5278 τοῦ
2528 5225 2725 5294 Λόγου,
2752 5224 2874 5278 οὑτε
2911 5224 3005 5279 τοῦ
3058 5225 3290 5280 θανάτου
3326 5225 3638 5293 κατεσείσθη
3672 5221 3723 5273 τὸ

486 5323 768 5382 peccatum
821 5311 961 5367 nulla
982 5312 1191 5365 ratione
1225 5309 1484 5363 abolitum
1523 5309 1713 5393 fuerit,
1753 5310 1846 5365 sed
1892 5308 2053 5362 adhut

2168 5314 2391 5386 κράτος,
2426 5317 2772 5387 κατήργηται
2812 5313 2870 5367 δὲ
2901 5316 3022 5368 κατ’
3052 5316 3245 5369 οὑδένα
3275 5317 3475 5387 τρόπον
3501 5316 3531 5386 ἡ
3562 5315 3712 5382 ἀμαρ-

487 5404 655 5473 primi
678 5403 938 5474 parentis,
974 5403 1077 5457 hoc
1103 5410 1206 5469 est,
1233 5400 1447 5466 Adami,
1483 5400 1915 5470 praevaricationi
1969 5400 2054 5455 ob-

2166 5406 2274 5472 τία,
2323 5404 2417 5460 καὶ
2466 5404 2635 5478 ἐσμὲν
2677 5405 2763 5459 ἔτι
2803 5407 2928 5470 ταῖς
2967 5406 3060 5461 τοῦ
3098 5406 3320 5479 πρώτου
3371 5407 3718 5478 παραϐάσεσιν

488 5497 634 5551 noxii
668 5511 875 5557 sumus,
925 5508 1095 5561 neque
1127 5493 1181 5546 in
1240 5492 1514 5546 meliorem
1562 5500 1762 5546 statum
1823 5490 2055 5545 translati

2169 5495 2380 5566 ἔνοχοι,
2450 5497 2728 5554 τουτέστιν
2785 5499 2999 5571 Ἀδὰμ,
3058 5500 3319 5572 οὐδεμίαν
3390 5500 3714 5568 ἀναφοίτησιν

478 5589 671 5630 sumus
697 5612 714 5638 .
752 5592 848 5644 per
874 5572 1154 5629 Christum
1180 5612 1196 5640 ,
1242 5570 1467 5645 inquam
1495 5607 1513 5637 ,
1561 5573 1809 5628 omnium
1860 5572 2045 5629 Set-ta

2168 5575 2384 5648 ἔχοντες
2414 5578 2495 5641 είς
2524 5577 2586 5633 τὸ
2614 5578 2861 5650 ἄμεινον,
2895 5570 2994 5658 τὴν
3015 5583 3107 5640 διά
3130 5570 3203 5656 γέ
3231 5599 3375 5655 φημι
3404 5582 3497 5640 τοῦ
3524 5584 3716 5640 πάντων

480 5674 677 5720 torem.

2171 5668 2203 5737 ἡ
2212 5667 2329 5737 μῶν
2360 5669 2612 5744 Σωτῆρος
2645 5670 2906 5743 Χριστοῦ.

556 5845 865 5913 'Botn.w,
900 5845 955 5900 5.
1031 5843 1122 5900 ’ll
1150 5844 1422 5910 Convnt,
1446 5844 1500 5902 9.
1754 5844 1903 5895 .t'u':
1952 5849 1963 5867 ³
2070 5843 2122 5891 ῖῖ
2196 5883 2225 5893 ..
