3968 6582
211 414 310 480 961

283 538 344 593 Β.
378 537 614 612 Συνίημι
713 541 840 613 φής.

283 632 344 682 Α.
389 631 487 695 Τίς
516 631 562 685 δ’
591 633 658 687 ἂν
687 636 781 688 καὶ
834 634 1007 692 νοοῖτο
1054 638 1192 712 πρὸς
1229 642 1388 713 ἡμῶν
1420 644 1450 697 6
1499 645 1790 718 παραπλη-

210 720 344 786 σίως
374 724 505 794 ἡμῖν
537 727 894 799 μετεσχηκὼς
934 731 1166 802 αἵματος
1189 733 1281 788 καὶ
1312 736 1534 808 σαρκὸς,
1570 736 1646 802 ὡς
1675 737 1792 791 ἕτε-

211 831 305 883 ρος
334 814 411 868 ὢν
446 818 576 888 παρ’
607 818 754 888 ἡμᾶς
788 819 930 875 κατά
963 823 1157 891 φύσινς
1187 825 1260 880 Οὐ
1287 825 1396 899 γάρ
1427 844 1509 881 τοι
1545 831 1680 900 φαίη
1709 847 1792 893 τις

207 902 279 956 ἂν
305 903 580 979 ἀνθρώπῳ
612 909 867 980 πρέπειν,
915 912 974 964 τὸ
1020 914 1436 986 ἀνθρωπότητος
1479 923 1789 989 μετασχεῖν.

215 996 285 1048 Ὃ
314 999 426 1067 γάρ
469 999 586 1053 ἐστι
632 1001 772 1056 κατὰ
813 1004 996 1073 φύσιν,
1027 1005 1144 1070 πῶς
1173 1007 1239 1062 ἄν
1267 1025 1349 1072 τις
1382 1011 1554 1064 νοοῖτο
1586 1010 1790 1077 λαϐὼν,

209 1087 290 1149 ὡς
335 1089 522 1161 ἕτερον
564 1092 623 1146 δν
666 1111 720 1146 τι
753 1097 884 1169 παρ’
924 1100 1062 1169 ὅπερ
1101 1100 1278 1166 gat-iv;
1306 1097 1431 1171 ’Ἆρ’
1471 1102 1530 1155 οὺ
1573 1104 1707 1156 πολὺ
1736 1105 1794 1157 τὸ

209 1182 364 1246 εἰκὸς
390 1184 417 1236 6
447 1184 602 1254 λόγος
635 1186 773 1258 ἔχεις

286 1362 347 1414 Β.
389 1361 539 1416 Πάνυ
577 1364 676 1433 μὲν
707 1359 820 1420 οὖν.

283 1454 348 1507 Δ.
388 1453 660 1526 Ἀθρειδὲ
691 1457 756 1528 δὴ
797 1457 890 1511 καὶ
939 1458 1164 1532 ἑτέρως,
1202 1460 1278 1524 ὡς
1326 1461 1544 1518 ἀνόσιόν
1573 1464 1632 1518 τέ
1681 1466 1797 1519 ἐστι

211 1548 310 1601 καὶ
347 1550 589 1620 ἀπηχὲς.
621 1553 684 1606 τὸ
711 1553 958 1627 ἀναιρεῖν
991 1555 1289 1627 πειρᾶσθαι
1318 1558 1412 1612 τοῦ
1445 1559 1582 1614 Θεοῦ
1619 1561 1795 1630 Λόγου

210 1639 313 1710 τὴν
371 1642 437 1694 ἐκ
470 1644 727 1715 γυναικὸς
785 1646 928 1701 κατά
985 1647 1165 1719 σάρκα
1209 1650 1483 1722 γέννησιν.
1537 1651 1656 1705 Τίνι
1689 1654 1798 1724 γὰρ

1149 409 1527 492 materna
1568 433 2027 500 DOGMATlCA.
2059 463 2126 474 —
2161 437 2312 497 'l‘t'l‘.
2350 439 2468 503 xv.

1824 552 1874 616 Α
1970 552 2030 609 Β.
2060 555 2311 629 Intelligo
2333 558 2463 630 quid
2496 558 2649 614 velis.

3365 436 3470 502 9(ῖέ

1960 649 2028 706 Α.
2066 651 2201 718 Quis
2226 666 2355 707 vero
2386 652 2718 724 intelligatur
2750 669 2778 708 a
2812 653 2967 708 nobis
2993 653 3082 722 qui
3116 654 3339 723 perinde
3389 661 3470 706 at-

1892 757 2117 812 qneuos
2143 743 2424 813 sanguinis
2475 758 2539 799 ac
2597 744 2781 799 carnis
2820 745 3090 814 particeps
3142 744 3318 798 lactus
3373 744 3468 808 sit,

1895 842 2148 904 tauquam
2184 833 2432 888 diversus
2460 849 2488 887 a
2523 834 2677 889 nobis
2706 835 3000 889 secundum
3048 833 3336 887 naturam-1
3366 832 3472 888 Ne-

1893 935 1997 990 que
2023 922 2166 975 enim
2201 922 2466 991 quispiam
2505 922 2702 977 dixerit
2728 924 3023 977 convenire
3084 921 3314 988 homini,
3375 923 3474 976 hu-

1895 1013 2170 1066 manitatis
2212 1013 2530 1082 participem
2588 1011 2880 1067 licri.Natn
2928 1013 2979 1068 id
3021 1014 3163 1083 quod
3200 1012 3468 1067 naturaliv

1899 1114 1979 1156 ter
2010 1111 2116 1168 est,
2143 1120 2253 1173 quo
2283 1115 2440 1172 pacto
2481 1105 2604 1175 quis
2635 1105 2910 1174 accepisse
2946 1103 3300 1174 intelligatur,
3319 1101 3470 1172 quasi

1896 1195 2039 1248 aliud
2063 1196 2314 1264 sitquam
2340 1198 2480 1265 qttod
2508 1196 2631 1252 est?
2676 1193 2863 1250 Nonne
2912 1195 3006 1249 tibi
3067 1203 3474 1250 consentaneus

1897 1300 2026 1340 vero
2051 1301 2232 1341 sermo
2267 1303 2416 1342 meus
2443 1289 2694 1343 videtur?

1967 1376 2027 1432 Β.
2059 1377 2311 1433 Omnino.

1965 1470 2027 1525 A.
2062 1471 2193 1525 Vide
2218 1482 2398 1528 autem
2424 1473 2586 1525 etiam
2632 1472 2734 1527 alia
2789 1473 3002 1526 ratione
3023 1486 3185 1541 quam
3222 1470 3472 1538 impium,

1897 1575 2166 1630 quamque
2191 1564 2484 1619 absurdum
2512 1564 2581 1618 sit
2611 1562 2770 1618 Verbi
2817 1578 2882 1618 ex
2917 1564 3142 1618 muliere
3169 1560 3471 1618 secundum

1897 1664 2120 1706 carnem
2150 1653 2485 1708 nativitatem
2518 1654 2706 1710 tollere
2743 1654 2951 1708 conari.
2988 1652 3105 1721 Quo
3143 1653 3288 1707 enim
3319 1660 3479 1723 pacto

210 1732 404 1803 τρόπῳ
435 1732 827 1806 ζωοποιήσειεν
850 1737 916 1792 ἂν
941 1739 1005 1792 τὸ
1037 1739 1200 1811 σῶμα
1235 1742 1424 1809 αὑτοῦ,
1457 1745 1506 1798 εἰ
1536 1744 1611 1816 μὴ
1647 1745 1795 1798 ἐστιν

1920 1742 2175 1798 viviﬁcare
2205 1748 2374 1814 possit
2407 1759 2604 1816 corpus
2629 1759 2810 1810 suum,
2845 1744 2947 1799 nisi
2969 1744 3040 1799 sit
3085 1743 3363 1814 proprium
3394 1743 3478 1812 ip-

214 1821 350 1874 ωιον
377 1821 564 1883 αὑτοῦ,
591 1823 648 1888 ὅς
675 1826 792 1878 ἐστι
829 1825 978 1898 ζωή;
1012 1825 1130 1891 πῶς
1161 1827 1222 1881 τὸ
1243 1824 1384 1899 αἷμα
1423 1829 1598 1901 Ἰησοῦ
1627 1829 1796 1885 καθα-

217 1914 362 1985 ρίζει
388 1915 538 1986 ἡμᾶς
566 1916 675 1971 ἀπὸ
701 1919 883 1989 πάσης
913 1920 1206 1992 ἁμαρτίας,
1229 1919 1389 1992 εἴπερ
1417 1922 1568 1976 ἐστὶν
1589 1921 1803 1994 ἀνθρώο

214 2024 323 2060 που
344 2007 528 2061 κοινοῦ
562 2009 658 2062 καὶ
683 2008 837 2074 ὄντος
865 2011 957 2080 ὑφ’
988 2011 1301 2083 ἀμαρτίαν;
1334 2013 1452 2077 πῶς
1475 2012 1800 2068 ἀπέστειλεν

212 2097 243 2148 6
272 2097 410 2161 Θεὸς
442 2099 538 2153 καὶ
564 2101 756 2171 Πατὴρ
783 2100 874 2155 τὸν
904 2101 1032 2156 Υἰὺν
1053 2101 1243 2169 αὐτοῦ,
1276 2103 1570 2176 γενόμενον
1607 2104 1672 2159 ἐκ
1701 2121 1804 2174 γυ-

213 2187 432 2253 ναικὸς,
464 2190 756 2261 γενόμενον
813 2192 919 2246 ὑπὸ
964 2194 1164 2266 νόμον;
1206 2195 1324 2260 πῶς
1369 2197 1660 2269 κατέκρινε
1704 2198 1805 2269 τὴν

215 2281 500 2352 ἁμαρτίαν
530 2283 589 2335 ἐν
617 2285 684 2355 τῇ
715 2285 915 2356 σαρκί;
943 2286 1019 2341 O6
1047 2286 1156 2358 γὰρ
1185 2282 1255 2360 ἦν
1277 2288 1568 2361 ἀνθρώπου
1596 2289 1803 2355 κοινοῦ,

215 2373 314 2425 καὶ
368 2376 811 2447 τυραννουμένην
873 2376 1093 2448 ἔχοντος
1153 2379 1273 2450 μεθ’
1332 2379 1491 2451 ἡμῶν
1547 2380 1655 2434 ὑπὸ
1705 2382 1806 2453 τῆς

217 2464 498 2538 ἁμαρτίας
537 2467 639 2537 τὴν
675 2466 862 2537 φύσιν,
903 2469 968 2523 τὸ
1006 2472 1337 2543 κατακρῖναι
1373 2471 1472 2544 τὴν
1503 2472 1803 2544 ἁμαρτίαν.

231 2557 391 2608 Ἐπεὶ
413 2557 470 2610 δὲ
501 2557 662 2629 σῶμα
707 2560 902 2629 γέγονε
947 2561 1044 2616 τοῦ
1076 2563 1417 2635 πλημμελεῖν
1456 2565 1557 2619 οὐκ
1583 2565 1806 2632 εἰδότος,

227 2647 484 2720 ταύτῃτοι
525 2651 622 2704 καί⁸
661 2652 808 2724 μάλα
843 2655 1070 2720 εἰκότως
1098 2654 1198 2728 τὴν
1237 2656 1339 2728 τῆς
1382 2657 1660 2731 ἁμαρτίας
1701 2659 1808 2712 ἀπ-

220 2739 479 2794 εσείσατο
517 2744 830 2816 τυραννίδα,
863 2736 968 2801 ’καὶ
1016 2748 1117 2818 τὴν
1165 2749 1402 2819 ἰδιότητα
1459 2749 1682 2804 πλουτεῖ
1711 2750 1808 2806 τοῦ

220 2830 522 2901 ἀφράστως
549 2835 686 2907 αὐτῇ
735 2837 831 2891 καὶ
864 2839 941 2902 ὼς
977 2837 1080 2893 οὐκ
1106 2837 1255 2893 ἐστιν
1285 2840 1577 2906 ἐνωθέντος
1605 2841 1805 2910 Λόγου,

222 2923 388 2990 ἅγιόν
431 2942 498 2978 τε
531 2927 625 2981 καὶ
679 2927 944 2994 ζωοποιόν
1001 2931 1142 2994 ἐστι,
1187 2932 1281 2986 καὶ
1328 2934 1428 3004 τῆς
1472 2932 1808 3005 θεοπρεποῦς

223 3015 514 3086 ἐνεργείας
541 3016 816 3089 ἔμπλεων.
853 3021 941 3084 Ὠς
972 3022 1031 3075 ἐν
1059 3022 1284 3095 ἀπαρχῇ
1318 3024 1374 3078 δέ
1402 3025 1644 3096 Χριστῷ,
1681 3042 1807 3096 μετ·

223 3108 660 3180 εποιχειὼμεθα
686 3113 783 3166 καὶ
804 3114 987 3183 ἡμεῖς,
1011 3115 1094 3179 εἰς
1117 3114 1180 3168 τὸ
1200 3112 1339 3170 εἶναι
1369 3117 1462 3172 καὶ
1485 3116 1692 3189 φθορᾶς
1715 3116 1812 3171 καὶ
1839 3096 1880 3153 C

225 3201 515 3272 ἁμαρτίας
545 3202 874 3273 κρείττονες.
898 3205 1009 3258 Καὶ
1038 3205 1259 3276 ἀληθὲς,
1291 3207 1394 3272 ὅτι,
1418 3207 1562 3262 κατά
1589 3208 1689 3278 τὴν
1719 3207 1812 3262 τοῦ

230 3293 510 3364 μακαρίου
555 3293 767 3350 Παύλου
799 3298 1004 3366 φωνὴν,
1043 3315 1062 3349 t
1093 3297 1308 3368 Ὥσπερ
1329 3297 1671 3368 ἐφορέσαμεν
1717 3295 1813 3368 τὴν

229 3384 424 3438 εἰκόνα
465 3385 561 3437 τοῦ
607 3385 825 3456 χοϊκοῦ,
859 3386 1167 3459 φορέσομεν
1199 3387 1294 3442 καὶ
1341 3387 1442 3460 τὴν
1495 3387 1680 3442 εἰκόνα
1720 3386 1814 3440 τοῦ

230 3472 585 3542 ἐπουρανίου,
620 3493 640 3527 ι
666 3475 913 3530 τουτέστι
945 3475 1203 3548 Χριστοῦ.
1240 3477 1589 3549 Ἐπουράνιος
1626 3476 1682 3529 δὲ
1725 3477 1817 3530 άν-

232 3563 459 3635 θρωπος
484 3566 684 3618 νοεῖται
719 3567 978 3639 Χριστὸς,
1004 3567 1104 3640 οὐχ
1133 3567 1210 3632 ὡς
1240 3568 1446 3623 ἄνωθεν
1467 3569 1599 3641 ἡμῖν
1630 3570 1740 3622 καὶ.
1760 3568 1818 3635 ἐξ

231 3655 474 3726 οὐρανοῦ
507 3656 606 3727 τὴν
641 3658 820 3730 σάρκα
863 3659 1232 3730 κατενεγκὼν,
1275 3660 1392 3715 ἀλλ’
1424 3661 1507 3715 ὅτι
1533 3661 1666 3725 Θεὸς
1691 3660 1768 3716 ὣν
1792 3662 1821 3714 6

236 3753 437 3821 Λόγος,
465 3751 843 3821 καταϐέϐηκεν
875 3753 936 3818 ἐξ
955 3753 1223 3826 οὐρανῶν.
1249 3753 1345 3808 καὶ
1378 3753 1478 3825 τὴν
1503 3754 1640 3824 πρὸς
1673 3756 1821 3825 ἡμᾶς

239 3845 504 3914 ὁμοίωσιν
533 3843 800 3910 ὑπελθὼν,
822 3844 1093 3907 τουτέστι,
1119 3845 1374 3914 γέννησιν
1402 3846 1702 3915 ὑπομείνας
1722 3847 1823 3917 τὴν

240 3934 388 3988 κατὰ
417 3934 596 4006 σάρκα
621 3935 685 3989 ἐκ
705 3936 982 4004 γυναικὸς,
1004 3935 1318 4007 μεμένηκεν
1347 3939 1482 4009 ὅπερ
1509 3935 1599 4010 ἦν,
1617 3937 1824 3992 ἄνωθεν

241 4033 492 4101 δηλονότι
511 4032 607 4086 καὶ
639 4031 699 4097 ἐξ
719 4033 983 4104 οὐρανῶν,
1006 4033 1104 4088 καὶ
1135 4033 1318 4088 ἐπάνω
1337 4033 1554 4088 πάντων
1575 4035 1651 4098 ὡς
1670 4035 1823 4101 Θεὸς,

243 4129 343 4180 καὶ
379 4125 516 4197 μετά
547 4126 768 4198 σαρκός.
809 4125 968 4180 Οὕτω
1009 4127 1120 4199 γάρ
1164 4126 1268 4180 πού
1291 4143 1455 4198 φησιν
1481 4128 1510 4181 6
1540 4126 1828 4191 θεσπέσιος

257 4219 516 4290 Ἰωάννης
538 4221 670 4291 περὶ
693 4219 882 4273 αὐτοῦ’
915 4239 934 4272 t
974 4220 1033 4274 Ὀ
1066 4219 1273 4275 ἀνωθεν
1304 4219 1620 4290 ἐρχόμενος,
1641 4221 1828 4276 ἐπάνω

248 4312 475 4366 πάντων
513 4312 681 4366 ἐστίν.
713 4329 732 4364 ι
777 4312 1196 4383 Ἀπομεμένηκε
1243 4312 1352 4386 γὰρ
1385 4312 1496 4365 τῶν
1535 4311 1672 4366 ὅλων
1717 4313 1828 4367 Κύ-

1902 1832 2036 1898 sius,
2063 1833 2152 1903 qui
2177 1843 2258 1889 est
2283 1834 2427 1888 vita?
2447 1845 2542 1888 aut
2563 1835 2832 1905 quomodo
2857 1833 3079 1904 sanguis
3101 1831 3303 1886 Christi
3324 1846 3480 1884 mun-

1901 1923 2052 1982 dabit
2117 1940 2213 1981 nos
2265 1924 2332 1980 ab
2370 1923 2518 1980 omni
2569 1933 2813 1993 peccato,
3045 1921 3089 1976 si
3142 1921 3215 1974 sit
3247 1918 3482 1975 hOtttiuis

1899 2019 2203 2074 communis
2231 2026 2284 2072 et
2307 2027 2532 2086 peccato
2557 2015 2775 2071 obnoxii
2801 2015 2824 2068 ?
2863 2030 2970 2084 quo
2988 2022 3144 2084 pacto
3174 2011 3321 2066 misit
3343 2010 3482 2064 Deus

1901 2125 1965 2166 ac
1983 2111 2145 2166 Pater
2170 2109 2363 2164 Filium
2392 2123 2549 2162 suum
2585 2108 2785 2162 factum
2837 2121 2899 2160 ex
2961 2103 3204 2167 muliere,
3281 2102 3480 2155 factum

1902 2205 2003 2260 sub
2035 2202 2152 2273 lege
2183 2204 2200 2234 ¹
2226 2202 2536 2272 ?quomodo
2562 2199 2883 2254 condemnat
2903 2204 3179 2267 peceatum
3213 2193 3266 2247 in
3295 2189 3482 2246 carne?

1902 2293 2089 2364 Neque
2115 2293 2257 2348 enim
2297 2302 2412 2348 erat
2441 2291 2676 2347 hominis
2696 2289 2962 2359 vulgaris,
2993 2297 3047 2341 et
3072 2283 3226 2354 cujus
3281 2293 3474 2338 natura

1906 2403 2010 2442 una
2040 2385 2316 2441 uobiscum
2346 2384 2447 2440 sub
2475 2382 2680 2455 peccati
2717 2380 2944 2449 imperio
2977 2393 3040 2433 ac
3070 2375 3198 2446 jugo
3252 2375 3482 2428 teneba-

1908 2488 2012 2546 tur,
2036 2480 2400 2534 coudemnare
2425 2475 2875 2549 peccatum.Cutn
2902 2489 3030 2528 vero
3054 2486 3250 2541 corpus
3284 2468 3483 2526 factum

1906 2570 1976 2624 sit
2009 2569 2124 2641 ejus
2153 2569 2243 2639 qui
2270 2579 2548 2640 peccatum
2583 2583 2684 2622 non
2728 2567 2895 2631 novit,
2925 2563 3148 2625 ideirco,
3186 2570 3241 2616 et
3268 2562 3484 2630 quidem

1905 2663 2111 2732 optimo
2135 2661 2256 2733 jure
2284 2661 2489 2731 peccati
2548 2660 2886 2732 tyrannidem
2927 2657 3188 2720 excussit,
3241 2667 3487 2708 commu-

1909 2753 2211 2823 nicatisque
2238 2769 2361 2806 cum
2389 2753 2481 2806 illo
2517 2750 2936 2821 proprietatibus
2969 2747 3130 2802 Verbi
3193 2745 3335 2814 quod
3397 2745 3485 2797 in-

1907 2842 2106 2900 etTabili
2138 2845 2297 2900 modo
2319 2844 2420 2914 ipsi
2450 2843 2658 2898 uuitmu
2690 2853 2795 2906 est,
2825 2851 3072 2896 sanctum
3108 2855 3170 2894 ac
3202 2839 3477 2894 viviticum

1907 2937 2159 3018 eﬁ‘ectum
2217 2947 2322 3001 est,
2364 2945 2422 2992 et
2475 2935 2672 2990 divina:
2717 2934 2990 2988 facultatis
3040 2930 3484 3002 operationisque

1911 3035 2152 3106 plenum.
2176 3032 2284 3088 Nos
2312 3047 2440 3087 vero
2459 3031 2511 3086 in
2535 3030 2750 3086 Christo
2775 3039 3029 3098 tanquam
3046 3025 3296 3092 primitiis
3317 3034 3491 3078 trans-

1916 3124 2128 3180 formati
2175 3123 2335 3178 etiam
2365 3135 2573 3182 sumus,
2603 3127 2659 3173 et
2693 3117 2912 3172 interitu
2944 3125 3108 3185 atque
3157 3120 3377 3182 peccato
3398 3124 3494 3164 su-

1916 3216 2157 3287 periores
2187 3213 2465 3268 declarati.
2499 3211 2578 3266 Ae
2597 3224 2778 3264 verum
2801 3209 3021 3262 omnino
3045 3213 3151 3268 est,
3173 3203 3327 3274 juxta
3351 3201 3492 3256 beati

1917 3307 2064 3362 Pauli
2088 3304 2434 3368 sententiam,
2465 3302 2606 3372 quod
2655 3319 2672 3352 t
2718 3295 3189 3366 Quemadmodum
3244 3292 3498 3363 portavi—

1919 3416 2038 3454 mus
2070 3398 2354 3468 imaginem
2389 3393 2610 3456 terreni,
2637 3393 2971 3464 pormbimus
3005 3388 3166 3442 etiam
3208 3384 3496 3454 imaginem

1920 3489 2176 3552 caelestis,
2224 3492 2245 3522 ³
2286 3507 2304 3541 ι
2345 3488 2448 3542 hoc
2470 3496 2574 3549 est,
2606 3483 2831 3539 Christi.
2860 3479 3109 3536 leestis
3141 3485 3316 3531 autem
3341 3475 3500 3528 homo

1922 3581 2240 3650 intelligitur
2263 3579 2544 3642 Christus;
2581 3593 2686 3630 non
2720 3586 2976 3645 tanquam
2996 3583 3229 3640 superne
3259 3577 3420 3635 atque
3461 3579 3492 3619 a

1921 3673 2061 3729 cmlo
2111 3685 2332 3726 carnem
2359 3672 2424 3724 ad
2459 3687 2554 3724 nos
2587 3667 2871 3734 detulerit,
2907 3665 3002 3720 sed
3045 3662 3186 3732 quod
3235 3661 3373 3714 Deus
3403 3674 3498 3711 ex-

1922 3765 2122 3826 sistcns
2153 3760 2408 3824 Verbum,
2435 3759 2713 3814 descendit
2738 3772 2768 3812 e
2796 3756 2949 3816 emlis
2969 3771 2986 3819 ;
3009 3764 3064 3808 et
3091 3751 3497 3807 similitudinem

1924 3857 2096 3912 nostri
2130 3854 2370 3917 subiens,
2409 3855 2509 3906 hoc
2532 3848 2946 3914 est,st:t~uudum
2971 3857 3186 3898 carnem
3217 3856 3247 3896 e
3276 3842 3501 3896 muliere

1925 3949 2061 4000 sicut
2101 3960 2197 4000 nos
2235 3953 2417 4004 natus,
2458 3938 2829 4010 pertuansttid
2857 3935 3152 4006 quodetat,
3182 3948 3212 3988 c
3253 3931 3503 4000 supernis

1929 4037 2180 4091 nimirum
2209 4044 2372 4103 atque
2397 4047 2428 4087 e
2458 4030 2634 4098 ctelis,
2663 4041 2718 4086 et
2743 4044 2904 4097 supra
2941 4040 3146 4095 omnes
3207 4032 3265 4078 ut
3319 4023 3460 4076 Deus
3481 4058 3502 4088 ,

1928 4129 2092 4185 etiam
2123 4145 2244 4183 cum
2269 4141 2452 4182 carne.
2485 4125 2558 4179 lta
2586 4123 2729 4176 enim
2766 4120 2891 4175 alibi
2919 4117 3136 4172 divinus
3156 4115 3392 4170 Joannes
3423 4113 3506 4167 in-

1930 4222 2046 4290 quit
2073 4236 2086 4272 :
2134 4239 2151 4271 ι
2181 4219 2282 4285 Qui
2319 4234 2350 4272 e
2379 4215 2630 4287 supernis
2655 4212 2823 4276 venit,
2850 4223 3009 4278 supra
3045 4223 3232 4262 omnes
3255 4214 3339 4261 est
3401 4207 3440 4259 ³.
3482 4221 3501 4256 ι

1933 4311 2236 4366 Permansit
2296 4307 2440 4363 enim
2494 4305 2656 4359 totius
2698 4303 2935 4357 universi
2975 4298 3254 4362 Dominus,
3294 4295 3505 4351 tametsi

252 4420 395 4474 ριος,
425 4404 520 4457 καὶ
545 4403 604 4457 ἐν
645 4405 716 4476 τῇ
753 4404 849 4457 τοῦ
887 4404 1078 4458 δούλου
1129 4407 1313 4478 μορφῇ
1343 4403 1582 4472 γεγονὼς
1617 4405 1815 4458 οἰκονο-

1935 4403 2143 4457 ratione
2175 4397 2562 4456 incarnationis
2591 4397 2822 4451 formam
2885 4391 3030 4447 servi
3071 4387 3362 4456 acceperit,
3423 4396 3508 4438 at-

254 4491 458 4564 μικῶς,
490 4492 584 4547 καὶ
613 4493 914 4564 παράδοξον
935 4493 1151 4565 ἀληθῶς
1167 4493 1255 4547 διὰ
1283 4493 1460 4548 ταῦτά
1485 4493 1603 4546 ἐστι
1624 4493 1833 4564 τὺΧριι·

251 4583 386 4638 ατοῦ
424 4585 742 4656 μυστήριον.
774 4585 886 4639 Καὶ
917 4586 1046 4654 γοῦν
1080 4585 1183 4656 ἔφη
1215 4603 1320 4639 που
1368 4586 1505 4656 πρὸς
1546 4585 1834 4648 Ἰουδαίους

249 4678 322 4730 δι’
349 4676 468 4740 ἐνδς
493 4677 602 4730 τῶν
633 4678 930 4750 προφητῶν
953 4680 981 4733 6
1009 4677 1141 4742 Θεὸς
1167 4677 1263 4732 καὶ
1284 4679 1496 4749 Πατήρο
1523 4695 1542 4729 ι
1567 4677 1760 4740 Ἴδετε,
1783 4679 1833 4731 οἰ

252 4769 690 4838 καταφρονηταὶ,
722 4770 816 4822 καὶ
852 4769 1211 4842 ἀφανίσθητε,
1241 4769 1337 4823 καὶ
1376 4769 1724 4840 θαυμάσατε,
1751 4770 1833 4822 ὅτι

254 4859 420 4930 ἔργον
455 4860 563 4928 ἐγὼ
590 4858 894 4931 ἐργάζομαι
933 4863 992 4914 ἐν
1023 4865 1144 4925 ταῖς
1177 4861 1411 4932 ἡμέραις
1444 4861 1620 4931 ὑμῶν,
1673 4862 1834 4934 ἔργον

253 4945 298 5019 ᾧ
349 4951 410 5004 οὐ
445 4951 520 5022 μὴ
562 4951 914 5023 πιστεύσητε,
943 4953 1038 5006 ὲάν
1077 4971 1161 5016 τις
1200 4953 1594 5024 ἐκδιηγήςηται
1630 4954 1776 5024 ὑμῖν.
1811 4971 1829 5003 ι

257 5041 614 5096 Κινδυνεύσει
640 5041 748 5114 γὰρ
772 5043 1118 5097 ἀπιστεῖσθαι
1153 5045 1213 5098 τὸ
1237 5044 1474 5115 Χριστοῦ
1511 5046 1831 5115 μυστήριον,

256 5133 347 5188 διὰ
369 5132 466 5205 τὴν
484 5134 578 5187 τοῦ
596 5133 870 5204 θαύματος
889 5135 1219 5206 ὑπερϐολήν.
1239 5135 1372 5198 Θεδς
1394 5131 1460 5205 ἦν
1479 5137 1536 5188 ἐν
1555 5136 1651 5189 ἀνθ
1660 5136 1840 5206 ρωπό-

258 5243 387 5296 τητι
421 5227 513 5279 καὶ
544 5226 603 5279 ὲν
639 5230 750 5290 τοῖς
783 5228 904 5281 καθ’
943 5229 1114 5298 ἡμᾶς,
1146 5230 1174 5280 6
1216 5229 1356 5299 ὑπὲρ
1385 5231 1565 5282 πᾶσαν
1597 5228 1695 5300 τὴν
1721 5229 1842 5282 κτί-

263 5334 350 5370 σιν
373 5333 387 5346 ·
417 5317 670 5389 ἀόρατος,
695 5319 889 5390 ὁρατὸς
928 5321 1071 5374 κατά
1116 5321 1318 5392 σάρκα,
1343 5322 1371 5373 ό
1394 5321 1454 5386 ἐξ
1479 5321 1706 5391 οὐρανοῦ
1746 5320 1843 5374 καὶ

264 5409 496 5473 ἀνωθεν,
541 5412 597 5462 ἐν
627 5410 757 5463 εῖδει
789 5413 898 5464 τῶν
943 5413 1168 5482 χοῖκῶνο
1221 5412 1410 5474 ἁπτὸς,
1457 5414 1486 5466 6
1517 5414 1766 5482 ἀναφής’
1811 5413 1840 5464 6

268 5501 412 5555 κατὰ
452 5502 612 5570 φύσιν
652 5503 788 5556 ἰδίαν
837 5503 1138 5574 ἐλεύθερος,
1189 5505 1248 5555 ἐν
1293 5503 1482 5557 δούλου
1543 5506 1760 5573 μορφῇο
1813 5503 1840 5554 6

260 5600 505 5667 εὐλογῶν
538 5601 637 5668 τὴν
669 5599 861 5653 κτίσιν,
903 5597 1202 5666 ἐπάρατος,
1244 5597 1335 5648 καὶ
1365 5598 1423 5649 ἐν
1461 5598 1572 5650 τοῖς
1598 5597 1840 5664 ἀνόμοις,

223 5712 227 5716 ’
258 5694 294 5764 ἡ
330 5692 479 5747 uin
507 5690 848 5753 δικαιπῑύνη.
877 5690 969 5743 καὶ
1007 5689 1064 5739 ἐν
1095 5687 1320 5755 δοκήσει
1355 5687 1587 5740 θανάτου
1616 5691 1841 5755 γέγονεν

1935 4511 2041 4566 que
2061 4493 2437 4548 admirandum
2464 4505 2646 4543 revera
2673 4497 2757 4542 est
2779 4487 2850 4540 ob
2882 4485 2996 4538 lucc
3052 4481 3254 4536 Christi
3307 4490 3509 4549 mystc-

1937 4590 2098 4644 riutn.
2135 4584 2340 4640 Idcirco
2384 4581 2526 4636 Deus
2555 4595 2619 4635 ac
2651 4579 2811 4634 Pater
2854 4577 2980 4632 alibi
3035 4575 3100 4628 ad
3155 4573 3368 4628 Judaos
3416 4587 3510 4641 per

1935 4678 2220 4750 quemdam
2263 4677 2580 4744 prophetam
2607 4672 2725 4726 ait:
2767 4689 2786 4722 ι
2841 4667 3051 4732 Videte,
3079 4674 3504 4737 contemptores,

1938 4779 1994 4824 et
2021 4765 2385 4832 admiramiui,
2413 4773 2468 4818 et
2493 4761 2865 4830 disperditnini
2899 4774 2915 4813 :
2961 4759 3086 4829 quia
3141 4771 3275 4826 Opus
3312 4769 3511 4824 operor

1939 4876 2038 4929 ego
2074 4861 2125 4912 in
2149 4858 2336 4912 diebus
2367 4856 2581 4918 vestris,
2619 4869 2753 4922 Opus
2814 4853 2956 4922 quod
3020 4865 3126 4902 nmt
3180 4847 3400 4901 creditis
3467 4846 3511 4900 si

1940 4952 2061 5021 quis
2087 4949 2425 5004 enarraret-it
2456 4948 2606 5000 vobis
2658 4947 2698 4998 ⁵.
2721 4963 2738 4994 ι
2772 4940 3075 4996 Periculum
3101 4939 3243 4994 enim
3283 4937 3388 4991 erit
3447 4952 3514 4993 ne

1945 5043 2232 5112 derogetur
2281 5041 2413 5094 ﬁdes
2445 5038 2707 5110 mysterio
2741 5034 2968 5100 Christi,
3002 5034 3072 5088 ob
3103 5030 3344 5085 miraculi
3395 5044 3511 5082 ma-

1939 5134 2300 5203 gnitudinem.
2337 5129 2474 5184 Deus
2508 5135 2624 5182 erat
2665 5129 2824 5180 homo
2864 5122 3031 5177 nostri
3063 5117 3257 5173 similis
3302 5115 3509 5178 factus,

1942 5223 2035 5292 qui
2072 5237 2230 5290 supra
2265 5235 2479 5277 omnem
2513 5230 2818 5274 creaturam
2839 5224 2949 5280 est;
3013 5209 3320 5274 invisibilis,
3342 5207 3514 5262 factus

1943 5323 2026 5368 est
2050 5312 2275 5366 visibilis
2307 5311 2606 5367 secundum
2641 5323 2894 5363 carnem:
2927 5306 3021 5374 qui
3069 5317 3133 5357 ex
3189 5299 3325 5354 coelo
3356 5309 3514 5368 atque

1945 5424 1974 5460 e
2011 5406 2280 5474 supernis,
2314 5404 2541 5460 formam
2596 5400 2932 5457 terrestrium
2994 5395 3199 5448 induit:
3243 5390 3515 5460 tangibilis

1947 5507 2047 5561 est,
2089 5496 2178 5566 qui
2217 5495 2361 5564 tangi
2406 5493 2591 5562 nequit
2627 5509 2643 5546 :
2678 5491 2766 5561 qui
2809 5505 2874 5542 ex
2935 5486 3150 5556 propria
3192 5496 3287 5537 sua
3321 5491 3516 5534 natma

1950 5593 2088 5647 liber
2118 5602 2221 5656 est,
2266 5589 2410 5646 servi
2450 5587 2681 5643 formam
2725 5581 2968 5650 accepit:
3000 5577 3090 5648 qui
3121 5574 3388 5634 creaturis
3430 5573 3522 5626 be.

1953 5687 2176 5742 nedirit.
2221 5685 2393 5739 fartus
2425 5691 2508 5736 est
2547 5676 2941 5742 exsecrabilis;
2975 5679 3400 5737 numeratusque
3434 5673 3520 5720 est

339 5873 356 5904 ί
396 5871 572 5926 Galat.
610 5888 684 5936 tv,
717 5871 768 5924 4.
845 5869 907 5923 ‘l
943 5867 1066 5921 (lor.
1103 5884 1190 5934 xv,
1225 5866 1317 5922 49.
1396 5866 1416 5898 ³
1443 5865 1508 5921 Jo
1547 5884 1598 5919 n.
1642 5885 1719 5933 ut,
1751 5867 1810 5920 3i

1920 5866 1930 5894 ¹¹
1969 5864 2170 5917 llnltztc.
2211 5880 2249 5924 I,
2291 5863 2352 5924 5',
2397 5861 2510 5914 Mt.
2548 5875 2663 5913 XIII.
2694 5860 2783 5912 ιίΙ.
