3968 6592
548 434 652 496 9δῖ

1754 446 2144 507 EU'I’HYMII
2184 449 2564 511 ZIGARENI
3686 458 3766 524 ΒΜ

551 593 690 634 tuter
713 583 1150 651 prtevaricatores
1194 584 1323 652 legis
1348 584 1391 637 is
1419 582 1509 652 qui
1540 590 1621 636 est
1671 582 1847 636 omnis
1889 582 2098 651 iustitia

2229 585 2261 657 ἡ
2293 586 2427 659 ζωή.
2454 588 2528 643 Ού
2566 587 2676 661 γὰρ
2707 584 2776 661 ἦν
2799 591 2986 662 ἑτέρου
3009 594 3173 659 τινος,
3207 592 3371 647 αὐτοῦ
3392 594 3447 649 δὲ
3485 594 3667 667 μᾶλλον
3690 595 3763 651 τοῦ

550 676 1057 745 mortemquesubiit
1095 680 1203 731 vita
1226 678 1360 748 ipsa.
1390 676 1575 748 Neque
1590 678 1732 733 enim
1756 690 1869 734 erat
1898 678 2121 734 alterius

547 764 863 836 rnjuspiam.
886 770 978 823 sed
1012 770 1190 837 potius
1219 770 1389 840 ipsius
1427 771 1719 827 secundum
1752 780 1999 825 naturam
2029 768 2120 824 Fi-

546 854 597 906 lii
627 870 847 924 corpus,
872 858 924 911 id
950 860 1090 928 quod
1117 870 1344 916 mortem

545 953 803 1012 tanquam
847 964 951 1003 non
987 960 1133 1005 recte
1168 951 1345 1018 factis,
1389 957 1501 1011 sive
1549 971 1576 1009 a
1631 956 1787 1011 nobis
1813 956 1991 1021 dictis,
2022 953 2117 1009 ali-

543 1034 669 1102 quid
700 1035 867 1093 habes
907 1041 1050 1108 quod
1077 1043 1160 1098 his
1194 1045 1456 1113 obiicias?

610 1123 672 1179 Β.
714 1129 1086 1197 Nequaquam.

608 1217 673 1271 Λ.
716 1217 981 1276 Caeterum
1027 1227 1127 1279 hoc
1157 1226 1285 1281 mihi
1321 1238 1582 1298 praetcrea
1650 1231 2039 1285 animadverte.

609 1307 669 1362 B.
695 1309 982 1381 Quidnam,
1007 1316 1268 1372 obsecro?

610 1400 673 1450 A.
704 1399 946 1456 Christus
1000 1405 1196 1459 alicubi
1257 1409 1323 1461 ad
1387 1424 1481 1465 eos
1519 1410 1609 1479 qui
1657 1413 2109 1468 resurrectionem

538 1499 872 1546 mortuorum
918 1496 1102 1552 tollere
1154 1492 1424 1566 nituntur,
1447 1503 1583 1556 dixit
1622 1519 1634 1555 :
1671 1521 1688 1555 ι
1749 1503 1864 1557 Non
1907 1506 2112 1576 legistis

538 1581 662 1647 quia
684 1584 773 1651 qui
806 1584 927 1640 fecit
959 1589 1230 1645 hominem
1274 1594 1340 1647 ab
1369 1592 1542 1661 initio,
1587 1596 1885 1650 masculum
1944 1608 1995 1651 et
2032 1596 2109 1653 fe-

538 1673 735 1725 minam
796 1677 1032 1733 reritcos
1066 1678 1128 1735 ’ἲ
1190 1700 1207 1733 ›
1266 1683 1468 1739 Scribit
1514 1700 1643 1741 vero
1704 1687 1866 1741 etiam
1897 1687 2110 1742 divinus

2230 676 2373 730 κατὰ
2417 678 2579 747 φύσιν
2608 679 2762 745 Υίοῦ,
2800 681 2861 735 τὸ
2888 682 2983 735 τοῦ
3007 682 3237 755 θανάτου
3257 687 3589 757 γευσάμενον
3616 687 3762 757 σῶμα.

2226 762 2355 840 ’Ἆρ’
2400 768 2474 833 ὡς
2505 772 2605 824 οὐκ
2644 766 2703 825 εὗ
2736 773 3038 840 γεγονόσιν,
3087 775 3255 845 ἤγουν
3299 776 3434 846 πρὸς
3468 778 3619 848 ἡμῶν
3641 778 3765 849 εἰρη-

1570 864 1756 920 subiil.
1816 864 1968 918 Anne
1992 879 2121 918 vero
2229 860 2414 929 μένοις
2437 860 2583 933 ἔχεις
2612 881 2663 917 τι
2702 865 2913 928 τούτοις
2940 866 3234 938 ὲπιτιμᾷνς

2294 1127 2352 1180 Β.
2396 1126 2683 1197 Οὐδαμῶς.

2296 1222 2359 1274 Λ.
2398 1220 2588 1290 ’Λθρει
2618 1220 2680 1290 δή
2714 1237 2804 1289 μοι
2837 1220 3056 1273 κάκεῖνο
3086 1220 3220 1289 πρὸς
3249 1218 3479 1282 τούτοις.

2293 1312 2353 1363 Β.
2398 1311 2470 1363 Τὸ
2498 1311 2549 1363 τί
2578 1309 2642 1380 δὴ
2670 1310 2812 1378 tam;

2292 1404 2356 1455 Λ.
2403 1390 2687 1472 Ἔφηθπου
2720 1401 2954 1470 Χριστὸς
2987 1402 3099 1464 τοῖς
3136 1402 3380 1471 ἀναιρεῖν
3420 1399 3652 1452 ἐθέλουσι
3686 1399 3761 1468 τὴν

2219 1496 2518 1549 ἀνάστασιν
2555 1493 2663 1546 τῶν
2698 1493 2936 1563 νεκρῶν·
2976 1512 2994 1542 ι
3025 1494 3139 1546 Οὐκ
3168 1493 3462 1560 ἀνέγνωτε,
3487 1492 3611 1544 ὃτιὸ
3640 1492 3761 1559 mir

2220 1598 2319 1643 σας
2348 1580 2439 1633 τὸν
2468 1579 2754 1650 ἄνθρωπον
2780 1581 2837 1631 ὲν
2863 1580 3078 1650 ἀρχαῖς,
3119 1581 3287 1652 ἄρσεν
3322 1580 3417 1634 καὶ
3446 1580 3578 1649 θῆλυ
3610 1579 3761 1650 ἐποίη-

2220 1689 2312 1726 σεν
2335 1671 2567 1736 αύτούς;
2603 1690 2621 1722 r
2676 1672 2882 1743 Γράφει
2920 1672 2977 1726 δὲ
3020 1672 3113 1726 καὶ⁸
3158 1674 3186 1725 ὁ
3214 1672 3505 1736 θεσπέσιος
3552 1672 3758 1735 Παῦλοςο

537 1760 769 1819 Paulus:
804 1787 821 1818 ι
847 1767 1167 1827 llonorabile
1190 1776 1519 1829 connubium
1562 1777 1613 1830 in
1644 1778 1914 1843 omnibus,
1946 1789 1999 1833 et
2028 1789 2098 1834 to-

2221 1781 2239 1814 (
2267 1762 2459 1833 Τίμιος
2487 1762 2527 1815 ἁ
2543 1764 2721 1831 γάμος
2739 1764 2795 1815 ὲν
2813 1764 2965 1826 πᾶσι,
2992 1764 3086 1815 καὶ
3102 1763 3135 1833 ἡ
3152 1761 3306 1832 κοίτη
3330 1760 3609 1831 ἀμίαντος.
3623 1779 3639 1811 t
3660 1760 3761 1813 Εἶτα

537 1866 627 1905 rus
674 1859 1049 1915 tmmaculatus
1098 1858 1144 1917 ⁸.
1184 1881 1202 1914 ι
1258 1863 1377 1930 Quo
1404 1877 1559 1934 pacto
1601 1882 1728 1922 vero
1778 1869 2111 1939 unigenitum

535 1940 625 1995 Dei
654 1943 903 2011 Verbum,
930 1948 1050 2005 eum
1094 1962 1337 2010 nostram
1367 1957 1772 2014 similitudinem
1794 1962 1976 2016 subire
2009 1960 2113 2016 vel-

534 2033 629 2099 let,
657 2038 722 2089 ad
747 2041 1189 2101 constitutionem
1218 2048 1331 2103 sive
1354 2053 1757 2121 generationem
1780 2069 1889 2106 sua:
1908 2057 2109 2120 carnis,

531 2125 781 2184 humanae
810 2146 1016 2189 natura:
1046 2136 1189 2207 leges
1243 2140 1423 2197 valere
1475 2141 1683 2197 noluit?
1734 2141 1919 2215 Neque
1965 2146 2107 2199 enim

530 2228 593 2269 ex
629 2226 747 2275 toro
771 2232 823 2277 et
855 2226 1103 2297 conjugio
1130 2231 1278 2286 nasci
1304 2232 1495 2299 voluit,
1538 2236 1631 2291 sed
1666 2250 1729 2290 ex
1764 2236 1986 2307 Virgine
2005 2237 2107 2292 viri

529 2309 744 2375 nescia,
784 2326 1093 2385 przcgnante
1143 2333 1206 2373 ex
1278 2319 1506 2391 Spiritu,
1569 2325 1935 2381 obumbrante
2008 2327 2108 2396 ipsi

529 2396 727 2454 virtute
755 2400 869 2466 Dei,
914 2407 1053 2461 sicut
1087 2411 1346 2481 scriptum
1373 2423 1459 2469 est
1501 2417 1543 2470 ⁸.
1568 2415 1702 2471 Cum
1759 2417 1940 2487 itaque
1969 2418 2109 2473 Deus

529 2490 956 2559 coujttgiumnon
1004 2512 1344 2568 aspernetur,
1367 2509 1460 2571 sed
1502 2508 1680 2578 potius
1731 2508 2107 2564 benedictione

527 2593 621 2634 sua
649 2584 775 2637 illud
800 2589 1407 2662 tlecorct,quatnobretn
1431 2597 1705 2671 Virginem
1737 2612 2105 2672 praegnantem

528 2686 588 2726 ex
621 2674 847 2742 Spiritu,
911 2684 1093 2738 carnis
1133 2699 1246 2740 sum
1289 2698 1516 2742 matrem
1560 2678 1681 2746 esse
1710 2693 2104 2748 volucritDcus

528 2767 789 2822 OXSisleilS
819 2770 1197 2840 Verbum,non
1232 2778 1387 2833 facile
1416 2781 1670 2837 dixerint.
1699 2781 1937 2838 Tametsi
1968 2801 2105 2855 quo-

528 2862 685 2912 modo
711 2876 814 2915 non
846 2866 1330 2924 cuivismanifesta
1371 2870 1535 2927 fuerit
1566 2873 1682 2941 ejus
1734 2876 1809 2929 rei
1863 2878 2102 2943 octasio,

525 2947 651 3002 illud
677 2954 1084 3013 consideranti?
1120 2960 1409 3016 Descendit
1439 2966 1604 3029 enim,
1650 2966 1764 3020 sive
1825 2967 1985 3023 homo
2026 2969 2104 3021 fa-

526 3047 643 3095 ctus
668 3052 751 3097 est
798 3044 987 3114 Filius,
1036 3050 1441 3111 instauraturus
1497 3067 1679 3111 nostra
1733 3068 1987 3129 tanquam
2047 3063 2098 3115 in

2215 1853 2332 1916 πῶς
2367 1855 2395 1906 ὁ
2441 1852 2733 1922 μονογενὴς
2766 1851 2857 1905 τοῦ
2896 1851 3032 1904 Θεοῦ
3076 1852 3268 1921 Λόγος,
3311 1851 3409 1921 τὴν
3463 1852 3597 1921 πρὸς
3643 1852 3760 1920 ἡμᾶς

2213 1946 2470 2015 ὁμοίωσιν
2509 1942 2755 1996 ἐπελθεῖν
2789 1944 3074 2015 ἐθελήσας,
3111 1945 3171 1997 οὐ
3220 1947 3331 2007 τοῖς
3379 1946 3480 2013 τῆς
3512 1943 3759 2014 ἀνθρωπό-

2212 2050 2373 2105 τητος
2402 2033 2589 2103 νόμοις
2619 2035 2790 2103 ἐφῆκε
2816 2037 3057 2104 κρατεῖν,
3098 2035 3177 2097 είς
3212 2034 3495 2097 σύστασιν,
3522 2036 3634 2103 ἦτοι
3660 2034 3761 2102 γέν-

2211 2144 2366 2199 νησιν
2395 2130 2497 2199 τῆς
2522 2125 2659 2190 ιδίας
2684 2125 2851 2179 αὑτοῦ
2879 2126 3081 2198 σαρκός
3104 2143 3118 2191 ;
3153 2129 3228 2181 Οὐ
3261 2128 3372 2199 γὰρ
3406 2129 3469 2179 ἐκ
3494 2127 3671 2196 κοίτης
3691 2126 3764 2180 καὶ

2212 2219 2406 2290 γάμων
2447 2216 2708 2289 ἠνέσχετο
2753 2218 2937 2272 λαϐεῖν
2982 2220 3189 2289 αὐτὴν,
3235 2219 3351 2273 ἀλλ’
3402 2222 3467 2273 ὲκ
3518 2221 3762 2292 Παρθένου

2210 2311 2419 2381 σεμνῆς
2470 2310 2567 2365 καὶ
2620 2310 3024 2381 ἁπειρογάμου,
3061 2311 3484 2382 κυοφορησάσης
3530 2313 3591 2365 ἐκ
3619 2312 3762 2365 Ilvati-

2212 2421 2414 2475 ματος,
2470 2403 2872 2473 ἑπισκιασάσης
2927 2403 3065 2473 αὐτῇ
3110 2403 3393 2473 δυνάμεως
3430 2403 3596 2466 Θεοῦ,
3645 2404 3763 2459 καθὰ

2208 2496 2539 2566 γέγραπται.
2577 2495 2714 2548 Θεοῦ
2757 2495 3051 2565 τοιγαροῦν
3086 2494 3181 2548 τὸν
3227 2496 3407 2565 γάμον
3456 2498 3559 2550 οὐκ
3596 2496 3761 2566 άτιμάο

2210 2605 2424 2651 σαντος,
2455 2587 2656 2657 μᾶλλον
2697 2587 2754 2640 δὲ
2788 2588 2883 2639 καὶ
2915 2588 3136 2657 εὐλογίᾳ
3169 2588 3527 2658 τιμήσαντος,
3566 2587 3760 2641 ἀνθότον

2208 2679 2485 2751 Παρθένον
2514 2678 2888 2749 κυοφοροῦσαν
2920 2681 2984 2732 ἐκ
3007 2679 3147 2733 Πνεύ
3156 2697 3342 2749 ματος,
3365 2680 3468 2750 τῆς
3502 2679 3633 2743 ἰδίας
3654 2697 3760 2750 σαρ-

2206 2771 2301 2834 κὸς
2335 2772 2630 2841 ἐποιήσατο
2664 2770 2874 2841 μητέρα
2910 2769 3047 2823 Θεοῦ
3091 2772 3121 2824 ὁ
3149 2772 3340 2839 Λόγος,
3382 2771 3485 2823 οὐκ
3514 2772 3623 2841 ἒχω
3643 2772 3761 2841 φρά-

2206 2879 2319 2915 σαι.
2363 2862 2558 2916 Καίτοι
2592 2861 2711 2925 πῶς
2756 2862 2855 2932 οὐχ
2905 2862 3112 2915 ἅπασιν
3144 2862 3379 2933 ἐναργὴς
3409 2863 3607 2929 γένοιτ’
3644 2862 3702 2916 ἃν
3736 2863 3760 2931 ὴ

2205 2954 2357 3008 τοῦδε
2382 2954 2677 3023 πρόφασις,
2702 2955 2878 3007 ἐκεῖνο
2906 2953 3130 3024 διεσκεμ
3140 2953 3321 3023 μένοις
3340 2972 3354 3019 ;
3373 2954 3626 3021 ’Λφίκετο
3652 2953 3760 3022 γὰρ,

2205 3048 2281 3107 ὡς
2308 3045 2467 3115 ἔφην,
2499 3046 2668 3116 ἤγουν
2703 3045 3129 3116 ἐνηνθρώπησεν
3164 3046 3192 3097 ὁ
3230 3046 3375 3112 Υἱὸς,
3404 3044 3760 3115 ἀναστοιχειώ-

525 3130 740 3202 “ipso;
785 3151 846 3191 ac
877 3140 1109 3207 primum
1163 3145 1379 3213 quidem
1444 3147 1496 3201 in
1535 3159 1774 3203 sanctam
1808 3152 2097 3219 quamdam

2206 3154 2313 3190 σων
2344 3140 2412 3190 τὰ
2430 3136 2550 3190 καθ’
2578 3138 2723 3206 ἡμᾶς
2757 3137 2832 3200 ὡς
2857 3139 2913 3190 ἑν
2940 3138 3139 3208 ἑαυτῷ.
3172 3140 3263 3191 καὶ
3288 3138 3506 3209 πρῶτον
3529 3140 3609 3201 εἰς
3627 3138 3759 3205 ἁγίαν

527 3230 690 3290 atque
724 3227 1093 3286 admirabilem
1167 3236 1502 3291 nativitatem
1554 3250 1607 3293 et
1660 3242 1848 3294 vitam.
1898 3241 2099 3297 Factus

528 3326 709 3369 autem
740 3326 822 3371 est
847 3321 1008 3374 etiam
1039 3325 1245 3393 primus
1273 3329 1386 3396 ipse
1426 3339 1588 3383 natus
1629 3343 1692 3384 ex
1745 3331 1949 3400 Spiritu
1992 3334 2100 3397 (sc-

524 3408 757 3461 cumlmn
806 3426 1025 3466 carnem
1089 3414 1353 3486 inquam),
1412 3428 1469 3473 ut
1537 3420 1639 3474 hac
1704 3428 1958 3493 tanquam
2013 3423 2097 3476 via

524 3498 763 3551 etiamin
792 3516 889 3555 nos
926 3502 1079 3568 ipsos
1131 3514 1446 3562 transeunte
1476 3510 1667 3578 gratia,
1697 3526 1802 3564 non
1860 3526 1927 3565 ex
1968 3525 2098 3565 sau-

530 3588 986 3661 guinibtts,ncqtte
1014 3609 1076 3647 ex
1108 3595 1380 3652 voluntate
1402 3600 1601 3663 carnis,
1628 3615 1799 3669 neque
1813 3617 1878 3655 ex
1906 3602 2098 3655 volun-

525 3689 631 3732 tate
662 3683 781 3746 viri,
805 3686 898 3737 sed
933 3702 996 3740 cx
1032 3686 1137 3742 Deo
1174 3704 1270 3758 per
1301 3690 1560 3753 Spiritum
1623 3696 2092 3765 regenerationem

522 3771 939 3829 intellectualem
982 3780 1259 3836 consecuti
1316 3784 1355 3849 ⁵,
1392 3790 1447 3837 et
1499 3784 1931 3840 conformitatctn
1995 3787 2099 3856 spi-

524 3865 767 3919 ritualcm
792 3884 912 3921 cum
945 3885 1009 3924 eo
1036 3872 1126 3940 qui
1171 3882 1361 3928 natura
1396 3888 1460 3930 ac
1485 3890 1612 3930 vere
1640 3886 1725 3931 est
1743 3876 1908 3932 Filius
1932 3878 2095 3948 adep-

521 3955 583 4021 ti,
616 3955 781 4012 Deum
840 3974 1095 4016 Vocemus
1118 3962 1366 4027 Patrem,
1402 3974 1563 4035 atque
1587 3967 1658 4020 ita
1712 3967 2095 4039 incorruptibi-

520 4045 596 4100 les
624 4063 1066 4117 pertnaueamus;
1097 4070 1199 4107 non
1218 4053 1329 4121 jam
1361 4056 1591 4125 amplius
1653 4058 1883 4128 priorem
1920 4061 2088 4127 illum,

520 4138 621 4195 hoc
657 4150 761 4204 est,
792 4144 1053 4197 Adamum
1082 4156 1288 4215 patrem
1325 4146 1605 4213 habentes,
1642 4152 1694 4204 in
1746 4167 1853 4222 quo
1894 4164 1943 4209 et
1969 4170 2093 4209 cor-

520 4233 662 4302 rupti
697 4248 933 4288 eratnus.
959 4234 1163 4290 idcirco
1187 4248 1236 4292 et
1265 4238 1513 4294 Christus
1540 4240 1736 4311 inquit,
1787 4244 1913 4298 alibi
1973 4246 2094 4315 qui-

2200 3227 2322 3280 τινᾶ
2351 3229 2444 3280 καὶ
2482 3227 2945 3299 τεθαυμασμένην
2978 3228 3053 3292 ὡς
3086 3232 3143 3282 ὲν
3189 3230 3390 3300 ἑαυτῷ,
3430 3230 3522 3282 καὶ
3556 3228 3755 3301 παράδο

2204 3319 2291 3384 ξον
2320 3319 2531 3391 ἀληθῶς
2563 3318 2817 3385 ἁπότεξιν
2864 3323 2956 3374 καὶ
2987 3321 3133 3392 ζωήν
3153 3338 3167 3351 ·
3207 3321 3398 3390 γέγονε
3427 3321 3485 3375 δὲ
3523 3323 3616 3375 καὶ
3642 3320 3757 3391 πρῶι

2199 3426 2287 3471 τος
2323 3410 2483 3473 αὐτὸς
2527 3411 2784 3480 γεννητὸς
2814 3410 2909 3465 τοῦ
2950 3411 3105 3479 ἁγίου
3138 3410 3459 3481 Πνεύματος
3494 3414 3652 3480 (κατά
3679 3427 3756 3478 γε,

2201 3500 2366 3569 φημὶ,
2396 3500 2492 3571 τὴν
2517 3500 2733 3571 σάρκα),
2758 3501 2823 3554 ἵν’
2846 3501 3037 3573 ὥσπερ
3058 3500 3162 3572 ὁδῷ
3182 3502 3275 3555 καὶ
3299 3504 3380 3565 εἰς
3399 3503 3551 3572 ἡμᾶς
3574 3500 3755 3561 αὐτοὺς

2199 3590 2580 3658 διαϐαινούσης
2612 3596 2712 3664 τῆς
2740 3594 2983 3666 χάριτος,
3023 3593 3124 3647 οὐκ
3153 3593 3212 3658 ἐξ
3244 3595 3523 3663 αἱμάτων,
3568 3592 3684 3646 οὐδὲ
3707 3593 3753 3643 ἐν

2200 3681 2505 3754 θελήματος
2536 3685 2758 3755 σαρκὸς,
2779 3685 2901 3738 οὐδὲ
2925 3687 2991 3739 ὲκ
3014 3684 3319 3756 θελήματος
3349 3684 3564 3754 ἀνδρὸς,
3582 3684 3688 3738 ἁλλ’
3706 3682 3756 3733 ἐι

2198 3773 2336 3827 Θεοῦ
2369 3774 2460 3828 διὰ
2494 3776 2811 3845 Πνεύματος
2849 3776 2950 3846 τὴν
2987 3775 3187 3846 νοητὴν
3228 3774 3449 3846 ἔχοντες
3487 3774 3756 3844 ἀναγέννη·

2200 3881 2305 3930 σιν,
2337 3864 2432 3919 καὶ
2479 3866 2579 3937 τὴν
2613 3867 2750 3937 πρός
2796 3883 2861 3936 γε
2909 3868 3001 3921 τὸν
3053 3865 3213 3935 φύσει
3246 3867 3340 3920 καὶ
3387 3865 3605 3937 ἀληθῶς
3651 3862 3757 3918 Υίὺν

2199 3954 2553 4025 συμμορφίαν
2571 3958 2970 4028 πνευματικὴν,
2991 3958 3211 4029 Πατέρα
3238 3956 3497 4028 καλῶμεν
3517 3958 3608 4010 τὸν
3625 3956 3756 4018 Θεὸν,

2195 4049 2338 4106 οὕτω
2364 4065 2424 4102 τε
2465 4046 2732 4121 ἄφθαρτοι
2783 4048 3148 4121 διαμένωμεν,
3191 4049 3268 4112 ὡς
3305 4050 3407 4103 οὐκ
3454 4049 3536 4102 ἔτι
3569 4047 3756 4113 πατέρα

2194 4145 2286 4197 τὸν
2313 4144 2529 4213 πρῶτον
2553 4141 2791 4213 ἔχοντες,
2829 4140 3111 4193 τουτέστιν
3159 4139 3352 4210 Ἀδὰμ,
3380 4141 3443 4194 ἑν
3483 4133 3529 4207 ᾧ
3556 4140 3647 4193 καὶ
3675 4140 3754 4203 ξφ·

2197 4233 2469 4305 θάρμεθα.
2495 4233 2606 4287 Καὶ
2644 4231 2776 4300 γοῦν
2807 4231 2910 4301 ἔφη
2946 4230 3201 4300 Χριστὸς,
3234 4230 3314 4299 πῆ
3350 4230 3472 4301 μὲν,
3499 4230 3583 4282 ὅτι
3618 4225 3751 4281 ιΚαὶ

517 4324 637 4377 dem
670 4340 682 4377 :
722 4342 740 4375 ι
781 4324 1164 4382 Nolitevorare
1181 4338 1387 4399 patrem
1410 4342 1645 4387 vestrum
1673 4331 1724 4387 in
1758 4313 2092 4394 terris.Unus

2203 4324 2410 4397 πατέρα
2446 4324 2519 4395 μὴ
2539 4321 2803 4391 καλέσητε
2826 4320 2980 4392 ὑμῶν
3009 4320 3102 4373 ἐπὶ
3115 4319 3216 4389 τῆς
3237 4320 3363 4389 γῆς,
3388 4313 3471 4384 εἷς
3494 4319 3602 4391 γάρ
3626 4319 3754 4370 ἐστιν

515 4416 659 4468 enim
709 4427 791 4471 est
817 4414 979 4472 Pater
1026 4427 1207 4474 vester
1243 4420 1295 4475 in
1328 4423 1480 4478 caelis
1519 4427 1568 4491 ⁸,
1606 4444 1624 4478 ι
1661 4426 1786 4480 alibi
1828 4441 1977 4492 vero,
2031 4438 2090 4483 ut

2203 4418 2226 4469 ὑ
2242 4416 2435 4488 Πατὴρ
2467 4414 2623 4487 ὑμῶν
2637 4414 2667 4466 ὁ
2685 4414 2745 4468 ὲν
2759 4415 2871 4477 τοίς
2891 4412 3159 4483 οὐρανοῖς.
3176 4430 3195 4463 ι
3212 4413 3297 4484 Ilii
3317 4411 3375 4466 δὲ
3392 4412 3571 4483 δὴ,ὡς
3587 4413 3641 4464 ὲν
3659 4408 3754 4469 τοῖς

516 4505 603 4572 qui
639 4506 838 4562 idcirco
863 4509 927 4561 ad
958 4524 1054 4563 nos
1081 4509 1379 4577 descendit,
1424 4525 1481 4567 ut
1536 4530 1633 4570 nos
1680 4516 1976 4571 transferat
2023 4519 2089 4573 ad

2203 4510 2321 4565 καθ’
2335 4511 2481 4583 ἡμᾶς
2509 4508 2597 4563 διὰ
2619 4507 2777 4562 τοῦτο
2793 4505 3144 4577 καθιγμένος,
3172 4505 3239 4558 i'v’
3263 4507 3413 4575 ἡμᾶς
3432 4506 3614 4575 ἀγάγῃ
3634 4500 3752 4571 πρὸς

514 4598 783 4665 propriam
810 4612 963 4653 suam
996 4612 1057 4651 ac
1080 4600 1320 4654 divinam
1373 4602 1685 4672 dignitatem
1714 4624 1728 4660 :
1756 4624 1774 4657 ι
1826 4606 1976 4663 Vado
2023 4608 2090 4664 ad

2203 4604 2258 4657 τὸ
2291 4602 2421 4656 ἴδιον
2459 4601 2624 4655 αὐτοῦ
2652 4600 2748 4653 καὶ
2770 4598 3073 4669 θεοπρεπὲς
3109 4595 3329 4667 ἀξίωμα
3349 4611 3363 4625 ·
3405 4614 3425 4649 t
3461 4592 3753 4666 Πορεύομαι

514 4685 727 4742 Patrem
762 4706 959 4755 meum,
989 4702 1040 4746 et
1076 4690 1287 4747 Patrem
1324 4705 1559 4751 vesttuut
1589 4738 1601 4760 ,
1631 4707 1684 4752 et
1716 4697 1882 4753 Deum
1912 4716 2088 4756 meum

2203 4696 2333 4765 πρὸς
2350 4694 2440 4747 τὸν
2458 4694 2676 4763 Πατέρα
2707 4707 2808 4762 μου
2836 4691 2930 4745 καὶ
2952 4688 3171 4759 Πατέρα
3190 4688 3366 4758 ὑμῶν,
3388 4689 3483 4742 καὶ
3507 4686 3637 4740 Θεόν
3664 4698 3753 4753 μου

512 4792 563 4834 et
595 4781 761 4836 Deum
800 4793 1035 4838 vestrum
1067 4785 1088 4815 '
1118 4823 1133 4838 .
1172 4804 1190 4837 ι
1224 4786 1402 4857 ipsius
1444 4788 1586 4842 enim
1642 4800 1725 4845 est
1769 4802 1961 4847 natura
1994 4792 2090 4848 Pa-

512 4884 614 4941 ter,
652 4877 742 4945 qui
777 4876 828 4930 in
857 4879 1010 4933 caelis
1051 4888 1164 4946 est,
1213 4890 1396 4936 noster
1417 4891 1593 4936 autem
1623 4882 1781 4939 Deus.
1834 4884 1970 4941 Cum
2003 4902 2089 4942 ve-

510 4980 572 5020 ro
603 4967 690 5034 qui
721 4976 910 5021 natura
943 4982 1005 5022 ac
1034 4984 1160 5025 vere
1198 4981 1279 5026 est
1306 4971 1496 5040 Filius,
1541 4973 1717 5030 factus
1769 4985 1854 5031 est
1922 4978 2083 5033 homo

510 5058 680 5112 nostri
719 5059 932 5124 similis,
969 5061 1135 5116 Deum
1160 5063 1329 5131 ipsum
1358 5066 1608 5123 habuisse
1642 5068 1791 5133 dicit,
1826 5069 2079 5122 nimirtttn

511 5149 719 5203 ratione
931 5154 1340 5211 exinanitiunis.
1370 5157 1524 5211 Dedit
1552 5168 1731 5213 autem
1786 5161 1950 5214 etiam
1982 5176 2079 5216 no-

506 5239 588 5293 bis
618 5256 774 5295 sunm
812 5240 1053 5298 Patrem.
1088 5244 1360 5316 Scriptum
1389 5260 1471 5303 est
1510 5251 1651 5304 enim
1680 5269 1694 5308 :
1727 5269 1747 5304 ‹
1806 5250 2080 5319 Quotquot

507 5336 685 5379 autem
714 5340 1033 5398 receperunt
1070 5348 1216 5397 eum,
1270 5335 1420 5390 dedit
1468 5339 1549 5393 eis
1572 5348 1895 5408 potestatem
1941 5340 2081 5397 ﬁlios

505 5411 596 5467 Dei
629 5410 977 5487 ﬁeri,ltisqui
1009 5423 1234 5477 credunt
1264 5424 1314 5478 in
1347 5427 1566 5481 nomine
1599 5428 1768 5498 ipsius
1885 5429 1928 5482 ⁷.
1959 5446 1977 5482 ι
2011 5432 2079 5484 At

507 5518 639 5561 vero
678 5506 723 5561 si
750 5508 999 5576 imperite
1019 5526 1276 5580 negemus
1306 5516 1371 5569 ad
1396 5525 1637 5572 nostram
1666 5510 2076 5573 similitudinem

500 5612 683 5656 natum
711 5618 830 5657 esse
866 5600 1102 5659 Verbum
1136 5605 1232 5661 Dei
1262 5620 1325 5659 ex
1362 5602 1539 5671 Patre,
1561 5605 1707 5676 quod
1747 5605 1800 5659 in
1823 5605 2077 5659 omnibus

572 5778 590 5812 ¹
622 5778 812 5834 Matth.
847 5799 956 5842 xix.
984 5782 1036 5837 4.

504 5846 523 5883 -'
552 5848 706 5904 Joan.
735 5861 773 5916 t,
802 5853 887 5905 l2.

1133 5782 1153 5813 ³
1181 5779 1345 5836 llebr.
1372 5794 1490 5848 xm,
1521 5781 1575 5836 4.

1680 5781 1699 5812 ³
1726 5779 1863 5836 Luc.
1890 5796 1928 5849 ι,
1959 5780 2147 5837 30-35.

2194 4786 2289 4838 καὶ
2314 4784 2445 4838 Θεὸν
2478 4782 2650 4852 ὑμῶν.
2681 4801 2699 4833 ι
2724 4779 2897 4835 Αὑτοῦ
2944 4780 3042 4849 μὲν
3076 4778 3186 4850 γὰρ
3214 4780 3374 4848 φύσει
3407 4778 3597 4849 Πατὴρ
3641 4777 3669 4828 ὁ
3705 4775 3753 4825 ὲν

2190 4878 2305 4939 τοῖς
2336 4876 2616 4946 οὐρανοῖς,
2651 4873 2809 4944 ἡμῶν
2860 4872 2915 4924 δὲ
2963 4871 3115 4933 Θεός.
3179 4869 3403 4940 Ἐπειδὴ
3442 4869 3498 4921 δὲ
3537 4869 3565 4919 ὁ
3610 4866 3753 4934 φύσει

2191 4969 2285 5021 καὶ
2313 4967 2527 5038 ἀληθῶς
2551 4967 2677 5029 Υἱὸς
2704 4965 2896 5033 γέγονε
2941 4965 3059 5016 καθ’
3091 4964 3260 5032 ἡμᾶς,
3298 4962 3433 5015 Θεὸν
3476 4960 3749 5031 ἐσχηκέναι

2189 5060 2354 5131 φησιν
2392 5059 2575 5121 αὐτὸν,
2605 5057 2747 5111 κατά
2776 5073 2837 5124 γε
2864 5055 2953 5108 τὸν
2988 5058 3052 5125 τῇ
3089 5054 3313 5108 κενώσει
3360 5055 3632 5124 πρέποντα
3670 5049 3747 5101 λό-

2186 5168 2301 5220 γον.
2332 5150 2541 5204 Δέδωκε
2563 5149 2618 5202 δὲ
2650 5147 2743 5202 καὶ
2770 5150 2901 5218 ἡμῖν
2934 5146 3023 5199 τὸν
3053 5145 3248 5199 ἑαυτοῦ
3279 5147 3494 5215 Πατέρα
3514 5162 3528 5175 ·
3560 5146 3740 5211 γέγραο

2184 5261 2316 5296 πται
2359 5243 2494 5313 γὰρ,
2538 5243 2619 5295 ὅτι
2656 5260 2674 5292 ι
2696 5240 2849 5291 Ὅσοι
2874 5239 2931 5291 δὲ
2959 5238 3151 5291 ἔλαϐον
3186 5239 3387 5301 αὑτὸν,
3424 5237 3612 5289 ἔδωκεν
3652 5231 3739 5283 αύ-

2183 5339 2294 5399 τοῖς
2327 5334 2576 5401 ἐξουσίαν
2606 5332 2771 5387 τέκνα
2811 5330 2947 5384 Θεοῦ
2971 5328 3224 5397 γενέσθαι
3256 5331 3365 5392 τοῖς
3412 5326 3740 5381 πιστεύουσιν

2181 5433 2260 5494 εἰς
2297 5428 2361 5482 τὸ
2386 5428 2557 5496 ὄνομα
2585 5424 2771 5478 αὑτοῦ.
2800 5442 2816 5473 ι
2851 5423 2913 5474 Εἰ
2941 5421 2997 5473 δὲ
3039 5423 3407 5489 ἀναιρήσομεν
3436 5416 3651 5488 ἀμαθῶς
3684 5409 3740 5461 τὸ

2180 5524 2237 5574 ἐν
2267 5517 2522 5585 ἀπο-τέξει
2566 5513 2822 5585 γενέσθαι
2855 5515 2918 5583 τῇ
2952 5511 3075 5565 καθ’
3130 5513 3277 5580 ἡμᾶς
3308 5512 3401 5564 τὸν
3436 5513 3497 5563 ὲκ
3544 5502 3737 5571 Πατρδς

2184 5607 2322 5661 Θεοῦ
2355 5609 2549 5676 Λόγον,
2584 5608 2676 5662 τὸν
2708 5611 2765 5662 ὲν
2794 5609 2927 5662 πᾶσι
2961 5606 3341 5677 πρωτεύοντα,
3374 5606 3510 5661 κατὰ
3541 5604 3631 5674 τὴν
3659 5597 3742 5654 τοῦ

2239 5784 2261 5815 ⁸
2288 5781 2443 5838 Joan.
2476 5800 2512 5851 ι,
2548 5783 2630 5838 i3.
2719 5782 2947 5840 “Matth.
2987 5798 3142 5847 nm,
3179 5781 3232 5839 9.
3317 5785 3336 5814 ⁶
3366 5782 3519 5838 Joan.
3551 5794 3631 5841 xv,
3660 5771 3740 5832 47.-
