3968 6582
322 431 425 498 905

1288 427 1670 491 PANOPLIA
1712 430 2187 491 DOGMA'l‘lCA.
2217 454 2285 466 ο·-
2312 432 2459 492 'l'l'l.
2500 434 2625 498 XV.

3486 445 3592 504 936

326 561 638 629 σοφωτάτου
690 558 906 613 Παύλου
938 558 1140 631 φωνὴν,
1187 559 1323 631 πρὸς
1379 559 1502 613 τίνα
1546 560 1729 613 λοιπὸν
1771 578 1896 630 μορ-

2014 562 2214 629 primas
2233 563 2441 617 obtinet
2494 562 2710 629 ',juxta
2741 563 2888 619 Pauli
2944 563 3325 633 sapientissimi
3376 580 3586 631 voci-ru,

324 651 615 721 φούμενοι,
643 654 896 725 γεννητοὶ
924 653 1060 706 Θεοῦ
1087 653 1178 708 διὰ
1216 654 1534 725 Πνεύματος
1569 655 1905 726 χρηματιοῦο

327 761 429 807 μεν
462 746 625 815 ἡμεῖς
649 763 665 811 ;
686 746 806 800 τίνα
828 745 920 800 τοῦ
955 746 1281 816 πράγματος
1314 746 1571 809 λαϐόντες
1601 746 1697 817 τὴν
1725 747 1903 818 ἀπαρ·

329 834 445 905 (ἦν’
481 835 514 905 ἢ
556 836 651 888 καὶ
676 837 821 900 τινος
847 837 983 901 ὅλως
1013 839 1091 901 εἰς
1117 840 1264 909 ἡμᾶς
1297 839 1605 907 πέμποντος
1643 839 1704 893 τὸ
1742 840 1907 905 ἀξίω·

327 943 438 995 μα;
473 929 635 980 Φαῖεν
663 926 747 989 ἂν,
768 927 844 992 ὥς
870 946 933 997 γε
962 926 1136 1000 οἶμαι,
1159 931 1252 984 καὶ
1278 930 1432 985 αὐτοί
1453 948 1466 962 ο
1501 931 1609 985 Τοῦ
1635 932 1905 1003 ὲνανθρω-

324 1020 603 1089 στήσαντος
626 1021 822 1088 Λόγου.
852 1020 984 1075 Εἶτα
1013 1022 1129 1087 πῶς
1154 1023 1305 1079 ἔσται
1332 1024 1486 1079 τοῦτο
1507 1025 1721 1097 ἀληθὲς,
1754 1025 1802 1078 εἱ
1828 1026 1901 1097 μὴ

324 1111 488 1175 αὐτὸς
518 1113 707 1180 γέγονε
740 1113 899 1184 σὰρξ,
937 1118 1216 1171 τουτέστιν
1246 1118 1550 1188 ἄνθρωπος,
1589 1118 1717 1171 ἴδιον
1745 1135 1903 1189 ποιη-

325 1202 560 1272 σάμενος
597 1206 757 1275 σῶμα
783 1207 842 1259 τὸ
866 1207 1227 1279 ἀνθρώπινον,
1254 1209 1377 1263 καθ’
1410 1209 1606 1262 ἕνωσιν
1638 1210 1902 1264 ἀδιάσπασ-

326 1311 473 1361 στον,
498 1296 584 1363 ἵνα
612 1298 702 1349 καὶ
730 1298 895 1352 αὑτοῦ
926 1300 1132 1368 νοῆται,
1156 1302 1250 1354 καὶ
1273 1299 1397 1372 [μὴ]
1423 1299 1483 1365 ἐξ
1506 1300 1693 1371 ἑτέρου
1721 1302 1899 1370 τινός;

323 1384 544 1456 nstrae;
581 1388 689 1460 γὰρ
720 1390 862 1449 οὕτω
908 1392 1003 1446 καὶ
1045 1393 1121 1455 εἰς
1174 1394 1317 1463 ἡμᾶς
1358 1394 1458 1463 τῆς
1495 1394 1769 1457 υἱοθεσίας
1806 1394 1902 1465 τὴν

320 1476 506 1545 χάριν,
547 1481 640 1532 καὶ
676 1482 925 1551 γεννητοὶ
958 1482 1275 1552 Πνεύματος
1315 1485 1551 1554 ἐσόμεθα
1582 1486 1675 1538 καὶ
1715 1487 1898 1555 ἡμεῖς,

322 1567 420 1621 ἅτε
451 1569 515 1639 δὴ
545 1574 643 1641 τῆς
691 1573 982 1644 ἀνθρώπου
1023 1575 1238 1643 φύσεως
1277 1578 1335 1629 ὲν
1367 1577 1518 1647 αὐτῷ
1554 1579 1650 1632 καὶ
1698 1577 1901 1649 πρώτῳ

321 1660 596 1733 λαχούσης
624 1663 801 1718 τοῦτο.
826 1666 933 1720 Καί
958 1684 1046 1737 μοι
1070 1667 1221 1721 δοκεῖ
1235 1667 1472 1722 τοιοῦτόν
1491 1687 1544 1722 τι
1565 1670 1685 1723 καθ’
1710 1671 1901 1725 ἑαυτὸν

321 1753 675 1824 ἐννενοηκὼς,
709 1756 876 1823 φάναι
904 1774 1004 1810 που
1043 1759 1135 1811 καὶ
1164 1760 1311 1829 μάλα
1339 1759 1517 1831 ὀρθῶς
1544 1762 1573 1814 6
1613 1763 1898 1828 θεσπέσιος

2012 655 2529 720 ειιιιιιειιιυιιιιιιιυηι
2583 655 2933 722 conformati,
2983 669 3047 709 ex
3109 655 3217 711 Deo
3268 659 3431 726 geniti
3493 674 3589 726 per

2013 745 2273 813 Spiritum
2332 746 2742 815 appellabimur,
2794 757 2888 801 aut
2947 763 3109 818 quem
3178 748 3338 817 hujus
3384 752 3583 818 negotii

2011 836 2310 906 principem
2374 851 2440 890 ac
2502 848 2664 907 caput
2693 838 3049 893 habebimus?
3094 850 3186 894 aut
3213 842 3336 909 quis
3363 843 3605 925 οιιηιίιιιιι

2011 928 2149 983 hanc
2178 930 2493 999 dignitatem
2515 930 2569 984 in
2611 946 2709 987 nos
2760 933 3161 988 transmiserit?
3208 934 3395 989 Dicent
3457 951 3578 1002 pro-

2012 1022 2172 1085 fecto,
2205 1031 2267 1075 ut
2295 1021 2562 1088 arbitror,
2590 1023 2761 1077 etiam
2786 1023 2886 1091 ipsi
2915 1043 2928 1078 :
2956 1022 3192 1078 Verbum
3220 1027 3602 1095 iucarnaiuum

2008 1116 2298 1185 Atquiquo
2323 1127 2482 1184 pacto
2517 1128 2703 1169 verum
2728 1116 2825 1169 hoc
2859 1116 2985 1179 erit,
3014 1116 3310 1183 nisiipsum
3348 1116 3562 1170 Verbun

2009 1208 2210 1261 factum
2244 1217 2328 1261 est
2349 1223 2498 1268 caro,
2529 1207 2631 1261 hoc
2648 1216 2750 1272 est,
2778 1208 2976 1271 homof,
3034 1208 3232 1275 quippe
3270 1209 3412 1275 quod
3456 1223 3578 1275 pro-

2010 1300 2184 1366 prium
2213 1300 2313 1353 sibi
2336 1298 2523 1354 fecerit
2547 1313 2745 1368 corpus
2771 1315 2833 1353 ea
2863 1300 3069 1353 unitate
3096 1315 3216 1369 quae
3231 1300 3411 1355 divelli
3439 1300 3582 1353 nulla

2009 1389 2220 1443 ratione
2238 1396 2435 1457 queat:
2466 1389 2539 1441 ita
2577 1389 2833 1441 nimirum
2858 1400 2913 1441 ut
2948 1390 3117 1457 ipsius
3159 1388 3316 1443 Verbi
3364 1404 3586 1443 censea-

2010 1489 2116 1547 tur,
2151 1492 2204 1536 ct
2223 1498 2325 1535 non
2348 1482 2571 1535 alterius
2595 1479 2930 1550 cuiuspiam?
2955 1480 3066 1536 Hoc
3086 1482 3228 1536 enim
3246 1492 3401 1550 pacto
3418 1483 3582 1535 etiam

2010 1575 2061 1626 iu
2093 1587 2190 1627 nos
2230 1573 2559 1627 trausmittet
2617 1572 2888 1626 ﬁliatiouis
2939 1573 3497 1642 gratiam,genitique
3555 1588 3586 1627 e

2011 1662 2214 1730 Spiritu
2245 1662 2447 1717 erimus
2493 1662 2658 1716 etiam
2697 1678 2817 1729 nos,
2869 1673 3058 1731 utpote
3118 1673 3312 1718 natura
3346 1664 3582 1717 humana

2009 1754 2179 1808 hocin
2199 1754 2316 1823 ipso
2337 1762 2392 1806 et
2411 1751 2632 1823 quidem
2670 1754 2846 1821 primo
2871 1762 3187 1808 Consecuta.
3212 1755 3289 1808 Ac
3311 1754 3442 1809 mihi
3471 1755 3587 1823 qui.

320 1842 567 1908 Παῦλος’
603 1864 621 1897 ι
660 1846 873 1918 ’Ὠσπερ
914 1850 1021 1919 γὰρ
1056 1850 1399 1921 ὲφορέσαμεν
1435 1851 1532 1923 τὴν
1575 1854 1759 1907 εἰκόνα
1802 1855 1892 1908 τοῦ

2005 1844 2119 1899 dem
2182 1845 2397 1899 videtur
2441 1845 2605 1899 etiam
2648 1846 2865 1899 divinus
2932 1845 3152 1909 Paulus,
3210 1845 3581 1915 hujuscemodi

318 1936 528 2005 χοϊκοῦ,
565 1938 869 2009 φορέσομεν
903 1941 996 1995 καὶ
1035 1940 1132 2010 τῂν
1165 1942 1350 1997 εἰκόνα
1382 1943 1474 1997 τοῦ
1499 1945 1823 2015 ἐπουρανίου
1844 1965 1890 1999 ἰ

317 2028 534 2081 καὶτὸν
584 2030 683 2099 μὲν
734 2031 951 2102 πρῶτον
979 2032 1270 2101 ἄνθρωπον
1312 2036 1377 2089 ὲκ
1414 2036 1517 2106 γῆς
1558 2038 1659 2107 ἔφη
1692 2038 1897 2108 χοῖκὸν,

315 2118 413 2172 τὸν
460 2118 515 2171 δὲ
551 2119 801 2191 δεύτερον
842 2122 901 2188 ἐξ
941 2122 1214 2192 οὐρανοῦο
1257 2143 1275 2176 ι
1314 2125 1451 2177 Ἀλλ’
1499 2121 1611 2190 οἷος
1639 2127 1668 2179 6
1695 2128 1896 2198 χοῖκὸς,

315 2208 547 2263 τοιοῦτοι
594 2212 690 2265 καὶ
713 2214 760 2265 οἱ
796 2214 989 2283 χοῖκοὶ,
1035 2214 1190 2285 φησὶ,
1223 2216 1318 2269 καὶ
1350 2212 1459 2281 οἷος
1492 2219 1520 2271 6
1554 2220 1896 2291 ἐπουράνιος,

315 2300 553 2354 τοιοῦτοι
584 2304 678 2356 καὶ
708 2305 756 2356 οἱ
808 2306 1145 2375 ἐπουράνιοι.
1175 2324 1194 2358 ι
1234 2308 1422 2362 Χοῖκοὶ
1462 2310 1570 2382 γάρ
1606 2312 1793 2380 ἐσμεν,
1824 2312 1900 2376 ὡς

316 2395 384 2445 ὲκ
425 2394 611 2462 χοϊκοῦ
646 2394 741 2448 τοῦ
778 2396 948 2467 Ἀδὰμ
984 2400 1449 2469 παρεμπεσούσης
1484 2403 1564 2464 εἰς
1601 2403 1747 2472 ἡμᾶς
1798 2403 1899 2472 τῆς

313 2485 460 2555 ἀρᾶς
497 2485 598 2555 τῆς
638 2487 866 2558 φθορᾶς,
896 2489 962 2541 δι’
997 2484 1065 2562 ἦς
1092 2492 1184 2544 καὶ
1215 2493 1244 2545 6
1285 2493 1691 2564 τῆςὰμαρτίας
1722 2496 1897 2549 εἰσέδυ

313 2576 501 2645 νόμος,
533 2579 561 2631 6
583 2580 770 2642 ἐντοῖς
804 2580 989 2649 μέλεσι
1021 2585 1133 2645 τοῖς
1162 2583 1260 2651 τῆς
1296 2584 1519 2654 σαρκός.
1555 2586 1897 2656 Ἐπουράνιοι

312 2666 375 2719 δὲ
406 2667 733 2739 γεγόναμεν,
783 2671 858 2735 ὼς
909 2675 969 2726 ἐν
1021 2673 1244 2744 Χριστῷ
1289 2674 1545 2740 λαὸόντες
1591 2677 1651 2731 τὸ
1686 2679 1895 2749 χρῆμα.

312 2756 450 2821 Θεὸς
477 2757 585 2830 γὰρ
626 2758 702 2813 ὢν
743 2761 904 2829 φύσει
929 2763 1024 2816 καὶ
1071 2765 1135 2816 ὲκ
1171 2763 1307 2818 Θεοῦ
1329 2765 1423 2819 καὶ
1465 2766 1693 2833 ἄνωθεν,
1730 2786 1900 2823 κατα-

320 2850 658 2921 πεφυίτηκεν
709 2853 768 2905 ὲν
813 2856 926 2917 τοῖς
977 2854 1100 2909 καθ’
1147 2857 1296 2926 ἡμᾶς
1354 2858 1640 2929 ἀσυνήθως
1696 2877 1755 2914 τε
1805 2863 1899 2916 καὶ

315 2939 505 3005 ξένωςν
528 2945 782 3014 γεννητὸς
808 2945 949 2999 κατὰ
973 2947 1152 3019 σάρκα
1180 2947 1417 3017 γεγονὼς
1446 2950 1540 3003 τοῦ
1565 2952 1893 3023 πνεύματος,

315 3032 407 3083 ἵνα
463 3033 607 3101 ἆγιοί
661 3052 721 3088 τε
770 3037 864 3090 καὶ
922 3038 1189 3112 ἄφθαρτοι
1228 3042 1322 3095 καὶ
1368 3044 1532 3112 ἡμεῖς
1565 3044 1685 3098 κατ’
1736 3045 1899 3099 αὑτὸν

312 3121 681 3196 διαμείνωμεν
707 3126 782 3191 ὡς
820 3126 879 3192 ἐξ
909 3129 1080 3201 ἀρχῆς
1108 3131 1203 3185 καὶ
1240 3132 1396 3203 ῥίζης
1420 3134 1681 3206 δευτέρας
1709 3136 1893 3199 αὑτοῦ,

313 3209 559 3281 δηλονότι
588 3217 1021 3289 καταδαινούσης
1054 3222 1135 3284 εἰς
1161 3223 1311 3293 ἡμᾶς
1348 3224 1447 3295 τῆς
1474 3226 1717 3297 χάριτος.

390 3493 450 3546 B.
490 3492 722 3562 Ἀριστα
766 3496 917 3565 ἔφης.

389 3584 453 3639 Α.
495 3584 627 3637 Τίνα
679 3583 735 3637 δὲ
783 3587 984 3654 τρόπον
1035 3586 1130 3640 καὶ
1155 3585 1473 3659 ὠμοιῶσθαθί
1514 3600 1682 3655 φασιν
1736 3586 1898 3640 αὐτὸν

316 3670 465 3723 κατὰ
506 3672 684 3726 πάντα
725 3674 837 3735 τοῖς
888 3672 1155 3741 ἀδελφοῖς,
1202 3674 1684 3750 τουτέστινίήμῖη
1735 3675 1768 3746 ἢ
1804 3675 1898 3729 καὶ

312 3763 403 3826 τίς
442 3754 587 3827 ὅλως
616 3764 773 3818 νοοῖτ’
812 3764 879 3819 ἂν
920 3767 949 3819 6
982 3764 1082 3837 τὴν
1125 3766 1387 3837 ὁμοίωσιν
1431 3765 1713 3832 ὑπελθὼν,
1742 3768 1792 3820 εἰ
1822 3766 1897 3838 μὴ

314 3853 461 3906 κατὰ
488 3854 646 3923 φύσιν
666 3854 850 3923 ἕτερος
870 3851 959 3926 ἦν,
991 3856 1084 3909 καὶ
1116 3857 1215 3909 οὐκ
1252 3855 1310 3909 ἐν
1332 3872 1395 3925 γε
1420 3857 1532 3919 τοῖς
1565 3855 1687 3909 καθ’
1713 3857 1892 3927 ἡμᾶς

313 3948 359 3999 Τ
362 3946 390 3998 δ
447 3946 554 4017 γάρ
597 3946 660 4015 γέ
705 3963 849 4000 τισιν
903 3946 1278 4018 ὁμοιούμενον,
1318 3944 1458 4002 εῖναι
1508 3964 1611 4001 που
1677 3947 1896 4011 πάντως

313 4038 531 4107 ἀνάγκη
562 4038 817 4109 διάφορον
841 4041 970 4109 παρ’
1002 4039 1220 4104 αὐτοὺς,
1246 4040 1340 4095 καὶ
1366 4039 1464 4093 οὐκ
1482 4039 1657 4105 ἐοικὸς
1688 4041 1893 4106 αὐτοῖς,

313 4129 612 4200 ἑτεροειδὲς
659 4131 715 4183 δὲ
766 4132 986 4201 μᾶλλον,
1028 4129 1205 4185 εῐτουν
1257 4133 1570 4203 ὲτεροφυές.
1619 4133 1895 4203 Ἀνόμοιος

313 4223 494 4276 τοίνυν
559 4223 821 4294 ὑπάρχων
870 4225 1002 4293 ἡμῖν
1063 4223 1206 4277 κατὰ
1253 4223 1415 4293 φύσιν
1458 4227 1488 4279 6
1542 4227 1892 4296 Μονογενὴς,

311 4313 632 4382 ὼμοιῶσθαι
677 4314 894 4383 λέγεται
937 4314 1176 4383 γεγονὼς
1227 4315 1347 4369 καθ’
1400 4317 1580 4387 ἡμᾶς,
1617 4317 1893 4370 τουτέστιν

312 4402 621 4473 ἄνθρωπος.
659 4404 871 4459 Γένοιτο
897 4406 941 4460 6‘
983 4404 1048 4459 ἂν
1075 4404 1233 4460 τοῦτο
1264 4407 1361 4460 καὶ
1403 4407 1547 4475 μάλα
1589 4407 1765 4478 ὀρθῶς
1799 4410 1893 4462 καὶ

2003 1935 2279 2006 quidpiam
2308 1937 2568 2002 sentiens,
2603 1936 2729 1991 alibi
2756 1937 2829 1991 ita
2890 1944 3038 1992 recte
3081 1937 3370 1991 admodum
3409 1938 3582 1992 dixis-

2000 2043 2103 2084 se:
2147 2047 2166 2080 ι
2197 2029 2667 2095 Quemadmodum
2713 2030 2860 2083 enim
2905 2030 3239 2100 portavimus
3289 2030 3582 2099 imaginem

2003 2122 2226 2187 terreni,
2257 2121 2597 2190 portabimus
2626 2120 2790 2175 etiam
2829 2122 3117 2190 imaginem
3179 2123 3417 2178 cmlestis
3476 2122 3520 2176 ³.
3558 2140 3577 2175 ι

2002 2212 2070 2267 Ει
2101 2213 2333 2284 primum
2372 2212 2589 2282 quidem
2634 2212 2906 2268 hominem
2941 2228 3006 2267 ex
3050 2223 3214 2281 terra,
3245 2213 3381 2269 dixit
3422 2223 3588 2268 terre-

2002 2323 2161 2372 num;
2193 2308 2489 2363 secundum
2511 2319 2640 2360 vero
2661 2320 2725 2360 ex
2754 2304 2912 2369 cmlo,
2938 2304 3236 2360 ctelestem.
3271 2323 3290 2357 ι
3319 2303 3425 2361 Sed
3446 2318 3586 2374 qua-

2001 2399 2068 2453 lis
2104 2409 2371 2463 terrenus,
2425 2397 2560 2452 tales
2617 2407 2673 2452 et
2730 2398 2970 2461 terreni;
3022 2406 3076 2453 et
3119 2396 3579 2467 qualiscmlestis,

2003 2492 2136 2547 tales
2164 2500 2219 2547 et
2263 2492 2539 2546 cmlestes.
2580 2510 2599 2543 ι
2633 2490 2859 2546 Terreni
2915 2492 3060 2546 enim
3123 2506 3332 2555 sumus,
3397 2499 3585 2558 utpote

2004 2579 2318 2634 transmissa
2349 2580 2402 2633 in
2444 2595 2541 2635 nos
2598 2595 2665 2634 ex
2714 2592 2928 2633 terreno
2976 2580 3148 2633 Adam
3201 2579 3584 2635 maledictione

2000 2671 2388 2742 corruptionis,
2430 2686 2528 2740 per
2544 2688 2706 2742 quam
2737 2682 2791 2727 et
2816 2671 2899 2726 lex
2932 2674 3141 2741 peccati
3178 2673 3427 2743 irrepsit,
3459 2688 3582 2743 qua:

1998 2772 2081 2816 est
2108 2763 2160 2816 in
2188 2764 2448 2819 membris
2479 2765 2681 2818 carnis.
2714 2761 2976 2819 Caelestes
2992 2774 3169 2819 autem
3201 2764 3331 2820 facti
3371 2780 3580 2830 sumus,

2000 2856 2051 2909 in
2076 2854 2293 2909 Christo
2316 2855 2369 2910 id
2391 2855 2689 2911 consecuti.
2726 2856 2868 2910 Deus
2890 2855 3036 2910 enim
3060 2856 3337 2911 cxsistcns
3367 2865 3579 2922 tiatura,

1997 2956 2053 3000 et
2080 2962 2143 3000 ex
2182 2945 2291 3003 Deo
2311 2956 2475 3016 atque
2505 2961 2569 3001 ex
2597 2947 2868 3017 superuis,
2936 2947 3216 3003 descendit
3256 2949 3321 3002 ad
3370 2958 3579 3014 nostra,

2000 3052 2136 3093 novo
2164 3048 2326 3107 atque
2370 3038 2632 3093 inusitato
2669 3052 2819 3092 more
2840 3038 3058 3108 genitus
3105 3040 3403 3094 secundum
3453 3055 3579 3095 car-

2003 3144 2122 3183 nem
2149 3129 2322 3183 factus
2343 3138 2427 3185 est
2473 3127 2729 3197 Spiritus,
2781 3139 2837 3184 ut
2869 3129 3127 3186 videlicet
3179 3133 3354 3186 sancti
3412 3141 3578 3203 atque

2005 3220 2443 3289 incorruptibiles
2492 3219 2655 3274 etiam
2716 3236 2814 3277 nos
2860 3222 2913 3275 in
2982 3223 3100 3291 ipso
3169 3237 3486 3278 maneamus
3513 3238 3581 3278 ex

2005 3314 2147 3383 ipso,
2192 3322 2452 3382 tanquam
2481 3330 2546 3368 ex
2588 3315 2857 3384 principio
2883 3323 2938 3368 et
2992 3314 3177 3370 radice
3232 3316 3490 3379 secunda,
3526 3316 3582 3370 in

2003 3421 2101 3460 nos
2132 3402 2452 3459 transmissa
2480 3406 2675 3473 gratia.

2070 3496 2131 3549 Β.
2171 3496 2388 3566 Optime
2414 3497 2624 3550 dixisti.

2069 3589 2135 3641 Δ.
2177 3585 2419 3652 Quonam
2455 3602 2584 3640 vero
2624 3595 2778 3654 pacto
2820 3586 2984 3640 etiam
3013 3586 3244 3641 similem
3282 3586 3453 3655 ipsum
3497 3586 3581 3642 fa—

1998 3688 2146 3733 ctum
2178 3693 2301 3732 esse
2327 3678 2476 3732 aiunt
2501 3693 2594 3744 per
2616 3678 2796 3730 omnia
2830 3676 3106 3743 fratribus,
3139 3677 3236 3731 hoc
3260 3689 3365 3742 est,
3393 3678 3582 3732 nobis?

1999 3781 2091 3822 aut
2120 3770 2368 3837 quisnam
2400 3770 2940 3822 omnino‘ceuseatur
2981 3766 3149 3821 fuisse
3180 3766 3225 3819 is
3255 3767 3343 3835 qui
3381 3766 3576 3819 simili-

2001 3862 2240 3916 tudinem
2276 3872 2514 3915 u05tram
2544 3860 2726 3924 subiit,
2754 3858 2853 3913 nisi
2886 3860 3180 3911 secundmn
3212 3869 3456 3911 naturam
3494 3861 3577 3909 dl-

1999 3969 2187 4009 versus
2222 3964 2361 4016 erat,
2400 3962 2455 4006 et
2499 3967 2606 4005 non
2655 3952 2810 4004 nobis
2846 3950 3083 4004 similis?
3110 3949 3261 4016 Quod
3293 3949 3437 4003 enim
3475 3948 3577 4002 ali-

1990 4046 2193 4114 quibus
2221 4044 2398 4100 simile
2432 4042 2687 4108 eilicitur,
2739 4057 2958 4096 necesse
2991 4053 3075 4097 εει
3105 4052 3162 4094 ιιι
3193 4042 3465 4096 diversum
3511 4041 3580 4094 ab

1999 4139 2064 4194 iis
2093 4138 2385 4201 exstiterit,
2422 4152 2596 4206 neque
2640 4136 2815 4191 simile
2846 4136 2998 4205 ipsis,
3031 4136 3125 4190 sed
3152 4135 3331 4203 petius
3360 4133 3580 4188 alterius

1996 4227 2219 4298 speciei,
2251 4228 2368 4282 sive
2402 4237 2631 4281 naturae.
2852 4224 3143 4281 Dissimilis
3167 4225 3349 4293 itaque
3374 4235 3579 4277 natura?

1998 4338 2028 4375 a
2064 4322 2220 4377 nobis
2244 4322 2513 4375 exsistcns
2547 4319 2887 4389 Unigeniius,
2917 4316 3109 4370 similis
3138 4315 3315 4369 factus
3348 4329 3467 4368 esse
3492 4315 3576 4367 di-

1998 4413 2158 4475 citur,
2190 4414 2364 4465 l’actus
2409 4411 2460 4463 id
2494 4412 2634 4478 quod
2670 4425 2786 4473 nos,
2844 4406 2943 4459 boc
2979 4415 3081 4470 est,
3130 4405 3306 4458 homo.
3352 4402 3574 4457 Factqu

316 4496 516 4564 μόνως,
549 4498 605 4549 ὲν
628 4497 877 4563 ἀποτέξει
909 4500 975 4568 τῇ
1012 4498 1133 4553 καθ’
1159 4500 1331 4568 ἡμᾶς,
1355 4500 1402 4551 εἰ
1432 4500 1528 4554 καὶ
1555 4498 1891 4570 παραδόξως,

2005 4516 2179 4557 autem
2211 4503 2310 4558 fuit
2338 4504 2457 4565 hoc,
2498 4513 2548 4553 et
2574 4510 2718 4553 recte
2752 4499 3037 4551 admodum
3070 4512 3133 4550 ac
3163 4496 3501 4550 solummodo
3526 4495 3574 4546 in

310 4588 398 4639 ἐπ’
422 4586 612 4641 αὐτοῦ.
639 4588 770 4651 Θεὸς
792 4589 901 4659 γὰρ
931 4584 998 4659 ἦν
1025 4591 1053 4643 ό
1076 4589 1465 4661 σαρκούμενος.
1497 4590 1889 4660 ὐμολογείσθω

309 4694 372 4745 γε
410 4679 519 4750 μὴν
558 4679 632 4742 ὡς
672 4680 917 4751 ὲψύχωτο
946 4685 1148 4752 νοερῶς
1180 4682 1240 4734 τὸ
1286 4682 1484 4737 ὲνωθὲν
1523 4683 1669 4754 αὑτῷ
1710 4683 1887 4753 σῶμα.

310 4770 387 4821 Οὐ
420 4770 531 4840 γάρ
567 4788 651 4823 τοι
679 4771 739 4824 τὸ
777 4773 1023 4842 κρεῖττον
1051 4773 1159 4825 τῶν
1193 4775 1250 4827 ὲν
1279 4775 1410 4844 ἡμῖν
1438 4775 1616 4844 ἀφεὶς,
1645 4778 1889 4831 τουτέστι

311 4862 509 4933 ψυχὴν,
546 4862 709 4933 μόνου
742 4864 1035 4933 πεποίηται
1058 4863 1223 4933 φειδὼ
1253 4866 1446 4935 γηῖνου
1477 4865 1751 4936 σώματος,
1774 4868 1888 4921 ἀλλ’

308 4954 445 5025 ὁμοῦ
479 4954 657 5025 ψυχῆς
698 4955 788 5009 καὶ
833 4955 1084 5026 σώματος
1118 4957 1415 5029 προενόησε
1459 4958 1635 5029 σοφῶς
1660 4960 1790 5025 Θεὸς
1816 4960 1890 5015 ὢν

310 5048 337 5096 ό
368 5045 562 5113 Λόγος.
1909 5054 1914 5059 ’

379 5234 505 5285 Ὅτι
554 5232 610 5285 δὲ
648 5231 749 5283 οὐκ
794 5229 1092 5300 ἠλλοίωται
1140 5225 1382 5298 γεγονὼς
1433 5228 1721 5296 ἄνθρωπος
1770 5226 1891 5282 καθ’

311 5329 457 5396 me;
516 5328 543 5379 6
604 5326 799 5393 Λόγος,
842 5323 1229 5394 διαμεμήνυκε
1277 5323 1450 5390 λέγων
1499 5325 1528 5377 6
1578 5324 1894 5393 Πνευματοο

310 5418 510 5485 φέροςσ
572 5435 587 5466 ι
614 5414 820 5485 Ἰησοῦς
868 5412 1105 5484 Χριστὸς
1146 5414 1268 5481 χθὲς
1317 5414 1412 5468 καὶ
1461 5414 1701 5483 σήμεγος
1732 5415 1759 5466 6
1800 5412 1895 5466 αὐ-

308 5515 425 5570 τῦς,
459 5508 551 5560 καὶ
601 5511 677 5569 εἰς
732 5508 863 5569 τοὺς
920 5507 1151 5570 αἰῶνας.
1190 5526 1206 5559 ι
1261 5507 1370 5559 Καὶ
1409 5504 1741 5575 σημαντικὺι
1796 5504 1894 5570 μὲν

311 5599 407 5654 τοῦ
439 5599 830 5670 παρῳχηκότος
863 5600 1060 5668 χρόνου
1110 5601 1370 5658 ποιεῖται,
1404 5598 1463 5650 τι
1511 5596 1672 5663 χθές,
1703 5594 1800 5649 τοῦ
1834 5612 1894 5662 γε

317 5692 427 5762 μὴν
460 5691 779 5754 ἐνεστῶτος.
816 5690 875 5743 τὸ
906 5690 1200 5761 σήμερον,
1232 5688 1323 5742 τοῦ
1371 5689 1425 5741 δὲ
1476 5687 1771 5750 ἐνεστῶτος
1804 5688 1891 5739 καὶ

387 5876 405 5908 ³
443 5872 610 5931 ICor.
634 5891 722 5943 xv,
752 5876 843 5931 25.
917 5873 1092 5929 'lbid.
1124 5871 1211 5928 49.

2000 4594 2275 4648 nativilate
2310 4603 2508 4648 nostra:
2549 4590 2738 4654 simili,
2773 4591 2983 4642 tametsi
3009 4584 3399 4640 admirabiliter
3437 4586 3579 4653 quod

1997 4687 2063 4737 ad
2107 4685 2279 4753 ipsum
2324 4684 2537 4737 attinet.
2583 4680 2726 4734 Deus
2769 4678 2912 4732 enim
2969 4688 3110 4743 erat,
3142 4677 3231 4744 qui
3266 4676 3579 4728 incarnatus

1997 4785 2099 4830 est.
2139 4774 2495 4830 Proﬁteamur
2535 4773 2720 4841 utique
2759 4769 3057 4822 animatum
3087 4780 3206 4820 esse
3241 4764 3579 4818 intellectua-

1997 4869 2122 4923 liter
2146 4881 2343 4936 corpus
2387 4866 2485 4932 ipsi
2534 4864 2764 4917 unitum.
2814 4859 3000 4929 Neque
3030 4860 3172 4913 enim
3204 4856 3579 4926 praestantiore

1995 4960 2169 5016 neSIri
2204 4968 2376 5029 parte,
2415 4959 2515 5012 hoc
2540 4964 2642 5021 est,
2676 4955 2854 5019 anima
2883 4951 3147 5022 neglecta,
3176 4948 3343 5005 solius
3373 4946 3573 5002 terreni

1996 5053 2243 5120 corporis
2276 5065 2419 5106 cura.
2447 5049 2633 5103 habita
2667 5056 2768 5111 est,
2810 5046 2902 5100 sed
2934 5044 3094 5099 simul
3122 5043 3317 5097 anima;
3355 5049 3410 5097 et
3450 5055 3576 5097 cor-

1996 5144 2113 5215 pori
2147 5143 2419 5211 sapienter
2440 5139 2720 5211 prospexit
2751 5138 2888 5193 Deus
2915 5135 3182 5191 exsistens
3208 5133 3469 5189 Verbum.

2074 5226 2229 5293 Quod
2290 5238 2475 5283 autem
2532 5226 2767 5283 Verbum
2816 5229 2982 5283 homo
3029 5228 3201 5283 nostri
3253 5227 3449 5281 similis
3498 5227 3579 5283 is-

2002 5330 2149 5376 etnm
2185 5322 2530 5376 immutatum
2574 5335 2683 5375 non
2735 5320 2824 5380 sit.
2860 5318 3182 5390 signiﬁcavit
3208 5319 3407 5374 Paulus
3456 5319 3579 5389 Spi-

2006 5416 2111 5468 ritu
2168 5414 2384 5469 amatus
2433 5414 2667 5467 dicens:
2726 5429 2744 5462 ι
2797 5408 2959 5465 Jesus
3009 5410 3262 5466 Christus
3312 5411 3474 5466 hodie
3523 5419 3580 5467 et

2008 5506 2145 5571 heri,
2183 5507 2300 5574 ipse
2336 5517 2389 5560 et
2428 5508 2479 5559 in
2520 5503 2746 5568 seculi;
2784 5521 2802 5553 ι
2838 5518 2901 5557 ac
2943 5517 3036 5572 per
3068 5502 3200 5567 lteri,
3239 5504 3575 5572 praeteritum

2007 5610 2219 5665 tcmpus
2261 5596 2454 5649 indit-at
2480 5611 2495 5661 ;
2543 5611 2639 5662 per
2685 5593 2867 5657 hodie,
2912 5607 3189 5663 praesens;
3235 5609 3331 5663 per
3383 5592 3577 5646 tacula

2008 5704 2162 5755 vero,
2196 5701 2432 5759 przesens
2464 5695 2513 5740 ct
2544 5685 2803 5741 futurum.
2830 5684 2899 5739 At
2932 5683 2978 5739 si
3001 5690 3191 5755 putant
3222 5696 3279 5740 se
3318 5696 3577 5758 maguum
