3968 6564
434 426 536 490 967
1674 416 2032 481 EUPIIYMI‘

2133 416 2461 479 LIGABENI
3609 421 3711 483 S368

435 538 641 607 aliquid
679 536 1038 607 excogitasse,
1080 534 1223 603 quod
1258 549 1353 603 per
1384 533 1495 587 heri
1528 544 1582 587 et
1623 534 1795 593 hodie.
1830 547 2019 586 recen-

2133 532 2440 601 μέλλοντος.
2461 530 2541 593 τὸ,
2561 531 2643 594 είς
2668 530 2796 591 τοὺς
2822 527 3045 591 αίῶνας.
3069 529 3129 582 Et
3150 526 3205 581 δὲ
3228 528 3433 583 οἴονταί
3459 547 3510 583 τι
3542 533 3706 600 σοφῐν

438 643 545 686 tem
580 630 905 701 intelligant,
931 628 1002 681 ita
1033 626 1463 681 contendentes:
1487 624 1588 690 Qui
1621 624 1737 678 heri
1770 633 1826 678 et
1857 622 2022 677 hodie

2133 622 2528 693 ιννενοηκέναι,
2560 621 2621 675 τὸ
2652 620 2792 691 χθές
2842 622 2937 674 καὶ
2968 620 3240 688 σήμερον
3263 622 3384 674 αντὶ
3418 622 3515 675 τοῦ
3538 640 3709 692 προσ-

436 735 542 787 est,
575 723 849 792 quomodo
887 718 956 775 sit
989 718 1155 774 etiam
1187 718 1242 772 in
1278 718 1514 773 sarcula?
1547 715 1941 771 transferemus
1969 723 2024 768 et

2133 717 2302 786 φάτου
2330 714 2632 785 δεχόμενοι,
2666 714 3064 781 διατεινόμενοί
3097 731 3153 766 τε
3182 713 3273 766 καὶ
3318 715 3599 781 λέγοντες,
3644 715 3713 769 ’0

442 830 538 872 nos
587 810 1032 881 interrogationis
1078 810 1189 863 vim
1248 808 1304 863 in
1355 808 1732 864 contrarium:
1783 807 2019 863 Verbum

2133 809 2253 880 xm;
2288 810 2389 864 καὶ
2422 809 2688 880 σήμερον.
2716 807 2832 871 πῶς
2860 806 2927 861 ἂν
2960 809 3045 877 εἴη
3073 809 3171 862 καὶ
3202 809 3281 871 et;
3311 810 3441 872 τοὺς
3472 808 3643 862 αἰῶνα
3666 829 3708 874 ν;

439 910 579 961 enim
617 905 887 960 exsistens
933 905 987 958 in
1057 902 1279 969 saicula,
1331 917 1440 971 quo
1481 909 1639 971 pacto
1676 901 1904 971 recipiat
1964 901 2018 955 in

2133 903 2547 973 μεταστήσομεν
2572 902 2666 955 καὶ
2687 902 2847 971 ἡμεῖς
2864 901 2965 973 τὴν
2984 903 3086 972 τῆς
3106 902 3433 973 ἐρωτήσεως
3453 900 3710 971 δύναμιν,

440 1015 498 1052 se
531 998 718 1051 heriet
749 993 953 1049 hodie?
996 992 1277 1063 Siquidem
1325 1000 1410 1045 est
1455 1005 1597 1045 unus
1646 989 1916 1053 Christus,
1964 998 2019 1042 et

2133 997 2204 1059 εἰς
2236 998 2298 1050 τὸ
2330 996 2455 1066 ἔχον
2501 995 2781 1056 ἐναντίως.
2818 994 2883 1049 ὐ
2913 995 3023 1065 γὰρ
3069 997 3151 1058 είς
3206 997 3334 1058 τοὺς
3383 996 3588 1056 αἰῶνας
3634 996 3711 1047 ὢν

442 1107 552 1144 ltutt
594 1099 677 1143 est
711 1088 943 1154 divisus,
994 1086 1147 1155 juxta
1185 1084 1357 1141 divini
1410 1084 1554 1137 illius
1605 1082 1752 1137 Pauli
1809 1097 2015 1137 vocem.

2133 1088 2319 1155 Λόγος,
2342 1088 2460 1151 πῶς
2486 1088 2554 1142 ἂν
2578 1087 2737 1140 λάθοι
2764 1087 2825 1141 τὸ
2849 1086 2977 1158 χθὲς
3005 1090 3100 1141 καὶ
3123 1090 3367 1157 σήμερον
3389 1088 3477 1157 ἐφ’
3506 1089 3707 1157 ἑαυτῷ,

445 1180 724 1248 Scriptum
753 1179 898 1231 enim
938 1186 1022 1231 est
1054 1176 1123 1231 de
1161 1177 1323 1230 beato
1372 1175 1631 1244 Baptista,
1662 1175 1807 1245 quod
1843 1193 1862 1226 ι
1888 1174 2021 1230 Pos-

2133 1182 2285 1252 ιῐπερ
2315 1182 2464 1233 ἐστὶν
2496 1176 2578 1244 εἷς
2619 1182 2648 1233 6
2677 1180 2935 1250 Χριστὸς,
2968 1182 3063 1233 καὶ
3094 1181 3155 1233 ού
3199 1181 3531 1249 μεμέρισται
3566 1183 3711 1233 κατὰ

445 1274 607 1327 ιτὶὠο
644 1270 791 1327 videt
820 1269 1010 1325 Jcsum
1037 1270 1345 1326 venientem
1374 1269 1441 1324 ad
1473 1284 1553 1335 se,
1586 1279 1642 1322 et
1680 1269 1849 1324 dicit:
1882 1267 2023 1322 Ecce

2133 1272 2223 1343 τὴν
2255 1273 2348 1326 τοῦ
2384 1273 2675 1326 θεσπεσίου
2715 1271 2931 1327 Παύλου
2983 1274 3193 1344 φωνή-ι.
3228 1274 3543 1343 Γέγραπται
3578 1273 3709 1341 γοῦν

440 1364 626 1435 Agnus
674 1361 791 1429 Dei,
837 1359 934 1430 qui
969 1358 1108 1415 tollit
1137 1370 1421 1429 peccatum
1456 1358 1664 1414 mundi.
1708 1356 1808 1412 Hic
1848 1368 1930 1412 est
1956 1358 2023 1412 de

2133 1366 2257 1435 περὶ
2305 1365 2400 1419 τοῦ
2440 1366 2716 1435 μακαρίου
2762 1365 3198 1428 Βαπτιστοῦ,ὅτι
3244 1384 3264 1417 ι
3317 1365 3396 1435 Τῇ
3439 1365 3709 1436 ἐπαύριον

443 1473 554 1527 quo
598 1458 711 1511 dixi
741 1476 756 1511 :
787 1457 917 1513 Post
958 1472 1044 1513 me
1087 1457 1236 1511 venit
1282 1455 1387 1522 vir,
1427 1456 1518 1525 qui
1564 1466 1690 1509 ante
1735 1472 1821 1511 me
1853 1458 2024 1511 fat-tus

2133 1452 2315 1523 βλέπει
2336 1455 2428 1507 τὸν
2460 1453 2668 1524 Ἰησοῦν
2687 1456 2989 1527 ἐρχόμενον
3023 1454 3159 1526 πρὸς
3189 1455 3372 1519 αὑτὸν,
3392 1458 3490 1509 καὶ
3522 1457 3707 1524 λέγει·

446 1559 553 1612 est,
597 1548 724 1619 quia
769 1548 918 1617 prior
966 1563 1051 1603 me
1103 1558 1241 1612 erat,
1291 1555 1346 1603 et
1393 1562 1493 1617 ego
1524 1547 1830 1603 nesciebam
1872 1562 2021 1611 eum,

2133 1545 2235 1601 Ἴδε
2256 1549 2284 1600 6
2300 1545 2497 1617 Ἀμνός
2513 1547 2607 1600 τοῦ
2631 1546 2833 1613 Θεοῦ,ό
2854 1546 3028 1619 αἴρων
3053 1549 3331 1618 ἁμαρτίαν
3354 1548 3451 1601 τοῦ
3479 1551 3708 1618 κόσμου,

447 1643 544 1698 sed
577 1651 638 1697 ut
685 1640 1066 1696 manifestetur
1114 1641 1167 1694 in
1213 1639 1403 1705 Israel,
1433 1650 1717 1708 propterea
1767 1640 1884 1693 veni
1924 1654 2023 1709 ego

2133 1641 2277 1710 οὗτός
2321 1649 2437 1699 ἐστι
2480 1643 2611 1715 περὶ
2652 1635 2715 1695 οὗ
2764 1638 2876 1708 ἐγὼ
2907 1634 3083 1692 ε’ίπον⁹
3120 1636 3324 1690 Ὀπίσω
3357 1652 3461 1706 μου
3493 1637 3707 1704 ἔρχεται

447 1733 505 1788 in
552 1747 695 1803 aqua
745 1732 1031 1802 baptizans
1082 1735 1121 1787 ⁸.
1160 1751 1179 1785 ι
1210 1729 1473 1801 intelligis
1530 1733 1714 1801 itaque
1753 1732 2024 1801 quomodo

2133 1741 2288 1811 ἀνὴρ,
2339 1738 2398 1802 ὃς
2443 1733 2755 1807 ἔμπροσθέν
2794 1749 2896 1804 μου
2938 1732 3184 1799 γέγονεν,
3222 1730 3307 1784 ότι
3349 1726 3570 1796 πρῶτός
3608 1724 3704 1795 μού

445 1826 622 1879 virum
693 1838 911 1885 vocans,
967 1838 1274 1893 agnumque
1332 1825 1508 1895 ipsum
1561 1823 1860 1894 appellans,
1917 1838 2023 1878 non

2133 1836 2265 1895 ἐστι,
2294 1829 2451 1899 κάγὼ
2479 1830 2581 1883 οὐκ
2624 1824 2765 1881 εἶδον
2811 1824 2996 1889 αὑτὸν,
3033 1822 3149 1877 ἀλλ’
3200 1823 3286 1875 ἵνα
3312 1818 3605 1891 φανερωθῇ
3636 1817 3708 1888 τῷ

447 1914 611 1968 alium
651 1926 773 1967 esse
824 1911 955 1968 dicit
984 1912 1078 1979 qui
1128 1910 1266 1966 tollit
1297 1926 1520 1982 peccata
1568 1913 1772 1978 mundi,
1819 1924 1873 1966 et
1919 1928 2027 1965 ma-

2141 1921 2377 1993 Ἰσραὴλ,
2412 1919 2501 1973 διὰ
2532 1917 2691 1972 τοῦτο
2736 1913 2900 1989 ἦλθον
2934 1914 3045 1984 ἐγὼ
3077 1915 3136 1966 ἐν
3170 1912 3324 1966 ὕδατι
3360 1910 3659 1981 βαπτίζων.
3681 1926 3699 1958 ι

446 2018 606 2075 gnam
645 2003 785 2057 hanc
826 2012 990 2072 atque
1036 2003 1357 2059 immensam
1402 2005 1753 2074 divinamque
1795 2004 2026 2074 dignita-

2133 2011 2295 2075 Σύνες
2322 2004 2414 2064 οὖν
2453 2010 2600 2072 ὅπως
2628 2006 2798 2078 ἄνδρα
2836 2006 3029 2073 λέγων,
3080 2003 3172 2057 καὶ
3218 2002 3392 2071 ἀμνὸν
3429 1998 3705 2069 ὀνομάζων

446 2104 555 2153 tem
582 2099 630 2152 ei
655 2095 865 2150 tribuit.
903 2096 1044 2151 Ante
1076 2109 1204 2150 vero
1242 2110 1307 2150 ac
1337 2096 1571 2165 priorem
1597 2110 1656 2151 se
1699 2095 1899 2151 factum
1928 2096 2024 2163 ait,

2133 2101 2311 2167 αὐτὸν,
2340 2101 2441 2171 οὐχ
2472 2098 2662 2169 ἕτερον
2692 2092 2831 2150 εἶναι
2860 2113 2994 2167 φησι
3021 2094 3112 2147 τὸν
3143 2094 3370 2165 αἴροντα
3394 2091 3495 2162 τὴν
3526 2090 3703 2159 ἁμαρ-

445 2187 573 2244 licet
616 2186 885 2258 posterior
945 2185 1144 2250 fuerit,
1194 2187 1406 2242 ratione
1455 2187 1710 2243 nimirum
1768 2188 2027 2257 temporis

2133 2196 2247 2249 τίαν
2287 2193 2381 2247 τοῦ
2433 2191 2664 2263 κόσμου,
2705 2189 2802 2243 καὶ
2846 2188 2907 2242 τὸ
2953 2187 3097 2258 μέγα
3140 2184 3299 2239 τοῦτο
3348 2183 3443 2237 καὶ
3476 2181 3706 2249 ἐξαίσιον

446 2293 556 2348 quo
602 2278 898 2333 secundum
950 2292 1171 2331 carnem
1221 2286 1381 2333 natus
1426 2287 1530 2333 est.
1588 2277 1849 2346 Quamvis
1878 2279 2023 2334 enim

2133 2286 2345 2358 ἀληθῶς
2411 2284 2507 2338 καὶ
2594 2280 2896 2352 θεοπρεπὲς
2970 2278 3187 2348 ἀξίωμα
3269 2275 3705 2347 προσνενέμτγκεν

449 2370 770 2425 Emmanuel
812 2378 1081 2440 quatenus
1129 2371 1288 2425 homo
1335 2378 1458 2440 post
1506 2369 1655 2425 illum
1701 2380 1860 2425 natus
1903 2370 2023 2436 iuit,

2133 2377 2295 2448 αὐτῷ.
2339 2373 2693 2447 Ἐμπροσθεν
2730 2372 2789 2426 δὲ
2832 2371 2928 2426 καὶ
2969 2370 3186 2442 πρῶτον
3233 2366 3491 2437 γενέσθαι
3549 2365 3705 2434 φησὶν

448 2471 566 2519 erat
595 2471 772 2516 tamen
816 2471 942 2517 ante
981 2461 1163 2517 omnia
1194 2463 1413 2531 saecula,
1459 2475 1517 2517 ut
1569 2463 1728 2518 Deus.
1770 2464 2024 2532 Ejusdem

2133 2468 2319 2533 αὐτοῦ,
2348 2466 2526 2522 καίτοι
2555 2464 2786 2519 κατόπιν
2822 2462 3135 2532 γενόμενον.
3169 2459 3310 2513 κατά
3340 2457 3407 2526 γέ
3446 2473 3592 2527 φημι
3623 2456 3704 2507 τὸν

450 2553 635 2622 itaque
679 2563 760 2608 est
800 2560 855 2606 et
901 2560 1175 2607 recentem
1224 2567 1347 2608 esse
1394 2554 1601 2607 ratione
1643 2553 1893 2608 humana:
1931 2570 2025 2608 na-

2133 2564 2227 2633 τῆς
2269 2560 2412 2615 κατὰ
2464 2558 2646 2628 σάρκα
2678 2556 2985 2627 γεννήσεως
3032 2551 3244 2625 χρόνον.
3304 2552 3365 2604 Εἰ
3412 2549 3525 2622 γάρ
3567 2550 3703 2601 ἔστιν

451 2654 610 2706 turre,
645 2653 701 2697 et
726 2651 1014 2706 aeternum,
1045 2643 1258 2699 ratione
1294 2645 1508 2700 divina).
1553 2644 1761 2701 tdcirco
1797 2654 1854 2701 et
1894 2660 2029 2716 pran-

2133 2651 2385 2723 όψιγευὴς
2414 2648 2553 2704 καθὸ
2580 2648 2866 2718 ἄνθρωπος
2889 2647 2919 2699 6
2960 2641 3329 2715 Ἐμμανουήλ,
3366 2639 3484 2694 ἀλλ’
3512 2634 3581 2710 ἦν
3609 2636 3703 2708 πρὸ

451 2734 822 2789 stantissimus
878 2734 967 2791 ille
1022 2733 1253 2801 Petrus,
1303 2749 1409 2790 nou
1467 2734 1667 2790 nudum
1716 2744 1773 2791 et
1826 2736 2028 2805 absque

451 2842 618 2882 carne
662 2826 964 2897 respiciens
1022 2825 1280 2890 Verbum,
1332 2825 1424 2881 sed
1474 2825 1616 2896 quod
1668 2826 1721 2880 in
1759 2841 1925 2882 carne
1973 2836 2029 2882 et

451 2919 716 2990 sanguine
753 2928 1120 2989 apparuerat,
1167 2919 1507 2974 manifestam
1566 2927 1622 2974 et
1665 2918 2027 2974 certissimam

453 3012 580 3068 ﬁdei
616 3012 670 3068 in
715 3012 889 3083 ipsum
932 3011 1326 3084 professionem
1374 3012 1509 3074 edit,
1541 3011 1769 3066 dicens:
1803 3029 1824 3064 ι
1857 3010 1937 3065 Tu
1968 3028 2029 3068 es

452 3104 711 3160 Christus
742 3103 911 3160 Filius
940 3103 1037 3159 Dei
1068 3103 1196 3158 vivi.
1228 3121 1249 3155 ι
1287 3103 1382 3158 Cui
1415 3101 1666 3157 Christus
1703 3103 1979 3172 respondit
2011 3119 2025 3157 :

460 3197 687 3252 sBeatus
709 3212 789 3261 es,
804 3196 1015 3260 Simon,
1038 3195 1112 3249 illi
1132 3194 1300 3261 J0me,
1317 3195 1442 3264 quia
1463 3209 1590 3249 caro
1611 3201 1665 3251 et
1680 3197 1900 3265 sanguis
1923 3209 2029 3250 non

455 3289 716 3345 revelavit
741 3288 861 3353 tibi,
894 3287 990 3343 sed
1020 3286 1181 3343 Pater
1210 3300 1365 3341 meus
1397 3286 1488 3355 qui
1521 3293 1607 3341 est
1641 3285 1694 3341 in
1726 3286 1882 3342 cretis
1928 3283 1973 3341 ³.
2004 3303 2025 3340 ι

456 3377 522 3436 ΑΙ
561 3378 663 3434 nisi
700 3377 868 3433 altum
917 3390 1105 3434 revera
1152 3386 1236 3432 est
1274 3377 1616 3447 mysterium,
1645 3385 1699 3431 et
1739 3376 1880 3432 Deus
1911 3386 2032 3433 erat

460 3474 513 3526 in
564 3486 730 3529 carne
759 3488 773 3526 :
806 3468 969 3525 homo
999 3475 1201 3533 autem,
1255 3475 1314 3521 ut
1346 3466 1444 3537 ipsi
1481 3466 1684 3532 volunt,
1717 3466 2031 3523 iiiiationem

456 3576 555 3630 per
601 3560 831 3634 gratiam
887 3566 1241 3625 consecutus,
1283 3557 1555 3628 quomodo
1598 3555 1830 3627 indiguit
1884 3566 2033 3613 tanto

458 3651 701 3722 mysterii
743 3652 996 3716 doctore,
1032 3652 1169 3705 adeo
1212 3660 1272 3704 ut
1324 3663 1486 3705 nemo
1518 3648 1827 3704 mortalium
1861 3648 2026 3704 disci-

456 3748 580 3817 pqu
605 3745 876 3809 revelarit,
909 3745 1001 3800 sed
1034 3760 1064 3799 a
1093 3744 1252 3799 Patre
1281 3744 1397 3815 ipso
1420 3743 1471 3797 id
1494 3742 1721 3798 edoctus
1748 3742 1860 3799 sit?
1888 3742 2031 3809 Quin

2130 2744 2332 2807 παντὸς
2386 2741 2580 2804 αἰῶνος
2637 2740 2713 2804 ὡς
2759 2738 2913 2801 Θεός.
2949 2735 3125 2789 Αὑτοῦ
3175 2733 3465 2803 τοιγαροῦν
3512 2732 3607 2784 καὶ
3650 2730 3703 2783 τὸ

2130 2835 2443 2908 πρόσφατον
2475 2830 2854 2903 ἀνθρωπίνως,
2886 2829 2981 2884 καὶ
3018 2827 3081 2881 τὸ
3118 2827 3290 2881 ἀΐδιον
3321 2824 3541 2887 θεῖκῶς,
3580 2820 3705 2875 ταύ-

2126 2945 2199 3002 τῃ
2228 2946 2309 2983 τοι
2337 2927 2430 2982 καὶ⁵
2469 2928 2497 2980 6
2526 2925 2861 2997 πανάριστος
2913 2922 3152 2993 Πέτρος,
3203 2921 3263 2973 ού
3312 2919 3545 2990 γυμνὸν,
3590 2916 3702 2971 οὐδὲ

2130 3020 2370 3091 ἄσαρκον
2399 3015 2818 3086 καταθεώμενον
2841 3014 2932 3069 τδν
2955 3014 3145 3083 Λόγον,
3180 3010 3296 3066 ἀλλ’
3324 3011 3385 3065 ὲν
3414 3010 3581 3081 σαρκὶ
3621 3006 3706 3061 καὶ

2128 3113 2323 3182 αἵματι
2380 3107 2679 3179 πεφηνότα,
2719 3106 2907 3176 σαφῶς
2944 3122 3007 3159 τε
3046 3104 3142 3158 καὶ
3189 3100 3444 3165 ἀπλανῶς
3489 3102 3590 3171 τῆς
3636 3100 3705 3161 είς

2130 3199 2294 3253 αὐτὸν
2337 3196 2576 3260 πίστεως
2618 3195 2720 3266 τὴν
2764 3193 3024 3247 ἀπόδοσιν
3071 3193 3329 3253 ἐποιεῖτο,
3361 3190 3561 3258 λέγων.
3599 3207 3616 3237 ι
3640 3188 3703 3241 Σὺ

2131 3287 2181 3344 εἷ
2207 3292 2235 3345 6
2258 3288 2514 3361 Χριστὸς,
2549 3290 2578 3342 6
2605 3287 2734 3351 Υἱὸς
2761 3284 2855 3340 τοῦ
2880 3284 3016 3338 Θεοῦ
3049 3283 3144 3338 τοῦ
3169 3281 3371 3349 ζῶντος
3414 3300 3432 3334 ι
3483 3280 3702 3347 Ἀκήκοε

2129 3382 2187 3435 δὲ
2217 3381 2355 3452 πρὸς
2381 3378 2558 3432 τοῦτο·
2598 3376 2915 3447 «Μακάριος
2948 3370 3018 3441 εἴ,
3052 3375 3255 3445 Σίμων,
3283 3373 3399 3443 Bap
3435 3373 3611 3435 Ἰωνᾶ,
3634 3370 3705 3422 ὅτι

2134 3470 2273 3544 σὰρξ
2302 3469 2397 3525 καὶ
2441 3463 2581 3539 αἷμα
2623 3469 2722 3522 οῦκ
2765 3465 3084 3537 ἀπεκάλυψέ
3128 3480 3232 3528 σοι,
3279 3463 3394 3517 ἀλλ’
3444 3466 3474 3516 ό
3528 3461 3704 3530 Πατήρ

2134 3583 2261 3635 μου,
2319 3565 2349 3617 6
2394 3566 2452 3617 ὲν
2504 3564 2617 3625 τοῖς
2676 3560 2948 3631 οὐρανοῖς.
2977 3578 2994 3612 ι
3069 3558 3209 3612 Ἀλλ’
3248 3558 3297 3611 εί
3361 3555 3438 3627 μὴ
3486 3553 3619 3625 βαθὺ
3653 3552 3704 3603 τὸ

2135 3657 2460 3729 μυστήριον,
2488 3654 2582 3707 καὶ
2614 3652 2745 3717 Θεδς
2775 3648 2843 3723 ἦν
2882 3652 2942 3704 ὲν
2971 3650 3159 3722 σαρκὶ,
3197 3648 3487 3723 ἄνθρωπκ
3509 3646 3565 3698 δὲ
3597 3641 3703 3697 κατ’

2134 3751 2353 3814 αὐτοὺς,
2396 3748 2580 3820 χάριτι
2611 3746 2712 3816 τὴν
2749 3742 3022 3798 υἱοθεσίαν
3063 3742 3226 3812 ἔχων,
3267 3740 3386 3803 πῶς
3414 3738 3485 3792 ἂν
3525 3734 3702 3807 ἐδεήθη

454 3850 510 3895 et
538 3836 787 3908 discipuli
818 3851 941 3891 eum
980 3835 1129 3890 illum
1165 3831 1541 3904 aliquaudo’in
1586 3833 1720 3887 mari
1765 3834 2029 3889 obambu-

2133 3840 2391 3897 τοσούτου
2421 3836 2804 3910 μυσταγωγοῦ,
2849 3835 2927 3899 ὡς
2962 3833 3166 3905 μηδένα
3200 3832 3300 3904 μὲν
3335 3830 3446 3883 τῶν
3491 3828 3583 3882 ἐπὶ
3619 3827 3703 3895 τῆς

456 3930 657 3985 lautem
694 3925 991 3996 conspicati
1028 3935 1235 3989 essent,
1267 3924 1484 3978 attoniti
1529 3923 1791 3979 miraculo
1816 3922 2029 3994 profes-

456 4022 663 4075 sionem
699 4017 820 4073 (idei
856 4032 969 4072 sua:
991 4016 1303 4079 ediderunt,
1327 4015 1571 4070 dicentes
1600 4032 1614 4070 :
1649 4031 1669 4066 ι
1698 4013 1837 4070 Vere
1860 4012 2029 4071 Filius

458 4112 548 4167 Dei
579 4127 636 4165 es
682 4119 724 4163 ³.
760 4128 779 4162 ι
822 4111 891 4163 At
924 4110 970 4164 si
997 4110 1195 4164 nothus
1223 4118 1278 4163 et
1307 4107 1425 4162 falsi
1461 4106 1692 4162 nominis
1714 4116 1818 4172 est,
1842 4119 1898 4163 et
1918 4108 2029 4163 ad-

458 4196 743 4255 ventitium
792 4198 842 4254 ei
893 4207 978 4253 est
1026 4197 1170 4267 quod
1224 4197 1299 4252 sit
1350 4196 1542 4263 Filius,
1599 4198 1863 4253 mendacii
1913 4198 2032 4255 illos

459 4302 710 4359 arguant,
746 4291 887 4358 quod
912 4299 966 4344 et
984 4287 1343 4358 jurejurando
1368 4287 1777 4344 conﬁrmarunt.
1804 4290 2033 4359 Adjece-

462 4389 585 4432 runt
611 4380 778 4445 enim,
816 4398 835 4432 ι
866 4394 1012 4444 vere,
1043 4396 1061 4429 ι
1086 4388 1460 4434 asseverantes
1494 4379 1668 4448 ipsum
1691 4394 1817 4435 esse
1836 4379 2034 4435 Filium

459 4468 554 4524 Dei
581 4485 645 4524 ac
678 4470 874 4525 Patris.

2132 3934 2238 4005 γῆς
2296 3929 2646 3999 ἀποκαλύψαι
2702 3927 2781 3998 τῷ
2838 3926 3079 3998 μαθητῇ,
3131 3923 3425 3994 παιδευτὴν
3472 3921 3529 3974 δὲ
3585 3919 3703 3989 πρὸς

2131 4025 2293 4080 τοῦτο
2340 4024 2525 4094 λαχεῖν
2578 4020 2740 4075 αὐτὸν
2792 4018 2882 4074 τὸν
2927 4018 3179 4090 Πατέρας
3217 4016 3327 4072 Καὶ
3372 4016 3481 4086 μὴν
3533 4013 3621 4066 καὶ
3662 4013 3701 4064 ot

2136 4115 2415 4172 θεσπέσιοι
2444 4112 2711 4184 μαθηταὶ,
2744 4109 3030 4165 διαθέοντα
3060 4108 3191 4161 ποτε
3215 4107 3314 4178 τῆς
3349 4105 3618 4175 θαλάττης
3643 4102 3700 4155 τὰ

2131 4209 2278 4262 νῶτα
2306 4207 2614 4277 βλέποντες,
2644 4202 3095 4273 κατατεθήπεσαν
3130 4199 3230 4271 μὲν
3263 4198 3362 4271 τὴν
3398 4196 3698 4267 θεοσημίαν,

2131 4299 2445 4372 ὡμολόγουν
2478 4296 2534 4350 δὲ
2560 4296 2661 4367 τὴν
2705 4295 2912 4358 πίστιν,
2944 4293 3214 4362 λέγοντες·
3257 4309 3277 4343 ι
3314 4288 3554 4360 ’Δληθῶς
3580 4283 3697 4340 Θεοῦ

2136 4390 2263 4453 Υἱὸς
2307 4384 2375 4441 εἴ.
2405 4407 2423 4439 ι
2485 4386 2626 4440 Ἀλλ’
2669 4386 2718 4439 εί
2760 4384 2915 4447 νόθος
2948 4383 3067 4436 ἐστὶ
3096 4382 3188 4436 καλ⁸
3213 4380 3584 4451 ψευδώνυμος,
3620 4376 3697 4429 καὶ

2137 4479 2448 4551 εἰσποιητὸν
2494 4478 2607 4549 ἔχει
2648 4477 2709 4531 τὸ
2739 4472 2878 4531 εἶναι
2907 4475 3058 4540 Υίδς,
3094 4473 3502 4543 ἐγκαλείτωσαν
3536 4472 3699 4529 αὐτοῖς

458 4561 556 4633 τὴν
580 4559 963 4633 ιιηυδηγορίαν,
998 4560 1284 4616 καὶτοῦτο
1324 4560 1669 4633 ὀμωμοκόσι.
1717 4565 2147 4635 Προστεθείκασι
2214 4572 2324 4643 γὰρ
2369 4570 2451 4637 τὸ,
2482 4570 2719 4641 ἀληθῶς,
2783 4570 2912 4625 Υίδν
2986 4568 3149 4622 αὐτὸν
3191 4564 3333 4621 εἶναι
3381 4564 3696 4620 διαόείαιού-

461 4676 613 4734 μενοι
635 4658 730 4715 τοῦ
762 4656 899 4713 Θεοῦ
929 4660 1025 4712 καὶ
1052 4658 1287 4731 Πατρός.

530 4754 587 4807 Β.
633 4751 850 4823 Optime
882 4752 1089 4807 dixisti.

533 4849 599 4900 Α.
635 4846 753 4911 Quo
781 4853 941 4914 pacto
980 4854 1159 4899 autem
1197 4844 1362 4899 etiam
1396 4845 1646 4916 proprios
1674 4847 1839 4904 habet
1874 4863 2040 4918 ange-

2217 4756 2275 4809 B.
2317 4755 2553 4825 Ἀριστα
2588 4755 2744 4825 ἔφης.

2217 4849 2281 4901 Α.
2312 4844 2437 4910 Πῶς
2465 4847 2522 4901 δὲ
2567 4848 2659 4901 καὶ⁸
2701 4846 2863 4909 ίδίους
2897 4843 3007 4915 ἔχει
3051 4844 3179 4905 τοὺς
3220 4841 3484 4911 ἀγγέλους
3529 4843 3555 4892 ἐ.
3591 4839 3692 4900 Υἱὸς

462 4938 546 4992 los
579 4937 748 4991 Filius
784 4936 1039 4998 hominis,
1086 4944 1141 4989 et
1185 4934 1432 5004 splendet
1462 4936 1517 4991 in
1552 4936 1722 5007 gloria
1752 4937 1929 4994 Patris
1958 4940 2032 4995 sui

2145 4937 2240 4991 τοῦ
2288 4936 2607 5008 ἀνθρώπου,
2661 4934 2953 5006 διαπρέπει
2997 4934 3053 4988 δὲ
3106 4934 3198 4988 καὶ
3243 4934 3303 4987 ἐν
3342 4936 3410 5005 τῇ
3460 4932 3579 5007 δόξῃ
3617 4928 3694 4982 τοῦ

460 5046 586 5087 cum
638 5029 846 5099 angelis
899 5026 1092 5083 suis‘?
1128 5026 1195 5080 Et
1251 5040 1478 5081 rursus:
1535 5043 1554 5077 ι
1595 5023 1663 5079 Et
1716 5012 1899 5079 mittet
1947 5024 2039 5078 Fi-

462 5126 569 5179 lius
628 5121 867 5178 hominis
909 5118 1131 5189 angelos
1178 5132 1311 5174 suos
1329 5118 1372 5172 ⁸.
1416 5136 1436 5170 ι
1470 5116 1528 5173 Si
1569 5131 1701 5173 vero
1750 5116 1931 5173 adhuc
1980 5118 2042 5172 tt-

463 5216 586 5271 dem
630 5214 896 5283 derogant
920 5218 979 5266 οι
1032 5208 1300 5264 increduli
1340 5216 1505 5276 sunt,
1544 5223 1668 5263 cum
1698 5223 1824 5264 eum
1856 5208 2040 5262 divina

2139 5026 2354 5097 Πατρδς
2376 5025 2546 5079 αὑτοῦ
2573 5025 2713 5097 μετά
2734 5026 2845 5079 τῶν
2872 5022 3123 5093 ἀγγέλων
3148 5022 3315 5077 αὐτοῦ
3334 5064 3351 5091 ,
3382 5023 3489 5100 Καὶ
3513 5026 3653 5079 πάλιν
3675 5037 3689 5053 ·

2143 5138 2161 5172 ι
2189 5121 2299 5175 Καὶ
2329 5119 2623 5172 ἀποστελεῖ
2649 5119 2679 5170 6
2708 5117 2836 5182 Υίδς
2861 5115 2956 5171 τοῦ
2989 5114 3280 5185 ἀνθρώπου
3305 5119 3431 5181 τοὺς
3453 5118 3691 5187 ἀγγέλους

2138 5210 2328 5265 αὑτοῦ.
2359 5228 2378 5263 ι
2408 5209 2474 5264 Et
2503 5208 2562 5262 δὲ
2592 5209 2687 5262 καὶ
2722 5208 3051 5263 ἀπιστοῦσιν
3080 5205 3183 5274 ἔτι,
3210 5209 3304 5263 καὶ
3335 5207 3459 5279 δόξῃ
3493 5207 3692 5275 θεοπρε·

466 5309 633 5381 gloria
684 5307 932 5376 adeoque
977 5302 1267 5374 splendida
1302 5311 1466 5372 atque
1514 5301 1716 5357 eximia
1774 5301 2032 5372 dignitate

2150 5305 2243 5356 πεί
2288 5305 2383 5357 καὶ
2417 5303 2533 5366 τοῖς
2565 5299 2710 5355 οὕτω
2744 5299 3021 5373 λαμπροῖς
3071 5300 3167 5354 καὶ
3199 5300 3524 5370 ὑπερτάτοις
3549 5298 3691 5365 ἁξιὼ-

465 5410 715 5455 ornatum
738 5398 975 5462 videant,
997 5394 1220 5450 audient
1250 5394 1546 5465 ipsummet
1565 5393 1841 5449 dicentem
1888 5409 1903 5447 :
1944 5411 1963 5445 ι
1988 5392 2032 5447 8

2153 5410 2319 5464 μασιν
2347 5392 2587 5463 ὁρῶντες
2620 5392 3085 5463 κατεστεμμένον,
3112 5390 3441 5445 ἀκούσονται
3470 5391 3690 5458 λέγοντος

466 5492 601 5548 mihi
647 5505 755 5545 non
802 5488 1064 5550 creditis,
1100 5486 1358 5557 operibus
1406 5485 1543 5541 meis
1595 5487 1866 5541 credite“.
1907 5505 1926 5539 ι
1981 5488 2032 5541 Ει

2150 5484 2355 5540 αὐτοῦ·
2397 5501 2417 5536 ι
2470 5487 2533 5540 Et
2569 5487 2695 5557 ἐμοὶ
2741 5486 2805 5539 ού
2850 5484 3165 5549 πιστεύετε,
3211 5488 3326 5549 τοῖς
3374 5484 3550 5555 ἔργοις
3600 5496 3686 5551 μου

471 5598 660 5640 rursus
688 5599 702 5637 :
733 5599 754 5634 ι
790 5581 847 5638 Si
876 5596 980 5637 non
1007 5580 1148 5635 facio
1178 5593 1343 5648 opera
1373 5576 1555 5635 Patris
1588 5579 1713 5643 mei,
1757 5594 1825 5634 ne
1851 5579 2048 5634 creda-

539 5807 555 5836 ¹
589 5804 748 5857 Joan.
794 5818 833 5860 ι,
864 5796 1052 5854 29-51.

467 5875 488 5907 '
518 5873 674 5931 δοίη).
702 5889 753 5939 x,
785 5873 873 5930 38.

1153 5798 1176 5832 ¹
1211 5796 1402 5856 Matth.
1450 5816 1561 5869 svr,
1598 5799 1682 5868 l6,
1715 5803 1794 5857 l7.

1902 5804 1921 5835 ³
1947 5802 2137 5860 Matth.
2195 5820 2285 5862 xw
2307 5845 2322 5873 ,
2363 5804 2452 5860 33.

2152 5579 2465 5634 πιστεύετε.
2505 5597 2524 5632 ι
2564 5580 2676 5634 Καὶ
2710 5579 2902 5636 πάλιν·
2939 5599 2958 5632 ι
3005 5578 3067 5633 Εί
3098 5581 3157 5633 οὐ
3192 5579 3329 5634 ποιῶ
3357 5580 3425 5633 τὰ
3458 5578 3585 5647 ἔργα
3611 5568 3686 5625 τοῦ

2556 5808 2577 5837 ⁸
2608 5804 2801 5861 Matth.
2848 5822 2959 5877 XVI,
3001 5808 3092 5863 27.
3194 5810 3215 5840 ⁵
3248 5808 3433 5863 Matth.
3481 5823 3581 5864 stu.
3611 5803 3683 5857 41.
