3968 6564
339 328 447 394 963
785 313 789 318 ’
1342 299 1721 396 PANOPLIA
1759 333 2223 398 DOGMATICA.
2258 358 2328 370 —
2357 333 2502 395 Tl'l‘.
2539 333 2659 394 xv.

3481 328 3588 395 930

340 478 553 550 Πατρός
605 495 729 549 μου,
783 477 858 549 μὴ
904 477 1189 531 πιστεύετέ
1244 495 1352 549 μοι.
1398 477 1460 529 Ei
1506 475 1563 528 δὲ
1612 475 1769 537 ποιῶ,
1820 472 1922 526 κᾶν

2031 474 2091 529 tis
2126 474 2278 529 mihi.
2314 472 2420 528 Sed
2458 472 2502 528 si
2539 470 2703 538 facio,
2735 481 2787 527 et
2813 469 2857 526 si
2894 469 3025 525 mihi
3055 484 3161 525 non
3188 466 3434 528 creditis,
3468 480 3596 535 ope-

337 571 465 639 ἑμοὶ
506 570 579 641 μὴ
615 571 930 642 πιστεύητε,
959 572 1071 635 τοῖς
1103 571 1283 641 ἔργοις
1313 587 1412 642 μου
1455 568 1753 623 πιστεύετε.
1784 587 1802 619 ι
1848 566 1923 619 Τὸ

2031 564 2167 619 ribus
2200 565 2333 618 meis
2366 563 2573 618 credite
2628 556 2660 617 '.
2691 578 2709 613 ι
2742 559 2877 616 Cum
2915 559 3060 615 enim
3089 556 3377 613 ineli'abilis
3410 555 3595 625 gloriae

338 661 448 732 γὰρ
482 663 540 714 ὲν
578 661 851 733 ἀνθρώπῳ
898 663 1115 733 βλέπειν
1164 664 1263 734 τῆς
1298 663 1577 734 ἀφράστου
1620 661 1778 732 δόξης
1822 660 1921 731 τὴν

2031 657 2336 715 excellentia
2372 658 2422 711 in
2471 655 2692 711 homine
2738 662 3017 718 cernatur,
3061 667 3165 706 non
3212 661 3270 705 ut
3314 649 3485 703 aliena
3528 647 3598 701 ab

339 753 639 824 ὑπεροχὴν,
681 754 779 824 οὐχ
810 756 885 818 ὼς
913 756 1200 826 ἀλλοτρίαν
1243 756 1441 826 μᾶλλον
1469 758 1638 827 ἦγουν
1671 757 1729 808 ὲν
1759 755 1918 825 χάρι-

336 861 433 907 τος
464 844 622 914 μέρει
662 848 1239 919 προσπεπορισμένην,
1280 847 1394 902 ἀλλ’
1424 848 1559 902 ίδίαν
1586 848 1769 915 αὑτοῦ,
1804 849 1922 912 πῶς

339 934 444 987 οὐκ
472 935 776 999 ἀναπείσει,
811 936 894 990 ὅτι
929 936 1062 1000 Θεὸς
1093 934 1160 1005 ἦν
1197 941 1254 991 ὲν
1292 939 1421 992 εἴδει
1464 939 1544 1010 τῷ
1581 938 1703 993 καθ’
1751 941 1917 1010 ἡμᾶς,

343 1026 442 1078 καὶ
466 1026 592 1090 Υἱὸς
630 1026 843 1096 ἀληθῶς
875 1027 970 1080 τοῦ
1005 1030 1098 1081 ἐπὶ
1127 1030 1334 1093 πάντας
1358 1028 1494 1083 Θεοῦ
1519 1048 1534 1095 ;

418 1116 481 1170 Β.
532 1116 759 1169 Ἑαυτοῦ
780 1156 795 1181 ,
823 1118 950 1187 φησι
971 1158 986 1184 ,
1029 1119 1154 1182 τοὺς
1192 1118 1458 1188 ἀγγέλους
1489 1119 1628 1174 εἶναι.
1657 1120 1921 1192 διῖσχυρί-

347 1223 501 1274 σατο,
529 1208 623 1261 καὶ
647 1207 814 1261 τῶνδε
853 1208 963 1262 τῶν
994 1209 1235 1280 σημείων
1279 1211 1501 1279 γέγονεν
1529 1212 1915 1285 ἀποτελεστὴς,

342 1298 682 1363 ἐνοικοῦντος
729 1299 878 1370 αὐτῷ
920 1299 1015 1353 τοῦ
1061 1301 1267 1369 Λόγου,
1314 1302 1471 1370 δόξαν
1519 1304 1576 1358 δὲ
1624 1303 1723 1376 τὴν
1783 1304 1919 1359 ίδίαν

342 1388 495 1460 αὐτῷ
527 1391 620 1443 καὶ
647 1389 706 1442 τὸ
732 1392 953 1461 ἐνεργὲς
978 1393 1421 1464 ὲκνενεμηκότος.
1444 1396 1757 1467 Γέγραπται
1788 1398 1918 1469 γὰρ,

346 1482 431 1533 ὅτι
464 1499 483 1532 ι
530 1480 738 1550 Ἰησοῦν
774 1482 864 1535 τὸν
899 1484 1007 1536 ἀπὸ
1036 1484 1288 1556 Ναζαρὲτ
1336 1485 1411 1549 ὡς
1448 1485 1665 1558 ἔχρισεν
1695 1488 1859 1541 αὐτὸν
1890 1490 1919 1541 6

342 1571 479 1636 Θεὸς
509 1573 785 1645 Πνεῦματι
810 1576 952 1646 ἁγίῳ
980 1577 1071 1632 καὶ¹
1098 1577 1346 1649 δυνάμει,
1375 1579 1432 1643 ὃς
1462 1578 1673 1652 διῆλθεν
1700 1582 1919 1653 εὐεργε-

343 1661 476 1724 τῶν,
503 1665 597 1715 καὶ
627 1663 854 1735 ἰώμενος
884 1668 1094 1730 πάντας
1132 1670 1255 1732 τοὺς
1286 1671 1919 1743 καταδυναστευομένους

346 1751 452 1804 ὑπὸ
496 1752 592 1805 τοῦ
641 1753 911 1807 διαϐόλου.
948 1776 965 1805 ι
1022 1758 1397 1829 Κεχρισμένος
1435 1757 1527 1815 οὖν
1567 1764 1662 1816 καὶ
1690 1763 1918 1834 δυνάμει

346 1842 443 1895 καὶ
474 1840 773 1911 Πνεύματι,
804 1844 1169 1915 τερατουργὸς
1195 1842 1283 1917 ἦν.
1952 1834 1991 1887 Β

415 1936 584 2006 Φησὶν
613 1936 641 1988 6
669 1934 943 2002 πάνσοφος
970 1934 1212 1999 Παῦλος·
1246 1953 1264 1987 ι
1300 1933 1443 1988 Ἀλλ’
1466 1937 1599 2005 ἡμῖν
1627 1931 1708 1999 εἷς
1730 1935 1864 1999 ea;
1884 1938 1913 1991 6

347 2025 561 2096 Πατὴρ,
581 2025 639 2091 ἐξ
678 2017 740 2078 οὗ
769 2025 836 2078 τὰ
870 2024 1070 2083 πάντα,
1090 2026 1186 2076 καὶ
1219 2025 1378 2093 ἡμεῖς
1410 2023 1478 2077 δι’
1505 2023 1695 2090 αὐτοῦ,
1715 2028 1805 2077 καὶ
1836 2021 1916 2087 εἷς

347 2116 551 2188 Κύριος
599 2101 807 2185 Ἰησοῦς
830 2116 1088 2187 Χριστὸς,
1112 2115 1178 2169 δι’
1207 2109 1267 2172 οὗ
1302 2116 1369 2170 τὰ
1408 2118 1610 2181 πάντα,
1636 2119 1733 2169 καὶ¹
1757 2119 1918 2187 ήμετς

346 2207 415 2260 δι’
452 2208 641 2263 αὐτοῦ.
683 2226 702 2261 ι
741 2210 862 2272 Πῶς
919 2204 1033 2270 οὖν,
1063 2209 1183 2261 είπέ
1237 2226 1351 2280 μοι,
1394 2208 1465 2263 δι’
1508 2209 1801 2280 ἀνθρώπου
1853 2213 1920 2264 τὰ

346 2303 562 2369 πάντα;
594 2302 821 2357 ἀνθότου
852 2303 909 2355 δὲ
943 2304 1041 2357 καὶ
1069 2302 1288 2371 ἀμέσως
1315 2302 1393 2367 ὡς
1428 2302 1550 2365 Υἱὸς
1584 2304 1757 2373 Πατρὶ
1795 2322 1921 2357 συν-

344 2394 626 2459 τάττεται,
662 2394 1092 2465 μεσολαϐοῦντος
1142 2396 1398 2463 οὺδενόςς
1449 2393 1581 2450 Εῑτα
1612 2397 1737 2451 ὅποι
1792 2396 1923 2449 ποτε

344 2486 439 2540 τὸν
469 2486 751 2556 Μονογενῆ
777 2486 1019 2560 θήσομεν
1044 2491 1123 2552 είς
1147 2490 1240 2544 τὸν
1268 2489 1433 2544 αὑτοῦ
1465 2491 1628 2545 τόπον
1658 2490 1922 2545 ἀναϐιϐά-

345 2582 533 2646 ζοντες
562 2581 654 2634 τὸν
686 2581 995 2653 ἄνθρωπον,
1024 2582 1327 2650 καὶτοῦτο,
1365 2582 1511 2638 καθά
1542 2601 1730 2655 φησιν,
1764 2586 1921 2655 ἐνερο

348 2673 617 2743 γούμενον
641 2672 774 2743 παρ’
803 2672 995 2738 αὑτοῦ,
1019 2676 1113 2728 καὶ
1135 2674 1203 2729 δι’
1227 2675 1390 2729 αὐτὸν
1411 2677 1759 2746 τιμώμενον;
1790 2672 1922 2747 Ἀρ*

348 2764 451 2817 οὐκ
486 2764 756 2836 ἐκϐέϐηκε
785 2766 847 2819 τὸ
876 2766 1023 2832 εἰκὸς
1054 2769 1082 2821 ό
1108 2766 1267 2835 λόγος
1296 2769 1518 2835 αὑτοίς;
1546 2770 1645 2822 οὐκ
1682 2769 1788 2835 ἔξω
1816 2770 1920 2838 φέ-

350 2875 507 2928 ρεται
566 2858 804 2925 σκοποῦ,
861 2861 957 2914 καὶ
1009 2857 1083 2925 ὡς
1133 2862 1236 2933 τῆς
1295 2864 1552 2933 ἀληθείας
1603 2863 1914 2936 όλοτρὸπως

349 2951 711 3022 ἡμαρτηκὼς,
745 2953 951 3025 γελῷτο
983 2956 1051 3011 ἂν
1086 2957 1338 3021 ὲνδίκωςς

2023 749 2138 819 ipso
2187 756 2280 802 aut
2315 761 2413 815 per
2448 746 2679 817 gratiam
2724 744 2943 809 collata,
2998 742 3092 797 sed
3132 741 3347 812 propria
3400 737 3596 808 ipsius.

2020 838 2290 908 quomodo
2328 852 2434 891 non
2476 836 2799 904 persuadeat
2847 832 3004 889 nobis
3033 832 3175 902 quod
3222 830 3359 883 Dens
3394 838 3514 882 t'ral.
3542 826 3595 882 itt

2022 932 2193 983 fm-ma
2230 938 2432 985 nostra:
2466 928 2628 983 simili
2662 937 2715 981 et
2743 924 2914 979 Filius
2944 939 3068 981 vere
3097 924 3331 993 supremi
3364 920 3492 978 Dei?

2095 1110 2153 1164 Β.
2189 1108 2348 1174 Suos,
2378 1108 2643 1179 inquiunt,
2678 1105 2897 1176 angelos
2923 1117 3045 1159 esse
3075 1101 3231 1170 dixit,
3260 1109 3315 1157 et
3340 1100 3596 1157 miracnla

2019 1201 2212 1267 edidit,
2246 1202 2317 1257 ob
2363 1200 2671 1256 inhabitans
2708 1200 2759 1255 in
2793 1212 2852 1255 se
2886 1194 3117 1252 Verbum
3139 1234 3154 1259 ,
3185 1194 3406 1265 gloriam
3440 1206 3595 1249 suam

2019 1303 2073 1349 et
2110 1294 2215 1348 vim
2247 1303 2408 1363 atque
2435 1291 2726 1349 etiicaciam
2760 1290 2865 1362 ipsi
2896 1290 3162 1346 tribuens.
3215 1286 3488 1358 Scriptum
3516 1294 3598 1341 est

2019 1387 2208 1441 enim:
2266 1405 2284 1438 ι
2346 1385 2530 1442 Jesum
2588 1384 2956 1448 Nazarenam,
3016 1382 3171 1437 unxit
3233 1380 3409 1449 ipsum
3458 1376 3639 1432 Deus.

2021 1478 2225 1548 Spiritu
2244 1488 2431 1534 sancto
2446 1488 2500 1531 et
2522 1478 2739 1539 virtute,
2763 1485 2817 1531 et
2839 1474 3087 1545 transivit
3103 1473 3299 1542 juvans
3320 1479 3374 1529 et
3399 1485 3599 1527 sanans

2019 1585 2207 1626 onmes
2259 1571 2511 1625 obsessos
2542 1585 2572 1624 ιι
2607 1566 2819 1623 diabolo
2872 1563 2913 1621 '.
2948 1586 2967 1619 ι
3006 1565 3210 1624 Unctus
3267 1564 3447 1631 itaque
3491 1560 3598 1616 vir-

2025 1672 2136 1717 tute
2166 1672 2220 1716 et
2249 1660 2475 1730 Spiritu,
2507 1659 2762 1713 miracula
2801 1657 3008 1721 edebat.

2094 1933 2184 1988 Ait
2244 1931 2683 2004 sapientissimus
2731 1931 2977 1987 Paulus:
3017 1948 3035 1981 ι
3074 1928 3178 1985 Sed
3237 1929 3395 1984 nobis
3449 1944 3592 1983 unus

2027 2026 2169 2081 Deus
2225 2023 2409 2092 Pater,
2468 2041 2533 2080 ex
2581 2042 2689 2094 quo
2722 2024 2928 2083 omnia.
2978 2033 3032 2079 et
3066 2038 3166 2078 nos
3214 2037 3281 2078 ex
3344 2022 3506 2093 ipso:
3542 2032 3599 2076 et

2029 2134 2169 2176 unus
2216 2118 2475 2175 Dominus
2531 2117 2690 2174 Jesus
2735 2117 3026 2182 Christus,
3071 2130 3168 2186 per
3194 2131 3356 2187 quem
3388 2116 3592 2180 omnia,

2027 2220 2080 2265 et
2131 2224 2229 2264 nos
2279 2225 2376 2280 per
2406 2210 2583 2281 ipsum
2612 2210 2653 2266 ³.
2689 2230 2707 2261 ι
2758 2208 3045 2276 Quomodo
3103 2209 3287 2280 igitur,
3344 2208 3596 2271 obsecro,

2029 2318 2123 2371 per
2170 2300 2443 2358 humincm
2497 2312 2626 2357 sunt
2683 2300 2905 2356 omnia?
2958 2316 3120 2371 quam
3177 2315 3304 2356 vero
3337 2300 3408 2355 ob
3462 2315 3597 2356 cau-

2027 2409 2141 2449 sam
2194 2394 2507 2450 immediate
2568 2404 2627 2449 ut
2682 2394 2849 2449 Filius
2900 2393 3047 2448 Patri
3096 2393 3448 2467 adjungitur,
3500 2406 3599 2446 ne-

2029 2487 2169 2542 mine
2196 2486 2640 2542 interveniente?
2671 2486 2868 2542 deinde
2896 2486 3121 2542 ubinam
3154 2485 3372 2540 tandem
3389 2484 3594 2553 Unige-

2022 2594 2191 2649 nilum
2243 2585 2661 2654 collocabimus,
2695 2585 2739 2641 si
2789 2583 3064 2640 hominem
3119 2582 3171 2637 itt
3208 2581 3377 2651 ipsius
3425 2582 3597 2635 locum

2022 2683 2301 2739 evehimus
2335 2696 2351 2745 ;
2385 2688 2440 2734 et
2465 2676 2719 2749 quidem,
2755 2684 2812 2730 ut
2840 2674 2941 2744 ipsi
2972 2672 3190 2737 volunt,
3223 2673 3273 2727 vi
3314 2687 3376 2726 ac
3401 2673 3600 2726 virtute

2023 2778 2090 2829 ab
2116 2775 2232 2844 ipso
2260 2769 2568 2842 insignitum
2588 2809 2606 2836 ,
2632 2766 2908 2837 gloriaque
2959 2780 3054 2835 per
3101 2765 3272 2835 ipsum
3301 2762 3550 2819 aliectum
3575 2763 3601 2820 2

2030 2868 2178 2923 Anne
2206 2863 2297 2917 tibi
2328 2861 2538 2917 illorum
2568 2860 2803 2915 rationes
2835 2856 3081 2913 absurda:
3106 2866 3160 2910 et
3186 2872 3214 2910 a
3243 2870 3407 2924 scopo
3437 2860 3596 2912 alter-

2027 2964 2236 3017 runtes,
2275 2962 2436 3020 atque
2472 2951 2606 3005 adeo
2645 2966 2672 3003 a
2711 2948 2939 3002 veritate
2983 2961 3206 3017 prorsus
3244 2947 3460 3012 alienae,
3488 2946 3597 3002 risu

2030 3046 2222 3102 merito
2260 3043 2590 3114 excipiendae
2629 3040 2909 3095 videntur?

426 3128 485 3181 Β.
516 3126 857 3197 Ἄνθρωπος,
882 3128 1110 3197 φησὶν,ό
1134 3126 1226 3179 τοῦ
1258 3126 1393 3180 Θεοῦ
1422 3129 1591 3196 Λόγος
1612 3130 1924 3199 ὠνόμασται

2090 3137 2151 3193 Β.
2188 3136 2417 3191 Verbum
2452 3135 2578 3198 Dei,
2612 3132 2895 3202 inquiunt,
2931 3140 3153 3186 vocatur
3189 3131 3383 3195 homo,
3416 3128 3598 3199 hujus.

352 3217 496 3271 κατά
532 3216 732 3268 τοιόνδε
762 3216 885 3269 τινά
916 3216 1137 3287 τρόπον.
1166 3217 1378 3287 Ὥσπερ
1406 3219 1514 3291 γὰρ
1543 3223 1570 3272 6
1602 3222 1730 3291 παρ’
1760 3222 1924 3276 αὑτοῦ

2031 3229 2226 3285 cemodi
2248 3227 2481 3296 quadam
2512 3224 2737 3279 ratione.
2768 3220 3231 3289 Quemadmodum
3257 3222 3402 3275 enim
3434 3220 3598 3275 homo
3648 3290 3653 3295 _

351 3309 574 3380 ληφθεὶς
610 3308 933 3381 ἄνθρωπος,
981 3309 1238 3380 ἐγεννήθη
1293 3311 1390 3382 μὲν
1437 3313 1495 3365 ὲν
1546 3310 1792 3383 Βηθλεὲμ
1828 3314 1927 3384 τῆς

2031 3322 2109 3390 qui
2171 3320 2239 3375 ab
2302 3322 2416 3388 ipso
2454 3327 2760 3385 assumptus
2801 3325 2885 3371 est
2927 3326 3084 3371 natus
3147 3314 3362 3385 quidem
3405 3322 3490 3369 est
3546 3312 3601 3367 in

364 3403 644 3467 Ἰουδαίας,
692 3402 906 3473 εἴρηται
936 3401 993 3454 δὲ
1022 3400 1360 3473 Ναζωραῖος,
1382 3403 1469 3456 διὰ
1492 3403 1551 3456 τὸ
1576 3405 1796 3474 οἰκῆσαι
1824 3406 1927 3476 τὴν

2031 3414 2335 3469 Bethlehem
2364 3409 2560 3465 Iudaea:
2602 3410 2622 3441 ⁵
2686 3428 2698 3463 :
2748 3410 2923 3464 dictus
2953 3419 3129 3464 autem
3174 3417 3258 3463 est
3290 3405 3597 3469 Nazarazus,

355 3496 631 3564 Ναζαρὲτ,
665 3495 808 3547 οὕτω
836 3493 930 3547 καὶ
957 3495 986 3546 ό
1008 3493 1139 3556 Θεὸς
1181 3494 1369 3562 Λόγος,
1415 3494 1697 3565 ἄνθρωπος
1726 3495 1923 3566 όνομά⁴

2031 3507 2167 3574 quod
2196 3504 2247 3557 itt
2288 3502 2556 3556 Nauretlt
2601 3502 2914 3558 habitaret’
2972 3518 2986 3567 ;
3025 3502 3096 3555 ita
3123 3511 3175 3555 et
3205 3500 3343 3554 Deus
3367 3492 3602 3555 Verbum

354 3584 530 3650 ζεται,
559 3584 648 3638 διά
682 3584 742 3636 τὺ
765 3582 1087 3653 κατοικῆσαι
1120 3584 1177 3635 ὲν
1206 3581 1496 3653 ἀνθρώπῳ.

2031 3606 2251 3649 vocatur
2279 3594 2459 3657 homo,
2493 3595 2617 3663 quia
2654 3592 2921 3647 inhabitat
2945 3591 2997 3646 in
3029 3591 3263 3646 homine.

427 3678 490 3729 Α.
528 3677 592 3729 Ὢ
638 3675 836 3746 φρενὸς
864 3673 1283 3744 γραοπρεποῦς,
1320 3675 1412 3727 καὶ
1438 3673 1530 3727 νοῦ
1568 3677 1923 3747 παρειμένου,

2084 3685 2198 3741 A.0
2215 3686 2372 3739 anilia
2389 3694 2713 3751 commenta,
2733 3698 3017 3752 merasque
3030 3696 3220 3753 nugas,
3238 3681 3426 3747 verba,
3442 3694 3604 3735 voces

358 3770 452 3833 καὶ
467 3767 811 3839 βατταρίζειν
834 3767 1054 3829 εἰδότος,
1072 3766 1164 3818 καὶ
1181 3764 1367 3836 ἕτερον
1392 3764 1566 3820 οὐδέν.
1591 3766 1919 3839 Ἐκνήψατε,

2035 3790 2401 3851 praetereaque
2431 3778 2594 3831 nihil!
2626 3776 2907 3848 Evigilate,
2937 3776 3234 3839 temulenti,
3263 3789 3329 3830 ex
3358 3775 3481 3829 vino
3506 3787 3603 3829 ve-

357 3863 407 3916 οί
459 3860 767 3933 μεθύοντες,
806 3856 867 3923 ἐξ
891 3857 1035 3911 οἴνου
1068 3858 1245 3910 αὐτῶν
1266 3898 1280 3923 ,
1314 3857 1653 3926 ἐπιφωνείτω
1696 3876 1781 3923 τις
1816 3865 1928 3926 τοῖς

2036 3878 2169 3933 stto,
2192 3868 2385 3922 merito
2398 3866 2518 3938 quis
2541 3866 2807 3921 haereticis
2819 3866 3099 3922 occlamet.
3117 3866 3255 3934 Quid
3455 3864 3605 3920 veri-

357 3952 678 4017 διεναντίας,
711 3949 764 4004 τί
797 3948 1206 4019 παραϐιάζεσθε
1232 3948 1484 4019 τάληθὲς,
1508 3950 1606 4003 καὶ
1634 3952 1743 4005 τῶν
1769 3953 1927 4009 θείων

2036 3960 2131 4014 tati
2163 3960 2269 4013 vim
2301 3956 2557 4014 iniertis?
2599 3970 2653 4015 et
2683 3958 2985 4013 divinorum
3010 3957 3317 4028 dogmatum
3349 3956 3605 4012 virtutem

359 4045 642 4115 δογμάτων
677 4044 773 4115 τὴν
803 4042 1032 4122 δῦναμιν
1076 4040 1520 4110 παρευθύνοντες,
1554 4042 1658 4108 ἔξω
1696 4045 1927 4119 φέρεσθε

2032 4052 2426 4116 subvertentes,
2456 4065 2488 4106 a
2509 4051 2594 4105 via
2621 4050 2767 4117 regia
2786 4047 3068 4105 deﬂectitis
3091 4045 3317 4119 iNeque
3355 4046 3526 4111 enim,
3549 4052 3609 4101 ut

359 4139 550 4208 τρίϐου
589 4141 688 4207 τῆς
728 4134 1051 4206 βασιλικῆς;
1097 4133 1291 4201 Γέγονε
1317 4132 1426 4203 γάρ
1452 4171 1468 4198 ,
1504 4131 1579 4194 ὡς
1604 4129 1801 4192 ἔοικεν,
1840 4131 1933 4184 οὐκ

2031 4136 2259 4201 videtur,
2279 4132 2514 4190 Verbum
2533 4148 2662 4188 caro
2682 4133 2879 4186 factum
2892 4139 2995 4195 est,
3012 4133 3103 4185 sed
3133 4131 3312 4201 potius
3329 4129 3618 4202 ἀνθρωπο-

359 4229 441 4282 ἔτι
477 4226 579 4297 μὲν
614 4227 751 4299 σάρξ
779 4228 807 4279 6
838 4227 1009 4294 Λόγος
1040 4225 1179 4278 κατὰ
1203 4223 1299 4286 τὰς
1343 4222 1563 4293 Γραφάς
1590 4263 1604 4287 ,
1651 4221 1940 4294 ἀνθρωπο-

358 4319 586 4389 πο),ίτης
618 4318 673 4370 δὲ
714 4316 935 4391 μᾶλλον,
972 4316 1066 4370 καὶ
1095 4311 1162 4387 ἦν
1201 4314 1491 4368 ἀκόλουθον
1528 4312 1688 4366 αὑτὸν
1733 4311 1943 4381 ἀνθρωο
1988 4332 1995 4338 ·

2028 4225 2276 4294 πολίτης.
2295 4226 2394 4278 hoc
2420 4235 2524 4290 est,
2547 4223 2783 4279 hominis
2807 4222 3005 4287 incola,
3023 4231 3078 4276 et
3104 4222 3431 4278 conveniens
3450 4221 3613 4277 fuerit

2029 4315 2176 4368 illum
2202 4329 2307 4369 non
2335 4315 2606 4369 hominem
2630 4315 2723 4369 sed
2759 4315 3055 4368 humanum
3081 4326 3273 4368 vocare
3304 4330 3319 4366 :
3357 4313 3614 4380 quemad-

360 4414 520 4463 παῖον
570 4410 788 4481 μᾶλλον,
832 4409 931 4462 οὐκ
958 4408 1241 4479 ἄνθρωπον
1267 4404 1653 4475 ὀνομάζεσθαι,
1692 4402 1933 4475 καθάπερ

2037 4404 2254 4460 modum
2270 4413 2325 4460 et
2344 4405 2436 4475 qui
2454 4403 2725 4459 Nazareth
2744 4403 3069 4459 inhabitnvit
3094 4402 3410 4458 Nazarenns
3437 4404 3611 4458 dictus

362 4504 558 4574 ἀμέλει
597 4504 690 4556 καὶ
722 4505 751 4557 6
785 4502 1119 4573 κατοικήσας
1157 4499 1257 4570 τὴν
1303 4497 1590 4568 Ναζαρὲτ,
1625 4496 1946 4566 Ναζωραῖος

361 4598 677 4666 ὠνόμασται
698 4638 711 4661 ,
744 4594 838 4648 καὶ
862 4595 920 4647 οὐ
962 4593 1234 4661 Ναζαρέτ.
1278 4592 1465 4662 Εῐργει
1496 4591 1575 4654 δὲ,
1603 4585 1778 4659 οἶμαι,
1812 4607 1949 4642 παν-

364 4688 539 4749 τελῶς
572 4687 745 4751 οὐδὲν,
769 4685 927 4757 εἴπερ
961 4680 1019 4738 εὖ
1053 4684 1197 4753 ἔχειν
1229 4682 1428 4735 οἴονται
1459 4680 1522 4733 τὸ
1553 4680 1736 4748 σφίσιν
1764 4680 1949 4742 αὐτοῖς

364 4774 645 4837 ἀσυνέτως
688 4772 1073 4844 ἐξευρημένον,
1108 4771 1399 4841 ἄνθρωπον
1443 4766 1808 4840 ὀνομάζεσθαι
1852 4767 1949 4819 σὺν

370 4865 488 4935 Υίῷ
528 4866 619 4918 τὸν
668 4866 889 4936 Πατέρα
931 4865 1027 4918 καὶ
1053 4864 1275 4935 προσέτι
1323 4862 1383 4916 τὸ
1420 4861 1644 4931 Πνεῦμα
1683 4860 1745 4912 τὸ
1776 4860 1952 4926 ἅγιον.

370 4960 635 5011 Κατοικεῖ
664 4958 769 5028 γάρ
798 4958 856 5011 ἐν
885 4959 1017 5028 ἡμῖν
1054 4956 1141 5009 διὰ
1166 4953 1262 5009 τοῦ
1295 4954 1631 5033 Πνεῦματος,
1669 4952 1767 5022 τῆς
1793 4951 1954 5018 ἁγίας

369 5068 435 5103 τε
469 5052 562 5103 καὶ
600 5049 888 5121 ὀμοουσίου
920 5049 1148 5121 Τριάδος
1196 5048 1256 5101 τὸ
1287 5048 1579 5118 πλήρωμα.
1617 5046 1725 5099 Καὶ
1758 5044 1889 5111 γοῦν
1929 5044 1956 5094 6

376 5142 587 5205 Παῦλὸς
619 5159 806 5213 φησιν’
844 5162 861 5193 ι
894 5144 1008 5196 Οὐκ
1035 5142 1212 5197 οἴδατε
1240 5142 1322 5196 ὅτι
1356 5142 1482 5203 ναὸς
1514 5138 1650 5191 Θεοῦ
1679 5141 1823 5200 ἐστε,
1856 5135 1952 5189 καὶ

373 5235 437 5286 τὸ
488 5235 710 5304 Πνεῦμα
755 5235 849 5289 τοῦ
889 5233 1026 5288 Θεοῦ
1053 5236 1299 5288 κατοικεῖ
1338 5235 1398 5286 ὲν
1439 5233 1601 5301 ὑμῖν;
1640 5250 1656 5280 ι
1703 5229 1812 5283 Kal
1854 5228 1960 5299 μὴν

2031 4504 2133 4560 est,
2173 4510 2275 4549 non
2306 4492 2598 4549 Nazareth.
2626 4492 2882 4560 Quinimo
2900 4491 3032 4546 nihil
3064 4506 3286 4561 prorsus
3314 4492 3610 4555 obstiterit,

2033 4589 2079 4643 si
2120 4595 2483 4643 commentum
2518 4584 2729 4638 illorum
2763 4598 2947 4637 verum
2976 4592 3091 4646 est,
3130 4583 3402 4637 hominem
3433 4585 3613 4637 vocari

2033 4695 2137 4734 una
2169 4693 2289 4735 cum
2310 4676 2446 4732 Filio
2459 4676 2620 4731 etiam
2647 4674 2861 4730 Patrem
2880 4682 2933 4727 et
2955 4672 3216 4743 Spiritum
3235 4674 3613 4728 sanetumJla-

2032 4771 2167 4825 bitat
2193 4770 2336 4825 enim
2370 4769 2423 4823 in
2454 4766 2609 4822 nobis
2639 4781 2735 4836 per
2764 4764 3049 4834 Spiritum,
3077 4774 3281 4818 sancta:
3309 4773 3365 4818 et
3387 4768 3618 4819 consult-

2030 4864 2295 4920 stantialis
2312 4859 2597 4915 Trinitatis
2619 4855 3078 4928 plenitudo.Unde
3100 4866 3154 4911 et
3184 4855 3377 4911 Paulus
3400 4853 3573 4926 inquit
3604 4872 3617 4909 :

2036 4976 2055 5009 ι
2093 4958 2173 5012 An
2225 4954 2449 5011 nescitis
2482 4954 2623 5023 quod
2659 4952 2916 5020 templum
2949 4952 3043 5005 Dei
3100 4950 3259 5017 estis,
3300 4958 3355 5005 et
3388 4949 3621 5020 Spiritus

2032 5050 2126 5105 Dei
2163 5050 2422 5103 inhabitat
2451 5048 2504 5102 in
2538 5046 2689 5103 vobis
2744 5045 2765 5073 ‘
2797 5044 2821 5097 ἵ
2850 5061 2868 5095 ι
2914 5042 3052 5109 Quin
3083 5053 3139 5098 et
3196 5042 3431 5113 ipsemet
3461 5041 3618 5098 Chri-

2033 5153 2149 5196 stus
2178 5155 2193 5193 :
2228 5158 2247 5192 ι
2283 5139 2340 5194 Si
2373 5140 2491 5209 quis
2512 5148 2657 5193 amat
2690 5152 2794 5201 me,
2827 5151 3134 5192 sermonem
3167 5149 3342 5188 meum
3366 5134 3619 5192 servabit.

2033 5238 2087 5285 et
2102 5229 2264 5285 Pater
2300 5243 2451 5283 meus
2475 5228 2657 5298 diliget
2684 5241 2807 5282 eum
2829 5267 2845 5292 ,
2870 5237 2924 5282 et
2946 5226 3248 5290 veniemus,
3280 5238 3346 5278 ac
3385 5226 3619 5279 mansio-

377 5327 473 5380 καὶ
505 5327 666 5390 αὐτὸς
684 5330 712 5381 6
736 5328 970 5399 Χριστὸς
988 5372 1001 5394 ,
1030 5347 1047 5379 ι
1074 5328 1200 5381 Ἐάν
1225 5344 1308 5389 τις
1339 5325 1530 5395 ἀγαπᾷ
1563 5342 1650 5395 με.
1685 5322 1776 5376 τὸν
1805 5322 1931 5391 λόγο

2038 5336 2160 5377 nem
2198 5320 2338 5391 apud
2364 5336 2485 5374 emn
2519 5319 2779 5373 faciemus
2849 5321 2892 5372 ’.
2930 5336 2950 5370 ι
2994 5316 3257 5373 Caeterum
3291 5315 3453 5370 Pater
3481 5315 3624 5370 nulla

384 5438 486 5490 μου
514 5423 770 5494 τηρήσει,
804 5422 895 5475 καὶ
920 5422 948 5473 ό
979 5421 1167 5492 Πατήρ
1211 5437 1311 5491 μου
1344 5419 1624 5489 ἀγαπήσει
1652 5418 1835 5481 αὑτὸν,
1870 5434 1933 5496 κα

2039 5414 2247 5468 ratione
2289 5413 2465 5468 dictus
2506 5422 2590 5466 est
2641 5411 2836 5472 homo,
2879 5417 3068 5463 utnec
3111 5408 3346 5477 Spiritus
3379 5417 3622 5469 sanctus,

386 5516 739 5581 ἐλευσόμεθα,
791 5516 885 5567 καὶ
935 5515 1102 5581 μονὴν
1167 5513 1297 5581 παρ’
1336 5511 1485 5580 αὐτῷ
1538 5508 1896 5576 ποιησόμεθα.
1945 5527 1961 5556 ι

452 5667 467 5697 ’
502 5665 656 5720 Juan.
684 5681 734 5727 κ,
768 5663 854 5718 57.
932 5662 1093 5717 ’Act.
1120 5677 1174 5724 λ,
1206 5659 1294 5713 58.
1373 5660 1394 5691 ⁸
1434 5657 1446 5709 l
1479 5656 1608 5712 Cur.
1636 5671 1753 5718 vut,
1784 5654 1836 5709 6.
1924 5654 1933 5686 '

2031 5656 2162 5709 atth.
2203 5671 2257 5718 tt,
2293 5655 2340 5708 5.

376 5752 487 5791 xw.
532 5739 617 5789 1'5.

697 5832 963 5888 PATBOL.
1008 5826 1125 5885 Gtt.
1170 5824 1427 5884 CXXX.

2038 5504 2162 5573 quia
2191 5504 2243 5557 iu
2291 5500 2446 5557 nobis
2481 5499 2810 5554 habitarunt.
2864 5499 2969 5552 Sed
3002 5500 3231 5553 irrident
3263 5500 3347 5555 isti
3379 5501 3628 5554 incarna-

2418 5656 2436 5683 ⁵
2466 5656 2600 5711 Luc.
2631 5671 2684 5722 ll,
2716 5655 2804 5711 51.
2880 5657 2900 5688 ⁸
2928 5656 2946 5712 l
2977 5657 3103 5713 Car.
3135 5675 3214 5727 ιιι,
3254 5661 3341 5717 16;
3419 5661 3441 5696 ⁷
3465 5663 3626 5720 Joan.

3185 5823 3253 5882 31
