3968 6548
483 338 584 405 ῃτι
1829 346 2050 407 ElI'I‘Ii‘

2168 351 2211 407 il
2255 350 2293 409 Ζ
2336 352 2629 414 ΟᾹΒΕΝΙ
3636 357 3735 419 9'22

481 476 642 533 tionis
674 473 987 546 mysterium
1016 473 1150 528 adeo
1187 479 1329 526 recta
1355 481 1514 542 atque
1542 471 1841 527 veneranda
1886 471 2044 529 Eccle

2191 482 2327 536 Ἀλλ’
2357 484 2569 555 εἴρηται
2604 486 2702 557 μὲν
2735 488 2986 558 οὐδαμῶς
3018 489 3304 562 ἄνθρωπος
3331 494 3359 545 6
3394 492 3608 564 Πατὴρ,
3632 496 3745 547 οὔτε

482 571 576 624 sia:
621 568 870 637 dogmata
916 563 983 620 ad
1017 564 1309 619 absurdum
1346 562 1745 634 detorqttenles.
1786 566 1853 621 At
1887 574 2049 620 nostr:

2180 572 2286 642 μὴν
2315 573 2375 625 τὸ
2402 574 2624 645 Πνεῦμα
2656 576 2715 629 τὸ
2741 576 2918 645 ἅγιον,
2962 579 3049 633 διὰ
3079 580 3136 632 τὸ
3169 584 3449 635 κατοικεῖν
3496 562 3566 635 ἐν
3601 583 3746 653 ἡμῖν.

486 676 698 717 rursum
748 659 1003 729 procedat
1049 657 1256 723 oratio,
1298 658 1514 712 omissis
1566 656 1774 712 illorum
1835 658 2053 714 deliriis.

2181 663 2380 718 Γελῶσι
2420 666 2478 719 δὲ
2506 660 2651 721 οῦτοι
2679 668 2776 739 τῆς
2811 670 3279 743 ἐνανθρωπήσεως
3324 673 3385 725 τὸ
3432 676 3748 745 μυστήριον,

484 751 540 807 Si
566 753 707 806 enim
745 750 865 806 ideo
896 748 1151 803 miracula
1184 750 1350 805 edidit
1372 791 1386 813 ,
1418 749 1539 819 quia
1570 748 1803 805 Verbum
1843 750 1897 805 in
1947 751 2051 822 ipsc

2183 756 2598 826 περιτρέποντες
2644 762 2722 822 είς
2769 760 2831 813 τὸ
2877 760 3091 831 ἀπηχὲς
3150 760 3218 814 τὰ
3265 760 3439 825 οὕτως
3478 761 3616 833 ὀρθὰ
3663 764 3750 815 καὶ

483 854 599 899 ιιι-,ιι
620 884 637 911 ,
670 860 831 895 unum
868 841 1096 911 aliquem
1139 850 1446 896 sanctormn
1476 840 1857 911 prophetarum
1888 841 2050 912 ipsun

2184 845 2505 912 ὶξιάκουστα
2534 848 2977 923 τῆςἘκκλησίας
3004 852 3269 923 δόγματα.
3295 852 3443 923 Πλὴν
3467 854 3570 907 ῖτω
3598 854 3751 906 πάλιν

482 951 601 990 esse
631 942 894 989 statuunt.
943 931 1077 986 Nam
1105 942 1158 987 et
1188 932 1444 987 miracula
1472 948 1570 1002 per
1611 948 1800 989 manus
1837 935 2049 1004 prophe'

2186 940 2303 1010 ἡμῖν
2351 940 2493 993 κατὰ
2538 940 2667 1013 ῥοῦν
2708 945 2734 995 6
2777 943 2969 1011 λόγος,
3022 946 3135 1007 τοῖς
3176 943 3401 997 ἐκείνων
3436 944 3658 1013 ἐμετοῖς
3702 942 3753 996 τὸ

486 1036 659 1079 tarum
691 1025 877 1080 edidit.
936 1023 990 1079 Si
1022 1039 1150 1077 vero
1189 1024 1240 1077 in
1278 1023 1361 1078 his
1396 1024 1588 1077 Filium
1636 1032 1906 1087 statuunt,
1941 1039 2053 1093 pro-

2183 1032 2385 1099 χαιρεῖν
2416 1029 2605 1084 εἰπών.
2639 1031 2703 1086 El
2733 1031 2862 1103 γὰρ,
2888 1032 3119 1102 ἐπείπερ
3146 1029 3215 1104 ἦν
3243 1034 3271 1086 6
3296 1033 3473 1101 Λόγος
3502 1034 3561 1085 ἐν
3589 1031 3750 1103 αὐτῷ.

483 1121 710 1193 pbetica:
763 1119 876 1174 sive
931 1117 1237 1189 apostolica:
1273 1115 1598 1170 conditionis
1627 1115 1803 1186 ipsum
1843 1115 2046 1170 faciunt

2185 1120 2423 1190 σημείων
2467 1122 2692 1191 γέγονεν
2727 1124 3115 1196 ἀποτελεστὴς,
3165 1124 3259 1178 ἕνα
3308 1141 3411 1178 που
3456 1124 3602 1194 τάχα
3655 1123 3752 1176 τῶν

482 1214 655 1285 ἁγίων
693 1211 987 1285 προφητῶν
1041 1227 1206 1281 φασιν
1254 1210 1435 1264 αὐτόν.
1487 1210 1793 1282 Ἔνήργηκε
1833 1209 1942 1282 γὰρ
1981 1210 2069 1265 διὰ
2110 1214 2292 1285 χειρὸς
2336 1216 2507 1285 ἁγίων
2576 1218 2675 1281 τὰς
2709 1217 3029 1289 θεοσημίας.
3079 1216 3227 1271 Εἰδέ
3255 1218 3315 1270 ἐν
3378 1216 3592 1280 τούτοις
3624 1210 3753 1271 εἶναί

485 1330 619 1383 φασι
663 1311 751 1365 τὸν
787 1310 936 1377 Υἰδν,
984 1310 1042 1362 ἐν
1097 1309 1454 1380 προφητικοῖς
1505 1307 1667 1360 αὑτὸν
1717 1308 1883 1378 ἤγουν
1933 1309 2309 1375 ἁποστολικοῖς
2339 1314 2766 1385 κατακομίζουσι
2797 1315 3038 1386 μέτροις.

555 1410 615 1463 Β.
643 1406 833 1462 Nonne
865 1406 1033 1470 enim,
1068 1404 1351 1474 inquiunt,
1388 1404 1565 1457 dictus
1596 1412 1677 1458 est
1723 1403 1983 1475 propheta
2016 1414 2071 1461 et

2252 1407 2309 1461 Β.
2326 1408 2400 1460 Οὐ
2425 1408 2534 1479 γὰρ
2565 1408 2801 1481 εἴρηται,
2822 1409 2975 1480 φασὶ,
3004 1408 3290 1481 προφήτης
3310 1406 3403 1460 καὶ
3434 1404 3751 1472 ἀπόστολωί

484 1499 758 1571 apostolus
785 1497 807 1552 ?
838 1495 1019 1567 Neque
1059 1497 1204 1552 enim
1242 1493 1465 1550 falleris.

1163 1511 1204 1549 ιιι
1242 1493 1465 1550 falleris.
2177 1500 2277 1553 οὐκ
2302 1500 2367 1554 ἂν
2391 1498 2730 1571 διαψεύσαιο.

558 1593 622 1645 Α.
657 1589 864 1661 Moyses
895 1587 1111 1657 quidem
1141 1588 1275 1643 dixit
1298 1587 1362 1643 iis
1392 1588 1481 1659 qui
1512 1596 1667 1641 erant
1710 1602 1775 1642 ex
1807 1588 2070 1658 sanguine

2248 1595 2311 1647 Λ.
2364 1593 2423 1646 Ὀ
2454 1593 2658 1664 Μωσῆς
2708 1594 2807 1664 μὲν
2840 1592 2942 1665 ἔφη
2990 1595 3103 1656 τοῖς
3151 1592 3208 1659 ἐξ
3244 1592 3480 1662 αἵματος
3520 1592 3748 1661 Ἰσραήλ·

484 1684 652 1740 lsrael
685 1698 697 1735 :
734 1701 751 1733 ι
790 1681 1114 1751 Prophetam
1144 1682 1294 1735 vobis
1330 1682 1615 1735 suscitabit
1643 1679 1900 1734 Dominus
1932 1680 2051 1734 Deo:

2185 1705 2202 1737 ι
2240 1688 2531 1761 Προφήτην
2564 1686 2693 1757 ὑμῖν
2732 1687 3030 1756 ἀναστήσει
3074 1684 3278 1755 Κύριος
3305 1684 3332 1735 6
3359 1683 3491 1745 Θεὸς
3517 1683 3670 1753 ὑμῶν
3697 1684 3750 1734 ὲκ

485 1786 666 1831 vester
698 1788 760 1827 ex
799 1771 1056 1828 fratribus
1099 1772 1329 1840 vestris,
1365 1772 1504 1827 sicut
1547 1786 1630 1827 me
1704 1770 1741 1825 '.
1779 1791 1797 1822 ι
1852 1771 1991 1839 Quin
2022 1787 2052 1828 e

2182 1779 2285 1833 τῶν
2326 1778 2569 1849 ἀδελφῶν
2616 1778 2800 1849 ὑμῶν,
2849 1779 2921 1842 ὠς
2962 1778 3083 1849 ἐμέ.
3119 1798 3137 1830 ›
3180 1777 3431 1848 Γέγραφε
3480 1776 3539 1829 δὲ
3594 1777 3685 1828 καὶ
3726 1778 3749 1828 6

488 1866 701 1920 divinus
769 1864 965 1920 Paulus
1027 1864 1258 1919 scribit:
1301 1882 1317 1913 ι
1369 1863 1558 1928 Unde,
1618 1863 1813 1918 fratres
1879 1864 2048 1919 sancti

2180 1874 2466 1936 θεσπέσιος
2498 1872 2711 1935 Παῦλος
2738 1889 2751 1903 ο
2780 1891 2798 1924 ι
2840 1872 3022 1936 Ὥστε,
3055 1870 3277 1938 ἀδελφοὶ
3308 1870 3478 1937 ἅγιοι,
3517 1868 3747 1938 κλήσεως

488 1954 785 2009 vocatiOnis
802 1953 1036 2009 rtelestis
1059 1953 1372 2021 participes,
1398 1952 1738 2007 considerate
1777 1954 2055 2022 apostolun

2180 1965 2499 2034 ἐπουρανίου
2542 1964 2783 2034 μέτοχοι,
2810 1963 3185 2033 κατανοήσατε
3211 1962 3299 2015 τόν
3335 1960 3635 2014 ἀπόστολον
3666 1959 3747 2013 καὶ

487 2053 541 2101 et
571 2045 877 2115 pontiﬁcem
906 2044 1261 2100 confessionis
1300 2054 1498 2100 nostra:
1527 2041 1708 2098 Jesum
1759 2042 1799 2097 ’.
1839 2062 1855 2093 ι

1839 2062 1855 2093 ³
2177 2056 2437 2127 ἀρχιερέα
2475 2056 2573 2126 τῆς
2600 2054 2889 2126 ὁμολογίας
2914 2052 3076 2125 ἡμῶν
3115 2051 3348 2126 Ἰησοῦν.
3383 2072 3399 2103 ι

564 2140 1032 2209 Quemadmodum
1090 2154 1217 2194 vero
1267 2155 1390 2194 cum
1444 2137 1515 2195 sit
1562 2147 1753 2194 natura
1788 2138 1951 2203 Deus.
2012 2152 2064 2197 et

2247 2140 2457 2211 Ὥσπερ
2476 2142 2529 2194 δὲ
2552 2143 2684 2205 Θεὸς
2709 2142 2786 2197 ὢν
2808 2143 2969 2214 φύσει
2996 2146 3091 2198 καὶ
3113 2145 3318 2216 Κύριος
3338 2145 3736 2216 ἀληθῶ;,ἔ).αδιι

496 2250 624 2292 vere
667 2233 950 2299 Dominus,
992 2232 1217 2287 formam
1256 2233 1398 2288 servi
1425 2232 1655 2302 accepit,
1696 2243 1883 2303 utpote
1914 2233 1967 2286 in
2005 2249 2063 2287 ea

2172 2236 2361 2289 δούλου
2384 2237 2622 2308 μορφὴν,
2650 2238 2743 2291 καὶ
2769 2239 2826 2291 ἐν
2850 2237 2987 2309 αὐτῇ
3012 2238 3274 2306 γεγονὼς,
3292 2238 3386 2291 καὶ
3415 2239 3477 2290 ἐν
3508 2238 3734 2307 προσλή-

496 2341 678 2397 Iiatus,
706 2337 762 2384 et
792 2338 979 2383 nostra
1012 2327 1311 2398 assumpsit
1339 2344 1352 2379 :
1390 2327 1460 2380 ita
1491 2340 1711 2397 quoque
1750 2332 1802 2376 et
1832 2325 2063 2394 prophe-

2172 2328 2263 2397 ψει
2296 2328 2405 2383 τῶν
2456 2329 2579 2383 καθ’
2635 2331 2803 2401 ἡμᾶς,
2841 2328 2985 2383 οὕτω
3021 2333 3115 2383 καὶ
3153 2331 3253 2401 τῆς
3306 2331 3645 2400 προφητείας
3682 2330 3733 2383 τὸ

501 2424 587 2479 tia:
609 2422 854 2492 spiritum
889 2420 1058 2485 dedit,
1089 2419 1434 2490 etapostolos
1454 2420 1814 2481 constituens,
1847 2431 1899 2472 et
1924 2435 2059 2487 pon-

2176 2419 2400 2489 ῐῐνεῦμα
2432 2420 2626 2485 διδους,
2650 2420 2745 2474 καὶ
2780 2421 3110 2484 ἀποστόλους
3143 2422 3488 2486 ἀναδεικνὺς,
3522 2423 3617 2475 καὶ
3645 2438 3730 2472 κα-

498 2515 674 2569 tifices
704 2529 921 2579 creans,
957 2513 1131 2567 factus
1167 2522 1249 2567 est
1302 2528 1397 2580 per
1430 2512 1610 2566 omnia
1657 2508 1851 2565 similis
1882 2507 2065 2562 fratri-

2175 2511 2365 2575 θιστὰς
2401 2512 3006 2584 ίερουργοῦς,όμοιὼθη
3035 2515 3175 2568 κατὰ
3220 2514 3400 2569 πάντα
3444 2517 3560 2575 τοῖς
3599 2513 3734 2567 ἀδελ-

496 2605 623 2662 bus.
654 2601 728 2661 lta
756 2604 900 2660 enim
925 2613 1150 2660 voratus
1170 2613 1253 2657 est
1281 2612 1341 2659 et
1366 2603 1651 2674 propheta.
1677 2615 1731 2658 et
1760 2604 2063 2672 apostolus,

2175 2606 2293 2674 φοῖς
2316 2622 2328 2634 ·
2367 2604 2658 2675 ὠνομάσθη
2688 2608 2795 2675 γὰρ
2823 2606 2988 2672 οὕτω,
3022 2609 3114 2661 καὶ
3152 2608 3467 2680 προφήτης.
3499 2611 3597 2659 καὶ
3621 2605 3737 2661 ἁπό-

499 2707 554 2753 et
586 2696 849 2769 pontifex.

2178 2697 2389 2762 στολος,
2424 2696 2519 2752 καὶ
2557 2698 2871 2769 ἀρχιερεύς.

558 2795 616 2850 Β.
650 2798 943 2863 Caeterum,
962 2806 1022 2853 ut
1041 2796 1205 2853 etiam
1228 2796 1358 2852 dent
1386 2800 1561 2870 ipsum
1579 2815 1699 2856 esse
1724 2800 2066 2873 prophetam,

2246 2801 2304 2854 Β.
2364 2801 2499 2854 Ἀλλ’
2532 2802 2579 2855 εί
2621 2800 2714 2853 καὶ
2757 2800 2897 2853 δοῖεν
2928 2798 3089 2854 αὑτὸν
3118 2796 3256 2854 εἶναι
3297 2801 3587 2873 προφήτην
3607 2844 3622 2869 ,
3652 2801 3733 2871 οὐχ

485 2908 595 2950 non
629 2903 881 2963 tanquam
916 2907 1083 2948 unum
1127 2907 1192 2947 ex
1254 2892 1531 2962 prophetis
1584 2890 1791 2947 factum
1859 2893 2052 2947 dicunt.

2175 2893 2248 2957 ὡς
2279 2894 2375 2948 ἕνα
2404 2893 2512 2946 τῶν
2545 2893 2841 2964 προφητῶν
2873 2892 3125 2961 γενέσθαι
3158 2894 3341 2962 φασὶν,
3389 2892 3730 2964 ὑπερκεῖσθαι

486 2986 580 3041 sed
608 2984 783 3057 potius
806 2983 963 3054 longe
988 2981 1107 3038 illos
1125 2996 1406 3052 superare.
1438 2981 1503 3037 Hi
1565 2984 1709 3038 enim
1758 2995 1960 3039 certam
2009 3003 2053 3037 at

2166 2984 2223 3037 δὲ
2267 2984 2469 3054 μᾶλλον
2508 2984 2643 3038 πολὺ
2686 2984 2754 3037 τὰ
2802 2984 3045 3037 ἐκείνων.
3080 2985 3143 3036 Οἱ
3173 2985 3270 3053 μὲν
3299 2982 3428 3055 γὰρ,
3469 3001 3727 3055 μεμετρη-

487 3077 764 3132 deﬁnitam
812 3090 907 3145 pro
932 3092 995 3130 eo
1024 3088 1089 3148 ac
1134 3074 1309 3129 visum
1364 3072 1464 3128 fuit
1494 3074 1601 3129 Deo
1621 3075 1848 3146 gratiam
1879 3091 2054 3131 consc‘

2170 3077 2339 3147 μένην
2382 3076 2524 3129 κατὰ
2548 3076 2608 3129 τὸ
2636 3074 2714 3147 τῷ
2753 3074 2874 3146 Θεῷ
2904 3075 3098 3130 δοκοῦν
3143 3077 3412 3148 ἐσχήκασι
3442 3078 3623 3147 χάριν,
3650 3078 3727 3129 καὶ

487 3172 594 3225 cuti
631 3179 778 3235 sunt,
805 3180 859 3225 et
896 3185 1014 3240 qua:
1041 3171 1092 3224 in
1120 3169 1518 3239 temporeipsis
1556 3171 1756 3224 accidit
1786 3186 1798 3221 :
1834 3170 1919 3222 hic
1944 3184 2054 3222 veri

2170 3172 2226 3222 ἐν
2250 3169 2426 3239 χρόνῳ
2458 3168 2902 3239 προσγενομένην
2928 3170 3109 3231 αὐτοῖς
3134 3185 3147 3198 ·
3170 3171 3198 3222 6
3219 3169 3275 3221 δὲ
3308 3170 3522 3241 πλήρης
3553 3164 3620 3241 ἦν
3645 3168 3727 3237 τῆς

488 3262 679 3331 plenus
696 3274 818 3316 erat
855 3261 1081 3317 Deitatis
1106 3262 1271 3315 etiam
1309 3278 1375 3317 ex
1410 3265 1519 3331 ipsa
1549 3262 1732 3316 statim
1769 3261 2049 3317 nativitale

2170 3261 2443 3332 θεότητος,
2476 3260 2570 3314 καὶ
2599 3260 2657 3328 ἐξ
2687 3262 2855 3332 αὐτῆς
2891 3261 3055 3325 εὐθὺς
3081 3262 3179 3333 τῆς
3206 3262 3515 3333 γεννήσεως
3537 3279 3550 3292 ·
3582 3260 3726 3330 συνῆν

486 3350 687 3406 Aderat
713 3351 857 3406 enim
891 3352 989 3420 ipsi
1022 3352 1157 3408 Deus
1177 3354 1444 3409 exsisteus
1474 3352 1724 3407 Verbum.

1429 3371 1444 3409 ς
1474 3352 1724 3407 Verbum.
2169 3354 2277 3425 γὰρ
2303 3350 2451 3423 αὐτῷ
2478 3350 2610 3416 Θεὸς
2640 3351 2714 3407 ὢν
2742 3355 2770 3406 6
2806 3353 2996 3421 Λόγος.

555 3445 625 3509 Δ,
658 3443 793 3513 Ergo
814 3444 1114 3512 quantitate
1139 3446 1342 3514 gratiae.
1363 3456 1414 3499 et
1451 3444 1841 3516 longinquitate
1860 3450 2065 3510 tempo-

2242 3443 2306 3496 Λ.
2347 3439 2558 3496 Οὐκοῦν
2604 3444 2663 3497 ἐν
2715 3443 2979 3514 ποσότητι
3030 3443 3289 3514 χάριτος,
3334 3442 3425 3496 καὶ
3480 3445 3537 3499 ιν
3579 3444 3717 3512 μήκει

490 3531 567 3588 ris
597 3533 867 3602 superavit
899 3529 1150 3587 Christus
1189 3550 1282 3588 eos
1316 3535 1405 3604 qui
1443 3544 1566 3589 ante
1620 3535 1793 3604 ipsum
1857 3540 2057 3590 exstite‘

2174 3523 2368 3595 καιροῦ
2414 3524 2883 3596 πεπλεονέκτηκεν
2915 3528 2943 3579 6
2972 3528 3226 3599 Χριστὸς,
3280 3529 3406 3590 τοὺς
3442 3530 3548 3598 πρὸ
3583 3528 3720 3581 αὐτοῦ

496 3635 625 3682 runt
648 3639 866 3683 sanctos
891 3627 1181 3698 prophetas
1214 3647 1228 3683 :
1262 3637 1424 3697 atque
1466 3630 1566 3684 hoc
1596 3638 1679 3684 est
1730 3628 1780 3682 in
1818 3629 1933 3699 ipso
1957 3629 2063 3683 exi-

2173 3617 2467 3687 γεγονότας
2525 3617 2711 3686 ἁγίους
2762 3619 3088 3689 προφήτας,
3139 3620 3232 3674 καὶ
3288 3620 3449 3676 τοῦτό
3490 3623 3628 3675 ἐστιν
3676 3622 3721 3673 ἐν

498 3718 683 3779 mium.
712 3720 1054 3790 Propositum
1092 3734 1219 3775 vero
1253 3730 1334 3775 est
1356 3721 1652 3790 inquirere,
1688 3737 1812 3774 num
1841 3722 2065 3790 prephe-

2173 3706 2324 3777 αὑτῷ
2362 3708 2421 3761 τὸ
2455 3707 2751 3777 ἐξαίρετον.
2800 3709 3096 3780 Πρόκειται
3145 3710 3201 3763 δέ
3249 3711 3718 3783 πολυπραγμονεῖν,

494 3819 547 3865 ta
571 3812 794 3866 omnino
818 3812 998 3879 fuerit,
1033 3829 1139 3869 non
1183 3822 1361 3868 autem
1391 3830 1458 3867 an
1522 3811 1694 3878 major
1739 3823 1832 3865 aut
1879 3815 2057 3868 minor

2172 3800 2223 3853 εί
2268 3801 2555 3870 προφήτης
2600 3800 2772 3863 ὅλως,
2823 3800 2917 3853 καὶ
2965 3800 3081 3853 οῦτι
3128 3820 3231 3855 που
3277 3803 3338 3855 τὸ
3384 3803 3636 3874 μᾶλλονῇ
3674 3803 3720 3855 τὸ

500 3913 597 3957 aut
640 3906 890 3973 superior
920 3919 933 3956 :
966 3905 1040 3960 ita
1072 3913 1131 3959 ut
1165 3904 1218 3959 in
1254 3919 1316 3959 eo
1350 3906 1491 3974 quod
1555 3904 1623 3958 sit
1676 3906 1940 3974 propheta
1966 3945 1979 3969 ,
2031 3916 2067 3958 ei

2177 3894 2326 3964 μεῖον
2355 3890 2512 3961 ἔχων,
2539 3891 2570 3962 ἦ
2615 3891 2706 3944 καὶ
2742 3893 3173 3963 ὑπερκείμενος,
3206 3894 3280 3957 ὡς
3311 3894 3369 3947 έν
3410 3913 3473 3963 γε
3506 3896 3578 3965 τῷ
3606 3891 3717 3947 εἶναι

496 3994 776 4062 quodnon
812 3995 1301 4049 cxcedatuostram
1360 3996 1757 4056 conditionem,
1809 3994 2063 4048 humilita:

2174 3988 2480 4056 προφήτην,
2529 3986 2623 4039 καὶ
2664 3984 2741 4056 τῷ
2775 3984 2848 4058 μὴ
2879 3986 3021 4057 πέρα
3060 3987 3259 4059 μέτρου
3291 3988 3385 4041 τοῦ
3419 3989 3537 4043 καθ’
3562 3990 3713 4059 ἡμᾶς,

496 4082 613 4149 ejus
640 4085 921 4148 consistat,
961 4085 1176 4139 tametsi
1231 4084 1284 4140 i'd
1327 4086 1392 4139 ab
1450 4084 1608 4139 initio
1655 4085 1930 4139 exsdtisse
1956 4100 2063 4140 cent

2173 4077 2234 4131 τὸ
2270 4076 2683 4147 σμικροπρεπές
2709 4079 2855 4129 ἐστιν
2880 4077 3050 4148 αὐτῷ,
3076 4079 3180 4131 κᾶν
3211 4082 3259 4132 εἰ
3291 4080 3549 4151 ἀπαρχῆς
3574 4082 3714 4131 νοοῖτο

495 4185 704 4236 scatur.
728 4176 865 4230 sicut
897 4188 948 4229 et
972 4176 1189 4231 divinus
1224 4175 1480 4246 Baptista,
1505 4178 1691 4247 dequo
1720 4177 1852 4232 dicit
1884 4176 2062 4232 beatus

2173 4166 2333 4220 τοῦτο
2378 4168 2659 4238 ὑπάρχων,
2704 4168 2955 4239 καθάπερ
3004 4170 3195 4241 ἀμέλει
3238 4174 3331 4224 καὶ
3378 4174 3406 4224 6
3451 4172 3716 4242 θαυμάσιος

497 4267 758 4337 angelus:
797 4287 813 4320 ι
846 4266 915 4323 Ει
962 4267 1175 4337 Spiritu
1216 4279 1404 4325 sancto
1464 4270 1758 4338 replebitur
1813 4269 1988 4324 adhuc
2026 4268 2064 4324 ir

2174 4258 2487 4332 Βαπτιστὴς
2534 4261 2663 4333 περὶ
2688 4254 2747 4314 οῦ
2774 4282 2939 4334 φησιν
2962 4265 2990 4316 6
3022 4265 3292 4334 μακάριος
3323 4264 3567 4332 ἄγγελος·
3591 4284 3605 4314 ι
3629 4262 3716 4315 Καὶ

500 4370 653 4413 utero
685 4362 873 4414 matris
898 4377 1009 4415 suae
1070 4361 1110 4414 ⁸.
1161 4378 1180 4413 ι
1210 4360 1409 4416 Deinde
1433 4361 1706 4433 quomodo
1739 4361 1826 4415 hic
1846 4360 2067 4431 quidem

2176 4352 2494 4423 Πνεῦματος
2523 4354 2679 4422 ἁγίου
2712 4353 3084 4426 πλησθήσεται
3109 4355 3189 4407 ἔτι
3221 4357 3285 4408 ὲκ
3308 4357 3513 4419 κοιλίας
3545 4354 3716 4425 μητρὸς

497 4456 614 4501 erat
637 4463 849 4515 servus,
884 4449 971 4505 ille
1000 4464 1126 4505 vero
1173 4428 1467 4505 Dominica'
1496 4449 1757 4519 dignitate
1813 4428 2064 4504 illustris?

2148 4444 2363 4501 ἀὐτοῦ.
2398 4465 2415 4498 ι
2452 4442 2585 4500 Εἶτα
2622 4446 2739 4509 πῶς
2783 4449 2809 4501 6
2856 4448 2953 4518 μὲν
2983 4442 3049 4518 ἦν
3076 4447 3314 4517 οἰκέτης,
3358 4449 3387 4499 ὁ
3428 4448 3483 4499 δὲ
3517 4450 3617 4508 τοῖς
3651 4446 3715 4496 ὀί-

496 4538 574 4594 Ac
604 4540 668 4594 de
691 4541 869 4609 seipse
900 4542 1091 4597 beatus
1129 4541 1367 4598 Joannes
1394 4542 1465 4595 ita
1492 4543 1567 4595 ait
1594 4557 1608 4594 :
1646 4560 1663 4593 ι
1700 4541 1802 4609 Qui
1834 4556 1901 4595 ex
1934 4552 2063 4596 terr:

2178 4543 2455 4603 σποτικοῖς
2486 4538 2790 4610 ἀξιώμασιν
2821 4538 3206 4611 ἐναϐρύνεταις
3258 4540 3368 4593 Καὶ
3420 4538 3603 4591 ἑαυτοῦ
3639 4537 3715 4605 μὲν

496 4642 599 4695 cst,
641 4644 853 4689 terrena
886 4634 1151 4703 loquitur;
1186 4653 1205 4687 ι
1236 4634 1302 4690 de
1329 4634 1678 4690 Emmanuele
1712 4648 1842 4690 vero
1872 4653 1885 4690 :
1926 4653 1945 4687 ι
1974 4633 2063 4702 Qui

2176 4631 2322 4703 πέρι,
2357 4633 2518 4703 φησιν
2563 4632 2591 4684 6
2622 4632 2893 4702 μακάριος
2945 4632 3195 4702 Ἰωάννης
3219 4650 3231 4662 ο
3274 4651 3291 4682 ι
3334 4632 3392 4683 ὐ
3432 4631 3506 4683 ὢν
3544 4633 3601 4682 ἐκ
3636 4629 3714 4695 τῇς

496 4741 528 4778 e
552 4728 801 4795 supernis
826 4728 989 4791 venit.
1026 4743 1190 4795 supra
1226 4742 1417 4784 omnes
1448 4736 1532 4783 est
1596 4723 1636 4781 ⁵.
1679 4747 1698 4781 ι

2178 4726 2297 4795 γῆς,
2320 4726 2383 4778 ἐκ
2409 4725 2504 4795 τῆς
2538 4725 2638 4795 γῆς
2668 4724 2833 4778 λαλεῖ.
2870 4744 2887 4775 δ
2922 4725 3057 4795 Περὶ
3082 4723 3137 4776 δέ
3158 4741 3219 4792 γε
3248 4723 3341 4776 τοῦ
3380 4721 3712 4793 Ἐμμανουήλ·

2180 4836 2197 4867 ι
2223 4818 2278 4870 ’0
2311 4817 2514 4871 ἄνωθεν
2541 4818 2855 4888 ἐρχόμενος,
2887 4817 3071 4870 ἐπάνω
3108 4816 3324 4870 πάντων
3360 4816 3495 4869 ἐστί.
3534 4835 3550 4867 ι

570 4900 629 4953 Β.
664 4898 827 4970 Atqui
888 4903 1124 4958 dixerint
1168 4902 1402 4961 fortasse
1452 4917 1484 4959 e
1519 4905 1790 4975 supernis,
1822 4913 1876 4961 et
1919 4921 2081 4974 supra

2246 4909 2304 4963 Β.
2337 4908 2523 4962 Καίτοι
2550 4911 2705 4979 φαῖεν
2736 4909 2801 4963 ἂν
2839 4908 2989 4974 ἴσως,
3018 4907 3225 4962 ἄνωθέν
3253 4924 3314 4960 τε
3341 4904 3503 4972 εἶναι,
3526 4905 3611 4959 καὶ
3633 4903 3717 4974 μὴν

499 5011 690 5052 omnes
721 5008 843 5050 esse
878 4994 1110 5049 Verbum
1141 5008 1205 5050 ex
1239 4996 1348 5049 Deo
1372 4995 1534 5052 Patre
1562 4998 1804 5068 genitum
1834 5016 1848 5065 ;
1887 5013 2066 5053 veren-

2176 5001 2268 5054 xai.
2313 4999 2498 5052 ἐπάνω
2532 4999 2770 5065 πάντων,
2806 4998 2897 5051 τὸν
2947 5000 3013 5051 ἐκ
3055 4996 3190 5052 Θεοῦ
3232 4998 3443 5069 Πατρός
3475 4995 3717 5066 πεφηνότα

502 5098 589 5143 tur
627 5099 806 5141 autem
850 5087 927 5142 illi
982 5087 1221 5143 tribuere
1261 5084 1519 5157 humana,
1552 5105 1619 5145 ne
1665 5090 1840 5161 ipsum
1882 5090 2069 5160 injuria

2176 5093 2381 5158 Λόγον,
2423 5091 2623 5143 δεδίασι
2673 5089 2728 5141 δέ
2764 5089 3091 5162 προσνέμειν
3130 5088 3279 5161 αὐτῷ
3316 5090 3385 5142 τὰ
3418 5088 3714 5159 ἀνθρώπινα,

498 5178 732 5247 allicere,
783 5178 1119 5250 gloriamque
1166 5180 1333 5251 ipsius
1392 5180 1711 5237 imminuere
1762 5182 2065 5237 videantur.

2178 5183 2253 5255 μὴ
2278 5184 2386 5253 ἄρα
2420 5200 2537 5246 πως
2583 5182 2819 5235 ἀδικοῖτο
2858 5181 2928 5234 δι’
2963 5180 3165 5246 αὐτῶν,
3209 5183 3302 5236 καὶ
3333 5178 3719 5251 κατακομίζωτο

499 5272 705 5337 idcirco
731 5271 1061 5328 contendunt
1097 5272 1268 5342 ipsum
1307 5287 1586 5328 assumere
1602 5256 1903 5338 hominem,
1934 5288 2066 5330 eum

2176 5276 2310 5349 πρὸς
2357 5273 2419 5327 τὸ
2460 5273 2738 5336 δυσκλεές.
2787 5272 2971 5346 Ταύτῃ
3019 5290 3103 5326 τοι
3147 5273 3503 5326 διατείνονται
3560 5270 3714 5323 λαϐεῖν

499 5379 602 5432 que
632 5363 1167 5433 sihiconjungere.in
1218 5378 1379 5433 quem
1438 5366 1635 5418 cadant
1665 5367 1810 5419 etde
1845 5380 1954 5436 quo
2004 5366 2066 5420 di-

2175 5367 2337 5421 αὐτὸν
2370 5364 2654 5436 ἄνθρωπον
2675 5405 2689 5429 ,
2722 5365 2900 5437 ἐαυτῷ
2930 5383 2990 5419 τε
3022 5364 3212 5419 τοῦτον
3244 5365 3507 5435 συνάψαι,
3539 5360 3713 5431 περιόν

499 5465 692 5521 cantur
738 5453 971 5509 hominis
1004 5455 1412 5523 proprietates;
1448 5455 1520 5509 ita
1587 5466 1646 5510 ut
1694 5453 1854 5511 Verbi
1917 5457 2066 5527 ipsius

2176 5458 2243 5513 ἂν
2269 5457 2481 5527 γένοιτό
2513 5474 2571 5511 τε
2618 5456 2712 5509 καὶ
2754 5456 2963 5526 λέγοιτο
2990 5457 3059 5511 τὰ
3088 5456 3424 5527 ἀνθρώπινα.
3463 5456 3638 5510 Ἔσται
3669 5451 3712 5503 δὲ

500 5552 692 5597 natura
731 5543 932 5598 nullum
962 5545 1184 5598 omnino
1218 5545 1601 5599 detrimentum
1649 5546 1905 5616 accipiat.

2174 5549 2310 5613 ὅλως
2350 5551 2429 5612 είς
2470 5548 2568 5619 τὴν
2615 5549 2781 5603 αὑτοῦ
2831 5548 2925 5603 τοῦ
2968 5549 3144 5617 Λόγου
3200 5547 3393 5617 φύσιν,
3448 5548 3507 5600 τὸ
3549 5543 3711 5616 βλάδος

579 5718 746 5771 Aiunt
786 5726 971 5786 itaque
1008 5716 1289 5776 Christum
1352 5717 1750 5776 sanctificatum
1812 5735 1843 5775 a
1895 5720 2077 5777 Patre.

2172 5640 2397 5775 ωδιξνέσὶ
2432 5722 2747 5791 τοιγαροῦν,
2781 5723 3017 5793 Χριστὸν
3044 5722 3305 5793 ἡγιάσοαι
3334 5722 3482 5793 παρὰ
3514 5716 3599 5774 τοῦ
3621 5714 3712 5769 Hoc

584 5815 599 5846 ‘
637 5814 789 5869 Deut.
829 5830 983 5876 xt'ttt.
1010 5814 1099 5871 15.
1201 5816 1219 5846 ²
1245 5814 1409 5871 llebr.
1444 5834 1524 5882 Ill,
1556 5819 1606 5873 l.
1697 5817 1869 5874 'Luc.
1917 5834 1956 5885 ι,
1993 5816 2085 5873 15.
2198 5818 2379 5873 ‘Joan
2432 5836 2513 5885 Ill,
2558 5820 2645 5873 5i.
