3968 6562
384 367 490 431 973
518 403 521 405 -

1341 355 1719 419 PANOPLIA
1753 353 2300 417 DOGMATICA.‘
2333 354 2482 417 Tl'l‘.
2519 356 2642 419 XV.

3541 358 3647 423 974

382 483 530 554 τρός·
553 481 864 551 γέγραπται
880 476 1011 545 γὰρ,
1033 474 1116 527 ὅτι
1134 473 1227 524 καὶ
1259 468 1703 540 ιἘμαρτύρησεν
1719 466 1974 535 Ἰωάννης

2092 462 2359 534 Scriptum
2418 477 2501 519 est
2548 465 2739 519 enim:
2810 485 2826 517 ι
2872 463 2937 523 Et
2968 467 3343 524 testimonium
3401 470 3652 538 perhibet

383 576 559 641 λέγων
584 588 598 601 ’
639 571 722 624 ὅτι
746 569 1015 639 Γεθέαμαι
1043 567 1118 619 ’τὸ
1154 563 1377 634 Πνεῦμα
1426 561 1747 616 καταϐαῖνον
1785 558 1842 626 ἐξ
1871 559 1967 611 ού-

2098 572 2344 620 oannes,
2398 557 2637 612 dicens:
2696 557 2815 613 Vidi
2876 558 3141 631 Spiritum
3219 560 3644 618 descendentem

387 666 573 738 ρανοῦ,
605 663 703 718 καὶ
728 662 943 732 ἔμεινεν
977 660 1063 714 ἐπ’
1090 659 1277 723 αὑτὸν,
1304 656 1460 726 κάγὼ
1484 654 1582 707 οὐκ
1610 650 1750 707 εἶδον
1779 652 1965 719 αὑτὸν,

384 761 502 815 ἀλλ’
541 762 569 813 6
599 756 819 827 πέμψας
871 772 939 824 με
975 753 1263 824 βαπτίζειν
1307 753 1365 804 ὲν
1415 750 1590 812 ὕδατι,
1626 747 1832 809 ἐκεῖνός
1874 763 1967 816 μοι

387 848 543 906 εἶπεν
567 868 582 882 ·
633 850 751 919 Ἐφ’
779 849 838 903 ὃν
874 849 941 902 ἂν
982 846 1099 919 ἴδῃς
1134 846 1195 900 τὸ
1242 843 1468 914 Πνεῦμα
1498 842 1834 897 καταϐαῖνον
1871 839 1969 893 καὶ

391 946 554 1017 μένον
579 944 665 999 ἐπ’
693 938 1050 1007 αύτὸν,οὒτός
1077 944 1225 995 ἐστιν
1254 942 1282 994 ὸ
1312 938 1591 1009 βαπτίζων
1618 938 1675 990 έν
1698 937 1773 1015 τῶ
1803 931 1970 987 Πνεύ-

393 1056 527 1108 ματι
555 1038 632 1107 τῷ
665 1037 828 1107 ἁγίῳ.
858 1035 1030 1104 Κάγὼ
1060 1034 1281 1106 ἑώρακα
1311 1035 1403 1087 xxi.
1437 1030 1865 1101 μεμαρτύρηκα,
1886 1027 1970 1081 ὅτι

390 1130 546 1195 οὗτός
586 1132 736 1183 ἐστιν
785 1129 815 1182 6
860 1129 988 1191 Υἱὸς
1030 1126 1125 1181 τοῦ
1174 1125 1333 1180 Θεοῦ.
1372 1145 1391 1179 ι
1428 1126 1679 1194 Γέγραφε
1718 1123 1775 1177 δὲ
1818 1122 1914 1175 καὶ
1942 1119 1970 1171 6

397 1225 608 1286 Παῦλος
663 1224 793 1294 περὶ
841 1220 1046 1275 αὐτοῦ·
1093 1237 1114 1272 ι
1153 1220 1223 1274 ’⁸0
1273 1235 1330 1270 τε
1377 1219 1484 1288 γὰρ
1514 1217 1757 1285 ἁγιάζων
1790 1219 1884 1267 καὶ
1924 1213 1973 1265 οί

396 1321 747 1389 ἁγιαζόμενοι
771 1318 829 1384 ἐξ
855 1318 969 1379 ἐνὸς
999 1316 1218 1379 πάντες.
1249 1334 1267 1366 ι
1298 1312 1619 1382 ’Λγιαοθείη
1639 1315 1748 1383 γάρ
1770 1312 1974 1382 ἥκιστά

396 1432 460 1481 γε
491 1415 621 1475 Θεὸς
660 1412 734 1466 ὢν
757 1417 788 1466 6
811 1413 981 1480 Λόγος
1009 1412 1103 1464 καὶ
1138 1410 1293 1478 ἆγιο,
1330 1411 1471 1463 κατά
1499 1409 1685 1478 φύσιν.
1708 1408 1973 1461 Λείπεται

398 1504 464 1573 δὴ
502 1501 595 1558 οὖν
644 1502 904 1573 ἡγιάσθαι
952 1503 1140 1571 λέγειν
1189 1501 1281 1553 τὸν
1319 1501 1594 1569 ληφθέντα
1650 1498 1781 1569 παρ’
1809 1498 1974 1553 αὐτοῦ

402 1599 548 1651 κατά
577 1598 875 1663 ουνάφειαν
905 1597 1215 1666 ἄνθρωπον.

468 1769 530 1824 Δ,
578 1763 711 1821 Εἶτα
745 1766 862 1831 πῶς
893 1768 921 1820 6
970 1766 1408 1838 βεϐαπτισμένος
1439 1806 1454 1831 ,
1501 1765 1596 1819 καὶ
1631 1765 1732 1837 τὴν
1765 1763 1980 1837 ἐμφανῆ

405 1857 502 1910 τοῦ
536 1855 857 1929 Πνεύματος
878 1830 1059 1912 λαϐὼν
1083 1830 1496 1931 καταιροίτησιν,
1519 1855 1578 1911 ὲν
1605 1830 1748 1926 ἁγίῳ
1781 1830 1979 1925 Santi;
2011 1830 2049 1885 Β

360 1940 369 1953 “
404 1950 490 2013 ζει
526 1948 829 2020 Πνεύματι,
862 1950 954 2004 καὶ
976 1950 1044 2011 τὰ
1071 1948 1207 2020 μόνη
1240 1947 1520 2019 πρέποντα
1549 1948 1643 2002 καὶ
1673 1947 1889 2001 ἐοικότα
1912 1947 1979 2019 τῇ

404 2042 526 2113 θείᾳ
560 2042 722 2111 φύσει
769 2042 997 2113 πληροῖς
1044 2042 1293 2113 Χορηγὸς
1325 2042 1433 2113 γάρ
1481 2040 1627 2094 ἐστιν
1670 2036 1979 2109 ἀγιασμοῦ,

406 2133 499 2186 καὶ
529 2133 687 2187 τοῦτο
714 2132 949 2199 δεικνὺς,
980 2133 1055 2197 ὡς
1087 2133 1218 2185 ἴδιον
1268 2131 1471 2201 ἀγαθὸν
1497 2132 1525 2185 ὁ
1555 2130 1981 2202 ἐνανθρωπήσας

406 2225 598 2293 Λόγος,
630 2225 982 2296 σωματικῶς,
1010 2225 1315 2297 ὲνέφυσησε
1334 2226 1444 2289 τοῖς
1474 2223 1648 2292 ἁγίοις
1666 2221 1983 2285 ἀποστόλοις

406 2316 602 2385 λέγων’
637 2338 654 2367 ε
674 2317 883 2372 Λάϐετε
918 2317 1144 2388 Πνεῦμα
1173 2316 1356 2385 ἀγιον·
1396 2318 1461 2371 ἀν
1492 2333 1654 2371 τινων
1679 2314 1856 2386 ἀφῆτε
1885 2314 1984 2379 τὰς

408 2407 706 2480 ἁμαρτίας,
725 2408 995 2477 άςῖενται·
1016 2408 1080 2463 ἄν
1103 2426 1265 2464 τινων
1289 2408 1545 2479 κρατῆτε,
1561 2408 1947 2481 κεκράτηνται.
1962 2424 1979 2457 ι

412 2498 537 2562 Πῶς
565 2498 621 2552 δὲ
646 2498 738 2553 τὸν
786 2500 1117 2571 ἡγιασμένον
1147 2501 1519 2573 ἐναργέστατα
1564 2497 1920 2563 καταδεικνὺς
1958 2499 1986 2551 6

411 2588 696 2653 Θεσπέσιος
722 2591 1052 2662 Βαπτιστὴς,
1078 2590 1525 2662 μεμαρτύρηκεν,
1545 2591 1628 2645 ὅτι
1647 2583 1813 2654 Οὗτός
1836 2591 1985 2642 ἐστιν

408 2679 438 2730 6
474 2678 599 2740 Υίὸς
644 2679 738 2732 τοῦ
778 2680 950 2747 Θεοῦ,
988 2682 1292 2753 μοναδικῶς
1325 2682 1421 2737 καὶ
1470 2681 1787 2754 ὲνάρθρως;
1837 2681 1983 2733 Ἔδει

416 2767 520 2838 γὰρ
550 2766 678 2821 ὄντα
710 2770 809 2841 τῆς
850 2770 939 2837 ὑφ’
986 2771 1118 2842 ἡλίῳ
1166 2772 1546 2841 μυσταγωγὸν,
1592 2773 1647 2826 εί
1686 2789 1772 2824 πω
1800 2771 1985 2841 ἓτερον

410 2858 542 2911 ὄντα
598 2861 749 2932 παρά
792 2878 855 2929 γε
908 2856 1000 2915 τὸν
1045 2861 1261 2935 ἀληθῶς
1305 2864 1433 2917 Υίὸν
1479 2862 1766 2935 ἠπίστατο,
1814 2880 1985 2917 κατα-

414 2951 652 3019 σῃμξὶναι
676 2952 738 3031 τὸ
762 2953 982 3025 ἀληθὲς,
1016 2954 1242 3025 λέγοντα
1271 2957 1458 3025 σαφῶς
1479 2995 1494 3020 ,
1529 2949 1700 3031 υῦτός
1743 2957 1911 3013 ἐστιν,
1958 2955 1986 3007 ὀ

414 3040 557 3093 κατά
610 3042 906 3112 συνάφειαν
950 3043 1049 3115 τὴν
1111 3045 1246 3116 πρὸς
1289 3046 1379 3099 τὸν
1421 3047 1581 3116 φύσει
1616 3030 1726 3100 ’καὶ
1770 3044 1985 3114 ἀληθῶς

415 3132 563 3195 Υίὸν,
590 3131 733 3188 δόσει
773 3152 833 3188 τε
863 3135 956 3189 καὶ
983 3135 1168 3207 χάριτι
1201 3136 1440 3207 γεγονὼς
1473 3137 1602 3202 Υίός
1626 3153 1641 3171 ο
1672 3136 1788 3192 ἀλλ’
1834 3136 1985 3190 οὐδὲν

2069 649 2222 720 quasi
2271 650 2582 707 columbam
2634 649 2703 707 de
2747 652 2909 718 coelo,
2942 664 3000 709 et
3051 654 3250 709 mansit
3282 670 3448 726 super
3497 671 3647 719 eum,

2068 756 2124 801 et
2152 758 2253 815 ego
2281 744 2595 801 nesciebam
2625 760 2791 802 eum:
2822 746 2917 802 sed
2943 745 3034 817 qui
3070 747 3222 802 misit
3248 763 3336 804 me
3372 748 3649 818 baptizare

2070 837 2124 891 in
2160 852 2320 906 aqua,
2355 837 2444 893 ille
2473 837 2605 892 mihi
2637 838 2807 894 dixit:
2858 838 3035 906 Super
3080 854 3245 909 quem
3278 839 3483 896 videris
3525 840 3653 910 Spi-

2070 930 2235 986 ritum
2261 928 2715 998 descendentem,
2757 940 2813 985 et
2844 943 3155 987 manentem
3189 947 3353 1003 super
3382 949 3527 999 eum,
3562 934 3650 988 hic

2070 1033 2155 1078 est
2188 1023 2277 1093 qui
2311 1022 2551 1093 baptizut
2598 1022 2655 1076 in
2702 1020 2906 1092 Spiritu
2949 1032 3162 1078 sancto.
3198 1022 3266 1079 Et
3303 1039 3400 1096 ego
3433 1024 3563 1088 vidi,
3596 1033 3652 1078 et

2078 1115 2449 1189 testimonium
2502 1114 2750 1186 perhihui
2797 1116 2923 1184 quia
2969 1114 3056 1171 hic
3093 1124 3179 1170 est
3215 1115 3388 1170 Filius
3425 1116 3579 1171 Dei'.
3623 1134 3643 1167 ι

2076 1209 2220 1277 Quin
2258 1216 2314 1261 et
2372 1207 2573 1262 Paulus
2622 1207 2691 1261 de
2739 1207 2856 1276 ipso
2914 1207 3171 1277 scripsit:
3218 1224 3236 1258 ι
3278 1207 3643 1263 SanctitLans

2075 1302 2220 1358 enim
2256 1310 2311 1356 et
2340 1298 2668 1355 sanctiﬁcati
2697 1313 2766 1354 ex
2785 1314 2892 1353 uno
2931 1313 3124 1354 omnes
3145 1298 3186 1352 ’.
3231 1317 3249 1349 ι
3288 1298 3473 1367 Neque
3501 1298 3651 1353 enim

2074 1394 2333 1460 Verbum,
2372 1408 2495 1448 cum
2547 1391 2618 1446 sit
2670 1391 2836 1457 Deus,
2887 1400 2942 1445 et
3006 1406 3071 1444 ex
3127 1405 3224 1445 sua
3283 1401 3476 1444 natura
3527 1406 3656 1443 san-

2076 1505 2220 1554 etus.
2270 1490 2668 1547 sanctiﬁcatum
2716 1488 2839 1544 fuit.
2888 1487 3152 1559 Superest
3199 1488 3366 1558 igitur
3415 1489 3657 1543 sanctiti-

2076 1594 2258 1640 catum
2291 1583 2478 1651 fuisse
2520 1582 2798 1637 hominem
2846 1596 3011 1651 quem
3065 1595 3162 1651 per
3210 1582 3654 1652 coniunctionem

2074 1680 2389 1749 asstnnpsit.

2144 1774 2213 1827 Λ.
2238 1770 2401 1839 Atqui
2440 1769 2712 1838 quomodo
2763 1769 2809 1822 is
2870 1767 2962 1837 qui
3017 1767 3325 1835 baptizatus
3361 1776 3468 1830 est,
3498 1776 3554 1820 et
3598 1771 3651 1819 in

2074 1879 2235 1937 quem
2265 1861 2503 1932 Spiritus
2524 1859 2807 1915 manifeste
2840 1860 3141 1923 descendit,
3199 1860 3252 1913 in
3298 1869 3492 1914 sancto
3538 1856 3661 1926 Spi-

2076 1957 2181 2012 ritu
2217 1953 2453 2023 baptizat
2482 1992 2500 2019 ,
2540 1966 2714 2021 eaque
2772 1962 2996 2021 praestat
3044 1966 3163 2020 quae
3196 1949 3293 2005 soli
3326 1950 3522 2004 divina:
3560 1960 3658 2002 na-

2079 2058 2215 2102 tura:
2240 2056 2370 2099 sunt
2399 2044 2615 2113 propria
2644 2042 3185 2097 ?Sanctiticatiouem
3240 2041 3385 2095 enim
3435 2041 3663 2110 largitur

2077 2147 2239 2207 atque
2257 2135 2583 2205 suppeditat.
2607 2133 2758 2201 Quod
2783 2134 2998 2203 quidem
3019 2132 3405 2187 demonstrans
3427 2130 3661 2186 Verbmn

2080 2229 2357 2301 proprium
2427 2243 2581 2283 suum
2660 2226 2861 2281 bonum
2922 2240 3063 2291 esse,
3125 2224 3407 2292 inspiravit
3461 2226 3665 2278 sanetis

2080 2321 2363 2392 apostolis,
2417 2319 2606 2375 dicens
2653 2336 2667 2371 :
2714 2337 2732 2369 ι
2772 2316 3016 2387 Accipite
3058 2315 3321 2386 Spiritum
3371 2327 3662 2371 sanctum:

2080 2426 2527 2485 quorumcunque
2581 2410 2900 2465 remiseritis
2962 2418 3180 2478 peccata
3203 2448 3219 2474 ,
3254 2409 3612 2462 remittuntur
3650 2427 3663 2462 :

2080 2517 2527 2579 qnorumcunque
2545 2500 2906 2565 retinueritis,
2956 2508 3164 2554 retenta
3228 2509 3356 2553 sunt
3420 2500 3458 2552 ⁸.
3493 2517 3512 2551 ι
3553 2499 3667 2563 Qun

2082 2607 2239 2669 pacto
2264 2606 2449 2651 autem
2485 2593 2882 2651 sanctiﬁcatum
2911 2590 3351 2646 manifestissime
3379 2592 3667 2644 ostendens

2085 2691 2296 2746 divinus
2353 2687 2618 2756 Baptista,
2682 2690 2911 2738 testatus
2964 2688 3068 2743 est,
3102 2681 3242 2749 quod
3274 2680 3364 2735 hic
3408 2681 3478 2734 sit
3502 2678 3667 2734 Filius

2087 2781 2201 2847 Dei,
2255 2777 2603 2849 singulariter
2636 2782 2698 2828 ac
2733 2772 2882 2829 solus
2911 2772 2935 2826 ?
2968 2770 3274 2842 Oportebat
3334 2771 3477 2825 enim
3527 2771 3667 2825 hunc

2085 2870 2236 2925 orbis
2291 2878 2559 2922 terrarum
2625 2864 2920 2923 doctorem,
2953 2861 2996 2915 si
3050 2861 3208 2914 modo
3241 2860 3405 2913 alium
3464 2874 3493 2913 a
3544 2874 3668 2913 vero

2084 2961 2222 3018 Filio
2243 2956 2621 3030 cognoscebat,
2655 2954 2730 3008 rei
2770 2954 3052 3007 veritatem
3094 2952 3391 3020 explicare,
3445 2958 3667 3019 aperte-

2088 3068 2194 3124 que
2220 3051 2439 3108 dicere:
2470 3047 2571 3103 llic
2596 3056 2683 3103 est
2727 3044 2818 3115 qui
2854 3044 3064 3099 ratione
3109 3043 3509 3112 coniunctionis
3547 3057 3667 3097 cum

2089 3162 2156 3201 eo
2185 3143 2276 3214 qui
2318 3151 2509 3197 natura
2534 3154 2599 3194 ac
2640 3153 2765 3194 vere
2794 3136 2966 3192 Filius
2993 3146 3100 3199 est,
3156 3135 3420 3191 beneﬁcio
3458 3144 3511 3190 et
3550 3151 3668 3204 grn-

415 3224 515 3294 μὲν
561 3223 664 3294 ἔφη
708 3225 968 3287 τοιοῦτον,
1021 3227 1117 3280 ἕνα
1147 3227 1205 3279 δὲ
1238 3228 1445 3299 καὶτὸν
1474 3228 1637 3283 αὐτὸν
1664 3228 1793 3283 ὄντα
1823 3225 1981 3297 γινὼ-

2094 3234 2164 3288 tia
2205 3212 2400 3291 Vinctus
2460 3240 2545 3284 est
2608 3227 2796 3281 Filius.
2866 3226 3138 3281 Ctrterutn
3190 3224 3319 3279 nihil
3366 3223 3670 3292 ltnjnsmodi

415 3331 581 3376 σκων,
613 3317 703 3367 καὶ
734 3318 798 3369 ὲκ
820 3316 955 3369 Θεοῦ
996 3317 1210 3390 Πατρὸς
1234 3318 1427 3387 Λόγον,
1458 3319 1552 3372 καὶ
1583 3319 1647 3371 ὲκ
1673 3318 1986 3389 σπέρματος

410 3404 504 3456 τοῦ
536 3405 699 3459 Δαϐὶδ
744 3406 887 3459 κατά
921 3406 1121 3483 σάρκα,
1150 3408 1479 3479 ἀγιασθῆναι
1516 3407 1615 3479 μέν
1646 3424 1803 3478 φησι.
1853 3405 1988 3460 καθὸ

411 3496 717 3567 ἄνθρωπος,
753 3496 1002 3565 ἀγιάζειν
1044 3497 1099 3569 δὲ
1139 3493 1228 3565 αὖ,
1275 3498 1412 3553 καθὸ
1458 3501 1660 3552 νοεῖται
1689 3497 1842 3561 Θεὸς.
1878 3491 1986 3549 Ἦν

410 3587 543 3658 γάρ,
576 3587 650 3651 ὡς
682 3590 838 3657 ἔφην,
867 3589 924 3641 ἐν
952 3589 1098 3661 αύτῷ
1128 3591 1281 3644 τοῦτο
1308 3592 1549 3645 κάκεῖνο.
1579 3591 1640 3643 Εἰ
1674 3589 1775 3660 μὲν
1803 3583 1895 3642 οῦν
1923 3586 1987 3640 οὐ

411 3676 639 3744 γέγονεν
669 3676 976 3747 ἄνθρωπος,
1003 3668 1156 3750 εἰμὴ
1193 3680 1515 3751 γεγέννηται
1543 3678 1684 3733 κατά
1714 3680 1899 3752 σάρκα
1921 3679 1985 3731 ὲκ

410 3768 673 3837 γυναικὸς
699 3808 714 3833 ,
747 3768 1126 3840 ἀποσοϐοῦμεν
1164 3771 1328 3825 αὐτοῦ
1364 3774 1431 3826 τά
1463 3770 1800 3843 ἀνθρώπινα.
1840 3772 1905 3824 Εί
1931 3769 1988 3823 δὲ

410 3858 630 3930 ἀληθὲς,
670 3861 752 3911 ὅτι
779 3857 967 3922 καθεὶς
1002 3860 1195 3913 ἑαυτὸν
1227 3864 1307 3925 εἰς
1354 3862 1584 3916 κένωσιν
1628 3860 1817 3930 γέγονε
1866 3860 1985 3915 καθ’

410 3953 579 4023 ἡμᾶς,
626 3951 850 4005 ἀνθότου
900 3952 967 4005 τά
1012 3952 1078 4004 δι’
1127 3946 1201 4006 ὧν
1248 3953 1313 4007 ἂν
1359 3956 1529 4008 νοοῖτο
1580 3952 1984 4025 κεκενωμένος,

408 4042 705 4110 ἀφιστᾶσιν
747 4042 912 4094 αὑτοῦ
938 4083 953 4107 ,
983 4043 1081 4112 τῆς
1128 4043 1267 4113 μετά
1317 4044 1521 4115 σαρκὸς
1563 4047 1873 4118 οἰκονομίας
1927 4044 1988 4097 τὸ

409 4132 663 4201 εύτεχνὲς
690 4132 1029 4185 ἀϐουλότατα
1060 4133 1465 4204 παραλύοντεςς
1552 4178 1565 4185 -

482 4408 544 4459 Β.
592 4408 716 4461 Ἐὰν
748 4403 841 4461 οῦν
869 4408 1123 4479 λέγηται,
1155 4412 1247 4464 καὶ
1278 4412 1435 4479 δόξαν
1465 4414 1670 4481 λαϐεῖν,
1706 4419 1798 4469 καὶ
1834 4418 1986 4487 γενέ-

406 4501 533 4602 σθαι
574 4499 801 4608 Κύριος,
825 4502 1101 4608 ὐᾴωθῇναί
1135 4521 1193 4557 τε
1236 4507 1386 4575 παρά
1420 4507 1514 4561 τοῦ
1556 4509 1787 4581 Πατρὸς,
1817 4528 1985 4565 κατα-
2023 4556 2063 4608 υ

407 4592 599 4661 στῆναι
625 4591 681 4645 δὲ
718 4593 811 4646 καὶ
844 4592 1129 4664 βασιλεὺς,
1170 4596 1396 4666 ἀνάψεις
1427 4598 1535 4669 ἄρα
1581 4599 1677 4653 acati.
1707 4600 1881 4656 ταῦτα
1914 4600 1988 4673 τῷ

405 4682 526 4753 Θεῷ
564 4684 740 4755 Λόγῳ,
788 4685 882 4739 καὶ
910 4686 970 4738 ού
1017 4685 1193 4757 πάντη
1228 4705 1286 4740 τε
1329 4691 1423 4742 καὶ
1466 4690 1683 4755 πάντως
1712 4691 1989 4765 ἀδικήσεις

404 4771 573 4824 αὺτοῦ
602 4774 700 4842 τὴν
737 4772 893 4838 δόξαν
910 4791 924 4839 ;

483 4866 545 4916 Α.
578 4864 697 4916 Ὅτι
744 4864 843 4933 μὲν
888 4860 1002 4930 οὖν,
1031 4867 1187 4939 δόξης
1220 4886 1275 4921 τε
1311 4869 1405 4921 καὶ
1445 4870 1722 4940 βασιλείας
1771 4876 1863 4929 καὶ
1893 4895 1987 4931 κυ-

410 4953 653 5024 ριότητος
682 4955 934 5025 ἀληθοῦς,
960 4958 993 5027 ἡ
1026 4959 1119 5011 τοῦ
1148 4959 1282 5012 Θεοῦ
1308 4962 1484 5029 Λόγου
1519 4966 1862 5037 μεμέστωται
1889 4968 1986 5038 φύ-

404 5063 520 5109 σις,
570 5045 687 5109 πῶς
718 5045 784 5100 ἂν
814 5047 1103 5102 ἐνδοιάσειέ
1134 5068 1248 5117 τις;
1283 5052 1569 5125 ἀραρότως
1599 5057 1655 5109 δὲ
1684 5059 1766 5112 ὅτι
1800 5060 1896 5115 καὶ
1930 5067 1987 5116 ἐν

403 5135 664 5207 ύψὼμασι
706 5139 906 5191 νοεῖται
959 5141 1074 5202 τοῖς
1129 5140 1655 5213 θεοπρεπεστάτοις;
1692 5150 1877 5221 ἐπειδὴ
1931 5152 1985 5205 δὲ

404 5229 645 5300 πέφηνεν
680 5229 984 5301 ἄνθρωπος,
1011 5224 1056 5301 ᾧ
1084 5233 1261 5287 πάντα
1291 5234 1409 5287 ἐστὶ
1438 5235 1570 5290 δοτά
1596 5242 1688 5292 καὶ
1715 5243 1979 5314 είσκεκρι-

406 5324 577 5393 μένα,
608 5322 781 5394 ταύτῃ
806 5340 885 5375 τοι
924 5323 1138 5396 πλήρης
1171 5324 1432 5397 ὑπάρχων
1462 5330 1557 5381 καὶ
1592 5330 1651 5395 ἐξ
1675 5332 1806 5385 ἰδίου
1846 5335 1983 5404 πλη-

407 5412 659 5482 ρώματος
685 5415 817 5466 πᾶσι
840 5412 1037 5478 διδοὺς,
1058 5415 1417 5487 ἀνθρωπίνως
1443 5418 1678 5490 δέχεται,
1707 5424 1803 5493 τὴν
1830 5426 1985 5494 ἡμῶν

405 5504 681 5573 πτωχείαν
709 5504 1096 5575 οἰκειούμενος,
1118 5506 1209 5558 καὶ
1237 5503 1306 5579 ἦν
1330 5509 1496 5579 ἄηθές
1529 5527 1586 5563 τε
1623 5514 1717 5566 καὶ
1750 5514 1898 5579 ξένον
1928 5519 1987 5571 ὲν

406 5596 625 5667 Χριστῷ
652 5595 713 5648 τὸ
742 5596 1061 5668 παράδοξον,
1089 5599 1146 5652 ὲν
1170 5600 1411 5671 οίκετικῇ
1461 5607 1667 5677 μορφῇ,
1707 5610 1983 5681 κυριότης,

2068 3944 2073 3949 ο
2097 3887 2338 3937 carnem,

2094 3326 2228 3379 dixit
2265 3338 2280 3377 :
2309 3323 2401 3377 sed
2445 3337 2608 3375 unum
2646 3330 2806 3389 atque
2840 3322 3089 3373 eumdem
3123 3333 3245 3372 e:se
3280 3317 3479 3380 sciens,
3527 3327 3579 3370 rt
3608 3333 3671 3369 ex

2094 3421 2203 3475 Dee
2240 3419 2399 3475 Patre
2452 3416 2708 3479 Verbum,
2757 3424 2812 3470 et
2842 3430 2907 3470 ex
2938 3415 3145 3469 semine
3178 3411 3346 3465 David
3378 3410 3672 3465 secundum

2093 3526 2338 3575 carnem,
2394 3508 2792 3565 sanctiﬁcatum
2824 3506 3037 3574 quidem
3067 3505 3163 3571 ait,
3220 3511 3486 3572 quatenus
3515 3501 3672 3553 homo

2092 3609 2177 3654 est
2201 3616 2216 3666 ;
2243 3613 2304 3654 ac
2330 3612 2519 3652 rursus
2539 3596 2903 3662 sanctiﬁcare,
2926 3603 3189 3664 quatenus
3221 3602 3303 3646 est
3338 3591 3501 3646 Dens.
3549 3589 3669 3642 Erat

2098 3689 2265 3753 enim,
2314 3695 2373 3740 ut
2426 3685 2562 3743 dixi.
2624 3684 2811 3739 ethoc
2858 3692 2911 3736 et
2963 3680 3113 3735 illud.
3153 3680 3210 3734 Si
3269 3694 3397 3747 ergo
3440 3693 3545 3732 non
3593 3686 3672 3732 est

2097 3781 2269 3835 factus
2299 3779 2482 3841 homo,
2509 3776 2552 3830 si
2591 3790 2696 3830 non
2726 3784 2883 3828 natus
2920 3784 3086 3827 estex
3120 3771 3344 3825 muliere
3376 3769 3673 3826 secundum

2568 3868 2850 3923 avellimns
2885 3866 2951 3919 ah
2995 3866 3112 3933 ipso
3167 3864 3414 3917 humanae
3470 3870 3672 3916 natura

2102 3965 2487 4036 proprietates.
2518 3962 2586 4016 At
2619 3962 2661 4015 si
2691 3974 2875 4014 verum
2913 3966 2994 4013 est
3021 3957 3161 4027 quod
3204 3971 3263 4010 se
3293 3954 3573 4009 demiserit
3612 3955 3674 4007 ad

2098 4055 2548 4119 exinanitionem,
2581 4063 2635 4107 et
2682 4050 2860 4106 factus
2897 4051 2967 4105 sit
3022 4048 3189 4103 nostri
3232 4046 3444 4111 similis,
3491 4060 3674 4115 qnam-

2100 4150 2285 4202 obrem
2311 4162 2373 4202 ea
2408 4160 2504 4215 per
2539 4159 2658 4214 qua:
2693 4141 3116 4197 exinanitioncm
3158 4138 3343 4202 subiit,
3375 4138 3472 4209 ipsi
3501 4138 3665 4192 detra-

2104 4240 2237 4293 bunt
2272 4235 2764 4290 administrationis
2810 4235 2861 4287 in
2892 4247 3059 4288 carne
3117 4228 3406 4284 artiﬁcium
3464 4228 3669 4299 imperi-

2106 4329 2313 4386 tissime
2358 4326 2769 4382 convellentes?

2172 4443 2229 4497 Β.
2262 4440 2317 4497 Si
2357 4455 2487 4509 ergo
2533 4438 2744 4493 dicatur
2790 4437 2957 4493 etiam
3015 4436 3241 4507 gloriam
3299 4437 3595 4506 accepisse,
3624 4444 3676 4489 et

2099 4532 2269 4589 factus
2295 4540 2378 4586 est
2408 4528 2686 4593 Dominus,
2744 4536 2908 4596 atque
2958 4523 3225 4580 exaltatus
3273 4540 3395 4579 esse
3430 4540 3458 4578 a
3490 4523 3672 4588 Patre,

2100 4621 2510 4689 declaratusque
2542 4632 2663 4673 esse
2692 4631 2809 4680 rex,
2845 4616 3158 4671 ascribesne
3209 4617 3373 4668 etiam
3420 4613 3534 4667 haec
3570 4612 3677 4666 Deo

2103 4714 2281 4770 Verbo
2306 4714 2439 4770 citra
2474 4710 2635 4765 ullam
2666 4707 2850 4778 gloria:
2879 4705 3049 4777 ipsius
3082 4704 3515 4759 imminutionem
3549 4704 3572 4756 ?

2170 4895 2234 4947 A.
2265 4891 2415 4959 Quod
2444 4889 2659 4961 quidem
2689 4887 2782 4943 Dei
2812 4883 2972 4941 Verbi
3008 4892 3203 4939 natura
3233 4881 3379 4937 omni
3412 4881 3583 4953 gloria
3624 4891 3679 4936 et
3770 4896 3788 4914 ο

2104 5001 2269 5057 regno
2302 4993 2465 5053 atque
2491 4980 2861 5036 dominatione
2882 4992 3010 5034 vera
3053 4975 3252 5032 referta
3308 4975 3400 5040 sit,
3444 4988 3676 5045 quonam

2102 5088 2259 5151 pacto
2298 5076 2532 5145 cuipiam
2573 5074 2792 5128 dubium
2826 5085 2947 5126 esse
2998 5079 3182 5139 queat,
3209 5070 3464 5140 quodque
3496 5068 3675 5123 divina

2103 5169 2337 5240 dignitas
2362 5167 2746 5223 convenienter
2771 5163 2821 5219 ei
2852 5162 3160 5219 tribuatur?
3197 5160 3332 5217 Cum
3356 5174 3485 5214 vero
3509 5159 3681 5215 factus

2102 5271 2186 5316 est
2215 5263 2396 5326 homo,
2444 5260 2527 5314 cui
2552 5258 2732 5312 omnia
2761 5265 2887 5311 sunt
2925 5254 3052 5309 data
3102 5263 3264 5323 atque
3311 5250 3572 5315 ascititia,
3618 5266 3680 5304 ea

2104 5354 2316 5408 ratione
2364 5351 2576 5406 tametsi
2632 5348 2885 5403 omnibus
2933 5346 3190 5410 abundet,
3229 5354 3284 5400 et
3331 5360 3398 5399 ex
3435 5359 3531 5398 sua
3566 5345 3678 5414 ple-

2105 5444 2349 5497 nitudine
2381 5439 2632 5496 omnibus
2660 5436 3025 5508 impartiatur,
3064 5437 3300 5490 humano
3338 5449 3487 5489 more
3534 5435 3680 5489 acci-

2105 5534 2201 5603 pit,
2252 5546 2557 5601 novumque
2585 5537 2669 5585 cst
2717 5536 2772 5584 et
2807 5528 3104 5582 inauditum
3166 5526 3217 5579 in
3265 5524 3483 5581 Christo
3514 5527 3682 5579 mira~

2105 5608 2309 5687 culum,
2358 5608 2417 5675 in
2481 5619 2661 5677 servili
2714 5618 2911 5684 forma,
2966 5616 3389 5677 dontinatio;in
3450 5617 3681 5669 humana

500 5817 519 5853 ‘
548 5820 768 5890 Joan.t,
799 5822 983 5881 32-51.
1054 5819 1267 5878 ’Hebr.
1300 5836 1363 5889 ll,
1390 5821 1475 5877 tt.
1544 5824 1564 5857 ³
1592 5823 1750 5880 Joan.
1785 5843 1875 5897 xx,
1909 5828 2099 5885 22-25.
