3968 6552
394 346 533 410 .975

1655 344 2030 405 EUTHYMH
2075 344 2433 404 ZIGABEN’I

3578 348 3685 409 976

414 485 704 551 tenuitate,
738 480 907 556 gloria
942 481 1141 546 divina,
1188 490 1234 534 et
1281 481 1426 549 regia
1468 481 1701 551 dignitas
1730 482 1783 537 in
1824 486 1992 538 servi-

2104 473 2153 527 ὲν
2188 470 2500 543 ἀνθρωπίνῃ
2543 474 3013 546 σμικροπρεπείᾳ,
3051 476 3178 542 δόξα
3219 477 3554 553 θεοπρεπὴς,
3587 490 3679 539 καὶ

419 586 553 641 tute,
614 582 873 644 quantum
928 573 993 627 ad
1046 572 1292 625 humana:
1355 583 1561 629 natura:
1628 572 1988 628 conditionem

419 666 741 731 attinet;et
801 662 1075 717 humilitas
1136 677 1344 716 summa
1402 664 1695 718 eminentia
1745 666 1987 734 prmdita.

421 756 613 811 Factus
639 765 722 810 est
752 754 898 809 enim
936 752 1096 807 homo
1130 751 1476 824 Unigenitus,
1504 770 1609 809 non
1644 764 1700 808 ut
1733 756 1783 809 in
1803 756 1990 809 exina-

420 849 624 902 nitione
675 854 1008 915 permaneat,
1061 846 1168 899 sed
1209 855 1268 899 ut
1310 846 1582 914 accipiens
1634 861 1755 898 cum
1787 860 1848 898 ea
1878 846 1994 915 ejus

419 940 778 1008 pr0prietates
812 955 825 1003 ;
862 937 1002 992 Deus
1059 946 1238 992 tamen
1298 938 1618 993 naturaliter
1658 954 1776 995 esse
1831 942 1991 993 etiam

416 1030 520 1084 hoc
540 1035 693 1099 pacto
712 1029 1065 1099 intelligatur,
1092 1029 1431 1100 hominisque
1456 1037 1697 1083 naturam
1729 1029 1781 1083 in
1815 1030 1995 1099 seipso

418 1122 671 1188 illustret,
702 1136 981 1175 sacrarum
1018 1136 1079 1175 ac
1108 1122 1409 1177 divinarum
1455 1121 1781 1193 dignitatum
1820 1121 1992 1191 parti-

402 1214 589 1284 vcipcm
652 1214 821 1283 ipsam
873 1212 1176 1269 declarans.
1248 1213 1379 1268 Nam
1437 1224 1493 1269 et
1555 1214 1727 1269 sancti
1774 1212 1992 1277 Filium,

417 1308 583 1359 etiam
635 1314 917 1373 postquam
966 1303 1141 1359 factus
1196 1314 1280 1359 est
1320 1306 1501 1370 homo,
1538 1304 1760 1376 gloriam
1794 1306 1884 1361 Dei
1929 1322 1992 1361 ac

412 1396 620 1459 Patris,
684 1407 738 1452 et
794 1412 976 1468 regem
1037 1412 1099 1451 ac
1153 1398 1434 1451 Dominum
1488 1397 1783 1468 appellant.
1829 1397 1996 1453 Isaias

414 1493 565 1543 enim
599 1489 669 1541 ita
694 1490 820 1542 ‘ait:
860 1508 877 1540 ι
931 1488 1081 1542 Sicut
1138 1488 1294 1543 homo
1344 1489 1636 1544 vindemiat
1673 1490 1869 1554 oleam,
1923 1491 1993 1542 ita

420 1578 827 1632 vindemiahnnt
858 1592 969 1643 eos,
998 1589 1052 1631 et
1084 1580 1297 1645 quando
1347 1582 1642 1634 cessaverit
1700 1580 1993 1642 vindemia,

426 1671 513 1725 isti
542 1684 672 1725 voce
708 1669 1035 1727 clamabunt.
1084 1669 1183 1736 Qui
1215 1686 1340 1724 vero
1371 1672 1543 1725 relicti
1580 1671 1780 1724 fuerint
1831 1684 1996 1737 super

424 1767 651 1822 terram,
708 1758 1057 1813 exsultabunt
1108 1773 1230 1813 cum
1280 1758 1449 1827 gloria
1504 1757 1712 1810 Domini
1768 1759 1807 1810 ⁸.
1860 1777 1881 1810 ι
1945 1757 2010 1810 Et

421 1865 613 1904 rursus
635 1851 775 1906 alius
805 1852 1027 1921 quidam
1062 1864 1092 1905 θ
1122 1851 1327 1905 sanctis
1356 1869 1370 1904 :
1400 1867 1419 1899 ι
1457 1849 1790 1913 llluminare,
1812 1850 2005 1919 inquit,

423 1940 746 2000 Jerusalem.
798 1943 958 1997 Venit
1006 1944 1149 1998 enim
1189 1944 1366 1997 lumen
1398 1949 1574 2005 tuum,
1604 1951 1659 1996 et
1689 1942 1860 2011 gloria
1901 1942 2005 1997 Do-

420 2036 556 2090 mini
604 2052 768 2104 super
812 2046 862 2089 to
912 2048 1031 2091 orta
1065 2048 1169 2090 est.
1195 2036 1329 2102 Quia
1353 2051 1481 2091 ecce
1508 2036 1740 2091 tenebrae
1761 2036 2009 2105 operient

426 2136 647 2192 terram,
681 2128 932 2198 ctcaligo
966 2128 1223 2197 populos:
1272 2143 1435 2196 super
1482 2136 1535 2181 te
1572 2135 1753 2182 autem
1799 2128 2007 2181 orietur

429 2222 707 2283 Dominus,
765 2230 819 2275 et
853 2220 1021 2290 gloria
1064 2222 1195 2291 ejus
1226 2220 1279 2273 in
1338 2231 1392 2275 te
1448 2220 1715 2274 videbitur
1778 2220 1821 2275 ¹.
1857 2237 1875 2272 ι
1944 2220 2008 2275 Et

418 2310 657 2368 Jacobus
690 2312 806 2383 ejus
835 2312 1131 2384 discipulus
1166 2330 1179 2368 :
1220 2331 1240 2365 ι
1305 2312 1546 2376 Fratres,
1581 2312 1781 2382 inquit,
1838 2312 2008 2369 nolite

420 2404 477 2458 in
528 2420 881 2474 personarum
934 2406 1254 2476 acceptione
1308 2406 1509 2459 habere
1577 2404 1738 2459 tidem
1794 2405 2005 2461 Domini

424 2498 594 2553 nostri
650 2496 774 2553 Jesu
836 2498 1038 2554 Christi
1075 2499 1258 2568 glorise
1307 2497 1348 2552 ³.
1390 2514 1407 2547 ι
1442 2496 1635 2552 Petrus
1690 2512 1858 2551 vero:
1890 2516 1909 2549 ι
1949 2496 2004 2552 Si

424 2590 826 2660 exprobramini
860 2590 911 2643 in
928 2591 1169 2657 Christo,
1202 2589 1347 2645 beati
1380 2588 1557 2655 eritis,
1578 2590 1835 2659 quoniam
1864 2590 2006 2660 quod

424 2692 511 2737 est
547 2683 769 2737 honoris
798 2683 981 2754 gloria-
1025 2694 1081 2739 et
1126 2683 1344 2739 virtutis
1387 2682 1506 2749 Dei,
1555 2691 1610 2740 et
1639 2683 1730 2755 qui
1768 2691 1850 2739 est
1893 2681 2009 2753 ejus

425 2772 659 2842 Spiritus
687 2790 851 2845 super
894 2790 990 2832 vos
1023 2776 1331 2847 requiescet
1380 2777 1424 2832 ⁸.
1457 2796 1477 2830 ι

500 2950 780 3006 Snllicinnt
847 2954 960 3020 jam
1028 2953 1162 3006 haec.
1223 2950 1491 3007 Caeterum
1556 2951 1657 3003 hoc
1727 2947 1861 3001 mihi
1910 2946 1992 3002 di-

428 3061 518 3100 eas
580 3046 777 3110 velim,
828 3046 1098 3115 quomodo
1162 3043 1566 3113 intelligendum
1620 3042 1694 3095 sit
1743 3038 1875 3093 illud
1932 3040 1999 3095 de

418 3139 643 3194 Christo
700 3136 865 3207 script
878 3152 964 3189 um

2097 563 2365 635 βασιλείας
2408 564 2721 635 αὐχήμασιν
2753 568 3217 639 ἐστεφανωμένον.
3262 571 3323 625 τὸ
3356 574 3461 627 ὑπὸ
3492 575 3676 645 ζυγλν.

2095 658 2155 709 τό
2186 674 2249 725 γε
2274 651 2404 727 ἧκον
2432 658 2512 718 είς
2537 656 2953 725 ἀνθρωπὸτητος
2987 660 3208 729 μέτρον,
3239 663 3332 714 καὶ
3358 666 3414 716 ἐν
3448 666 3688 737 ὑπερτα-

2096 766 2217 813 ταις
2247 750 2543 818 ὑπεροχαῖς
2560 789 2574 812 ,
2608 748 2669 800 τὸ
2693 750 2963 802 ταπεινόν.
2990 750 3185 818 Γέγονε
3215 753 3322 822 γὰρ
3343 754 3628 826 ἄνθρωπος
3653 762 3680 811 r;

2099 840 2427 911 Μονογενὴς,
2468 841 2567 910 οὐχ
2598 841 2684 892 ἴνα
2714 843 2824 904 τοῖς
2871 844 2969 911 τῆς
3016 841 3297 907 κενώσεως
3345 846 3681 919 ὲναπομείνῃ

2103 933 2341 1003 μέτροις,
2367 930 2482 984 ἀλλ’
2507 931 2594 983 ἵνα
2618 930 2799 984 λαϐὼν
2827 932 2921 984 σὺν
2953 933 3087 1005 αὐτῇ
3118 934 3185 987 τὰ
3218 937 3411 1004 αὐτῆς,
3443 937 3577 1001 Θεὸς
3605 941 3681 992 ὦν

2100 1026 2278 1093 φύσει,
2312 1023 2408 1076 καὶ
2439 1022 2580 1076 οὕτω
2614 1022 2967 1094 γνωρίζηται,
3004 1027 3099 1078 καὶ
3128 1028 3225 1097 τὴν
3262 1028 3358 1080 τοῦ
3390 1030 3680 1100 ἀνθρώπου

2097 1114 2478 1185 κατασεμνύνῃ
2526 1114 2689 1183 φύσιν
2732 1114 2818 1181 ἐφ’
2859 1115 3052 1185 ἐαυτῷ,
3091 1117 3313 1187 μέτοχον
3338 1121 3513 1190 αὐτὴν
3544 1122 3677 1176 ἁπο-

2098 1208 2263 1277 φήνας
2323 1206 2485 1277 ἱερῶν
2530 1206 2623 1260 καὶ
2672 1204 2833 1257 θείων
2877 1204 3235 1275 ἀξιωμάτων
3280 1210 3591 1281 εὑρήσομεν
3624 1216 3679 1267 δὲ

2095 1300 2191 1353 καὶ
2212 1298 2408 1361 αὐτοὺς
2435 1298 2560 1361 τοὺς
2590 1296 2801 1366 ἁγίους,
2832 1297 2990 1361 δόξαν
3018 1300 3379 1367 ὀνομάζοντας
3416 1304 3513 1356 τοῦ
3546 1306 3679 1358 Θεοῦ

2096 1392 2189 1443 καὶ
2238 1390 2479 1463 Πατρὸς,
2526 1390 2619 1442 καὶ
2658 1392 2839 1458 μέντοι
2885 1391 2981 1442 καὶ
3028 1390 3269 1459 βασιλέα,
3314 1395 3408 1446 καὶ
3457 1398 3680 1465 προσέτι

2098 1484 2320 1555 Κύριον,
2349 1482 2439 1535 τὸν
2467 1481 2611 1544 Υἰδν,
2637 1481 2729 1533 καὶ
2749 1482 2837 1533 ὅτε
2859 1483 3079 1550 γέγονεν
3118 1483 3422 1555 ἄνθρωπος.
3456 1487 3679 1551 Ἡσατας

2098 1577 2195 1644 μὲν
2227 1578 2336 1646 γὰρ
2380 1566 2482 1627 ὧδέ
2516 1590 2588 1642 πη
2637 1572 2823 1641 φησίνο
2859 1591 2877 1623 ι
2915 1576 3012 1625 “Ov
3032 1574 3233 1645 τρόπον
3264 1577 3357 1627 ἐὰν
3394 1577 3678 1648 magum;

2098 1669 2406 1737 καλαμᾶται
2454 1667 2660 1728 ἐλαίαν,
2689 1663 2831 1716 οὓτω
2883 1665 3291 1734 καλαμήσονται
3324 1667 3557 1725 αὐτοὺς.
3589 1671 3679 1724 καὶ

2094 1758 2189 1807 ἐὰν
2232 1755 2505 1825 παύσηται
2544 1753 2573 1807 ὃ
2601 1756 2891 1828 τρυγητὸς,
2919 1751 3064 1809 οὗτοι
3093 1756 3243 1825 φωνῇ
3287 1755 3596 1824 βοήσονταν
3629 1755 3678 1805 οἱ

2094 1847 2149 1901 δὲ
2179 1846 2627 1918 καταλειφθέντες
2652 1850 2747 1902 ἐπὶ
2776 1852 2876 1921 τῆς
2899 1850 3021 1919 γῆς,
3053 1847 3526 1918 εὐφρανθήσονται
3565 1845 3678 1915 ἅμα

2098 1943 2160 2011 τῇ
2210 1942 2333 2013 δόξῃ
2389 1942 2663 2014 Κυρίου.»
2721 1944 2830 1997 Καὶ
2894 1943 3058 1996 πάλιν
3094 1942 3283 2013 ἕτερος
3329 1937 3440 1994 τῶν
3490 1938 3682 2007 ἁγίων,

2103 2050 2121 2081 ι
2145 2034 2405 2099 Φωτίζου,
2431 2037 2616 2105 φησὶν,
2649 2034 3027 2106 Ἰερουσαλήμ·
3052 2035 3175 2105 ἣκει
3202 2034 3312 2105 γάρ
3341 2050 3435 2086 σου
3455 2033 3517 2085 τὸ
3548 2031 3676 2100 φῶς,

2097 2127 2188 2177 καὶ
2215 2128 2247 2197 ἠ
2280 2127 2407 2190 δόξα
2446 2128 2653 2197 Κυρίου
2694 2129 2785 2181 ἐπὶ
2818 2127 2876 2181 σὲ
2908 2126 3294 2181 ἀνατέταλκεν.
3328 2125 3462 2179 ’1δού
3495 2124 3679 2187 σκότος

2098 2217 2189 2268 καὶ
2216 2217 2414 2285 γνόφος
2438 2216 2667 2283 καλύψει
2698 2219 2819 2288 γῆν,
2858 2219 2950 2272 ἐπὶ
2970 2219 3025 2271 δὲ
3048 2218 3106 2271 σὲ
3129 2219 3431 2288 φανήσεται
3461 2216 3673 2285 Κύριος,

2100 2308 2192 2361 καὶ
2234 2308 2361 2375 δόξα
2424 2310 2630 2381 Κυρίου
2679 2310 2771 2363 ἐπὶ
2820 2309 2879 2362 σὲ
2924 2308 3243 2379 ὀφθήσεται.
3269 2328 3287 2359 ι
3327 2305 3585 2369 ’ῐάκωόὁς
3619 2322 3677 2373 γε

2101 2397 2208 2468 μὴν
2237 2400 2265 2451 ὁ
2293 2398 2458 2452 αὐτοῦ
2496 2399 2763 2471 μαθητὴς,
2793 2418 2811 2451 ι
2842 2399 3108 2469 ’Ᾱδελφοὶ,
3138 2399 3290 2469 φησὶ,
3326 2397 3397 2469 μὴ
3424 2400 3483 2450 ὲν
3523 2413 3677 2468 προσ-

2098 2490 2437 2561 ωποληψίαις
2472 2492 2621 2562 ἔχετε
2662 2492 2761 2562 τὴν
2804 2490 2987 2545 πίστιν
3030 2490 3125 2544 τοῦ
3160 2489 3365 2561 Κυρίου
3394 2488 3549 2558 ἡμῶν
3584 2488 3677 2558 Ἰη-

2100 2584 2193 2636 σοῦ
2231 2586 2465 2656 Χριστοῦ
2494 2587 2589 2655 τῆς
2615 2586 2788 2657 δόξης.
2822 2604 2838 2637 ι
2880 2586 3086 2656 Πέτρος
3132 2585 3188 2637 δὲ
3216 2579 3335 2638 αὖὸ
3374 2582 3675 2645 Θεσπέσιος»

2106 2668 2124 2729 ι
2161 2680 2221 2731 Εἰ
2253 2677 2573 2743 ὀνειδίζεσθε
2613 2682 2670 2733 ὲν
2720 2679 2961 2750 Χριστῷ,
3004 2679 3264 2750 μακάριοί
3306 2680 3430 2731 ἐστε
3464 2677 3563 2746 τῆς
3596 2676 3673 2731 δό-

2102 2767 2218 2838 ξης,
2261 2772 2356 2823 καὶ
2386 2770 2447 2824 τὸ
2477 2770 2576 2825 τοῦ
2610 2770 2746 2825 Θεοῦ
2776 2770 3003 2843 Πνεῦμα
3035 2773 3118 2841 ἐφ’
3165 2770 3310 2841 ὑμᾶς
3360 2768 3675 2823 ἁναπέπαυ·

2100 2877 2238 2913 ται.»

2179 2950 2336 3013 Ἀλις
2392 2952 2493 3022 μὲν
2538 2950 2601 3023 δὴ
2647 2950 2756 3003 τῶν
2816 2952 3073 3008 τοιούτων
3128 2955 3296 3026 ἡμῖν,
3353 2950 3400 3011 ὦ
3445 2962 3672 3027 γενναῖε.

2105 3042 2282 3114 Φράζε
2343 3043 2400 3097 δὲ
2454 3047 2601 3105 ὅπως
2659 3049 2793 3115 πρδς
2840 3046 2999 3115 ἡμῶν
3064 3050 3302 3113 νοεῖσθαι
3362 3053 3567 3121 πρέπει
3616 3054 3671 3109 τὸ

1017 3153 1032 3189 :
1085 3154 1103 3188 ι
1172 3137 1273 3204 Qui
1327 3136 1381 3189 in
1433 3136 1622 3191 diebus
1684 3138 1865 3192 carnis
1906 3152 2010 3192 sum

2110 3138 2237 3205 περὶ
2272 3136 2507 3206 Χριστοῦ
2547 3138 2950 3207 γεγραμμένον,
2995 3157 3013 3191 ι
3063 3141 3160 3204 ⁸ος
3191 3143 3401 3221 ὲνκταῖς
3439 3146 3675 3216 ἡμέραις

422 3246 617 3301 preces
645 3230 1175 3300 supplicationesque
1226 3229 1290 3283 ad
1336 3244 1459 3284 eum
1498 3228 1591 3298 qui
1629 3230 1801 3299 possit
1842 3229 2010 3299 ipsum

2104 3224 2197 3292 τῆς
2233 3228 2435 3296 σαρκὸς
2482 3226 2685 3292 αὐτοῦ,
2732 3227 2947 3297 δεήσεις
2983 3246 3041 3283 τε
3083 3230 3175 3283 καὶ
3215 3231 3502 3301 ἱκετηρίας
3551 3231 3676 3302 πρὸς

429 3324 637 3378 salvum
688 3324 871 3378 facere
921 3342 948 3376 a
999 3334 1170 3378 morte
1213 3340 1332 3377 eum
1372 3324 1610 3379 clamore
1660 3324 1839 3378 valido
1862 3334 1916 3379 et
1941 3324 2018 3379 la-

426 3417 633 3487 crymis
676 3415 933 3477 ollerens.
971 3417 1258 3469 exauditus
1301 3428 1383 3471 est
1408 3432 1506 3487 pro
1544 3432 1642 3472 sua
1688 3421 2013 3475 reverentia.

424 3509 496 3562 Et
527 3510 741 3575 quidem
771 3526 895 3564 cum
933 3520 1079 3564 esset
1111 3509 1280 3564 Filius
1316 3509 1431 3577 Dei,
1471 3508 1661 3565 didicit
1692 3524 1755 3564 ex
1795 3511 1861 3567 iis
1898 3528 2017 3582 qua:

432 3618 621 3667 passus
655 3610 767 3668 est,
838 3602 1225 3656 obedientiam.
1256 3602 1323 3657 Et
1374 3614 1788 3660 consummatus
1843 3603 2019 3661 factus

428 3707 513 3749 est
583 3695 839 3753 omnibus
886 3694 1393 3763 obtemperantibus
1445 3696 1547 3751 sibi
1604 3712 1769 3751 causa
1826 3696 2017 3753 salutis

430 3796 644 3842 aeterna:
692 3789 737 3843 ⁸.
803 3806 822 3840 ι
879 3786 1141 3857 Adjieiam
1204 3803 1335 3844 vero
1392 3789 1552 3843 dictis
1619 3790 1782 3843 etiam
1841 3788 2017 3845 illud:

436 3898 456 3930 ι
489 3881 628 3935 Dens
658 3896 832 3945 meus,
858 3881 1003 3935 Deus
1028 3897 1198 3945 meus,
1222 3897 1393 3950 quare
1413 3897 1497 3937 me
1522 3882 1853 3951 tlereliquisti
1883 3883 1903 3914 ⁸
1938 3882 1963 3935 τ
1995 3903 2015 3936 ι

432 3972 619 4027 Aliena
648 3974 790 4027 enim
843 3974 958 4028 haec
1014 3989 1136 4029 esse
1168 3975 1353 4028 dicunt
1405 3991 1433 4027 a
1485 3976 1593 4029 Deo
1630 3975 1823 4042 Verbo,
1857 3989 2022 4047 atque

428 4078 532 4133 ego
566 4065 780 4133 quidem
815 4064 1078 4135 dignitate
1115 4066 1284 4135 ipsius
1319 4077 1479 4137 atque
1511 4066 1827 4122 excellentia
1866 4068 2022 4140 longe

434 4158 691 4214 inferiora
721 4174 783 4213 ea
811 4175 931 4214 esse
962 4159 1343 4227 jndicaverim.

504 4252 571 4306 A.
624 4249 762 4316 Quin
831 4260 886 4305 et
949 4266 1049 4322 ego
1073 4254 1188 4322 ipse
1250 4253 1407 4307 facile
1458 4255 1880 4327 intelligo'limc'
1914 4274 2021 4314 non

434 4343 727 4396 convenire
759 4341 936 4397 Verbo
965 4346 1148 4414 genito
1172 4360 1237 4398 ex
1279 4344 1395 4399 Deo
1436 4345 1615 4411 Patre,
1677 4350 1719 4404 si
1777 4349 1904 4405 illttd
1955 4351 2024 4406 ab

428 4435 906 4491 administratione
964 4438 1016 4490 in
1076 4452 1242 4493 carne
1289 4454 1690 4507 remowamus,
1722 4459 1897 4513 neque
1924 4442 2023 4500 ad-

2095 3316 2189 3369 ·.ὸν
2217 3316 2513 3388 δυνάμενον
2544 3320 2737 3384 σώζειν
2773 3320 2933 3373 αὐτὸν
2966 3323 3030 3374 ἐκ
3063 3321 3316 3383 θανάτου,
3353 3323 3492 3390 μετὰ
3522 3340 3678 3393 κριιιυ⁴

2098 3407 2202 3475 γῆς
2235 3407 2460 3479 ἰσχυρᾶς
2486 3410 2579 3462 καὶ
2603 3409 2859 3481 δακρύων
2889 3413 3283 3483 προσενέγκας,
3319 3413 3412 3465 καὶ
3437 3416 3679 3466 εἰσακουο

2107 3499 2247 3563 τθεὶς
2293 3501 2400 3553 ἀπὸ
2443 3500 2544 3572 τῆς
2573 3503 2896 3569 εὐλαϐείας,
2923 3504 3122 3574 καίπερ
3162 3502 3238 3556 ὢν
3271 3504 3418 3566 Υἱὸς,
3464 3503 3672 3574 ἔμαθεν,

2098 3590 2191 3660 ἀφ’
2216 3586 2290 3645 ὧν
2330 3593 2519 3659 ἔπαθε,
2554 3593 2652 3666 τὴν
2685 3596 2953 3667 ὑπακοὴν,
2988 3597 3081 3649 καὶ
3108 3595 3435 3659 τελειωθεὶς,
3474 3596 3677 3664 ἐγένετο

2098 3686 2210 3748 τοῖς
2264 3685 2630 3740 ὑπακούουσιν
2676 3687 2826 3760 αὐτῷ
2866 3688 3040 3752 αἴτιος
3096 3689 3371 3759 σωτηρίας
3419 3689 3677 3742 ἀκαταλύο

2098 3793 2226 3829 του·
2254 3795 2271 3828 ι
2313 3780 2659 3849 προσεποίσω
2700 3781 2756 3833 δὲ
2813 3782 3034 3834 κάκεῖνο
3075 3776 3156 3843 οἷς
3204 3782 3363 3852 ἔφην,
3402 3781 3492 3845 τὸ,
3535 3800 3553 3831 ι
3587 3780 3674 3834 Θεέ

2103 3885 2224 3939 μου,
2264 3868 2365 3922 Θεέ
2411 3887 2533 3941 μου,
2566 3871 2653 3925 ἵνα
2686 3871 2738 3924 τί
2775 3888 2841 3941 με
2883 3871 3274 3940 ἐγκατέλιπες;
3305 3891 3322 3922 ι
3369 3870 3672 3924 Ἀπεοικότα

2101 3962 2209 4033 γὰρ
2248 3956 2386 4016 εἷναί
2423 3980 2557 4032 φασι
2590 3964 2658 4016 τὰ
2690 3964 2868 4018 τοιάδε
2917 3964 2995 4036 τῷ
3030 3965 3148 4036 Θεῷ
3192 3965 3369 4034 Λόγῳ,
3404 3966 3498 4016 καὶ
3530 3964 3674 4032 ﬁcti;-

2102 4050 2226 4105 σθαι
2250 4052 2386 4105 πολὺ
2414 4051 2515 4121 τῆς
2544 4052 2768 4123 ἐνούσης
2794 4054 3073 4125 ὑπεροχῆς
3101 4054 3249 4124 αὐτῴ
3276 4055 3445 4124 φαίην
3474 4053 3557 4107 ἄν.

2171 4262 2232 4314 Δ.
2277 4261 2463 4331 ’Ἰσημι
2514 4262 2605 4312 καὶ
2637 4261 2797 4324 αὐτὸς
2843 4260 2971 4329 ἐγὼ,
3040 4259 3115 4329 μὴ
3154 4258 3218 4311 ἂν
3252 4258 3500 4329 ἁρμόσαι
3533 4254 3673 4309 ταυτὶ

2099 4353 2175 4424 τῷ
2220 4355 2283 4405 ἐκ
2316 4352 2450 4405 Θεοῦ
2501 4351 2709 4423 [ἰατρὸς
2788 4352 2945 4420 φῦντι
3022 4352 3202 4420 Λόγῳ,
3236 4349 3561 4412 ἐξωσθέντος
3590 4345 3670 4400 τοῦ

2100 4444 2303 4513 τρόπου
2340 4443 2439 4513 τῆς
2474 4442 2815 4512 οἰκονομίας,
2863 4440 2957 4494 καὶ
3010 4441 3109 4494 οὐκ
3152 4439 3521 4509 εἰσδεχθέντος
3554 4438 3671 4508 πρὸς

430 4526 715 4582 mittamus
762 4529 816 4582 id
842 4530 985 4597 quod
1043 4526 1325 4599 Scriptura
1383 4541 1638 4598 testatur,
1682 4536 1823 4605 quod
1857 4536 2010 4592 nimi-

2104 4536 2259 4610 ἡμῶν
2328 4534 2452 4601 τοῦ,
2506 4535 2585 4588 ὅτι
2638 4535 2831 4602 γέγονε
2890 4532 3027 4606 σὰρξ
3079 4532 3220 4586 κατὰ
3284 4534 3385 4596 τὰς
3444 4532 3667 4603 Γραφὰς.

430 4635 554 4673 rum
588 4620 762 4677 factus
791 4626 863 4677 sit
889 4638 1038 4677 caro.
1075 4622 1208 4677 Cum
1244 4639 1369 4678 vero
1406 4626 1509 4680 hoc
1569 4627 1797 4683 lirmiter
1835 4638 2024 4687 tenea-

437 4729 554 4766 mus
615 4723 666 4766 et
721 4715 986 4769 dubitatio
1052 4716 1158 4770 hac
1207 4717 1257 4769 in
1313 4733 1373 4771 re
1421 4734 1542 4771 eum
1620 4720 1897 4789 impietate
1951 4725 2024 4779 sit

435 4807 757 4873 conjuncta,
810 4808 1206 4863 incarnationis
1242 4811 1561 4881 mysterium
1613 4823 1875 4881 quantum
1907 4817 2023 4872 lieri

436 4907 612 4967 potest
644 4902 1061 4969 perpendamus.
1091 4902 1355 4971 Apparuit
1395 4903 1578 4970 itaque
1613 4907 1768 4962 nobis
1790 4905 2023 4963 Verbum

436 5005 501 5041 ex
540 4990 648 5043 Deo
691 4992 742 5043 in
801 4991 974 5045 forma
1007 5004 1203 5047 nostra:
1262 4996 1449 5057 simili,
1519 4997 1819 5054 innumeris
1855 5002 2027 5057 modis

439 5083 728 5136 humanam
780 5097 1034 5138 naturam
1095 5085 1320 5153 juvans,
1366 5088 1676 5159 optimeque
1728 5092 1882 5147 nobis
1932 5094 2028 5148 de-

437 5185 747 5229 monstrans
788 5175 930 5229 viam
966 5191 1086 5245 quae
1141 5179 1207 5230 ad
1256 5180 1460 5245 Optima
1519 5196 1747 5251 qumque
1787 5184 2024 5239 deducit.

438 5265 669 5321 Necesse
710 5268 894 5338 itaque
947 5279 1064 5323 erat
1130 5281 1185 5324 ut
1235 5271 1566 5337 diceremus,
1627 5291 1750 5328 cum
1798 5280 2029 5331 tentatio

438 5359 647 5411 invadit
700 5374 793 5413 eos
852 5361 942 5429 qui
997 5361 1066 5416 ob
1113 5361 1456 5416 dilectionem
1496 5363 1587 5418 Dei
1628 5366 2025 5437 periclitantur,

438 5450 627 5519 quales
662 5458 914 5520 oporteat
948 5469 1068 5507 esse
1091 5469 1186 5508 eos
1218 5456 1307 5523 qui
1352 5457 1674 5512 laudabilem
1706 5468 1867 5527 atque
1908 5458 2027 5513 exi-

438 5542 604 5596 miam
634 5544 804 5597 vitam
835 5544 1123 5601 instituere
1158 5549 1327 5601 velint
1368 5566 1383 5603 :
1435 5559 1616 5604 utrum
1644 5550 1710 5604 ad
1758 5550 2028 5619 ignaviam

516 5740 531 5770 '
564 5738 666 5792 lsa.
699 5753 845 5803 χχιιι,
890 5737 973 5796 l3,
1014 5736 1095 5789 lt.
1171 5737 1191 5767 ¹
1224 5736 1443 5804 lsa.t.x,
1478 5739 1525 5802 ί,
1562 5740 1616 5794 2.
1687 5740 1705 5771 ⁸
1732 5741 1844 5795 Jac.
1891 5757 1947 5808 ιι,
1986 5742 2033 5797 l.

443 5810 631 5865 Matth.
672 5823 839 5873 χχιιι,
874 5810 965 5862 46.

2116 4631 2334 4702 Ἐπειδὴ
2365 4631 2421 4683 δὲ
2457 4629 2591 4700 πρὸς
2622 4628 2778 4681 τοῦτο
2808 4627 3252 4699 διερηρείσμεθα,
3284 4626 3381 4679 καὶ
3410 4625 3470 4678 τὸ
3496 4622 3673 4679 ἐνδοιά-

2104 4726 2218 4794 {etv
2250 4725 2385 4787 ὅλως
2412 4722 2733 4786 δυσσεϐείας
2795 4722 2910 4791 ἔχει
2962 4719 3202 4791 γραφὴν,
3246 4720 3381 4789 φέρε
3419 4718 3517 4788 τῆς
3549 4718 3673 4769 οἰκο-

2105 4820 2297 4889 νομίας
2321 4818 2381 4871 τὸ
2415 4816 2597 4887 βάθος,
2622 4817 2695 4879 ὡς
2723 4816 2821 4877 ἔνι,
2855 4811 3388 4881 κατασκεπτώμεθα.
3427 4810 3671 4878 Ἐπέςανε

2105 4910 2285 4961 τοίνυν
2340 4909 2471 4979 ἡμῖν
2527 4908 2581 4958 ἐν
2622 4906 2751 4957 εῖδει
2805 4903 2881 4974 ’.ᾧ
2934 4902 3054 4957 καθ’
3102 4904 3250 4973 ἡμᾶς
3304 4904 3332 4955 ὁ
3365 4903 3429 4954 ὲκ
3488 4899 3671 4967 Κυρίου

2110 4999 2319 5071 ῐῐατρὸς
2379 4998 2586 5066 Λόγος,
2635 4997 2773 5050 κατὰ
2833 4995 3059 5066 μυρίους
3109 4996 3266 5058 ὅσους
3323 4994 3531 5062 ὀνήσων
3574 4988 3674 5057 τῴ-

2112 5111 2244 5156 πους
2284 5092 2351 5145 τὰ
2382 5090 2724 5162 ἀνθρώπινα,
2780 5090 2873 5143 καὶ
2918 5088 3250 5153 καταδείξων
3310 5082 3369 5140 εὖ
3414 5086 3552 5157 μάλα
3588 5083 3672 5149 τὴν

2111 5187 2188 5248 είς
2238 5186 2346 5237 πᾶν
2376 5182 2553 5237 ὁτιοῦν
2589 5181 2696 5234 τῶν
2738 5180 3209 5251 τεθαυμασμένων
3255 5177 3671 5247 ἀποκομίζουσιν

2110 5278 2317 5349 τρίϋον.
2364 5273 2472 5329 Ἶιν
2522 5270 2613 5327 οῦν
2661 5275 2960 5342 ἀναγκαῖον
3006 5272 3332 5342 ἀναμαθείν,
3392 5262 3668 5338 πειρασμοῦ

2114 5369 2467 5430 καταθέοντος
2510 5367 2633 5428 τοὺς
2664 5365 2763 5434 τῆς
2804 5366 2882 5427 εἰς
2913 5362 3045 5416 Θεὸν
3077 5362 3297 5431 ἀγάπης
3332 5362 3488 5415 ἕνεκα
3519 5356 3661 5410 κινδυ-

2115 5463 2393 5525 νεύοντας.
2424 5462 2639 5523 ὁποίους
2685 5462 2834 5522 τινὰς
2866 5456 3004 5513 εἶναι
3038 5460 3141 5531 χρὴ
3195 5460 3317 5519 τοὺς
3368 5456 3461 5527 τὴν
3500 5449 3663 5506 εὐκλεᾶ

2118 5552 2211 5604 καὶ
2239 5550 2511 5618 ἐξαίρετον
2546 5549 2821 5602 πολιτείαν
2858 5549 2948 5601 καὶ
2982 5547 3125 5616 ζωὴν
3161 5546 3454 5616 κατορθοῦν
3483 5537 3661 5616 ᾑρημέ-

2113 5743 2130 5773 ⁶
2160 5745 2177 5795 ι
2210 5744 2351 5800 Petr.
2392 5761 2464 5812 tv,
2513 5748 2594 5803 Η.

2674 5749 2695 5779 ³
2730 5747 2897 5805 Hebr.
2937 5766 2987 5814 ν,
3025 5754 3055 5805 7
3096 5755 3144 5807 lt.
3240 5755 3260 5783 ⁸
3292 5753 3428 5809 Psal.
3462 5767 3565 5819 ης,
3595 5750 3652 5815 ii
