  <div class='ocr_page' id='page_1' title='image "/cluster/home/n/w/nwhite01/storage/ocr_20150623/130/hvd.32044019208255/496.png"; bbox 0 0 3770 6574; ppageno 0'>
   <div class='ocr_carea' id='block_1_1' title="bbox 186 451 1728 550">
    <p class='ocr_par' dir='ltr' id='par_1_1' title="bbox 186 454 1723 550">
     <span class='ocr_line' id='line_1_1' title="bbox 186 454 1723 550; baseline -0.002 -31"><span class='ocrx_word' id='word_1_1' title='bbox 186 482 271 550; x_wconf 55' lang='lat' dir='ltr'><strong>W7</strong></span> <span class='ocrx_word' id='word_1_2' title='bbox 1098 454 1469 518; x_wconf 78' lang='lat' dir='ltr'><strong>PANOPLIA</strong></span> <span class='ocrx_word' id='word_1_3' title='bbox 1516 455 1723 546; x_wconf 55' lang='lat' dir='ltr'><strong>noctu</strong></span> 
     </span>
    </p>
   </div>
   <div class='ocr_carea' id='block_1_2' title="bbox 1922 451 3419 550">
    <p class='ocr_par' dir='ltr' id='par_1_2' title="bbox 1922 451 3419 520">
     <span class='ocr_line' id='line_1_2' title="bbox 1922 451 3419 520; baseline -0.002 -5"><span class='ocrx_word' id='word_1_4' title='bbox 1922 458 1974 518; x_wconf 58' lang='grc' dir='ltr'><strong>ἱ.</strong></span> <span class='ocrx_word' id='word_1_5' title='bbox 2002 481 2073 493; x_wconf 88' lang='grc'><strong>-</strong></span> <span class='ocrx_word' id='word_1_6' title='bbox 2098 456 2242 520; x_wconf 88' lang='grc' dir='ltr'><strong>ΤΙΤ.</strong></span> <span class='ocrx_word' id='word_1_7' title='bbox 2286 454 2411 518; x_wconf 81' lang='lat' dir='ltr'><strong>XV.</strong></span> <span class='ocrx_word' id='word_1_8' title='bbox 3283 451 3419 516; x_wconf 57' lang='grc' dir='ltr'><strong>εἶς-</strong></span> 
     </span>
    </p>
   </div>
   <div class='ocr_carea' id='block_1_3' title="bbox 183 581 1728 667">
    <p class='ocr_par' dir='ltr' id='par_1_3' title="bbox 183 581 1706 667">
     <span class='ocr_line' id='line_1_3' title="bbox 183 581 1706 667; baseline -0.013 -17"><span class='ocrx_word' id='word_1_9' title='bbox 183 621 308 667; x_wconf 62' lang='grc' dir='ltr'>νθυς,</span> <span class='ocrx_word' id='word_1_10' title='bbox 348 598 534 663; x_wconf 85' lang='grc' dir='ltr'>πότερα</span> <span class='ocrx_word' id='word_1_11' title='bbox 565 583 914 659; x_wconf 76' lang='grc' dir='ltr'><strong>μεθιεμένους</strong></span> <span class='ocrx_word' id='word_1_12' title='bbox 945 582 1041 635; x_wconf 71' lang='grc' dir='ltr'><strong>καὶ</strong></span> <span class='ocrx_word' id='word_1_13' title='bbox 1089 581 1493 643; x_wconf 82' lang='grc' dir='ltr'>ἀναπίπτοντας</span> <span class='ocrx_word' id='word_1_14' title='bbox 1538 581 1616 642; x_wconf 85' lang='grc' dir='ltr'><strong>είς</strong></span> <span class='ocrx_word' id='word_1_15' title='bbox 1646 581 1706 631; x_wconf 87' lang='grc' dir='ltr'><strong>τὸ</strong></span> 
     </span>
    </p>
   </div>
   <div class='ocr_carea' id='block_1_4' title="bbox 1922 581 3399 667">
    <p class='ocr_par' dir='ltr' id='par_1_4' title="bbox 1922 591 3399 663">
     <span class='ocr_line' id='line_1_4' title="bbox 1922 591 3399 663; baseline 0.001 -18"><span class='ocrx_word' id='word_1_16' title='bbox 1922 605 2027 655; x_wconf 65' lang='lat' dir='ltr'><strong>nos,</strong></span> <span class='ocrx_word' id='word_1_17' title='bbox 2063 601 2116 647; x_wconf 90' lang='lat' dir='ltr'><strong>et</strong></span> <span class='ocrx_word' id='word_1_18' title='bbox 2159 591 2368 647; x_wconf 86' lang='lat' dir='ltr'><strong>deliciis</strong></span> <span class='ocrx_word' id='word_1_19' title='bbox 2407 591 2649 657; x_wconf 85' lang='lat' dir='ltr'><strong>deditos,</strong></span> <span class='ocrx_word' id='word_1_20' title='bbox 2686 592 3058 663; x_wconf 84' lang='lat' dir='ltr'><strong>hilaritatique</strong></span> <span class='ocrx_word' id='word_1_21' title='bbox 3113 601 3168 648; x_wconf 90' lang='lat' dir='ltr'><strong>et</strong></span> <span class='ocrx_word' id='word_1_22' title='bbox 3200 594 3399 663; x_wconf 78' lang='lat' dir='ltr'><strong>gaudio</strong></span> 
     </span>
    </p>
   </div>
   <div class='ocr_carea' id='block_1_5' title="bbox 185 673 1728 769">
    <p class='ocr_par' dir='ltr' id='par_1_5' title="bbox 185 673 1705 769">
     <span class='ocr_line' id='line_1_5' title="bbox 185 673 1705 769; baseline -0.044 -20"><span class='ocrx_word' id='word_1_23' title='bbox 185 696 400 769; x_wconf 67' lang='grc' dir='ltr'>ῥᾴθυμον,</span> <span class='ocrx_word' id='word_1_24' title='bbox 434 684 520 737; x_wconf 78' lang='grc' dir='ltr'>καὶ</span> <span class='ocrx_word' id='word_1_25' title='bbox 551 679 646 733; x_wconf 76' lang='grc' dir='ltr'>οὐκ</span> <span class='ocrx_word' id='word_1_26' title='bbox 678 678 735 730; x_wconf 83' lang='grc' dir='ltr'>ὲν</span> <span class='ocrx_word' id='word_1_27' title='bbox 772 674 949 747; x_wconf 78' lang='grc' dir='ltr'>καιρῷ</span> <span class='ocrx_word' id='word_1_28' title='bbox 977 674 1299 746; x_wconf 66' lang='grc' dir='ltr'>τρυφῶντας</span> <span class='ocrx_word' id='word_1_29' title='bbox 1342 675 1437 727; x_wconf 44' lang='grc' dir='ltr'><strong>καὶ</strong></span> <span class='ocrx_word' id='word_1_30' title='bbox 1479 673 1705 743; x_wconf 56' lang='grc' dir='ltr'>εὐρυνο-</span> 
     </span>
    </p>
   </div>
   <div class='ocr_carea' id='block_1_6' title="bbox 1922 673 3397 769">
    <p class='ocr_par' dir='ltr' id='par_1_6' title="bbox 1922 684 3397 755">
     <span class='ocr_line' id='line_1_6' title="bbox 1922 684 3397 755; baseline 0.001 -18"><span class='ocrx_word' id='word_1_31' title='bbox 1922 698 2049 737; x_wconf 90' lang='lat' dir='ltr'><strong>num</strong></span> <span class='ocrx_word' id='word_1_32' title='bbox 2077 686 2319 739; x_wconf 76' lang='lat' dir='ltr'><strong>laxantes</strong></span> <span class='ocrx_word' id='word_1_33' title='bbox 2351 703 2363 739; x_wconf 95' lang='lat'>:</span> <span class='ocrx_word' id='word_1_34' title='bbox 2395 700 2461 737; x_wconf 89' lang='lat' dir='ltr'><strong>an</strong></span> <span class='ocrx_word' id='word_1_35' title='bbox 2496 684 2674 755; x_wconf 98' lang='lat' dir='ltr'><strong>potius</strong></span> <span class='ocrx_word' id='word_1_36' title='bbox 2708 701 2811 739; x_wconf 89' lang='lat' dir='ltr'><strong>una</strong></span> <span class='ocrx_word' id='word_1_37' title='bbox 2855 686 3105 755; x_wconf 79' lang='lat' dir='ltr'><strong>precibus</strong></span> <span class='ocrx_word' id='word_1_38' title='bbox 3132 684 3397 749; x_wconf 89' lang='lat' dir='ltr'><strong>intentos,</strong></span> 
     </span>
    </p>
   </div>
   <div class='ocr_carea' id='block_1_7' title="bbox 184 766 1728 860">
    <p class='ocr_par' dir='ltr' id='par_1_7' title="bbox 184 766 1709 860">
     <span class='ocr_line' id='line_1_7' title="bbox 184 766 1709 860; baseline -0.012 -21"><span class='ocrx_word' id='word_1_39' title='bbox 184 766 343 860; x_wconf 65' lang='grc' dir='ltr'>μένους</span> <span class='ocrx_word' id='word_1_40' title='bbox 367 780 434 840; x_wconf 83' lang='grc' dir='ltr'><strong>είς</strong></span> <span class='ocrx_word' id='word_1_41' title='bbox 460 770 733 842; x_wconf 83' lang='grc' dir='ltr'>εὐθυμίαν,</span> <span class='ocrx_word' id='word_1_42' title='bbox 762 769 795 841; x_wconf 79' lang='grc' dir='ltr'>ἢ</span> <span class='ocrx_word' id='word_1_43' title='bbox 831 768 1278 839; x_wconf 79' lang='grc' dir='ltr'><strong>συντεινομένους</strong></span> <span class='ocrx_word' id='word_1_44' title='bbox 1304 768 1382 830; x_wconf 83' lang='grc' dir='ltr'><strong>είς</strong></span> <span class='ocrx_word' id='word_1_45' title='bbox 1409 767 1580 831; x_wconf 76' lang='grc' dir='ltr'>λιτὰς,</span> <span class='ocrx_word' id='word_1_46' title='bbox 1613 766 1709 821; x_wconf 72' lang='grc' dir='ltr'><strong>καὶ</strong></span> 
     </span>
    </p>
   </div>
   <div class='ocr_carea' id='block_1_8' title="bbox 1922 766 3402 860">
    <p class='ocr_par' dir='ltr' id='par_1_8' title="bbox 1922 778 3402 850">
     <span class='ocr_line' id='line_1_8' title="bbox 1922 778 3402 850; baseline 0 -18"><span class='ocrx_word' id='word_1_47' title='bbox 1922 778 2276 850; x_wconf 85' lang='lat' dir='ltr'><strong>lacrymantes</strong></span> <span class='ocrx_word' id='word_1_48' title='bbox 2305 792 2488 833; x_wconf 90' lang='lat' dir='ltr'><strong>coram</strong></span> <span class='ocrx_word' id='word_1_49' title='bbox 2555 778 2839 835; x_wconf 81' lang='lat' dir='ltr'><strong>Salvatore</strong></span> <span class='ocrx_word' id='word_1_50' title='bbox 2906 779 3076 845; x_wconf 86' lang='lat' dir='ltr'><strong>cerui,</strong></span> <span class='ocrx_word' id='word_1_51' title='bbox 3122 790 3177 834; x_wconf 87' lang='lat' dir='ltr'><strong>et</strong></span> <span class='ocrx_word' id='word_1_52' title='bbox 3232 779 3402 847; x_wconf 78' lang='lat' dir='ltr'><strong>ipsius</strong></span> 
     </span>
    </p>
   </div>
   <div class='ocr_carea' id='block_1_9' title="bbox 182 857 1728 943">
    <p class='ocr_par' dir='ltr' id='par_1_9' title="bbox 182 857 1708 943">
     <span class='ocr_line' id='line_1_9' title="bbox 182 857 1708 943; baseline -0.011 -13"><span class='ocrx_word' id='word_1_53' title='bbox 182 857 560 943; x_wconf 77' lang='grc' dir='ltr'>δεδακρυμένους</span> <span class='ocrx_word' id='word_1_54' title='bbox 596 860 825 933; x_wconf 74' lang='grc' dir='ltr'>ὁρᾶσθαι</span> <span class='ocrx_word' id='word_1_55' title='bbox 862 859 941 931; x_wconf 79' lang='grc' dir='ltr'>τῷ</span> <span class='ocrx_word' id='word_1_56' title='bbox 975 859 1237 924; x_wconf 76' lang='grc' dir='ltr'>σώζοντι,</span> <span class='ocrx_word' id='word_1_57' title='bbox 1290 859 1384 913; x_wconf 80' lang='grc' dir='ltr'><strong>καὶ</strong></span> <span class='ocrx_word' id='word_1_58' title='bbox 1431 857 1532 930; x_wconf 80' lang='grc' dir='ltr'>τὴν</span> <span class='ocrx_word' id='word_1_59' title='bbox 1576 868 1708 930; x_wconf 84' lang='grc' dir='ltr'>παρ’</span> 
     </span>
    </p>
   </div>
   <div class='ocr_carea' id='block_1_10' title="bbox 1922 857 3402 943">
    <p class='ocr_par' dir='ltr' id='par_1_10' title="bbox 1922 871 3402 943">
     <span class='ocr_line' id='line_1_10' title="bbox 1922 871 3402 943; baseline 0.001 -17"><span class='ocrx_word' id='word_1_60' title='bbox 1922 871 2070 926; x_wconf 88' lang='lat' dir='ltr'><strong>ilium</strong></span> <span class='ocrx_word' id='word_1_61' title='bbox 2125 871 2282 926; x_wconf 82' lang='lat' dir='ltr'><strong>avide</strong></span> <span class='ocrx_word' id='word_1_62' title='bbox 2346 882 2683 941; x_wconf 84' lang='lat' dir='ltr'><strong>appetentes,</strong></span> <span class='ocrx_word' id='word_1_63' title='bbox 2746 872 2978 943; x_wconf 84' lang='lat' dir='ltr'><strong>fortique</strong></span> <span class='ocrx_word' id='word_1_64' title='bbox 3036 873 3219 928; x_wconf 88' lang='lat' dir='ltr'><strong>animo</strong></span> <span class='ocrx_word' id='word_1_65' title='bbox 3264 888 3402 941; x_wconf 78' lang='lat' dir='ltr'><strong>pra:-</strong></span> 
     </span>
    </p>
   </div>
   <div class='ocr_carea' id='block_1_11' title="bbox 182 951 1728 1033">
    <p class='ocr_par' dir='ltr' id='par_1_11' title="bbox 182 951 1707 1030">
     <span class='ocr_line' id='line_1_11' title="bbox 182 951 1707 1030; baseline -0.009 -10"><span class='ocrx_word' id='word_1_66' title='bbox 182 966 317 1023; x_wconf 75' lang='grc' dir='ltr'>αὐτοῦ</span> <span class='ocrx_word' id='word_1_67' title='bbox 357 958 606 1030; x_wconf 72' lang='grc' dir='ltr'><strong>διψῶντας</strong></span> <span class='ocrx_word' id='word_1_68' title='bbox 656 953 998 1024; x_wconf 73' lang='grc' dir='ltr'>ἐπικουρίαν,</span> <span class='ocrx_word' id='word_1_69' title='bbox 1046 954 1140 1006; x_wconf 70' lang='grc' dir='ltr'><strong>καὶ</strong></span> <span class='ocrx_word' id='word_1_70' title='bbox 1174 952 1361 1023; x_wconf 83' lang='grc' dir='ltr'>μέντοι</span> <span class='ocrx_word' id='word_1_71' title='bbox 1407 952 1501 1006; x_wconf 75' lang='grc' dir='ltr'><strong>καὶ</strong></span> <span class='ocrx_word' id='word_1_72' title='bbox 1548 951 1707 1006; x_wconf 84' lang='grc' dir='ltr'>εὐαν-</span> 
     </span>
    </p>
   </div>
   <div class='ocr_carea' id='block_1_12' title="bbox 1922 951 3406 1033">
    <p class='ocr_par' dir='ltr' id='par_1_12' title="bbox 1922 962 3406 1033">
     <span class='ocr_line' id='line_1_12' title="bbox 1922 962 3406 1033; baseline -0.001 -15"><span class='ocrx_word' id='word_1_73' title='bbox 1922 979 1955 1018; x_wconf 76' lang='grc' dir='ltr'><strong>ιε</strong></span> <span class='ocrx_word' id='word_1_74' title='bbox 2002 977 2148 1029; x_wconf 90' lang='lat' dir='ltr'><strong>esse,</strong></span> <span class='ocrx_word' id='word_1_75' title='bbox 2205 962 2249 1017; x_wconf 90' lang='lat' dir='ltr'><strong>si</strong></span> <span class='ocrx_word' id='word_1_76' title='bbox 2286 963 2447 1017; x_wconf 85' lang='lat' dir='ltr'><strong>etiam</strong></span> <span class='ocrx_word' id='word_1_77' title='bbox 2499 979 2594 1018; x_wconf 85' lang='lat' dir='ltr'><strong>nos</strong></span> <span class='ocrx_word' id='word_1_78' title='bbox 2630 967 2737 1033; x_wconf 88' lang='lat' dir='ltr'><strong>pati</strong></span> <span class='ocrx_word' id='word_1_79' title='bbox 2779 966 3029 1019; x_wconf 79' lang='lat' dir='ltr'><strong>voluerit.</strong></span> <span class='ocrx_word' id='word_1_80' title='bbox 3082 962 3406 1020; x_wconf 86' lang='lat' dir='ltr'><strong>Consultum</strong></span> 
     </span>
    </p>
   </div>
   <div class='ocr_carea' id='block_1_13' title="bbox 181 1043 1708 1132">
    <p class='ocr_par' dir='ltr' id='par_1_13' title="bbox 181 1043 1708 1132">
     <span class='ocr_line' id='line_1_13' title="bbox 181 1043 1708 1132; baseline -0.01 -21"><span class='ocrx_word' id='word_1_81' title='bbox 181 1058 321 1132; x_wconf 72' lang='grc' dir='ltr'>δρίαν,</span> <span class='ocrx_word' id='word_1_82' title='bbox 348 1051 493 1118; x_wconf 79' lang='grc' dir='ltr'>εἴπερ</span> <span class='ocrx_word' id='word_1_83' title='bbox 531 1046 701 1099; x_wconf 75' lang='grc' dir='ltr'>ἕλοιτο</span> <span class='ocrx_word' id='word_1_84' title='bbox 747 1045 841 1099; x_wconf 75' lang='grc' dir='ltr'>καὶ</span> <span class='ocrx_word' id='word_1_85' title='bbox 871 1044 1064 1099; x_wconf 83' lang='grc' dir='ltr'>παθεῖν</span> <span class='ocrx_word' id='word_1_86' title='bbox 1093 1046 1258 1116; x_wconf 81' lang='grc' dir='ltr'>ἡμᾶς.</span> <span class='ocrx_word' id='word_1_87' title='bbox 1294 1045 1441 1098; x_wconf 85' lang='grc' dir='ltr'>Ἔδει</span> <span class='ocrx_word' id='word_1_88' title='bbox 1485 1061 1544 1098; x_wconf 90' lang='grc' dir='ltr'><strong>τε</strong></span> <span class='ocrx_word' id='word_1_89' title='bbox 1576 1043 1708 1115; x_wconf 83' lang='grc' dir='ltr'>πρὸς</span> 
     </span>
    </p>
   </div>
   <div class='ocr_carea' id='block_1_14' title="bbox 182 1135 1712 1209">
    <p class='ocr_par' dir='ltr' id='par_1_14' title="bbox 182 1135 1712 1209">
     <span class='ocr_line' id='line_1_14' title="bbox 182 1135 1712 1209; baseline -0.01 -6"><span class='ocrx_word' id='word_1_90' title='bbox 182 1146 357 1207; x_wconf 75' lang='grc' dir='ltr'><strong>τούτοις</strong></span> <span class='ocrx_word' id='word_1_91' title='bbox 400 1140 583 1193; x_wconf 76' lang='grc' dir='ltr'>εἰδέναι</span> <span class='ocrx_word' id='word_1_92' title='bbox 636 1137 952 1209; x_wconf 71' lang='grc' dir='ltr'>χρησίμως,</span> <span class='ocrx_word' id='word_1_93' title='bbox 1003 1138 1124 1189; x_wconf 81' lang='grc' dir='ltr'>ὅποι</span> <span class='ocrx_word' id='word_1_94' title='bbox 1165 1135 1295 1190; x_wconf 82' lang='grc' dir='ltr'>ποτὲ</span> <span class='ocrx_word' id='word_1_95' title='bbox 1343 1137 1452 1207; x_wconf 72' lang='grc' dir='ltr'>ἄρα</span> <span class='ocrx_word' id='word_1_96' title='bbox 1502 1135 1563 1188; x_wconf 83' lang='grc' dir='ltr'>τὸ</span> <span class='ocrx_word' id='word_1_97' title='bbox 1610 1136 1712 1206; x_wconf 84' lang='grc' dir='ltr'>τῆς</span> 
     </span>
    </p>
   </div>
   <div class='ocr_carea' id='block_1_15' title="bbox 182 1227 1712 1302">
    <p class='ocr_par' dir='ltr' id='par_1_15' title="bbox 182 1227 1712 1302">
     <span class='ocr_line' id='line_1_15' title="bbox 182 1227 1712 1302; baseline -0.008 -10"><span class='ocrx_word' id='word_1_98' title='bbox 182 1236 387 1302; x_wconf 75' lang='grc' dir='ltr'><strong>ὑπακοῆς</strong></span> <span class='ocrx_word' id='word_1_99' title='bbox 423 1229 635 1294; x_wconf 75' lang='grc' dir='ltr'>διέξεισι</span> <span class='ocrx_word' id='word_1_100' title='bbox 669 1228 844 1299; x_wconf 81' lang='grc' dir='ltr'><strong>πέρας</strong></span> <span class='ocrx_word' id='word_1_101' title='bbox 864 1270 878 1292; x_wconf 89' lang='grc'><strong>,</strong></span> <span class='ocrx_word' id='word_1_102' title='bbox 916 1228 1014 1281; x_wconf 73' lang='grc' dir='ltr'><strong>καὶ</strong></span> <span class='ocrx_word' id='word_1_103' title='bbox 1054 1227 1141 1282; x_wconf 86' lang='grc' dir='ltr'>διὰ</span> <span class='ocrx_word' id='word_1_104' title='bbox 1172 1228 1341 1282; x_wconf 87' lang='grc' dir='ltr'>ποίων</span> <span class='ocrx_word' id='word_1_105' title='bbox 1368 1227 1588 1299; x_wconf 77' lang='grc' dir='ltr'>ἔρχεται</span> <span class='ocrx_word' id='word_1_106' title='bbox 1619 1245 1712 1298; x_wconf 80' lang='grc' dir='ltr'><strong>γε·</strong></span> 
     </span>
    </p>
   </div>
   <div class='ocr_carea' id='block_1_16' title="bbox 110 1318 1712 1405">
    <p class='ocr_par' dir='ltr' id='par_1_16' title="bbox 110 1318 1712 1405">
     <span class='ocr_line' id='line_1_16' title="bbox 110 1318 1712 1405; baseline -0.006 -22"><span class='ocrx_word' id='word_1_107' title='bbox 110 1390 115 1395; x_wconf 91' lang='lat'><strong><em>_</em></strong></span> <span class='ocrx_word' id='word_1_108' title='bbox 184 1333 289 1405; x_wconf 84' lang='grc' dir='ltr'>ρῶν,</span> <span class='ocrx_word' id='word_1_109' title='bbox 313 1329 422 1388; x_wconf 83' lang='grc' dir='ltr'>ὅσος</span> <span class='ocrx_word' id='word_1_110' title='bbox 442 1340 497 1375; x_wconf 92' lang='grc' dir='ltr'><strong>τε</strong></span> <span class='ocrx_word' id='word_1_111' title='bbox 525 1324 617 1375; x_wconf 73' lang='grc' dir='ltr'><strong>καὶ</strong></span> <span class='ocrx_word' id='word_1_112' title='bbox 641 1318 751 1384; x_wconf 77' lang='grc' dir='ltr'>οἷος</span> <span class='ocrx_word' id='word_1_113' title='bbox 796 1320 898 1392; x_wconf 81' lang='grc' dir='ltr'>τῆς</span> <span class='ocrx_word' id='word_1_114' title='bbox 923 1320 1202 1391; x_wconf 83' lang='grc' dir='ltr'>ὑπομονῆς</span> <span class='ocrx_word' id='word_1_115' title='bbox 1224 1323 1252 1374; x_wconf 85' lang='grc' dir='ltr'>ὁ</span> <span class='ocrx_word' id='word_1_116' title='bbox 1280 1320 1490 1392; x_wconf 81' lang='grc' dir='ltr'>μισθός.</span> <span class='ocrx_word' id='word_1_117' title='bbox 1516 1320 1712 1391; x_wconf 80' lang='grc' dir='ltr'>Γέγονε</span> 
     </span>
    </p>
   </div>
   <div class='ocr_carea' id='block_1_17' title="bbox 182 1412 1716 1485">
    <p class='ocr_par' dir='ltr' id='par_1_17' title="bbox 182 1412 1716 1485">
     <span class='ocr_line' id='line_1_17' title="bbox 182 1412 1716 1485; baseline -0.01 -7"><span class='ocrx_word' id='word_1_118' title='bbox 182 1424 326 1478; x_wconf 83' lang='grc' dir='ltr'>τοίνυν</span> <span class='ocrx_word' id='word_1_119' title='bbox 344 1413 678 1478; x_wconf 79' lang='grc' dir='ltr'>ὑποτύπωσις</span> <span class='ocrx_word' id='word_1_120' title='bbox 704 1414 811 1467; x_wconf 84' lang='grc' dir='ltr'><strong>τῶν</strong></span> <span class='ocrx_word' id='word_1_121' title='bbox 841 1412 1096 1466; x_wconf 83' lang='grc' dir='ltr'>τοιούτων</span> <span class='ocrx_word' id='word_1_122' title='bbox 1122 1415 1253 1485; x_wconf 78' lang='grc' dir='ltr'>ἡμῖν</span> <span class='ocrx_word' id='word_1_123' title='bbox 1289 1414 1594 1485; x_wconf 71' lang='grc' dir='ltr'>ὁΧριστὸς,</span> <span class='ocrx_word' id='word_1_124' title='bbox 1616 1416 1716 1468; x_wconf 70' lang='grc' dir='ltr'><strong>καὶ</strong></span> 
     </span>
    </p>
   </div>
   <div class='ocr_carea' id='block_1_18' title="bbox 183 1505 1717 1584">
    <p class='ocr_par' dir='ltr' id='par_1_18' title="bbox 183 1505 1717 1584">
     <span class='ocr_line' id='line_1_18' title="bbox 183 1505 1717 1584; baseline -0.006 -17"><span class='ocrx_word' id='word_1_125' title='bbox 183 1513 293 1584; x_wconf 80' lang='grc' dir='ltr'>πρὸς</span> <span class='ocrx_word' id='word_1_126' title='bbox 324 1527 375 1578; x_wconf 84' lang='grc' dir='ltr'>γε</span> <span class='ocrx_word' id='word_1_127' title='bbox 408 1507 558 1560; x_wconf 89' lang='grc' dir='ltr'>τοῦτο</span> <span class='ocrx_word' id='word_1_128' title='bbox 588 1507 738 1576; x_wconf 81' lang='grc' dir='ltr'>ἡμᾶς</span> <span class='ocrx_word' id='word_1_129' title='bbox 765 1505 991 1577; x_wconf 81' lang='grc' dir='ltr'>ἐμπεδοῖ</span> <span class='ocrx_word' id='word_1_130' title='bbox 1016 1505 1190 1573; x_wconf 79' lang='grc' dir='ltr'>λέγων</span> <span class='ocrx_word' id='word_1_131' title='bbox 1231 1506 1258 1558; x_wconf 87' lang='grc' dir='ltr'>ὁ</span> <span class='ocrx_word' id='word_1_132' title='bbox 1293 1505 1582 1570; x_wconf 81' lang='grc' dir='ltr'>θεσπέσιος</span> <span class='ocrx_word' id='word_1_133' title='bbox 1612 1506 1717 1559; x_wconf 79' lang='grc' dir='ltr'><strong>Πέ-</strong></span> 
     </span>
    </p>
   </div>
   <div class='ocr_carea' id='block_1_19' title="bbox 182 1597 1717 1677">
    <p class='ocr_par' dir='ltr' id='par_1_19' title="bbox 182 1597 1717 1677">
     <span class='ocr_line' id='line_1_19' title="bbox 182 1597 1717 1677; baseline 0.003 -27"><span class='ocrx_word' id='word_1_134' title='bbox 182 1619 301 1677; x_wconf 73' lang='grc' dir='ltr'>τροςο</span> <span class='ocrx_word' id='word_1_135' title='bbox 337 1618 353 1652; x_wconf 84' lang='grc' dir='ltr'><strong>ι</strong></span> <span class='ocrx_word' id='word_1_136' title='bbox 384 1600 532 1653; x_wconf 86' lang='grc' dir='ltr'>Ποῖον</span> <span class='ocrx_word' id='word_1_137' title='bbox 569 1597 679 1668; x_wconf 77' lang='grc' dir='ltr'><strong>γὰρ</strong></span> <span class='ocrx_word' id='word_1_138' title='bbox 707 1597 881 1661; x_wconf 83' lang='grc' dir='ltr'>κλέος,</span> <span class='ocrx_word' id='word_1_139' title='bbox 913 1599 961 1650; x_wconf 91' lang='grc' dir='ltr'><strong>εί</strong></span> <span class='ocrx_word' id='word_1_140' title='bbox 992 1598 1398 1668; x_wconf 78' lang='grc' dir='ltr'>ἁμαρτάνοντες</span> <span class='ocrx_word' id='word_1_141' title='bbox 1434 1599 1527 1651; x_wconf 66' lang='grc' dir='ltr'><strong>καὶ</strong></span> <span class='ocrx_word' id='word_1_142' title='bbox 1557 1598 1717 1654; x_wconf 84' lang='grc' dir='ltr'>κολα-</span> 
     </span>
    </p>
   </div>
   <div class='ocr_carea' id='block_1_20' title="bbox 183 1687 1718 1767">
    <p class='ocr_par' dir='ltr' id='par_1_20' title="bbox 183 1687 1718 1767">
     <span class='ocr_line' id='line_1_20' title="bbox 183 1687 1718 1767; baseline 0.002 -25"><span class='ocrx_word' id='word_1_143' title='bbox 183 1696 421 1767; x_wconf 69' lang='grc' dir='ltr'>φιζόμενοι</span> <span class='ocrx_word' id='word_1_144' title='bbox 464 1689 797 1760; x_wconf 82' lang='grc' dir='ltr'>ὑπομένετε;</span> <span class='ocrx_word' id='word_1_145' title='bbox 842 1687 979 1741; x_wconf 84' lang='grc' dir='ltr'>Ἀλλ’</span> <span class='ocrx_word' id='word_1_146' title='bbox 1012 1689 1059 1743; x_wconf 85' lang='grc' dir='ltr'><strong>εί</strong></span> <span class='ocrx_word' id='word_1_147' title='bbox 1094 1688 1548 1758; x_wconf 75' lang='grc' dir='ltr'>ἀγαθοποιοῦντες</span> <span class='ocrx_word' id='word_1_148' title='bbox 1583 1691 1718 1745; x_wconf 78' lang='grc' dir='ltr'>ὑπο-</span> 
     </span>
    </p>
   </div>
   <div class='ocr_carea' id='block_1_21' title="bbox 184 1778 1719 1851">
    <p class='ocr_par' dir='ltr' id='par_1_21' title="bbox 184 1778 1719 1851">
     <span class='ocr_line' id='line_1_21' title="bbox 184 1778 1719 1851; baseline -0.003 -12"><span class='ocrx_word' id='word_1_149' title='bbox 184 1789 362 1851; x_wconf 79' lang='grc' dir='ltr'>μένετε,</span> <span class='ocrx_word' id='word_1_150' title='bbox 402 1780 560 1834; x_wconf 86' lang='grc' dir='ltr'>τοῦτο</span> <span class='ocrx_word' id='word_1_151' title='bbox 595 1780 756 1851; x_wconf 87' lang='grc' dir='ltr'>χάρις</span> <span class='ocrx_word' id='word_1_152' title='bbox 819 1780 969 1851; x_wconf 75' lang='grc' dir='ltr'>παρὰ</span> <span class='ocrx_word' id='word_1_153' title='bbox 1020 1778 1160 1851; x_wconf 83' lang='grc' dir='ltr'>Θεῷ,</span> <span class='ocrx_word' id='word_1_154' title='bbox 1208 1781 1291 1834; x_wconf 88' lang='grc' dir='ltr'>ὄτι</span> <span class='ocrx_word' id='word_1_155' title='bbox 1342 1780 1436 1834; x_wconf 77' lang='grc' dir='ltr'><strong>καὶ</strong></span> <span class='ocrx_word' id='word_1_156' title='bbox 1485 1780 1719 1851; x_wconf 84' lang='grc' dir='ltr'>Χριστὸς</span> 
     </span>
    </p>
   </div>
   <div class='ocr_carea' id='block_1_22' title="bbox 188 1875 1733 1955">
    <p class='ocr_par' dir='ltr' id='par_1_22' title="bbox 188 1875 1733 1955">
     <span class='ocr_line' id='line_1_22' title="bbox 188 1875 1733 1955; baseline -0.01 -15"><span class='ocrx_word' id='word_1_157' title='bbox 188 1887 423 1940; x_wconf 82' lang='grc' dir='ltr'>ἀπέθανεν</span> <span class='ocrx_word' id='word_1_158' title='bbox 451 1883 592 1955; x_wconf 77' lang='grc' dir='ltr'>ὑπὲρ</span> <span class='ocrx_word' id='word_1_159' title='bbox 629 1881 808 1952; x_wconf 82' lang='grc' dir='ltr'>ὑμῶν,</span> <span class='ocrx_word' id='word_1_160' title='bbox 837 1880 964 1949; x_wconf 82' lang='grc' dir='ltr'>ὑμῖν</span> <span class='ocrx_word' id='word_1_161' title='bbox 1012 1875 1409 1948; x_wconf 80' lang='grc' dir='ltr'>ὑπολιμπάνων</span> <span class='ocrx_word' id='word_1_162' title='bbox 1441 1876 1733 1945; x_wconf 78' lang='grc' dir='ltr'>ὑπογραμ-</span> 
     </span>
    </p>
   </div>
   <div class='ocr_carea' id='block_1_23' title="bbox 188 1968 1733 2046">
    <p class='ocr_par' dir='ltr' id='par_1_23' title="bbox 188 1968 1733 2046">
     <span class='ocr_line' id='line_1_23' title="bbox 188 1968 1733 2046; baseline -0.002 -16"><span class='ocrx_word' id='word_1_163' title='bbox 188 1978 283 2046; x_wconf 82' lang='grc' dir='ltr'>μὺν,</span> <span class='ocrx_word' id='word_1_164' title='bbox 312 1978 389 2030; x_wconf 83' lang='grc' dir='ltr'><strong>ίνα</strong></span> <span class='ocrx_word' id='word_1_165' title='bbox 421 1972 895 2042; x_wconf 78' lang='grc' dir='ltr'>ἐπακολουθήσητε</span> <span class='ocrx_word' id='word_1_166' title='bbox 925 1972 1040 2032; x_wconf 85' lang='grc' dir='ltr'>τοῖς</span> <span class='ocrx_word' id='word_1_167' title='bbox 1070 1969 1275 2041; x_wconf 72' lang='grc' dir='ltr'>ἴχνεσιν</span> <span class='ocrx_word' id='word_1_168' title='bbox 1314 1968 1500 2027; x_wconf 76' lang='grc' dir='ltr'>αὐτοῦ.</span> <span class='ocrx_word' id='word_1_169' title='bbox 1527 1989 1548 2024; x_wconf 73' lang='grc' dir='ltr'><strong>ι</strong></span> <span class='ocrx_word' id='word_1_170' title='bbox 1587 1971 1733 2028; x_wconf 74' lang='grc' dir='ltr'><strong>Οὔκ-</strong></span> 
     </span>
    </p>
   </div>
   <div class='ocr_carea' id='block_1_24' title="bbox 185 2060 1732 2135">
    <p class='ocr_par' dir='ltr' id='par_1_24' title="bbox 185 2060 1732 2135">
     <span class='ocr_line' id='line_1_24' title="bbox 185 2060 1732 2135; baseline -0.006 -13"><span class='ocrx_word' id='word_1_171' title='bbox 185 2070 276 2132; x_wconf 76' lang='grc' dir='ltr'>οῦν,</span> <span class='ocrx_word' id='word_1_172' title='bbox 312 2068 365 2120; x_wconf 85' lang='grc' dir='ltr'><strong>οὐ</strong></span> <span class='ocrx_word' id='word_1_173' title='bbox 394 2065 597 2135; x_wconf 59' lang='grc' dir='ltr'>γυμνὴς</span> <span class='ocrx_word' id='word_1_174' title='bbox 623 2063 697 2117; x_wconf 82' lang='grc' dir='ltr'>ὢν</span> <span class='ocrx_word' id='word_1_175' title='bbox 726 2062 805 2115; x_wconf 75' lang='grc' dir='ltr'>ἔτι</span> <span class='ocrx_word' id='word_1_176' title='bbox 842 2062 937 2115; x_wconf 69' lang='grc' dir='ltr'><strong>καὶ</strong></span> <span class='ocrx_word' id='word_1_177' title='bbox 968 2061 1079 2115; x_wconf 82' lang='grc' dir='ltr'><strong>τῶν</strong></span> <span class='ocrx_word' id='word_1_178' title='bbox 1110 2062 1209 2132; x_wconf 78' lang='grc' dir='ltr'>τῆς</span> <span class='ocrx_word' id='word_1_179' title='bbox 1242 2060 1526 2126; x_wconf 81' lang='grc' dir='ltr'>κενώσεως</span> <span class='ocrx_word' id='word_1_180' title='bbox 1562 2062 1732 2133; x_wconf 86' lang='grc' dir='ltr'>ἀμέτ-</span> 
     </span>
    </p>
   </div>
   <div class='ocr_carea' id='block_1_25' title="bbox 184 2151 1735 2227">
    <p class='ocr_par' dir='ltr' id='par_1_25' title="bbox 184 2151 1735 2227">
     <span class='ocr_line' id='line_1_25' title="bbox 184 2151 1735 2227; baseline -0.002 -17"><span class='ocrx_word' id='word_1_181' title='bbox 184 2174 283 2227; x_wconf 86' lang='grc' dir='ltr'>οχος</span> <span class='ocrx_word' id='word_1_182' title='bbox 307 2157 512 2227; x_wconf 88' lang='grc' dir='ltr'>τρόπων</span> <span class='ocrx_word' id='word_1_183' title='bbox 534 2157 567 2207; x_wconf 87' lang='grc' dir='ltr'>ὁ</span> <span class='ocrx_word' id='word_1_184' title='bbox 592 2154 686 2209; x_wconf 89' lang='grc' dir='ltr'><strong>τοῦ</strong></span> <span class='ocrx_word' id='word_1_185' title='bbox 742 2152 878 2207; x_wconf 87' lang='grc' dir='ltr'><strong>Θεοῦ</strong></span> <span class='ocrx_word' id='word_1_186' title='bbox 907 2151 1101 2222; x_wconf 81' lang='grc' dir='ltr'>Λόγος,</span> <span class='ocrx_word' id='word_1_187' title='bbox 1130 2151 1243 2206; x_wconf 76' lang='grc' dir='ltr'>ἀλλ’</span> <span class='ocrx_word' id='word_1_188' title='bbox 1268 2155 1325 2207; x_wconf 82' lang='grc' dir='ltr'>ὲν</span> <span class='ocrx_word' id='word_1_189' title='bbox 1357 2155 1473 2215; x_wconf 77' lang='grc' dir='ltr'>ταῖς</span> <span class='ocrx_word' id='word_1_190' title='bbox 1498 2153 1735 2225; x_wconf 79' lang='grc' dir='ltr'>ἡμέραις</span> 
     </span>
    </p>
   </div>
   <div class='ocr_carea' id='block_1_26' title="bbox 184 2243 1734 2321">
    <p class='ocr_par' dir='ltr' id='par_1_26' title="bbox 184 2243 1734 2321">
     <span class='ocr_line' id='line_1_26' title="bbox 184 2243 1734 2321; baseline -0.003 -18"><span class='ocrx_word' id='word_1_191' title='bbox 184 2252 262 2321; x_wconf 80' lang='grc' dir='ltr'>τῆς</span> <span class='ocrx_word' id='word_1_192' title='bbox 295 2248 480 2319; x_wconf 81' lang='grc' dir='ltr'>σαρκὸς</span> <span class='ocrx_word' id='word_1_193' title='bbox 519 2245 689 2301; x_wconf 84' lang='grc' dir='ltr'>αὐτοῦ</span> <span class='ocrx_word' id='word_1_194' title='bbox 734 2245 957 2314; x_wconf 83' lang='grc' dir='ltr'>γέγονεν</span> <span class='ocrx_word' id='word_1_195' title='bbox 1004 2246 1139 2316; x_wconf 80' lang='grc' dir='ltr'>ἡμῖν</span> <span class='ocrx_word' id='word_1_196' title='bbox 1199 2243 1590 2314; x_wconf 73' lang='grc' dir='ltr'>ὑπογραμμδς,</span> <span class='ocrx_word' id='word_1_197' title='bbox 1638 2246 1734 2299; x_wconf 80' lang='grc' dir='ltr'>ἆτε</span> 
     </span>
    </p>
   </div>
   <div class='ocr_carea' id='block_1_27' title="bbox 88 2336 1734 2410">
    <p class='ocr_par' dir='ltr' id='par_1_27' title="bbox 88 2336 1734 2410">
     <span class='ocr_line' id='line_1_27' title="bbox 88 2336 1734 2410; baseline -0.003 -16"><span class='ocrx_word' id='word_1_198' title='bbox 88 2356 96 2367; x_wconf 83' lang='grc'><strong>⁴</strong></span> <span class='ocrx_word' id='word_1_199' title='bbox 182 2342 256 2394; x_wconf 76' lang='grc' dir='ltr'>καὶ</span> <span class='ocrx_word' id='word_1_200' title='bbox 276 2340 683 2410; x_wconf 77' lang='grc' dir='ltr'>ἁνεπιπλήκτως</span> <span class='ocrx_word' id='word_1_201' title='bbox 712 2337 832 2402; x_wconf 73' lang='grc' dir='ltr'>ἐξὸν</span> <span class='ocrx_word' id='word_1_202' title='bbox 869 2336 1018 2407; x_wconf 83' lang='grc' dir='ltr'>αῦτῷ</span> <span class='ocrx_word' id='word_1_203' title='bbox 1047 2338 1156 2399; x_wconf 86' lang='grc' dir='ltr'>τοῖς</span> <span class='ocrx_word' id='word_1_204' title='bbox 1186 2340 1285 2407; x_wconf 81' lang='grc' dir='ltr'><strong>τῆς</strong></span> <span class='ocrx_word' id='word_1_205' title='bbox 1321 2337 1734 2409; x_wconf 70' lang='grc' dir='ltr'>ἁνθρωπότητος</span> 
     </span>
    </p>
   </div>
   <div class='ocr_carea' id='block_1_28' title="bbox 183 2427 1735 2503">
    <p class='ocr_par' dir='ltr' id='par_1_28' title="bbox 183 2427 1735 2503">
     <span class='ocr_line' id='line_1_28' title="bbox 183 2427 1735 2503; baseline -0.001 -18"><span class='ocrx_word' id='word_1_206' title='bbox 183 2431 383 2503; x_wconf 80' lang='grc' dir='ltr'>χρῆσθαι</span> <span class='ocrx_word' id='word_1_207' title='bbox 414 2432 660 2501; x_wconf 81' lang='grc' dir='ltr'>μέτροις,</span> <span class='ocrx_word' id='word_1_208' title='bbox 699 2430 795 2483; x_wconf 72' lang='grc' dir='ltr'><strong>καὶ</strong></span> <span class='ocrx_word' id='word_1_209' title='bbox 819 2429 1096 2482; x_wconf 76' lang='grc' dir='ltr'>ἀνατεῖναι</span> <span class='ocrx_word' id='word_1_210' title='bbox 1128 2427 1304 2497; x_wconf 86' lang='grc' dir='ltr'>λιτὴν,</span> <span class='ocrx_word' id='word_1_211' title='bbox 1336 2430 1425 2481; x_wconf 77' lang='grc' dir='ltr'><strong>καὶ</strong></span> <span class='ocrx_word' id='word_1_212' title='bbox 1462 2431 1735 2484; x_wconf 82' lang='grc' dir='ltr'>καταστά-</span> 
     </span>
    </p>
   </div>
   <div class='ocr_carea' id='block_1_29' title="bbox 184 2518 1736 2593">
    <p class='ocr_par' dir='ltr' id='par_1_29' title="bbox 184 2518 1736 2593">
     <span class='ocr_line' id='line_1_29' title="bbox 184 2518 1736 2593; baseline -0.001 -18"><span class='ocrx_word' id='word_1_213' title='bbox 184 2526 251 2587; x_wconf 78' lang='grc' dir='ltr'>ξαι</span> <span class='ocrx_word' id='word_1_214' title='bbox 288 2524 528 2593; x_wconf 77' lang='grc' dir='ltr'>δάκρυον,</span> <span class='ocrx_word' id='word_1_215' title='bbox 581 2522 675 2575; x_wconf 75' lang='grc' dir='ltr'>καὶ</span> <span class='ocrx_word' id='word_1_216' title='bbox 720 2521 898 2574; x_wconf 83' lang='grc' dir='ltr'>δοκεῖν</span> <span class='ocrx_word' id='word_1_217' title='bbox 937 2519 1040 2591; x_wconf 74' lang='grc' dir='ltr'><strong>ήδη</strong></span> <span class='ocrx_word' id='word_1_218' title='bbox 1091 2536 1208 2582; x_wconf 86' lang='grc' dir='ltr'><strong>πως</strong></span> <span class='ocrx_word' id='word_1_219' title='bbox 1257 2518 1352 2572; x_wconf 74' lang='grc' dir='ltr'>καὶ</span> <span class='ocrx_word' id='word_1_220' title='bbox 1398 2520 1604 2574; x_wconf 75' lang='grc' dir='ltr'>δεῖσθαι</span> <span class='ocrx_word' id='word_1_221' title='bbox 1642 2518 1736 2573; x_wconf 86' lang='grc' dir='ltr'><strong>τοῦ</strong></span> 
     </span>
    </p>
   </div>
   <div class='ocr_carea' id='block_1_30' title="bbox 183 2608 1738 2680">
    <p class='ocr_par' dir='ltr' id='par_1_30' title="bbox 183 2608 1738 2680">
     <span class='ocr_line' id='line_1_30' title="bbox 183 2608 1738 2680; baseline 0.002 -19"><span class='ocrx_word' id='word_1_222' title='bbox 183 2611 430 2675; x_wconf 76' lang='grc' dir='ltr'>σώζοντος,</span> <span class='ocrx_word' id='word_1_223' title='bbox 460 2612 559 2664; x_wconf 76' lang='grc' dir='ltr'><strong>καὶ</strong></span> <span class='ocrx_word' id='word_1_224' title='bbox 594 2610 887 2679; x_wconf 78' lang='grc' dir='ltr'>μανθάνειν</span> <span class='ocrx_word' id='word_1_225' title='bbox 938 2610 1036 2679; x_wconf 83' lang='grc' dir='ltr'>τὴν</span> <span class='ocrx_word' id='word_1_226' title='bbox 1067 2608 1335 2680; x_wconf 82' lang='grc' dir='ltr'>ὑπακοὴν,</span> <span class='ocrx_word' id='word_1_227' title='bbox 1370 2609 1569 2680; x_wconf 80' lang='grc' dir='ltr'>καίπερ</span> <span class='ocrx_word' id='word_1_228' title='bbox 1608 2611 1738 2664; x_wconf 73' lang='grc' dir='ltr'>ὄντα</span> 
     </span>
    </p>
   </div>
   <div class='ocr_carea' id='block_1_31' title="bbox 182 2700 1735 2773">
    <p class='ocr_par' dir='ltr' id='par_1_31' title="bbox 182 2700 1735 2773">
     <span class='ocr_line' id='line_1_31' title="bbox 182 2700 1735 2773; baseline 0.001 -19"><span class='ocrx_word' id='word_1_229' title='bbox 182 2703 302 2757; x_wconf 80' lang='grc' dir='ltr'>Υῑόν.</span> <span class='ocrx_word' id='word_1_230' title='bbox 329 2702 691 2773; x_wconf 80' lang='grc' dir='ltr'>Κατατέθηπε</span> <span class='ocrx_word' id='word_1_231' title='bbox 732 2702 841 2773; x_wconf 75' lang='grc' dir='ltr'><strong>γὰρ</strong></span> <span class='ocrx_word' id='word_1_232' title='bbox 868 2700 1058 2771; x_wconf 82' lang='grc' dir='ltr'>ὥσπερ</span> <span class='ocrx_word' id='word_1_233' title='bbox 1084 2700 1145 2754; x_wconf 78' lang='grc' dir='ltr'><strong>τὸ</strong></span> <span class='ocrx_word' id='word_1_234' title='bbox 1179 2703 1476 2772; x_wconf 82' lang='grc' dir='ltr'>μυστήριον</span> <span class='ocrx_word' id='word_1_235' title='bbox 1510 2705 1537 2755; x_wconf 76' lang='grc' dir='ltr'><em>ὰ</em></span> <span class='ocrx_word' id='word_1_236' title='bbox 1569 2719 1735 2756; x_wconf 87' lang='grc' dir='ltr'>πνευ-</span> 
     </span>
    </p>
   </div>
   <div class='ocr_carea' id='block_1_32' title="bbox 183 2791 1736 2863">
    <p class='ocr_par' dir='ltr' id='par_1_32' title="bbox 183 2791 1736 2863">
     <span class='ocr_line' id='line_1_32' title="bbox 183 2791 1736 2863; baseline 0.002 -19"><span class='ocrx_word' id='word_1_237' title='bbox 183 2792 471 2863; x_wconf 75' lang='grc' dir='ltr'>ματοφδρος,</span> <span class='ocrx_word' id='word_1_238' title='bbox 503 2793 593 2845; x_wconf 75' lang='grc' dir='ltr'>ὅτι</span> <span class='ocrx_word' id='word_1_239' title='bbox 628 2791 790 2861; x_wconf 81' lang='grc' dir='ltr'>φύσει</span> <span class='ocrx_word' id='word_1_240' title='bbox 828 2809 887 2846; x_wconf 87' lang='grc' dir='ltr'><strong>τε</strong></span> <span class='ocrx_word' id='word_1_241' title='bbox 920 2792 1015 2845; x_wconf 74' lang='grc' dir='ltr'><strong>καὶ</strong></span> <span class='ocrx_word' id='word_1_242' title='bbox 1044 2791 1260 2862; x_wconf 81' lang='grc' dir='ltr'>ἀληθῶς</span> <span class='ocrx_word' id='word_1_243' title='bbox 1292 2792 1552 2863; x_wconf 81' lang='grc' dir='ltr'>ὑπάρχων</span> <span class='ocrx_word' id='word_1_244' title='bbox 1588 2792 1736 2859; x_wconf 78' lang='grc' dir='ltr'>Υἱὸς,</span> 
     </span>
    </p>
   </div>
   <div class='ocr_carea' id='block_1_33' title="bbox 180 2882 1741 2956">
    <p class='ocr_par' dir='ltr' id='par_1_33' title="bbox 180 2882 1741 2956">
     <span class='ocr_line' id='line_1_33' title="bbox 180 2882 1741 2956; baseline 0.002 -22"><span class='ocrx_word' id='word_1_245' title='bbox 180 2883 254 2935; x_wconf 74' lang='grc' dir='ltr'><strong>καὶ</strong></span> <span class='ocrx_word' id='word_1_246' title='bbox 277 2885 378 2946; x_wconf 88' lang='grc' dir='ltr'>τοῖς</span> <span class='ocrx_word' id='word_1_247' title='bbox 401 2882 497 2952; x_wconf 72' lang='grc' dir='ltr'>τῆς</span> <span class='ocrx_word' id='word_1_248' title='bbox 529 2882 786 2953; x_wconf 73' lang='grc' dir='ltr'>θεότητος</span> <span class='ocrx_word' id='word_1_249' title='bbox 820 2884 1136 2953; x_wconf 76' lang='grc' dir='ltr'>αὐχήμασιν</span> <span class='ocrx_word' id='word_1_250' title='bbox 1164 2884 1474 2954; x_wconf 71' lang='grc' dir='ltr'>ἐμπρεπὴς,</span> <span class='ocrx_word' id='word_1_251' title='bbox 1501 2885 1741 2956; x_wconf 77' lang='grc' dir='ltr'>καθῆκεν</span> 
     </span>
    </p>
   </div>
   <div class='ocr_carea' id='block_1_34' title="bbox 179 2974 1740 3046">
    <p class='ocr_par' dir='ltr' id='par_1_34' title="bbox 179 2974 1740 3046">
     <span class='ocr_line' id='line_1_34' title="bbox 179 2974 1740 3046; baseline 0.003 -21"><span class='ocrx_word' id='word_1_252' title='bbox 179 2974 340 3027; x_wconf 74' lang='grc' dir='ltr'>ἑαυτὸν</span> <span class='ocrx_word' id='word_1_253' title='bbox 370 2975 447 3037; x_wconf 90' lang='grc' dir='ltr'><strong>είς</strong></span> <span class='ocrx_word' id='word_1_254' title='bbox 473 2974 830 3042; x_wconf 81' lang='grc' dir='ltr'>ταπείνωσιν,</span> <span class='ocrx_word' id='word_1_255' title='bbox 854 2974 929 3039; x_wconf 82' lang='grc' dir='ltr'>ὡς</span> <span class='ocrx_word' id='word_1_256' title='bbox 960 2976 1059 3044; x_wconf 76' lang='grc' dir='ltr'>τῆς</span> <span class='ocrx_word' id='word_1_257' title='bbox 1091 2974 1435 3046; x_wconf 76' lang='grc' dir='ltr'>ἀνθρωπίνης</span> <span class='ocrx_word' id='word_1_258' title='bbox 1470 2977 1740 3046; x_wconf 83' lang='grc' dir='ltr'>πτωχείας</span> 
     </span>
    </p>
   </div>
   <div class='ocr_carea' id='block_1_35' title="bbox 179 3061 1742 3137">
    <p class='ocr_par' dir='ltr' id='par_1_35' title="bbox 179 3061 1742 3137">
     <span class='ocr_line' id='line_1_35' title="bbox 179 3061 1742 3137; baseline 0.003 -20"><span class='ocrx_word' id='word_1_259' title='bbox 179 3064 397 3117; x_wconf 82' lang='grc' dir='ltr'>ὑπελθεῖν</span> <span class='ocrx_word' id='word_1_260' title='bbox 442 3065 503 3119; x_wconf 81' lang='grc' dir='ltr'><strong>τδ</strong></span> <span class='ocrx_word' id='word_1_261' title='bbox 558 3066 994 3137; x_wconf 87' lang='grc' dir='ltr'>σμικροπρεπές.</span> <span class='ocrx_word' id='word_1_262' title='bbox 1030 3064 1170 3117; x_wconf 75' lang='grc' dir='ltr'>Ἀλλ’</span> <span class='ocrx_word' id='word_1_263' title='bbox 1212 3061 1278 3136; x_wconf 76' lang='grc' dir='ltr'>ἦν</span> <span class='ocrx_word' id='word_1_264' title='bbox 1316 3069 1395 3131; x_wconf 88' lang='grc' dir='ltr'><strong>είς</strong></span> <span class='ocrx_word' id='word_1_265' title='bbox 1438 3068 1618 3137; x_wconf 70' lang='grc' dir='ltr'>ἡμᾶς,</span> <span class='ocrx_word' id='word_1_266' title='bbox 1666 3067 1742 3130; x_wconf 85' lang='grc' dir='ltr'><strong>ὡς</strong></span> 
     </span>
    </p>
   </div>
   <div class='ocr_carea' id='block_1_36' title="bbox 178 3155 1738 3231">
    <p class='ocr_par' dir='ltr' id='par_1_36' title="bbox 178 3155 1738 3231">
     <span class='ocr_line' id='line_1_36' title="bbox 178 3155 1738 3231; baseline 0.004 -24"><span class='ocrx_word' id='word_1_267' title='bbox 178 3156 309 3225; x_wconf 52' lang='grc' dir='ltr'>ἔτην,</span> <span class='ocrx_word' id='word_1_268' title='bbox 336 3155 473 3210; x_wconf 84' lang='grc' dir='ltr'>ὁτοῦ</span> <span class='ocrx_word' id='word_1_269' title='bbox 504 3158 837 3229; x_wconf 76' lang='grc' dir='ltr'>πράγματος</span> <span class='ocrx_word' id='word_1_270' title='bbox 862 3157 1052 3223; x_wconf 76' lang='grc' dir='ltr'>τύπος,</span> <span class='ocrx_word' id='word_1_271' title='bbox 1086 3156 1244 3222; x_wconf 77' lang='grc' dir='ltr'>καλὸς</span> <span class='ocrx_word' id='word_1_272' title='bbox 1275 3160 1368 3211; x_wconf 71' lang='grc' dir='ltr'><strong>καὶ</strong></span> <span class='ocrx_word' id='word_1_273' title='bbox 1396 3160 1738 3231; x_wconf 78' lang='grc' dir='ltr'>ὀνησιφόρος·</span> 
     </span>
    </p>
   </div>
   <div class='ocr_carea' id='block_1_37' title="bbox 1815 1057 3413 1127">
    <p class='ocr_par' dir='ltr' id='par_1_37' title="bbox 1815 1057 3413 1127">
     <span class='ocr_line' id='line_1_37' title="bbox 1815 1057 3413 1127; baseline 0.001 -18"><span class='ocrx_word' id='word_1_274' title='bbox 1815 1065 2072 1126; x_wconf 70' lang='lat' dir='ltr'><strong>praeterea</strong></span> <span class='ocrx_word' id='word_1_275' title='bbox 2127 1068 2246 1112; x_wconf 89' lang='lat' dir='ltr'><strong>erat</strong></span> <span class='ocrx_word' id='word_1_276' title='bbox 2284 1058 2426 1113; x_wconf 90' lang='lat' dir='ltr'><strong>scire</strong></span> <span class='ocrx_word' id='word_1_277' title='bbox 2483 1059 2604 1127; x_wconf 84' lang='lat' dir='ltr'><strong>quis</strong></span> <span class='ocrx_word' id='word_1_278' title='bbox 2661 1059 2732 1111; x_wconf 80' lang='lat' dir='ltr'><strong>sit</strong></span> <span class='ocrx_word' id='word_1_279' title='bbox 2774 1058 3096 1113; x_wconf 74' lang='lat' dir='ltr'><strong>obedientia:</strong></span> <span class='ocrx_word' id='word_1_280' title='bbox 3145 1057 3302 1122; x_wconf 75' lang='lat' dir='ltr'><strong>linis,</strong></span> <span class='ocrx_word' id='word_1_281' title='bbox 3350 1065 3413 1112; x_wconf 85' lang='lat' dir='ltr'><strong>et</strong></span> 
     </span>
    </p>
   </div>
   <div class='ocr_carea' id='block_1_38' title="bbox 1813 1147 3402 1219">
    <p class='ocr_par' dir='ltr' id='par_1_38' title="bbox 1813 1147 3402 1219">
     <span class='ocr_line' id='line_1_38' title="bbox 1813 1147 3402 1219; baseline 0.001 -20"><span class='ocrx_word' id='word_1_282' title='bbox 1813 1147 1990 1217; x_wconf 84' lang='lat' dir='ltr'><strong>qualis</strong></span> <span class='ocrx_word' id='word_1_283' title='bbox 2029 1160 2342 1219; x_wconf 73' lang='lat' dir='ltr'><strong>quantaque</strong></span> <span class='ocrx_word' id='word_1_284' title='bbox 2368 1147 2665 1205; x_wconf 71' lang='lat' dir='ltr'><strong>tolerantiae</strong></span> <span class='ocrx_word' id='word_1_285' title='bbox 2722 1162 2931 1203; x_wconf 85' lang='lat' dir='ltr'><strong>merces</strong></span> <span class='ocrx_word' id='word_1_286' title='bbox 2975 1148 3057 1204; x_wconf 73' lang='lat' dir='ltr'><strong>sit.</strong></span> <span class='ocrx_word' id='word_1_287' title='bbox 3102 1147 3402 1218; x_wconf 76' lang='lat' dir='ltr'><strong>proposita.</strong></span> 
     </span>
    </p>
   </div>
   <div class='ocr_carea' id='block_1_39' title="bbox 1822 1239 3405 1311">
    <p class='ocr_par' dir='ltr' id='par_1_39' title="bbox 1822 1239 3405 1311">
     <span class='ocr_line' id='line_1_39' title="bbox 1822 1239 3405 1311; baseline -0.003 -16"><span class='ocrx_word' id='word_1_288' title='bbox 1822 1239 2026 1295; x_wconf 73' lang='lat' dir='ltr'><strong>[lorum</strong></span> <span class='ocrx_word' id='word_1_289' title='bbox 2087 1243 2276 1311; x_wconf 90' lang='lat' dir='ltr'><strong>itaque</strong></span> <span class='ocrx_word' id='word_1_290' title='bbox 2340 1242 2581 1298; x_wconf 88' lang='lat' dir='ltr'><strong>omnium</strong></span> <span class='ocrx_word' id='word_1_291' title='bbox 2644 1240 2811 1311; x_wconf 74' lang='lat' dir='ltr'><strong>figura</strong></span> <span class='ocrx_word' id='word_1_292' title='bbox 2869 1248 3035 1310; x_wconf 90' lang='lat' dir='ltr'><strong>atque</strong></span> <span class='ocrx_word' id='word_1_293' title='bbox 3099 1239 3405 1309; x_wconf 82' lang='lat' dir='ltr'><strong>exempltun</strong></span> 
     </span>
    </p>
   </div>
   <div class='ocr_carea' id='block_1_40' title="bbox 1824 1328 3429 1401">
    <p class='ocr_par' dir='ltr' id='par_1_40' title="bbox 1824 1328 3429 1401">
     <span class='ocr_line' id='line_1_40' title="bbox 1824 1328 3429 1401; baseline -0.002 -16"><span class='ocrx_word' id='word_1_294' title='bbox 1824 1330 1979 1388; x_wconf 87' lang='lat' dir='ltr'><strong>nobis</strong></span> <span class='ocrx_word' id='word_1_295' title='bbox 2034 1332 2206 1388; x_wconf 88' lang='lat' dir='ltr'><strong>factus</strong></span> <span class='ocrx_word' id='word_1_296' title='bbox 2275 1341 2360 1389; x_wconf 87' lang='lat' dir='ltr'><strong>est</strong></span> <span class='ocrx_word' id='word_1_297' title='bbox 2411 1330 2683 1399; x_wconf 83' lang='lat' dir='ltr'><strong>Christus,</strong></span> <span class='ocrx_word' id='word_1_298' title='bbox 2741 1332 2886 1401; x_wconf 88' lang='lat' dir='ltr'><strong>quod</strong></span> <span class='ocrx_word' id='word_1_299' title='bbox 2932 1341 2987 1385; x_wconf 89' lang='lat' dir='ltr'><strong>et</strong></span> <span class='ocrx_word' id='word_1_300' title='bbox 3040 1329 3254 1385; x_wconf 90' lang='lat' dir='ltr'><strong>divinus</strong></span> <span class='ocrx_word' id='word_1_301' title='bbox 3321 1328 3429 1383; x_wconf 80' lang='lat' dir='ltr'><strong>ille.</strong></span> 
     </span>
    </p>
   </div>
   <div class='ocr_carea' id='block_1_41' title="bbox 1822 1422 3412 1491">
    <p class='ocr_par' dir='ltr' id='par_1_41' title="bbox 1822 1422 3412 1491">
     <span class='ocr_line' id='line_1_41' title="bbox 1822 1422 3412 1491; baseline -0.001 -12"><span class='ocrx_word' id='word_1_302' title='bbox 1822 1423 2015 1480; x_wconf 84' lang='lat' dir='ltr'><strong>Petrus</strong></span> <span class='ocrx_word' id='word_1_303' title='bbox 2047 1424 2332 1481; x_wconf 70' lang='lat' dir='ltr'><strong>confirmat</strong></span> <span class='ocrx_word' id='word_1_304' title='bbox 2356 1425 2542 1480; x_wconf 89' lang='lat' dir='ltr'><strong>dicens</strong></span> <span class='ocrx_word' id='word_1_305' title='bbox 2574 1443 2588 1480; x_wconf 87' lang='lat'><strong>:</strong></span> <span class='ocrx_word' id='word_1_306' title='bbox 2626 1443 2644 1477; x_wconf 82' lang='grc' dir='ltr'><strong>ι</strong></span> <span class='ocrx_word' id='word_1_307' title='bbox 2681 1423 2812 1491; x_wconf 79' lang='lat' dir='ltr'><strong>Qua:</strong></span> <span class='ocrx_word' id='word_1_308' title='bbox 2850 1424 2996 1480; x_wconf 89' lang='lat' dir='ltr'><strong>enim</strong></span> <span class='ocrx_word' id='word_1_309' title='bbox 3041 1431 3123 1477; x_wconf 88' lang='lat' dir='ltr'><strong>est</strong></span> <span class='ocrx_word' id='word_1_310' title='bbox 3176 1422 3314 1486; x_wconf 90' lang='lat' dir='ltr'><strong>laus,</strong></span> <span class='ocrx_word' id='word_1_311' title='bbox 3363 1422 3412 1477; x_wconf 74' lang='lat' dir='ltr'><strong>si</strong></span> 
     </span>
    </p>
   </div>
   <div class='ocr_carea' id='block_1_42' title="bbox 1823 1512 3427 1587">
    <p class='ocr_par' dir='ltr' id='par_1_42' title="bbox 1823 1512 3427 1587">
     <span class='ocr_line' id='line_1_42' title="bbox 1823 1512 3427 1587; baseline 0.001 -18"><span class='ocrx_word' id='word_1_312' title='bbox 1823 1526 2111 1584; x_wconf 78' lang='lat' dir='ltr'><strong>peccantes</strong></span> <span class='ocrx_word' id='word_1_313' title='bbox 2177 1525 2232 1571; x_wconf 86' lang='lat' dir='ltr'><strong>et</strong></span> <span class='ocrx_word' id='word_1_314' title='bbox 2284 1516 2607 1587; x_wconf 80' lang='lat' dir='ltr'><strong>colaphizati</strong></span> <span class='ocrx_word' id='word_1_315' title='bbox 2665 1514 2965 1574; x_wconf 64' lang='grc' dir='ltr'><strong>δυσεξηίεῖ</strong></span> <span class='ocrx_word' id='word_1_316' title='bbox 3012 1513 3116 1569; x_wconf 87' lang='lat' dir='ltr'><strong>Sed</strong></span> <span class='ocrx_word' id='word_1_317' title='bbox 3169 1512 3216 1569; x_wconf 94' lang='lat' dir='ltr'><strong>si</strong></span> <span class='ocrx_word' id='word_1_318' title='bbox 3275 1513 3427 1571; x_wconf 56' lang='lat' dir='ltr'><strong>bene</strong></span> 
     </span>
    </p>
   </div>
   <div class='ocr_carea' id='block_1_43' title="bbox 1824 1605 3427 1677">
    <p class='ocr_par' dir='ltr' id='par_1_43' title="bbox 1824 1605 3427 1677">
     <span class='ocr_line' id='line_1_43' title="bbox 1824 1605 3427 1677; baseline 0.001 -18"><span class='ocrx_word' id='word_1_319' title='bbox 1824 1606 2085 1662; x_wconf 75' lang='lat' dir='ltr'><strong>facientes</strong></span> <span class='ocrx_word' id='word_1_320' title='bbox 2114 1609 2382 1677; x_wconf 80' lang='lat' dir='ltr'><strong>patienter</strong></span> <span class='ocrx_word' id='word_1_321' title='bbox 2440 1609 2747 1676; x_wconf 76' lang='lat' dir='ltr'><strong>sustinetis,</strong></span> <span class='ocrx_word' id='word_1_322' title='bbox 2769 1610 2884 1663; x_wconf 64' lang='lat' dir='ltr'><strong>haec</strong></span> <span class='ocrx_word' id='word_1_323' title='bbox 2922 1614 3003 1662; x_wconf 83' lang='lat' dir='ltr'><strong>est</strong></span> <span class='ocrx_word' id='word_1_324' title='bbox 3048 1605 3221 1677; x_wconf 78' lang='lat' dir='ltr'><strong>gratia</strong></span> <span class='ocrx_word' id='word_1_325' title='bbox 3272 1605 3427 1674; x_wconf 71' lang='lat' dir='ltr'><strong>apud</strong></span> 
     </span>
    </p>
   </div>
   <div class='ocr_carea' id='block_1_44' title="bbox 1826 1695 3423 1771">
    <p class='ocr_par' dir='ltr' id='par_1_44' title="bbox 1826 1695 3423 1771">
     <span class='ocr_line' id='line_1_44' title="bbox 1826 1695 3423 1771; baseline -0.001 -21"><span class='ocrx_word' id='word_1_326' title='bbox 1826 1698 1991 1752; x_wconf 88' lang='lat' dir='ltr'><strong>Deum</strong></span> <span class='ocrx_word' id='word_1_327' title='bbox 2028 1719 2040 1752; x_wconf 91' lang='lat'>:</span> <span class='ocrx_word' id='word_1_328' title='bbox 2072 1702 2196 1769; x_wconf 92' lang='lat' dir='ltr'><strong>quia</strong></span> <span class='ocrx_word' id='word_1_329' title='bbox 2224 1711 2279 1755; x_wconf 91' lang='lat' dir='ltr'><strong>et</strong></span> <span class='ocrx_word' id='word_1_330' title='bbox 2298 1701 2544 1757; x_wconf 77' lang='lat' dir='ltr'><strong>Christus</strong></span> <span class='ocrx_word' id='word_1_331' title='bbox 2574 1717 2772 1771; x_wconf 85' lang='lat' dir='ltr'><strong>passus</strong></span> <span class='ocrx_word' id='word_1_332' title='bbox 2786 1708 2870 1756; x_wconf 86' lang='lat' dir='ltr'><strong>est</strong></span> <span class='ocrx_word' id='word_1_333' title='bbox 2897 1713 2993 1769; x_wconf 90' lang='lat' dir='ltr'><strong>pro</strong></span> <span class='ocrx_word' id='word_1_334' title='bbox 3037 1695 3211 1761; x_wconf 82' lang='lat' dir='ltr'><strong>vobis,</strong></span> <span class='ocrx_word' id='word_1_335' title='bbox 3243 1695 3423 1750; x_wconf 20' lang='lat' dir='ltr'><strong>reliner</strong></span> 
     </span>
    </p>
   </div>
   <div class='ocr_carea' id='block_1_45' title="bbox 1825 1785 3414 1861">
    <p class='ocr_par' dir='ltr' id='par_1_45' title="bbox 1825 1785 3414 1861">
     <span class='ocr_line' id='line_1_45' title="bbox 1825 1785 3414 1861; baseline 0.001 -22"><span class='ocrx_word' id='word_1_336' title='bbox 1825 1803 1999 1856; x_wconf 89' lang='lat' dir='ltr'><strong>quens</strong></span> <span class='ocrx_word' id='word_1_337' title='bbox 2024 1790 2173 1844; x_wconf 85' lang='lat' dir='ltr'><strong>vobis</strong></span> <span class='ocrx_word' id='word_1_338' title='bbox 2196 1792 2500 1861; x_wconf 77' lang='lat' dir='ltr'><strong>exemplum</strong></span> <span class='ocrx_word' id='word_1_339' title='bbox 2521 1801 2578 1845; x_wconf 91' lang='lat' dir='ltr'><strong>ut</strong></span> <span class='ocrx_word' id='word_1_340' title='bbox 2600 1786 3273 1861; x_wconf 80' lang='lat' dir='ltr'><strong>sequaminivestigiaejus</strong></span> <span class='ocrx_word' id='word_1_341' title='bbox 3319 1785 3352 1841; x_wconf 85' lang='grc'>².</span> <span class='ocrx_word' id='word_1_342' title='bbox 3390 1804 3414 1840; x_wconf 72' lang='grc' dir='ltr'><strong>ι</strong></span> 
     </span>
    </p>
   </div>
   <div class='ocr_carea' id='block_1_46' title="bbox 1837 1880 3432 1951">
    <p class='ocr_par' dir='ltr' id='par_1_46' title="bbox 1837 1880 3432 1951">
     <span class='ocr_line' id='line_1_46' title="bbox 1837 1880 3432 1951; baseline -0.005 -12"><span class='ocrx_word' id='word_1_343' title='bbox 1837 1885 2086 1949; x_wconf 81' lang='lat' dir='ltr'><strong>Proinde,</strong></span> <span class='ocrx_word' id='word_1_344' title='bbox 2143 1902 2246 1940; x_wconf 86' lang='lat' dir='ltr'><strong>non</strong></span> <span class='ocrx_word' id='word_1_345' title='bbox 2282 1886 2481 1939; x_wconf 88' lang='lat' dir='ltr'><strong>nudum</strong></span> <span class='ocrx_word' id='word_1_346' title='bbox 2538 1896 2592 1939; x_wconf 86' lang='lat' dir='ltr'><strong>et</strong></span> <span class='ocrx_word' id='word_1_347' title='bbox 2648 1880 3034 1938; x_wconf 74' lang='lat' dir='ltr'><strong>exinanitionis</strong></span> <span class='ocrx_word' id='word_1_348' title='bbox 3092 1897 3285 1951; x_wconf 82' lang='lat' dir='ltr'><strong>expers</strong></span> <span class='ocrx_word' id='word_1_349' title='bbox 3322 1880 3432 1935; x_wconf 78' lang='lat' dir='ltr'><strong>Dei.</strong></span> 
     </span>
    </p>
   </div>
   <div class='ocr_carea' id='block_1_47' title="bbox 1839 1972 3413 2039">
    <p class='ocr_par' dir='ltr' id='par_1_47' title="bbox 1839 1972 3413 2039">
     <span class='ocr_line' id='line_1_47' title="bbox 1839 1972 3413 2039; baseline -0.005 -7"><span class='ocrx_word' id='word_1_350' title='bbox 1839 1976 2091 2039; x_wconf 83' lang='lat' dir='ltr'><strong>Verbum,</strong></span> <span class='ocrx_word' id='word_1_351' title='bbox 2301 1975 2394 2028; x_wconf 89' lang='lat' dir='ltr'><strong>sed</strong></span> <span class='ocrx_word' id='word_1_352' title='bbox 2438 1974 2489 2027; x_wconf 91' lang='lat' dir='ltr'><strong>in</strong></span> <span class='ocrx_word' id='word_1_353' title='bbox 2518 1972 2704 2028; x_wconf 87' lang='lat' dir='ltr'><strong>diebus</strong></span> <span class='ocrx_word' id='word_1_354' title='bbox 2736 1973 2917 2027; x_wconf 86' lang='lat' dir='ltr'><strong>carnis</strong></span> <span class='ocrx_word' id='word_1_355' title='bbox 2958 1987 3068 2027; x_wconf 73' lang='lat' dir='ltr'><strong>sua:</strong></span> <span class='ocrx_word' id='word_1_356' title='bbox 3104 1972 3306 2027; x_wconf 83' lang='lat' dir='ltr'><strong>factum</strong></span> <span class='ocrx_word' id='word_1_357' title='bbox 3331 1984 3413 2027; x_wconf 89' lang='lat' dir='ltr'><strong>est</strong></span> 
     </span>
    </p>
   </div>
   <div class='ocr_carea' id='block_1_48' title="bbox 1835 2062 3415 2134">
    <p class='ocr_par' dir='ltr' id='par_1_48' title="bbox 1835 2062 3415 2134">
     <span class='ocr_line' id='line_1_48' title="bbox 1835 2062 3415 2134; baseline -0.003 -14"><span class='ocrx_word' id='word_1_358' title='bbox 1835 2064 1991 2120; x_wconf 87' lang='lat' dir='ltr'><strong>nobis</strong></span> <span class='ocrx_word' id='word_1_359' title='bbox 2040 2062 2345 2134; x_wconf 77' lang='lat' dir='ltr'><strong>exemplum</strong></span> <span class='ocrx_word' id='word_1_360' title='bbox 2384 2080 2399 2131; x_wconf 89' lang='lat'><strong>;</strong></span> <span class='ocrx_word' id='word_1_361' title='bbox 2436 2066 2569 2117; x_wconf 87' lang='lat' dir='ltr'><strong>adeo</strong></span> <span class='ocrx_word' id='word_1_362' title='bbox 2632 2072 2691 2118; x_wconf 88' lang='lat' dir='ltr'><strong>ut</strong></span> <span class='ocrx_word' id='word_1_363' title='bbox 2753 2063 2890 2117; x_wconf 90' lang='lat' dir='ltr'><strong>citra</strong></span> <span class='ocrx_word' id='word_1_364' title='bbox 2936 2063 3415 2132; x_wconf 82' lang='lat' dir='ltr'><strong>reprehensionem</strong></span> 
     </span>
    </p>
   </div>
   <div class='ocr_carea' id='block_1_49' title="bbox 1836 2154 3414 2225">
    <p class='ocr_par' dir='ltr' id='par_1_49' title="bbox 1836 2154 3414 2225">
     <span class='ocr_line' id='line_1_49' title="bbox 1836 2154 3414 2225; baseline -0.003 -13"><span class='ocrx_word' id='word_1_365' title='bbox 1836 2158 1991 2213; x_wconf 83' lang='lat' dir='ltr'><strong>liceat</strong></span> <span class='ocrx_word' id='word_1_366' title='bbox 2030 2158 2077 2213; x_wconf 86' lang='lat' dir='ltr'><strong>ei</strong></span> <span class='ocrx_word' id='word_1_367' title='bbox 2105 2155 2351 2210; x_wconf 81' lang='lat' dir='ltr'><strong>humanis</strong></span> <span class='ocrx_word' id='word_1_368' title='bbox 2386 2155 2627 2209; x_wconf 89' lang='lat' dir='ltr'><strong>moribus</strong></span> <span class='ocrx_word' id='word_1_369' title='bbox 2669 2154 2770 2219; x_wconf 89' lang='lat' dir='ltr'><strong>uti,</strong></span> <span class='ocrx_word' id='word_1_370' title='bbox 2802 2164 2859 2208; x_wconf 88' lang='lat' dir='ltr'><strong>et</strong></span> <span class='ocrx_word' id='word_1_371' title='bbox 2902 2171 3091 2225; x_wconf 88' lang='lat' dir='ltr'><strong>preces</strong></span> <span class='ocrx_word' id='word_1_372' title='bbox 3115 2154 3326 2215; x_wconf 81' lang='lat' dir='ltr'><strong>offerre.</strong></span> <span class='ocrx_word' id='word_1_373' title='bbox 3359 2163 3414 2207; x_wconf 82' lang='lat' dir='ltr'><strong>et</strong></span> 
     </span>
    </p>
   </div>
   <div class='ocr_carea' id='block_1_50' title="bbox 1837 2245 3435 2320">
    <p class='ocr_par' dir='ltr' id='par_1_50' title="bbox 1837 2245 3435 2320">
     <span class='ocr_line' id='line_1_50' title="bbox 1837 2245 3435 2320; baseline -0.001 -20"><span class='ocrx_word' id='word_1_374' title='bbox 1837 2251 2103 2320; x_wconf 79' lang='lat' dir='ltr'><strong>incrymas</strong></span> <span class='ocrx_word' id='word_1_375' title='bbox 2167 2247 2515 2318; x_wconf 81' lang='lat' dir='ltr'><strong>profundere,</strong></span> <span class='ocrx_word' id='word_1_376' title='bbox 2577 2255 2631 2300; x_wconf 86' lang='lat' dir='ltr'><strong>et</strong></span> <span class='ocrx_word' id='word_1_377' title='bbox 2683 2245 3020 2301; x_wconf 88' lang='lat' dir='ltr'><strong>Salvatorem</strong></span> <span class='ocrx_word' id='word_1_378' title='bbox 3096 2258 3435 2316; x_wconf 66' lang='lat' dir='ltr'><strong>exspectare</strong></span> 
     </span>
    </p>
   </div>
   <div class='ocr_carea' id='block_1_51' title="bbox 1836 2334 3413 2408">
    <p class='ocr_par' dir='ltr' id='par_1_51' title="bbox 1836 2334 3413 2408">
     <span class='ocr_line' id='line_1_51' title="bbox 1836 2334 3413 2408; baseline -0.004 -16"><span class='ocrx_word' id='word_1_379' title='bbox 1836 2352 1996 2408; x_wconf 76' lang='lat' dir='ltr'><strong>atque</strong></span> <span class='ocrx_word' id='word_1_380' title='bbox 2041 2338 2354 2408; x_wconf 83' lang='lat' dir='ltr'><strong>implorare,</strong></span> <span class='ocrx_word' id='word_1_381' title='bbox 2408 2348 2461 2392; x_wconf 88' lang='lat' dir='ltr'><strong>et</strong></span> <span class='ocrx_word' id='word_1_382' title='bbox 2490 2337 2856 2392; x_wconf 90' lang='lat' dir='ltr'><strong>obedientiam</strong></span> <span class='ocrx_word' id='word_1_383' title='bbox 2910 2336 3141 2395; x_wconf 84' lang='lat' dir='ltr'><strong>discere.</strong></span> <span class='ocrx_word' id='word_1_384' title='bbox 3201 2334 3413 2388; x_wconf 80' lang='lat' dir='ltr'><strong>tametsi</strong></span> 
     </span>
    </p>
   </div>
   <div class='ocr_carea' id='block_1_52' title="bbox 1835 2427 3414 2497">
    <p class='ocr_par' dir='ltr' id='par_1_52' title="bbox 1835 2427 3414 2497">
     <span class='ocr_line' id='line_1_52' title="bbox 1835 2427 3414 2497; baseline -0.005 -12"><span class='ocrx_word' id='word_1_385' title='bbox 1835 2434 1904 2485; x_wconf 78' lang='lat' dir='ltr'><strong>sit</strong></span> <span class='ocrx_word' id='word_1_386' title='bbox 1935 2429 2122 2486; x_wconf 87' lang='lat' dir='ltr'><strong>Filius.</strong></span> <span class='ocrx_word' id='word_1_387' title='bbox 2144 2430 2416 2485; x_wconf 85' lang='lat' dir='ltr'><strong>Attonitus</strong></span> <span class='ocrx_word' id='word_1_388' title='bbox 2441 2429 2584 2482; x_wconf 86' lang='lat' dir='ltr'><strong>enim</strong></span> <span class='ocrx_word' id='word_1_389' title='bbox 2613 2429 3014 2497; x_wconf 85' lang='lat' dir='ltr'><strong>quodammodo</strong></span> <span class='ocrx_word' id='word_1_390' title='bbox 3042 2428 3141 2481; x_wconf 86' lang='lat' dir='ltr'><strong>fuit</strong></span> <span class='ocrx_word' id='word_1_391' title='bbox 3173 2427 3414 2497; x_wconf 76' lang='lat' dir='ltr'><strong>mysterii</strong></span> 
     </span>
    </p>
   </div>
   <div class='ocr_carea' id='block_1_53' title="bbox 1837 2517 3417 2591">
    <p class='ocr_par' dir='ltr' id='par_1_53' title="bbox 1837 2517 3417 2591">
     <span class='ocr_line' id='line_1_53' title="bbox 1837 2517 3417 2591; baseline -0.005 -17"><span class='ocrx_word' id='word_1_392' title='bbox 1837 2521 2207 2591; x_wconf 81' lang='lat' dir='ltr'><strong>tnaguitudine</strong></span> <span class='ocrx_word' id='word_1_393' title='bbox 2255 2519 2543 2589; x_wconf 86' lang='lat' dir='ltr'><strong>Apostolus</strong></span> <span class='ocrx_word' id='word_1_394' title='bbox 2608 2518 2812 2588; x_wconf 88' lang='lat' dir='ltr'><strong>Spiritu</strong></span> <span class='ocrx_word' id='word_1_395' title='bbox 2850 2517 3086 2581; x_wconf 76' lang='lat' dir='ltr'><strong>afﬂatus,</strong></span> <span class='ocrx_word' id='word_1_396' title='bbox 3148 2518 3289 2585; x_wconf 85' lang='lat' dir='ltr'><strong>quod</strong></span> <span class='ocrx_word' id='word_1_397' title='bbox 3322 2532 3417 2569; x_wconf 51' lang='lat' dir='ltr'><strong>nn.</strong></span> 
     </span>
    </p>
   </div>
   <div class='ocr_carea' id='block_1_54' title="bbox 1837 2607 3416 2679">
    <p class='ocr_par' dir='ltr' id='par_1_54' title="bbox 1837 2607 3416 2679">
     <span class='ocr_line' id='line_1_54' title="bbox 1837 2607 3416 2679; baseline -0.003 -15"><span class='ocrx_word' id='word_1_398' title='bbox 1837 2625 1951 2666; x_wconf 87' lang='lat' dir='ltr'><strong>tura</strong></span> <span class='ocrx_word' id='word_1_399' title='bbox 1987 2628 2052 2668; x_wconf 86' lang='lat' dir='ltr'><strong>ac</strong></span> <span class='ocrx_word' id='word_1_400' title='bbox 2082 2626 2207 2666; x_wconf 89' lang='lat' dir='ltr'><strong>vere</strong></span> <span class='ocrx_word' id='word_1_401' title='bbox 2230 2612 2502 2667; x_wconf 74' lang='lat' dir='ltr'><strong>exsistens</strong></span> <span class='ocrx_word' id='word_1_402' title='bbox 2525 2610 2715 2675; x_wconf 88' lang='lat' dir='ltr'><strong>Filius,</strong></span> <span class='ocrx_word' id='word_1_403' title='bbox 2770 2620 2824 2664; x_wconf 88' lang='lat' dir='ltr'><strong>et</strong></span> <span class='ocrx_word' id='word_1_404' title='bbox 2860 2610 3037 2679; x_wconf 74' lang='lat' dir='ltr'><strong>divina</strong></span> <span class='ocrx_word' id='word_1_405' title='bbox 3076 2609 3244 2677; x_wconf 82' lang='lat' dir='ltr'><strong>gloria</strong></span> <span class='ocrx_word' id='word_1_406' title='bbox 3279 2607 3416 2660; x_wconf 85' lang='lat' dir='ltr'><strong>etui-</strong></span> 
     </span>
    </p>
   </div>
   <div class='ocr_carea' id='block_1_55' title="bbox 1836 2700 3417 2777">
    <p class='ocr_par' dir='ltr' id='par_1_55' title="bbox 1836 2700 3417 2777">
     <span class='ocr_line' id='line_1_55' title="bbox 1836 2700 3417 2777; baseline -0.007 -16"><span class='ocrx_word' id='word_1_407' title='bbox 1836 2722 1991 2774; x_wconf 86' lang='lat' dir='ltr'><strong>nens,</strong></span> <span class='ocrx_word' id='word_1_408' title='bbox 2046 2707 2282 2777; x_wconf 85' lang='lat' dir='ltr'><strong>seipsum</strong></span> <span class='ocrx_word' id='word_1_409' title='bbox 2328 2705 2394 2757; x_wconf 89' lang='lat' dir='ltr'><strong>ad</strong></span> <span class='ocrx_word' id='word_1_410' title='bbox 2442 2720 2561 2759; x_wconf 89' lang='lat' dir='ltr'><strong>eam</strong></span> <span class='ocrx_word' id='word_1_411' title='bbox 2618 2702 2971 2757; x_wconf 83' lang='lat' dir='ltr'><strong>humilitatem</strong></span> <span class='ocrx_word' id='word_1_412' title='bbox 3023 2700 3331 2762; x_wconf 69' lang='lat' dir='ltr'><strong>demiserit,</strong></span> <span class='ocrx_word' id='word_1_413' title='bbox 3361 2709 3417 2750; x_wconf 88' lang='lat' dir='ltr'><strong>ut</strong></span> 
     </span>
    </p>
   </div>
   <div class='ocr_carea' id='block_1_56' title="bbox 1838 2794 3435 2868">
    <p class='ocr_par' dir='ltr' id='par_1_56' title="bbox 1838 2794 3435 2868">
     <span class='ocr_line' id='line_1_56' title="bbox 1838 2794 3435 2868; baseline -0.006 -13"><span class='ocrx_word' id='word_1_414' title='bbox 1838 2803 2083 2855; x_wconf 60' lang='lat' dir='ltr'><strong>humana?</strong></span> <span class='ocrx_word' id='word_1_415' title='bbox 2115 2800 2307 2868; x_wconf 71' lang='lat' dir='ltr'><strong>inopia:</strong></span> <span class='ocrx_word' id='word_1_416' title='bbox 2330 2798 2589 2853; x_wconf 79' lang='lat' dir='ltr'><strong>vilitatem</strong></span> <span class='ocrx_word' id='word_1_417' title='bbox 2625 2798 2807 2850; x_wconf 89' lang='lat' dir='ltr'><strong>subire</strong></span> <span class='ocrx_word' id='word_1_418' title='bbox 2838 2812 2943 2850; x_wconf 85' lang='lat' dir='ltr'><strong>non</strong></span> <span class='ocrx_word' id='word_1_419' title='bbox 2970 2796 3255 2849; x_wconf 86' lang='lat' dir='ltr'><strong>recusarit.</strong></span> <span class='ocrx_word' id='word_1_420' title='bbox 3287 2794 3435 2856; x_wconf 66' lang='lat' dir='ltr'><strong>Sed,</strong></span> 
     </span>
    </p>
   </div>
   <div class='ocr_carea' id='block_1_57' title="bbox 1835 2887 3417 2962">
    <p class='ocr_par' dir='ltr' id='par_1_57' title="bbox 1835 2887 3417 2962">
     <span class='ocr_line' id='line_1_57' title="bbox 1835 2887 3417 2962; baseline -0.004 -15"><span class='ocrx_word' id='word_1_421' title='bbox 1835 2904 1893 2947; x_wconf 88' lang='lat' dir='ltr'><strong>ut</strong></span> <span class='ocrx_word' id='word_1_422' title='bbox 1924 2892 2054 2958; x_wconf 79' lang='lat' dir='ltr'><strong>dixi,</strong></span> <span class='ocrx_word' id='word_1_423' title='bbox 2107 2891 2306 2962; x_wconf 80' lang='lat' dir='ltr'><strong>negotii</strong></span> <span class='ocrx_word' id='word_1_424' title='bbox 2361 2890 2521 2960; x_wconf 82' lang='lat' dir='ltr'><strong>hujus</strong></span> <span class='ocrx_word' id='word_1_425' title='bbox 2580 2888 2883 2959; x_wconf 81' lang='lat' dir='ltr'><strong>exemplum</strong></span> <span class='ocrx_word' id='word_1_426' title='bbox 2938 2887 3005 2941; x_wconf 87' lang='lat' dir='ltr'><strong>ad</strong></span> <span class='ocrx_word' id='word_1_427' title='bbox 3057 2901 3155 2941; x_wconf 84' lang='lat' dir='ltr'><strong>nos</strong></span> <span class='ocrx_word' id='word_1_428' title='bbox 3225 2901 3417 2955; x_wconf 81' lang='lat' dir='ltr'><strong>magno</strong></span> 
     </span>
    </p>
   </div>
   <div class='ocr_carea' id='block_1_58' title="bbox 1837 2977 3417 3051">
    <p class='ocr_par' dir='ltr' id='par_1_58' title="bbox 1837 2977 3417 3051">
     <span class='ocr_line' id='line_1_58' title="bbox 1837 2977 3417 3051; baseline -0.006 -12"><span class='ocrx_word' id='word_1_429' title='bbox 1837 2994 2021 3039; x_wconf 89' lang='lat' dir='ltr'><strong>nostro</strong></span> <span class='ocrx_word' id='word_1_430' title='bbox 2070 2982 2354 3038; x_wconf 84' lang='lat' dir='ltr'><strong>commodo</strong></span> <span class='ocrx_word' id='word_1_431' title='bbox 2424 2979 2702 3051; x_wconf 84' lang='lat' dir='ltr'><strong>spectabat</strong></span> <span class='ocrx_word' id='word_1_432' title='bbox 2749 2997 2763 3035; x_wconf 93' lang='lat'><strong>:</strong></span> <span class='ocrx_word' id='word_1_433' title='bbox 2815 2985 2875 3033; x_wconf 89' lang='lat' dir='ltr'><strong>ut</strong></span> <span class='ocrx_word' id='word_1_434' title='bbox 2925 2977 3251 3032; x_wconf 87' lang='lat' dir='ltr'><strong>doceremur</strong></span> <span class='ocrx_word' id='word_1_435' title='bbox 3314 2992 3417 3031; x_wconf 88' lang='lat' dir='ltr'><strong>non</strong></span> 
     </span>
    </p>
   </div>
   <div class='ocr_carea' id='block_1_59' title="bbox 1838 3070 3419 3137">
    <p class='ocr_par' dir='ltr' id='par_1_59' title="bbox 1838 3070 3419 3137">
     <span class='ocr_line' id='line_1_59' title="bbox 1838 3070 3419 3137; baseline -0.005 -8"><span class='ocrx_word' id='word_1_436' title='bbox 1838 3078 2037 3131; x_wconf 89' lang='lat' dir='ltr'><strong>debere</strong></span> <span class='ocrx_word' id='word_1_437' title='bbox 2061 3090 2159 3129; x_wconf 88' lang='lat' dir='ltr'><strong>nos</strong></span> <span class='ocrx_word' id='word_1_438' title='bbox 2195 3075 2247 3128; x_wconf 88' lang='lat' dir='ltr'><strong>in</strong></span> <span class='ocrx_word' id='word_1_439' title='bbox 2296 3073 2455 3127; x_wconf 77' lang='lat' dir='ltr'><strong>alium</strong></span> <span class='ocrx_word' id='word_1_440' title='bbox 2494 3073 2633 3126; x_wconf 90' lang='lat' dir='ltr'><strong>viam</strong></span> <span class='ocrx_word' id='word_1_441' title='bbox 2679 3070 2987 3133; x_wconf 84' lang='lat' dir='ltr'><strong>deﬂectere,</strong></span> <span class='ocrx_word' id='word_1_442' title='bbox 3025 3083 3147 3124; x_wconf 89' lang='lat' dir='ltr'><strong>cum</strong></span> <span class='ocrx_word' id='word_1_443' title='bbox 3207 3076 3419 3137; x_wconf 89' lang='lat' dir='ltr'><strong>tempus</strong></span> 
     </span>
    </p>
   </div>
   <div class='ocr_carea' id='block_1_60' title="bbox 1839 3157 3421 3234">
    <p class='ocr_par' dir='ltr' id='par_1_60' title="bbox 1839 3157 3421 3234">
     <span class='ocr_line' id='line_1_60' title="bbox 1839 3157 3421 3234; baseline -0.005 -15"><span class='ocrx_word' id='word_1_444' title='bbox 1839 3165 2205 3221; x_wconf 79' lang='lat' dir='ltr'><strong>fortitudinem</strong></span> <span class='ocrx_word' id='word_1_445' title='bbox 2231 3170 2456 3234; x_wconf 85' lang='lat' dir='ltr'><strong>poscat;</strong></span> <span class='ocrx_word' id='word_1_446' title='bbox 2480 3164 2623 3231; x_wconf 87' lang='lat' dir='ltr'><strong>quod</strong></span> <span class='ocrx_word' id='word_1_447' title='bbox 2658 3161 2740 3216; x_wconf 81' lang='lat' dir='ltr'><strong>vel</strong></span> <span class='ocrx_word' id='word_1_448' title='bbox 2778 3162 2903 3215; x_wconf 89' lang='lat' dir='ltr'><strong>hinc</strong></span> <span class='ocrx_word' id='word_1_449' title='bbox 2930 3159 3129 3228; x_wconf 87' lang='lat' dir='ltr'><strong>optime</strong></span> <span class='ocrx_word' id='word_1_450' title='bbox 3152 3157 3421 3228; x_wconf 85' lang='lat' dir='ltr'><strong>quispiam</strong></span> 
     </span>
    </p>
   </div>
   <div class='ocr_carea' id='block_1_61' title="bbox 177 3240 1728 3321">
    <p class='ocr_par' dir='ltr' id='par_1_61' title="bbox 177 3244 1728 3321">
     <span class='ocr_line' id='line_1_61' title="bbox 177 3244 1728 3321; baseline 0.006 -26"><span class='ocrx_word' id='word_1_451' title='bbox 177 3244 239 3307; x_wconf 85' lang='grc' dir='ltr'><strong>ὡς</strong></span> <span class='ocrx_word' id='word_1_452' title='bbox 267 3246 319 3297; x_wconf 87' lang='grc' dir='ltr'>τό</span> <span class='ocrx_word' id='word_1_453' title='bbox 350 3263 428 3299; x_wconf 85' lang='grc' dir='ltr'><strong>τοι</strong></span> <span class='ocrx_word' id='word_1_454' title='bbox 465 3246 542 3317; x_wconf 83' lang='grc' dir='ltr'>μὴ</span> <span class='ocrx_word' id='word_1_455' title='bbox 579 3247 775 3316; x_wconf 80' lang='grc' dir='ltr'>χρῆναι</span> <span class='ocrx_word' id='word_1_456' title='bbox 804 3246 1041 3317; x_wconf 78' lang='grc' dir='ltr'>διᾴττειν</span> <span class='ocrx_word' id='word_1_457' title='bbox 1071 3248 1218 3319; x_wconf 81' lang='grc' dir='ltr'>ἡμᾶς</span> <span class='ocrx_word' id='word_1_458' title='bbox 1263 3250 1342 3312; x_wconf 85' lang='grc' dir='ltr'><strong>είς</strong></span> <span class='ocrx_word' id='word_1_459' title='bbox 1376 3249 1573 3321; x_wconf 87' lang='grc' dir='ltr'>έτέραν</span> <span class='ocrx_word' id='word_1_460' title='bbox 1601 3250 1728 3318; x_wconf 71' lang='grc' dir='ltr'>ὁδὸν,</span> 
     </span>
    </p>
   </div>
   <div class='ocr_carea' id='block_1_62' title="bbox 1922 3240 3417 3321">
    <p class='ocr_par' dir='ltr' id='par_1_62' title="bbox 1922 3247 3417 3317">
     <span class='ocr_line' id='line_1_62' title="bbox 1922 3247 3417 3317; baseline -0.005 -8"><span class='ocrx_word' id='word_1_461' title='bbox 1922 3254 2185 3309; x_wconf 82' lang='lat' dir='ltr'><strong>ellexerit.</strong></span> <span class='ocrx_word' id='word_1_462' title='bbox 2257 3251 2511 3307; x_wconf 87' lang='lat' dir='ltr'><strong>Christus</strong></span> <span class='ocrx_word' id='word_1_463' title='bbox 2556 3251 2701 3307; x_wconf 86' lang='lat' dir='ltr'><strong>enim</strong></span> <span class='ocrx_word' id='word_1_464' title='bbox 2757 3248 2882 3306; x_wconf 88' lang='lat' dir='ltr'><strong>alibi</strong></span> <span class='ocrx_word' id='word_1_465' title='bbox 2932 3247 3149 3317; x_wconf 86' lang='lat' dir='ltr'><strong>quidem</strong></span> <span class='ocrx_word' id='word_1_466' title='bbox 3204 3248 3417 3317; x_wconf 88' lang='lat' dir='ltr'><strong>inquit:</strong></span> 
     </span>
    </p>
   </div>
   <div class='ocr_carea' id='block_1_63' title="bbox 179 3335 1745 3412">
    <p class='ocr_par' dir='ltr' id='par_1_63' title="bbox 179 3335 1745 3412">
     <span class='ocr_line' id='line_1_63' title="bbox 179 3335 1745 3412; baseline 0.006 -26"><span class='ocrx_word' id='word_1_467' title='bbox 179 3335 257 3386; x_wconf 70' lang='grc' dir='ltr'><strong>καὶ</strong></span> <span class='ocrx_word' id='word_1_468' title='bbox 291 3335 347 3388; x_wconf 79' lang='grc' dir='ltr'><strong>οὐ</strong></span> <span class='ocrx_word' id='word_1_469' title='bbox 374 3336 486 3408; x_wconf 60' lang='grc' dir='ltr'><strong>[πο.</strong></span> <span class='ocrx_word' id='word_1_470' title='bbox 516 3335 745 3409; x_wconf 86' lang='grc' dir='ltr'>καιροῦ]</span> <span class='ocrx_word' id='word_1_471' title='bbox 766 3336 1061 3402; x_wconf 81' lang='grc' dir='ltr'>καλοῦντος</span> <span class='ocrx_word' id='word_1_472' title='bbox 1090 3341 1169 3403; x_wconf 86' lang='grc' dir='ltr'><strong>είς</strong></span> <span class='ocrx_word' id='word_1_473' title='bbox 1196 3339 1502 3408; x_wconf 72' lang='grc' dir='ltr'>εὐανδρίαν,</span> <span class='ocrx_word' id='word_1_474' title='bbox 1530 3341 1745 3412; x_wconf 82' lang='grc' dir='ltr'>ἀναμά-</span> 
     </span>
    </p>
   </div>
   <div class='ocr_carea' id='block_1_64' title="bbox 175 3427 1741 3509">
    <p class='ocr_par' dir='ltr' id='par_1_64' title="bbox 175 3427 1741 3509">
     <span class='ocr_line' id='line_1_64' title="bbox 175 3427 1741 3509; baseline 0.006 -30"><span class='ocrx_word' id='word_1_475' title='bbox 175 3427 243 3480; x_wconf 89' lang='grc' dir='ltr'><strong>θοι</strong></span> <span class='ocrx_word' id='word_1_476' title='bbox 271 3445 348 3493; x_wconf 87' lang='grc' dir='ltr'><strong>τις</strong></span> <span class='ocrx_word' id='word_1_477' title='bbox 379 3429 445 3484; x_wconf 82' lang='grc' dir='ltr'>ἂν</span> <span class='ocrx_word' id='word_1_478' title='bbox 478 3428 763 3497; x_wconf 75' lang='grc' dir='ltr'>ἐντεῦθεν,</span> <span class='ocrx_word' id='word_1_479' title='bbox 804 3431 899 3484; x_wconf 74' lang='grc' dir='ltr'>καὶ</span> <span class='ocrx_word' id='word_1_480' title='bbox 926 3431 1100 3502; x_wconf 80' lang='grc' dir='ltr'>ῥᾷστά</span> <span class='ocrx_word' id='word_1_481' title='bbox 1125 3448 1186 3499; x_wconf 88' lang='grc' dir='ltr'><strong>γε</strong></span> <span class='ocrx_word' id='word_1_482' title='bbox 1211 3432 1295 3503; x_wconf 89' lang='grc' dir='ltr'>δή.</span> <span class='ocrx_word' id='word_1_483' title='bbox 1330 3434 1438 3487; x_wconf 78' lang='grc' dir='ltr'><strong>Καὶ</strong></span> <span class='ocrx_word' id='word_1_484' title='bbox 1472 3435 1603 3503; x_wconf 84' lang='grc' dir='ltr'>γοῦν</span> <span class='ocrx_word' id='word_1_485' title='bbox 1638 3437 1741 3509; x_wconf 76' lang='grc' dir='ltr'><strong>ἔφη</strong></span> 
     </span>
    </p>
   </div>
   <div class='ocr_carea' id='block_1_65' title="bbox 171 3521 1743 3595">
    <p class='ocr_par' dir='ltr' id='par_1_65' title="bbox 171 3521 1743 3595">
     <span class='ocr_line' id='line_1_65' title="bbox 171 3521 1743 3595; baseline 0.006 -23"><span class='ocrx_word' id='word_1_486' title='bbox 171 3521 398 3592; x_wconf 74' lang='grc' dir='ltr'>Χριστὸς,</span> <span class='ocrx_word' id='word_1_487' title='bbox 439 3522 580 3576; x_wconf 83' lang='grc' dir='ltr'>ποτὲ</span> <span class='ocrx_word' id='word_1_488' title='bbox 615 3522 736 3594; x_wconf 85' lang='grc' dir='ltr'>μὲν,</span> <span class='ocrx_word' id='word_1_489' title='bbox 766 3523 847 3576; x_wconf 83' lang='grc' dir='ltr'>ὅτι</span> <span class='ocrx_word' id='word_1_490' title='bbox 886 3524 982 3578; x_wconf 78' lang='grc' dir='ltr'>καὶ</span> <span class='ocrx_word' id='word_1_491' title='bbox 1020 3544 1039 3576; x_wconf 78' lang='grc' dir='ltr'><strong>ι</strong></span> <span class='ocrx_word' id='word_1_492' title='bbox 1070 3524 1162 3595; x_wconf 78' lang='grc' dir='ltr'><strong>Μὴ</strong></span> <span class='ocrx_word' id='word_1_493' title='bbox 1204 3525 1455 3593; x_wconf 75' lang='grc' dir='ltr'>φοϐεῖσθε</span> <span class='ocrx_word' id='word_1_494' title='bbox 1490 3527 1596 3581; x_wconf 85' lang='grc' dir='ltr'>ἀπὸ</span> <span class='ocrx_word' id='word_1_495' title='bbox 1630 3528 1743 3582; x_wconf 84' lang='grc' dir='ltr'><strong>τῶν</strong></span> 
     </span>
    </p>
   </div>
   <div class='ocr_carea' id='block_1_66' title="bbox 172 3613 1742 3691">
    <p class='ocr_par' dir='ltr' id='par_1_66' title="bbox 172 3613 1742 3691">
     <span class='ocr_line' id='line_1_66' title="bbox 172 3613 1742 3691; baseline 0.005 -25"><span class='ocrx_word' id='word_1_496' title='bbox 172 3613 592 3670; x_wconf 73' lang='grc' dir='ltr'>ἀποκτιννύντων</span> <span class='ocrx_word' id='word_1_497' title='bbox 622 3615 686 3668; x_wconf 80' lang='grc' dir='ltr'><strong>τὸ</strong></span> <span class='ocrx_word' id='word_1_498' title='bbox 719 3617 899 3687; x_wconf 82' lang='grc' dir='ltr'>σῶμα,</span> <span class='ocrx_word' id='word_1_499' title='bbox 952 3618 1051 3688; x_wconf 83' lang='grc' dir='ltr'>τὴν</span> <span class='ocrx_word' id='word_1_500' title='bbox 1081 3617 1137 3671; x_wconf 81' lang='grc' dir='ltr'>δὲ</span> <span class='ocrx_word' id='word_1_501' title='bbox 1167 3617 1346 3689; x_wconf 71' lang='grc' dir='ltr'>ψυχὴν</span> <span class='ocrx_word' id='word_1_502' title='bbox 1385 3618 1459 3690; x_wconf 82' lang='grc' dir='ltr'>μὴ</span> <span class='ocrx_word' id='word_1_503' title='bbox 1504 3619 1742 3691; x_wconf 59' lang='grc' dir='ltr'>δυναμέα</span> 
     </span>
    </p>
   </div>
   <div class='ocr_carea' id='block_1_67' title="bbox 171 3708 1745 3793">
    <p class='ocr_par' dir='ltr' id='par_1_67' title="bbox 171 3708 1745 3793">
     <span class='ocr_line' id='line_1_67' title="bbox 171 3708 1745 3793; baseline 0.004 -36"><span class='ocrx_word' id='word_1_504' title='bbox 171 3723 262 3759; x_wconf 89' lang='grc' dir='ltr'><strong>νων</strong></span> <span class='ocrx_word' id='word_1_505' title='bbox 291 3708 613 3793; x_wconf 61' lang='grc' dir='ltr'>ἀποκτεῖναι</span> <span class='ocrx_word' id='word_1_506' title='bbox 634 3724 649 3739; x_wconf 75' lang='grc'><strong><em>⁸</em></strong></span> <span class='ocrx_word' id='word_1_507' title='bbox 684 3708 959 3780; x_wconf 77' lang='grc' dir='ltr'>φοὸήθητε</span> <span class='ocrx_word' id='word_1_508' title='bbox 986 3708 1042 3761; x_wconf 87' lang='grc' dir='ltr'>δὲ</span> <span class='ocrx_word' id='word_1_509' title='bbox 1079 3709 1281 3779; x_wconf 77' lang='grc' dir='ltr'>μᾶλλον</span> <span class='ocrx_word' id='word_1_510' title='bbox 1328 3710 1417 3763; x_wconf 76' lang='grc' dir='ltr'>τὸν</span> <span class='ocrx_word' id='word_1_511' title='bbox 1446 3710 1745 3780; x_wconf 82' lang='grc' dir='ltr'>δυνάμενον</span> 
     </span>
    </p>
   </div>
   <div class='ocr_carea' id='block_1_68' title="bbox 172 3799 1743 3875">
    <p class='ocr_par' dir='ltr' id='par_1_68' title="bbox 172 3799 1743 3875">
     <span class='ocr_line' id='line_1_68' title="bbox 172 3799 1743 3875; baseline 0.004 -24"><span class='ocrx_word' id='word_1_512' title='bbox 172 3800 249 3851; x_wconf 80' lang='grc' dir='ltr'>καὶ</span> <span class='ocrx_word' id='word_1_513' title='bbox 274 3799 442 3871; x_wconf 75' lang='grc' dir='ltr'>ψυχὴν</span> <span class='ocrx_word' id='word_1_514' title='bbox 472 3801 574 3853; x_wconf 72' lang='grc' dir='ltr'>καὶ</span> <span class='ocrx_word' id='word_1_515' title='bbox 604 3799 764 3871; x_wconf 86' lang='grc' dir='ltr'>σῶμα</span> <span class='ocrx_word' id='word_1_516' title='bbox 807 3800 1073 3854; x_wconf 85' lang='grc' dir='ltr'>ἀπολέσαι</span> <span class='ocrx_word' id='word_1_517' title='bbox 1109 3803 1167 3854; x_wconf 81' lang='grc' dir='ltr'><strong>ἐν</strong></span> <span class='ocrx_word' id='word_1_518' title='bbox 1205 3800 1431 3875; x_wconf 73' lang='grc' dir='ltr'>γεέννῃο</span> <span class='ocrx_word' id='word_1_519' title='bbox 1460 3822 1477 3853; x_wconf 74' lang='grc' dir='ltr'><strong>ι</strong></span> <span class='ocrx_word' id='word_1_520' title='bbox 1516 3803 1643 3855; x_wconf 83' lang='grc' dir='ltr'>ποτὲ</span> <span class='ocrx_word' id='word_1_521' title='bbox 1686 3803 1743 3857; x_wconf 80' lang='grc' dir='ltr'>δὲ</span> 
     </span>
    </p>
   </div>
   <div class='ocr_carea' id='block_1_69' title="bbox 163 3886 1745 3966">
    <p class='ocr_par' dir='ltr' id='par_1_69' title="bbox 163 3886 1745 3966">
     <span class='ocr_line' id='line_1_69' title="bbox 163 3886 1745 3966; baseline 0.003 -23"><span class='ocrx_word' id='word_1_522' title='bbox 163 3886 239 3954; x_wconf 77' lang='grc' dir='ltr'><strong>αὖ,</strong></span> <span class='ocrx_word' id='word_1_523' title='bbox 286 3909 303 3943; x_wconf 83' lang='grc' dir='ltr'><strong>ι</strong></span> <span class='ocrx_word' id='word_1_524' title='bbox 329 3890 395 3945; x_wconf 70' lang='lat' dir='ltr'><strong>Et</strong></span> <span class='ocrx_word' id='word_1_525' title='bbox 425 3909 509 3956; x_wconf 89' lang='grc' dir='ltr'><strong>τις</strong></span> <span class='ocrx_word' id='word_1_526' title='bbox 551 3891 698 3946; x_wconf 84' lang='grc' dir='ltr'>θέλει</span> <span class='ocrx_word' id='word_1_527' title='bbox 737 3893 914 3946; x_wconf 83' lang='grc' dir='ltr'>ὀπίσω</span> <span class='ocrx_word' id='word_1_528' title='bbox 946 3910 1047 3962; x_wconf 89' lang='grc' dir='ltr'><strong>μου</strong></span> <span class='ocrx_word' id='word_1_529' title='bbox 1093 3893 1286 3957; x_wconf 82' lang='grc' dir='ltr'>ὲλθείν,</span> <span class='ocrx_word' id='word_1_530' title='bbox 1334 3894 1745 3966; x_wconf 76' lang='grc' dir='ltr'>ἀπαρνησάσθω</span> 
     </span>
    </p>
   </div>
   <div class='ocr_carea' id='block_1_70' title="bbox 163 3983 1743 4057">
    <p class='ocr_par' dir='ltr' id='par_1_70' title="bbox 163 3983 1743 4057">
     <span class='ocr_line' id='line_1_70' title="bbox 163 3983 1743 4057; baseline 0.001 -21"><span class='ocrx_word' id='word_1_531' title='bbox 163 3983 355 4052; x_wconf 82' lang='grc' dir='ltr'>ἑαυτὸν,</span> <span class='ocrx_word' id='word_1_532' title='bbox 394 3986 491 4039; x_wconf 73' lang='grc' dir='ltr'>καὶ</span> <span class='ocrx_word' id='word_1_533' title='bbox 526 3985 721 4056; x_wconf 76' lang='grc' dir='ltr'>ἀράτω</span> <span class='ocrx_word' id='word_1_534' title='bbox 748 3985 840 4040; x_wconf 78' lang='grc' dir='ltr'><strong>τὸν</strong></span> <span class='ocrx_word' id='word_1_535' title='bbox 867 3986 1104 4057; x_wconf 79' lang='grc' dir='ltr'>σταυρὸν</span> <span class='ocrx_word' id='word_1_536' title='bbox 1134 3985 1352 4051; x_wconf 77' lang='grc' dir='ltr'>ἑαυτοῦ,</span> <span class='ocrx_word' id='word_1_537' title='bbox 1387 3987 1480 4041; x_wconf 81' lang='grc' dir='ltr'><strong>καὶ</strong></span> <span class='ocrx_word' id='word_1_538' title='bbox 1515 3985 1743 4039; x_wconf 82' lang='grc' dir='ltr'>ἀκολου-</span> 
     </span>
    </p>
   </div>
   <div class='ocr_carea' id='block_1_71' title="bbox 164 4072 1742 4147">
    <p class='ocr_par' dir='ltr' id='par_1_71' title="bbox 164 4072 1742 4147">
     <span class='ocr_line' id='line_1_71' title="bbox 164 4072 1742 4147; baseline 0.004 -23"><span class='ocrx_word' id='word_1_539' title='bbox 164 4072 307 4127; x_wconf 88' lang='grc' dir='ltr'>θείτω</span> <span class='ocrx_word' id='word_1_540' title='bbox 339 4092 448 4146; x_wconf 85' lang='grc' dir='ltr'>μοι.</span> <span class='ocrx_word' id='word_1_541' title='bbox 475 4095 495 4128; x_wconf 73' lang='grc' dir='ltr'><strong>ι</strong></span> <span class='ocrx_word' id='word_1_542' title='bbox 532 4076 610 4129; x_wconf 86' lang='grc' dir='ltr'>Τὸ</span> <span class='ocrx_word' id='word_1_543' title='bbox 642 4076 701 4130; x_wconf 88' lang='grc' dir='ltr'>δὲ</span> <span class='ocrx_word' id='word_1_544' title='bbox 726 4077 835 4131; x_wconf 86' lang='grc' dir='ltr'>δεῖν</span> <span class='ocrx_word' id='word_1_545' title='bbox 860 4078 1071 4131; x_wconf 71' lang='grc' dir='ltr'>οἴεσθαι</span> <span class='ocrx_word' id='word_1_546' title='bbox 1108 4077 1528 4132; x_wconf 85' lang='grc' dir='ltr'>κατακολουθεῖν</span> <span class='ocrx_word' id='word_1_547' title='bbox 1567 4077 1742 4147; x_wconf 85' lang='grc' dir='ltr'>αὐτῷ,</span> 
     </span>
    </p>
   </div>
   <div class='ocr_carea' id='block_1_72' title="bbox 162 4164 1745 4240">
    <p class='ocr_par' dir='ltr' id='par_1_72' title="bbox 162 4164 1745 4240">
     <span class='ocr_line' id='line_1_72' title="bbox 162 4164 1745 4240; baseline 0.004 -25"><span class='ocrx_word' id='word_1_548' title='bbox 162 4164 208 4217; x_wconf 80' lang='grc' dir='ltr'><strong>τί</strong></span> <span class='ocrx_word' id='word_1_549' title='bbox 244 4165 306 4219; x_wconf 76' lang='grc' dir='ltr'>ἂν</span> <span class='ocrx_word' id='word_1_550' title='bbox 334 4166 528 4238; x_wconf 75' lang='grc' dir='ltr'>ἕτερον</span> <span class='ocrx_word' id='word_1_551' title='bbox 585 4167 672 4239; x_wconf 73' lang='grc' dir='ltr'><strong>εἴη</strong></span> <span class='ocrx_word' id='word_1_552' title='bbox 717 4170 867 4240; x_wconf 89' lang='grc' dir='ltr'>παρά</span> <span class='ocrx_word' id='word_1_553' title='bbox 898 4186 959 4239; x_wconf 83' lang='grc' dir='ltr'>γε</span> <span class='ocrx_word' id='word_1_554' title='bbox 990 4169 1050 4221; x_wconf 68' lang='grc' dir='ltr'>τὸ</span> <span class='ocrx_word' id='word_1_555' title='bbox 1075 4169 1269 4240; x_wconf 81' lang='grc' dir='ltr'>χρῆναι</span> <span class='ocrx_word' id='word_1_556' title='bbox 1297 4168 1745 4240; x_wconf 75' lang='grc' dir='ltr'>κατανδρίξεσθαι</span> 
     </span>
    </p>
   </div>
   <div class='ocr_carea' id='block_1_73' title="bbox 162 4260 1741 4334">
    <p class='ocr_par' dir='ltr' id='par_1_73' title="bbox 162 4260 1741 4334">
     <span class='ocr_line' id='line_1_73' title="bbox 162 4260 1741 4334; baseline 0.003 -26"><span class='ocrx_word' id='word_1_557' title='bbox 162 4262 489 4329; x_wconf 79' lang='grc' dir='ltr'>πειρασμῶν,</span> <span class='ocrx_word' id='word_1_558' title='bbox 526 4262 669 4334; x_wconf 81' lang='grc' dir='ltr'>μετὰ</span> <span class='ocrx_word' id='word_1_559' title='bbox 695 4260 789 4315; x_wconf 85' lang='grc' dir='ltr'><strong>τοῦ</strong></span> <span class='ocrx_word' id='word_1_560' title='bbox 817 4262 915 4333; x_wconf 77' lang='grc' dir='ltr'><strong>τὴν</strong></span> <span class='ocrx_word' id='word_1_561' title='bbox 943 4262 1148 4317; x_wconf 80' lang='grc' dir='ltr'>ἄνωθεν</span> <span class='ocrx_word' id='word_1_562' title='bbox 1186 4264 1509 4334; x_wconf 79' lang='grc' dir='ltr'>ἐπικουρίαν</span> <span class='ocrx_word' id='word_1_563' title='bbox 1550 4264 1741 4324; x_wconf 84' lang='grc' dir='ltr'>αἰτεῖν,</span> 
     </span>
    </p>
   </div>
   <div class='ocr_carea' id='block_1_74' title="bbox 1844 3341 3433 3415">
    <p class='ocr_par' dir='ltr' id='par_1_74' title="bbox 1844 3341 3433 3415">
     <span class='ocr_line' id='line_1_74' title="bbox 1844 3341 3433 3415; baseline -0.004 -15"><span class='ocrx_word' id='word_1_564' title='bbox 1844 3368 1862 3400; x_wconf 76' lang='grc' dir='ltr'><strong>ι</strong></span> <span class='ocrx_word' id='word_1_565' title='bbox 1895 3348 2069 3403; x_wconf 89' lang='lat' dir='ltr'><strong>Nolite</strong></span> <span class='ocrx_word' id='word_1_566' title='bbox 2097 3346 2286 3401; x_wconf 89' lang='lat' dir='ltr'><strong>timere</strong></span> <span class='ocrx_word' id='word_1_567' title='bbox 2313 3358 2408 3399; x_wconf 86' lang='lat' dir='ltr'><strong>eos</strong></span> <span class='ocrx_word' id='word_1_568' title='bbox 2437 3343 2528 3415; x_wconf 90' lang='lat' dir='ltr'><strong>qui</strong></span> <span class='ocrx_word' id='word_1_569' title='bbox 2560 3343 2897 3399; x_wconf 83' lang='lat' dir='ltr'><strong>interficiunt</strong></span> <span class='ocrx_word' id='word_1_570' title='bbox 2920 3356 3144 3411; x_wconf 90' lang='lat' dir='ltr'><strong>corpus,</strong></span> <span class='ocrx_word' id='word_1_571' title='bbox 3176 3341 3433 3395; x_wconf 82' lang='lat' dir='ltr'><strong>animam</strong></span> 
     </span>
    </p>
   </div>
   <div class='ocr_carea' id='block_1_75' title="bbox 1837 3431 3421 3507">
    <p class='ocr_par' dir='ltr' id='par_1_75' title="bbox 1837 3431 3421 3507">
     <span class='ocr_line' id='line_1_75' title="bbox 1837 3431 3421 3507; baseline -0.006 -11"><span class='ocrx_word' id='word_1_572' title='bbox 1837 3452 2014 3496; x_wconf 87' lang='lat' dir='ltr'><strong>autem</strong></span> <span class='ocrx_word' id='word_1_573' title='bbox 2079 3455 2184 3494; x_wconf 88' lang='lat' dir='ltr'><strong>non</strong></span> <span class='ocrx_word' id='word_1_574' title='bbox 2243 3446 2471 3507; x_wconf 90' lang='lat' dir='ltr'><strong>possunt</strong></span> <span class='ocrx_word' id='word_1_575' title='bbox 2524 3434 2773 3491; x_wconf 86' lang='lat' dir='ltr'><strong>occidere</strong></span> <span class='ocrx_word' id='word_1_576' title='bbox 2817 3435 2958 3490; x_wconf 88' lang='lat' dir='ltr'><strong>:sed</strong></span> <span class='ocrx_word' id='word_1_577' title='bbox 3009 3434 3189 3504; x_wconf 83' lang='lat' dir='ltr'><strong>potius</strong></span> <span class='ocrx_word' id='word_1_578' title='bbox 3236 3431 3421 3487; x_wconf 87' lang='lat' dir='ltr'><strong>timete</strong></span> 
     </span>
    </p>
   </div>
   <div class='ocr_carea' id='block_1_76' title="bbox 1841 3523 3417 3600">
    <p class='ocr_par' dir='ltr' id='par_1_76' title="bbox 1841 3523 3417 3600">
     <span class='ocr_line' id='line_1_76' title="bbox 1841 3523 3417 3600; baseline -0.007 -13"><span class='ocrx_word' id='word_1_579' title='bbox 1841 3548 1958 3588; x_wconf 86' lang='lat' dir='ltr'><strong>eum</strong></span> <span class='ocrx_word' id='word_1_580' title='bbox 2024 3533 2110 3600; x_wconf 92' lang='lat' dir='ltr'><strong>qui</strong></span> <span class='ocrx_word' id='word_1_581' title='bbox 2164 3538 2337 3599; x_wconf 87' lang='lat' dir='ltr'><strong>potest</strong></span> <span class='ocrx_word' id='word_1_582' title='bbox 2368 3538 2421 3582; x_wconf 90' lang='lat' dir='ltr'><strong>et</strong></span> <span class='ocrx_word' id='word_1_583' title='bbox 2453 3527 2692 3582; x_wconf 88' lang='lat' dir='ltr'><strong>animam</strong></span> <span class='ocrx_word' id='word_1_584' title='bbox 2757 3534 2811 3581; x_wconf 91' lang='lat' dir='ltr'><strong>et</strong></span> <span class='ocrx_word' id='word_1_585' title='bbox 2856 3540 3055 3596; x_wconf 88' lang='lat' dir='ltr'><strong>corpus</strong></span> <span class='ocrx_word' id='word_1_586' title='bbox 3090 3523 3317 3594; x_wconf 88' lang='lat' dir='ltr'><strong>perdere</strong></span> <span class='ocrx_word' id='word_1_587' title='bbox 3363 3523 3417 3577; x_wconf 95' lang='lat' dir='ltr'><strong>in</strong></span> 
     </span>
    </p>
   </div>
   <div class='ocr_carea' id='block_1_77' title="bbox 1840 3614 3418 3694">
    <p class='ocr_par' dir='ltr' id='par_1_77' title="bbox 1840 3614 3418 3694">
     <span class='ocr_line' id='line_1_77' title="bbox 1840 3614 3418 3694; baseline -0.005 -18"><span class='ocrx_word' id='word_1_588' title='bbox 1840 3622 2142 3694; x_wconf 79' lang='lat' dir='ltr'><strong>gehennam</strong></span> <span class='ocrx_word' id='word_1_589' title='bbox 2170 3620 2233 3672; x_wconf 76' lang='grc'><strong>⁸⁸.</strong></span> <span class='ocrx_word' id='word_1_590' title='bbox 2272 3638 2291 3671; x_wconf 82' lang='grc' dir='ltr'><strong>ι</strong></span> <span class='ocrx_word' id='word_1_591' title='bbox 2325 3618 2463 3672; x_wconf 86' lang='lat' dir='ltr'><strong>Alibi</strong></span> <span class='ocrx_word' id='word_1_592' title='bbox 2494 3633 2621 3672; x_wconf 83' lang='lat' dir='ltr'><strong>vero</strong></span> <span class='ocrx_word' id='word_1_593' title='bbox 2655 3635 2668 3673; x_wconf 89' lang='lat'><strong>:</strong></span> <span class='ocrx_word' id='word_1_594' title='bbox 2706 3636 2724 3668; x_wconf 80' lang='grc' dir='ltr'><strong>ι</strong></span> <span class='ocrx_word' id='word_1_595' title='bbox 2771 3616 2827 3670; x_wconf 90' lang='lat' dir='ltr'><strong>Si</strong></span> <span class='ocrx_word' id='word_1_596' title='bbox 2866 3615 2988 3686; x_wconf 82' lang='lat' dir='ltr'><strong>quis</strong></span> <span class='ocrx_word' id='word_1_597' title='bbox 3022 3614 3137 3669; x_wconf 84' lang='lat' dir='ltr'><strong>vult</strong></span> <span class='ocrx_word' id='word_1_598' title='bbox 3179 3623 3301 3684; x_wconf 87' lang='lat' dir='ltr'><strong>post</strong></span> <span class='ocrx_word' id='word_1_599' title='bbox 3331 3629 3418 3668; x_wconf 90' lang='lat' dir='ltr'><strong>me</strong></span> 
     </span>
    </p>
   </div>
   <div class='ocr_carea' id='block_1_78' title="bbox 1845 3708 3421 3783">
    <p class='ocr_par' dir='ltr' id='par_1_78' title="bbox 1845 3708 3421 3783">
     <span class='ocr_line' id='line_1_78' title="bbox 1845 3708 3421 3783; baseline -0.005 -14"><span class='ocrx_word' id='word_1_600' title='bbox 1845 3715 2044 3775; x_wconf 85' lang='lat' dir='ltr'><strong>venire,</strong></span> <span class='ocrx_word' id='word_1_601' title='bbox 2069 3714 2300 3783; x_wconf 79' lang='lat' dir='ltr'><strong>abneget</strong></span> <span class='ocrx_word' id='word_1_602' title='bbox 2331 3715 2705 3782; x_wconf 85' lang='lat' dir='ltr'><strong>semetipsum,</strong></span> <span class='ocrx_word' id='word_1_603' title='bbox 2743 3720 2796 3765; x_wconf 87' lang='lat' dir='ltr'><strong>et.</strong></span> <span class='ocrx_word' id='word_1_604' title='bbox 2844 3708 2996 3763; x_wconf 85' lang='lat' dir='ltr'><strong>tollat</strong></span> <span class='ocrx_word' id='word_1_605' title='bbox 3021 3721 3237 3763; x_wconf 89' lang='lat' dir='ltr'><strong>crucem</strong></span> <span class='ocrx_word' id='word_1_606' title='bbox 3264 3721 3421 3761; x_wconf 79' lang='lat' dir='ltr'><strong>suam</strong></span> 
     </span>
    </p>
   </div>
   <div class='ocr_carea' id='block_1_79' title="bbox 1844 3800 3437 3877">
    <p class='ocr_par' dir='ltr' id='par_1_79' title="bbox 1844 3800 3437 3877">
     <span class='ocr_line' id='line_1_79' title="bbox 1844 3800 3437 3877; baseline -0.006 -14"><span class='ocrx_word' id='word_1_607' title='bbox 1844 3817 1893 3863; x_wconf 84' lang='lat' dir='ltr'><strong>et</strong></span> <span class='ocrx_word' id='word_1_608' title='bbox 1939 3814 2197 3877; x_wconf 89' lang='lat' dir='ltr'><strong>sequatur</strong></span> <span class='ocrx_word' id='word_1_609' title='bbox 2231 3820 2315 3858; x_wconf 88' lang='lat' dir='ltr'><strong>me</strong></span> <span class='ocrx_word' id='word_1_610' title='bbox 2337 3803 2401 3858; x_wconf 83' lang='grc'><strong>⁶⁹.</strong></span> <span class='ocrx_word' id='word_1_611' title='bbox 2437 3820 2455 3855; x_wconf 77' lang='grc' dir='ltr'><strong>ι</strong></span> <span class='ocrx_word' id='word_1_612' title='bbox 2510 3802 2664 3869; x_wconf 86' lang='lat' dir='ltr'><strong>Quod</strong></span> <span class='ocrx_word' id='word_1_613' title='bbox 2721 3809 2903 3856; x_wconf 89' lang='lat' dir='ltr'><strong>autem</strong></span> <span class='ocrx_word' id='word_1_614' title='bbox 2950 3808 3201 3872; x_wconf 84' lang='lat' dir='ltr'><strong>Oporteat</strong></span> <span class='ocrx_word' id='word_1_615' title='bbox 3247 3800 3437 3869; x_wconf 86' lang='lat' dir='ltr'><strong>ipsum.</strong></span> 
     </span>
    </p>
   </div>
   <div class='ocr_carea' id='block_1_80' title="bbox 1841 3892 3433 3969">
    <p class='ocr_par' dir='ltr' id='par_1_80' title="bbox 1841 3892 3433 3969">
     <span class='ocr_line' id='line_1_80' title="bbox 1841 3892 3433 3969; baseline -0.008 -12"><span class='ocrx_word' id='word_1_616' title='bbox 1841 3898 2014 3969; x_wconf 88' lang='lat' dir='ltr'><strong>sequi,</strong></span> <span class='ocrx_word' id='word_1_617' title='bbox 2057 3899 2319 3968; x_wconf 88' lang='lat' dir='ltr'><strong>quidnam</strong></span> <span class='ocrx_word' id='word_1_618' title='bbox 2363 3896 2507 3950; x_wconf 88' lang='lat' dir='ltr'><strong>aliud</strong></span> <span class='ocrx_word' id='word_1_619' title='bbox 2548 3894 2842 3965; x_wconf 73' lang='lat' dir='ltr'><strong>significet,</strong></span> <span class='ocrx_word' id='word_1_620' title='bbox 2874 3910 3037 3964; x_wconf 83' lang='lat' dir='ltr'><strong>quant</strong></span> <span class='ocrx_word' id='word_1_621' title='bbox 3084 3892 3285 3948; x_wconf 88' lang='lat' dir='ltr'><strong>debere</strong></span> <span class='ocrx_word' id='word_1_622' title='bbox 3326 3907 3433 3946; x_wconf 87' lang='lat' dir='ltr'><strong>nos</strong></span> 
     </span>
    </p>
   </div>
   <div class='ocr_carea' id='block_1_81' title="bbox 1841 3984 3425 4053">
    <p class='ocr_par' dir='ltr' id='par_1_81' title="bbox 1841 3984 3425 4053">
     <span class='ocr_line' id='line_1_81' title="bbox 1841 3984 3425 4053; baseline -0.008 -4"><span class='ocrx_word' id='word_1_623' title='bbox 1841 3993 2054 4049; x_wconf 82' lang='lat' dir='ltr'><strong>fortiter</strong></span> <span class='ocrx_word' id='word_1_624' title='bbox 2097 3989 2366 4046; x_wconf 90' lang='lat' dir='ltr'><strong>obsistere</strong></span> <span class='ocrx_word' id='word_1_625' title='bbox 2430 3987 2843 4053; x_wconf 88' lang='lat' dir='ltr'><strong>tentationibus,</strong></span> <span class='ocrx_word' id='word_1_626' title='bbox 2908 4001 3034 4042; x_wconf 90' lang='lat' dir='ltr'><strong>cum</strong></span> <span class='ocrx_word' id='word_1_627' title='bbox 3082 3984 3425 4041; x_wconf 89' lang='lat' dir='ltr'><strong>invocatione</strong></span> 
     </span>
    </p>
   </div>
   <div class='ocr_carea' id='block_1_82' title="bbox 1841 4076 3439 4151">
    <p class='ocr_par' dir='ltr' id='par_1_82' title="bbox 1841 4076 3439 4151">
     <span class='ocr_line' id='line_1_82' title="bbox 1841 4076 3439 4151; baseline -0.008 -10"><span class='ocrx_word' id='word_1_628' title='bbox 1841 4085 2027 4141; x_wconf 82' lang='lat' dir='ltr'><strong>auxilii</strong></span> <span class='ocrx_word' id='word_1_629' title='bbox 2053 4082 2241 4149; x_wconf 83' lang='lat' dir='ltr'><strong>divini,</strong></span> <span class='ocrx_word' id='word_1_630' title='bbox 2268 4096 2375 4137; x_wconf 91' lang='lat' dir='ltr'><strong>non</strong></span> <span class='ocrx_word' id='word_1_631' title='bbox 2403 4080 2743 4151; x_wconf 76' lang='lat' dir='ltr'><strong>negligenter</strong></span> <span class='ocrx_word' id='word_1_632' title='bbox 2766 4094 2829 4133; x_wconf 89' lang='lat' dir='ltr'><strong>ac</strong></span> <span class='ocrx_word' id='word_1_633' title='bbox 2856 4079 3104 4142; x_wconf 88' lang='lat' dir='ltr'><strong>remisse,</strong></span> <span class='ocrx_word' id='word_1_634' title='bbox 3134 4077 3227 4132; x_wconf 90' lang='lat' dir='ltr'><strong>sed</strong></span> <span class='ocrx_word' id='word_1_635' title='bbox 3250 4076 3439 4146; x_wconf 78' lang='lat' dir='ltr'><strong>potius</strong></span> 
     </span>
    </p>
   </div>
   <div class='ocr_carea' id='block_1_83' title="bbox 1842 4168 3426 4245">
    <p class='ocr_par' dir='ltr' id='par_1_83' title="bbox 1842 4168 3426 4245">
     <span class='ocr_line' id='line_1_83' title="bbox 1842 4168 3426 4245; baseline -0.006 -11"><span class='ocrx_word' id='word_1_636' title='bbox 1842 4187 2057 4234; x_wconf 86' lang='lat' dir='ltr'><strong>utentes</strong></span> <span class='ocrx_word' id='word_1_637' title='bbox 2084 4176 2339 4245; x_wconf 85' lang='lat' dir='ltr'><strong>precibus</strong></span> <span class='ocrx_word' id='word_1_638' title='bbox 2361 4170 2806 4238; x_wconf 87' lang='lat' dir='ltr'><strong>ferventissimis,</strong></span> <span class='ocrx_word' id='word_1_639' title='bbox 2838 4171 2953 4242; x_wconf 86' lang='lat' dir='ltr'><strong>pias</strong></span> <span class='ocrx_word' id='word_1_640' title='bbox 2974 4172 3128 4226; x_wconf 88' lang='lat' dir='ltr'><strong>nobis</strong></span> <span class='ocrx_word' id='word_1_641' title='bbox 3168 4185 3233 4224; x_wconf 78' lang='lat' dir='ltr'><strong>ex</strong></span> <span class='ocrx_word' id='word_1_642' title='bbox 3259 4168 3426 4226; x_wconf 80' lang='lat' dir='ltr'><strong>oculis</strong></span> 
     </span>
    </p>
   </div>
   <div class='ocr_carea' id='block_1_84' title="bbox 1843 4264 3043 4336">
    <p class='ocr_par' dir='ltr' id='par_1_84' title="bbox 1843 4264 3043 4336">
     <span class='ocr_line' id='line_1_84' title="bbox 1843 4264 3043 4336; baseline -0.008 -12"><span class='ocrx_word' id='word_1_643' title='bbox 1843 4270 2110 4336; x_wconf 85' lang='lat' dir='ltr'><strong>lacrymas</strong></span> <span class='ocrx_word' id='word_1_644' title='bbox 2145 4264 2566 4321; x_wconf 86' lang='lat' dir='ltr'><strong>excutientibus.</strong></span> <span class='ocrx_word' id='word_1_645' title='bbox 3038 4294 3043 4297; x_wconf 70' lang='grc' dir='ltr'><strong>ι</strong></span> 
     </span>
    </p>
   </div>
   <div class='ocr_carea' id='block_1_85' title="bbox 163 4339 3427 4428">
    <p class='ocr_par' dir='ltr' id='par_1_85' title="bbox 163 4339 3427 4428">
     <span class='ocr_line' id='line_1_85' title="bbox 163 4339 3427 4428; baseline -0.005 -20"><span class='ocrx_word' id='word_1_646' title='bbox 163 4357 251 4410; x_wconf 81' lang='grc' dir='ltr'><strong>οὐκ</strong></span> <span class='ocrx_word' id='word_1_647' title='bbox 276 4354 577 4428; x_wconf 75' lang='grc' dir='ltr'>ἀτημελῶς</span> <span class='ocrx_word' id='word_1_648' title='bbox 615 4369 676 4406; x_wconf 89' lang='grc' dir='ltr'><strong>τε</strong></span> <span class='ocrx_word' id='word_1_649' title='bbox 714 4352 809 4407; x_wconf 84' lang='grc' dir='ltr'>καὶ</span> <span class='ocrx_word' id='word_1_650' title='bbox 841 4351 1217 4422; x_wconf 83' lang='grc' dir='ltr'>παρειμένως,</span> <span class='ocrx_word' id='word_1_651' title='bbox 1250 4347 1634 4419; x_wconf 74' lang='grc' dir='ltr'>κεχρημένους</span> <span class='ocrx_word' id='word_1_652' title='bbox 1673 4344 1728 4397; x_wconf 78' lang='grc' dir='ltr'>δὲ</span> <span class='ocrx_word' id='word_1_653' title='bbox 1777 4346 1980 4419; x_wconf 79' lang='grc' dir='ltr'>μᾶλλον</span> <span class='ocrx_word' id='word_1_654' title='bbox 2013 4344 2191 4407; x_wconf 82' lang='grc' dir='ltr'>λιταῖς</span> <span class='ocrx_word' id='word_1_655' title='bbox 2237 4346 2357 4409; x_wconf 88' lang='grc' dir='ltr'>ταῖς</span> <span class='ocrx_word' id='word_1_656' title='bbox 2389 4344 2807 4407; x_wconf 81' lang='grc' dir='ltr'>ὲκτενεστάταις</span> <span class='ocrx_word' id='word_1_657' title='bbox 2850 4341 2946 4398; x_wconf 68' lang='grc' dir='ltr'><strong>καὶ</strong></span> <span class='ocrx_word' id='word_1_658' title='bbox 2974 4341 3269 4406; x_wconf 79' lang='grc' dir='ltr'>καθιέντας</span> <span class='ocrx_word' id='word_1_659' title='bbox 3320 4339 3427 4415; x_wconf 80' lang='grc' dir='ltr'>δμ-</span> 
     </span>
    </p>
   </div>
   <div class='ocr_carea' id='block_1_86' title="bbox 166 4446 1139 4521">
    <p class='ocr_par' dir='ltr' id='par_1_86' title="bbox 166 4446 1139 4521">
     <span class='ocr_line' id='line_1_86' title="bbox 166 4446 1139 4521; baseline -0.009 -15"><span class='ocrx_word' id='word_1_660' title='bbox 166 4455 338 4521; x_wconf 84' lang='grc' dir='ltr'>μάτων</span> <span class='ocrx_word' id='word_1_661' title='bbox 370 4456 434 4505; x_wconf 76' lang='grc' dir='ltr'>τὸ</span> <span class='ocrx_word' id='word_1_662' title='bbox 469 4449 532 4515; x_wconf 77' lang='grc' dir='ltr'>ἐξ</span> <span class='ocrx_word' id='word_1_663' title='bbox 562 4448 849 4511; x_wconf 73' lang='grc' dir='ltr'>εὐλαϐείας</span> <span class='ocrx_word' id='word_1_664' title='bbox 874 4446 1139 4518; x_wconf 83' lang='grc' dir='ltr'>δάκρυον;</span> 
     </span>
    </p>
   </div>
   <div class='ocr_carea' id='block_1_87' title="bbox 169 4531 1726 4607">
    <p class='ocr_par' dir='ltr' id='par_1_87' title="bbox 169 4531 1726 4607">
     <span class='ocr_line' id='line_1_87' title="bbox 169 4531 1726 4607; baseline -0.012 -8"><span class='ocrx_word' id='word_1_665' title='bbox 169 4546 267 4599; x_wconf 85' lang='grc' dir='ltr'><strong>Τοῦ</strong></span> <span class='ocrx_word' id='word_1_666' title='bbox 301 4545 496 4599; x_wconf 78' lang='grc' dir='ltr'>αὐτοῦ</span> <span class='ocrx_word' id='word_1_667' title='bbox 538 4543 609 4595; x_wconf 76' lang='grc' dir='ltr'>ἐκ</span> <span class='ocrx_word' id='word_1_668' title='bbox 643 4539 761 4594; x_wconf 80' lang='grc' dir='ltr'><strong>τῶν</strong></span> <span class='ocrx_word' id='word_1_669' title='bbox 790 4539 926 4607; x_wconf 78' lang='grc' dir='ltr'>περὶ</span> <span class='ocrx_word' id='word_1_670' title='bbox 968 4538 1079 4604; x_wconf 84' lang='grc' dir='ltr'>τῆς</span> <span class='ocrx_word' id='word_1_671' title='bbox 1112 4534 1389 4598; x_wconf 80' lang='grc' dir='ltr'>ἐνώσεως</span> <span class='ocrx_word' id='word_1_672' title='bbox 1428 4534 1471 4584; x_wconf 84' lang='grc' dir='ltr'><em>Σ</em></span> <span class='ocrx_word' id='word_1_673' title='bbox 1475 4531 1726 4598; x_wconf 78' lang='grc' dir='ltr'>χολίων.</span> 
     </span>
    </p>
   </div>
   <div class='ocr_carea' id='block_1_88' title="bbox 224 4621 1739 4704">
    <p class='ocr_par' dir='ltr' id='par_1_88' title="bbox 224 4621 1739 4704">
     <span class='ocr_line' id='line_1_88' title="bbox 224 4621 1739 4704; baseline -0.011 -14"><span class='ocrx_word' id='word_1_674' title='bbox 224 4637 294 4689; x_wconf 84' lang='grc' dir='ltr'><strong>Τὸ</strong></span> <span class='ocrx_word' id='word_1_675' title='bbox 318 4638 421 4704; x_wconf 82' lang='grc' dir='ltr'>τῆς</span> <span class='ocrx_word' id='word_1_676' title='bbox 455 4635 709 4695; x_wconf 83' lang='grc' dir='ltr'>ὲνώσεως</span> <span class='ocrx_word' id='word_1_677' title='bbox 748 4631 937 4702; x_wconf 76' lang='grc' dir='ltr'>χρῆμα</span> <span class='ocrx_word' id='word_1_678' title='bbox 969 4631 1111 4682; x_wconf 76' lang='grc' dir='ltr'>κατὰ</span> <span class='ocrx_word' id='word_1_679' title='bbox 1145 4624 1375 4687; x_wconf 62' lang='grc' dir='ltr'>πολλοὺς</span> <span class='ocrx_word' id='word_1_680' title='bbox 1408 4621 1739 4675; x_wconf 78' lang='grc' dir='ltr'>ἐπιτελεῖται</span> 
     </span>
    </p>
   </div>
   <div class='ocr_carea' id='block_1_89' title="bbox 2182 4527 3113 4599">
    <p class='ocr_par' dir='ltr' id='par_1_89' title="bbox 2182 4527 3113 4599">
     <span class='ocr_line' id='line_1_89' title="bbox 2182 4527 3113 4599; baseline -0.003 -16"><span class='ocrx_word' id='word_1_681' title='bbox 2182 4530 2433 4599; x_wconf 73' lang='lat' dir='ltr'><strong>Ejusdem</strong></span> <span class='ocrx_word' id='word_1_682' title='bbox 2465 4546 2527 4583; x_wconf 75' lang='lat' dir='ltr'><strong>ex</strong></span> <span class='ocrx_word' id='word_1_683' title='bbox 2559 4527 2779 4583; x_wconf 79' lang='lat' dir='ltr'><strong>Sc/tolt&#39;is</strong></span> <span class='ocrx_word' id='word_1_684' title='bbox 2810 4528 2873 4581; x_wconf 88' lang='lat' dir='ltr'><strong>de</strong></span> <span class='ocrx_word' id='word_1_685' title='bbox 2904 4530 3113 4583; x_wconf 81' lang='lat' dir='ltr'><strong>unione.</strong></span> 
     </span>
    </p>
   </div>
   <div class='ocr_carea' id='block_1_90' title="bbox 1922 4619 3430 4689">
    <p class='ocr_par' dir='ltr' id='par_1_90' title="bbox 1922 4619 3430 4689">
     <span class='ocr_line' id='line_1_90' title="bbox 1922 4619 3430 4689; baseline -0.001 -15"><span class='ocrx_word' id='word_1_686' title='bbox 1922 4620 2196 4675; x_wconf 81' lang='lat' dir='ltr'><strong>Adtmatio</strong></span> <span class='ocrx_word' id='word_1_687' title='bbox 2229 4620 2415 4674; x_wconf 89' lang='lat' dir='ltr'><strong>multis</strong></span> <span class='ocrx_word' id='word_1_688' title='bbox 2449 4621 2626 4674; x_wconf 87' lang='lat' dir='ltr'><strong>modis</strong></span> <span class='ocrx_word' id='word_1_689' title='bbox 2668 4619 2926 4689; x_wconf 82' lang='lat' dir='ltr'><strong>impletur</strong></span> <span class='ocrx_word' id='word_1_690' title='bbox 2958 4637 2973 4675; x_wconf 89' lang='lat'><strong>:</strong></span> <span class='ocrx_word' id='word_1_691' title='bbox 3018 4620 3255 4688; x_wconf 84' lang='lat' dir='ltr'><strong>sejuncti</strong></span> <span class='ocrx_word' id='word_1_692' title='bbox 3284 4621 3430 4674; x_wconf 90' lang='lat' dir='ltr'><strong>enim</strong></span> 
     </span>
    </p>
   </div>
   <div class='ocr_carea' id='block_1_91' title="bbox 161 4688 1728 4800">
    <p class='ocr_par' dir='ltr' id='par_1_91' title="bbox 161 4688 1728 4800">
     <span class='ocr_line' id='line_1_91' title="bbox 161 4688 1728 4800; baseline -0.01 -19"><span class='ocrx_word' id='word_1_693' title='bbox 161 4688 419 4796; x_wconf 68' lang='grc' dir='ltr'>τρόπους</span> <span class='ocrx_word' id='word_1_694' title='bbox 456 4688 799 4800; x_wconf 44' lang='grc' dir='ltr'>διῃρημέναι.</span> <span class='ocrx_word' id='word_1_695' title='bbox 830 4688 938 4791; x_wconf 42' lang='grc' dir='ltr'>ξαρ</span> <span class='ocrx_word' id='word_1_696' title='bbox 974 4738 1120 4784; x_wconf 88' lang='grc' dir='ltr'>τινες</span> <span class='ocrx_word' id='word_1_697' title='bbox 1175 4718 1314 4772; x_wconf 78' lang='grc' dir='ltr'>κατᾶ</span> <span class='ocrx_word' id='word_1_698' title='bbox 1368 4714 1614 4770; x_wconf 79' lang='grc' dir='ltr'>διάθεσιν</span> <span class='ocrx_word' id='word_1_699' title='bbox 1648 4714 1728 4767; x_wconf 59' lang='grc' dir='ltr'><strong>καί</strong></span> 
     </span>
    </p>
   </div>
   <div class='ocr_carea' id='block_1_92' title="bbox 1922 4688 3434 4800">
    <p class='ocr_par' dir='ltr' id='par_1_92' title="bbox 1928 4688 3434 4775">
     <span class='ocr_line' id='line_1_92' title="bbox 1928 4688 3434 4775; baseline -0.003 -10"><span class='ocrx_word' id='word_1_700' title='bbox 1928 4710 2098 4766; x_wconf 91' lang='lat' dir='ltr'><strong>nnulli</strong></span> <span class='ocrx_word' id='word_1_701' title='bbox 2120 4709 2314 4765; x_wconf 73' lang='lat' dir='ltr'><strong>aﬂectu</strong></span> <span class='ocrx_word' id='word_1_702' title='bbox 2350 4711 2432 4765; x_wconf 91' lang='lat' dir='ltr'><strong>vel</strong></span> <span class='ocrx_word' id='word_1_703' title='bbox 2466 4688 2766 4775; x_wconf 79' lang='lat' dir='ltr'><strong>voluntate,</strong></span> <span class='ocrx_word' id='word_1_704' title='bbox 2788 4718 2843 4764; x_wconf 86' lang='lat' dir='ltr'><strong>et</strong></span> <span class='ocrx_word' id='word_1_705' title='bbox 2868 4709 3250 4763; x_wconf 86' lang='lat' dir='ltr'><strong>discordantes</strong></span> <span class='ocrx_word' id='word_1_706' title='bbox 3294 4710 3434 4764; x_wconf 86' lang='lat' dir='ltr'><strong>inter</strong></span> 
     </span>
    </p>
   </div>
   <div class='ocr_carea' id='block_1_93' title="bbox 161 4804 1742 4893">
    <p class='ocr_par' dir='ltr' id='par_1_93' title="bbox 161 4804 1742 4893">
     <span class='ocr_line' id='line_1_93' title="bbox 161 4804 1742 4893; baseline -0.011 -18"><span class='ocrx_word' id='word_1_707' title='bbox 161 4821 398 4893; x_wconf 78' lang='grc' dir='ltr'>γνώμην,</span> <span class='ocrx_word' id='word_1_708' title='bbox 433 4822 536 4877; x_wconf 72' lang='grc' dir='ltr'><strong>καὶ</strong></span> <span class='ocrx_word' id='word_1_709' title='bbox 575 4818 937 4890; x_wconf 78' lang='grc' dir='ltr'>διχονοοῦντες</span> <span class='ocrx_word' id='word_1_710' title='bbox 970 4815 1105 4883; x_wconf 74' lang='grc' dir='ltr'>πρὸς</span> <span class='ocrx_word' id='word_1_711' title='bbox 1140 4809 1406 4879; x_wconf 82' lang='grc' dir='ltr'>ἀλλήλους</span> <span class='ocrx_word' id='word_1_712' title='bbox 1428 4847 1442 4871; x_wconf 94' lang='grc'><strong>,</strong></span> <span class='ocrx_word' id='word_1_713' title='bbox 1490 4804 1742 4859; x_wconf 83' lang='grc' dir='ltr'>ὲνοῦσθαι</span> 
     </span>
    </p>
   </div>
   <div class='ocr_carea' id='block_1_94' title="bbox 160 4893 1741 4982">
    <p class='ocr_par' dir='ltr' id='par_1_94' title="bbox 160 4893 1741 4982">
     <span class='ocr_line' id='line_1_94' title="bbox 160 4893 1741 4982; baseline -0.01 -17"><span class='ocrx_word' id='word_1_714' title='bbox 160 4893 405 4982; x_wconf 41' lang='grc' dir='ltr'>λέῆονται</span> <span class='ocrx_word' id='word_1_715' title='bbox 432 4915 583 4970; x_wconf 64' lang='grc' dir='ltr'>κατὰ</span> <span class='ocrx_word' id='word_1_716' title='bbox 608 4910 876 4982; x_wconf 77' lang='grc' dir='ltr'>σύμϐασιν</span> <span class='ocrx_word' id='word_1_717' title='bbox 909 4906 1155 4978; x_wconf 76' lang='grc' dir='ltr'>φιλικὴν,</span> <span class='ocrx_word' id='word_1_718' title='bbox 1178 4906 1241 4957; x_wconf 82' lang='grc' dir='ltr'>ὲκ</span> <span class='ocrx_word' id='word_1_719' title='bbox 1263 4902 1429 4968; x_wconf 80' lang='grc' dir='ltr'>μέσου</span> <span class='ocrx_word' id='word_1_720' title='bbox 1454 4897 1741 4960; x_wconf 77' lang='grc' dir='ltr'>ποιοῦντες</span> 
     </span>
    </p>
   </div>
   <div class='ocr_carea' id='block_1_95' title="bbox 157 4991 1740 5080">
    <p class='ocr_par' dir='ltr' id='par_1_95' title="bbox 157 4991 1740 5080">
     <span class='ocr_line' id='line_1_95' title="bbox 157 4991 1740 5080; baseline -0.009 -22"><span class='ocrx_word' id='word_1_721' title='bbox 157 5008 249 5069; x_wconf 69' lang='grc' dir='ltr'><strong>τὰς</strong></span> <span class='ocrx_word' id='word_1_722' title='bbox 290 5008 571 5080; x_wconf 79' lang='grc' dir='ltr'>διαφοράς</span> <span class='ocrx_word' id='word_1_723' title='bbox 594 5024 609 5039; x_wconf 69' lang='grc' dir='ltr'><strong>υ</strong></span> <span class='ocrx_word' id='word_1_724' title='bbox 644 5003 896 5059; x_wconf 79' lang='grc' dir='ltr'>ἐνοῦσθαι</span> <span class='ocrx_word' id='word_1_725' title='bbox 926 4999 985 5054; x_wconf 83' lang='grc' dir='ltr'><strong>δέ</strong></span> <span class='ocrx_word' id='word_1_726' title='bbox 1010 5014 1195 5069; x_wconf 81' lang='grc' dir='ltr'>φαμεν</span> <span class='ocrx_word' id='word_1_727' title='bbox 1242 4997 1340 5050; x_wconf 71' lang='grc' dir='ltr'>καὶ</span> <span class='ocrx_word' id='word_1_728' title='bbox 1371 4995 1440 5049; x_wconf 77' lang='grc' dir='ltr'>τὰ</span> <span class='ocrx_word' id='word_1_729' title='bbox 1490 4991 1740 5063; x_wconf 75' lang='grc' dir='ltr'>ἀλλήλοις</span> 
     </span>
    </p>
   </div>
   <div class='ocr_carea' id='block_1_96' title="bbox 158 5082 1741 5169">
    <p class='ocr_par' dir='ltr' id='par_1_96' title="bbox 158 5082 1741 5169">
     <span class='ocr_line' id='line_1_96' title="bbox 158 5082 1741 5169; baseline -0.008 -21"><span class='ocrx_word' id='word_1_730' title='bbox 158 5098 497 5169; x_wconf 83' lang='grc' dir='ltr'>κολλώμενα,</span> <span class='ocrx_word' id='word_1_731' title='bbox 531 5099 699 5169; x_wconf 76' lang='grc' dir='ltr'>ἧγουν</span> <span class='ocrx_word' id='word_1_732' title='bbox 751 5091 1129 5165; x_wconf 78' lang='grc' dir='ltr'>συνηνεγμένα</span> <span class='ocrx_word' id='word_1_733' title='bbox 1184 5087 1307 5143; x_wconf 84' lang='grc' dir='ltr'>καθ’</span> <span class='ocrx_word' id='word_1_734' title='bbox 1342 5087 1565 5158; x_wconf 78' lang='grc' dir='ltr'>ἑτέρους</span> <span class='ocrx_word' id='word_1_735' title='bbox 1616 5082 1741 5155; x_wconf 79' lang='grc' dir='ltr'>τρό-</span> 
     </span>
    </p>
   </div>
   <div class='ocr_carea' id='block_1_97' title="bbox 158 5176 1743 5259">
    <p class='ocr_par' dir='ltr' id='par_1_97' title="bbox 158 5176 1743 5259">
     <span class='ocr_line' id='line_1_97' title="bbox 158 5176 1743 5259; baseline -0.008 -19"><span class='ocrx_word' id='word_1_736' title='bbox 158 5202 307 5252; x_wconf 81' lang='grc' dir='ltr'>πους,</span> <span class='ocrx_word' id='word_1_737' title='bbox 342 5190 379 5259; x_wconf 74' lang='grc' dir='ltr'>ἢ</span> <span class='ocrx_word' id='word_1_738' title='bbox 417 5189 567 5243; x_wconf 85' lang='grc' dir='ltr'>κατὰ</span> <span class='ocrx_word' id='word_1_739' title='bbox 602 5186 929 5257; x_wconf 71' lang='grc' dir='ltr'>παράθεσιν,</span> <span class='ocrx_word' id='word_1_740' title='bbox 966 5183 1000 5254; x_wconf 84' lang='grc' dir='ltr'>ἢ</span> <span class='ocrx_word' id='word_1_741' title='bbox 1039 5180 1207 5251; x_wconf 80' lang='grc' dir='ltr'>μίξιν,</span> <span class='ocrx_word' id='word_1_742' title='bbox 1251 5178 1284 5249; x_wconf 75' lang='grc' dir='ltr'><strong>ἢ</strong></span> <span class='ocrx_word' id='word_1_743' title='bbox 1329 5178 1525 5247; x_wconf 83' lang='grc' dir='ltr'>κρᾶσιν</span> <span class='ocrx_word' id='word_1_744' title='bbox 1549 5192 1564 5207; x_wconf 72' lang='grc' dir='ltr'><strong><em>ο</em></strong></span> <span class='ocrx_word' id='word_1_745' title='bbox 1611 5176 1743 5228; x_wconf 80' lang='grc' dir='ltr'>ὅταν</span> 
     </span>
    </p>
   </div>
   <div class='ocr_carea' id='block_1_98' title="bbox 158 5267 1741 5350">
    <p class='ocr_par' dir='ltr' id='par_1_98' title="bbox 158 5267 1741 5350">
     <span class='ocr_line' id='line_1_98' title="bbox 158 5267 1741 5350; baseline -0.006 -20"><span class='ocrx_word' id='word_1_746' title='bbox 158 5276 245 5331; x_wconf 78' lang='grc' dir='ltr'><strong>οὖν</strong></span> <span class='ocrx_word' id='word_1_747' title='bbox 285 5280 550 5335; x_wconf 81' lang='grc' dir='ltr'>ὲνοῦσθαι</span> <span class='ocrx_word' id='word_1_748' title='bbox 580 5280 815 5350; x_wconf 80' lang='grc' dir='ltr'>λέγομεν</span> <span class='ocrx_word' id='word_1_749' title='bbox 851 5279 916 5346; x_wconf 80' lang='grc' dir='ltr'>τῇ</span> <span class='ocrx_word' id='word_1_750' title='bbox 953 5274 1076 5327; x_wconf 77' lang='grc' dir='ltr'>καθ’</span> <span class='ocrx_word' id='word_1_751' title='bbox 1117 5274 1263 5344; x_wconf 73' lang='grc' dir='ltr'>ἡμᾶς</span> <span class='ocrx_word' id='word_1_752' title='bbox 1298 5269 1460 5339; x_wconf 78' lang='grc' dir='ltr'>φύσει</span> <span class='ocrx_word' id='word_1_753' title='bbox 1507 5269 1599 5324; x_wconf 77' lang='grc' dir='ltr'><strong>τὸν</strong></span> <span class='ocrx_word' id='word_1_754' title='bbox 1646 5267 1741 5322; x_wconf 86' lang='grc' dir='ltr'><strong>τοῦ</strong></span> 
     </span>
    </p>
   </div>
   <div class='ocr_carea' id='block_1_99' title="bbox 156 5360 1741 5441">
    <p class='ocr_par' dir='ltr' id='par_1_99' title="bbox 156 5360 1741 5441">
     <span class='ocr_line' id='line_1_99' title="bbox 156 5360 1741 5441; baseline -0.007 -17"><span class='ocrx_word' id='word_1_755' title='bbox 156 5372 286 5425; x_wconf 85' lang='grc' dir='ltr'>Θεοῦ</span> <span class='ocrx_word' id='word_1_756' title='bbox 317 5373 525 5440; x_wconf 70' lang='grc' dir='ltr'>Λόγον,</span> <span class='ocrx_word' id='word_1_757' title='bbox 552 5373 814 5441; x_wconf 84' lang='grc' dir='ltr'>κρείττων</span> <span class='ocrx_word' id='word_1_758' title='bbox 836 5370 1030 5441; x_wconf 79' lang='grc' dir='ltr'>ὁρᾶται</span> <span class='ocrx_word' id='word_1_759' title='bbox 1062 5366 1162 5435; x_wconf 81' lang='grc' dir='ltr'>τῆς</span> <span class='ocrx_word' id='word_1_760' title='bbox 1188 5363 1476 5433; x_wconf 82' lang='grc' dir='ltr'>ἀνθρώπου</span> <span class='ocrx_word' id='word_1_761' title='bbox 1503 5360 1741 5425; x_wconf 85' lang='grc' dir='ltr'>διανοίας</span> 
     </span>
    </p>
   </div>
   <div class='ocr_carea' id='block_1_100' title="bbox 157 5454 1749 5536">
    <p class='ocr_par' dir='ltr' id='par_1_100' title="bbox 157 5454 1749 5536">
     <span class='ocr_line' id='line_1_100' title="bbox 157 5454 1749 5536; baseline -0.013 -11"><span class='ocrx_word' id='word_1_762' title='bbox 157 5466 304 5536; x_wconf 78' lang='grc' dir='ltr'>ὁτῆς</span> <span class='ocrx_word' id='word_1_763' title='bbox 353 5468 611 5529; x_wconf 78' lang='grc' dir='ltr'>ὲνώσειιις</span> <span class='ocrx_word' id='word_1_764' title='bbox 649 5465 887 5536; x_wconf 77' lang='grc' dir='ltr'>τρόπος·</span> <span class='ocrx_word' id='word_1_765' title='bbox 922 5462 983 5515; x_wconf 83' lang='grc' dir='ltr'>οὐ</span> <span class='ocrx_word' id='word_1_766' title='bbox 1037 5461 1145 5528; x_wconf 73' lang='grc' dir='ltr'><strong>γάρ</strong></span> <span class='ocrx_word' id='word_1_767' title='bbox 1190 5474 1275 5510; x_wconf 84' lang='grc' dir='ltr'><strong>τοι</strong></span> <span class='ocrx_word' id='word_1_768' title='bbox 1320 5454 1446 5509; x_wconf 88' lang='grc' dir='ltr'>καθ’</span> <span class='ocrx_word' id='word_1_769' title='bbox 1495 5454 1595 5507; x_wconf 75' lang='grc' dir='ltr'><strong>ἕνα</strong></span> <span class='ocrx_word' id='word_1_770' title='bbox 1638 5454 1749 5506; x_wconf 85' lang='grc' dir='ltr'><strong>τῶν</strong></span> 
     </span>
    </p>
   </div>
   <div class='ocr_carea' id='block_1_101' title="bbox 157 5546 1750 5631">
    <p class='ocr_par' dir='ltr' id='par_1_101' title="bbox 157 5546 1750 5631">
     <span class='ocr_line' id='line_1_101' title="bbox 157 5546 1750 5631; baseline -0.009 -20"><span class='ocrx_word' id='word_1_771' title='bbox 157 5560 472 5631; x_wconf 77' lang='grc' dir='ltr'>εἰρημένων</span> <span class='ocrx_word' id='word_1_772' title='bbox 498 5561 644 5612; x_wconf 75' lang='grc' dir='ltr'>ἐστίν</span> <span class='ocrx_word' id='word_1_773' title='bbox 666 5572 678 5586; x_wconf 73' lang='grc'><strong><em>³</em></strong></span> <span class='ocrx_word' id='word_1_774' title='bbox 706 5557 1018 5628; x_wconf 66' lang='grc' dir='ltr'>ἀπόρρητος</span> <span class='ocrx_word' id='word_1_775' title='bbox 1045 5553 1099 5605; x_wconf 84' lang='grc' dir='ltr'><strong>δὲ</strong></span> <span class='ocrx_word' id='word_1_776' title='bbox 1135 5548 1435 5613; x_wconf 83' lang='grc' dir='ltr'>παντελῶς,</span> <span class='ocrx_word' id='word_1_777' title='bbox 1455 5549 1549 5601; x_wconf 76' lang='grc' dir='ltr'>καὶ</span> <span class='ocrx_word' id='word_1_778' title='bbox 1572 5546 1750 5600; x_wconf 71' lang='grc' dir='ltr'>οὐδενὶ</span> 
     </span>
    </p>
   </div>
   <div class='ocr_carea' id='block_1_102' title="bbox 158 5638 1751 5722">
    <p class='ocr_par' dir='ltr' id='par_1_102' title="bbox 158 5638 1751 5722">
     <span class='ocr_line' id='line_1_102' title="bbox 158 5638 1751 5722; baseline -0.008 -18"><span class='ocrx_word' id='word_1_779' title='bbox 158 5654 292 5722; x_wconf 82' lang='grc' dir='ltr'>τάχα</span> <span class='ocrx_word' id='word_1_780' title='bbox 322 5653 439 5706; x_wconf 83' lang='grc' dir='ltr'><strong>τῶν</strong></span> <span class='ocrx_word' id='word_1_781' title='bbox 476 5652 649 5704; x_wconf 76' lang='grc' dir='ltr'>ὄντων</span> <span class='ocrx_word' id='word_1_782' title='bbox 704 5647 1126 5717; x_wconf 73' lang='grc' dir='ltr'>διεγνωσμένος,</span> <span class='ocrx_word' id='word_1_783' title='bbox 1164 5643 1306 5716; x_wconf 78' lang='grc' dir='ltr'>πλὴν</span> <span class='ocrx_word' id='word_1_784' title='bbox 1353 5644 1435 5696; x_wconf 83' lang='grc' dir='ltr'>ὅτι</span> <span class='ocrx_word' id='word_1_785' title='bbox 1496 5640 1644 5711; x_wconf 81' lang='grc' dir='ltr'>μόνῳ</span> <span class='ocrx_word' id='word_1_786' title='bbox 1674 5638 1751 5709; x_wconf 82' lang='grc' dir='ltr'><strong>τῷ</strong></span> 
     </span>
    </p>
   </div>
   <div class='ocr_carea' id='block_1_103' title="bbox 160 5741 708 5813">
    <p class='ocr_par' dir='ltr' id='par_1_103' title="bbox 160 5741 708 5813">
     <span class='ocr_line' id='line_1_103' title="bbox 160 5741 708 5813; baseline -0.005 -15"><span class='ocrx_word' id='word_1_787' title='bbox 160 5748 339 5801; x_wconf 83' lang='grc' dir='ltr'>πάντα</span> <span class='ocrx_word' id='word_1_788' title='bbox 377 5745 556 5800; x_wconf 80' lang='grc' dir='ltr'>εἰδότι</span> <span class='ocrx_word' id='word_1_789' title='bbox 588 5741 708 5813; x_wconf 76' lang='grc' dir='ltr'><strong>Θεῷ</strong></span> 
     </span>
    </p>
   </div>
   <div class='ocr_carea' id='block_1_104' title="bbox 228 5925 816 5994">
    <p class='ocr_par' dir='ltr' id='par_1_104' title="bbox 228 5925 816 5994">
     <span class='ocr_line' id='line_1_104' title="bbox 228 5925 816 5994; baseline -0.015 -6"><span class='ocrx_word' id='word_1_790' title='bbox 228 5932 242 5961; x_wconf 79' lang='grc'><strong>⁸</strong></span> <span class='ocrx_word' id='word_1_791' title='bbox 281 5931 301 5987; x_wconf 90' lang='grc' dir='ltr'><strong>ι</strong></span> <span class='ocrx_word' id='word_1_792' title='bbox 336 5927 579 5994; x_wconf 62' lang='grc' dir='ltr'>Ροιπιι,</span> <span class='ocrx_word' id='word_1_793' title='bbox 608 5926 697 5993; x_wconf 77' lang='lat'><strong>9.0,</strong></span> <span class='ocrx_word' id='word_1_794' title='bbox 727 5925 816 5981; x_wconf 66' lang='lat'><strong>2|.</strong></span> 
     </span>
    </p>
   </div>
   <div class='ocr_carea' id='block_1_105' title="bbox 1848 4799 3437 4870">
    <p class='ocr_par' dir='ltr' id='par_1_105' title="bbox 1848 4799 3437 4870">
     <span class='ocr_line' id='line_1_105' title="bbox 1848 4799 3437 4870; baseline -0.006 -11"><span class='ocrx_word' id='word_1_795' title='bbox 1848 4817 1931 4867; x_wconf 80' lang='lat' dir='ltr'><strong>se,</strong></span> <span class='ocrx_word' id='word_1_796' title='bbox 1966 4801 2196 4857; x_wconf 87' lang='lat' dir='ltr'><strong>adunari</strong></span> <span class='ocrx_word' id='word_1_797' title='bbox 2254 4800 2532 4867; x_wconf 88' lang='lat' dir='ltr'><strong>dicuntur,</strong></span> <span class='ocrx_word' id='word_1_798' title='bbox 2576 4814 2672 4870; x_wconf 92' lang='lat' dir='ltr'><strong>per</strong></span> <span class='ocrx_word' id='word_1_799' title='bbox 2722 4799 3225 4855; x_wconf 86' lang='lat' dir='ltr'><strong>reconciliationem</strong></span> <span class='ocrx_word' id='word_1_800' title='bbox 3265 4815 3293 4853; x_wconf 92' lang='lat' dir='ltr'><strong>s</strong></span> <span class='ocrx_word' id='word_1_801' title='bbox 3331 4801 3379 4853; x_wconf 81' lang='lat' dir='ltr'><strong>ei</strong></span> <span class='ocrx_word' id='word_1_802' title='bbox 3398 4818 3437 4849; x_wconf 85' lang='grc' dir='ltr'>ι-</span> 
     </span>
    </p>
   </div>
   <div class='ocr_carea' id='block_1_106' title="bbox 1852 4893 3436 4966">
    <p class='ocr_par' dir='ltr' id='par_1_106' title="bbox 1852 4893 3436 4966">
     <span class='ocr_line' id='line_1_106' title="bbox 1852 4893 3436 4966; baseline -0.005 -13"><span class='ocrx_word' id='word_1_803' title='bbox 1852 4898 1980 4964; x_wconf 90' lang='lat' dir='ltr'><strong>lem,</strong></span> <span class='ocrx_word' id='word_1_804' title='bbox 2011 4896 2255 4966; x_wconf 90' lang='lat' dir='ltr'><strong>deposita</strong></span> <span class='ocrx_word' id='word_1_805' title='bbox 2304 4895 2599 4951; x_wconf 86' lang='lat' dir='ltr'><strong>simultate.</strong></span> <span class='ocrx_word' id='word_1_806' title='bbox 2645 4894 2890 4950; x_wconf 83' lang='lat' dir='ltr'><strong>Aduuari</strong></span> <span class='ocrx_word' id='word_1_807' title='bbox 2940 4893 3071 4948; x_wconf 92' lang='lat' dir='ltr'><strong>item</strong></span> <span class='ocrx_word' id='word_1_808' title='bbox 3106 4893 3342 4948; x_wconf 86' lang='lat' dir='ltr'><strong>dicimus</strong></span> <span class='ocrx_word' id='word_1_809' title='bbox 3374 4906 3436 4945; x_wconf 86' lang='lat' dir='ltr'><strong>ea</strong></span> 
     </span>
    </p>
   </div>
   <div class='ocr_carea' id='block_1_107' title="bbox 1850 4985 3434 5062">
    <p class='ocr_par' dir='ltr' id='par_1_107' title="bbox 1850 4985 3434 5062">
     <span class='ocr_line' id='line_1_107' title="bbox 1850 4985 3434 5062; baseline -0.006 -15"><span class='ocrx_word' id='word_1_810' title='bbox 1850 5006 1971 5062; x_wconf 72' lang='lat' dir='ltr'><strong>qua:</strong></span> <span class='ocrx_word' id='word_1_811' title='bbox 2001 4989 2104 5046; x_wconf 89' lang='lat' dir='ltr'><strong>sibi</strong></span> <span class='ocrx_word' id='word_1_812' title='bbox 2134 4990 2605 5061; x_wconf 81' lang='lat' dir='ltr'><strong>conglutinantur,</strong></span> <span class='ocrx_word' id='word_1_813' title='bbox 2632 4987 2749 5043; x_wconf 87' lang='lat' dir='ltr'><strong>sive</strong></span> <span class='ocrx_word' id='word_1_814' title='bbox 2772 4985 2951 5042; x_wconf 88' lang='lat' dir='ltr'><strong>modis</strong></span> <span class='ocrx_word' id='word_1_815' title='bbox 2978 4986 3099 5041; x_wconf 87' lang='lat' dir='ltr'><strong>aliis</strong></span> <span class='ocrx_word' id='word_1_816' title='bbox 3136 4986 3403 5041; x_wconf 82' lang='lat' dir='ltr'><strong>conferun</strong></span> <span class='ocrx_word' id='word_1_817' title='bbox 3429 5018 3434 5024; x_wconf 88' lang='lat'><strong><em>-</em></strong></span> 
     </span>
    </p>
   </div>
   <div class='ocr_carea' id='block_1_108' title="bbox 1850 5079 3436 5155">
    <p class='ocr_par' dir='ltr' id='par_1_108' title="bbox 1850 5079 3436 5155">
     <span class='ocr_line' id='line_1_108' title="bbox 1850 5079 3436 5155; baseline -0.007 -14"><span class='ocrx_word' id='word_1_818' title='bbox 1850 5093 1959 5153; x_wconf 89' lang='lat' dir='ltr'><strong>tur,</strong></span> <span class='ocrx_word' id='word_1_819' title='bbox 1980 5091 2075 5139; x_wconf 88' lang='lat' dir='ltr'><strong>aut</strong></span> <span class='ocrx_word' id='word_1_820' title='bbox 2102 5100 2198 5155; x_wconf 89' lang='lat' dir='ltr'><strong>per</strong></span> <span class='ocrx_word' id='word_1_821' title='bbox 2230 5083 2713 5153; x_wconf 89' lang='lat' dir='ltr'><strong>compositionem,</strong></span> <span class='ocrx_word' id='word_1_822' title='bbox 2732 5090 2828 5136; x_wconf 84' lang='lat' dir='ltr'><strong>aut</strong></span> <span class='ocrx_word' id='word_1_823' title='bbox 2856 5095 2957 5151; x_wconf 87' lang='lat' dir='ltr'><strong>per</strong></span> <span class='ocrx_word' id='word_1_824' title='bbox 2983 5079 3321 5141; x_wconf 85' lang='lat' dir='ltr'><strong>mistionem,</strong></span> <span class='ocrx_word' id='word_1_825' title='bbox 3340 5087 3436 5130; x_wconf 86' lang='lat' dir='ltr'><strong>aut</strong></span> 
     </span>
    </p>
   </div>
   <div class='ocr_carea' id='block_1_109' title="bbox 1850 5171 3438 5247">
    <p class='ocr_par' dir='ltr' id='par_1_109' title="bbox 1850 5171 3438 5247">
     <span class='ocr_line' id='line_1_109' title="bbox 1850 5171 3438 5247; baseline -0.006 -16"><span class='ocrx_word' id='word_1_826' title='bbox 1850 5191 1950 5247; x_wconf 88' lang='lat' dir='ltr'><strong>per</strong></span> <span class='ocrx_word' id='word_1_827' title='bbox 1976 5175 2449 5243; x_wconf 84' lang='lat' dir='ltr'><strong>temperationem.</strong></span> <span class='ocrx_word' id='word_1_828' title='bbox 2499 5173 2735 5239; x_wconf 83' lang='lat' dir='ltr'><strong>Quoties.</strong></span> <span class='ocrx_word' id='word_1_829' title='bbox 2766 5180 2949 5227; x_wconf 89' lang='lat' dir='ltr'><strong>autem</strong></span> <span class='ocrx_word' id='word_1_830' title='bbox 2986 5171 3281 5224; x_wconf 90' lang='lat' dir='ltr'><strong>adunatum</strong></span> <span class='ocrx_word' id='word_1_831' title='bbox 3318 5184 3438 5222; x_wconf 79' lang='lat' dir='ltr'><strong>esse</strong></span> 
     </span>
    </p>
   </div>
   <div class='ocr_carea' id='block_1_110' title="bbox 1854 5261 3439 5328">
    <p class='ocr_par' dir='ltr' id='par_1_110' title="bbox 1854 5261 3439 5328">
     <span class='ocr_line' id='line_1_110' title="bbox 1854 5261 3439 5328; baseline -0.006 -6"><span class='ocrx_word' id='word_1_832' title='bbox 1854 5277 2057 5324; x_wconf 69' lang='lat' dir='ltr'><strong>nostra:</strong></span> <span class='ocrx_word' id='word_1_833' title='bbox 2094 5277 2304 5322; x_wconf 81' lang='lat' dir='ltr'><strong>naturae</strong></span> <span class='ocrx_word' id='word_1_834' title='bbox 2329 5267 2420 5321; x_wconf 92' lang='lat' dir='ltr'><strong>Dei</strong></span> <span class='ocrx_word' id='word_1_835' title='bbox 2456 5266 2694 5322; x_wconf 83' lang='lat' dir='ltr'><strong>Verbum</strong></span> <span class='ocrx_word' id='word_1_836' title='bbox 2726 5262 3163 5328; x_wconf 90' lang='lat' dir='ltr'><strong>dicimus;omni</strong></span> <span class='ocrx_word' id='word_1_837' title='bbox 3198 5261 3439 5314; x_wconf 86' lang='lat' dir='ltr'><strong>humana</strong></span> 
     </span>
    </p>
   </div>
   <div class='ocr_carea' id='block_1_111' title="bbox 1850 5352 3438 5433">
    <p class='ocr_par' dir='ltr' id='par_1_111' title="bbox 1850 5352 3438 5433">
     <span class='ocr_line' id='line_1_111' title="bbox 1850 5352 3438 5433; baseline -0.008 -16"><span class='ocrx_word' id='word_1_838' title='bbox 1850 5362 2174 5433; x_wconf 85' lang='lat' dir='ltr'><strong>cogitatione</strong></span> <span class='ocrx_word' id='word_1_839' title='bbox 2234 5358 2582 5414; x_wconf 85' lang='lat' dir='ltr'><strong>adunationis</strong></span> <span class='ocrx_word' id='word_1_840' title='bbox 2634 5356 2753 5427; x_wconf 83' lang='lat' dir='ltr'><strong>ejus</strong></span> <span class='ocrx_word' id='word_1_841' title='bbox 2812 5354 3006 5410; x_wconf 87' lang='lat' dir='ltr'><strong>modus</strong></span> <span class='ocrx_word' id='word_1_842' title='bbox 3062 5352 3274 5407; x_wconf 90' lang='lat' dir='ltr'><strong>videtur</strong></span> <span class='ocrx_word' id='word_1_843' title='bbox 3315 5366 3438 5407; x_wconf 80' lang='lat' dir='ltr'><strong>esse</strong></span> 
     </span>
    </p>
   </div>
   <div class='ocr_carea' id='block_1_112' title="bbox 1851 5445 3451 5525">
    <p class='ocr_par' dir='ltr' id='par_1_112' title="bbox 1851 5445 3451 5525">
     <span class='ocr_line' id='line_1_112' title="bbox 1851 5445 3451 5525; baseline -0.006 -16"><span class='ocrx_word' id='word_1_844' title='bbox 1851 5454 2121 5525; x_wconf 82' lang='lat' dir='ltr'><strong>superior.</strong></span> <span class='ocrx_word' id='word_1_845' title='bbox 2189 5450 2376 5522; x_wconf 85' lang='lat' dir='ltr'><strong>Neque</strong></span> <span class='ocrx_word' id='word_1_846' title='bbox 2422 5450 2569 5505; x_wconf 81' lang='lat' dir='ltr'><strong>enim</strong></span> <span class='ocrx_word' id='word_1_847' title='bbox 2618 5465 2712 5517; x_wconf 89' lang='lat' dir='ltr'><strong>per</strong></span> <span class='ocrx_word' id='word_1_848' title='bbox 2762 5463 2926 5518; x_wconf 86' lang='lat' dir='ltr'><strong>supra</strong></span> <span class='ocrx_word' id='word_1_849' title='bbox 2970 5446 3204 5515; x_wconf 87' lang='lat' dir='ltr'><strong>scriptos</strong></span> <span class='ocrx_word' id='word_1_850' title='bbox 3244 5445 3451 5501; x_wconf 80' lang='lat' dir='ltr'><strong>modos.</strong></span> 
     </span>
    </p>
   </div>
   <div class='ocr_carea' id='block_1_113' title="bbox 1854 5537 3450 5611">
    <p class='ocr_par' dir='ltr' id='par_1_113' title="bbox 1854 5537 3450 5611">
     <span class='ocr_line' id='line_1_113' title="bbox 1854 5537 3450 5611; baseline -0.003 -11"><span class='ocrx_word' id='word_1_851' title='bbox 1854 5546 2001 5605; x_wconf 82' lang='lat' dir='ltr'><strong>facta</strong></span> <span class='ocrx_word' id='word_1_852' title='bbox 2025 5554 2111 5601; x_wconf 86' lang='lat' dir='ltr'><strong>est</strong></span> <span class='ocrx_word' id='word_1_853' title='bbox 2151 5560 2349 5601; x_wconf 84' lang='lat' dir='ltr'><strong>arcana</strong></span> <span class='ocrx_word' id='word_1_854' title='bbox 2384 5544 2494 5605; x_wconf 86' lang='lat' dir='ltr'><strong>illa,</strong></span> <span class='ocrx_word' id='word_1_855' title='bbox 2528 5552 2582 5597; x_wconf 89' lang='lat' dir='ltr'><strong>et</strong></span> <span class='ocrx_word' id='word_1_856' title='bbox 2631 5539 2759 5595; x_wconf 89' lang='lat' dir='ltr'><strong>nulli</strong></span> <span class='ocrx_word' id='word_1_857' title='bbox 2804 5539 3021 5611; x_wconf 91' lang='lat' dir='ltr'><strong>penitus</strong></span> <span class='ocrx_word' id='word_1_858' title='bbox 3064 5545 3221 5605; x_wconf 79' lang='lat' dir='ltr'><strong>nota,</strong></span> <span class='ocrx_word' id='word_1_859' title='bbox 3248 5537 3353 5593; x_wconf 91' lang='lat' dir='ltr'><strong>nisi</strong></span> <span class='ocrx_word' id='word_1_860' title='bbox 3387 5537 3450 5595; x_wconf 67' lang='lat' dir='ltr'><strong>ei.</strong></span> 
     </span>
    </p>
   </div>
   <div class='ocr_carea' id='block_1_114' title="bbox 1855 5634 2688 5698">
    <p class='ocr_par' dir='ltr' id='par_1_114' title="bbox 1855 5634 2688 5698">
     <span class='ocr_line' id='line_1_114' title="bbox 1855 5634 2688 5698; baseline -0.007 -3"><span class='ocrx_word' id='word_1_861' title='bbox 1855 5639 1942 5695; x_wconf 92' lang='lat' dir='ltr'><strong>cui</strong></span> <span class='ocrx_word' id='word_1_862' title='bbox 1973 5639 2157 5695; x_wconf 87' lang='lat' dir='ltr'><strong>omnia</strong></span> <span class='ocrx_word' id='word_1_863' title='bbox 2188 5648 2317 5695; x_wconf 91' lang='lat' dir='ltr'><strong>nota</strong></span> <span class='ocrx_word' id='word_1_864' title='bbox 2352 5647 2500 5698; x_wconf 90' lang='lat' dir='ltr'><strong>sunt,</strong></span> <span class='ocrx_word' id='word_1_865' title='bbox 2537 5634 2688 5690; x_wconf 89' lang='lat' dir='ltr'><strong>nuio.</strong></span> 
     </span>
    </p>
   </div>
  </div>
