3770 6580
345 498 456 563 979

1622 470 1993 557 EUTtmttt
2040 462 2419 556 meum
3469 504 3547 567 ao

454 628 521 683 Et
571 626 705 683 nihil
767 627 997 695 mirum,
1036 627 1080 683 si
1127 626 1179 682 in
1242 625 1553 696 hujusmodi
1606 623 1883 695 cogitatior

2109 624 2219 677 Καὶ
2257 624 2565 695 θαυμαστὸν
2616 626 2800 691 οὐδὲν,
2839 626 2889 681 εἰ
2927 626 3036 679 τῶν
3096 624 3335 679 τοιούτων
3379 630 3551 687 ἐννοιῶν

351 723 655 786 vincamur,
702 735 823 774 cum
860 735 948 775 res
981 730 1223 786 nostras,
1270 721 1542 792 quomodo
1587 734 1645 775 se
1674 720 1929 784 habeant,

346 811 711 881 inquirentes,
757 810 897 866 ultra
935 815 1153 866 modum
1187 821 1385 867 nostrae
1433 811 1628 865 mentis
1664 809 1927 866 inventio-

346 919 467 957 nem
512 918 632 959 esse
676 904 1073 981 confiteantur;
1108 892 1460 974 quoniamque
1506 904 1664 958 modo
1692 904 1930 958 animam

344 982 603 1051 hominis
628 1011 727 1051 suo
761 997 979 1065 corpori
1016 998 1306 1051 adunatam
1336 1009 1458 1051 esse
1488 995 1776 1067 putemus?
1800 996 1930 1063 Quis

343 1096 429 1141 est
462 1087 552 1157 qui
586 1087 638 1141 id
664 1086 835 1156 possit
866 1086 1216 1155 exprimere?
1241 1086 1344 1142 Sed
1379 1087 1423 1143 si
1454 1095 1668 1156 oportet
1698 1100 1811 1154 eos,
1838 1086 1928 1157 qui

344 1192 509 1249 parva
542 1193 606 1233 ea
656 1179 746 1233 vix
798 1178 1104 1249 intelligere
1154 1180 1397 1245 soleant;
1446 1179 1555 1234 imo
1603 1176 1798 1236 et'eos
1838 1181 1927 1249 qui

346 1270 557 1326 valeant
592 1271 917 1341 intelligere,
967 1281 1075 1326 tam
1108 1272 1333 1327 subtiles
1369 1288 1453 1326 res
1491 1282 1543 1326 et
1572 1286 1788 1328 omnem
1836 1289 1927 1326 ra-

345 1365 548 1443 tionem
598 1366 1053 1421 transcendentes
1103 1364 1411 1434 conjectare
1450 1384 1462 1420 :
1498 1366 1730 1420 dicimus
1784 1367 1926 1436 quod

345 1454 537 1509 deceat
571 1456 815 1523 cogitare
846 1456 1118 1526 (quamvis
1167 1458 1344 1511 minor
1377 1455 1447 1511 sit
1476 1456 1651 1510 oratio
1681 1455 1747 1510 ad
1784 1454 1926 1511 veri-

354 1538 542 1606 tatem)
580 1538 739 1591 taletn
773 1554 892 1594 esse
937 1541 1321 1595 adnnationem
1370 1538 1544 1610 ipsius
1577 1539 1926 1611 Emmanuel,

345 1631 558 1697 qualem
610 1633 730 1701 quis
782 1630 1044 1703 intelligat
1083 1636 1321 1688 animant
1371 1628 1608 1691 heminis
1652 1638 1718 1692 ad
1768 1652 1924 1693 suum

344 1738 541 1805 corpus
580 1723 797 1777 habere.
940 1720 1180 1794 [Anima
1220 1726 1364 1781 enim
1407 1727 1587 1782 omnia
1637 1742 1756 1799 qua:
1799 1736 1926 1786 sunt

344 1814 609 1883 t'nt'poris,
640 1828 761 1870 esse
804 1822 1018 1884 reputat
1051 1831 1170 1883 sua,
1211 1817 1339 1873 licet
1369 1833 1466 1888 per
1499 1833 1750 1875 naturam
1796 1837 1923 1890 pro-

343 1910 515 1974 prium
547 1920 742 1975 expers
774 1906 843 1961 sit
986 1908 1331 1977 passionibus
1373 1912 1643 1981 corporis,
1670 1922 1725 1967 et
1763 1921 1923 1968 natu-

344 1996 570 2062 ralibus,
599 2004 794 2068 etquae
821 1998 1161 2054 extrinsecus
1188 2003 1483 2057 accedunt:
1505 2014 1753 2060 movetur
1774 2006 1922 2060 enim

342 2104 537 2167 corpus
586 2088 637 2145 in
687 2091 1161 2159 concupiscentias
1204 2093 1499 2159 naturales,
1539 2104 1594 2150 et
1643 2098 1919 2153 consentit

339 2182 539 2249 anima,
587 2190 642 2237 et
692 2182 843 2239 nullo
890 2183 1014 2238 licet
1061 2184 1221 2255 modo
1264 2185 1614 2255 participans,
1654 2191 1919 2260 concupi-

338 2269 558 2325 scentia:
595 2276 776 2326 tamen
824 2272 1028 2326 exitum
1065 2272 1479 2329 delectationem
1512 2278 1785 2348 propriam
1822 2281 1924 2335 du—

339 2360 431 2414 cit.
474 2360 540 2416 Et
572 2362 618 2418 si
669 2360 809 2418 forte
840 2361 985 2419 ferro
1030 2378 1227 2435 corpus
1268 2367 1627 2435 percutiatur,
1666 2380 1760 2424 aut
1808 2379 1923 2425 tor-

336 2463 590 2521 queatur,
634 2454 886 2510 condolet
927 2455 1016 2510 illa
1048 2456 1293 2526 quidem,
1326 2458 1470 2527 quod
1516 2474 1673 2513 suum
1722 2475 1920 2531 corpus

337 2548 578 2614 patiatur
609 2564 623 2602 :
653 2546 768 2617 ipsa
819 2561 945 2603 vero
980 2547 1031 2603 in
1081 2563 1179 2604 sua
1230 2557 1423 2604 natura
1475 2551 1681 2606 nullum
1715 2551 1919 2621 patitur

335 2638 555 2692 omnino
586 2647 937 2695 tormentum.

406 2729 615 2785 Tamen
657 2746 823 2803 super
872 2731 975 2787 hoc
1023 2746 1244 2803 quoque
1281 2731 1511 2790 dicimus
1558 2749 1680 2792 esse
1713 2739 1917 2793 aduna-

336 2822 559 2889 tionetn,
612 2838 732 2893 quae
782 2833 867 2878 est
897 2823 951 2879 in
1005 2823 1360 2881 Emmanuele
1387 2826 1530 2882 facta
1560 2845 1573 2882 :
1605 2836 1725 2884 erat
1772 2829 1915 2884 enim

338 2925 558 2967 necesse
602 2928 723 2968 cum
757 2928 856 2969 suo
885 2928 1116 2984 corpore
1143 2916 1435 2971 adunatam
1468 2918 1516 2971 ei
1550 2918 1788 2974 animam
1820 2921 1917 2973 du-

332 3003 468 3067 lere,
557 3080 561 3084 .
614 3012 673 3056 ιιι
717 3003 844 3058 dum
878 2994 1102 3061 timebat
1137 3007 1444 3078 passiones,
1489 3010 1764 3065 subditam
1793 3026 1917 3068 cer-

329 3092 503 3146 vicem
532 3092 643 3150 Deo
666 3095 1060 3172 submitteret].
1096 3097 1171 3154 De
1203 3097 1315 3155 Deo
1352 3109 1531 3156 autem
1560 3100 1732 3158 Verbo
1787 3119 1917 3159 con-

330 3184 515 3239 itolere
543 3187 889 3256 passionibus
917 3191 1070 3246 nefas
1096 3201 1179 3247 est
1204 3191 1392 3247 dicere
1420 3210 1432 3245 :
1664 3180 1917 3265 impassi-

2038 713 2355 791 ἡττώμεθα·
2392 717 2481 769 ὅτε
2514 718 2582 771 τά
2618 717 2740 771 καθ’
2777 721 2925 791 ἡμᾶς
2957 718 3153 781 αὐτοὺς
3205 718 3341 783 ὅπως
3376 720 3432 774 ἂν
3466 724 3553 795 ἔχοι

2037 808 2476 880 διερευνώμενοι,
2506 812 2603 881 τῆς
2656 810 2887 882 ἐνούσης
2930 813 3061 882 ἡμῖν
3095 809 3319 873 διανοίας
3348 812 3557 870 ἐπέκεινα⁸

2036 900 2136 972 τὴν
2166 899 2472 969 κατάληψιν
2498 902 2871 974 ὁμολογοῦμεν
2900 901 3325 973 ὑπάρχειν.Τίνα
3348 902 3438 972 γάρ
3464 907 3558 975 τρό-

2038 983 2139 1065 πον
2171 993 2414 1064 ἡνῶσθαι
2454 992 2703 1063 νοοῦμεν
2731 994 2829 1065 τὴν
2862 994 2956 1047 τοῦ
3008 995 3291 1068 ἀνθρώπου
3329 994 3479 1067 ψυχὴν
3502 1000 3560 1069 τῷ

2040 1083 2156 1156 ἰδίῳ
2183 1086 2430 1156 σώματι;
2466 1085 2561 1150 Τίς
2612 1088 2640 1140 ὁ
2678 1087 2885 1159 φράσαι
2929 1087 3256 1157 δυνάμενοςξ
3284 1087 3340 1138 Εἰ
3372 1086 3421 1139 δὲ
3462 1092 3560 1161 χρὴ,

2036 1178 2211 1251 μικρά
2246 1179 2340 1232 καὶ
2360 1178 2513 1250 μόλις
2544 1180 2746 1233 ἐννοεῖν
2785 1180 3064 1243 εἰωθότας,
3091 1180 3184 1233 καὶ
3201 1178 3371 1231 λαλεῖν
3398 1181 3566 1249 ἰσχύον-

2031 1290 2160 1339 τας,
2196 1271 2304 1324 τῶν
2339 1268 2511 1334 οὕτως
2566 1271 2762 1341 ἰσχνῶν
2787 1314 2801 1338 ,
2841 1272 2935 1325 καὶ
2984 1270 3121 1341 ὑπὲρ
3174 1268 3295 1322 νοῦν
3329 1270 3413 1322 καὶ
3443 1270 3566 1338 λόγον

2032 1363 2377 1434 πραγμάτων
2400 1363 2948 1437 κατατεκμήρασθαι,
2976 1362 3178 1432 φαμὲν,
3203 1362 3283 1414 ὅτι
3316 1362 3488 1427 πρέποι
3516 1362 3567 1415 ἂν

2030 1460 2259 1512 ἐννοεῖν·
2293 1457 2461 1530 μείων
2481 1460 2540 1515 δὲ
2571 1459 2791 1521 πάντως
2817 1456 2916 1526 τῆς
2946 1456 3205 1527 ἀληθείας
3229 1455 3258 1507 ὁ
3283 1453 3453 1521 λόγος’
3479 1470 3570 1507 τοι·

2022 1543 2194 1615 αὐτην
2222 1540 2363 1597 εἶναι
2390 1544 2488 1616 τὴν
2517 1544 2714 1597 ἕνωσιν
2751 1542 2846 1595 τοῦ
2903 1542 3274 1613 Ἐμμανουὴλ,
3315 1545 3566 1613 ὁποῖανπερ

2021 1635 2089 1689 ἂν
2121 1636 2398 1704 λογίσαιτό
2430 1653 2514 1698 τις
2546 1636 2641 1687 καὶ
2665 1634 2764 1705 τὴν
2792 1634 2915 1706 [ἵσ.
2948 1635 3049 1704 τῆς
3075 1633 3168 1686 τοῦ
3198 1634 3352 1704 άνθρ.
3379 1635 3558 1708 ψυχῇ]

2020 1725 2115 1781 τοῦ
2138 1728 2431 1798 ἀνθρώπου
2463 1727 2640 1799 ψυχὴν
2671 1727 2807 1798 πρὸς
2828 1727 2889 1779 τὸ
2911 1727 3045 1779 ἴδιον
3079 1726 3261 1797 σῶμα.
3298 1728 3559 1779 Οἰκειοῦται

2018 1817 2129 1890 γάρ
2152 1820 2187 1891 ἡ
2212 1819 2359 1891 ψυχὴ
2380 1818 2447 1873 τά
2477 1818 2570 1872 τοῦ
2605 1818 2875 1889 σώματος,
2904 1818 3081 1870 καίτοι
3114 1818 3257 1871 κατὰ
3287 1818 3435 1886 φύσιν
3458 1819 3562 1870 ἰδίαν

2018 1904 2285 1981 ἀμέτοχος
2311 1907 2447 1964 οὖσα
2487 1908 2595 1962 τῶν
2632 1908 2796 1962 αὐτοῦ
2830 1908 3021 1962 παθῶν
3068 1907 3319 1975 φυσικῶν
3361 1924 3414 1959 τε
3450 1907 3560 1977 ἅμα,

2017 2002 2112 2055 καὶ¹
2144 2002 2253 2055 τῶν
2282 2001 2482 2066 ἔξωθεν
2524 2002 2906 2069 ἐπαγομένων.
2939 2002 3188 2053 Κινεῖται
3245 1998 3341 2069 μὲν
3383 2000 3478 2068 γὰρ
3505 2002 3564 2063 εἰς

2016 2089 2225 2161 ὀρέξεις
2255 2091 2315 2143 τὸ
2352 2091 2510 2159 σῶμα
2546 2090 2803 2158 φυσικὰς,
2827 2090 2921 2142 καὶ
2944 2088 3364 2141 συναισθάνεται
3392 2088 3468 2140 διὰ
3488 2089 3563 2158 τὴν

2014 2180 2208 2234 ἕνωσιν
2242 2182 2273 2251 ἡ
2316 2179 2511 2232 ἐνοῦσα
2546 2180 2721 2251 ψυχή’
2756 2179 3119 2249 συμμετεσχει
3156 2178 3215 2231 δὲ
3263 2179 3380 2231 κατ’
3410 2178 3565 2231 οὐδένα

2011 2272 2213 2343 τρόπον
2233 2289 2246 2303 ο
2278 2270 2447 2323 οτεταῖ
2478 2287 2541 2339 γε
2577 2271 2683 2341 μὴν
2718 2269 2854 2323 ιδιαν
2903 2268 3205 2323 ἀπόλαυσιν
3241 2262 3379 2320 εἷναι
3411 2267 3566 2336 τὸτῆς

2009 2364 2241 2434 ὀρέξεως
2273 2365 2645 2435 ἀποτέλεσμα·
2678 2363 2782 2416 κᾶν
2811 2362 2859 2415 εῐ
2900 2360 3290 2426 καταξαῑνοιτο
3336 2360 3485 2430 τυχὸν
3520 2359 3567 2412 τὸ

2013 2456 2197 2524 σῶμα,
2246 2457 2339 2507 καὶ
2379 2454 2584 2525 σιδήρῳ
2642 2452 3027 2519 καταξαινοιτο
3057 2452 3321 2520 συναλγεῖ
3370 2452 3476 2521 μὲν,
3509 2451 3568 2514 ὡς

2014 2546 2144 2600 ἰδίου
2171 2546 2473 2618 πάσχοντος
2502 2546 2784 2616 σώματος·
2823 2545 2960 2617 αὐτή
2992 2563 3055 2614 γε
3087 2546 3194 2615 μὴν
3233 2547 3316 2609 εἰς
3346 2543 3469 2597 ἰδίαν
3491 2544 3571 2613 φύ-

2012 2658 2094 2693 σιν
2128 2640 2228 2692 οὐκ
2258 2640 2324 2694 ἀν
2349 2657 2403 2692 τι
2438 2638 2602 2693 πάθοι
2628 2640 2737 2691 τῶν
2769 2638 3247 2708 ἐπενηνεγμένων.

2082 2732 2230 2803 Πλὴν
2253 2731 2348 2785 καὶ
2387 2730 2529 2801 ὑπὲρ
2559 2729 2718 2784 τοῦτὸ
2762 2746 2944 2800 φαμεν
2978 2731 3071 2783 ἐπὶ
3098 2729 3197 2782 τοῦ
3251 2727 3571 2799 Ἐμμανονὴλ

2009 2824 2104 2893 τὴν
2138 2818 2478 2878 ἕνωσιν.⁷Ην
2509 2822 2607 2893 μὲν
2643 2823 2751 2893 γὰρ
2783 2824 3103 2891 ἀναγκαῖον,
3135 2823 3215 2893 τῷ
3244 2823 3358 2893 ἰδίῳ
3389 2823 3570 2891 σώματι

2010 2914 2297 2983 συναλγεῖν
2325 2915 2424 2987 τὴν
2458 2913 2757 2968 ἐνωθεῖσαν
2803 2912 2985 2984 ψυχήν
3006 2930 3019 2942 ο
3056 2914 3146 2966 ἴνα
3181 2912 3459 2981 φεύγουσα
3490 2910 3570 2975 τὰς

2009 3006 2215 3069 αἰκίας,
2252 3006 2465 3076 εὐήνιον
2510 3005 2777 3077 ὑποφέροι
2825 3006 2904 3078 τῷ
2943 3004 3062 3076 Θεῷ
3083 3004 3177 3058 τὸν
3209 3004 3434 3075 αὐχένα.
3469 3004 3570 3056 Ἐπὶ

2009 3097 2066 3150 δέ
2100 3115 2163 3165 γε
2194 3097 2288 3150 τοῦ
2307 3096 2443 3151 Θεοῦ
2478 3096 2659 3166 Λόγου
2690 3098 2750 3151 τὸ
2784 3098 3248 3163 συναισθάνεσθαι
3279 3096 3385 3150 τῶν
3411 3096 3574 3150 οἰκιῶν

2009 3190 2211 3245 ἄτοπον
2236 3189 2412 3243 εἰπεῖν
2436 3206 2450 3221 ο
2485 3189 2699 3254 ἀπαθὲς
2723 3190 2833 3261 γὰρ
2861 3191 2922 3244 τὸ
2966 3189 3144 3251 Θεῖον.
3189 3190 3290 3244 καὶ
3315 3190 3414 3242 οῦκ
3441 3190 3492 3243 ἕν
3523 3206 3573 3255 γε

330 3278 455 3333 bilis
478 3279 623 3334 enim
653 3280 797 3336 Deus
824 3292 927 3351 est,
964 3294 1020 3339 et
1049 3284 1361 3341 nostrarum
1392 3302 1570 3342 rerum
1613 3286 1771 3361 longe
1800 3288 1883 3344 dis

2028 3284 2121 3345 τοῖς
2143 3281 2264 3336 καθ’
2294 3282 2445 3353 ἡμᾶς
2465 3296 2477 3309 ·
2502 3279 2617 3334 ἀλλ’
2644 3282 2824 3353 ἧνωτο
2854 3282 2952 3353 μὲν
2982 3282 3170 3353 σαρκὶ,
3194 3281 3379 3352 ψυχὴν
3404 3280 3576 3353 ἐχούσῃ

327 3371 560 3439 similis;
615 3374 709 3429 sed
752 3375 1021 3431 adunatus
1056 3377 1273 3448 quidem
1322 3388 1440 3434 erat
1487 3379 1638 3435 carni
1686 3381 1883 3437 habent

2028 3371 2106 3442 τὴν
2132 3373 2357 3444 λογικήν
2379 3387 2391 3401 ·
2427 3371 2744 3444 πασχούσης
2769 3372 2827 3427 δέ
2857 3373 3048 3444 αὐτῆς,
3080 3372 3319 3437 ἀπαθῶς
3343 3369 3409 3445 ἦν
3439 3374 3489 3425 ἐν
3513 3374 3575 3423 εε-

330 3462 567 3517 animam
610 3465 1008 3533 rationabilem,
1037 3483 1145 3539 qua
1170 3471 1415 3540 patiente
1446 3470 1561 3541 ipse
1604 3471 1883 3543 impassibi

2028 3466 2161 3535 ἰήσει
2194 3466 2303 3519 τῶν
2334 3466 2416 3526 εἰς
2446 3464 2616 3535 αὐτὴν
2641 3465 2945 3536 γινομένων
2969 3481 2984 3496 ⁸
3012 3465 3107 3519 καὶ
3131 3465 3371 3541 ἠφάνιζε
3405 3464 3493 3537 μὲν
3517 3462 3577 3526 ὡς

328 3552 417 3622 lis,
458 3570 523 3609 ea
558 3570 679 3626 quae
725 3557 919 3613 anima;
964 3559 1368 3632 contingerent,
1415 3562 1806 3633 cognoscebat,
1861 3578 1883 3618 e

2028 3556 2139 3621 95b;
2182 3557 2282 3621 τὰς
2320 3557 2419 3628 τῆς
2453 3557 2657 3628 σαρκὸς
2702 3557 3023 3622 ἀσθενείας,
3076 3557 3351 3629 ᾠκειοῦτὸ
3390 3573 3451 3624 γε
3492 3554 3578 3625 μὴν

325 3647 691 3704 contundebat
734 3648 977 3719 quidem,
1007 3660 1065 3705 ut
1105 3651 1268 3717 Deus,
1305 3657 1489 3710 carnis
1534 3655 1909 3723 infirmitates;

325 3752 454 3792 suas
490 3746 670 3793 tamen
710 3753 825 3805 eas,
860 3734 1117 3810 tanquam
1159 3741 1241 3796 sui
1280 3744 1548 3811 corporis,
1578 3758 1701 3799 esse
1741 3742 1910 3799 duce-

327 3832 439 3887 bat.
472 3830 660 3901 Itaque
684 3834 946 3890 esuriisse
982 3834 1200 3904 dicitur,
1238 3832 1499 3907 fatigatus
1532 3854 1675 3907 esse,
1714 3853 1912 3909 passus

325 3923 496 3979 fuisse
526 3940 625 3994 pro
666 3925 840 3984 nobis.

396 4012 542 4082 Ergo
589 4012 753 4071 Verbi
803 4015 1084 4084 Idttnatio,
1118 4034 1237 4089 qua:
1282 4032 1366 4075 est
1400 4039 1521 4077 cum
1574 4024 1912 4079 humanitate

325 4105 496 4170 facta,
544 4122 649 4161 non
696 4110 1147 4165 irrationabiliter
1182 4113 1340 4167 rebus
1387 4114 1585 4169 nostris
1624 4132 1909 4186 compare-

326 4209 435 4254 tur.
472 4196 605 4253 Natn
644 4201 786 4255 sicut
817 4216 1015 4272 corpus
1059 4202 1287 4258 alterius
1330 4216 1413 4259 est
1466 4216 1673 4261 naturae
1713 4219 1910 4277 preter

329 4293 595 4359 animam,
628 4302 683 4347 et
712 4309 852 4349 unus
885 4302 1065 4348 tamen
1096 4308 1162 4349 ex
1215 4304 1445 4365 utroque
1491 4299 1651 4352 homo
1682 4297 1910 4354 efficitur

324 4393 382 4439 et
411 4394 676 4449 vocatur;
708 4383 783 4438 ita
827 4386 991 4441 etiam
1023 4400 1090 4440 ex
1126 4385 1365 4457 perfecta
1397 4388 1490 4443 Dei
1527 4389 1686 4444 Verbi
1734 4391 1907 4445 subsi-

2006 3651 2176 3713 αὐτὰς
2213 3649 2287 3714 ὡς
2315 3649 2447 3704 ἰδίου
2479 3647 2734 3720 σώματος
2754 3665 2769 3680 ⁸
2798 3648 2941 3703 οὕτω
2972 3649 3067 3704 καὶ
3093 3649 3361 3721 πεινῆσαι
3389 3649 3579 3719 λέγεται

2007 3743 2100 3797 καὶ
2135 3744 2355 3815 καμεῖν,
2392 3742 2488 3798 καὶ
2524 3742 2718 3797 παθεῖν
2753 3742 2895 3814 ὑπὲρ
2921 3741 3107 3813 ἡμῶν.

2078 4006 2295 4061 Οὐκοῦν
2318 4006 2709 4078 παρεικάζοιτο
2743 4005 2809 4060 ἂν
2834 4006 2868 4077 ή
2900 4006 3095 4069 ἐνωσις
3132 4004 3232 4058 τοῦ
3263 4006 3442 4074 Λόγου
3468 4004 3578 4073 πρὸς

2003 4104 2065 4153 τὸ
2086 4098 2428 4172 ἀνθρώπινον
2457 4100 2559 4153 οὐκ
2585 4099 2695 4154 ἀπὸ
2731 4096 2936 4152 σκοποῦ
2966 4101 3083 4162 τοῖς
3114 4099 3244 4152 καθ’
3281 4100 3450 4169 ἡμᾶς.
3476 4099 3582 4149 Ὥσ-

2006 4211 2113 4265 περ
2136 4194 2245 4264 γὰρ
2277 4191 2571 4264 ἐτεροφυές
2606 4192 2705 4263 μὲν
2730 4192 2790 4246 τὸ
2821 4191 2983 4263 σῶμα
3010 4191 3147 4263 πρὸς
3166 4192 3271 4262 τὴν
3300 4191 3492 4261 ψυχὴν,
3516 4183 3582 4251 εἷς

2004 4303 2070 4357 γε
2105 4285 2212 4355 μὴν
2255 4282 2315 4348 ἐξ
2346 4284 2553 4353 ἀμφοῖν
2594 4280 2885 4354 ἄνθρωπος
2910 4281 3265 4335 ἀποτελεῖται
3304 4282 3403 4335 καὶ
3449 4281 3583 4347 λέγε·

2003 4394 2096 4430 ται
2117 4393 2130 4407 ο
2164 4374 2308 4429 οὓτω
2340 4375 2436 4427 καὶ
2457 4375 2524 4426 ἐκ
2553 4372 2767 4435 τελείας
2797 4370 3155 4436 ὑποστάσεως
3202 4370 3304 4424 τοῦ
3338 4370 3470 4424 Θεοῦ
3496 4370 3581 4423 Λό-

319 4472 515 4533 stentia
559 4483 613 4527 et
662 4489 727 4529 ex
778 4475 1121 4533 immanitate
1150 4475 1390 4546 perfecta
1450 4493 1588 4536 unus
1637 4488 1718 4535 est
1749 4478 1883 4536 Chri

2028 4486 2128 4534 του,
2163 4466 2258 4520 καὶ
2295 4464 2402 4536 μὴν
2442 4465 2540 4519 καὶ
2571 4463 2631 4529 ἐξ
2658 4464 3080 4535 ἀνθρωπότητος
3112 4462 3345 4527 τελείως
3374 4461 3584 4532 ἐχούσης

318 4576 458 4633 stus,
497 4567 641 4623 idem
675 4569 726 4622 in
771 4569 961 4643 eodem
1000 4570 1141 4624 Deus
1171 4571 1331 4625 simul
1378 4582 1433 4626 et
1476 4573 1672 4638 homo;
1705 4582 1760 4628 et
1808 4589 1883 4628 su:

2028 4559 2149 4616 ιατά
2171 4558 2262 4613 τὸν
2292 4558 2424 4611 ἴδιον
2445 4556 2626 4627 λόγον,
2656 4550 2739 4621 εἷς
2763 4558 2792 4610 ὁ
2821 4555 3079 4627 Χριστὸς,
3097 4556 3126 4610 ὁ
3150 4557 3319 4619 αὐτὸς
3346 4556 3583 4624 ὑπάρχων

318 4659 537 4730 quidem
584 4660 734 4715 ducit
768 4636 911 4715 Deus
952 4660 1214 4727 Verbum,
1262 4672 1323 4717 ut
1354 4674 1482 4718 ante
1517 4664 1652 4729 dixi,
1693 4681 1756 4720 ea
1788 4682 1883 4736 qua

2028 4672 2066 4708 LV
2084 4649 2265 4722 ταυτῷ
2294 4649 2427 4714 Θεὸς
2451 4623 2673 4720 τενὸμοῦ
2706 4647 2801 4701 καὶ
2828 4623 3138 4720 ἄνθρωπος.
3165 4648 3282 4701 Καὶ
3308 4646 3584 4701 οἰκειοῦται

319 4761 446 4805 sunt
500 4752 688 4808 carnis
724 4756 965 4822 propria,
1007 4755 1132 4824 quia
1187 4754 1357 4824 ipsius
1403 4764 1487 4812 est
1533 4772 1750 4827 corpus,
1799 4774 1905 4814 non

317 4842 569 4909 alterius.
605 4841 937 4899 Communes
971 4854 1153 4899 autem
1195 4844 1329 4919 facit
1361 4842 1620 4917 tanquam
1656 4864 1779 4903 cum
1808 4866 1903 4904 sua

318 4948 488 4989 carne
522 4933 718 4988 divina:
750 4949 861 4987 sua:
918 4937 1221 5004 majestatis
1263 4941 1635 5009 operationes,
1690 4949 1749 4995 ut
1781 4957 1906 5010 pos-

318 5038 401 5081 set
434 5026 599 5085 etiam
634 5025 911 5085 vivificare
945 5039 1205 5097 mortuos,
1231 5042 1285 5085 et
1315 5047 1511 5088 sanare
1542 5026 1805 5093 infirmos.

390 5375 456 5429 At
504 5378 549 5431 si
607 5381 862 5434 convenit
905 5382 1171 5451 exemplis
1196 5381 1361 5435 etiam
1409 5380 1605 5449 divinae
1651 5381 1895 5452 Scriptu-

321 5481 414 5531 r.e,
449 5469 601 5539 quasi
652 5487 748 5543 per
800 5476 1050 5543 figuram,
1082 5473 1464 5530 adunationem
1496 5473 1894 5543 demonstrare,

321 5574 445 5628 age,
489 5546 756 5628 dicamus,
796 5577 849 5620 ut
884 5581 1195 5636 possumus.
1228 5567 1423 5620 Beatus
1471 5566 1677 5620 lsaias:
1712 5586 1729 5619 ι
1765 5565 1895 5621 Mis-

323 5664 413 5703 sus
458 5661 561 5716 est,
600 5653 797 5722 inquit,
847 5659 913 5710 ad
966 5672 1053 5711 me
1091 5672 1233 5710 unus
1272 5654 1694 5739 ex‘Serapltim,
1734 5665 1785 5710 et
1838 5655 1890 5709 in

323 5755 486 5793 manu
535 5743 765 5801 habebat
795 5746 1107 5810 carbonem,
1147 5763 1309 5816 quem
1349 5746 1554 5816 forcipe
1585 5749 1888 5818 accepitab

324 5831 504 5894 altari,
569 5842 623 5888 et
667 5837 817 5890 venit
867 5838 934 5892 ad
981 5854 1088 5905 me,
1142 5848 1199 5893 et
1244 5839 1419 5910 tetigit
1459 5840 1599 5894 labia
1652 5856 1790 5907 mea,
1834 5852 1887 5896 et

325 5920 462 5984 dixit
494 5922 559 5981 ad
597 5938 717 5984 me:
757 5926 893 5985 Ecce
916 5929 1093 6005 tetigit
1142 5929 1244 5986 hoc
1287 5929 1424 5989 labia
1460 5940 1569 5997 tua,
1602 5940 1651 5986 et
1683 5931 1885 5987 adimet

2011 4746 2111 4819 μὲν
2138 4747 2167 4798 ὁ
2194 4742 2387 4812 Λόγος,
2422 4741 2498 4806 ὡς
2528 4740 2688 4813 ἔφην,
2728 4739 2798 4794 τὰ
2824 4742 2925 4811 τῆς
2965 4740 3102 4804 ἰδίας
3133 4740 3367 4812 σαρκὸς,
3398 4740 3475 4792 ὅτι
3510 4735 3583 4789 καὶ

2008 4838 2175 4894 αὑτοῦ
2204 4839 2264 4893 τὸ
2296 4838 2476 4909 σῶμα,
2532 4835 2629 4890 καὶ
2671 4835 2772 4905 οὐχ
2823 4832 3048 4905 ἐτέρου·
3103 4834 3497 4887 κοινοποιεῖται
3539 4828 3587 4881 δέ

2008 4933 2197 5005 ὥσπερ
2233 4934 2300 5004 τῇ
2340 4930 2447 5002 ἰδίᾳ
2480 4926 2647 5000 σαρκὶ
2674 4926 2775 4998 τῆς
2811 4925 3039 4997 ἐνούσης
3078 4923 3233 4995 αὐτῷ
3264 4921 3585 4993 θεοπρεποῇ

2007 5023 2290 5094 δυνάμεως
2330 5020 2429 5092 τὴν
2481 5018 2797 5089 ἐνέργειανο
2840 5015 2984 5070 ὥστε
3031 5014 3294 5068 δύνασθαι
3326 5015 3424 5068 καὶ
3472 5014 3587 5077 ζωο-

2010 5108 2185 5170 ποιεῖν
2226 5112 2355 5177 τοὺς
2414 5109 2679 5181 νεκροὺς,
2737 5107 2831 5163 καὶ
2878 5106 3065 5163 ἰᾶσθαι
3121 5107 3251 5171 τοὺς
3302 5108 3364 5159 ἐν
3416 5106 3581 5177 άρῤω-

2012 5206 2210 5269 στίαις.

2099 5387 2161 5441 Ei
2199 5389 2254 5443 δὲ
2286 5390 2415 5462 χρὴ.
2447 5388 2540 5442 καὶ
2572 5389 2682 5453 τοῖς
2711 5390 2776 5442 ἐκ
2831 5386 2935 5454 τῆς
2983 5383 3352 5438 θεοπνεύστου
3377 5377 3585 5452 Γραφῆς

2030 5484 2439 5554 παραδείγμασι
2468 5481 2865 5552 κεχρημένους,
2896 5479 3150 5548 καθάπερ
3184 5479 3242 5532 ἐν
3271 5477 3470 5537 τύποις
3505 5473 3585 5525 τὶν

2028 5574 2091 5644 τῆ
2156 5576 2397 5637 ἐνὼσειυς
2440 5572 2755 5640 καταδεῖξαι
2802 5572 3025 5641 τρόπον,
3059 5571 3193 5640 φέρε
3221 5569 3495 5636 λέγωμεν.
3526 5562 3582 5616 Ὅ

2031 5663 2298 5731 μακάριος
2326 5663 2572 5726 Ἡσαΐας,
2597 5661 2953 5730 ι’Δπεσεάλη,
2982 5660 3141 5731 φησὶ,
3160 5658 3287 5729 πρός
3315 5673 3385 5725 με
3406 5655 3465 5707 ἒν
3488 5652 3583 5704 τῶν

2027 5756 2305 5823 Σεραφίμο
2343 5756 2436 5807 καὶ
2467 5757 2524 5808 ἐν
2551 5758 2617 5826 τῇ
2660 5755 2805 5825 χειρὶ
2842 5750 2988 5823 εἶχεν
3020 5752 3285 5821 ἄνθρακα,
3313 5747 3377 5799 ὃν
3400 5748 3466 5813 τῇ
3496 5742 3581 5795 λα·

2024 5845 2128 5897 ὅίδι
2151 5844 2342 5898 ἐλαὸεν
2369 5846 2475 5898 ἀπὸ
2495 5846 2590 5898 τοῦ
2621 5844 3029 5915 θυσιαστηρίου·
3062 5844 3156 5896 καὶ
3178 5836 3303 5912 ἦλθε
3334 5838 3472 5906 πρός
3493 5849 3571 5897 με.

2026 5934 2121 5989 καὶ
2151 5934 2325 6009 ἥψατο
2359 5934 2466 5991 τῶν
2507 5934 2730 6006 χειλέων
2769 5950 2892 6005 μου,
2930 5933 3023 5986 καὶ
3054 5928 3229 5986 εἶπεν·
3255 5929 3382 5984 Ἰδοὺ
3412 5924 3572 5997 ἥψατο
