3968 6572
270 453 375 521 981

1234 451 1614 537 ΡΑΝΟΡΙᾸᾼ
1654 448 2113 514 DOGMATICA.
2150 470 2221 483 -
2261 449 2407 510 ΤΙΤ.
2435 450 2559 512 XV.

3419 461 3527 523 982

258 567 424 621 τοῦτο
452 567 562 620 τῶν
587 567 820 636 χειλέων
844 584 960 633 σου,
987 568 1083 621 καὶ
1122 567 1314 638 ἀφελεῖ
1332 569 1443 630 τὰς
1472 566 1708 636 ἀνομίας
1743 581 1837 617 σου

1970 561 2283 631 iniquitates
2330 570 2468 628 luas,
2503 571 2557 615 et
2587 571 2807 631 peccata
2838 572 2927 618 tua
2981 567 3308 638 repurgabit.
3344 586 3362 619 ι
3400 570 3535 626 Car-

260 663 361 714 καὶ
384 664 483 725 τὰς
515 662 795 732 ἁμαρτίας
830 659 921 714 σοὺ
957 659 1369 731 περικαθαριεῖ.
1401 676 1419 710 ι
1451 658 1637 726 Φαμὲν
1665 657 1721 711 δὲ
1761 655 1842 711 τοι

1959 654 2155 709 bouem
2201 662 2383 709 autem
2438 653 2671 709 dicimus
2729 653 2955 727 ﬁguram
3009 667 3064 712 et
3111 660 3399 731 imaginem
3442 678 3536 714 no-

260 753 517 822 ἄνθρακα
552 751 719 806 τύπον
751 753 879 822 ἡμῖν
917 752 1008 805 καὶ
1068 749 1251 805 εἰκόνα
1294 748 1535 821 πληροῦν
1563 747 1657 801 τοῦ
1689 751 1843 802 ἐναν-

264 844 658 915 Οριυπήσαντος
688 845 864 913 Λόγου
893 868 899 874 ·
943 843 1022 908 ὃς,
1056 842 1215 914 εἰπερ
1250 841 1447 913 ἅψαιτο
1480 841 1589 894 τῶν
1621 841 1844 912 χειλέων

263 936 455 1005 ἡμῶν,
492 936 634 989 τοῦτ’
656 936 825 1002 ἐστιν,
858 936 985 989 ὅταν
1006 934 1103 1006 τὴν
1133 938 1208 999 εἰς
1227 935 1389 989 αὑτὸν
1416 933 1843 1005 ὁμολογήσωμεν

263 1028 474 1094 πίστιν,
513 1030 633 1082 τότε
669 1030 765 1082 καὶ
799 1028 1016 1098 ἀπάσης
1056 1026 1326 1098 ἁμαρτίας
1353 1025 1640 1094 ἀποφαίνει
1671 1023 1840 1078 καθα-

264 1125 418 1195 ροὺς,
448 1120 677 1176 καὶτῶν
704 1120 949 1192 ἀρχαίων
983 1120 1321 1190 αἰτιαμάτων
1356 1108 1663 1188 ἐλευθεροῖ.

334 1216 486 1284 Πλὴν
521 1213 669 1267 ἔστιν
694 1214 844 1280 ἰδεῖν,
871 1213 946 1277 ὡς
970 1213 1028 1265 ὲν
1055 1211 1225 1265 εἰκόνι
1245 1211 1334 1264 τὸν
1365 1210 1612 1282 ἄνθρακα
1637 1208 1733 1280 [τῷ
1752 1209 1845 1262 ἀν·

261 1304 479 1376 θρακι],
502 1304 775 1371 ἑνωθένταν
808 1302 905 1374 μὲν
940 1305 1006 1373 τῇ
1049 1301 1429 1371 ἀνθρωπότητι
1462 1299 1552 1352 τὸν
1582 1298 1674 1351 τοῦ
1707 1296 1840 1351 Θεοῦ

260 1398 464 1464 Λόγον,
497 1396 558 1449 οὐ
616 1396 724 1469 μὴν
751 1393 1167 1464 ἀποϐεϐληκότα
1197 1392 1257 1445 τὸ
1285 1387 1424 1446 εἶναι
1453 1393 1480 1445 ὅ
1508 1394 1642 1451 ἐστι,
1681 1380 1859 1460 μετοισ-Δ

262 1489 676 1558 στοιχειώσαντι
727 1482 1374 1559 [μεταστοιχειώσαντα]
1427 1484 1481 1537 δὲ
1535 1481 1733 1554 μᾶλλον
1783 1479 1843 1533 τὸ

260 1580 492 1649 ληφθὲν,
537 1580 704 1649 ἤγουν
731 1578 951 1641 ἑνωθὲν,
986 1578 1067 1640 εἰς
1094 1578 1190 1643 τὴν
1223 1573 1418 1628 ἑαυτοῦ
1457 1574 1613 1638 δόξαν
1655 1589 1711 1625 τε
1750 1571 1844 1625 καλ

260 1676 568 1743 ἐνέργειαν.
587 1674 793 1744 Ὂνπερ
809 1671 917 1741 γὰρ
947 1671 1146 1745 τρόπον
1166 1670 1226 1723 τὸ
1256 1669 1364 1741 πῦρ
1386 1668 1653 1741 ὁμιλῆσαν
1680 1666 1840 1736 ξύλῳ,

264 1765 360 1816 καὶ
408 1762 897 1825 εἰσδεδυκὸςαὺτὸ,
935 1761 1365 1831 καταδρὰττεται
1399 1762 1498 1834 μὲν
1538 1758 1726 1825 αὐτοῦ,
1751 1758 1842 1810 καὶ

261 1855 367 1907 οὐκ
399 1854 641 1923 ἐξίστησι
673 1853 771 1923 μὲν
808 1852 902 1908 τοῦ
931 1850 1071 1907 εἶναι
1102 1852 1279 1931 ξύλον,
1311 1852 1597 1931 μεθίστησι
1621 1850 1678 1931 δὲ
1710 1849 1844 1921 μᾶλ-

261 1946 356 1999 λον
390 1947 467 2009 είς
488 1944 584 2016 τὴν
617 1944 713 1998 τοῦ
748 1946 918 2021 πυρὸς
952 1946 1074 2017 ὄψιν
1103 1964 1162 2001 τε
1196 1928 1289 1999 καὶ
1315 1928 1566 2017 δύναμιν,
1608 1928 1702 2022 διαὶ
1728 1941 1841 1996 πᾶν

262 2035 416 2107 αὐτῷ
456 2036 518 2091 τὸ
570 2037 700 2091 ἴδιον
739 2038 1118 2110 ἐνεργάζεται,
1150 2039 1245 2092 καὶ
1296 2038 1370 2103 ὡς
1430 2037 1489 2091 ἓν
1537 2028 1640 2109 ἠδη
1692 2035 1842 2090 λελό-

262 2144 450 2196 γισται
486 2128 604 2199 μετ’
642 2129 810 2182 αὑτοῦ
833 2144 846 2159 '
894 2128 1040 2183 οὕτω
1079 2131 1280 2203 νοήσῃς
1319 2129 1416 2183 καὶ
1447 2129 1539 2183 ἐπὶ
1582 2128 1839 2201 Χριστοῦ.

272 2218 532 2283 Ένωθεὶς
560 2219 667 2289 γὰρ
702 2204 1030 2293 ἀπορρήτοις
1082 2212 1460 2293 ἀνὈρωπότητι
1508 2220 1660 2285 Θεὸς,
1687 2221 1843 2290 τετή-

265 2328 404 2383 ρηκε
436 2313 535 2383 μὲν
583 2313 755 2384 αὐτὴν
791 2313 937 2367 τοῦθ’
966 2314 1103 2384 ὅπερ
1137 2306 1277 2367 εἷναί
1316 2330 1497 2385 φαμεν
1519 2330 1533 2345 ·
1567 2315 1841 2383 μεμένηκε

261 2405 319 2456 δὲ
362 2406 456 2457 καὶ
486 2404 646 2467 αὐτὸς
678 2406 816 2476 ὅπερ
854 2401 921 2477 ἦν
944 2423 957 2437 ·
997 2405 1219 2469 ὲνωοεὶς
1242 2405 1299 2459 δὲ
1334 2404 1501 2470 ἅπαξ,
1542 2406 1617 2470 ὠς
1651 2398 1731 2469 εἷς
1759 2406 1843 2457 λε-

262 2494 512 2563 λόγισται
546 2499 664 2567 μετ’
719 2497 918 2567 αὐτῆς,
973 2496 1341 2568 οἰκειούμενος
1391 2497 1490 2568 μὲν
1534 2497 1603 2550 τὰ
1651 2497 1844 2565 αὐτῆς,

263 2587 576 2657 ἐμποιήσας
604 2589 661 2641 δὲ
694 2590 786 2642 καὶ
833 2589 996 2652 αὐτὸς
1023 2589 1161 2659 αὐτῇ
1200 2590 1298 2658 τῆς
1339 2588 1473 2651 ἰδίας
1505 2588 1717 2659 φύσεως
1749 2588 1846 2641 τὴν

264 2674 352 2728 ὲνέ
361 2694 571 2747 ργειαν.

378 2778 491 2834 Τοῦ
523 2773 709 2831 αὑτοῦ
739 2774 806 2826 ἐκ
835 2772 949 2840 τῆς
977 2770 1113 2838 περὶ
1146 2766 1285 2834 ἐνὸς
1319 2763 1457 2818 Υίοῦ
1491 2765 1746 2832 ὁμιλίας.

348 2870 488 2925 ’Υπὺ
514 2867 761 2936 κατάραν
792 2862 959 2934 ἐσμὲν
991 2862 1041 2915 0i
1077 2863 1157 2926 εἰς
1192 2858 1426 2929 Χριστὸν
1465 2854 1816 2916 πιστεύοντες
1838 2895 1854 2921 ,

1967 749 2051 807 bis
2097 749 2355 804 exhibere
2395 746 2553 803 Verbi
2604 749 2838 803 hominis
2891 749 3012 803 facti
3046 768 3058 804 :
3095 754 3260 820 quod,
3308 755 3351 806 si
3403 754 3539 807 labia

1969 849 2150 897 nostra
2182 841 2441 912 tetigerit,
2475 839 2527 895 id
2563 851 2666 904 est,
2717 840 2759 895 si
2792 839 2951 896 (idem
2999 841 3050 896 in
3085 843 3262 912 ipsum
3301 845 3537 901 confessi

1969 934 2248 999 fuerimus,
2303 946 2431 989 tunc
2472 949 2567 988 nos
2611 934 2677 987 ab
2710 933 2855 987 omni
2904 945 3122 1004 peccato
3162 952 3322 1005 puros
3355 936 3538 1001 ellicit,

1966 1038 2021 1083 et
2050 1026 2293 1099 pristinis
2333 1025 2653 1103 criminibus
2687 1025 2899 1080 liberat.

2038 1205 2330 1272 Cseterum,
2368 1214 2619 1274 tanquam
2654 1204 2708 1258 in
2758 1203 3007 1275 imagine,
3046 1204 3256 1275 licetin
3307 1210 3541 1264 carbone

1968 1299 2288 1364 conspicere
2320 1297 2611 1349 adunatum
2642 1295 2856 1364 quidem
2909 1295 3229 1351 humanitati
3281 1296 3371 1351 Dei
3410 1296 3542 1352 Ver-

1973 1391 2120 1451 hutn,
2157 1402 2262 1442 non
2312 1398 2490 1441 tamen
2536 1385 2830 1456 proiecisse
2864 1386 3004 1457 quod
3051 1384 3243 1452 fuerat,
3278 1388 3540 1442 transfero

1968 1494 2142 1533 masse
2189 1487 2366 1543 autem
2416 1478 2587 1547 magis
2618 1480 2951 1548 assumptam
2997 1487 3241 1532 naturam
3292 1479 3343 1532 in
3389 1496 3566 1541 suam.

1965 1570 2189 1640 gloriam
2226 1578 2279 1624 et
2306 1568 2700 1639 operationem.
2732 1566 3193 1635 Quemadmodum
3222 1569 3366 1623 enim
3406 1571 3544 1641 ignis

1962 1662 2109 1732 lig‘no
2139 1660 2347 1729 aﬂixus,
2381 1672 2434 1716 et
2462 1661 2513 1716 id
2544 1670 2853 1732 penetrans,
2892 1662 3301 1732 comprehendit
3325 1663 3541 1732 quidem

1965 1754 2164 1821 ipsum,
2208 1762 2265 1809 et
2310 1753 2559 1825 quamvis
2598 1753 2802 1825 lignum
2839 1768 2958 1809 esse
2994 1769 3101 1808 non
3146 1752 3381 1820 desinat,
3436 1756 3541 1809 vim

1966 1853 2144 1900 tamen
2166 1860 2317 1900 suam
2517 1844 2861 1914 speciemque
2883 1853 3229 1912 transmutat,
3253 1856 3308 1900 et
3324 1861 3541 1900 omnem

1884 1914 1924 1968 Β
1963 1950 2024 1993 se
2051 1928 2275 1992 confert
2306 1936 2361 1991 in
2396 1936 2621 2008 lignum,
2652 1947 2704 1992 et
2745 1952 2867 1991 cum
2905 1937 3019 2007 ipso
3041 1938 3153 2008 jam
3182 1937 3343 2006 quasi
3377 1934 3539 1991 unum

1964 2028 2182 2102 aliquod
2208 2030 2511 2084 aestimatur
2544 2047 2558 2084 :
2591 2029 2731 2084 idem
2777 2028 3015 2099 intelligo
3060 2031 3126 2082 de
3161 2030 3397 2084 Christo.
3430 2030 3542 2082 Ad-

1967 2128 2165 2175 unatus
2208 2120 2350 2173 enim
2395 2118 2851 2173 ittzestimabiliter
2883 2117 3201 2173 humanitati
3232 2117 3374 2173 Deus
3427 2120 3541 2172 ser-

1966 2209 2111 2264 vavit
2139 2209 2355 2278 quidem
2392 2210 2560 2278 ipsam
2596 2210 2651 2263 in
2700 2224 2766 2265 eo
2793 2209 2937 2279 quod
2967 2208 3165 2276 fuerat,
3199 2220 3254 2263 et
3284 2208 3395 2278 ipse
3421 2225 3542 2277 per-

1963 2302 2164 2357 mansit
2204 2302 2348 2371 quod
2393 2313 2543 2365 erat;
2597 2299 2764 2354 semel
2813 2309 2993 2355 tamen
3041 2301 3329 2377 adunatus,
3387 2301 3542 2370 quasi

1967 2392 2109 2447 unus
2153 2390 2265 2460 jam
2318 2406 2439 2444 eum
2488 2390 2602 2459 ipsa
2658 2399 2898 2461 putatur,
2951 2404 3013 2446 ea
3064 2402 3180 2460 quae
3234 2392 3360 2445 sont
3404 2389 3544 2444 illius

1964 2499 2061 2539 sua
2105 2481 2342 2549 faciens;
2379 2480 2663 2537 conferens
2691 2491 2869 2536 autem
2908 2482 2955 2537 ei
2986 2483 3149 2536 etiam
3180 2483 3295 2553 ipse
3330 2493 3542 2537 natura:

1962 2587 2073 2628 sua:
2094 2573 2488 2643 operationem.
3046 2560 3047 2563 “

2244 2756 2497 2823 Eiusdem
2528 2771 2593 2810 ex
2617 2757 2858 2810 oratione
2886 2756 2948 2807 de
2969 2770 3071 2808 uno
3104 2751 3262 2809 Filio.

2025 2849 2139 2906 Sub
2155 2850 2527 2906 exsecratione
2548 2862 2755 2911 sumus,
2775 2826 2866 2917 qui
2891 2847 2944 2901 in
2964 2845 3234 2902 Christum
3251 2846 3549 2910 credimus,

265 2964 316 3017 el
350 2961 429 3032 μὴ
461 2959 623 3029 φύσει
649 2975 710 3010 τε
746 2956 843 3010 καὶ
868 2952 1086 3026 ἀληθῶς
1113 2954 1232 3006 ἐστι
1260 2949 1391 3013 Θεὸς
1419 2950 1447 3002 ὁ
1476 2950 1540 3001 ὲκ
1574 2945 1842 3019 Παρθένοι

1959 2944 2061 2997 nisi
2093 2952 2285 2997 natura
2319 2948 2372 2995 et
2404 2956 2531 2997 vere
2552 2940 2723 2996 Filius
2754 2948 2859 3006 est,
2885 2938 2976 3009 qui
3008 2947 3167 2992 natus
3196 2949 3277 2991 est
3304 2953 3366 2992 ex
3428 2938 3547 2991 Vir-

266 3052 572 3125 γεννηθείς,
623 3049 768 3117 Ἔφη
818 3047 926 3115 γάρ
971 3062 1076 3097 που
1120 3043 1251 3114 περὶ
1288 3039 1452 3095 αὑτοῦ
1493 3042 1519 3094 ὁ
1566 3040 1854 3111 προφήτης

1955 3034 2102 3103 gine.
2134 3032 2207 3087 De
2229 3034 2332 3088 hoc
2371 3036 2513 3087 enim
2554 3030 2723 3088 Isaias
2771 3033 2849 3087 ait
2897 3033 3127 3100 quodam
3165 3029 3281 3084 loco
3313 3048 3326 3085 :
3359 3029 3418 3083 Ει
3448 3024 3557 3084 erit

275 3112 511 3207 :lloola;
534 3112 557 3176 λ
588 3112 718 3197 Καὶ-
754 3112 927 3194 ἔσται
990 3140 1028 3207 ἠ
1078 3112 1211 3206 ,διξὰ
1263 3134 1371 3189 τοῦ
1441 3132 1693 3197 Ἰεσσαὶ,
1747 3131 1842 3185 καί

1959 3128 2111 3179 radix
2133 3124 2304 3191 Jesse,
2325 3135 2374 3180 et
2395 3126 2485 3196 qui
2515 3136 2762 3194 exsurgat
2798 3124 3055 3195 imperare
3083 3124 3343 3194 gentibus,
3364 3125 3414 3176 in
3439 3112 3559 3191 ipso

265 3244 297 3295 ό
320 3234 721 3305 ἀνιστάμενος
748 3233 955 3300 ἄρχειν
998 3228 1211 3295 ἐθνῶν,
1261 3227 1354 3282 ἐπ’
1385 3225 1545 3291 αὐτῷ
1572 3226 1715 3295 ἔθνη
1745 3224 1848 3279 ἐλ-

1952 3229 2125 3288 gentes
2156 3220 2441 3290 sperabunt
2474 3220 2512 3275 ⁸.
2558 3215 2848 3297 Quomodo
2893 3217 3061 3289 igitur
3093 3224 3217 3282 nos,
3268 3216 3359 3285 qui
3397 3232 3547 3285 spem

263 3324 502 3379 πιοῦσι.
539 3321 658 3383 liti);
690 3320 783 3374 οὖν
813 3318 899 3372 ἐπ’
930 3316 1079 3388 αὐτῷ
1106 3318 1205 3378 τὰς
1233 3315 1458 3377 ἐλπίδας
1494 3316 1707 3386 ἔχοντες
1739 3315 1838 3368 οὐκ

1964 3328 1994 3366 ιι
2019 3314 2138 3380 ipso
2161 3310 2390 3380 positam
2452 3310 2735 3375 habemus,
2769 3324 2873 3363 non
2899 3322 3092 3362 sumus
3153 3307 3555 3383 exsecrabiles,‘

262 3421 432 3488 ἐσμὲν
486 3397 776 3485 ὲπάράτοι,
822 3412 981 3483 εἴπερ
1030 3413 1177 3464 ἐστὶν
1220 3408 1429 3480 ἀληθὴς
1481 3410 1508 3461 ὁ
1554 3408 1845 3479 προφήτης

269 3508 546 3577 Ἱερεμίας
563 3503 757 3571 λέγων,
783 3500 1266 3569 Ἐπικατάρατος,
1296 3500 1467 3566 ὅστις
1490 3498 1606 3566 τὴν
1625 3496 1845 3551 ἐλπίδα

260 3601 354 3655 ἐπ’
383 3600 697 3665 ἄνθρωπον
720 3594 880 3663 ἔχεις
921 3594 1060 3646 Ἀλλ’
1088 3595 1189 3646 οὑκ
1214 3595 1300 3646 ἐπ’
1326 3591 1604 3663 ἀνθρώπῳ
1632 3590 1727 3644 τὰς
1758 3590 1845 3642 ὲλο

261 3687 421 3747 πίδχς
456 3684 769 3753 ἐσχήκαμεν
809 3681 859 3734 οἱ
888 3682 966 3745 εἰς
994 3682 1229 3751 Χριστὸν
1261 3672 1679 3744 πιστεύσαντες.
1712 3680 1844 3743 Θεὸς

258 3779 369 3847 ἄρα
396 3777 544 3828 ἐστὶν
573 3771 652 3837 εἷς
682 3771 774 3826 καὶ
806 3772 989 3842 μόνος,
1017 3774 1111 3827 καὶ
1135 3773 1278 3826 κατά
1304 3772 1565 3843 ἀλήθειαν
1592 3773 1719 3836 Υἱὸς
1747 3773 1843 3826 καὶ

261 3870 371 3938 πρὸ
420 3866 641 3937 σαρκὸς,
690 3865 786 3918 καὶ
840 3850 1252 3935 μετὰνσαρκὸς,
1294 3863 1352 3927 ὃς
1397 3863 1595 3936 ἔποχος
1646 3863 1722 3918 ὢν
1766 3864 1844 3936 τῷ

260 3955 450 4025 πώλῳ,
488 3955 627 4006 κατὰ
665 3952 765 4023 τὴν
798 3951 904 4005 τῶν
937 3952 1290 4022 Εὑαγγελίων
1325 3952 1527 4020 πίστιν,
1562 3954 1853 4029 ἀνέϐαινεν,

258 4051 338 4110 εἰς
381 4046 750 4131 Ἱεροσόλυμα.
776 4041 912 4099 Εἶτα
940 4047 1308 4129 προῦπήντων
1336 4046 1692 4118 εὐφημοῦντα
1720 4066 1843 4119 μει-

264 4142 456 4212 ράκια,
490 4139 584 4191 καὶ
608 4139 673 4209 δὴ
693 4139 784 4191 καὶ
809 4137 1067 4205 ἔφασκονθ
1104 4138 1366 4194 Ὡσαννὰ
1384 4137 1463 4205 τῷ
1495 4140 1603 4205 Υίῷ
1627 4141 1807 4195 Δαϐίᾶ
1829 4159 1844 4175 ο

256 4231 664 4303 εὐλογ-ιυιένος
687 4233 719 4285 ὀ
736 4231 1059 4298 ἐρχόμενος
1080 4231 1150 4283 ἐν
1168 4230 1413 4300 ὀνόματι
1435 4233 1673 4300 Κυρίου.
1700 4234 1840 4304 Πρὸς

1955 3405 2222 3474 siquidem
2269 3402 2536 3459 Jeremias
2576 3412 2658 3458 est
2693 3418 2851 3458 verus
2898 3402 3197 3473 prepheta,
3230 3402 3344 3471 qui,
3381 3399 3552 3455 Male-

1951 3496 2143 3560 dictus,
2174 3497 2370 3566 inquit,
2399 3496 2489 3565 qui
2527 3512 2670 3559 spent
2698 3494 2850 3549 habet
2879 3495 2934 3548 in
2967 3488 3177 3548 homine
3196 3494 3217 3524 ²
3242 3490 3268 3547 2
3312 3493 3381 3545 Αι
3427 3508 3545 3573 nos,

1949 3589 2040 3658 qui
2074 3588 2126 3643 in
2152 3590 2425 3665 Christum
2462 3588 2813 3665 credidimus,
2842 3588 2893 3641 in
2920 3576 3153 3642 homine
3182 3600 3305 3655 spes
3334 3594 3550 3641 nostra;

1950 3695 2054 3732 non
2085 3660 2511 3735 collocavimus:
2547 3679 2687 3734 Deus
2722 3660 2870 3734 enim
2906 3687 2990 3732 est
3030 3695 3171 3733 unus
3225 3689 3277 3734 et
3303 3678 3549 3745 solus,et

1947 3787 2077 3827 vere
2119 3771 2311 3839 Filius,
2371 3782 2429 3828 et
2473 3784 2770 3842 antequam
2834 3772 3053 3845 carnem
3114 3781 3442 3839 assumeret,
3495 3784 3549 3827 et

1949 3858 2232 3933 postquam
2267 3880 2486 3919 carnem
2519 3864 2836 3936 assumpsit,
2893 3864 2986 3934 qui
3013 3862 3256 3919 insidens
3281 3863 3448 3931 pullo,
3487 3874 3548 3917 ut

1944 3956 2288 4023 evangelista:
2353 3956 2711 4019 tradiderunt.
2789 3954 3037 4012 ascendit
3092 3955 3145 4010 in
3222 3953 3541 4011 Jerusalem.

1957 4044 2113 4102 Tune
2145 4046 2363 4102 obviam
2396 4057 2784 4117 processerunt
2822 4046 3001 4116 pueri,
3038 4046 3131 4117 qui
3165 4055 3219 4102 et
3246 4047 3489 4102 dicebant
3527 4060 3546 4098 :

1954 4139 2211 4194 llosatma
2242 4138 2390 4193 Filio
2423 4138 2621 4193 David.
2656 4138 3104 4211 Benedicttts,qui
3130 4141 3265 4195 venit
3290 4140 3346 4195 in
3377 4141 3547 4194 nomi-

1949 4248 2012 4285 ne
2031 4232 2393 4287 Domini'.Ad
2419 4232 2560 4287 hanc
2577 4246 2868 4302 puerorum
2916 4247 3100 4288 vocem
3126 4232 3386 4303 indignati
3421 4240 3546 4287 sunt

258 4322 465 4391 τεύτην
491 4321 587 4390 τὴν
620 4319 726 4373 τῶν
766 4320 971 4372 παίδων
1004 4327 1188 4391 φωνὴν
1216 4322 1564 4393 ἠγανάκτουν
1598 4326 1646 4377 0t
1675 4325 1841 4396 Φαρι-

1959 4320 2226 4376 Pharisaei.
2248 4323 2380 4375 Cum
2412 4322 2557 4377 enim
2582 4322 2633 4376 in
2689 4322 2929 4378 hominis
2997 4323 3169 4377 fortuna
3215 4323 3542 4393 conspicuus

259 4414 424 4466 σαῖοι.
491 4410 708 4480 Ἐπειδὴ
751 4410 858 4481 γὰρ
911 4412 1188 4481 ὁρώμενος
1235 4413 1523 4483 ἄνθρωπος
1570 4414 1668 4485 τὴν
1718 4415 1836 4486 Θεῷ

1959 4413 2052 4470 Deo
2076 4412 2485 4469 convenientem
2523 4412 2734 4467 laudem
2769 4413 3102 4480 admisisset,
3135 4415 3392 4470 audacter
3446 4431 3544 4470 ac-

259 4508 581 4575 πρέπουσαν
606 4502 932 4572 ὑμνολογίαν
955 4504 1185 4573 ἐδέχετο,
1211 4505 1522 4575 προσῄεσαν
1542 4509 1591 4559 ol
1615 4506 1837 4578 Θρασεῖς

1959 4513 2300 4559 :esseruntet
2326 4510 2538 4558 tantum
2580 4519 2688 4558 non
2716 4503 2899 4558 testati
2925 4513 3071 4571 sunt,
3096 4505 3379 4560 dicentes:
3410 4503 3537 4559 Non

260 4597 548 4668 μονονουχὶ
589 4584 1088 4667 διαμαρτυράμενοι
1126 4615 1187 4651 τε
1243 4599 1335 4652 καὶ
1397 4598 1667 4667 λέγοντες,
1710 4602 1832 4654 Οὐκ

1959 4595 2264 4666 rudis,quid
2296 4596 2386 4651 isti
2418 4594 2604 4649 dicunt
2625 4594 2688 4649 ‘?
2715 4594 2861 4650 Nihil
2887 4596 3063 4662 abest,
3103 4595 3377 4665 inquiunt,
3409 4614 3544 4666 quo-

254 4691 502 4757 ἀκούεις
550 4688 608 4743 τί
638 4684 805 4744 οὗτοι
841 4688 1094 4757 λέγουσι
1115 4707 1134 4753 ;
1170 4690 1455 4761 μονονουχὶ
1487 4691 1596 4760 γάρ
1647 4708 1835 4761 φασιν,

1959 4686 2126 4763 uinus
2157 4689 2320 4742 homo
2372 4703 2496 4743 cum
2559 4688 2659 4754 sis,
2696 4688 2923 4757 patiaris
2971 4698 3021 4743 te
3072 4699 3326 4757 tanquam
3373 4690 3538 4744 Deum

258 4782 584 4851 Ἀνῦρωπος
619 4778 715 4845 ὣν,
754 4780 919 4850 ἀνέχῃ
957 4779 1435 4854 δοξολογούμενος,
1469 4784 1563 4837 καὶ
1595 4784 1668 4847 ὡς
1705 4784 1839 4848 Θεὸς

1959 4778 2115 4852 gloria
2144 4789 2199 4835 et
2248 4779 2503 4835 laudibus
2537 4779 2697 4836 allici.
2727 4777 2865 4834 Num
2900 4779 2987 4836 his
3039 4781 3241 4836 auditis
3284 4781 3536 4838 Christus

254 4872 623 4944 ὑμνούμενος.
680 4871 789 4925 Καὶ
840 4874 891 4925 τί
948 4873 1084 4942 πρὸς
1129 4873 1300 4929 ταῦτα
1349 4876 1625 4946 Χριστός;
1668 4876 1835 4945 Ἠγαο

1959 4872 2122 4926 tueris
2158 4870 2470 4943 indignatus
2492 4871 2615 4927 est?
2640 4887 2769 4927 num
2809 4871 2997 4927 laudes
3027 4872 3271 4942 ipsorum
3322 4888 3540 4928 recusa-

254 4962 531 5030 νάκτησεν
583 4956 694 5032 ἆρα
747 4966 889 5016 κατὰ
934 4964 1042 5017 τῶν
1090 4964 1333 5033 παίδων;
1377 4967 1705 5022 ἀπεσείσατο
1735 4967 1835 5039 τὴν

1959 4963 2056 5019 rit?
2089 4964 2473 5020 succensuitne
2498 4964 2627 5031 illis,
2649 4979 2678 5019 a
2712 4964 2909 5034 quibus
2930 4965 3253 5021 laudabatur
3279 4978 3334 5019 ut
3360 4967 3538 5022 Deus?

251 5054 600 5122 δοξαλογίοῊ
646 5057 950 5126 ἐπετίμησε
999 5060 1111 5120 τοῖς
1158 5057 1503 5130 εὐφημοῦσιν
1549 5060 1712 5114 αὐτὸν
1756 5061 1831 5125 ὼς

1959 5055 2307 5127 lequaquam.
2334 5054 2475 5125 Quin
2499 5056 2657 5112 etiam
2691 5056 2757 5113 ad
2786 5073 2900 5123 eos,
2949 5060 3040 5130 qui
3064 5059 3535 5116 οιὶιηὶιιοιίομίιιιιε

255 5148 435 5210 Θεόν;
474 5146 761 5216 Οὐδαμῶς.
797 5150 942 5219 Ἔφη
983 5151 1092 5222 γὰρ
1135 5152 1336 5221 μᾶλλον
1374 5153 1510 5223 πρὸς
1549 5154 1675 5216 τοὺς
1714 5153 1836 5222 φιλ-

257 5236 639 5306 εγκλήμοναςο
698 5241 821 5292 Οὐκ
874 5239 1194 5310 ἀνέγνωτε,
1255 5242 1346 5295 ὅτι
1393 5245 1495 5298 Ἐκ
1537 5244 1838 5312 στόματος

253 5328 496 5393 νηπίων
520 5328 616 5382 καί
647 5328 1027 5397 θηλαζόντων
1046 5335 1392 5400 κατηρτίσω
1423 5330 1629 5397 uiror;
1660 5333 1839 5403 Ἀμὴν

251 5419 415 5489 λέγω
455 5420 596 5490 ὑμῖν
615 5461 631 5486 ,
669 5421 780 5476 ἐὰν
807 5419 974 5480 οὗτοι
1006 5426 1433 5494 σιωπήσωσιν,
1470 5430 1521 5480 ol
1552 5428 1711 5481 λίθοι
1739 5442 1837 5481 κε-

250 5509 604 5576 κράξονται.
654 5511 818 5585 Ὁρᾷς
855 5515 1003 5579 ὅπως
1044 5519 1618 5590 προσμεμαρτύρηκεν
1657 5517 1836 5589 ἑαυτῷ

249 5603 357 5670 τὴν
398 5601 500 5671 τῆς
550 5603 803 5676 Θεότητος
840 5606 1000 5673 δόξαν
1044 5611 1071 5661 ὀ
1116 5608 1482 5680 ἐποχούμενος
1520 5609 1598 5680 τῷ
1646 5609 1832 5680 πώλῳ,

251 5694 352 5769 καὶ
384 5693 525 5748 κατὰ
555 5696 732 5767 σάρκα
754 5698 881 5762 Υίὸς
913 5699 1104 5765 Δα6ί6;
1151 5698 1288 5753 Ἀλλ’
1321 5702 1420 5754 οὐκ
1450 5698 1517 5774 ἦν
1546 5701 1703 5771 δόξης
1737 5700 1831 5754 ἀλ·-

1939 5148 2353 5205 delectabantur
2389 5166 2404 5206 :
2446 5149 2656 5216 Nomte,
2705 5153 2900 5220 inquit,
2932 5150 3131 5223 legistis
3160 5167 3177 5204 .'
3211 5151 3295 5207 Ea:
3338 5170 3425 5207 ore
3457 5155 3537 5206 in-

1937 5243 2170 5313 fantium
2237 5254 2285 5298 et
2351 5243 2660 5299 lartentium
2732 5244 2995 5313 perfecisti
3061 5244 3321 5299 laudem?
3370 5244 3532 5299 Amen

1937 5334 2057 5386 dico
2081 5334 2248 5395 vobis,
2276 5336 2319 5386 si
2345 5334 2396 5386 hi
2424 5336 2706 5400 tacuerint,
2740 5335 2938 5403 lapidea
2961 5334 3263 5390 clamabunt
3296 5338 3334 5389 ⁵.
3372 5336 3530 5394 Vides

1938 5425 2208 5493 quomodo
2262 5428 2352 5497 qui
2405 5426 2549 5496 pullo
2598 5426 2894 5490 insederat,
2952 5429 3246 5482 secundum
3308 5444 3525 5484 «ament

1944 5516 2089 5572 ﬁlius
2113 5517 2354 5585 Davidis,
2390 5519 2690 5574 divinitatis
2739 5518 2965 5589 gloriam
3015 5529 3071 5573 ut
3113 5534 3264 5573 suam
3310 5524 3526 5589 agnovit

1945 5612 2257 5666 testimonio
2284 5612 2425 5668 suo?
2453 5611 2570 5666 Non
2601 5610 2765 5680 igitur
2818 5619 2938 5664 erat
2989 5610 3178 5666 aliena:
3223 5612 3409 5681 gloria:
3439 5633 3523 5667 so-

1941 5700 2083 5767 cius,
2106 5712 2164 5757 ut
2192 5702 2279 5757 lSll
2316 5702 2525 5769 dicunt,
2550 5716 2724 5774 neque
2755 5702 3003 5759 diversus
3022 5720 3049 5757 a
3074 5700 3252 5760 Verbo
3303 5707 3417 5773 Dei,
3468 5712 3522 5762 ut

333 5869 350 5899 ¹
392 5869 495 5924 lsa.
522 5888 599 5938 χι,
633 5874 730 5942 10;
790 5876 943 5930 Rom.
972 5894 1059 5943 xv,
1092 5878 1174 5930 l2.
1254 5882 1272 5911 ³
1312 5860 1514 5936 Jerem.
1542 5898 1672 5947 xvu,
1697 5884 1750 5937 5.
1829 5881 1842 5913 ³

1959 5887 2079 5939 ttth.
2112 5904 2240 5953 xxv,
2278 5887 2361 5942 15.
2450 5888 2470 5917 ⁸
2518 5886 2652 5942 Ibid.
2857 5889 2878 5919 '
2909 5887 3041 5946 Luc.
3070 5907 3180 5948 xtx.
3216 5893 3306 5949 40.
