3952 6554
258 447 372 508 985

1230 442 1599 500 rammLtA
1645 432 2102 497 DOGMATICA.
2133 459 2203 473 -
2231 436 2377 499 Tl'l‘.
2423 436 2541 498 XV.

3423 441 3526 502 986

265 572 411 625 κατὰ
438 571 615 642 σάρκα
642 588 707 625 εκ
734 586 1011 641 γυναικος,
1044 583 1143 641 nox
1164 574 1238 635 ὼς
1260 573 1359 640 τῆς
1387 572 1535 631 θείας
1560 568 1725 623 αὐτοῦ
1755 568 1844 638 φύ-

1950 592 2031 637 tre
2055 582 2273 652 genitus
2293 582 2414 646 fuit,
2448 581 2752 636 secundum
2781 598 2998 637 carnem
3024 599 3089 637 ex
3112 586 3341 639 muliere
3364 596 3522 639 natus

267 681 409 727 σεως
442 664 618 735 ἀρχὴν
650 664 744 718 τοῦ
777 658 918 718 εἶναι
960 664 1231 732 λαϐούσης
1319 665 1378 715 ἐν
1423 667 1487 733 τῇ
1529 662 1664 731 ἁγίᾳ
1698 663 1846 732 Παρ-

265 757 426 829 θένῳ’
453 758 575 813 οὕτε
612 760 718 830 μὴν
739 759 1021 829 δεηθείσης
1058 757 1371 825 ἀναγκαίως
1403 757 1467 810 δι’
1501 756 1697 826 ἑαυτὴν
1721 757 1844 809 δευ-

262 853 434 922 τέρας
480 852 816 921 γεννήσεως,
861 850 999 919 μετὰ
1040 849 1139 919 τὴν
1173 853 1236 902 ὲκ
1271 848 1504 919 Πατρός.
1548 849 1701 901 Ἔστι
1738 848 1847 919 γὰρ

265 942 475 997 εἰκαῖόν
506 959 563 995 τε
593 941 728 1012 ὁμοῦ
760 943 852 995 καὶ
875 941 1085 1012 ἀμαθὲς
1110 942 1201 995 τὸν
1230 943 1541 1013 ὑπάρχοντα
1576 941 1683 1012 πρὸ
1712 958 1847 994 παν-

264 1035 359 1097 τὸς
388 1034 615 1100 αἰῶνος,
644 1034 739 1087 καὶ
764 1034 1031 1087 συναῖδιον
1057 1033 1137 1105 τῷ
1182 1034 1394 1105 [Ia-:91,
1422 1031 1628 1086 δεῖσθαι
1661 1032 1843 1100 λέγειν

267 1125 445 1195 ἀρχῆς
478 1126 577 1195 τῆς
597 1128 676 1190 εἰς
697 1127 759 1179 τὸ
782 1120 919 1179 εἶναι
939 1126 1218 1196 δευτέρας.
1265 1124 1482 1195 Ἐπειδὴ
1503 1123 1558 1177 δὲ
1584 1124 1650 1177 δι’
1673 1125 1841 1195 ἡμᾶς,

267 1217 362 1268 καὶ
397 1217 485 1269 διὰ
514 1218 610 1287 τὴν
641 1217 911 1289 ἡμετέραν
948 1218 1223 1287 σωτηρίαν
1256 1216 1462 1281 ἑνώσας
1494 1218 1678 1288 ἑαυτῷ
1722 1217 1843 1271 καθ’

268 1306 565 1359 ὑπόστασιν
613 1310 673 1361 τὸ
723 1308 1084 1379 ἀνθρώπινον,
1129 1307 1401 1379 προῆλθεν
1448 1310 1514 1360 ἐκ
1556 1310 1841 1378 γυναικὸς,

269 1397 442 1470 ταύτῃ
461 1416 542 1451 τοι
565 1399 777 1467 λέγεται
799 1400 1121 1471 γεννηθῆναι
1146 1399 1443 1470 σαρκικῶς.
1466 1402 1540 1453 Οὕ
1565 1400 1673 1469 γὰρ
1702 1402 1848 1470 πρῶ·

266 1506 359 1542 τον
392 1489 675 1558 ἄνθρωπος
708 1492 970 1563 ἐγεννήθη
999 1492 1175 1554 κοινὸς
1203 1494 1267 1544 ὲκ
1293 1491 1394 1561 τῆς
1431 1492 1592 1561 ἁγίας
1633 1492 1848 1563 Παρθέ-

268 1597 359 1632 νου
383 1596 395 1610 ·
442 1578 541 1633 εἷθ’
586 1580 727 1634 οὕτω
767 1584 1240 1653 καταπεφοίτηκεν
1280 1583 1366 1635 ἐπ’
1401 1584 1565 1637 αὑτὸν
1599 1586 1627 1636 ὁ
1656 1584 1846 1650 Λόγος-

266 1670 384 1722 (DN
430 1671 488 1737 ὲξ
533 1672 703 1741 αὐτῆς
748 1675 963 1745 μήτρας
1008 1675 1266 1740 ὲνωθεὶς,
1297 1676 1587 1744 ὑπομεῖναι
1632 1676 1850 1744 λέγεται

268 1761 523 1830 γέννησιν
554 1764 841 1837 σαρκικὴν,
879 1765 956 1830 ὼς
986 1765 1087 1836 τῆς
1128 1767 1261 1831 ιδίας
1293 1767 1495 1837 σαρκὸς
1524 1768 1625 1836 τὴν
1656 1770 1849 1836 γέννη-

269 1864 356 1900 σιν
394 1849 783 1913 οἰκειούμενος.
818 1849 977 1902 Οὕτω
1005 1849 1184 1917 φαμὲν
1208 1850 1370 1903 αὐτὸν
1404 1852 1498 1904 καὶ
1523 1852 1735 1913 παθεῖν,
1762 1853 1853 1904 καὶ

1947 671 2187 724 dicitur:
2219 685 2326 723 non
2370 670 2515 739 quod
2553 670 2737 724 divina
2784 672 2932 725 illius
2967 682 3160 726 natura
3194 676 3522 731 exsistetttim

1948 778 2060 816 suae
2096 763 2310 816 initium
2350 763 2405 815 itt
2440 778 2595 816 sacra
2634 763 2856 832 Virgine
2890 766 3204 833 sumpserit,
3239 777 3333 821 aut
3377 768 3520 836 quod

1948 863 2072 924 post
2121 854 2352 924 primam
2396 868 2463 907 ex
2494 853 2673 917 Patre,
2706 859 2874 909 altera
2900 865 3124 926 propter
3161 858 3391 927 seipsam
3426 876 3522 929 ge-

1947 942 2232 997 neratione
2277 943 2584 998 necessario
2626 943 2959 1013 indiguerit:
2996 945 3221 998 stultum
3257 956 3340 1000 cst
3374 948 3520 1001 enim

1947 1037 2217 1106 planeque
2270 1036 2515 1104 ineptum
2565 1050 2813 1089 asserere
2864 1051 2991 1109 cum
3031 1037 3124 1104 qui
3179 1047 3304 1093 ante
3337 1040 3519 1093 omnia

1944 1129 2139 1182 saecula
2180 1126 2326 1182 Patri
2351 1136 2657 1181 coaeternus
2691 1125 2926 1189 exsistit,
2963 1127 3132 1182 altera
3167 1129 3368 1193 denuo,
3412 1147 3523 1199 quo

1940 1220 2203 1275 exsistere
2236 1228 2432 1289 queat,
2464 1219 2815 1290 generatione
2853 1219 3154 1289 indiguisse
3186 1237 3199 1272 :
3241 1222 3335 1275 sed
3375 1224 3519 1291 quod

1942 1325 2163 1382 propter
2208 1327 2327 1375 nos,
2371 1320 2427 1365 et
2463 1321 2689 1381 propter
2730 1319 2973 1367 nostram
3014 1312 3243 1366 salutem
3284 1314 3519 1367 humana

1944 1412 2138 1456 natura
2168 1401 2470 1455 secundum
2510 1401 2844 1472 hypostasim
2868 1400 2972 1455 sibi
2999 1401 3172 1466 unita,
3199 1417 3263 1456 ex
3292 1403 3520 1457 muliere

1944 1504 2103 1549 natus
2149 1503 2265 1548 est:
2304 1494 2434 1548 hinc
2468 1503 2553 1547 est
2596 1493 2744 1563 quod
2785 1493 3086 1547 secundum
3111 1509 3332 1547 carnem
3359 1502 3521 1547 natus

1943 1585 2292 1655 prmdicatur.
2352 1584 2471 1638 Non
2525 1584 2669 1638 enim
2728 1582 2906 1653 primo
2954 1584 3194 1653 vulgaris
3249 1584 3519 1653 quispiam

1944 1676 2109 1730 homo
2150 1692 2217 1731 ex
2257 1676 2479 1747 Virgine
2528 1685 2684 1731 ortus
2730 1686 2835 1739 est,
2875 1676 2929 1728 in
2969 1691 3130 1744 quem
3160 1676 3256 1729 Dei
3282 1677 3518 1730 Verbum

1945 1767 2144 1822 deinde
2179 1785 2298 1824 sese
2322 1769 2638 1833 demiserit;
2683 1768 2775 1823 sed
2804 1769 2857 1823 in
2886 1769 3005 1839 ipso
3031 1777 3190 1823 utero
3212 1768 3364 1822 carni
3392 1767 3513 1822 uni-

1930 1866 2046 1910 tum
2083 1854 2385 1909 secundum
2425 1869 2647 1909 carnem
2692 1857 3037 1925 progenitum
3079 1856 3301 1919 dicitur,
3325 1865 3513 1924 utpote

266 1939 589 2010 ἀναστῆναι,
615 1940 713 2010 οὐχ
740 1940 815 2004 ὡς
843 1940 938 1993 τοῦ
968 1939 1102 1993 Θεοῦ
1124 1941 1297 2009 Λόγου
1327 1941 1592 2006 παθόντος
1613 1946 1692 2007 εἰς
1720 1946 1853 1999 ἰδίαν

1942 1962 2043 2004 sua:
2085 1944 2267 1999 carnis
2312 1945 2723 2015 generationem
2766 1946 2869 2000 sibi
2915 1956 2974 2000 ιιι
3020 1946 3295 2016 propriam
3331 1948 3511 2001 vindi-

266 2030 453 2099 φύσιν,
479 2031 512 2101 ἢ
552 2031 789 2101 πληγὰς,
818 2032 852 2103 ἢ
879 2034 1187 2104 διατρήσεις
1217 2032 1383 2104 ἥλων,
1410 2035 1575 2106 ἧγουν
1605 2036 1671 2090 τὰ
1696 2038 1856 2109 ἕτερα

265 2120 378 2175 τῶν
413 2122 765 2192 τραυμάτων·
798 2122 1010 2187 ἀπαθὲς
1044 2124 1153 2193 γὰρ
1184 2124 1246 2178 τὸ
1261 2124 1437 2190 Θεῖον,
1471 2128 1554 2180 ὅτι
1584 2128 1681 2181 καὶ
1710 2129 1857 2182 ἀσώ-

269 2230 463 2283 ματον·
500 2214 687 2285 ἐπειδὴ
728 2214 785 2268 δὲ
811 2215 872 2268 τὸ
903 2215 1127 2283 γεγονὸς
1158 2216 1323 2270 αὐτοῦ
1381 2217 1509 2270 ἰδιον
1559 2218 1718 2289 σῶμα
1765 2221 1860 2273 πέ-

268 2304 433 2357 πονθε
455 2304 648 2369 ταῦτα,
677 2305 840 2360 πάλιν
863 2306 1028 2370 αὐτὸς
1047 2306 1267 2377 λέγεται
1298 2307 1490 2362 παθεῖν
1510 2308 1652 2380 ὑπὲρ
1678 2310 1853 2380 ἡμῶν.

267 2393 381 2449 Ἦν
403 2398 511 2469 γὰρ
539 2398 567 2450 ὁ
598 2398 813 2468 ἀπαθὴς
836 2401 894 2452 ὲν
920 2399 1000 2469 τῷ
1028 2399 1293 2470 πάσχοντι
1316 2398 1551 2471 σώματι.
1586 2402 1741 2456 Κατὰ
1768 2404 1859 2457 τὸν

268 2488 387 2539 ἴσον
418 2487 475 2540 δὲ
503 2488 723 2559 τρόπον,
759 2489 855 2541 καὶ
895 2490 986 2542 ἐπὶ
1017 2489 1113 2543 τοῦ
1153 2489 1407 2543 τεθνάναι
1438 2491 1686 2562 νοοῦμενο
1724 2494 1861 2547 ἀθά-

267 2596 429 2643 νατος
462 2581 567 2652 γὰρ
613 2581 753 2633 κατὰ
787 2580 968 2649 φύσιν,
1013 2582 1111 2634 καὶ
1143 2582 1444 2656 ἄφθαρτος,
1485 2585 1580 2637 καὶ
1614 2584 1726 2655 ζωὴ
1765 2589 1859 2638 καὶ

266 2670 533 2734 ζωοποιός
557 2674 705 2725 ἐστιν
732 2674 760 2725 ὁ
780 2671 876 2725 τοῦ
902 2673 1037 2727 Θεοῦ
1069 2681 1107 2703 ¹¹
1132 2674 1323 2743 Λόγος.
1366 2676 1586 2748 Ἐπειδὴ
1616 2677 1672 2730 δὲ
1697 2677 1860 2730 πάλιν

264 2762 329 2815 τὸ
360 2762 488 2816 ἴδιον
521 2762 685 2816 αὐτοῦ
712 2764 872 2835 σῶμα
902 2765 1086 2836 χάριτι
1115 2766 1274 2829 Θεοῦ,
1306 2767 1452 2820 καθά
1480 2785 1644 2839 φησιν
1666 2770 1694 2821 ὁ
1720 2769 1861 2822 Παῦε

265 2855 381 2918 λος,
417 2855 558 2924 ὑπὲρ
594 2856 792 2920 παντὸς
822 2857 1086 2924 ἐγεύσατο
1119 2857 1386 2922 θανάτου,
1416 2860 1633 2928 λέγεται
1665 2863 1860 2917 παθεῖν

264 2947 433 3011 αὐτὸς
473 2948 563 3001 τὸν
596 2948 736 3019 ὑπὲρ
777 2949 938 3019 ἡμῶν
987 2950 1237 3005 θάνατον⁹
1282 2954 1382 3023 οὐχ
1426 2954 1501 3017 ὡς
1536 2957 1616 3017 είς
1662 2958 1859 3027 πεῖραν

264 3036 441 3091 ἐλθὼν
470 3039 563 3093 τοῦ
602 3039 856 3106 θανάτου,
885 3043 948 3096 τό
995 3060 1059 3112 γε
1092 3040 1228 3116 ἦκον
1258 3046 1338 3109 εἰς
1367 3046 1465 3117 τὴν
1494 3046 1662 3101 αὑτοῦ
1696 3050 1860 3117 φύσιν

266 3132 285 3195 (
305 3131 623 3201 ἁποπληξία
654 3133 766 3205 γὰρ
803 3135 961 3189 τοῦτο
989 3136 1169 3205 λέγειν
1197 3138 1231 3208 ἢ
1272 3141 1552 3209 φρονεῖν),
1600 3141 1717 3195 ἀλλ’
1752 3142 1856 3209 ὄτι,

264 3222 523 3294 καθάπερ
565 3224 701 3296 ἔφην
740 3227 976 3297 ἀρτίως,
1012 3231 1044 3299 ὴ
1093 3229 1229 3301 σὰρξ
1260 3231 1424 3284 αὑτοῦ
1463 3234 1726 3302 ἐγεύσατο
1764 3234 1859 3289 θα-

1930 2050 2080 2090 cans.
2116 2034 2198 2089 Ad
2227 2034 2482 2089 eumdem
2518 2036 2742 2090 modum
2778 2036 2913 2091 illttd
2954 2052 3173 2105 passum
3205 2047 3261 2091 et
3284 2038 3515 2091 resusci-

1931 2135 2107 2181 tatum
2150 2125 2406 2190 dicimus,
2450 2140 2560 2179 non
2598 2127 2746 2196 quod
2792 2127 2889 2181 Dei
2919 2128 3159 2182 Verbum
3186 2138 3280 2182 aut
3306 2128 3510 2197 plagas,

1931 2228 2028 2274 aut
2066 2219 2346 2273 clavorum
2382 2218 2805 2287 perforationes,
2844 2229 2939 2272 aut
2964 2220 3069 2273 alia
3105 2218 3158 2271 id
3187 2235 3359 2289 genus
3392 2220 3513 2272 vul-

1932 2327 2065 2365 nera
2098 2312 2154 2364 in
2191 2312 2468 2381 propriam
2494 2320 2744 2364 naturam
2777 2311 3050 2380 acceperit
3080 2330 3093 2365 ξ
3132 2328 3255 2366 nam
3284 2320 3342 2365 ut
3372 2312 3511 2363 (Ιίνὶ-

1934 2418 2065 2457 num
2090 2418 2293 2456 numen
2324 2401 2570 2472 corporis
2590 2416 2785 2471 expers
2807 2411 2910 2466 est,
2956 2402 3030 2456 ita
3061 2404 3273 2473 perpeti
3296 2420 3515 2472 quoque

1932 2494 2075 2549 nihil
2098 2500 2279 2562 potest
2308 2508 2322 2556 ;
2489 2490 2583 2545 sed
2615 2492 2741 2560 quia
2776 2488 2979 2561 corpus
3007 2492 3155 2562 quod
3178 2491 3281 2546 sibi
3303 2492 3513 2547 ascive-

1933 2595 2038 2648 rat,
2092 2585 2209 2639 haec
2245 2584 2348 2637 fuit
2388 2592 2697 2652 expertum,
2739 2598 2859 2637 eam
2893 2583 2965 2637 ob
2991 2599 3102 2638 rem
3127 2583 3305 2653 ipsum
3339 2583 3513 2636 nostri

1933 2690 2101 2730 causa
2156 2676 2248 2729 illa
2296 2690 2617 2743 perpessum
2667 2673 2953 2727 asseritur.
3007 2674 3310 2744 lmpatibile
3367 2675 3515 2728 enim

1933 2768 2176 2823 Verbum
2215 2767 2271 2820 in
2309 2782 2539 2835 corpore
2580 2765 2794 2834 patibili
2841 2765 3157 2820 exsistebat.
3198 2766 3343 2821 idem
3367 2776 3419 2821 et
3448 2766 3516 2819 de

1934 2860 2187 2931 ejusdem
2243 2875 2465 2928 quoque
2528 2868 2704 2913 morte
2751 2859 3056 2923 sentimus,
3100 2859 3369 2929 siquidem
3421 2860 3516 2913 Dei

1935 2954 2198 3017 Verbum,
2237 2960 2431 3023 suapte
2460 2961 2655 3006 natura
2688 2952 2999 3006 immortale
3030 2961 3085 3006 et
3109 2970 3139 3007 a
3161 2954 3518 3023 corruptione

1935 3046 2196 3107 alienum,
2220 3050 2277 3097 et
2295 3043 2406 3097 vita
2428 3057 2649 3096 rursum
2669 3049 2723 3096 et
2747 3041 3030 3096 viviﬁcans
3048 3052 3151 3095 est.
3170 3042 3371 3097 Verum
3388 3042 3515 3111 quia

1935 3151 2099 3192 suum
2138 3134 2311 3205 ipsius
2344 3149 2545 3204 corpus
2582 3132 2823 3203 gratuito
2865 3133 2960 3187 Dei
3007 3148 3234 3187 munere
3258 3141 3514 3196 mortem,

1936 3236 2232 3285 attestante
2269 3227 2441 3282 Paulo
2485 3231 2533 3292 ι,
2564 3226 2809 3280 omnium
2831 3240 2995 3279 causa
3019 3225 3349 3296 degustavit,
3379 3224 3439 3280 ﬁt
3459 3236 3518 3280 ut

262 3314 452 3371 νάτευ.
471 3315 629 3370 Οὕτω
655 3318 748 3371 καὶ
772 3320 1153 3392 ὲγηγερμὲνης
1179 3323 1343 3376 αὐτοῦ
1373 3325 1472 3395 τῆς
1499 3328 1720 3396 σαρκὸς,
1752 3328 1853 3382 πά-

1942 3325 2117 3395 ipsum
2134 3330 2379 3377 mortem
2406 3328 2632 3391 propter
2652 3335 2754 3374 nos
2782 3334 3104 3389 perpessum
3126 3318 3343 3373 dicatur
3367 3335 3380 3370 :
3408 3333 3518 3371 non

262 3409 352 3463 λιν
381 3412 414 3481 ή
455 3411 753 3477 ἀνάστασις
781 3414 945 3467 αὑτοῦ
985 3415 1221 3484 λέγεταν
1257 3418 1357 3489 οὐχ
1391 3419 1467 3483 ὡς
1489 3422 1747 3485 πεσόντος
1779 3423 1861 3485 εις

264 3500 496 3571 φθοράν·
531 3502 604 3573 μὴ
633 3504 862 3570 γένοιτο·
893 3506 1009 3558 ἀλλ’
1037 3508 1120 3559 ὅτι
1148 3507 1209 3559 τὸ
1233 3508 1398 3561 αὐτοῦ
1432 3510 1595 3564 πάλιν
1618 3513 1860 3583 ἐγήγερ-

261 3610 358 3645 ται
398 3595 579 3662 σῶμα.
621 3593 778 3649 Οὕτω
827 3596 1063 3667 Χριστὸν
1096 3597 1192 3651 ἕνα
1231 3600 1324 3652 καὶ
1354 3599 1561 3671 Κύριον
1589 3603 1857 3674 ὁμολογή-

266 3700 456 3753 σομεν·
486 3685 583 3755 οὐχ
605 3685 679 3749 ὼς
698 3686 980 3759 ἄνθρωπον
1007 3692 1552 3760 συμπροσκυνοῦντες
1572 3692 1652 3763 τῷ
1674 3693 1853 3764 Λόγῳ.

266 3772 358 3826 ἶνα
408 3774 482 3843 μὴ
529 3776 698 3847 τομῆς
743 3779 1013 3845 φαντασία
1073 3781 1570 3851 παρεισκρίνηται,
1619 3784 1707 3838 διὰ
1755 3784 1859 3839 τοῦ

265 3864 449 3932 λέγειν
473 3867 531 3918 τὸ
551 3906 565 3927 .
598 3869 737 3922 σύγ’
774 3869 891 3922 ἀλλ’
929 3870 1004 3934 ὡς
1048 3871 1142 3925 ἕνα
1172 3873 1266 3926 καὶ
1294 3873 1385 3927 τὸν
1418 3875 1579 3930 αὐτὸν
1616 3891 1863 3947 προσκυ-

266 3953 509 4019 νοῦντες,
540 3956 622 4010 ὅτι
654 3958 728 4030 μὴ
753 3958 1031 4033 ἀλλότριον
1059 3962 1154 4016 τοῦ
1180 3964 1354 4032 Λόγου
1382 3966 1443 4019 τὸ
1476 3968 1638 4039 σῶμα
1664 3970 1853 4037 αὐτοῦ,

271 4045 394 4116 μεθ’
424 4041 485 4101 οὕ
517 4049 611 4100 καί⁵
643 4049 795 4121 αὐτῷ
823 4052 1132 4123 συνεδρεύει
1160 4054 1239 4125 τῷ
1281 4058 1476 4127 Πατρί*
1512 4060 1611 4130 οὑχ
1650 4061 1725 4125 ὡς
1762 4063 1857 4115 δύο

269 4139 437 4193 πάλιν
462 4142 889 4211 συνεδρευόντων
916 4144 1068 4207 υίῶν,
1101 4145 1215 4198 ἀλλ’
1251 4147 1327 4210 ὡς
1364 4150 1484 4213 ἑνὸς
1510 4151 1633 4203 καθ’
1662 4153 1856 4205 ἕνωσιν

271 4232 417 4301 μετὰ
450 4233 548 4303 τῆς
590 4233 728 4297 ιδίας
760 4236 982 4306 σαρκός.
1028 4237 1155 4291 Ἐὰν
1183 4236 1239 4291 δὲ
1279 4239 1379 4310 τὴν
1406 4241 1528 4294 καθ’
1560 4243 1857 4297 ὑπόστασιν

1939 3414 2084 3484 quod
2118 3414 2320 3483 ipsum,
2353 3412 2502 3482 quod
2524 3411 2747 3481 quidem
2774 3409 2841 3464 ad
2865 3409 3145 3480 propriam
3164 3416 3417 3461 naturam
3440 3415 3522 3460 at-

1941 3508 2096 3569 tinet,
2156 3512 2386 3558 mortem
2423 3502 2704 3572 exceperit
2732 3501 2965 3573 (insania
2998 3515 3233 3569 namque
3263 3513 3410 3552 mera
3437 3513 3524 3551 es-

1938 3606 2043 3661 set,
2096 3596 2244 3650 istud
2288 3594 2372 3648 vel
2414 3594 2619 3657 dicere,
2666 3592 2751 3646 vel
2797 3589 3082 3661 cogitare),
3116 3589 3211 3644 sed
3241 3589 3368 3657 quia
3391 3602 3521 3641 caro

1941 3690 2088 3745 illius
2135 3696 2390 3751 mortem,
2446 3694 2506 3740 ut
2548 3684 2712 3739 modo
2748 3683 2986 3746 aiebam,
3034 3680 3361 3752 degustarit.
3398 3677 3520 3731 Pari

1942 3779 2127 3842 modo,
2159 3777 2288 3848 quia
2315 3792 2441 3831 caro
2461 3775 2609 3829 illius
2627 3772 2956 3837 resurrexit,
2983 3781 3039 3827 et
3060 3772 3164 3842 ipsi
3187 3770 3522 3826 resurrectio

1942 3872 2211 3926 tribuitur
2245 3888 2256 3923 :
2297 3884 2407 3923 non
2435 3868 2580 3938 quod
2619 3868 2798 3937 ipsum
2835 3864 3099 3921 ceciderit
3136 3864 3191 3917 in
3215 3862 3527 3931 corruptio-

1940 3981 2089 4028 nem,
2116 3962 2259 4018 absit
2286 3963 2299 4015 ι
2337 3960 2433 4015 sed
2457 3960 2586 4028 quia
2610 3974 2802 4013 rursus
2824 3973 3024 4028 corpus
3053 3957 3202 4011 illius
3221 3957 3526 4011 exsuscita-

1942 4066 2057 4112 tum
2071 4064 2173 4111 est.
2194 4055 2271 4109 lta
2290 4067 2460 4107 unum
2483 4050 2763 4106 Christum
2781 4059 2837 4105 et
2852 4049 3140 4103 Dominum
3171 4048 3523 4111 conﬁtemur;

1941 4167 2053 4205 non
2090 4148 2240 4219 quod
2278 4146 2558 4200 hominem
2595 4160 2704 4198 una
2738 4158 2864 4197 cum
2912 4141 3091 4195 Verbo
3117 4140 3431 4201 adoremus,
3459 4154 3527 4191 ne

1939 4240 2079 4297 illud
2118 4256 2238 4294 cum
2287 4237 2471 4303 Verbo,
2512 4237 2751 4300 aliquam
2778 4230 3531 4303 divisionisimaginationem

271 4331 443 4387 menti
467 4332 716 4403 obiiciat;
748 4330 847 4385 sed
875 4340 1046 4381 unum
1093 4326 1461 4394 eamdemque
1490 4324 1783 4381 adoramus
1806 4366 1822 4385 .
1848 4323 2289 4393 quandoquidem
2321 4338 2521 4392 corpus
2550 4336 2708 4375 suum
2740 4337 2850 4376 non
2878 4329 2963 4377 est
2994 4321 3233 4375 alienum
3262 4337 3291 4376 a
3321 4320 3521 4393 Verbo,

272 4443 399 4481 cum
435 4443 544 4496 quo
581 4426 724 4481 Patri
760 4425 997 4482 assidet:
1028 4436 1138 4477 non
1168 4420 1312 4493 quod
1340 4421 1448 4476 duo
1483 4420 1577 4475 ﬁlii
1608 4420 1757 4475 Patri
1789 4418 2101 4475 assideant:
2134 4418 2340 4474 assidet
2358 4417 2506 4472 enim
2548 4430 2691 4470 unus
2721 4422 2956 4479 tantum,
2981 4429 3078 4484 per
3110 4416 3362 4469 unionem
3401 4432 3524 4471 cum

273 4523 498 4589 propria
532 4536 725 4575 carne.

312 4612 433 4666 Τοῦ
470 4611 658 4667 αὑτοῦ
685 4612 755 4666 ἐκ
785 4610 894 4678 τῆς
922 4612 1073 4678 πρὸς
1120 4609 1418 4675 Εῠλότιον
1453 4605 1807 4674 ἐπιστολῆς.
1882 4625 1925 4681 D

360 4703 849 4773 Ἐπιλαμὸάνονταί
872 4720 1017 4764 τινες
1048 4701 1144 4771 τῆς
1169 4698 1460 4763 ἐκθέσεως,
1492 4698 1559 4769 ῆν
1588 4698 1850 4766 πεποίην-

265 4813 361 4848 ται
385 4796 439 4847 ot
477 4794 805 4858 ἀνατολικοὶ,
832 4791 924 4845 καί
953 4807 1110 4861 φασι,
1140 4788 1315 4849 Διατί,
1344 4789 1535 4858 φύσεις
1562 4787 1845 4856 ὀνομσιζόν⁸

263 4901 379 4936 των
412 4883 611 4945 αὐτῶν,
644 4884 902 4951 ἀνέσχετο
958 4881 1047 4933 καὶ
1085 4878 1346 4948 ἐπῄνεσεν
1391 4879 1418 4930 ὁ
1449 4878 1547 4945 τῆς
1594 4877 1845 4943 Ἀλεξανο

262 4976 492 5046 δρείας,
547 4976 600 5026 οι
649 4974 706 5027 δὲ
758 4976 825 5026 τὰ
888 4971 1182 5042 Νεστορίου
1240 4968 1563 5038 φρονοῦντες
1626 4969 1846 5037 λέγουσι

265 5068 525 5120 κάκεῖνον
581 5064 725 5119 οὕτω
780 5065 1020 5134 φρονεῖν,
1072 5060 1512 5131 συναρπάζοντες
1568 5061 1695 5123 τοὺς
1744 5060 1847 5112 οὐκ

268 5155 485 5217 εἰδότας
517 5155 581 5207 τὸ
606 5154 869 5224 ἀχριὸἐςς
902 5152 1022 5222 Χρὴ
1053 5151 1110 5203 δὲ
1137 5152 1249 5213 τοῖς
1270 5151 1637 5219 μεμφομένοις
1665 5151 1849 5203 ἐκεῖνα

270 5245 479 5311 λέγειν,
507 5244 589 5297 ὅτι
623 5245 682 5297 οὐ
713 5244 889 5296 πάντα
919 5244 1020 5296 ὅσα
1048 5241 1297 5309 λέγουσιν
1322 5241 1372 5293 ot
1399 5241 1692 5310 αἱρετικοὶ,
1722 5241 1851 5308 φεύ-

272 5353 396 5403 γειν
421 5337 515 5388 καὶ
538 5334 923 5405 παραιτεῖσθαι
972 5334 1100 5403 χρή.
1134 5332 1311 5386 Πολλὰ
1335 5334 1442 5402 γὰρ
1472 5331 1845 5403 ὁμολογοῦσιν,

270 5421 352 5483 ὧν
381 5428 478 5481 καὶ
505 5428 665 5495 ἡμεῖς
693 5426 1066 5497 ὁμολογοῦμεν
1085 5440 1100 5457 ’
1136 5420 1247 5477 οἷον
1305 5425 1357 5475 Ἀ
1370 5426 1571 5492 ρειανοὶ
1600 5426 1726 5478 ὅταν
1758 5424 1849 5477 λέ-

269 5532 415 5584 γωσι
441 5517 534 5570 τὸν
564 5516 800 5587 Πατέρα,
828 5515 911 5568 ὅτι
939 5514 1268 5585 δημιουργός
1296 5516 1413 5567 ἐστι
1444 5514 1549 5568 τῶν
1571 5515 1707 5568 ὅλων
1758 5498 1850 5568 {at

268 5610 500 5678 Κύριος,
536 5609 611 5681 μὴ
660 5610 752 5662 διὰ
782 5607 941 5663 τοῦτο
972 5608 1197 5678 φεύγειν
1230 5609 1376 5677 ἡμᾶς
1421 5609 1712 5661 ἀκόλουθον
1750 5607 1850 5670 τὰς

275 5700 547 5765 τοσαύτας
582 5699 890 5771 ὁμολογίας.
938 5698 1095 5756 Οὕτω
1137 5700 1233 5754 καὶ
1270 5700 1364 5752 ἐπὶ
1394 5698 1712 5769 Νεστορίου,
1750 5699 1851 5754 κᾶν

343 5881 359 5913 ⁸
398 5880 565 5937 Hebr.
603 5896 665 5946 ιι,
700 5878 755 5937 9.

2192 4602 2438 4671 Ejusdem
2470 4617 2535 4655 ea:
2575 4600 2801 4669 epistola
2831 4602 2901 4656 ad
2934 4598 3237 4668 Eulogium.

2016 4696 2365 4753 Orientalium
2419 4695 2812 4763 expositionem
2862 4695 3258 4763 reprehendunt
3299 4693 3519 4763 quidam

1944 4799 1997 4843 et
2025 4789 2249 4842 dicunt:
2279 4784 2388 4839 Cur
2425 4799 2546 4838 cum
2584 4794 2806 4838 naturas
2838 4784 3189 4849 nominat-int,
3237 4784 3523 4854 episcopus

1944 4875 2278 4930 Alexandriae
2308 4873 2525 4943 pertult
2579 4885 2632 4927 et
2658 4872 2913 4936 laudavit,
2952 4888 3074 4928 cum
3109 4874 3205 4941 illi,
3263 4874 3357 4944 qui
3407 4872 3526 4927 Ne-

1949 4967 2124 5023 storio
2154 4966 2356 5031 favent,
2396 4984 2519 5023 eum
2557 4967 2743 5023 dicant
2775 4970 2916 5024 idem
2956 4969 3183 5036 sentire,
3238 4984 3400 5038 atque
3454 4971 3523 5021 ita

1947 5059 2244 5128 corripiant
2270 5074 2384 5125 eos,
2417 5059 2505 5127 qui
2540 5074 2653 5112 rem
2675 5059 2819 5114 haud
2846 5062 2917 5113 ita
2956 5060 3116 5130 plane
3144 5057 3379 5113 norunt?
3407 5056 3526 5112 istis

1948 5152 2427 5215 reprehensoribus
2488 5150 2922 5216 respondendum
2981 5160 3086 5217 est,
3153 5165 3258 5204 non
3313 5149 3525 5211 omnia,

1948 5254 2069 5310 quae
2108 5239 2293 5296 dicunt
2322 5239 2585 5306 haeretici,
2620 5240 2803 5310 fugere
2826 5250 2882 5297 et
2920 5255 3179 5296 accusare
3235 5250 3525 5309 Oportere:

1950 5330 2118 5385 multa
2141 5333 2285 5386 enim
2308 5331 2654 5396 conﬁtentur,
2685 5348 2806 5403 qua:
2836 5347 2934 5387 nos
2994 5332 3125 5386 item
3183 5330 3524 5384 conﬁtemur.

1952 5422 2022 5479 Ut
2050 5440 2173 5480 cum
2208 5426 2392 5478 Ariani
2426 5424 2637 5477 Patrem
2703 5440 2881 5503 rerpm
2906 5425 3145 5477 omnium
3175 5434 3449 5477 auctorem
3475 5434 3529 5474 et

1950 5516 2234 5572 Dominum
2282 5517 2486 5579 dicunt,
2520 5531 2624 5570 nou
2654 5516 2913 5571 debemus
2943 5529 3045 5569 nos
3080 5514 3130 5568 id
3161 5528 3382 5581 negare,
3436 5510 3528 5566 Sic

1947 5609 2108 5663 etiam
2150 5608 2215 5663 de
2240 5605 2491 5661 Nestorio
2538 5606 2880 5660 sentiendum
2946 5614 3050 5669 est,
3094 5603 3340 5672 quamvis
3392 5604 3528 5656 cluas

1950 5701 2092 5755 dit-at
2115 5706 2359 5767 naturas,
2382 5695 2739 5753 differentiam
2771 5697 3068 5754 ostendens
3098 5695 3278 5753 Carnis
3297 5705 3351 5752 et
3373 5690 3529 5750 Verbi
