  <div class='ocr_page' id='page_1' title='image "/cluster/home/n/w/nwhite01/storage/ocr_20150623/130/hvd.32044019208255/501.png"; bbox 0 0 3952 6564; ppageno 0'>
   <div class='ocr_carea' id='block_1_1' title="bbox 387 441 491 504">
    <p class='ocr_par' dir='ltr' id='par_1_1' title="bbox 387 441 491 504">
     <span class='ocr_line' id='line_1_1' title="bbox 387 441 491 504; baseline 0.01 -3"><span class='ocrx_word' id='word_1_1' title='bbox 387 441 491 504; x_wconf 73' lang='grc'><strong>987</strong></span> 
     </span>
    </p>
   </div>
   <div class='ocr_carea' id='block_1_2' title="bbox 1634 444 2424 509">
    <p class='ocr_par' dir='ltr' id='par_1_2' title="bbox 1634 444 2424 509">
     <span class='ocr_line' id='line_1_2' title="bbox 1634 444 2424 509; baseline 0.005 -4"><span class='ocrx_word' id='word_1_2' title='bbox 1634 444 2019 507; x_wconf 81' lang='lat' dir='ltr'><strong>EUTHYMII</strong></span> <span class='ocrx_word' id='word_1_3' title='bbox 2060 446 2424 509; x_wconf 80' lang='lat' dir='ltr'><strong>ZlGABENI</strong></span> 
     </span>
    </p>
   </div>
   <div class='ocr_carea' id='block_1_3' title="bbox 3550 438 3655 501">
    <p class='ocr_par' dir='ltr' id='par_1_3' title="bbox 3550 438 3655 501">
     <span class='ocr_line' id='line_1_3' title="bbox 3550 438 3655 501; baseline 0 0"><span class='ocrx_word' id='word_1_4' title='bbox 3550 438 3655 501; x_wconf 78' lang='lat'><strong>983</strong></span> 
     </span>
    </p>
   </div>
   <div class='ocr_carea' id='block_1_4' title="bbox 387 551 1995 633">
    <p class='ocr_par' dir='ltr' id='par_1_4' title="bbox 387 551 1969 621">
     <span class='ocr_line' id='line_1_4' title="bbox 387 551 1969 621; baseline 0.003 -14"><span class='ocrx_word' id='word_1_5' title='bbox 387 553 527 621; x_wconf 82' lang='lat' dir='ltr'><strong>Dei;</strong></span> <span class='ocrx_word' id='word_1_6' title='bbox 556 552 659 607; x_wconf 90' lang='lat' dir='ltr'><strong>alia</strong></span> <span class='ocrx_word' id='word_1_7' title='bbox 689 552 831 606; x_wconf 89' lang='lat' dir='ltr'><strong>cnim</strong></span> <span class='ocrx_word' id='word_1_8' title='bbox 888 561 969 607; x_wconf 87' lang='lat' dir='ltr'><strong>est</strong></span> <span class='ocrx_word' id='word_1_9' title='bbox 1028 551 1187 609; x_wconf 74' lang='lat' dir='ltr'><strong>Verbi</strong></span> <span class='ocrx_word' id='word_1_10' title='bbox 1233 562 1447 621; x_wconf 86' lang='lat' dir='ltr'><strong>natura,</strong></span> <span class='ocrx_word' id='word_1_11' title='bbox 1487 564 1543 611; x_wconf 86' lang='lat' dir='ltr'><strong>et</strong></span> <span class='ocrx_word' id='word_1_12' title='bbox 1594 555 1698 611; x_wconf 88' lang='lat' dir='ltr'><strong>alia</strong></span> <span class='ocrx_word' id='word_1_13' title='bbox 1749 557 1969 613; x_wconf 83' lang='lat' dir='ltr'><strong>carnis:</strong></span> 
     </span>
    </p>
   </div>
   <div class='ocr_carea' id='block_1_5' title="bbox 2102 551 3658 633">
    <p class='ocr_par' dir='ltr' id='par_1_5' title="bbox 2102 554 3658 633">
     <span class='ocr_line' id='line_1_5' title="bbox 2102 554 3658 633; baseline -0.004 -18"><span class='ocrx_word' id='word_1_14' title='bbox 2102 562 2172 616; x_wconf 77' lang='grc' dir='ltr'>ῐύο</span> <span class='ocrx_word' id='word_1_15' title='bbox 2201 562 2391 633; x_wconf 80' lang='grc' dir='ltr'>φύσεις</span> <span class='ocrx_word' id='word_1_16' title='bbox 2422 562 2554 632; x_wconf 76' lang='grc' dir='ltr'>λέγῃ</span> <span class='ocrx_word' id='word_1_17' title='bbox 2582 561 2682 630; x_wconf 80' lang='grc' dir='ltr'>τὴν</span> <span class='ocrx_word' id='word_1_18' title='bbox 2704 558 2971 629; x_wconf 75' lang='grc' dir='ltr'>διαφορὰν</span> <span class='ocrx_word' id='word_1_19' title='bbox 2997 556 3281 627; x_wconf 75' lang='grc' dir='ltr'><strong>σημαίνων</strong></span> <span class='ocrx_word' id='word_1_20' title='bbox 3309 554 3411 624; x_wconf 80' lang='grc' dir='ltr'>τῆς</span> <span class='ocrx_word' id='word_1_21' title='bbox 3435 559 3658 625; x_wconf 76' lang='grc' dir='ltr'>σαρκὸς,</span> 
     </span>
    </p>
   </div>
   <div class='ocr_carea' id='block_1_6' title="bbox 386 645 1979 703">
    <p class='ocr_par' dir='ltr' id='par_1_6' title="bbox 386 645 1979 703">
     <span class='ocr_line' id='line_1_6' title="bbox 386 645 1979 703; baseline 0.004 -6"><span class='ocrx_word' id='word_1_22' title='bbox 386 660 575 698; x_wconf 86' lang='lat' dir='ltr'><strong>verum</strong></span> <span class='ocrx_word' id='word_1_23' title='bbox 614 645 1033 698; x_wconf 72' lang='lat' dir='ltr'><strong>nobiscum-non</strong></span> <span class='ocrx_word' id='word_1_24' title='bbox 1090 646 1383 701; x_wconf 87' lang='lat' dir='ltr'><strong>coniitetur</strong></span> <span class='ocrx_word' id='word_1_25' title='bbox 1436 647 1601 701; x_wconf 87' lang='lat' dir='ltr'><strong>etiam</strong></span> <span class='ocrx_word' id='word_1_26' title='bbox 1634 648 1888 703; x_wconf 89' lang='lat' dir='ltr'><strong>unionem</strong></span> <span class='ocrx_word' id='word_1_27' title='bbox 1921 658 1979 703; x_wconf 87' lang='lat' dir='ltr'><strong>et</strong></span> 
     </span>
    </p>
   </div>
   <div class='ocr_carea' id='block_1_7' title="bbox 388 732 1978 808">
    <p class='ocr_par' dir='ltr' id='par_1_7' title="bbox 388 732 1978 808">
     <span class='ocr_line' id='line_1_7' title="bbox 388 732 1978 808; baseline 0.009 -28"><span class='ocrx_word' id='word_1_28' title='bbox 388 733 847 803; x_wconf 70' lang='lat' dir='ltr'><strong>cnttjtturtit&#39;tncut.</strong></span> <span class='ocrx_word' id='word_1_29' title='bbox 927 732 1034 788; x_wconf 83' lang='lat' dir='ltr'><strong>Nos</strong></span> <span class='ocrx_word' id='word_1_30' title='bbox 1081 736 1226 789; x_wconf 89' lang='lat' dir='ltr'><strong>enim</strong></span> <span class='ocrx_word' id='word_1_31' title='bbox 1284 737 1403 793; x_wconf 68' lang='lat' dir='ltr'><strong>haec</strong></span> <span class='ocrx_word' id='word_1_32' title='bbox 1453 738 1766 808; x_wconf 73' lang='lat' dir='ltr'><strong>copulantes</strong></span> <span class='ocrx_word' id='word_1_33' title='bbox 1810 756 1978 795; x_wconf 89' lang='lat' dir='ltr'><strong>unum</strong></span> 
     </span>
    </p>
   </div>
   <div class='ocr_carea' id='block_1_8' title="bbox 388 824 1982 898">
    <p class='ocr_par' dir='ltr' id='par_1_8' title="bbox 388 824 1982 898">
     <span class='ocr_line' id='line_1_8' title="bbox 388 824 1982 898; baseline 0.006 -22"><span class='ocrx_word' id='word_1_34' title='bbox 388 824 690 891; x_wconf 77' lang='lat' dir='ltr'><strong>Christum,</strong></span> <span class='ocrx_word' id='word_1_35' title='bbox 730 839 895 878; x_wconf 88' lang='lat' dir='ltr'><strong>unum</strong></span> <span class='ocrx_word' id='word_1_36' title='bbox 929 824 1213 881; x_wconf 90' lang='lat' dir='ltr'><strong>Dominum</strong></span> <span class='ocrx_word' id='word_1_37' title='bbox 1257 830 1509 885; x_wconf 88' lang='lat' dir='ltr'><strong>eumdem</strong></span> <span class='ocrx_word' id='word_1_38' title='bbox 1559 830 1900 898; x_wconf 83' lang='lat' dir='ltr'><strong>conﬁtemur,</strong></span> <span class='ocrx_word' id='word_1_39' title='bbox 1926 841 1982 887; x_wconf 90' lang='lat' dir='ltr'><strong>et</strong></span> 
     </span>
    </p>
   </div>
   <div class='ocr_carea' id='block_1_9' title="bbox 392 915 1981 991">
    <p class='ocr_par' dir='ltr' id='par_1_9' title="bbox 392 915 1981 991">
     <span class='ocr_line' id='line_1_9' title="bbox 392 915 1981 991; baseline 0.007 -25"><span class='ocrx_word' id='word_1_40' title='bbox 392 931 549 968; x_wconf 77' lang='lat' dir='ltr'><strong>tutum</strong></span> <span class='ocrx_word' id='word_1_41' title='bbox 581 916 736 970; x_wconf 85' lang='lat' dir='ltr'><strong>Verbi</strong></span> <span class='ocrx_word' id='word_1_42' title='bbox 784 915 878 970; x_wconf 89' lang='lat' dir='ltr'><strong>Dei</strong></span> <span class='ocrx_word' id='word_1_43' title='bbox 914 927 1161 971; x_wconf 85' lang='lat' dir='ltr'><strong>naturam</strong></span> <span class='ocrx_word' id='word_1_44' title='bbox 1210 934 1431 975; x_wconf 88' lang='lat' dir='ltr'><strong>carnem</strong></span> <span class='ocrx_word' id='word_1_45' title='bbox 1474 922 1857 991; x_wconf 82' lang='lat' dir='ltr'><strong>assumpsisse.</strong></span> <span class='ocrx_word' id='word_1_46' title='bbox 1912 922 1981 977; x_wconf 88' lang='lat' dir='ltr'><strong>Et</strong></span> 
     </span>
    </p>
   </div>
   <div class='ocr_carea' id='block_1_10' title="bbox 390 1009 1979 1080">
    <p class='ocr_par' dir='ltr' id='par_1_10' title="bbox 390 1009 1979 1080">
     <span class='ocr_line' id='line_1_10' title="bbox 390 1009 1979 1080; baseline 0.008 -23"><span class='ocrx_word' id='word_1_47' title='bbox 390 1024 507 1074; x_wconf 65' lang='lat' dir='ltr'><strong>[Mlti</strong></span> <span class='ocrx_word' id='word_1_48' title='bbox 531 1009 577 1062; x_wconf 83' lang='lat' dir='ltr'><strong>is</strong></span> <span class='ocrx_word' id='word_1_49' title='bbox 654 1011 830 1065; x_wconf 67' lang='lat' dir='ltr'><strong>t&#39;erlt‘s</strong></span> <span class='ocrx_word' id='word_1_50' title='bbox 900 1012 1240 1080; x_wconf 83' lang='lat' dir='ltr'><strong>interjectis:</strong></span> <span class='ocrx_word' id='word_1_51' title='bbox 1309 1012 1637 1070; x_wconf 84' lang='lat' dir='ltr'><strong>Naturarnm</strong></span> <span class='ocrx_word' id='word_1_52' title='bbox 1692 1017 1979 1071; x_wconf 80' lang='lat' dir='ltr'><strong>discrimen</strong></span> 
     </span>
    </p>
   </div>
   <div class='ocr_carea' id='block_1_11' title="bbox 392 1104 1980 1167">
    <p class='ocr_par' dir='ltr' id='par_1_11' title="bbox 392 1104 1980 1167">
     <span class='ocr_line' id='line_1_11' title="bbox 392 1104 1980 1167; baseline 0.008 -16"><span class='ocrx_word' id='word_1_53' title='bbox 392 1116 705 1167; x_wconf 55' lang='lat' dir='ltr'><strong>agnoscere,</strong></span> <span class='ocrx_word' id='word_1_54' title='bbox 740 1112 959 1156; x_wconf 92' lang='lat' dir='ltr'><strong>nonest</strong></span> <span class='ocrx_word' id='word_1_55' title='bbox 999 1118 1163 1157; x_wconf 89' lang='lat' dir='ltr'><strong>unum</strong></span> <span class='ocrx_word' id='word_1_56' title='bbox 1204 1104 1482 1161; x_wconf 86' lang='lat' dir='ltr'><strong>Christum</strong></span> <span class='ocrx_word' id='word_1_57' title='bbox 1524 1108 1575 1161; x_wconf 88' lang='lat' dir='ltr'><strong>itt</strong></span> <span class='ocrx_word' id='word_1_58' title='bbox 1617 1107 1724 1163; x_wconf 89' lang='lat' dir='ltr'><strong>duo</strong></span> <span class='ocrx_word' id='word_1_59' title='bbox 1770 1123 1980 1164; x_wconf 81' lang='lat' dir='ltr'><strong>secare.</strong></span> 
     </span>
    </p>
   </div>
   <div class='ocr_carea' id='block_1_12' title="bbox 677 1282 1701 1395">
    <p class='ocr_par' dir='ltr' id='par_1_12' title="bbox 677 1282 1701 1395">
     <span class='ocr_line' id='line_1_12' title="bbox 677 1282 1701 1395; baseline 0.009 -59"><span class='ocrx_word' id='word_1_60' title='bbox 677 1282 927 1395; x_wconf 45' lang='grc' dir='ltr'>ιξζιιδιίεηι</span> <span class='ocrx_word' id='word_1_61' title='bbox 959 1302 1024 1341; x_wconf 76' lang='lat' dir='ltr'><strong>ea:</strong></span> <span class='ocrx_word' id='word_1_62' title='bbox 1071 1288 1294 1354; x_wconf 79' lang='lat' dir='ltr'><strong>epistola</strong></span> <span class='ocrx_word' id='word_1_63' title='bbox 1322 1296 1389 1343; x_wconf 86' lang='lat' dir='ltr'><strong>ad</strong></span> <span class='ocrx_word' id='word_1_64' title='bbox 1426 1292 1701 1345; x_wconf 76' lang='lat' dir='ltr'><strong>Acacium.</strong></span> 
     </span>
    </p>
   </div>
   <div class='ocr_carea' id='block_1_13' title="bbox 464 1372 1979 1452">
    <p class='ocr_par' dir='ltr' id='par_1_13' title="bbox 464 1372 1979 1452">
     <span class='ocr_line' id='line_1_13' title="bbox 464 1372 1979 1452; baseline 0.007 -26"><span class='ocrx_word' id='word_1_65' title='bbox 464 1372 753 1430; x_wconf 71' lang='lat' dir='ltr'><strong>Nestorius‘</strong></span> <span class='ocrx_word' id='word_1_66' title='bbox 774 1392 901 1445; x_wconf 78' lang='lat' dir='ltr'><strong>ergo</strong></span> <span class='ocrx_word' id='word_1_67' title='bbox 942 1378 1078 1433; x_wconf 84' lang='lat' dir='ltr'><strong>tollit</strong></span> <span class='ocrx_word' id='word_1_68' title='bbox 1136 1382 1355 1434; x_wconf 84' lang='lat' dir='ltr'><strong>omnino</strong></span> <span class='ocrx_word' id='word_1_69' title='bbox 1399 1383 1660 1452; x_wconf 85' lang='lat' dir='ltr'><strong>unigeuiti</strong></span> <span class='ocrx_word' id='word_1_70' title='bbox 1705 1380 1822 1436; x_wconf 82' lang='lat' dir='ltr'><strong>Filii</strong></span> <span class='ocrx_word' id='word_1_71' title='bbox 1882 1382 1979 1437; x_wconf 90' lang='lat' dir='ltr'><strong>Dei</strong></span> 
     </span>
    </p>
   </div>
   <div class='ocr_carea' id='block_1_14' title="bbox 397 1469 1979 1543">
    <p class='ocr_par' dir='ltr' id='par_1_14' title="bbox 397 1469 1979 1543">
     <span class='ocr_line' id='line_1_14' title="bbox 397 1469 1979 1543; baseline 0.008 -25"><span class='ocrx_word' id='word_1_72' title='bbox 397 1479 577 1520; x_wconf 76' lang='lat' dir='ltr'><strong>ortum</strong></span> <span class='ocrx_word' id='word_1_73' title='bbox 608 1469 661 1522; x_wconf 89' lang='lat' dir='ltr'><strong>in</strong></span> <span class='ocrx_word' id='word_1_74' title='bbox 690 1485 873 1524; x_wconf 80' lang='lat' dir='ltr'><strong>carne.</strong></span> <span class='ocrx_word' id='word_1_75' title='bbox 910 1469 1245 1539; x_wconf 78' lang='lat' dir='ltr'><strong>Negatenitu</strong></span> <span class='ocrx_word' id='word_1_76' title='bbox 1304 1475 1477 1543; x_wconf 85' lang='lat' dir='ltr'><strong>ipsum</strong></span> <span class='ocrx_word' id='word_1_77' title='bbox 1518 1491 1640 1531; x_wconf 89' lang='lat' dir='ltr'><strong>esse</strong></span> <span class='ocrx_word' id='word_1_78' title='bbox 1687 1486 1867 1532; x_wconf 79' lang='lat' dir='ltr'><strong>nutum</strong></span> <span class='ocrx_word' id='word_1_79' title='bbox 1913 1491 1979 1530; x_wconf 82' lang='lat' dir='ltr'><strong>ex</strong></span> 
     </span>
    </p>
   </div>
   <div class='ocr_carea' id='block_1_15' title="bbox 397 1561 1981 1633">
    <p class='ocr_par' dir='ltr' id='par_1_15' title="bbox 397 1561 1981 1633">
     <span class='ocr_line' id='line_1_15' title="bbox 397 1561 1981 1633; baseline 0.006 -19"><span class='ocrx_word' id='word_1_80' title='bbox 397 1561 628 1615; x_wconf 86' lang='lat' dir='ltr'><strong>muliere</strong></span> <span class='ocrx_word' id='word_1_81' title='bbox 659 1566 952 1617; x_wconf 89' lang='lat' dir='ltr'><strong>secundum</strong></span> <span class='ocrx_word' id='word_1_82' title='bbox 989 1565 1026 1619; x_wconf 91' lang='lat' dir='ltr'><strong>S</strong></span> <span class='ocrx_word' id='word_1_83' title='bbox 1066 1568 1321 1633; x_wconf 86' lang='lat' dir='ltr'><strong>ripturas.</strong></span> <span class='ocrx_word' id='word_1_84' title='bbox 1362 1568 1453 1622; x_wconf 90' lang='lat' dir='ltr'><strong>Sic</strong></span> <span class='ocrx_word' id='word_1_85' title='bbox 1485 1570 1628 1624; x_wconf 89' lang='lat' dir='ltr'><strong>enim</strong></span> <span class='ocrx_word' id='word_1_86' title='bbox 1664 1570 1739 1623; x_wconf 87' lang='lat' dir='ltr'><strong>ait</strong></span> <span class='ocrx_word' id='word_1_87' title='bbox 1772 1588 1785 1624; x_wconf 90' lang='lat'><strong>:</strong></span> <span class='ocrx_word' id='word_1_88' title='bbox 1815 1570 1981 1623; x_wconf 84' lang='lat' dir='ltr'><strong>Deum</strong></span> 
     </span>
    </p>
   </div>
   <div class='ocr_carea' id='block_1_16' title="bbox 397 1652 1982 1729">
    <p class='ocr_par' dir='ltr' id='par_1_16' title="bbox 397 1652 1982 1729">
     <span class='ocr_line' id='line_1_16' title="bbox 397 1652 1982 1729; baseline 0.006 -23"><span class='ocrx_word' id='word_1_89' title='bbox 397 1670 462 1707; x_wconf 80' lang='lat' dir='ltr'><strong>ex</strong></span> <span class='ocrx_word' id='word_1_90' title='bbox 513 1652 714 1709; x_wconf 81' lang='lat' dir='ltr'><strong>Christi</strong></span> <span class='ocrx_word' id='word_1_91' title='bbox 759 1658 1020 1725; x_wconf 73' lang='lat' dir='ltr'><strong>genitrice</strong></span> <span class='ocrx_word' id='word_1_92' title='bbox 1075 1659 1287 1729; x_wconf 70' lang='lat' dir='ltr'><strong>Virgine</strong></span> <span class='ocrx_word' id='word_1_93' title='bbox 1333 1661 1659 1729; x_wconf 59' lang='lat' dir='ltr'><strong>processisse</strong></span> <span class='ocrx_word' id='word_1_94' title='bbox 1680 1677 1746 1717; x_wconf 85' lang='lat' dir='ltr'><strong>ex</strong></span> <span class='ocrx_word' id='word_1_95' title='bbox 1800 1662 1982 1716; x_wconf 86' lang='lat' dir='ltr'><strong>divina</strong></span> 
     </span>
    </p>
   </div>
   <div class='ocr_carea' id='block_1_17' title="bbox 400 1743 1984 1819">
    <p class='ocr_par' dir='ltr' id='par_1_17' title="bbox 400 1743 1984 1819">
     <span class='ocr_line' id='line_1_17' title="bbox 400 1743 1984 1819; baseline 0.008 -23"><span class='ocrx_word' id='word_1_96' title='bbox 400 1743 678 1815; x_wconf 73' lang='lat' dir='ltr'><strong>Scriptura</strong></span> <span class='ocrx_word' id='word_1_97' title='bbox 704 1747 887 1809; x_wconf 87' lang='lat' dir='ltr'><strong>didici,</strong></span> <span class='ocrx_word' id='word_1_98' title='bbox 946 1762 1128 1802; x_wconf 80' lang='lat' dir='ltr'><strong>natum</strong></span> <span class='ocrx_word' id='word_1_99' title='bbox 1165 1763 1343 1804; x_wconf 86' lang='lat' dir='ltr'><strong>autem</strong></span> <span class='ocrx_word' id='word_1_100' title='bbox 1383 1769 1449 1805; x_wconf 77' lang='lat' dir='ltr'><strong>ex</strong></span> <span class='ocrx_word' id='word_1_101' title='bbox 1506 1756 1617 1819; x_wconf 86' lang='lat' dir='ltr'><strong>ipsa</strong></span> <span class='ocrx_word' id='word_1_102' title='bbox 1652 1753 1820 1807; x_wconf 89' lang='lat' dir='ltr'><strong>Deum</strong></span> <span class='ocrx_word' id='word_1_103' title='bbox 1855 1769 1984 1809; x_wconf 86' lang='lat' dir='ltr'><strong>uns-</strong></span> 
     </span>
    </p>
   </div>
   <div class='ocr_carea' id='block_1_18' title="bbox 398 1837 1985 1910">
    <p class='ocr_par' dir='ltr' id='par_1_18' title="bbox 398 1837 1985 1910">
     <span class='ocr_line' id='line_1_18' title="bbox 398 1837 1985 1910; baseline 0.006 -23"><span class='ocrx_word' id='word_1_104' title='bbox 398 1851 561 1904; x_wconf 66' lang='lat' dir='ltr'><strong>qatam</strong></span> <span class='ocrx_word' id='word_1_105' title='bbox 591 1837 777 1892; x_wconf 71' lang='lat' dir='ltr'><strong>didici.</strong></span> <span class='ocrx_word' id='word_1_106' title='bbox 816 1837 879 1891; x_wconf 86' lang='lat' dir='ltr'><strong>Et</strong></span> <span class='ocrx_word' id='word_1_107' title='bbox 914 1839 965 1893; x_wconf 88' lang='lat' dir='ltr'><strong>itt</strong></span> <span class='ocrx_word' id='word_1_108' title='bbox 1007 1839 1175 1895; x_wconf 84' lang='lat' dir='ltr'><strong>altera</strong></span> <span class='ocrx_word' id='word_1_109' title='bbox 1211 1857 1423 1895; x_wconf 84' lang='lat' dir='ltr'><strong>rursum</strong></span> <span class='ocrx_word' id='word_1_110' title='bbox 1447 1844 1828 1910; x_wconf 81' lang='lat' dir='ltr'><strong>expositione:</strong></span> <span class='ocrx_word' id='word_1_111' title='bbox 1856 1842 1985 1897; x_wconf 86' lang='lat' dir='ltr'><strong>Nul-</strong></span> 
     </span>
    </p>
   </div>
   <div class='ocr_carea' id='block_1_19' title="bbox 399 1929 1985 2005">
    <p class='ocr_par' dir='ltr' id='par_1_19' title="bbox 399 1929 1985 2005">
     <span class='ocr_line' id='line_1_19' title="bbox 399 1929 1985 2005; baseline 0.007 -25"><span class='ocrx_word' id='word_1_112' title='bbox 399 1929 451 1980; x_wconf 93' lang='lat' dir='ltr'><strong>lo</strong></span> <span class='ocrx_word' id='word_1_113' title='bbox 479 1930 639 1995; x_wconf 85' lang='lat' dir='ltr'><strong>igitur</strong></span> <span class='ocrx_word' id='word_1_114' title='bbox 676 1931 831 1984; x_wconf 85' lang='lat' dir='ltr'><strong>modo</strong></span> <span class='ocrx_word' id='word_1_115' title='bbox 860 1930 1137 1999; x_wconf 81' lang='lat' dir='ltr'><strong>Scriptura</strong></span> <span class='ocrx_word' id='word_1_116' title='bbox 1173 1934 1338 1989; x_wconf 88' lang='lat' dir='ltr'><strong>Deum</strong></span> <span class='ocrx_word' id='word_1_117' title='bbox 1369 1950 1434 1989; x_wconf 84' lang='lat' dir='ltr'><strong>ex</strong></span> <span class='ocrx_word' id='word_1_118' title='bbox 1484 1935 1685 1990; x_wconf 82' lang='lat' dir='ltr'><strong>Christi</strong></span> <span class='ocrx_word' id='word_1_119' title='bbox 1720 1937 1985 2005; x_wconf 76' lang='lat' dir='ltr'><strong>genitrice</strong></span> 
     </span>
    </p>
   </div>
   <div class='ocr_carea' id='block_1_20' title="bbox 399 2019 1983 2093">
    <p class='ocr_par' dir='ltr' id='par_1_20' title="bbox 399 2019 1983 2093">
     <span class='ocr_line' id='line_1_20' title="bbox 399 2019 1983 2093; baseline 0.008 -22"><span class='ocrx_word' id='word_1_120' title='bbox 399 2019 622 2090; x_wconf 71' lang='lat' dir='ltr'><strong>Virgine</strong></span> <span class='ocrx_word' id='word_1_121' title='bbox 657 2033 842 2076; x_wconf 87' lang='lat' dir='ltr'><strong>natum</strong></span> <span class='ocrx_word' id='word_1_122' title='bbox 870 2024 1021 2089; x_wconf 75' lang='lat' dir='ltr'><strong>dicit,</strong></span> <span class='ocrx_word' id='word_1_123' title='bbox 1062 2027 1153 2079; x_wconf 89' lang='lat' dir='ltr'><strong>sed</strong></span> <span class='ocrx_word' id='word_1_124' title='bbox 1187 2023 1371 2081; x_wconf 84' lang='lat' dir='ltr'><strong>Jesum</strong></span> <span class='ocrx_word' id='word_1_125' title='bbox 1422 2027 1720 2093; x_wconf 85' lang='lat' dir='ltr'><strong>Christum,</strong></span> <span class='ocrx_word' id='word_1_126' title='bbox 1765 2027 1983 2091; x_wconf 82' lang='lat' dir='ltr'><strong>Filium,</strong></span> 
     </span>
    </p>
   </div>
   <div class='ocr_carea' id='block_1_21' title="bbox 402 2110 1987 2183">
    <p class='ocr_par' dir='ltr' id='par_1_21' title="bbox 402 2110 1987 2183">
     <span class='ocr_line' id='line_1_21' title="bbox 402 2110 1987 2183; baseline 0.009 -21"><span class='ocrx_word' id='word_1_127' title='bbox 402 2125 454 2162; x_wconf 87' lang='lat' dir='ltr'><strong>et</strong></span> <span class='ocrx_word' id='word_1_128' title='bbox 490 2110 799 2165; x_wconf 83' lang='lat' dir='ltr'><strong>Dominum.</strong></span> <span class='ocrx_word' id='word_1_129' title='bbox 867 2112 1018 2178; x_wconf 82' lang='lat' dir='ltr'><strong>Quod</strong></span> <span class='ocrx_word' id='word_1_130' title='bbox 1075 2125 1253 2170; x_wconf 82' lang='lat' dir='ltr'><strong>autem</strong></span> <span class='ocrx_word' id='word_1_131' title='bbox 1319 2118 1434 2172; x_wconf 62' lang='lat' dir='ltr'><strong>haec</strong></span> <span class='ocrx_word' id='word_1_132' title='bbox 1488 2119 1699 2183; x_wconf 87' lang='lat' dir='ltr'><strong>dicens,</strong></span> <span class='ocrx_word' id='word_1_133' title='bbox 1743 2120 1797 2173; x_wconf 88' lang='lat' dir='ltr'><strong>itt</strong></span> <span class='ocrx_word' id='word_1_134' title='bbox 1850 2121 1987 2176; x_wconf 88' lang='lat' dir='ltr'><strong>duos</strong></span> 
     </span>
    </p>
   </div>
   <div class='ocr_carea' id='block_1_22' title="bbox 401 2204 1987 2278">
    <p class='ocr_par' dir='ltr' id='par_1_22' title="bbox 401 2204 1987 2278">
     <span class='ocr_line' id='line_1_22' title="bbox 401 2204 1987 2278; baseline 0.006 -22"><span class='ocrx_word' id='word_1_135' title='bbox 401 2205 432 2256; x_wconf 84' lang='lat' dir='ltr'><strong>ii</strong></span> <span class='ocrx_word' id='word_1_136' title='bbox 462 2204 543 2259; x_wconf 88' lang='lat' dir='ltr'><strong>ins</strong></span> <span class='ocrx_word' id='word_1_137' title='bbox 574 2220 738 2257; x_wconf 91' lang='lat' dir='ltr'><strong>unum</strong></span> <span class='ocrx_word' id='word_1_138' title='bbox 792 2207 1013 2270; x_wconf 71' lang='lat' dir='ltr'><strong>dividat,</strong></span> <span class='ocrx_word' id='word_1_139' title='bbox 1042 2216 1097 2263; x_wconf 87' lang='lat' dir='ltr'><strong>et</strong></span> <span class='ocrx_word' id='word_1_140' title='bbox 1125 2209 1356 2264; x_wconf 89' lang='lat' dir='ltr'><strong>alterum</strong></span> <span class='ocrx_word' id='word_1_141' title='bbox 1434 2226 1528 2278; x_wconf 90' lang='lat' dir='ltr'><strong>per</strong></span> <span class='ocrx_word' id='word_1_142' title='bbox 1580 2226 1640 2265; x_wconf 87' lang='lat' dir='ltr'><strong>sc</strong></span> <span class='ocrx_word' id='word_1_143' title='bbox 1690 2209 1905 2275; x_wconf 82' lang='lat' dir='ltr'><strong>Filium,</strong></span> <span class='ocrx_word' id='word_1_144' title='bbox 1932 2221 1987 2269; x_wconf 87' lang='lat' dir='ltr'><strong>et</strong></span> 
     </span>
    </p>
   </div>
   <div class='ocr_carea' id='block_1_23' title="bbox 400 2296 1987 2370">
    <p class='ocr_par' dir='ltr' id='par_1_23' title="bbox 400 2296 1987 2370">
     <span class='ocr_line' id='line_1_23' title="bbox 400 2296 1987 2370; baseline 0.007 -26"><span class='ocrx_word' id='word_1_145' title='bbox 400 2296 696 2360; x_wconf 85' lang='lat' dir='ltr'><strong>Christum,</strong></span> <span class='ocrx_word' id='word_1_146' title='bbox 724 2307 779 2352; x_wconf 90' lang='lat' dir='ltr'><strong>et</strong></span> <span class='ocrx_word' id='word_1_147' title='bbox 822 2296 1130 2368; x_wconf 85' lang='lat' dir='ltr'><strong>Dominum,</strong></span> <span class='ocrx_word' id='word_1_148' title='bbox 1164 2316 1357 2367; x_wconf 82' lang='lat' dir='ltr'><strong>nempe</strong></span> <span class='ocrx_word' id='word_1_149' title='bbox 1416 2315 1481 2355; x_wconf 79' lang='lat' dir='ltr'><strong>ex</strong></span> <span class='ocrx_word' id='word_1_150' title='bbox 1512 2300 1622 2355; x_wconf 90' lang='lat' dir='ltr'><strong>Deo</strong></span> <span class='ocrx_word' id='word_1_151' title='bbox 1647 2302 1805 2355; x_wconf 82' lang='lat' dir='ltr'><strong>Patre</strong></span> <span class='ocrx_word' id='word_1_152' title='bbox 1834 2303 1987 2370; x_wconf 84' lang='lat' dir='ltr'><strong>geni-</strong></span> 
     </span>
    </p>
   </div>
   <div class='ocr_carea' id='block_1_24' title="bbox 402 2385 1986 2461">
    <p class='ocr_par' dir='ltr' id='par_1_24' title="bbox 402 2385 1986 2461">
     <span class='ocr_line' id='line_1_24' title="bbox 402 2385 1986 2461; baseline 0.005 -24"><span class='ocrx_word' id='word_1_153' title='bbox 402 2393 515 2439; x_wconf 88' lang='lat' dir='ltr'><strong>tttnt</strong></span> <span class='ocrx_word' id='word_1_154' title='bbox 569 2385 839 2451; x_wconf 83' lang='lat' dir='ltr'><strong>Vetbum,</strong></span> <span class='ocrx_word' id='word_1_155' title='bbox 898 2389 1130 2444; x_wconf 86' lang='lat' dir='ltr'><strong>alterum</strong></span> <span class='ocrx_word' id='word_1_156' title='bbox 1186 2407 1375 2447; x_wconf 84' lang='lat' dir='ltr'><strong>rursus</strong></span> <span class='ocrx_word' id='word_1_157' title='bbox 1431 2394 1649 2461; x_wconf 85' lang='lat' dir='ltr'><strong>proprie</strong></span> <span class='ocrx_word' id='word_1_158' title='bbox 1686 2393 1986 2461; x_wconf 79' lang='lat' dir='ltr'><strong>sigillatiut,</strong></span> 
     </span>
    </p>
   </div>
   <div class='ocr_carea' id='block_1_25' title="bbox 402 2480 1988 2550">
    <p class='ocr_par' dir='ltr' id='par_1_25' title="bbox 402 2480 1988 2550">
     <span class='ocr_line' id='line_1_25' title="bbox 402 2480 1988 2550; baseline 0.004 -19"><span class='ocrx_word' id='word_1_159' title='bbox 402 2488 459 2531; x_wconf 90' lang='lat' dir='ltr'><strong>et</strong></span> <span class='ocrx_word' id='word_1_160' title='bbox 481 2494 571 2545; x_wconf 85' lang='lat' dir='ltr'><strong>per</strong></span> <span class='ocrx_word' id='word_1_161' title='bbox 600 2496 658 2535; x_wconf 90' lang='lat' dir='ltr'><strong>sc</strong></span> <span class='ocrx_word' id='word_1_162' title='bbox 697 2480 912 2545; x_wconf 70' lang='lat' dir='ltr'><strong>Fdium,</strong></span> <span class='ocrx_word' id='word_1_163' title='bbox 944 2492 999 2536; x_wconf 86' lang='lat' dir='ltr'><strong>et</strong></span> <span class='ocrx_word' id='word_1_164' title='bbox 1020 2482 1320 2550; x_wconf 67' lang='lat' dir='ltr'><strong>Chriétum,</strong></span> <span class='ocrx_word' id='word_1_165' title='bbox 1371 2495 1425 2538; x_wconf 89' lang='lat' dir='ltr'><strong>et</strong></span> <span class='ocrx_word' id='word_1_166' title='bbox 1456 2486 1739 2540; x_wconf 87' lang='lat' dir='ltr'><strong>Dominum</strong></span> <span class='ocrx_word' id='word_1_167' title='bbox 1780 2486 1988 2540; x_wconf 85' lang='lat' dir='ltr'><strong>consti-</strong></span> 
     </span>
    </p>
   </div>
   <div class='ocr_carea' id='block_1_26' title="bbox 407 2569 1989 2641">
    <p class='ocr_par' dir='ltr' id='par_1_26' title="bbox 407 2569 1989 2641">
     <span class='ocr_line' id='line_1_26' title="bbox 407 2569 1989 2641; baseline 0.007 -22"><span class='ocrx_word' id='word_1_168' title='bbox 407 2576 542 2632; x_wconf 89' lang='lat' dir='ltr'><strong>tuat,</strong></span> <span class='ocrx_word' id='word_1_169' title='bbox 575 2569 693 2639; x_wconf 77' lang='lat' dir='ltr'><strong>quis</strong></span> <span class='ocrx_word' id='word_1_170' title='bbox 722 2570 953 2637; x_wconf 82' lang='lat' dir='ltr'><strong>dubitet,</strong></span> <span class='ocrx_word' id='word_1_171' title='bbox 979 2585 1100 2625; x_wconf 89' lang='lat' dir='ltr'><strong>cum</strong></span> <span class='ocrx_word' id='word_1_172' title='bbox 1134 2574 1246 2641; x_wconf 88' lang='lat' dir='ltr'><strong>ipse</strong></span> <span class='ocrx_word' id='word_1_173' title='bbox 1275 2574 1326 2627; x_wconf 89' lang='lat' dir='ltr'><strong>id</strong></span> <span class='ocrx_word' id='word_1_174' title='bbox 1360 2574 1502 2628; x_wconf 85' lang='lat' dir='ltr'><strong>clara</strong></span> <span class='ocrx_word' id='word_1_175' title='bbox 1554 2591 1682 2629; x_wconf 88' lang='lat' dir='ltr'><strong>voce</strong></span> <span class='ocrx_word' id='word_1_176' title='bbox 1711 2574 1989 2630; x_wconf 77' lang='lat' dir='ltr'><strong>fateatur?</strong></span> 
     </span>
    </p>
   </div>
   <div class='ocr_carea' id='block_1_27' title="bbox 404 2661 1989 2738">
    <p class='ocr_par' dir='ltr' id='par_1_27' title="bbox 404 2661 1989 2738">
     <span class='ocr_line' id='line_1_27' title="bbox 404 2661 1989 2738; baseline 0.006 -24"><span class='ocrx_word' id='word_1_177' title='bbox 404 2664 475 2715; x_wconf 89' lang='lat' dir='ltr'><strong>At</strong></span> <span class='ocrx_word' id='word_1_178' title='bbox 530 2661 723 2718; x_wconf 73' lang='lat' dir='ltr'><strong>fratres</strong></span> <span class='ocrx_word' id='word_1_179' title='bbox 790 2664 1115 2720; x_wconf 82' lang='lat' dir='ltr'><strong>Autiocheni</strong></span> <span class='ocrx_word' id='word_1_180' title='bbox 1172 2666 1266 2722; x_wconf 88' lang='lat' dir='ltr'><strong>Dei</strong></span> <span class='ocrx_word' id='word_1_181' title='bbox 1323 2667 1640 2736; x_wconf 77' lang='lat' dir='ltr'><strong>genitricem</strong></span> <span class='ocrx_word' id='word_1_182' title='bbox 1715 2670 1989 2738; x_wconf 88' lang='lat' dir='ltr'><strong>appellant</strong></span> 
     </span>
    </p>
   </div>
   <div class='ocr_carea' id='block_1_28' title="bbox 410 2755 1989 2825">
    <p class='ocr_par' dir='ltr' id='par_1_28' title="bbox 410 2755 1989 2825">
     <span class='ocr_line' id='line_1_28' title="bbox 410 2755 1989 2825; baseline 0.006 -20"><span class='ocrx_word' id='word_1_183' title='bbox 410 2763 654 2808; x_wconf 81' lang='lat' dir='ltr'><strong>sanctam</strong></span> <span class='ocrx_word' id='word_1_184' title='bbox 684 2755 979 2824; x_wconf 86' lang='lat' dir='ltr'><strong>Virginem,</strong></span> <span class='ocrx_word' id='word_1_185' title='bbox 1013 2768 1067 2811; x_wconf 92' lang='lat' dir='ltr'><strong>et</strong></span> <span class='ocrx_word' id='word_1_186' title='bbox 1100 2773 1266 2812; x_wconf 86' lang='lat' dir='ltr'><strong>unum</strong></span> <span class='ocrx_word' id='word_1_187' title='bbox 1303 2772 1423 2815; x_wconf 86' lang='lat' dir='ltr'><strong>esse</strong></span> <span class='ocrx_word' id='word_1_188' title='bbox 1458 2760 1647 2814; x_wconf 87' lang='lat' dir='ltr'><strong>dicunt</strong></span> <span class='ocrx_word' id='word_1_189' title='bbox 1688 2760 1906 2825; x_wconf 86' lang='lat' dir='ltr'><strong>Filium,</strong></span> <span class='ocrx_word' id='word_1_190' title='bbox 1934 2771 1989 2815; x_wconf 90' lang='lat' dir='ltr'><strong>et</strong></span> 
     </span>
    </p>
   </div>
   <div class='ocr_carea' id='block_1_29' title="bbox 407 2845 1991 2920">
    <p class='ocr_par' dir='ltr' id='par_1_29' title="bbox 407 2845 1991 2920">
     <span class='ocr_line' id='line_1_29' title="bbox 407 2845 1991 2920; baseline 0.006 -21"><span class='ocrx_word' id='word_1_191' title='bbox 407 2845 701 2912; x_wconf 86' lang='lat' dir='ltr'><strong>Christum,</strong></span> <span class='ocrx_word' id='word_1_192' title='bbox 733 2859 787 2902; x_wconf 88' lang='lat' dir='ltr'><strong>et</strong></span> <span class='ocrx_word' id='word_1_193' title='bbox 817 2847 1128 2916; x_wconf 88' lang='lat' dir='ltr'><strong>Dmuinum,</strong></span> <span class='ocrx_word' id='word_1_194' title='bbox 1167 2850 1464 2920; x_wconf 79' lang='lat' dir='ltr'><strong>perfectura</strong></span> <span class='ocrx_word' id='word_1_195' title='bbox 1503 2852 1555 2905; x_wconf 89' lang='lat' dir='ltr'><strong>in</strong></span> <span class='ocrx_word' id='word_1_196' title='bbox 1602 2852 1900 2918; x_wconf 83' lang='lat' dir='ltr'><strong>divinitate,</strong></span> <span class='ocrx_word' id='word_1_197' title='bbox 1935 2864 1991 2909; x_wconf 90' lang='lat' dir='ltr'><strong>et</strong></span> 
     </span>
    </p>
   </div>
   <div class='ocr_carea' id='block_1_30' title="bbox 408 2935 1988 3016">
    <p class='ocr_par' dir='ltr' id='par_1_30' title="bbox 408 2935 1988 3016">
     <span class='ocr_line' id='line_1_30' title="bbox 408 2935 1988 3016; baseline 0.008 -28"><span class='ocrx_word' id='word_1_198' title='bbox 408 2935 465 2989; x_wconf 90' lang='lat' dir='ltr'><strong>in</strong></span> <span class='ocrx_word' id='word_1_199' title='bbox 519 2940 853 2996; x_wconf 80' lang='lat' dir='ltr'><strong>humanitate</strong></span> <span class='ocrx_word' id='word_1_200' title='bbox 903 2941 1200 3009; x_wconf 80' lang='lat' dir='ltr'><strong>perfectum</strong></span> <span class='ocrx_word' id='word_1_201' title='bbox 1270 2945 1556 3009; x_wconf 87' lang='lat' dir='ltr'><strong>eumdem,</strong></span> <span class='ocrx_word' id='word_1_202' title='bbox 1614 2946 1814 3016; x_wconf 88' lang='lat' dir='ltr'><strong>quippe</strong></span> <span class='ocrx_word' id='word_1_203' title='bbox 1864 2962 1988 3001; x_wconf 87' lang='lat' dir='ltr'><strong>cum</strong></span> 
     </span>
    </p>
   </div>
   <div class='ocr_carea' id='block_1_31' title="bbox 414 3029 1881 3108">
    <p class='ocr_par' dir='ltr' id='par_1_31' title="bbox 414 3029 1881 3108">
     <span class='ocr_line' id='line_1_31' title="bbox 414 3029 1881 3108; baseline 0.007 -26"><span class='ocrx_word' id='word_1_204' title='bbox 414 3029 560 3085; x_wconf 88' lang='lat' dir='ltr'><strong>illius</strong></span> <span class='ocrx_word' id='word_1_205' title='bbox 598 3044 726 3086; x_wconf 87' lang='lat' dir='ltr'><strong>caro</strong></span> <span class='ocrx_word' id='word_1_206' title='bbox 762 3035 837 3087; x_wconf 91' lang='lat' dir='ltr'><strong>sit</strong></span> <span class='ocrx_word' id='word_1_207' title='bbox 862 3034 1104 3091; x_wconf 87' lang='lat' dir='ltr'><strong>animata</strong></span> <span class='ocrx_word' id='word_1_208' title='bbox 1176 3036 1358 3091; x_wconf 84' lang='lat' dir='ltr'><strong>anima</strong></span> <span class='ocrx_word' id='word_1_209' title='bbox 1388 3037 1599 3093; x_wconf 86' lang='lat' dir='ltr'><strong>ratione</strong></span> <span class='ocrx_word' id='word_1_210' title='bbox 1630 3038 1881 3108; x_wconf 74' lang='lat' dir='ltr'><strong>praedita.</strong></span> 
     </span>
    </p>
   </div>
   <div class='ocr_carea' id='block_1_32' title="bbox 942 3211 1529 3285">
    <p class='ocr_par' dir='ltr' id='par_1_32' title="bbox 942 3211 1529 3285">
     <span class='ocr_line' id='line_1_32' title="bbox 942 3211 1529 3285; baseline 0.009 -19"><span class='ocrx_word' id='word_1_211' title='bbox 942 3211 1029 3267; x_wconf 78' lang='lat' dir='ltr'><strong>Ea:</strong></span> <span class='ocrx_word' id='word_1_212' title='bbox 1055 3215 1236 3268; x_wconf 84' lang='lat' dir='ltr'><strong>eadem</strong></span> <span class='ocrx_word' id='word_1_213' title='bbox 1264 3215 1529 3285; x_wconf 77' lang='lat' dir='ltr'><strong>Epistola.</strong></span> 
     </span>
    </p>
   </div>
   <div class='ocr_carea' id='block_1_33' title="bbox 485 3300 1997 3368">
    <p class='ocr_par' dir='ltr' id='par_1_33' title="bbox 485 3300 1997 3368">
     <span class='ocr_line' id='line_1_33' title="bbox 485 3300 1997 3368; baseline 0.005 -12"><span class='ocrx_word' id='word_1_214' title='bbox 485 3300 767 3363; x_wconf 83' lang='lat' dir='ltr'><strong>Nestorius</strong></span> <span class='ocrx_word' id='word_1_215' title='bbox 796 3304 1013 3361; x_wconf 79' lang='lat' dir='ltr'><strong>simulat</strong></span> <span class='ocrx_word' id='word_1_216' title='bbox 1040 3321 1099 3362; x_wconf 87' lang='lat' dir='ltr'><strong>se</strong></span> <span class='ocrx_word' id='word_1_217' title='bbox 1152 3308 1396 3364; x_wconf 79' lang='lat' dir='ltr'><strong>conﬁteri</strong></span> <span class='ocrx_word' id='word_1_218' title='bbox 1428 3310 1526 3365; x_wconf 85' lang='lat' dir='ltr'><strong>Det</strong></span> <span class='ocrx_word' id='word_1_219' title='bbox 1553 3308 1790 3366; x_wconf 82' lang='lat' dir='ltr'><strong>Verbum</strong></span> <span class='ocrx_word' id='word_1_220' title='bbox 1822 3312 1997 3368; x_wconf 87' lang='lat' dir='ltr'><strong>homi-</strong></span> 
     </span>
    </p>
   </div>
   <div class='ocr_carea' id='block_1_34' title="bbox 416 3402 1998 3474">
    <p class='ocr_par' dir='ltr' id='par_1_34' title="bbox 416 3402 1998 3474">
     <span class='ocr_line' id='line_1_34' title="bbox 416 3402 1998 3474; baseline 0.006 -23"><span class='ocrx_word' id='word_1_221' title='bbox 416 3410 561 3463; x_wconf 83' lang='lat' dir='ltr'><strong>nem,</strong></span> <span class='ocrx_word' id='word_1_222' title='bbox 588 3412 684 3452; x_wconf 86' lang='lat' dir='ltr'><strong>seu</strong></span> <span class='ocrx_word' id='word_1_223' title='bbox 734 3412 955 3454; x_wconf 89' lang='lat' dir='ltr'><strong>carnem</strong></span> <span class='ocrx_word' id='word_1_224' title='bbox 1008 3402 1393 3471; x_wconf 81' lang='lat' dir='ltr'><strong>assumpsisse,</strong></span> <span class='ocrx_word' id='word_1_225' title='bbox 1443 3402 1539 3459; x_wconf 85' lang='lat' dir='ltr'><strong>sed</strong></span> <span class='ocrx_word' id='word_1_226' title='bbox 1608 3403 1998 3474; x_wconf 87' lang='lat' dir='ltr'><strong>assumptionis</strong></span> 
     </span>
    </p>
   </div>
   <div class='ocr_carea' id='block_1_35' title="bbox 415 3489 1997 3563">
    <p class='ocr_par' dir='ltr' id='par_1_35' title="bbox 415 3489 1997 3563">
     <span class='ocr_line' id='line_1_35' title="bbox 415 3489 1997 3563; baseline 0.007 -23"><span class='ocrx_word' id='word_1_227' title='bbox 415 3489 670 3558; x_wconf 73' lang='lat' dir='ltr'><strong>ignorans</strong></span> <span class='ocrx_word' id='word_1_228' title='bbox 694 3491 821 3558; x_wconf 87' lang='lat' dir='ltr'><strong>vim,</strong></span> <span class='ocrx_word' id='word_1_229' title='bbox 848 3493 980 3547; x_wconf 89' lang='lat' dir='ltr'><strong>duas</strong></span> <span class='ocrx_word' id='word_1_230' title='bbox 999 3494 1217 3563; x_wconf 86' lang='lat' dir='ltr'><strong>quidem</strong></span> <span class='ocrx_word' id='word_1_231' title='bbox 1267 3503 1492 3550; x_wconf 89' lang='lat' dir='ltr'><strong>naturas</strong></span> <span class='ocrx_word' id='word_1_232' title='bbox 1541 3490 1822 3563; x_wconf 85' lang='lat' dir='ltr'><strong>nominat,</strong></span> <span class='ocrx_word' id='word_1_233' title='bbox 1879 3512 1997 3552; x_wconf 86' lang='lat' dir='ltr'><strong>eas-</strong></span> 
     </span>
    </p>
   </div>
   <div class='ocr_carea' id='block_1_36' title="bbox 415 3584 1997 3657">
    <p class='ocr_par' dir='ltr' id='par_1_36' title="bbox 415 3584 1997 3657">
     <span class='ocr_line' id='line_1_36' title="bbox 415 3584 1997 3657; baseline 0.006 -23"><span class='ocrx_word' id='word_1_234' title='bbox 415 3599 520 3651; x_wconf 88' lang='lat' dir='ltr'><strong>que</strong></span> <span class='ocrx_word' id='word_1_235' title='bbox 561 3584 799 3640; x_wconf 82' lang='lat' dir='ltr'><strong>vicissim</strong></span> <span class='ocrx_word' id='word_1_236' title='bbox 834 3594 1074 3655; x_wconf 84' lang='lat' dir='ltr'><strong>separat,</strong></span> <span class='ocrx_word' id='word_1_237' title='bbox 1104 3586 1269 3641; x_wconf 91' lang='lat' dir='ltr'><strong>Deum</strong></span> <span class='ocrx_word' id='word_1_238' title='bbox 1309 3589 1601 3657; x_wconf 86' lang='lat' dir='ltr'><strong>separatim</strong></span> <span class='ocrx_word' id='word_1_239' title='bbox 1634 3600 1907 3654; x_wconf 87' lang='lat' dir='ltr'><strong>statuens,</strong></span> <span class='ocrx_word' id='word_1_240' title='bbox 1939 3598 1997 3644; x_wconf 88' lang='lat' dir='ltr'><strong>et</strong></span> 
     </span>
    </p>
   </div>
   <div class='ocr_carea' id='block_1_37' title="bbox 416 3676 1993 3748">
    <p class='ocr_par' dir='ltr' id='par_1_37' title="bbox 416 3676 1993 3748">
     <span class='ocr_line' id='line_1_37' title="bbox 416 3676 1993 3748; baseline 0.003 -19"><span class='ocrx_word' id='word_1_241' title='bbox 416 3676 688 3732; x_wconf 88' lang='lat' dir='ltr'><strong>hominem</strong></span> <span class='ocrx_word' id='word_1_242' title='bbox 716 3678 895 3731; x_wconf 82' lang='lat' dir='ltr'><strong>itidem</strong></span> <span class='ocrx_word' id='word_1_243' title='bbox 928 3681 1240 3748; x_wconf 83' lang='lat' dir='ltr'><strong>separatim,</strong></span> <span class='ocrx_word' id='word_1_244' title='bbox 1273 3682 1361 3747; x_wconf 85' lang='lat' dir='ltr'><strong>qui</strong></span> <span class='ocrx_word' id='word_1_245' title='bbox 1401 3681 1591 3735; x_wconf 84' lang='lat' dir='ltr'><strong>habitu</strong></span> <span class='ocrx_word' id='word_1_246' title='bbox 1639 3691 1694 3735; x_wconf 88' lang='lat' dir='ltr'><strong>et</strong></span> <span class='ocrx_word' id='word_1_247' title='bbox 1738 3682 1852 3736; x_wconf 91' lang='lat' dir='ltr'><strong>sola</strong></span> <span class='ocrx_word' id='word_1_248' title='bbox 1902 3682 1993 3735; x_wconf 81' lang='lat' dir='ltr'><strong>lto-</strong></span> 
     </span>
    </p>
   </div>
   <div class='ocr_carea' id='block_1_38' title="bbox 416 3771 1999 3845">
    <p class='ocr_par' dir='ltr' id='par_1_38' title="bbox 416 3771 1999 3845">
     <span class='ocr_line' id='line_1_38' title="bbox 416 3771 1999 3845; baseline 0.002 -18"><span class='ocrx_word' id='word_1_249' title='bbox 416 3771 566 3827; x_wconf 73' lang='lat' dir='ltr'><strong>ttut‘is</strong></span> <span class='ocrx_word' id='word_1_250' title='bbox 623 3772 949 3839; x_wconf 70' lang='lat' dir='ltr'><strong>mqualitate,</strong></span> <span class='ocrx_word' id='word_1_251' title='bbox 1020 3788 1116 3829; x_wconf 86' lang='lat' dir='ltr'><strong>seu</strong></span> <span class='ocrx_word' id='word_1_252' title='bbox 1175 3775 1499 3829; x_wconf 83' lang='lat' dir='ltr'><strong>auctoritate</strong></span> <span class='ocrx_word' id='word_1_253' title='bbox 1548 3774 1877 3845; x_wconf 85' lang='lat' dir='ltr'><strong>conjunetus</strong></span> <span class='ocrx_word' id='word_1_254' title='bbox 1928 3777 1999 3831; x_wconf 87' lang='lat' dir='ltr'><strong>sit</strong></span> 
     </span>
    </p>
   </div>
   <div class='ocr_carea' id='block_1_39' title="bbox 416 3862 2001 3934">
    <p class='ocr_par' dir='ltr' id='par_1_39' title="bbox 416 3862 2001 3934">
     <span class='ocr_line' id='line_1_39' title="bbox 416 3862 2001 3934; baseline 0.001 -16"><span class='ocrx_word' id='word_1_255' title='bbox 416 3862 546 3919; x_wconf 88' lang='lat' dir='ltr'><strong>Deo.</strong></span> <span class='ocrx_word' id='word_1_256' title='bbox 583 3863 674 3920; x_wconf 94' lang='lat' dir='ltr'><strong>Sic</strong></span> <span class='ocrx_word' id='word_1_257' title='bbox 713 3866 857 3919; x_wconf 86' lang='lat' dir='ltr'><strong>enim</strong></span> <span class='ocrx_word' id='word_1_258' title='bbox 891 3866 966 3917; x_wconf 89' lang='lat' dir='ltr'><strong>ait</strong></span> <span class='ocrx_word' id='word_1_259' title='bbox 1001 3884 1015 3918; x_wconf 87' lang='lat'><strong>:</strong></span> <span class='ocrx_word' id='word_1_260' title='bbox 1047 3866 1127 3919; x_wconf 80' lang='lat' dir='ltr'><strong>Ab</strong></span> <span class='ocrx_word' id='word_1_261' title='bbox 1154 3880 1220 3919; x_wconf 90' lang='lat' dir='ltr'><strong>eo</strong></span> <span class='ocrx_word' id='word_1_262' title='bbox 1255 3867 1396 3934; x_wconf 88' lang='lat' dir='ltr'><strong>quod</strong></span> <span class='ocrx_word' id='word_1_263' title='bbox 1436 3867 1701 3931; x_wconf 86' lang='lat' dir='ltr'><strong>cernitur,</strong></span> <span class='ocrx_word' id='word_1_264' title='bbox 1758 3883 1864 3921; x_wconf 89' lang='lat' dir='ltr'><strong>non</strong></span> <span class='ocrx_word' id='word_1_265' title='bbox 1918 3876 2001 3921; x_wconf 87' lang='lat' dir='ltr'><strong>est</strong></span> 
     </span>
    </p>
   </div>
   <div class='ocr_carea' id='block_1_40' title="bbox 417 3957 2000 4028">
    <p class='ocr_par' dir='ltr' id='par_1_40' title="bbox 417 3957 2000 4028">
     <span class='ocr_line' id='line_1_40' title="bbox 417 3957 2000 4028; baseline 0.003 -16"><span class='ocrx_word' id='word_1_266' title='bbox 417 3967 697 4028; x_wconf 84' lang='lat' dir='ltr'><strong>separatus</strong></span> <span class='ocrx_word' id='word_1_267' title='bbox 723 3958 883 4013; x_wconf 84' lang='lat' dir='ltr'><strong>Deus.</strong></span> <span class='ocrx_word' id='word_1_268' title='bbox 910 3957 1100 4027; x_wconf 84' lang='lat' dir='ltr'><strong>Itaque</strong></span> <span class='ocrx_word' id='word_1_269' title='bbox 1131 3974 1255 4012; x_wconf 92' lang='lat' dir='ltr'><strong>cum</strong></span> <span class='ocrx_word' id='word_1_270' title='bbox 1298 3970 1580 4028; x_wconf 88' lang='lat' dir='ltr'><strong>separatus</strong></span> <span class='ocrx_word' id='word_1_271' title='bbox 1616 3974 1725 4013; x_wconf 89' lang='lat' dir='ltr'><strong>non</strong></span> <span class='ocrx_word' id='word_1_272' title='bbox 1752 3960 1845 4024; x_wconf 88' lang='lat' dir='ltr'><strong>sit,</strong></span> <span class='ocrx_word' id='word_1_273' title='bbox 1900 3975 2000 4015; x_wconf 83' lang='lat' dir='ltr'><strong>nec</strong></span> 
     </span>
    </p>
   </div>
   <div class='ocr_carea' id='block_1_41' title="bbox 420 4049 1998 4121">
    <p class='ocr_par' dir='ltr' id='par_1_41' title="bbox 420 4049 1998 4121">
     <span class='ocr_line' id='line_1_41' title="bbox 420 4049 1998 4121; baseline 0.002 -17"><span class='ocrx_word' id='word_1_274' title='bbox 420 4051 680 4104; x_wconf 91' lang='lat' dir='ltr'><strong>honorem</strong></span> <span class='ocrx_word' id='word_1_275' title='bbox 716 4066 932 4119; x_wconf 76' lang='lat' dir='ltr'><strong>separo.</strong></span> <span class='ocrx_word' id='word_1_276' title='bbox 983 4049 1213 4105; x_wconf 78' lang='lat' dir='ltr'><strong>Naturas</strong></span> <span class='ocrx_word' id='word_1_277' title='bbox 1245 4065 1464 4121; x_wconf 77' lang='lat' dir='ltr'><strong>separo,</strong></span> <span class='ocrx_word' id='word_1_278' title='bbox 1513 4052 1608 4106; x_wconf 89' lang='lat' dir='ltr'><strong>sed</strong></span> <span class='ocrx_word' id='word_1_279' title='bbox 1630 4052 1998 4107; x_wconf 84' lang='lat' dir='ltr'><strong>adoratiouem</strong></span> 
     </span>
    </p>
   </div>
   <div class='ocr_carea' id='block_1_42' title="bbox 419 4140 2000 4212">
    <p class='ocr_par' dir='ltr' id='par_1_42' title="bbox 419 4140 2000 4212">
     <span class='ocr_line' id='line_1_42' title="bbox 419 4140 2000 4212; baseline 0.004 -18"><span class='ocrx_word' id='word_1_280' title='bbox 419 4140 705 4211; x_wconf 85' lang='lat' dir='ltr'><strong>conjuugo.</strong></span> <span class='ocrx_word' id='word_1_281' title='bbox 737 4142 805 4193; x_wconf 84' lang='lat' dir='ltr'><strong>At</strong></span> <span class='ocrx_word' id='word_1_282' title='bbox 836 4141 1030 4194; x_wconf 78' lang='lat' dir='ltr'><strong>fratres</strong></span> <span class='ocrx_word' id='word_1_283' title='bbox 1060 4143 1377 4196; x_wconf 82' lang='lat' dir='ltr'><strong>Antioclteni</strong></span> <span class='ocrx_word' id='word_1_284' title='bbox 1405 4158 1490 4208; x_wconf 86' lang='lat' dir='ltr'><strong>ea,</strong></span> <span class='ocrx_word' id='word_1_285' title='bbox 1516 4156 1582 4196; x_wconf 80' lang='lat' dir='ltr'><strong>ex</strong></span> <span class='ocrx_word' id='word_1_286' title='bbox 1615 4143 1809 4212; x_wconf 82' lang='lat' dir='ltr'><strong>quibus</strong></span> <span class='ocrx_word' id='word_1_287' title='bbox 1842 4145 2000 4199; x_wconf 88' lang='lat' dir='ltr'><strong>intel-</strong></span> 
     </span>
    </p>
   </div>
   <div class='ocr_carea' id='block_1_43' title="bbox 419 4229 2001 4301">
    <p class='ocr_par' dir='ltr' id='par_1_43' title="bbox 419 4229 2001 4301">
     <span class='ocr_line' id='line_1_43' title="bbox 419 4229 2001 4301; baseline 0.004 -18"><span class='ocrx_word' id='word_1_288' title='bbox 419 4230 606 4301; x_wconf 85' lang='lat' dir='ltr'><strong>ligitur</strong></span> <span class='ocrx_word' id='word_1_289' title='bbox 640 4229 909 4297; x_wconf 86' lang='lat' dir='ltr'><strong>Christus,</strong></span> <span class='ocrx_word' id='word_1_290' title='bbox 962 4230 1015 4285; x_wconf 90' lang='lat' dir='ltr'><strong>in</strong></span> <span class='ocrx_word' id='word_1_291' title='bbox 1054 4233 1209 4285; x_wconf 88' lang='lat' dir='ltr'><strong>nudis</strong></span> <span class='ocrx_word' id='word_1_292' title='bbox 1240 4242 1296 4287; x_wconf 88' lang='lat' dir='ltr'><strong>et</strong></span> <span class='ocrx_word' id='word_1_293' title='bbox 1326 4232 1453 4289; x_wconf 87' lang='lat' dir='ltr'><strong>solis</strong></span> <span class='ocrx_word' id='word_1_294' title='bbox 1490 4235 1796 4290; x_wconf 87' lang='lat' dir='ltr'><strong>notionibus</strong></span> <span class='ocrx_word' id='word_1_295' title='bbox 1827 4238 2001 4292; x_wconf 82' lang='lat' dir='ltr'><strong>susci-</strong></span> 
     </span>
    </p>
   </div>
   <div class='ocr_carea' id='block_1_44' title="bbox 420 4324 2001 4396">
    <p class='ocr_par' dir='ltr' id='par_1_44' title="bbox 420 4324 2001 4396">
     <span class='ocr_line' id='line_1_44' title="bbox 420 4324 2001 4396; baseline 0.003 -17"><span class='ocrx_word' id='word_1_296' title='bbox 420 4325 653 4394; x_wconf 86' lang='lat' dir='ltr'><strong>pientes,</strong></span> <span class='ocrx_word' id='word_1_297' title='bbox 687 4333 997 4380; x_wconf 87' lang='lat' dir='ltr'><strong>naturarnm</strong></span> <span class='ocrx_word' id='word_1_298' title='bbox 1025 4325 1237 4393; x_wconf 80' lang='lat' dir='ltr'><strong>quidem</strong></span> <span class='ocrx_word' id='word_1_299' title='bbox 1277 4324 1635 4381; x_wconf 75' lang='lat' dir='ltr'><strong>diﬂereutiatn</strong></span> <span class='ocrx_word' id='word_1_300' title='bbox 1669 4339 2001 4396; x_wconf 89' lang='lat' dir='ltr'><strong>statuerunt,</strong></span> 
     </span>
    </p>
   </div>
   <div class='ocr_carea' id='block_1_45' title="bbox 419 4416 2005 4486">
    <p class='ocr_par' dir='ltr' id='par_1_45' title="bbox 419 4416 2005 4486">
     <span class='ocr_line' id='line_1_45' title="bbox 419 4416 2005 4486; baseline 0.005 -17"><span class='ocrx_word' id='word_1_301' title='bbox 419 4418 566 4485; x_wconf 89' lang='lat' dir='ltr'><strong>quod</strong></span> <span class='ocrx_word' id='word_1_302' title='bbox 597 4418 736 4472; x_wconf 89' lang='lat' dir='ltr'><strong>idem</strong></span> <span class='ocrx_word' id='word_1_303' title='bbox 785 4416 835 4471; x_wconf 94' lang='lat' dir='ltr'><strong>in</strong></span> <span class='ocrx_word' id='word_1_304' title='bbox 890 4417 1148 4486; x_wconf 88' lang='lat' dir='ltr'><strong>qualitate</strong></span> <span class='ocrx_word' id='word_1_305' title='bbox 1188 4419 1421 4473; x_wconf 88' lang='lat' dir='ltr'><strong>naturali</strong></span> <span class='ocrx_word' id='word_1_306' title='bbox 1469 4436 1579 4474; x_wconf 89' lang='lat' dir='ltr'><strong>non</strong></span> <span class='ocrx_word' id='word_1_307' title='bbox 1625 4421 1696 4475; x_wconf 90' lang='lat' dir='ltr'><strong>sit</strong></span> <span class='ocrx_word' id='word_1_308' title='bbox 1751 4422 2005 4477; x_wconf 82' lang='lat' dir='ltr'><strong>divinitas</strong></span> 
     </span>
    </p>
   </div>
   <div class='ocr_carea' id='block_1_46' title="bbox 423 4509 2001 4580">
    <p class='ocr_par' dir='ltr' id='par_1_46' title="bbox 423 4509 2001 4580">
     <span class='ocr_line' id='line_1_46' title="bbox 423 4509 2001 4580; baseline 0.003 -19"><span class='ocrx_word' id='word_1_309' title='bbox 423 4517 585 4577; x_wconf 86' lang='lat' dir='ltr'><strong>atque</strong></span> <span class='ocrx_word' id='word_1_310' title='bbox 619 4509 945 4573; x_wconf 83' lang='lat' dir='ltr'><strong>humanitas,</strong></span> <span class='ocrx_word' id='word_1_311' title='bbox 970 4525 1136 4563; x_wconf 90' lang='lat' dir='ltr'><strong>unum</strong></span> <span class='ocrx_word' id='word_1_312' title='bbox 1167 4520 1344 4565; x_wconf 87' lang='lat' dir='ltr'><strong>tanten</strong></span> <span class='ocrx_word' id='word_1_313' title='bbox 1379 4509 1596 4573; x_wconf 86' lang='lat' dir='ltr'><strong>Filium,</strong></span> <span class='ocrx_word' id='word_1_314' title='bbox 1624 4521 1678 4566; x_wconf 88' lang='lat' dir='ltr'><strong>et</strong></span> <span class='ocrx_word' id='word_1_315' title='bbox 1700 4512 2001 4580; x_wconf 90' lang='lat' dir='ltr'><strong>Christum,</strong></span> 
     </span>
    </p>
   </div>
   <div class='ocr_carea' id='block_1_47' title="bbox 2081 646 3658 722">
    <p class='ocr_par' dir='ltr' id='par_1_47' title="bbox 2081 646 3658 722">
     <span class='ocr_line' id='line_1_47' title="bbox 2081 646 3658 722; baseline -0.006 -13"><span class='ocrx_word' id='word_1_316' title='bbox 2081 654 2176 709; x_wconf 79' lang='grc' dir='ltr'><strong>καὶ</strong></span> <span class='ocrx_word' id='word_1_317' title='bbox 2205 654 2298 708; x_wconf 87' lang='grc' dir='ltr'>τοῦ</span> <span class='ocrx_word' id='word_1_318' title='bbox 2335 654 2468 708; x_wconf 87' lang='grc' dir='ltr'>Θεοῦ</span> <span class='ocrx_word' id='word_1_319' title='bbox 2500 653 2675 721; x_wconf 86' lang='grc' dir='ltr'>Λόγου</span> <span class='ocrx_word' id='word_1_320' title='bbox 2700 669 2712 682; x_wconf 83' lang='lat'><strong>&#39;</strong></span> <span class='ocrx_word' id='word_1_321' title='bbox 2748 650 3043 722; x_wconf 79' lang='grc' dir='ltr'>ἑτέραγὰρ</span> <span class='ocrx_word' id='word_1_322' title='bbox 3077 652 3109 716; x_wconf 78' lang='grc' dir='ltr'>ἡ</span> <span class='ocrx_word' id='word_1_323' title='bbox 3144 648 3240 703; x_wconf 86' lang='grc' dir='ltr'>τοῦ</span> <span class='ocrx_word' id='word_1_324' title='bbox 3267 648 3446 716; x_wconf 82' lang='grc' dir='ltr'>Λόγου</span> <span class='ocrx_word' id='word_1_325' title='bbox 3472 646 3658 714; x_wconf 83' lang='grc' dir='ltr'>φύσις,</span> 
     </span>
    </p>
   </div>
   <div class='ocr_carea' id='block_1_48' title="bbox 2080 738 3662 817">
    <p class='ocr_par' dir='ltr' id='par_1_48' title="bbox 2080 738 3662 817">
     <span class='ocr_line' id='line_1_48' title="bbox 2080 738 3662 817; baseline -0.008 -16"><span class='ocrx_word' id='word_1_326' title='bbox 2080 748 2174 801; x_wconf 79' lang='grc' dir='ltr'><strong>καὶ</strong></span> <span class='ocrx_word' id='word_1_327' title='bbox 2205 748 2367 817; x_wconf 77' lang='grc' dir='ltr'>ἑτέρα</span> <span class='ocrx_word' id='word_1_328' title='bbox 2418 748 2453 817; x_wconf 78' lang='grc' dir='ltr'>ἡ</span> <span class='ocrx_word' id='word_1_329' title='bbox 2485 748 2582 816; x_wconf 83' lang='grc' dir='ltr'>τῆς</span> <span class='ocrx_word' id='word_1_330' title='bbox 2636 746 2874 815; x_wconf 83' lang='grc' dir='ltr'>σαρκός·</span> <span class='ocrx_word' id='word_1_331' title='bbox 2930 743 3045 797; x_wconf 83' lang='grc' dir='ltr'>ἀλλ’</span> <span class='ocrx_word' id='word_1_332' title='bbox 3094 742 3279 796; x_wconf 81' lang='grc' dir='ltr'>οὐκέτι</span> <span class='ocrx_word' id='word_1_333' title='bbox 3327 739 3427 806; x_wconf 83' lang='grc' dir='ltr'>τὴν</span> <span class='ocrx_word' id='word_1_334' title='bbox 3468 738 3662 793; x_wconf 64' lang='grc' dir='ltr'>ἕνωσιν</span> 
     </span>
    </p>
   </div>
   <div class='ocr_carea' id='block_1_49' title="bbox 2080 830 3662 909">
    <p class='ocr_par' dir='ltr' id='par_1_49' title="bbox 2080 830 3662 909">
     <span class='ocr_line' id='line_1_49' title="bbox 2080 830 3662 909; baseline -0.008 -16"><span class='ocrx_word' id='word_1_335' title='bbox 2080 840 2331 909; x_wconf 84' lang='grc' dir='ltr'>ὁμολογεῖ</span> <span class='ocrx_word' id='word_1_336' title='bbox 2365 838 2483 909; x_wconf 88' lang='grc' dir='ltr'>μεθ’</span> <span class='ocrx_word' id='word_1_337' title='bbox 2511 838 2696 909; x_wconf 77' lang='grc' dir='ltr'>ἡμῶν.</span> <span class='ocrx_word' id='word_1_338' title='bbox 2738 837 2931 907; x_wconf 83' lang='grc' dir='ltr'>Ἡμεῖς</span> <span class='ocrx_word' id='word_1_339' title='bbox 2963 837 3074 904; x_wconf 81' lang='grc' dir='ltr'>γὰρ</span> <span class='ocrx_word' id='word_1_340' title='bbox 3122 832 3431 893; x_wconf 80' lang='grc' dir='ltr'><strong>ἑνώσαντες</strong></span> <span class='ocrx_word' id='word_1_341' title='bbox 3464 830 3662 895; x_wconf 82' lang='grc' dir='ltr'>ταῦτα,</span> 
     </span>
    </p>
   </div>
   <div class='ocr_carea' id='block_1_50' title="bbox 2083 918 3661 999">
    <p class='ocr_par' dir='ltr' id='par_1_50' title="bbox 2083 918 3661 999">
     <span class='ocr_line' id='line_1_50' title="bbox 2083 918 3661 999; baseline -0.01 -17"><span class='ocrx_word' id='word_1_342' title='bbox 2083 930 2180 983; x_wconf 72' lang='grc' dir='ltr'>ἕνα</span> <span class='ocrx_word' id='word_1_343' title='bbox 2219 928 2474 999; x_wconf 77' lang='grc' dir='ltr'>Χριστὸν,</span> <span class='ocrx_word' id='word_1_344' title='bbox 2517 927 2613 980; x_wconf 83' lang='grc' dir='ltr'>ἒνα</span> <span class='ocrx_word' id='word_1_345' title='bbox 2659 925 2863 996; x_wconf 79' lang='grc' dir='ltr'><strong>Κύριον</strong></span> <span class='ocrx_word' id='word_1_346' title='bbox 2902 928 2995 978; x_wconf 77' lang='grc' dir='ltr'>τὸν</span> <span class='ocrx_word' id='word_1_347' title='bbox 3047 923 3211 979; x_wconf 78' lang='grc' dir='ltr'>αὐτὸν</span> <span class='ocrx_word' id='word_1_348' title='bbox 3258 918 3661 992; x_wconf 81' lang='grc' dir='ltr'>ὁμολογοῦμεν,</span> 
     </span>
    </p>
   </div>
   <div class='ocr_carea' id='block_1_51' title="bbox 2082 1008 3665 1090">
    <p class='ocr_par' dir='ltr' id='par_1_51' title="bbox 2082 1008 3665 1090">
     <span class='ocr_line' id='line_1_51' title="bbox 2082 1008 3665 1090; baseline -0.011 -15"><span class='ocrx_word' id='word_1_349' title='bbox 2082 1022 2178 1076; x_wconf 74' lang='grc' dir='ltr'><strong>καὶ</strong></span> <span class='ocrx_word' id='word_1_350' title='bbox 2209 1022 2337 1090; x_wconf 76' lang='grc' dir='ltr'>μίαν</span> <span class='ocrx_word' id='word_1_351' title='bbox 2367 1020 2528 1089; x_wconf 81' lang='grc' dir='ltr'>φύσιν</span> <span class='ocrx_word' id='word_1_352' title='bbox 2556 1018 2651 1073; x_wconf 85' lang='grc' dir='ltr'>τοῦ</span> <span class='ocrx_word' id='word_1_353' title='bbox 2679 1017 2815 1073; x_wconf 83' lang='grc' dir='ltr'>Θεοῦ</span> <span class='ocrx_word' id='word_1_354' title='bbox 2845 1016 3022 1085; x_wconf 86' lang='grc' dir='ltr'>Λόγου</span> <span class='ocrx_word' id='word_1_355' title='bbox 3068 1012 3525 1084; x_wconf 82' lang='grc' dir='ltr'>σεσαρκωμένην.</span> <span class='ocrx_word' id='word_1_356' title='bbox 3555 1008 3665 1061; x_wconf 67' lang='grc' dir='ltr'><strong>Καὶ</strong></span> 
     </span>
    </p>
   </div>
   <div class='ocr_carea' id='block_1_52' title="bbox 2084 1101 3666 1185">
    <p class='ocr_par' dir='ltr' id='par_1_52' title="bbox 2084 1101 3666 1185">
     <span class='ocr_line' id='line_1_52' title="bbox 2084 1101 3666 1185; baseline -0.009 -16"><span class='ocrx_word' id='word_1_357' title='bbox 2084 1114 2203 1185; x_wconf 82' lang='grc' dir='ltr'>μετ’</span> <span class='ocrx_word' id='word_1_358' title='bbox 2225 1115 2380 1183; x_wconf 77' lang='grc' dir='ltr'>ὲλίγα</span> <span class='ocrx_word' id='word_1_359' title='bbox 2405 1129 2419 1143; x_wconf 90' lang='grc'><strong>·</strong></span> <span class='ocrx_word' id='word_1_360' title='bbox 2454 1113 2531 1168; x_wconf 87' lang='grc' dir='ltr'><strong>Ού</strong></span> <span class='ocrx_word' id='word_1_361' title='bbox 2559 1113 2620 1165; x_wconf 85' lang='grc' dir='ltr'>τὸ</span> <span class='ocrx_word' id='word_1_362' title='bbox 2648 1112 2851 1166; x_wconf 75' lang='grc' dir='ltr'>ειδέναι</span> <span class='ocrx_word' id='word_1_363' title='bbox 2874 1110 2986 1163; x_wconf 82' lang='grc' dir='ltr'><strong>τῶν</strong></span> <span class='ocrx_word' id='word_1_364' title='bbox 3025 1107 3240 1178; x_wconf 79' lang='grc' dir='ltr'><strong>φύσεων</strong></span> <span class='ocrx_word' id='word_1_365' title='bbox 3270 1105 3370 1175; x_wconf 79' lang='grc' dir='ltr'>τὴν</span> <span class='ocrx_word' id='word_1_366' title='bbox 3399 1101 3666 1173; x_wconf 73' lang='grc' dir='ltr'>διαφορὰν</span> 
     </span>
    </p>
   </div>
   <div class='ocr_carea' id='block_1_53' title="bbox 2080 1197 3309 1274">
    <p class='ocr_par' dir='ltr' id='par_1_53' title="bbox 2080 1197 3309 1274">
     <span class='ocr_line' id='line_1_53' title="bbox 2080 1197 3309 1274; baseline -0.009 -15"><span class='ocrx_word' id='word_1_367' title='bbox 2080 1206 2387 1274; x_wconf 79' lang='grc' dir='ltr'>διατέμνειν</span> <span class='ocrx_word' id='word_1_368' title='bbox 2413 1205 2558 1257; x_wconf 71' lang='grc' dir='ltr'>ἐστὶν</span> <span class='ocrx_word' id='word_1_369' title='bbox 2587 1204 2667 1265; x_wconf 86' lang='grc' dir='ltr'><strong>είς</strong></span> <span class='ocrx_word' id='word_1_370' title='bbox 2701 1200 2793 1255; x_wconf 86' lang='grc' dir='ltr'>δύο</span> <span class='ocrx_word' id='word_1_371' title='bbox 2821 1200 2909 1254; x_wconf 78' lang='grc' dir='ltr'><strong>τὸν</strong></span> <span class='ocrx_word' id='word_1_372' title='bbox 2935 1200 3029 1252; x_wconf 72' lang='grc' dir='ltr'>ἕνα</span> <span class='ocrx_word' id='word_1_373' title='bbox 3056 1197 3309 1269; x_wconf 80' lang='grc' dir='ltr'>Χριστόν.</span> 
     </span>
    </p>
   </div>
   <div class='ocr_carea' id='block_1_54' title="bbox 2144 1284 3602 1363">
    <p class='ocr_par' dir='ltr' id='par_1_54' title="bbox 2144 1284 3602 1363">
     <span class='ocr_line' id='line_1_54' title="bbox 2144 1284 3602 1363; baseline -0.008 -12"><span class='ocrx_word' id='word_1_374' title='bbox 2144 1296 2255 1353; x_wconf 88' lang='grc' dir='ltr'><strong>Τοῦ</strong></span> <span class='ocrx_word' id='word_1_375' title='bbox 2278 1296 2463 1351; x_wconf 79' lang='grc' dir='ltr'>αὑτοῦ</span> <span class='ocrx_word' id='word_1_376' title='bbox 2492 1296 2561 1350; x_wconf 79' lang='grc' dir='ltr'><strong>ἐκ</strong></span> <span class='ocrx_word' id='word_1_377' title='bbox 2597 1293 2709 1363; x_wconf 79' lang='grc' dir='ltr'>τῆς</span> <span class='ocrx_word' id='word_1_378' title='bbox 2743 1292 2894 1361; x_wconf 83' lang='grc' dir='ltr'>πρὸς</span> <span class='ocrx_word' id='word_1_379' title='bbox 2937 1292 3214 1345; x_wconf 74' lang='grc' dir='ltr'><strong>’Λκάκιον</strong></span> <span class='ocrx_word' id='word_1_380' title='bbox 3242 1284 3602 1353; x_wconf 75' lang='grc' dir='ltr'><strong>ἐπιστολῆς.</strong></span> 
     </span>
    </p>
   </div>
   <div class='ocr_carea' id='block_1_55' title="bbox 2153 1376 3671 1455">
    <p class='ocr_par' dir='ltr' id='par_1_55' title="bbox 2153 1376 3671 1455">
     <span class='ocr_line' id='line_1_55' title="bbox 2153 1376 3671 1455; baseline -0.009 -13"><span class='ocrx_word' id='word_1_381' title='bbox 2153 1389 2361 1442; x_wconf 81' lang='grc' dir='ltr'>Οὐκοῦν</span> <span class='ocrx_word' id='word_1_382' title='bbox 2394 1386 2686 1455; x_wconf 86' lang='grc' dir='ltr'>Νεστόριος</span> <span class='ocrx_word' id='word_1_383' title='bbox 2736 1384 2837 1452; x_wconf 78' lang='grc' dir='ltr'>μὲν</span> <span class='ocrx_word' id='word_1_384' title='bbox 2865 1384 3080 1452; x_wconf 81' lang='grc' dir='ltr'>ἀναιρεῖ</span> <span class='ocrx_word' id='word_1_385' title='bbox 3115 1382 3194 1442; x_wconf 83' lang='grc' dir='ltr'><strong>εἰς</strong></span> <span class='ocrx_word' id='word_1_386' title='bbox 3245 1380 3394 1432; x_wconf 84' lang='grc' dir='ltr'>ἆπαν</span> <span class='ocrx_word' id='word_1_387' title='bbox 3438 1376 3533 1429; x_wconf 85' lang='grc' dir='ltr'>τοῦ</span> <span class='ocrx_word' id='word_1_388' title='bbox 3572 1392 3671 1446; x_wconf 86' lang='grc' dir='ltr'>μο-</span> 
     </span>
    </p>
   </div>
   <div class='ocr_carea' id='block_1_56' title="bbox 2084 1468 3669 1548">
    <p class='ocr_par' dir='ltr' id='par_1_56' title="bbox 2084 1468 3669 1548">
     <span class='ocr_line' id='line_1_56' title="bbox 2084 1468 3669 1548; baseline -0.008 -14"><span class='ocrx_word' id='word_1_389' title='bbox 2084 1478 2334 1548; x_wconf 83' lang='grc' dir='ltr'>νογενοῦς</span> <span class='ocrx_word' id='word_1_390' title='bbox 2380 1477 2510 1531; x_wconf 78' lang='grc' dir='ltr'>Υίοῦ</span> <span class='ocrx_word' id='word_1_391' title='bbox 2538 1476 2633 1529; x_wconf 84' lang='grc' dir='ltr'>τοῦ</span> <span class='ocrx_word' id='word_1_392' title='bbox 2683 1474 2820 1528; x_wconf 85' lang='grc' dir='ltr'>Θεοῦ</span> <span class='ocrx_word' id='word_1_393' title='bbox 2849 1473 2947 1542; x_wconf 81' lang='grc' dir='ltr'>τὴν</span> <span class='ocrx_word' id='word_1_394' title='bbox 2990 1473 3133 1525; x_wconf 79' lang='grc' dir='ltr'>κατὰ</span> <span class='ocrx_word' id='word_1_395' title='bbox 3166 1470 3348 1539; x_wconf 80' lang='grc' dir='ltr'>σάρκα</span> <span class='ocrx_word' id='word_1_396' title='bbox 3387 1468 3669 1535; x_wconf 81' lang='grc' dir='ltr'>γέννησιν.</span> 
     </span>
    </p>
   </div>
   <div class='ocr_carea' id='block_1_57' title="bbox 2086 1556 3672 1640">
    <p class='ocr_par' dir='ltr' id='par_1_57' title="bbox 2086 1556 3672 1640">
     <span class='ocr_line' id='line_1_57' title="bbox 2086 1556 3672 1640; baseline -0.011 -14"><span class='ocrx_word' id='word_1_397' title='bbox 2086 1573 2161 1625; x_wconf 88' lang='grc' dir='ltr'>Ού</span> <span class='ocrx_word' id='word_1_398' title='bbox 2198 1573 2305 1640; x_wconf 79' lang='grc' dir='ltr'>γὰρ</span> <span class='ocrx_word' id='word_1_399' title='bbox 2330 1567 2581 1637; x_wconf 84' lang='grc' dir='ltr'>τετέχθαι</span> <span class='ocrx_word' id='word_1_400' title='bbox 2610 1566 2775 1635; x_wconf 59' lang='grc' dir='ltr'>φησιν</span> <span class='ocrx_word' id='word_1_401' title='bbox 2806 1564 2968 1617; x_wconf 77' lang='grc' dir='ltr'>αὑτὸν</span> <span class='ocrx_word' id='word_1_402' title='bbox 3000 1564 3064 1616; x_wconf 82' lang='grc' dir='ltr'><strong>ὲκ</strong></span> <span class='ocrx_word' id='word_1_403' title='bbox 3110 1559 3368 1629; x_wconf 72' lang='grc' dir='ltr'>γυναικὸς</span> <span class='ocrx_word' id='word_1_404' title='bbox 3402 1558 3546 1611; x_wconf 73' lang='grc' dir='ltr'>κατὰ</span> <span class='ocrx_word' id='word_1_405' title='bbox 3572 1556 3672 1619; x_wconf 72' lang='grc' dir='ltr'><strong>τὰς</strong></span> 
     </span>
    </p>
   </div>
   <div class='ocr_carea' id='block_1_58' title="bbox 2085 1650 3671 1733">
    <p class='ocr_par' dir='ltr' id='par_1_58' title="bbox 2085 1650 3671 1733">
     <span class='ocr_line' id='line_1_58' title="bbox 2085 1650 3671 1733; baseline -0.009 -16"><span class='ocrx_word' id='word_1_406' title='bbox 2085 1665 2125 1717; x_wconf 89' lang='grc' dir='ltr'><strong>Γ</strong></span> <span class='ocrx_word' id='word_1_407' title='bbox 2132 1664 2330 1733; x_wconf 77' lang='grc' dir='ltr'>ραφάς.</span> <span class='ocrx_word' id='word_1_408' title='bbox 2373 1660 2519 1730; x_wconf 82' lang='grc' dir='ltr'><strong>Ἔφη</strong></span> <span class='ocrx_word' id='word_1_409' title='bbox 2552 1660 2660 1729; x_wconf 83' lang='grc' dir='ltr'>γὰρ</span> <span class='ocrx_word' id='word_1_410' title='bbox 2688 1657 2831 1711; x_wconf 79' lang='grc' dir='ltr'>οὕτω</span> <span class='ocrx_word' id='word_1_411' title='bbox 2855 1674 2869 1688; x_wconf 91' lang='grc'><strong>·</strong></span> <span class='ocrx_word' id='word_1_412' title='bbox 2899 1655 2974 1709; x_wconf 74' lang='grc' dir='ltr'>Τὸ</span> <span class='ocrx_word' id='word_1_413' title='bbox 3006 1651 3302 1725; x_wconf 77' lang='grc' dir='ltr'><strong>παρελθεῖν</strong></span> <span class='ocrx_word' id='word_1_414' title='bbox 3333 1651 3427 1705; x_wconf 73' lang='grc' dir='ltr'><strong>τὸν</strong></span> <span class='ocrx_word' id='word_1_415' title='bbox 3453 1650 3587 1705; x_wconf 78' lang='grc' dir='ltr'>Θεὸν</span> <span class='ocrx_word' id='word_1_416' title='bbox 3613 1651 3671 1716; x_wconf 71' lang='grc' dir='ltr'><strong>ἐξ</strong></span> 
     </span>
    </p>
   </div>
   <div class='ocr_carea' id='block_1_59' title="bbox 2085 1739 3671 1820">
    <p class='ocr_par' dir='ltr' id='par_1_59' title="bbox 2085 1739 3671 1820">
     <span class='ocr_line' id='line_1_59' title="bbox 2085 1739 3671 1820; baseline -0.01 -12"><span class='ocrx_word' id='word_1_417' title='bbox 2085 1754 2254 1819; x_wconf 71' lang='grc' dir='ltr'>αὐτῆς</span> <span class='ocrx_word' id='word_1_418' title='bbox 2290 1754 2389 1820; x_wconf 76' lang='grc' dir='ltr'>τῆς</span> <span class='ocrx_word' id='word_1_419' title='bbox 2432 1748 2793 1820; x_wconf 82' lang='grc' dir='ltr'>Χριστοτόκου</span> <span class='ocrx_word' id='word_1_420' title='bbox 2829 1744 3104 1818; x_wconf 80' lang='grc' dir='ltr'>Παρθένου</span> <span class='ocrx_word' id='word_1_421' title='bbox 3160 1743 3311 1812; x_wconf 85' lang='grc' dir='ltr'>παρὰ</span> <span class='ocrx_word' id='word_1_422' title='bbox 3355 1740 3459 1809; x_wconf 82' lang='grc' dir='ltr'>τῆς</span> <span class='ocrx_word' id='word_1_423' title='bbox 3519 1739 3671 1802; x_wconf 77' lang='grc' dir='ltr'>θείας</span> 
     </span>
    </p>
   </div>
   <div class='ocr_carea' id='block_1_60' title="bbox 2016 1829 3673 1950">
    <p class='ocr_par' dir='ltr' id='par_1_60' title="bbox 2016 1829 3673 1950">
     <span class='ocr_line' id='line_1_60' title="bbox 2016 1829 3673 1950; baseline -0.01 -52"><span class='ocrx_word' id='word_1_424' title='bbox 2016 1897 2057 1950; x_wconf 70' lang='grc' dir='ltr'><strong>Β</strong></span> <span class='ocrx_word' id='word_1_425' title='bbox 2086 1843 2370 1911; x_wconf 80' lang='grc' dir='ltr'><strong>ἐδιδάχθην</strong></span> <span class='ocrx_word' id='word_1_426' title='bbox 2409 1840 2628 1910; x_wconf 80' lang='grc' dir='ltr'>Γραφῆς</span> <span class='ocrx_word' id='word_1_427' title='bbox 2653 1856 2667 1871; x_wconf 92' lang='grc'><strong>·</strong></span> <span class='ocrx_word' id='word_1_428' title='bbox 2698 1838 2759 1891; x_wconf 62' lang='grc' dir='ltr'><strong>τδο</strong></span> <span class='ocrx_word' id='word_1_429' title='bbox 2800 1837 2858 1891; x_wconf 69' lang='grc' dir='ltr'><strong>δὲ</strong></span> <span class='ocrx_word' id='word_1_430' title='bbox 2872 1832 3389 1950; x_wconf 37' lang='grc' dir='ltr'><strong>ιγεννηθέιίγναιι,Θεῖιιέ</strong></span> <span class='ocrx_word' id='word_1_431' title='bbox 3402 1832 3474 1950; x_wconf 58' lang='grc' dir='ltr'>ἐξ</span> <span class='ocrx_word' id='word_1_432' title='bbox 3504 1829 3673 1950; x_wconf 59' lang='grc' dir='ltr'>αὒτῆς</span> 
     </span>
    </p>
   </div>
   <div class='ocr_carea' id='block_1_61' title="bbox 2087 1920 3668 1999">
    <p class='ocr_par' dir='ltr' id='par_1_61' title="bbox 2087 1920 3668 1999">
     <span class='ocr_line' id='line_1_61' title="bbox 2087 1920 3668 1999; baseline -0.009 -15"><span class='ocrx_word' id='word_1_433' title='bbox 2087 1929 2328 1999; x_wconf 76' lang='grc' dir='ltr'><strong>οὐδαμοῦ</strong></span> <span class='ocrx_word' id='word_1_434' title='bbox 2382 1926 2685 1998; x_wconf 74' lang='grc' dir='ltr'><strong>ἐδιδάχθην.</strong></span> <span class='ocrx_word' id='word_1_435' title='bbox 2742 1926 2831 1981; x_wconf 85' lang='grc' dir='ltr'>Ἐν</span> <span class='ocrx_word' id='word_1_436' title='bbox 2870 1925 3032 1994; x_wconf 77' lang='grc' dir='ltr'>ἑτέρᾳ</span> <span class='ocrx_word' id='word_1_437' title='bbox 3075 1922 3131 1978; x_wconf 59' lang='grc' dir='ltr'><strong>δὲ</strong></span> <span class='ocrx_word' id='word_1_438' title='bbox 3164 1921 3327 1975; x_wconf 76' lang='grc' dir='ltr'>πάλιν</span> <span class='ocrx_word' id='word_1_439' title='bbox 3367 1920 3668 1989; x_wconf 77' lang='grc' dir='ltr'>ἐξηγήσει·</span> 
     </span>
    </p>
   </div>
   <div class='ocr_carea' id='block_1_62' title="bbox 2090 2002 3673 2088">
    <p class='ocr_par' dir='ltr' id='par_1_62' title="bbox 2090 2002 3673 2088">
     <span class='ocr_line' id='line_1_62' title="bbox 2090 2002 3673 2088; baseline -0.006 -15"><span class='ocrx_word' id='word_1_440' title='bbox 2090 2018 2344 2088; x_wconf 88' lang='grc' dir='ltr'>Ούδαμοῦ</span> <span class='ocrx_word' id='word_1_441' title='bbox 2389 2002 2640 2087; x_wconf 72' lang='grc' dir='ltr'>τοίνυνῆ</span> <span class='ocrx_word' id='word_1_442' title='bbox 2671 2016 2861 2087; x_wconf 77' lang='grc' dir='ltr'>Γραφὴ</span> <span class='ocrx_word' id='word_1_443' title='bbox 2896 2015 3029 2069; x_wconf 79' lang='grc' dir='ltr'>Θεὸν</span> <span class='ocrx_word' id='word_1_444' title='bbox 3062 2016 3127 2067; x_wconf 79' lang='grc' dir='ltr'>ικ</span> <span class='ocrx_word' id='word_1_445' title='bbox 3162 2014 3262 2083; x_wconf 81' lang='grc' dir='ltr'>τῆς</span> <span class='ocrx_word' id='word_1_446' title='bbox 3300 2011 3673 2084; x_wconf 78' lang='grc' dir='ltr'>Χριστοτόκου</span> 
     </span>
    </p>
   </div>
   <div class='ocr_carea' id='block_1_63' title="bbox 2090 2103 3674 2182">
    <p class='ocr_par' dir='ltr' id='par_1_63' title="bbox 2090 2103 3674 2182">
     <span class='ocr_line' id='line_1_63' title="bbox 2090 2103 3674 2182; baseline -0.006 -17"><span class='ocrx_word' id='word_1_447' title='bbox 2090 2112 2367 2182; x_wconf 74' lang='grc' dir='ltr'><strong>Παρθένου</strong></span> <span class='ocrx_word' id='word_1_448' title='bbox 2398 2110 2548 2178; x_wconf 78' lang='grc' dir='ltr'>λέγει</span> <span class='ocrx_word' id='word_1_449' title='bbox 2573 2108 2958 2179; x_wconf 85' lang='grc' dir='ltr'>γεγεννῆσθαι,</span> <span class='ocrx_word' id='word_1_450' title='bbox 2984 2108 3121 2161; x_wconf 76' lang='grc' dir='ltr'>ἀλλὰ</span> <span class='ocrx_word' id='word_1_451' title='bbox 3167 2107 3379 2176; x_wconf 81' lang='grc' dir='ltr'><strong>Ἰησοῦν</strong></span> <span class='ocrx_word' id='word_1_452' title='bbox 3411 2103 3674 2175; x_wconf 72' lang='grc' dir='ltr'>Χριστὸν.</span> 
     </span>
    </p>
   </div>
   <div class='ocr_carea' id='block_1_64' title="bbox 2090 2194 3678 2277">
    <p class='ocr_par' dir='ltr' id='par_1_64' title="bbox 2090 2194 3678 2277">
     <span class='ocr_line' id='line_1_64' title="bbox 2090 2194 3678 2277; baseline -0.006 -16"><span class='ocrx_word' id='word_1_453' title='bbox 2090 2208 2241 2272; x_wconf 82' lang='grc' dir='ltr'>Υἱὸν,</span> <span class='ocrx_word' id='word_1_454' title='bbox 2292 2210 2516 2277; x_wconf 77' lang='grc' dir='ltr'>Κύριον.</span> <span class='ocrx_word' id='word_1_455' title='bbox 2548 2194 2693 2259; x_wconf 60' lang='grc' dir='ltr'><strong>Ὄτί</strong></span> <span class='ocrx_word' id='word_1_456' title='bbox 2722 2207 2779 2260; x_wconf 80' lang='grc' dir='ltr'><strong>δὲ</strong></span> <span class='ocrx_word' id='word_1_457' title='bbox 2824 2205 2998 2259; x_wconf 80' lang='grc' dir='ltr'>ταῦτα</span> <span class='ocrx_word' id='word_1_458' title='bbox 3049 2205 3221 2272; x_wconf 81' lang='grc' dir='ltr'>λέγων</span> <span class='ocrx_word' id='word_1_459' title='bbox 3269 2205 3351 2266; x_wconf 81' lang='grc' dir='ltr'>εἰς</span> <span class='ocrx_word' id='word_1_460' title='bbox 3379 2202 3477 2257; x_wconf 85' lang='grc' dir='ltr'>δύο</span> <span class='ocrx_word' id='word_1_461' title='bbox 3528 2200 3678 2262; x_wconf 78' lang='grc' dir='ltr'>υἱοὺς</span> 
     </span>
    </p>
   </div>
   <div class='ocr_carea' id='block_1_65' title="bbox 2094 2290 3679 2368">
    <p class='ocr_par' dir='ltr' id='par_1_65' title="bbox 2094 2290 3679 2368">
     <span class='ocr_line' id='line_1_65' title="bbox 2094 2290 3679 2368; baseline -0.005 -16"><span class='ocrx_word' id='word_1_462' title='bbox 2094 2297 2304 2368; x_wconf 75' lang='grc' dir='ltr'><strong>μερίζει</strong></span> <span class='ocrx_word' id='word_1_463' title='bbox 2335 2298 2426 2351; x_wconf 75' lang='grc' dir='ltr'><strong>τὸν</strong></span> <span class='ocrx_word' id='word_1_464' title='bbox 2476 2297 2596 2361; x_wconf 72' lang='grc' dir='ltr'>ἕνα,</span> <span class='ocrx_word' id='word_1_465' title='bbox 2634 2298 2732 2350; x_wconf 79' lang='grc' dir='ltr'><strong>καὶ</strong></span> <span class='ocrx_word' id='word_1_466' title='bbox 2780 2297 2969 2366; x_wconf 69' lang='grc' dir='ltr'>ἕτερον</span> <span class='ocrx_word' id='word_1_467' title='bbox 3016 2295 3200 2359; x_wconf 83' lang='grc' dir='ltr'>ίδικῶς</span> <span class='ocrx_word' id='word_1_468' title='bbox 3236 2311 3403 2364; x_wconf 80' lang='grc' dir='ltr'>φησιν</span> <span class='ocrx_word' id='word_1_469' title='bbox 3468 2290 3679 2363; x_wconf 79' lang='grc' dir='ltr'><strong>Ἰησοῦν</strong></span> 
     </span>
    </p>
   </div>
   <div class='ocr_carea' id='block_1_66' title="bbox 2089 2385 3676 2461">
    <p class='ocr_par' dir='ltr' id='par_1_66' title="bbox 2089 2385 3676 2461">
     <span class='ocr_line' id='line_1_66' title="bbox 2089 2385 3676 2461; baseline -0.005 -16"><span class='ocrx_word' id='word_1_470' title='bbox 2089 2392 2325 2461; x_wconf 74' lang='grc' dir='ltr'>Χριστὸν</span> <span class='ocrx_word' id='word_1_471' title='bbox 2362 2390 2457 2444; x_wconf 69' lang='grc' dir='ltr'><strong>καὶ</strong></span> <span class='ocrx_word' id='word_1_472' title='bbox 2489 2390 2695 2460; x_wconf 82' lang='grc' dir='ltr'><strong>Κύριον</strong></span> <span class='ocrx_word' id='word_1_473' title='bbox 2725 2389 2818 2442; x_wconf 75' lang='grc' dir='ltr'>τὸν</span> <span class='ocrx_word' id='word_1_474' title='bbox 2841 2391 2907 2442; x_wconf 81' lang='grc' dir='ltr'><strong>ὲκ</strong></span> <span class='ocrx_word' id='word_1_475' title='bbox 2931 2388 3069 2442; x_wconf 84' lang='grc' dir='ltr'>Θεοῦ</span> <span class='ocrx_word' id='word_1_476' title='bbox 3104 2389 3317 2458; x_wconf 61' lang='lat' dir='ltr'><strong>&quot;acpbe;</strong></span> <span class='ocrx_word' id='word_1_477' title='bbox 3344 2385 3676 2455; x_wconf 73' lang='grc' dir='ltr'>γεννηθέντα</span> 
     </span>
    </p>
   </div>
   <div class='ocr_carea' id='block_1_67' title="bbox 2090 2476 3679 2552">
    <p class='ocr_par' dir='ltr' id='par_1_67' title="bbox 2090 2476 3679 2552">
     <span class='ocr_line' id='line_1_67' title="bbox 2090 2476 3679 2552; baseline -0.004 -16"><span class='ocrx_word' id='word_1_478' title='bbox 2090 2484 2285 2550; x_wconf 81' lang='grc' dir='ltr'>Λόγον,</span> <span class='ocrx_word' id='word_1_479' title='bbox 2318 2483 2505 2551; x_wconf 74' lang='grc' dir='ltr'>ἕτερον</span> <span class='ocrx_word' id='word_1_480' title='bbox 2543 2483 2599 2536; x_wconf 85' lang='grc' dir='ltr'><strong>δὲ</strong></span> <span class='ocrx_word' id='word_1_481' title='bbox 2646 2483 2809 2535; x_wconf 82' lang='grc' dir='ltr'>πάλιν</span> <span class='ocrx_word' id='word_1_482' title='bbox 2840 2483 2946 2535; x_wconf 76' lang='grc' dir='ltr'><strong>ἀνὰ</strong></span> <span class='ocrx_word' id='word_1_483' title='bbox 3007 2480 3172 2552; x_wconf 72' lang='grc' dir='ltr'>μέρος</span> <span class='ocrx_word' id='word_1_484' title='bbox 3207 2480 3304 2534; x_wconf 74' lang='grc' dir='ltr'><strong>καὶ</strong></span> <span class='ocrx_word' id='word_1_485' title='bbox 3338 2477 3528 2541; x_wconf 76' lang='grc' dir='ltr'>ίδικῶς</span> <span class='ocrx_word' id='word_1_486' title='bbox 3552 2476 3679 2530; x_wconf 78' lang='grc' dir='ltr'>Υὶδν</span> 
     </span>
    </p>
   </div>
   <div class='ocr_carea' id='block_1_68' title="bbox 2092 2570 3679 2645">
    <p class='ocr_par' dir='ltr' id='par_1_68' title="bbox 2092 2570 3679 2645">
     <span class='ocr_line' id='line_1_68' title="bbox 2092 2570 3679 2645; baseline -0.004 -16"><span class='ocrx_word' id='word_1_487' title='bbox 2092 2578 2185 2629; x_wconf 81' lang='grc' dir='ltr'><strong>καὶ</strong></span> <span class='ocrx_word' id='word_1_488' title='bbox 2215 2576 2448 2643; x_wconf 77' lang='grc' dir='ltr'>Χριστὸν</span> <span class='ocrx_word' id='word_1_489' title='bbox 2486 2577 2583 2630; x_wconf 69' lang='grc' dir='ltr'><strong>καὶ</strong></span> <span class='ocrx_word' id='word_1_490' title='bbox 2612 2575 2817 2645; x_wconf 78' lang='grc' dir='ltr'>Κύριον</span> <span class='ocrx_word' id='word_1_491' title='bbox 2861 2574 2954 2627; x_wconf 80' lang='grc' dir='ltr'><strong>τὸν</strong></span> <span class='ocrx_word' id='word_1_492' title='bbox 2982 2575 3048 2628; x_wconf 80' lang='grc' dir='ltr'><strong>ὲκ</strong></span> <span class='ocrx_word' id='word_1_493' title='bbox 3082 2576 3182 2644; x_wconf 78' lang='grc' dir='ltr'>τῆς</span> <span class='ocrx_word' id='word_1_494' title='bbox 3224 2573 3531 2643; x_wconf 81' lang='grc' dir='ltr'>Παρθένου,</span> <span class='ocrx_word' id='word_1_495' title='bbox 3562 2570 3679 2631; x_wconf 74' lang='grc' dir='ltr'>πῶς</span> 
     </span>
    </p>
   </div>
   <div class='ocr_carea' id='block_1_69' title="bbox 2090 2661 3679 2735">
    <p class='ocr_par' dir='ltr' id='par_1_69' title="bbox 2090 2661 3679 2735">
     <span class='ocr_line' id='line_1_69' title="bbox 2090 2661 3679 2735; baseline -0.007 -13"><span class='ocrx_word' id='word_1_496' title='bbox 2090 2667 2158 2722; x_wconf 81' lang='grc' dir='ltr'>ἂν</span> <span class='ocrx_word' id='word_1_497' title='bbox 2193 2667 2487 2721; x_wconf 81' lang='grc' dir='ltr'>ὲνδοιάσειέ</span> <span class='ocrx_word' id='word_1_498' title='bbox 2518 2683 2634 2730; x_wconf 87' lang='grc' dir='ltr'>τις,</span> <span class='ocrx_word' id='word_1_499' title='bbox 2676 2666 2808 2719; x_wconf 77' lang='grc' dir='ltr'>αὐτὸ</span> <span class='ocrx_word' id='word_1_500' title='bbox 2851 2665 2916 2735; x_wconf 81' lang='grc' dir='ltr'><strong>δὴ</strong></span> <span class='ocrx_word' id='word_1_501' title='bbox 2968 2663 3127 2717; x_wconf 86' lang='grc' dir='ltr'>τοῦτο</span> <span class='ocrx_word' id='word_1_502' title='bbox 3165 2661 3354 2732; x_wconf 81' lang='grc' dir='ltr'>σαφῶς</span> <span class='ocrx_word' id='word_1_503' title='bbox 3394 2661 3679 2730; x_wconf 72' lang='grc' dir='ltr'>μονονουχὶ</span> 
     </span>
    </p>
   </div>
   <div class='ocr_carea' id='block_1_70' title="bbox 2094 2752 3679 2831">
    <p class='ocr_par' dir='ltr' id='par_1_70' title="bbox 2094 2752 3679 2831">
     <span class='ocr_line' id='line_1_70' title="bbox 2094 2752 3679 2831; baseline -0.006 -17"><span class='ocrx_word' id='word_1_504' title='bbox 2094 2759 2325 2831; x_wconf 82' lang='grc' dir='ltr'>βοῶντος</span> <span class='ocrx_word' id='word_1_505' title='bbox 2355 2758 2563 2811; x_wconf 64' lang='grc' dir='ltr'>ἐκείνου</span> <span class='ocrx_word' id='word_1_506' title='bbox 2590 2774 2607 2821; x_wconf 87' lang='grc'><strong>;</strong></span> <span class='ocrx_word' id='word_1_507' title='bbox 2639 2756 2705 2813; x_wconf 81' lang='lat' dir='ltr'><strong>Ol</strong></span> <span class='ocrx_word' id='word_1_508' title='bbox 2748 2756 2806 2811; x_wconf 78' lang='grc' dir='ltr'><strong>δὲ</strong></span> <span class='ocrx_word' id='word_1_509' title='bbox 2848 2756 2993 2809; x_wconf 77' lang='grc' dir='ltr'>κατὰ</span> <span class='ocrx_word' id='word_1_510' title='bbox 3017 2756 3119 2824; x_wconf 77' lang='grc' dir='ltr'>τὴν</span> <span class='ocrx_word' id='word_1_511' title='bbox 3152 2754 3490 2824; x_wconf 71' lang='grc' dir='ltr'>Ἀντιόχειαν</span> <span class='ocrx_word' id='word_1_512' title='bbox 3526 2752 3679 2805; x_wconf 77' lang='grc' dir='ltr'><strong>ἁδελ-</strong></span> 
     </span>
    </p>
   </div>
   <div class='ocr_carea' id='block_1_71' title="bbox 2093 2842 3681 2923">
    <p class='ocr_par' dir='ltr' id='par_1_71' title="bbox 2093 2842 3681 2923">
     <span class='ocr_line' id='line_1_71' title="bbox 2093 2842 3681 2923; baseline -0.006 -18"><span class='ocrx_word' id='word_1_513' title='bbox 2093 2855 2182 2923; x_wconf 71' lang='grc' dir='ltr'><strong>φοὶ</strong></span> <span class='ocrx_word' id='word_1_514' title='bbox 2215 2851 2473 2904; x_wconf 87' lang='grc' dir='ltr'>Θεοτόκον</span> <span class='ocrx_word' id='word_1_515' title='bbox 2520 2850 2854 2918; x_wconf 77' lang='grc' dir='ltr'>ὀνομάζουσι</span> <span class='ocrx_word' id='word_1_516' title='bbox 2897 2848 2998 2918; x_wconf 84' lang='grc' dir='ltr'>τὴν</span> <span class='ocrx_word' id='word_1_517' title='bbox 3038 2845 3201 2915; x_wconf 82' lang='grc' dir='ltr'>ἁγίαν</span> <span class='ocrx_word' id='word_1_518' title='bbox 3248 2845 3554 2917; x_wconf 78' lang='grc' dir='ltr'>Παρθένον,</span> <span class='ocrx_word' id='word_1_519' title='bbox 3590 2842 3681 2897; x_wconf 74' lang='grc' dir='ltr'><strong>καὶ</strong></span> 
     </span>
    </p>
   </div>
   <div class='ocr_carea' id='block_1_72' title="bbox 2090 2934 3678 3011">
    <p class='ocr_par' dir='ltr' id='par_1_72' title="bbox 2090 2934 3678 3011">
     <span class='ocr_line' id='line_1_72' title="bbox 2090 2934 3678 3011; baseline -0.006 -15"><span class='ocrx_word' id='word_1_520' title='bbox 2090 2942 2187 2996; x_wconf 72' lang='grc' dir='ltr'>ἕνα</span> <span class='ocrx_word' id='word_1_521' title='bbox 2224 2943 2387 3011; x_wconf 83' lang='grc' dir='ltr'>φασὶν</span> <span class='ocrx_word' id='word_1_522' title='bbox 2417 2937 2557 2994; x_wconf 79' lang='grc' dir='ltr'>εἶναι</span> <span class='ocrx_word' id='word_1_523' title='bbox 2583 2941 2708 2994; x_wconf 78' lang='grc' dir='ltr'>Υἱον</span> <span class='ocrx_word' id='word_1_524' title='bbox 2743 2940 2837 2994; x_wconf 77' lang='grc' dir='ltr'><strong>καὶ</strong></span> <span class='ocrx_word' id='word_1_525' title='bbox 2865 2941 3070 3011; x_wconf 80' lang='grc' dir='ltr'>Κύριον</span> <span class='ocrx_word' id='word_1_526' title='bbox 3113 2938 3320 2992; x_wconf 83' lang='grc' dir='ltr'>τέλειον</span> <span class='ocrx_word' id='word_1_527' title='bbox 3348 2937 3408 2990; x_wconf 81' lang='grc' dir='ltr'>ὲν</span> <span class='ocrx_word' id='word_1_528' title='bbox 3438 2934 3678 3005; x_wconf 80' lang='grc' dir='ltr'>θεότητι,</span> 
     </span>
    </p>
   </div>
   <div class='ocr_carea' id='block_1_73' title="bbox 2093 3028 3683 3105">
    <p class='ocr_par' dir='ltr' id='par_1_73' title="bbox 2093 3028 3683 3105">
     <span class='ocr_line' id='line_1_73' title="bbox 2093 3028 3683 3105; baseline -0.006 -15"><span class='ocrx_word' id='word_1_529' title='bbox 2093 3040 2187 3090; x_wconf 73' lang='grc' dir='ltr'><strong>καὶ</strong></span> <span class='ocrx_word' id='word_1_530' title='bbox 2218 3036 2423 3088; x_wconf 81' lang='grc' dir='ltr'>τέλειον</span> <span class='ocrx_word' id='word_1_531' title='bbox 2474 3038 2530 3088; x_wconf 81' lang='grc' dir='ltr'>ὲν</span> <span class='ocrx_word' id='word_1_532' title='bbox 2563 3034 2943 3105; x_wconf 78' lang='grc' dir='ltr'>ἁνθρωπότητι</span> <span class='ocrx_word' id='word_1_533' title='bbox 2990 3032 3084 3086; x_wconf 78' lang='grc' dir='ltr'>τὸν</span> <span class='ocrx_word' id='word_1_534' title='bbox 3115 3030 3301 3096; x_wconf 82' lang='grc' dir='ltr'>αὑτὸν,</span> <span class='ocrx_word' id='word_1_535' title='bbox 3345 3029 3447 3084; x_wconf 75' lang='grc' dir='ltr'>ἅτε</span> <span class='ocrx_word' id='word_1_536' title='bbox 3483 3028 3553 3100; x_wconf 82' lang='grc' dir='ltr'><strong>δὴ</strong></span> <span class='ocrx_word' id='word_1_537' title='bbox 3590 3028 3683 3101; x_wconf 79' lang='grc' dir='ltr'><strong>καὶ</strong></span> 
     </span>
    </p>
   </div>
   <div class='ocr_carea' id='block_1_74' title="bbox 2093 3122 3469 3198">
    <p class='ocr_par' dir='ltr' id='par_1_74' title="bbox 2093 3122 3469 3198">
     <span class='ocr_line' id='line_1_74' title="bbox 2093 3122 3469 3198; baseline -0.004 -18"><span class='ocrx_word' id='word_1_538' title='bbox 2093 3126 2509 3198; x_wconf 78' lang='grc' dir='ltr'>ὲνεψυχωμένης</span> <span class='ocrx_word' id='word_1_539' title='bbox 2539 3128 2636 3197; x_wconf 76' lang='grc' dir='ltr'>τῆς</span> <span class='ocrx_word' id='word_1_540' title='bbox 2669 3126 2871 3195; x_wconf 81' lang='grc' dir='ltr'>σαρκὸς</span> <span class='ocrx_word' id='word_1_541' title='bbox 2898 3124 3063 3178; x_wconf 82' lang='grc' dir='ltr'>αὐτοῦ</span> <span class='ocrx_word' id='word_1_542' title='bbox 3102 3125 3252 3194; x_wconf 74' lang='grc' dir='ltr'>ψυχῇ</span> <span class='ocrx_word' id='word_1_543' title='bbox 3281 3122 3469 3193; x_wconf 78' lang='grc' dir='ltr'>νοερᾷ.</span> 
     </span>
    </p>
   </div>
   <div class='ocr_carea' id='block_1_75' title="bbox 2460 3214 3324 3288">
    <p class='ocr_par' dir='ltr' id='par_1_75' title="bbox 2460 3214 3324 3288">
     <span class='ocr_line' id='line_1_75' title="bbox 2460 3214 3324 3288; baseline -0.005 -13"><span class='ocrx_word' id='word_1_544' title='bbox 2460 3220 2563 3275; x_wconf 68' lang='grc' dir='ltr'><strong>Ἐκ</strong></span> <span class='ocrx_word' id='word_1_545' title='bbox 2588 3217 2698 3288; x_wconf 81' lang='grc' dir='ltr'>τῆς</span> <span class='ocrx_word' id='word_1_546' title='bbox 2744 3216 2938 3287; x_wconf 80' lang='grc' dir='ltr'>αὐτῆς</span> <span class='ocrx_word' id='word_1_547' title='bbox 2967 3214 3324 3285; x_wconf 71' lang='grc' dir='ltr'><strong>ἐπιστολῆς.</strong></span> 
     </span>
    </p>
   </div>
   <div class='ocr_carea' id='block_1_76' title="bbox 2186 3306 3683 3381">
    <p class='ocr_par' dir='ltr' id='par_1_76' title="bbox 2186 3306 3683 3381">
     <span class='ocr_line' id='line_1_76' title="bbox 2186 3306 3683 3381; baseline -0.004 -18"><span class='ocrx_word' id='word_1_548' title='bbox 2186 3308 2569 3381; x_wconf 82' lang='grc' dir='ltr'>Ὑποκρίνεται</span> <span class='ocrx_word' id='word_1_549' title='bbox 2595 3310 2696 3380; x_wconf 80' lang='grc' dir='ltr'>μὲν</span> <span class='ocrx_word' id='word_1_550' title='bbox 2736 3312 2765 3363; x_wconf 86' lang='grc' dir='ltr'><strong>ὁ</strong></span> <span class='ocrx_word' id='word_1_551' title='bbox 2795 3309 3090 3379; x_wconf 86' lang='grc' dir='ltr'>Νεστόριος</span> <span class='ocrx_word' id='word_1_552' title='bbox 3119 3307 3425 3378; x_wconf 80' lang='grc' dir='ltr'>ὁμολογεῖν,</span> <span class='ocrx_word' id='word_1_553' title='bbox 3481 3307 3567 3359; x_wconf 85' lang='grc' dir='ltr'>ὅτι</span> <span class='ocrx_word' id='word_1_554' title='bbox 3591 3306 3683 3359; x_wconf 75' lang='grc' dir='ltr'><strong>καὶ</strong></span> 
     </span>
    </p>
   </div>
   <div class='ocr_carea' id='block_1_77' title="bbox 2106 3398 3682 3474">
    <p class='ocr_par' dir='ltr' id='par_1_77' title="bbox 2106 3398 3682 3474">
     <span class='ocr_line' id='line_1_77' title="bbox 2106 3398 3682 3474; baseline -0.003 -19"><span class='ocrx_word' id='word_1_555' title='bbox 2106 3401 2421 3474; x_wconf 74' lang='grc' dir='ltr'>ὲσαρκώθη,</span> <span class='ocrx_word' id='word_1_556' title='bbox 2462 3403 2555 3454; x_wconf 74' lang='grc' dir='ltr'><strong>καὶ</strong></span> <span class='ocrx_word' id='word_1_557' title='bbox 2592 3400 3014 3472; x_wconf 78' lang='grc' dir='ltr'>ὲνηνθρὼπησεν</span> <span class='ocrx_word' id='word_1_558' title='bbox 3062 3402 3091 3454; x_wconf 88' lang='grc' dir='ltr'><strong>ό</strong></span> <span class='ocrx_word' id='word_1_559' title='bbox 3138 3401 3234 3453; x_wconf 84' lang='grc' dir='ltr'>τοῦ</span> <span class='ocrx_word' id='word_1_560' title='bbox 3289 3398 3428 3453; x_wconf 86' lang='grc' dir='ltr'>Θεοῦ</span> <span class='ocrx_word' id='word_1_561' title='bbox 3479 3398 3682 3467; x_wconf 83' lang='grc' dir='ltr'>Λόγος’</span> 
     </span>
    </p>
   </div>
   <div class='ocr_carea' id='block_1_78' title="bbox 2103 3490 3683 3568">
    <p class='ocr_par' dir='ltr' id='par_1_78' title="bbox 2103 3490 3683 3568">
     <span class='ocr_line' id='line_1_78' title="bbox 2103 3490 3683 3568; baseline -0.004 -19"><span class='ocrx_word' id='word_1_562' title='bbox 2103 3496 2203 3568; x_wconf 81' lang='grc' dir='ltr'>τὴν</span> <span class='ocrx_word' id='word_1_563' title='bbox 2228 3497 2285 3551; x_wconf 82' lang='grc' dir='ltr'><strong>δὲ</strong></span> <span class='ocrx_word' id='word_1_564' title='bbox 2320 3494 2413 3548; x_wconf 84' lang='grc' dir='ltr'>τοῦ</span> <span class='ocrx_word' id='word_1_565' title='bbox 2441 3493 2823 3564; x_wconf 83' lang='grc' dir='ltr'>σεσαρκῶσθαι</span> <span class='ocrx_word' id='word_1_566' title='bbox 2856 3492 3087 3563; x_wconf 82' lang='grc' dir='ltr'>δύναμιν</span> <span class='ocrx_word' id='word_1_567' title='bbox 3124 3492 3224 3545; x_wconf 78' lang='grc' dir='ltr'><strong>οὐκ</strong></span> <span class='ocrx_word' id='word_1_568' title='bbox 3255 3490 3437 3557; x_wconf 76' lang='grc' dir='ltr'>εἰδὼς,</span> <span class='ocrx_word' id='word_1_569' title='bbox 3464 3490 3560 3544; x_wconf 88' lang='grc' dir='ltr'>δύο</span> <span class='ocrx_word' id='word_1_570' title='bbox 3590 3491 3683 3559; x_wconf 78' lang='grc' dir='ltr'>μὲν</span> 
     </span>
    </p>
   </div>
   <div class='ocr_carea' id='block_1_79' title="bbox 2104 3580 3680 3656">
    <p class='ocr_par' dir='ltr' id='par_1_79' title="bbox 2104 3580 3680 3656">
     <span class='ocr_line' id='line_1_79' title="bbox 2104 3580 3680 3656; baseline -0.003 -19"><span class='ocrx_word' id='word_1_571' title='bbox 2104 3585 2362 3656; x_wconf 74' lang='grc' dir='ltr'>ὀνομάζει</span> <span class='ocrx_word' id='word_1_572' title='bbox 2415 3586 2629 3652; x_wconf 81' lang='grc' dir='ltr'>φύσεις,</span> <span class='ocrx_word' id='word_1_573' title='bbox 2682 3583 3028 3655; x_wconf 85' lang='grc' dir='ltr'>ἀποδιιστησι</span> <span class='ocrx_word' id='word_1_574' title='bbox 3082 3583 3141 3637; x_wconf 78' lang='grc' dir='ltr'><strong>δὲ</strong></span> <span class='ocrx_word' id='word_1_575' title='bbox 3194 3582 3449 3653; x_wconf 78' lang='grc' dir='ltr'>ἀλλήλων</span> <span class='ocrx_word' id='word_1_576' title='bbox 3495 3580 3680 3648; x_wconf 76' lang='grc' dir='ltr'>αὑτὰς,</span> 
     </span>
    </p>
   </div>
   <div class='ocr_carea' id='block_1_80' title="bbox 2107 3674 3683 3748">
    <p class='ocr_par' dir='ltr' id='par_1_80' title="bbox 2107 3674 3683 3748">
     <span class='ocr_line' id='line_1_80' title="bbox 2107 3674 3683 3748; baseline -0.003 -16"><span class='ocrx_word' id='word_1_577' title='bbox 2107 3678 2241 3732; x_wconf 85' lang='grc' dir='ltr'>Θεὸν</span> <span class='ocrx_word' id='word_1_578' title='bbox 2290 3678 2394 3748; x_wconf 79' lang='grc' dir='ltr'>ίδίᾳ</span> <span class='ocrx_word' id='word_1_579' title='bbox 2424 3677 2615 3741; x_wconf 81' lang='grc' dir='ltr'>τιθεὶς,</span> <span class='ocrx_word' id='word_1_580' title='bbox 2667 3677 2762 3729; x_wconf 73' lang='grc' dir='ltr'><strong>καὶ</strong></span> <span class='ocrx_word' id='word_1_581' title='bbox 2804 3676 3004 3745; x_wconf 78' lang='grc' dir='ltr'>ὁμοίως</span> <span class='ocrx_word' id='word_1_582' title='bbox 3053 3676 3342 3746; x_wconf 78' lang='grc' dir='ltr'>ἄνθρωπον</span> <span class='ocrx_word' id='word_1_583' title='bbox 3377 3674 3486 3728; x_wconf 74' lang='grc' dir='ltr'><strong>ἀνὰ</strong></span> <span class='ocrx_word' id='word_1_584' title='bbox 3522 3674 3683 3744; x_wconf 81' lang='grc' dir='ltr'>μέρος</span> 
     </span>
    </p>
   </div>
   <div class='ocr_carea' id='block_1_81' title="bbox 2108 3766 3682 3840">
    <p class='ocr_par' dir='ltr' id='par_1_81' title="bbox 2108 3766 3682 3840">
     <span class='ocr_line' id='line_1_81' title="bbox 2108 3766 3682 3840; baseline -0.004 -17"><span class='ocrx_word' id='word_1_585' title='bbox 2108 3770 2448 3840; x_wconf 80' lang='grc' dir='ltr'>συναφθέντα</span> <span class='ocrx_word' id='word_1_586' title='bbox 2471 3769 2592 3838; x_wconf 85' lang='grc' dir='ltr'>Θεῷ</span> <span class='ocrx_word' id='word_1_587' title='bbox 2632 3768 2984 3839; x_wconf 81' lang='grc' dir='ltr'>μετεσχηκὼς</span> <span class='ocrx_word' id='word_1_588' title='bbox 3015 3768 3161 3821; x_wconf 76' lang='grc' dir='ltr'>κατὰ</span> <span class='ocrx_word' id='word_1_589' title='bbox 3195 3768 3365 3837; x_wconf 83' lang='grc' dir='ltr'>μόνην</span> <span class='ocrx_word' id='word_1_590' title='bbox 3400 3766 3498 3836; x_wconf 82' lang='grc' dir='ltr'>τὴν</span> <span class='ocrx_word' id='word_1_591' title='bbox 3526 3767 3682 3819; x_wconf 70' lang='lat' dir='ltr'><strong>lactt-</strong></span> 
     </span>
    </p>
   </div>
   <div class='ocr_carea' id='block_1_82' title="bbox 2110 3858 3683 3934">
    <p class='ocr_par' dir='ltr' id='par_1_82' title="bbox 2110 3858 3683 3934">
     <span class='ocr_line' id='line_1_82' title="bbox 2110 3858 3683 3934; baseline -0.003 -19"><span class='ocrx_word' id='word_1_592' title='bbox 2110 3864 2261 3934; x_wconf 82' lang='lat' dir='ltr'><strong>p.iav,</strong></span> <span class='ocrx_word' id='word_1_593' title='bbox 2305 3862 2474 3932; x_wconf 74' lang='grc' dir='ltr'>ἣγουν</span> <span class='ocrx_word' id='word_1_594' title='bbox 2516 3860 2827 3915; x_wconf 86' lang='grc' dir='ltr'>αὐθεντίαν.</span> <span class='ocrx_word' id='word_1_595' title='bbox 2868 3861 3013 3930; x_wconf 80' lang='grc' dir='ltr'><strong>Ἔφη</strong></span> <span class='ocrx_word' id='word_1_596' title='bbox 3052 3859 3162 3931; x_wconf 84' lang='grc' dir='ltr'><strong>γὰρ</strong></span> <span class='ocrx_word' id='word_1_597' title='bbox 3201 3859 3375 3921; x_wconf 75' lang='grc' dir='ltr'>οὕτως</span> <span class='ocrx_word' id='word_1_598' title='bbox 3399 3874 3414 3889; x_wconf 89' lang='grc'><strong>·</strong></span> <span class='ocrx_word' id='word_1_599' title='bbox 3457 3858 3683 3928; x_wconf 84' lang='grc' dir='ltr'>’Λχὼρι-</span> 
     </span>
    </p>
   </div>
   <div class='ocr_carea' id='block_1_83' title="bbox 2108 3950 3682 4022">
    <p class='ocr_par' dir='ltr' id='par_1_83' title="bbox 2108 3950 3682 4022">
     <span class='ocr_line' id='line_1_83' title="bbox 2108 3950 3682 4022; baseline -0.006 -13"><span class='ocrx_word' id='word_1_600' title='bbox 2108 3972 2233 4009; x_wconf 84' lang='grc' dir='ltr'>στον</span> <span class='ocrx_word' id='word_1_601' title='bbox 2263 3954 2359 4007; x_wconf 84' lang='grc' dir='ltr'>τοῦ</span> <span class='ocrx_word' id='word_1_602' title='bbox 2386 3952 2715 4022; x_wconf 80' lang='grc' dir='ltr'>φαινομένου</span> <span class='ocrx_word' id='word_1_603' title='bbox 2746 3952 2881 4014; x_wconf 77' lang='grc' dir='ltr'>Θεός</span> <span class='ocrx_word' id='word_1_604' title='bbox 2903 3966 2917 3981; x_wconf 80' lang='grc'><strong><em>⁸</em></strong></span> <span class='ocrx_word' id='word_1_605' title='bbox 2961 3952 3051 4006; x_wconf 83' lang='grc' dir='ltr'><strong>διὰ</strong></span> <span class='ocrx_word' id='word_1_606' title='bbox 3080 3951 3238 4004; x_wconf 77' lang='grc' dir='ltr'>τοῦτο</span> <span class='ocrx_word' id='word_1_607' title='bbox 3266 3951 3362 4003; x_wconf 86' lang='grc' dir='ltr'>τοῦ</span> <span class='ocrx_word' id='word_1_608' title='bbox 3398 3950 3479 4021; x_wconf 76' lang='grc' dir='ltr'>μὴ</span> <span class='ocrx_word' id='word_1_609' title='bbox 3523 3965 3682 4020; x_wconf 84' lang='grc' dir='ltr'>χωρι-</span> 
     </span>
    </p>
   </div>
   <div class='ocr_carea' id='block_1_84' title="bbox 2108 4042 3680 4117">
    <p class='ocr_par' dir='ltr' id='par_1_84' title="bbox 2108 4042 3680 4117">
     <span class='ocr_line' id='line_1_84' title="bbox 2108 4042 3680 4117; baseline -0.005 -16"><span class='ocrx_word' id='word_1_610' title='bbox 2108 4048 2334 4117; x_wconf 75' lang='grc' dir='ltr'>ζομένου</span> <span class='ocrx_word' id='word_1_611' title='bbox 2365 4045 2463 4115; x_wconf 81' lang='grc' dir='ltr'>τὴν</span> <span class='ocrx_word' id='word_1_612' title='bbox 2503 4044 2668 4115; x_wconf 78' lang='grc' dir='ltr'>τιμὴν</span> <span class='ocrx_word' id='word_1_613' title='bbox 2695 4045 2756 4097; x_wconf 77' lang='grc' dir='ltr'><strong>οὐ</strong></span> <span class='ocrx_word' id='word_1_614' title='bbox 2802 4045 3039 4115; x_wconf 79' lang='grc' dir='ltr'><strong>χωρίζω.</strong></span> <span class='ocrx_word' id='word_1_615' title='bbox 3074 4045 3308 4115; x_wconf 77' lang='grc' dir='ltr'>Χωρίζω</span> <span class='ocrx_word' id='word_1_616' title='bbox 3344 4043 3445 4107; x_wconf 74' lang='grc' dir='ltr'><strong>τὰς</strong></span> <span class='ocrx_word' id='word_1_617' title='bbox 3477 4042 3680 4114; x_wconf 80' lang='grc' dir='ltr'>φύσεις,</span> 
     </span>
    </p>
   </div>
   <div class='ocr_carea' id='block_1_85' title="bbox 2108 4136 3685 4209">
    <p class='ocr_par' dir='ltr' id='par_1_85' title="bbox 2108 4136 3685 4209">
     <span class='ocr_line' id='line_1_85' title="bbox 2108 4136 3685 4209; baseline -0.003 -16"><span class='ocrx_word' id='word_1_618' title='bbox 2108 4142 2223 4207; x_wconf 79' lang='grc' dir='ltr'>ἀλλ’</span> <span class='ocrx_word' id='word_1_619' title='bbox 2253 4140 2356 4193; x_wconf 78' lang='grc' dir='ltr'>ὲνῶ</span> <span class='ocrx_word' id='word_1_620' title='bbox 2388 4139 2484 4208; x_wconf 73' lang='grc' dir='ltr'>τὴν</span> <span class='ocrx_word' id='word_1_621' title='bbox 2511 4138 2897 4208; x_wconf 78' lang='grc' dir='ltr'>προσκύνησιν.</span> <span class='ocrx_word' id='word_1_622' title='bbox 2924 4140 2987 4191; x_wconf 83' lang='lat' dir='ltr'><strong>Ol</strong></span> <span class='ocrx_word' id='word_1_623' title='bbox 3012 4140 3069 4191; x_wconf 82' lang='grc' dir='ltr'><strong>δέ</strong></span> <span class='ocrx_word' id='word_1_624' title='bbox 3093 4155 3154 4206; x_wconf 89' lang='grc' dir='ltr'>γε</span> <span class='ocrx_word' id='word_1_625' title='bbox 3188 4139 3327 4192; x_wconf 69' lang='grc' dir='ltr'>κατὰ</span> <span class='ocrx_word' id='word_1_626' title='bbox 3356 4137 3460 4209; x_wconf 76' lang='grc' dir='ltr'>τὴν</span> <span class='ocrx_word' id='word_1_627' title='bbox 3498 4136 3685 4190; x_wconf 79' lang='grc' dir='ltr'>Ἀντιό-</span> 
     </span>
    </p>
   </div>
   <div class='ocr_carea' id='block_1_86' title="bbox 2107 4225 3685 4302">
    <p class='ocr_par' dir='ltr' id='par_1_86' title="bbox 2107 4225 3685 4302">
     <span class='ocr_line' id='line_1_86' title="bbox 2107 4225 3685 4302; baseline -0.003 -19"><span class='ocrx_word' id='word_1_628' title='bbox 2107 4249 2262 4302; x_wconf 85' lang='grc' dir='ltr'>χειαν</span> <span class='ocrx_word' id='word_1_629' title='bbox 2308 4230 2527 4300; x_wconf 80' lang='grc' dir='ltr'>ἀδελφοὶ</span> <span class='ocrx_word' id='word_1_630' title='bbox 2562 4232 2632 4283; x_wconf 79' lang='grc' dir='ltr'><strong>τὰ</strong></span> <span class='ocrx_word' id='word_1_631' title='bbox 2663 4232 2761 4301; x_wconf 82' lang='grc' dir='ltr'>μὲν</span> <span class='ocrx_word' id='word_1_632' title='bbox 2790 4232 2852 4295; x_wconf 77' lang='grc' dir='ltr'><strong>ἐξ</strong></span> <span class='ocrx_word' id='word_1_633' title='bbox 2894 4225 2970 4284; x_wconf 83' lang='grc' dir='ltr'>ὧν</span> <span class='ocrx_word' id='word_1_634' title='bbox 3008 4232 3212 4284; x_wconf 79' lang='grc' dir='ltr'>νοεῖται</span> <span class='ocrx_word' id='word_1_635' title='bbox 3252 4231 3510 4299; x_wconf 76' lang='grc' dir='ltr'>Χριστὸς,</span> <span class='ocrx_word' id='word_1_636' title='bbox 3541 4231 3685 4291; x_wconf 74' lang='grc' dir='ltr'>ὡςὲν</span> 
     </span>
    </p>
   </div>
   <div class='ocr_carea' id='block_1_87' title="bbox 2108 4323 3687 4395">
    <p class='ocr_par' dir='ltr' id='par_1_87' title="bbox 2108 4323 3687 4395">
     <span class='ocr_line' id='line_1_87' title="bbox 2108 4323 3687 4395; baseline -0.003 -16"><span class='ocrx_word' id='word_1_637' title='bbox 2108 4327 2289 4395; x_wconf 77' lang='grc' dir='ltr'>ψιλαῖς</span> <span class='ocrx_word' id='word_1_638' title='bbox 2343 4328 2437 4380; x_wconf 74' lang='grc' dir='ltr'><strong>καὶ</strong></span> <span class='ocrx_word' id='word_1_639' title='bbox 2477 4327 2666 4395; x_wconf 78' lang='grc' dir='ltr'>μόναις</span> <span class='ocrx_word' id='word_1_640' title='bbox 2715 4326 2950 4388; x_wconf 75' lang='grc' dir='ltr'>ἐννοίαις</span> <span class='ocrx_word' id='word_1_641' title='bbox 2993 4325 3296 4395; x_wconf 81' lang='grc' dir='ltr'>δεχόμενοι,</span> <span class='ocrx_word' id='word_1_642' title='bbox 3342 4323 3563 4393; x_wconf 82' lang='grc' dir='ltr'>φύσεων</span> <span class='ocrx_word' id='word_1_643' title='bbox 3596 4324 3687 4393; x_wconf 78' lang='grc' dir='ltr'>μὲν</span> 
     </span>
    </p>
   </div>
   <div class='ocr_carea' id='block_1_88' title="bbox 2109 4415 3685 4489">
    <p class='ocr_par' dir='ltr' id='par_1_88' title="bbox 2109 4415 3685 4489">
     <span class='ocr_line' id='line_1_88' title="bbox 2109 4415 3685 4489; baseline -0.001 -19"><span class='ocrx_word' id='word_1_644' title='bbox 2109 4422 2365 4489; x_wconf 81' lang='grc' dir='ltr'>εἰρήκασι</span> <span class='ocrx_word' id='word_1_645' title='bbox 2393 4419 2674 4489; x_wconf 82' lang='grc' dir='ltr'>διαφορὰν,</span> <span class='ocrx_word' id='word_1_646' title='bbox 2701 4419 2783 4470; x_wconf 84' lang='grc' dir='ltr'>ὅτι</span> <span class='ocrx_word' id='word_1_647' title='bbox 2820 4418 2896 4488; x_wconf 79' lang='grc' dir='ltr'>μὴ</span> <span class='ocrx_word' id='word_1_648' title='bbox 2917 4420 3113 4471; x_wconf 83' lang='grc' dir='ltr'>ταυτὸν</span> <span class='ocrx_word' id='word_1_649' title='bbox 3132 4419 3193 4470; x_wconf 77' lang='grc' dir='ltr'>ὲν</span> <span class='ocrx_word' id='word_1_650' title='bbox 3217 4415 3464 4483; x_wconf 78' lang='grc' dir='ltr'>ποιότητι</span> <span class='ocrx_word' id='word_1_651' title='bbox 3495 4418 3685 4487; x_wconf 76' lang='grc' dir='ltr'>φυσικῇ</span> 
     </span>
    </p>
   </div>
   <div class='ocr_carea' id='block_1_89' title="bbox 2112 4507 3687 4579">
    <p class='ocr_par' dir='ltr' id='par_1_89' title="bbox 2112 4507 3687 4579">
     <span class='ocr_line' id='line_1_89' title="bbox 2112 4507 3687 4579; baseline -0.002 -18"><span class='ocrx_word' id='word_1_652' title='bbox 2112 4510 2302 4578; x_wconf 84' lang='grc' dir='ltr'>θεότης</span> <span class='ocrx_word' id='word_1_653' title='bbox 2336 4526 2397 4561; x_wconf 88' lang='grc' dir='ltr'><strong>τε</strong></span> <span class='ocrx_word' id='word_1_654' title='bbox 2448 4513 2544 4561; x_wconf 76' lang='grc' dir='ltr'><strong>καὶ</strong></span> <span class='ocrx_word' id='word_1_655' title='bbox 2591 4508 2974 4579; x_wconf 82' lang='grc' dir='ltr'>ἁνθρωπότης,</span> <span class='ocrx_word' id='word_1_656' title='bbox 3010 4508 3107 4561; x_wconf 74' lang='grc' dir='ltr'>ἕνα</span> <span class='ocrx_word' id='word_1_657' title='bbox 3141 4525 3206 4577; x_wconf 91' lang='grc' dir='ltr'>γε</span> <span class='ocrx_word' id='word_1_658' title='bbox 3243 4508 3352 4578; x_wconf 76' lang='grc' dir='ltr'>μὴν</span> <span class='ocrx_word' id='word_1_659' title='bbox 3403 4507 3557 4573; x_wconf 80' lang='grc' dir='ltr'>Υῖδν,</span> <span class='ocrx_word' id='word_1_660' title='bbox 3604 4508 3687 4559; x_wconf 75' lang='grc' dir='ltr'><strong>καὶ</strong></span> 
     </span>
    </p>
   </div>
   <div class='ocr_carea' id='block_1_90' title="bbox 424 4599 1995 4677">
    <p class='ocr_par' dir='ltr' id='par_1_90' title="bbox 424 4602 1995 4677">
     <span class='ocr_line' id='line_1_90' title="bbox 424 4602 1995 4677; baseline 0.003 -20"><span class='ocrx_word' id='word_1_661' title='bbox 424 4613 480 4657; x_wconf 89' lang='lat' dir='ltr'><strong>et</strong></span> <span class='ocrx_word' id='word_1_662' title='bbox 500 4602 803 4668; x_wconf 88' lang='lat' dir='ltr'><strong>Dominum,</strong></span> <span class='ocrx_word' id='word_1_663' title='bbox 833 4615 887 4659; x_wconf 90' lang='lat' dir='ltr'><strong>et</strong></span> <span class='ocrx_word' id='word_1_664' title='bbox 919 4619 1080 4657; x_wconf 89' lang='lat' dir='ltr'><strong>unam</strong></span> <span class='ocrx_word' id='word_1_665' title='bbox 1113 4604 1281 4673; x_wconf 88' lang='lat' dir='ltr'><strong>ipsius</strong></span> <span class='ocrx_word' id='word_1_666' title='bbox 1302 4605 1463 4659; x_wconf 89' lang='lat' dir='ltr'><strong>unius</strong></span> <span class='ocrx_word' id='word_1_667' title='bbox 1488 4607 1800 4661; x_wconf 80' lang='lat' dir='ltr'><strong>exsistentis</strong></span> <span class='ocrx_word' id='word_1_668' title='bbox 1823 4623 1995 4677; x_wconf 84' lang='lat' dir='ltr'><strong>perso-</strong></span> 
     </span>
    </p>
   </div>
   <div class='ocr_carea' id='block_1_91' title="bbox 2102 4599 3684 4677">
    <p class='ocr_par' dir='ltr' id='par_1_91' title="bbox 2114 4600 3684 4673">
     <span class='ocr_line' id='line_1_91' title="bbox 2114 4600 3684 4673; baseline -0.002 -19"><span class='ocrx_word' id='word_1_669' title='bbox 2114 4603 2372 4672; x_wconf 84' lang='grc' dir='ltr'>Χριστὸν,</span> <span class='ocrx_word' id='word_1_670' title='bbox 2413 4602 2508 4654; x_wconf 77' lang='grc' dir='ltr'><strong>καὶ</strong></span> <span class='ocrx_word' id='word_1_671' title='bbox 2539 4600 2762 4673; x_wconf 75' lang='grc' dir='ltr'>Κύριον,</span> <span class='ocrx_word' id='word_1_672' title='bbox 2791 4603 2887 4655; x_wconf 78' lang='grc' dir='ltr'><strong>καὶ</strong></span> <span class='ocrx_word' id='word_1_673' title='bbox 2926 4600 3003 4664; x_wconf 80' lang='grc' dir='ltr'>ὼς</span> <span class='ocrx_word' id='word_1_674' title='bbox 3029 4600 3147 4664; x_wconf 75' lang='grc' dir='ltr'>ἑνὸς</span> <span class='ocrx_word' id='word_1_675' title='bbox 3184 4600 3339 4664; x_wconf 69' lang='grc' dir='ltr'>ὄντος</span> <span class='ocrx_word' id='word_1_676' title='bbox 3367 4600 3609 4671; x_wconf 78' lang='grc' dir='ltr'>ἀληθῶς,</span> <span class='ocrx_word' id='word_1_677' title='bbox 3634 4600 3684 4653; x_wconf 70' lang='grc' dir='ltr'>ἓν</span> 
     </span>
    </p>
   </div>
   <div class='ocr_carea' id='block_1_92' title="bbox 423 4697 2005 4769">
    <p class='ocr_par' dir='ltr' id='par_1_92' title="bbox 423 4697 2005 4769">
     <span class='ocr_line' id='line_1_92' title="bbox 423 4697 2005 4769; baseline 0.004 -18"><span class='ocrx_word' id='word_1_678' title='bbox 423 4712 549 4751; x_wconf 86' lang='lat' dir='ltr'><strong>nam</strong></span> <span class='ocrx_word' id='word_1_679' title='bbox 578 4706 851 4761; x_wconf 87' lang='lat' dir='ltr'><strong>asserunt,</strong></span> <span class='ocrx_word' id='word_1_680' title='bbox 888 4705 943 4752; x_wconf 86' lang='lat' dir='ltr'><strong>et</strong></span> <span class='ocrx_word' id='word_1_681' title='bbox 969 4697 1109 4752; x_wconf 85' lang='lat' dir='ltr'><strong>nulla</strong></span> <span class='ocrx_word' id='word_1_682' title='bbox 1165 4700 1374 4752; x_wconf 83' lang='lat' dir='ltr'><strong>ratione</strong></span> <span class='ocrx_word' id='word_1_683' title='bbox 1411 4699 1681 4765; x_wconf 85' lang='lat' dir='ltr'><strong>dividunt,</strong></span> <span class='ocrx_word' id='word_1_684' title='bbox 1723 4715 1843 4769; x_wconf 72' lang='lat' dir='ltr'><strong>quae</strong></span> <span class='ocrx_word' id='word_1_685' title='bbox 1876 4712 2005 4757; x_wconf 87' lang='lat' dir='ltr'><strong>sunt</strong></span> 
     </span>
    </p>
   </div>
   <div class='ocr_carea' id='block_1_93' title="bbox 424 4789 2004 4858">
    <p class='ocr_par' dir='ltr' id='par_1_93' title="bbox 424 4789 2004 4858">
     <span class='ocr_line' id='line_1_93' title="bbox 424 4789 2004 4858; baseline 0.004 -16"><span class='ocrx_word' id='word_1_686' title='bbox 424 4789 736 4858; x_wconf 85' lang='lat' dir='ltr'><strong>conjuncta,</strong></span> <span class='ocrx_word' id='word_1_687' title='bbox 771 4803 944 4855; x_wconf 85' lang='lat' dir='ltr'><strong>neque</strong></span> <span class='ocrx_word' id='word_1_688' title='bbox 990 4790 1292 4844; x_wconf 79' lang='lat' dir='ltr'><strong>naturalem</strong></span> <span class='ocrx_word' id='word_1_689' title='bbox 1338 4791 1631 4846; x_wconf 88' lang='lat' dir='ltr'><strong>admittunt</strong></span> <span class='ocrx_word' id='word_1_690' title='bbox 1659 4792 2004 4858; x_wconf 80' lang='lat' dir='ltr'><strong>divisionem,</strong></span> 
     </span>
    </p>
   </div>
   <div class='ocr_carea' id='block_1_94' title="bbox 424 4879 2006 4949">
    <p class='ocr_par' dir='ltr' id='par_1_94' title="bbox 424 4879 2006 4949">
     <span class='ocr_line' id='line_1_94' title="bbox 424 4879 2006 4949; baseline 0.001 -14"><span class='ocrx_word' id='word_1_691' title='bbox 424 4879 875 4949; x_wconf 79' lang='lat' dir='ltr'><strong>quemadmodum</strong></span> <span class='ocrx_word' id='word_1_692' title='bbox 922 4885 1127 4934; x_wconf 80' lang='lat' dir='ltr'><strong>sentire</strong></span> <span class='ocrx_word' id='word_1_693' title='bbox 1182 4880 1467 4935; x_wconf 86' lang='lat' dir='ltr'><strong>videbatur</strong></span> <span class='ocrx_word' id='word_1_694' title='bbox 1514 4881 1616 4936; x_wconf 90' lang='lat' dir='ltr'><strong>iste</strong></span> <span class='ocrx_word' id='word_1_695' title='bbox 1667 4882 2006 4937; x_wconf 87' lang='lat' dir='ltr'><strong>decretorum</strong></span> 
     </span>
    </p>
   </div>
   <div class='ocr_carea' id='block_1_95' title="bbox 425 4970 2010 5035">
    <p class='ocr_par' dir='ltr' id='par_1_95' title="bbox 425 4970 2010 5035">
     <span class='ocr_line' id='line_1_95' title="bbox 425 4970 2010 5035; baseline 0.001 -10"><span class='ocrx_word' id='word_1_696' title='bbox 425 4971 720 5025; x_wconf 74' lang='lat' dir='ltr'><strong>infelicium</strong></span> <span class='ocrx_word' id='word_1_697' title='bbox 750 4970 1121 5035; x_wconf 89' lang='lat' dir='ltr'><strong>introductor;</strong></span> <span class='ocrx_word' id='word_1_698' title='bbox 1154 4970 1246 5024; x_wconf 88' lang='lat' dir='ltr'><strong>sed</strong></span> <span class='ocrx_word' id='word_1_699' title='bbox 1275 4972 1439 5026; x_wconf 84' lang='lat' dir='ltr'><strong>dividi</strong></span> <span class='ocrx_word' id='word_1_700' title='bbox 1480 4972 1626 5027; x_wconf 87' lang='lat' dir='ltr'><strong>solas</strong></span> <span class='ocrx_word' id='word_1_701' title='bbox 1677 4976 2010 5028; x_wconf 86' lang='lat' dir='ltr'><strong>contendunt</strong></span> 
     </span>
    </p>
   </div>
   <div class='ocr_carea' id='block_1_96' title="bbox 423 5059 2031 5133">
    <p class='ocr_par' dir='ltr' id='par_1_96' title="bbox 423 5059 2031 5133">
     <span class='ocr_line' id='line_1_96' title="bbox 423 5059 2031 5133; baseline 0.001 -16"><span class='ocrx_word' id='word_1_702' title='bbox 423 5078 605 5125; x_wconf 86' lang='lat' dir='ltr'><strong>voces,</strong></span> <span class='ocrx_word' id='word_1_703' title='bbox 636 5076 756 5131; x_wconf 66' lang='lat' dir='ltr'><strong>quae</strong></span> <span class='ocrx_word' id='word_1_704' title='bbox 776 5061 843 5115; x_wconf 85' lang='lat' dir='ltr'><strong>de</strong></span> <span class='ocrx_word' id='word_1_705' title='bbox 867 5059 1093 5115; x_wconf 90' lang='lat' dir='ltr'><strong>Domino</strong></span> <span class='ocrx_word' id='word_1_706' title='bbox 1121 5061 1279 5115; x_wconf 67' lang='lat' dir='ltr'><strong>dit-tte</strong></span> <span class='ocrx_word' id='word_1_707' title='bbox 1308 5070 1455 5126; x_wconf 86' lang='lat' dir='ltr'><strong>sunt,</strong></span> <span class='ocrx_word' id='word_1_708' title='bbox 1483 5078 1689 5133; x_wconf 89' lang='lat' dir='ltr'><strong>easque</strong></span> <span class='ocrx_word' id='word_1_709' title='bbox 1718 5065 2031 5119; x_wconf 76' lang='lat' dir='ltr'><strong>convenire</strong></span> 
     </span>
    </p>
   </div>
   <div class='ocr_carea' id='block_1_97' title="bbox 425 5154 2011 5226">
    <p class='ocr_par' dir='ltr' id='par_1_97' title="bbox 425 5154 2011 5226">
     <span class='ocr_line' id='line_1_97' title="bbox 425 5154 2011 5226; baseline 0.001 -18"><span class='ocrx_word' id='word_1_710' title='bbox 425 5159 633 5218; x_wconf 85' lang='lat' dir='ltr'><strong>dicunt,</strong></span> <span class='ocrx_word' id='word_1_711' title='bbox 669 5170 773 5208; x_wconf 91' lang='lat' dir='ltr'><strong>non</strong></span> <span class='ocrx_word' id='word_1_712' title='bbox 801 5155 992 5224; x_wconf 82' lang='lat' dir='ltr'><strong>partim</strong></span> <span class='ocrx_word' id='word_1_713' title='bbox 1020 5155 1240 5222; x_wconf 82' lang='lat' dir='ltr'><strong>quidem</strong></span> <span class='ocrx_word' id='word_1_714' title='bbox 1266 5154 1420 5219; x_wconf 86' lang='lat' dir='ltr'><strong>Filio,</strong></span> <span class='ocrx_word' id='word_1_715' title='bbox 1450 5156 1542 5224; x_wconf 91' lang='lat' dir='ltr'><strong>qui</strong></span> <span class='ocrx_word' id='word_1_716' title='bbox 1573 5159 1862 5226; x_wconf 83' lang='lat' dir='ltr'><strong>separatim</strong></span> <span class='ocrx_word' id='word_1_717' title='bbox 1881 5172 2011 5212; x_wconf 90' lang='lat' dir='ltr'><strong>cou-</strong></span> 
     </span>
    </p>
   </div>
   <div class='ocr_carea' id='block_1_98' title="bbox 425 5244 2009 5316">
    <p class='ocr_par' dir='ltr' id='par_1_98' title="bbox 425 5244 2009 5316">
     <span class='ocr_line' id='line_1_98' title="bbox 425 5244 2009 5316; baseline -0.002 -12"><span class='ocrx_word' id='word_1_718' title='bbox 425 5250 699 5304; x_wconf 63' lang='lat' dir='ltr'><strong>sitleretur</strong></span> <span class='ocrx_word' id='word_1_719' title='bbox 725 5245 958 5302; x_wconf 83' lang='lat' dir='ltr'><strong>Verbum</strong></span> <span class='ocrx_word' id='word_1_720' title='bbox 1007 5244 1126 5309; x_wconf 91' lang='lat' dir='ltr'><strong>Dei,</strong></span> <span class='ocrx_word' id='word_1_721' title='bbox 1178 5246 1371 5316; x_wconf 89' lang='lat' dir='ltr'><strong>partim</strong></span> <span class='ocrx_word' id='word_1_722' title='bbox 1402 5262 1617 5301; x_wconf 82' lang='lat' dir='ltr'><strong>rursum</strong></span> <span class='ocrx_word' id='word_1_723' title='bbox 1670 5248 1821 5302; x_wconf 82' lang='lat' dir='ltr'><strong>alteri</strong></span> <span class='ocrx_word' id='word_1_724' title='bbox 1852 5247 2009 5311; x_wconf 77' lang='lat' dir='ltr'><strong>Filio,</strong></span> 
     </span>
    </p>
   </div>
   <div class='ocr_carea' id='block_1_99' title="bbox 426 5335 2011 5414">
    <p class='ocr_par' dir='ltr' id='par_1_99' title="bbox 426 5335 2011 5414">
     <span class='ocr_line' id='line_1_99' title="bbox 426 5335 2011 5414; baseline 0.001 -19"><span class='ocrx_word' id='word_1_725' title='bbox 426 5345 515 5414; x_wconf 89' lang='lat' dir='ltr'><strong>qui</strong></span> <span class='ocrx_word' id='word_1_726' title='bbox 548 5359 613 5398; x_wconf 76' lang='lat' dir='ltr'><strong>ex</strong></span> <span class='ocrx_word' id='word_1_727' title='bbox 656 5342 882 5397; x_wconf 87' lang='lat' dir='ltr'><strong>muliere</strong></span> <span class='ocrx_word' id='word_1_728' title='bbox 928 5354 1085 5395; x_wconf 91' lang='lat' dir='ltr'><strong>natus</strong></span> <span class='ocrx_word' id='word_1_729' title='bbox 1120 5342 1232 5404; x_wconf 88' lang='lat' dir='ltr'><strong>sit;</strong></span> <span class='ocrx_word' id='word_1_730' title='bbox 1263 5335 1357 5395; x_wconf 82' lang='lat' dir='ltr'><strong>sed</strong></span> <span class='ocrx_word' id='word_1_731' title='bbox 1410 5341 1549 5395; x_wconf 86' lang='lat' dir='ltr'><strong>alias</strong></span> <span class='ocrx_word' id='word_1_732' title='bbox 1593 5340 1810 5410; x_wconf 86' lang='lat' dir='ltr'><strong>quidem</strong></span> <span class='ocrx_word' id='word_1_733' title='bbox 1844 5340 2011 5408; x_wconf 76' lang='lat' dir='ltr'><strong>ipsius</strong></span> 
     </span>
    </p>
   </div>
   <div class='ocr_carea' id='block_1_100' title="bbox 432 5429 2012 5500">
    <p class='ocr_par' dir='ltr' id='par_1_100' title="bbox 432 5429 2012 5500">
     <span class='ocr_line' id='line_1_100' title="bbox 432 5429 2012 5500; baseline -0.004 -8"><span class='ocrx_word' id='word_1_734' title='bbox 432 5434 723 5495; x_wconf 84' lang='lat' dir='ltr'><strong>divinitati.</strong></span> <span class='ocrx_word' id='word_1_735' title='bbox 755 5435 887 5488; x_wconf 80' lang='lat' dir='ltr'><strong>alias</strong></span> <span class='ocrx_word' id='word_1_736' title='bbox 918 5447 1133 5486; x_wconf 88' lang='lat' dir='ltr'><strong>rursum</strong></span> <span class='ocrx_word' id='word_1_737' title='bbox 1174 5431 1416 5500; x_wconf 67' lang='lat' dir='ltr'><strong>ejusdem</strong></span> <span class='ocrx_word' id='word_1_738' title='bbox 1452 5429 1801 5486; x_wconf 83' lang='lat' dir='ltr'><strong>humanitati.</strong></span> <span class='ocrx_word' id='word_1_739' title='bbox 1847 5432 2012 5486; x_wconf 84' lang='lat' dir='ltr'><strong>Eum-</strong></span> 
     </span>
    </p>
   </div>
   <div class='ocr_carea' id='block_1_101' title="bbox 429 5524 2009 5591">
    <p class='ocr_par' dir='ltr' id='par_1_101' title="bbox 429 5524 2009 5591">
     <span class='ocr_line' id='line_1_101' title="bbox 429 5524 2009 5591; baseline -0.004 -6"><span class='ocrx_word' id='word_1_740' title='bbox 429 5534 550 5586; x_wconf 74' lang='lat' dir='ltr'><strong>dem</strong></span> <span class='ocrx_word' id='word_1_741' title='bbox 580 5528 725 5584; x_wconf 83' lang='lat' dir='ltr'><strong>enim</strong></span> <span class='ocrx_word' id='word_1_742' title='bbox 760 5540 883 5582; x_wconf 85' lang='lat' dir='ltr'><strong>esse</strong></span> <span class='ocrx_word' id='word_1_743' title='bbox 913 5525 1080 5580; x_wconf 90' lang='lat' dir='ltr'><strong>Deum</strong></span> <span class='ocrx_word' id='word_1_744' title='bbox 1111 5532 1274 5591; x_wconf 83' lang='lat' dir='ltr'><strong>atque</strong></span> <span class='ocrx_word' id='word_1_745' title='bbox 1309 5524 1602 5578; x_wconf 90' lang='lat' dir='ltr'><strong>hominem.</strong></span> <span class='ocrx_word' id='word_1_746' title='bbox 1649 5525 1800 5578; x_wconf 86' lang='lat' dir='ltr'><strong>Alias</strong></span> <span class='ocrx_word' id='word_1_747' title='bbox 1830 5535 2009 5578; x_wconf 88' lang='lat' dir='ltr'><strong>autem</strong></span> 
     </span>
    </p>
   </div>
   <div class='ocr_carea' id='block_1_102' title="bbox 428 5616 2012 5687">
    <p class='ocr_par' dir='ltr' id='par_1_102' title="bbox 428 5616 2012 5687">
     <span class='ocr_line' id='line_1_102' title="bbox 428 5616 2012 5687; baseline -0.006 -8"><span class='ocrx_word' id='word_1_748' title='bbox 428 5626 616 5679; x_wconf 64' lang='lat' dir='ltr'><strong>diruttt</strong></span> <span class='ocrx_word' id='word_1_749' title='bbox 641 5635 763 5678; x_wconf 86' lang='lat' dir='ltr'><strong>esse</strong></span> <span class='ocrx_word' id='word_1_750' title='bbox 796 5633 1112 5676; x_wconf 84' lang='lat' dir='ltr'><strong>communes</strong></span> <span class='ocrx_word' id='word_1_751' title='bbox 1146 5619 1565 5687; x_wconf 84' lang='lat' dir='ltr'><strong>quodammodo,</strong></span> <span class='ocrx_word' id='word_1_752' title='bbox 1614 5628 1665 5671; x_wconf 93' lang='lat' dir='ltr'><strong>et</strong></span> <span class='ocrx_word' id='word_1_753' title='bbox 1720 5616 2012 5671; x_wconf 69' lang='lat' dir='ltr'><strong>aii-divini-</strong></span> 
     </span>
    </p>
   </div>
   <div class='ocr_carea' id='block_1_103' title="bbox 432 5709 2012 5782">
    <p class='ocr_par' dir='ltr' id='par_1_103' title="bbox 432 5709 2012 5782">
     <span class='ocr_line' id='line_1_103' title="bbox 432 5709 2012 5782; baseline -0.003 -12"><span class='ocrx_word' id='word_1_754' title='bbox 432 5726 597 5771; x_wconf 87' lang='lat' dir='ltr'><strong>tatem</strong></span> <span class='ocrx_word' id='word_1_755' title='bbox 625 5725 788 5782; x_wconf 89' lang='lat' dir='ltr'><strong>atque</strong></span> <span class='ocrx_word' id='word_1_756' title='bbox 838 5712 1233 5768; x_wconf 85' lang='lat' dir='ltr'><strong>humanitatem</strong></span> <span class='ocrx_word' id='word_1_757' title='bbox 1281 5710 1662 5782; x_wconf 85' lang='lat' dir='ltr'><strong>respicientes.</strong></span> <span class='ocrx_word' id='word_1_758' title='bbox 1709 5709 1843 5763; x_wconf 80' lang='lat' dir='ltr'><strong>Nam</strong></span> <span class='ocrx_word' id='word_1_759' title='bbox 1893 5710 2012 5765; x_wconf 71' lang='lat' dir='ltr'><strong>alia:</strong></span> 
     </span>
    </p>
   </div>
   <div class='ocr_carea' id='block_1_104' title="bbox 428 5798 2017 5879">
    <p class='ocr_par' dir='ltr' id='par_1_104' title="bbox 428 5798 2017 5879">
     <span class='ocr_line' id='line_1_104' title="bbox 428 5798 2017 5879; baseline -0.005 -19"><span class='ocrx_word' id='word_1_760' title='bbox 428 5806 647 5879; x_wconf 82' lang='lat' dir='ltr'><strong>quidem</strong></span> <span class='ocrx_word' id='word_1_761' title='bbox 687 5818 848 5859; x_wconf 79' lang='lat' dir='ltr'><strong>Voces</strong></span> <span class='ocrx_word' id='word_1_762' title='bbox 876 5803 1111 5858; x_wconf 76' lang='lat' dir='ltr'><strong>maxime</strong></span> <span class='ocrx_word' id='word_1_763' title='bbox 1150 5799 1259 5856; x_wconf 86' lang='lat' dir='ltr'><strong>Deo</strong></span> <span class='ocrx_word' id='word_1_764' title='bbox 1309 5806 1691 5871; x_wconf 78' lang='lat' dir='ltr'><strong>congruentes,</strong></span> <span class='ocrx_word' id='word_1_765' title='bbox 1735 5798 1850 5854; x_wconf 75' lang='lat' dir='ltr'><strong>alia:</strong></span> <span class='ocrx_word' id='word_1_766' title='bbox 1885 5814 2017 5854; x_wconf 69' lang='lat' dir='ltr'><strong>cono</strong></span> 
     </span>
    </p>
   </div>
   <div class='ocr_carea' id='block_1_105' title="bbox 434 5893 2010 5965">
    <p class='ocr_par' dir='ltr' id='par_1_105' title="bbox 434 5893 2010 5965">
     <span class='ocr_line' id='line_1_105' title="bbox 434 5893 2010 5965; baseline -0.008 -7"><span class='ocrx_word' id='word_1_767' title='bbox 434 5914 518 5958; x_wconf 88' lang='lat' dir='ltr'><strong>tra</strong></span> <span class='ocrx_word' id='word_1_768' title='bbox 553 5896 782 5963; x_wconf 87' lang='lat' dir='ltr'><strong>homini,</strong></span> <span class='ocrx_word' id='word_1_769' title='bbox 824 5896 943 5952; x_wconf 68' lang='lat' dir='ltr'><strong>alia:</strong></span> <span class='ocrx_word' id='word_1_770' title='bbox 971 5895 1153 5951; x_wconf 86' lang='lat' dir='ltr'><strong>medio</strong></span> <span class='ocrx_word' id='word_1_771' title='bbox 1188 5893 1418 5965; x_wconf 83' lang='lat' dir='ltr'><strong>quodam</strong></span> <span class='ocrx_word' id='word_1_772' title='bbox 1468 5909 1528 5950; x_wconf 89' lang='lat' dir='ltr'><strong>se</strong></span> <span class='ocrx_word' id='word_1_773' title='bbox 1582 5895 1781 5950; x_wconf 67' lang='lat' dir='ltr'><strong>habent</strong></span> <span class='ocrx_word' id='word_1_774' title='bbox 1830 5894 2010 5956; x_wconf 86' lang='lat' dir='ltr'><strong>modo,</strong></span> 
     </span>
    </p>
   </div>
   <div class='ocr_carea' id='block_1_106' title="bbox 2111 4689 3687 4764">
    <p class='ocr_par' dir='ltr' id='par_1_106' title="bbox 2111 4689 3687 4764">
     <span class='ocr_line' id='line_1_106' title="bbox 2111 4689 3687 4764; baseline -0.003 -17"><span class='ocrx_word' id='word_1_775' title='bbox 2111 4695 2276 4747; x_wconf 81' lang='grc' dir='ltr'>αὑτοῦ</span> <span class='ocrx_word' id='word_1_776' title='bbox 2311 4697 2403 4748; x_wconf 75' lang='grc' dir='ltr'><strong>καὶ</strong></span> <span class='ocrx_word' id='word_1_777' title='bbox 2436 4694 2727 4763; x_wconf 85' lang='grc' dir='ltr'>πρόσωπον</span> <span class='ocrx_word' id='word_1_778' title='bbox 2774 4689 2915 4747; x_wconf 77' lang='grc' dir='ltr'>εἶναι</span> <span class='ocrx_word' id='word_1_779' title='bbox 2956 4710 3113 4762; x_wconf 84' lang='grc' dir='ltr'>φασι,</span> <span class='ocrx_word' id='word_1_780' title='bbox 3155 4694 3445 4764; x_wconf 79' lang='grc' dir='ltr'>μερίζουσι</span> <span class='ocrx_word' id='word_1_781' title='bbox 3490 4693 3551 4747; x_wconf 75' lang='grc' dir='ltr'><strong>δὲ</strong></span> <span class='ocrx_word' id='word_1_782' title='bbox 3580 4690 3687 4745; x_wconf 82' lang='grc' dir='ltr'>κατ’</span> 
     </span>
    </p>
   </div>
   <div class='ocr_carea' id='block_1_107' title="bbox 2108 4782 3688 4856">
    <p class='ocr_par' dir='ltr' id='par_1_107' title="bbox 2108 4782 3688 4856">
     <span class='ocr_line' id='line_1_107' title="bbox 2108 4782 3688 4856; baseline -0.003 -17"><span class='ocrx_word' id='word_1_783' title='bbox 2108 4787 2297 4839; x_wconf 78' lang='grc' dir='ltr'>οὐδένα</span> <span class='ocrx_word' id='word_1_784' title='bbox 2330 4787 2531 4856; x_wconf 79' lang='grc' dir='ltr'>τρόπον</span> <span class='ocrx_word' id='word_1_785' title='bbox 2556 4787 2627 4837; x_wconf 78' lang='grc' dir='ltr'>τὰ</span> <span class='ocrx_word' id='word_1_786' title='bbox 2650 4785 2925 4856; x_wconf 75' lang='grc' dir='ltr'>ἡνωμένα,</span> <span class='ocrx_word' id='word_1_787' title='bbox 2953 4782 3079 4837; x_wconf 78' lang='grc' dir='ltr'>οὕτε</span> <span class='ocrx_word' id='word_1_788' title='bbox 3121 4784 3230 4854; x_wconf 77' lang='grc' dir='ltr'>μὴν</span> <span class='ocrx_word' id='word_1_789' title='bbox 3252 4785 3496 4855; x_wconf 77' lang='grc' dir='ltr'>φυσικὴν</span> <span class='ocrx_word' id='word_1_790' title='bbox 3525 4798 3688 4854; x_wconf 71' lang='grc' dir='ltr'>παρι-</span> 
     </span>
    </p>
   </div>
   <div class='ocr_carea' id='block_1_108' title="bbox 2109 4874 3690 4949">
    <p class='ocr_par' dir='ltr' id='par_1_108' title="bbox 2109 4874 3690 4949">
     <span class='ocr_line' id='line_1_108' title="bbox 2109 4874 3690 4949; baseline -0.003 -17"><span class='ocrx_word' id='word_1_791' title='bbox 2109 4878 2355 4949; x_wconf 83' lang='grc' dir='ltr'>δέχονται</span> <span class='ocrx_word' id='word_1_792' title='bbox 2387 4880 2487 4949; x_wconf 81' lang='grc' dir='ltr'>τὴν</span> <span class='ocrx_word' id='word_1_793' title='bbox 2532 4878 2821 4948; x_wconf 83' lang='grc' dir='ltr'>διαίρεσιν,</span> <span class='ocrx_word' id='word_1_794' title='bbox 2854 4876 2999 4931; x_wconf 82' lang='grc' dir='ltr'>καθὰ</span> <span class='ocrx_word' id='word_1_795' title='bbox 3046 4878 3264 4946; x_wconf 79' lang='grc' dir='ltr'>φρονεῖν</span> <span class='ocrx_word' id='word_1_796' title='bbox 3308 4875 3456 4943; x_wconf 78' lang='grc' dir='ltr'><strong>ἔδοξε</strong></span> <span class='ocrx_word' id='word_1_797' title='bbox 3486 4875 3566 4946; x_wconf 81' lang='grc' dir='ltr'><strong>τῷ</strong></span> <span class='ocrx_word' id='word_1_798' title='bbox 3592 4874 3690 4928; x_wconf 81' lang='grc' dir='ltr'><strong>τῶν</strong></span> 
     </span>
    </p>
   </div>
   <div class='ocr_carea' id='block_1_109' title="bbox 2111 4964 3688 5041">
    <p class='ocr_par' dir='ltr' id='par_1_109' title="bbox 2111 4964 3688 5041">
     <span class='ocr_line' id='line_1_109' title="bbox 2111 4964 3688 5041; baseline -0.003 -16"><span class='ocrx_word' id='word_1_799' title='bbox 2111 4971 2312 5025; x_wconf 80' lang='grc' dir='ltr'>ἀθλίων</span> <span class='ocrx_word' id='word_1_800' title='bbox 2342 4969 2633 5040; x_wconf 81' lang='grc' dir='ltr'>δογμάτων</span> <span class='ocrx_word' id='word_1_801' title='bbox 2675 4971 2966 5039; x_wconf 80' lang='grc' dir='ltr'>είσηγητῇ.</span> <span class='ocrx_word' id='word_1_802' title='bbox 3001 4966 3307 5041; x_wconf 76' lang='grc' dir='ltr'>Διῃρῆσθαι</span> <span class='ocrx_word' id='word_1_803' title='bbox 3338 4968 3400 5021; x_wconf 84' lang='grc' dir='ltr'><strong>δὲ</strong></span> <span class='ocrx_word' id='word_1_804' title='bbox 3427 4968 3575 5023; x_wconf 81' lang='grc' dir='ltr'>κατὰ</span> <span class='ocrx_word' id='word_1_805' title='bbox 3606 4964 3688 5037; x_wconf 81' lang='grc' dir='ltr'>μό-</span> 
     </span>
    </p>
   </div>
   <div class='ocr_carea' id='block_1_110' title="bbox 2110 5058 3690 5129">
    <p class='ocr_par' dir='ltr' id='par_1_110' title="bbox 2110 5058 3690 5129">
     <span class='ocr_line' id='line_1_110' title="bbox 2110 5058 3690 5129; baseline -0.004 -12"><span class='ocrx_word' id='word_1_806' title='bbox 2110 5080 2206 5127; x_wconf 91' lang='grc' dir='ltr'><strong>νας</strong></span> <span class='ocrx_word' id='word_1_807' title='bbox 2233 5062 2590 5115; x_wconf 83' lang='grc' dir='ltr'>διατείνονται</span> <span class='ocrx_word' id='word_1_808' title='bbox 2630 5061 2731 5121; x_wconf 81' lang='grc' dir='ltr'><strong>τὰς</strong></span> <span class='ocrx_word' id='word_1_809' title='bbox 2772 5060 2867 5112; x_wconf 68' lang='grc' dir='ltr'><strong>ἐπὶ</strong></span> <span class='ocrx_word' id='word_1_810' title='bbox 2899 5059 2977 5129; x_wconf 85' lang='grc' dir='ltr'>τῷ</span> <span class='ocrx_word' id='word_1_811' title='bbox 3004 5058 3200 5129; x_wconf 83' lang='grc' dir='ltr'>Κυρίῳ</span> <span class='ocrx_word' id='word_1_812' title='bbox 3230 5058 3440 5127; x_wconf 76' lang='grc' dir='ltr'>φωνὰς,</span> <span class='ocrx_word' id='word_1_813' title='bbox 3468 5058 3690 5129; x_wconf 72' lang='grc' dir='ltr'>πρέπειν</span> 
     </span>
    </p>
   </div>
   <div class='ocr_carea' id='block_1_111' title="bbox 2110 5147 3689 5222">
    <p class='ocr_par' dir='ltr' id='par_1_111' title="bbox 2110 5147 3689 5222">
     <span class='ocr_line' id='line_1_111' title="bbox 2110 5147 3689 5222; baseline -0.005 -14"><span class='ocrx_word' id='word_1_814' title='bbox 2110 5154 2168 5208; x_wconf 73' lang='grc' dir='ltr'>δέ</span> <span class='ocrx_word' id='word_1_815' title='bbox 2203 5169 2367 5222; x_wconf 83' lang='grc' dir='ltr'>φασιν</span> <span class='ocrx_word' id='word_1_816' title='bbox 2402 5152 2570 5215; x_wconf 79' lang='grc' dir='ltr'>αὑτὰς</span> <span class='ocrx_word' id='word_1_817' title='bbox 2599 5152 2663 5205; x_wconf 83' lang='grc' dir='ltr'><strong>οὐ</strong></span> <span class='ocrx_word' id='word_1_818' title='bbox 2706 5150 2807 5212; x_wconf 80' lang='grc' dir='ltr'><strong>τὰς</strong></span> <span class='ocrx_word' id='word_1_819' title='bbox 2839 5150 2940 5220; x_wconf 77' lang='grc' dir='ltr'>μὲν</span> <span class='ocrx_word' id='word_1_820' title='bbox 2982 5148 3096 5217; x_wconf 86' lang='grc' dir='ltr'><strong>Υἰῷ</strong></span> <span class='ocrx_word' id='word_1_821' title='bbox 3132 5147 3275 5203; x_wconf 81' lang='grc' dir='ltr'>κατὰ</span> <span class='ocrx_word' id='word_1_822' title='bbox 3317 5147 3488 5218; x_wconf 71' lang='grc' dir='ltr'>μόνας</span> <span class='ocrx_word' id='word_1_823' title='bbox 3516 5148 3593 5219; x_wconf 85' lang='grc' dir='ltr'>τῷ</span> <span class='ocrx_word' id='word_1_824' title='bbox 3635 5149 3689 5201; x_wconf 72' lang='grc' dir='ltr'><strong>ἐκ</strong></span> 
     </span>
    </p>
   </div>
   <div class='ocr_carea' id='block_1_112' title="bbox 2112 5239 3687 5315">
    <p class='ocr_par' dir='ltr' id='par_1_112' title="bbox 2112 5239 3687 5315">
     <span class='ocr_line' id='line_1_112' title="bbox 2112 5239 3687 5315; baseline -0.006 -16"><span class='ocrx_word' id='word_1_825' title='bbox 2112 5246 2248 5300; x_wconf 82' lang='grc' dir='ltr'>Θεοῦ</span> <span class='ocrx_word' id='word_1_826' title='bbox 2289 5246 2502 5315; x_wconf 70' lang='grc' dir='ltr'>Πατρός</span> <span class='ocrx_word' id='word_1_827' title='bbox 2532 5245 2712 5313; x_wconf 84' lang='grc' dir='ltr'>Λόγῳ,</span> <span class='ocrx_word' id='word_1_828' title='bbox 2757 5243 2857 5306; x_wconf 81' lang='grc' dir='ltr'>τὰς</span> <span class='ocrx_word' id='word_1_829' title='bbox 2885 5241 2942 5294; x_wconf 73' lang='grc' dir='ltr'><strong>δὲ</strong></span> <span class='ocrx_word' id='word_1_830' title='bbox 2985 5240 3161 5310; x_wconf 78' lang='grc' dir='ltr'>ἑτέρῳ</span> <span class='ocrx_word' id='word_1_831' title='bbox 3189 5240 3354 5294; x_wconf 80' lang='grc' dir='ltr'>πάλιν</span> <span class='ocrx_word' id='word_1_832' title='bbox 3383 5240 3499 5310; x_wconf 80' lang='grc' dir='ltr'><strong>Υίῷ</strong></span> <span class='ocrx_word' id='word_1_833' title='bbox 3522 5239 3602 5309; x_wconf 81' lang='grc' dir='ltr'>τῷ</span> <span class='ocrx_word' id='word_1_834' title='bbox 3633 5241 3687 5306; x_wconf 54' lang='lat' dir='ltr'><strong>ex</strong></span> 
     </span>
    </p>
   </div>
   <div class='ocr_carea' id='block_1_113' title="bbox 2112 5330 3682 5409">
    <p class='ocr_par' dir='ltr' id='par_1_113' title="bbox 2112 5330 3682 5409">
     <span class='ocr_line' id='line_1_113' title="bbox 2112 5330 3682 5409; baseline -0.008 -16"><span class='ocrx_word' id='word_1_835' title='bbox 2112 5340 2391 5409; x_wconf 74' lang='grc' dir='ltr'>γυναικὸς,</span> <span class='ocrx_word' id='word_1_836' title='bbox 2422 5337 2560 5391; x_wconf 77' lang='grc' dir='ltr'>ἀλλὰ</span> <span class='ocrx_word' id='word_1_837' title='bbox 2588 5337 2686 5399; x_wconf 65' lang='grc' dir='ltr'>τᾶς</span> <span class='ocrx_word' id='word_1_838' title='bbox 2719 5336 2818 5405; x_wconf 79' lang='grc' dir='ltr'>μὲν</span> <span class='ocrx_word' id='word_1_839' title='bbox 2846 5337 2913 5405; x_wconf 78' lang='grc' dir='ltr'>τῇ</span> <span class='ocrx_word' id='word_1_840' title='bbox 2948 5333 3166 5402; x_wconf 79' lang='grc' dir='ltr'>θεότητι</span> <span class='ocrx_word' id='word_1_841' title='bbox 3206 5330 3393 5398; x_wconf 81' lang='grc' dir='ltr'>αὐτοῦ,</span> <span class='ocrx_word' id='word_1_842' title='bbox 3423 5332 3525 5391; x_wconf 62' lang='grc' dir='ltr'>τὰς</span> <span class='ocrx_word' id='word_1_843' title='bbox 3552 5330 3682 5399; x_wconf 71' lang='grc' dir='ltr'>δὲτῖι</span> 
     </span>
    </p>
   </div>
   <div class='ocr_carea' id='block_1_114' title="bbox 2113 5420 3684 5497">
    <p class='ocr_par' dir='ltr' id='par_1_114' title="bbox 2113 5420 3684 5497">
     <span class='ocr_line' id='line_1_114' title="bbox 2113 5420 3684 5497; baseline -0.007 -13"><span class='ocrx_word' id='word_1_844' title='bbox 2113 5429 2280 5485; x_wconf 80' lang='grc' dir='ltr'>αὑτοῦ</span> <span class='ocrx_word' id='word_1_845' title='bbox 2337 5430 2500 5483; x_wconf 77' lang='grc' dir='ltr'>πάλιν</span> <span class='ocrx_word' id='word_1_846' title='bbox 2546 5426 2952 5497; x_wconf 79' lang='grc' dir='ltr'>ἁνθρωπότητι.</span> <span class='ocrx_word' id='word_1_847' title='bbox 2986 5425 3122 5487; x_wconf 81' lang='grc' dir='ltr'>Θεὸς</span> <span class='ocrx_word' id='word_1_848' title='bbox 3173 5423 3230 5477; x_wconf 76' lang='grc' dir='ltr'>δέ</span> <span class='ocrx_word' id='word_1_849' title='bbox 3278 5426 3429 5477; x_wconf 73' lang='grc' dir='ltr'>ἐστιν</span> <span class='ocrx_word' id='word_1_850' title='bbox 3461 5426 3491 5475; x_wconf 85' lang='grc' dir='ltr'>ὁ</span> <span class='ocrx_word' id='word_1_851' title='bbox 3538 5420 3684 5480; x_wconf 77' lang='grc' dir='ltr'>αὐτὸς</span> 
     </span>
    </p>
   </div>
   <div class='ocr_carea' id='block_1_115' title="bbox 2115 5516 3679 5593">
    <p class='ocr_par' dir='ltr' id='par_1_115' title="bbox 2115 5516 3679 5593">
     <span class='ocr_line' id='line_1_115' title="bbox 2115 5516 3679 5593; baseline -0.009 -16"><span class='ocrx_word' id='word_1_852' title='bbox 2115 5524 2210 5577; x_wconf 75' lang='grc' dir='ltr'>καὶ</span> <span class='ocrx_word' id='word_1_853' title='bbox 2243 5522 2549 5593; x_wconf 77' lang='grc' dir='ltr'>ἄνθρωπος.</span> <span class='ocrx_word' id='word_1_854' title='bbox 2584 5516 2739 5574; x_wconf 80' lang='grc' dir='ltr'>Εἶναι</span> <span class='ocrx_word' id='word_1_855' title='bbox 2782 5518 2841 5572; x_wconf 77' lang='grc' dir='ltr'>δέ</span> <span class='ocrx_word' id='word_1_856' title='bbox 2882 5533 3015 5586; x_wconf 82' lang='grc' dir='ltr'>φασι</span> <span class='ocrx_word' id='word_1_857' title='bbox 3044 5517 3138 5569; x_wconf 70' lang='grc' dir='ltr'>καὶ</span> <span class='ocrx_word' id='word_1_858' title='bbox 3165 5516 3359 5588; x_wconf 76' lang='grc' dir='ltr'>ἐτέρας</span> <span class='ocrx_word' id='word_1_859' title='bbox 3393 5530 3679 5581; x_wconf 76' lang='grc' dir='ltr'>κθινοποιη-</span> 
     </span>
    </p>
   </div>
   <div class='ocr_carea' id='block_1_116' title="bbox 2117 5605 3673 5683">
    <p class='ocr_par' dir='ltr' id='par_1_116' title="bbox 2117 5605 3673 5683">
     <span class='ocr_line' id='line_1_116' title="bbox 2117 5605 3673 5683; baseline -0.007 -15"><span class='ocrx_word' id='word_1_860' title='bbox 2117 5615 2300 5677; x_wconf 75' lang='grc' dir='ltr'>θείσας</span> <span class='ocrx_word' id='word_1_861' title='bbox 2333 5614 2535 5683; x_wconf 80' lang='grc' dir='ltr'>τρόπον</span> <span class='ocrx_word' id='word_1_862' title='bbox 2578 5616 2719 5671; x_wconf 81' lang='grc' dir='ltr'>τινὰ.</span> <span class='ocrx_word' id='word_1_863' title='bbox 2753 5611 2850 5664; x_wconf 78' lang='grc' dir='ltr'><strong>καὶ</strong></span> <span class='ocrx_word' id='word_1_864' title='bbox 2894 5606 3009 5663; x_wconf 78' lang='grc' dir='ltr'>οἷον</span> <span class='ocrx_word' id='word_1_865' title='bbox 3052 5607 3141 5661; x_wconf 66' lang='grc' dir='ltr'><strong>ἐπ’</strong></span> <span class='ocrx_word' id='word_1_866' title='bbox 3165 5609 3332 5677; x_wconf 77' lang='grc' dir='ltr'>ἄμφω</span> <span class='ocrx_word' id='word_1_867' title='bbox 3372 5605 3673 5677; x_wconf 84' lang='grc' dir='ltr'>βλεπούσας,</span> 
     </span>
    </p>
   </div>
   <div class='ocr_carea' id='block_1_117' title="bbox 2115 5694 3672 5777">
    <p class='ocr_par' dir='ltr' id='par_1_117' title="bbox 2115 5694 3672 5777">
     <span class='ocr_line' id='line_1_117' title="bbox 2115 5694 3672 5777; baseline -0.01 -16"><span class='ocrx_word' id='word_1_868' title='bbox 2115 5707 2345 5777; x_wconf 84' lang='grc' dir='ltr'>θεότητα</span> <span class='ocrx_word' id='word_1_869' title='bbox 2367 5706 2509 5773; x_wconf 80' lang='grc' dir='ltr'>λέγω</span> <span class='ocrx_word' id='word_1_870' title='bbox 2541 5707 2631 5757; x_wconf 70' lang='grc' dir='ltr'>καὶ</span> <span class='ocrx_word' id='word_1_871' title='bbox 2661 5702 3078 5774; x_wconf 79' lang='grc' dir='ltr'>ἁνθρωπότητα.</span> <span class='ocrx_word' id='word_1_872' title='bbox 3110 5694 3239 5755; x_wconf 84' lang='grc' dir='ltr'>Οῐον</span> <span class='ocrx_word' id='word_1_873' title='bbox 3262 5699 3327 5770; x_wconf 77' lang='grc' dir='ltr'><strong>δή</strong></span> <span class='ocrx_word' id='word_1_874' title='bbox 3349 5703 3402 5755; x_wconf 79' lang='grc' dir='ltr'><strong>τί</strong></span> <span class='ocrx_word' id='word_1_875' title='bbox 3431 5711 3597 5768; x_wconf 81' lang='grc' dir='ltr'>φημι·</span> <span class='ocrx_word' id='word_1_876' title='bbox 3622 5694 3672 5747; x_wconf 75' lang='lat' dir='ltr'><strong>si</strong></span> 
     </span>
    </p>
   </div>
   <div class='ocr_carea' id='block_1_118' title="bbox 2119 5786 3670 5868">
    <p class='ocr_par' dir='ltr' id='par_1_118' title="bbox 2119 5786 3670 5868">
     <span class='ocr_line' id='line_1_118' title="bbox 2119 5786 3670 5868; baseline -0.008 -16"><span class='ocrx_word' id='word_1_877' title='bbox 2119 5798 2219 5868; x_wconf 72' lang='grc' dir='ltr'>μὲν</span> <span class='ocrx_word' id='word_1_878' title='bbox 2249 5799 2358 5868; x_wconf 83' lang='grc' dir='ltr'>γάρ</span> <span class='ocrx_word' id='word_1_879' title='bbox 2406 5800 2512 5851; x_wconf 80' lang='grc' dir='ltr'>εισι</span> <span class='ocrx_word' id='word_1_880' title='bbox 2565 5796 2676 5848; x_wconf 82' lang='grc' dir='ltr'>τῶν</span> <span class='ocrx_word' id='word_1_881' title='bbox 2723 5791 2918 5863; x_wconf 77' lang='grc' dir='ltr'>φωνῶν</span> <span class='ocrx_word' id='word_1_882' title='bbox 2957 5792 3039 5844; x_wconf 82' lang='grc' dir='ltr'>ὅτι</span> <span class='ocrx_word' id='word_1_883' title='bbox 3079 5791 3312 5861; x_wconf 68' lang='grc' dir='ltr'>μάλιστα</span> <span class='ocrx_word' id='word_1_884' title='bbox 3347 5786 3670 5858; x_wconf 72' lang='grc' dir='ltr'>Θεαπρεπεῖς.</span> 
     </span>
    </p>
   </div>
   <div class='ocr_carea' id='block_1_119' title="bbox 2116 5876 3666 5957">
    <p class='ocr_par' dir='ltr' id='par_1_119' title="bbox 2116 5876 3666 5957">
     <span class='ocr_line' id='line_1_119' title="bbox 2116 5876 3666 5957; baseline -0.011 -11"><span class='ocrx_word' id='word_1_885' title='bbox 2116 5895 2171 5946; x_wconf 83' lang='grc' dir='ltr'>αἱ</span> <span class='ocrx_word' id='word_1_886' title='bbox 2202 5890 2257 5944; x_wconf 84' lang='grc' dir='ltr'>δὲ</span> <span class='ocrx_word' id='word_1_887' title='bbox 2294 5889 2438 5944; x_wconf 77' lang='grc' dir='ltr'>οὕτω</span> <span class='ocrx_word' id='word_1_888' title='bbox 2471 5888 2632 5945; x_wconf 68' lang='grc' dir='ltr'>πάλιν</span> <span class='ocrx_word' id='word_1_889' title='bbox 2660 5886 3168 5957; x_wconf 79' lang='grc' dir='ltr'>ἀνθρωποπρεπεῖς,</span> <span class='ocrx_word' id='word_1_890' title='bbox 3202 5886 3258 5937; x_wconf 85' lang='lat' dir='ltr'><strong>al</strong></span> <span class='ocrx_word' id='word_1_891' title='bbox 3293 5882 3349 5936; x_wconf 81' lang='grc' dir='ltr'>δὲ</span> <span class='ocrx_word' id='word_1_892' title='bbox 3379 5882 3544 5954; x_wconf 76' lang='grc' dir='ltr'>μέσην</span> <span class='ocrx_word' id='word_1_893' title='bbox 3562 5876 3666 5931; x_wconf 63' lang='grc' dir='ltr'>τινὰ</span> 
     </span>
    </p>
   </div>
  </div>
