3952 6538
176 430 289 493 989

1140 434 1515 494 PAnuPLIA
1566 438 2020 501 DOGMA'I‘ICA.
2060 468 2131 478 —
2172 442 2322 503 'II'I'.
2362 444 2481 505 XV.

3334 442 3438 507 990

176 545 333 611 τάξιν
375 546 667 617 ἐπέχουσιν
705 549 1105 617 εμφανιζουσαι
1132 548 1261 601 Υίὸν
1299 549 1433 602 Θεοῦ
1475 550 1622 609 ὄντα,
1663 554 1757 603 καὶ

1868 569 1979 623 qua?
2016 554 2209 610 Filium
2245 555 2335 610 Dei
2368 555 2549 621 simul,
2597 563 2650 609 et
2685 555 2977 620 Imminem,
3032 562 3087 609 et
3146 554 3198 608 ln
3252 555 3437 608 eodem

172 638 466 710 ἄνθρωπον
506 632 639 709 δμοῦ
674 655 735 692 τε
779 640 870 692 καὶ
899 641 958 693 ὲν
991 640 1195 710 ταυτῷ.
1232 642 1342 693 Καὶ
1391 642 1512 710 μεθ’
1545 642 1707 712 ἕτερα
1738 661 1747 668 ·

172 732 251 783 Οὐ
277 730 391 802 γὰρ
436 732 515 793 είς
561 730 721 785 τοῦτο
752 732 1021 801 προῆλθον
1070 731 1433 804 ἀποπληξίας.
1462 734 1535 797 ὡς
1577 753 1753 801 παρα-

172 822 350 885 ϐάτας
380 824 606 887 ἑαυτοὺς
634 825 969 878 συνιστάνειν
994 824 1029 878 ἃ
1057 825 1360 879 κατέλυσαν
1385 826 1578 895 ὀρθῶς,
1610 829 1754 881 οἰκος

172 913 469 982 νομοῦντες
515 912 780 975 ἀϐούλως.
815 914 878 965 Εί
907 915 1016 983 γὰρ
1058 916 1178 978 ταῖς
1222 916 1514 987 Νεστορίου
1546 919 1756 985 συμφέο

175 1023 363 1073 ρονται
436 1005 648 1071 δόξαις,
713 1008 833 1070 πῶς
895 1007 1061 1070 αὐτὰς
1118 1007 1609 1078 ἀναθεματίζουσιν
1679 1009 1754 1074 ὼς

176 1096 443 1164 βεϐήλους
474 1095 569 1148 καὶ
600 1098 849 1166 μυσαρὰς
873 1112 888 1159 ;
908 1093 1079 1165 Οῐμαι
1100 1097 1154 1150 δὲ
1185 1096 1296 1150 δεῖν
1321 1098 1414 1149 καὶ
1447 1099 1545 1160 τὰς
1575 1099 1755 1161 αἰτίας

173 1188 391 1249 εἰπεῖν,
444 1187 513 1239 δι’
569 1186 636 1249 ἃς
696 1188 774 1240 είς
832 1187 988 1240 τοῦτο
1042 1187 1313 1257 προῆλθον
1381 1189 1753 1259 ίσχνομυθίας.

186 1277 410 1348 Ἐπειδὴ
436 1279 545 1348 γὰρ
563 1280 611 1330 oi
641 1279 739 1347 τῆς
775 1278 986 1348 Ἀρείου
1014 1280 1262 1342 ἀσεϐείας
1285 1282 1627 1333 ὑπασπισταὶ
1659 1282 1754 1349 τὴν

171 1368 436 1436 ἀλήθειαν
458 1367 684 1431 ἀνοσίως
716 1369 1202 1437 ὲκκαπηλεύοντες,
1231 1371 1322 1423 τὸν
1347 1371 1436 1424 τοῦ
1462 1372 1594 1423 Θεοῦ
1622 1390 1754 1439 φασι

173 1460 353 1525 Λόγον
388 1459 643 1525 γενέσθαι
676 1460 772 1529 μὲν
799 1459 1107 1529 ἄνθρωπον,
1136 1461 1275 1528 πλὴν
1306 1462 1498 1531 ἀψύχῳ
1519 1479 1754 1531 προσκε-

175 1549 419 1616 χρῆσθαι
474 1550 706 1620 σώματι,
742 1552 831 1604 ἵνα
864 1553 960 1614 τάς
1005 1552 1352 1623 ἀνθρωπίνας
1395 1556 1543 1622 αὐτῳ
1572 1554 1755 1623 φωνὰς

177 1642 605 1710 προσνέμοντες,
658 1644 1013 1699 ἐλαττοῦσθαι
1051 1646 1146 1714 τῆς
1176 1646 1270 1698 τοῦ
1312 1646 1519 1715 [ἰατρὸς
1558 1645 1759 1715 ὑπερο-

178 1740 282 1805 γῆς
309 1740 427 1800 τοῖς
471 1739 603 1810 παρ’
631 1741 815 1796 αὐτῶν
850 1741 1223 1811 πλανωμένοις
1274 1741 1755 1799 καταδεικνύωσιν,

177 1829 456 1899 ἑτεροφυᾶ
484 1850 543 1885 τε
572 1834 704 1905 παρ’
737 1833 899 1888 αὑτὸν
929 1828 1069 1888 εἶναι
1098 1833 1296 1901 λέγωσι
1322 1847 1336 1862 ⁸
1361 1833 1590 1894 δεδιότες
1620 1834 1667 1885 oi
1694 1833 1758 1884 ὲκ

176 1923 278 1991 τῆς
305 1925 573 1994 ἀνατολῆς
606 1926 680 1997 μὴ
714 1926 822 1999 ἀρα
860 1928 1034 1997 πωςὴ
1078 1926 1171 1980 τοῦ
1216 1925 1353 1978 Θεοῦ
1386 1926 1558 1992 Λόγου
1592 1940 1756 1976 κατει-
1795 1915 1833 1969 Β

180 2017 557 2086 σμικρύνηται
580 2019 704 2085 δόξα
726 2020 819 2072 καὶ
841 2018 1026 2088 φύσις,
1052 2020 1159 2074 ἀπό
1184 2036 1247 2089 γε
1270 2018 1377 2072 τῶν
1407 2016 1761 2087 ἀνθρωπίνως

180 2109 493 2179 εἰρημένων
517 2109 605 2162 διὰ
626 2111 725 2180 τὴν
744 2112 881 2182 μετὰ
899 2112 1101 2184 σαρκὸς
1124 2112 1437 2181 οἰκονομίαν
1463 2109 1761 2180 διορίζουσι

178 2200 283 2263 τὰς
306 2202 513 2268 φωνὰς,
544 2203 645 2255 οὐκ
666 2204 746 2267 είς
775 2201 1040 2273 πρόσωπα
1056 2202 1149 2257 δύο
1171 2205 1473 2271 τέμνοντες.
1503 2200 1576 2264 ὡς
1601 2203 1760 2269 ἔφην,

181 2291 276 2342 τὸν
310 2289 410 2345 ἕνα
440 2290 679 2362 Χριστὸν
722 2295 815 2347 καὶ
848 2294 1076 2361 Κύριον,
1122 2294 1257 2349 ἀλλά
1295 2294 1392 2357 τὰς
1423 2296 1521 2363 μὲν
1546 2296 1611 2364 τῇ
1641 2292 1760 2346 θεό-

180 2397 309 2450 τητι
340 2382 507 2436 αὐτοῦ
553 2386 975 2455 προσνέμοντες,
1012 2387 1112 2449 τὰς
1159 2386 1218 2439 δὲ
1272 2387 1337 2457 τῇ
1382 2384 1763 2455 ἀνθρωπότητι

184 2472 355 2526 πάλιν
378 2477 445 2544 τῇ
481 2476 666 2542 αὑτοῦ,
700 2476 836 2547 πλὴν
857 2478 952 2540 τὰς
989 2478 1167 2541 πάσας
1198 2477 1298 2530 ἐνί.

186 2585 306 2641 Τοῦ
347 2589 534 2643 αὑτοῦ
565 2591 632 2644 ἐκ
673 2592 779 2646 τοῦ
821 2593 950 2662 περὶ
987 2592 1097 2660 τῆς
1126 2590 1630 2657 ἐνανορωπήσεως
1657 2591 1763 2644 λό-

466 2679 601 2729 γου,
633 2661 720 2715 ὅτι
754 2661 1041 2729 Θεοτὶτκος
1082 2665 1119 2732 ἠ
1162 2662 1478 2728 Παρθένος.

268 2751 665 2807 Ὑποκ).ἐπτειν
696 2755 900 2809 οἴονταί
946 2773 1085 2819 τινες
1126 2756 1232 2808 τῶν
1264 2755 1630 2826 ἀκροωμένων
1666 2755 1764 2816 τάς

180 2846 334 2916 ψαᾱ
354 2868 389 2911 ·,
424 2848 705 2915 ἄνθρωπον
731 2850 980 2916 λέγοντες
1007 2849 1349 2917 ἀνειληφέναι
1383 2848 1473 2900 τὸν
1498 2846 1633 2899 Θεὸν
1662 2846 1765 2899 Δό-

181 2958 304 3008 γον,
336 2946 429 2995 καὶ
455 2942 544 2994 διὰ
565 2943 749 2995 τούτου
782 2943 1001 3011 πρόοδον
1032 2941 1358 3011 πεποιῆσθαι
1384 2944 1448 2995 ὲκ
1475 2941 1572 3010 τῆς
1602 2941 1765 3009 ἁγίας

186 3033 494 3099 Παρθένου,
529 3033 621 3084 καὶ
669 3031 855 3084 τοῦτον
899 3032 1059 3086 αὑτὸν
1104 3031 1196 3084 τὸν
1242 3031 1525 3100 ἄνθρωπον
1563 3031 1763 3085 ἀποτε-

184 3123 427 3175 θεῶσοαι
475 3123 551 3193 τῷ
582 3123 701 3192 Θεῷ
736 3124 912 3193 Λόγῳ,
948 3125 1007 3176 οὐ
1066 3123 1334 3185 συνιέντες
1381 3123 1442 3175 τὸ
1476 3124 1574 3192 τῆς
1606 3122 1763 3176 εὐσε-

1860 648 2061 714 pariter
2092 648 2406 701 ostendunt.
2451 647 2515 701 Et
2546 655 2667 715 post
2690 646 2792 699 alia
2822 665 2837 701 :
2864 645 3046 714 Neque
3078 647 3220 699 enim
3261 659 3327 698 eo
3349 646 3439 697 de-

1859 742 2076 793 mentia:
2115 749 2516 810 processerunt,
2551 751 2607 793 nt
2664 756 2722 792 se
2756 749 3184 808 transgressores
3234 739 3436 791 consti-

1861 839 2093 888 tuerent.
2151 845 2212 883 ea
2269 846 2388 898 Quae
2441 843 2586 884 recte
2616 831 2995 889 dissolverunt,
3044 830 3439 882 inconsiderate

1858 929 2252 975 Construentcs.
2317 921 2447 974 Nam
2471 923 2517 977 si
2572 921 2805 976 Nestorii
2857 923 3085 991 probant
3134 922 3436 989 Opiniones,

1856 1014 2129 1080 quomodo
2166 1014 2282 1067 illas
2312 1026 2367 1066 ut
2398 1015 2723 1067 adulterinas
2773 1022 2827 1067 et
2871 1014 3230 1066 esseet-audes
3291 1013 3437 1064 dcte»

1864 1117 1891 1156 s
1918 1100 2118 1155 antur?
2143 1106 2347 1158 Causas
2380 1116 2559 1157 autem
2592 1105 2829 1157 arbitror
2855 1105 3221 1172 explicandas.
3246 1117 3437 1172 quam-

1861 1195 2048 1249 obrem
2079 1198 2143 1248 ad
2169 1197 2430 1266 ejusmodi
2469 1212 2731 1268 nugarum
2772 1197 3121 1251 subtilitatem
3169 1212 3299 1265 νιος
3330 1194 3437 1248 οεςί

1859 1296 2003 1341 sunt.
2034 1287 2298 1354 Quoniam
2334 1290 2481 1343 enim
2529 1290 2742 1342 Ariame
2781 1288 3074 1355 impietatis
3123 1285 3438 1338 defensores

1863 1381 2139 1435 veritatem
2164 1380 2371 1435 nefarie
2405 1381 2757 1444 venditantes,
2801 1379 2890 1434 Dei
2941 1379 3158 1448 quidem
3208 1375 3435 1429 Verbum

1862 1472 2062 1535 {at-turn
2112 1472 2385 1527 hominem
2441 1474 2651 1539 dicunt,
2704 1474 2797 1526 sed
2847 1480 3028 1524 tamen
3081 1468 3434 1522 inanimatnm

1858 1574 2053 1629 corpus
2108 1562 2481 1631 assumpsisse.
2519 1572 2577 1616 ut
2634 1564 2901 1615 humanas
2959 1561 3059 1630 ipsi
3124 1573 3284 1613 voces
3346 1558 3442 1609 tri-

1860 1653 2087 1707 buentes
2119 1655 2403 1708 ostendant
2432 1655 2494 1707 iis
2521 1670 2656 1722 quos
2678 1656 3027 1721 deceperunt,
3060 1653 3231 1722 ipsum
3267 1649 3444 1702 Patris

1858 1743 2189 1799 excellentia:
2220 1746 2431 1809 cedere,
2465 1758 2518 1799 et
2551 1747 2781 1800 diversa:
2814 1743 2882 1797 ab
2938 1745 3052 1813 ipso
3094 1742 3279 1796 dicunt
3318 1756 3440 1793 esse

1861 1844 2103 1891 natural:
2136 1834 2441 1891 Orientales
2470 1836 2646 1899 veriti,
2678 1852 2743 1890 ne
2766 1835 2860 1890 Dei
2897 1832 3057 1889 Verbi
3091 1833 3255 1901 gloria
3288 1841 3448 1885 natu-

1863 1943 2028 1998 raque
2061 1930 2335 1984 minuatur
2364 1932 2431 1984 ob
2459 1944 2526 1985 ea
2561 1945 2702 1997 quae,
2736 1938 2954 1998 propter
2983 1925 3444 1995 dispensationem

1864 2017 1915 2072 in
1951 2034 2115 2075 carne
2147 2020 2367 2085 factam,
2401 2019 2636 2075 humana
2670 2020 2879 2074 ratione
2920 2018 3061 2072 dicta
3107 2024 3255 2081 sunt,
3288 2029 3447 2069 voces

1862 2110 2142 2176 deﬁniunt,
2206 2126 2310 2164 non
2362 2127 2525 2166 unum
2581 2111 2858 2166 Christum
2913 2118 2979 2161 et
3024 2106 3330 2171 Dominum,
3393 2112 3450 2157 nt

1861 2202 2116 2267 diximus,
2185 2204 2400 2259 induas
2453 2206 2749 2258 dividentes
2810 2216 3108 2271 personas,
3160 2199 3253 2252 sed
3316 2198 3449 2250 alius

1862 2296 2075 2363 quidem
2130 2298 2300 2367 ipsius
2350 2297 2650 2351 tribuentes
2695 2293 3004 2356 divinitati,
3067 2292 3201 2346 alias
3265 2299 3445 2344 autent

1864 2387 2223 2453 humanitati,
2249 2390 2529 2445 universas
2559 2401 2739 2444 tamen
2771 2388 2887 2443 uni.

1867 2594 2118 2663 Ejusdem
2149 2610 2213 2647 ea:
2245 2596 2488 2648 aratione
2507 2596 2570 2648 de
2592 2602 2870 2663 assumth
2900 2609 2955 2663 ar
2993 2588 3158 2663 Verbo
3197 2587 3449 2641 humani-

2104 2675 2213 2718 tate
2234 2680 2253 2719 :
2285 2662 2544 2733 Virginem
2577 2680 2686 2719 esse
2707 2662 2803 2717 Dei
2829 2660 3165 2718 Geuitricem.

1935 2754 2278 2808 Audientium
2326 2756 2537 2810 animos
2569 2754 2889 2823 decepturos
2926 2767 2984 2808 se
3005 2752 3220 2821 quidem
3255 2749 3448 2805 existi-

1869 2855 2038 2912 mant,
2055 2844 2321 2911 dicentes,
2337 2847 2499 2900 Deum
2522 2845 2754 2901 Verbum
2775 2845 3047 2899 hominem
3069 2841 3447 2910 assumpsisse,

1866 2948 1921 2991 et
1943 2952 2040 3007 per
2068 2938 2246 3006 ipsum
2279 2948 2343 2992 ex
2379 2937 2597 3009 Virgine
2623 2938 2906 3008 prodiisse,
2929 2945 2981 2991 et
3001 2950 3124 2989 eum
3150 2935 3322 3003 ipsum
3352 2933 3447 2985 ho-

1868 3032 2067 3084 minem
2098 3046 2126 3084 a
2158 3029 2268 3086 Deo
2314 3028 2491 3087 Verbo
2537 3032 2779 3087 divinum
2833 3046 2953 3085 esse
3004 3028 3294 3083 redditum.
3345 3024 3447 3093 Qui

1867 3138 1999 3179 sane
2041 3125 2285 3179 homines
2312 3124 2529 3195 pictatis
2566 3124 2882 3198 mysterium
2938 3123 3210 3193 ignorant,
3243 3130 3297 3175 et
3319 3117 3451 3175 Uni-

183 3214 345 3272 σεὶας
398 3216 712 3283 μυστήριον,
746 3216 838 3265 καὶ
892 3213 992 3282 τῆς
1038 3213 1176 3282 μετᾶ
1221 3213 1419 3283 σαρκὸς
1455 3213 1762 3282 οἰκονομίας

256 3304 364 3322 -.Ι
460 3321 489 3322 ,,
582 3304 609 3320 θ’
704 3306 715 3322 a
833 3305 844 3319 1
1236 3302 1365 3322 ,-,_,',
1428 3320 1438 3322 ε
1485 3319 1519 3322 ,γ
1575 3303 1762 3322 ⁸11..-94

1870 3222 2036 3292 geniti
2067 3221 2292 3292 gratiam
2332 3237 2399 3275 ex
2452 3228 2719 3291 susceptae
2771 3218 2953 3275 carnis
3005 3217 3233 3272 consilio
3271 3213 3452 3282 profe-

183 3304 285 3357 τοῦ
310 3304 645 3372 Μονογενοῧς
666 3306 762 3373 τὴν
783 3305 942 3374 χάριν
966 3322 1195 3374 μετρ;αν
1221 3302 1548 3371 ποιούμενοι.
1575 3303 1762 3369 Ἡμεῖς

1870 3322 2013 3369 clam
2045 3315 2372 3370 mediocrem
2394 3311 2649 3370 cilicium.
2684 3302 2794 3368 Nos
2852 3319 3030 3367 autem
3067 3310 3207 3365 haud
3242 3310 3313 3363 ita
3360 3323 3453 3361 su—

185 3398 248 3450 δὲ
282 3398 381 3467 οὐχ
407 3397 546 3449 οὕτω
574 3396 947 3465 δεδιδάγμεθα.
982 3395 1118 3447 Ἕνα
1154 3397 1245 3447 καὶ
1278 3395 1368 3447 τὸν
1393 3395 1552 3446 αὑτὸν
1583 3394 1761 3462 ἴσμεν,

185 3490 435 3557 ἀδελφοὶ,
458 3490 547 3541 τὸν
579 3487 668 3541 διὰ
705 3489 803 3557 τῆς
842 3487 1004 3555 ἀγίας
1040 3486 1316 3556 Παρθένου
1364 3487 1462 3554 τῆς
1500 3485 1763 3538 Θεοτόκου

185 3583 413 3653 Μαρίας
439 3580 765 3651 γεννηθέντα
802 3579 932 3632 Θεὸν
961 3579 1185 3642 τέλειον,
1224 3580 1316 3629 καὶ
1351 3576 1635 3645 ἄνθρωπον
1666 3574 1763 3643 ἔμε

183 3676 385 3745 ψυχον,
410 3673 623 3743 λογικόν
649 3688 665 3705 ο
694 3672 863 3743 ταύτῃ
892 3689 973 3725 τοι
1000 3673 1092 3725 καὶ
1123 3671 1380 3723 Θεοτόκον
1414 3669 1646 3737 λέγομεν
1667 3668 1766 3739 τὴν

188 3769 359 3835 ἁγίαν
392 3766 687 3838 Παρθένον,
727 3767 822 3818 καὶ
850 3765 1186 3835 ὲνῳκηκέναι
1216 3763 1484 3825 οὐσιωδῶς
1510 3762 1600 3816 τὸν
1630 3763 1764 3814 Θεὸν

191 3859 368 3927 Λόγον
397 3861 454 3911 ὲν
498 3859 635 3928 αὐτῇ
669 3858 731 3911 οὐ
775 3856 1014 3927 δοκήσει,
1054 3855 1191 3908 ἀλλὰ
1243 3854 1517 3925 ἐνεργείᾳ,
1551 3853 1677 3906 Υίόν
1706 3871 1761 3905 τε

188 3950 331 4004 Θευῦ
368 3950 505 4017 ἅμα,
556 3952 647 4003 καὶ
679 3950 801 4001 Υἰὸν
840 3946 1148 4017 ἀνθρώπου.
1196 3944 1357 3997 Ἀλλά
1398 3945 1502 4013 γὰρ
1532 3943 1626 3998 καὶ
1668 3943 1766 4005 τὰς

190 4044 295 4112 τῆς
354 4040 794 4110 ἀνθρωπότητος,
825 4039 885 4091 οὐ
941 4039 1045 4108 μὴν
1094 4039 1189 4090 καὶ
1240 4036 1339 4096 τὰς
1386 4037 1483 4104 τῆς
1513 4036 1766 4105 θεότητος

193 4133 402 4201 φωνὰς,
436 4131 499 4193 ἃς
526 4129 932 4199 διαγορεύουσιν
968 4129 1101 4197 ἡμῖν
1137 4127 1194 4179 al
1225 4125 1363 4178 θεῖαι
1399 4125 1612 4194 Γραφαλ⁵
1638 4124 1767 4196 περὶ

190 4223 385 4283 αὐτοῦ,
412 4225 489 4284 εἰς
516 4222 573 4274 ἓν
617 4223 905 4293 πρόσωπον
948 4218 1212 4290 συνῆχθαι
1242 4237 1444 4290 φαμεν.
1473 4219 1575 4271 Τὸν
1605 4219 1767 4272 αὐτὸν

191 4317 306 4385 γὰρ
344 4317 502 4384 ἴσμεν
552 4316 643 4366 ἐπὶ
674 4315 736 4367 τὸ
785 4311 1224 4384 προσκεφάλαιον
1279 4310 1630 4376 καθεύδοντα,
1675 4310 1766 4363 τὸν

190 4412 358 4463 αὐτὸν
383 4411 450 4477 τῇ
505 4409 747 4479 θαλάσσῃ
779 4407 1117 4477 ἐπιτιμῶντα
1166 4407 1223 4457 ὲν
1264 4403 1480 4475 ἐξουσίᾳ.
1523 4404 1618 4457 xui.
1656 4404 1767 4466 τοῖς

190 4502 440 4568 ἀνέμοις,
471 4499 561 4550 τὸν
610 4497 770 4551 αὐτὸν
803 4496 897 4549 ἐπὶ
941 4496 1040 4565 τῆς
1068 4495 1380 4565 ὁδοιπορίας
1425 4494 1766 4564 κεκμηκότα,

1867 3421 1987 3462 ntus
2019 3405 2221 3472 cdocti,
2256 3408 2351 3462 sed
2382 3422 2547 3462 unum
2577 3404 2942 3473 eumdemque
2970 3403 3195 3465 scimus,
3228 3401 3449 3462 fratres,

1867 3514 1963 3568 per
1987 3506 2229 3553 sanctam
2257 3496 2531 3569 Virginem
2558 3496 2648 3553 Dei
2672 3497 3002 3553 Genitricem
3022 3495 3259 3565 genitum
3282 3494 3450 3547 Deum

1866 3588 2188 3658 perfectum,
2204 3600 2255 3645 et
2280 3591 2551 3645 hominem
2569 3591 2865 3644 animatum
2888 3588 3066 3642 anima
3085 3587 3294 3642 ratione
3313 3601 3455 3650 pra:-

1865 3679 1999 3734 dita.
2039 3678 2132 3735 Sic
2174 3688 2229 3735 et
2274 3679 2367 3735 Dei
2403 3680 2734 3735 Genitricem
2768 3678 3002 3734 dicimus
3046 3676 3109 3732 S.‘
3152 3674 3449 3744 Virginum,

1867 3772 1920 3825 in
1944 3785 2117 3841 eaque
2141 3769 2308 3826 Deum
2336 3769 2570 3826 Verbum
2593 3785 2689 3840 per
2717 3770 3008 3826 essentiam
3035 3784 3143 3823 non
3171 3765 3451 3837 Opinione,

1864 3866 1961 3918 sed
2004 3863 2182 3934 reipsa
2231 3861 2424 3918 Filium
2472 3861 2570 3917 Dei
2623 3862 2786 3917 simul
2841 3872 2897 3917 et
2955 3859 3149 3915 Filium
3216 3858 3450 3912 hominis

1869 3955 2161 4011 habitasse.
2217 3953 2357 4021 Quin
2410 3953 2571 4008 etiam
2618 3952 2926 4017 divinitatis
2991 3950 3453 4017 humanitatisque

1867 4061 2045 4114 voces,
2080 4062 2216 4118 quas
2247 4047 2404 4103 nobis
2430 4046 2499 4102 de
2524 4046 2637 4117 ipso
2661 4045 2855 4100 divina:
2884 4046 3104 4099 tradunt
3133 4042 3450 4112 Scriptum,

1867 4140 1920 4193 in
1977 4155 2136 4193 unam
2182 4155 2468 4209 personam
2536 4140 2770 4195 dicimus
2823 4138 3136 4193 convenire.
3189 4133 3451 4189 Eumdem

1867 4232 2012 4286 enim
2040 4233 2242 4288 scimus
2291 4246 2435 4299 esse,
2487 4232 2578 4300 qui
2610 4236 2664 4287 ln
2713 4231 2978 4301 pulvinari
3033 4227 3355 4294 dormiebat,
3399 4238 3452 4280 et

1867 4325 1959 4394 qui
1997 4339 2117 4379 cum
2146 4333 2413 4393 potestate
2444 4323 2575 4378 mari
2622 4332 2681 4377 et
2725 4321 2901 4376 ventis
2937 4320 3274 4391 imperabat;
3302 4334 3453 4371 euut-

1869 4416 2016 4479 dem,
2042 4416 2137 4485 qui
2173 4417 2225 4470 in
2258 4415 2543 4470 itineribus
2573 4413 3000 4483 defatigabatur,
3030 4422 3083 4466 et
3106 4414 3199 4481 qui
3233 4412 3453 4480 propria

1868 4498 2195 4565 auctoritate
2261 4522 2422 4576 super
2485 4521 2637 4561 mare
2691 4515 2954 4574 tanquam
3011 4517 3174 4572 super
3222 4504 3449 4557 solidam

189 4595 287 4646 τὸν
317 4594 479 4644 αὑτὸν
525 4592 617 4643 ἐπὶ
665 4594 762 4659 τῆς
789 4589 1064 4657 θαλάσσης
1098 4588 1525 4658 περιπατοῦντα,
1559 4587 1633 4649 ὡς
1672 4588 1762 4639 ἐπὶ

1870 4596 2069 4655 terram
2092 4597 2422 4653 ambulabat.
2446 4597 2709 4654 Eumdem
2743 4598 2905 4666 igitur
2930 4598 3097 4651 Deum
3123 4606 3177 4651 et
3205 4597 3452 4649 eumdem

190 4685 395 4752 στερεᾶ
452 4683 552 4751 γῆς
588 4683 693 4753 ἰδίᾳ
721 4682 956 4751 ἐξουσίᾳ.
985 4682 1043 4734 Ὀ
1060 4681 1219 4745 αὐτὸς
1249 4680 1425 4733 τοίνυν
1448 4678 1598 4745 Θεὸς,
1617 4679 1645 4731 ὁ
1672 4677 1766 4731 αὑ-

188 4777 284 4839 τὸς
318 4776 602 4844 ἄνθρωπος
636 4774 1101 4846 ὁμολογουμένως.
1147 4774 1212 4825 Τί
1242 4773 1350 4843 γὰρ
1385 4772 1444 4825 τὸ
1477 4771 1682 4840 θαῦμα.
1715 4772 1765 4823 εί

189 4866 477 4934 ἄνθρωπός
508 4884 587 4929 τις
615 4865 723 4919 τῶν
772 4864 892 4918 καθ’
920 4866 1067 4934 ἡμᾶς
1096 4864 1154 4915 ἐν
1195 4862 1411 4934 ἐξουσίᾳ
1446 4860 1580 4913 Θεοῦ
1612 4859 1769 4918 δυνά-

195 4977 322 5031 μεις
353 4961 597 5028 ἐνεργεῖν
624 4957 876 5025 λέγεται;
918 4956 1057 5008 Ἀλλ’
1083 4957 1170 5008 ἵνα
1200 4958 1291 5007 τὶν
1321 4954 1482 5007 αὺτὸν
1511 4952 1642 5006 Θεὸν
1666 4953 1768 5005 Λό-

192 5066 291 5119 γον
313 5046 654 5103 κεκενῶσθαι
676 5044 1024 5108 ὐποδείξωσιν
1053 5045 1181 5113 ἡμῖν
1211 5044 1266 5095 αἱ
1290 5041 1429 5093 θεῖαι
1450 5039 1684 5110 Γραφαὶ,
1707 5039 1768 5091 οὐ

192 5143 441 5209 δοκήσει,
473 5139 611 5195 ἀλλά
639 5137 912 5210 ἐνεργείᾳ,
937 5136 1034 5191 ἕνα
1065 5137 1160 5189 καλ⁸
1188 5136 1276 5189 τὸν
1306 5135 1469 5190 αὑτὸν
1494 5135 1628 5204 ἡμῖν
1653 5135 1769 5187 δια-

190 5234 517 5307 γορεὺουσιν
549 5231 606 5284 ὲν
645 5233 1024 5303 προφητικῶς,
1056 5230 1151 5284 καὶ
1191 5230 1297 5300 μὴν
1340 5229 1435 5282 καὶ⁸
1486 5226 1773 5282 ἀποστολι-

190 5329 313 5390 κοῖς
345 5343 416 5385 κη
424 5325 718 5397 ρύγμασιν.

203 5416 311 5473 Ἐκ
337 5416 453 5485 τῆς
472 5419 623 5485 πρὸς
656 5416 945 5483 Ἰωάννην
962 5414 1069 5468 τὸν
1100 5412 1395 5479 Ἀντιοχέα
1415 5411 1771 5479 ἐπιστολῆς.

277 5509 687 5580 Ὀμολογοῦμεν
716 5507 1002 5578 τοιγαροῦν
1030 5509 1118 5559 τὸν
1142 5505 1345 5575 Κύριον
1370 5504 1524 5574 ἡμῶν
1566 5502 1774 5572 Ἰησοῦν

191 5603 458 5674 Χριστὸν,
493 5603 585 5654 τὸν
631 5602 758 5656 Υίὸν
801 5601 894 5655 τοῦ
921 5600 1054 5653 Θεοῦ
1095 5600 1185 5652 τὸν
1217 5598 1499 5668 μονογενῆ,
1529 5598 1659 5648 Θεὸν
1689 5597 1775 5648 τέ-

1868 4692 2157 4748 Dominum
2183 4690 2531 4746 conﬁtemur.
2588 4688 2734 4755 Quid
2771 4688 2919 4743 enim
2972 4688 3191 4754 mirum,
3223 4689 3268 4739 si
3292 4686 3456 4739 humo

1866 4785 2161 4857 quispiam,
2187 4783 2378 4854 quales
2410 4798 2509 4839 nos
2545 4795 2757 4847 sumus,
2784 4780 2880 4835 Dei
2914 4789 3185 4850 potestate
3217 4780 3451 4833 miracu-

1869 4879 1918 4935 la
1948 4879 2124 4935 facere
2146 4878 2397 4933 dicatur?
2427 4874 2625 4932 Verum
2676 4883 2735 4929 ut
2775 4874 2941 4929 Deum
2995 4874 3170 4943 ipsum
3214 4869 3452 4928 Verbum

1868 4989 1988 5030 sese
2014 4971 2326 5030 exinanisse
2356 4972 2511 5028 nobis
2538 4971 2832 5027 ostendant
2883 4970 3078 5025 divina:
3136 4971 3454 5040 Scriptum,

1871 5079 1977 5121 non
2007 5065 2280 5135 opinione,
2316 5063 2411 5118 sed
2462 5062 2710 5123 veritate,
2768 5076 2931 5114 unum
2986 5070 3149 5130 atque
3206 5064 3453 5115 eumdem

1872 5156 2029 5212 nobis
2073 5155 2343 5210 alﬁrmant
2375 5154 2427 5208 in
2460 5151 2937 5224 praedicationibus
2985 5153 3372 5221 prophetarum
3403 5163 3461 5203 et

1873 5249 2263 5319 apostolorum.

2085 5409 2170 5465 Ea:
2200 5410 2437 5477 Epistola
2466 5414 2533 5466 ad
2564 5409 2825 5465 Joannem
2851 5406 3248 5464 Antiochenam.

1944 5504 2279 5561 Conlitemur
2303 5506 2466 5575 igitur
2490 5504 2777 5560 Dominum
2801 5512 3046 5559 nostrum
3079 5499 3265 5556 .Iesum
3299 5500 3461 5555 Chric

1878 5608 2043 5663 stum,
2072 5598 2266 5652 Filium
2296 5598 2387 5653 Dei
2416 5596 2776 5668 unigenitum,
2830 5597 2997 5651 Deum
3051 5594 3375 5664 perfecutm,
3408 5604 3462 5648 et

190 5697 370 5757 λειον,
404 5694 496 5747 καὶ
541 5694 827 5762 ἄνθρωπον
874 5692 1099 5753 τέλειον,
1131 5695 1195 5744 ὲκ
1224 5688 1400 5760 ψυχῆς
1432 5694 1651 5759 λογικῆς
1683 5692 1762 5744 mi

1882 5690 2179 5759 perfectum
2204 5689 2499 5752 hominem,
2534 5703 2597 5743 ex
2637 5687 2817 5742 anima
2847 5688 3055 5741 ratione
3083 5685 3305 5755 praedita
3339 5701 3463 5738 cor-

195 5792 483 5856 σὼματος,
511 5786 617 5853 πρὸ
636 5785 847 5839 αἰώνων
879 5785 977 5855 μὲν
1007 5786 1067 5836 ἐν
1091 5782 1186 5835 τοῦ
1211 5784 1423 5853 Πατρὸς
1444 5782 1762 5851 γεννηθέντα

1882 5798 2117 5853 poreque
2146 5792 2505 5847 constantem,
2539 5789 2662 5835 ante
2692 5780 2888 5837 saecula
2928 5781 3147 5850 quidem
3191 5796 3256 5835 ex
3306 5778 3464 5834 Patre

197 5880 345 5939 κατὰ
376 5878 473 5948 τὴν
504 5878 766 5949 θεότητα,
810 5876 896 5930 ἐπ’
931 5877 1174 5948 ἐσχάτων
1204 5875 1258 5928 δὲ
1289 5874 1395 5929 τῶν
1433 5875 1654 5947 ἡμερῶν
1684 5878 1775 5931 τὸν

1886 5873 2122 5946 genitum
2153 5874 2448 5929 secundum
2480 5872 2842 5941 divinitatem,
2897 5871 2951 5927 in
2986 5871 3248 5927 extremis
3274 5881 3458 5925 autem
