3770 6552
427 425 532 491 991
1647 414 2061 477 .EUTllYMlI
2101 412 2458 474 ZlGABENl
3563 423 3646 485 992

425 545 616 598 diebus
672 539 920 596 eumdem
981 546 1200 608 propter
1251 552 1348 592 nos
1383 546 1436 592 et
1501 545 1725 607 propter
1773 543 2014 590 nostram

2121 533 2286 589 αὑτὸν
2319 533 2390 587 δι’
2433 532 2582 603 ἡμᾶς
2620 531 2714 587 καὶ
2744 532 2832 585 διά
2859 531 2960 603 τὴν
2986 533 3264 604 ἡμετέραν
3309 538 3562 605 σωτηρίαν
3596 543 3646 594 ἐκ

425 636 652 690 salutem
675 648 739 688 ex
765 631 931 684 Maria
958 637 1148 685 natum
1183 628 1406 700 Virgine
1432 629 1729 684 secundum
1763 627 2013 681 humani-

2114 625 2332 697 Μαρίας
2364 626 2464 694 τῆς
2509 623 2789 692 Παρθένου
2838 625 2980 679 κατὰ
3011 625 3107 695 τὴν
3133 627 3534 696 ἀνθρωπὸτητα.
3567 633 3648 684 Δύο

426 734 610 779 tatem.
643 722 878 776 Duarum
927 720 1072 776 enim
1124 731 1442 775 naturarum
1501 716 1812 788 conjunctio
1871 717 2008 771 facta

2113 719 2224 790 γὰρ
2271 718 2489 784 φύσεων
2539 718 2734 781 ῑνωσις
2783 718 2975 786 γέγονε
3002 734 3015 747 ο
3045 719 3125 772 διὸ
3171 719 3268 772 ἕνα
3311 720 3552 787 Χριστὸν,
3576 724 3650 776 ἕνα

423 827 526 869 est.
573 812 933 880 Quamobrem
998 826 1160 865 unum
1208 809 1526 875 Christumh
1569 824 1730 863 unum
1786 807 2006 874 Filium,

2114 811 2266 874 Υἱδν,
2289 811 2384 865 ἕνα
2409 809 2613 881 Κύριον
2639 809 3030 878 ὁμολογοῦμεν.
3063 810 3218 863 Κατὰ
3244 810 3446 881 ταύτην
3467 812 3554 883 τὴν
3578 817 3647 886 τῆς

425 922 588 959 unum
622 905 908 959 Dominum
931 903 1252 958 confitemur
1285 921 1298 958 :
1329 912 1384 958 et
1411 905 1509 956 hac
1556 901 1774 971 quidem
1827 901 2006 956 incon-

2112 901 2420 972 ἀσυγχύτου
2449 901 2694 964 ἑνώσεως
2743 900 2950 954 ἔννοιαν
2979 901 3349 970 ὁμολογοῦμεν
3387 903 3480 973 τὴν
3521 906 3650 972 ἁγίαν

427 1000 556 1053 fusa
611 995 1015 1063 coniunctionis
1093 996 1315 1051 notione
1383 994 1704 1049 conﬁtemur
1762 1000 2007 1047 sanctam

2112 993 2389 1063 Παρθένον
2417 992 2700 1056 Θεοτόκον,
2727 991 2818 1046 διὰ
2865 992 2926 1046 τὸ
2955 993 3048 1045 τὸν
3093 992 3226 1045 Θεὸν
3272 995 3443 1061 Λόγον
3475 1013 3650 1066 σαρκω-

425 1089 702 1159 Ytrgiuem
733 1102 855 1143 esse
891 1087 982 1143 Dei
1008 1085 1336 1143 Genitricem
1364 1102 1379 1142 :
1407 1084 1660 1155 quoniam
1702 1081 1843 1138 Deus
1882 1080 2012 1137 Ver-

2112 1085 2293 1156 οῆναι,
2325 1084 2423 1138 καὶ
2469 1085 2912 1156 ὲνανθρωπῆσαι,
2952 1086 3046 1139 καὶ
3087 1086 3145 1152 ἐξ
3174 1089 3345 1159 αὐτῆς
3371 1090 3468 1156 τῆς
3499 1091 3648 1162 συλλή,

427 1183 554 1236 bum
579 1197 708 1236 caro
731 1190 787 1236 et
807 1180 972 1236 homo
1003 1179 1178 1235 factus
1199 1188 1304 1244 est,
1338 1187 1394 1233 et
1422 1184 1490 1232 ex
1543 1176 1656 1247 ipsa
1700 1177 2012 1248 conceptio-

2112 1179 2260 1250 ψεως
2290 1179 2494 1232 ὲνῶσαι
2521 1175 2700 1247 ἑαυτῷ
2731 1177 2824 1230 τὸν
2847 1177 2908 1243 ἐξ
2935 1177 3106 1249 αὐτῆς
3131 1178 3408 1250 ληφθέντα
3438 1180 3572 1237 ναόν.

428 1292 494 1332 ne
550 1276 656 1332 sibi
727 1276 986 1346 templum
1034 1289 1099 1328 ex
1161 1272 1249 1327 illa
1313 1280 1584 1342 sumptum
1660 1270 1905 1342 adjunxlt
1956 1280 2012 1326 et

425 1386 485 1424 cs
495 1369 614 1438 pnla
624 1371 716 1423 vit.

499 1461 585 1517 Ea:
613 1463 848 1517 oratione
881 1462 950 1514 a'l
989 1463 1389 1530 angustissimas
1437 1459 1680 1515 dominas
1721 1456 1924 1512 habita.

2219 1451 2337 1507 Τοῦ
2361 1451 2553 1530 αὐτρῦ
2580 1452 2648 1506 ἐκ
2676 1453 2791 1530 ’τοῦ
2818 1454 2968 1522 πρὸς
2996 1453 3104 1519 τὰς
3147 1454 3574 1530 εὐσεξεστὰτας

2467 1524 2798 1589 δεσποίνας
2824 1523 3350 1593 προσφωνητικοῦ.

500 1617 560 1673 Si
630 1632 782 1673 sacra
831 1614 994 1685 Virgo
1057 1616 1226 1670 Deum
1297 1615 1641 1670 incarnatum
1703 1613 2006 1670 secundum

2182 1617 2244 1670 Ei
2302 1617 2377 1687 μὴ
2441 1616 2628 1669 τὲτοκε
2695 1618 2975 1684 σαρκικῶς
3035 1616 3398 1686 σαρκωθέντα
3465 1616 3646 1688 (Debui,

428 1725 648 1766 carnem
737 1724 842 1763 non
947 1707 1206 1778 peperit.
1296 1707 1381 1762 vel
1465 1706 1622 1761 inviti
1702 1705 2010 1761 concedant

2113 1710 2246 1778 ἁγία
2280 1709 2577 1779 Παρθένος,
2613 1709 2762 1762 πᾶσά
2797 1726 2912 1773 πως
2943 1709 3161 1778 ἀνάγκη
3190 1708 3288 1762 καὶ
3319 1711 3418 1778 οὐχ
3449 1709 3638 1772 ἑκόντας

431 1810 684 1872 oportet,
756 1799 1032 1855 hominem
1102 1809 1312 1855 tantum
1368 1798 1678 1870 vulgarem,
1743 1797 2008 1868 nobisque

2113 1801 2310 1863 αὐτοὺς
2344 1801 2650 1870 ὁμολογεῖν,
2675 1801 2757 1854 ὅτι
2787 1802 2968 1853 κοινὸν
2998 1801 3334 1869 γεγέννηκεν
3375 1799 3646 1870 ἄνθρωπον,

435 1894 605 1948 nihilo
636 1893 1070 1948 excellentiorem
1151 1892 1205 1946 in
1247 1892 1425 1947 lucem
1458 1891 1714 1947 edidisse.
1763 1889 1916 1958 Quod
1961 1889 2006 1945 si

2112 1894 2260 1948 οὐδὲν
2291 1894 2481 1963 ἔχοντα
2515 1893 2648 1961 παρ’
2683 1893 2833 1963 ἡμᾶς
2882 1893 2942 1946 τὸ
2975 1893 3182 1946 πλεῖον.
3216 1887 3354 1945 Εἶτα
3387 1893 3497 1955 πῶς
3528 1895 3646 1963 αὐτῷ

434 2002 522 2041 res
573 1986 644 2038 ita
709 2000 768 2038 se
830 1987 1025 2047 habet,
1081 1998 1188 2054 qua
1256 1987 1482 2039 obsecro
1534 1983 1782 2046 ratione,
1846 1997 2009 2036 omne

2112 1983 2322 2053 κάμψει
2376 1986 2484 2036 πᾶν
2535 1983 2687 2050 γόνυ,
2733 1983 2828 2034 καὶ
2885 1985 3030 2035 πᾶσα
3080 1983 3303 2050 γλῶσσα
3360 1984 3649 2055 ἐξομολογή-

431 2089 576 2145 genu
619 2074 694 2126 illi
750 2073 1166 2138 incurvabitur,
1215 2072 1502 2141 omnisque
1552 2071 1733 2143 lingua
1785 2070 2009 2126 conﬁte-

2112 2089 2285 2137 σεται,
2326 2073 2407 2126 δτι
2451 2072 2656 2142 Κύριος
2698 2074 2908 2139 Ἰησοῦς
2946 2073 3184 2143 Χριστὸς
3218 2073 3298 2133 είς
3356 2071 3506 2136 δόξαν
3541 2073 3647 2125 Θεοῦ

434 2163 602 2227 bitur,
657 2164 800 2234 quod
847 2163 1110 2218 Dominus
1157 2175 1344 2218 noster
1389 2163 1547 2218 Jesus
1601 2173 1685 2220 est
1732 2164 1789 2217 in
1835 2163 2006 2234 gloria

2112 2164 2357 2234 Πατρᾶςς
2395 2163 2516 2223 Πῶς
2549 2163 2696 2234 αὑτῷ
2730 2164 3132 2235 προσκυνοῦσιν
3171 2165 3419 2232 ἄγγελοι,
3449 2167 3535 2219 καὶ
3564 2168 3646 2218 τῶν

430 2252 526 2307 Dei
575 2250 828 2310 Patris'?
885 2249 1172 2316 Quomodo
1211 2253 1408 2324 angeli,
1453 2263 1509 2310 et
1553 2268 1708 2308 sacer
1757 2254 1847 2308 ille
1893 2268 2007 2308 etB-

2112 2257 2368 2311 άνωτάτω
2419 2257 2700 2324 δυνάμεων
2757 2258 2790 2328 ὴ
2841 2258 2970 2324 ἁγία
3009 2257 3264 2327 πληθύς;
3298 2253 3427 2326 'Ap’
3463 2257 3551 2310 οὖν
3580 2261 3648 2310 ἀν-

429 2343 646 2398 lestium
716 2343 976 2398 virtutum
1038 2353 1214 2399 cattus
1279 2346 1432 2398 illum
1488 2343 1768 2399 adoret'?
1835 2342 2008 2398 Num-

2112 2346 2309 2417 θρώπῳ
2358 2345 2521 2416 κοινῷ
2568 2346 2900 2416 λελάτρευκε
2953 2346 3077 2417 μεθ’
3128 2348 3288 2416 ἡμῶν
3341 2348 3430 2399 καί
3460 2349 3648 2416 σύμπας

430 2433 562 2501 quid
618 2433 892 2487 hominem
935 2448 1307 2498 communem,
1337 2446 1393 2490 et
1449 2450 1551 2490 nos
1585 2443 1640 2490 ct
1688 2436 2004 2490 universum

2112 2442 2134 2493 ἢ
2169 2439 2430 2509 οὑρανός;
2459 2439 2548 2509 Μὴ
2577 2439 2788 2506 γένοιτο
2810 2456 2824 2469 ο
2862 2437 3284 2508 προσκυνοῦμεν
3315 2439 3421 2508 γὰρ
3447 2437 3515 2500 ὡς
3539 2439 3645 2490 Θεὸν

431 2524 634 2578 uelum
704 2525 966 2581 hactenus
1030 2527 1398 2596 percolimus?
1455 2528 1656 2582 Absit:
1710 2529 2007 2584 adoramus

2112 2530 2364 2602 ἀληθινὸν
2411 2532 2503 2584 τὸν
2565 2532 2941 2603 Ἐμμανουήλ.
2983 2532 3180 2584 Ἔσται
3232 2532 3289 2584 δὲ
3332 2533 3430 2602 οὐχ
3475 2531 3645 2600 ἑτέρως

432 2615 578 2668 cnim
615 2613 1023 2672 Emmanuelem
1074 2625 1328 2690 tanquam
1373 2635 1560 2673 vcrum
1597 2618 1794 2675 Deum.
1843 2621 2006 2690 Atqui

2112 2623 2506 2696 προσκυνητδς,
2537 2625 2629 2676 ἐὰν
2677 2625 2753 2692 μὴ
2805 2625 3178 2694 πιστεύωμεν,
3218 2625 3302 2678 ὅτι
3345 2625 3500 2685 αὐτὸς
3536 2625 3564 2675 6
3599 2626 3645 2675 ὲι

431 2706 578 2759 nulla
612 2706 826 2762 ratione
872 2707 1086 2762 adorari
1129 2719 1327 2778 potest,
1360 2709 1466 2764 nisi
1505 2710 1792 2766 credamus
1826 2711 2003 2779 ipsum

431 2795 525 2848 Dei
561 2795 739 2852 Patris
774 2798 1031 2865 Verbum,
1055 2800 1198 2870 quod
1227 2802 1295 2855 ab
1325 2801 1576 2856 universa
1595 2810 1844 2857 creatura
1870 2802 2004 2857 ado-

2109 2715 2242 2771 Θεοῦ
2267 2717 2461 2785 Λόγος,
2497 2719 2523 2768 6
2549 2717 2700 2785 παρὰ
2729 2716 2913 2784 πάσης
2945 2718 3045 2788 τῆς
3077 2716 3313 2776 κτίαεως
3346 2715 3647 2784 προσκυνού-

2109 2824 2291 2876 μενος,
2337 2805 2472 2874 σὰρξ
2531 2806 2748 2873 ἐγένετο
2798 2806 2940 2858 κατά
2994 2807 3090 2874 τὰς
3131 2805 3397 2873 Γραφάς·
3436 2805 3530 2857 οὐκ
3581 2807 3641 2865 είς

431 2896 601 2954 ratur,
637 2891 938 2946 secundum
989 2891 1304 2962 Scripturas
1336 2909 1556 2948 carnem
1603 2891 1809 2948 factum
1845 2910 2002 2950 esse:

438 2992 546 3030 non
597 2977 738 3047 quod
794 2979 847 3034 in
907 2995 1126 3036 carnem
1182 2982 1516 3037 demutatqu
1577 2983 1875 3048 transierit,
1913 2984 2007 3038 sed

451 3067 594 3135 quod
629 3082 694 3120 ex
728 3066 840 3136 ipsa
874 3080 1024 3121 sacra
1059 3065 1278 3136 Virgine
1308 3081 1526 3122 carnem
1569 3071 1884 3140 susceperit,
1913 3071 2011 3126 hu-

2108 2898 2288 2968 σάρκα
2321 2895 2820 2964 μεταϐεϐλημένος,
2843 2895 2958 2950 ἀλλ’
2994 2896 3060 2949 ὲκ
3087 2897 3183 2965 τῆς
3215 2895 3378 2963 ἁγίας
3403 2895 3646 2963 Παρθένον

2112 2984 2289 3055 σάρκα
2324 2986 2520 3050 λαϐὼν,
2557 2987 2630 3050 ὡς
2658 2988 2814 3056 ἔφην,
2849 2989 2944 3042 κα)⁸
2985 2991 3336 3060 ἀνθρωπίνην
3368 2992 3480 3062 μεθ⁸
3513 2990 3644 3061 ἡμῶν

2116 3073 2414 3144 ὑπομείνας
2463 3077 2751 3146 γέννησιν·
2816 3079 2905 3132 ἵνα
2959 3081 3052 3132 καὶ
3102 3083 3384 3150 ἅνθρωπος
3436 3081 3644 3148 γεγονὼς

445 3171 793 3226 rnanamque,
845 3165 904 3210 ut
955 3165 1081 3210 ante
1136 3157 1438 3227 expositum
1495 3169 1600 3226 est,
1654 3161 2006 3237 nativitatem,

2113 3165 2253 3236 ὑπὲρ
2306 3168 2484 3238 ἡμῶν,
2529 3169 2773 3240 ἀποθάνῃ
2815 3170 2914 3239 μὲν
2965 3171 3340 3241 ἀνθρωπίνως,
3376 3173 3571 3239 ἀναστῇ
3600 3169 3642 3220 δὲ

442 3248 668 3317 perinde
697 3264 760 3303 ac
789 3263 905 3312 nos,
937 3250 1228 3317 suhiverit;
1265 3265 1371 3319 quo
1407 3250 1662 3306 nimirum
1705 3252 1866 3306 homo
1909 3267 2007 3307 no-

441 3340 538 3395 stri
575 3354 734 3395 causa
767 3338 987 3408 factum,
1022 3356 1173 3396 more
1207 3341 1425 3410 quidem
1458 3341 1689 3396 aliorum
1731 3342 2007 3396 hominum

442 3443 670 3486 mortem
701 3440 998 3502 pateretur,
1041 3430 1350 3502 proculcato
1381 3442 1559 3488 autem
1605 3435 1794 3489 mortis
1837 3434 2007 3504 impe-

442 3518 543 3582 rio,
575 3518 755 3574 divina
792 3520 842 3575 vi
881 3536 1092 3576 rursum
1134 3533 1463 3593 resurgeret.
1510 3521 1620 3577 Hoc
1664 3523 1806 3577 enim
1847 3525 2008 3580 modo

440 3604 642 3661 factum
676 3618 782 3675 est,
812 3617 872 3664 ut
913 3624 1012 3666 nos
1057 3625 1273 3680 quoque
1318 3627 1414 3682 per
1461 3611 1735 3667 Christum
1772 3613 2009 3681 vincere,

439 3705 768 3769 peccatoque
803 3698 1087 3765 debellato,
1116 3717 1180 3756 ac
1213 3703 1384 3770 posita
1439 3703 1783 3772 corruptione
1806 3743 1822 3769 ,
1863 3714 2010 3759 mo‘r-

443 3801 548 3844 tem
577 3789 809 3860 effugere
841 3805 1141 3859 possemus,
1171 3791 1464 3862 laetitiaque
1513 3793 1565 3846 in
1603 3791 1824 3848 Christo
1866 3795 2006 3862 pleui

2111 3255 2332 3321 θεῖκῶς,
2363 3261 2610 3332 πατήσας
2647 3260 2740 3313 τοῦ
2771 3260 3000 3314 θανάτου
3031 3263 3091 3313 τὸ
3129 3262 3350 3331 κράτος.
3382 3261 3534 3314 οὕτω
3560 3259 3644 3329 γὰρ

2108 3343 2177 3418 ἦν
2226 3347 2482 3403 δύνασθαι
2533 3351 2626 3404 καὶ
2667 3353 2812 3422 ἡμᾶς
2854 3351 2928 3415 ὡς
2973 3353 3031 3405 ὲν
3079 3353 3298 3422 Χριστῷ
3348 3353 3643 3422 νικήσαντας

2116 3441 2591 3511 κατευμεγεθῆσαι
2629 3443 2727 3513 μὲν
2756 3443 2854 3512 τῆς
2891 3444 3186 3513 ἁμαρτίας,
3219 3443 3580 3496 ἀποδύσασθαι
3601 3440 3643 3491 δὲ

2111 3527 2211 3598 τὴν
2246 3529 2471 3600 φθοράν,
2512 3530 2605 3584 καὶ
2637 3530 2922 3599 διαδρᾶναι
2954 3530 3202 3597 θάνατον,
3237 3531 3380 3584 οὕτω
3418 3550 3476 3584 τε
3503 3533 3644 3583 εἰπεῖν

2111 3619 2177 3671 ὲκ
2210 3621 2564 3691 περιχαρείας
2609 3624 2707 3692 τῆς
2733 3625 2791 3676 ὲν
2845 3625 3093 3695 Χριστῷ·
3129 3645 3148 3677 ‹
3184 3625 3294 3680 Ποῦ
3327 3627 3360 3694 ἡ
3391 3625 3508 3695 νίκη
3543 3641 3642 3684 σου,

2111 3707 2340 3773 θάνατε;
2389 3711 2492 3763 ποῦ
2522 3712 2581 3764 τὸ
2608 3712 2832 3782 κέντρον
2864 3731 2980 3780 σου,
3011 3713 3148 3784 ᾇδη;
3186 3733 3204 3764 ι
3236 3715 3449 3782 Ὠσπερ
3479 3713 3576 3780 γάρ
3603 3712 3643 3760 ἐν

2105 3789 2296 3869 ’Ἀδὰμ
2338 3799 2722 3871 πεπτώκαμεν,
2769 3799 2911 3853 οὕτω
2954 3803 3319 3871 νενικήκαμεν
3353 3803 3410 3852 ὲν
3439 3797 3643 3868 Χριστῷ.

449 3883 791 3938 ιτὶεθινειηαεε
827 3902 847 3934 ι
884 3882 985 3938 Ubi
1013 3892 1113 3949 est,
1145 3898 1311 3950 mors,
1353 3884 1577 3937 victoria
1621 3887 1756 3938 tua?
1801 3885 1888 3938 ubi
1919 3896 2001 3941 est
2041 3887 2294 3944 stimulus
2318 3900 2462 3954 tuus,
2503 3891 2711 3946 inferne
2735 3892 2820 3944 “i
2847 3910 2864 3942 ι
2902 3891 2969 3946 Ut
3023 3893 3165 3945 enim
3198 3892 3250 3944 in
3286 3893 3454 3944 Adam
3480 3888 3641 3943 dci‘it‘ll

449 3988 656 4040 sumus,
686 3973 756 4028 ita
783 3989 992 4029 rursum
1019 3975 1074 4029 in
1106 3974 1324 4030 Christo
1354 3975 1669 4030 devicimus.

653 4065 806 4131 Quod
836 4065 882 4121 si
914 4066 1152 4137 vulgaris
1184 4076 1392 4119 tantum
1429 4065 1588 4119 homo
1615 4073 1759 4120 esset
1788 4063 2003 4120 Emma-

447 4155 590 4221 nuel,
618 4157 886 4226 quomodo
919 4172 1062 4211 mors
1091 4157 1326 4211 hominis
1353 4155 1598 4210 humana:
1622 4166 1825 4212 naturae
1851 4172 2006 4227 opem

443 4246 696 4303 tulisset?
728 4247 1015 4302 Enimvero
1064 4261 1172 4302 non
1228 4248 1388 4317 pauci
1426 4255 1734 4303 sanctorum
1786 4249 2014 4318 prophe-

443 4346 618 4392 tarum
646 4346 875 4394 mortem
908 4337 1183 4402 obierunt,
1212 4347 1267 4394 ut
1301 4339 1703 4396 laudatissimus
1731 4337 1822 4395 ille
1847 4338 2016 4394 Abra-

441 4430 590 4496 ham,
645 4428 815 4494 lsaac,
864 4428 1068 4497 Iacob,
1115 4429 1360 4502 Moyses,
1411 4430 1661 4496 Samuel,
1713 4431 2014 4500 reliquique

2310 4071 2368 4123 Εἰ
2399 4072 2452 4124 δὲ
2489 4073 2772 4144 ἄνθρωπος
2810 4067 2878 4144 ἦν
2911 4071 3082 4135 κοινὸς
3116 4073 3144 4123 6
3172 4071 3532 4142 Ἐμμανουὴλ.
3556 4069 3647 4128 πῶς

2113 4159 2180 4214 ἂν
2204 4159 2452 4232 ὠφέλησε
2480 4165 2579 4233 τὴν
2621 4163 2910 4234 ἀνθρώπου
2939 4163 3098 4231 φύσιν
3131 4165 3158 4216 6
3183 4163 3470 4234 ἀνθρώπου
3515 4161 3647 4212 θάνα-

2112 4267 2235 4318 το;;
2287 4253 2476 4306 Καίτοι
2529 4254 2711 4308 πολλοὶ
2755 4252 3137 4324 προαπέθανον
3192 4253 3340 4321 ἆγιοι
3389 4250 3646 4321 προεὶπαι,

2127 4342 2378 4414 Ἀϐραάμ
2426 4345 2631 4407 ἐκεῖνος
2676 4348 2703 4400 6
2747 4344 3062 4416 διαὸόητος,
3100 4343 3307 4404 Ἰσαὰκ,
3341 4343 3432 4395 καὶ
3464 4337 3646 4399 Ἰακὼό,

2111 4433 2318 4504 Μωσῆς
2348 4451 2430 4498 τε,
2463 4436 2558 4488 καὶ
2588 4437 2838 4508 Σαμουὴλ
2863 4476 2878 4499 ,
2914 4437 3006 4490 καὶ
3049 4437 3098 4488 oi
3143 4434 3379 4505 καθεξῆς
3403 4431 3648 4502 γεγονότες

441 4522 716 4592 deinceps,
750 4521 842 4592 qui
872 4522 998 4575 vita:
1027 4522 1387 4579 sanctimonia
1413 4521 1718 4577 claruerunt
1745 4540 1760 4589 ;
1791 4537 2011 4577 verum-

2114 4520 2260 4589 ἆγιοι
2281 4540 2293 4552 ·
2327 4522 2442 4576 ἀλλ’
2465 4521 2638 4593 ὢνησε
2681 4525 2778 4593 μὲν
2808 4525 2958 4577 οὐδὲν
2987 4526 3047 4578 το
3074 4525 3166 4577 ἐπὶ
3194 4524 3298 4592 γῆς
3332 4521 3437 4575 τῶν
3463 4519 3648 4589 ἀνθρώο

443 4624 623 4669 tamen
663 4629 808 4670 mors
864 4612 1080 4668 illorum
1114 4614 1296 4682 generi
1347 4613 1585 4668 humano
1615 4611 1747 4666 nihil
1791 4611 2012 4667 omnino

440 4704 669 4760 contulit
698 4720 714 4759 :
749 4715 806 4761 at
851 4718 980 4760 vero
1014 4719 1162 4759 mors
1209 4703 1410 4758 Christi
1444 4701 1668 4758 salutem
1721 4703 2007 4773 praestitit;

443 4798 708 4868 siquidem
736 4797 1008 4867 prepriam
1037 4809 1135 4867 pro
1177 4795 1329 4850 nobis
1530 4807 1748 4850 carnem
1791 4794 2009 4857 obtulit,

443 4885 716 4955 mortique
745 4885 1090 4956 semetipsum
1117 4883 1285 4940 nostri
1315 4897 1478 4938 causa
1515 4885 1858 4946 contradens,
1891 4895 2010 4935 om-

443 4989 542 5030 nes
566 4989 633 5029 εκ
674 4975 866 5031 mortis
897 4974 1101 5044 laqueis
1134 4975 1358 5029 exemit.
1412 4970 1562 5027 Unus
1591 4970 1736 5025 enim
1772 4986 1868 5040 pro
1895 4986 2012 5025 om-

443 5067 604 5122 nibus
635 5066 872 5122 moriens
917 5065 1195 5130 satisfecit,
1250 5076 1307 5118 ut
1347 5063 1434 5132 qui
1471 5063 1758 5132 plurimum
1803 5062 2012 5116 caeteris

443 5161 695 5215 omnibus
755 5160 1016 5231 dignitate
1067 5166 1366 5228 praestaret.
1419 5157 1556 5213 Nam
1596 5166 1648 5212 et
1699 5157 1791 5211 Dei
1836 5158 2012 5213 Patris

445 5249 679 5307 Verbum
713 5261 817 5316 est,
862 5261 917 5306 et
970 5259 1156 5304 natura
1201 5251 1362 5317 Deus,
1407 5261 1462 5306 et
1496 5264 1692 5318 corpus
1731 5253 1871 5319 quod
1917 5265 2013 5318 pro

445 5345 602 5401 nobis
633 5344 684 5399 in
713 5345 934 5400 odorem
964 5344 1247 5399 suavitatis
1290 5342 1395 5398 Deo
1440 5352 1495 5397 et
1537 5341 1682 5397 Patri
1726 5340 2009 5404 offerebat,

445 5441 587 5496 illius
625 5438 900 5509 proprium
957 5435 1074 5492 fuit.
1134 5432 1355 5504 [inpium
1398 5443 1481 5491 est
1530 5450 1692 5505 ergo,
1747 5425 2012 5502 longeque

444 5515 920 5594 absurdissimum,
969 5543 1132 5583 unum
1194 5528 1476 5582 Dominum
1530 5533 1770 5581 nostrum
1825 5521 2005 5579 Iesum

444 5620 719 5676 Christum
749 5620 803 5675 in
833 5619 968 5676 duos
995 5619 1135 5674 ﬁlios
1175 5618 1447 5685 divellere,
1478 5617 1710 5672 maxime
1758 5631 1878 5671 cum
1924 5631 2009 5669 sa-

513 5815 866 5886 ‘Pltilipp.tt.
913 5819 998 5883 10,
1048 5820 1126 5873 ll.
1206 5819 1415 5873 'llvzlrr.
1447 5820 1559 5883 ι,6.
1639 5818 1804 5874 ’Cor.
1843 5835 1930 5886 xv,
1973 5815 2056 5875 l5.

2112 4629 2231 4666 πων
2261 4610 2416 4680 γένος
2447 4613 2476 4664 6
2509 4613 2730 4666 ἐκείνων
2761 4612 3010 4676 θάνατος,
3033 4613 3238 4665 σέσωκε
3267 4613 3322 4665 δὲ
3351 4613 3381 4664 6
3404 4606 3646 4681 Χριστοῦ·

2114 4703 2521 4773 προσκεκόμικε
2559 4705 2668 4774 γὰρ
2705 4703 2842 4774 ὑπὲρ
2875 4703 3032 4774 ἡμῶν
3061 4702 3159 4773 τὴν
3187 4702 3322 4755 ἰδίαν
3367 4703 3553 4770 σάρκα,
3573 4696 3650 4749 καὶ

2111 4793 2236 4858 δοὺς
2264 4793 2466 4865 αὐτὴνὶ
2527 4794 2605 4864 τῷ
2633 4794 2848 4863 θανάτῳ
2893 4793 2962 4847 δι’
3004 4793 3173 4863 ἡμᾶς,
3213 4793 3418 4855 πάντας
3445 4789 3650 4856 ἐξείλετο

2109 4885 2221 4938 τῶν
2266 4886 2359 4939 τοῦ
2405 4885 2634 4939 θανάτου
2683 4885 2918 4956 δεσμῶν.
2965 4885 3205 4955 Ἥρκεσε
3258 4882 3365 4954 γάρ
3416 4878 3492 4943 εἷς
3533 4878 3647 4945 ὑπὲρ

2113 4975 2333 5029 πάντων
2383 4975 2668 5028 ἀποθανὼν
2725 4979 2752 5029 6
2803 4976 3022 5032 πάντων
3068 4976 3391 5045 ἀξιώτερος,
3444 4974 3525 5025 ὅτι
3572 4966 3645 5021 καὶ

2113 5066 2277 5136 φύσει
2311 5067 2444 5130 Θεὸς
2472 5068 2500 5119 ὁ
2530 5068 2593 5119 ὲκ
2621 5068 2830 5137 Πατρός
2863 5071 2981 5122 ὲστι
3009 5069 3199 5136 Λόγος,
3231 5061 3326 5120 καὶ
3359 5065 3480 5119 [διον
3508 5056 3644 5118 αὐτοῦ

2114 5155 2295 5225 σῶμα,
2325 5155 2385 5208 τὸ
2409 5155 2549 5226 ὑπὲρ
2583 5155 2742 5225 ἡμῶν
2772 5159 2852 5220 είς
2877 5158 3052 5228 ὀσμὴν
3080 5157 3308 5222 εὐωδίας
3337 5157 3408 5227 τῷ
3431 5154 3542 5221 Θεῴ
3570 5150 3643 5205 καὶ

2115 5245 2292 5318 Πατρὶ
2325 5248 2886 5317 προσκεκομισμένον.
2935 5249 3144 5302 Οὐκοῦν
3192 5246 3381 5307 ἀσεδὲς
3400 5283 3412 5305 ,
3443 5243 3532 5294 καὶ
3557 5237 3643 5290 τῶν

2111 5336 2234 5390 λίαν
2267 5336 2682 5402 ὲκτοπωτάτων,
2714 5336 2774 5390 τὸ
2798 5337 3017 5411 τέμνειν
3044 5339 3118 5399 είς
3154 5335 3301 5399 υἱοὺς
3332 5334 3427 5388 δύο
3459 5330 3538 5384 τὸν
3564 5329 3640 5382 ἕνα

2112 5428 2315 5502 Κύριον
2348 5428 2557 5500 Ἰησοῦν
2602 5431 2854 5501 Χριστόν.
2894 5429 3260 5494 ’Λντιτάξεται
3300 5427 3352 5479 δὲ
3381 5419 3644 5484 αὐτοῖςκαὶ

2115 5521 2146 5574 6
2173 5520 2480 5590 σοφώτατος
2516 5520 2730 5588 Παῦλος
2762 5521 2966 5587 λέγων·
3007 5538 3026 5570 ι
3069 5516 3163 5581 Εἷς
3199 5517 3411 5587 Κύριος,
3443 5515 3534 5583 μία
3567 5509 3641 5560 πί·

2116 5629 2254 5676 στις,
2297 5612 2355 5666 ἓν
2387 5613 2693 5685 βάπτισμα.
2735 5631 2756 5666 ι
2791 5612 2854 5668 Εί
2879 5611 2987 5684 γάρ
3031 5611 3146 5664 ἐστι
3182 5607 3377 5678 Κύριος
3406 5598 3484 5666 εἷς
3546 5595 3642 5654 εἶτα
