3952 6572
265 372 374 429 993

1229 367 1601 429 PANOPLIA
1640 365 2097 433 DOGMATlCA.
2126 395 2199 405 —
2235 370 2383 431 TlT.
2426 369 2541 429 λιν.

3424 376 3531 442 994

260 511 527 579 τέμνουσί
550 530 695 575 τινες
734 515 813 578 είς
844 513 938 568 δύο
973 513 1120 574 υἱοὺς
1164 512 1253 565 τὸν
1286 511 1404 573 ἕνα,
1447 509 1553 562 τίνι
1597 510 1696 578 τὴν
1740 506 1842 578 τῆς

1958 510 2333 584 pientissimus
2367 511 2563 566 Paulus
2608 512 2733 567 huic
2771 516 3058 571 sententia:
3106 515 3308 572 diserte
3352 520 3526 573 recla-

257 604 588 672 κυριότητος
615 604 772 668 δόξαν
805 604 1206 675 περιθήσομεν;
1255 599 1363 673 ἆρα
1410 600 1487 671 τῷ
1532 602 1595 652 ὲκ
1632 597 1842 669 ιιατρδς

256 693 426 759 φύντι
474 694 667 764 Λόγῳς
704 694 907 764 πρέπει
958 694 1067 765 γὰρ
1112 692 1260 762 αὐτῷ
1288 693 1346 745 τὸ
1375 695 1472 762 τῆς
1520 690 1843 761 κυριότητος

255 784 439 853 δνομά
464 788 520 835 τε
560 785 795 853 μάλιστα
824 784 915 836 καὶ
941 782 1151 853 χρῆμα,
1180 782 1275 835 καὶ
1303 780 1448 834 ἔστιν
1487 780 1701 850 ἀληθῶς
1730 778 1841 831 τῶν

254 874 401 927 ὅλων
434 875 733 943 Δεσπότης.
772 869 903 927 Εἶτα
938 875 1061 927 ὅποι
1092 874 1222 926 ποτὲ
1249 873 1339 925 τὸν
1367 872 1551 944 ἕτερον
1571 872 1837 943 θήσομενς

252 965 367 1029 ἔξω
418 966 530 1036 γάρ
560 966 803 1019 κείσεται
837 965 929 1019 τοῦ
958 962 1097 1019 εἶναι
1135 965 1359 1034 Κύριος,
1387 965 1730 1036 παραχωρῶν
1764 963 1841 1033 τῷ

252 1058 701 1127 προϋπάρχοντι,
743 1057 839 1110 καὶ
871 1057 1220 1129 ἀσυγκρίτως
1258 1057 1642 1126 ὐπερηρμένῳ.
1679 1053 1840 1106 Ἀλλά

251 1150 337 1219 τῷ
370 1151 437 1201 ἐκ
467 1148 745 1217 γυναικὸς,
777 1148 851 1212 ὡς
885 1149 1037 1202 αὐτοί
1080 1165 1243 1217 φασιν
1279 1146 1711 1208 ἀποδιιστάντες,
1743 1144 1841 1207 τὴν

250 1242 360 1310 τῆς
418 1240 739 1310 κυριότητος
788 1240 1067 1311 ἀνάψομεν
1106 1239 1279 1304 δόξαν.
1336 1234 1469 1291 Εἶτα
1521 1237 1638 1299 πῶς
1683 1236 1842 1289 ἔσται

250 1332 469 1400 Κύριος
512 1333 540 1384 ό
579 1331 643 1383 ὲκ
684 1329 819 1383 Θεοῦ
856 1331 1070 1403 Πατρὸς
1108 1331 1301 1398 Λόγος,
1354 1331 1507 1400 εἴπερ
1542 1328 1691 1390 ὄντος
1724 1327 1842 1388 ἐνὸς

250 1422 493 1489 Κυρίου,
529 1420 671 1473 κατά
714 1420 813 1483 τὰς
861 1422 1121 1492 Γραφάς,
1168 1418 1440 1492 ἀνθρώπῳ
1470 1418 1609 1488 ψιλῷ
1646 1418 1707 1470 τὸ
1740 1417 1840 1487 τῆς

249 1512 583 1580 κυριότητος
608 1512 778 1583 ὄνομα
803 1511 1177 1582 χαριούμεθα;
1226 1511 1349 1575 Πῶς
1387 1510 1443 1563 δὲ
1476 1511 1567 1561 καὶ
1618 1508 1715 1578 μία
1750 1505 1840 1559 πί-

252 1620 415 1665 στις;
445 1603 479 1673 ἦ
512 1602 629 1666 πῶς
654 1604 711 1656 ἓν
735 1603 796 1656 τὸ
822 1603 1137 1674 βάπτισμας
1169 1605 1235 1656 Et
1263 1604 1371 1673 γὰρ
1400 1603 1504 1655 υἱοὶ
1532 1600 1653 1666 δύο,
1701 1598 1841 1653 κατά

248 1713 437 1758 τινας,
482 1696 563 1757 είς
603 1694 724 1746 τίνα
773 1695 1135 1765 πιστεύομεν;
1180 1693 1293 1764 Τῆς
1332 1692 1554 1745 ἐκείνων
1600 1688 1838 1759 ἀμαθίας

247 1785 424 1855 ἔργον
465 1784 531 1838 ἂν
564 1783 650 1855 εἴη
680 1783 881 1851 λέγειν,
930 1783 1009 1847 είς
1040 1802 1093 1853 γι
1148 1785 1293 1848 τίνος
1353 1784 1524 1854 ὄνομα
1576 1777 1839 1854 βεϐαπτί-

250 1875 459 1945 σμεθα,
493 1874 670 1928 καίτοι
703 1874 1078 1944 βαπτίσματος
1115 1876 1265 1940 ὄντος
1296 1876 1433 1938 ἑνός.

1960 616 2088 661 ιιιει.
2117 606 2208 661 Ait
2247 605 2387 660 enim
2421 621 2437 657 :
2477 623 2496 656 ι
2540 603 2689 660 Unus
2722 607 3001 672 Dominus,
3038 624 3144 662 una
3181 608 3335 673 ﬁdes,
3362 625 3526 665 unum

1958 696 2224 764 baptisma
2278 697 2316 751 ‘.
2357 715 2375 749 ι
2413 694 2543 749 Nam
2574 696 2617 750 si
2652 712 2791 750 unus
2828 696 3087 752 duntaxat
3122 709 3204 752 est
3244 698 3525 765 Dominus,

1959 802 2116 856 quem
2149 787 2220 841 illi
2256 788 2309 841 in
2343 788 2475 841 duos
2510 788 2647 841 ﬁlios
2678 790 3026 854 distrahunt,
3055 789 3186 854 utri,
3224 805 3431 859 quaeso.
3458 804 3525 842 ex

1960 879 2066 934 illis
2114 878 2497 933 dominationis
2536 878 2759 948 gloriam
2806 879 3244 947 assignabimus?
3305 883 3385 933 An
3435 880 3525 933 Dei

1958 970 2135 1025 Patris
2168 972 2347 1040 genito
2378 969 2591 1024 Verbo?
2615 970 2669 1022 in
2705 970 2847 1023 hunc
2875 986 3124 1040 namque,
3152 986 3271 1024 eum
3312 972 3526 1024 univer-

1958 1076 2139 1115 sorum
2166 1060 2424 1114 Dominus
2457 1060 2630 1127 reipsa
2662 1059 2767 1122 sit,
2794 1068 2846 1112 et
2881 1061 3184 1114 dominatus
3214 1074 3440 1123 nomen,
3471 1070 3526 1114 et

1960 1168 2047 1207 res
2082 1153 2198 1218 ipsa
2230 1166 2445 1221 quoque
2477 1151 2645 1205 multo
2679 1154 2912 1208 maxime
2940 1153 3214 1207 convenit.
3248 1151 3393 1207 Cedo
3429 1168 3525 1205 au-

1959 1254 2091 1309 tem,
2131 1259 2237 1311 quo
2266 1243 2480 1296 interim
2531 1244 2649 1296 loco
2700 1242 2927 1296 alterum
2977 1242 3125 1296 illum
3165 1242 3527 1297 habebimus?

1956 1334 2089 1389 Nam
2126 1349 2245 1389 cum
2296 1334 2384 1388 hic
2428 1334 2591 1403 priori
2643 1333 2745 1398 illi,
2792 1340 2979 1402 utpote
3028 1332 3253 1387 inﬁnitis
3284 1332 3526 1401 partibus

1954 1425 2263 1490 excelsiori,
2300 1424 2422 1493 jure
2457 1425 2757 1492 meritoque
2802 1438 3055 1478 cessurus
3097 1424 3186 1487 sit,
3239 1438 3522 1477 necessum

1955 1527 2041 1571 est
2099 1526 2157 1571 ut
2204 1517 2586 1571 dominationis
2640 1514 2848 1568 titulum
2900 1528 3125 1582 prorsus
3171 1515 3403 1567 amittat.
3457 1517 3527 1567 At

1956 1608 2338 1663 dominationis
2370 1607 2575 1678 gloria,
2621 1616 2677 1661 ut
2718 1607 2792 1660 illi
2839 1606 2937 1674 ipsi
2977 1605 3067 1676 qui
3109 1615 3383 1675 separant,
3440 1604 3525 1659 di-

1955 1710 2108 1763 cunt,
2142 1714 2171 1752 ο
2207 1700 2428 1752 muliere
2460 1707 2723 1769 prognan
2753 1698 3039 1751 tribuetur.
3070 1695 3204 1750 Cum
3244 1694 3410 1764 igitur
3437 1710 3525 1749 sa-

1955 1806 2168 1844 erarum
2223 1789 2551 1843 Litterarum
2607 1789 2945 1852 testinmuio,
2984 1803 3125 1842 unus
3176 1796 3389 1841 tantum
3448 1786 3524 1841 sit

1887 1861 1925 1915 Β
1958 1882 2251 1947 Dominus;
2286 1882 2331 1935 si
2361 1880 2744 1935 dominationis
2786 1879 3101 1933 vocabulum
3134 1880 3277 1934 nudo
3310 1878 3524 1933 homini

254 1971 638 2039 impartimur,
709 1974 988 2042 quomodo
1022 1974 1116 2029 Dei
1150 1973 1325 2027 Patris
1382 1973 1616 2029 Verbum
1672 1974 2064 2029 dominationis
2108 1976 2471 2045 appellatione
2515 1978 3040 2033 cohonestahimus?
3067 1975 3355 2044 Quomodo
3400 1989 3521 2028 rur-

258 2080 387 2118 sum
423 2082 531 2120 una
589 2066 697 2121 erit
754 2068 905 2134 ﬁdes,
944 2080 999 2125 et
1034 2085 1201 2123 unum
1239 2070 1365 2123 item
1395 2069 1699 2139 baptisma?
1722 2067 1855 2121 Nam
1887 2068 1931 2123 si
1963 2067 2074 2123 duo
2116 2080 2246 2125 sunt
2278 2069 2398 2139 ﬁlii,
2458 2080 2516 2125 ut
2577 2071 2792 2141 quidam
2821 2072 3137 2141 opinantur,
3170 2069 3222 2123 in
3254 2080 3413 2137 quem
3451 2079 3521 2117 ex

257 2166 375 2221 illis
411 2167 737 2222 credimus?
772 2165 989 2222 Illorum
1041 2168 1272 2222 inScitite
1339 2166 1668 2229 eritdieere,
1704 2166 1757 2217 in
1812 2164 1970 2236 cujus
2002 2164 2166 2220 etiam
2210 2167 2436 2223 nomine
2488 2168 2748 2238 baptizati
2797 2182 3006 2239 sumus,
3058 2181 3182 2221 cum
3239 2177 3406 2217 unum
3449 2163 3523 2212 sit

253 2266 557 2335 baptisma.

348 2364 499 2419 Ἀλλ’
537 2364 639 2434 ἐρᾷ
676 2381 778 2417 που
816 2365 1031 2424 πάντως
1079 2364 1109 2429 ἡ
1160 2363 1217 2413 ὲν
1261 2360 1392 2431 ὑμῖν
1442 2359 1694 2428 ἀγχίνοια.
1745 2372 1842 2417 με·

254 2462 468 2515 θόοντά
499 2476 559 2512 τε
600 2459 690 2510 τὸν
737 2459 829 2510 ἐπὶ
878 2457 1050 2523 τούτῳ
1085 2454 1263 2521 λόγον,
1296 2456 1388 2505 καὶ
1419 2451 1844 2517 κατασειόμε.ον

255 2551 339 2613 et;
390 2567 456 2617 γε
491 2551 554 2602 τὸ
604 2547 856 2613 ἀκαλλὲς,
896 2547 1097 2617 μᾶλλον
1146 2547 1244 2615 ήδη
1288 2546 1381 2597 καὶ
1421 2543 1556 2611 πρὸς
1604 2541 1845 2611 ἐσχάτην

257 2644 527 2696 ἀπέὖειαν
551 2640 945 2695 ἁποννευκότα.
971 2635 1141 2708 Οἶμαι
1172 2637 1229 2690 δὲ
1258 2638 1371 2691 δεῖν
1403 2637 1568 2707 ὑμᾶς,
1593 2634 1656 2688 τὸ
1702 2634 1849 2688 θεῖον

269 2732 447 2788 αὐτοῦ
497 2734 1062 2804 πολυπραγμονούσας
1111 2736 1424 2803 μυστήριον,
1472 2732 1581 2796 ὸξεί
1619 2732 1856 2793 διανοίας

267 2825 491 2895 ὄμματι
536 2822 774 2893 καθορᾷ-ι
818 2823 945 2886 τοὺς
996 2824 1360 2893 συναρπάζειν
1397 2823 1711 2885 ἐθέλοντας,
1755 2823 1849 2876 καὶ

272 2917 625 2983 προσωπεῖον
656 2915 757 2983 μὲν
809 2914 1029 2976 εὐσεϐὲς
1064 2917 1176 2978 τοῖς
1208 2915 1360 2978 ἰδίοις
1387 2916 1851 2986 περιπλάττοντας

269 3005 483 3072 λόγοις,
518 3003 723 3074 βολίδος
746 3022 807 3073 γε
837 3006 942 3075 μὴν
972 3006 1187 3074 ἁπάσης
1228 3005 1479 3077 ὀξύτερον
1504 3006 1723 3075 ἔχοντας
1750 3007 1851 3059 αὐ-

267 3097 428 3158 τούς.
469 3095 784 3164 Ἀρνοῦντσι
822 3096 921 3166 μὲν
953 3097 1080 3166 γὰρ,
1120 3098 1243 3149 ὅσον
1272 3092 1407 3168 ἧκεν
1436 3098 1609 3152 εἰπεῖν
1636 3101 1716 3161 είς
1756 3098 1850 3152 δύ-

2020 2356 2276 2425 lntelligit
2326 2355 2614 2423 prudentia
2663 2362 2843 2411 vestra
2904 2350 3223 2421 perspicue,
3276 2348 3525 2401 insanam

1951 2449 2091 2503 hanc
2155 2445 2457 2502 doctrinam
2513 2445 2569 2498 in
2622 2458 2871 2513 magnam
2925 2441 3317 2495 absurditatem
3374 2437 3529 2489 incli-

1950 2554 2104 2604 nare,
2155 2539 2266 2594 imo
2297 2552 2427 2591 vero
2454 2537 2509 2590 in
2550 2546 2854 2591 extremam
2888 2532 3224 2604 impietatem
3284 2528 3533 2600 praecipi-

1950 2641 2057 2687 tem
2095 2629 2250 2685 ferri.
2280 2626 2547 2684 Existimo
2589 2634 2769 2684 autem
2800 2641 2919 2693 vos,
2947 2640 3068 2695 qua:
3108 2623 3354 2679 divinum
3400 2619 3532 2675 illud

1959 2731 2158 2786 Christi
2209 2729 2531 2799 mysterium
2583 2726 2887 2779 accuratius
2934 2719 3262 2791 expenditis,
3314 2716 3522 2787 perspi-

1954 2823 2068 2878 caci
2101 2824 2296 2877 mentis
2332 2822 2492 2878 oculo
2530 2820 2648 2875 illos
2683 2820 3078 2878 internoscere,
3117 2811 3205 2880 qni
3254 2810 3521 2878 imposta-

1954 2930 2072 2971 ram
2098 2915 2413 2979 tnoliuntur,
2444 2910 2785 2979 orationique
2826 2921 2935 2962 sua:
2984 2904 3196 2976 pietatis
3235 2912 3519 2970 personam

1956 3006 2238 3070 inducunt,
2272 3018 2394 3059 cum
2422 3001 2613 3071 quovis
2645 2999 2863 3054 interim
2897 3002 3158 3050 venenato
3180 2988 3359 3059 jaeulo
3399 3002 3519 3040 ma-

1954 3096 2038 3165 gis
2076 3093 2275 3148 feriant
2302 3106 2317 3146 :
2352 3106 2474 3147 nam
2500 3090 2545 3145 si
2574 3090 2717 3158 quod
2748 3101 2831 3141 res
2855 3086 2966 3154 ipsa
2992 3091 3095 3144 est,
3131 3080 3304 3149 palam
3334 3075 3515 3165 dicere

269 3205 339 3238 να
351 3204 447 3255 μιν
476 3163 737 3253 ἀληθείας
758 3227 773 3250 ,
825 3163 921 3239 τὸν
952 3163 1308 3257 ἀγοράσαντα.
1328 3188 1523 3251 αὐτοὺς
1551 3189 1848 3259 Δεσπότην,

1956 3163 2102 3250 licet,
2156 3184 2441 3239 Dominum
2497 3181 2586 3249 qui
2636 3194 2730 3234 eos
2777 3175 3023 3238 redemit,
3072 3172 3172 3225 hoc
3215 3176 3318 3233 est,
3353 3163 3518 3219 Chri-

270 3276 532 3329 τουτέστι
562 3276 819 3345 Χριστόν.
853 3276 1095 3340 Δεδιότες
1139 3277 1195 3330 δὲ
1240 3277 1348 3330 τῶν
1393 3277 1633 3331 εὐσεϐεῖν
1665 3279 1853 3331 εἰωθό-

269 3359 391 3418 των
431 3365 532 3428 τὰς
578 3366 675 3417 ἐπὶ
704 3366 840 3435 τῷδε
921 3366 1132 3432 λύπας,
1190 3368 1285 3421 καὶ
1329 3370 1510 3438 μέντοι
1554 3369 1712 3439 ζῆλον
1764 3371 1853 3422 τὶν

268 3459 612 3524 ἀξιάγαστον
642 3496 653 3520 ,
688 3458 1067 3528 ὁμολογοῦσιν,
1107 3461 1191 3512 ὃτι
1238 3461 1332 3512 καὶ
1375 3460 1505 3522 Θεός
1548 3462 1693 3512 ἐστιν
1729 3462 1758 3513 ὁ
1790 3463 1853 3513 ἐκ

266 3547 380 3617 τῆς
427 3548 591 3614 ἁγίας
621 3549 899 3618 Παρθένου
927 3551 1348 3620 γεγεννημένος,
1380 3551 1473 3603 καὶ
1502 3552 1608 3620 μὴν
1648 3551 1729 3603 ὅτι
1760 3552 1853 3603 καὶ

270 3638 489 3708 Κύριος
516 3678 531 3701 ,
587 3640 683 3692 καὶ
729 3639 857 3703 Υίὸς
907 3639 1002 3692 τοῦ
1044 3640 1200 3693 Θεοῦ.
1245 3642 1355 3693 Καὶ
1394 3642 1444 3693 εἰ
1490 3642 1588 3711 μέν
1622 3659 1703 3705 τις
1744 3641 1853 3695 τῶν

281 3728 483 3782 ἁπλῶν
512 3730 637 3793 τοὺς
670 3732 799 3801 παρ’
828 3729 1008 3785 αὐτῶν
1049 3730 1269 3801 δέξηται
1298 3731 1512 3799 λόγους,
1534 3736 1710 3801 νομιεῖ
1726 3753 1851 3797 που,

270 3818 423 3871 κατά
444 3818 506 3870 τὸ
549 3820 717 3885 είκὸς,
761 3820 897 3891 ὀρθὰ
923 3822 1017 3874 καὶ
1049 3822 1233 3875 εἰκότα
1261 3821 1458 3891 λέγειν,
1489 3824 1581 3877 καὶ
1608 3827 1719 3888 τοῖς
1752 3826 1854 3894 τῆς

269 3909 546 3979 ἀληθείας
580 3912 681 3966 οὐκ
711 3912 987 3984 ἀπᾴδοντα
1008 3913 1294 3984 δόγμασιν.
1326 3917 1387 3968 Et
1406 3917 1462 3969 δὲ
1487 3917 1551 3987 δή
1574 3935 1656 3981 τις
1681 3918 1854 3971 ἕλοιτο

272 4003 613 4073 κατισχνοῦν
666 4006 789 4068 ταῖς
828 4005 1077 4077 ὲρεύναις
1125 4007 1358 4070 αὐτοὺς,
1412 4009 1507 4062 καὶ
1555 4009 1616 4061 τὸ
1650 4009 1849 4080 ἀκριϐῆ

274 4096 559 4147 ποιεῖσθαι
603 4094 711 4148 τῶν
750 4097 1055 4168 είρημὲνων
1087 4098 1184 4168 τὴν
1233 4098 1484 4168 βάσανον,
1520 4101 1616 4169 οὐχ
1653 4100 1855 4154 ἁπλοῦν

272 4180 527 4255 εὑρήσει.
555 4186 677 4239 Εἰσὶ
705 4187 801 4258 μὲν
830 4187 939 4259 γὰρ
966 4188 1076 4241 θεολ⁵
1104 4189 1311 4254 πολλοὶ,
1339 4191 1433 4243 καὶ
1460 4191 1640 4262 κύριοι
1673 4193 1858 4247 πολλοὶ

272 4276 335 4329 ἐν
371 4294 436 4330 τε
470 4276 688 4347 οὐρανῷ
720 4278 815 4330 καὶ
843 4278 935 4331 ἐπὶ
968 4278 1065 4348 τῆς
1090 4280 1213 4348 γῆς,
1236 4281 1377 4333 καθά
1409 4281 1504 4334 καὶ
1531 4284 1560 4334 ό
1590 4284 1857 4354 μακάριος

274 4368 419 4435 ἡμῖν
454 4367 658 4435 γράφει
690 4365 921 4429 Παῦλος.
962 4386 981 4419 ‹
1030 4367 1189 4421 Ἀλλά
1227 4370 1358 4439 ⁴ἡμῖν
1395 4367 1476 4432 εἷς
1520 4371 1652 4433 Θεὸς
1680 4372 1708 4423 ὁ
1740 4374 1854 4424 Πα-

270 4460 384 4528 τὴρ
406 4498 421 4519 ,
469 4458 529 4522 ἐξ
556 4453 617 4513 οὗ
645 4458 712 4513 τά
750 4459 927 4512 πάντα
948 4499 963 4523 ,
1011 4459 1107 4513 καὶ¹
1142 4462 1301 4530 ἡμεῖς
1326 4463 1407 4525 είς
1430 4463 1622 4516 αὐτόν’
1654 4464 1748 4516 καὶ
1777 4458 1857 4527 εἷς

1954 3284 2119 3338 stum,
2180 3274 2508 3329 inﬁciantur.
2568 3269 2959 3324 Verumtamen
3024 3263 3231 3331 piorum
3276 3258 3345 3310 ob
3383 3256 3519 3307 hanc

1958 3383 2067 3422 rem
2117 3365 2505 3428 oﬁ‘ensionem,
2562 3362 2845 3428 zelumque
2896 3352 3239 3409 :emulatinne
3299 3347 3519 3415 dignum

1956 3470 2280 3523 metuentes,
2312 3473 2433 3511 eum
2468 3456 2560 3525 qui
2593 3470 2658 3507 ex
2693 3466 2847 3506 sacra
2882 3446 3099 3517 Virgine
3131 3450 3287 3496 natus
3320 3449 3436 3498 est,
3467 3444 3523 3488 et

1958 3552 2119 3605 Deum
2154 3565 2207 3604 et
2233 3548 2541 3609 Dominum,
2571 3555 2624 3600 et
2669 3543 2762 3597 Dei
2801 3541 2991 3594 Filium
3019 3551 3142 3590 esse
3173 3532 3514 3601 proﬁtentur.

1956 3639 2108 3705 Quod
2139 3639 2183 3692 si
2228 3639 2319 3706 qui
2367 3651 2431 3690 ex
2478 3632 2789 3689 radioribus
2839 3629 3047 3681 illorum
3078 3634 3353 3678 sermones
3385 3616 3523 3668 forte

1956 3731 2230 3794 hauriunt,
2257 3738 2401 3782 recta
2428 3742 2572 3790 mox,
2593 3734 2647 3776 ut
2686 3719 2963 3791 probabile
2993 3725 3096 3778 est,
3117 3723 3167 3766 et
3326 3720 3521 3763 conve-

1956 3821 2176 3884 nientia,
2212 3829 2265 3873 et
2288 3834 2406 3887 qua:
2440 3833 2469 3870 ιι
2505 3816 2732 3869 veritate
2761 3828 2863 3864 non
2900 3805 3259 3865 dissentiant,
3289 3800 3407 3853 illos
3443 3796 3521 3847 lo-

1953 3912 2045 3979 qui
2074 3886 2425 3962 arbitrantur.
2474 3905 2672 3959 Verum
2709 3904 2797 3972 qui
2841 3900 2982 3952 dicta
3031 3894 3241 3949 illorum
3279 3886 3522 3943 exactius

1956 3978 2386 4071 perscrutantur,
2418 3996 2658 4066 etjustis
2689 3992 3016 4064 ponderibus
3064 3984 3398 4045 examinant,
3437 3978 3521 4031 ni-

1959 4092 2030 4146 llil
2078 4107 2180 4145 non
2222 4093 2459 4144 ruentum
2498 4104 2562 4142 ac
2614 4086 2925 4155 perplexum
2980 4077 3319 4147 eomperiunt
3349 4089 3364 4127 :
3400 4078 3526 4125 sunt

1955 4184 2098 4239 enim
2128 4183 2198 4236 dii
2235 4181 2387 4236 multi
2424 4188 2479 4236 et
2530 4176 2732 4234 domini
2779 4173 2950 4237 nmlti,
2993 4181 3047 4226 et
3093 4171 3145 4224 in
3193 4165 3331 4222 ctelo
3368 4173 3424 4217 et
3470 4163 3523 4215 in

1954 4283 2121 4335 terra,
2145 4273 2599 4342 quemadmodum
2635 4268 2847 4323 divinus
2882 4262 3079 4319 Paulus
3122 4259 3383 4326 scriptum
3423 4268 3530 4306 no-

1955 4366 2038 4420 bis
2072 4366 2330 4432 reliqmt:
2380 4382 2399 4414 ι
2443 4361 2607 4414 Nobis
2647 4370 2824 4412 tamen
2871 4356 3008 4410 unus
3043 4363 3125 4407 est
3167 4352 3302 4404 Dens
3343 4347 3522 4407 Pater,

1952 4471 2020 4510 ex
2051 4470 2157 4524 quo
2181 4454 2385 4518 omnia,
2420 4461 2475 4505 et
2522 4465 2620 4504 nos
2665 4450 2718 4502 in
2762 4448 2954 4501 illum:
3000 4454 3054 4498 et
3092 4456 3231 4495 unus
3268 4436 3523 4491 Dominus

274 4548 487 4618 Κύριος
526 4548 733 4617 Ἰησοῦς
760 4548 1017 4619 Χριστὸς,
1042 4548 1110 4601 δι’
1138 4544 1199 4603 οῦ
1231 4551 1296 4603 τὰ
1328 4551 1528 4613 πάντα,
1572 4554 1667 4605 καὶ
1694 4553 1849 4621 ἡμεῖς

1956 4557 2139 4601 noster
2170 4544 2326 4599 Jesus
2359 4543 2625 4606 Christus,
2661 4554 2753 4609 per
2786 4552 2943 4606 quem
2974 4532 3177 4593 munia,
3214 4537 3262 4583 et
3302 4540 3397 4579 nos
3427 4537 3523 4591 per

272 4640 346 4693 δι’
378 4638 569 4693 αὐτοῦ.
596 4657 614 4690 ι
646 4640 793 4710 Πλὴν
821 4641 950 4693 ὅταν
978 4639 1184 4709 Ἰησοῦν
1209 4642 1442 4712 Χριστόν
1470 4642 1851 4714 ὀνομάζωμεν,

271 4729 369 4782 τὸν
414 4730 483 4780 ὲκ
526 4728 660 4781 Θεοῦ
708 4730 923 4799 Πατρὸς
971 4731 1143 4799 Λόγον
1192 4733 1251 4783 ὲν
1296 4732 1612 4804 ἀνθρωπεία
1671 4738 1854 4805 μορφῇ

276 4820 563 4889 πεφηνότα
598 4821 953 4890 σημαίνομεν,
980 4822 1077 4875 οὐκ
1101 4824 1159 4876 ὲν
1185 4823 1403 4894 χάριτος
1440 4827 1593 4895 μέρει
1632 4829 1725 4879 καὶ
1755 4829 1854 4879 ἐττη

272 4911 447 4964 ακτδν
500 4910 698 4976 ἔξωθεν
748 4910 939 4981 ἔχοντα
984 4913 1042 4966 τὸ
1084 4912 1331 4983 ἀξίωμα,
1377 4914 1511 4967 ἀλλὰ
1542 4914 1671 4970 ὄντα
1693 4900 1855 4969 τοῦτο

274 5002 419 5054 κατά
454 5001 733 5069 ἀλήθειαν,
780 5003 917 5072 ὅπερ
961 4998 1103 5057 εἶναι
1142 5004 1519 5058 πεπίστευται.
1566 5006 1697 5067 Θεὸς
1747 5007 1854 5079 γὰρ

269 5094 348 5147 ὢν
378 5094 542 5161 (posse
575 5094 666 5145 καὶ
694 5093 817 5163 δίχα
858 5094 1078 5163 σαρκὸς,
1115 5094 1391 5164 μεμένηκε
1420 5094 1552 5157 Θεὸς
1589 5097 1682 5149 καὶ
1716 5098 1855 5166 μετά

268 5184 484 5255 σαρκός
505 5202 517 5213 ·
552 5184 647 5237 καὶ
691 5185 815 5247 Υἱὸς
842 5186 918 5237 ὣν
948 5185 1107 5253 φύσει
1138 5188 1233 5240 καὶ
1285 5188 1389 5256 πρὸ
1426 5188 1643 5259 σαρκὸς,
1682 5190 1853 5259 μεμέ-

276 5291 445 5344 νηκεν
469 5272 599 5335 Υἱὸς
640 5273 737 5326 καὶ
773 5273 911 5343 ὅπερ
940 5271 957 5311 1
991 5273 1180 5341 γέγονε
1225 5273 1361 5342 σάρξ
1382 5292 1395 5304 ·
1426 5275 1518 5326 καὶ
1546 5276 1745 5345 Κύριος
1779 5274 1855 5329 ὢν

269 5365 499 5435 ἀληθῶς
536 5363 647 5417 τῶν
680 5364 836 5427 ὅλων,
870 5366 928 5416 ἐν
975 5366 1152 5436 τοιᾷδε
1199 5366 1361 5419 πάλιν
1408 5367 1598 5437 ὁρᾶται
1642 5368 1767 5440 δόξῃ
1836 5407 1851 5431 ,

275 5458 373 5511 ια),
404 5458 464 5507 ὲν
494 5456 879 5526 ἀνθρωπότητι
910 5456 1167 5524 γεγονώς.
1193 5458 1399 5510 Οὐκοῦν
1430 5462 1477 5510 εί
1506 5459 1636 5512 Θεὸν
1666 5460 1855 5528 ἀληθι-

272 5550 370 5603 νὸν
408 5543 547 5599 εἶναι
580 5547 797 5613 λέγουσι
833 5547 926 5599 τὸν
952 5548 1015 5599 ὲκ
1043 5549 1139 5617 τῆς
1169 5549 1329 5615 ἁγίας
1366 5550 1638 5621 Παρθένου
1663 5567 1855 5618 γεγεν-

271 5637 537 5707 νημένον,
580 5638 829 5691 τουτέστι
855 5636 946 5691 τὸν
975 5639 1039 5691 ἐκ
1071 5638 1205 5691 Θεοῦ
1238 5640 1449 5710 Πατρός
1487 5640 1682 5707 Λόγον,
1720 5641 1856 5695 κατά

366 5828 379 5856 θ
409 5822 591 5891 Ειιιμκε
644 5834 714 5883 tv,
749 5816 800 5871 5.

1954 4637 2130 4707 ipsum
2155 4636 2223 4688 ’°.
2261 4653 2280 4686 ι
2312 4635 2577 4688 Cmterum
2620 4645 2741 4685 cum
2785 4628 2875 4681 Dei
2925 4624 3101 4678 Patris
3130 4621 3365 4674 Verlnnn
3413 4614 3523 4668 hu-

1956 4744 2111 4782 mana
2148 4726 2315 4779 turma
2348 4725 2619 4787 indutum,
2650 4720 2831 4775 Jesum
2860 4715 3132 4773 Christum
3158 4710 3521 4770 nominamus,

1955 4821 2271 4889 dignitatem
2306 4820 2451 4873 hanc
2484 4831 2589 4871 non
2627 4815 2834 4867 muneri
2869 4810 3075 4871 datam,
3106 4814 3199 4859 aut
3230 4802 3278 4857 ei
3311 4800 3518 4855 extrin-

1953 4906 2119 4965 secus
2145 4907 2496 4963 adventitiam
2533 4902 2793 4973 obtigisse
2826 4896 3224 4970 signiﬁcamus;
3260 4892 3352 4945 sed
3381 4889 3523 4958 quod

1954 5002 2219 5056 creditum
2251 5008 2336 5055 est.
2364 5010 2507 5059 esse,
2543 4996 2645 5049 hoc
2679 4995 2852 5063 ipsum
2895 4987 3195 5046 secundum
3243 4982 3524 5038 veritatem

1954 5105 2075 5146 esse
2099 5090 2419 5144 indicamus.
2447 5086 2581 5140 Nam
2608 5099 2731 5141 eum
2766 5091 2918 5138 extra
2948 5093 3168 5136 carnem
3210 5086 3397 5144 suapte
3429 5088 3526 5128 na-

1958 5193 2079 5238 tura
2119 5181 2258 5235 Deus
2290 5189 2457 5245 esset,
2490 5186 2846 5248 posteaquam
2894 5185 3110 5228 carnem
3162 5169 3351 5232 induit,
3386 5166 3525 5220 Deus

1955 5288 2215 5329 essenon
2263 5272 2489 5326 destitit.
2549 5268 2780 5323 Rursum
2838 5280 2963 5321 cum
3017 5272 3141 5317 ante
3196 5265 3523 5325 assumptam

1960 5381 2181 5422 carnem
2238 5363 2502 5417 naturalis
2554 5360 2645 5415 Dei
2706 5359 2874 5413 Filius
2914 5366 3087 5417 esset,
3135 5351 3350 5421 quando
3395 5362 3527 5402 caro

1952 5458 2062 5527 jam
2094 5457 2290 5511 factum
2328 5463 2433 5517 est,
2466 5452 2584 5508 Filii
2622 5451 2881 5505 rationem
2916 5462 3019 5501 non
3056 5444 3255 5497 amisit.
3284 5440 3524 5492 Tandem

1956 5566 2078 5607 cum
2104 5550 2478 5603 universorum
2513 5544 2773 5600 Dominus
2804 5553 2927 5594 ante
2971 5538 3284 5593 exsisteret,
3320 5541 3527 5600 postea-

1955 5656 2116 5712 quam
2149 5640 2383 5695 humana
2417 5645 2605 5690 natura
2635 5641 2883 5686 ornatum
2914 5628 3135 5699 prodiit,
3162 5625 3227 5677 ab
3251 5636 3315 5676 eo
3340 5619 3529 5675 ordine
