3952 6550
307 375 415 440 997

1262 374 1638 435 PANOPLIA
1677 372 2139 437 DOGMATICA.
2180 401 2252 415 -
2289 378 2434 440 TIT.
2479 382 2600 443 XV.

3462 378 3568 443 998

304 491 542 560 αἵματος
567 488 661 543 καί⁵
701 487 927 560 σαρκὸς,
965 488 1055 541 ἶνα
1077 488 1104 541 6
1130 487 1260 551 Θεὸς
1296 486 1726 558 ὲνανθρωπήσας
1766 483 1871 553 νοῆι

2002 482 2201 539 factum
2225 498 2332 557 est,
2358 498 2412 543 ut
2449 491 2589 548 Deus
2608 490 2768 545 homo
2790 489 2964 546 factus
2991 498 3044 545 et
3081 504 3296 545 carnem
3329 501 3575 557 assump‘

300 596 414 640 ται,
445 579 543 631 καὶ
585 576 685 647 τὴν
714 577 990 647 ἡμετέραν
1033 577 1210 645 σάρκα
1242 574 1445 639 λαϐὼν,
1487 576 1581 627 καὶ
1613 573 1751 627 ίδίαν
1780 571 1881 629 αὐ-

302 669 398 723 τοῦ
434 669 823 738 ποιησάμενος,
855 668 963 731 ἵνα,
999 667 1249 739 καθάπερ
1286 669 1315 721 6
1344 667 1465 721 καθ’
1488 668 1631 737 ἡμᾶς
1662 664 1887 735 νοούμε-

306 779 396 823 νος
427 761 716 830 ἅνθρωπος
745 760 807 813 ὲκ
830 759 1007 829 ψυχῆς
1036 764 1129 813 καὶ
1156 758 1408 828 σώματος
1440 756 1521 821 εἷς
1550 759 1718 823 ἐστιν,
1740 756 1883 810 οὕτω

308 851 404 904 καὶ
432 852 592 914 αὐτὸς
619 845 697 913 εἷς
720 850 1054 921 ὁμολογῆται
1084 851 1352 923 ὑπάρχειν
1379 851 1505 914 Υίδς
1525 852 1620 904 καὶ
1654 850 1879 922 Κύριος.

315 940 430 994 Μία
454 941 563 1008 γὰρ
594 939 939 1011 ὁμολογεῖται
968 939 1127 1008 φύσις
1158 940 1447 1008 ἀνθρώπου
1472 941 1565 994 καὶ
1597 938 1877 1004 σύστασις,

305 1031 410 1081 κᾶν
430 1033 493 1083 ἐκ
516 1030 792 1101 διαφόρων
830 1032 1017 1099 νοῆται
1041 1031 1135 1086 καὶ
1168 1033 1482 1101 ἐτεροειδῶν
1516 1033 1876 1102 πραγμάτων.

316 1119 642 1190 Ἐτεροφυὲς
665 1121 762 1189 μὲν
781 1122 889 1191 γὰρ
909 1123 1352 1191 ὁμολογουμένως
1368 1124 1445 1186 ὡς
1461 1126 1597 1193 πρός
1616 1142 1677 1190 γε
1698 1124 1880 1194 ψυχὴν

303 1211 365 1260 τὸ
392 1209 553 1277 σῶμά
574 1213 721 1263 ἐστιν
740 1228 754 1243 ’
778 1212 894 1264 ἀλλ’
915 1211 1042 1264 ἴδιον
1062 1214 1230 1282 αὐτῆς
1248 1217 1340 1266 καὶ
1366 1215 1879 1269 συναποτελεστικὸν

301 1302 405 1369 τῆς
439 1302 789 1365 ὑποστάσεως
809 1302 904 1357 τοῦ
937 1304 1055 1365 ἑνὸς
1083 1304 1394 1374 ἀνθρώπου.
1420 1306 1529 1360 Καὶ
1549 1308 1623 1377 νῷ
1657 1308 1756 1376 μὲν
1784 1308 1879 1361 καὶ

302 1392 512 1464 θεωρίᾳ
544 1393 603 1445 τὸ
632 1393 888 1465 διάφορον
914 1396 1026 1449 τῶν
1058 1395 1464 1467 ὠνομασμένων
1496 1399 1597 1453 οὐκ
1626 1400 1878 1469 άσυμφα-

302 1485 412 1546 νὶς,
444 1486 477 1555 ἡ
512 1484 569 1538 δέ
615 1503 674 1552 γε
703 1486 941 1555 σύνοδος,
965 1490 1084 1561 ἦτοι
1117 1491 1412 1561 συνδρομὴ.
1445 1490 1502 1543 τὸ
1547 1492 1875 1561 ἀδιάτμητον

300 1572 524 1642 ἔχουσα,
554 1574 612 1627 ἒν
656 1577 911 1631 ἀποτελεῖ
958 1578 1099 1642 ζῶον
1135 1580 1226 1632 τὸν
1256 1580 1558 1650 ἄνθρωπον.
1612 1581 1668 1633 Ὀ
1695 1583 1873 1633 τοίνυν

304 1666 601 1739 μονογενὴς
626 1667 719 1720 τοῦ
743 1668 880 1722 Θεοῦ
908 1672 1078 1738 Λόγος
1107 1672 1207 1725 οὐκ
1238 1673 1521 1743 ἄνθρωπον
1550 1673 1873 1744 προσλαϐὼν

302 1756 573 1827 προῆλθεν
601 1758 920 1830 ἄνθρωπος,
954 1763 1111 1829 ἀλλὰ,
1145 1766 1237 1816 καί
1261 1782 1342 1816 τοι
1367 1765 1464 1836 τὴν
1499 1768 1564 1817 ἐκ
1592 1768 1723 1818 θεοῦ
1762 1767 1873 1819 lla.-

298 1846 435 1916 τρὺς
469 1848 781 1921 ἀπόρρητον
815 1850 952 1922 ἔχων
1001 1856 1273 1925 γέννησιν,
1305 1858 1390 1909 διὰ
1428 1857 1522 1910 τοῦ
1576 1860 1734 1923 ἁγίου
1780 1861 1872 1911 καὶ

297 1941 589 2008 ὁμοουσίου
642 1943 960 2013 Πνεύματος
1018 1948 1193 2019 ἐαυτῷ
1249 1949 1659 2021 δημιουργήσας
1722 1953 1870 2017 ναδ-ι,

297 2034 526 2101 γέγονεν
556 2035 863 2107 ἄνθρωπος.
897 2039 1187 2111 Τοιγάρτοι
1218 2042 1312 2094 xa‘l
1343 2035 1423 2105 εἷς
1452 2045 1673 2097 νοεῖται.

302 2151 418 2203 Τοῦ
456 2148 643 2204 αὐτοῦ
680 2151 749 2205 ἐκ
779 2151 887 2226 τοῦ
918 2153 1068 2222 πρὸς
1105 2156 1249 2221 τοὺς
1290 2156 1735 2226 πρεσϐυτέρους
1773 2158 1872 2211 καί

811 2222 1133 2291 διακόνους
1155 2222 1357 2296 λόγού.

372 2309 700 2382 Γεγέννηται
737 2314 836 2383 μὲν
868 2315 1316 2387 ὁμολογουμένως
1343 2316 1405 2383 ἐξ
1452 2318 1621 2387 αὐτῆς
1652 2319 1751 2388 τῆς
1780 2320 1872 2373 οὑ-

295 2403 422 2466 σίας
453 2404 547 2459 τοῦ
594 2406 807 2475 Harpe;
837 2409 864 2461 6
915 2406 1025 2471 ζῶν
1057 2425 1116 2461 τε
1154 2411 1248 2462 καὶ
1302 2411 1663 2476 ὲνυπόστατος
1704 2412 1870 2465 αὑτοῦ

295 2496 495 2562 Λόγος,
543 2498 600 2549 ἐν
650 2498 897 2567 ἐσχάτοις
933 2499 990 2552 δὲ
1046 2500 1147 2554 τοῦ
1192 2502 1389 2566 αἰῶνος
1415 2506 1645 2572 καιροῖς,
1684 2505 1872 2577 ἐπειδὴ

292 2588 490 2655 γέγονε
528 2589 682 2659 σὰρξ,
718 2591 996 2645 τουτέστιν
1034 2592 1218 2664 ήνὼθη
1252 2596 1415 2665 σαρκὶ
1449 2595 1625 2667 ψυχὴν
1672 2598 1869 2669 ἐχούσῃ

294 2681 400 2750 τὴν
430 2681 672 2750 λογικὴν,
708 2685 1065 2755 γεγεννῆσθαι
1092 2684 1311 2752 λέγεται
1343 2689 1619 2759 σαρκικῶς
1647 2695 1737 2743 καὶ
1780 2691 1871 2744 διὰ

294 2773 579 2839 γυναικός.
613 2774 795 2826 Ἕοικε
829 2775 885 2827 δέ
931 2794 1047 2837 πως
1082 2777 1160 2846 τῷ
1192 2778 1314 2831 καθ’
1346 2781 1494 2849 ἡμᾶς
1529 2780 1674 2852 τόκῳ
1698 2781 1758 2833 τὸ
1783 2781 1871 2835 ἐπ’

294 2863 449 2933 αὐτῷ
486 2866 809 2936 μυστήριον.
843 2868 911 2921 Ai
947 2868 1044 2938 μὲν
1072 2868 1181 2940 γὰρ
1217 2870 1327 2923 τῶν
1366 2873 1458 2925 ἐπὶ
1497 2876 1601 2943 γῆς
1636 2874 1871 2945 μητέρες

294 2955 672 3025 ὐπηρετοῦσαι
699 2960 767 3030 τῇ
798 2958 958 3028 φύσει
984 2960 1121 3023 πρὸς
1151 2961 1424 3030 γέννησιν,
1467 2960 1652 3033 ἔχουσι
1685 2964 1786 3036 μὲν
1813 2967 1871 3022 ὲν

296 3051 487 3118 μήτρᾳ
540 3050 893 3121 πηγνυμένην
944 3053 1085 3106 κατὰ
1142 3052 1316 3125 βραχὺ
1372 3056 1472 3126 τὴν
1520 3057 1722 3128 σάρκα,
1776 3060 1870 3114 καὶ

1983 576 2123 630 sisse
2155 589 2397 635 nostram
2435 582 2778 651 intelligatur,
2807 592 2861 638 et
2886 583 3158 652 propriam
3204 580 3480 636 eﬂ‘eeisse:
3508 589 3568 634 ut

1983 671 2438 740 quemadmodum
2504 688 2569 727 ex
2623 675 2802 728 anima
2862 683 2915 730 et
2942 688 3167 743 corpore
3219 686 3358 727 unus
3404 671 3567 725 homo

1985 763 2283 831 consurgit,
2336 764 2414 817 sic
2466 764 2636 834 ipsum
2697 780 2865 820 unum
2922 767 3114 822 Filium
3176 774 3229 818 et
3280 762 3564 817 Dotninnm

1982 853 2357 911 conliteamur.
2394 853 2507 909 Una
2541 859 2682 911 enim
2712 858 2944 913 hominis
2974 868 3057 912 est
3110 867 3299 910 natura
3356 862 3409 907 et
3434 870 3567 907 conv

1982 944 2219 1007 stitutio,
2250 946 2373 1000 licet
2404 962 2468 1000 ex
2498 947 2728 1002 diversis
2761 958 2813 1003 et
2845 948 3213 1002 dilierentibus
3247 946 3408 999 ro-hus
3433 959 3565 997 con-

1980 1038 2154 1093 sistat.
2188 1037 2421 1093 Alterius
2452 1040 2595 1095 enim
2634 1048 2835 1093 natura:
2864 1041 3180 1093 conﬁtemur
3202 1053 3319 1092 esse
3343 1050 3560 1101 corpus,

1980 1130 2025 1184 si
2055 1145 2175 1183 cum
2213 1131 2389 1183 anima
2422 1140 2783 1200 comparetur.
2826 1130 2928 1183 Sed
2955 1132 3225 1197 proprium
3261 1141 3438 1182 tamen
3480 1135 3562 1182 est

1980 1233 2175 1286 corpus
2206 1218 2375 1288 ipsius
2404 1229 2458 1274 et
2492 1219 2723 1273 hominis
2749 1220 2905 1271 unius
2938 1232 3221 1286 personam
3253 1215 3557 1285 perﬁciens.

1978 1310 2151 1377 Atque
2173 1308 2356 1363 animo
2384 1308 2600 1379 quidem
2636 1321 2690 1363 et
2723 1310 3048 1379 cogitatione
3090 1310 3375 1375 utriusque
3430 1321 3560 1374 per-

1978 1400 2873 1472 cipiturdiﬁ'erentia,congressus
2922 1411 3096 1453 autem
3135 1408 3188 1453 et
3240 1412 3559 1461 concursus,

1977 1504 2085 1543 που
2132 1492 2423 1545 admittens
2467 1491 2810 1554 divisionem,
2857 1508 3020 1545 unum
3078 1490 3312 1544 absolvit
3357 1489 3557 1542 animal

1978 1581 2270 1635 hominem.
2308 1582 2625 1653 Unigenitus
2655 1598 2804 1653 ergo,
2842 1584 2929 1635 Dei
2960 1582 3215 1646 Verbum,
3248 1597 3350 1634 non
3383 1579 3558 1632 homi-

1976 1685 2099 1726 nem
2139 1674 2411 1743 accipiens
2446 1675 2645 1743 prodiit
2678 1676 2861 1739 homo,
2890 1677 2980 1727 sed
3035 1687 3291 1727 arcanum
3349 1671 3555 1725 habens

1977 1778 2041 1815 ex
2070 1762 2226 1818 Patre
2251 1778 2455 1830 ortum,
2487 1782 2583 1836 per
2613 1776 2864 1822 sanctum
2906 1776 2959 1821 et
3015 1765 3254 1836 ejusdem
3308 1764 3554 1818 essentia:

1978 1854 2234 1924 Spiritum
2266 1858 2365 1912 sibi
2392 1859 2646 1925 templum
2689 1857 2984 1923 lahriraus,
3023 1856 3225 1910 factum
3249 1860 3331 1909 est
3370 1853 3554 1906 homo.

1975 1948 2337 2013 Quamobrem
2368 1960 2421 2003 et
2454 1967 2617 2003 unum
2657 1948 2992 2018 intelligitur.

2055 2148 2307 2213 Eiusdem
2335 2167 2399 2205 ea:
2422 2151 2665 2206 oratione
2691 2153 2758 2207 ad
2781 2151 3105 2221 presbyteros
3131 2160 3180 2207 et
3209 2149 3479 2203 diaconos.

2045 2312 2121 2368 Ex
2154 2312 2267 2382 ipsa
2301 2315 2543 2382 profecto
2577 2313 2756 2370 Patris
2786 2314 3022 2370 essentia
3059 2313 3306 2382 genitum
3333 2319 3415 2366 est
3468 2311 3552 2365 vi-

1974 2421 2106 2461 vens
2132 2404 2367 2460 Verbum
2409 2417 2461 2459 rt
2494 2409 2545 2460 in
2571 2422 2666 2462 sua
2694 2406 2997 2463 consistens
3038 2420 3290 2474 persona.
3346 2402 3450 2457 Sed
3500 2404 3551 2457 in

1973 2498 2231 2552 extremis
2257 2497 2439 2551 saeculi
2474 2499 2822 2567 temporibus,
2848 2512 2970 2552 cum
3020 2498 3219 2551 l'actum
3272 2504 3357 2551 est
3402 2510 3551 2565 caro,

1975 2588 2025 2641 id
2059 2596 2160 2651 est,
2193 2604 2313 2643 cum
2352 2603 2571 2642 carnem
2626 2592 2941 2660 assumpsit,
2996 2591 3227 2644 animam
3268 2592 3549 2645 habentem

1974 2680 2184 2735 ratione
2208 2679 2507 2747 praeditam,
2543 2691 2727 2734 natum
2753 2697 2877 2737 esse
2927 2682 3124 2737 dicitur
3166 2683 3217 2735 in
3266 2697 3449 2745 carne,
3499 2690 3555 2736 et

1972 2785 2069 2841 per
2110 2769 2415 2825 mulierem.
2477 2764 2635 2837 Quod
2681 2772 2895 2841 quidem
2949 2774 3262 2843 mysterium
3318 2773 3553 2826 humano

1972 2864 2149 2933 partui
2179 2863 2391 2917 videtur
2437 2861 2633 2917 simile.
2667 2860 2800 2916 Nam
2840 2873 3042 2918 matres
3072 2866 3285 2932 quidem
3322 2871 3553 2918 terrena:

1972 2954 2216 3009 serviunt
2267 2953 2335 3009 ad
2386 2954 2811 3024 generationem,
2873 2965 3208 3025 compactam
3260 2958 3326 3009 ad
3387 2956 3552 3011 breve

1974 3057 2185 3117 tempus
2211 3062 2433 3102 carnem
2481 3049 2533 3102 in
2572 3059 2726 3104 utero
2756 3061 2969 3117 gerunt,
3007 3057 3059 3104 et
3120 3048 3374 3103 inelhbili
3416 3065 3551 3117 qua-

293 3140 598 3211 ἀφράστοις
634 3142 776 3196 τισὶν
825 3143 1124 3214 ἐνεργείαις
1157 3144 1293 3199 Θεοῦ
1344 3147 1638 3217 προϊοῦσαν
1686 3168 1745 3205 τε
1772 3154 1865 3206 καὶ

1974 3137 2092 3193 dam
2125 3136 2217 3192 Dei
2266 3137 2462 3192 virtute
2491 3140 2917 3206 progredientem
2953 3139 3017 3193 ad
3078 3138 3375 3204 perfectam
3434 3137 3549 3192 for-

292 3232 686 3303 τελειουμένην
713 3234 792 3297 είς
822 3229 956 3299 εἶδος
996 3236 1057 3290 τὸ
1089 3224 1466 3308 ἀνθρώπινονῖ
1501 3244 1679 3313 ἐνίησι
1707 3245 1763 3299 δὲ
1789 3246 1868 3319 τῷ

294 3323 509 3395 ζώῳτδ
555 3326 770 3396 πνεῦμα
798 3327 930 3392 Θεὸς
962 3330 1084 3382 καθ’
1116 3329 1173 3383 ὃν
1203 3326 1310 3384 οἶδε
1364 3332 1585 3403 τρόπον.
1640 3337 1870 3393 Πλάττει

296 3416 413 3485 γὰρ
435 3416 648 3485 πνεῦμα
678 3417 968 3487 ἀνθρώπου
994 3424 1051 3474 ὲν
1070 3421 1219 3492 αὐτῷ
1247 3424 1384 3476 κατὰ
1415 3424 1513 3496 τὴν
1538 3426 1630 3479 τοῦ
1656 3430 1871 3501 Προφή-

295 3524 399 3560 του
428 3502 626 3578 φωνήν.
668 3511 890 3581 Ἕτερος
923 3512 980 3565 δε
1013 3515 1237 3584 σαρκὸς,
1266 3515 1356 3569 καὶ
1393 3519 1592 3589 ὁμοὲως
1626 3520 1813 3591 ἕτερος
1841 3526 1870 3577 6

293 3601 399 3669 τῆς
428 3600 602 3671 ψυχῆς
634 3603 749 3654 ἑστι
780 3603 958 3671 λόγος.
1008 3604 1143 3658 ’Δλλ’
1175 3609 1222 3659 εί
1254 3609 1347 3661 καὶ
1390 3611 1678 3678 γεγόνασιν
1709 3607 1869 3668 αὗται

299 3692 483 3761 μόνων
505 3692 613 3744 τῶν
642 3693 747 3745 ἀπὸ
775 3693 874 3761 γῆς
910 3695 1183 3763 σωμάτων
1210 3697 1466 3767 μητέρες,
1492 3699 1608 3752 ἀλλ’
1640 3696 1732 3754 οὖν
1750 3702 1869 3753 ὅλον

293 3784 663 3838 ἁποτεκοῦσαι
697 3788 757 3840 τὸ
794 3788 955 3852 ζῶον,
984 3788 1046 3840 τὸ
1077 3791 1141 3841 ἐκ
1171 3786 1347 3860 ψυχῆς
1383 3789 1439 3842 δὲ
1478 3790 1623 3860 λέγω
1645 3794 1740 3846 καὶ
1766 3795 1871 3847 σώ-

298 3893 494 3941 ματος,
518 3878 634 3947 οὐχιΔ
665 3880 828 3949 μέρος
857 3878 1103 3948 λέγονται
1130 3884 1331 3946 τεκεῖν,
1367 3881 1477 3937 οὐδ’
1499 3881 1564 3937 ἄν
1589 3884 1734 3939 εἴποι
1761 3903 1865 3951 τις,

295 3970 431 4037 φέρε
467 3970 663 4032 εἰπεῖν,
697 3969 803 4040 τὴν
843 3971 1123 4026 Ἐλισάὸετ
1146 3976 1475 4045 σαρκοτὸκον
1508 3977 1627 4048 μὲν.
1664 3980 1725 4032 οὐ
1760 3981 1868 4052 μὴν

294 4060 382 4112 ἔτι
421 4060 514 4113 καὶ
568 4059 889 4131 ψυχςτόκον.
936 4064 1218 4116 Ἐκτέτοκε
1268 4064 1376 4136 γὰρ
1408 4064 1731 4137 ψυχωθέντα
1775 4070 1869 4123 τὸν

294 4151 630 4219 Βαπτιοτήν.
680 4152 932 4207 Τοιοῦτόν
978 4170 1028 4206 τι
1080 4155 1395 4225 πεπρᾶχθαι
1450 4156 1869 4228 παραδεξόμεθα

294 4243 395 4296 καὶ
422 4245 513 4296 ὲπι
549 4247 617 4314 τῇ
642 4246 852 4312 γενέσει
885 4246 975 4297 τοῦ
1004 4246 1374 4316 Ἐμμανουήλ.
1405 4246 1735 4318 Γεγέννηται
1769 4250 1869 4319 μὲν

293 4336 425 4402 γὰρ,
466 4335 537 4391 ὡς
577 4343 731 4405 em,
765 4338 828 4389 ὲκ
861 4336 960 4403 τῆς
996 4336 1088 4388 τοῦ
1121 4336 1257 4388 Θεοῦ
1291 4336 1383 4389 καὶ
1422 4338 1633 4407 [ἰατρὸς
1676 4340 1868 4403 οὐσίας

292 4424 323 4475 6
375 4424 636 4495 μονογενὴ
697 4425 860 4477 αὐτοῦ
910 4426 1100 4488 Λόγος·
1133 4426 1320 4484 ἐπειδὴ
1350 4427 1405 4479 δὲ
1438 4430 1616 4497 σάρκα
1662 4428 1864 4491 λαϐὼν,

293 4518 393 4566 καὶ
428 4515 560 4567 ἰδίαν
592 4518 763 4589 αμτὴν
792 4518 1176 4585 ποιησάμενος,
1212 4520 1583 4587 κεχρημάτικε
1614 4520 1708 4571 καὶ
1745 4518 1869 4581 Υίὸς

292 4592 610 4675 ἀνθρώπου,
646 4608 737 4659 καὶ
768 4608 957 4675 γέγονε
982 4607 1103 4660 καθ’
1130 4609 1275 4676 ἡμᾶς
1298 4647 1312 4673 ,
1343 4608 1515 4672 οὐδὲν,
1534 4605 1713 4679 οἶμαι,
1740 4611 1870 4664 ἆτο-

292 4712 401 4749 πον
430 4699 625 4757 είπεῖν,
654 4697 855 4766 μᾶλλον
896 4698 951 4749 δὲ
982 4698 1282 4766 ἀναγκαῖον
1330 4698 1635 4769 ὁμολογεῖν,
1661 4702 1741 4753 ὅτι
1778 4682 1866 4768 γὲ.

291 4789 557 4858 γέννηται
589 4790 730 4860 κατρι
763 4792 942 4860 σάρκα
964 4789 1053 4842 διὰ
1084 4792 1374 4857 γυναικός’
1406 4790 1654 4857 καθάπερ
1674 4793 1870 4861 ἀμέλει

294 4879 395 4933 καὶ
430 4880 463 4949 ἠ
496 4880 591 4933 τοῦ
624 4880 910 4950 ἀνθρώπου
951 4880 1097 4949 ψυχὴ
1140 4879 1214 4949 τῷ
1241 4880 1354 4949 ίδίῳ
1401 4885 1869 4950 συναπογεννᾶται

296 4972 535 5041 σώματι,
562 4978 655 5025 καὶ
677 4972 753 5035 ὡς
784 4972 843 5025 ἓν
873 4972 1184 5037 λελόγισται
1228 4975 1365 5045 πρὸς
1395 4975 1548 5042 αὐτὸ,
1572 4978 1749 5031 καίτοι
1770 4978 1871 5048 τὴν

295 5064 464 5134 φύσιν
499 5066 664 5135 ἑτέρα
696 5065 827 5135 παρ’
859 5065 990 5118 αὐτὸ
1024 5065 1286 5136 νοουμένη
1318 5082 1379 5118 τε
1412 5066 1508 5121 καὶ
1550 5068 1873 5139 ὑπάρχουσα

291 5158 443 5211 κατὰ
458 5156 548 5209 τὸν
577 5156 705 5209 ἱδιον
727 5156 902 5225 λόγον.
934 5156 1050 5210 Κᾶν
1069 5155 1380 5227 είβοὺλοιτό
1412 5174 1494 5221 τις
1524 5159 1622 5228 τὴν
1651 5159 1746 5214 τοῦ
1766 5160 1873 5212 δεῖ-

294 5266 389 5311 νος
424 5249 633 5320 μητέρα
662 5249 865 5317 λέγειν,
895 5249 970 5311 ὠς
1004 5248 1120 5302 ἔστι
1166 5252 1266 5320 μὲν
1300 5251 1648 5321 σαρκοτόκος,
1674 5253 1737 5305 οὐ
1765 5255 1872 5322 μὴν

293 5341 381 5393 ἔτι
411 5342 502 5393 καὶ
530 5340 850 5410 ψυχοτόκος,
878 5342 1305 5413 περισσοεπήσει
1331 5342 1470 5395 λίαν.
1506 5342 1708 5395 Τέτοκε
1736 5344 1864 5413 γάρ,

290 5432 373 5494 ὡς
398 5431 557 5503 ἔφην,
614 5432 1022 5502 συντεθειμένον
1071 5433 1335 5503 εὐτέχνως
1381 5432 1440 5496 ἐξ
1493 5433 1763 5503 ἀνομοίων
1809 5434 1868 5487 τὸ

295 5522 460 5589 ζῶον,
490 5524 553 5576 έκ
598 5523 744 5575 δυοῖν
776 5521 899 5590 μὲν,
943 5522 1081 5591 πλὴν
1132 5522 1419 5593 ἄνθρωπον
1461 5522 1577 5585 ἕνα,
1615 5522 1867 5591 μένοντος

301 5616 405 5687 μὲν
441 5616 705 5686 ἑκατέρου
732 5613 878 5667 τοῦθ’
905 5614 1043 5685 ὅπερ
1080 5615 1216 5679 ἐστὶ,
1264 5613 1783 5685 συνδεδραμηκότων
1810 5616 1866 5669 δὲ

380 5800 397 5835 ¹
428 5800 567 5855 Psal.
603 5815 863 5868 cxxxvm,
888 5801 939 5857 5.

1972 3243 2116 3284 mam
2135 3227 2451 3283 humanam.
2480 3228 2618 3285 Deus
2637 3237 2813 3284 autem
2841 3228 3059 3283 animali
3082 3230 3330 3300 Spiritum
3355 3229 3550 3299 injicit.

1970 3319 2354 3375 Formatenim
2387 3319 2634 3390 spiritum
2668 3320 2902 3376 hominis
2944 3320 2995 3375 in
3018 3323 3156 3391 ipso,
3184 3329 3242 3375 ut
3296 3321 3373 3375 ait
3420 3321 3545 3376 Pro-

1969 3409 2127 3477 pheta
2160 3410 2198 3464 '.
2229 3407 2347 3463 Alia
2382 3417 2559 3462 autem
2592 3418 2674 3463 est
2716 3410 2918 3475 carnis,
2946 3420 2998 3465 et
3029 3396 3131 3463 alia
3164 3414 3357 3463 anima:
3388 3410 3545 3464 ratio.

1968 3498 2168 3555 Verum
2197 3498 2447 3570 quamvis
2480 3500 2647 3555 solius
2677 3503 2874 3556 terreni
2912 3503 3157 3574 corporis
3183 3513 3383 3556 matres
3412 3506 3547 3569 sint,

1970 3601 2151 3646 tamen
2186 3602 2353 3645 totum
2392 3590 2591 3646 animal
2613 3606 2678 3645 ex
2703 3593 2884 3648 anima
2910 3603 2963 3647 et
2994 3608 3223 3664 corpore
3265 3605 3545 3653 constans.

1968 3700 2074 3739 non
2110 3692 2285 3738 autem
2318 3694 2523 3754 partem
2550 3686 2804 3739 dicuntur
2843 3687 3135 3755 peperisse.
3194 3686 3365 3740 Nemo
3403 3690 3549 3741 etum

1968 3773 2385 3843 exempligratia
2421 3773 2641 3840 dixerit,
2670 3774 2941 3830 Elisaheth
2964 3791 3205 3842 carnem,
3235 3792 3339 3831 non
3365 3788 3544 3831 autem

1968 3867 2203 3921 animam
2234 3865 2525 3935 peperisse,
2563 3868 2758 3937 quippe
2791 3881 2908 3936 quae
2928 3868 3221 3922 animatum
3254 3868 3546 3937 thplisluut

1969 3959 2197 4031 peperit.
2225 3959 2354 4013 Tale
2382 3960 2636 4029 quiddam
2662 3974 2713 4014 et
2741 3958 2793 4013 in
2825 3960 3189 4015 Emtnanuelis
3216 3972 3336 4014 ortu
3368 3970 3545 4015 actum

1968 4066 2085 4107 esse
2116 4051 2367 4106 dicimus.
2400 4051 2653 4107 Genitum
2676 4052 2821 4105 enim
2867 4062 2951 4106 est
3006 4066 3068 4106 ex
3127 4050 3220 4106 Dei
3261 4060 3315 4106 et
3371 4051 3548 4106 Patris

1968 4143 2227 4208 essentia,
2265 4151 2325 4197 ut
2355 4142 2609 4203 diximus.
2665 4143 3001 4211 unigenitum
3058 4142 3227 4214 ipsius
3282 4141 3545 4199 Verbum.

1970 4236 2076 4292 Sed
2125 4246 2474 4307 posteaquam
2528 4252 2747 4293 carnem
2810 4253 3115 4303 assumens,
3170 4254 3398 4307 eamque
3445 4239 3545 4293 sibi

1969 4329 2240 4398 propriam
2274 4330 2502 4391 faciens,
2527 4329 2856 4384 declaratum
2889 4339 2972 4385 est
3001 4330 3162 4384 etiam
3217 4331 3384 4385 Filius
3447 4331 3546 4385 ho-

1971 4420 2155 4484 minis,
2187 4429 2241 4473 et
2272 4418 2473 4473 factum
2493 4422 2804 4488 est,quales
2824 4435 2920 4473 nos
2947 4434 3155 4481 sumus,
3183 4437 3285 4472 nun
3308 4421 3543 4472 alienum

1903 4507 1944 4561 D
1973 4520 2076 4577 est,
2109 4521 2166 4565 ut
2192 4511 2450 4574 arbitror,
2493 4510 2693 4575 dicere,
2725 4510 2832 4564 imo
2876 4527 3001 4565 vero
3057 4512 3415 4565 necessarium
3462 4521 3546 4563 est

1968 4605 2239 4669 conﬁteri,
2282 4604 2457 4674 ipsum
2502 4618 2594 4674 per
2624 4603 2899 4657 mulierem
2935 4604 3172 4674 genitum
3211 4618 3331 4658 esse
3352 4618 3546 4657 secun-

1968 4698 2095 4751 dum
2153 4709 2392 4749 carnem.
2456 4693 2919 4760 Quemadmodum
2968 4705 3021 4748 et
3073 4695 3252 4748 anima
3311 4695 3547 4747 hominis

1967 4791 2222 4843 nimirum
2248 4786 2408 4841 simul
2442 4802 2565 4841 cum
2622 4789 2840 4857 proprio
2897 4802 3124 4856 corpore
3179 4787 3442 4849 nascitur,
3491 4799 3545 4840 et.

1970 4898 2135 4937 unum
2169 4897 2292 4936 cum
2327 4881 2445 4951 ipso
2473 4890 2746 4947 censetur,
2783 4880 3030 4951 quamvis
3082 4892 3273 4934 natura
3330 4880 3543 4934 diversa

1970 4983 2362 5041 cognoscatur,
2397 4984 2450 5030 et
2474 4974 2546 5029 sit
2573 4976 2781 5031 ratione
2839 4976 3073 5043 propria.
3122 4974 3276 5041 Quod
3331 4974 3375 5028 si
3420 4973 3544 5043 quis

1972 5076 2194 5121 matrem
2228 5066 2477 5136 alicujus,
2506 5081 2723 5122 carnem
2767 5067 2955 5137 ipsius,
3026 5081 3134 5121 non
3177 5079 3356 5121 autem
3421 5066 3541 5120 ani-

1973 5174 2113 5212 mam
2142 5160 2418 5228 peperisse
2441 5159 2659 5224 dixerit,
2714 5160 2925 5229 ineptus
2966 5170 3034 5227 ,‘et
3058 5175 3225 5214 vanus
3267 5159 3543 5215 existima-

1972 5254 2136 5306 bitur.
2199 5251 2605 5319 Peperiteuim,
2673 5252 2886 5317 utdixi,
2954 5252 3313 5323 compositum
3383 5252 3541 5321 plane

1969 5359 2037 5399 ex
2085 5344 2441 5399 dissimilibus
2484 5344 2703 5407 animal,
2766 5360 2830 5398 ex
2857 5344 3066 5398 duobus
3155 5345 3409 5398 nimirum
3486 5344 3537 5398 in

1969 5450 2134 5488 unum
2210 5435 2521 5503 hominem,
2610 5452 2729 5491 cum
2812 5449 3099 5505 utrumque
3185 5445 3401 5491 maneat
3485 5435 3536 5490 id

1965 5526 2106 5593 quod
2158 5533 2263 5591 est,
2294 5534 2621 5580 concurrant
2685 5535 2865 5580 tamen
2924 5526 3077 5594 quasi
3136 5525 3189 5578 in
3279 5526 3537 5582 unitatem

1964 5616 2319 5684 naturalem,
2374 5626 2536 5689 atque
2588 5618 2727 5672 inter
2804 5632 2862 5673 se
2937 5618 3346 5682 commisceam,
3398 5620 3539 5687 quod
