3846 6594
454 388 556 446 999

453 504 665 572 utrique
762 501 1036 572 proprium
1133 509 1264 554 est.
1363 498 1518 566 Quod

453 605 535 648 tas
611 594 662 646 in
746 589 959 646 Christo
1029 589 1099 644 sit
1165 588 1398 642 maxime
1476 587 1806 649 necessaria,
1901 599 2025 640 cum

453 684 575 736 aliis
635 679 819 733 multis
873 677 1171 732 rationibus
1218 676 1523 744 perspicere
1567 673 1881 728 facillimum
1933 674 2026 737 sit,

452 789 547 827 nos
587 780 790 834 tamen,
832 770 877 824 si
913 769 1143 831 videtur,
1184 769 1325 821 beati
1363 765 1517 820 Pauli
1581 764 1746 818 verba
1793 779 2029 834 perpen-

450 867 658 928 damus,
697 878 869 933 eaque
900 863 1188 932 diligenter
1216 874 1313 929 pro
1345 857 1554 914 viribus
1593 857 2025 911 consideremus.

450 957 522 1012 De
560 956 852 1027 Unigenito
881 957 1046 1027 igitur
1075 956 1206 1010 dicit
1245 954 1391 1020 :Qui
1444 970 1562 1009 cum
1593 954 1648 1007 in
1704 957 1877 1022 forma
1934 950 2031 1005 Dei

449 1059 598 1111 esset,
634 1067 737 1104 non
769 1051 1010 1118 rapinam
1047 1049 1338 1102 arbitratus
1384 1058 1460 1103 est
1507 1065 1616 1102 esse
1668 1063 1723 1100 se
1769 1045 2028 1117 (aqualem

451 1142 555 1196 Deo
582 1159 600 1205 ;
629 1143 716 1195 sed
755 1145 1085 1210 semetipsum
1124 1145 1435 1208 exinanivit,
1460 1143 1683 1209 formam
1709 1142 1845 1194 servi
1883 1140 2029 1194 acci-

448 1237 612 1304 piens,
664 1247 712 1290 et
750 1237 933 1290 habitu
991 1240 1224 1292 iuventus
1291 1245 1347 1291 ut
1388 1239 1560 1301 homo,
1633 1234 1931 1288 Immiliavit
1977 1249 2031 1287 se

448 1329 686 1397 ipsum'.
748 1327 880 1394 Quis
927 1329 1088 1396 igitur
1137 1335 1240 1392 est,
1275 1329 1366 1396 qui
1423 1343 1543 1382 cum
1605 1326 1656 1380 in
1711 1325 1880 1378 fortna
1935 1325 2026 1379 Dei

448 1427 612 1486 esset,
651 1433 756 1473 non
793 1419 1032 1486 rapinam
1062 1419 1359 1474 arbitratus
1394 1426 1477 1472 est
1514 1429 1634 1472 esse
1667 1430 1727 1470 se
1753 1413 2027 1484 aequalem

450 1510 581 1574 Deo,
621 1519 712 1563 aut
745 1525 852 1580 quo
883 1511 1188 1565 exinanitus
1245 1520 1328 1566 est
1376 1510 1557 1575 modo,
1619 1517 1710 1563 aut
1756 1509 2030 1578 quomodo

450 1613 569 1654 sese
606 1600 926 1664 humiliavit,
984 1607 1038 1655 et
1089 1603 1143 1656 in
1183 1603 1325 1655 servi
1376 1600 1548 1656 forma
1603 1601 1854 1654 inventus
1899 1598 2031 1652 est?

454 1691 555 1758 Qui
585 1691 636 1745 in
663 1690 766 1745 duo
790 1703 974 1749 secant
1002 1711 1164 1747 unum
1199 1693 1481 1747 Dominum
1519 1693 1700 1747 Jesum
1730 1692 2026 1752 Christum.

451 1805 640 1859 nempe
669 1791 718 1843 in
767 1790 1061 1852 hominem.
1109 1799 1162 1845 et
1191 1793 1244 1844 in
1297 1790 1528 1845 Verbum
1551 1790 1663 1856 Dei,
1689 1791 1876 1843 dicunt
1904 1803 2027 1842 cum

450 1883 539 1948 qui
569 1891 732 1935 natus
760 1892 845 1936 est
873 1897 938 1936 ex
979 1880 1197 1951 Virgine
1229 1883 1652 1936 exiuauitiouem
1685 1880 1941 1942 subiisse,
1965 1882 2032 1933 ab

451 1973 541 2025 illo
598 1972 851 2028 videlicet
905 1984 1224 2040 separantes
1285 1973 1375 2026 Dci
1440 1970 1694 2027 Verbum.
1730 1971 2034 2026 Ostendaut

451 2063 614 2128 igitur
662 2065 812 2133 prius
854 2065 999 2118 illum
1053 2065 1106 2118 iu
1156 2065 1326 2119 forma
1375 2074 1430 2119 et
1486 2065 1790 2132 aequalitate
1849 2065 2032 2118 Patris

446 2151 740 2217 exstitisse,
774 2160 834 2206 ut
880 2162 934 2207 et
980 2152 1366 2208 exinanitiouis
1419 2151 1634 2207 modum
1690 2151 1941 2217 subierit,
1978 2153 2032 2206 in

447 2256 552 2310 qua
599 2255 704 2293 nou
741 2249 880 2294 erat.
921 2240 1117 2294 Verum
1160 2240 1306 2294 nulla
1333 2254 1419 2295 res
1458 2248 1538 2294 est
1573 2250 1882 2310 procreata,
1913 2254 2034 2309 qua:

449 2342 637 2384 natura
675 2331 890 2400 propria
921 2332 992 2386 sit
1030 2332 1086 2386 iu
1151 2331 1327 2386 Patris
1383 2332 1714 2401 aequalitate.
1752 2331 2035 2398 Quomodo

448 2422 611 2491 igitur
635 2424 833 2478 dicitur
863 2425 1193 2490 exinanitus,
1227 2424 1272 2480 si
1311 2432 1500 2478 natura
1547 2425 1707 2479 homo
1760 2425 2034 2480 exsistens

449 2526 606 2570 natus
640 2528 723 2570 est
779 2530 846 2569 ex
901 2516 1145 2581 muliere,
1201 2516 1656 2588 quemadmodum
1715 2517 1866 2571 nos?
1939 2517 2034 2572 Die

448 2609 602 2673 mihi,
632 2624 695 2664 ex
716 2624 820 2676 qua
854 2608 1158 2674 antiquiore
1179 2608 1510 2672 conditione,
1546 2621 1666 2678 quae
1693 2609 1764 2663 sit
1795 2608 2031 2662 humana

447 2704 806 2772 praestantior,
856 2717 920 2755 eo
972 2700 1276 2769 descendit,
1328 2710 1385 2756 ut
1447 2701 1609 2756 homo
1663 2699 1860 2756 ﬁeret?
1926 2701 2032 2753 Aut

446 2809 644 2864 quovuo
667 2797 714 2848 lo
745 2794 1074 2864 intelligatur
1100 2793 1240 2848 servi
1274 2793 1501 2848 formam
1525 2791 1850 2862 suscepisse.
1869 2803 2032 2861 quam

448 2887 710 2954 principio
739 2903 846 2940 non
895 2885 1164 2949 habuerit,
1195 2886 1285 2954 qui
1346 2895 1539 2939 natura
1580 2894 1664 2940 est
1723 2884 1864 2938 inter
1918 2895 2035 2939 ser-

447 2993 565 3042 vos,
641 2990 694 3031 et
759 2985 938 3032 manet
988 2979 1089 3032 sub
1149 2978 1278 3048 iugo
1348 2975 1676 3030 servitutis?
1742 2977 1810 3028 At
1865 2976 2032 3038 enim,

448 3070 718 3138 ἰιιιιιιῖιιιιι,
760 3071 850 3140 qui
899 3080 1109 3134 natura,
1145 3080 1198 3124 et
1231 3085 1382 3130 vere.
1431 3080 1485 3124 et
1528 3069 1666 3125 liber
1716 3078 1799 3124 est
1843 3067 2032 3134 Filius,

1673 380 2058 444 EUTHYMII
2113 383 2152 440 Ζ
2167 381 2477 441 [ΟᾹΒΕΧῙ

1625 508 1806 554 autem
1850 497 1852 499 ’
1895 497 2020 552 uni-
2048 496 2095 555 Α
2125 495 2314 567 ὥσπερ
2346 498 2426 562 είς
2454 497 2680 563 ἑνότητα
2708 501 2965 566 φυτικὴν,
2993 497 3088 549 καὶ
3120 491 3235 550 οἷον
3260 497 3673 565 ἀνακιρναμένων

3563 381 3669 449 bibo

2135 589 2406 657 ἀλλήλοιν,
2445 591 2582 661 ὅπερ
2616 589 2686 644 ἂν
2717 590 2792 652 ὡς
2823 588 2953 643 τδιον
2998 589 3247 658 ἑκατέρῳ
3278 591 3475 656 προσῇ.
3501 588 3609 642 Ὀτι
3631 589 3674 642 δέ

2137 684 2286 734 ἐστιν
2315 685 2728 752 ἀναγκαιοτάτη
2757 683 2879 736 λίαν
2912 683 2947 751 ἡ
2974 682 3168 743 ἓνωσις
3192 682 3288 734 ἐπὶ
3320 679 3571 749 Χριστοῦ,
3598 698 3676 735 καο-

2134 773 2406 844 ταθρῆσαι
2445 775 2576 845 ῥᾷον
2603 775 2698 826 καὶ
2745 774 3130 842 ἀταλαίπωρον
3174 772 3458 835 παντελῶς
3501 774 3586 825 καὶ
3608 773 3676 827 διὰ

2137 863 2346 917 πολλῶν
2367 864 2586 933 ἑτέρων.
2613 864 2749 934 Φέρε
2777 864 2906 932 γὰρ,
2937 867 2982 916 εί
3005 865 3172 928 δοκεῖ,
3195 864 3293 922 τὰς
3319 862 3414 915 τοῦ
3443 865 3676 934 μακαρίον

2138 951 2348 1006 Παύλου
2382 954 2932 1026 πολυπραγμονῶμεν
2958 958 3166 1023 φωνὰς.
3194 954 3442 1026 ἀκρι6ῶ;
3471 957 3560 1007 τὸν
3579 956 3677 1009 νοῦν

2136 1045 2229 1096 καὶ
2258 1044 2333 1108 ὡς
2388 1045 2468 1097 ἔνι
2513 1046 2727 1105 λεπτῶς
2758 1047 3137 1116 ὲνερείὸοντες.
3172 1048 3320 1114 Ἔφη
3358 1048 3538 1099 τοίνυν
3577 1051 3679 1119 περὶ

2136 1136 2230 1187 τοῦ
2266 1138 2603 1205 Μονογενοῦς
2623 1156 2636 1171 ο
2675 1141 2781 1203 ’ος
2804 1139 3074 1209 ὲγμορφῇ
3106 1140 3255 1193 Θεοῦ
3291 1139 3571 1207 ὑπάρχων
3588 1145 3677 1210 οὐχ

2135 1229 2448 1296 ἁρπαγμὸν
2479 1230 2751 1297 ἡγήσατο
2789 1231 2858 1283 τὸ
2896 1228 3049 1286 εἶναι
3095 1231 3201 1284 ῖσα
3233 1230 3380 1294 Θεῷ.
3413 1230 3546 1282 ἀλλ’
3566 1230 3677 1282 ἑαυ-

2135 1323 2244 1371 τι¹ν
2275 1319 2556 1384 ὲκένωσε,
2581 1321 2824 1390 μορφὴν
2876 1323 3100 1377 δούλου
3132 1323 3356 1386 λαϐὼν,
3398 1323 3467 1374 ἐν
3507 1324 3680 1391 ὁμοιώ-

2135 1426 2269 1473 ματι
2299 1411 2615 1479 ἀνθρώπου
2645 1416 2992 1482 γενόμενος.
3013 1414 3113 1468 καὶ
3145 1414 3416 1483 σχήματι
3445 1416 3680 1481 εὑρεθείς

2135 1503 2215 1568 ὡς
2242 1503 2554 1570 ἅνθρωπος
2603 1506 3018 1560 ἐταπείνωσεν
3056 1507 3299 1560 ἑαυτόν.
3351 1506 3447 1570 Τίς
3481 1505 3569 1559 οὖν
3595 1509 3680 1575 ἄρα

2110 1593 2327 1646 ,ἐστὶνό
2348 1595 2607 1665 ὑπάρχων
2631 1597 2688 1648 ὲν
2724 1601 2904 1668 μορφῇ
2940 1597 3034 1650 τοῦ
3059 1597 3217 1660 Θεοῦ,
3242 1601 3337 1650 καὶ
3367 1598 3465 1667 οὐχ
3495 1598 3681 1665 ἅρπαγα

2113 1683 2238 1754 .μδν
2292 1687 2639 1758 ἡγησάμενος
2688 1688 2748 1742 τὺ
2801 1687 2942 1743 εἶναι
2978 1691 3067 1741 ίσα
3101 1689 3350 1759 Seipr
3379 1690 3498 1741 τίνα
3545 1691 3681 1742 κεκέ-

2135 1796 2302 1832 νωται
2335 1781 2554 1848 τρόπον,
2590 1781 2847 1834 καθίκετὸ
2879 1801 2938 1836 τε
2999 1787 3148 1848 ὅπως
3214 1786 3299 1846 είς
3362 1783 3685 1845 ταπείνωσιν,

2065 1854 2104 1909 Β
2137 1875 2229 1923 καὶ
2260 1874 2318 1925 ὲν
2362 1877 2426 1944 τῇ
2458 1870 2549 1928 τοῦ
2582 1875 2772 1929 δούλου
2802 1877 2994 1944 γέγονε
3026 1881 3251 1948 μορορῇς
3285 1878 3350 1930 0i.
3393 1877 3490 1946 μὲν
3514 1875 3597 1930 οὖν
3618 1879 3686 1938 εἰς

2133 1963 2227 2017 δύο
2251 1966 2543 2034 τέμνοντες
2571 1969 2664 2020 τὸν
2721 1968 2820 2020 ἕνα
2847 1968 3049 2034 Κύριον
3082 1968 3296 2038 Ἰησοῦν
3347 1968 3591 2039 Χριστὸν,
3620 1970 3690 2030 εἷς

2135 2074 2191 2110 τε
2226 2057 2512 2127 ἄνθρωπόν
2542 2077 2683 2130 φημι
2725 2061 2819 2113 καὶ
2849 2062 2941 2113 τδν
2986 2062 3051 2114 ὲκ
3092 2060 3230 2115 Θεοῦ
3281 2061 3492 2131 Πατρὺς
3518 2061 3690 2126 Λάγον,

2133 2148 2225 2202 τὸν
2259 2149 2322 2202 ὲκ
2363 2150 2460 2218 τῆς
2495 2149 2656 2218 ἁγίας
2713 2149 2991 2221 Παρθένου
3050 2152 3214 2221 φασὶν
3275 2151 3559 2220 ὑπομεῖναι
3601 2148 3692 2219 τὴν

2135 2245 2364 2295 κένωσιν
2396 2243 2812 2306 ἀποδιιστάντες
2842 2242 3009 2296 αὐτοῦ
3071 2245 3163 2297 τὸν
3216 2245 3279 2296 ἑκ
3325 2242 3462 2295 Θεοῦ
3512 2243 3689 2310 Λόγον.

2135 2334 2731 2404 Προαποδεικνῦτωσαν
2783 2332 2901 2399 οὖν,
2941 2337 3025 2389 ὅτι
3056 2337 3150 2389 καὶ
3181 2338 3240 2387 ὲν
3267 2337 3452 2406 μορφῇ
3473 2336 3566 2386 καὶ
3591 2335 3688 2386 lad-

2131 2443 2256 2495 τητι
2285 2427 2488 2480 νοεῖταί
2513 2445 2573 2480 τε
2605 2428 2699 2480 καὶ
2721 2423 2790 2498 ἦν
2829 2428 2925 2482 τοῦ
2961 2428 3196 2502 ιῐατρδς,
3230 2425 3320 2478 ἶνα
3353 2431 3450 2479 καὶ
3487 2425 3573 2477 τὸν
3600 2425 3688 2494 τῆς

2138 2517 2424 2583 κενώσεως
2450 2521 2722 2591 ὑπομείνῃ
2756 2521 2977 2589 τρόπον,
3011 2521 3090 2582 είς
3121 2521 3260 2590 ὅπερ
3279 2519 3381 2572 οὐκ
3398 2513 3465 2587 ἧν
3491 2516 3694 2570 καθικό-

2138 2627 2317 2679 μενος.
2360 2611 2500 2663 Ἀλλ’
2537 2611 2691 2665 οὐδέν
2739 2614 2857 2665 ἐστι
2907 2611 3018 2666 τῶν
3065 2610 3489 2681 πεποιημένων,
3515 2603 3560 2676 ᾧ
3589 2610 3694 2662 κατ’

2136 2699 2274 2752 ίδίαν
2305 2703 2479 2752 νοοῖτο
2526 2701 2692 2768 φύσιν
2738 2702 2800 2754 τδ
2831 2703 2889 2755 ὲν
2925 2701 3133 2772 ίσότητι
3182 2702 3277 2755 τοῦ
3320 2702 3554 2770 Πατρός.
3584 2701 3694 2764 Πῶς

2133 2789 2227 2842 οῦν
2253 2791 2590 2845 κεκενῶσθαι
2628 2793 2869 2858 λέγεται,
2904 2793 2952 2844 εί
2985 2794 3082 2863 τὴν
3107 2792 3269 2858 φύσιν
3311 2791 3596 2858 ἄνθρωπος
3626 2789 3695 2840 ῶν

2133 2884 2454 2953 γεγέννητιι
2483 2886 2605 2937 καθ’
2637 2887 2784 2954 ἡμᾶς
2817 2889 2882 2937 ἐκ
2909 2887 3202 2954 γυναικόςς
3247 2885 3344 2937 Ἐκ
3387 2883 3565 2946 ποίας.
3587 2882 3699 2936 cini

2138 2991 2247 3044 μοι,
2273 2975 2650 3046 πρεσϐυτέρας
2677 2979 2950 3048 ὑπεροχῆς
2975 2979 3077 3048 τῆς
3126 2977 3421 3045 ἀνθρώπου
3469 2976 3701 3046 μείζονος

2136 3068 2214 3129 εἰς
2263 3067 2324 3120 τὸ
2358 3068 2646 3140 ἄνθρωπος
2673 3065 2818 3123 εἶναι
2849 3070 3094 3138 κατέ6η;
3125 3071 3197 3123 Ἣ
3254 3070 3372 3131 πῶς
3426 3071 3490 3122 ἂν
3543 3070 3649 3120 νοοῖ
3678 3085 3703 3118 ο

448 3161 624 3217 Patris
656 3161 912 3228 Verbum,
955 3164 1005 3216 in
1061 3165 1196 3230 ejus,
1243 3177 1270 3216 a
1316 3178 1423 3232 quo
1452 3163 1665 3232 genitus
1715 3174 1820 3230 est,
1854 3163 2028 3218 forma

2133 3155 2319 3211 λαϐεῖν
2352 3157 2429 3220 ὡς
2451 3159 2553 3211 οὐκ
2576 3159 2716 3229 ἔχων
2747 3161 2803 3211 ὲν
2844 3160 2987 3231 ἀρχῇ
3021 3162 3120 3229 τὴν
3155 3160 3247 3213 τοῦ
3277 3159 3472 3212 δούλου
3495 3161 3705 3230 μορφὴν

447 3257 738 3320 exsiSIeus,
797 3266 846 3309 et
899 3255 969 3308 illi
1048 3255 1272 3326 (aqualis
1352 3253 1613 3310 habitavit
1685 3254 1738 3311 in
1808 3255 2025 3309 homine

451 3363 546 3418 per
595 3349 875 3402 mulierem
937 3348 1137 3418 genito,
1190 3355 1246 3402 et
1297 3349 1396 3403 hoc
1460 3358 1542 3403 est
1593 3347 1912 3413 exinanitio,
1969 3356 2024 3403 et

452 3441 745 3506 humilitas,
778 3451 832 3494 et
885 3442 1024 3495 servi
1058 3441 1282 3495 formam
1324 3442 1618 3511 accepisse.
1645 3440 1828 3508 Quid?
1855 3457 1889 3497 ο
1921 3441 2024 3495 viri

447 3534 660 3603 optimi,
720 3533 921 3588 satisne
975 3532 1076 3586 fuit
1111 3536 1178 3588 ad
1230 3533 1391 3587 Verbi
1427 3532 1519 3588 Dei
1577 3532 2022 3595 exinanitionem,

449 3635 510 3682 ut
553 3625 607 3679 in
651 3625 867 3680 homine
903 3623 1226 3678 habitaret?
1287 3633 1343 3677 et
1369 3633 1538 3678 tutum
1584 3632 1666 3677 est
1699 3622 1904 3684 dicere,
1947 3621 2026 3686 ip-

448 3733 566 3773 sum
617 3719 717 3772 hoc
777 3727 936 3786 pacto
1005 3719 1153 3773 servi
1199 3715 1434 3772 formam
1500 3713 1766 3782 subiisse,
1858 3723 2023 3783 atque

450 3810 522 3864 ita
606 3809 995 3865 exinanitionis
1101 3810 1368 3865 rationem
1453 3807 1769 3880 peregisse?
1856 3805 2020 3878 Atqui

449 3903 606 3956 audio
660 3904 833 3971 ipsum
893 3909 1111 3957 sanctos
1157 3903 1431 3971 apostolos
1486 3907 1631 3958 hunc
1688 3904 1742 3956 in
1802 3903 2018 3957 modum

449 3993 807 4062 alloqueutem
845 4012 858 4046 :
893 3991 980 4048 Si'
1002 3994 1121 4062 quis
1155 3992 1329 4061 diligi:
1362 4009 1462 4057 me,
1509 4007 1800 4046 sermonem
1851 4007 2022 4044 meum

448 4082 696 4147 servabit,
724 4092 772 4136 et
803 4081 964 4136 Pater
993 4099 1134 4136 meus
1161 4081 1340 4153 diliget
1369 4098 1506 4146 cum,
1541 4091 1589 4136 et
1647 4083 1715 4136 ad
1763 4099 1880 4137 cum
1933 4097 2022 4136 ve-

449 4175 672 4236 niemus,
702 4181 752 4226 et
787 4173 1108 4228 mansionem
1139 4175 1279 4242 apud
1323 4190 1439 4228 eum
1471 4175 1724 4245 faciemus
1753 4177 1794 4228 ’.
1853 4175 2024 4230 Audis

451 4264 720 4330 quomodo
783 4266 979 4320 dixerit
1033 4266 1194 4319 Deum
1234 4274 1287 4317 et
1323 4264 1532 4319 Patrem
1579 4281 1766 4321 secum
1826 4267 1875 4320 in
1916 4267 2022 4322 illis

453 4343 844 4418 habilaturum,
875 4368 905 4407 a
944 4354 1142 4422 quibus
1168 4353 1462 4423 diligitur?
1530 4353 1821 4410 Patremne
1859 4356 2021 4426 igitur

453 4443 808 4504 eiiinanitum,
837 4455 892 4497 et
921 4447 1189 4508 eamdem,
1215 4459 1375 4514 quam
1408 4443 1576 4501 Filius
1616 4445 1808 4511 subiit,
1840 4447 2017 4501 humi-

452 4532 659 4585 litatem
700 4533 908 4596 tulisse,
937 4542 991 4586 et
1025 4533 1164 4587 servi
1213 4531 1441 4586 formam
1499 4538 1775 4604 accepisse
1829 4550 2024 4591 conce-

452 4625 660 4686 demus,
695 4626 944 4690 quoniam
968 4636 1183 4680 sanctas
1213 4627 1423 4682 animas
1445 4625 1780 4697 diligentiam
1831 4627 2027 4682 Filium

389 4779 394 4783 _
449 4715 715 4770 domicilia
771 4717 872 4771 sibi
919 4717 1247 4772 constituit?
1288 4718 1462 4784 Quid?
1490 4719 1604 4786 ipse
1626 4716 1860 4786 Spiritus
1905 4733 2030 4772 san-

451 4817 590 4872 ctus,
628 4811 715 4877 qui
750 4810 801 4861 iu
831 4809 988 4864 nobis
1020 4808 1306 4873 inhabitat,
1360 4810 1608 4862 humana:
1655 4809 1841 4863 carnis
1873 4825 2030 4865 assu-

451 4902 656 4954 meudze
703 4900 988 4954 consilium
1042 4901 1297 4969 explevit,
1374 4901 1515 4968 quod
1585 4901 1776 4956 Filium
1859 4902 2030 4956 solum

449 4995 688 5044 omnium
718 4991 905 5045 salutis
934 5001 987 5046 et
1017 4992 1140 5046 vita:
1182 4992 1354 5060 gratia
1387 5004 1698 5046 exsecutum
1766 4994 2036 5048 dicimus?

451 5081 705 5136 Faiessat
753 5090 859 5136 tam
914 5097 1310 5152 supervacanea
1362 5095 1415 5138 et
1454 5084 1620 5138 stulta
1661 5086 1821 5155 plane
1872 5095 2036 5155 atque

451 5172 626 5231 inanis
667 5172 960 5226 temeritas.
1001 5171 1316 5225 Humiliavit
1369 5187 1498 5243 ergo
1557 5175 1792 5244 seipsum
1854 5177 1906 5230 in
1941 5177 2032 5231 Dei

448 5272 500 5316 et
554 5262 732 5319 Patris
771 5260 945 5316 forma
974 5270 1029 5316 et
1082 5264 1390 5332 aequalitate
1439 5266 1708 5320 exsisteus
1770 5266 2031 5334 Verbum,

448 5357 686 5423 quando,
719 5365 776 5409 ut
802 5355 1036 5410 Joannes
1075 5355 1171 5419 ait,
1223 5371 1354 5411 caro
1421 5356 1646 5424 factum,
1683 5374 1748 5413 ex
1805 5361 2030 5415 muliere

451 5461 633 5504 natum
689 5461 790 5517 est,
825 5460 876 5507 et
915 5469 1034 5508 cum
1076 5463 1252 5510 ortum
1295 5453 1518 5532 haberet
1549 5469 1614 5508 ex
1681 5455 1790 5508 Deo
1847 5454 2026 5517 Patre,

451 5553 628 5598 ortum
685 5546 849 5601 etiam
911 5560 1153 5602 nostrum
1211 5548 1318 5616 pati
1401 5547 1569 5601 voluit
1630 5557 1850 5614 propter
1908 5563 2026 5601 nos.

451 5634 690 5692 Doceaut
715 5653 810 5693 nos
835 5639 922 5694 isti
951 5655 1055 5708 qua
1097 5640 1304 5695 ratione
1342 5639 1572 5693 Verbum
1609 5651 1672 5691 ex
1709 5637 1814 5690 Deo
1869 5636 2029 5694 Patre

529 5821 545 5854 ⁸
605 5821 832 5892 Philipp.
882 5839 943 5890 tt,
977 5823 1125 5881 6-8.
1203 5827 1223 5856 ’
1259 5823 1415 5880 Joan.
1461 5838 1574 5893 xw,
1633 5823 1724 5879 23.

2136 3249 2164 3301 ὁ
2198 3250 2356 3318 φύσει
2391 3238 2560 3305 τελῶν
2588 3253 2645 3305 ἐν
2673 3252 2938 3316 οἰκέταις,
3009 3260 3106 3308 καὶ
3152 3253 3259 3307 ὑπὸ
3283 3251 3437 3323 ζυγῷ
3467 3252 3700 3314 δουλείας

2139 3339 2421 3407 κείμενος;
2459 3341 2619 3394 Ἀλλά
2646 3342 2734 3395 ναί
2770 3359 2956 3409 φασιν.
2987 3342 3049 3398 ’0
3088 3343 3250 3412 φύσει
3273 3361 3333 3395 τε
3361 3342 3598 3408 ἀληθῶς,
3619 3345 3708 3394 καὶ

2133 3429 2417 3502 ἐλεύθερος
2447 3432 2574 3496 Υἱὸς
2601 3437 2630 3486 ὁ
2667 3435 2728 3488 ὲκ
2761 3435 2895 3489 Θεοῦ
2927 3437 3139 3506 [ἰατρὸς
3171 3437 3369 3504 Λόγος,
3421 3439 3481 3489 ὲν
3523 3439 3702 3506 μορφῇ

2134 3520 2228 3574 τοῦ
2256 3525 2643 3592 γεγεννηκότος
2679 3526 2962 3595 ὑπάρχων,
2987 3528 3083 3580 καὶ
3133 3529 3247 3590 ἴσος
3275 3527 3354 3581 ὢν
3383 3527 3558 3598 αὐτῷ,
3587 3547 3708 3580 κατ-

2134 3612 2351 3683 ῴκησεν
2388 3615 2446 3665 ἐν
2479 3616 2754 3687 ἀνθρώπῳ
2802 3619 3122 3688 γεννηθέντι
3158 3620 3247 3674 διὰ
3277 3621 3539 3688 γυναικὸς
3562 3659 3581 3681 ,
3621 3623 3709 3672 καὶ

2133 3705 2292 3758 τοῦτό
2339 3709 2488 3759 ἐστιν
2531 3711 2563 3777 ή
2618 3709 2876 3773 κένωσις,
2919 3713 3013 3764 καὶ
3058 3711 3120 3764 τὸ
3172 3712 3284 3782 τῆς
3323 3714 3711 3775 ταπεινώσεως

2134 3797 2351 3867 χρῆμα,
2380 3799 2551 3852 καὶτὸ
2583 3801 2662 3863 είς
2696 3801 2796 3873 τὴν
2827 3802 2922 3856 τοῦ
2955 3803 3143 3859 δούλου
3212 3804 3546 3859 καθικέσθαι
3582 3822 3714 3874 μορ-

2135 3891 2262 3958 φήν.
2290 3885 2443 3954 Εἶτα,
2473 3885 2517 3945 ὦ
2541 3891 2831 3962 βέλτιστοι,
2861 3897 2923 3948 τὺ
2969 3896 3302 3965 κατοικῆσαι
3338 3897 3503 3967 μόνον
3545 3899 3605 3948 ὲν
3629 3899 3718 3949 ἆν-

2135 3983 2340 4054 θρώπῳ
2373 3984 2464 4038 τὸν
2495 3989 2558 4038 ἐκ
2585 3984 2722 4038 Θεοῦ
2752 3987 2924 4055 Λόγον
2948 3989 3240 4056 ἀρκέσειεν
3266 3991 3336 4042 ἂν
3364 3991 3448 4051 είς
3477 3989 3722 4042 κένωσιν

2134 4075 2282 4145 αὐτῷ
2304 4093 2320 4109 ο
2357 4077 2452 4130 καὶ
2474 4078 2714 4148 ἀσφαλὲς
2738 4079 2936 4142 εἰπεῖν,
2986 4081 3068 4133 ὅτι
3097 4096 3158 4133 τε
3191 4080 3368 4145 οὕτως
3411 4083 3594 4134 ὑπέδυ
3631 4086 3725 4150 τὴν

2133 4165 2227 4218 τοῦ
2260 4167 2450 4219 δούλου
2479 4168 2715 4239 μορφὴν,
2749 4170 2844 4222 καὶ
2878 4168 3049 4230 οὕτως
3074 4170 3225 4241 αὐτῷ
3246 4171 3448 4238 γένοιτ’
3484 4173 3561 4225 ἂν
3583 4176 3613 4223 ὀ
3635 4173 3725 4237 τῆς

2131 4258 2516 4322 ταπεινώσεως
2556 4261 2779 4329 τρόπος,
2843 4261 3023 4315 καίτοι
3050 4262 3307 4330 λέγοντος
3355 4264 3561 4318 ἀκούω
3616 4266 3725 4326 τοῖς

2133 4349 2310 4417 ἁγίοις
2340 4351 2680 4415 ἀποστόλοις,
2711 4351 2858 4406 Ἐάν
2900 4371 2992 4415 τις
3017 4353 3222 4422 ἀγαπᾷ
3263 4373 3362 4425 με,
3391 4357 3513 4411 τόν
3545 4362 3732 4426 λόγον

2132 4457 2248 4508 μου
2277 4441 2546 4508 τηρήσει,
2586 4442 2684 4495 καὶ
2714 4446 2746 4495 o'
2777 4445 2979 4511 Πατήρ
3015 4464 3138 4514 μου
3168 4447 3487 4515 ἀγαπήσει
3516 4451 3732 4511 αὑτὸν,

2132 4533 2228 4586 καί
2258 4532 2407 4600 πρὸς
2421 4533 2611 4586 αὑτὸν
2623 4535 3022 4602 ἐλευσόμεθα,
3043 4538 3138 4589 καί
3154 4539 3364 4605 μονὴν
3384 4544 3544 4609 παρ’
3576 4543 3735 4606 αὐτῷ

2126 4618 2486 4694 ποιήσομεν.
2524 4626 2770 4689 ’Λκούεις
2796 4629 2914 4689 πῶς
2969 4631 3026 4681 ἐν
3080 4633 3190 4692 τοῖς
3217 4632 3536 4699 ἀγαπῶσιν
3569 4637 3727 4689 αὗτὲν

2129 4719 2585 4789 συγκατοικήσειν
2637 4719 2784 4787 αὐτῷ
2811 4721 2906 4771 καὶ
2954 4721 3115 4773 αὑτὸν
3146 4722 3252 4791 ἔφη
3308 4723 3402 4774 τὸν
3444 4727 3599 4780 Θεὸν
3642 4733 3726 4780 καὶ

2129 4810 2384 4880 Πατέρας
2426 4807 2551 4879 'Ap'
2577 4809 2670 4864 οὖν
2716 4812 2811 4863 καὶ
2855 4813 3019 4864 αὑτὸν
3049 4815 3396 4867 κεκενῶσθαι
3442 4817 3722 4891 δώσομεν,

2130 4903 2224 4954 καὶ
2252 4901 2352 4972 τὴν
2380 4902 2574 4971 ὁμοίαν
2623 4902 2920 4970 ἀνατλῆναι
2964 4903 3299 4958 ταπείνωσιν
3329 4906 3418 4975 τῷ
3452 4909 3605 4978 Υῐῷ,
3645 4915 3724 4962 καὶ

2131 4995 2228 5066 τὴν
2256 4995 2350 5048 τοῦ
2379 4996 2568 5049 δούλου
2595 4995 2807 5066 μορφὴν
2836 4996 3152 5061 ἀναλαὸεἰν,
3180 4999 3265 5051 ὅτι
3314 5001 3430 5064 τὰς
3455 5005 3581 5057 τῶν
3604 5007 3730 5072 ἀγα-

2132 5087 2358 5141 πώντων
2378 5087 2541 5140 αὑτὸν
2568 5087 2748 5157 ψυχὰς
2769 5089 2929 5155 ἁγίας
2959 5091 3194 5142 ποιεῖται
3228 5091 3411 5159 μονὰς
3451 5095 3640 5162 ἱδίας;
3676 5098 3729 5148 ΤΞ

2131 5178 2189 5230 δὲ
2215 5179 2275 5230 τὸ
2305 5178 2527 5248 Πνεῦμα
2565 5179 2628 5232 τὸ
2676 5178 2968 5233 κατοικοῦν
3001 5181 3058 5232 ὲν
3089 5183 3224 5250 ἡμῖν
3252 5197 3268 5246 ;
3308 5179 3438 5255 ἄρα
3476 5189 3582 5242 καὶ
3611 5189 3731 5242 αὐτὸ

2130 5270 2232 5340 τῆς
2273 5271 2743 5342 ἔνανθρωπήσεως
2797 5272 3110 5341 ἀποπληροῖ
3139 5273 3237 5344 τὴν
3269 5276 3648 5346 οἰκονομίαν,
3677 5285 3733 5349 ἦν

2125 5363 2212 5415 διὰ
2241 5363 2405 5432 μόνου
2449 5363 2540 5415 τοῦ
2573 5363 2701 5415 Υίοῦ
2731 5362 3049 5432 πεπρᾶχθαί
3092 5381 3277 5432 φαμεν
3311 5366 3434 5434 τῆς
3471 5371 3730 5422 ἁπάντων

2127 5455 2401 5524 σωτηρίας
2415 5454 2580 5507 ἕνεκα
2608 5457 2696 5507 καὶ
2723 5455 3121 5524 ζωῆςςἊπαγε
3143 5457 3242 5523 τῆς
3262 5457 3430 5511 οὕτω
3466 5465 3724 5533 περιττῆς

2127 5543 2220 5596 καὶ
2247 5549 2473 5616 ἀνοήτου
2530 5545 2813 5609 παντελῶς
2855 5547 3274 5610 εἰκαιοϐουλίας.
3312 5550 3717 5609 Τεταπεενωιιξ

2126 5639 2306 5692 τοίνυν
2348 5640 2540 5692 ἑαυτὸν
2590 5643 2617 5693 ὁ
2661 5644 2716 5693 ἐν
2754 5643 2935 5711 μορφῇ
2969 5641 3066 5694 καὶ
3118 5641 3335 5712 ἰσότητι
3368 5646 3480 5699 τοῦ
3522 5649 3715 5718 Πατρὶς
