3952 6594
221 373 364 438 10111
1186 364 2036 430 ΡΑΝΟΡΗΑἾὊῦΜΑΤιΕΑ
2100 392 2171 406 -
2208 368 2352 429 TI'I‘.
2392 368 2516 430 XV.
3334 356 3472 423 100?.

220 485 486 553 ὑπάρχων
521 479 715 550 Λόγος,
752 482 842 536 ὅτε
885 479 1174 551 γενόμενος
1234 478 1391 551 σὰρξ,
1447 480 1589 534 καθά
1625 496 1789 547 φησιν
1820 512 1830 538 δ

1938 477 2140 533 ltristns
2177 477 2522 545 intelligatur,
2557 484 2609 529 et
2649 474 2860 529 dicatur
2906 488 2933 526 a
2990 470 3163 534 nobis,
3206 472 3310 527 nisi
3344 488 3475 542 pro.

231 574 492 639 Ἰωάννης
533 572 852 642 γεγέννηται
906 573 998 626 διὰ
1049 573 1326 639 γυναικὸς,
1354 573 1445 625 καὶ
1486 574 1513 623 6
1542 572 1791 639 γέννησιν

1936 579 2086 624 terea
2125 571 2269 639 quod
2309 578 2505 623 unctus
2558 576 2660 623 est.
2721 568 2891 635 Quem
2959 565 3112 621 unxit
3163 563 3321 619 Pater
3355 565 3478 619 olcn

219 665 366 735 ἔχων
390 665 490 733 τὴν
541 665 605 717 ὲκ
646 662 782 717 Θεοῦ
820 662 1056 733 Πατρδς,
1090 665 1181 716 καὶ
1204 662 1302 733 τὴν
1335 662 1455 716 καθ’
1483 664 1627 733 ἡμᾶς
1660 662 1791 715 ὑπέ-

1933 663 2300 725 ssultationis,
2357 663 2471 718 sive
2541 660 2747 730 Spiritu
2810 670 3020 716 sancto.
3070 658 3128 714 Si
3184 659 3476 728 separatim

225 772 381 825 μεινε
413 754 609 807 παθεῖν
634 755 703 808 δι’
736 754 904 824 ἡμᾶς.
959 754 1116 807 Ἐπεὶ
1162 753 1568 808 διδασκέτωσαν
1616 755 1791 813 αὐτοὶ.

1936 772 1962 808 x
2013 769 2072 809 se
2140 755 2376 825 genitum
2434 753 2598 808 Deum
2642 753 2897 816 Verbum,
2926 763 2975 806 ct
3053 755 3103 805 id
3146 766 3481 806 vcrumesse

222 848 372 901 κατὰ
398 848 521 901 τίνα
553 848 753 914 τρόπον
781 848 808 899 6
843 848 905 899 ὲκ
944 843 1080 899 Θεοῦ
1110 846 1320 916 Πατρδς
1354 846 1527 913 Λόγος
1559 844 1796 915 Χριστὸς

1938 848 2107 912 icuut,
2157 847 2408 916 ignorant
2444 862 2505 903 se
2536 845 2805 915 Uuigeniti
2855 860 3103 899 naturam
3136 843 3333 914 injuria
3364 843 3481 898 alli-

229 938 301 992 ἃν
324 938 499 991 νοοῖτο
523 938 620 991 καὶ
644 936 858 1005 λέγοιτο
890 937 1027 1007 πρὸς
1057 937 1236 1006 ἡμῶν,
1268 939 1317 989 εί
1358 937 1435 1007 μη
1465 937 1572 990 ἀπό
1610 953 1673 1005 γε
1702 933 1798 988 τοῦ

1932 951 2046 1003 ere,
2084 946 2138 994 et
2165 946 2455 1006 assumpta:
2500 938 2684 993 carnis
2740 937 3058 1008 mysterium
3097 945 3316 1009 negant.
3346 933 3481 990 Nam

232 1030 527 1102 κεκρίσθαι
572 1030 806 1099 Χριστὸς
847 1028 1207 1099 ὀνομάζεταις
1268 1030 1406 1082 Τίνα
1462 1030 1722 1098 κέκρικεν
1772 1030 1801 1081 6

1934 1032 1947 1085 i
2003 1030 2206 1099 Spiritu
2265 1041 2452 1086 sancto
2510 1038 2733 1086 unctum
2779 1038 2863 1086 est
2908 1028 3146 1087 Verbum
3211 1032 3484 1086 exsistens

234 1124 426 1191 Πατὴρ
454 1121 533 1189 τῷ
580 1121 742 1190 ἐλαίῳ
804 1122 902 1191 τῆς
949 1119 1347 1187 ἀγαλλιάσεως,
1390 1121 1511 1191 ἦτοι
1542 1118 1624 1191 τῷ
1662 1119 1803 1189 ἁγιῳ

1932 1125 2071 1187 leus,
2132 1123 2577 1180 sanctiﬁcationis
2653 1124 2826 1192 ipsum
2899 1136 3122 1192 prorsus
3188 1122 3486 1195 indiguisse

234 1214 553 1283 Πνεύματις
587 1212 652 1266 Ei
680 1212 781 1283 μὶν
808 1207 903 1265 οὖν
928 1212 1110 1276 ιδικιῖκ
1128 1213 1219 1267 τὸν
1244 1211 1305 1278 ἐξ
1324 1211 1490 1267 αὐτοῦ
1519 1215 1614 1268 καὶ
1645 1213 1803 1283 μόνον

1932 1215 1991 1269 'el
2060 1214 2212 1269 inviti
2284 1214 2618 1283 fatebuntur,
2693 1213 3062 1284 superioribus
3128 1213 3485 1283 temporibus,

233 1301 568 1373 γεννηθέντα
603 1302 739 1355 Θεὸν
770 1301 967 1369 Λόγον,
998 1302 1277 1357 καὶτοῦτο
1311 1297 1451 1357 εἶναί
1487 1318 1651 1373 φασιν
1675 1302 1807 1371 ἀλη-

1932 1305 2108 1375 ιιιίὺιιε
2146 1308 2384 1365 nondum
2442 1316 2665 1361 unctum
2694 1319 2890 1375 expers
2937 1312 3057 1360 erat
3109 1303 3288 1359 adhuc
3330 1304 3489 1371 huius

192 1396 197 1402 ’
236 1396 355 1459 Θὶς,
393 1392 703 1462 ἀγνοοῦσιν,
754 1392 837 1446 ὅτι
885 1393 980 1448 καὶ
1014 1393 1114 1463 τὴν
1170 1391 1267 1447 τοῦ
1313 1391 1655 1462 Μονογενοῦς
1688 1390 1809 1446 ἀδιε-

1932 1398 2173 1465 nuneris,
2202 1398 2346 1469 quod
2414 1399 2490 1454 illi
2527 1406 2713 1469 postea
2742 1399 2930 1455 datum
2982 1406 3086 1452 est.
3121 1395 3279 1462 Quod
3308 1406 3490 1451 autem

236 1486 401 1540 χοῦσι
430 1485 614 1555 φύσιν,
653 1483 877 1554 καὶτῆς
910 1484 1050 1554 μετὰ
1093 1484 1295 1553 σαρκὸς
1353 1484 1666 1555 οἰκονομίας
1706 1483 1809 1551 ἀρ-

235 1577 463 1630 νοῦνται
503 1575 566 1629 τὸ
593 1575 916 1645 μυστήριον.
978 1576 1040 1629 El
1098 1577 1210 1645 γὰρ
1239 1573 1526 1647 κέχρισται
1557 1574 1636 1646 τῷ
1672 1574 1811 1646 ἁγίῳ

237 1671 525 1738 Πνεῦματι
553 1668 686 1730 Θεὸς
707 1666 785 1723 ὣν
813 1668 843 1722 6
863 1666 1056 1735 Λόγος,
1081 1666 1272 1721 ἐπιδεᾶ
1295 1667 1511 1730 πάντως
1534 1666 1811 1736 άγιασμοῦ

1912 1489 2348 1547 sanctificatione
2397 1491 2664 1560 privatum
2692 1498 2834 1557 erat,
2873 1496 3065 1543 natura
3099 1494 3361 1542 mutatura
3384 1494 3488 1559 est.

1912 1580 2181 1639 Pmterea
2229 1581 2373 1638 baud
2418 1581 2580 1652 plane
2637 1582 2847 1651 peccati
2901 1592 3095 1650 expers
3140 1578 3491 1659 intelligatur,

1918 1677 2111 1743 neque‘
2160 1687 2387 1741 peccare
2433 1688 2541 1730 non
2605 1673 2874 1742 potuisse.
2921 1670 3274 1727 Mutationem
3327 1670 3493 1741 igitur

238 1766 338 1815 καὶ
388 1760 486 1829 οὐχ
526 1759 743 1818 ἑκόντες
785 1758 1183 1827 ὁμολογήσουσι
1224 1756 1365 1810 κατὰ
1417 1757 1542 1820 τοὺς
1604 1755 1814 1810 ἄνωθεν

1932 1765 1984 1821 ul
2013 1765 2238 1820 meliora
2291 1761 2519 1820 fortasse
2554 1763 2771 1834 pertulit
2796 1759 3061 1829 Verbum.
3114 1760 3267 1828 Quod
3315 1760 3358 1813 si
3419 1760 3491 1813 ita

240 1852 474 1923 χρόνους
524 1850 790 1921 ὑπάρχειν
827 1849 1011 1913 αὐτὸν,
1046 1848 1168 1903 καθ’
1200 1847 1294 1912 οὓς
1338 1847 1492 1902 οὖπω
1520 1848 1812 1919 κεχρισμέ-

1932 1862 2021 1917 est,
2065 1855 2335 1925 quomodo
2374 1862 2457 1909 cst
2510 1829 2762 1925 idem,let
2826 1853 3170 1906 immutatum
3204 1865 3310 1905 non
3366 1848 3493 1904 est?

243 1957 360 2003 νος,
392 1939 662 2009 ἀμέτοχος
718 1934 788 2008 ἦν
822 1939 902 1990 ἔτι
968 1936 1068 2006 τῆς
1103 1936 1330 2006 ὕστερον
1384 1936 1538 2005 αὑτῷ
1564 1936 1814 2005 δοθείσης

238 2030 476 2101 δωρεᾶς.
533 2029 606 2081 Τὸ
657 2028 713 2080 δὲ
750 2026 1027 2095 ἁγιασμοῦ
1079 2027 1444 2097 στερούμενον
1496 2025 1818 2079 σεσάλευται

244 2123 396 2176 κατὰ
425 2120 612 2189 φύσιν,
639 2121 735 2172 καὶ
770 2121 871 2173 οὐκ
904 2121 970 2172 ἂν
1001 2119 1172 2171 νοοῖτο
1200 2117 1479 2180 παντελῶς
1512 2118 1817 2188 ἡμοιρηκὸς

250 2215 560 2285 ἁμαρτίας,
614 2214 737 2283 ἡτοι
760 2212 855 2266 τοῦ
892 2211 1151 2265 δύνασθαι
1182 2211 1543 2282 πλημμελεῖν.
1581 2211 1820 2280 ’Υπομε-

247 2308 492 2378 μένηκεν
509 2304 605 2360 οὖν
634 2306 744 2376 ἄρα
765 2309 855 2358 καὶ
877 2304 1091 2375 τροπὴν
1115 2301 1214 2374 τὴν
1236 2304 1315 2368 είς
1341 2305 1411 2357 τά
1431 2303 1641 2374 ἀμείνω
1656 2305 1819 2373 τυχὸν

247 2402 280 2453 6
308 2399 506 2468 Λόγος.
533 2397 660 2460 Πῶς
686 2396 781 2450 οῦν
806 2398 835 2450 6
858 2395 1019 2459 αὐτός
1046 2398 1185 2462 ἐστι⁹
1227 2395 1322 2448 καὶ
1366 2395 1466 2448 οὐκ
1491 2393 1778 2465 ἡλλοίωται
1800 2411 1815 2459 ς

249 2492 369 2547 Καὶ
398 2495 449 2545 εί
470 2491 603 2554 Θεὸς
634 2489 711 2544 ὢν
745 2492 773 2544 6
800 2489 976 2557 Λόγος
1026 2491 1121 2543 καὶ
1180 2489 1240 2541 ὲν
1264 2490 1445 2560 μορφῇ
1481 2490 1576 2542 καὶ
1611 2489 1818 2559 ἰσότητι

246 2584 344 2638 τοῦ
369 2584 591 2654 Πατρδς
637 2581 851 2653 ὲχρίετό
885 2597 946 2633 τε
975 2581 1073 2634 καὶ
1126 2581 1409 2650 ἡγιάζετο,
1458 2580 1592 2651 φαίη
1632 2598 1715 2643 τις
1753 2582 1819 2633 ἂν

250 2674 407 2737 ῐσως,
442 2672 519 2737 ὡς
542 2672 652 2726 ἀπό
682 2689 746 2740 γε
775 2669 870 2725 τοῦ
916 2670 1244 2741 πράγματος
1300 2671 1380 2732 είς
1426 2668 1708 2739 ἐξιτήλους
1738 2672 1820 2722 ὲν-

251 2766 407 2829 sola;
438 2765 909 2835 άπενηνεγμένος,
940 2763 1023 2817 ὅτι
1055 2761 1197 2831 τάχα
1222 2778 1322 2815 που
1352 2759 1448 2814 καὶ
1470 2760 1632 2822 αὐτὸς
1663 2762 1690 2812 6
1715 2760 1823 2812 Πα-

249 2858 361 2926 τὴρ
395 2855 557 2910 δέοιτ’
588 2855 657 2908 ἂν
685 2853 984 2924 άγιασμοῦ,
1037 2853 1237 2923 μᾶλλον
1279 2851 1337 2905 δὲ
1368 2852 1469 2923 ἤδη
1498 2853 1591 2905 καὶ
1619 2851 1824 2922 μείζων

251 2948 425 3003 αὑτοῦ
452 2949 697 3019 πέφηνεν
730 2949 757 2999 6
776 2946 925 3010 Υἱὸς,
958 2946 1115 3015 εῐπερ
1141 2945 1399 3016 ἡγίασται
1420 2944 1582 3007 αὐτὸς
1609 2946 1723 3006 ι’σος
1747 2942 1825 2998 ὢν

251 3042 435 3114 αὐτῷ,
459 3042 556 3095 καὶ
584 3043 641 3094 ἐν
676 3042 860 3111 μορφῇ
892 3038 1058 3092 αὐτοῦ
1083 3040 1188 3108 πρὸ
1222 3036 1317 3091 τοῦ
1364 3036 1660 3107 ἁγιασμοῦ,
1699 3038 1729 3091 6
1767 3035 1825 3092 δὲ

1919 1945 2074 2013 Quod
2104 1946 2151 2001 si
2180 1944 2416 2001 Verbum
2481 1945 2623 2001 Deus
2677 1945 2945 2001 exsistens
2991 1955 3047 1999 et
3102 1943 3156 1998 in
3216 1943 3387 1997 forma
3440 1951 3497 1998 et

1919 2032 2228 2102 aequalitate
2258 2032 2433 2088 Patris
2465 2043 2685 2089 unctum
2709 2043 2763 2089 et
2801 2033 3196 2091 sanctiﬁcatum
3223 2043 3325 2099 est,
3352 2034 3497 2090 dicat

1921 2120 2119 2190 aliquis
2149 2120 2400 2187 fortasse,
2429 2139 2456 2176 a
2492 2138 2548 2177 re
2581 2125 2855 2195 proposita
2881 2126 2946 2178 ad
2996 2125 3165 2180 exiles
3210 2125 3494 2193 cogitatio-

1923 2225 2017 2265 nes
2086 2212 2390 2278 divertens,
2449 2223 2504 2267 et
2557 2212 2773 2269 Patrem
2818 2214 2989 2283 ipsum
3045 2213 3495 2268 sanctiﬁcationis

1920 2317 2083 2372 egere
2139 2314 2303 2373 atque
2367 2305 2502 2360 adeo
2563 2306 2826 2361 minorem
2865 2319 2986 2359 esse
3011 2302 3172 2372 Filio,
3223 2304 3494 2374 siquidem

1920 2395 2381 2451 sanctiﬁcatuscst
2400 2396 2590 2462 Filius,
2622 2413 2745 2452 cum
2775 2398 2919 2452 Patri
2944 2406 3089 2454 esset
3115 2396 3337 2467 aequalis
3365 2408 3421 2453 et
3445 2397 3498 2449 in

1923 2488 2095 2543 forma
2107 2488 2245 2555 ejus,
2265 2495 2392 2543 ante
2410 2488 2916 2557 sanctiﬁcatiOuem;
2932 2490 3092 2545 Pater
3104 2499 3282 2544 autem
3305 2487 3502 2543 mansit

1925 2578 1976 2631 in
2003 2579 2202 2647 quibus
2229 2587 2349 2634 erat
2385 2594 2621 2649 semper,
2641 2590 2695 2636 et
2721 2589 2825 2648 est,
2855 2591 2907 2638 et
2932 2581 3058 2647 erit,
3086 2590 3141 2638 et
3176 2580 3412 2637 nondum
3431 2583 3499 2637 ad

1929 2668 2156 2723 meliora
2191 2678 2540 2740 augmentum
2576 2669 2809 2739 accepit,
2856 2668 3223 2725 sanctiﬁcatus
3252 2667 3506 2723 videlicet

1925 2760 2379 2826 quemadmodum
2421 2755 2612 2816 Filius.
2638 2758 2706 2816 Et
2744 2758 3005 2819 ambobus
3037 2762 3211 2832 major
3246 2761 3502 2833 Spiritus,

1926 2853 2020 2922 qui
2043 2852 2192 2922 ipsos
2207 2853 2532 2921 sanctiﬁcat,
2553 2853 2856 2925 apparebit.
2880 2846 3091 2908 Nemini
3118 2854 3260 2908 enim
3279 2852 3503 2909 dubium

1926 2954 2032 3013 est,
2082 2948 2212 3015 quin
2273 2946 2470 3003 minori
2531 2962 2564 3002 a
2622 2945 2827 3017 majore
2878 2946 3253 3001 benedicatur.
3306 2945 3504 3000 Verum

1931 3041 2120 3095 inanes
2149 3041 2264 3095 ista:
2292 3048 2423 3095 sunt
2443 3053 2620 3110 nugm,
2664 3048 2719 3095 et
2749 3036 3034 3095 dementiae
3058 3047 3219 3109 atque
3267 3040 3506 3108 stuporis

251 3134 682 3206 ἀπομεμένηκεν
741 3135 801 3185 ὲν
856 3125 935 3191 οἷς
960 3125 1030 3201 ἦν
1057 3132 1165 3195 ἀεὶ,
1200 3132 1295 3183 καὶ
1344 3127 1484 3197 ἔστι,
1517 3132 1611 3182 καὶ
1639 3129 1818 3195 ἔσται,

1932 3130 2148 3185 indicia.
2210 3131 2406 3187 Sancta
2477 3134 2620 3186 enim
2687 3147 2783 3203 per
2840 3141 3088 3188 naturam
3138 3141 3222 3186 est
3264 3130 3507 3201 ejusdem

250 3224 415 3278 οῦπω
436 3223 532 3294 τὴν
557 3226 635 3285 εἰς
674 3221 741 3273 τὰ
774 3219 984 3291 ἀμείνω
1013 3220 1193 3273 λαϐὼν
1216 3220 1480 3285 ὲπίδοσινι
1532 3221 1620 3274 διά
1642 3238 1706 3288 γε
1731 3220 1825 3274 τοῦ

258 3316 523 3386 ἡγιάσθαι
573 3313 698 3368 καθ’
741 3316 1040 3383 ὁμοιότητα
1084 3315 1178 3366 τοῦ
1231 3312 1381 3366 Υίοῦ.
1417 3312 1621 3378 Μεῖζον
1642 3314 1698 3367 δὲ
1726 3314 1826 3385 ἡόη

256 3412 356 3461 καὶ
384 3409 589 3477 ἀμφοῖν
614 3407 807 3477 ὁρᾶται
849 3407 911 3459 τὸ
966 3405 1191 3475 Πνεῦμα
1241 3404 1303 3459 τὸ
1349 3404 1575 3472 ἁγιάζον
1606 3406 1825 3470 αὐτοὺς,

256 3499 425 3571 εῐπερ
454 3501 603 3554 ἐστὶν
627 3501 729 3553 οὐκ
770 3498 1097 3562 ἐνδοιαστὸν,
1136 3497 1212 3563 ὼς
1265 3497 1486 3568 ἁπάσης
1518 3498 1828 3565 ἀντιλογίας

257 3592 390 3664 δίχα
420 3592 480 3645 τὸ
508 3593 732 3646 ἔλαττον
751 3592 855 3645 ὑπὸ
881 3590 974 3643 τοῦ
1006 3591 1319 3661 κρείττονος
1341 3589 1666 3657 εὐλογεῖται.
1686 3591 1829 3643 Ἀλλ’

261 3687 386 3739 εστι
412 3683 586 3739 ταῦτα
612 3684 800 3753 λῆρος,
832 3685 928 3737 καὶ
960 3681 1207 3752 τερθρία,
1248 3680 1344 3735 καὶ
1372 3679 1718 3750 ἀποπληξίας
1742 3683 1832 3746 ὲγ-

260 3776 548 3845 κλήματα.
589 3774 750 3841 Ἀγία
780 3772 888 3843 γὰρ
919 3773 1061 3824 κατὰ
1093 3770 1255 3838 φύσιν
1285 3770 1319 3839 ἡ
1342 3769 1625 3839 ὁμοοιὲσιος
1642 3768 1830 3840 Τριάς.

262 3868 460 3935 ’Δγιος
482 3868 509 3920 6
532 3866 747 3934 Πατὴρ,
791 3864 945 3932 ἆγιος
967 3864 1022 3917 δὲ
1047 3864 1142 3917 καὶ
1170 3864 1198 3916 6
1224 3862 1348 3926 Υἱὸς
1396 3862 1672 3924 οὑσιωδῶς
1694 3864 1832 3915 κατὰ

262 3959 361 4011 τὸν
398 3960 512 4011 ἴσον
546 3958 766 4028 τρόπον,
824 3956 1026 4026 ὁμοίως
1087 3955 1180 4009 καὶ
1225 3955 1286 4008 τδ
1341 3954 1589 4026 Πνεῦμα.
1621 3954 1833 4008 Οὐκοῦν

260 4049 398 4103 ὅσον
422 4042 557 4120 ἧκεν
590 4047 670 4111 είς
714 4045 856 4099 ιδίαν
887 4046 1050 4114 φύσιν
1078 4045 1176 4114 οὺχ
1207 4045 1464 4115 ἡγίασται
1496 4045 1636 4098 κατὰ
1665 4046 1831 4115 μόνας

259 4140 294 4193 6
319 4136 417 4192 τοῦ
445 4136 581 4191 Θεοῦ
607 4136 818 4207 [ἰατρὸς
847 4136 1043 4203 Λόγος.
1071 4135 1131 4187 Εἰ
1164 4134 1219 4186 δὲ
1254 4135 1318 4203 δὴ
1342 4152 1426 4197 τις
1460 4135 1623 4188 οἴοιτο
1654 4135 1743 4188 τὸν
1770 4136 1835 4187 ὲκ

260 4234 365 4304 τῆς
396 4231 557 4300 ἁγίας
588 4229 865 4299 Παρθένου
912 4227 1310 4298 γεγεννημένον
1340 4227 1626 4297 κεχρῖσθαί
1656 4243 1715 4281 τε
1739 4229 1835 4280 καὶ

264 4318 533 4392 ἡγιάσθαι
565 4318 747 4389 μόνον,
786 4315 959 4385 ταύτῃ
987 4332 1069 4367 τοι
1093 4315 1185 4366 καὶ
1237 4313 1552 4384 ὠνομάσθαι
1581 4314 1833 4384 Χριστὸν,

260 4412 477 4482 λεγέτω
527 4409 818 4484 παρελθὼν
880 4410 932 4462 εί
967 4408 1182 4479 ἀπόχρη
1241 4407 1301 4461 τὺ
1332 4408 1539 4480 χρῖσμα
1590 4408 1728 4478 πρὸς
1774 4408 1837 4461 τὸ

1932 3223 2183 3277 essentia:
2213 3219 2477 3279 Trinitas.
2529 3223 2762 3279 Sanctus
2809 3231 2893 3278 est
2960 3221 3139 3289 Pater,
3178 3232 3397 3278 sanctus
3455 3234 3511 3277 et

1932 3312 2101 3368 Filius
2170 3327 2266 3383 per
2321 3315 2612 3369 essentiam
2671 3314 2859 3370 eodem
2918 3310 3099 3378 modo,
3151 3315 3400 3370 similiter
3455 3327 3510 3369 et

1932 3402 2166 3474 Spiritus
2218 3413 2456 3459 sanctus.
2519 3403 2726 3474 Itaque,
2804 3415 3063 3479 quantum
3117 3408 3354 3471 pertinet
3441 3413 3508 3462 ad

1931 3508 2180 3552 naturam
2242 3497 2539 3568 protu‘iam,
2599 3498 2891 3567 separatim
2951 3496 3346 3553 sanctiﬁcatum
3403 3514 3509 3554 non

1931 3600 2014 3644 est
2074 3589 2307 3643 Verbum
2380 3588 2494 3642 Dei.
2558 3587 2654 3642 Sin
2729 3588 2926 3657 aliquis
2976 3586 3151 3657 pulet,
3210 3591 3383 3645 solum
3442 3606 3508 3647 ex

1932 3670 2118 3735 sancta
2151 3689 2334 3734 natum
2370 3670 2592 3748 Virgine
2620 3680 2785 3734 fuisse
2816 3686 3034 3733 unctum
3084 3690 3139 3734 et
3200 3682 3509 3737 sanctifica-

1935 3780 2071 3837 tum,
2104 3782 2263 3841 atque
2317 3769 2389 3824 ita
2420 3779 2669 3824 vocatum
2703 3782 2823 3824 esse
2849 3769 3150 3835 Christum,
3186 3771 3238 3824 in
3273 3771 3509 3826 medium

1934 3864 2156 3933 prodeat
2187 3864 2312 3928 iste,
2342 3871 2505 3932 atque
2534 3864 2698 3926 dicat,
2733 3877 2801 3916 an
2837 3862 2971 3919 satis
3020 3862 3185 3919 fuerit
3226 3866 3409 3920 unctio
3442 3868 3509 3920 ad

1936 3955 2312 4010 declarandqu
2349 3954 2522 4021 illum,
2549 3954 2640 4025 qui
2682 3966 2876 4010 unctus
2902 3964 3006 4017 est.
3041 3957 3211 4026 gloria
3242 3967 3294 4013 et
3327 3960 3499 4028 impe-

1937 4049 2018 4103 rio
2052 4047 2315 4118 aequalem
2349 4046 2425 4102 illi
2458 4046 2552 4117 qui
2608 4047 2862 4104 erunibus
2911 4047 3206 4105 antecellit.
3266 4047 3416 4117 Quod
3466 4051 3509 4106 si

1935 4136 1990 4192 id
2022 4137 2157 4192 satis
2185 4151 2305 4194 esse
2332 4136 2549 4202 dixerit.
2581 4152 2704 4193 cum
2734 4138 2880 4194 uncti
2913 4141 3085 4195 simus
3110 4150 3164 4196 et
3199 4156 3321 4210 nos,
3348 4152 3515 4213 atque

1938 4226 2011 4280 ita
2044 4235 2274 4281 testetur
2308 4226 2461 4282 divus
2490 4224 2726 4282 Joannes
2766 4244 2779 4280 :
2814 4224 2881 4280 Et
2920 4243 3029 4296 vos,
3083 4231 3351 4300 inquiens,
3412 4249 3517 4287 un—

1937 4318 2159 4372 ctionem
2200 4317 2401 4373 habetis
2455 4335 2487 4370 a
2553 4330 2737 4373 sancto
2771 4320 2811 4384 ⁸,
2876 4335 3002 4374 num
3059 4322 3262 4377 erimus
3319 4334 3387 4391 et,
3418 4341 3516 4382 nos

1937 4406 2175 4462 fortasse
2217 4407 2453 4478 aequales
2508 4407 2668 4465 Deo?
2711 4408 2916 4480 Ecquid
2950 4414 3055 4468 erit
3104 4413 3510 4482 impedimento,

266 4504 667 4575 ἀποφῇναιτδν
686 4501 975 4572 χριόμενον
1002 4498 1223 4552 ίσοκλεᾶ
1270 4501 1363 4552 κα)⁸
1407 4497 1706 4568 ὀμόθρονον
1758 4498 1830 4569 τῷ

1943 4499 2229 4569 quominus
2274 4510 2327 4554 et
2369 4515 2463 4555 nos
2499 4516 2622 4556 cum
2646 4503 2767 4572 ipso
2821 4505 3220 4571 consideamus,
3254 4511 3513 4577 qucrnad~

266 4600 493 4653 πάντων
520 4594 778 4648 ἐπέκεινα
805 4592 945 4662 Θεῷ.
966 4591 1076 4645 Καὶ
1105 4591 1153 4642 εί
1179 4590 1279 4658 μὲν
1303 4590 1545 4661 ἀπόχρη,
1563 4589 1659 4644 καὶ
1683 4589 1842 4643 τοῦτο

268 4688 496 4761 ἐροῦσιν
522 4687 597 4751 ὡς
630 4674 779 4739 ἔστιν
809 4683 1028 4754 ἀληθὲς,
1056 4681 1397 4752 κεχρίσμεθα
1422 4684 1515 4735 καὶ
1542 4684 1725 4752 ἡμεῖς,
1748 4684 1844 4736 καὶ

274 4781 627 4854 μαρτυρήσει
658 4778 836 4844 λέγων
860 4776 888 4828 6
911 4775 1197 4835 θεσπέσιος
1234 4770 1509 4841 Ἰωάννης,
1528 4773 1637 4827 Καὶ
1669 4772 1845 4843 ὑμεῖς

270 4877 508 4946 χρίσμα
545 4873 716 4940 ἔχετε
745 4869 863 4924 ἀπὸ
888 4868 996 4922 τοῦ
1031 4868 1226 4939 ἁγίου.
1279 4865 1547 4936 Ἐσόμεθι
1568 4865 1632 4936 δὴ
1663 4862 1757 4919 οὖν
1784 4867 1842 4920 ἑν

269 4969 376 5035 [σῳ
399 4964 540 5033 τάχα
572 4978 675 5017 που
719 4962 814 5014 καὶ
846 4960 1007 5030 ἡμεῖς
1052 4956 1212 5009 αὐτοὶ
1242 4955 1318 5025 τῷ
1358 4954 1496 5025 Θεῷ.
1534 4955 1719 5023 Είργει
1762 4954 1839 5015 δὲ,

266 5055 451 5126 οἶμαι,
485 5052 762 5116 παντελῶς
791 5051 941 5104 οὐδὲν
964 5051 1056 5102 καλ⁵
1089 5047 1433 5118 συνεδρεύειν
1460 5045 1629 5115 αὐτῷ,
1673 5044 1841 5098 καθά-

270 5166 387 5219 περ
415 5147 607 5217 ἀμέλει
646 5146 740 5198 καὶ
803 5141 964 5204 αὐτὸς
995 5143 1022 5193 ὁ
1056 5141 1431 5216 ’βμμανουὴλ.
1465 5138 1694 5209 Εἴρηται
1735 5140 1844 5208 γὰρ

271 5244 416 5314 πρὸς
443 5241 629 5304 αὑτὸν,
649 5238 845 5294 Κάθου
869 5237 939 5290 ἐκ
963 5234 1177 5300 δεξιῶν
1199 5251 1339 5302 μου,
1362 5233 1473 5300 ἓως
1499 5232 1575 5287 ἂν
1596 5231 1678 5288 θῶ
1703 5231 1845 5298 τοὺς

270 5331 532 5403 ἐχθρούς
562 5347 678 5383 σου
707 5327 1045 5384 ὑποπόδιον
1084 5324 1203 5379 τῶν
1232 5324 1440 5379 ποδῶν
1482 5340 1621 5379 σου.
1672 5325 1847 5395 [lpos-

275 5424 512 5480 κννείτω
542 5422 635 5476 καὶ
662 5422 810 5492 ἡμᾶς
843 5422 876 5491 ἡ
903 5420 1010 5472 τῶν
1052 5419 1221 5487 ἁγίων
1266 5417 1514 5485 ἀγγέλων
1538 5416 1669 5485 ἁγία
1706 5417 1843 5484 πλη-

272 5520 399 5581 θύς.
434 5520 619 5571 Ὅταν
653 5518 782 5585 γὰρ,
815 5514 996 5583 φησιν,
1015 5511 1305 5579 εἰσαγάγῃ
1344 5511 1448 5563 τὸν
1469 5511 1849 5578 πρωτότοκον

271 5615 363 5675 εἰς
390 5610 502 5677 τὴν
531 5606 915 5677 οἰκουμένην,
946 5604 1106 5673 λέγει
1129 5619 1140 5631 ’
1182 5600 1291 5655 Kal
1326 5603 1847 5670 προσκυνησάτω-

350 5768 413 5821 ¹1
452 5763 609 5821 Joan.
652 5777 714 5829 ιι,
744 5760 836 5815 20.
911 5761 931 5792 ’
965 5758 1108 5815 Psal.
1152 5778 1262 5823 cu,
1314 5760 1360 5816 l.
1441 5762 1460 5791 ³
1501 5760 1663 5816 ΙΙυΙετ.
1716 5780 1751 5830 ι,
1802 5765 1853 5820 li.

522 5860 796 5917 ΡΑτιιοι.
824 5854 939 5914 Gn.
983 5854 1235 5914 CXXX.

1939 4594 2154 4649 modum
2207 4603 2261 4649 et
2310 4593 2425 4665 ipse
2481 4594 2849 4653 Emmanuel?
2892 4597 2983 4653 Sic
3028 4598 3173 4652 enim
3235 4601 3301 4653 ad
3367 4601 3513 4653 illum

1939 4688 2139 4742 dictum
2192 4697 2323 4744 est:
2365 4686 2499 4744 Sede
2551 4706 2584 4743 a
2635 4691 2835 4744 dextris
2891 4692 3037 4755 meis,
3103 4693 3265 4747 donec
3325 4709 3514 4761 ponam

1937 4779 2177 4840 inimicos
2239 4787 2355 4834 tuos
2405 4780 2689 4834 scabellum
2741 4784 2929 4850 pedum
2991 4792 3201 4838 tuorum
3228 4787 3271 4841 ¹.
3317 4786 3518 4843 Adoret

1938 4872 2102 4926 etiam
2165 4885 2263 4925 nos
2306 4883 2489 4926 sancta
2539 4872 2840 4947 corlestium
2880 4877 3166 4945 spirituum
3207 4880 3511 4936 multitudo.

1941 4960 2161 5027 Quando
2208 4967 2369 5031 enim,
2424 4965 2620 5033 inquit,
2671 4967 2961 5023 introducit
3005 4968 3418 5038 Primogem’tum
3460 4972 3516 5026 in

1943 5055 2114 5106 orbem
2174 5066 2451 5118 terrarum,
2493 5056 2675 5109 dicit:
2736 5057 2803 5111 Et
2855 5060 3072 5113 adorent
3149 5077 3265 5115 eum
3344 5079 3515 5121 omnes

1944 5149 2113 5215 angeli
2177 5146 2343 5203 Dei".
2395 5149 2461 5202 At
2525 5164 2643 5215 nos,
2688 5150 2812 5205 licet
2877 5151 3083 5221 Spiritu
3133 5163 3322 5208 sancto
3374 5134 3517 5206 uncti

1944 5240 2140 5305 simus,
2190 5249 2244 5294 et
2312 5241 2620 5309 adaptionis
2669 5243 2896 5309 gratiam
2946 5245 3366 5309 obtinuerimus,
3428 5261 3522 5298 τοο

1953 5344 2244 5399 centurque
2290 5330 2383 5393 dii,
2431 5346 2535 5387 non
2589 5340 2764 5387 tamen
2808 5341 3016 5387 natura:
3084 5341 3281 5389 nostrae
3334 5335 3522 5387 comli-

1957 5422 2153 5478 tionem
2205 5422 2537 5491 ignoramus.
2571 5422 2768 5477 Sumns
2816 5424 2958 5477 enim
2992 5438 3021 5476 e
3068 5432 3231 5499 terra,
3285 5434 3336 5477 ct
3384 5425 3549 5477 intcr:

1954 5529 2140 5570 Servos
2208 5531 2569 5570 numer-amur.
2634 5514 2722 5568 lllc
2770 5530 3031 5569 vcronon
3092 5524 3178 5569 cst
3242 5516 3293 5568 in
3331 5515 3526 5583 quibus

1957 5623 2054 5662 nos
2081 5622 2289 5672 sumus,
2326 5610 2417 5660 scil
2469 5617 2654 5660 natura
2687 5620 2915 5675 rcrcqne
2958 5603 3145 5672 Filius,
3175 5617 3230 5663 ct
3284 5607 3523 5664 omnium

3063 5856 3137 5917 32
