  <div class='ocr_page' id='page_1' title='image "/cluster/home/n/w/nwhite01/storage/ocr_20150623/130/hvd.32044019208255/510.png"; bbox 0 0 3952 6612; ppageno 0'>
   <div class='ocr_carea' id='block_1_1' title="bbox 256 544 3505 619">
    <p class='ocr_par' dir='ltr' id='par_1_1' title="bbox 256 544 3505 619">
     <span class='ocr_line' id='line_1_1' title="bbox 256 544 3505 619; baseline -0.001 -7"><span class='ocrx_word' id='word_1_1' title='bbox 256 550 388 619; x_wconf 81' lang='grc'><strong>1005</strong></span> <span class='ocrx_word' id='word_1_2' title='bbox 1205 548 1587 611; x_wconf 76' lang='lat' dir='ltr'><strong>PANOPLIA</strong></span> <span class='ocrx_word' id='word_1_3' title='bbox 1631 544 2087 608; x_wconf 79' lang='lat' dir='ltr'><strong>DOGMATICA.</strong></span> <span class='ocrx_word' id='word_1_4' title='bbox 2129 572 2195 581; x_wconf 81' lang='grc'><strong>-</strong></span> <span class='ocrx_word' id='word_1_5' title='bbox 2236 549 2382 609; x_wconf 81' lang='grc' dir='ltr'><strong>ΤΙΤ.</strong></span> <span class='ocrx_word' id='word_1_6' title='bbox 2427 551 2546 612; x_wconf 82' lang='lat' dir='ltr'><strong>XV.</strong></span> <span class='ocrx_word' id='word_1_7' title='bbox 3197 567 3208 579; x_wconf 88' lang='lat'><strong><em>‘</em></strong></span> <span class='ocrx_word' id='word_1_8' title='bbox 3372 554 3505 619; x_wconf 68' lang='lat'><strong>1006</strong></span> 
     </span>
    </p>
   </div>
   <div class='ocr_carea' id='block_1_2' title="bbox 252 662 1829 743">
    <p class='ocr_par' dir='ltr' id='par_1_2' title="bbox 252 665 1816 743">
     <span class='ocr_line' id='line_1_2' title="bbox 252 665 1816 743; baseline -0.008 -16"><span class='ocrx_word' id='word_1_9' title='bbox 252 672 498 743; x_wconf 80' lang='grc' dir='ltr'>γομένων</span> <span class='ocrx_word' id='word_1_10' title='bbox 523 670 630 723; x_wconf 85' lang='grc' dir='ltr'><strong>τῶν</strong></span> <span class='ocrx_word' id='word_1_11' title='bbox 669 686 728 722; x_wconf 82' lang='grc' dir='ltr'><strong>τε</strong></span> <span class='ocrx_word' id='word_1_12' title='bbox 773 668 964 741; x_wconf 82' lang='grc' dir='ltr'>ίερέων</span> <span class='ocrx_word' id='word_1_13' title='bbox 995 666 1085 722; x_wconf 75' lang='grc' dir='ltr'>καὶ</span> <span class='ocrx_word' id='word_1_14' title='bbox 1122 665 1408 737; x_wconf 81' lang='grc' dir='ltr'>βασιλέων,</span> <span class='ocrx_word' id='word_1_15' title='bbox 1443 666 1537 719; x_wconf 64' lang='grc' dir='ltr'>καὶ</span> <span class='ocrx_word' id='word_1_16' title='bbox 1563 666 1623 718; x_wconf 87' lang='grc' dir='ltr'><strong>οὐ</strong></span> <span class='ocrx_word' id='word_1_17' title='bbox 1656 666 1816 734; x_wconf 78' lang='grc' dir='ltr'>μόνον</span> 
     </span>
    </p>
   </div>
   <div class='ocr_carea' id='block_1_3' title="bbox 1944 662 3505 743">
    <p class='ocr_par' dir='ltr' id='par_1_3' title="bbox 1944 662 3505 735">
     <span class='ocr_line' id='line_1_3' title="bbox 1944 662 3505 735; baseline 0.005 -17"><span class='ocrx_word' id='word_1_18' title='bbox 1944 663 2279 729; x_wconf 65' lang='grc' dir='ltr'>ἓειιίιτίεεῐη,</span> <span class='ocrx_word' id='word_1_19' title='bbox 2340 679 2653 734; x_wconf 80' lang='lat' dir='ltr'><strong>quanquam</strong></span> <span class='ocrx_word' id='word_1_20' title='bbox 2696 662 2970 719; x_wconf 83' lang='lat' dir='ltr'><strong>Christum</strong></span> <span class='ocrx_word' id='word_1_21' title='bbox 3014 666 3225 735; x_wconf 77' lang='lat' dir='ltr'><strong>genuit,</strong></span> <span class='ocrx_word' id='word_1_22' title='bbox 3274 671 3364 722; x_wconf 81' lang='lat' dir='ltr'><strong>sed</strong></span> <span class='ocrx_word' id='word_1_23' title='bbox 3413 673 3505 726; x_wconf 66' lang='grc' dir='ltr'><strong>ι)λί</strong></span> 
     </span>
    </p>
   </div>
   <div class='ocr_carea' id='block_1_4' title="bbox 252 756 1829 836">
    <p class='ocr_par' dir='ltr' id='par_1_4' title="bbox 252 757 1811 836">
     <span class='ocr_line' id='line_1_4' title="bbox 252 757 1811 836; baseline -0.006 -19"><span class='ocrx_word' id='word_1_24' title='bbox 252 766 353 817; x_wconf 78' lang='grc' dir='ltr'>τῶν</span> <span class='ocrx_word' id='word_1_25' title='bbox 380 764 458 836; x_wconf 74' lang='grc' dir='ltr'><strong>τῷ</strong></span> <span class='ocrx_word' id='word_1_26' title='bbox 496 763 662 833; x_wconf 72' lang='grc' dir='ltr'>ἐλαίῳ</span> <span class='ocrx_word' id='word_1_27' title='bbox 688 761 784 816; x_wconf 81' lang='grc' dir='ltr'>τοῦ</span> <span class='ocrx_word' id='word_1_28' title='bbox 824 762 1057 833; x_wconf 77' lang='grc' dir='ltr'><strong>κέρατος</strong></span> <span class='ocrx_word' id='word_1_29' title='bbox 1089 759 1262 814; x_wconf 84' lang='grc' dir='ltr'>πάλαι</span> <span class='ocrx_word' id='word_1_30' title='bbox 1311 760 1640 829; x_wconf 78' lang='grc' dir='ltr'>χρωμένων,</span> <span class='ocrx_word' id='word_1_31' title='bbox 1678 757 1811 809; x_wconf 73' lang='grc' dir='ltr'><strong>ἀλλὰ</strong></span> 
     </span>
    </p>
   </div>
   <div class='ocr_carea' id='block_1_5' title="bbox 1944 756 3504 836">
    <p class='ocr_par' dir='ltr' id='par_1_5' title="bbox 1944 756 3504 825">
     <span class='ocr_line' id='line_1_5' title="bbox 1944 756 3504 825; baseline 0.006 -17"><span class='ocrx_word' id='word_1_32' title='bbox 1944 756 2101 810; x_wconf 75' lang='lat' dir='ltr'><strong>totius</strong></span> <span class='ocrx_word' id='word_1_33' title='bbox 2126 756 2454 811; x_wconf 88' lang='lat' dir='ltr'><strong>Genitricem</strong></span> <span class='ocrx_word' id='word_1_34' title='bbox 2481 756 2849 825; x_wconf 78' lang='lat' dir='ltr'><strong>appellamus;</strong></span> <span class='ocrx_word' id='word_1_35' title='bbox 2882 770 2951 811; x_wconf 89' lang='lat' dir='ltr'><strong>ne</strong></span> <span class='ocrx_word' id='word_1_36' title='bbox 2979 757 3185 813; x_wconf 88' lang='lat' dir='ltr'><strong>nudum</strong></span> <span class='ocrx_word' id='word_1_37' title='bbox 3212 760 3504 817; x_wconf 79' lang='lat' dir='ltr'><strong>hominem.</strong></span> 
     </span>
    </p>
   </div>
   <div class='ocr_carea' id='block_1_6' title="bbox 249 848 1829 926">
    <p class='ocr_par' dir='ltr' id='par_1_6' title="bbox 249 848 1812 926">
     <span class='ocr_line' id='line_1_6' title="bbox 249 848 1812 926; baseline -0.006 -18"><span class='ocrx_word' id='word_1_38' title='bbox 249 858 340 908; x_wconf 78' lang='grc' dir='ltr'>καὶ</span> <span class='ocrx_word' id='word_1_39' title='bbox 362 855 473 909; x_wconf 86' lang='grc' dir='ltr'><strong>τῶν</strong></span> <span class='ocrx_word' id='word_1_40' title='bbox 493 855 572 926; x_wconf 83' lang='grc' dir='ltr'>τῷ</span> <span class='ocrx_word' id='word_1_41' title='bbox 595 854 737 925; x_wconf 81' lang='grc' dir='ltr'><strong>ἁγιῳ</strong></span> <span class='ocrx_word' id='word_1_42' title='bbox 762 852 1460 922; x_wconf 73' lang='grc' dir='ltr'>Πνεύματικεχρισμὲνων.</span> <span class='ocrx_word' id='word_1_43' title='bbox 1480 850 1546 902; x_wconf 80' lang='grc' dir='ltr'><strong>ΑΞ</strong></span> <span class='ocrx_word' id='word_1_44' title='bbox 1576 848 1812 918; x_wconf 79' lang='grc' dir='ltr'>μητέρες</span> 
     </span>
    </p>
   </div>
   <div class='ocr_carea' id='block_1_7' title="bbox 1944 848 3505 926">
    <p class='ocr_par' dir='ltr' id='par_1_7' title="bbox 1944 848 3505 920">
     <span class='ocr_line' id='line_1_7' title="bbox 1944 848 3505 920; baseline 0.004 -20"><span class='ocrx_word' id='word_1_45' title='bbox 1944 849 2108 918; x_wconf 66' lang='lat' dir='ltr'><strong>[uales</strong></span> <span class='ocrx_word' id='word_1_46' title='bbox 2150 848 2225 904; x_wconf 84' lang='lat' dir='ltr'><strong>illi</strong></span> <span class='ocrx_word' id='word_1_47' title='bbox 2267 859 2413 915; x_wconf 85' lang='lat' dir='ltr'><strong>sunt,</strong></span> <span class='ocrx_word' id='word_1_48' title='bbox 2446 849 2516 904; x_wconf 86' lang='lat' dir='ltr'><strong>ab</strong></span> <span class='ocrx_word' id='word_1_49' title='bbox 2551 850 2636 905; x_wconf 83' lang='lat' dir='ltr'><strong>illa</strong></span> <span class='ocrx_word' id='word_1_50' title='bbox 2684 850 2922 920; x_wconf 78' lang='lat' dir='ltr'><strong>genitum</strong></span> <span class='ocrx_word' id='word_1_51' title='bbox 2968 855 3354 915; x_wconf 86' lang='lat' dir='ltr'><strong>concedamus,</strong></span> <span class='ocrx_word' id='word_1_52' title='bbox 3387 869 3505 909; x_wconf 84' lang='lat' dir='ltr'><strong>eam</strong></span> 
     </span>
    </p>
   </div>
   <div class='ocr_carea' id='block_1_8' title="bbox 251 940 1829 1019">
    <p class='ocr_par' dir='ltr' id='par_1_8' title="bbox 251 940 1820 1019">
     <span class='ocr_line' id='line_1_8' title="bbox 251 940 1820 1019; baseline -0.005 -19"><span class='ocrx_word' id='word_1_53' title='bbox 251 946 428 1003; x_wconf 84' lang='grc' dir='ltr'>αὐτῶν</span> <span class='ocrx_word' id='word_1_54' title='bbox 451 947 795 1019; x_wconf 77' lang='grc' dir='ltr'>χριστοτόκοτ.</span> <span class='ocrx_word' id='word_1_55' title='bbox 830 947 931 1017; x_wconf 74' lang='grc' dir='ltr'><strong>μὲν</strong></span> <span class='ocrx_word' id='word_1_56' title='bbox 956 946 1067 1016; x_wconf 80' lang='grc' dir='ltr'>γὰρ</span> <span class='ocrx_word' id='word_1_57' title='bbox 1098 945 1340 1016; x_wconf 75' lang='grc' dir='ltr'>ρηθείεν,</span> <span class='ocrx_word' id='word_1_58' title='bbox 1362 944 1619 997; x_wconf 84' lang='grc' dir='ltr'>Θεοτόκοι</span> <span class='ocrx_word' id='word_1_59' title='bbox 1648 941 1705 993; x_wconf 81' lang='grc' dir='ltr'><strong>δὲ</strong></span> <span class='ocrx_word' id='word_1_60' title='bbox 1728 940 1820 993; x_wconf 78' lang='grc' dir='ltr'>οὐ·</span> 
     </span>
    </p>
   </div>
   <div class='ocr_carea' id='block_1_9' title="bbox 1944 940 3503 1019">
    <p class='ocr_par' dir='ltr' id='par_1_9' title="bbox 1945 942 3503 1013">
     <span class='ocr_line' id='line_1_9' title="bbox 1945 942 3503 1013; baseline 0.001 -18"><span class='ocrx_word' id='word_1_61' title='bbox 1945 952 2237 1010; x_wconf 86' lang='lat' dir='ltr'><strong>eparantes</strong></span> <span class='ocrx_word' id='word_1_62' title='bbox 2271 944 2339 996; x_wconf 83' lang='lat' dir='ltr'><strong>ab</strong></span> <span class='ocrx_word' id='word_1_63' title='bbox 2365 942 2485 997; x_wconf 85' lang='lat' dir='ltr'><strong>aliis</strong></span> <span class='ocrx_word' id='word_1_64' title='bbox 2519 942 2804 1007; x_wconf 68' lang='lat' dir='ltr'><strong>matribus,</strong></span> <span class='ocrx_word' id='word_1_65' title='bbox 2847 958 2967 1013; x_wconf 67' lang='lat' dir='ltr'><strong>qua}</strong></span> <span class='ocrx_word' id='word_1_66' title='bbox 3020 945 3275 1010; x_wconf 88' lang='lat' dir='ltr'><strong>ebristos,</strong></span> <span class='ocrx_word' id='word_1_67' title='bbox 3324 948 3374 1000; x_wconf 92' lang='lat' dir='ltr'><strong>id</strong></span> <span class='ocrx_word' id='word_1_68' title='bbox 3399 960 3503 1009; x_wconf 62' lang='grc' dir='ltr'>«ξεν,</span> 
     </span>
    </p>
   </div>
   <div class='ocr_carea' id='block_1_10' title="bbox 250 1034 1829 1108">
    <p class='ocr_par' dir='ltr' id='par_1_10' title="bbox 250 1034 1816 1107">
     <span class='ocr_line' id='line_1_10' title="bbox 250 1034 1816 1107; baseline -0.004 -15"><span class='ocrx_word' id='word_1_69' title='bbox 250 1036 457 1107; x_wconf 73' lang='grc' dir='ltr'>δαμῶς,</span> <span class='ocrx_word' id='word_1_70' title='bbox 492 1038 674 1093; x_wconf 85' lang='grc' dir='ltr'>καίτοι</span> <span class='ocrx_word' id='word_1_71' title='bbox 700 1039 797 1093; x_wconf 83' lang='grc' dir='ltr'>καὶ</span> <span class='ocrx_word' id='word_1_72' title='bbox 826 1038 965 1092; x_wconf 77' lang='grc' dir='ltr'>θεῶν</span> <span class='ocrx_word' id='word_1_73' title='bbox 1011 1037 1213 1106; x_wconf 71' lang='grc' dir='ltr'>ἑτέρως</span> <span class='ocrx_word' id='word_1_74' title='bbox 1234 1037 1547 1105; x_wconf 75' lang='grc' dir='ltr'>λεγομένων</span> <span class='ocrx_word' id='word_1_75' title='bbox 1569 1035 1712 1089; x_wconf 73' lang='grc' dir='ltr'>κατὰ</span> <span class='ocrx_word' id='word_1_76' title='bbox 1733 1034 1816 1097; x_wconf 84' lang='grc' dir='ltr'>τὸ,</span> 
     </span>
    </p>
   </div>
   <div class='ocr_carea' id='block_1_11' title="bbox 1944 1034 3498 1108">
    <p class='ocr_par' dir='ltr' id='par_1_11' title="bbox 1944 1037 3498 1108">
     <span class='ocr_line' id='line_1_11' title="bbox 1944 1037 3498 1108; baseline 0.005 -23"><span class='ocrx_word' id='word_1_77' title='bbox 1944 1042 2112 1088; x_wconf 74' lang='lat' dir='ltr'><strong>tactos</strong></span> <span class='ocrx_word' id='word_1_78' title='bbox 2190 1047 2370 1103; x_wconf 79' lang='lat' dir='ltr'><strong>rcges,</strong></span> <span class='ocrx_word' id='word_1_79' title='bbox 2455 1049 2552 1088; x_wconf 85' lang='lat' dir='ltr'><strong>seu</strong></span> <span class='ocrx_word' id='word_1_80' title='bbox 2624 1037 2938 1090; x_wconf 75' lang='lat' dir='ltr'><strong>sacerdotes</strong></span> <span class='ocrx_word' id='word_1_81' title='bbox 3010 1048 3331 1108; x_wconf 73' lang='lat' dir='ltr'><strong>genuerunt,</strong></span> <span class='ocrx_word' id='word_1_82' title='bbox 3404 1040 3498 1093; x_wconf 88' lang='lat' dir='ltr'><strong>Dei</strong></span> 
     </span>
    </p>
   </div>
   <div class='ocr_carea' id='block_1_12' title="bbox 261 1124 1829 1199">
    <p class='ocr_par' dir='ltr' id='par_1_12' title="bbox 261 1124 1817 1199">
     <span class='ocr_line' id='line_1_12' title="bbox 261 1124 1817 1199; baseline -0.001 -19"><span class='ocrx_word' id='word_1_83' title='bbox 261 1128 315 1180; x_wconf 83' lang='lat'><strong><em>’0</em></strong></span> <span class='ocrx_word' id='word_1_84' title='bbox 343 1129 490 1194; x_wconf 77' lang='grc' dir='ltr'>Θεὸς</span> <span class='ocrx_word' id='word_1_85' title='bbox 519 1128 670 1197; x_wconf 75' lang='grc' dir='ltr'>ἔστη</span> <span class='ocrx_word' id='word_1_86' title='bbox 701 1129 773 1183; x_wconf 77' lang='grc' dir='ltr'>ἐν</span> <span class='ocrx_word' id='word_1_87' title='bbox 801 1127 1132 1199; x_wconf 76' lang='grc' dir='ltr'><strong>συναγωγῇ</strong></span> <span class='ocrx_word' id='word_1_88' title='bbox 1177 1128 1349 1183; x_wconf 76' lang='grc' dir='ltr'>θεῶν.</span> <span class='ocrx_word' id='word_1_89' title='bbox 1405 1128 1522 1180; x_wconf 77' lang='grc' dir='ltr'>Ἵνα</span> <span class='ocrx_word' id='word_1_90' title='bbox 1581 1124 1675 1179; x_wconf 86' lang='grc' dir='ltr'><strong>οὐν</strong></span> <span class='ocrx_word' id='word_1_91' title='bbox 1740 1124 1817 1194; x_wconf 81' lang='grc' dir='ltr'><strong>μὴ</strong></span> 
     </span>
    </p>
   </div>
   <div class='ocr_carea' id='block_1_13' title="bbox 1944 1124 2637 1199">
    <p class='ocr_par' dir='ltr' id='par_1_13' title="bbox 1944 1125 2637 1183">
     <span class='ocr_line' id='line_1_13' title="bbox 1944 1125 2637 1183; baseline 0.003 -2"><span class='ocrx_word' id='word_1_92' title='bbox 1944 1125 2250 1182; x_wconf 70' lang='grc' dir='ltr'>ἶθηὶιτὶοθω</span> <span class='ocrx_word' id='word_1_93' title='bbox 2275 1129 2637 1183; x_wconf 73' lang='lat' dir='ltr'><strong>nominamus.</strong></span> 
     </span>
    </p>
   </div>
   <div class='ocr_carea' id='block_1_14' title="bbox 251 1217 3509 1294">
    <p class='ocr_par' dir='ltr' id='par_1_14' title="bbox 251 1217 3509 1294">
     <span class='ocr_line' id='line_1_14' title="bbox 251 1217 3509 1294; baseline 0.001 -18"><span class='ocrx_word' id='word_1_94' title='bbox 251 1222 368 1276; x_wconf 77' lang='grc' dir='ltr'>κατ’</span> <span class='ocrx_word' id='word_1_95' title='bbox 389 1221 634 1286; x_wconf 68' lang='grc' dir='ltr'>ἐκείνους</span> <span class='ocrx_word' id='word_1_96' title='bbox 654 1222 785 1285; x_wconf 83' lang='grc' dir='ltr'><strong>τούς</strong></span> <span class='ocrx_word' id='word_1_97' title='bbox 834 1222 1094 1292; x_wconf 81' lang='grc' dir='ltr'>χριστούς</span> <span class='ocrx_word' id='word_1_98' title='bbox 1133 1223 1162 1275; x_wconf 91' lang='grc' dir='ltr'><strong>ό</strong></span> <span class='ocrx_word' id='word_1_99' title='bbox 1211 1220 1493 1291; x_wconf 75' lang='grc' dir='ltr'>γεννηθεὶς</span> <span class='ocrx_word' id='word_1_100' title='bbox 1548 1222 1614 1272; x_wconf 71' lang='grc' dir='ltr'>ἐκ</span> <span class='ocrx_word' id='word_1_101' title='bbox 1671 1217 1773 1287; x_wconf 79' lang='grc' dir='ltr'>τῆς</span> <span class='ocrx_word' id='word_1_102' title='bbox 1834 1219 1995 1288; x_wconf 84' lang='grc' dir='ltr'>ἁγίας</span> <span class='ocrx_word' id='word_1_103' title='bbox 2037 1220 2321 1288; x_wconf 71' lang='grc' dir='ltr'>Παρθένου</span> <span class='ocrx_word' id='word_1_104' title='bbox 2359 1222 2671 1293; x_wconf 75' lang='grc' dir='ltr'><strong>νομισθείη,</strong></span> <span class='ocrx_word' id='word_1_105' title='bbox 2737 1223 3089 1294; x_wconf 82' lang='grc' dir='ltr'>χριστοτόκον</span> <span class='ocrx_word' id='word_1_106' title='bbox 3150 1228 3246 1294; x_wconf 82' lang='grc' dir='ltr'><strong>μὲν</strong></span> <span class='ocrx_word' id='word_1_107' title='bbox 3278 1228 3378 1282; x_wconf 84' lang='grc' dir='ltr'><strong>οὐκ</strong></span> <span class='ocrx_word' id='word_1_108' title='bbox 3439 1229 3509 1284; x_wconf 72' lang='grc' dir='ltr'><strong>ἄν</strong></span> 
     </span>
    </p>
   </div>
   <div class='ocr_carea' id='block_1_15' title="bbox 251 1310 3514 1388">
    <p class='ocr_par' dir='ltr' id='par_1_15' title="bbox 251 1310 3514 1388">
     <span class='ocr_line' id='line_1_15' title="bbox 251 1310 3514 1388; baseline 0.002 -20"><span class='ocrx_word' id='word_1_109' title='bbox 251 1315 502 1385; x_wconf 77' lang='grc' dir='ltr'><strong>εἴποιμεν</strong></span> <span class='ocrx_word' id='word_1_110' title='bbox 530 1312 724 1386; x_wconf 73' lang='grc' dir='ltr'>αὐτὴν,</span> <span class='ocrx_word' id='word_1_111' title='bbox 762 1316 942 1369; x_wconf 82' lang='grc' dir='ltr'>καίτοι</span> <span class='ocrx_word' id='word_1_112' title='bbox 1006 1313 1101 1367; x_wconf 81' lang='grc' dir='ltr'><strong>τὸν</strong></span> <span class='ocrx_word' id='word_1_113' title='bbox 1164 1313 1401 1384; x_wconf 75' lang='grc' dir='ltr'>Χριστὸν</span> <span class='ocrx_word' id='word_1_114' title='bbox 1440 1312 1805 1382; x_wconf 83' lang='grc' dir='ltr'>γεννήσασαν,</span> <span class='ocrx_word' id='word_1_115' title='bbox 1865 1311 2127 1367; x_wconf 84' lang='grc' dir='ltr'>Θεοτόκον</span> <span class='ocrx_word' id='word_1_116' title='bbox 2184 1310 2500 1384; x_wconf 72' lang='grc' dir='ltr'>δὲμᾶλλον,</span> <span class='ocrx_word' id='word_1_117' title='bbox 2569 1317 2658 1369; x_wconf 81' lang='grc' dir='ltr'>ἵνα</span> <span class='ocrx_word' id='word_1_118' title='bbox 2730 1316 2804 1386; x_wconf 77' lang='grc' dir='ltr'><strong>μὴ</strong></span> <span class='ocrx_word' id='word_1_119' title='bbox 2866 1313 3021 1384; x_wconf 70' lang='grc' dir='ltr'>ψιλὸν</span> <span class='ocrx_word' id='word_1_120' title='bbox 3070 1315 3361 1388; x_wconf 82' lang='grc' dir='ltr'>ἄνθρωπον</span> <span class='ocrx_word' id='word_1_121' title='bbox 3418 1326 3514 1376; x_wconf 76' lang='grc' dir='ltr'>καὶ</span> 
     </span>
    </p>
   </div>
   <div class='ocr_carea' id='block_1_16' title="bbox 253 1408 3514 1482">
    <p class='ocr_par' dir='ltr' id='par_1_16' title="bbox 253 1408 3514 1482">
     <span class='ocr_line' id='line_1_16' title="bbox 253 1408 3514 1482; baseline 0 -16"><span class='ocrx_word' id='word_1_122' title='bbox 253 1410 379 1466; x_wconf 82' lang='grc' dir='ltr'>κατ’</span> <span class='ocrx_word' id='word_1_123' title='bbox 417 1410 661 1473; x_wconf 69' lang='grc' dir='ltr'>ικείνους</span> <span class='ocrx_word' id='word_1_124' title='bbox 712 1412 840 1474; x_wconf 86' lang='grc' dir='ltr'>τοὺς</span> <span class='ocrx_word' id='word_1_125' title='bbox 892 1411 1150 1481; x_wconf 78' lang='grc' dir='ltr'>χριστούς</span> <span class='ocrx_word' id='word_1_126' title='bbox 1199 1411 1293 1463; x_wconf 70' lang='grc' dir='ltr'>τὸν</span> <span class='ocrx_word' id='word_1_127' title='bbox 1331 1409 1661 1480; x_wconf 72' lang='grc' dir='ltr'><strong>γεννηθέντα</strong></span> <span class='ocrx_word' id='word_1_128' title='bbox 1701 1408 1942 1463; x_wconf 72' lang='grc' dir='ltr'><strong>νοεῖσθαι</strong></span> <span class='ocrx_word' id='word_1_129' title='bbox 1984 1410 2235 1482; x_wconf 80' lang='grc' dir='ltr'>δοίημεν.</span> <span class='ocrx_word' id='word_1_130' title='bbox 2276 1413 2817 1476; x_wconf 79' lang='grc' dir='ltr'>Ἀποδιαστέλλοντες</span> <span class='ocrx_word' id='word_1_131' title='bbox 2858 1412 2915 1465; x_wconf 66' lang='grc' dir='ltr'><strong>δὲ</strong></span> <span class='ocrx_word' id='word_1_132' title='bbox 2954 1411 3121 1481; x_wconf 71' lang='grc' dir='ltr'>αὐτὴν</span> <span class='ocrx_word' id='word_1_133' title='bbox 3166 1410 3277 1463; x_wconf 85' lang='grc' dir='ltr'>τῶν</span> <span class='ocrx_word' id='word_1_134' title='bbox 3336 1411 3514 1467; x_wconf 77' lang='grc' dir='ltr'>ἄλλων</span> 
     </span>
    </p>
   </div>
   <div class='ocr_carea' id='block_1_17' title="bbox 255 1498 3425 1575">
    <p class='ocr_par' dir='ltr' id='par_1_17' title="bbox 255 1498 3425 1575">
     <span class='ocr_line' id='line_1_17' title="bbox 255 1498 3425 1575; baseline 0.001 -20"><span class='ocrx_word' id='word_1_135' title='bbox 255 1501 629 1573; x_wconf 81' lang='grc' dir='ltr'>χριστοτόκων</span> <span class='ocrx_word' id='word_1_136' title='bbox 664 1499 940 1569; x_wconf 70' lang='grc' dir='ltr'>μητέρων,</span> <span class='ocrx_word' id='word_1_137' title='bbox 967 1498 1153 1563; x_wconf 82' lang='grc' dir='ltr'>ίδικῶς</span> <span class='ocrx_word' id='word_1_138' title='bbox 1195 1516 1256 1553; x_wconf 85' lang='grc' dir='ltr'><strong>τε</strong></span> <span class='ocrx_word' id='word_1_139' title='bbox 1311 1499 1405 1553; x_wconf 73' lang='grc' dir='ltr'>καὶ</span> <span class='ocrx_word' id='word_1_140' title='bbox 1461 1500 1757 1570; x_wconf 78' lang='grc' dir='ltr'><strong>ἐξαιρέτως</strong></span> <span class='ocrx_word' id='word_1_141' title='bbox 1774 1500 2226 1570; x_wconf 78' lang='grc' dir='ltr'>κατονομάζομεν</span> <span class='ocrx_word' id='word_1_142' title='bbox 2256 1503 2429 1575; x_wconf 70' lang='grc' dir='ltr'>αὐτὴν</span> <span class='ocrx_word' id='word_1_143' title='bbox 2446 1505 2733 1559; x_wconf 73' lang='grc' dir='ltr'>Θιοτόκον.</span> <span class='ocrx_word' id='word_1_144' title='bbox 3350 1522 3425 1541; x_wconf 62' lang='grc' dir='ltr'><strong>ἰ-</strong></span> 
     </span>
    </p>
   </div>
   <div class='ocr_carea' id='block_1_18' title="bbox 257 1618 1826 1757">
    <p class='ocr_par' dir='ltr' id='par_1_18' title="bbox 257 1618 1826 1757">
     <span class='ocr_line' id='line_1_18' title="bbox 257 1618 1826 1757; baseline -0.002 -79"><span class='ocrx_word' id='word_1_145' title='bbox 257 1624 385 1678; x_wconf 75' lang='grc' dir='ltr'><strong>Ἕη</strong></span> <span class='ocrx_word' id='word_1_146' title='bbox 410 1624 563 1677; x_wconf 80' lang='grc' dir='ltr'>κατὰ</span> <span class='ocrx_word' id='word_1_147' title='bbox 584 1618 633 1674; x_wconf 85' lang='grc' dir='ltr'><strong><em>Ν</em></strong></span> <span class='ocrx_word' id='word_1_148' title='bbox 636 1618 1025 1744; x_wconf 55' lang='grc' dir='ltr'>εστοριαέὧν,</span> <span class='ocrx_word' id='word_1_149' title='bbox 1047 1619 1170 1757; x_wconf 70' lang='grc' dir='ltr'>τοὲ</span> <span class='ocrx_word' id='word_1_150' title='bbox 1186 1622 1610 1688; x_wconf 78' lang='grc' dir='ltr'>Δαμασκηνοῦ.</span> <span class='ocrx_word' id='word_1_151' title='bbox 1636 1620 1826 1691; x_wconf 61' lang='grc' dir='ltr'><strong>Κεφά-</strong></span> 
     </span>
     <span class='ocr_line' id='line_1_19' title="bbox 924 1706 1189 1745; baseline 0.004 -2"><span class='ocrx_word' id='word_1_152' title='bbox 924 1706 1060 1745; x_wconf 71' lang='lat' dir='ltr'><strong>ator</strong></span> <span class='ocrx_word' id='word_1_153' title='bbox 1080 1707 1112 1743; x_wconf 90' lang='grc' dir='ltr'><strong>ο</strong></span> <span class='ocrx_word' id='word_1_154' title='bbox 1176 1732 1189 1744; x_wconf 94' lang='grc'><strong>.</strong></span> 
     </span>
    </p>
   </div>
   <div class='ocr_carea' id='block_1_19' title="bbox 924 1706 1189 1745">
    <p class='ocr_par' dir='ltr' id='par_1_19' title="bbox 924 1706 1189 1745">
     <span class='ocr_line' id='line_1_20' title="bbox 924 1706 1189 1745; baseline 0.004 -2"><span class='ocrx_word' id='word_1_155' title='bbox 924 1706 1189 1745; x_wconf 60' lang='grc' dir='ltr'>αακροςπ</span> 
     </span>
    </p>
   </div>
   <div class='ocr_carea' id='block_1_20' title="bbox 325 1778 1830 1853">
    <p class='ocr_par' dir='ltr' id='par_1_20' title="bbox 325 1778 1830 1853">
     <span class='ocr_line' id='line_1_21' title="bbox 325 1778 1830 1853; baseline -0.005 -14"><span class='ocrx_word' id='word_1_156' title='bbox 325 1783 590 1839; x_wconf 69' lang='grc' dir='ltr'>Θεοτόκον</span> <span class='ocrx_word' id='word_1_157' title='bbox 655 1778 715 1837; x_wconf 75' lang='lat' dir='ltr'><strong>at</strong></span> <span class='ocrx_word' id='word_1_158' title='bbox 778 1782 987 1853; x_wconf 77' lang='grc' dir='ltr'><strong>κυρίως</strong></span> <span class='ocrx_word' id='word_1_159' title='bbox 1073 1783 1169 1835; x_wconf 75' lang='grc' dir='ltr'>καὶ</span> <span class='ocrx_word' id='word_1_160' title='bbox 1219 1781 1439 1851; x_wconf 72' lang='grc' dir='ltr'>ἀληθῶς</span> <span class='ocrx_word' id='word_1_161' title='bbox 1516 1784 1616 1851; x_wconf 76' lang='grc' dir='ltr'>τὴν</span> <span class='ocrx_word' id='word_1_162' title='bbox 1665 1783 1830 1848; x_wconf 82' lang='grc' dir='ltr'>ἁγίαν</span> 
     </span>
    </p>
   </div>
   <div class='ocr_carea' id='block_1_21' title="bbox 250 1867 1828 1941">
    <p class='ocr_par' dir='ltr' id='par_1_21' title="bbox 250 1867 1828 1941">
     <span class='ocr_line' id='line_1_22' title="bbox 250 1867 1828 1941; baseline -0.001 -16"><span class='ocrx_word' id='word_1_163' title='bbox 250 1868 529 1940; x_wconf 79' lang='grc' dir='ltr'>Παρθένον</span> <span class='ocrx_word' id='word_1_164' title='bbox 572 1868 923 1941; x_wconf 82' lang='grc' dir='ltr'>κηρύττομεν</span> <span class='ocrx_word' id='word_1_165' title='bbox 952 1882 968 1898; x_wconf 86' lang='lat'><strong>&#39;</strong></span> <span class='ocrx_word' id='word_1_166' title='bbox 1022 1868 1098 1932; x_wconf 76' lang='grc' dir='ltr'>ὡς</span> <span class='ocrx_word' id='word_1_167' title='bbox 1141 1869 1250 1939; x_wconf 81' lang='grc' dir='ltr'><strong>γὰρ</strong></span> <span class='ocrx_word' id='word_1_168' title='bbox 1282 1867 1417 1932; x_wconf 81' lang='grc' dir='ltr'>Θεὸς</span> <span class='ocrx_word' id='word_1_169' title='bbox 1448 1870 1653 1940; x_wconf 78' lang='grc' dir='ltr'>ἀληθὴς</span> <span class='ocrx_word' id='word_1_170' title='bbox 1698 1874 1726 1924; x_wconf 80' lang='grc' dir='ltr'><strong>ὁ</strong></span> <span class='ocrx_word' id='word_1_171' title='bbox 1768 1871 1828 1935; x_wconf 75' lang='grc' dir='ltr'><strong>ἐξ</strong></span> 
     </span>
    </p>
   </div>
   <div class='ocr_carea' id='block_1_22' title="bbox 2002 1620 3437 1691">
    <p class='ocr_par' dir='ltr' id='par_1_22' title="bbox 2002 1620 3437 1691">
     <span class='ocr_line' id='line_1_23' title="bbox 2002 1620 3437 1691; baseline 0.002 -17"><span class='ocrx_word' id='word_1_172' title='bbox 2002 1621 2134 1675; x_wconf 88' lang='lat' dir='ltr'><strong>Item</strong></span> <span class='ocrx_word' id='word_1_173' title='bbox 2161 1623 2411 1676; x_wconf 76' lang='lat' dir='ltr'><strong>adversus</strong></span> <span class='ocrx_word' id='word_1_174' title='bbox 2436 1622 2805 1685; x_wconf 75' lang='lat' dir='ltr'><strong>Nestorianoe,</strong></span> <span class='ocrx_word' id='word_1_175' title='bbox 2828 1620 3165 1678; x_wconf 77' lang='lat' dir='ltr'><strong>Damasceni.</strong></span> <span class='ocrx_word' id='word_1_176' title='bbox 3191 1620 3324 1691; x_wconf 86' lang='lat' dir='ltr'><strong>Cap.</strong></span> <span class='ocrx_word' id='word_1_177' title='bbox 3349 1622 3437 1679; x_wconf 81' lang='lat'><strong>76.</strong></span> 
     </span>
    </p>
   </div>
   <div class='ocr_carea' id='block_1_23' title="bbox 2020 1783 3524 1858">
    <p class='ocr_par' dir='ltr' id='par_1_23' title="bbox 2020 1783 3524 1858">
     <span class='ocr_line' id='line_1_24' title="bbox 2020 1783 3524 1858; baseline -0.005 -13"><span class='ocrx_word' id='word_1_178' title='bbox 2020 1789 2217 1845; x_wconf 77' lang='lat' dir='ltr'><strong>Sancta</strong></span> <span class='ocrx_word' id='word_1_179' title='bbox 2249 1787 2429 1842; x_wconf 76' lang='lat' dir='ltr'><strong>Maria</strong></span> <span class='ocrx_word' id='word_1_180' title='bbox 2451 1786 2548 1843; x_wconf 86' lang='lat' dir='ltr'><strong>Dei</strong></span> <span class='ocrx_word' id='word_1_181' title='bbox 2596 1784 2773 1842; x_wconf 74' lang='lat' dir='ltr'><strong>Mater</strong></span> <span class='ocrx_word' id='word_1_182' title='bbox 2803 1787 3033 1858; x_wconf 75' lang='lat' dir='ltr'><strong>proprie.</strong></span> <span class='ocrx_word' id='word_1_183' title='bbox 3054 1783 3257 1842; x_wconf 86' lang='lat' dir='ltr'><strong>Contra</strong></span> <span class='ocrx_word' id='word_1_184' title='bbox 3286 1783 3524 1839; x_wconf 83' lang='lat' dir='ltr'><strong>Valenti-</strong></span> 
     </span>
    </p>
   </div>
   <div class='ocr_carea' id='block_1_24' title="bbox 1949 1876 3526 1935">
    <p class='ocr_par' dir='ltr' id='par_1_24' title="bbox 1949 1876 3526 1935">
     <span class='ocr_line' id='line_1_25' title="bbox 1949 1876 3526 1935; baseline -0.003 -1"><span class='ocrx_word' id='word_1_185' title='bbox 1949 1896 2073 1935; x_wconf 86' lang='lat' dir='ltr'><strong>nunt</strong></span> <span class='ocrx_word' id='word_1_186' title='bbox 2103 1888 2153 1935; x_wconf 83' lang='lat' dir='ltr'><strong>et</strong></span> <span class='ocrx_word' id='word_1_187' title='bbox 2177 1880 2311 1934; x_wconf 75' lang='lat' dir='ltr'><strong>alios</strong></span> <span class='ocrx_word' id='word_1_188' title='bbox 2335 1895 2354 1934; x_wconf 90' lang='lat'><strong><em>:</em></strong></span> <span class='ocrx_word' id='word_1_189' title='bbox 2389 1888 2562 1933; x_wconf 87' lang='lat' dir='ltr'><strong>ortam</strong></span> <span class='ocrx_word' id='word_1_190' title='bbox 2602 1893 2667 1933; x_wconf 71' lang='lat' dir='ltr'><strong>ex</strong></span> <span class='ocrx_word' id='word_1_191' title='bbox 2712 1878 2889 1933; x_wconf 82' lang='lat' dir='ltr'><strong>Maria</strong></span> <span class='ocrx_word' id='word_1_192' title='bbox 2939 1876 3142 1933; x_wconf 80' lang='lat' dir='ltr'><strong>Christi</strong></span> <span class='ocrx_word' id='word_1_193' title='bbox 3197 1891 3429 1930; x_wconf 85' lang='lat' dir='ltr'><strong>carnem.</strong></span> <span class='ocrx_word' id='word_1_194' title='bbox 3456 1904 3526 1915; x_wconf 89' lang='lat'><strong>——</strong></span> 
     </span>
    </p>
   </div>
   <div class='ocr_carea' id='block_1_25' title="bbox 250 1957 1829 2046">
    <p class='ocr_par' dir='ltr' id='par_1_25' title="bbox 250 1957 1826 2032">
     <span class='ocr_line' id='line_1_26' title="bbox 250 1957 1826 2032; baseline 0 -17"><span class='ocrx_word' id='word_1_195' title='bbox 250 1962 425 2029; x_wconf 81' lang='grc' dir='ltr'>αὐτῆς</span> <span class='ocrx_word' id='word_1_196' title='bbox 457 1959 763 2030; x_wconf 79' lang='grc' dir='ltr'>γεννηθεὶς,</span> <span class='ocrx_word' id='word_1_197' title='bbox 814 1957 1025 2030; x_wconf 78' lang='grc' dir='ltr'>ἀληθὴς</span> <span class='ocrx_word' id='word_1_198' title='bbox 1073 1959 1337 2021; x_wconf 76' lang='grc' dir='ltr'>Θεοτόκος</span> <span class='ocrx_word' id='word_1_199' title='bbox 1368 1963 1401 2030; x_wconf 78' lang='grc' dir='ltr'><strong>ἡ</strong></span> <span class='ocrx_word' id='word_1_200' title='bbox 1451 1958 1544 2013; x_wconf 80' lang='grc' dir='ltr'>τὸν</span> <span class='ocrx_word' id='word_1_201' title='bbox 1572 1960 1826 2032; x_wconf 72' lang='grc' dir='ltr'>ἀληθινὸν</span> 
     </span>
    </p>
   </div>
   <div class='ocr_carea' id='block_1_26' title="bbox 1944 1957 3522 2046">
    <p class='ocr_par' dir='ltr' id='par_1_26' title="bbox 1950 1968 3522 2041">
     <span class='ocr_line' id='line_1_27' title="bbox 1950 1968 3522 2041; baseline -0.006 -14"><span class='ocrx_word' id='word_1_202' title='bbox 1950 1972 2211 2027; x_wconf 81' lang='lat' dir='ltr'><strong>Sanctam</strong></span> <span class='ocrx_word' id='word_1_203' title='bbox 2246 1984 2411 2040; x_wconf 85' lang='lat' dir='ltr'><strong>porro</strong></span> <span class='ocrx_word' id='word_1_204' title='bbox 2456 1969 2740 2041; x_wconf 75' lang='lat' dir='ltr'><strong>Virginem</strong></span> <span class='ocrx_word' id='word_1_205' title='bbox 2792 1969 2883 2023; x_wconf 88' lang='lat' dir='ltr'><strong>Dei</strong></span> <span class='ocrx_word' id='word_1_206' title='bbox 2922 1968 3146 2039; x_wconf 80' lang='lat' dir='ltr'><strong>prOprie</strong></span> <span class='ocrx_word' id='word_1_207' title='bbox 3190 1979 3247 2023; x_wconf 81' lang='lat' dir='ltr'><strong>&#39;et</strong></span> <span class='ocrx_word' id='word_1_208' title='bbox 3280 1981 3406 2021; x_wconf 81' lang='lat' dir='ltr'><strong>vere</strong></span> <span class='ocrx_word' id='word_1_209' title='bbox 3430 1983 3522 2037; x_wconf 77' lang='lat' dir='ltr'><strong>ge-</strong></span> 
     </span>
    </p>
   </div>
   <div class='ocr_carea' id='block_1_27' title="bbox 248 2051 1826 2124">
    <p class='ocr_par' dir='ltr' id='par_1_27' title="bbox 248 2051 1826 2124">
     <span class='ocr_line' id='line_1_28' title="bbox 248 2051 1826 2124; baseline 0 -18"><span class='ocrx_word' id='word_1_210' title='bbox 248 2053 384 2106; x_wconf 78' lang='grc' dir='ltr'>Θεὺν</span> <span class='ocrx_word' id='word_1_211' title='bbox 424 2052 486 2116; x_wconf 72' lang='grc' dir='ltr'>εξ</span> <span class='ocrx_word' id='word_1_212' title='bbox 536 2052 704 2121; x_wconf 75' lang='grc' dir='ltr'>αὐτῆς</span> <span class='ocrx_word' id='word_1_213' title='bbox 739 2051 1164 2122; x_wconf 82' lang='grc' dir='ltr'>σεσαρκωμένον</span> <span class='ocrx_word' id='word_1_214' title='bbox 1191 2052 1532 2122; x_wconf 79' lang='grc' dir='ltr'>γεννήσασα·</span> <span class='ocrx_word' id='word_1_215' title='bbox 1561 2052 1694 2105; x_wconf 73' lang='grc' dir='ltr'>Θεὸν</span> <span class='ocrx_word' id='word_1_216' title='bbox 1716 2053 1826 2124; x_wconf 78' lang='grc' dir='ltr'>γάρ</span> 
     </span>
    </p>
   </div>
   <div class='ocr_carea' id='block_1_28' title="bbox 249 2142 1827 2215">
    <p class='ocr_par' dir='ltr' id='par_1_28' title="bbox 249 2142 1827 2215">
     <span class='ocr_line' id='line_1_29' title="bbox 249 2142 1827 2215; baseline 0 -17"><span class='ocrx_word' id='word_1_217' title='bbox 249 2161 435 2215; x_wconf 75' lang='grc' dir='ltr'>φαμεν</span> <span class='ocrx_word' id='word_1_218' title='bbox 463 2142 523 2209; x_wconf 70' lang='grc' dir='ltr'><strong>ἐξ</strong></span> <span class='ocrx_word' id='word_1_219' title='bbox 554 2144 729 2214; x_wconf 79' lang='grc' dir='ltr'>αὐτῆς</span> <span class='ocrx_word' id='word_1_220' title='bbox 764 2143 1149 2213; x_wconf 82' lang='grc' dir='ltr'>γεγεννῆσθαι,</span> <span class='ocrx_word' id='word_1_221' title='bbox 1187 2143 1287 2215; x_wconf 88' lang='grc' dir='ltr'><strong>οὐχ</strong></span> <span class='ocrx_word' id='word_1_222' title='bbox 1328 2145 1403 2209; x_wconf 80' lang='grc' dir='ltr'>ὡς</span> <span class='ocrx_word' id='word_1_223' title='bbox 1439 2148 1536 2215; x_wconf 79' lang='grc' dir='ltr'>τῆς</span> <span class='ocrx_word' id='word_1_224' title='bbox 1575 2145 1827 2215; x_wconf 75' lang='grc' dir='ltr'>θεότητος</span> 
     </span>
    </p>
   </div>
   <div class='ocr_carea' id='block_1_29' title="bbox 247 2231 1826 2308">
    <p class='ocr_par' dir='ltr' id='par_1_29' title="bbox 247 2231 1826 2308">
     <span class='ocr_line' id='line_1_30' title="bbox 247 2231 1826 2308; baseline -0.002 -17"><span class='ocrx_word' id='word_1_225' title='bbox 247 2239 344 2293; x_wconf 86' lang='grc' dir='ltr'>τοῦ</span> <span class='ocrx_word' id='word_1_226' title='bbox 368 2238 545 2306; x_wconf 84' lang='grc' dir='ltr'>Λόγου</span> <span class='ocrx_word' id='word_1_227' title='bbox 578 2235 755 2308; x_wconf 83' lang='grc' dir='ltr'>ἀρχὴν</span> <span class='ocrx_word' id='word_1_228' title='bbox 782 2235 878 2290; x_wconf 80' lang='grc' dir='ltr'><strong>τοῦ</strong></span> <span class='ocrx_word' id='word_1_229' title='bbox 906 2231 1046 2289; x_wconf 78' lang='grc' dir='ltr'>εἶναι</span> <span class='ocrx_word' id='word_1_230' title='bbox 1090 2234 1367 2306; x_wconf 76' lang='grc' dir='ltr'>λαϐούσης</span> <span class='ocrx_word' id='word_1_231' title='bbox 1396 2237 1457 2301; x_wconf 75' lang='grc' dir='ltr'><strong>ἐξ</strong></span> <span class='ocrx_word' id='word_1_232' title='bbox 1484 2238 1681 2306; x_wconf 78' lang='grc' dir='ltr'>αὐτῆς,</span> <span class='ocrx_word' id='word_1_233' title='bbox 1712 2237 1826 2290; x_wconf 77' lang='grc' dir='ltr'><strong>ἀλλ’</strong></span> 
     </span>
    </p>
   </div>
   <div class='ocr_carea' id='block_1_30' title="bbox 246 2318 1828 2399">
    <p class='ocr_par' dir='ltr' id='par_1_30' title="bbox 246 2318 1828 2399">
     <span class='ocr_line' id='line_1_31' title="bbox 246 2318 1828 2399; baseline 0 -19"><span class='ocrx_word' id='word_1_234' title='bbox 246 2327 326 2392; x_wconf 84' lang='grc' dir='ltr'>ὡς</span> <span class='ocrx_word' id='word_1_235' title='bbox 366 2326 535 2381; x_wconf 82' lang='grc' dir='ltr'>αὐτοῦ</span> <span class='ocrx_word' id='word_1_236' title='bbox 561 2324 657 2380; x_wconf 78' lang='grc' dir='ltr'><strong>τοῦ</strong></span> <span class='ocrx_word' id='word_1_237' title='bbox 686 2318 824 2379; x_wconf 81' lang='grc' dir='ltr'>Θεοῦ</span> <span class='ocrx_word' id='word_1_238' title='bbox 856 2326 1063 2394; x_wconf 81' lang='grc' dir='ltr'>Λόγου,</span> <span class='ocrx_word' id='word_1_239' title='bbox 1097 2327 1160 2380; x_wconf 80' lang='grc' dir='ltr'>τὸ</span> <span class='ocrx_word' id='word_1_240' title='bbox 1202 2327 1311 2399; x_wconf 78' lang='grc' dir='ltr'><strong>πρὸ</strong></span> <span class='ocrx_word' id='word_1_241' title='bbox 1338 2327 1551 2382; x_wconf 76' lang='grc' dir='ltr'>αἰώνων</span> <span class='ocrx_word' id='word_1_242' title='bbox 1583 2328 1828 2399; x_wconf 79' lang='grc' dir='ltr'>ἀχρὸνως</span> 
     </span>
    </p>
   </div>
   <div class='ocr_carea' id='block_1_31' title="bbox 250 2415 1825 2489">
    <p class='ocr_par' dir='ltr' id='par_1_31' title="bbox 250 2415 1825 2489">
     <span class='ocr_line' id='line_1_32' title="bbox 250 2415 1825 2489; baseline 0 -17"><span class='ocrx_word' id='word_1_243' title='bbox 250 2421 319 2472; x_wconf 73' lang='grc' dir='ltr'>ὲκ</span> <span class='ocrx_word' id='word_1_244' title='bbox 352 2419 567 2489; x_wconf 81' lang='grc' dir='ltr'>Πατρδς</span> <span class='ocrx_word' id='word_1_245' title='bbox 611 2415 991 2489; x_wconf 75' lang='grc' dir='ltr'>γεννηθέντος,</span> <span class='ocrx_word' id='word_1_246' title='bbox 1032 2418 1128 2471; x_wconf 74' lang='grc' dir='ltr'>καὶ</span> <span class='ocrx_word' id='word_1_247' title='bbox 1174 2417 1431 2488; x_wconf 78' lang='grc' dir='ltr'>ἀνάρχως</span> <span class='ocrx_word' id='word_1_248' title='bbox 1465 2418 1563 2472; x_wconf 70' lang='grc' dir='ltr'>καὶ</span> <span class='ocrx_word' id='word_1_249' title='bbox 1616 2418 1825 2482; x_wconf 78' lang='grc' dir='ltr'>ἀϊδίως.</span> 
     </span>
    </p>
   </div>
   <div class='ocr_carea' id='block_1_32' title="bbox 250 2500 1829 2581">
    <p class='ocr_par' dir='ltr' id='par_1_32' title="bbox 250 2500 1829 2581">
     <span class='ocr_line' id='line_1_33' title="bbox 250 2500 1829 2581; baseline -0.004 -16"><span class='ocrx_word' id='word_1_250' title='bbox 250 2510 590 2581; x_wconf 75' lang='grc' dir='ltr'>ὑπάρχοντος</span> <span class='ocrx_word' id='word_1_251' title='bbox 615 2522 641 2549; x_wconf 74' lang='grc' dir='ltr'><strong>ι</strong></span> <span class='ocrx_word' id='word_1_252' title='bbox 673 2509 772 2561; x_wconf 81' lang='grc' dir='ltr'>σὺν</span> <span class='ocrx_word' id='word_1_253' title='bbox 805 2503 885 2579; x_wconf 77' lang='grc' dir='ltr'><strong>τῷ</strong></span> <span class='ocrx_word' id='word_1_254' title='bbox 928 2500 1106 2578; x_wconf 71' lang='grc' dir='ltr'>Πατρὶ</span> <span class='ocrx_word' id='word_1_255' title='bbox 1136 2508 1233 2561; x_wconf 61' lang='grc' dir='ltr'><strong>καὶ⁵</strong></span> <span class='ocrx_word' id='word_1_256' title='bbox 1276 2506 1354 2578; x_wconf 85' lang='grc' dir='ltr'>τῷ</span> <span class='ocrx_word' id='word_1_257' title='bbox 1395 2507 1699 2577; x_wconf 80' lang='grc' dir='ltr'>Πνεύματι,</span> <span class='ocrx_word' id='word_1_258' title='bbox 1741 2508 1829 2559; x_wconf 77' lang='grc' dir='ltr'><strong>ἐπ’</strong></span> 
     </span>
    </p>
   </div>
   <div class='ocr_carea' id='block_1_33' title="bbox 245 2599 1824 2673">
    <p class='ocr_par' dir='ltr' id='par_1_33' title="bbox 245 2599 1824 2673">
     <span class='ocr_line' id='line_1_34' title="bbox 245 2599 1824 2673; baseline -0.001 -17"><span class='ocrx_word' id='word_1_259' title='bbox 245 2603 493 2673; x_wconf 68' lang='grc' dir='ltr'>ἐσχάτων</span> <span class='ocrx_word' id='word_1_260' title='bbox 527 2603 636 2655; x_wconf 83' lang='grc' dir='ltr'><strong>τῶν</strong></span> <span class='ocrx_word' id='word_1_261' title='bbox 669 2600 894 2672; x_wconf 69' lang='grc' dir='ltr'>ἡμερῶν</span> <span class='ocrx_word' id='word_1_262' title='bbox 932 2600 1023 2654; x_wconf 70' lang='grc' dir='ltr'><strong>διὰ</strong></span> <span class='ocrx_word' id='word_1_263' title='bbox 1070 2599 1170 2671; x_wconf 80' lang='grc' dir='ltr'>τὴν</span> <span class='ocrx_word' id='word_1_264' title='bbox 1212 2599 1492 2672; x_wconf 74' lang='grc' dir='ltr'><strong>ἡμετέραν</strong></span> <span class='ocrx_word' id='word_1_265' title='bbox 1528 2601 1824 2673; x_wconf 76' lang='grc' dir='ltr'>σωτηρίαν,</span> 
     </span>
    </p>
   </div>
   <div class='ocr_carea' id='block_1_34' title="bbox 247 2690 1826 2765">
    <p class='ocr_par' dir='ltr' id='par_1_34' title="bbox 247 2690 1826 2765">
     <span class='ocr_line' id='line_1_35' title="bbox 247 2690 1826 2765; baseline -0.001 -17"><span class='ocrx_word' id='word_1_266' title='bbox 247 2699 311 2749; x_wconf 80' lang='grc' dir='ltr'>ὲν</span> <span class='ocrx_word' id='word_1_267' title='bbox 354 2690 420 2765; x_wconf 68' lang='grc' dir='ltr'><strong>τῇ</strong></span> <span class='ocrx_word' id='word_1_268' title='bbox 457 2693 659 2765; x_wconf 56' lang='grc' dir='ltr'><strong>γαστρί⁵</strong></span> <span class='ocrx_word' id='word_1_269' title='bbox 715 2692 888 2763; x_wconf 80' lang='grc' dir='ltr'>αὐτῆς</span> <span class='ocrx_word' id='word_1_270' title='bbox 936 2693 1355 2763; x_wconf 79' lang='grc' dir='ltr'>ὲνοικήσαντος,</span> <span class='ocrx_word' id='word_1_271' title='bbox 1410 2693 1505 2745; x_wconf 73' lang='grc' dir='ltr'><strong>καὶ</strong></span> <span class='ocrx_word' id='word_1_272' title='bbox 1554 2694 1611 2759; x_wconf 70' lang='grc' dir='ltr'><strong>ἐξ</strong></span> <span class='ocrx_word' id='word_1_273' title='bbox 1658 2693 1826 2763; x_wconf 76' lang='grc' dir='ltr'>αὐτῆς</span> 
     </span>
    </p>
   </div>
   <div class='ocr_carea' id='block_1_35' title="bbox 248 2783 1829 2858">
    <p class='ocr_par' dir='ltr' id='par_1_35' title="bbox 248 2783 1829 2858">
     <span class='ocr_line' id='line_1_36' title="bbox 248 2783 1829 2858; baseline -0.002 -17"><span class='ocrx_word' id='word_1_274' title='bbox 248 2786 649 2858; x_wconf 81' lang='grc' dir='ltr'>ἀμεταϐλήτως</span> <span class='ocrx_word' id='word_1_275' title='bbox 684 2783 1060 2856; x_wconf 72' lang='grc' dir='ltr'>σαρκωθέντος</span> <span class='ocrx_word' id='word_1_276' title='bbox 1093 2786 1190 2839; x_wconf 77' lang='grc' dir='ltr'>καὶ</span> <span class='ocrx_word' id='word_1_277' title='bbox 1217 2783 1589 2853; x_wconf 79' lang='grc' dir='ltr'>γεννηθέντος.</span> <span class='ocrx_word' id='word_1_278' title='bbox 1611 2786 1686 2839; x_wconf 87' lang='grc' dir='ltr'>Οὐ</span> <span class='ocrx_word' id='word_1_279' title='bbox 1720 2786 1829 2856; x_wconf 75' lang='grc' dir='ltr'><strong>γὰρ</strong></span> 
     </span>
    </p>
   </div>
   <div class='ocr_carea' id='block_1_36' title="bbox 250 2873 1828 2946">
    <p class='ocr_par' dir='ltr' id='par_1_36' title="bbox 250 2873 1828 2946">
     <span class='ocr_line' id='line_1_37' title="bbox 250 2873 1828 2946; baseline -0.001 -16"><span class='ocrx_word' id='word_1_280' title='bbox 250 2876 544 2946; x_wconf 78' lang='grc' dir='ltr'>ἄνθρωπον</span> <span class='ocrx_word' id='word_1_281' title='bbox 574 2875 731 2943; x_wconf 79' lang='grc' dir='ltr'>ψιλὸν</span> <span class='ocrx_word' id='word_1_282' title='bbox 760 2874 1058 2945; x_wconf 64' lang='grc' dir='ltr'>ἐγέννησεν</span> <span class='ocrx_word' id='word_1_283' title='bbox 1096 2874 1130 2943; x_wconf 79' lang='grc' dir='ltr'>ὴ</span> <span class='ocrx_word' id='word_1_284' title='bbox 1173 2874 1305 2941; x_wconf 82' lang='grc' dir='ltr'>ἁγία</span> <span class='ocrx_word' id='word_1_285' title='bbox 1356 2873 1650 2944; x_wconf 81' lang='grc' dir='ltr'>Παρθένος,</span> <span class='ocrx_word' id='word_1_286' title='bbox 1690 2875 1828 2928; x_wconf 79' lang='grc' dir='ltr'><strong>ἀλλὰ</strong></span> 
     </span>
    </p>
   </div>
   <div class='ocr_carea' id='block_1_37' title="bbox 252 2963 1828 3038">
    <p class='ocr_par' dir='ltr' id='par_1_37' title="bbox 252 2963 1828 3038">
     <span class='ocr_line' id='line_1_38' title="bbox 252 2963 1828 3038; baseline -0.003 -17"><span class='ocrx_word' id='word_1_287' title='bbox 252 2968 389 3020; x_wconf 83' lang='grc' dir='ltr'><strong>Θεὸν</strong></span> <span class='ocrx_word' id='word_1_288' title='bbox 418 2963 703 3038; x_wconf 76' lang='grc' dir='ltr'>ἀληθινόνο</span> <span class='ocrx_word' id='word_1_289' title='bbox 728 2964 789 3016; x_wconf 80' lang='grc' dir='ltr'><strong>οὐ</strong></span> <span class='ocrx_word' id='word_1_290' title='bbox 823 2963 1053 3034; x_wconf 83' lang='grc' dir='ltr'>γυμνὸν,</span> <span class='ocrx_word' id='word_1_291' title='bbox 1072 2963 1209 3016; x_wconf 78' lang='grc' dir='ltr'><strong>ἀλλὰ</strong></span> <span class='ocrx_word' id='word_1_292' title='bbox 1248 2964 1697 3033; x_wconf 77' lang='grc' dir='ltr'>σεσαρκωμένονο</span> <span class='ocrx_word' id='word_1_293' title='bbox 1730 2966 1828 3017; x_wconf 89' lang='grc' dir='ltr'><strong>οὐκ</strong></span> 
     </span>
    </p>
   </div>
   <div class='ocr_carea' id='block_1_38' title="bbox 249 3054 1827 3131">
    <p class='ocr_par' dir='ltr' id='par_1_38' title="bbox 249 3054 1827 3131">
     <span class='ocr_line' id='line_1_39' title="bbox 249 3054 1827 3131; baseline -0.003 -19"><span class='ocrx_word' id='word_1_294' title='bbox 249 3058 548 3131; x_wconf 80' lang='grc' dir='ltr'>οὐρανόθεν</span> <span class='ocrx_word' id='word_1_295' title='bbox 575 3056 637 3112; x_wconf 79' lang='grc' dir='ltr'>τὸ</span> <span class='ocrx_word' id='word_1_296' title='bbox 672 3055 832 3125; x_wconf 74' lang='grc' dir='ltr'>σῶμα</span> <span class='ocrx_word' id='word_1_297' title='bbox 872 3054 1279 3123; x_wconf 83' lang='grc' dir='ltr'>καταγαγόντα,</span> <span class='ocrx_word' id='word_1_298' title='bbox 1308 3056 1402 3107; x_wconf 75' lang='grc' dir='ltr'><strong>καὶ</strong></span> <span class='ocrx_word' id='word_1_299' title='bbox 1433 3055 1507 3117; x_wconf 81' lang='grc' dir='ltr'>ὡς</span> <span class='ocrx_word' id='word_1_300' title='bbox 1535 3056 1625 3108; x_wconf 83' lang='grc' dir='ltr'>διὰ</span> <span class='ocrx_word' id='word_1_301' title='bbox 1648 3055 1827 3125; x_wconf 84' lang='grc' dir='ltr'>σωλῆ-</span> 
     </span>
    </p>
   </div>
   <div class='ocr_carea' id='block_1_39' title="bbox 249 3146 1825 3221">
    <p class='ocr_par' dir='ltr' id='par_1_39' title="bbox 249 3146 1825 3221">
     <span class='ocr_line' id='line_1_40' title="bbox 249 3146 1825 3221; baseline -0.004 -16"><span class='ocrx_word' id='word_1_302' title='bbox 249 3170 342 3214; x_wconf 78' lang='lat' dir='ltr'><strong>vo;</strong></span> <span class='ocrx_word' id='word_1_303' title='bbox 375 3151 441 3205; x_wconf 84' lang='grc' dir='ltr'>δι’</span> <span class='ocrx_word' id='word_1_304' title='bbox 471 3151 641 3220; x_wconf 83' lang='grc' dir='ltr'>αὐτῆς</span> <span class='ocrx_word' id='word_1_305' title='bbox 670 3146 1028 3221; x_wconf 81' lang='grc' dir='ltr'>παρελθόντα,</span> <span class='ocrx_word' id='word_1_306' title='bbox 1080 3146 1196 3200; x_wconf 76' lang='grc' dir='ltr'>ἀλλ’</span> <span class='ocrx_word' id='word_1_307' title='bbox 1223 3146 1281 3213; x_wconf 75' lang='grc' dir='ltr'>εξ</span> <span class='ocrx_word' id='word_1_308' title='bbox 1322 3148 1494 3214; x_wconf 78' lang='grc' dir='ltr'>αὐτῆς</span> <span class='ocrx_word' id='word_1_309' title='bbox 1540 3147 1825 3216; x_wconf 80' lang='grc' dir='ltr'>όμοούσιον</span> 
     </span>
    </p>
   </div>
   <div class='ocr_carea' id='block_1_40' title="bbox 241 3237 1831 3313">
    <p class='ocr_par' dir='ltr' id='par_1_40' title="bbox 241 3237 1831 3313">
     <span class='ocr_line' id='line_1_41' title="bbox 241 3237 1831 3313; baseline -0.002 -17"><span class='ocrx_word' id='word_1_310' title='bbox 241 3246 383 3313; x_wconf 77' lang='grc' dir='ltr'>ἡμῖν</span> <span class='ocrx_word' id='word_1_311' title='bbox 413 3242 590 3313; x_wconf 83' lang='grc' dir='ltr'>σάρκα</span> <span class='ocrx_word' id='word_1_312' title='bbox 613 3238 977 3302; x_wconf 77' lang='grc' dir='ltr'>ἁναλαόόντα,</span> <span class='ocrx_word' id='word_1_313' title='bbox 1000 3239 1093 3290; x_wconf 69' lang='grc' dir='ltr'>καὶ</span> <span class='ocrx_word' id='word_1_314' title='bbox 1119 3239 1177 3289; x_wconf 82' lang='grc' dir='ltr'>ἐν</span> <span class='ocrx_word' id='word_1_315' title='bbox 1207 3237 1386 3307; x_wconf 79' lang='grc' dir='ltr'>ἑαυτῷ</span> <span class='ocrx_word' id='word_1_316' title='bbox 1413 3240 1796 3311; x_wconf 79' lang='grc' dir='ltr'>ὑποστήσαντα</span> <span class='ocrx_word' id='word_1_317' title='bbox 1817 3280 1831 3293; x_wconf 91' lang='grc'><strong>.</strong></span> 
     </span>
    </p>
   </div>
   <div class='ocr_carea' id='block_1_41' title="bbox 1948 2056 3523 2130">
    <p class='ocr_par' dir='ltr' id='par_1_41' title="bbox 1948 2056 3523 2130">
     <span class='ocr_line' id='line_1_42' title="bbox 1948 2056 3523 2130; baseline -0.004 -15"><span class='ocrx_word' id='word_1_318' title='bbox 1948 2062 2205 2116; x_wconf 73' lang='lat' dir='ltr'><strong>nitricém</strong></span> <span class='ocrx_word' id='word_1_319' title='bbox 2271 2058 2659 2130; x_wconf 62' lang='lat' dir='ltr'><strong>pradicamus.</strong></span> <span class='ocrx_word' id='word_1_320' title='bbox 2801 2056 2957 2113; x_wconf 83' lang='lat' dir='ltr'><strong>Sicut</strong></span> <span class='ocrx_word' id='word_1_321' title='bbox 3030 2057 3175 2113; x_wconf 87' lang='lat' dir='ltr'><strong>enim</strong></span> <span class='ocrx_word' id='word_1_322' title='bbox 3231 2071 3394 2111; x_wconf 86' lang='lat' dir='ltr'><strong>verus</strong></span> <span class='ocrx_word' id='word_1_323' title='bbox 3439 2066 3523 2110; x_wconf 79' lang='lat' dir='ltr'><strong>est</strong></span> 
     </span>
    </p>
   </div>
   <div class='ocr_carea' id='block_1_42' title="bbox 1951 2144 3524 2221">
    <p class='ocr_par' dir='ltr' id='par_1_42' title="bbox 1951 2144 3524 2221">
     <span class='ocr_line' id='line_1_43' title="bbox 1951 2144 3524 2221; baseline -0.004 -17"><span class='ocrx_word' id='word_1_324' title='bbox 1951 2152 2122 2215; x_wconf 85' lang='lat' dir='ltr'><strong>Deus,</strong></span> <span class='ocrx_word' id='word_1_325' title='bbox 2153 2150 2245 2220; x_wconf 85' lang='lat' dir='ltr'><strong>qui</strong></span> <span class='ocrx_word' id='word_1_326' title='bbox 2278 2164 2343 2205; x_wconf 81' lang='lat' dir='ltr'><strong>ex</strong></span> <span class='ocrx_word' id='word_1_327' title='bbox 2390 2150 2511 2221; x_wconf 87' lang='lat' dir='ltr'><strong>ipsa</strong></span> <span class='ocrx_word' id='word_1_328' title='bbox 2543 2157 2706 2203; x_wconf 89' lang='lat' dir='ltr'><strong>natus</strong></span> <span class='ocrx_word' id='word_1_329' title='bbox 2738 2152 2864 2216; x_wconf 85' lang='lat' dir='ltr'><strong>est;</strong></span> <span class='ocrx_word' id='word_1_330' title='bbox 2902 2148 2974 2201; x_wconf 90' lang='lat' dir='ltr'><strong>ita</strong></span> <span class='ocrx_word' id='word_1_331' title='bbox 3022 2147 3253 2218; x_wconf 80' lang='lat' dir='ltr'><strong>perinde</strong></span> <span class='ocrx_word' id='word_1_332' title='bbox 3285 2144 3377 2202; x_wconf 85' lang='lat' dir='ltr'><strong>Dei</strong></span> <span class='ocrx_word' id='word_1_333' title='bbox 3407 2144 3524 2199; x_wconf 74' lang='lat' dir='ltr'><strong>Ma-</strong></span> 
     </span>
    </p>
   </div>
   <div class='ocr_carea' id='block_1_43' title="bbox 1947 2239 3521 2312">
    <p class='ocr_par' dir='ltr' id='par_1_43' title="bbox 1947 2239 3521 2312">
     <span class='ocr_line' id='line_1_44' title="bbox 1947 2239 3521 2312; baseline -0.003 -14"><span class='ocrx_word' id='word_1_334' title='bbox 1947 2252 2033 2300; x_wconf 86' lang='lat' dir='ltr'><strong>ter</strong></span> <span class='ocrx_word' id='word_1_335' title='bbox 2056 2251 2161 2309; x_wconf 85' lang='lat' dir='ltr'><strong>est,</strong></span> <span class='ocrx_word' id='word_1_336' title='bbox 2195 2256 2318 2312; x_wconf 61' lang='lat' dir='ltr'><strong>quae</strong></span> <span class='ocrx_word' id='word_1_337' title='bbox 2363 2247 2558 2294; x_wconf 90' lang='lat' dir='ltr'><strong>verum</strong></span> <span class='ocrx_word' id='word_1_338' title='bbox 2604 2239 2774 2295; x_wconf 86' lang='lat' dir='ltr'><strong>Deum</strong></span> <span class='ocrx_word' id='word_1_339' title='bbox 2819 2255 2883 2294; x_wconf 80' lang='lat' dir='ltr'><strong>ex</strong></span> <span class='ocrx_word' id='word_1_340' title='bbox 2939 2255 2997 2295; x_wconf 89' lang='lat' dir='ltr'><strong>se</strong></span> <span class='ocrx_word' id='word_1_341' title='bbox 3031 2240 3378 2297; x_wconf 87' lang='lat' dir='ltr'><strong>incarnatum</strong></span> <span class='ocrx_word' id='word_1_342' title='bbox 3426 2242 3521 2311; x_wconf 77' lang='lat' dir='ltr'><strong>ge-</strong></span> 
     </span>
    </p>
   </div>
   <div class='ocr_carea' id='block_1_44' title="bbox 1948 2332 3521 2403">
    <p class='ocr_par' dir='ltr' id='par_1_44' title="bbox 1948 2332 3521 2403">
     <span class='ocr_line' id='line_1_45' title="bbox 1948 2332 3521 2403; baseline -0.002 -15"><span class='ocrx_word' id='word_1_343' title='bbox 1948 2336 2088 2389; x_wconf 90' lang='lat' dir='ltr'><strong>nuit.</strong></span> <span class='ocrx_word' id='word_1_344' title='bbox 2128 2334 2296 2389; x_wconf 87' lang='lat' dir='ltr'><strong>Deum</strong></span> <span class='ocrx_word' id='word_1_345' title='bbox 2334 2346 2501 2403; x_wconf 91' lang='lat' dir='ltr'><strong>porro</strong></span> <span class='ocrx_word' id='word_1_346' title='bbox 2530 2346 2599 2387; x_wconf 84' lang='lat' dir='ltr'><strong>ex</strong></span> <span class='ocrx_word' id='word_1_347' title='bbox 2627 2346 2691 2386; x_wconf 88' lang='lat' dir='ltr'><strong>ea</strong></span> <span class='ocrx_word' id='word_1_348' title='bbox 2738 2340 2929 2386; x_wconf 86' lang='lat' dir='ltr'><strong>natum</strong></span> <span class='ocrx_word' id='word_1_349' title='bbox 2969 2347 3092 2388; x_wconf 89' lang='lat' dir='ltr'><strong>esse</strong></span> <span class='ocrx_word' id='word_1_350' title='bbox 3124 2332 3382 2397; x_wconf 89' lang='lat' dir='ltr'><strong>dicimus,</strong></span> <span class='ocrx_word' id='word_1_351' title='bbox 3411 2332 3521 2386; x_wconf 83' lang='lat' dir='ltr'><strong>nOn</strong></span> 
     </span>
    </p>
   </div>
   <div class='ocr_carea' id='block_1_45' title="bbox 1946 2422 3523 2496">
    <p class='ocr_par' dir='ltr' id='par_1_45' title="bbox 1946 2422 3523 2496">
     <span class='ocr_line' id='line_1_46' title="bbox 1946 2422 3523 2496; baseline -0.001 -17"><span class='ocrx_word' id='word_1_352' title='bbox 1946 2426 2089 2496; x_wconf 87' lang='lat' dir='ltr'><strong>quod</strong></span> <span class='ocrx_word' id='word_1_353' title='bbox 2124 2423 2289 2480; x_wconf 80' lang='lat' dir='ltr'><strong>Verbi</strong></span> <span class='ocrx_word' id='word_1_354' title='bbox 2321 2423 2583 2480; x_wconf 76' lang='lat' dir='ltr'><strong>divinitas</strong></span> <span class='ocrx_word' id='word_1_355' title='bbox 2613 2423 2912 2480; x_wconf 82' lang='lat' dir='ltr'><strong>exsistendi</strong></span> <span class='ocrx_word' id='word_1_356' title='bbox 2942 2422 3271 2493; x_wconf 88' lang='lat' dir='ltr'><strong>principium</strong></span> <span class='ocrx_word' id='word_1_357' title='bbox 3304 2439 3373 2479; x_wconf 77' lang='lat' dir='ltr'><strong>ex</strong></span> <span class='ocrx_word' id='word_1_358' title='bbox 3403 2424 3523 2494; x_wconf 87' lang='lat' dir='ltr'><strong>ipsa</strong></span> 
     </span>
    </p>
   </div>
   <div class='ocr_carea' id='block_1_46' title="bbox 1947 2514 3522 2588">
    <p class='ocr_par' dir='ltr' id='par_1_46' title="bbox 1947 2514 3522 2588">
     <span class='ocr_line' id='line_1_47' title="bbox 1947 2514 3522 2588; baseline -0.003 -13"><span class='ocrx_word' id='word_1_359' title='bbox 1947 2518 2215 2583; x_wconf 80' lang='lat' dir='ltr'><strong>traxerit;</strong></span> <span class='ocrx_word' id='word_1_360' title='bbox 2257 2516 2351 2575; x_wconf 88' lang='lat' dir='ltr'><strong>sed</strong></span> <span class='ocrx_word' id='word_1_361' title='bbox 2384 2518 2515 2588; x_wconf 83' lang='lat' dir='ltr'><strong>quia</strong></span> <span class='ocrx_word' id='word_1_362' title='bbox 2546 2514 2787 2573; x_wconf 80' lang='lat' dir='ltr'><strong>Verbum</strong></span> <span class='ocrx_word' id='word_1_363' title='bbox 2832 2516 3037 2587; x_wconf 89' lang='lat' dir='ltr'><strong>ipsum,</strong></span> <span class='ocrx_word' id='word_1_364' title='bbox 3073 2516 3221 2588; x_wconf 85' lang='lat' dir='ltr'><strong>quod</strong></span> <span class='ocrx_word' id='word_1_365' title='bbox 3250 2524 3377 2572; x_wconf 85' lang='lat' dir='ltr'><strong>ante</strong></span> <span class='ocrx_word' id='word_1_366' title='bbox 3422 2531 3522 2572; x_wconf 68' lang='lat' dir='ltr'><strong>sm-</strong></span> 
     </span>
    </p>
   </div>
   <div class='ocr_carea' id='block_1_47' title="bbox 1945 2604 3525 2679">
    <p class='ocr_par' dir='ltr' id='par_1_47' title="bbox 1945 2604 3525 2679">
     <span class='ocr_line' id='line_1_48' title="bbox 1945 2604 3525 2679; baseline -0.002 -13"><span class='ocrx_word' id='word_1_367' title='bbox 1945 2613 2070 2667; x_wconf 88' lang='lat' dir='ltr'><strong>cula</strong></span> <span class='ocrx_word' id='word_1_368' title='bbox 2131 2613 2270 2665; x_wconf 88' lang='lat' dir='ltr'><strong>citra</strong></span> <span class='ocrx_word' id='word_1_369' title='bbox 2326 2610 2498 2664; x_wconf 91' lang='lat' dir='ltr'><strong>ullum</strong></span> <span class='ocrx_word' id='word_1_370' title='bbox 2557 2616 2776 2679; x_wconf 84' lang='lat' dir='ltr'><strong>tempus</strong></span> <span class='ocrx_word' id='word_1_371' title='bbox 2830 2609 3075 2679; x_wconf 80' lang='lat' dir='ltr'><strong>genitum</strong></span> <span class='ocrx_word' id='word_1_372' title='bbox 3127 2618 3234 2675; x_wconf 86' lang='lat' dir='ltr'><strong>est,</strong></span> <span class='ocrx_word' id='word_1_373' title='bbox 3281 2623 3344 2662; x_wconf 86' lang='lat' dir='ltr'><strong>ac</strong></span> <span class='ocrx_word' id='word_1_374' title='bbox 3401 2604 3525 2664; x_wconf 83' lang='lat' dir='ltr'><strong>sine</strong></span> 
     </span>
    </p>
   </div>
   <div class='ocr_carea' id='block_1_48' title="bbox 1944 2699 3526 2772">
    <p class='ocr_par' dir='ltr' id='par_1_48' title="bbox 1944 2699 3526 2772">
     <span class='ocr_line' id='line_1_49' title="bbox 1944 2699 3526 2772; baseline -0.005 -12"><span class='ocrx_word' id='word_1_375' title='bbox 1944 2702 2173 2760; x_wconf 79' lang='lat' dir='ltr'><strong>exordio</strong></span> <span class='ocrx_word' id='word_1_376' title='bbox 2226 2709 2281 2757; x_wconf 93' lang='lat' dir='ltr'><strong>et</strong></span> <span class='ocrx_word' id='word_1_377' title='bbox 2313 2702 2648 2772; x_wconf 86' lang='lat' dir='ltr'><strong>sempiterne</strong></span> <span class='ocrx_word' id='word_1_378' title='bbox 2699 2715 2809 2755; x_wconf 86' lang='lat' dir='ltr'><strong>una</strong></span> <span class='ocrx_word' id='word_1_379' title='bbox 2856 2714 2981 2754; x_wconf 89' lang='lat' dir='ltr'><strong>cum</strong></span> <span class='ocrx_word' id='word_1_380' title='bbox 3019 2699 3182 2756; x_wconf 88' lang='lat' dir='ltr'><strong>Patre</strong></span> <span class='ocrx_word' id='word_1_381' title='bbox 3211 2709 3266 2755; x_wconf 91' lang='lat' dir='ltr'><strong>et</strong></span> <span class='ocrx_word' id='word_1_382' title='bbox 3314 2700 3526 2770; x_wconf 84' lang='lat' dir='ltr'><strong>Spiritu</strong></span> 
     </span>
    </p>
   </div>
   <div class='ocr_carea' id='block_1_49' title="bbox 1946 2789 3523 2857">
    <p class='ocr_par' dir='ltr' id='par_1_49' title="bbox 1946 2789 3523 2857">
     <span class='ocr_line' id='line_1_50' title="bbox 1946 2789 3523 2857; baseline -0.006 -6"><span class='ocrx_word' id='word_1_383' title='bbox 1946 2805 2135 2851; x_wconf 85' lang='lat' dir='ltr'><strong>sancto</strong></span> <span class='ocrx_word' id='word_1_384' title='bbox 2163 2801 2267 2857; x_wconf 89' lang='lat' dir='ltr'><strong>est,</strong></span> <span class='ocrx_word' id='word_1_385' title='bbox 2297 2793 2352 2847; x_wconf 90' lang='lat' dir='ltr'><strong>in</strong></span> <span class='ocrx_word' id='word_1_386' title='bbox 2374 2791 2635 2849; x_wconf 75' lang='lat' dir='ltr'><strong>extremis</strong></span> <span class='ocrx_word' id='word_1_387' title='bbox 2662 2790 2858 2848; x_wconf 89' lang='lat' dir='ltr'><strong>diebus</strong></span> <span class='ocrx_word' id='word_1_388' title='bbox 2884 2789 3081 2849; x_wconf 83' lang='lat' dir='ltr'><strong>salutis</strong></span> <span class='ocrx_word' id='word_1_389' title='bbox 3107 2797 3309 2846; x_wconf 76' lang='lat' dir='ltr'><strong>nostra:</strong></span> <span class='ocrx_word' id='word_1_390' title='bbox 3336 2804 3523 2853; x_wconf 85' lang='lat' dir='ltr'><strong>causa,</strong></span> 
     </span>
    </p>
   </div>
   <div class='ocr_carea' id='block_1_50' title="bbox 1945 2883 3525 2955">
    <p class='ocr_par' dir='ltr' id='par_1_50' title="bbox 1945 2883 3525 2955">
     <span class='ocr_line' id='line_1_51' title="bbox 1945 2883 3525 2955; baseline -0.003 -15"><span class='ocrx_word' id='word_1_391' title='bbox 1945 2886 2001 2940; x_wconf 90' lang='lat' dir='ltr'><strong>in</strong></span> <span class='ocrx_word' id='word_1_392' title='bbox 2029 2894 2187 2940; x_wconf 88' lang='lat' dir='ltr'><strong>utero</strong></span> <span class='ocrx_word' id='word_1_393' title='bbox 2218 2883 2395 2955; x_wconf 87' lang='lat' dir='ltr'><strong>ipsius</strong></span> <span class='ocrx_word' id='word_1_394' title='bbox 2430 2884 2718 2951; x_wconf 85' lang='lat' dir='ltr'><strong>habitavit,</strong></span> <span class='ocrx_word' id='word_1_395' title='bbox 2749 2891 2804 2939; x_wconf 90' lang='lat' dir='ltr'><strong>et</strong></span> <span class='ocrx_word' id='word_1_396' title='bbox 2849 2893 3135 2953; x_wconf 89' lang='lat' dir='ltr'><strong>assumpta</strong></span> <span class='ocrx_word' id='word_1_397' title='bbox 3170 2897 3338 2939; x_wconf 85' lang='lat' dir='ltr'><strong>carne</strong></span> <span class='ocrx_word' id='word_1_398' title='bbox 3369 2898 3433 2937; x_wconf 83' lang='lat' dir='ltr'><strong>ex</strong></span> <span class='ocrx_word' id='word_1_399' title='bbox 3460 2896 3525 2936; x_wconf 84' lang='lat' dir='ltr'><strong>ea</strong></span> 
     </span>
    </p>
   </div>
   <div class='ocr_carea' id='block_1_51' title="bbox 1945 2974 3520 3047">
    <p class='ocr_par' dir='ltr' id='par_1_51' title="bbox 1945 2974 3520 3047">
     <span class='ocr_line' id='line_1_52' title="bbox 1945 2974 3520 3047; baseline -0.002 -16"><span class='ocrx_word' id='word_1_400' title='bbox 1945 2977 2191 3047; x_wconf 74' lang='lat' dir='ltr'><strong>genitum</strong></span> <span class='ocrx_word' id='word_1_401' title='bbox 2242 2984 2325 3031; x_wconf 89' lang='lat' dir='ltr'><strong>est</strong></span> <span class='ocrx_word' id='word_1_402' title='bbox 2377 2977 2498 3033; x_wconf 89' lang='lat' dir='ltr'><strong>sine</strong></span> <span class='ocrx_word' id='word_1_403' title='bbox 2535 2976 2623 3032; x_wconf 90' lang='lat' dir='ltr'><strong>sui</strong></span> <span class='ocrx_word' id='word_1_404' title='bbox 2656 2977 3050 3031; x_wconf 86' lang='lat' dir='ltr'><strong>demutatione.</strong></span> <span class='ocrx_word' id='word_1_405' title='bbox 3096 2974 3212 3030; x_wconf 77' lang='lat' dir='ltr'><strong>Non</strong></span> <span class='ocrx_word' id='word_1_406' title='bbox 3246 2977 3391 3030; x_wconf 85' lang='lat' dir='ltr'><strong>enim</strong></span> <span class='ocrx_word' id='word_1_407' title='bbox 3423 2976 3520 3029; x_wconf 78' lang='lat' dir='ltr'><strong>lio-</strong></span> 
     </span>
    </p>
   </div>
   <div class='ocr_carea' id='block_1_52' title="bbox 1944 3065 3518 3140">
    <p class='ocr_par' dir='ltr' id='par_1_52' title="bbox 1944 3065 3518 3140">
     <span class='ocr_line' id='line_1_53' title="bbox 1944 3065 3518 3140; baseline -0.001 -18"><span class='ocrx_word' id='word_1_408' title='bbox 1944 3070 2148 3122; x_wconf 87' lang='lat' dir='ltr'><strong>minem</strong></span> <span class='ocrx_word' id='word_1_409' title='bbox 2182 3083 2381 3140; x_wconf 90' lang='lat' dir='ltr'><strong>purum</strong></span> <span class='ocrx_word' id='word_1_410' title='bbox 2429 3073 2620 3124; x_wconf 86' lang='lat' dir='ltr'><strong>sancta</strong></span> <span class='ocrx_word' id='word_1_411' title='bbox 2652 3065 2821 3138; x_wconf 77' lang='lat' dir='ltr'><strong>Virgo</strong></span> <span class='ocrx_word' id='word_1_412' title='bbox 2851 3069 3063 3139; x_wconf 74' lang='lat' dir='ltr'><strong>genuit,</strong></span> <span class='ocrx_word' id='word_1_413' title='bbox 3092 3068 3186 3123; x_wconf 89' lang='lat' dir='ltr'><strong>sed</strong></span> <span class='ocrx_word' id='word_1_414' title='bbox 3220 3066 3388 3121; x_wconf 87' lang='lat' dir='ltr'><strong>Deum</strong></span> <span class='ocrx_word' id='word_1_415' title='bbox 3423 3083 3518 3121; x_wconf 84' lang='lat' dir='ltr'><strong>ve-</strong></span> 
     </span>
    </p>
   </div>
   <div class='ocr_carea' id='block_1_53' title="bbox 1945 3158 3518 3227">
    <p class='ocr_par' dir='ltr' id='par_1_53' title="bbox 1945 3158 3518 3227">
     <span class='ocr_line' id='line_1_54' title="bbox 1945 3158 3518 3227; baseline 0 -14"><span class='ocrx_word' id='word_1_416' title='bbox 1945 3174 2102 3227; x_wconf 87' lang='lat' dir='ltr'><strong>rum;</strong></span> <span class='ocrx_word' id='word_1_417' title='bbox 2140 3175 2249 3214; x_wconf 89' lang='lat' dir='ltr'><strong>non</strong></span> <span class='ocrx_word' id='word_1_418' title='bbox 2280 3160 2513 3226; x_wconf 90' lang='lat' dir='ltr'><strong>nudum,</strong></span> <span class='ocrx_word' id='word_1_419' title='bbox 2560 3158 2654 3215; x_wconf 90' lang='lat' dir='ltr'><strong>sed</strong></span> <span class='ocrx_word' id='word_1_420' title='bbox 2689 3174 2855 3215; x_wconf 89' lang='lat' dir='ltr'><strong>carne</strong></span> <span class='ocrx_word' id='word_1_421' title='bbox 2883 3160 3177 3227; x_wconf 74' lang='lat' dir='ltr'><strong>vesntum‘;</strong></span> <span class='ocrx_word' id='word_1_422' title='bbox 3220 3174 3320 3213; x_wconf 83' lang='lat' dir='ltr'><strong>nec</strong></span> <span class='ocrx_word' id='word_1_423' title='bbox 3353 3160 3428 3213; x_wconf 87' lang='lat' dir='ltr'><strong>ita</strong></span> <span class='ocrx_word' id='word_1_424' title='bbox 3458 3170 3518 3213; x_wconf 89' lang='lat' dir='ltr'><strong>ut</strong></span> 
     </span>
    </p>
   </div>
   <div class='ocr_carea' id='block_1_54' title="bbox 1944 3250 3524 3322">
    <p class='ocr_par' dir='ltr' id='par_1_54' title="bbox 1944 3250 3524 3322">
     <span class='ocr_line' id='line_1_55' title="bbox 1944 3250 3524 3322; baseline -0.002 -16"><span class='ocrx_word' id='word_1_425' title='bbox 1944 3266 2177 3322; x_wconf 86' lang='lat' dir='ltr'><strong>corpore</strong></span> <span class='ocrx_word' id='word_1_426' title='bbox 2226 3252 2292 3307; x_wconf 87' lang='lat' dir='ltr'><strong>de</strong></span> <span class='ocrx_word' id='word_1_427' title='bbox 2326 3252 2484 3307; x_wconf 74' lang='lat' dir='ltr'><strong>ccelis</strong></span> <span class='ocrx_word' id='word_1_428' title='bbox 2525 3250 2712 3314; x_wconf 88' lang='lat' dir='ltr'><strong>allato,</strong></span> <span class='ocrx_word' id='word_1_429' title='bbox 2768 3264 2864 3320; x_wconf 91' lang='lat' dir='ltr'><strong>per</strong></span> <span class='ocrx_word' id='word_1_430' title='bbox 2892 3265 3010 3306; x_wconf 88' lang='lat' dir='ltr'><strong>eam</strong></span> <span class='ocrx_word' id='word_1_431' title='bbox 3044 3251 3194 3307; x_wconf 89' lang='lat' dir='ltr'><strong>velut</strong></span> <span class='ocrx_word' id='word_1_432' title='bbox 3226 3265 3323 3321; x_wconf 86' lang='lat' dir='ltr'><strong>per</strong></span> <span class='ocrx_word' id='word_1_433' title='bbox 3353 3264 3524 3304; x_wconf 87' lang='lat' dir='ltr'><strong>cana-</strong></span> 
     </span>
    </p>
   </div>
   <div class='ocr_carea' id='block_1_55' title="bbox 238 3329 1829 3412">
    <p class='ocr_par' dir='ltr' id='par_1_55' title="bbox 238 3329 1823 3404">
     <span class='ocr_line' id='line_1_56' title="bbox 238 3329 1823 3404; baseline 0.003 -24"><span class='ocrx_word' id='word_1_434' title='bbox 238 3336 309 3389; x_wconf 71' lang='grc' dir='ltr'><strong>Εἰ</strong></span> <span class='ocrx_word' id='word_1_435' title='bbox 340 3333 453 3403; x_wconf 73' lang='grc' dir='ltr'><strong>γὰρ</strong></span> <span class='ocrx_word' id='word_1_436' title='bbox 481 3331 781 3403; x_wconf 76' lang='grc' dir='ltr'>οὐρανόθεν</span> <span class='ocrx_word' id='word_1_437' title='bbox 807 3330 868 3384; x_wconf 75' lang='grc' dir='ltr'><strong>τὸ</strong></span> <span class='ocrx_word' id='word_1_438' title='bbox 908 3329 1069 3403; x_wconf 83' lang='grc' dir='ltr'>σῶμα</span> <span class='ocrx_word' id='word_1_439' title='bbox 1099 3330 1445 3398; x_wconf 83' lang='grc' dir='ltr'>κεκόμισται,</span> <span class='ocrx_word' id='word_1_440' title='bbox 1473 3334 1568 3383; x_wconf 81' lang='grc' dir='ltr'>καὶ</span> <span class='ocrx_word' id='word_1_441' title='bbox 1587 3331 1647 3383; x_wconf 80' lang='grc' dir='ltr'><strong>οὐ</strong></span> <span class='ocrx_word' id='word_1_442' title='bbox 1722 3332 1823 3404; x_wconf 82' lang='grc' dir='ltr'><strong>τῆς</strong></span> 
     </span>
    </p>
   </div>
   <div class='ocr_carea' id='block_1_56' title="bbox 1944 3329 3518 3412">
    <p class='ocr_par' dir='ltr' id='par_1_56' title="bbox 1944 3341 3518 3412">
     <span class='ocr_line' id='line_1_57' title="bbox 1944 3341 3518 3412; baseline 0.003 -18"><span class='ocrx_word' id='word_1_443' title='bbox 1944 3341 2047 3395; x_wconf 85' lang='lat' dir='ltr'><strong>lem</strong></span> <span class='ocrx_word' id='word_1_444' title='bbox 2078 3341 2379 3407; x_wconf 86' lang='lat' dir='ltr'><strong>transierit,</strong></span> <span class='ocrx_word' id='word_1_445' title='bbox 2414 3341 2509 3398; x_wconf 89' lang='lat' dir='ltr'><strong>sed</strong></span> <span class='ocrx_word' id='word_1_446' title='bbox 2538 3356 2605 3396; x_wconf 82' lang='lat' dir='ltr'><strong>ex</strong></span> <span class='ocrx_word' id='word_1_447' title='bbox 2647 3342 2763 3412; x_wconf 85' lang='lat' dir='ltr'><strong>ipsa</strong></span> <span class='ocrx_word' id='word_1_448' title='bbox 2795 3353 3017 3397; x_wconf 89' lang='lat' dir='ltr'><strong>carnem</strong></span> <span class='ocrx_word' id='word_1_449' title='bbox 3047 3341 3293 3410; x_wconf 87' lang='lat' dir='ltr'><strong>ejusdem</strong></span> <span class='ocrx_word' id='word_1_450' title='bbox 3327 3354 3391 3396; x_wconf 86' lang='lat' dir='ltr'><strong>ac</strong></span> <span class='ocrx_word' id='word_1_451' title='bbox 3419 3360 3518 3399; x_wconf 91' lang='lat' dir='ltr'><strong>nos</strong></span> 
     </span>
    </p>
   </div>
   <div class='ocr_carea' id='block_1_57' title="bbox 238 3419 1824 3495">
    <p class='ocr_par' dir='ltr' id='par_1_57' title="bbox 238 3419 1824 3495">
     <span class='ocr_line' id='line_1_58' title="bbox 238 3419 1824 3495; baseline -0.003 -15"><span class='ocrx_word' id='word_1_452' title='bbox 238 3425 369 3480; x_wconf 81' lang='grc' dir='ltr'>καθ’</span> <span class='ocrx_word' id='word_1_453' title='bbox 401 3425 553 3495; x_wconf 78' lang='grc' dir='ltr'>ἡμᾶς</span> <span class='ocrx_word' id='word_1_454' title='bbox 576 3423 796 3493; x_wconf 77' lang='grc' dir='ltr'>φύσεως</span> <span class='ocrx_word' id='word_1_455' title='bbox 818 3421 1096 3491; x_wconf 80' lang='grc' dir='ltr'>εἴληπται,</span> <span class='ocrx_word' id='word_1_456' title='bbox 1120 3419 1204 3486; x_wconf 83' lang='grc' dir='ltr'><strong>τίς</strong></span> <span class='ocrx_word' id='word_1_457' title='bbox 1232 3420 1391 3491; x_wconf 85' lang='grc' dir='ltr'>χρεία</span> <span class='ocrx_word' id='word_1_458' title='bbox 1417 3420 1517 3487; x_wconf 81' lang='grc' dir='ltr'>τῆς</span> <span class='ocrx_word' id='word_1_459' title='bbox 1550 3422 1824 3490; x_wconf 59' lang='grc' dir='ltr'>ὲνανθρωι</span> 
     </span>
    </p>
   </div>
   <div class='ocr_carea' id='block_1_58' title="bbox 238 3512 1826 3586">
    <p class='ocr_par' dir='ltr' id='par_1_58' title="bbox 238 3512 1826 3586">
     <span class='ocr_line' id='line_1_59' title="bbox 238 3512 1826 3586; baseline 0 -18"><span class='ocrx_word' id='word_1_460' title='bbox 238 3518 498 3586; x_wconf 55' lang='lat' dir='ltr'><strong>arquatae;</strong></span> <span class='ocrx_word' id='word_1_461' title='bbox 533 3514 598 3569; x_wconf 85' lang='grc' dir='ltr'><strong><em>Ἥ</em></strong></span> <span class='ocrx_word' id='word_1_462' title='bbox 626 3514 736 3584; x_wconf 87' lang='grc' dir='ltr'>γὰρ</span> <span class='ocrx_word' id='word_1_463' title='bbox 771 3512 1185 3584; x_wconf 76' lang='grc' dir='ltr'>ὲνανθρὼπησις</span> <span class='ocrx_word' id='word_1_464' title='bbox 1228 3512 1322 3567; x_wconf 82' lang='grc' dir='ltr'>τοῦ</span> <span class='ocrx_word' id='word_1_465' title='bbox 1370 3512 1505 3564; x_wconf 81' lang='grc' dir='ltr'>Θεοῦ</span> <span class='ocrx_word' id='word_1_466' title='bbox 1532 3514 1705 3581; x_wconf 85' lang='grc' dir='ltr'>Λόγου</span> <span class='ocrx_word' id='word_1_467' title='bbox 1736 3516 1826 3569; x_wconf 76' lang='grc' dir='ltr'>διὰ</span> 
     </span>
    </p>
   </div>
   <div class='ocr_carea' id='block_1_59' title="bbox 246 3607 1820 3680">
    <p class='ocr_par' dir='ltr' id='par_1_59' title="bbox 246 3607 1820 3680">
     <span class='ocr_line' id='line_1_60' title="bbox 246 3607 1820 3680; baseline -0.001 -18"><span class='ocrx_word' id='word_1_468' title='bbox 246 3608 411 3662; x_wconf 83' lang='grc' dir='ltr'>τοῦτο</span> <span class='ocrx_word' id='word_1_469' title='bbox 433 3609 674 3677; x_wconf 82' lang='grc' dir='ltr'>γέγονεν,</span> <span class='ocrx_word' id='word_1_470' title='bbox 701 3609 788 3663; x_wconf 83' lang='grc' dir='ltr'><strong>ίνα</strong></span> <span class='ocrx_word' id='word_1_471' title='bbox 805 3607 944 3679; x_wconf 84' lang='grc' dir='ltr'>αὐτὴ</span> <span class='ocrx_word' id='word_1_472' title='bbox 976 3610 1009 3679; x_wconf 82' lang='grc' dir='ltr'><strong>ἡ</strong></span> <span class='ocrx_word' id='word_1_473' title='bbox 1033 3608 1417 3680; x_wconf 81' lang='grc' dir='ltr'>ἁμαρτήσασα,</span> <span class='ocrx_word' id='word_1_474' title='bbox 1444 3611 1538 3663; x_wconf 70' lang='grc' dir='ltr'>καὶ</span> <span class='ocrx_word' id='word_1_475' title='bbox 1557 3609 1820 3675; x_wconf 80' lang='grc' dir='ltr'>πεσοῦσα,</span> 
     </span>
    </p>
   </div>
   <div class='ocr_carea' id='block_1_60' title="bbox 243 3698 1819 3771">
    <p class='ocr_par' dir='ltr' id='par_1_60' title="bbox 243 3698 1819 3771">
     <span class='ocr_line' id='line_1_61' title="bbox 243 3698 1819 3771; baseline -0.003 -16"><span class='ocrx_word' id='word_1_476' title='bbox 243 3701 345 3755; x_wconf 80' lang='grc' dir='ltr'>καὶ</span> <span class='ocrx_word' id='word_1_477' title='bbox 376 3698 647 3769; x_wconf 82' lang='grc' dir='ltr'>φθαρεῖσα</span> <span class='ocrx_word' id='word_1_478' title='bbox 677 3701 859 3767; x_wconf 78' lang='grc' dir='ltr'>φύσις,</span> <span class='ocrx_word' id='word_1_479' title='bbox 889 3699 1089 3770; x_wconf 78' lang='grc' dir='ltr'><strong>νικήσῃ</strong></span> <span class='ocrx_word' id='word_1_480' title='bbox 1114 3700 1205 3753; x_wconf 79' lang='grc' dir='ltr'>τὸν</span> <span class='ocrx_word' id='word_1_481' title='bbox 1241 3701 1596 3771; x_wconf 83' lang='grc' dir='ltr'>ἀπατήσαντα</span> <span class='ocrx_word' id='word_1_482' title='bbox 1620 3702 1819 3770; x_wconf 79' lang='grc' dir='ltr'>τύραν-</span> 
     </span>
    </p>
   </div>
   <div class='ocr_carea' id='block_1_61' title="bbox 241 3793 1829 3869">
    <p class='ocr_par' dir='ltr' id='par_1_61' title="bbox 241 3793 1829 3869">
     <span class='ocr_line' id='line_1_62' title="bbox 241 3793 1829 3869; baseline -0.006 -13"><span class='ocrx_word' id='word_1_483' title='bbox 241 3819 365 3865; x_wconf 79' lang='grc' dir='ltr'>νον,</span> <span class='ocrx_word' id='word_1_484' title='bbox 388 3801 487 3856; x_wconf 78' lang='grc' dir='ltr'>καὶ</span> <span class='ocrx_word' id='word_1_485' title='bbox 508 3800 658 3854; x_wconf 77' lang='grc' dir='ltr'>οὕτω</span> <span class='ocrx_word' id='word_1_486' title='bbox 691 3799 791 3869; x_wconf 76' lang='grc' dir='ltr'>τῆς</span> <span class='ocrx_word' id='word_1_487' title='bbox 825 3797 1033 3868; x_wconf 81' lang='grc' dir='ltr'>φθορᾶς</span> <span class='ocrx_word' id='word_1_488' title='bbox 1059 3797 1422 3868; x_wconf 77' lang='grc' dir='ltr'>ὲλευύερωθῇ,</span> <span class='ocrx_word' id='word_1_489' title='bbox 1447 3793 1631 3859; x_wconf 85' lang='grc' dir='ltr'>καθώς</span> <span class='ocrx_word' id='word_1_490' title='bbox 1661 3811 1829 3865; x_wconf 81' lang='grc' dir='ltr'>φησιν</span> 
     </span>
    </p>
   </div>
   <div class='ocr_carea' id='block_1_62' title="bbox 241 3883 1826 3953">
    <p class='ocr_par' dir='ltr' id='par_1_62' title="bbox 241 3883 1826 3953">
     <span class='ocr_line' id='line_1_63' title="bbox 241 3883 1826 3953; baseline -0.006 -9"><span class='ocrx_word' id='word_1_491' title='bbox 241 3894 276 3945; x_wconf 80' lang='grc' dir='ltr'><strong>ό</strong></span> <span class='ocrx_word' id='word_1_492' title='bbox 288 3892 436 3951; x_wconf 77' lang='grc' dir='ltr'>θεῖος</span> <span class='ocrx_word' id='word_1_493' title='bbox 450 3889 793 3950; x_wconf 81' lang='grc' dir='ltr'>’Δπόστολος,</span> <span class='ocrx_word' id='word_1_494' title='bbox 813 3885 1053 3953; x_wconf 77' lang='grc' dir='ltr'>Ἐπειδὴ</span> <span class='ocrx_word' id='word_1_495' title='bbox 1070 3885 1145 3939; x_wconf 83' lang='grc' dir='ltr'>δι’</span> <span class='ocrx_word' id='word_1_496' title='bbox 1166 3885 1480 3953; x_wconf 77' lang='grc' dir='ltr'>ἀνθρώπου</span> <span class='ocrx_word' id='word_1_497' title='bbox 1501 3886 1533 3937; x_wconf 83' lang='grc' dir='ltr'><em>ὀ</em></span> <span class='ocrx_word' id='word_1_498' title='bbox 1549 3883 1826 3947; x_wconf 78' lang='grc' dir='ltr'>θάνατος,</span> 
     </span>
    </p>
   </div>
   <div class='ocr_carea' id='block_1_63' title="bbox 242 3974 1836 4047">
    <p class='ocr_par' dir='ltr' id='par_1_63' title="bbox 242 3974 1836 4047">
     <span class='ocr_line' id='line_1_64' title="bbox 242 3974 1836 4047; baseline -0.006 -12"><span class='ocrx_word' id='word_1_499' title='bbox 242 3983 351 4035; x_wconf 76' lang='grc' dir='ltr'>καὶ</span> <span class='ocrx_word' id='word_1_500' title='bbox 381 3981 457 4035; x_wconf 82' lang='grc' dir='ltr'><strong>δι’</strong></span> <span class='ocrx_word' id='word_1_501' title='bbox 485 3980 801 4047; x_wconf 77' lang='grc' dir='ltr'>ἀνθρώπου</span> <span class='ocrx_word' id='word_1_502' title='bbox 823 3977 1162 4043; x_wconf 80' lang='grc' dir='ltr'>ἀνάστασις</span> <span class='ocrx_word' id='word_1_503' title='bbox 1187 3974 1434 4044; x_wconf 69' lang='grc' dir='ltr'>νεκρῶν*</span> <span class='ocrx_word' id='word_1_504' title='bbox 1461 3978 1509 4028; x_wconf 83' lang='grc' dir='ltr'><strong>εί</strong></span> <span class='ocrx_word' id='word_1_505' title='bbox 1532 3975 1593 4028; x_wconf 86' lang='grc' dir='ltr'>τὸ</span> <span class='ocrx_word' id='word_1_506' title='bbox 1622 3974 1836 4045; x_wconf 83' lang='grc' dir='ltr'>πρῶτον</span> 
     </span>
    </p>
   </div>
   <div class='ocr_carea' id='block_1_64' title="bbox 243 4069 1054 4141">
    <p class='ocr_par' dir='ltr' id='par_1_64' title="bbox 243 4069 1054 4141">
     <span class='ocr_line' id='line_1_65' title="bbox 243 4069 1054 4141; baseline -0.006 -16"><span class='ocrx_word' id='word_1_507' title='bbox 243 4071 487 4141; x_wconf 77' lang='grc' dir='ltr'>ἀληθὲς,</span> <span class='ocrx_word' id='word_1_508' title='bbox 565 4071 663 4125; x_wconf 76' lang='grc' dir='ltr'>καὶ</span> <span class='ocrx_word' id='word_1_509' title='bbox 688 4069 750 4123; x_wconf 80' lang='grc' dir='ltr'>τὸ</span> <span class='ocrx_word' id='word_1_510' title='bbox 779 4069 1054 4139; x_wconf 83' lang='grc' dir='ltr'>δεύτερον.</span> 
     </span>
    </p>
   </div>
   <div class='ocr_carea' id='block_1_65' title="bbox 1943 3435 3513 3505">
    <p class='ocr_par' dir='ltr' id='par_1_65' title="bbox 1943 3435 3513 3505">
     <span class='ocr_line' id='line_1_66' title="bbox 1943 3435 3513 3505; baseline 0.003 -18"><span class='ocrx_word' id='word_1_511' title='bbox 1943 3435 2268 3491; x_wconf 62' lang='lat' dir='ltr'><strong>substantiae</strong></span> <span class='ocrx_word' id='word_1_512' title='bbox 2293 3436 2586 3505; x_wconf 85' lang='lat' dir='ltr'><strong>acceperit,</strong></span> <span class='ocrx_word' id='word_1_513' title='bbox 2619 3446 2741 3504; x_wconf 78' lang='lat' dir='ltr'><strong>quae</strong></span> <span class='ocrx_word' id='word_1_514' title='bbox 2775 3436 2829 3489; x_wconf 92' lang='lat' dir='ltr'><strong>in</strong></span> <span class='ocrx_word' id='word_1_515' title='bbox 2871 3436 3056 3505; x_wconf 88' lang='lat' dir='ltr'><strong>seipso</strong></span> <span class='ocrx_word' id='word_1_516' title='bbox 3172 3435 3513 3493; x_wconf 79' lang='lat' dir='ltr'><strong>subsisteret.</strong></span> 
     </span>
    </p>
   </div>
   <div class='ocr_carea' id='block_1_66' title="bbox 1941 3523 3512 3596">
    <p class='ocr_par' dir='ltr' id='par_1_66' title="bbox 1941 3523 3512 3596">
     <span class='ocr_line' id='line_1_67' title="bbox 1941 3523 3512 3596; baseline 0.001 -18"><span class='ocrx_word' id='word_1_517' title='bbox 1941 3523 2077 3578; x_wconf 85' lang='lat' dir='ltr'><strong>Nam</strong></span> <span class='ocrx_word' id='word_1_518' title='bbox 2136 3527 2181 3581; x_wconf 91' lang='lat' dir='ltr'><strong>si</strong></span> <span class='ocrx_word' id='word_1_519' title='bbox 2237 3541 2441 3596; x_wconf 87' lang='lat' dir='ltr'><strong>corpus</strong></span> <span class='ocrx_word' id='word_1_520' title='bbox 2493 3541 2523 3580; x_wconf 90' lang='lat' dir='ltr'><strong>e</strong></span> <span class='ocrx_word' id='word_1_521' title='bbox 2570 3526 2708 3581; x_wconf 70' lang='lat' dir='ltr'><strong>coelo</strong></span> <span class='ocrx_word' id='word_1_522' title='bbox 2742 3525 3028 3581; x_wconf 83' lang='lat' dir='ltr'><strong>devectum</strong></span> <span class='ocrx_word' id='word_1_523' title='bbox 3076 3536 3181 3588; x_wconf 90' lang='lat' dir='ltr'><strong>est,</strong></span> <span class='ocrx_word' id='word_1_524' title='bbox 3216 3540 3279 3579; x_wconf 89' lang='lat' dir='ltr'><strong>ac</strong></span> <span class='ocrx_word' id='word_1_525' title='bbox 3311 3540 3419 3579; x_wconf 87' lang='lat' dir='ltr'><strong>non</strong></span> <span class='ocrx_word' id='word_1_526' title='bbox 3450 3542 3512 3579; x_wconf 75' lang='lat' dir='ltr'><strong>ex</strong></span> 
     </span>
    </p>
   </div>
   <div class='ocr_carea' id='block_1_67' title="bbox 1942 3614 3511 3685">
    <p class='ocr_par' dir='ltr' id='par_1_67' title="bbox 1942 3614 3511 3685">
     <span class='ocr_line' id='line_1_68' title="bbox 1942 3614 3511 3685; baseline 0 -17"><span class='ocrx_word' id='word_1_527' title='bbox 1942 3623 2134 3669; x_wconf 87' lang='lat' dir='ltr'><strong>natura</strong></span> <span class='ocrx_word' id='word_1_528' title='bbox 2168 3627 2353 3671; x_wconf 86' lang='lat' dir='ltr'><strong>nostra</strong></span> <span class='ocrx_word' id='word_1_529' title='bbox 2395 3623 2706 3685; x_wconf 88' lang='lat' dir='ltr'><strong>acceptum,</strong></span> <span class='ocrx_word' id='word_1_530' title='bbox 2747 3616 2876 3685; x_wconf 88' lang='lat' dir='ltr'><strong>quid</strong></span> <span class='ocrx_word' id='word_1_531' title='bbox 2904 3614 3125 3669; x_wconf 87' lang='lat' dir='ltr'><strong>tandem</strong></span> <span class='ocrx_word' id='word_1_532' title='bbox 3178 3616 3511 3668; x_wconf 81' lang='lat' dir='ltr'><strong>inhumana-</strong></span> 
     </span>
    </p>
   </div>
   <div class='ocr_carea' id='block_1_68' title="bbox 1940 3703 3511 3774">
    <p class='ocr_par' dir='ltr' id='par_1_68' title="bbox 1940 3703 3511 3774">
     <span class='ocr_line' id='line_1_69' title="bbox 1940 3703 3511 3774; baseline 0 -16"><span class='ocrx_word' id='word_1_533' title='bbox 1940 3707 2091 3760; x_wconf 90' lang='lat' dir='ltr'><strong>tione</strong></span> <span class='ocrx_word' id='word_1_534' title='bbox 2127 3718 2267 3774; x_wconf 90' lang='lat' dir='ltr'><strong>opus</strong></span> <span class='ocrx_word' id='word_1_535' title='bbox 2314 3707 2479 3761; x_wconf 72' lang='lat' dir='ltr'><strong>erat?</strong></span> <span class='ocrx_word' id='word_1_536' title='bbox 2507 3706 2721 3762; x_wconf 83' lang='lat' dir='ltr'><strong>Etenim</strong></span> <span class='ocrx_word' id='word_1_537' title='bbox 2773 3703 2870 3761; x_wconf 87' lang='lat' dir='ltr'><strong>Dei</strong></span> <span class='ocrx_word' id='word_1_538' title='bbox 2914 3704 3151 3760; x_wconf 84' lang='lat' dir='ltr'><strong>Verbum</strong></span> <span class='ocrx_word' id='word_1_539' title='bbox 3201 3704 3511 3758; x_wconf 81' lang='lat' dir='ltr'><strong>humanita-</strong></span> 
     </span>
    </p>
   </div>
   <div class='ocr_carea' id='block_1_69' title="bbox 1932 3792 3511 3863">
    <p class='ocr_par' dir='ltr' id='par_1_69' title="bbox 1932 3792 3511 3863">
     <span class='ocr_line' id='line_1_70' title="bbox 1932 3792 3511 3863; baseline -0.004 -16"><span class='ocrx_word' id='word_1_540' title='bbox 1932 3801 2040 3848; x_wconf 90' lang='lat' dir='ltr'><strong>tem</strong></span> <span class='ocrx_word' id='word_1_541' title='bbox 2071 3793 2277 3850; x_wconf 89' lang='lat' dir='ltr'><strong>idcirco</strong></span> <span class='ocrx_word' id='word_1_542' title='bbox 2318 3794 2499 3850; x_wconf 87' lang='lat' dir='ltr'><strong>induit</strong></span> <span class='ocrx_word' id='word_1_543' title='bbox 2524 3837 2538 3859; x_wconf 96' lang='lat'><strong>,</strong></span> <span class='ocrx_word' id='word_1_544' title='bbox 2624 3800 2685 3847; x_wconf 92' lang='lat' dir='ltr'><strong>ut</strong></span> <span class='ocrx_word' id='word_1_545' title='bbox 2728 3792 2900 3863; x_wconf 87' lang='lat' dir='ltr'><strong>ipsam</strong></span> <span class='ocrx_word' id='word_1_546' title='bbox 2925 3801 2981 3847; x_wconf 92' lang='lat' dir='ltr'><strong>et</strong></span> <span class='ocrx_word' id='word_1_547' title='bbox 3008 3799 3203 3845; x_wconf 86' lang='lat' dir='ltr'><strong>natura</strong></span> <span class='ocrx_word' id='word_1_548' title='bbox 3233 3806 3353 3861; x_wconf 75' lang='lat' dir='ltr'><strong>qua:</strong></span> <span class='ocrx_word' id='word_1_549' title='bbox 3380 3808 3511 3862; x_wconf 83' lang='lat' dir='ltr'><strong>pec.</strong></span> 
     </span>
    </p>
   </div>
   <div class='ocr_carea' id='block_1_70' title="bbox 1936 3885 3506 3955">
    <p class='ocr_par' dir='ltr' id='par_1_70' title="bbox 1936 3885 3506 3955">
     <span class='ocr_line' id='line_1_71' title="bbox 1936 3885 3506 3955; baseline 0.001 -18"><span class='ocrx_word' id='word_1_550' title='bbox 1936 3893 2177 3949; x_wconf 84' lang='lat' dir='ltr'><strong>caverat,</strong></span> <span class='ocrx_word' id='word_1_551' title='bbox 2212 3885 2619 3955; x_wconf 84' lang='lat' dir='ltr'><strong>cecideratque,</strong></span> <span class='ocrx_word' id='word_1_552' title='bbox 2659 3892 2713 3938; x_wconf 89' lang='lat' dir='ltr'><strong>et</strong></span> <span class='ocrx_word' id='word_1_553' title='bbox 2748 3892 3007 3954; x_wconf 89' lang='lat' dir='ltr'><strong>corrupta</strong></span> <span class='ocrx_word' id='word_1_554' title='bbox 3040 3891 3179 3947; x_wconf 85' lang='lat' dir='ltr'><strong>erat,</strong></span> <span class='ocrx_word' id='word_1_555' title='bbox 3210 3890 3506 3954; x_wconf 84' lang='lat' dir='ltr'><strong>tyrannum</strong></span> 
     </span>
    </p>
   </div>
   <div class='ocr_carea' id='block_1_71' title="bbox 1933 3974 3512 4046">
    <p class='ocr_par' dir='ltr' id='par_1_71' title="bbox 1933 3974 3512 4046">
     <span class='ocr_line' id='line_1_72' title="bbox 1933 3974 3512 4046; baseline 0.003 -21"><span class='ocrx_word' id='word_1_556' title='bbox 1933 3974 2027 4044; x_wconf 86' lang='lat' dir='ltr'><strong>qui</strong></span> <span class='ocrx_word' id='word_1_557' title='bbox 2061 3990 2120 4031; x_wconf 86' lang='lat' dir='ltr'><strong>se</strong></span> <span class='ocrx_word' id='word_1_558' title='bbox 2150 3976 2466 4046; x_wconf 84' lang='lat' dir='ltr'><strong>deceperat,</strong></span> <span class='ocrx_word' id='word_1_559' title='bbox 2510 3982 2817 4045; x_wconf 86' lang='lat' dir='ltr'><strong>superaret,</strong></span> <span class='ocrx_word' id='word_1_560' title='bbox 2867 3976 3055 4045; x_wconf 89' lang='lat' dir='ltr'><strong>sicque</strong></span> <span class='ocrx_word' id='word_1_561' title='bbox 3088 3989 3117 4028; x_wconf 90' lang='lat' dir='ltr'><strong>a</strong></span> <span class='ocrx_word' id='word_1_562' title='bbox 3150 3977 3512 4044; x_wconf 81' lang='lat' dir='ltr'><strong>corruptione</strong></span> 
     </span>
    </p>
   </div>
   <div class='ocr_carea' id='block_1_72' title="bbox 1940 4063 3511 4135">
    <p class='ocr_par' dir='ltr' id='par_1_72' title="bbox 1940 4063 3511 4135">
     <span class='ocr_line' id='line_1_73' title="bbox 1940 4063 3511 4135; baseline -0.003 -16"><span class='ocrx_word' id='word_1_563' title='bbox 1940 4065 2333 4134; x_wconf 80' lang='lat' dir='ltr'><strong>vindicaretur,</strong></span> <span class='ocrx_word' id='word_1_564' title='bbox 2392 4075 2451 4121; x_wconf 89' lang='lat' dir='ltr'><strong>ut</strong></span> <span class='ocrx_word' id='word_1_565' title='bbox 2485 4066 2706 4121; x_wconf 80' lang='lat' dir='ltr'><strong>divinus</strong></span> <span class='ocrx_word' id='word_1_566' title='bbox 2749 4066 3049 4135; x_wconf 82' lang='lat' dir='ltr'><strong>Apostolus</strong></span> <span class='ocrx_word' id='word_1_567' title='bbox 3092 4065 3169 4118; x_wconf 88' lang='lat' dir='ltr'><strong>ait</strong></span> <span class='ocrx_word' id='word_1_568' title='bbox 3204 4081 3218 4117; x_wconf 87' lang='lat'><strong>:</strong></span> <span class='ocrx_word' id='word_1_569' title='bbox 3249 4063 3511 4130; x_wconf 80' lang='lat' dir='ltr'><strong>Quoniam</strong></span> 
     </span>
    </p>
   </div>
   <div class='ocr_carea' id='block_1_73' title="bbox 242 4155 3514 4232">
    <p class='ocr_par' dir='ltr' id='par_1_73' title="bbox 242 4155 3514 4232">
     <span class='ocr_line' id='line_1_74' title="bbox 242 4155 3514 4232; baseline -0.002 -17"><span class='ocrx_word' id='word_1_570' title='bbox 242 4178 345 4232; x_wconf 81' lang='lat' dir='ltr'><strong>per</strong></span> <span class='ocrx_word' id='word_1_571' title='bbox 379 4162 643 4216; x_wconf 81' lang='lat' dir='ltr'><strong>hominem</strong></span> <span class='ocrx_word' id='word_1_572' title='bbox 671 4175 837 4226; x_wconf 74' lang='lat' dir='ltr'><strong>more,</strong></span> <span class='ocrx_word' id='word_1_573' title='bbox 861 4168 911 4214; x_wconf 89' lang='lat' dir='ltr'><strong>et</strong></span> <span class='ocrx_word' id='word_1_574' title='bbox 937 4173 1031 4226; x_wconf 87' lang='lat' dir='ltr'><strong>per</strong></span> <span class='ocrx_word' id='word_1_575' title='bbox 1060 4155 1321 4211; x_wconf 71' lang='lat' dir='ltr'><strong>hominem</strong></span> <span class='ocrx_word' id='word_1_576' title='bbox 1344 4157 1661 4211; x_wconf 82' lang='lat' dir='ltr'><strong>resurrectio</strong></span> <span class='ocrx_word' id='word_1_577' title='bbox 1696 4164 2024 4208; x_wconf 83' lang='lat' dir='ltr'><strong>mortuorum</strong></span> <span class='ocrx_word' id='word_1_578' title='bbox 2093 4155 2133 4211; x_wconf 84' lang='lat'><strong>&#39;.</strong></span> <span class='ocrx_word' id='word_1_579' title='bbox 2167 4155 2223 4211; x_wconf 88' lang='lat' dir='ltr'><strong>Si</strong></span> <span class='ocrx_word' id='word_1_580' title='bbox 2269 4157 2502 4227; x_wconf 87' lang='lat' dir='ltr'><strong>primum</strong></span> <span class='ocrx_word' id='word_1_581' title='bbox 2571 4156 2703 4211; x_wconf 89' lang='lat' dir='ltr'><strong>illud</strong></span> <span class='ocrx_word' id='word_1_582' title='bbox 2751 4171 2876 4211; x_wconf 84' lang='lat' dir='ltr'><strong>vere</strong></span> <span class='ocrx_word' id='word_1_583' title='bbox 2945 4155 3176 4222; x_wconf 82' lang='lat' dir='ltr'><strong>exstitit,</strong></span> <span class='ocrx_word' id='word_1_584' title='bbox 3265 4170 3396 4211; x_wconf 84' lang='lat' dir='ltr'><strong>sane</strong></span> <span class='ocrx_word' id='word_1_585' title='bbox 3459 4164 3514 4209; x_wconf 86' lang='lat' dir='ltr'><strong>et</strong></span> 
     </span>
    </p>
   </div>
   <div class='ocr_carea' id='block_1_74' title="bbox 239 4250 581 4309">
    <p class='ocr_par' dir='ltr' id='par_1_74' title="bbox 239 4250 581 4309">
     <span class='ocr_line' id='line_1_75' title="bbox 239 4250 581 4309; baseline -0.012 0"><span class='ocrx_word' id='word_1_586' title='bbox 239 4250 581 4309; x_wconf 76' lang='lat' dir='ltr'><strong>secundum.</strong></span> 
     </span>
    </p>
   </div>
   <div class='ocr_carea' id='block_1_75' title="bbox 321 4335 1827 4411">
    <p class='ocr_par' dir='ltr' id='par_1_75' title="bbox 321 4335 1827 4411">
     <span class='ocr_line' id='line_1_76' title="bbox 321 4335 1827 4411; baseline -0.005 -14"><span class='ocrx_word' id='word_1_587' title='bbox 321 4342 471 4397; x_wconf 78' lang='grc' dir='ltr'>Είδὲ</span> <span class='ocrx_word' id='word_1_588' title='bbox 494 4342 588 4396; x_wconf 64' lang='grc' dir='ltr'>καὶ</span> <span class='ocrx_word' id='word_1_589' title='bbox 607 4341 788 4411; x_wconf 73' lang='grc' dir='ltr'>λέγει*</span> <span class='ocrx_word' id='word_1_590' title='bbox 829 4340 892 4393; x_wconf 88' lang='lat'><strong>&#39;0</strong></span> <span class='ocrx_word' id='word_1_591' title='bbox 924 4336 1155 4407; x_wconf 73' lang='grc' dir='ltr'>πρῶτος</span> <span class='ocrx_word' id='word_1_592' title='bbox 1258 4338 1442 4406; x_wconf 79' lang='grc' dir='ltr'><strong>Ἀδὰμ</strong></span> <span class='ocrx_word' id='word_1_593' title='bbox 1614 4338 1682 4391; x_wconf 81' lang='grc' dir='ltr'>ἐκ</span> <span class='ocrx_word' id='word_1_594' title='bbox 1720 4335 1827 4405; x_wconf 75' lang='grc' dir='ltr'>γῆς</span> 
     </span>
    </p>
   </div>
   <div class='ocr_carea' id='block_1_76' title="bbox 242 4423 1831 4500">
    <p class='ocr_par' dir='ltr' id='par_1_76' title="bbox 242 4423 1831 4500">
     <span class='ocr_line' id='line_1_77' title="bbox 242 4423 1831 4500; baseline -0.004 -16"><span class='ocrx_word' id='word_1_595' title='bbox 242 4431 489 4500; x_wconf 73' lang='grc' dir='ltr'>χοϊκός,</span> <span class='ocrx_word' id='word_1_596' title='bbox 522 4432 555 4484; x_wconf 87' lang='grc' dir='ltr'><strong>ό</strong></span> <span class='ocrx_word' id='word_1_597' title='bbox 594 4429 663 4483; x_wconf 77' lang='grc' dir='ltr'><strong>δὲ</strong></span> <span class='ocrx_word' id='word_1_598' title='bbox 703 4428 986 4497; x_wconf 78' lang='grc' dir='ltr'>δεύτερος</span> <span class='ocrx_word' id='word_1_599' title='bbox 1021 4423 1215 4496; x_wconf 75' lang='grc' dir='ltr'><strong>Ἀδὰμ,</strong></span> <span class='ocrx_word' id='word_1_600' title='bbox 1245 4428 1276 4480; x_wconf 87' lang='grc' dir='ltr'><strong>ό</strong></span> <span class='ocrx_word' id='word_1_601' title='bbox 1303 4428 1519 4494; x_wconf 80' lang='grc' dir='ltr'>Κύριος</span> <span class='ocrx_word' id='word_1_602' title='bbox 1546 4426 1615 4489; x_wconf 78' lang='grc' dir='ltr'><strong>ἐξ</strong></span> <span class='ocrx_word' id='word_1_603' title='bbox 1652 4428 1831 4493; x_wconf 79' lang='grc' dir='ltr'>οὐρα-</span> 
     </span>
    </p>
   </div>
   <div class='ocr_carea' id='block_1_77' title="bbox 242 4517 1832 4591">
    <p class='ocr_par' dir='ltr' id='par_1_77' title="bbox 242 4517 1832 4591">
     <span class='ocr_line' id='line_1_78' title="bbox 242 4517 1832 4591; baseline -0.005 -15"><span class='ocrx_word' id='word_1_604' title='bbox 242 4521 393 4583; x_wconf 65' lang='grc' dir='ltr'>γοῦ,</span> <span class='ocrx_word' id='word_1_605' title='bbox 426 4520 489 4575; x_wconf 88' lang='grc' dir='ltr'><strong>οὐ</strong></span> <span class='ocrx_word' id='word_1_606' title='bbox 522 4522 583 4574; x_wconf 88' lang='grc' dir='ltr'>τὸ</span> <span class='ocrx_word' id='word_1_607' title='bbox 618 4520 783 4590; x_wconf 74' lang='grc' dir='ltr'>σῶμα</span> <span class='ocrx_word' id='word_1_608' title='bbox 812 4535 980 4591; x_wconf 83' lang='grc' dir='ltr'>φησιν</span> <span class='ocrx_word' id='word_1_609' title='bbox 1010 4520 1071 4586; x_wconf 70' lang='grc' dir='ltr'>ἐξ</span> <span class='ocrx_word' id='word_1_610' title='bbox 1108 4517 1361 4589; x_wconf 79' lang='grc' dir='ltr'>οὐρανοῦ,</span> <span class='ocrx_word' id='word_1_611' title='bbox 1397 4518 1535 4571; x_wconf 83' lang='grc' dir='ltr'><strong>ἀλλὰ</strong></span> <span class='ocrx_word' id='word_1_612' title='bbox 1564 4518 1832 4588; x_wconf 58' lang='grc' dir='ltr'>δῆλονηὶκ</span> 
     </span>
    </p>
   </div>
   <div class='ocr_carea' id='block_1_78' title="bbox 2075 4329 3509 4397">
    <p class='ocr_par' dir='ltr' id='par_1_78' title="bbox 2075 4329 3509 4397">
     <span class='ocr_line' id='line_1_79' title="bbox 2075 4329 3509 4397; baseline 0.003 -15"><span class='ocrx_word' id='word_1_613' title='bbox 2075 4330 2189 4384; x_wconf 81' lang='lat' dir='ltr'><strong>Etsi</strong></span> <span class='ocrx_word' id='word_1_614' title='bbox 2236 4338 2413 4384; x_wconf 88' lang='lat' dir='ltr'><strong>autem</strong></span> <span class='ocrx_word' id='word_1_615' title='bbox 2466 4331 2551 4385; x_wconf 84' lang='lat' dir='ltr'><strong>his</strong></span> <span class='ocrx_word' id='word_1_616' title='bbox 2610 4332 2787 4389; x_wconf 78' lang='lat' dir='ltr'><strong>verbis</strong></span> <span class='ocrx_word' id='word_1_617' title='bbox 2823 4332 3019 4397; x_wconf 87' lang='lat' dir='ltr'><strong>utitur,</strong></span> <span class='ocrx_word' id='word_1_618' title='bbox 3070 4329 3284 4387; x_wconf 79' lang='lat' dir='ltr'><strong>Primus</strong></span> <span class='ocrx_word' id='word_1_619' title='bbox 3338 4334 3509 4387; x_wconf 84' lang='lat' dir='ltr'><strong>Adam</strong></span> 
     </span>
    </p>
   </div>
   <div class='ocr_carea' id='block_1_79' title="bbox 1929 4422 3512 4486">
    <p class='ocr_par' dir='ltr' id='par_1_79' title="bbox 1929 4422 3512 4486">
     <span class='ocr_line' id='line_1_80' title="bbox 1929 4422 3512 4486; baseline 0.005 -14"><span class='ocrx_word' id='word_1_620' title='bbox 1929 4426 1992 4475; x_wconf 82' lang='lat' dir='ltr'><strong>de</strong></span> <span class='ocrx_word' id='word_1_621' title='bbox 2034 4432 2195 4483; x_wconf 87' lang='lat' dir='ltr'><strong>terra,</strong></span> <span class='ocrx_word' id='word_1_622' title='bbox 2268 4432 2523 4482; x_wconf 76' lang='lat' dir='ltr'><strong>terrenus,</strong></span> <span class='ocrx_word' id='word_1_623' title='bbox 2584 4422 2846 4475; x_wconf 76' lang='lat' dir='ltr'><strong>secundus</strong></span> <span class='ocrx_word' id='word_1_624' title='bbox 2903 4422 3099 4486; x_wconf 83' lang='lat' dir='ltr'><strong>Adam,</strong></span> <span class='ocrx_word' id='word_1_625' title='bbox 3148 4423 3407 4479; x_wconf 73' lang='lat' dir='ltr'><strong>Dominus</strong></span> <span class='ocrx_word' id='word_1_626' title='bbox 3448 4430 3512 4481; x_wconf 86' lang='lat' dir='ltr'><strong>de</strong></span> 
     </span>
    </p>
   </div>
   <div class='ocr_carea' id='block_1_80' title="bbox 1930 4509 3510 4579">
    <p class='ocr_par' dir='ltr' id='par_1_80' title="bbox 1930 4509 3510 4579">
     <span class='ocr_line' id='line_1_81' title="bbox 1930 4509 3510 4579; baseline 0.004 -16"><span class='ocrx_word' id='word_1_627' title='bbox 1930 4510 2056 4565; x_wconf 76' lang='lat' dir='ltr'><strong>caelo</strong></span> <span class='ocrx_word' id='word_1_628' title='bbox 2103 4513 2152 4573; x_wconf 77' lang='grc'><strong>⁸.</strong></span> <span class='ocrx_word' id='word_1_629' title='bbox 2198 4523 2306 4563; x_wconf 87' lang='grc' dir='ltr'><strong>ηοη</strong></span> <span class='ocrx_word' id='word_1_630' title='bbox 2339 4509 2540 4572; x_wconf 86' lang='lat' dir='ltr'><strong>innuit,</strong></span> <span class='ocrx_word' id='word_1_631' title='bbox 2571 4523 2772 4578; x_wconf 87' lang='lat' dir='ltr'><strong>corpus</strong></span> <span class='ocrx_word' id='word_1_632' title='bbox 2814 4510 2935 4579; x_wconf 82' lang='lat' dir='ltr'><strong>ejus</strong></span> <span class='ocrx_word' id='word_1_633' title='bbox 2970 4509 3037 4566; x_wconf 90' lang='lat' dir='ltr'><strong>de</strong></span> <span class='ocrx_word' id='word_1_634' title='bbox 3067 4511 3214 4567; x_wconf 85' lang='lat' dir='ltr'><strong>coelo</strong></span> <span class='ocrx_word' id='word_1_635' title='bbox 3262 4512 3510 4578; x_wconf 77' lang='lat' dir='ltr'><strong>ﬂuxisse,</strong></span> 
     </span>
    </p>
   </div>
   <div class='ocr_carea' id='block_1_81' title="bbox 244 4600 1829 4684">
    <p class='ocr_par' dir='ltr' id='par_1_81' title="bbox 244 4610 1829 4684">
     <span class='ocr_line' id='line_1_82' title="bbox 244 4610 1829 4684; baseline -0.003 -18"><span class='ocrx_word' id='word_1_636' title='bbox 244 4612 318 4666; x_wconf 87' lang='grc' dir='ltr'><strong>οὐ</strong></span> <span class='ocrx_word' id='word_1_637' title='bbox 348 4613 508 4683; x_wconf 73' lang='grc' dir='ltr'>ψιλὸς</span> <span class='ocrx_word' id='word_1_638' title='bbox 539 4612 827 4684; x_wconf 79' lang='grc' dir='ltr'>ἄνθρωπός</span> <span class='ocrx_word' id='word_1_639' title='bbox 858 4614 1030 4668; x_wconf 70' lang='grc' dir='ltr'>ἐστιν.</span> <span class='ocrx_word' id='word_1_640' title='bbox 1066 4611 1197 4665; x_wconf 82' lang='grc' dir='ltr'>Ἰδοὺ</span> <span class='ocrx_word' id='word_1_641' title='bbox 1218 4610 1327 4681; x_wconf 77' lang='grc' dir='ltr'>γὰρ</span> <span class='ocrx_word' id='word_1_642' title='bbox 1348 4612 1442 4663; x_wconf 72' lang='grc' dir='ltr'><strong>καὶ</strong></span> <span class='ocrx_word' id='word_1_643' title='bbox 1472 4610 1641 4680; x_wconf 84' lang='grc' dir='ltr'><strong>Ἀδὰμ</strong></span> <span class='ocrx_word' id='word_1_644' title='bbox 1671 4612 1829 4663; x_wconf 80' lang='grc' dir='ltr'>αὐτὸν</span> 
     </span>
    </p>
   </div>
   <div class='ocr_carea' id='block_1_82' title="bbox 1944 4600 3508 4684">
    <p class='ocr_par' dir='ltr' id='par_1_82' title="bbox 1944 4600 3508 4665">
     <span class='ocr_line' id='line_1_83' title="bbox 1944 4600 3508 4665; baseline 0.002 -9"><span class='ocrx_word' id='word_1_645' title='bbox 1944 4602 2023 4658; x_wconf 79' lang='lat' dir='ltr'><strong>ted</strong></span> <span class='ocrx_word' id='word_1_646' title='bbox 2062 4616 2186 4655; x_wconf 91' lang='lat' dir='ltr'><strong>eum</strong></span> <span class='ocrx_word' id='word_1_647' title='bbox 2220 4601 2425 4654; x_wconf 86' lang='lat' dir='ltr'><strong>nudum</strong></span> <span class='ocrx_word' id='word_1_648' title='bbox 2454 4600 2728 4653; x_wconf 84' lang='lat' dir='ltr'><strong>hominem</strong></span> <span class='ocrx_word' id='word_1_649' title='bbox 2763 4615 2870 4655; x_wconf 93' lang='lat' dir='ltr'><strong>non</strong></span> <span class='ocrx_word' id='word_1_650' title='bbox 2903 4616 3025 4657; x_wconf 86' lang='lat' dir='ltr'><strong>esse</strong></span> <span class='ocrx_word' id='word_1_651' title='bbox 3054 4602 3316 4658; x_wconf 88' lang='lat' dir='ltr'><strong>ostendit.</strong></span> <span class='ocrx_word' id='word_1_652' title='bbox 3350 4603 3508 4665; x_wconf 84' lang='lat' dir='ltr'><strong>Nam.</strong></span> 
     </span>
    </p>
   </div>
   <div class='ocr_carea' id='block_1_83' title="bbox 250 4689 1829 4774">
    <p class='ocr_par' dir='ltr' id='par_1_83' title="bbox 250 4702 1829 4774">
     <span class='ocr_line' id='line_1_84' title="bbox 250 4702 1829 4774; baseline -0.001 -17"><span class='ocrx_word' id='word_1_653' title='bbox 250 4703 542 4774; x_wconf 80' lang='grc' dir='ltr'>ὠνόμασε,</span> <span class='ocrx_word' id='word_1_654' title='bbox 573 4706 669 4758; x_wconf 75' lang='grc' dir='ltr'>καὶ</span> <span class='ocrx_word' id='word_1_655' title='bbox 703 4703 930 4773; x_wconf 78' lang='grc' dir='ltr'>Κύριον,</span> <span class='ocrx_word' id='word_1_656' title='bbox 969 4702 1030 4756; x_wconf 83' lang='grc' dir='ltr'>τὸ</span> <span class='ocrx_word' id='word_1_657' title='bbox 1074 4704 1485 4773; x_wconf 78' lang='grc' dir='ltr'>συναμφότερον</span> <span class='ocrx_word' id='word_1_658' title='bbox 1529 4703 1829 4772; x_wconf 84' lang='grc' dir='ltr'>σημαίνων.</span> 
     </span>
    </p>
   </div>
   <div class='ocr_carea' id='block_1_84' title="bbox 1944 4689 3131 4774">
    <p class='ocr_par' dir='ltr' id='par_1_84' title="bbox 1944 4689 3131 4757">
     <span class='ocr_line' id='line_1_85' title="bbox 1944 4689 3131 4757; baseline 0.001 -11"><span class='ocrx_word' id='word_1_659' title='bbox 1944 4701 1990 4746; x_wconf 76' lang='grc' dir='ltr'><strong>ιι</strong></span> <span class='ocrx_word' id='word_1_660' title='bbox 2046 4690 2216 4754; x_wconf 87' lang='lat' dir='ltr'><strong>vides,</strong></span> <span class='ocrx_word' id='word_1_661' title='bbox 2269 4700 2323 4745; x_wconf 88' lang='lat' dir='ltr'><strong>et</strong></span> <span class='ocrx_word' id='word_1_662' title='bbox 2357 4689 2647 4754; x_wconf 81' lang='lat' dir='ltr'><strong>Adamum,</strong></span> <span class='ocrx_word' id='word_1_663' title='bbox 2702 4701 2757 4746; x_wconf 90' lang='lat' dir='ltr'><strong>et</strong></span> <span class='ocrx_word' id='word_1_664' title='bbox 2818 4690 3131 4757; x_wconf 90' lang='lat' dir='ltr'><strong>Dominum,</strong></span> 
     </span>
    </p>
   </div>
   <div class='ocr_carea' id='block_1_85' title="bbox 258 4793 1835 4865">
    <p class='ocr_par' dir='ltr' id='par_1_85' title="bbox 258 4793 1835 4865">
     <span class='ocr_line' id='line_1_86' title="bbox 258 4793 1835 4865; baseline -0.003 -16"><span class='ocrx_word' id='word_1_665' title='bbox 258 4793 448 4865; x_wconf 77' lang='grc' dir='ltr'><strong>’Δδὰμ</strong></span> <span class='ocrx_word' id='word_1_666' title='bbox 480 4795 579 4865; x_wconf 77' lang='grc' dir='ltr'><strong>μὲν</strong></span> <span class='ocrx_word' id='word_1_667' title='bbox 616 4795 725 4864; x_wconf 78' lang='grc' dir='ltr'><strong>γὰρ</strong></span> <span class='ocrx_word' id='word_1_668' title='bbox 779 4793 1141 4865; x_wconf 69' lang='grc' dir='ltr'>ἑρμηνεύεται</span> <span class='ocrx_word' id='word_1_669' title='bbox 1180 4793 1473 4863; x_wconf 75' lang='grc' dir='ltr'>γηγενής·</span> <span class='ocrx_word' id='word_1_670' title='bbox 1506 4794 1747 4863; x_wconf 82' lang='grc' dir='ltr'>γηγενὴς</span> <span class='ocrx_word' id='word_1_671' title='bbox 1778 4793 1835 4845; x_wconf 74' lang='grc' dir='ltr'><strong>δὲ</strong></span> 
     </span>
    </p>
   </div>
   <div class='ocr_carea' id='block_1_86' title="bbox 241 4882 1837 4957">
    <p class='ocr_par' dir='ltr' id='par_1_86' title="bbox 241 4882 1837 4957">
     <span class='ocr_line' id='line_1_87' title="bbox 241 4882 1837 4957; baseline -0.003 -19"><span class='ocrx_word' id='word_1_672' title='bbox 241 4882 425 4957; x_wconf 75' lang='grc' dir='ltr'>δῆλον</span> <span class='ocrx_word' id='word_1_673' title='bbox 456 4886 537 4938; x_wconf 80' lang='grc' dir='ltr'>ὅτι</span> <span class='ocrx_word' id='word_1_674' title='bbox 592 4886 743 4937; x_wconf 68' lang='grc' dir='ltr'>ἐστὶν</span> <span class='ocrx_word' id='word_1_675' title='bbox 774 4883 807 4955; x_wconf 79' lang='grc' dir='ltr'><strong>ἡ</strong></span> <span class='ocrx_word' id='word_1_676' title='bbox 840 4884 937 4937; x_wconf 79' lang='grc' dir='ltr'>τοῦ</span> <span class='ocrx_word' id='word_1_677' title='bbox 981 4883 1270 4956; x_wconf 83' lang='grc' dir='ltr'>ἀνθρώπου</span> <span class='ocrx_word' id='word_1_678' title='bbox 1322 4884 1504 4953; x_wconf 76' lang='grc' dir='ltr'>φύσις,</span> <span class='ocrx_word' id='word_1_679' title='bbox 1535 4886 1568 4953; x_wconf 82' lang='grc' dir='ltr'>ἡ</span> <span class='ocrx_word' id='word_1_680' title='bbox 1615 4885 1678 4935; x_wconf 83' lang='grc' dir='ltr'>ὲκ</span> <span class='ocrx_word' id='word_1_681' title='bbox 1716 4884 1837 4953; x_wconf 78' lang='grc' dir='ltr'>χοὸς</span> 
     </span>
    </p>
   </div>
   <div class='ocr_carea' id='block_1_87' title="bbox 248 4975 1834 5046">
    <p class='ocr_par' dir='ltr' id='par_1_87' title="bbox 248 4975 1834 5046">
     <span class='ocr_line' id='line_1_88' title="bbox 248 4975 1834 5046; baseline -0.003 -15"><span class='ocrx_word' id='word_1_682' title='bbox 248 4977 565 5031; x_wconf 74' lang='grc' dir='ltr'>’κλασθεῖσα</span> <span class='ocrx_word' id='word_1_683' title='bbox 588 4994 600 5007; x_wconf 92' lang='grc'><strong>·</strong></span> <span class='ocrx_word' id='word_1_684' title='bbox 632 4976 689 5028; x_wconf 76' lang='grc' dir='ltr'><strong>τὸ</strong></span> <span class='ocrx_word' id='word_1_685' title='bbox 722 4977 934 5046; x_wconf 82' lang='grc' dir='ltr'>Κύριος</span> <span class='ocrx_word' id='word_1_686' title='bbox 958 4976 1038 5039; x_wconf 82' lang='grc' dir='ltr'><strong>δὲ,</strong></span> <span class='ocrx_word' id='word_1_687' title='bbox 1069 4976 1171 5045; x_wconf 74' lang='grc' dir='ltr'>τῆς</span> <span class='ocrx_word' id='word_1_688' title='bbox 1201 4976 1351 5039; x_wconf 83' lang='grc' dir='ltr'>θείας</span> <span class='ocrx_word' id='word_1_689' title='bbox 1367 4975 1558 5036; x_wconf 82' lang='grc' dir='ltr'>οὐσίας</span> <span class='ocrx_word' id='word_1_690' title='bbox 1584 4976 1702 5027; x_wconf 73' lang='grc' dir='ltr'>ἐστὶ</span> <span class='ocrx_word' id='word_1_691' title='bbox 1728 4991 1834 5027; x_wconf 85' lang='grc' dir='ltr'><strong>πα-</strong></span> 
     </span>
    </p>
   </div>
   <div class='ocr_carea' id='block_1_88' title="bbox 249 5068 614 5139">
    <p class='ocr_par' dir='ltr' id='par_1_88' title="bbox 249 5068 614 5139">
     <span class='ocr_line' id='line_1_89' title="bbox 249 5068 614 5139; baseline 0.008 -20"><span class='ocrx_word' id='word_1_692' title='bbox 249 5068 614 5139; x_wconf 75' lang='grc' dir='ltr'>ραστατικόν.</span> 
     </span>
    </p>
   </div>
   <div class='ocr_carea' id='block_1_89' title="bbox 327 5248 1833 5319">
    <p class='ocr_par' dir='ltr' id='par_1_89' title="bbox 327 5248 1833 5319">
     <span class='ocr_line' id='line_1_90' title="bbox 327 5248 1833 5319; baseline 0.005 -18"><span class='ocrx_word' id='word_1_693' title='bbox 327 5248 500 5302; x_wconf 78' lang='grc' dir='ltr'>Πάλιν</span> <span class='ocrx_word' id='word_1_694' title='bbox 537 5249 594 5301; x_wconf 77' lang='grc' dir='ltr'><strong>δέ</strong></span> <span class='ocrx_word' id='word_1_695' title='bbox 633 5266 800 5319; x_wconf 82' lang='grc' dir='ltr'>φησιν</span> <span class='ocrx_word' id='word_1_696' title='bbox 838 5254 866 5304; x_wconf 74' lang='grc' dir='ltr'>ὁ</span> <span class='ocrx_word' id='word_1_697' title='bbox 918 5251 1242 5314; x_wconf 71' lang='grc' dir='ltr'>’Λπόστολος</span> <span class='ocrx_word' id='word_1_698' title='bbox 1266 5268 1279 5283; x_wconf 91' lang='grc'><strong>·</strong></span> <span class='ocrx_word' id='word_1_699' title='bbox 1324 5252 1760 5317; x_wconf 72' lang='grc' dir='ltr'>ἐξαπέστειλεν</span> <span class='ocrx_word' id='word_1_700' title='bbox 1802 5258 1833 5308; x_wconf 86' lang='grc' dir='ltr'><strong>ό</strong></span> 
     </span>
    </p>
   </div>
   <div class='ocr_carea' id='block_1_90' title="bbox 243 5340 1835 5414">
    <p class='ocr_par' dir='ltr' id='par_1_90' title="bbox 243 5340 1835 5414">
     <span class='ocr_line' id='line_1_91' title="bbox 243 5340 1835 5414; baseline 0.004 -23"><span class='ocrx_word' id='word_1_701' title='bbox 243 5340 408 5405; x_wconf 58' lang='grc' dir='ltr'>Θεὸς</span> <span class='ocrx_word' id='word_1_702' title='bbox 428 5340 536 5393; x_wconf 72' lang='grc' dir='ltr'><strong>τόν</strong></span> <span class='ocrx_word' id='word_1_703' title='bbox 574 5342 709 5394; x_wconf 77' lang='grc' dir='ltr'><strong>Υῐὸν</strong></span> <span class='ocrx_word' id='word_1_704' title='bbox 741 5343 929 5397; x_wconf 82' lang='grc' dir='ltr'>αὐτοῦ</span> <span class='ocrx_word' id='word_1_705' title='bbox 959 5344 1065 5395; x_wconf 73' lang='grc' dir='ltr'>τὸν</span> <span class='ocrx_word' id='word_1_706' title='bbox 1075 5344 1399 5413; x_wconf 74' lang='grc' dir='ltr'>μονογενῆ,</span> <span class='ocrx_word' id='word_1_707' title='bbox 1424 5349 1748 5414; x_wconf 74' lang='grc' dir='ltr'>γενόμενοι·</span> <span class='ocrx_word' id='word_1_708' title='bbox 1767 5348 1835 5399; x_wconf 68' lang='grc' dir='ltr'>ἐκ</span> 
     </span>
    </p>
   </div>
   <div class='ocr_carea' id='block_1_91' title="bbox 237 5426 1835 5503">
    <p class='ocr_par' dir='ltr' id='par_1_91' title="bbox 237 5426 1835 5503">
     <span class='ocr_line' id='line_1_92' title="bbox 237 5426 1835 5503; baseline 0.008 -26"><span class='ocrx_word' id='word_1_709' title='bbox 237 5431 562 5497; x_wconf 72' lang='grc' dir='ltr'>γυναικός.</span> <span class='ocrx_word' id='word_1_710' title='bbox 600 5430 713 5481; x_wconf 78' lang='grc' dir='ltr'><strong>Οὐκ</strong></span> <span class='ocrx_word' id='word_1_711' title='bbox 746 5426 887 5495; x_wconf 81' lang='grc' dir='ltr'>εἷπε,</span> <span class='ocrx_word' id='word_1_712' title='bbox 918 5429 1015 5483; x_wconf 74' lang='grc' dir='ltr'><strong>διὰ</strong></span> <span class='ocrx_word' id='word_1_713' title='bbox 1044 5438 1352 5500; x_wconf 72' lang='grc' dir='ltr'>γυναικός,</span> <span class='ocrx_word' id='word_1_714' title='bbox 1395 5434 1511 5487; x_wconf 80' lang='grc' dir='ltr'><strong>ἀλλ’</strong></span> <span class='ocrx_word' id='word_1_715' title='bbox 1539 5436 1607 5487; x_wconf 81' lang='grc' dir='ltr'>ἐκ</span> <span class='ocrx_word' id='word_1_716' title='bbox 1631 5454 1835 5503; x_wconf 61' lang='grc' dir='ltr'>γυναι-</span> 
     </span>
    </p>
   </div>
   <div class='ocr_carea' id='block_1_92' title="bbox 236 5519 1835 5592">
    <p class='ocr_par' dir='ltr' id='par_1_92' title="bbox 236 5519 1835 5592">
     <span class='ocr_line' id='line_1_93' title="bbox 236 5519 1835 5592; baseline 0.003 -19"><span class='ocrx_word' id='word_1_717' title='bbox 236 5521 381 5585; x_wconf 78' lang='grc' dir='ltr'>κός.</span> <span class='ocrx_word' id='word_1_718' title='bbox 426 5521 730 5591; x_wconf 74' lang='grc' dir='ltr'>Ἐσήμανεν</span> <span class='ocrx_word' id='word_1_719' title='bbox 784 5519 878 5576; x_wconf 80' lang='grc' dir='ltr'>οὖν</span> <span class='ocrx_word' id='word_1_720' title='bbox 917 5526 944 5576; x_wconf 82' lang='grc' dir='ltr'><strong>ό</strong></span> <span class='ocrx_word' id='word_1_721' title='bbox 994 5524 1135 5587; x_wconf 79' lang='grc' dir='ltr'>θεῖος</span> <span class='ocrx_word' id='word_1_722' title='bbox 1192 5525 1534 5592; x_wconf 72' lang='grc' dir='ltr'>Ἀπόστολος,</span> <span class='ocrx_word' id='word_1_723' title='bbox 1565 5526 1640 5589; x_wconf 77' lang='grc' dir='ltr'>ὡς</span> <span class='ocrx_word' id='word_1_724' title='bbox 1673 5526 1835 5588; x_wconf 77' lang='grc' dir='ltr'>αὐτός</span> 
     </span>
    </p>
   </div>
   <div class='ocr_carea' id='block_1_93' title="bbox 235 5612 1836 5688">
    <p class='ocr_par' dir='ltr' id='par_1_93' title="bbox 235 5612 1836 5688">
     <span class='ocr_line' id='line_1_94' title="bbox 235 5612 1836 5688; baseline 0.005 -25"><span class='ocrx_word' id='word_1_725' title='bbox 235 5612 408 5664; x_wconf 70' lang='grc' dir='ltr'>ἐστιν</span> <span class='ocrx_word' id='word_1_726' title='bbox 443 5614 472 5665; x_wconf 86' lang='grc' dir='ltr'><strong>ό</strong></span> <span class='ocrx_word' id='word_1_727' title='bbox 514 5614 807 5683; x_wconf 83' lang='grc' dir='ltr'>μονογενὴς</span> <span class='ocrx_word' id='word_1_728' title='bbox 842 5616 964 5679; x_wconf 82' lang='grc' dir='ltr'>Υίὸς</span> <span class='ocrx_word' id='word_1_729' title='bbox 1000 5615 1091 5669; x_wconf 80' lang='grc' dir='ltr'>τοῦ</span> <span class='ocrx_word' id='word_1_730' title='bbox 1124 5616 1259 5670; x_wconf 78' lang='grc' dir='ltr'>Θεοῦ</span> <span class='ocrx_word' id='word_1_731' title='bbox 1286 5620 1379 5670; x_wconf 71' lang='grc' dir='ltr'>καὶ</span> <span class='ocrx_word' id='word_1_732' title='bbox 1416 5618 1567 5680; x_wconf 78' lang='grc' dir='ltr'>Θεὸς.</span> <span class='ocrx_word' id='word_1_733' title='bbox 1591 5621 1619 5671; x_wconf 87' lang='grc' dir='ltr'><strong>ό</strong></span> <span class='ocrx_word' id='word_1_734' title='bbox 1641 5620 1703 5670; x_wconf 80' lang='grc' dir='ltr'>ἐκ</span> <span class='ocrx_word' id='word_1_735' title='bbox 1738 5620 1836 5688; x_wconf 79' lang='grc' dir='ltr'>τῆς</span> 
     </span>
    </p>
   </div>
   <div class='ocr_carea' id='block_1_94' title="bbox 244 5702 1835 5779">
    <p class='ocr_par' dir='ltr' id='par_1_94' title="bbox 244 5702 1835 5779">
     <span class='ocr_line' id='line_1_95' title="bbox 244 5702 1835 5779; baseline 0.006 -24"><span class='ocrx_word' id='word_1_736' title='bbox 244 5702 547 5774; x_wconf 73' lang='grc' dir='ltr'>Παρθένου</span> <span class='ocrx_word' id='word_1_737' title='bbox 572 5707 863 5775; x_wconf 81' lang='grc' dir='ltr'>γενόμενος</span> <span class='ocrx_word' id='word_1_738' title='bbox 888 5708 1199 5779; x_wconf 79' lang='grc' dir='ltr'>ἄνθρωπος,</span> <span class='ocrx_word' id='word_1_739' title='bbox 1224 5711 1316 5763; x_wconf 72' lang='grc' dir='ltr'><strong>καὶ</strong></span> <span class='ocrx_word' id='word_1_740' title='bbox 1354 5711 1516 5773; x_wconf 82' lang='grc' dir='ltr'>αὐτός</span> <span class='ocrx_word' id='word_1_741' title='bbox 1533 5712 1680 5763; x_wconf 79' lang='grc' dir='ltr'>ἐστιν</span> <span class='ocrx_word' id='word_1_742' title='bbox 1710 5713 1736 5763; x_wconf 87' lang='grc' dir='ltr'>ὁ</span> <span class='ocrx_word' id='word_1_743' title='bbox 1771 5712 1835 5764; x_wconf 77' lang='grc' dir='ltr'>ἐκ</span> 
     </span>
    </p>
   </div>
   <div class='ocr_carea' id='block_1_95' title="bbox 236 5796 1831 5871">
    <p class='ocr_par' dir='ltr' id='par_1_95' title="bbox 236 5796 1831 5871">
     <span class='ocr_line' id='line_1_96' title="bbox 236 5796 1831 5871; baseline 0.006 -24"><span class='ocrx_word' id='word_1_744' title='bbox 236 5797 357 5866; x_wconf 74' lang='grc' dir='ltr'>τῆς</span> <span class='ocrx_word' id='word_1_745' title='bbox 380 5796 670 5868; x_wconf 68' lang='grc' dir='ltr'>Παρθένου</span> <span class='ocrx_word' id='word_1_746' title='bbox 707 5800 1014 5871; x_wconf 72' lang='grc' dir='ltr'>γεννηθεὶς,</span> <span class='ocrx_word' id='word_1_747' title='bbox 1048 5803 1075 5853; x_wconf 89' lang='grc' dir='ltr'><strong>ὀ</strong></span> <span class='ocrx_word' id='word_1_748' title='bbox 1111 5802 1240 5864; x_wconf 73' lang='grc' dir='ltr'>Υἱὸς</span> <span class='ocrx_word' id='word_1_749' title='bbox 1276 5802 1370 5855; x_wconf 82' lang='grc' dir='ltr'>τοῦ</span> <span class='ocrx_word' id='word_1_750' title='bbox 1398 5803 1532 5857; x_wconf 75' lang='grc' dir='ltr'>Θεοῦ</span> <span class='ocrx_word' id='word_1_751' title='bbox 1555 5807 1647 5857; x_wconf 69' lang='grc' dir='ltr'>καὶ</span> <span class='ocrx_word' id='word_1_752' title='bbox 1669 5804 1800 5866; x_wconf 85' lang='grc' dir='ltr'>Θεός</span> <span class='ocrx_word' id='word_1_753' title='bbox 1818 5820 1831 5833; x_wconf 77' lang='grc'>⁸</span> 
     </span>
    </p>
   </div>
   <div class='ocr_carea' id='block_1_96' title="bbox 359 5978 1851 6050">
    <p class='ocr_par' dir='ltr' id='par_1_96' title="bbox 359 5978 1851 6050">
     <span class='ocr_line' id='line_1_97' title="bbox 359 5978 1851 6050; baseline 0.002 -14"><span class='ocrx_word' id='word_1_754' title='bbox 359 5981 376 6013; x_wconf 85' lang='grc'>¹</span> <span class='ocrx_word' id='word_1_755' title='bbox 411 5980 428 6036; x_wconf 98' lang='grc'><strong>1</strong></span> <span class='ocrx_word' id='word_1_756' title='bbox 464 5978 591 6037; x_wconf 91' lang='lat' dir='ltr'><strong>Cor.</strong></span> <span class='ocrx_word' id='word_1_757' title='bbox 630 5995 719 6045; x_wconf 76' lang='lat' dir='ltr'><strong>xv,</strong></span> <span class='ocrx_word' id='word_1_758' title='bbox 750 5978 814 6034; x_wconf 73' lang='grc'><strong>21</strong></span> <span class='ocrx_word' id='word_1_759' title='bbox 894 5980 955 6034; x_wconf 82' lang='grc'><strong>³1</strong></span> <span class='ocrx_word' id='word_1_760' title='bbox 981 5979 1107 6036; x_wconf 85' lang='lat' dir='ltr'><strong>Cor.</strong></span> <span class='ocrx_word' id='word_1_761' title='bbox 1145 5996 1233 6049; x_wconf 77' lang='lat' dir='ltr'><strong>xv,</strong></span> <span class='ocrx_word' id='word_1_762' title='bbox 1266 5981 1357 6038; x_wconf 73' lang='grc'><strong>47.</strong></span> <span class='ocrx_word' id='word_1_763' title='bbox 1434 5982 1452 6014; x_wconf 84' lang='grc'><em>³</em></span> <span class='ocrx_word' id='word_1_764' title='bbox 1483 5979 1661 6038; x_wconf 80' lang='lat' dir='ltr'><strong>Galat.</strong></span> <span class='ocrx_word' id='word_1_765' title='bbox 1691 5997 1761 6050; x_wconf 84' lang='lat' dir='ltr'><strong>tv,</strong></span> <span class='ocrx_word' id='word_1_766' title='bbox 1797 5979 1851 6039; x_wconf 71' lang='grc' dir='ltr'>ι.</span> 
     </span>
    </p>
   </div>
   <div class='ocr_carea' id='block_1_97' title="bbox 3384 4711 3510 4750">
    <p class='ocr_par' dir='ltr' id='par_1_97' title="bbox 3384 4711 3510 4750">
     <span class='ocr_line' id='line_1_98' title="bbox 3384 4711 3510 4750; baseline -0.008 0"><span class='ocrx_word' id='word_1_767' title='bbox 3384 4711 3510 4750; x_wconf 82' lang='lat' dir='ltr'><strong>eunt</strong></span> 
     </span>
    </p>
   </div>
   <div class='ocr_carea' id='block_1_98' title="bbox 1934 4783 3513 4855">
    <p class='ocr_par' dir='ltr' id='par_1_98' title="bbox 1934 4783 3513 4855">
     <span class='ocr_line' id='line_1_99' title="bbox 1934 4783 3513 4855; baseline 0.005 -18"><span class='ocrx_word' id='word_1_768' title='bbox 1934 4783 2255 4855; x_wconf 77' lang='lat' dir='ltr'><strong>appellavit,</strong></span> <span class='ocrx_word' id='word_1_769' title='bbox 2322 4794 2617 4853; x_wconf 87' lang='lat' dir='ltr'><strong>utrumque</strong></span> <span class='ocrx_word' id='word_1_770' title='bbox 2675 4784 2840 4838; x_wconf 86' lang='lat' dir='ltr'><strong>simul</strong></span> <span class='ocrx_word' id='word_1_771' title='bbox 2909 4784 3183 4842; x_wconf 81' lang='lat' dir='ltr'><strong>indicans.</strong></span> <span class='ocrx_word' id='word_1_772' title='bbox 3271 4788 3513 4845; x_wconf 81' lang='lat' dir='ltr'><strong>Adamus</strong></span> 
     </span>
    </p>
   </div>
   <div class='ocr_carea' id='block_1_99' title="bbox 1934 4876 3509 4952">
    <p class='ocr_par' dir='ltr' id='par_1_99' title="bbox 1934 4876 3509 4952">
     <span class='ocr_line' id='line_1_100' title="bbox 1934 4876 3509 4952; baseline 0.003 -21"><span class='ocrx_word' id='word_1_773' title='bbox 1934 4877 2135 4948; x_wconf 84' lang='lat' dir='ltr'><strong>quippe</strong></span> <span class='ocrx_word' id='word_1_774' title='bbox 2171 4878 2485 4947; x_wconf 80' lang='lat' dir='ltr'><strong>terrigenam</strong></span> <span class='ocrx_word' id='word_1_775' title='bbox 2518 4884 2700 4930; x_wconf 88' lang='lat' dir='ltr'><strong>sonat.</strong></span> <span class='ocrx_word' id='word_1_776' title='bbox 2734 4876 2930 4947; x_wconf 84' lang='lat' dir='ltr'><strong>Liquet</strong></span> <span class='ocrx_word' id='word_1_777' title='bbox 2961 4888 3142 4935; x_wconf 86' lang='lat' dir='ltr'><strong>autem</strong></span> <span class='ocrx_word' id='word_1_778' title='bbox 3175 4880 3509 4952; x_wconf 80' lang='lat' dir='ltr'><strong>terrigenam</strong></span> 
     </span>
    </p>
   </div>
   <div class='ocr_carea' id='block_1_100' title="bbox 1933 4971 3513 5039">
    <p class='ocr_par' dir='ltr' id='par_1_100' title="bbox 1933 4971 3513 5039">
     <span class='ocr_line' id='line_1_101' title="bbox 1933 4971 3513 5039; baseline 0.002 -15"><span class='ocrx_word' id='word_1_779' title='bbox 1933 4983 2057 5024; x_wconf 88' lang='lat' dir='ltr'><strong>esse</strong></span> <span class='ocrx_word' id='word_1_780' title='bbox 2105 4971 2345 5025; x_wconf 85' lang='lat' dir='ltr'><strong>hominis</strong></span> <span class='ocrx_word' id='word_1_781' title='bbox 2398 4979 2670 5033; x_wconf 87' lang='lat' dir='ltr'><strong>naturam,</strong></span> <span class='ocrx_word' id='word_1_782' title='bbox 2716 4977 2955 5039; x_wconf 69' lang='lat' dir='ltr'><strong>ut‘quaa</strong></span> <span class='ocrx_word' id='word_1_783' title='bbox 3011 4986 3075 5026; x_wconf 79' lang='lat' dir='ltr'><strong>ex</strong></span> <span class='ocrx_word' id='word_1_784' title='bbox 3133 4979 3281 5027; x_wconf 89' lang='lat' dir='ltr'><strong>terra</strong></span> <span class='ocrx_word' id='word_1_785' title='bbox 3339 4972 3513 5028; x_wconf 73' lang='lat' dir='ltr'><strong>emt-ta</strong></span> 
     </span>
    </p>
   </div>
   <div class='ocr_carea' id='block_1_101' title="bbox 1935 5061 3512 5129">
    <p class='ocr_par' dir='ltr' id='par_1_101' title="bbox 1935 5061 3512 5129">
     <span class='ocr_line' id='line_1_102' title="bbox 1935 5061 3512 5129; baseline 0.003 -15"><span class='ocrx_word' id='word_1_786' title='bbox 1935 5062 2027 5115; x_wconf 89' lang='lat' dir='ltr'><strong>sit.</strong></span> <span class='ocrx_word' id='word_1_787' title='bbox 2066 5063 2278 5115; x_wconf 88' lang='lat' dir='ltr'><strong>Domini</strong></span> <span class='ocrx_word' id='word_1_788' title='bbox 2332 5072 2513 5117; x_wconf 83' lang='lat' dir='ltr'><strong>autem</strong></span> <span class='ocrx_word' id='word_1_789' title='bbox 2556 5061 2911 5129; x_wconf 77' lang='lat' dir='ltr'><strong>vocabulum,</strong></span> <span class='ocrx_word' id='word_1_790' title='bbox 2968 5063 3212 5119; x_wconf 81' lang='lat' dir='ltr'><strong>divinam</strong></span> <span class='ocrx_word' id='word_1_791' title='bbox 3259 5076 3512 5121; x_wconf 87' lang='lat' dir='ltr'><strong>naturam</strong></span> 
     </span>
    </p>
   </div>
   <div class='ocr_carea' id='block_1_102' title="bbox 1933 5152 2198 5204">
    <p class='ocr_par' dir='ltr' id='par_1_102' title="bbox 1933 5152 2198 5204">
     <span class='ocr_line' id='line_1_103' title="bbox 1933 5152 2198 5204; baseline 0 -1"><span class='ocrx_word' id='word_1_792' title='bbox 1933 5152 2170 5204; x_wconf 84' lang='lat' dir='ltr'><strong>declarat</strong></span> <span class='ocrx_word' id='word_1_793' title='bbox 2185 5192 2198 5203; x_wconf 91' lang='lat'><strong>.</strong></span> 
     </span>
    </p>
   </div>
   <div class='ocr_carea' id='block_1_103' title="bbox 2011 5243 3513 5315">
    <p class='ocr_par' dir='ltr' id='par_1_103' title="bbox 2011 5243 3513 5315">
     <span class='ocr_line' id='line_1_104' title="bbox 2011 5243 3513 5315; baseline 0.003 -21"><span class='ocrx_word' id='word_1_794' title='bbox 2011 5243 2087 5294; x_wconf 82' lang='lat' dir='ltr'><strong>Ae</strong></span> <span class='ocrx_word' id='word_1_795' title='bbox 2118 5256 2315 5296; x_wconf 87' lang='lat' dir='ltr'><strong>rursus</strong></span> <span class='ocrx_word' id='word_1_796' title='bbox 2368 5244 2440 5297; x_wconf 86' lang='lat' dir='ltr'><strong>ita</strong></span> <span class='ocrx_word' id='word_1_797' title='bbox 2487 5243 2733 5314; x_wconf 84' lang='lat' dir='ltr'><strong>loquitur</strong></span> <span class='ocrx_word' id='word_1_798' title='bbox 2774 5246 3076 5315; x_wconf 69' lang='lat' dir='ltr'><strong>Apostolus</strong></span> <span class='ocrx_word' id='word_1_799' title='bbox 3106 5246 3332 5300; x_wconf 63' lang='lat' dir='ltr'><strong>’zllisit</strong></span> <span class='ocrx_word' id='word_1_800' title='bbox 3378 5244 3513 5299; x_wconf 78' lang='lat' dir='ltr'><strong>Dens</strong></span> 
     </span>
    </p>
   </div>
   <div class='ocr_carea' id='block_1_104' title="bbox 1940 5329 3512 5407">
    <p class='ocr_par' dir='ltr' id='par_1_104' title="bbox 1940 5329 3512 5407">
     <span class='ocr_line' id='line_1_105' title="bbox 1940 5329 3512 5407; baseline 0.004 -20"><span class='ocrx_word' id='word_1_801' title='bbox 1940 5329 2141 5387; x_wconf 78' lang='lat' dir='ltr'><strong>Filium</strong></span> <span class='ocrx_word' id='word_1_802' title='bbox 2192 5351 2345 5388; x_wconf 80' lang='lat' dir='ltr'><strong>suum</strong></span> <span class='ocrx_word' id='word_1_803' title='bbox 2396 5339 2725 5407; x_wconf 78' lang='lat' dir='ltr'><strong>unigenitum</strong></span> <span class='ocrx_word' id='word_1_804' title='bbox 2754 5339 2956 5406; x_wconf 83' lang='lat' dir='ltr'><strong>factum</strong></span> <span class='ocrx_word' id='word_1_805' title='bbox 2999 5353 3065 5391; x_wconf 76' lang='lat' dir='ltr'><strong>ex</strong></span> <span class='ocrx_word' id='word_1_806' title='bbox 3109 5339 3344 5392; x_wconf 84' lang='lat' dir='ltr'><strong>muliere.</strong></span> <span class='ocrx_word' id='word_1_807' title='bbox 3392 5336 3512 5393; x_wconf 80' lang='lat' dir='ltr'><strong>Non</strong></span> 
     </span>
    </p>
   </div>
   <div class='ocr_carea' id='block_1_105' title="bbox 1937 5426 3513 5495">
    <p class='ocr_par' dir='ltr' id='par_1_105' title="bbox 1937 5426 3513 5495">
     <span class='ocr_line' id='line_1_106' title="bbox 1937 5426 3513 5495; baseline 0.004 -19"><span class='ocrx_word' id='word_1_808' title='bbox 1937 5426 2096 5487; x_wconf 80' lang='lat' dir='ltr'><strong>dixit,</strong></span> <span class='ocrx_word' id='word_1_809' title='bbox 2149 5442 2241 5494; x_wconf 84' lang='lat' dir='ltr'><strong>per</strong></span> <span class='ocrx_word' id='word_1_810' title='bbox 2292 5428 2586 5492; x_wconf 82' lang='lat' dir='ltr'><strong>mulierem,</strong></span> <span class='ocrx_word' id='word_1_811' title='bbox 2647 5430 2765 5495; x_wconf 81' lang='lat' dir='ltr'><strong>sed,</strong></span> <span class='ocrx_word' id='word_1_812' title='bbox 2824 5444 2889 5482; x_wconf 75' lang='lat' dir='ltr'><strong>ex</strong></span> <span class='ocrx_word' id='word_1_813' title='bbox 2941 5429 3177 5482; x_wconf 83' lang='lat' dir='ltr'><strong>muliere.</strong></span> <span class='ocrx_word' id='word_1_814' title='bbox 3241 5428 3513 5494; x_wconf 79' lang='lat' dir='ltr'><strong>Quocirca</strong></span> 
     </span>
    </p>
   </div>
   <div class='ocr_carea' id='block_1_106' title="bbox 1938 5518 3515 5591">
    <p class='ocr_par' dir='ltr' id='par_1_106' title="bbox 1938 5518 3515 5591">
     <span class='ocr_line' id='line_1_107' title="bbox 1938 5518 3515 5591; baseline 0.001 -17"><span class='ocrx_word' id='word_1_815' title='bbox 1938 5518 2274 5589; x_wconf 71' lang='lat' dir='ltr'><strong>significavit</strong></span> <span class='ocrx_word' id='word_1_816' title='bbox 2314 5535 2439 5574; x_wconf 92' lang='lat' dir='ltr'><strong>eum</strong></span> <span class='ocrx_word' id='word_1_817' title='bbox 2494 5521 2671 5590; x_wconf 87' lang='lat' dir='ltr'><strong>ipsum</strong></span> <span class='ocrx_word' id='word_1_818' title='bbox 2719 5536 2842 5575; x_wconf 86' lang='lat' dir='ltr'><strong>esse</strong></span> <span class='ocrx_word' id='word_1_819' title='bbox 2893 5520 3235 5591; x_wconf 80' lang='lat' dir='ltr'><strong>unigenitum</strong></span> <span class='ocrx_word' id='word_1_820' title='bbox 3282 5519 3375 5575; x_wconf 85' lang='lat' dir='ltr'><strong>Dei</strong></span> <span class='ocrx_word' id='word_1_821' title='bbox 3423 5520 3515 5576; x_wconf 83' lang='lat' dir='ltr'><strong>Fi-</strong></span> 
     </span>
    </p>
   </div>
   <div class='ocr_carea' id='block_1_107' title="bbox 1941 5615 3510 5687">
    <p class='ocr_par' dir='ltr' id='par_1_107' title="bbox 1941 5615 3510 5687">
     <span class='ocr_line' id='line_1_108' title="bbox 1941 5615 3510 5687; baseline 0.002 -19"><span class='ocrx_word' id='word_1_822' title='bbox 1941 5616 2071 5669; x_wconf 88' lang='lat' dir='ltr'><strong>lium</strong></span> <span class='ocrx_word' id='word_1_823' title='bbox 2118 5631 2181 5670; x_wconf 89' lang='lat' dir='ltr'><strong>ac</strong></span> <span class='ocrx_word' id='word_1_824' title='bbox 2217 5615 2411 5679; x_wconf 91' lang='lat' dir='ltr'><strong>Deum,</strong></span> <span class='ocrx_word' id='word_1_825' title='bbox 2444 5618 2536 5686; x_wconf 87' lang='lat' dir='ltr'><strong>qui</strong></span> <span class='ocrx_word' id='word_1_826' title='bbox 2564 5634 2627 5671; x_wconf 72' lang='lat' dir='ltr'><strong>ex</strong></span> <span class='ocrx_word' id='word_1_827' title='bbox 2659 5616 2885 5687; x_wconf 76' lang='lat' dir='ltr'><strong>Virgine</strong></span> <span class='ocrx_word' id='word_1_828' title='bbox 2931 5618 3109 5672; x_wconf 84' lang='lat' dir='ltr'><strong>lactus</strong></span> <span class='ocrx_word' id='word_1_829' title='bbox 3167 5625 3253 5672; x_wconf 90' lang='lat' dir='ltr'><strong>est</strong></span> <span class='ocrx_word' id='word_1_830' title='bbox 3300 5617 3464 5670; x_wconf 84' lang='lat' dir='ltr'><strong>homo</strong></span> <span class='ocrx_word' id='word_1_831' title='bbox 3500 5636 3510 5671; x_wconf 87' lang='lat'><strong>:</strong></span> 
     </span>
    </p>
   </div>
   <div class='ocr_carea' id='block_1_108' title="bbox 1939 5708 3512 5781">
    <p class='ocr_par' dir='ltr' id='par_1_108' title="bbox 1939 5708 3512 5781">
     <span class='ocr_line' id='line_1_109' title="bbox 1939 5708 3512 5781; baseline 0.001 -19"><span class='ocrx_word' id='word_1_832' title='bbox 1939 5719 2103 5779; x_wconf 88' lang='lat' dir='ltr'><strong>atque</strong></span> <span class='ocrx_word' id='word_1_833' title='bbox 2134 5711 2263 5766; x_wconf 90' lang='lat' dir='ltr'><strong>item</strong></span> <span class='ocrx_word' id='word_1_834' title='bbox 2312 5727 2435 5765; x_wconf 88' lang='lat' dir='ltr'><strong>eum</strong></span> <span class='ocrx_word' id='word_1_835' title='bbox 2484 5713 2663 5780; x_wconf 87' lang='lat' dir='ltr'><strong>ipsum</strong></span> <span class='ocrx_word' id='word_1_836' title='bbox 2720 5727 2783 5765; x_wconf 76' lang='lat' dir='ltr'><strong>ex</strong></span> <span class='ocrx_word' id='word_1_837' title='bbox 2836 5708 3061 5780; x_wconf 84' lang='lat' dir='ltr'><strong>Virgine</strong></span> <span class='ocrx_word' id='word_1_838' title='bbox 3093 5710 3334 5781; x_wconf 78' lang='lat' dir='ltr'><strong>genitum</strong></span> <span class='ocrx_word' id='word_1_839' title='bbox 3369 5726 3512 5775; x_wconf 80' lang='lat' dir='ltr'><strong>esse,</strong></span> 
     </span>
    </p>
   </div>
   <div class='ocr_carea' id='block_1_109' title="bbox 1938 5799 3512 5873">
    <p class='ocr_par' dir='ltr' id='par_1_109' title="bbox 1938 5799 3512 5873">
     <span class='ocr_line' id='line_1_110' title="bbox 1938 5799 3512 5873; baseline 0.001 -20"><span class='ocrx_word' id='word_1_840' title='bbox 1938 5801 2031 5871; x_wconf 90' lang='lat' dir='ltr'><strong>qni</strong></span> <span class='ocrx_word' id='word_1_841' title='bbox 2071 5799 2159 5856; x_wconf 88' lang='lat' dir='ltr'><strong>Dei</strong></span> <span class='ocrx_word' id='word_1_842' title='bbox 2203 5800 2376 5856; x_wconf 89' lang='lat' dir='ltr'><strong>Filius</strong></span> <span class='ocrx_word' id='word_1_843' title='bbox 2429 5816 2492 5856; x_wconf 78' lang='lat' dir='ltr'><strong>ac</strong></span> <span class='ocrx_word' id='word_1_844' title='bbox 2538 5800 2680 5857; x_wconf 80' lang='lat' dir='ltr'><strong>Deus</strong></span> <span class='ocrx_word' id='word_1_845' title='bbox 2730 5809 2838 5858; x_wconf 84' lang='lat' dir='ltr'><strong>est.</strong></span> <span class='ocrx_word' id='word_1_846' title='bbox 2880 5801 3135 5857; x_wconf 74' lang='lat' dir='ltr'><strong>Genitum</strong></span> <span class='ocrx_word' id='word_1_847' title='bbox 3187 5815 3349 5873; x_wconf 85' lang='lat' dir='ltr'><strong>porro</strong></span> <span class='ocrx_word' id='word_1_848' title='bbox 3385 5817 3512 5855; x_wconf 88' lang='lat' dir='ltr'><strong>cor-</strong></span> 
     </span>
    </p>
   </div>
  </div>
