3952 6600
275 439 419 507 1000

1236 444 1621 509 PANOPLIA
1660 444 2126 510 DOGMATICA.
2149 467 2222 482 —
2258 441 2407 505 TI'I‘.
2450 444 2570 507 XV.

3401 429 3538 497 1010

270 560 368 613 ml
398 558 520 613 καθ’
544 558 712 630 ἡμᾶς.
744 559 879 615 Οὑτε
908 558 1028 633 γάρ
1064 561 1357 633 γενόμενον
1413 566 1683 635 πρότερον
1722 565 1849 619 καθ’

1975 561 2142 617 :aruis
2160 576 2289 616 vero
2322 560 2647 617 exsisteutia
2669 562 2720 614 iu
2747 559 2869 629 ipso
2900 555 3101 613 Verbo.
3143 553 3266 625 Ipsa
3300 566 3538 618 namque

274 651 448 721 ἡμᾶς,
479 651 710 725 ὕστερον
752 654 979 724 γέγονεν
1038 655 1181 727 ὑπὲρ
1242 658 1391 727 ἡμᾶς
1419 672 1432 686 '
1478 658 1618 711 ἀλλὰ
1660 659 1748 712 ἀεὶ
1786 658 1850 710 ὲκ

265 741 498 813 πρώτης
525 743 816 815 ὑπάρξεως
847 746 1013 817 ἄμφω
1042 746 1273 817 ὑπῆρξε,
1324 746 1414 799 διὰ
1458 748 1519 799 τὸ
1562 746 1622 812 ἐξ
1673 746 1850 817 ἄκρας

268 832 593 903 συλλήψεως
624 836 683 887 ἐν
717 836 867 906 αὐτῷ
897 834 975 906 τῷ
1004 836 1165 905 Λόγῳ
1199 835 1297 907 τὴν
1331 833 1571 906 ὓπαρξιν
1611 835 1847 906 ἐσχηκέ-

268 941 385 977 ναιο
433 925 779 995 ἀνθρώπινον
849 927 947 997 μὲν
976 927 1072 981 οὖν
1127 929 1243 980 ἐστι
1296 929 1438 982 κατὰ
1475 927 1579 997 τὴν
1641 927 1854 981 οἰκείαν

269 1018 460 1086 φύσιν,
491 1017 626 1071 Θεοῦ
655 1019 713 1072 δὲ
748 1020 843 1073 καὶ
890 1019 1055 1086 θεῖον,
1116 1020 1439 1091 ὑπερφυῶς,
1488 1021 1608 1093 Ἔτι
1661 1020 1719 1074 δὲ
1755 1020 1854 1075 καὶ

269 1110 375 1178 τῆς
410 1111 656 1182 ἐμψύχου
693 1110 901 1183 σαρκὸς
929 1114 999 1165 τά
1032 1112 1305 1182 ἰδιώματα
1338 1112 1489 1184 ἔσχε’
1524 1112 1854 1178 κατεδέξατο

271 1202 388 1271 γάρ
414 1204 554 1256 αὑτά
583 1206 610 1257 ό
641 1201 837 1272 Λόγος,
877 1202 1195 1274 οἰκονομίας
1218 1204 1385 1274 λόγῳ,
1417 1206 1659 1275 φυσικῆς
1694 1205 1853 1277 κινὴ-

1959 652 2320 710 DeiCeuitrix
2353 668 2520 724 supra
2561 663 2782 708 naturae
2839 653 2985 724 leges
3050 664 3236 706 rerum
3293 647 3537 701 omnium

1957 746 2135 800 lictori
2167 744 2645 812 subministrabat,
2682 746 2828 802 unde
2864 747 2979 816 ipse
3036 759 3256 815 quoque
3301 741 3540 810 (ingere-

1955 849 2065 904 tur,
2105 838 2602 909 universorumque
2624 837 2899 894 conditori
2939 836 3069 902 Deo,
3103 847 3163 891 ut
3203 848 3538 907 assumptam

1955 930 2353 988 humanitatem
2415 931 2620 985 deitate
2684 930 2924 994 donans,
2983 930 3148 985 homo
3212 928 3332 1000 ipse
3368 928 3540 996 ﬁeret,

1956 1039 2079 1080 eum
2123 1023 2342 1079 interim
2378 1022 2529 1087 unio,
2554 1037 2675 1093 qua:
2706 1022 2861 1078 unita
2913 1030 3063 1091 sunt,
3096 1022 3226 1076 talia
3266 1029 3532 1086 servaret,

1954 1117 2138 1189 qualia
2177 1119 2327 1173 unita
2363 1126 2567 1185 essent,
2625 1117 2729 1172 hoc
2765 1124 2869 1181 est,
2925 1129 3036 1171 non
3065 1114 3404 1171 divinitatem
3456 1126 3544 1168 s0-

1952 1209 2088 1278 lum,
2116 1210 2212 1267 sed
2255 1210 2425 1267 etiam
2480 1209 2686 1267 Christi
2745 1207 3189 1273 humanitatem;
3247 1221 3348 1262 nee
3410 1205 3545 1260 illud

270 1311 417 1358 σεως
438 1296 592 1361 τάξει
623 1294 767 1349 κατὰ
794 1295 1059 1366 ἀλήθειαν
1088 1295 1337 1364 φυσικῶς
1371 1296 1660 1366 γινόμενα.

1975 1301 2132 1358 mlum
2156 1301 2305 1373 quod
2356 1314 2520 1372 supra
2574 1316 2696 1367 nos,
2722 1300 2817 1357 sed
2859 1308 2917 1356 et
2968 1298 3023 1355 id
3089 1298 3233 1370 quod
3295 1306 3545 1353 nostrum

272 1397 381 1442 est.
417 1387 537 1444 Non
570 1387 717 1443 enim
746 1401 870 1442 eum
903 1396 1029 1443 ante
1071 1387 1246 1444 nostri
1302 1387 1503 1445 similis
1542 1388 1837 1458 extitisset,
1874 1400 2063 1462 postea
2123 1394 2372 1463 superior
2423 1393 2585 1450 nobis
2638 1391 2860 1449 evasit:
2902 1390 3000 1447 sed
3054 1401 3323 1459 sempera
3364 1388 3547 1457 primo

268 1487 396 1536 ortu
423 1488 712 1551 utrumque
737 1481 947 1538 exstitit
978 1480 1270 1550 :quoniam
1304 1493 1334 1533 a
1365 1479 1678 1551 primordiis
1710 1483 2086 1554 conceptionis
2118 1485 2175 1540 in
2207 1485 2325 1554 ipso
2355 1485 2535 1541 Verbo
2570 1484 2952 1542 exsisteutiam
2990 1480 3206 1536 habuit.
3240 1477 3543 1545 Quocirca,

269 1571 418 1640 quod
444 1581 789 1643 assumptum
828 1573 929 1628 fuit
952 1580 1142 1642 suapte
1168 1572 1388 1642 quidem
1424 1582 1622 1628 natura
1658 1573 1961 1630 humanum
1995 1581 2107 1639 est,
2145 1574 2237 1631 Dei
2295 1583 2473 1632 autem
2501 1585 2556 1632 et
2590 1574 2835 1631 divinum
2874 1566 3281 1642 superuaturali
3307 1567 3543 1637 quodam

275 1663 463 1718 modo.
499 1664 639 1731 Quin
672 1667 925 1720 animatae
980 1665 1202 1736 quidem
1239 1664 1421 1722 carnis
1454 1666 1822 1738 proprietates
1859 1667 2089 1724 habuit:
2128 1684 2225 1727 eas
2252 1671 2398 1728 enim
2426 1668 2853 1743 dispensationis
2900 1682 3015 1725 sua:
3049 1666 3267 1722 ratione
3310 1661 3547 1718 Verbum

274 1759 543 1832 suscepit,
573 1775 693 1831 quae
722 1761 1024 1817 secundum
1062 1763 1322 1817 naturalis
1355 1771 1533 1820 motus
1558 1763 1804 1819 ordinem
1836 1778 1961 1819 vere
1996 1767 2274 1825 naturales
2306 1780 2455 1824 sunt.

613 1937 730 1994 Τοῦ
759 1939 969 1995 αὑτοῦ.
1003 1938 1351 2010 Κεφάλαιον
1380 1955 1469 2005 πς
1493 1979 1508 1995 .

350 2092 689 2165 Προκό-πτειν
708 2095 929 2163 λέγεται
956 2094 1143 2167 σοφίᾳ,
1160 2096 1257 2152 καὶ⁵
1281 2094 1494 2168 ἡλικίᾳ,
1523 2094 1617 2148 καὶ
1644 2094 1856 2166 χάριτι·

270 2187 343 2256 τῇ
382 2187 483 2256 μὲν
519 2185 709 2258 ἡλικίᾳ
743 2186 946 2253 αὑξων,
976 2188 1066 2243 διὰ
1088 2189 1148 2243 δὲ
1167 2189 1268 2260 τῆς
1298 2188 1586 2261 αὐξήσεως
1614 2187 1715 2259 τῆς
1739 2188 1860 2257 ἡλι-

282 2278 413 2341 κίας
445 2278 548 2347 τὴν
576 2278 990 2350 ἐνυπάρχουσαν
1016 2279 1169 2351 αὑτῷ
1202 2280 1397 2350 σοφίαν
1428 2282 1508 2344 είς
1541 2280 1859 2351 φανέρωσιν

273 2372 461 2437 ἄγωψ
495 2370 574 2425 ἔτι
625 2371 685 2425 δὲ
751 2372 853 2444 τὴν
901 2389 1014 2427 των
1063 2371 1375 2443 ἀνθρώπων
1431 2374 1490 2427 ὲν
1532 2371 1698 2443 σοφίᾳ
1762 2375 1858 2428 καὶ

272 2465 468 2532 χάριτι
492 2464 803 2535 προκοπὴν,
828 2465 925 2519 καὶ
963 2465 1064 2537 τὴν
1084 2466 1372 2520 τελείωσιν
1396 2467 1495 2537 τῆς
1518 2465 1613 2520 τοῦ
1640 2467 1859 2537 Πατρὸς

275 2555 555 2622 εὐδοκίας,
577 2556 754 2628 ἤγουν
781 2555 879 2629 τὴν
911 2556 1022 2613 τῶν
1054 2558 1366 2629 ἀνθρώπων
1415 2558 1751 2627 θεογνωσίαν
1801 2577 1861 2613 τε

281 2647 380 2699 καὶ
409 2649 711 2719 σωτηρίαν,
776 2650 986 2705 οίκείαν
1027 2648 1318 2721 προκοπὴν
1375 2650 1737 2721 ποιούμενος,
1766 2653 1862 2706 καὶ

278 2738 658 2810 οίκειούμενος
700 2740 980 2813 πανταχοῦ
1029 2742 1093 2795 τὸ
1138 2741 1439 2814 ἡμέτερον.
1480 2742 1545 2797 0i.
1576 2742 1632 2795 δὲ
1657 2744 1860 2815 προκό-

283 2847 447 2885 πτειν
473 2830 639 2886 αὑτὸν
662 2832 914 2901 λέγοντες
939 2833 1128 2904 σοφίᾳ,
1165 2834 1263 2889 καὶ
1297 2834 1486 2906 χάριτι
1512 2832 1588 2898 ὡς
1616 2835 1862 2906 προσθή-

284 2944 394 2995 κην
435 2926 641 2979 τούτων
697 2926 1012 2998 δεχόμενον,
1047 2928 1332 3000 Νεστορίῳ
1374 2928 1454 3000 τῷ
1496 2929 1864 2999 ματαιόφρονι

282 3017 629 3087 πειθόμενοι,
686 3020 947 3090 σχετικὴν
1001 3019 1199 3075 ἕνωσιν
1234 3022 1327 3074 καὶ
1355 3020 1523 3091 ψιλὴν
1584 3020 1865 3091 ἐνοίκησιν

279 3128 341 3162 τε
352 3109 698 3180 ρατεὺονται,
736 3112 811 3183 μὴ
834 3112 1202 3182 γινώσκοντες
1230 3115 1369 3185 μήτε
1393 3113 1430 3169 ἃ
1454 3114 1697 3184 λέγουσι,
1727 3114 1865 3186 μήτε

2505 1946 2781 2018 Ejusdem.
2804 1946 2938 2017 Cap.
2969 1944 3056 2001 86.

2032 2106 2307 2164 Proﬁeere
2354 2107 2553 2164 dicitur
2587 2106 2878 2177 sapientia,
2931 2116 2987 2160 et
3026 2110 3208 2168 :etate,
3251 2108 3305 2156 et
3333 2100 3544 2170 gratia;

1962 2204 2122 2253 aetate
2194 2196 2409 2266 quidem
2496 2209 2784 2262 crescens,
2857 2201 2912 2250 et
2991 2207 3088 2263 per
3154 2192 3548 2247 incrementum

1963 2290 2164 2355 astatis,
2194 2287 2535 2360 sapientiam,
2594 2302 2717 2358 quae
2770 2286 2872 2358 ipsi
2926 2285 3122 2350 inerat,
3192 2283 3245 2337 in
3307 2289 3552 2349 apemtum

1964 2380 2282 2452 proferens;
2315 2391 2581 2451 prmterea
2605 2379 2885 2435 hominum
2923 2377 2976 2433 iu
3009 2375 3273 2446 sapientia
3306 2384 3358 2428 et
3380 2371 3555 2441 gratia

1965 2487 2336 2545 progressum,
2369 2482 2423 2529 et
2460 2472 2616 2528 honre
2675 2470 2854 2527 Patris
2907 2467 3203 2524 voluntatis
3265 2465 3556 2534 perfectio-

1964 2580 2112 2631 nem,
2141 2580 2236 2622 seu
2275 2565 2558 2621 hominum
2614 2567 2683 2619 de
2727 2561 2890 2617 rebus
2937 2558 3139 2614 divinis
3191 2555 3553 2626 cognitionem

1966 2667 2021 2713 et
2049 2655 2301 2722 salutem,
2367 2656 2645 2726 proprium
2681 2650 2982 2723 profectum
3039 2647 3265 2712 faciens,
3300 2654 3355 2698 et
3408 2642 3555 2713 quod

1966 2755 2211 2800 nostrum
2252 2754 2356 2807 est,
2397 2760 2554 2801 suum
2587 2742 2747 2815 plane
2788 2740 3041 2795 reddens.
3079 2738 3178 2806 Qui
3209 2750 3336 2790 vero
3380 2735 3552 2803 ipsqu

1967 2838 2233 2906 sapientia
2257 2846 2312 2893 et
2353 2837 2526 2908 gratia
2562 2837 2635 2892 ita
2686 2835 2872 2889 dicunt
2901 2830 3228 2902 profecisse,
3264 2838 3322 2881 ut
3367 2837 3554 2880 earum

1970 2939 2261 3000 augmenta
2288 2928 2609 2997 susceperit,
2637 2927 2671 2982 ii
2695 2924 3004 2981 Nestorium
3028 2924 3195 2976 stulte
3225 2919 3551 2974 sentientem

1967 3025 2162 3090 secuti,
2188 3023 2443 3079 unionem
2466 3021 2761 3092 quamdam
2787 3016 3095 3074 secundum
3120 3011 3472 3069 aﬂ‘ectionem
3499 3017 3557 3061 et

1967 3124 2283 3187 respectum
2307 3123 2361 3171 et
2378 3115 2573 3170 nudam
2594 3113 2981 3168 habitationem
3002 3103 3555 3178 prodigioscliuguut,

282 3202 423 3272 περὶ
448 3202 612 3256 τίνων
642 3202 1109 3260 διαϐεϐαιοῦνται.
1154 3206 1216 3259 Ei
1251 3206 1361 3277 γὰρ
1414 3206 1637 3277 ἀληθῶς
1676 3205 1865 3278 ήνώθη

1975 3223 2212 3277 ιιθοιιιιω
2244 3207 2448 3272 dicant,
2471 3220 2570 3261 nec
2603 3205 2669 3260 de
2692 3203 2892 3274 quibus
2920 3200 3211 3264 aliirment,
3233 3208 3559 3267 cognoscen-

281 3292 369 3363 τῷ
395 3291 513 3363 Θεῷ
539 3294 699 3363 Λόγῳ
726 3296 760 3364 ἡ
789 3294 925 3364 σὰρξ
951 3292 1012 3360 ἐξ
1040 3295 1217 3365 ἄκρας
1244 3294 1555 3365 ὑπάρξεως,
1581 3294 1785 3365 μᾶλλον
1805 3293 1864 3347 δὲ

280 3389 347 3439 ὲν
381 3386 533 3458 αὑτῷ
566 3387 805 3458 ὑπῆρξε,
843 3388 941 3443 καὶ
971 3387 1072 3459 τὴν
1106 3388 1483 3457 ὑποστατικὴν
1535 3388 1673 3458 πρὸς
1703 3386 1868 3440 αὑτὸν

277 3482 413 3550 ἔσχε
436 3479 765 3551 ταυτότητα,
794 3480 912 3545 πῶς
932 3480 994 3534 οὑ
1010 3481 1233 3546 τελείως
1248 3481 1661 3551 κατεπλούτησε
1686 3480 1869 3535 πᾶσαν

280 3571 481 3639 σοφίαν
498 3572 592 3625 καὶ
615 3572 775 3643 χάριν
799 3589 816 3640 ;

630 3749 739 3807 Τοῦ
776 3752 983 3808 αὐτοῦ.
1030 3753 1372 3822 Κεφάλαιον
1422 3755 1528 3827 κη’.

372 3922 787 3994 Ἀναμάρτητος
841 3925 919 3979 ὢν
956 3926 985 3979 ὁ
1040 3928 1247 3999 Κύριος
1287 3931 1448 4000 ήμῶν
1495 3931 1708 4001 Ἰησοῦς
1738 3934 1874 4007 Χρι-

286 4014 441 4081 στὸς,
504 4016 787 4086 ἁμαρτίαν
843 4019 953 4088 γάρ
986 4021 1091 4073 οὑκ
1150 4021 1411 4093 ἐποίησεν
1466 4026 1495 4076 ό
1549 4025 1726 4096 αἴρων
1778 4025 1874 4081 τοῦ

282 4107 503 4178 κόσμου
525 4107 625 4176 τὴν
648 4109 952 4180 ἁμαρτίαν,
984 4112 1104 4167 οὑδὲ
1131 4114 1329 4184 εὑρέθη
1366 4114 1517 4179 δόλος
1556 4117 1616 4170 ὲν
1644 4118 1724 4189 τῷ
1751 4120 1876 4174 στό-

288 4199 644 4267 ματιαύτοὺ,
696 4201 795 4271 οὑχ
846 4201 1110 4258 ὑπέκειτο
1161 4205 1401 4275 Θανάτῳ,
1458 4207 1619 4278 εῐπερ
1657 4209 1744 4262 διά
1766 4210 1877 4280 τῆς

283 4291 572 4361 ἁμαρτίας
602 4294 679 4355 είς
704 4295 796 4346 τὸν
836 4295 1040 4366 κόσμον
1066 4296 1317 4368 εἰσῆλθεν
1355 4301 1382 4352 ὁ
1421 4298 1675 4364 Θάνατος.
1734 4302 1878 4373 Θνή-

288 4400 420 4435 σκει
457 4384 660 4451 τοίνυν,
685 4386 777 4440 τὸν
802 4388 944 4458 ὑπὲρ
982 4389 1140 4461 ἡμῶν
1170 4392 1569 4462 ἀναδεχόμενος
1613 4395 1866 4459 θάνατον,

289 4477 390 4530 καὶ
418 4476 615 4530 ἑαυτὸν
636 4478 713 4549 τῷ
749 4481 861 4533 Πατ
874 4483 928 4551 pi.
954 4483 1255 4554 προσφέρει
1284 4484 1481 4540 θυσίαν
1521 4486 1666 4558 ὑπὲρ
1694 4489 1874 4559 ἡμῶν.

287 4571 453 4641 Αὐτῷ
511 4572 620 4645 γάρ
681 4577 1273 4650 πεπλημμελήκαμεν,
1318 4581 1416 4635 καὶ
1461 4582 1627 4636 αὑτὸν
1658 4582 1767 4637 ἔδει
1815 4584 1876 4639 τὸ

285 4663 439 4734 ὑπὲρ
468 4664 629 4735 ἡμῶν
670 4665 868 4739 λύτρον
913 4669 1193 4740 δέξασθαι,
1244 4675 1340 4727 καὶ
1371 4672 1545 4738 οὑτως
1596 4677 1747 4746 ἡμᾶς
1783 4677 1876 4730 λυ-

288 4755 460 4826 θῆναι
492 4759 590 4827 τῆς
619 4761 1050 4834 ξκατακρίσεως.
1120 4763 1263 4818 Ἀλλ’
1293 4766 1343 4819 εί
1378 4766 1473 4820 καὶ
1505 4767 1767 4838 τέθνηκεν
1786 4769 1878 4839 ζὼς

288 4846 610 4919 ἄνθρωπος,
656 4854 753 4906 καὶ
800 4854 834 4923 ἡ
879 4854 1011 4923 ἁγία
1073 4856 1243 4910 αὑτοῦ
1291 4858 1439 4929 ψυχὴ
1486 4858 1716 4932 διῃρέθη
1780 4861 1877 4915 τοῦ

289 4941 575 5012 ἁχράντου
609 4942 890 5015 σώματος,
924 4947 1040 5002 ἀλλ’
1068 4950 1102 5020 ἡ
1131 4949 1325 5021 θεότης
1351 4950 1658 5021 ἀχώριστος
1694 4954 1879 5024 ἀμφο-

287 5031 475 5100 τέρων
504 5033 763 5104 διέμεινε,
792 5037 889 5107 τῆς
918 5055 978 5091 τε
1007 5038 1209 5111 ψυχῆς,
1238 5042 1405 5113 φημι,
1433 5043 1528 5096 καὶ
1558 5042 1656 5096 τοῦ
1694 5043 1881 5114 σῶμα·

287 5139 413 5186 τος.
469 5125 580 5179 Καὶ
607 5126 721 5180 οὐδ’
747 5126 981 5201 οὑτωςὴ
1028 5131 1131 5200 μία
1166 5133 1467 5197 ὑπόστασις
1518 5136 1598 5198 είς
1628 5134 1724 5189 δύο
1749 5136 1881 5191 ὑπο-

294 5214 521 5278 στάσεις
551 5217 825 5291 διῄρηται.
853 5221 928 5274 Τό
958 5239 1019 5276 τε
1047 5224 1157 5295 γάρ
1185 5223 1344 5293 σῶμα
1372 5226 1469 5279 καὶ
1495 5227 1529 5296 ἠ
1555 5225 1703 5299 ψυχὴ
1737 5228 1882 5281 κατά

294 5307 503 5359 ταυτὸν
533 5308 592 5373 ἐξ
623 5312 803 5382 ἀρχῆς
840 5314 900 5366 ἐν
926 5317 992 5386 τῇ
1031 5316 1123 5369 τοῦ
1155 5316 1332 5383 Λόγου
1362 5317 1661 5373 ὑποστάσει
1688 5318 1884 5389 ἔχοντα

293 5397 397 5468 τὴν
429 5398 688 5469 ὕπαρξιν,
720 5406 813 5457 καὶ
846 5408 905 5460 ἐν
930 5408 1006 5476 τῷ
1028 5407 1248 5480 θανάτῳ
1267 5408 1514 5481 ἀλλήλων
1536 5410 1887 5481 διαιρεθέντα

296 5490 488 5557 ἔμεινε
524 5491 624 5562 τὴν
647 5493 778 5563 μίαν
805 5496 902 5551 τοῦ
935 5499 1109 5567 Λόγου
1152 5500 1456 5555 ὑπόστασιν
1513 5501 1736 5572 ἔχοντα,
1792 5505 1887 5559 καὶ

296 5578 633 5650 ἁδιαιρέτως
652 5586 909 5658 ἡνωμένα
942 5589 1115 5657 αὑτῷ.

379 5858 395 5890 ι
425 5852 611 5913 ι’ῐὶιιι.
639 5873 675 5925 ι,
713 5857 763 5915 7.
842 5860 909 5917 Ἰ
951 5860 1097 5917 Petr.
1137 5876 1198 5931 II,
1224 5863 1313 5917 ‘22.

1975 3310 2055 3357 σεε
2075 3302 2114 3357 ί.
2146 3298 2282 3354 Nam
2319 3299 2366 3355 si
2395 3313 2522 3353 caro
2546 3312 2673 3354 vere
2698 3296 2987 3366 conjuncta
3021 3301 3103 3349 est
3144 3288 3342 3353 Verbo,
3396 3282 3560 3341 simul

1971 3403 2137 3463 atque
2186 3406 2309 3448 esse
2345 3393 2536 3460 etrapit,
2576 3401 2631 3446 et
2664 3390 2910 3445 eamdem
2938 3403 3057 3442 cum
3091 3387 3205 3456 ipso
3240 3385 3294 3438 in
3327 3395 3559 3453 persona

1970 3486 2267 3539 essentiam
2304 3483 2511 3552 habuit,
2547 3483 2638 3552 qui
2674 3482 2790 3536 ﬁeri
2826 3479 3025 3550 p0tuit,
3064 3486 3122 3533 ut
3165 3478 3404 3549 perfecte
3431 3490 3563 3532 cnn—

1973 3586 2090 3633 ctas
2119 3577 2400 3646 sapientia:
2427 3585 2480 3633 et
2510 3576 2697 3646 gratim
2723 3575 2944 3631 divitias
2976 3586 3087 3629 nou
3130 3570 3385 3628 habuerit
3409 3570 3429 3624 1

2476 3757 2543 3829 Ε)
2553 3758 2755 3814 undam.
2791 3756 2927 3827 Cap.
2960 3757 3046 3814 98.

2047 3938 2183 3993 Cum
2227 3935 2345 3992 sine
2398 3944 2620 4005 peccato
2669 3942 2817 3988 esset
2864 3929 3120 3987 Dominus
3173 3940 3357 3987 noster
3410 3927 3566 3986 Jesus

1976 4030 2243 4093 Christus,
2292 4034 2572 4096 peccatum
2604 4025 2749 4080 enim
2808 4039 2918 4079 non
2976 4023 3126 4087 fecit,
3192 4022 3287 4092 qui
3348 4020 3566 4077 sustulit

1979 4132 2261 4192 peccatqu
2303 4118 2512 4184 mundi,
2563 4132 2665 4174 nec
2726 4119 2977 4173 iuventus
3019 4127 3106 4171 est
3162 4115 3315 4171 dolus
3366 4116 3419 4168 in
3472 4130 3566 4169 ore

1980 4214 2100 4286 ejus
2124 4216 2167 4278 ',
2224 4213 2386 4269 morti
2450 4228 2555 4268 non
2612 4211 2711 4266 fuit
2767 4211 3054 4266 obnoxius.
3139 4209 3420 4279 Siquidem
3476 4224 3569 4276 per

1983 4315 2266 4375 peceatum
2311 4304 2364 4358 in
2418 4304 2675 4357 mundum
2718 4318 2863 4357 mors
2895 4302 3155 4357 introivit.
3208 4300 3449 4356 Mortuus
3488 4311 3571 4355 est

1984 4395 2170 4465 igitur,
2233 4402 2461 4449 mortem
2519 4408 2617 4463 pro
2674 4394 2830 4447 nobis
2878 4392 3119 4457 subiens,
3166 4402 3220 4446 et
3269 4406 3329 4447 se
3389 4392 3566 4460 ipsum

1988 4484 2129 4541 Patri
2187 4499 2283 4554 pro
2339 4483 2493 4539 nobis
2546 4482 2779 4537 hostiam
2850 4480 3067 4536 obtulit.
3148 4479 3256 4535 Nos
3300 4482 3444 4535 enim
3517 4480 3569 4533 in

1980 4592 2103 4635 eum
2136 4588 2576 4646 peceaveramus,
2609 4581 2665 4628 et
2708 4572 2887 4642 ipsum
2927 4572 3215 4641 oportebat
3270 4587 3366 4640 pro
3418 4570 3572 4626 nobis

1975 4671 2212 4743 pretium
2272 4666 2545 4737 accipere,
2598 4675 2761 4734 atque
2832 4663 2907 4718 ita
2968 4678 3067 4720 nos
3115 4662 3575 4719 eondemuatione

1976 4762 2218 4821 liberari.
2272 4759 2428 4828 Quod
2490 4759 2537 4814 si
2600 4766 2847 4815 mortuus
2901 4765 2989 4813 est
3044 4755 3213 4813 etiam
3273 4764 3332 4812 ut
3380 4754 3570 4819 homo,

1979 4867 2036 4914 et
2098 4864 2285 4912 sancta
2343 4852 2518 4924 ipsius
2591 4851 2772 4906 anima
2823 4850 2895 4906 ab
2947 4848 3297 4906 immaculato
3345 4862 3575 4919 corpore

1979 4958 2233 5019 separata
2295 4955 2399 5011 est,
2438 4944 2696 5000 divinitas
2752 4953 2988 5000 tamena
3035 4950 3231 4999 neutro
3288 4941 3570 5007 discessit,

1988 5055 2089 5095 nec
2125 5040 2191 5094 ab
2231 5038 2432 5107 anima,
2484 5050 2584 5091 nec
2629 5049 2659 5090 a
2721 5050 2973 5107 corpore.
3039 5033 3225 5106 Neque
3290 5045 3574 5105 propterea

1989 5145 2218 5200 persona
2272 5144 2378 5184 uua
2441 5128 2493 5183 in
2553 5130 2693 5184 duas
2763 5128 2933 5184 divisa
2990 5136 3093 5183 est.
3165 5126 3301 5181 Nam
3375 5140 3574 5195 corpus

1985 5234 2038 5279 et
2104 5222 2309 5287 anima,
2367 5236 2487 5292 qua:
2562 5220 2756 5277 eodem
2812 5231 3057 5289 tempore
3107 5234 3136 5274 a
3200 5219 3468 5290 principio
3520 5214 3575 5272 in

1985 5314 2146 5373 Verbi
2207 5328 2440 5385 persona
2520 5312 2811 5368 essentiam
2903 5312 3237 5375 habuerunt,
3321 5308 3450 5366 licet
3520 5307 3574 5364 iu

1986 5419 2160 5464 morte
2219 5407 2466 5476 sejuncta
2503 5405 2724 5470 fuerint,
2782 5418 2943 5458 unam
3003 5414 3181 5459 tamen
3240 5402 3400 5459 Verbi
3448 5414 3575 5471 per-

1989 5516 2176 5557 sonam
2211 5497 2466 5554 habentia
2506 5506 2561 5555 et
2626 5497 2745 5552 sine
2784 5496 3051 5554 divisione
3087 5510 3211 5553 cum
3264 5494 3382 5567 ipso
3443 5506 3576 5551 con-

1987 5594 2175 5662 juncta
2208 5596 2652 5663 permanserunt.
