3952 6606
200 479 331 551 1013

1121 479 1504 555 PANOPLIA
1547 483 2012 549 DOGMATICA.
2053 510 2124 523 -
2159 488 2309 552 TlT.
2352 489 2505 553 XVI.

3320 480 3458 548 1014

196 600 384 656 τοῦτον
404 601 726 678 εὑρίσκεται
757 604 818 658 τὸ
872 604 1155 677 διάφορον,
1199 605 1292 659 τοῦ
1329 606 1427 677 μὲν
1483 606 1565 667 εἰς
1624 602 1775 661 τέλος

1885 604 1975 658 ubi
2002 611 2152 661 tanta
2183 604 2484 663 differentia
2521 605 2814 678 reperitur,
2852 614 2910 661 ut
2952 620 3094 662 unus
3125 606 3344 677 quidem
3390 606 3459 659 ad

194 693 330 749 οὕτω
362 697 615 767 μένοντος
654 698 730 763 ώς
771 699 1039 775 πεφυκὼς
1072 700 1131 768 ἐξ
1186 700 1359 755 ἀϊδίου
1418 694 1767 760 πιστεύεται,

194 787 285 840 τοῦ
313 788 370 841 δὲ
400 791 465 858 τῇ
492 790 741 844 συνθέσει
778 793 880 862 τῆς
929 792 1132 862 σαρκὸς
1186 794 1287 862 τὴν
1317 790 1526 843 οἰκείαν
1574 786 1767 840 οὐσίαν

194 881 621 954 κεράσαντος,ἣ
672 883 1036 954 αὐξήσαντος,
1096 883 1128 954 ἢ
1191 883 1333 936 κατὰ
1398 882 1662 953 σύγχυσιν
1688 879 1770 943 είς

194 969 321 1023 ἄλλο
355 973 800 1041 μεταπεσόντοςς
855 974 980 1038 Πῶς
1016 976 1046 1029 ὁ
1077 974 1269 1029 τοῦτον
1298 974 1515 1045 βλέπων
1558 974 1768 1026 ἐκεῖνον

195 1060 406 1131 βλέπει,
445 1066 606 1136 εἴπερ
648 1066 865 1137 Πατρὶς
902 1068 1003 1138 μὲν
1034 1068 1223 1122 οὐσίαν
1275 1069 1427 1133 δηλοῖ
1458 1070 1618 1138 μόνον
1653 1064 1770 1118 θεό-

190 1169 312 1220 της,
369 1153 505 1207 Υίοῦ
563 1156 620 1209 δὲ
675 1155 868 1229 θεότης
928 1160 1025 1214 καὶ
1082 1160 1466 1231 ἀνθρωπότης,
1520 1160 1578 1214 ἓν
1623 1162 1767 1231 τιτῇ

194 1244 353 1313 φύσει
399 1247 692 1319 γενόμενα.
723 1250 815 1305 καὶ
859 1252 1076 1322 Πατρὺς
1113 1253 1211 1321 μὲν
1265 1252 1422 1306 οὐσία
1455 1253 1621 1323 μέρος
1671 1253 1771 1307 οὐκ

193 1336 386 1407 ἔχειτδ
413 1339 646 1411 πάσχον,
677 1342 772 1397 τοῦ
796 1342 973 1411 Λόγου
1008 1343 1066 1398 δὲ
1099 1345 1139 1415 ἡ
1165 1347 1329 1415 φύσις
1356 1346 1434 1416 τῷ
1465 1346 1626 1416 μέρει
1672 1347 1772 1416 τῆς

197 1432 399 1502 σαρκὸς
421 1432 691 1503 ὑπομένει
718 1416 780 1493 τδ
813 1434 1019 1503 «deos;
1056 1437 1123 1491 Τί
1153 1438 1253 1508 τῆς
1278 1438 1603 1507 δυσσεϐείας
1640 1439 1772 1492 ταύ-

194 1542 297 1594 της
326 1526 715 1600 ἀνοσιώτερον,
754 1529 885 1601 μίαν
936 1532 1036 1603 μὲν
1066 1532 1248 1602 λέγειν
1289 1533 1501 1598 οὐσίαν,
1548 1535 1771 1605 τέμνειν

194 1616 250 1670 δὲ
281 1616 487 1691 ταύτην
535 1621 617 1685 είς
643 1623 868 1678 ποικίλα
916 1640 979 1678 τε
1011 1625 1109 1680 καὶ
1156 1625 1419 1698 διάφορα,
1449 1628 1543 1681 καὶ
1582 1627 1772 1698 φέρειν

196 1711 382 1776 φωνὰς
442 1712 528 1782 ἐφ’
584 1713 746 1786 ὕϐρει
808 1718 910 1788 μὲν
953 1715 1285 1788 λεγομένας,
1324 1721 1776 1791 συναρμοσθῆναι

192 1801 251 1875 δὲ
276 1804 344 1875 τῇ
380 1804 640 1861 ὑποθέσει
697 1808 774 1880 μὴ
802 1807 1155 1880 δυναμένας;
1193 1812 1257 1865 Εί
1307 1812 1384 1884 μὴ
1422 1813 1641 1880 τελείας
1674 1813 1776 1881 φύ-

196 1908 335 1956 σεως
366 1895 425 1948 τὸ
475 1896 709 1962 ἀπαθὲς,
744 1899 841 1953 καὶ
878 1901 1094 1967 τελείας
1133 1903 1350 1972 φύσεως
1394 1903 1457 1958 τὸ
1501 1903 1770 1975 παθητὸν,

1880 695 2040 751 linem
2090 713 2259 768 usque
2290 699 2575 766 manserit,
2614 699 2791 771 qualis
2825 698 2895 756 ab
2954 699 3104 755 omni
3155 699 3465 755 :eternitate

1883 790 2124 845 creditur
2150 790 2354 856 fuisse,
2389 792 2529 848 alter
2585 802 2768 850 autem
2825 794 3008 849 carnis
3058 785 3507 864 compositione

1880 883 2163 953 propriam
2200 886 2493 941 essentiam
2548 886 2850 950 miscuerit,
2907 896 3002 941 aut
3066 885 3302 950 attserit,
3368 893 3463 939 ant

1878 989 1978 1043 per
2000 975 2377 1035 confusionem
2400 978 2456 1034 in
2486 978 2631 1034 aliud
2651 978 3037 1036 commutarit?
3064 978 3348 1046 Quomodo
3370 978 3463 1048 qui

1883 1071 2027 1127 hunc
2055 1072 2223 1135 videt.
2244 1072 2389 1127 videt
2412 1071 2585 1137 illum,
2625 1073 2671 1128 si
2693 1072 2872 1128 Patris
2901 1073 3115 1139 quidem
3171 1073 3462 1129 essentiam

1882 1160 2141 1219 divinitas
2187 1162 2452 1219 duntaxat
2482 1162 2709 1229 indicat,
2749 1161 2870 1219 Filii
2899 1178 3030 1219 vero
3100 1164 3361 1219 divinitas
3406 1173 3462 1217 et

1884 1255 2214 1322 humanitas,
2251 1272 2373 1327 qua:
2394 1271 2562 1312 unum
2620 1257 2883 1331 quiddam
2942 1268 3133 1313 natura
3169 1258 3342 1313 sunt?
3394 1256 3465 1311 Et

1880 1347 2059 1405 Patris
2089 1349 2305 1419 quidem
2335 1353 2574 1407 essentia
2602 1361 2815 1422 partem
2849 1360 2955 1405 non
2992 1351 3175 1417 habet,
3205 1365 3326 1421 qua:
3368 1364 3467 1420 pa-

1881 1444 2090 1507 tiatur;
2134 1439 2297 1497 Verbi
2332 1451 2514 1498 autem
2549 1452 2747 1527 natura
2782 1444 2968 1498 carnis
2999 1451 3208 1515 partem
3271 1440 3457 1507 habet,

1881 1547 2001 1603 quae
2034 1534 2295 1606 patiatur.
2346 1533 2486 1602 Quid
2512 1536 2614 1591 ista
2642 1536 2924 1606 impietate
2956 1536 3128 1608 magis
3162 1536 3458 1605 nefarium,

1883 1641 2047 1681 unam
2081 1627 2372 1683 essentiam
2413 1629 2618 1690 dicere.
2654 1639 2707 1685 et
2736 1630 2876 1685 hanc
2930 1629 2982 1685 in
3036 1638 3225 1700 partes
3275 1640 3466 1685 secare

1884 1720 2064 1777 varias
2091 1728 2147 1774 et
2180 1717 2510 1781 diﬂerentes.
2540 1732 2593 1775 et
2618 1737 2782 1778 voces
2820 1723 2998 1778 dicere
3020 1721 3463 1787 contumeliosas,

1882 1826 2002 1881 quae
2028 1814 2103 1867 rei
2128 1813 2423 1883 proposita;
2450 1815 2847 1869 accommodari
2876 1822 3178 1885 nequeunt,
3209 1814 3311 1870 nisi
3342 1828 3467 1885 per-

1887 1905 2040 1960 fectas
2081 1914 2289 1960 natum
2310 1920 2440 1975 pars
2469 1906 2733 1975 patibilis,
2758 1915 2812 1962 et
2856 1921 2985 1976 pars
3010 1907 3080 1961 sit
3115 1905 3463 1974 impatibilis;

196 1984 289 2047 καὶ
318 1986 484 2057 μέρος
512 1988 730 2060 πάσχει,
750 1993 845 2047 καὶ
862 1993 1029 2065 μέρος
1040 1995 1102 2050 οὐ
1127 1967 1351 2066 στάσχει,
1378 1995 1555 2051 καὶτὸ
1574 1967 1674 2066 μὲν
1686 1967 1773 2067 ζῇ,

1880 2003 1933 2050 et
1962 2008 2087 2061 pars
2123 1967 2381 2064 patiatur,
2415 1967 2542 2065 pars
2570 1967 2753 2052 autem
2786 1967 2894 2053 non
2926 1967 3207 2067 patiatur;
3237 2004 3290 2053 et
3338 1967 3465 2067 pars

194 2077 255 2131 τὸ
285 2078 341 2132 δὲ
376 2079 665 2151 τέθνηκεν.
706 2082 1079 2158 ἐλεεινότερον
1098 2087 1212 2158 ἄρα
1232 2086 1293 2141 τὸ
1321 2087 1432 2153 ζῶν
1459 2088 1561 2152 τὰς
1593 2089 1657 2140 ἐκ
1679 2086 1772 2141 τοῦ

194 2172 520 2244 τεθνηκότος
548 2175 739 2241 ὀδύνας
769 2178 829 2231 ὲν
856 2179 1109 2251 αἰσθήσει
1163 2182 1575 2251 καρπούμενον,
1611 2181 1776 2249 εἴπερ

196 2266 295 2335 τῆς
351 2268 481 2334 μιᾶς
543 2268 731 2334 οὐσίας
758 2269 877 2340 ἅμα
917 2272 979 2326 τὸ
1036 2272 1320 2338 τεθνάναι,
1381 2273 1477 2329 καὶ
1522 2273 1584 2327 τὺ
1647 2275 1771 2345 ζῇν.

205 2360 550 2431 Ἀλλ⁹άπαγε
586 2363 687 2434 τῆς
728 2364 1001 2436 τοσαύτης
1050 2367 1411 2435 κενοφωνίας.
1473 2364 1616 2422 Οὔτε
1678 2366 1779 2436 μέ-

194 2471 291 2524 ρος
354 2455 621 2526 ἀμεροῦς,
664 2457 759 2511 καὶ
825 2457 1006 2528 ἁπλῆς
1058 2457 1278 2528 φύσεως
1323 2460 1772 2531 παρειλήφαμεν,

192 2546 317 2598 οὔτε
367 2547 525 2617 μέρει
581 2549 683 2620 μὲν
725 2553 980 2623 πάσχειν,
1013 2553 1177 2626 μέρει
1234 2554 1395 2626 δὲμὴ
1436 2557 1669 2629 πάσχειν
1716 2554 1779 2609 τὸ

193 2639 407 2707 ὀπαυὲς
478 2642 865 2715 ἐδιδάχθημεν,
945 2643 1073 2699 οὐτε
1168 2646 1301 2717 μιᾶς
1370 2645 1562 2710 οὐσίας
1645 2646 1776 2716 ὅρον

192 2733 291 2785 ἐπὶ
326 2735 448 2797 ταῖς
500 2733 596 2788 δύο
649 2732 1023 2805 γινώσκομεν,
1071 2734 1199 2791 οὕτε
1254 2735 1352 2793 τοῦ
1401 2737 1772 2808 ἑτεροουσίου,

193 2826 300 2879 κᾶν
348 2827 591 2897 τοῦνομα
644 2827 1010 2898 προσιέμεθα,
1060 2828 1217 2885 ἅτινα
1267 2831 1447 2886 πάντα
1507 2833 1591 2896 είς
1647 2832 1777 2902 μίαν

188 2915 384 2970 οὐσίαν
426 2920 476 2970 oi
513 2918 766 2988 λέγοντες
820 2919 1097 2975 συντελεῖν
1164 2921 1256 2976 τὸν
1306 2921 1480 2990 Λόγον
1529 2925 1627 2976 καὶ
1677 2924 1778 2994 τὴν

190 3008 378 3077 σάρκα
404 3008 820 3079 νομοθετοῦντες
849 3012 1216 3084 εὑρίσκονται.
1266 3013 1389 3076 Πῶς
1444 3008 1538 3068 οῦν
1603 3018 1695 3070 καὶ
1739 3018 1772 3086 ἡ

188 3103 335 3174 σὰρξ
357 3104 588 3175 ἐλήφθη,
626 3107 719 3159 καὶ
757 3107 785 3160 ὁ
813 3105 993 3175 λαθὼν
1020 3108 1121 3162 οὐκ
1170 3106 1466 3178 ἠλλοιώθη,
1511 3109 1675 3175 σώζει
1716 3126 1777 3163 τε

1877 2086 2045 2151 vivat,
2076 2101 2202 2155 pars
2257 2087 2490 2145 intereat
2518 2087 2544 2143 τ
2572 2088 2744 2159 Magis
2780 2089 3030 2160 profecto
3087 2090 3462 2146 miserandum

1879 2178 2099 2245 animal,
2130 2179 2289 2250 cujus
2320 2181 2520 2236 mortui
2554 2180 2770 2237 dolores
2798 2196 2928 2252 pars
2965 2196 3130 2238 sensu
3176 2181 3465 2253 percipiat,

1877 2271 2145 2343 siquidem
2201 2272 2364 2327 unius
2402 2274 2654 2329 essentiae
2682 2274 2754 2331 sit
2782 2274 3015 2329 simulet
3038 2274 3261 2331 interire
3294 2283 3349 2330 et
3382 2276 3467 2329 vi-

1876 2376 2027 2418 vere.
2067 2361 2174 2419 Sed
2209 2363 2491 2433 rejiciatur
2535 2363 2652 2419 haec
2684 2364 2865 2419 Inanis
2898 2364 3165 2419 doctrina.
3200 2362 3310 2419 Nec
3344 2380 3468 2435 par-

1880 2463 1990 2510 tem
2019 2466 2227 2510 natnrce
2266 2456 2553 2527 simplicis,
2579 2466 2633 2511 et
2664 2471 2787 2528 quae
2815 2456 2981 2512 dividi
3014 2471 3120 2513 non
3147 2466 3343 2526 potest,
3376 2471 3467 2513 ac-

1878 2548 2150 2615 cepimus;
2188 2564 2287 2603 uec
2312 2550 2457 2621 quod
2480 2560 2563 2605 est
2593 2549 2891 2619 impatiliile
2912 2560 3064 2620 parte
3083 2550 3305 2620 quidem
3332 2550 3465 2619 pati,

1878 2647 2032 2709 parte
2068 2649 2250 2693 autem
2279 2653 2387 2694 non
2417 2639 2527 2708 pati
2555 2639 2874 2706 didicimus;
2911 2654 3088 2710 neque
3111 2640 3268 2695 unius
3307 2648 3465 2694 natu-

1880 2747 1955 2789 rte
2000 2730 2377 2789 deﬁnitionem
2447 2732 2502 2787 in
2559 2733 2770 2790 duabus
2829 2734 3203 2805 agnoscimus,
3292 2749 3468 2804 neque

1878 2822 2149 2887 diversae,
2215 2825 2318 2880 etsi
2388 2838 2586 2879 nomen
2652 2825 2993 2881 admisimus.
3053 2826 3184 2893 Quae
3242 2828 3463 2896 quidem

1878 2916 2065 2972 omnia
2120 2917 2457 2973 constituere
2512 2918 3020 2986 deprehenduntur,
3079 2919 3173 2989 qui
3230 2916 3461 2973 Verbum

1880 3019 1934 3065 et
1962 3023 2184 3065 carnem
2218 3010 2272 3064 in
2299 3024 2466 3067 unam
2513 3010 2813 3068 essentiam
2875 3011 3196 3066 convenisse
3256 3011 3466 3066 dicunt.

1881 3101 2168 3169 Quomodo
2200 3102 2440 3175 igituret
2482 3117 2612 3158 caro
2634 3112 2849 3173 sumpta
2909 3110 3015 3167 est,
3066 3114 3122 3159 et
3174 3103 3267 3173 qui
3320 3100 3468 3157 illam

189 3197 293 3250 καὶ
324 3199 603 3269 ἡνωμένος
635 3198 810 3271 ταύτῃ
849 3201 990 3272 πρὸς
1028 3200 1120 3254 τὸν
1151 3201 1345 3255 ἑαυτοῦ
1403 3202 1622 3273 Πατέρα
1682 3203 1775 3273 τὴν

1881 3197 2134 3266 sumpsit,
2170 3211 2276 3252 non
2309 3204 2395 3251 est
2424 3194 2762 3262 immutatus,
2809 3201 2865 3250 et
2895 3195 2987 3266 qui
3043 3209 3165 3251 cum
3199 3193 3288 3250 illa
3334 3206 3468 3250 con-

184 3289 290 3359 τῆς
305 3290 495 3356 οὐσίας
512 3294 849 3365 ταυτότητας
876 3294 1003 3357 Πῶς
1028 3295 1095 3348 ἐκ
1123 3293 1215 3348 τοῦ
1237 3294 1338 3368 τὴν
1367 3296 1548 3366 σάρκα
1570 3297 1775 3366 λαθεῖν,

185 3383 287 3436 καὶ
307 3385 430 3437 κατ’
450 3385 620 3454 αὐτὴν
634 3387 994 3457 οἰκονομῆσαι
1014 3387 1193 3457 σοφῶς
1219 3406 1280 3443 τε
1312 3388 1409 3444 καὶ
1431 3390 1574 3461 ὑπὲρ
1593 3392 1775 3460 λόγον,

184 3478 291 3531 οὐκ
331 3478 413 3540 εἰς
443 3477 696 3549 αὔξησιν,
743 3480 1171 3553 ἢμεταποίησιν
1217 3482 1318 3552 τῆς
1380 3482 1515 3548 ίδίας
1565 3485 1775 3550 οὐσίας,

185 3572 307 3623 ἀλλ’
336 3573 420 3635 είς
454 3574 738 3629 κοινωνίαν
766 3573 867 3644 τῆς
895 3573 1143 3645 ἐμφύτου
1175 3574 1356 3643 ἀξίας,
1383 3577 1451 3648 ἢν
1481 3580 1517 3647 ή
1547 3578 1647 3647 τῆς
1679 3579 1778 3651 ep-

186 3667 361 3735 ρήτου
431 3668 723 3735 συναφείας
774 3669 1071 3740 εἰργάσατο
1105 3668 1304 3740 χάριςς
1367 3669 1529 3724 Ἄλλο
1562 3672 1672 3741 γὰρ
1720 3670 1779 3725 τὸ

184 3761 375 3827 λέγειν
397 3760 489 3813 δύο
516 3761 735 3830 φύσεων
755 3762 977 3817 τελείων
1006 3763 1089 3827 είς
1120 3763 1178 3817 ἓν
1206 3764 1501 3835 πρόσωπον
1533 3765 1773 3829 σύνοδον,

182 3854 282 3905 sui.
306 3851 441 3907 ἄλλο
472 3853 532 3907 τὸ
560 3855 791 3923 φάσκειν
814 3857 880 3909 ἐκ
906 3856 1000 3910 δύο
1034 3856 1219 3926 μερῶν
1248 3856 1377 3926 μίαν
1419 3858 1627 3913 οὐσίαν.
1667 3858 1778 3929 Τῆς

187 3947 294 4013 μὲν
335 3947 446 4017 γὰρ
476 3946 626 4010 θείας
656 3948 846 4011 οὐσίας
869 3947 1076 4017 ὁλόγος
1101 3948 1331 4015 ἁπλοῦς,
1365 3952 1466 4019 τῆς
1493 3949 1551 4004 δὲ
1587 3949 1777 4017 φιλαν-

184 4036 421 4105 θρώπου
451 4039 760 4109 οἰκονομίας
790 4041 851 4093 τὸ
884 4038 1070 4110 θαῦμα
1099 4038 1342 4094 διπλοῦν.
1377 4038 1515 4094 Οὐτε
1570 4040 1663 4096 οῦν
1717 4042 1780 4095 τὸ

184 4129 403 4182 ἁπλοῦν
422 4129 517 4199 τῆς
544 4130 732 4194 οὐσίας
760 4134 842 4195 είς
892 4130 1169 4185 ποικιλίαν
1215 4132 1494 4201 τέμνεται,
1547 4132 1673 4186 οὐτε
1719 4133 1780 4187 τὸ

182 4222 419 4277 διπλοῦν
445 4223 544 4293 τῆς
570 4224 882 4298 οἰκονομίας
920 4227 1001 4288 είς
1034 4223 1166 4295 μίαν
1187 4225 1377 4279 οὐσίαν
1402 4226 1778 4297 μεταχωνεύε-

181 4335 299 4370 ται.
334 4316 467 4379 Πῶς
485 4318 594 4386 γὰρ
620 4312 732 4371 οἷόν
756 4334 818 4370 τε
845 4318 908 4371 τὸ
936 4318 1107 4372 ἀΐδιον
1148 4316 1246 4372 καὶ
1277 4319 1338 4371 τὸ
1379 4318 1694 4389 πρόσφατον
1720 4320 1779 4374 ὲν

181 4413 293 4482 μιᾷ
326 4410 652 4479 θεωρεῖσθαι
683 4410 877 4480 φύσει;
907 4410 998 4482 Μή
1019 4407 1127 4481 ἆρα
1149 4412 1244 4466 καὶ
1265 4411 1326 4465 τὸ
1369 4412 1434 4465 ὲκ
1463 4414 1564 4483 τῆς
1611 4412 1776 4468 πλευ-

181 4505 292 4573 ρᾶς
322 4496 464 4573 αἷμα
491 4504 586 4556 καὶ
616 4501 760 4573 ὕδωρ
789 4500 1054 4574 Θεότητος
1078 4503 1258 4569 οὐσία,
1290 4505 1585 4576 κρουνηδὸν
1617 4507 1775 4577 ῥέου-

1877 3290 2102 3361 junctus
2117 3299 2222 3355 est,
2245 3300 2426 3347 servat
2455 3290 2701 3347 eamdem
2719 3291 3009 3347 essentiam
3023 3306 3144 3347 cum
3164 3289 3322 3346 Patre
3337 3289 3472 3347 suo?

1880 3383 2162 3450 Quomodo
2191 3400 2257 3439 ex
2293 3385 2478 3441 carnis
2509 3385 2906 3456 assumptione,
2943 3394 2999 3442 et
3025 3401 3090 3441 ex
3117 3387 3183 3441 iis
3214 3400 3333 3455 quae
3374 3400 3471 3456 per

1880 3476 2050 3545 ipsam
2069 3477 2364 3546 sapienter,
2396 3493 2558 3548 supra
2588 3493 2750 3549 quam
2780 3478 2889 3534 dici
2914 3489 3036 3549 pote
3071 3488 3111 3544 t,
3143 3489 3293 3549 gesta
3318 3484 3469 3542 sunt,

1882 3584 1988 3623 non
2021 3571 2088 3625 ad
2118 3570 2536 3635 incrementum,
2561 3578 2653 3625 aut
2684 3574 3040 3624 mutationem
3064 3569 3318 3624 essentia:
3340 3582 3467 3638 pro-

1882 3660 2015 3730 priae
2051 3660 2319 3730 pervenit,
2357 3661 2452 3716 sed
2492 3660 2557 3716 ad
2594 3658 3149 3714 communicationem
3202 3656 3467 3713 naturalis

1881 3754 2185 3825 dignitatis,
2219 3768 2382 3832 quam
2416 3766 2634 3808 arcana:
2658 3750 3065 3821 coniunctionis
3112 3752 3289 3823 gratia
3341 3765 3467 3821 per-

1882 3848 2054 3904 fecit?
2080 3848 2241 3903 Aliud
2270 3847 2416 3903 enim
2442 3856 2527 3903 est
2567 3846 2774 3911 dicere,
2807 3845 2946 3901 duas
2972 3854 3198 3902 naturas
3255 3844 3469 3915 perfec-

1880 3953 1966 3998 tas
1992 3942 2045 3997 in
2081 3957 2242 3995 unam
2280 3953 2569 4011 personam
2595 3937 2940 4003 convenisse,
2975 3946 3031 3993 et
3052 3924 3206 3993 'aliud
3243 3950 3309 3993 ex
3338 3937 3471 3991 dna-

1882 4039 1984 4092 bus
2015 4035 2259 4105 partibus
2289 4050 2450 4089 unam
2484 4032 2788 4089 essentiam
2830 4045 2955 4088 esse
2983 4028 3298 4086 conﬂatam.
3327 4027 3464 4085 Nam

1880 4129 2080 4186 divinae
2107 4128 2326 4200 quidem
2359 4126 2615 4183 essentia;
2643 4126 2787 4181 ratio
2813 4124 3041 4195 simplex
3073 4132 3188 4192 est,
3219 4124 3470 4180 humanae

1882 4232 2063 4278 autem
2106 4220 2527 4290 dispensationis
2553 4218 2875 4275 miraculum
2901 4217 3125 4291 duplex.
3157 4218 3341 4285 Quare
3374 4232 3475 4273 nec

1880 4314 2132 4373 essentia;
2163 4312 2487 4383 simplicitas
2515 4312 2570 4367 in
2599 4311 2781 4367 varias
2803 4319 2985 4381 partes
3023 4318 3265 4374 secatur,
3299 4324 3475 4380 neque

1881 4410 2079 4479 duplex
2105 4403 2527 4477 dispensationis
2558 4403 2697 4459 ratio
2720 4404 2773 4459 in
2806 4419 2968 4459 unam
2991 4403 3261 4460 conﬂatur
3288 4417 3475 4458 essen-

1885 4504 2036 4556 tiam.
2071 4501 2175 4568 Qul
2203 4499 2351 4555 enim
2394 4497 2511 4553 ﬂeri
2544 4505 2743 4568 potest,
2794 4504 2856 4551 ut
2899 4496 3041 4567 quod
3074 4506 3339 4552 aeternum
3383 4506 3467 4552 est

182 4571 257 4648 σοι
289 4612 303 4659 ;
428 4592 530 4664 τῆς
555 4571 820 4664 αὐτῆςὴτδ
861 4571 1089 4665 πάσχειν
1134 4599 1230 4651 καὶ
1283 4571 1345 4651 τδ
1395 4571 1495 4670 μὴ-
1515 4571 1770 4671 πάσχειν,

1881 4606 1936 4653 et
1980 4595 2125 4667 quod
2186 4599 2269 4647 est
2306 4604 2501 4646 recens
2530 4589 2583 4644 in
2613 4603 2722 4643 una
2761 4588 3180 4643 considerentur
3218 4590 3468 4644 natura?

177 4686 408 4755 ἀνάγκη
434 4684 531 4739 καὶ
561 4682 843 4755 θελήματα
877 4681 1018 4740 εἶναι
1042 4685 1298 4758 διάφορα,
1342 4690 1441 4742 καὶ
1495 4690 1776 4758 ἐνεργείας

180 4780 265 4848 μὴ
308 4777 414 4840 τάς
435 4776 625 4839 αὐτάς.
689 4776 862 4832 Ἀλλα
913 4775 1025 4848 γὰρ
1078 4780 1347 4849 προσήκει
1382 4783 1563 4852 μορφῇ
1616 4779 1777 4848 Θεοῦ,

172 4871 286 4923 καὶ
347 4868 486 4922 ἄλλα
544 4870 726 4940 μορφῇ
773 4867 984 4922 δούλου.
1033 4868 1240 4939 Ἕτερα
1293 4868 1428 4940 ναῷ,
1494 4872 1591 4924 καὶ
1613 4870 1779 4942 ἕτερα

169 4964 262 5035 τῷ
321 4962 622 5018 ὲνοικοῦντι
677 4964 816 5036 Θεῷ.
885 4963 1084 5018 Στάσιν
1145 4966 1331 5019 τοίνυν
1392 4965 1781 5032 ἐπεισάγουσιν

172 5061 473 5113 ἄπαυστον
497 5060 563 5129 τῇ
595 5059 694 5129 μιᾷ
722 5058 903 5129 οὐσίᾳ,
934 5052 1003 5131 ἧς
1051 5058 1113 5112 τὸ
1154 5058 1253 5129 μὲν
1298 5059 1493 5130 ἑτέραν
1524 5060 1782 5132 βούλησιν

172 5153 331 5223 ἔχει,
368 5150 423 5204 τὸ
452 5149 510 5204 δὲ
542 5149 754 5221 ἑτέραν.
784 5151 848 5204 Et
882 5149 981 5221 μία
1009 5149 1190 5212 οὐσία,
1232 5151 1352 5215 πῶς
1409 5152 1579 5221 λέγει,
1609 5156 1692 5208 Οὐ
1726 5153 1786 5207 τί

164 5245 305 5314 ἐγὼ
337 5242 510 5307 θέλω,
533 5243 692 5297 ἀλλὰ
724 5242 780 5296 τί
804 5243 928 5309 σύ;
958 5241 1081 5306 Πῶς
1110 5244 1143 5313 ἡ
1175 5242 1311 5315 αὐτή
1342 5245 1457 5297 ἐστι
1492 5245 1585 5297 καὶ¹
1623 5262 1782 5314 ποιη-

1878 4691 2017 4746 Num
2052 4696 2107 4743 et
2140 4684 2365 4756 sanguis
2390 4692 2445 4740 et
2482 4697 2622 4752 aqua
2676 4679 2779 4736 fuit
2837 4681 3145 4739 divinitatis
3204 4684 3468 4750 essentia,

1878 4798 1999 4853 qua:
2025 4780 2191 4836 fontis
2217 4779 2393 4834 instar
2421 4773 2645 4832 deﬂuxit
2677 4789 2709 4830 e
2739 4773 2953 4832 latere?
2986 4772 3045 4831 Si
3090 4772 3337 4846 ejusdem
3385 4788 3474 4834 est

1878 4886 1931 4933 et
1957 4874 2068 4945 pati
2098 4881 2152 4928 et
2180 4885 2289 4927 non
2322 4870 2457 4940 pati,
2488 4882 2717 4924 necesse
2770 4877 2856 4924 est
2910 4878 2967 4925 et
2998 4868 3306 4927 voluntates
3350 4885 3473 4928 esse

1878 4967 2145 5029 diversas,
2179 4973 2237 5019 et
2288 4978 2394 5018 non
2419 4960 2639 5017 easdem
2680 4960 2943 5016 actiones.
2997 4959 3118 5017 Alia
3166 4962 3311 5018 enim
3344 4979 3475 5019 cou-

1881 5060 2027 5114 venit
2058 5057 2245 5113 formae
2268 5056 2386 5123 Dei,
2413 5063 2470 5109 et
2512 5053 2617 5108 alia
2649 5051 2839 5108 forma:
2868 5054 3014 5109 servi
3041 5070 3057 5117 ;
3087 5053 3193 5109 alia
3246 5053 3472 5124 templo,

1879 5164 1932 5210 et
1961 5152 2067 5206 alia
2122 5147 2449 5205 inhabitanti
2481 5144 2611 5202 Deo.
2645 5144 2970 5217 Perpetuam
3006 5146 3173 5217 igitur
3206 5148 3259 5201 in
3301 5162 3467 5202 unam

1881 5246 2175 5303 essentiam
2231 5240 2586 5298 introducunt
2612 5239 2968 5305 seditionem,
3002 5239 3157 5307 cujus
3217 5239 3470 5295 essentia

1882 5353 2013 5409 pars
2038 5351 2203 5391 unum
2232 5333 2368 5398 vult,
2396 5346 2525 5403 pars
2562 5331 2732 5387 aliud.
2783 5330 2841 5388 Si
2875 5344 2983 5387 una
3042 5334 3309 5396 essentia,
3372 5346 3471 5385 cur

1881 5430 2013 5486 dicit
2054 5447 2067 5483 :
2102 5426 2227 5482 Non
2273 5426 2412 5497 quod
2454 5440 2547 5495 ego
2587 5423 2728 5492 volo,
2780 5423 2871 5480 sed
2907 5424 3048 5493 quod
3100 5432 3157 5477 tu
3190 5424 3260 5478 ‘?
3318 5424 3463 5491 Quo~

1880 5521 2043 5577 modo
2075 5520 2264 5576 eadem
2298 5526 2402 5587 est,
2441 5532 2560 5587 quae
2590 5516 2739 5582 fecit,
2773 5525 2828 5571 et
2859 5531 2978 5586 quae
3000 5516 3143 5572 facta
3175 5517 3299 5572 est?
3327 5517 3473 5585 Quo-

1882 5615 2041 5668 modo
2078 5613 2268 5668 eadem
2316 5620 2369 5666 et
2394 5609 2578 5666 omnia
2617 5609 2767 5665 novit
2803 5620 3097 5680 antequam
3145 5611 3359 5679 tierent,
3417 5620 3473 5667 et

1878 5715 2184 5764 extremum
2217 5703 2359 5757 diem
2391 5710 2446 5758 et
2474 5703 2665 5757 horam
2720 5700 2972 5772 ignorat?
3031 5701 3317 5771 Quomodo
3375 5718 3471 5760 ea-

1883 5803 2005 5860 dem
2030 5811 2083 5857 et
2111 5811 2384 5870 precatur,
2412 5804 2466 5853 et
2490 5810 2681 5868 preces
2711 5794 2976 5869 suscipit?
2994 5796 3279 5865 Quomodo
3303 5798 3467 5857 dicit:

162 5345 312 5409 τὴς,
350 5340 449 5394 καὶ
476 5340 687 5410 ποίημα
712 5357 727 5405 ;
756 5338 881 5402 Πῶς
904 5342 938 5411 ή
972 5338 1111 5411 αὐτὴ
1142 5340 1235 5392 καὶ
1269 5341 1449 5395 πάντα
1497 5337 1608 5394 οἶδε
1651 5344 1784 5413 πρὶν

164 5435 489 5503 ⁸γενέσεως,
541 5434 634 5487 καὶ
705 5433 805 5505 τὴν
875 5433 1113 5504 ἐσχάτην
1196 5433 1409 5506 ἡμέραν
1487 5432 1583 5487 καὶ
1628 5434 1780 5506 ὤραν

160 5528 415 5595 ἀγνοεῖς
438 5527 563 5589 Πῶς
592 5528 626 5595 ἠ
650 5525 792 5599 αὐτὴ
813 5527 908 5579 καὶ
940 5526 1321 5597 προσεύχεται,
1344 5526 1548 5591 καὶτὰς
1566 5529 1780 5598 δεήσεις

156 5620 405 5692 δέχεται
439 5635 454 5686 ;
485 5618 609 5683 Πῶς
637 5619 810 5687 λέγει,
858 5618 965 5673 Θεέ
990 5637 1134 5689 μου.
1190 5617 1296 5672 Θεέ
1332 5638 1474 5688 μου,
1504 5621 1661 5675 (rat!
1704 5639 1782 5690 με

154 5717 622 5786 ἐγκατέλειπες
649 5730 669 5780 ;
692 5711 787 5777 Τίς
827 5709 969 5766 οἶδεν
994 5712 1182 5765 οὐσίαν
1213 5710 1381 5783 αὐτὴν
1432 5713 1523 5781 ὐφ’
1581 5715 1780 5784 ἑαυτῆς

155 5810 841 5881 ι-ίκαταλιμπανομένην,
872 5810 966 5863 καὶ
1008 5809 1206 5879 ἑαυτὴν
1235 5807 1311 5872 ώς
1368 5807 1526 5863 ἄλλον
1583 5810 1776 5865 ἐπικα-

256 5978 272 6006 ¹
309 5975 503 6029 Matth.
544 5989 685 6038 χχιιι,
717 5972 805 6030 39.
