  <div class='ocr_page' id='page_1' title='image "/cluster/home/n/w/nwhite01/storage/ocr_20150623/130/hvd.32044019208255/516.png"; bbox 0 0 3952 6552; ppageno 0'>
   <div class='ocr_carea' id='block_1_1' title="bbox 238 386 378 454">
    <p class='ocr_par' dir='ltr' id='par_1_1' title="bbox 238 386 378 454">
     <span class='ocr_line' id='line_1_1' title="bbox 238 386 378 454; baseline 0.029 -4"><span class='ocrx_word' id='word_1_1' title='bbox 238 386 378 454; x_wconf 78' lang='grc'><strong>1017</strong></span> 
     </span>
    </p>
   </div>
   <div class='ocr_carea' id='block_1_2' title="bbox 1216 394 2551 463">
    <p class='ocr_par' dir='ltr' id='par_1_2' title="bbox 1216 394 2551 463">
     <span class='ocr_line' id='line_1_2' title="bbox 1216 394 2551 463; baseline 0.004 -6"><span class='ocrx_word' id='word_1_2' title='bbox 1216 396 1596 458; x_wconf 73' lang='grc' dir='ltr'><strong>ΡΑΝΟΡΙΛΑ</strong></span> <span class='ocrx_word' id='word_1_3' title='bbox 1635 394 2095 458; x_wconf 80' lang='lat' dir='ltr'><strong>DOGMATICA.</strong></span> <span class='ocrx_word' id='word_1_4' title='bbox 2120 420 2188 431; x_wconf 90' lang='grc'><strong>--</strong></span> <span class='ocrx_word' id='word_1_5' title='bbox 2213 397 2360 457; x_wconf 80' lang='grc' dir='ltr'><strong>ΤΙΤ.</strong></span> <span class='ocrx_word' id='word_1_6' title='bbox 2397 396 2551 463; x_wconf 81' lang='lat' dir='ltr'><strong>XVI.</strong></span> 
     </span>
    </p>
   </div>
   <div class='ocr_carea' id='block_1_3' title="bbox 3369 392 3504 459">
    <p class='ocr_par' dir='ltr' id='par_1_3' title="bbox 3369 392 3504 459">
     <span class='ocr_line' id='line_1_3' title="bbox 3369 392 3504 459; baseline 0.015 -2"><span class='ocrx_word' id='word_1_7' title='bbox 3369 392 3504 459; x_wconf 76' lang='lat' dir='ltr'><strong>10i8</strong></span> 
     </span>
    </p>
   </div>
   <div class='ocr_carea' id='block_1_4' title="bbox 228 506 1844 585">
    <p class='ocr_par' dir='ltr' id='par_1_4' title="bbox 228 508 1826 585">
     <span class='ocr_line' id='line_1_4' title="bbox 228 508 1826 585; baseline 0.001 -24"><span class='ocrx_word' id='word_1_8' title='bbox 228 526 399 581; x_wconf 81' lang='grc' dir='ltr'>τητα.</span> <span class='ocrx_word' id='word_1_9' title='bbox 429 509 505 573; x_wconf 82' lang='grc' dir='ltr'>ὡς</span> <span class='ocrx_word' id='word_1_10' title='bbox 539 510 709 579; x_wconf 74' lang='grc' dir='ltr'>μηδὲν</span> <span class='ocrx_word' id='word_1_11' title='bbox 737 508 969 582; x_wconf 77' lang='grc' dir='ltr'>ἔχουσαν</span> <span class='ocrx_word' id='word_1_12' title='bbox 995 515 1059 583; x_wconf 82' lang='grc' dir='ltr'>τῇ</span> <span class='ocrx_word' id='word_1_13' title='bbox 1098 516 1412 585; x_wconf 77' lang='grc' dir='ltr'><strong>κατασκευῇ</strong></span> <span class='ocrx_word' id='word_1_14' title='bbox 1439 513 1676 576; x_wconf 79' lang='grc' dir='ltr'>ἐλλιπὲς,</span> <span class='ocrx_word' id='word_1_15' title='bbox 1728 510 1826 564; x_wconf 75' lang='grc' dir='ltr'>νῦν</span> 
     </span>
    </p>
   </div>
   <div class='ocr_carea' id='block_1_5' title="bbox 1949 506 3500 585">
    <p class='ocr_par' dir='ltr' id='par_1_5' title="bbox 1949 506 3500 580">
     <span class='ocr_line' id='line_1_5' title="bbox 1949 506 3500 580; baseline 0.003 -20"><span class='ocrx_word' id='word_1_16' title='bbox 1949 510 2135 565; x_wconf 77' lang='lat' dir='ltr'><strong>ratoris</strong></span> <span class='ocrx_word' id='word_1_17' title='bbox 2163 508 2369 565; x_wconf 84' lang='lat' dir='ltr'><strong>Christi</strong></span> <span class='ocrx_word' id='word_1_18' title='bbox 2412 525 2608 565; x_wconf 86' lang='lat' dir='ltr'><strong>nomen</strong></span> <span class='ocrx_word' id='word_1_19' title='bbox 2646 523 2791 564; x_wconf 91' lang='lat' dir='ltr'><strong>nunc</strong></span> <span class='ocrx_word' id='word_1_20' title='bbox 2814 506 3034 580; x_wconf 81' lang='lat' dir='ltr'><strong>quidem</strong></span> <span class='ocrx_word' id='word_1_21' title='bbox 3091 508 3262 565; x_wconf 92' lang='lat' dir='ltr'><strong>solam</strong></span> <span class='ocrx_word' id='word_1_22' title='bbox 3313 518 3500 565; x_wconf 83' lang='lat' dir='ltr'><strong>osten-</strong></span> 
     </span>
    </p>
   </div>
   <div class='ocr_carea' id='block_1_6' title="bbox 229 602 1813 676">
    <p class='ocr_par' dir='ltr' id='par_1_6' title="bbox 229 602 1813 676">
     <span class='ocr_line' id='line_1_6' title="bbox 229 602 1813 676; baseline 0.002 -24"><span class='ocrx_word' id='word_1_23' title='bbox 229 602 294 653; x_wconf 79' lang='grc' dir='ltr'>δὲ</span> <span class='ocrx_word' id='word_1_24' title='bbox 315 602 377 653; x_wconf 82' lang='grc' dir='ltr'><strong>τὸ</strong></span> <span class='ocrx_word' id='word_1_25' title='bbox 404 602 836 672; x_wconf 76' lang='grc' dir='ltr'>συναμφότερον,</span> <span class='ocrx_word' id='word_1_26' title='bbox 881 604 968 656; x_wconf 86' lang='grc' dir='ltr'><strong>ἵνα</strong></span> <span class='ocrx_word' id='word_1_27' title='bbox 1000 604 1188 676; x_wconf 79' lang='grc' dir='ltr'><strong>δειχθῇ</strong></span> <span class='ocrx_word' id='word_1_28' title='bbox 1222 607 1316 659; x_wconf 69' lang='grc' dir='ltr'><strong>καὶ</strong></span> <span class='ocrx_word' id='word_1_29' title='bbox 1340 604 1449 658; x_wconf 85' lang='grc' dir='ltr'><strong>τῶν</strong></span> <span class='ocrx_word' id='word_1_30' title='bbox 1475 605 1569 658; x_wconf 86' lang='grc' dir='ltr'><strong>δύο</strong></span> <span class='ocrx_word' id='word_1_31' title='bbox 1595 603 1813 671; x_wconf 81' lang='grc' dir='ltr'>φύσεων</span> 
     </span>
    </p>
   </div>
   <div class='ocr_carea' id='block_1_7' title="bbox 228 691 1816 763">
    <p class='ocr_par' dir='ltr' id='par_1_7' title="bbox 228 691 1816 763">
     <span class='ocr_line' id='line_1_7' title="bbox 228 691 1816 763; baseline 0.002 -21"><span class='ocrx_word' id='word_1_32' title='bbox 228 691 299 742; x_wconf 75' lang='grc' dir='ltr'><strong>τὸ</strong></span> <span class='ocrx_word' id='word_1_33' title='bbox 353 692 613 761; x_wconf 76' lang='grc' dir='ltr'>διάφορόν</span> <span class='ocrx_word' id='word_1_34' title='bbox 671 711 733 749; x_wconf 81' lang='grc' dir='ltr'><strong>τε</strong></span> <span class='ocrx_word' id='word_1_35' title='bbox 776 696 871 746; x_wconf 73' lang='grc' dir='ltr'><strong>καὶ</strong></span> <span class='ocrx_word' id='word_1_36' title='bbox 910 694 1140 760; x_wconf 80' lang='grc' dir='ltr'>τέλειον,</span> <span class='ocrx_word' id='word_1_37' title='bbox 1203 697 1297 748; x_wconf 69' lang='grc' dir='ltr'><strong>καὶ</strong></span> <span class='ocrx_word' id='word_1_38' title='bbox 1344 696 1444 763; x_wconf 80' lang='grc' dir='ltr'>τῆς</span> <span class='ocrx_word' id='word_1_39' title='bbox 1490 694 1648 760; x_wconf 73' lang='grc' dir='ltr'>ξένης</span> <span class='ocrx_word' id='word_1_40' title='bbox 1682 691 1816 746; x_wconf 76' lang='grc' dir='ltr'>ἐνώ-</span> 
     </span>
    </p>
   </div>
   <div class='ocr_carea' id='block_1_8' title="bbox 233 784 1818 854">
    <p class='ocr_par' dir='ltr' id='par_1_8' title="bbox 233 784 1818 854">
     <span class='ocr_line' id='line_1_8' title="bbox 233 784 1818 854; baseline 0.001 -21"><span class='ocrx_word' id='word_1_41' title='bbox 233 798 383 843; x_wconf 86' lang='grc' dir='ltr'>σεως</span> <span class='ocrx_word' id='word_1_42' title='bbox 413 785 475 835; x_wconf 82' lang='grc' dir='ltr'><strong>τὸ</strong></span> <span class='ocrx_word' id='word_1_43' title='bbox 511 784 801 854; x_wconf 73' lang='grc' dir='ltr'>πρόσωπον</span> <span class='ocrx_word' id='word_1_44' title='bbox 850 786 1112 854; x_wconf 80' lang='grc' dir='ltr'>ἄτμητον.</span> <span class='ocrx_word' id='word_1_45' title='bbox 1151 787 1378 838; x_wconf 79' lang='grc' dir='ltr'><strong>Ἐκεῖνοι</strong></span> <span class='ocrx_word' id='word_1_46' title='bbox 1433 785 1533 854; x_wconf 81' lang='grc' dir='ltr'>μὲν</span> <span class='ocrx_word' id='word_1_47' title='bbox 1567 785 1647 847; x_wconf 85' lang='grc' dir='ltr'><strong>είς</strong></span> <span class='ocrx_word' id='word_1_48' title='bbox 1693 801 1818 850; x_wconf 86' lang='grc' dir='ltr'>τρο-</span> 
     </span>
    </p>
   </div>
   <div class='ocr_carea' id='block_1_9' title="bbox 231 873 1819 947">
    <p class='ocr_par' dir='ltr' id='par_1_9' title="bbox 231 873 1819 947">
     <span class='ocr_line' id='line_1_9' title="bbox 231 873 1819 947; baseline 0.017 -33"><span class='ocrx_word' id='word_1_49' title='bbox 231 874 351 943; x_wconf 55' lang='lat' dir='ltr'><strong>ad)»</strong></span> <span class='ocrx_word' id='word_1_50' title='bbox 370 873 657 943; x_wconf 76' lang='grc' dir='ltr'>Θεότητος,</span> <span class='ocrx_word' id='word_1_51' title='bbox 676 878 771 928; x_wconf 69' lang='grc' dir='ltr'>καὶ</span> <span class='ocrx_word' id='word_1_52' title='bbox 800 876 1111 947; x_wconf 77' lang='grc' dir='ltr'><strong>ἀνατροπὴν</strong></span> <span class='ocrx_word' id='word_1_53' title='bbox 1131 876 1238 928; x_wconf 85' lang='grc' dir='ltr'>τῶν</span> <span class='ocrx_word' id='word_1_54' title='bbox 1265 877 1530 929; x_wconf 77' lang='grc' dir='ltr'>συνόντων</span> <span class='ocrx_word' id='word_1_55' title='bbox 1559 878 1679 937; x_wconf 74' lang='grc' dir='ltr'>ταῖς</span> <span class='ocrx_word' id='word_1_56' title='bbox 1719 873 1819 941; x_wconf 66' lang='grc' dir='ltr'><strong>φύ⁶</strong></span> 
     </span>
    </p>
   </div>
   <div class='ocr_carea' id='block_1_10' title="bbox 232 968 1817 1041">
    <p class='ocr_par' dir='ltr' id='par_1_10' title="bbox 232 968 1817 1041">
     <span class='ocr_line' id='line_1_10' title="bbox 232 968 1817 1041; baseline 0.001 -23"><span class='ocrx_word' id='word_1_57' title='bbox 232 968 488 1020; x_wconf 70' lang='grc' dir='ltr'>σεσικαὶ</span> <span class='ocrx_word' id='word_1_58' title='bbox 518 968 598 1030; x_wconf 84' lang='grc' dir='ltr'><strong>είς</strong></span> <span class='ocrx_word' id='word_1_59' title='bbox 619 969 995 1040; x_wconf 87' lang='grc' dir='ltr'>ἀναρμόστους</span> <span class='ocrx_word' id='word_1_60' title='bbox 1052 970 1324 1040; x_wconf 80' lang='grc' dir='ltr'><strong>φλυαρίας</strong></span> <span class='ocrx_word' id='word_1_61' title='bbox 1386 970 1687 1041; x_wconf 74' lang='grc' dir='ltr'>ἐχρήσαντο</span> <span class='ocrx_word' id='word_1_62' title='bbox 1751 969 1817 1037; x_wconf 79' lang='grc' dir='ltr'>τῇ</span> 
     </span>
    </p>
   </div>
   <div class='ocr_carea' id='block_1_11' title="bbox 235 1058 1822 1131">
    <p class='ocr_par' dir='ltr' id='par_1_11' title="bbox 235 1058 1822 1131">
     <span class='ocr_line' id='line_1_11' title="bbox 235 1058 1822 1131; baseline -0.001 -18"><span class='ocrx_word' id='word_1_63' title='bbox 235 1060 390 1113; x_wconf 75' lang='grc' dir='ltr'>κειτά</span> <span class='ocrx_word' id='word_1_64' title='bbox 415 1061 511 1114; x_wconf 87' lang='grc' dir='ltr'>τὸν</span> <span class='ocrx_word' id='word_1_65' title='bbox 534 1059 817 1130; x_wconf 63' lang='grc' dir='ltr'>ἄνθρωπον</span> <span class='ocrx_word' id='word_1_66' title='bbox 844 1061 1069 1130; x_wconf 76' lang='grc' dir='ltr'>θεωρίᾳ,</span> <span class='ocrx_word' id='word_1_67' title='bbox 1095 1062 1257 1131; x_wconf 81' lang='grc' dir='ltr'><strong>ἡμεῖς</strong></span> <span class='ocrx_word' id='word_1_68' title='bbox 1302 1061 1359 1114; x_wconf 75' lang='grc' dir='ltr'>δὲ</span> <span class='ocrx_word' id='word_1_69' title='bbox 1414 1062 1491 1126; x_wconf 78' lang='grc' dir='ltr'><strong>εἰς</strong></span> <span class='ocrx_word' id='word_1_70' title='bbox 1523 1058 1822 1123; x_wconf 73' lang='grc' dir='ltr'>’ἀπόδειξιν</span> 
     </span>
    </p>
   </div>
   <div class='ocr_carea' id='block_1_12' title="bbox 234 1147 1825 1221">
    <p class='ocr_par' dir='ltr' id='par_1_12' title="bbox 234 1147 1825 1221">
     <span class='ocr_line' id='line_1_12' title="bbox 234 1147 1825 1221; baseline -0.001 -19"><span class='ocrx_word' id='word_1_71' title='bbox 234 1150 341 1202; x_wconf 75' lang='grc' dir='ltr'><strong>καὶ</strong></span> <span class='ocrx_word' id='word_1_72' title='bbox 370 1150 674 1221; x_wconf 78' lang='grc' dir='ltr'>μαρτυρίαν</span> <span class='ocrx_word' id='word_1_73' title='bbox 702 1150 796 1204; x_wconf 83' lang='grc' dir='ltr'>τοῦ</span> <span class='ocrx_word' id='word_1_74' title='bbox 822 1150 1047 1204; x_wconf 77' lang='grc' dir='ltr'>δυνατὸν</span> <span class='ocrx_word' id='word_1_75' title='bbox 1074 1147 1218 1205; x_wconf 76' lang='grc' dir='ltr'>εἶναι</span> <span class='ocrx_word' id='word_1_76' title='bbox 1238 1153 1332 1204; x_wconf 79' lang='grc' dir='ltr'><strong>καὶ</strong></span> <span class='ocrx_word' id='word_1_77' title='bbox 1357 1150 1449 1204; x_wconf 83' lang='grc' dir='ltr'><strong>δύο</strong></span> <span class='ocrx_word' id='word_1_78' title='bbox 1479 1150 1639 1204; x_wconf 84' lang='grc' dir='ltr'>τινῶν</span> <span class='ocrx_word' id='word_1_79' title='bbox 1665 1148 1825 1203; x_wconf 84' lang='grc' dir='ltr'>σύνο-</span> 
     </span>
    </p>
   </div>
   <div class='ocr_carea' id='block_1_13' title="bbox 232 1240 1823 1312">
    <p class='ocr_par' dir='ltr' id='par_1_13' title="bbox 232 1240 1823 1312">
     <span class='ocr_line' id='line_1_13' title="bbox 232 1240 1823 1312; baseline -0.001 -19"><span class='ocrx_word' id='word_1_80' title='bbox 232 1240 332 1293; x_wconf 85' lang='grc' dir='ltr'><strong>δον</strong></span> <span class='ocrx_word' id='word_1_81' title='bbox 357 1240 617 1300; x_wconf 77' lang='grc' dir='ltr'>νοεῖσθαι,</span> <span class='ocrx_word' id='word_1_82' title='bbox 636 1243 731 1293; x_wconf 64' lang='lat' dir='ltr'><strong>xui</strong></span> <span class='ocrx_word' id='word_1_83' title='bbox 748 1240 807 1295; x_wconf 79' lang='grc' dir='ltr'>ἓν</span> <span class='ocrx_word' id='word_1_84' title='bbox 833 1241 1123 1312; x_wconf 88' lang='grc' dir='ltr'>πρόσωπον</span> <span class='ocrx_word' id='word_1_85' title='bbox 1136 1242 1202 1295; x_wconf 78' lang='grc' dir='ltr'>δι’</span> <span class='ocrx_word' id='word_1_86' title='bbox 1221 1243 1431 1311; x_wconf 69' lang='grc' dir='ltr'>ἁμφδτέ</span> <span class='ocrx_word' id='word_1_87' title='bbox 1439 1259 1549 1306; x_wconf 81' lang='grc' dir='ltr'><strong>ρων</strong></span> <span class='ocrx_word' id='word_1_88' title='bbox 1571 1240 1823 1310; x_wconf 69' lang='grc' dir='ltr'>ὁρᾶσθαι.</span> 
     </span>
    </p>
   </div>
   <div class='ocr_carea' id='block_1_14' title="bbox 238 1330 1826 1403">
    <p class='ocr_par' dir='ltr' id='par_1_14' title="bbox 238 1330 1826 1403">
     <span class='ocr_line' id='line_1_14' title="bbox 238 1330 1826 1403; baseline 0 -20"><span class='ocrx_word' id='word_1_89' title='bbox 238 1331 309 1384; x_wconf 82' lang='lat' dir='ltr'><strong>Ei</strong></span> <span class='ocrx_word' id='word_1_90' title='bbox 332 1331 441 1400; x_wconf 79' lang='grc' dir='ltr'>γὰρ</span> <span class='ocrx_word' id='word_1_91' title='bbox 467 1331 755 1402; x_wconf 82' lang='grc' dir='ltr'>ἀνθρώπου</span> <span class='ocrx_word' id='word_1_92' title='bbox 788 1332 948 1401; x_wconf 81' lang='grc' dir='ltr'>φύσις</span> <span class='ocrx_word' id='word_1_93' title='bbox 975 1333 1076 1386; x_wconf 77' lang='grc' dir='ltr'><strong>οὐκ</strong></span> <span class='ocrx_word' id='word_1_94' title='bbox 1105 1332 1350 1403; x_wconf 77' lang='grc' dir='ltr'><strong>ἐκωλύθη</strong></span> <span class='ocrx_word' id='word_1_95' title='bbox 1389 1333 1483 1386; x_wconf 89' lang='grc' dir='ltr'><strong>δύο</strong></span> <span class='ocrx_word' id='word_1_96' title='bbox 1530 1332 1630 1402; x_wconf 77' lang='grc' dir='ltr'>μὲν</span> <span class='ocrx_word' id='word_1_97' title='bbox 1682 1330 1826 1401; x_wconf 72' lang='grc' dir='ltr'>ἔχειν</span> 
     </span>
    </p>
   </div>
   <div class='ocr_carea' id='block_1_15' title="bbox 241 1418 1823 1496">
    <p class='ocr_par' dir='ltr' id='par_1_15' title="bbox 241 1418 1823 1496">
     <span class='ocr_line' id='line_1_15' title="bbox 241 1418 1823 1496; baseline -0.001 -21"><span class='ocrx_word' id='word_1_98' title='bbox 241 1424 392 1493; x_wconf 79' lang='grc' dir='ltr'>μέρη</span> <span class='ocrx_word' id='word_1_99' title='bbox 421 1426 490 1478; x_wconf 76' lang='grc' dir='ltr'><strong>τα</strong></span> <span class='ocrx_word' id='word_1_100' title='bbox 527 1423 587 1489; x_wconf 78' lang='grc' dir='ltr'><strong>ἐξ</strong></span> <span class='ocrx_word' id='word_1_101' title='bbox 643 1418 717 1478; x_wconf 84' lang='grc' dir='ltr'>ὧν</span> <span class='ocrx_word' id='word_1_102' title='bbox 750 1428 808 1478; x_wconf 74' lang='grc' dir='ltr'>τὸ</span> <span class='ocrx_word' id='word_1_103' title='bbox 831 1425 1142 1496; x_wconf 81' lang='grc' dir='ltr'>πρόσωπον,</span> <span class='ocrx_word' id='word_1_104' title='bbox 1174 1424 1319 1479; x_wconf 51' lang='lat' dir='ltr'><strong>sese</strong></span> <span class='ocrx_word' id='word_1_105' title='bbox 1350 1423 1628 1479; x_wconf 79' lang='grc' dir='ltr'>δεικνύναι</span> <span class='ocrx_word' id='word_1_106' title='bbox 1655 1422 1823 1492; x_wconf 77' lang='grc' dir='ltr'>πρόσ-</span> 
     </span>
    </p>
   </div>
   <div class='ocr_carea' id='block_1_16' title="bbox 239 1514 1829 1586">
    <p class='ocr_par' dir='ltr' id='par_1_16' title="bbox 239 1514 1829 1586">
     <span class='ocr_line' id='line_1_16' title="bbox 239 1514 1829 1586; baseline -0.001 -20"><span class='ocrx_word' id='word_1_107' title='bbox 239 1532 397 1569; x_wconf 80' lang='grc' dir='ltr'>ωπον</span> <span class='ocrx_word' id='word_1_108' title='bbox 433 1516 525 1568; x_wconf 78' lang='grc' dir='ltr'><strong>τὸν</strong></span> <span class='ocrx_word' id='word_1_109' title='bbox 544 1514 686 1570; x_wconf 72' lang='grc' dir='ltr'>οὕτω</span> <span class='ocrx_word' id='word_1_110' title='bbox 738 1516 1046 1570; x_wconf 83' lang='grc' dir='ltr'>συνεστῶτα</span> <span class='ocrx_word' id='word_1_111' title='bbox 1079 1516 1387 1586; x_wconf 76' lang='grc' dir='ltr'>ἄνθρωπον,</span> <span class='ocrx_word' id='word_1_112' title='bbox 1421 1516 1574 1584; x_wconf 83' lang='grc' dir='ltr'>πόσῳ</span> <span class='ocrx_word' id='word_1_113' title='bbox 1626 1514 1829 1583; x_wconf 85' lang='grc' dir='ltr'>μᾶλλον</span> 
     </span>
    </p>
   </div>
   <div class='ocr_carea' id='block_1_17' title="bbox 241 1601 1833 1675">
    <p class='ocr_par' dir='ltr' id='par_1_17' title="bbox 241 1601 1833 1675">
     <span class='ocr_line' id='line_1_17' title="bbox 241 1601 1833 1675; baseline -0.002 -19"><span class='ocrx_word' id='word_1_114' title='bbox 241 1605 283 1673; x_wconf 78' lang='grc' dir='ltr'>ἠ</span> <span class='ocrx_word' id='word_1_115' title='bbox 308 1604 430 1657; x_wconf 81' lang='grc' dir='ltr'>θεία</span> <span class='ocrx_word' id='word_1_116' title='bbox 454 1604 612 1675; x_wconf 82' lang='grc' dir='ltr'>χάρις</span> <span class='ocrx_word' id='word_1_117' title='bbox 644 1604 801 1673; x_wconf 78' lang='grc' dir='ltr'>ἱκανὴ</span> <span class='ocrx_word' id='word_1_118' title='bbox 828 1603 998 1667; x_wconf 76' lang='grc' dir='ltr'>δεῖξαι</span> <span class='ocrx_word' id='word_1_119' title='bbox 1040 1603 1260 1657; x_wconf 82' lang='grc' dir='ltr'>δυνατὸν</span> <span class='ocrx_word' id='word_1_120' title='bbox 1290 1604 1385 1659; x_wconf 74' lang='grc' dir='ltr'><strong>καὶ</strong></span> <span class='ocrx_word' id='word_1_121' title='bbox 1425 1602 1719 1658; x_wconf 84' lang='grc' dir='ltr'>ἀκόλουθον</span> <span class='ocrx_word' id='word_1_122' title='bbox 1770 1601 1833 1654; x_wconf 74' lang='grc' dir='ltr'>τὸ</span> 
     </span>
    </p>
   </div>
   <div class='ocr_carea' id='block_1_18' title="bbox 244 1694 1831 1767">
    <p class='ocr_par' dir='ltr' id='par_1_18' title="bbox 244 1694 1831 1767">
     <span class='ocr_line' id='line_1_18' title="bbox 244 1694 1831 1767; baseline -0.001 -19"><span class='ocrx_word' id='word_1_123' title='bbox 244 1701 344 1748; x_wconf 71' lang='grc' dir='ltr'><strong>καὶ</strong></span> <span class='ocrx_word' id='word_1_124' title='bbox 367 1698 462 1750; x_wconf 89' lang='grc' dir='ltr'><strong>δύο</strong></span> <span class='ocrx_word' id='word_1_125' title='bbox 492 1696 684 1765; x_wconf 75' lang='grc' dir='ltr'>φύσεις</span> <span class='ocrx_word' id='word_1_126' title='bbox 705 1696 913 1757; x_wconf 84' lang='grc' dir='ltr'>τελείας</span> <span class='ocrx_word' id='word_1_127' title='bbox 943 1697 1021 1756; x_wconf 82' lang='grc' dir='ltr'><strong>είς</strong></span> <span class='ocrx_word' id='word_1_128' title='bbox 1050 1697 1244 1751; x_wconf 73' lang='grc' dir='ltr'>ἕνωσιν</span> <span class='ocrx_word' id='word_1_129' title='bbox 1268 1694 1574 1767; x_wconf 85' lang='grc' dir='ltr'>ἀσύγχυτον</span> <span class='ocrx_word' id='word_1_130' title='bbox 1601 1694 1831 1764; x_wconf 80' lang='grc' dir='ltr'>συνδρα-</span> 
     </span>
    </p>
   </div>
   <div class='ocr_carea' id='block_1_19' title="bbox 250 1786 1834 1859">
    <p class='ocr_par' dir='ltr' id='par_1_19' title="bbox 250 1786 1834 1859">
     <span class='ocr_line' id='line_1_19' title="bbox 250 1786 1834 1859; baseline -0.001 -20"><span class='ocrx_word' id='word_1_131' title='bbox 250 1791 401 1856; x_wconf 82' lang='grc' dir='ltr'>μεῖν,</span> <span class='ocrx_word' id='word_1_132' title='bbox 436 1787 532 1841; x_wconf 73' lang='grc' dir='ltr'>καὶ</span> <span class='ocrx_word' id='word_1_133' title='bbox 561 1788 655 1842; x_wconf 81' lang='grc' dir='ltr'><strong>τοῦ</strong></span> <span class='ocrx_word' id='word_1_134' title='bbox 686 1787 981 1855; x_wconf 81' lang='grc' dir='ltr'>προσώπου</span> <span class='ocrx_word' id='word_1_135' title='bbox 1014 1788 1075 1841; x_wconf 77' lang='grc' dir='ltr'>τὸ</span> <span class='ocrx_word' id='word_1_136' title='bbox 1110 1789 1402 1859; x_wconf 76' lang='grc' dir='ltr'>μοναδικόν</span> <span class='ocrx_word' id='word_1_137' title='bbox 1421 1786 1690 1859; x_wconf 75' lang='grc' dir='ltr'><strong>μηδαμῶς</strong></span> <span class='ocrx_word' id='word_1_138' title='bbox 1740 1789 1834 1840; x_wconf 70' lang='grc' dir='ltr'>ἀνα</span> 
     </span>
    </p>
   </div>
   <div class='ocr_carea' id='block_1_20' title="bbox 250 1874 1835 1949">
    <p class='ocr_par' dir='ltr' id='par_1_20' title="bbox 250 1874 1835 1949">
     <span class='ocr_line' id='line_1_20' title="bbox 250 1874 1835 1949; baseline 0 -19"><span class='ocrx_word' id='word_1_139' title='bbox 250 1878 429 1943; x_wconf 71' lang='grc' dir='ltr'>ελεῖνς</span> <span class='ocrx_word' id='word_1_140' title='bbox 465 1879 674 1949; x_wconf 72' lang='grc' dir='ltr'>Ὥσπερ</span> <span class='ocrx_word' id='word_1_141' title='bbox 696 1879 754 1933; x_wconf 68' lang='grc' dir='ltr'>δὲ</span> <span class='ocrx_word' id='word_1_142' title='bbox 774 1878 1130 1942; x_wconf 77' lang='grc' dir='ltr'>ἀκούσαντες,</span> <span class='ocrx_word' id='word_1_143' title='bbox 1180 1874 1286 1945; x_wconf 70' lang='grc' dir='ltr'><strong>Εἷς</strong></span> <span class='ocrx_word' id='word_1_144' title='bbox 1336 1878 1554 1946; x_wconf 80' lang='grc' dir='ltr'>Κύριος</span> <span class='ocrx_word' id='word_1_145' title='bbox 1594 1877 1835 1944; x_wconf 73' lang='grc' dir='ltr'>Ἰησοῦς</span> 
     </span>
    </p>
   </div>
   <div class='ocr_carea' id='block_1_21' title="bbox 250 1966 1838 2041">
    <p class='ocr_par' dir='ltr' id='par_1_21' title="bbox 250 1966 1838 2041">
     <span class='ocr_line' id='line_1_21' title="bbox 250 1966 1838 2041; baseline -0.001 -19"><span class='ocrx_word' id='word_1_146' title='bbox 250 1970 537 2036; x_wconf 69' lang='grc' dir='ltr'>Χμστὸς,</span> <span class='ocrx_word' id='word_1_147' title='bbox 572 1970 646 2024; x_wconf 79' lang='grc' dir='ltr'>δι’</span> <span class='ocrx_word' id='word_1_148' title='bbox 688 1966 760 2026; x_wconf 81' lang='grc' dir='ltr'>οὗ</span> <span class='ocrx_word' id='word_1_149' title='bbox 807 1969 879 2023; x_wconf 82' lang='grc' dir='ltr'>τὰ</span> <span class='ocrx_word' id='word_1_150' title='bbox 930 1970 1151 2035; x_wconf 76' lang='grc' dir='ltr'>πάντα,</span> <span class='ocrx_word' id='word_1_151' title='bbox 1201 1974 1267 2041; x_wconf 80' lang='grc' dir='ltr'>τῇ</span> <span class='ocrx_word' id='word_1_152' title='bbox 1317 1970 1534 2039; x_wconf 83' lang='grc' dir='ltr'>θεότητι</span> <span class='ocrx_word' id='word_1_153' title='bbox 1590 1970 1730 2040; x_wconf 80' lang='grc' dir='ltr'>μόνῃ</span> <span class='ocrx_word' id='word_1_154' title='bbox 1776 1968 1838 2021; x_wconf 77' lang='grc' dir='ltr'><strong>τὸ</strong></span> 
     </span>
    </p>
   </div>
   <div class='ocr_carea' id='block_1_22' title="bbox 250 2056 1836 2129">
    <p class='ocr_par' dir='ltr' id='par_1_22' title="bbox 250 2056 1836 2129">
     <span class='ocr_line' id='line_1_22' title="bbox 250 2056 1836 2129; baseline -0.002 -16"><span class='ocrx_word' id='word_1_155' title='bbox 250 2059 486 2128; x_wconf 74' lang='grc' dir='ltr'>ποιῆσαι</span> <span class='ocrx_word' id='word_1_156' title='bbox 505 2060 573 2111; x_wconf 72' lang='grc' dir='ltr'>τὰ</span> <span class='ocrx_word' id='word_1_157' title='bbox 594 2059 773 2112; x_wconf 79' lang='grc' dir='ltr'>πάντα</span> <span class='ocrx_word' id='word_1_158' title='bbox 795 2060 937 2113; x_wconf 87' lang='grc' dir='ltr'><strong>κατά</strong></span> <span class='ocrx_word' id='word_1_159' title='bbox 953 2060 1017 2113; x_wconf 77' lang='grc' dir='ltr'>τὸ</span> <span class='ocrx_word' id='word_1_160' title='bbox 1041 2061 1188 2123; x_wconf 79' lang='grc' dir='ltr'>είκδς</span> <span class='ocrx_word' id='word_1_161' title='bbox 1218 2059 1599 2129; x_wconf 76' lang='grc' dir='ltr'>ὲπιγράφομεν</span> <span class='ocrx_word' id='word_1_162' title='bbox 1616 2074 1643 2095; x_wconf 56' lang='grc' dir='ltr'>’ν</span> <span class='ocrx_word' id='word_1_163' title='bbox 1663 2056 1836 2121; x_wconf 76' lang='grc' dir='ltr'>οὕτως</span> 
     </span>
    </p>
   </div>
   <div class='ocr_carea' id='block_1_23' title="bbox 252 2146 1840 2221">
    <p class='ocr_par' dir='ltr' id='par_1_23' title="bbox 252 2146 1840 2221">
     <span class='ocr_line' id='line_1_23' title="bbox 252 2146 1840 2221; baseline -0.001 -16"><span class='ocrx_word' id='word_1_164' title='bbox 252 2152 590 2215; x_wconf 84' lang='grc' dir='ltr'>ἀκούσαντες</span> <span class='ocrx_word' id='word_1_165' title='bbox 620 2152 701 2215; x_wconf 82' lang='grc' dir='ltr'><strong>τὸ,</strong></span> <span class='ocrx_word' id='word_1_166' title='bbox 737 2146 840 2217; x_wconf 77' lang='grc' dir='ltr'><strong>Εἷς</strong></span> <span class='ocrx_word' id='word_1_167' title='bbox 856 2152 1121 2219; x_wconf 82' lang='grc' dir='ltr'><strong>παθητὸς</strong></span> <span class='ocrx_word' id='word_1_168' title='bbox 1152 2154 1185 2206; x_wconf 77' lang='grc' dir='ltr'><em>ὁ</em></span> <span class='ocrx_word' id='word_1_169' title='bbox 1206 2152 1481 2221; x_wconf 80' lang='grc' dir='ltr'>Χριστὸς,</span> <span class='ocrx_word' id='word_1_170' title='bbox 1512 2152 1610 2221; x_wconf 83' lang='grc' dir='ltr'>τῆς</span> <span class='ocrx_word' id='word_1_171' title='bbox 1628 2151 1840 2221; x_wconf 69' lang='grc' dir='ltr'>ἡνωμέ-</span> 
     </span>
    </p>
   </div>
   <div class='ocr_carea' id='block_1_24' title="bbox 251 2239 1837 2313">
    <p class='ocr_par' dir='ltr' id='par_1_24' title="bbox 251 2239 1837 2313">
     <span class='ocr_line' id='line_1_24' title="bbox 251 2239 1837 2313; baseline -0.001 -21"><span class='ocrx_word' id='word_1_172' title='bbox 251 2257 360 2311; x_wconf 84' lang='grc' dir='ltr'><strong>νης</strong></span> <span class='ocrx_word' id='word_1_173' title='bbox 387 2242 588 2310; x_wconf 82' lang='grc' dir='ltr'>σαρκὸς</span> <span class='ocrx_word' id='word_1_174' title='bbox 626 2241 688 2293; x_wconf 80' lang='grc' dir='ltr'>τὸ</span> <span class='ocrx_word' id='word_1_175' title='bbox 718 2240 892 2301; x_wconf 85' lang='grc' dir='ltr'>πάθος</span> <span class='ocrx_word' id='word_1_176' title='bbox 927 2242 1271 2313; x_wconf 80' lang='grc' dir='ltr'>γινώσκομεν</span> <span class='ocrx_word' id='word_1_177' title='bbox 1309 2256 1324 2272; x_wconf 75' lang='grc' dir='ltr'><strong>ο</strong></span> <span class='ocrx_word' id='word_1_178' title='bbox 1363 2241 1488 2294; x_wconf 74' lang='grc' dir='ltr'>ἐπεὶ</span> <span class='ocrx_word' id='word_1_179' title='bbox 1539 2240 1658 2300; x_wconf 83' lang='grc' dir='ltr'><strong>πῶς</strong></span> <span class='ocrx_word' id='word_1_180' title='bbox 1710 2239 1837 2310; x_wconf 85' lang='grc' dir='ltr'>νοή-</span> 
     </span>
    </p>
   </div>
   <div class='ocr_carea' id='block_1_25' title="bbox 255 2329 1836 2400">
    <p class='ocr_par' dir='ltr' id='par_1_25' title="bbox 255 2329 1836 2400">
     <span class='ocr_line' id='line_1_25' title="bbox 255 2329 1836 2400; baseline 0.001 -19"><span class='ocrx_word' id='word_1_181' title='bbox 255 2346 431 2398; x_wconf 85' lang='grc' dir='ltr'>σομεν</span> <span class='ocrx_word' id='word_1_182' title='bbox 480 2330 578 2399; x_wconf 80' lang='grc' dir='ltr'>τῆς</span> <span class='ocrx_word' id='word_1_183' title='bbox 612 2330 779 2398; x_wconf 77' lang='grc' dir='ltr'>αὐτῆς</span> <span class='ocrx_word' id='word_1_184' title='bbox 816 2331 1008 2395; x_wconf 76' lang='grc' dir='ltr'>οὐσίας</span> <span class='ocrx_word' id='word_1_185' title='bbox 1066 2332 1486 2399; x_wconf 42' lang='grc' dir='ltr'>καὶςάσθένειαν</span> <span class='ocrx_word' id='word_1_186' title='bbox 1541 2332 1599 2384; x_wconf 79' lang='grc' dir='ltr'>ὲν</span> <span class='ocrx_word' id='word_1_187' title='bbox 1626 2329 1836 2400; x_wconf 83' lang='grc' dir='ltr'>ταυτῷ,</span> 
     </span>
    </p>
   </div>
   <div class='ocr_carea' id='block_1_26' title="bbox 256 2420 1841 2495">
    <p class='ocr_par' dir='ltr' id='par_1_26' title="bbox 256 2420 1841 2495">
     <span class='ocr_line' id='line_1_26' title="bbox 256 2420 1841 2495; baseline 0.001 -20"><span class='ocrx_word' id='word_1_188' title='bbox 256 2424 360 2475; x_wconf 74' lang='grc' dir='ltr'><strong>καὶ</strong></span> <span class='ocrx_word' id='word_1_189' title='bbox 382 2422 481 2491; x_wconf 81' lang='grc' dir='ltr'>τὴν</span> <span class='ocrx_word' id='word_1_190' title='bbox 510 2422 777 2491; x_wconf 88' lang='grc' dir='ltr'>δύναμιν;</span> <span class='ocrx_word' id='word_1_191' title='bbox 811 2422 886 2475; x_wconf 84' lang='grc' dir='ltr'>Τὸ</span> <span class='ocrx_word' id='word_1_192' title='bbox 916 2425 1138 2493; x_wconf 76' lang='grc' dir='ltr'>πνεῦμα</span> <span class='ocrx_word' id='word_1_193' title='bbox 1166 2423 1471 2495; x_wconf 81' lang='grc' dir='ltr'>πρόθυμον,</span> <span class='ocrx_word' id='word_1_194' title='bbox 1505 2423 1538 2494; x_wconf 81' lang='grc' dir='ltr'>ὴ</span> <span class='ocrx_word' id='word_1_195' title='bbox 1598 2422 1655 2476; x_wconf 85' lang='grc' dir='ltr'>δὲ</span> <span class='ocrx_word' id='word_1_196' title='bbox 1703 2420 1841 2492; x_wconf 80' lang='grc' dir='ltr'>σὰρξ</span> 
     </span>
    </p>
   </div>
   <div class='ocr_carea' id='block_1_27' title="bbox 255 2513 1838 2586">
    <p class='ocr_par' dir='ltr' id='par_1_27' title="bbox 255 2513 1838 2586">
     <span class='ocr_line' id='line_1_27' title="bbox 255 2513 1838 2586; baseline 0.002 -20"><span class='ocrx_word' id='word_1_197' title='bbox 255 2513 496 2582; x_wconf 82' lang='grc' dir='ltr'>ἀσθενής</span> <span class='ocrx_word' id='word_1_198' title='bbox 522 2527 535 2541; x_wconf 87' lang='grc'><strong>·</strong></span> <span class='ocrx_word' id='word_1_199' title='bbox 574 2513 635 2566; x_wconf 82' lang='grc' dir='ltr'><strong>οὐ</strong></span> <span class='ocrx_word' id='word_1_200' title='bbox 672 2513 839 2585; x_wconf 82' lang='grc' dir='ltr'>μέρος</span> <span class='ocrx_word' id='word_1_201' title='bbox 887 2515 1224 2586; x_wconf 84' lang='grc' dir='ltr'>πνεύματος.</span> <span class='ocrx_word' id='word_1_202' title='bbox 1256 2515 1379 2568; x_wconf 81' lang='grc' dir='ltr'>οὐδὲ</span> <span class='ocrx_word' id='word_1_203' title='bbox 1423 2515 1586 2585; x_wconf 75' lang='grc' dir='ltr'>μέρος</span> <span class='ocrx_word' id='word_1_204' title='bbox 1615 2515 1838 2586; x_wconf 89' lang='grc' dir='ltr'>σαρκός.</span> 
     </span>
    </p>
   </div>
   <div class='ocr_carea' id='block_1_28' title="bbox 261 2606 1842 2677">
    <p class='ocr_par' dir='ltr' id='par_1_28' title="bbox 261 2606 1842 2677">
     <span class='ocr_line' id='line_1_28' title="bbox 261 2606 1842 2677; baseline 0.001 -19"><span class='ocrx_word' id='word_1_205' title='bbox 261 2606 376 2658; x_wconf 70' lang='grc' dir='ltr'>Καὶ</span> <span class='ocrx_word' id='word_1_206' title='bbox 401 2606 662 2670; x_wconf 73' lang='grc' dir='ltr'>πάλιν,Εί</span> <span class='ocrx_word' id='word_1_207' title='bbox 692 2607 801 2677; x_wconf 84' lang='grc' dir='ltr'>γὰρ</span> <span class='ocrx_word' id='word_1_208' title='bbox 820 2606 1166 2676; x_wconf 78' lang='grc' dir='ltr'>ἐσταυρώθη</span> <span class='ocrx_word' id='word_1_209' title='bbox 1209 2607 1278 2672; x_wconf 78' lang='grc' dir='ltr'><strong>ἐξ</strong></span> <span class='ocrx_word' id='word_1_210' title='bbox 1309 2608 1650 2672; x_wconf 81' lang='grc' dir='ltr'>ἀσθενείας,</span> <span class='ocrx_word' id='word_1_211' title='bbox 1677 2606 1842 2661; x_wconf 72' lang='grc' dir='ltr'><em>ἀλλὰ</em></span> 
     </span>
    </p>
   </div>
   <div class='ocr_carea' id='block_1_29' title="bbox 262 2698 1843 2774">
    <p class='ocr_par' dir='ltr' id='par_1_29' title="bbox 262 2698 1843 2774">
     <span class='ocr_line' id='line_1_29' title="bbox 262 2698 1843 2774; baseline 0 -21"><span class='ocrx_word' id='word_1_212' title='bbox 262 2700 335 2767; x_wconf 68' lang='grc' dir='ltr'><strong>ζῇ</strong></span> <span class='ocrx_word' id='word_1_213' title='bbox 390 2701 458 2753; x_wconf 72' lang='grc' dir='ltr'>ἐκ</span> <span class='ocrx_word' id='word_1_214' title='bbox 510 2701 820 2771; x_wconf 78' lang='grc' dir='ltr'>δυνάμεως</span> <span class='ocrx_word' id='word_1_215' title='bbox 880 2704 1030 2758; x_wconf 84' lang='grc' dir='ltr'>Θεοῦ</span> <span class='ocrx_word' id='word_1_216' title='bbox 1056 2721 1070 2735; x_wconf 79' lang='grc' dir='ltr'><strong>ο</strong></span> <span class='ocrx_word' id='word_1_217' title='bbox 1107 2704 1210 2774; x_wconf 84' lang='grc' dir='ltr'><strong>δρα</strong></span> <span class='ocrx_word' id='word_1_218' title='bbox 1233 2704 1301 2757; x_wconf 87' lang='grc' dir='ltr'><strong>τά</strong></span> <span class='ocrx_word' id='word_1_219' title='bbox 1347 2703 1609 2772; x_wconf 85' lang='grc' dir='ltr'>ὀνόματα,</span> <span class='ocrx_word' id='word_1_220' title='bbox 1644 2703 1739 2755; x_wconf 78' lang='grc' dir='ltr'><strong>καὶ</strong></span> <span class='ocrx_word' id='word_1_221' title='bbox 1771 2698 1843 2753; x_wconf 85' lang='grc' dir='ltr'>τὰ</span> 
     </span>
    </p>
   </div>
   <div class='ocr_carea' id='block_1_30' title="bbox 263 2790 1841 2863">
    <p class='ocr_par' dir='ltr' id='par_1_30' title="bbox 263 2790 1841 2863">
     <span class='ocr_line' id='line_1_30' title="bbox 263 2790 1841 2863; baseline 0.004 -24"><span class='ocrx_word' id='word_1_222' title='bbox 263 2790 573 2859; x_wconf 79' lang='grc' dir='ltr'>πράγματα</span> <span class='ocrx_word' id='word_1_223' title='bbox 594 2810 606 2822; x_wconf 86' lang='grc'><strong>·</strong></span> <span class='ocrx_word' id='word_1_224' title='bbox 638 2791 853 2861; x_wconf 78' lang='grc' dir='ltr'>πνεῦμα</span> <span class='ocrx_word' id='word_1_225' title='bbox 886 2795 980 2846; x_wconf 78' lang='grc' dir='ltr'><strong>καὶ</strong></span> <span class='ocrx_word' id='word_1_226' title='bbox 1004 2793 1161 2863; x_wconf 80' lang='grc' dir='ltr'>σὰρξ,</span> <span class='ocrx_word' id='word_1_227' title='bbox 1188 2793 1417 2861; x_wconf 85' lang='grc' dir='ltr'>δύναμις</span> <span class='ocrx_word' id='word_1_228' title='bbox 1437 2794 1531 2847; x_wconf 79' lang='grc' dir='ltr'>καὶ</span> <span class='ocrx_word' id='word_1_229' title='bbox 1561 2792 1841 2859; x_wconf 77' lang='grc' dir='ltr'>ἀσθένεια,</span> 
     </span>
    </p>
   </div>
   <div class='ocr_carea' id='block_1_31' title="bbox 263 2883 1846 2955">
    <p class='ocr_par' dir='ltr' id='par_1_31' title="bbox 263 2883 1846 2955">
     <span class='ocr_line' id='line_1_31' title="bbox 263 2883 1846 2955; baseline 0.004 -21"><span class='ocrx_word' id='word_1_230' title='bbox 263 2883 505 2951; x_wconf 80' lang='grc' dir='ltr'>σταυρὸς</span> <span class='ocrx_word' id='word_1_231' title='bbox 547 2884 639 2937; x_wconf 74' lang='grc' dir='ltr'><strong>καὶ</strong></span> <span class='ocrx_word' id='word_1_232' title='bbox 662 2883 796 2952; x_wconf 76' lang='grc' dir='ltr'>ζωὴ,</span> <span class='ocrx_word' id='word_1_233' title='bbox 828 2884 890 2936; x_wconf 74' lang='grc' dir='ltr'>τὸ</span> <span class='ocrx_word' id='word_1_234' title='bbox 919 2884 1134 2955; x_wconf 80' lang='grc' dir='ltr'>ἑγείρον</span> <span class='ocrx_word' id='word_1_235' title='bbox 1162 2885 1258 2940; x_wconf 62' lang='grc' dir='ltr'><strong>καὶ¹</strong></span> <span class='ocrx_word' id='word_1_236' title='bbox 1289 2886 1350 2939; x_wconf 79' lang='grc' dir='ltr'><strong>τὸ</strong></span> <span class='ocrx_word' id='word_1_237' title='bbox 1378 2886 1750 2955; x_wconf 80' lang='grc' dir='ltr'>ἐγειρόμενον,</span> <span class='ocrx_word' id='word_1_238' title='bbox 1779 2886 1846 2940; x_wconf 79' lang='grc' dir='ltr'>τὸ</span> 
     </span>
    </p>
   </div>
   <div class='ocr_carea' id='block_1_32' title="bbox 264 2974 1846 3048">
    <p class='ocr_par' dir='ltr' id='par_1_32' title="bbox 264 2974 1846 3048">
     <span class='ocr_line' id='line_1_32' title="bbox 264 2974 1846 3048; baseline 0.004 -23"><span class='ocrx_word' id='word_1_239' title='bbox 264 2974 581 3044; x_wconf 70' lang='grc' dir='ltr'>ύπερυψοῦν</span> <span class='ocrx_word' id='word_1_240' title='bbox 601 2980 694 3028; x_wconf 76' lang='grc' dir='ltr'>καὶ</span> <span class='ocrx_word' id='word_1_241' title='bbox 717 2974 780 3029; x_wconf 83' lang='grc' dir='ltr'><strong>τδ</strong></span> <span class='ocrx_word' id='word_1_242' title='bbox 813 2976 1262 3047; x_wconf 69' lang='grc' dir='ltr'>ύπερυψούμενον</span> <span class='ocrx_word' id='word_1_243' title='bbox 1299 2994 1313 3009; x_wconf 79' lang='grc'><strong><em>⁸</em></strong></span> <span class='ocrx_word' id='word_1_244' title='bbox 1348 2979 1404 3031; x_wconf 75' lang='grc' dir='ltr'>ιν</span> <span class='ocrx_word' id='word_1_245' title='bbox 1435 2978 1519 3031; x_wconf 75' lang='grc' dir='ltr'><strong>ἑνὶ</strong></span> <span class='ocrx_word' id='word_1_246' title='bbox 1572 2980 1631 3031; x_wconf 82' lang='grc' dir='ltr'>δὲ</span> <span class='ocrx_word' id='word_1_247' title='bbox 1672 2994 1846 3048; x_wconf 62' lang='grc' dir='ltr'>προσ.</span> 
     </span>
    </p>
   </div>
   <div class='ocr_carea' id='block_1_33' title="bbox 262 3063 1847 3137">
    <p class='ocr_par' dir='ltr' id='par_1_33' title="bbox 262 3063 1847 3137">
     <span class='ocr_line' id='line_1_33' title="bbox 262 3063 1847 3137; baseline 0.004 -21"><span class='ocrx_word' id='word_1_248' title='bbox 262 3063 407 3134; x_wconf 83' lang='grc' dir='ltr'>ώπῳ</span> <span class='ocrx_word' id='word_1_249' title='bbox 459 3065 520 3116; x_wconf 72' lang='grc' dir='ltr'>οὗ</span> <span class='ocrx_word' id='word_1_250' title='bbox 584 3065 726 3118; x_wconf 84' lang='grc' dir='ltr'><strong>κατά</strong></span> <span class='ocrx_word' id='word_1_251' title='bbox 783 3065 1032 3120; x_wconf 84' lang='grc' dir='ltr'>σύνθεσιν</span> <span class='ocrx_word' id='word_1_252' title='bbox 1066 3067 1272 3137; x_wconf 82' lang='grc' dir='ltr'>μερῶν,</span> <span class='ocrx_word' id='word_1_253' title='bbox 1320 3067 1459 3121; x_wconf 79' lang='grc' dir='ltr'>ἀλλὰ</span> <span class='ocrx_word' id='word_1_254' title='bbox 1507 3066 1630 3121; x_wconf 83' lang='grc' dir='ltr'>καθ’</span> <span class='ocrx_word' id='word_1_255' title='bbox 1653 3068 1847 3122; x_wconf 72' lang='grc' dir='ltr'>ἕνωσιν</span> 
     </span>
    </p>
   </div>
   <div class='ocr_carea' id='block_1_34' title="bbox 1918 600 3499 672">
    <p class='ocr_par' dir='ltr' id='par_1_34' title="bbox 1918 600 3499 672">
     <span class='ocr_line' id='line_1_34' title="bbox 1918 600 3499 672; baseline 0 -18"><span class='ocrx_word' id='word_1_256' title='bbox 1918 600 1997 655; x_wconf 90' lang='lat' dir='ltr'><strong>dit</strong></span> <span class='ocrx_word' id='word_1_257' title='bbox 2022 601 2359 656; x_wconf 85' lang='lat' dir='ltr'><strong>divinitatem</strong></span> <span class='ocrx_word' id='word_1_258' title='bbox 2380 613 2566 672; x_wconf 83' lang='lat' dir='ltr'><strong>utpOte</strong></span> <span class='ocrx_word' id='word_1_259' title='bbox 2595 603 2899 657; x_wconf 71' lang='lat' dir='ltr'><strong>absolutam</strong></span> <span class='ocrx_word' id='word_1_260' title='bbox 2934 610 2988 655; x_wconf 88' lang='lat' dir='ltr'><strong>et</strong></span> <span class='ocrx_word' id='word_1_261' title='bbox 3008 600 3327 670; x_wconf 79' lang='lat' dir='ltr'><strong>perfectam,</strong></span> <span class='ocrx_word' id='word_1_262' title='bbox 3353 614 3499 654; x_wconf 85' lang='lat' dir='ltr'><strong>mtnc</strong></span> 
     </span>
    </p>
   </div>
   <div class='ocr_carea' id='block_1_35' title="bbox 1920 689 3501 764">
    <p class='ocr_par' dir='ltr' id='par_1_35' title="bbox 1920 689 3501 764">
     <span class='ocr_line' id='line_1_35' title="bbox 1920 689 3501 764; baseline -0.004 -17"><span class='ocrx_word' id='word_1_263' title='bbox 1920 703 2103 748; x_wconf 88' lang='lat' dir='ltr'><strong>autem</strong></span> <span class='ocrx_word' id='word_1_264' title='bbox 2133 695 2551 757; x_wconf 75' lang='lat' dir='ltr'><strong>humanitatem,</strong></span> <span class='ocrx_word' id='word_1_265' title='bbox 2577 696 2778 764; x_wconf 86' lang='lat' dir='ltr'><strong>quippe</strong></span> <span class='ocrx_word' id='word_1_266' title='bbox 2809 692 2968 762; x_wconf 81' lang='lat' dir='ltr'><strong>cujus</strong></span> <span class='ocrx_word' id='word_1_267' title='bbox 2993 690 3316 761; x_wconf 82' lang='lat' dir='ltr'><strong>perfectioni</strong></span> <span class='ocrx_word' id='word_1_268' title='bbox 3364 689 3501 743; x_wconf 83' lang='lat' dir='ltr'><strong>nihil</strong></span> 
     </span>
    </p>
   </div>
   <div class='ocr_carea' id='block_1_36' title="bbox 1920 788 3495 857">
    <p class='ocr_par' dir='ltr' id='par_1_36' title="bbox 1920 788 3495 857">
     <span class='ocr_line' id='line_1_36' title="bbox 1920 788 3495 857; baseline -0.004 -15"><span class='ocrx_word' id='word_1_269' title='bbox 1920 788 2096 855; x_wconf 80' lang='lat' dir='ltr'><strong>desit;</strong></span> <span class='ocrx_word' id='word_1_270' title='bbox 2126 803 2267 845; x_wconf 91' lang='lat' dir='ltr'><strong>nunc</strong></span> <span class='ocrx_word' id='word_1_271' title='bbox 2290 800 2469 843; x_wconf 90' lang='lat' dir='ltr'><strong>autem</strong></span> <span class='ocrx_word' id='word_1_272' title='bbox 2492 804 2612 842; x_wconf 90' lang='lat' dir='ltr'><strong>cum</strong></span> <span class='ocrx_word' id='word_1_273' title='bbox 2646 788 2763 857; x_wconf 84' lang='lat' dir='ltr'><strong>ipsa</strong></span> <span class='ocrx_word' id='word_1_274' title='bbox 2796 802 3024 856; x_wconf 76' lang='lat' dir='ltr'><strong>persona</strong></span> <span class='ocrx_word' id='word_1_275' title='bbox 3056 796 3342 855; x_wconf 89' lang='lat' dir='ltr'><strong>utramque</strong></span> <span class='ocrx_word' id='word_1_276' title='bbox 3367 788 3495 839; x_wconf 82' lang='lat' dir='ltr'><strong>dua-</strong></span> 
     </span>
    </p>
   </div>
   <div class='ocr_carea' id='block_1_37' title="bbox 1923 878 3500 949">
    <p class='ocr_par' dir='ltr' id='par_1_37' title="bbox 1923 878 3500 949">
     <span class='ocr_line' id='line_1_37' title="bbox 1923 878 3500 949; baseline -0.004 -11"><span class='ocrx_word' id='word_1_277' title='bbox 1923 899 2044 938; x_wconf 86' lang='lat' dir='ltr'><strong>rum</strong></span> <span class='ocrx_word' id='word_1_278' title='bbox 2073 892 2393 937; x_wconf 85' lang='lat' dir='ltr'><strong>naturarum</strong></span> <span class='ocrx_word' id='word_1_279' title='bbox 2421 881 2783 937; x_wconf 71' lang='lat' dir='ltr'><strong>differentiam</strong></span> <span class='ocrx_word' id='word_1_280' title='bbox 2814 891 2871 935; x_wconf 86' lang='lat' dir='ltr'><strong>et</strong></span> <span class='ocrx_word' id='word_1_281' title='bbox 2917 878 3307 949; x_wconf 77' lang='lat' dir='ltr'><strong>perfectionem</strong></span> <span class='ocrx_word' id='word_1_282' title='bbox 3361 893 3500 932; x_wconf 87' lang='lat' dir='ltr'><strong>nova</strong></span> 
     </span>
    </p>
   </div>
   <div class='ocr_carea' id='block_1_38' title="bbox 1922 969 3506 1046">
    <p class='ocr_par' dir='ltr' id='par_1_38' title="bbox 1922 969 3506 1046">
     <span class='ocr_line' id='line_1_38' title="bbox 1922 969 3506 1046; baseline -0.007 -13"><span class='ocrx_word' id='word_1_283' title='bbox 1922 976 2308 1046; x_wconf 83' lang='lat' dir='ltr'><strong>conjunctione</strong></span> <span class='ocrx_word' id='word_1_284' title='bbox 2331 974 2615 1043; x_wconf 86' lang='lat' dir='ltr'><strong>suscipiat.</strong></span> <span class='ocrx_word' id='word_1_285' title='bbox 2640 973 2718 1027; x_wconf 88' lang='lat' dir='ltr'><strong>illi</strong></span> <span class='ocrx_word' id='word_1_286' title='bbox 2738 972 2953 1042; x_wconf 84' lang='lat' dir='ltr'><strong>quidem</strong></span> <span class='ocrx_word' id='word_1_287' title='bbox 2981 974 3049 1025; x_wconf 90' lang='lat' dir='ltr'><strong>ad</strong></span> <span class='ocrx_word' id='word_1_288' title='bbox 3072 969 3375 1026; x_wconf 82' lang='lat' dir='ltr'><strong>divinitatis</strong></span> <span class='ocrx_word' id='word_1_289' title='bbox 3396 985 3506 1023; x_wconf 85' lang='lat' dir='ltr'><strong>mu-</strong></span> 
     </span>
    </p>
   </div>
   <div class='ocr_carea' id='block_1_39' title="bbox 1926 1063 3504 1126">
    <p class='ocr_par' dir='ltr' id='par_1_39' title="bbox 1926 1063 3504 1126">
     <span class='ocr_line' id='line_1_39' title="bbox 1926 1063 3504 1126; baseline -0.006 -4"><span class='ocrx_word' id='word_1_290' title='bbox 1926 1070 2182 1123; x_wconf 86' lang='lat' dir='ltr'><strong>tationem</strong></span> <span class='ocrx_word' id='word_1_291' title='bbox 2217 1076 2273 1122; x_wconf 87' lang='lat' dir='ltr'><strong>et</strong></span> <span class='ocrx_word' id='word_1_292' title='bbox 2303 1067 2645 1122; x_wconf 84' lang='lat' dir='ltr'><strong>eversionem</strong></span> <span class='ocrx_word' id='word_1_293' title='bbox 2675 1063 3070 1119; x_wconf 83' lang='lat' dir='ltr'><strong>humanitatem</strong></span> <span class='ocrx_word' id='word_1_294' title='bbox 3100 1063 3504 1126; x_wconf 84' lang='lat' dir='ltr'><strong>adhibuerunt;</strong></span> 
     </span>
    </p>
   </div>
   <div class='ocr_carea' id='block_1_40' title="bbox 1928 1144 3509 1216">
    <p class='ocr_par' dir='ltr' id='par_1_40' title="bbox 1928 1144 3509 1216">
     <span class='ocr_line' id='line_1_40' title="bbox 1928 1144 3509 1216; baseline -0.006 -2"><span class='ocrx_word' id='word_1_295' title='bbox 1928 1175 2028 1215; x_wconf 90' lang='lat' dir='ltr'><strong>nos</strong></span> <span class='ocrx_word' id='word_1_296' title='bbox 2081 1170 2259 1216; x_wconf 89' lang='lat' dir='ltr'><strong>autem</strong></span> <span class='ocrx_word' id='word_1_297' title='bbox 2313 1170 2370 1213; x_wconf 87' lang='lat' dir='ltr'><strong>ut</strong></span> <span class='ocrx_word' id='word_1_298' title='bbox 2402 1158 2813 1213; x_wconf 85' lang='lat' dir='ltr'><strong>ostenderemus</strong></span> <span class='ocrx_word' id='word_1_299' title='bbox 2856 1163 2912 1208; x_wconf 89' lang='lat' dir='ltr'><strong>ct</strong></span> <span class='ocrx_word' id='word_1_300' title='bbox 2984 1144 3332 1215; x_wconf 81' lang='lat' dir='ltr'><strong>testaremur,</strong></span> <span class='ocrx_word' id='word_1_301' title='bbox 3392 1150 3509 1205; x_wconf 77' lang='lat' dir='ltr'><strong>fieri</strong></span> 
     </span>
    </p>
   </div>
   <div class='ocr_carea' id='block_1_41' title="bbox 1929 1245 3512 1322">
    <p class='ocr_par' dir='ltr' id='par_1_41' title="bbox 1929 1245 3512 1322">
     <span class='ocr_line' id='line_1_41' title="bbox 1929 1245 3512 1322; baseline -0.009 -13"><span class='ocrx_word' id='word_1_302' title='bbox 1929 1268 2106 1322; x_wconf 83' lang='lat' dir='ltr'><strong>posse,</strong></span> <span class='ocrx_word' id='word_1_303' title='bbox 2142 1263 2200 1307; x_wconf 91' lang='lat' dir='ltr'><strong>ut</strong></span> <span class='ocrx_word' id='word_1_304' title='bbox 2232 1252 2457 1306; x_wconf 90' lang='lat' dir='ltr'><strong>duarum</strong></span> <span class='ocrx_word' id='word_1_305' title='bbox 2489 1265 2667 1303; x_wconf 85' lang='lat' dir='ltr'><strong>rerum</strong></span> <span class='ocrx_word' id='word_1_306' title='bbox 2700 1260 3026 1319; x_wconf 82' lang='lat' dir='ltr'><strong>congressus</strong></span> <span class='ocrx_word' id='word_1_307' title='bbox 3060 1245 3150 1309; x_wconf 87' lang='lat' dir='ltr'><strong>sit,</strong></span> <span class='ocrx_word' id='word_1_308' title='bbox 3179 1252 3232 1299; x_wconf 90' lang='lat' dir='ltr'><strong>et</strong></span> <span class='ocrx_word' id='word_1_309' title='bbox 3255 1260 3358 1298; x_wconf 90' lang='lat' dir='ltr'><strong>una</strong></span> <span class='ocrx_word' id='word_1_310' title='bbox 3392 1258 3512 1312; x_wconf 85' lang='lat' dir='ltr'><strong>per-</strong></span> 
     </span>
    </p>
   </div>
   <div class='ocr_carea' id='block_1_42' title="bbox 1930 1333 3508 1409">
    <p class='ocr_par' dir='ltr' id='par_1_42' title="bbox 1930 1333 3508 1409">
     <span class='ocr_line' id='line_1_42' title="bbox 1930 1333 3508 1409; baseline -0.01 -8"><span class='ocrx_word' id='word_1_311' title='bbox 1930 1360 2083 1403; x_wconf 89' lang='lat' dir='ltr'><strong>sona.</strong></span> <span class='ocrx_word' id='word_1_312' title='bbox 2133 1343 2269 1397; x_wconf 85' lang='lat' dir='ltr'><strong>Nam</strong></span> <span class='ocrx_word' id='word_1_313' title='bbox 2323 1343 2367 1398; x_wconf 87' lang='lat' dir='ltr'><strong>si</strong></span> <span class='ocrx_word' id='word_1_314' title='bbox 2409 1340 2541 1395; x_wconf 85' lang='lat' dir='ltr'><strong>nihil</strong></span> <span class='ocrx_word' id='word_1_315' title='bbox 2606 1338 2858 1409; x_wconf 86' lang='lat' dir='ltr'><strong>prohibet</strong></span> <span class='ocrx_word' id='word_1_316' title='bbox 2917 1335 3214 1406; x_wconf 88' lang='lat' dir='ltr'><strong>quominus</strong></span> <span class='ocrx_word' id='word_1_317' title='bbox 3270 1333 3508 1389; x_wconf 70' lang='lat' dir='ltr'><strong>hominis</strong></span> 
     </span>
    </p>
   </div>
   <div class='ocr_carea' id='block_1_43' title="bbox 1932 1427 3507 1500">
    <p class='ocr_par' dir='ltr' id='par_1_43' title="bbox 1932 1427 3507 1500">
     <span class='ocr_line' id='line_1_43' title="bbox 1932 1427 3507 1500; baseline -0.01 -9"><span class='ocrx_word' id='word_1_318' title='bbox 1932 1447 2127 1492; x_wconf 87' lang='lat' dir='ltr'><strong>natura</strong></span> <span class='ocrx_word' id='word_1_319' title='bbox 2163 1435 2299 1489; x_wconf 87' lang='lat' dir='ltr'><strong>duas</strong></span> <span class='ocrx_word' id='word_1_320' title='bbox 2331 1434 2527 1488; x_wconf 89' lang='lat' dir='ltr'><strong>habeat</strong></span> <span class='ocrx_word' id='word_1_321' title='bbox 2560 1439 2761 1500; x_wconf 85' lang='lat' dir='ltr'><strong>partes,</strong></span> <span class='ocrx_word' id='word_1_322' title='bbox 2788 1444 2852 1483; x_wconf 81' lang='lat' dir='ltr'><strong>ex</strong></span> <span class='ocrx_word' id='word_1_323' title='bbox 2882 1427 3080 1496; x_wconf 84' lang='lat' dir='ltr'><strong>quibus</strong></span> <span class='ocrx_word' id='word_1_324' title='bbox 3108 1441 3215 1481; x_wconf 88' lang='lat' dir='ltr'><strong>una</strong></span> <span class='ocrx_word' id='word_1_325' title='bbox 3268 1439 3507 1480; x_wconf 89' lang='lat' dir='ltr'><strong>consur-</strong></span> 
     </span>
    </p>
   </div>
   <div class='ocr_carea' id='block_1_44' title="bbox 1933 1518 3513 1601">
    <p class='ocr_par' dir='ltr' id='par_1_44' title="bbox 1933 1518 3513 1601">
     <span class='ocr_line' id='line_1_44' title="bbox 1933 1518 3513 1601; baseline -0.008 -20"><span class='ocrx_word' id='word_1_326' title='bbox 1933 1529 2009 1601; x_wconf 81' lang='lat' dir='ltr'><strong>git</strong></span> <span class='ocrx_word' id='word_1_327' title='bbox 2042 1540 2295 1597; x_wconf 87' lang='lat' dir='ltr'><strong>persona,</strong></span> <span class='ocrx_word' id='word_1_328' title='bbox 2331 1526 2494 1579; x_wconf 82' lang='lat' dir='ltr'><strong>homo</strong></span> <span class='ocrx_word' id='word_1_329' title='bbox 2514 1522 2796 1583; x_wconf 85' lang='lat' dir='ltr'><strong>nimirum,</strong></span> <span class='ocrx_word' id='word_1_330' title='bbox 2828 1518 2920 1589; x_wconf 90' lang='lat' dir='ltr'><strong>qui</strong></span> <span class='ocrx_word' id='word_1_331' title='bbox 2948 1518 3021 1572; x_wconf 91' lang='lat' dir='ltr'><strong>ita</strong></span> <span class='ocrx_word' id='word_1_332' title='bbox 3054 1526 3292 1579; x_wconf 89' lang='lat' dir='ltr'><strong>constat,</strong></span> <span class='ocrx_word' id='word_1_333' title='bbox 3340 1529 3513 1583; x_wconf 88' lang='lat' dir='ltr'><strong>quan-</strong></span> 
     </span>
    </p>
   </div>
   <div class='ocr_carea' id='block_1_45' title="bbox 1934 1608 3518 1689">
    <p class='ocr_par' dir='ltr' id='par_1_45' title="bbox 1934 1608 3518 1689">
     <span class='ocr_line' id='line_1_45' title="bbox 1934 1608 3518 1689; baseline -0.011 -14"><span class='ocrx_word' id='word_1_334' title='bbox 1934 1630 1989 1675; x_wconf 91' lang='lat' dir='ltr'><strong>to</strong></span> <span class='ocrx_word' id='word_1_335' title='bbox 2019 1620 2191 1689; x_wconf 74' lang='lat' dir='ltr'><strong>magis</strong></span> <span class='ocrx_word' id='word_1_336' title='bbox 2219 1616 2396 1672; x_wconf 84' lang='lat' dir='ltr'><strong>divina</strong></span> <span class='ocrx_word' id='word_1_337' title='bbox 2427 1614 2601 1686; x_wconf 76' lang='lat' dir='ltr'><strong>gratia</strong></span> <span class='ocrx_word' id='word_1_338' title='bbox 2629 1612 2770 1667; x_wconf 81' lang='lat' dir='ltr'><strong>valet</strong></span> <span class='ocrx_word' id='word_1_339' title='bbox 2802 1609 3020 1667; x_wconf 84' lang='lat' dir='ltr'><strong>eliicerc</strong></span> <span class='ocrx_word' id='word_1_340' title='bbox 3060 1618 3121 1662; x_wconf 91' lang='lat' dir='ltr'><strong>ut</strong></span> <span class='ocrx_word' id='word_1_341' title='bbox 3155 1617 3209 1662; x_wconf 90' lang='lat' dir='ltr'><strong>et</strong></span> <span class='ocrx_word' id='word_1_342' title='bbox 3256 1608 3375 1662; x_wconf 72' lang='lat' dir='ltr'><strong>duce</strong></span> <span class='ocrx_word' id='word_1_343' title='bbox 3421 1619 3518 1659; x_wconf 81' lang='lat' dir='ltr'><strong>na-</strong></span> 
     </span>
    </p>
   </div>
   <div class='ocr_carea' id='block_1_46' title="bbox 1937 1696 3512 1779">
    <p class='ocr_par' dir='ltr' id='par_1_46' title="bbox 1937 1696 3512 1779">
     <span class='ocr_line' id='line_1_46' title="bbox 1937 1696 3512 1779; baseline -0.013 -12"><span class='ocrx_word' id='word_1_344' title='bbox 1937 1720 2073 1767; x_wconf 75' lang='lat' dir='ltr'><strong>tura:</strong></span> <span class='ocrx_word' id='word_1_345' title='bbox 2100 1707 2359 1779; x_wconf 66' lang='lat' dir='ltr'><strong>perfecta:</strong></span> <span class='ocrx_word' id='word_1_346' title='bbox 2397 1708 2448 1761; x_wconf 93' lang='lat' dir='ltr'><strong>in</strong></span> <span class='ocrx_word' id='word_1_347' title='bbox 2482 1704 2927 1775; x_wconf 76' lang='lat' dir='ltr'><strong>coniunctionem</strong></span> <span class='ocrx_word' id='word_1_348' title='bbox 2954 1700 3178 1754; x_wconf 90' lang='lat' dir='ltr'><strong>minime</strong></span> <span class='ocrx_word' id='word_1_349' title='bbox 3228 1696 3512 1752; x_wconf 85' lang='lat' dir='ltr'><strong>confusam</strong></span> 
     </span>
    </p>
   </div>
   <div class='ocr_carea' id='block_1_47' title="bbox 1936 1790 3522 1866">
    <p class='ocr_par' dir='ltr' id='par_1_47' title="bbox 1936 1790 3522 1866">
     <span class='ocr_line' id='line_1_47' title="bbox 1936 1790 3522 1866; baseline -0.012 -7"><span class='ocrx_word' id='word_1_350' title='bbox 1936 1810 2288 1866; x_wconf 86' lang='lat' dir='ltr'><strong>concurrant,</strong></span> <span class='ocrx_word' id='word_1_351' title='bbox 2319 1814 2416 1854; x_wconf 91' lang='lat' dir='ltr'><strong>nec</strong></span> <span class='ocrx_word' id='word_1_352' title='bbox 2450 1808 2631 1853; x_wconf 88' lang='lat' dir='ltr'><strong>tamen</strong></span> <span class='ocrx_word' id='word_1_353' title='bbox 2656 1811 2764 1850; x_wconf 86' lang='lat' dir='ltr'><strong>una</strong></span> <span class='ocrx_word' id='word_1_354' title='bbox 2796 1792 3090 1864; x_wconf 76' lang='lat' dir='ltr'><strong>singularis</strong></span> <span class='ocrx_word' id='word_1_355' title='bbox 3122 1790 3343 1846; x_wconf 84' lang='lat' dir='ltr'><strong>tollatur</strong></span> <span class='ocrx_word' id='word_1_356' title='bbox 3392 1802 3522 1857; x_wconf 88' lang='lat' dir='ltr'><strong>per—</strong></span> 
     </span>
    </p>
   </div>
   <div class='ocr_carea' id='block_1_48' title="bbox 1938 1874 3522 1960">
    <p class='ocr_par' dir='ltr' id='par_1_48' title="bbox 1938 1874 3522 1960">
     <span class='ocr_line' id='line_1_48' title="bbox 1938 1874 3522 1960; baseline -0.012 -11"><span class='ocrx_word' id='word_1_357' title='bbox 1938 1893 2113 1949; x_wconf 79' lang='lat' dir='ltr'><strong>sona?</strong></span> <span class='ocrx_word' id='word_1_358' title='bbox 2138 1890 2606 1960; x_wconf 85' lang='lat' dir='ltr'><strong>Quemadmodum</strong></span> <span class='ocrx_word' id='word_1_359' title='bbox 2643 1896 2823 1941; x_wconf 87' lang='lat' dir='ltr'><strong>autem</strong></span> <span class='ocrx_word' id='word_1_360' title='bbox 2863 1898 2986 1940; x_wconf 89' lang='lat' dir='ltr'><strong>cum</strong></span> <span class='ocrx_word' id='word_1_361' title='bbox 3039 1881 3289 1936; x_wconf 87' lang='lat' dir='ltr'><strong>audimus</strong></span> <span class='ocrx_word' id='word_1_362' title='bbox 3323 1895 3339 1933; x_wconf 89' lang='lat'><strong>:</strong></span> <span class='ocrx_word' id='word_1_363' title='bbox 3373 1874 3522 1932; x_wconf 87' lang='lat' dir='ltr'><strong>Unus</strong></span> 
     </span>
    </p>
   </div>
   <div class='ocr_carea' id='block_1_49' title="bbox 1938 1974 3520 2051">
    <p class='ocr_par' dir='ltr' id='par_1_49' title="bbox 1938 1974 3520 2051">
     <span class='ocr_line' id='line_1_49' title="bbox 1938 1974 3520 2051; baseline -0.012 -8"><span class='ocrx_word' id='word_1_364' title='bbox 1938 1988 2198 2043; x_wconf 77' lang='lat' dir='ltr'><strong>Dominus</strong></span> <span class='ocrx_word' id='word_1_365' title='bbox 2217 1985 2372 2040; x_wconf 82' lang='lat' dir='ltr'><strong>Jesus</strong></span> <span class='ocrx_word' id='word_1_366' title='bbox 2395 1983 2658 2047; x_wconf 79' lang='lat' dir='ltr'><strong>Christus,</strong></span> <span class='ocrx_word' id='word_1_367' title='bbox 2688 1997 2781 2050; x_wconf 81' lang='lat' dir='ltr'><strong>per</strong></span> <span class='ocrx_word' id='word_1_368' title='bbox 2827 1996 2980 2051; x_wconf 83' lang='lat' dir='ltr'><strong>quem</strong></span> <span class='ocrx_word' id='word_1_369' title='bbox 3028 1976 3207 2033; x_wconf 80' lang='lat' dir='ltr'><strong>omnia</strong></span> <span class='ocrx_word' id='word_1_370' title='bbox 3236 1974 3277 2040; x_wconf 80' lang='grc' dir='ltr'><strong>ί,</strong></span> <span class='ocrx_word' id='word_1_371' title='bbox 3337 1986 3520 2027; x_wconf 80' lang='lat' dir='ltr'><strong>rerum</strong></span> 
     </span>
    </p>
   </div>
   <div class='ocr_carea' id='block_1_50' title="bbox 1939 2062 3525 2146">
    <p class='ocr_par' dir='ltr' id='par_1_50' title="bbox 1939 2062 3525 2146">
     <span class='ocr_line' id='line_1_50' title="bbox 1939 2062 3525 2146; baseline -0.014 -9"><span class='ocrx_word' id='word_1_372' title='bbox 1939 2080 2184 2137; x_wconf 90' lang='lat' dir='ltr'><strong>omnium</strong></span> <span class='ocrx_word' id='word_1_373' title='bbox 2214 2075 2671 2146; x_wconf 81' lang='lat' dir='ltr'><strong>procreationem,</strong></span> <span class='ocrx_word' id='word_1_374' title='bbox 2707 2082 2765 2125; x_wconf 90' lang='lat' dir='ltr'><strong>ut</strong></span> <span class='ocrx_word' id='word_1_375' title='bbox 2801 2086 2896 2140; x_wconf 91' lang='lat' dir='ltr'><strong>par</strong></span> <span class='ocrx_word' id='word_1_376' title='bbox 2928 2079 3034 2134; x_wconf 89' lang='lat' dir='ltr'><strong>est,</strong></span> <span class='ocrx_word' id='word_1_377' title='bbox 3068 2067 3165 2123; x_wconf 89' lang='lat' dir='ltr'><strong>soli</strong></span> <span class='ocrx_word' id='word_1_378' title='bbox 3233 2062 3525 2119; x_wconf 79' lang='lat' dir='ltr'><strong>tribuimus</strong></span> 
     </span>
    </p>
   </div>
   <div class='ocr_carea' id='block_1_51' title="bbox 1938 2159 3521 2237">
    <p class='ocr_par' dir='ltr' id='par_1_51' title="bbox 1938 2159 3521 2237">
     <span class='ocr_line' id='line_1_51' title="bbox 1938 2159 3521 2237; baseline -0.012 -8"><span class='ocrx_word' id='word_1_379' title='bbox 1938 2172 2250 2237; x_wconf 87' lang='lat' dir='ltr'><strong>divinitati;</strong></span> <span class='ocrx_word' id='word_1_380' title='bbox 2292 2170 2372 2225; x_wconf 87' lang='lat' dir='ltr'><strong>sic</strong></span> <span class='ocrx_word' id='word_1_381' title='bbox 2413 2167 2697 2222; x_wconf 85' lang='lat' dir='ltr'><strong>audientes</strong></span> <span class='ocrx_word' id='word_1_382' title='bbox 2727 2184 2742 2220; x_wconf 90' lang='lat'><strong>:</strong></span> <span class='ocrx_word' id='word_1_383' title='bbox 2778 2165 2927 2220; x_wconf 88' lang='lat' dir='ltr'><strong>Unus</strong></span> <span class='ocrx_word' id='word_1_384' title='bbox 2963 2162 3200 2234; x_wconf 84' lang='lat' dir='ltr'><strong>patibilis</strong></span> <span class='ocrx_word' id='word_1_385' title='bbox 3238 2159 3521 2221; x_wconf 84' lang='lat' dir='ltr'><strong>Christus,</strong></span> 
     </span>
    </p>
   </div>
   <div class='ocr_carea' id='block_1_52' title="bbox 1939 2248 3522 2337">
    <p class='ocr_par' dir='ltr' id='par_1_52' title="bbox 1939 2248 3522 2337">
     <span class='ocr_line' id='line_1_52' title="bbox 1939 2248 3522 2337; baseline -0.014 -14"><span class='ocrx_word' id='word_1_386' title='bbox 1939 2266 2249 2337; x_wconf 65' lang='lat' dir='ltr'><strong>conjuncta:</strong></span> <span class='ocrx_word' id='word_1_387' title='bbox 2280 2259 2462 2317; x_wconf 87' lang='lat' dir='ltr'><strong>carnis</strong></span> <span class='ocrx_word' id='word_1_388' title='bbox 2485 2258 2823 2315; x_wconf 76' lang='lat' dir='ltr'><strong>atiectiooem</strong></span> <span class='ocrx_word' id='word_1_389' title='bbox 2853 2255 3217 2327; x_wconf 68' lang='lat' dir='ltr'><strong>agnoscimus.</strong></span> <span class='ocrx_word' id='word_1_390' title='bbox 3244 2252 3346 2316; x_wconf 87' lang='lat' dir='ltr'><strong>Qui</strong></span> <span class='ocrx_word' id='word_1_391' title='bbox 3378 2248 3522 2301; x_wconf 71' lang='lat' dir='ltr'><strong>enim</strong></span> 
     </span>
    </p>
   </div>
   <div class='ocr_carea' id='block_1_53' title="bbox 1941 2338 3521 2432">
    <p class='ocr_par' dir='ltr' id='par_1_53' title="bbox 1941 2338 3521 2432">
     <span class='ocr_line' id='line_1_53' title="bbox 1941 2338 3521 2432; baseline -0.017 -16"><span class='ocrx_word' id='word_1_392' title='bbox 1941 2359 2212 2432; x_wconf 88' lang='lat' dir='ltr'><strong>possimus</strong></span> <span class='ocrx_word' id='word_1_393' title='bbox 2238 2355 2479 2425; x_wconf 87' lang='lat' dir='ltr'><strong>ejusdem</strong></span> <span class='ocrx_word' id='word_1_394' title='bbox 2510 2350 2767 2407; x_wconf 84' lang='lat' dir='ltr'><strong>essentiae</strong></span> <span class='ocrx_word' id='word_1_395' title='bbox 2791 2356 2847 2403; x_wconf 89' lang='lat' dir='ltr'><strong>et</strong></span> <span class='ocrx_word' id='word_1_396' title='bbox 2889 2347 2940 2401; x_wconf 91' lang='lat' dir='ltr'><strong>in</strong></span> <span class='ocrx_word' id='word_1_397' title='bbox 2987 2345 3178 2402; x_wconf 89' lang='lat' dir='ltr'><strong>eodem</strong></span> <span class='ocrx_word' id='word_1_398' title='bbox 3234 2338 3521 2397; x_wconf 88' lang='lat' dir='ltr'><strong>imbecilli-</strong></span> 
     </span>
    </p>
   </div>
   <div class='ocr_carea' id='block_1_54' title="bbox 1945 2433 3525 2512">
    <p class='ocr_par' dir='ltr' id='par_1_54' title="bbox 1945 2433 3525 2512">
     <span class='ocr_line' id='line_1_54' title="bbox 1945 2433 3525 2512; baseline -0.016 -4"><span class='ocrx_word' id='word_1_399' title='bbox 1945 2463 2112 2509; x_wconf 90' lang='lat' dir='ltr'><strong>tatem</strong></span> <span class='ocrx_word' id='word_1_400' title='bbox 2166 2458 2222 2505; x_wconf 88' lang='lat' dir='ltr'><strong>et</strong></span> <span class='ocrx_word' id='word_1_401' title='bbox 2296 2447 2552 2503; x_wconf 78' lang='lat' dir='ltr'><strong>virtutem</strong></span> <span class='ocrx_word' id='word_1_402' title='bbox 2604 2440 2951 2512; x_wconf 77' lang='lat' dir='ltr'><strong>intelligere?</strong></span> <span class='ocrx_word' id='word_1_403' title='bbox 3011 2436 3263 2507; x_wconf 81' lang='lat' dir='ltr'><strong>Spiritus,</strong></span> <span class='ocrx_word' id='word_1_404' title='bbox 3326 2433 3525 2502; x_wconf 86' lang='lat' dir='ltr'><strong>inquit,</strong></span> 
     </span>
    </p>
   </div>
   <div class='ocr_carea' id='block_1_55' title="bbox 1941 2532 3527 2616">
    <p class='ocr_par' dir='ltr' id='par_1_55' title="bbox 1941 2532 3527 2616">
     <span class='ocr_line' id='line_1_55' title="bbox 1941 2532 3527 2616; baseline -0.013 -18"><span class='ocrx_word' id='word_1_405' title='bbox 1941 2553 2232 2616; x_wconf 80' lang='lat' dir='ltr'><strong>promptus,</strong></span> <span class='ocrx_word' id='word_1_406' title='bbox 2288 2555 2416 2594; x_wconf 81' lang='lat' dir='ltr'><strong>caro</strong></span> <span class='ocrx_word' id='word_1_407' title='bbox 2470 2545 2648 2590; x_wconf 73' lang='lat' dir='ltr'><strong>autem</strong></span> <span class='ocrx_word' id='word_1_408' title='bbox 2697 2532 2912 2602; x_wconf 74' lang='lat' dir='ltr'><strong>inﬁrma</strong></span> <span class='ocrx_word' id='word_1_409' title='bbox 2937 2532 2979 2596; x_wconf 81' lang='lat'><strong>&#39;,</strong></span> <span class='ocrx_word' id='word_1_410' title='bbox 3010 2544 3116 2584; x_wconf 86' lang='lat' dir='ltr'><strong>non</strong></span> <span class='ocrx_word' id='word_1_411' title='bbox 3169 2535 3347 2581; x_wconf 83' lang='lat' dir='ltr'><strong>autem</strong></span> <span class='ocrx_word' id='word_1_412' title='bbox 3397 2538 3527 2594; x_wconf 85' lang='lat' dir='ltr'><strong>pars</strong></span> 
     </span>
    </p>
   </div>
   <div class='ocr_carea' id='block_1_56' title="bbox 1943 2611 3528 2700">
    <p class='ocr_par' dir='ltr' id='par_1_56' title="bbox 1943 2611 3528 2700">
     <span class='ocr_line' id='line_1_56' title="bbox 1943 2611 3528 2700; baseline -0.02 -8"><span class='ocrx_word' id='word_1_413' title='bbox 1943 2636 2146 2700; x_wconf 88' lang='lat' dir='ltr'><strong>carnis,</strong></span> <span class='ocrx_word' id='word_1_414' title='bbox 2170 2641 2261 2686; x_wconf 90' lang='lat' dir='ltr'><strong>aut</strong></span> <span class='ocrx_word' id='word_1_415' title='bbox 2286 2626 2669 2700; x_wconf 79' lang='lat' dir='ltr'><strong>parsspiritus.</strong></span> <span class='ocrx_word' id='word_1_416' title='bbox 2721 2624 2786 2677; x_wconf 89' lang='lat' dir='ltr'><strong>Et</strong></span> <span class='ocrx_word' id='word_1_417' title='bbox 2821 2634 3075 2677; x_wconf 89' lang='lat' dir='ltr'><strong>rursum:</strong></span> <span class='ocrx_word' id='word_1_418' title='bbox 3121 2616 3184 2670; x_wconf 88' lang='lat' dir='ltr'><strong>Si</strong></span> <span class='ocrx_word' id='word_1_419' title='bbox 3228 2616 3387 2677; x_wconf 81' lang='lat' dir='ltr'><strong>enim,</strong></span> <span class='ocrx_word' id='word_1_420' title='bbox 3445 2611 3528 2666; x_wconf 80' lang='lat' dir='ltr'><strong>in-</strong></span> 
     </span>
    </p>
   </div>
   <div class='ocr_carea' id='block_1_57' title="bbox 1945 2708 3530 2799">
    <p class='ocr_par' dir='ltr' id='par_1_57' title="bbox 1945 2708 3530 2799">
     <span class='ocr_line' id='line_1_57' title="bbox 1945 2708 3530 2799; baseline -0.014 -18"><span class='ocrx_word' id='word_1_421' title='bbox 1945 2727 2080 2799; x_wconf 90' lang='lat' dir='ltr'><strong>quit,</strong></span> <span class='ocrx_word' id='word_1_422' title='bbox 2107 2723 2392 2790; x_wconf 78' lang='lat' dir='ltr'><strong>cruciﬁxus</strong></span> <span class='ocrx_word' id='word_1_423' title='bbox 2437 2728 2516 2773; x_wconf 85' lang='lat' dir='ltr'><strong>est</strong></span> <span class='ocrx_word' id='word_1_424' title='bbox 2570 2732 2635 2771; x_wconf 77' lang='lat' dir='ltr'><strong>ea:</strong></span> <span class='ocrx_word' id='word_1_425' title='bbox 2689 2714 3021 2783; x_wconf 79' lang='lat' dir='ltr'><strong>inﬁrmitate,</strong></span> <span class='ocrx_word' id='word_1_426' title='bbox 3097 2709 3309 2763; x_wconf 74' lang='lat' dir='ltr'><strong>vivitex</strong></span> <span class='ocrx_word' id='word_1_427' title='bbox 3336 2708 3530 2760; x_wconf 72' lang='lat' dir='ltr'><strong>virtute</strong></span> 
     </span>
    </p>
   </div>
   <div class='ocr_carea' id='block_1_58' title="bbox 1946 2800 3527 2875">
    <p class='ocr_par' dir='ltr' id='par_1_58' title="bbox 1946 2800 3527 2875">
     <span class='ocr_line' id='line_1_58' title="bbox 1946 2800 3527 2875; baseline -0.016 0"><span class='ocrx_word' id='word_1_428' title='bbox 1946 2820 2044 2875; x_wconf 87' lang='lat' dir='ltr'><strong>Dei</strong></span> <span class='ocrx_word' id='word_1_429' title='bbox 2089 2818 2130 2871; x_wconf 82' lang='grc'><strong>³.</strong></span> <span class='ocrx_word' id='word_1_430' title='bbox 2159 2814 2350 2870; x_wconf 85' lang='lat' dir='ltr'><strong>Cernis</strong></span> <span class='ocrx_word' id='word_1_431' title='bbox 2401 2810 2621 2867; x_wconf 90' lang='lat' dir='ltr'><strong>nomina</strong></span> <span class='ocrx_word' id='word_1_432' title='bbox 2670 2816 2727 2862; x_wconf 89' lang='lat' dir='ltr'><strong>et</strong></span> <span class='ocrx_word' id='word_1_433' title='bbox 2772 2820 2858 2862; x_wconf 87' lang='lat' dir='ltr'><strong>res</strong></span> <span class='ocrx_word' id='word_1_434' title='bbox 2919 2821 2934 2859; x_wconf 90' lang='lat'><strong>:</strong></span> <span class='ocrx_word' id='word_1_435' title='bbox 2988 2800 3216 2872; x_wconf 86' lang='lat' dir='ltr'><strong>spiritus</strong></span> <span class='ocrx_word' id='word_1_436' title='bbox 3274 2807 3327 2852; x_wconf 88' lang='lat' dir='ltr'><strong>et</strong></span> <span class='ocrx_word' id='word_1_437' title='bbox 3376 2812 3527 2859; x_wconf 90' lang='lat' dir='ltr'><strong>caro,</strong></span> 
     </span>
    </p>
   </div>
   <div class='ocr_carea' id='block_1_59' title="bbox 1946 2889 3535 2968">
    <p class='ocr_par' dir='ltr' id='par_1_59' title="bbox 1946 2889 3535 2968">
     <span class='ocr_line' id='line_1_59' title="bbox 1946 2889 3535 2968; baseline -0.016 -2"><span class='ocrx_word' id='word_1_438' title='bbox 1946 2912 2119 2968; x_wconf 87' lang='lat' dir='ltr'><strong>virtus</strong></span> <span class='ocrx_word' id='word_1_439' title='bbox 2176 2916 2233 2961; x_wconf 87' lang='lat' dir='ltr'><strong>et</strong></span> <span class='ocrx_word' id='word_1_440' title='bbox 2271 2902 2586 2965; x_wconf 82' lang='lat' dir='ltr'><strong>inﬁrmitas,</strong></span> <span class='ocrx_word' id='word_1_441' title='bbox 2644 2913 2782 2954; x_wconf 81' lang='lat' dir='ltr'><strong>crux</strong></span> <span class='ocrx_word' id='word_1_442' title='bbox 2828 2903 2883 2951; x_wconf 88' lang='lat' dir='ltr'><strong>et</strong></span> <span class='ocrx_word' id='word_1_443' title='bbox 2944 2893 3092 2959; x_wconf 88' lang='lat' dir='ltr'><strong>vita,</strong></span> <span class='ocrx_word' id='word_1_444' title='bbox 3155 2890 3250 2959; x_wconf 89' lang='lat' dir='ltr'><strong>qui</strong></span> <span class='ocrx_word' id='word_1_445' title='bbox 3300 2889 3535 2944; x_wconf 87' lang='lat' dir='ltr'><strong>suscitat</strong></span> 
     </span>
    </p>
   </div>
   <div class='ocr_carea' id='block_1_60' title="bbox 1946 2977 3524 3067">
    <p class='ocr_par' dir='ltr' id='par_1_60' title="bbox 1946 2977 3524 3067">
     <span class='ocr_line' id='line_1_60' title="bbox 1946 2977 3524 3067; baseline -0.016 -11"><span class='ocrx_word' id='word_1_446' title='bbox 1946 3009 2001 3056; x_wconf 88' lang='lat' dir='ltr'><strong>et</strong></span> <span class='ocrx_word' id='word_1_447' title='bbox 2032 2998 2124 3067; x_wconf 90' lang='lat' dir='ltr'><strong>qui</strong></span> <span class='ocrx_word' id='word_1_448' title='bbox 2188 2992 2532 3057; x_wconf 86' lang='lat' dir='ltr'><strong>suscitatur,</strong></span> <span class='ocrx_word' id='word_1_449' title='bbox 2588 2985 2683 3058; x_wconf 89' lang='lat' dir='ltr'><strong>qui</strong></span> <span class='ocrx_word' id='word_1_450' title='bbox 2732 2983 2938 3041; x_wconf 79' lang='lat' dir='ltr'><strong>esaltat</strong></span> <span class='ocrx_word' id='word_1_451' title='bbox 2984 2989 3041 3038; x_wconf 90' lang='lat' dir='ltr'><strong>et</strong></span> <span class='ocrx_word' id='word_1_452' title='bbox 3086 2980 3179 3051; x_wconf 91' lang='lat' dir='ltr'><strong>qui</strong></span> <span class='ocrx_word' id='word_1_453' title='bbox 3231 2977 3524 3035; x_wconf 79' lang='lat' dir='ltr'><strong>exaltatur.</strong></span> 
     </span>
    </p>
   </div>
   <div class='ocr_carea' id='block_1_61' title="bbox 1948 3071 3532 3149">
    <p class='ocr_par' dir='ltr' id='par_1_61' title="bbox 1948 3071 3532 3149">
     <span class='ocr_line' id='line_1_61' title="bbox 1948 3071 3532 3149; baseline -0.018 -3"><span class='ocrx_word' id='word_1_454' title='bbox 1948 3090 2143 3147; x_wconf 88' lang='lat' dir='ltr'><strong>Cernis</strong></span> <span class='ocrx_word' id='word_1_455' title='bbox 2172 3098 2355 3141; x_wconf 89' lang='lat' dir='ltr'><strong>autem</strong></span> <span class='ocrx_word' id='word_1_456' title='bbox 2394 3083 2449 3138; x_wconf 91' lang='lat' dir='ltr'><strong>in</strong></span> <span class='ocrx_word' id='word_1_457' title='bbox 2489 3094 2597 3136; x_wconf 90' lang='lat' dir='ltr'><strong>una</strong></span> <span class='ocrx_word' id='word_1_458' title='bbox 2624 3090 2856 3149; x_wconf 86' lang='lat' dir='ltr'><strong>persona</strong></span> <span class='ocrx_word' id='word_1_459' title='bbox 2909 3089 3014 3129; x_wconf 87' lang='lat' dir='ltr'><strong>non</strong></span> <span class='ocrx_word' id='word_1_460' title='bbox 3072 3071 3314 3141; x_wconf 86' lang='lat' dir='ltr'><strong>partium</strong></span> <span class='ocrx_word' id='word_1_461' title='bbox 3375 3082 3532 3123; x_wconf 86' lang='lat' dir='ltr'><strong>com-</strong></span> 
     </span>
    </p>
   </div>
   <div class='ocr_carea' id='block_1_62' title="bbox 260 3156 1844 3252">
    <p class='ocr_par' dir='ltr' id='par_1_62' title="bbox 260 3156 1844 3226">
     <span class='ocr_line' id='line_1_62' title="bbox 260 3156 1844 3226; baseline 0.002 -19"><span class='ocrx_word' id='word_1_462' title='bbox 260 3156 491 3208; x_wconf 78' lang='grc' dir='ltr'>τελείων</span> <span class='ocrx_word' id='word_1_463' title='bbox 516 3156 753 3222; x_wconf 77' lang='grc' dir='ltr'>φύσεων,</span> <span class='ocrx_word' id='word_1_464' title='bbox 789 3156 849 3209; x_wconf 87' lang='grc' dir='ltr'><strong>ού</strong></span> <span class='ocrx_word' id='word_1_465' title='bbox 898 3157 1027 3226; x_wconf 88' lang='grc' dir='ltr'>μίαν</span> <span class='ocrx_word' id='word_1_466' title='bbox 1054 3158 1241 3210; x_wconf 78' lang='grc' dir='ltr'>οὐσίαν</span> <span class='ocrx_word' id='word_1_467' title='bbox 1277 3157 1375 3220; x_wconf 71' lang='grc' dir='ltr'>τὰς</span> <span class='ocrx_word' id='word_1_468' title='bbox 1430 3156 1526 3212; x_wconf 84' lang='grc' dir='ltr'><strong>δύο</strong></span> <span class='ocrx_word' id='word_1_469' title='bbox 1561 3156 1844 3224; x_wconf 79' lang='grc' dir='ltr'>ποιοῦσαν,</span> 
     </span>
    </p>
   </div>
   <div class='ocr_carea' id='block_1_63' title="bbox 1949 3156 3531 3252">
    <p class='ocr_par' dir='ltr' id='par_1_63' title="bbox 1953 3158 3531 3252">
     <span class='ocr_line' id='line_1_63' title="bbox 1953 3158 3531 3252; baseline -0.016 -16"><span class='ocrx_word' id='word_1_470' title='bbox 1953 3179 2303 3252; x_wconf 86' lang='lat' dir='ltr'><strong>positionem,</strong></span> <span class='ocrx_word' id='word_1_471' title='bbox 2366 3172 2464 3230; x_wconf 87' lang='lat' dir='ltr'><strong>sed</strong></span> <span class='ocrx_word' id='word_1_472' title='bbox 2517 3168 2880 3242; x_wconf 84' lang='lat' dir='ltr'><strong>perfectarum</strong></span> <span class='ocrx_word' id='word_1_473' title='bbox 2925 3174 3246 3221; x_wconf 85' lang='lat' dir='ltr'><strong>naturarum</strong></span> <span class='ocrx_word' id='word_1_474' title='bbox 3302 3158 3531 3225; x_wconf 75' lang='lat' dir='ltr'><strong>coniun-</strong></span> 
     </span>
    </p>
   </div>
   <div class='ocr_carea' id='block_1_64' title="bbox 263 3244 1846 3317">
    <p class='ocr_par' dir='ltr' id='par_1_64' title="bbox 263 3244 1846 3317">
     <span class='ocr_line' id='line_1_64' title="bbox 263 3244 1846 3317; baseline 0.003 -20"><span class='ocrx_word' id='word_1_475' title='bbox 263 3244 409 3297; x_wconf 85' lang='grc' dir='ltr'><strong>ἀλλά</strong></span> <span class='ocrx_word' id='word_1_476' title='bbox 442 3246 570 3313; x_wconf 89' lang='grc' dir='ltr'>μίαν</span> <span class='ocrx_word' id='word_1_477' title='bbox 603 3246 761 3311; x_wconf 78' lang='grc' dir='ltr'>ἀξίαν</span> <span class='ocrx_word' id='word_1_478' title='bbox 794 3247 889 3300; x_wconf 79' lang='grc' dir='ltr'>καὶ</span> <span class='ocrx_word' id='word_1_479' title='bbox 932 3246 1090 3311; x_wconf 78' lang='grc' dir='ltr'>δόξαν</span> <span class='ocrx_word' id='word_1_480' title='bbox 1142 3248 1443 3317; x_wconf 79' lang='grc' dir='ltr'>δηλοῦσαν·</span> <span class='ocrx_word' id='word_1_481' title='bbox 1512 3248 1690 3313; x_wconf 79' lang='grc' dir='ltr'>οὕτως</span> <span class='ocrx_word' id='word_1_482' title='bbox 1742 3250 1846 3302; x_wconf 81' lang='grc' dir='ltr'><strong>οὐκ</strong></span> 
     </span>
    </p>
   </div>
   <div class='ocr_carea' id='block_1_65' title="bbox 268 3337 1849 3412">
    <p class='ocr_par' dir='ltr' id='par_1_65' title="bbox 268 3337 1849 3412">
     <span class='ocr_line' id='line_1_65' title="bbox 268 3337 1849 3412; baseline 0.002 -21"><span class='ocrx_word' id='word_1_483' title='bbox 268 3337 590 3407; x_wconf 82' lang='grc' dir='ltr'>ἀρνούμεθα</span> <span class='ocrx_word' id='word_1_484' title='bbox 620 3338 717 3408; x_wconf 77' lang='grc' dir='ltr'>τὴν</span> <span class='ocrx_word' id='word_1_485' title='bbox 748 3338 961 3402; x_wconf 71' lang='grc' dir='ltr'>ἕνωσιν,</span> <span class='ocrx_word' id='word_1_486' title='bbox 995 3339 1407 3411; x_wconf 78' lang='grc' dir='ltr'>παραιτούμεθα</span> <span class='ocrx_word' id='word_1_487' title='bbox 1433 3339 1491 3393; x_wconf 81' lang='grc' dir='ltr'>δὲ</span> <span class='ocrx_word' id='word_1_488' title='bbox 1522 3339 1621 3412; x_wconf 79' lang='grc' dir='ltr'>τὴν</span> <span class='ocrx_word' id='word_1_489' title='bbox 1652 3357 1849 3394; x_wconf 71' lang='grc' dir='ltr'>συνουσ</span> 
     </span>
    </p>
   </div>
   <div class='ocr_carea' id='block_1_66' title="bbox 274 3430 1849 3501">
    <p class='ocr_par' dir='ltr' id='par_1_66' title="bbox 274 3430 1849 3501">
     <span class='ocr_line' id='line_1_66' title="bbox 274 3430 1849 3501; baseline 0.001 -19"><span class='ocrx_word' id='word_1_490' title='bbox 274 3431 491 3484; x_wconf 81' lang='grc' dir='ltr'>σίωσιν.</span> <span class='ocrx_word' id='word_1_491' title='bbox 528 3431 647 3484; x_wconf 82' lang='grc' dir='ltr'>Ὀτι</span> <span class='ocrx_word' id='word_1_492' title='bbox 671 3430 776 3501; x_wconf 81' lang='grc' dir='ltr'>γὰρ</span> <span class='ocrx_word' id='word_1_493' title='bbox 798 3430 1058 3484; x_wconf 86' lang='grc' dir='ltr'>ἀδύνατον</span> <span class='ocrx_word' id='word_1_494' title='bbox 1087 3432 1184 3494; x_wconf 77' lang='grc' dir='ltr'>τὰς</span> <span class='ocrx_word' id='word_1_495' title='bbox 1212 3431 1308 3485; x_wconf 85' lang='grc' dir='ltr'><strong>δύο</strong></span> <span class='ocrx_word' id='word_1_496' title='bbox 1354 3431 1543 3494; x_wconf 78' lang='grc' dir='ltr'>οὐσίας</span> <span class='ocrx_word' id='word_1_497' title='bbox 1596 3431 1849 3500; x_wconf 79' lang='grc' dir='ltr'>γενέσθαι</span> 
     </span>
    </p>
   </div>
   <div class='ocr_carea' id='block_1_67' title="bbox 265 3520 1849 3593">
    <p class='ocr_par' dir='ltr' id='par_1_67' title="bbox 265 3520 1849 3593">
     <span class='ocr_line' id='line_1_67' title="bbox 265 3520 1849 3593; baseline 0.003 -21"><span class='ocrx_word' id='word_1_498' title='bbox 265 3522 425 3592; x_wconf 85' lang='grc' dir='ltr'>μίαν,</span> <span class='ocrx_word' id='word_1_499' title='bbox 455 3520 695 3575; x_wconf 80' lang='grc' dir='ltr'>διδάσκει</span> <span class='ocrx_word' id='word_1_500' title='bbox 728 3522 827 3591; x_wconf 75' lang='grc' dir='ltr'>μὲν</span> <span class='ocrx_word' id='word_1_501' title='bbox 854 3524 883 3575; x_wconf 89' lang='grc' dir='ltr'><strong>ό</strong></span> <span class='ocrx_word' id='word_1_502' title='bbox 907 3522 1000 3593; x_wconf 82' lang='grc' dir='ltr'>τῆς</span> <span class='ocrx_word' id='word_1_503' title='bbox 1026 3523 1239 3591; x_wconf 81' lang='grc' dir='ltr'>φύσεως</span> <span class='ocrx_word' id='word_1_504' title='bbox 1276 3523 1460 3593; x_wconf 79' lang='grc' dir='ltr'>νόμος,</span> <span class='ocrx_word' id='word_1_505' title='bbox 1500 3523 1740 3576; x_wconf 76' lang='grc' dir='ltr'>διδάσκει</span> <span class='ocrx_word' id='word_1_506' title='bbox 1791 3523 1849 3578; x_wconf 70' lang='grc' dir='ltr'>δι</span> 
     </span>
    </p>
   </div>
   <div class='ocr_carea' id='block_1_68' title="bbox 261 3612 1849 3684">
    <p class='ocr_par' dir='ltr' id='par_1_68' title="bbox 261 3612 1849 3684">
     <span class='ocr_line' id='line_1_68' title="bbox 261 3612 1849 3684; baseline -0.001 -17"><span class='ocrx_word' id='word_1_507' title='bbox 261 3616 294 3668; x_wconf 85' lang='grc' dir='ltr'>ὁ</span> <span class='ocrx_word' id='word_1_508' title='bbox 324 3612 422 3665; x_wconf 80' lang='grc' dir='ltr'><strong>τοῦ</strong></span> <span class='ocrx_word' id='word_1_509' title='bbox 452 3612 807 3684; x_wconf 82' lang='grc' dir='ltr'>κηρύγματος</span> <span class='ocrx_word' id='word_1_510' title='bbox 835 3612 1014 3682; x_wconf 82' lang='grc' dir='ltr'>λόγος,</span> <span class='ocrx_word' id='word_1_511' title='bbox 1037 3612 1286 3667; x_wconf 82' lang='grc' dir='ltr'>πείθειδὲ</span> <span class='ocrx_word' id='word_1_512' title='bbox 1312 3612 1399 3667; x_wconf 77' lang='grc' dir='ltr'>διὰ</span> <span class='ocrx_word' id='word_1_513' title='bbox 1423 3614 1624 3677; x_wconf 82' lang='grc' dir='ltr'>παντὸς</span> <span class='ocrx_word' id='word_1_514' title='bbox 1655 3613 1849 3680; x_wconf 81' lang='grc' dir='ltr'>γένους</span> 
     </span>
    </p>
   </div>
   <div class='ocr_carea' id='block_1_69' title="bbox 261 3705 1851 3777">
    <p class='ocr_par' dir='ltr' id='par_1_69' title="bbox 261 3705 1851 3777">
     <span class='ocr_line' id='line_1_69' title="bbox 261 3705 1851 3777; baseline 0.001 -19"><span class='ocrx_word' id='word_1_515' title='bbox 261 3707 302 3777; x_wconf 75' lang='grc' dir='ltr'><strong>ἡ</strong></span> <span class='ocrx_word' id='word_1_516' title='bbox 350 3707 538 3776; x_wconf 83' lang='grc' dir='ltr'>πεῖρα,</span> <span class='ocrx_word' id='word_1_517' title='bbox 572 3705 818 3771; x_wconf 77' lang='grc' dir='ltr'>θεσπίζει</span> <span class='ocrx_word' id='word_1_518' title='bbox 849 3706 906 3760; x_wconf 82' lang='grc' dir='ltr'>δὲ</span> <span class='ocrx_word' id='word_1_519' title='bbox 933 3707 1217 3776; x_wconf 76' lang='grc' dir='ltr'>προδήλως</span> <span class='ocrx_word' id='word_1_520' title='bbox 1243 3706 1514 3777; x_wconf 85' lang='grc' dir='ltr'>όΚύριος.</span> <span class='ocrx_word' id='word_1_521' title='bbox 1541 3705 1698 3760; x_wconf 86' lang='grc' dir='ltr'>Μετά</span> <span class='ocrx_word' id='word_1_522' title='bbox 1719 3705 1851 3774; x_wconf 83' lang='grc' dir='ltr'>γοῦν</span> 
     </span>
    </p>
   </div>
   <div class='ocr_carea' id='block_1_70' title="bbox 263 3797 1849 3869">
    <p class='ocr_par' dir='ltr' id='par_1_70' title="bbox 263 3797 1849 3869">
     <span class='ocr_line' id='line_1_70' title="bbox 263 3797 1849 3869; baseline 0 -18"><span class='ocrx_word' id='word_1_523' title='bbox 263 3800 373 3868; x_wconf 80' lang='grc' dir='ltr'><strong>τὴν</strong></span> <span class='ocrx_word' id='word_1_524' title='bbox 398 3798 694 3853; x_wconf 76' lang='grc' dir='ltr'>ἀνάστασιν</span> <span class='ocrx_word' id='word_1_525' title='bbox 724 3799 1098 3853; x_wconf 81' lang='grc' dir='ltr'>ἀπιστούντων</span> <span class='ocrx_word' id='word_1_526' title='bbox 1130 3797 1211 3852; x_wconf 75' lang='grc' dir='ltr'>ἔτι</span> <span class='ocrx_word' id='word_1_527' title='bbox 1244 3798 1353 3852; x_wconf 84' lang='grc' dir='ltr'><strong>τῶν</strong></span> <span class='ocrx_word' id='word_1_528' title='bbox 1385 3799 1645 3869; x_wconf 84' lang='grc' dir='ltr'>μαθητῶν</span> <span class='ocrx_word' id='word_1_529' title='bbox 1693 3816 1849 3869; x_wconf 83' lang='grc' dir='ltr'>φησι,</span> 
     </span>
    </p>
   </div>
   <div class='ocr_carea' id='block_1_71' title="bbox 271 3888 1855 3961">
    <p class='ocr_par' dir='ltr' id='par_1_71' title="bbox 271 3888 1855 3961">
     <span class='ocr_line' id='line_1_71' title="bbox 271 3888 1855 3961; baseline 0 -16"><span class='ocrx_word' id='word_1_530' title='bbox 271 3891 696 3961; x_wconf 74' lang='grc' dir='ltr'>Ψηλαφήσατέ</span> <span class='ocrx_word' id='word_1_531' title='bbox 722 3908 823 3960; x_wconf 78' lang='grc' dir='ltr'><strong>με,</strong></span> <span class='ocrx_word' id='word_1_532' title='bbox 870 3890 971 3946; x_wconf 79' lang='grc' dir='ltr'><strong>καὶ</strong></span> <span class='ocrx_word' id='word_1_533' title='bbox 1003 3891 1183 3957; x_wconf 80' lang='grc' dir='ltr'>ἴδετε,</span> <span class='ocrx_word' id='word_1_534' title='bbox 1215 3890 1306 3945; x_wconf 84' lang='grc' dir='ltr'>ὅτι</span> <span class='ocrx_word' id='word_1_535' title='bbox 1353 3890 1591 3960; x_wconf 80' lang='grc' dir='ltr'>πνεῦμα</span> <span class='ocrx_word' id='word_1_536' title='bbox 1656 3888 1855 3959; x_wconf 77' lang='grc' dir='ltr'>σάρκα</span> 
     </span>
    </p>
   </div>
   <div class='ocr_carea' id='block_1_72' title="bbox 173 3984 1853 4054">
    <p class='ocr_par' dir='ltr' id='par_1_72' title="bbox 173 3984 1853 4054">
     <span class='ocr_line' id='line_1_72' title="bbox 173 3984 1853 4054; baseline 0.002 -16"><span class='ocrx_word' id='word_1_537' title='bbox 173 4042 180 4049; x_wconf 62' lang='grc'><strong>,</strong></span> <span class='ocrx_word' id='word_1_538' title='bbox 265 3985 376 4039; x_wconf 78' lang='grc' dir='ltr'><strong>καί</strong></span> <span class='ocrx_word' id='word_1_539' title='bbox 402 3984 584 4038; x_wconf 84' lang='grc' dir='ltr'>ὀστέα</span> <span class='ocrx_word' id='word_1_540' title='bbox 610 3985 723 4038; x_wconf 75' lang='grc' dir='ltr'>οὐκ</span> <span class='ocrx_word' id='word_1_541' title='bbox 746 3985 893 4054; x_wconf 79' lang='grc' dir='ltr'>ἔχει,</span> <span class='ocrx_word' id='word_1_542' title='bbox 926 3984 1121 4051; x_wconf 73' lang='grc' dir='ltr'>καθὼς</span> <span class='ocrx_word' id='word_1_543' title='bbox 1163 3984 1267 4051; x_wconf 80' lang='grc' dir='ltr'><strong>ἐμὲ</strong></span> <span class='ocrx_word' id='word_1_544' title='bbox 1298 3984 1568 4052; x_wconf 85' lang='grc' dir='ltr'>θεωρεῖτε</span> <span class='ocrx_word' id='word_1_545' title='bbox 1610 3985 1853 4054; x_wconf 77' lang='grc' dir='ltr'>ἔχοντα.</span> 
     </span>
    </p>
   </div>
   <div class='ocr_carea' id='block_1_73' title="bbox 276 4075 1854 4146">
    <p class='ocr_par' dir='ltr' id='par_1_73' title="bbox 276 4075 1854 4146">
     <span class='ocr_line' id='line_1_73' title="bbox 276 4075 1854 4146; baseline -0.001 -15"><span class='ocrx_word' id='word_1_546' title='bbox 276 4075 696 4144; x_wconf 65' lang='grc' dir='ltr'>Ψηλαφήσατε</span> <span class='ocrx_word' id='word_1_547' title='bbox 743 4078 1030 4145; x_wconf 79' lang='grc' dir='ltr'>πρότερον,</span> <span class='ocrx_word' id='word_1_548' title='bbox 1092 4077 1179 4129; x_wconf 81' lang='grc' dir='ltr'><strong>ἵνα</strong></span> <span class='ocrx_word' id='word_1_549' title='bbox 1231 4076 1416 4146; x_wconf 77' lang='grc' dir='ltr'>δειχθῇ</span> <span class='ocrx_word' id='word_1_550' title='bbox 1459 4076 1521 4129; x_wconf 80' lang='grc' dir='ltr'><strong>ού</strong></span> <span class='ocrx_word' id='word_1_551' title='bbox 1582 4078 1854 4144; x_wconf 78' lang='grc' dir='ltr'>φαντασία</span> 
     </span>
    </p>
   </div>
   <div class='ocr_carea' id='block_1_74' title="bbox 270 4167 1854 4239">
    <p class='ocr_par' dir='ltr' id='par_1_74' title="bbox 270 4167 1854 4239">
     <span class='ocr_line' id='line_1_74' title="bbox 270 4167 1854 4239; baseline 0 -18"><span class='ocrx_word' id='word_1_552' title='bbox 270 4169 588 4239; x_wconf 75' lang='grc' dir='ltr'>πνεύματος</span> <span class='ocrx_word' id='word_1_553' title='bbox 620 4168 883 4221; x_wconf 82' lang='grc' dir='ltr'>ἀπατῶσα</span> <span class='ocrx_word' id='word_1_554' title='bbox 912 4170 1038 4230; x_wconf 79' lang='grc' dir='ltr'>τοὺς</span> <span class='ocrx_word' id='word_1_555' title='bbox 1077 4167 1404 4237; x_wconf 80' lang='grc' dir='ltr'>θεωμένους,</span> <span class='ocrx_word' id='word_1_556' title='bbox 1460 4168 1574 4221; x_wconf 83' lang='grc' dir='ltr'>ἀλλ’</span> <span class='ocrx_word' id='word_1_557' title='bbox 1635 4170 1854 4222; x_wconf 85' lang='grc' dir='ltr'>ἀντιτυ-</span> 
     </span>
    </p>
   </div>
   <div class='ocr_carea' id='block_1_75' title="bbox 272 4259 1856 4331">
    <p class='ocr_par' dir='ltr' id='par_1_75' title="bbox 272 4259 1856 4331">
     <span class='ocr_line' id='line_1_75' title="bbox 272 4259 1856 4331; baseline -0.001 -17"><span class='ocrx_word' id='word_1_558' title='bbox 272 4263 381 4314; x_wconf 85' lang='grc' dir='ltr'><strong>πία</strong></span> <span class='ocrx_word' id='word_1_559' title='bbox 409 4260 659 4331; x_wconf 87' lang='grc' dir='ltr'>σώματος</span> <span class='ocrx_word' id='word_1_560' title='bbox 713 4259 1134 4331; x_wconf 80' lang='grc' dir='ltr'>πληροφοροῦσα</span> <span class='ocrx_word' id='word_1_561' title='bbox 1164 4260 1290 4322; x_wconf 81' lang='grc' dir='ltr'>τοὺς</span> <span class='ocrx_word' id='word_1_562' title='bbox 1345 4260 1710 4330; x_wconf 83' lang='grc' dir='ltr'>ἁπτομένους.</span> <span class='ocrx_word' id='word_1_563' title='bbox 1760 4260 1856 4325; x_wconf 87' lang='grc' dir='ltr'><strong>Τίς</strong></span> 
     </span>
    </p>
   </div>
   <div class='ocr_carea' id='block_1_76' title="bbox 273 4349 1860 4424">
    <p class='ocr_par' dir='ltr' id='par_1_76' title="bbox 273 4349 1860 4424">
     <span class='ocr_line' id='line_1_76' title="bbox 273 4349 1860 4424; baseline -0.001 -17"><span class='ocrx_word' id='word_1_564' title='bbox 273 4349 373 4407; x_wconf 75' lang='grc' dir='ltr'><strong>οὖν</strong></span> <span class='ocrx_word' id='word_1_565' title='bbox 395 4354 495 4424; x_wconf 76' lang='grc' dir='ltr'>οὐχ</span> <span class='ocrx_word' id='word_1_566' title='bbox 519 4353 621 4424; x_wconf 80' lang='grc' dir='ltr'>δρᾷ</span> <span class='ocrx_word' id='word_1_567' title='bbox 640 4353 709 4406; x_wconf 82' lang='grc' dir='ltr'>τὰ</span> <span class='ocrx_word' id='word_1_568' title='bbox 737 4352 848 4406; x_wconf 84' lang='grc' dir='ltr'><strong>τῶν</strong></span> <span class='ocrx_word' id='word_1_569' title='bbox 878 4353 1095 4421; x_wconf 79' lang='grc' dir='ltr'>φύσεων</span> <span class='ocrx_word' id='word_1_570' title='bbox 1122 4352 1250 4418; x_wconf 79' lang='grc' dir='ltr'>ίδια,</span> <span class='ocrx_word' id='word_1_571' title='bbox 1290 4352 1375 4405; x_wconf 82' lang='grc' dir='ltr'>ὅτι</span> <span class='ocrx_word' id='word_1_572' title='bbox 1416 4351 1508 4404; x_wconf 83' lang='grc' dir='ltr'>τοῦ</span> <span class='ocrx_word' id='word_1_573' title='bbox 1549 4352 1860 4423; x_wconf 86' lang='grc' dir='ltr'>πνεύματος</span> 
     </span>
    </p>
   </div>
   <div class='ocr_carea' id='block_1_77' title="bbox 277 4444 1859 4517">
    <p class='ocr_par' dir='ltr' id='par_1_77' title="bbox 277 4444 1859 4517">
     <span class='ocr_line' id='line_1_77' title="bbox 277 4444 1859 4517; baseline 0.001 -20"><span class='ocrx_word' id='word_1_574' title='bbox 277 4444 384 4515; x_wconf 80' lang='grc' dir='ltr'>μὲν</span> <span class='ocrx_word' id='word_1_575' title='bbox 408 4448 471 4498; x_wconf 83' lang='grc' dir='ltr'><strong>τὸ</strong></span> <span class='ocrx_word' id='word_1_576' title='bbox 501 4445 578 4517; x_wconf 77' lang='grc' dir='ltr'>μὴ</span> <span class='ocrx_word' id='word_1_577' title='bbox 605 4444 750 4516; x_wconf 76' lang='grc' dir='ltr'>ἔχειν</span> <span class='ocrx_word' id='word_1_578' title='bbox 785 4446 968 4515; x_wconf 79' lang='grc' dir='ltr'>σάρκα</span> <span class='ocrx_word' id='word_1_579' title='bbox 1001 4446 1138 4515; x_wconf 87' lang='grc' dir='ltr'>μήτε</span> <span class='ocrx_word' id='word_1_580' title='bbox 1177 4446 1331 4510; x_wconf 73' lang='grc' dir='ltr'>ὀστᾶ,</span> <span class='ocrx_word' id='word_1_581' title='bbox 1368 4444 1463 4498; x_wconf 82' lang='grc' dir='ltr'><strong>τοῦ</strong></span> <span class='ocrx_word' id='word_1_582' title='bbox 1515 4444 1768 4515; x_wconf 87' lang='grc' dir='ltr'>σώματος</span> <span class='ocrx_word' id='word_1_583' title='bbox 1801 4445 1859 4498; x_wconf 75' lang='grc' dir='ltr'>δὲ</span> 
     </span>
    </p>
   </div>
   <div class='ocr_carea' id='block_1_78' title="bbox 274 4517 1943 4608">
    <p class='ocr_par' dir='ltr' id='par_1_78' title="bbox 274 4517 1943 4608">
     <span class='ocr_line' id='line_1_78' title="bbox 274 4517 1943 4608; baseline 0.001 -17"><span class='ocrx_word' id='word_1_584' title='bbox 274 4537 342 4591; x_wconf 79' lang='grc' dir='ltr'>τὸ</span> <span class='ocrx_word' id='word_1_585' title='bbox 369 4537 533 4607; x_wconf 72' lang='grc' dir='ltr'>ἔχειν,</span> <span class='ocrx_word' id='word_1_586' title='bbox 562 4535 771 4591; x_wconf 74' lang='grc' dir='ltr'>καὶτοῦ</span> <span class='ocrx_word' id='word_1_587' title='bbox 804 4536 905 4608; x_wconf 78' lang='grc' dir='ltr'>μὲν</span> <span class='ocrx_word' id='word_1_588' title='bbox 929 4536 990 4589; x_wconf 74' lang='grc' dir='ltr'>τὸ</span> <span class='ocrx_word' id='word_1_589' title='bbox 1020 4536 1365 4605; x_wconf 78' lang='grc' dir='ltr'>θεωρεῖσθαι,</span> <span class='ocrx_word' id='word_1_590' title='bbox 1423 4536 1518 4589; x_wconf 82' lang='grc' dir='ltr'><strong>τοῦ</strong></span> <span class='ocrx_word' id='word_1_591' title='bbox 1566 4536 1625 4589; x_wconf 83' lang='grc' dir='ltr'><strong>δὲ</strong></span> <span class='ocrx_word' id='word_1_592' title='bbox 1672 4535 1736 4590; x_wconf 80' lang='grc' dir='ltr'><strong>τὸ</strong></span> <span class='ocrx_word' id='word_1_593' title='bbox 1780 4537 1855 4606; x_wconf 82' lang='grc' dir='ltr'>μὴ</span> <span class='ocrx_word' id='word_1_594' title='bbox 1889 4517 1943 4577; x_wconf 79' lang='lat' dir='ltr'>D</span> 
     </span>
    </p>
   </div>
   <div class='ocr_carea' id='block_1_79' title="bbox 276 4627 1870 4700">
    <p class='ocr_par' dir='ltr' id='par_1_79' title="bbox 276 4627 1870 4700">
     <span class='ocr_line' id='line_1_79' title="bbox 276 4627 1870 4700; baseline -0.001 -18"><span class='ocrx_word' id='word_1_595' title='bbox 276 4630 539 4700; x_wconf 80' lang='grc' dir='ltr'>δρᾶσθαι,</span> <span class='ocrx_word' id='word_1_596' title='bbox 586 4628 775 4684; x_wconf 86' lang='grc' dir='ltr'>τούτου</span> <span class='ocrx_word' id='word_1_597' title='bbox 817 4630 877 4684; x_wconf 79' lang='grc' dir='ltr'><strong>τὸ</strong></span> <span class='ocrx_word' id='word_1_598' title='bbox 903 4631 1017 4700; x_wconf 72' lang='grc' dir='ltr'><strong>ἀφῇ</strong></span> <span class='ocrx_word' id='word_1_599' title='bbox 1073 4627 1510 4691; x_wconf 74' lang='grc' dir='ltr'>ὑποϐαλλεσθαι,</span> <span class='ocrx_word' id='word_1_600' title='bbox 1554 4628 1768 4681; x_wconf 74' lang='grc' dir='ltr'>ἐκείνου</span> <span class='ocrx_word' id='word_1_601' title='bbox 1808 4627 1870 4680; x_wconf 81' lang='grc' dir='ltr'>τὸ</span> 
     </span>
    </p>
   </div>
   <div class='ocr_carea' id='block_1_80' title="bbox 279 4716 1870 4794">
    <p class='ocr_par' dir='ltr' id='par_1_80' title="bbox 279 4716 1870 4794">
     <span class='ocr_line' id='line_1_80' title="bbox 279 4716 1870 4794; baseline -0.003 -17"><span class='ocrx_word' id='word_1_602' title='bbox 279 4719 431 4792; x_wconf 77' lang='grc' dir='ltr'>ἁφὴν</span> <span class='ocrx_word' id='word_1_603' title='bbox 465 4721 541 4792; x_wconf 80' lang='grc' dir='ltr'><strong>μὴ</strong></span> <span class='ocrx_word' id='word_1_604' title='bbox 564 4721 917 4794; x_wconf 80' lang='grc' dir='ltr'>προσίεσθαις</span> <span class='ocrx_word' id='word_1_605' title='bbox 950 4720 1075 4785; x_wconf 83' lang='grc' dir='ltr'><strong>Πῶς</strong></span> <span class='ocrx_word' id='word_1_606' title='bbox 1107 4716 1202 4774; x_wconf 77' lang='grc' dir='ltr'>οὖν</span> <span class='ocrx_word' id='word_1_607' title='bbox 1228 4720 1329 4789; x_wconf 89' lang='grc' dir='ltr'><strong>μία</strong></span> <span class='ocrx_word' id='word_1_608' title='bbox 1347 4720 1526 4787; x_wconf 78' lang='grc' dir='ltr'>οὐσία,</span> <span class='ocrx_word' id='word_1_609' title='bbox 1560 4719 1655 4774; x_wconf 77' lang='grc' dir='ltr'>καὶ</span> <span class='ocrx_word' id='word_1_610' title='bbox 1676 4719 1870 4774; x_wconf 83' lang='grc' dir='ltr'>τοσαύ-</span> 
     </span>
    </p>
   </div>
   <div class='ocr_carea' id='block_1_81' title="bbox 281 4810 1017 4886">
    <p class='ocr_par' dir='ltr' id='par_1_81' title="bbox 281 4810 1017 4886">
     <span class='ocr_line' id='line_1_81' title="bbox 281 4810 1017 4886; baseline -0.003 -18"><span class='ocrx_word' id='word_1_611' title='bbox 281 4831 386 4885; x_wconf 81' lang='grc' dir='ltr'><strong>της</strong></span> <span class='ocrx_word' id='word_1_612' title='bbox 414 4810 581 4883; x_wconf 80' lang='grc' dir='ltr'>οὕσης</span> <span class='ocrx_word' id='word_1_613' title='bbox 613 4813 974 4886; x_wconf 79' lang='grc' dir='ltr'>παραλλαγῆς</span> <span class='ocrx_word' id='word_1_614' title='bbox 998 4828 1017 4881; x_wconf 84' lang='lat'><strong>;</strong></span> 
     </span>
    </p>
   </div>
   <div class='ocr_carea' id='block_1_82' title="bbox 616 5007 1543 5072">
    <p class='ocr_par' dir='ltr' id='par_1_82' title="bbox 616 5007 1543 5072">
     <span class='ocr_line' id='line_1_82' title="bbox 616 5007 1543 5072; baseline -0.008 0"><span class='ocrx_word' id='word_1_615' title='bbox 616 5014 725 5072; x_wconf 84' lang='grc' dir='ltr'><strong>Τοῦ</strong></span> <span class='ocrx_word' id='word_1_616' title='bbox 761 5012 950 5068; x_wconf 80' lang='grc' dir='ltr'>αὑτοῦ</span> <span class='ocrx_word' id='word_1_617' title='bbox 973 5011 1128 5066; x_wconf 69' lang='grc' dir='ltr'>κατὰ</span> <span class='ocrx_word' id='word_1_618' title='bbox 1154 5009 1276 5065; x_wconf 84' lang='grc' dir='ltr'><strong>τῶν</strong></span> <span class='ocrx_word' id='word_1_619' title='bbox 1319 5007 1543 5065; x_wconf 78' lang='grc' dir='ltr'><strong>αὐτῶν.</strong></span> 
     </span>
    </p>
   </div>
   <div class='ocr_carea' id='block_1_83' title="bbox 364 5099 1873 5179">
    <p class='ocr_par' dir='ltr' id='par_1_83' title="bbox 364 5099 1873 5179">
     <span class='ocr_line' id='line_1_83' title="bbox 364 5099 1873 5179; baseline -0.009 -14"><span class='ocrx_word' id='word_1_620' title='bbox 364 5113 431 5165; x_wconf 83' lang='grc' dir='ltr'>Τί</span> <span class='ocrx_word' id='word_1_621' title='bbox 451 5111 674 5179; x_wconf 71' lang='grc' dir='ltr'>λέγετες</span> <span class='ocrx_word' id='word_1_622' title='bbox 709 5109 762 5162; x_wconf 87' lang='grc' dir='ltr'><strong>τί</strong></span> <span class='ocrx_word' id='word_1_623' title='bbox 784 5106 1147 5174; x_wconf 71' lang='grc' dir='ltr'>ἀποφαίνεσθε</span> <span class='ocrx_word' id='word_1_624' title='bbox 1176 5123 1192 5171; x_wconf 81' lang='grc' dir='ltr'><strong>ς</strong></span> <span class='ocrx_word' id='word_1_625' title='bbox 1227 5102 1446 5172; x_wconf 78' lang='grc' dir='ltr'>Οἴχεται</span> <span class='ocrx_word' id='word_1_626' title='bbox 1503 5101 1603 5170; x_wconf 79' lang='grc' dir='ltr'>τῆς</span> <span class='ocrx_word' id='word_1_627' title='bbox 1656 5099 1873 5170; x_wconf 77' lang='grc' dir='ltr'>φύσεως</span> 
     </span>
    </p>
   </div>
   <div class='ocr_carea' id='block_1_84' title="bbox 287 5194 1873 5274">
    <p class='ocr_par' dir='ltr' id='par_1_84' title="bbox 287 5194 1873 5274">
     <span class='ocr_line' id='line_1_84' title="bbox 287 5194 1873 5274; baseline -0.011 -13"><span class='ocrx_word' id='word_1_628' title='bbox 287 5208 355 5262; x_wconf 81' lang='grc' dir='ltr'><strong>τδ</strong></span> <span class='ocrx_word' id='word_1_629' title='bbox 379 5207 654 5274; x_wconf 79' lang='grc' dir='ltr'>διάφορον,</span> <span class='ocrx_word' id='word_1_630' title='bbox 687 5202 780 5256; x_wconf 73' lang='grc' dir='ltr'><strong>καὶ</strong></span> <span class='ocrx_word' id='word_1_631' title='bbox 808 5201 960 5253; x_wconf 78' lang='grc' dir='ltr'>οὐδὲν</span> <span class='ocrx_word' id='word_1_632' title='bbox 1001 5199 1228 5269; x_wconf 72' lang='grc' dir='ltr'>φέρεται</span> <span class='ocrx_word' id='word_1_633' title='bbox 1286 5195 1490 5250; x_wconf 86' lang='grc' dir='ltr'>τούτων</span> <span class='ocrx_word' id='word_1_634' title='bbox 1540 5194 1873 5265; x_wconf 65' lang='grc' dir='ltr'>γνώρισμας</span> 
     </span>
    </p>
   </div>
   <div class='ocr_carea' id='block_1_85' title="bbox 292 5285 1876 5365">
    <p class='ocr_par' dir='ltr' id='par_1_85' title="bbox 292 5285 1876 5365">
     <span class='ocr_line' id='line_1_85' title="bbox 292 5285 1876 5365; baseline -0.012 -10"><span class='ocrx_word' id='word_1_635' title='bbox 292 5301 361 5355; x_wconf 86' lang='grc' dir='ltr'>Τί</span> <span class='ocrx_word' id='word_1_636' title='bbox 387 5298 482 5353; x_wconf 75' lang='grc' dir='ltr'><strong>οὖν</strong></span> <span class='ocrx_word' id='word_1_637' title='bbox 510 5295 852 5365; x_wconf 79' lang='grc' dir='ltr'>ὀνομάσομεν</span> <span class='ocrx_word' id='word_1_638' title='bbox 865 5295 926 5346; x_wconf 72' lang='grc' dir='ltr'>τὸ</span> <span class='ocrx_word' id='word_1_639' title='bbox 943 5293 1331 5360; x_wconf 77' lang='grc' dir='ltr'>προκείμενονς</span> <span class='ocrx_word' id='word_1_640' title='bbox 1357 5290 1529 5355; x_wconf 86' lang='grc' dir='ltr'>Λόγον</span> <span class='ocrx_word' id='word_1_641' title='bbox 1572 5287 1766 5356; x_wconf 89' lang='grc' dir='ltr'>μόνον;</span> <span class='ocrx_word' id='word_1_642' title='bbox 1801 5285 1876 5337; x_wconf 75' lang='grc' dir='ltr'><strong>Οὐ</strong></span> 
     </span>
    </p>
   </div>
   <div class='ocr_carea' id='block_1_86' title="bbox 292 5381 1874 5462">
    <p class='ocr_par' dir='ltr' id='par_1_86' title="bbox 292 5381 1874 5462">
     <span class='ocr_line' id='line_1_86' title="bbox 292 5381 1874 5462; baseline -0.009 -17"><span class='ocrx_word' id='word_1_643' title='bbox 292 5394 405 5462; x_wconf 80' lang='grc' dir='ltr'>γὰρ</span> <span class='ocrx_word' id='word_1_644' title='bbox 459 5388 595 5457; x_wconf 78' lang='grc' dir='ltr'>φαίη</span> <span class='ocrx_word' id='word_1_645' title='bbox 637 5403 721 5450; x_wconf 87' lang='grc' dir='ltr'><strong>τις</strong></span> <span class='ocrx_word' id='word_1_646' title='bbox 771 5387 950 5453; x_wconf 69' lang='grc' dir='ltr'>σάρκα</span> <span class='ocrx_word' id='word_1_647' title='bbox 993 5382 1154 5438; x_wconf 80' lang='grc' dir='ltr'>τοῦτο</span> <span class='ocrx_word' id='word_1_648' title='bbox 1201 5385 1369 5454; x_wconf 69' lang='grc' dir='ltr'>τιμᾷ-ι</span> <span class='ocrx_word' id='word_1_649' title='bbox 1409 5382 1571 5451; x_wconf 75' lang='grc' dir='ltr'>δῆθεν</span> <span class='ocrx_word' id='word_1_650' title='bbox 1603 5381 1874 5449; x_wconf 79' lang='grc' dir='ltr'>οἰόμενος.</span> 
     </span>
    </p>
   </div>
   <div class='ocr_carea' id='block_1_87' title="bbox 299 5471 1877 5547">
    <p class='ocr_par' dir='ltr' id='par_1_87' title="bbox 299 5471 1877 5547">
     <span class='ocr_line' id='line_1_87' title="bbox 299 5471 1877 5547; baseline -0.009 -11"><span class='ocrx_word' id='word_1_651' title='bbox 299 5482 409 5537; x_wconf 78' lang='grc' dir='ltr'><strong>Καὶ</strong></span> <span class='ocrx_word' id='word_1_652' title='bbox 450 5481 564 5543; x_wconf 85' lang='grc' dir='ltr'>πῶς</span> <span class='ocrx_word' id='word_1_653' title='bbox 592 5480 691 5547; x_wconf 85' lang='grc' dir='ltr'><strong>ούχ</strong></span> <span class='ocrx_word' id='word_1_654' title='bbox 739 5476 990 5547; x_wconf 75' lang='grc' dir='ltr'>ὑϐρίζετε</span> <span class='ocrx_word' id='word_1_655' title='bbox 1036 5475 1294 5545; x_wconf 85' lang='grc' dir='ltr'>τοιαύτην</span> <span class='ocrx_word' id='word_1_656' title='bbox 1323 5473 1489 5527; x_wconf 76' lang='grc' dir='ltr'>αὑτοῦ</span> <span class='ocrx_word' id='word_1_657' title='bbox 1539 5472 1636 5542; x_wconf 79' lang='grc' dir='ltr'>τὴν</span> <span class='ocrx_word' id='word_1_658' title='bbox 1685 5471 1877 5523; x_wconf 80' lang='grc' dir='ltr'>οὐσίαν</span> 
     </span>
    </p>
   </div>
   <div class='ocr_carea' id='block_1_88' title="bbox 296 5564 1871 5645">
    <p class='ocr_par' dir='ltr' id='par_1_88' title="bbox 296 5564 1871 5645">
     <span class='ocr_line' id='line_1_88' title="bbox 296 5564 1871 5645; baseline -0.01 -15"><span class='ocrx_word' id='word_1_659' title='bbox 296 5576 614 5645; x_wconf 79' lang='grc' dir='ltr'>νομίζοντες</span> <span class='ocrx_word' id='word_1_660' title='bbox 636 5569 798 5637; x_wconf 73' lang='grc' dir='ltr'>εἶναι,</span> <span class='ocrx_word' id='word_1_661' title='bbox 848 5570 923 5632; x_wconf 77' lang='grc' dir='ltr'>ὡς</span> <span class='ocrx_word' id='word_1_662' title='bbox 960 5568 1188 5622; x_wconf 82' lang='grc' dir='ltr'>δυνατὸν</span> <span class='ocrx_word' id='word_1_663' title='bbox 1240 5568 1408 5637; x_wconf 79' lang='grc' dir='ltr'>ἑτέρᾳ</span> <span class='ocrx_word' id='word_1_664' title='bbox 1453 5565 1613 5633; x_wconf 65' lang='grc' dir='ltr'><strong>οὐσία⁸</strong></span> <span class='ocrx_word' id='word_1_665' title='bbox 1678 5564 1871 5631; x_wconf 77' lang='grc' dir='ltr'>κτιστῇ</span> 
     </span>
    </p>
   </div>
   <div class='ocr_carea' id='block_1_89' title="bbox 298 5658 1876 5739">
    <p class='ocr_par' dir='ltr' id='par_1_89' title="bbox 298 5658 1876 5739">
     <span class='ocr_line' id='line_1_89' title="bbox 298 5658 1876 5739; baseline -0.009 -18"><span class='ocrx_word' id='word_1_666' title='bbox 298 5666 438 5739; x_wconf 82' lang='grc' dir='ltr'>πρὸς</span> <span class='ocrx_word' id='word_1_667' title='bbox 478 5665 651 5736; x_wconf 74' lang='grc' dir='ltr'>αὐτὴν</span> <span class='ocrx_word' id='word_1_668' title='bbox 714 5661 1047 5734; x_wconf 81' lang='grc' dir='ltr'>μεταστῆναι</span> <span class='ocrx_word' id='word_1_669' title='bbox 1077 5677 1093 5727; x_wconf 89' lang='lat'><strong>;</strong></span> <span class='ocrx_word' id='word_1_670' title='bbox 1130 5661 1203 5714; x_wconf 83' lang='grc' dir='ltr'><strong>Τὸ</strong></span> <span class='ocrx_word' id='word_1_671' title='bbox 1238 5662 1345 5731; x_wconf 84' lang='grc' dir='ltr'>γὰρ</span> <span class='ocrx_word' id='word_1_672' title='bbox 1374 5660 1487 5722; x_wconf 82' lang='grc' dir='ltr'>τοῖς</span> <span class='ocrx_word' id='word_1_673' title='bbox 1540 5658 1730 5729; x_wconf 76' lang='grc' dir='ltr'>ἥττοσι</span> <span class='ocrx_word' id='word_1_674' title='bbox 1765 5672 1876 5724; x_wconf 82' lang='grc' dir='ltr'><strong>χω-</strong></span> 
     </span>
    </p>
   </div>
   <div class='ocr_carea' id='block_1_90' title="bbox 378 5822 1444 5888">
    <p class='ocr_par' dir='ltr' id='par_1_90' title="bbox 378 5822 1444 5888">
     <span class='ocr_line' id='line_1_90' title="bbox 378 5822 1444 5888; baseline -0.01 -3"><span class='ocrx_word' id='word_1_675' title='bbox 378 5832 398 5862; x_wconf 84' lang='grc'><strong>⁸</strong></span> <span class='ocrx_word' id='word_1_676' title='bbox 433 5830 451 5884; x_wconf 90' lang='grc'><strong>1</strong></span> <span class='ocrx_word' id='word_1_677' title='bbox 481 5829 605 5886; x_wconf 87' lang='lat' dir='ltr'><strong>Cor.</strong></span> <span class='ocrx_word' id='word_1_678' title='bbox 635 5842 754 5888; x_wconf 81' lang='lat' dir='ltr'><strong>vut.</strong></span> <span class='ocrx_word' id='word_1_679' title='bbox 782 5828 834 5881; x_wconf 85' lang='lat'><strong>6.</strong></span> <span class='ocrx_word' id='word_1_680' title='bbox 912 5832 932 5861; x_wconf 83' lang='lat'>&#39;</span> <span class='ocrx_word' id='word_1_681' title='bbox 959 5825 1147 5881; x_wconf 77' lang='lat' dir='ltr'><strong>Matth.</strong></span> <span class='ocrx_word' id='word_1_682' title='bbox 1190 5839 1330 5887; x_wconf 70' lang='grc' dir='ltr'>ιιι-ι,</span> <span class='ocrx_word' id='word_1_683' title='bbox 1368 5822 1444 5876; x_wconf 77' lang='grc' dir='ltr'>Η.</span> 
     </span>
    </p>
   </div>
   <div class='ocr_carea' id='block_1_91' title="bbox 1949 3248 3531 3337">
    <p class='ocr_par' dir='ltr' id='par_1_91' title="bbox 1949 3248 3531 3337">
     <span class='ocr_line' id='line_1_91' title="bbox 1949 3248 3531 3337; baseline -0.018 -10"><span class='ocrx_word' id='word_1_684' title='bbox 1949 3248 2210 3335; x_wconf 78' lang='lat' dir='ltr'><strong>ctionem,</strong></span> <span class='ocrx_word' id='word_1_685' title='bbox 2230 3279 2339 3337; x_wconf 83' lang='lat' dir='ltr'><strong>qua</strong></span> <span class='ocrx_word' id='word_1_686' title='bbox 2374 3278 2482 3320; x_wconf 90' lang='lat' dir='ltr'><strong>non</strong></span> <span class='ocrx_word' id='word_1_687' title='bbox 2504 3262 2626 3317; x_wconf 75' lang='lat' dir='ltr'><strong>dua:</strong></span> <span class='ocrx_word' id='word_1_688' title='bbox 2658 3275 2767 3315; x_wconf 89' lang='lat' dir='ltr'><strong>una</strong></span> <span class='ocrx_word' id='word_1_689' title='bbox 2795 3258 2932 3312; x_wconf 81' lang='lat' dir='ltr'><strong>ﬁunt</strong></span> <span class='ocrx_word' id='word_1_690' title='bbox 2977 3252 3242 3315; x_wconf 88' lang='lat' dir='ltr'><strong>essentia,</strong></span> <span class='ocrx_word' id='word_1_691' title='bbox 3276 3248 3375 3304; x_wconf 90' lang='lat' dir='ltr'><strong>sed</strong></span> <span class='ocrx_word' id='word_1_692' title='bbox 3426 3261 3531 3301; x_wconf 90' lang='lat' dir='ltr'><strong>una</strong></span> 
     </span>
    </p>
   </div>
   <div class='ocr_carea' id='block_1_92' title="bbox 1949 3346 3526 3433">
    <p class='ocr_par' dir='ltr' id='par_1_92' title="bbox 1949 3346 3526 3433">
     <span class='ocr_line' id='line_1_92' title="bbox 1949 3346 3526 3433; baseline -0.016 -16"><span class='ocrx_word' id='word_1_693' title='bbox 1949 3362 2187 3433; x_wconf 78' lang='lat' dir='ltr'><strong>dignitas</strong></span> <span class='ocrx_word' id='word_1_694' title='bbox 2224 3366 2280 3415; x_wconf 86' lang='lat' dir='ltr'><strong>et</strong></span> <span class='ocrx_word' id='word_1_695' title='bbox 2299 3356 2473 3427; x_wconf 77' lang='lat' dir='ltr'><strong>gloria</strong></span> <span class='ocrx_word' id='word_1_696' title='bbox 2501 3353 2833 3411; x_wconf 88' lang='lat' dir='ltr'><strong>declaratur.</strong></span> <span class='ocrx_word' id='word_1_697' title='bbox 2860 3348 2978 3404; x_wconf 88' lang='lat' dir='ltr'><strong>Non</strong></span> <span class='ocrx_word' id='word_1_698' title='bbox 3012 3346 3180 3417; x_wconf 80' lang='lat' dir='ltr'><strong>igitur</strong></span> <span class='ocrx_word' id='word_1_699' title='bbox 3205 3352 3526 3398; x_wconf 89' lang='lat' dir='ltr'><strong>naturarum</strong></span> 
     </span>
    </p>
   </div>
   <div class='ocr_carea' id='block_1_93' title="bbox 1950 3430 3531 3524">
    <p class='ocr_par' dir='ltr' id='par_1_93' title="bbox 1950 3430 3531 3524">
     <span class='ocr_line' id='line_1_93' title="bbox 1950 3430 3531 3524; baseline -0.018 -13"><span class='ocrx_word' id='word_1_700' title='bbox 1950 3430 2214 3524; x_wconf 71' lang='lat' dir='ltr'><strong>negamus</strong></span> <span class='ocrx_word' id='word_1_701' title='bbox 2264 3445 2729 3519; x_wconf 76' lang='lat' dir='ltr'><strong>coniunctionem,</strong></span> <span class='ocrx_word' id='word_1_702' title='bbox 2788 3441 2881 3497; x_wconf 90' lang='lat' dir='ltr'><strong>sed</strong></span> <span class='ocrx_word' id='word_1_703' title='bbox 2918 3440 2971 3495; x_wconf 92' lang='lat' dir='ltr'><strong>in</strong></span> <span class='ocrx_word' id='word_1_704' title='bbox 3031 3451 3193 3493; x_wconf 88' lang='lat' dir='ltr'><strong>unam</strong></span> <span class='ocrx_word' id='word_1_705' title='bbox 3238 3430 3531 3489; x_wconf 78' lang='lat' dir='ltr'><strong>essentiam</strong></span> 
     </span>
    </p>
   </div>
   <div class='ocr_carea' id='block_1_94' title="bbox 1951 3522 3536 3603">
    <p class='ocr_par' dir='ltr' id='par_1_94' title="bbox 1951 3522 3536 3603">
     <span class='ocr_line' id='line_1_94' title="bbox 1951 3522 3536 3603; baseline -0.018 -1"><span class='ocrx_word' id='word_1_706' title='bbox 1951 3522 2183 3603; x_wconf 79' lang='lat' dir='ltr'><strong>dicimus</strong></span> <span class='ocrx_word' id='word_1_707' title='bbox 2211 3554 2319 3595; x_wconf 90' lang='lat' dir='ltr'><strong>non</strong></span> <span class='ocrx_word' id='word_1_708' title='bbox 2346 3535 2697 3594; x_wconf 76' lang='lat' dir='ltr'><strong>conﬂuxisse.</strong></span> <span class='ocrx_word' id='word_1_709' title='bbox 2721 3531 2868 3587; x_wconf 88' lang='lat' dir='ltr'><strong>Fieri</strong></span> <span class='ocrx_word' id='word_1_710' title='bbox 2893 3544 3001 3585; x_wconf 92' lang='lat' dir='ltr'><strong>non</strong></span> <span class='ocrx_word' id='word_1_711' title='bbox 3052 3539 3234 3598; x_wconf 83' lang='lat' dir='ltr'><strong>posse,</strong></span> <span class='ocrx_word' id='word_1_712' title='bbox 3262 3560 3265 3563; x_wconf 51' lang='grc' dir='ltr'><strong>ν</strong></span> <span class='ocrx_word' id='word_1_713' title='bbox 3295 3531 3355 3578; x_wconf 90' lang='lat' dir='ltr'><strong>ut</strong></span> <span class='ocrx_word' id='word_1_714' title='bbox 3415 3522 3536 3576; x_wconf 65' lang='lat' dir='ltr'><strong>dua:</strong></span> 
     </span>
    </p>
   </div>
   <div class='ocr_carea' id='block_1_95' title="bbox 1951 3618 3533 3696">
    <p class='ocr_par' dir='ltr' id='par_1_95' title="bbox 1951 3618 3533 3696">
     <span class='ocr_line' id='line_1_95' title="bbox 1951 3618 3533 3696; baseline -0.018 -2"><span class='ocrx_word' id='word_1_715' title='bbox 1951 3652 2057 3694; x_wconf 87' lang='lat' dir='ltr'><strong>una</strong></span> <span class='ocrx_word' id='word_1_716' title='bbox 2083 3638 2217 3691; x_wconf 82' lang='lat' dir='ltr'><strong>(iant</strong></span> <span class='ocrx_word' id='word_1_717' title='bbox 2248 3630 2510 3696; x_wconf 88' lang='lat' dir='ltr'><strong>essentia,</strong></span> <span class='ocrx_word' id='word_1_718' title='bbox 2532 3628 2692 3684; x_wconf 87' lang='lat' dir='ltr'><strong>docet</strong></span> <span class='ocrx_word' id='word_1_719' title='bbox 2715 3626 2921 3680; x_wconf 78' lang='lat' dir='ltr'><strong>naturae</strong></span> <span class='ocrx_word' id='word_1_720' title='bbox 2953 3622 3063 3685; x_wconf 79' lang='lat' dir='ltr'><strong>lex,</strong></span> <span class='ocrx_word' id='word_1_721' title='bbox 3108 3618 3271 3673; x_wconf 89' lang='lat' dir='ltr'><strong>docet</strong></span> <span class='ocrx_word' id='word_1_722' title='bbox 3296 3624 3353 3670; x_wconf 92' lang='lat' dir='ltr'><strong>et</strong></span> <span class='ocrx_word' id='word_1_723' title='bbox 3384 3627 3533 3684; x_wconf 63' lang='lat' dir='ltr'><strong>pra-</strong></span> 
     </span>
    </p>
   </div>
   <div class='ocr_carea' id='block_1_96' title="bbox 1952 3713 3538 3786">
    <p class='ocr_par' dir='ltr' id='par_1_96' title="bbox 1952 3713 3538 3786">
     <span class='ocr_line' id='line_1_96' title="bbox 1952 3713 3538 3786; baseline -0.017 -2"><span class='ocrx_word' id='word_1_724' title='bbox 1952 3724 2240 3786; x_wconf 87' lang='lat' dir='ltr'><strong>dicationis</strong></span> <span class='ocrx_word' id='word_1_725' title='bbox 2264 3722 2428 3785; x_wconf 85' lang='lat' dir='ltr'><strong>ratio,</strong></span> <span class='ocrx_word' id='word_1_726' title='bbox 2457 3719 2650 3776; x_wconf 85' lang='lat' dir='ltr'><strong>suadet</strong></span> <span class='ocrx_word' id='word_1_727' title='bbox 2674 3718 2729 3771; x_wconf 90' lang='lat' dir='ltr'><strong>in</strong></span> <span class='ocrx_word' id='word_1_728' title='bbox 2766 3713 2917 3770; x_wconf 89' lang='lat' dir='ltr'><strong>omni</strong></span> <span class='ocrx_word' id='word_1_729' title='bbox 2966 3725 3149 3766; x_wconf 89' lang='lat' dir='ltr'><strong>rerum</strong></span> <span class='ocrx_word' id='word_1_730' title='bbox 3195 3722 3397 3779; x_wconf 79' lang='lat' dir='ltr'><strong>genere</strong></span> <span class='ocrx_word' id='word_1_731' title='bbox 3442 3719 3538 3759; x_wconf 78' lang='lat' dir='ltr'><strong>ex-</strong></span> 
     </span>
    </p>
   </div>
   <div class='ocr_carea' id='block_1_97' title="bbox 1954 3796 3534 3893">
    <p class='ocr_par' dir='ltr' id='par_1_97' title="bbox 1954 3796 3534 3893">
     <span class='ocr_line' id='line_1_97' title="bbox 1954 3796 3534 3893; baseline -0.016 -16"><span class='ocrx_word' id='word_1_732' title='bbox 1954 3818 2259 3893; x_wconf 86' lang='lat' dir='ltr'><strong>perientia;</strong></span> <span class='ocrx_word' id='word_1_733' title='bbox 2291 3823 2479 3885; x_wconf 88' lang='lat' dir='ltr'><strong>aperte</strong></span> <span class='ocrx_word' id='word_1_734' title='bbox 2502 3811 2665 3867; x_wconf 89' lang='lat' dir='ltr'><strong>etiam</strong></span> <span class='ocrx_word' id='word_1_735' title='bbox 2690 3808 2809 3879; x_wconf 89' lang='lat' dir='ltr'><strong>ipse</strong></span> <span class='ocrx_word' id='word_1_736' title='bbox 2848 3804 3111 3860; x_wconf 86' lang='lat' dir='ltr'><strong>Dominus</strong></span> <span class='ocrx_word' id='word_1_737' title='bbox 3158 3800 3395 3865; x_wconf 90' lang='lat' dir='ltr'><strong>indicat,</strong></span> <span class='ocrx_word' id='word_1_738' title='bbox 3440 3796 3534 3867; x_wconf 91' lang='lat' dir='ltr'><strong>qui</strong></span> 
     </span>
    </p>
   </div>
   <div class='ocr_carea' id='block_1_98' title="bbox 1952 3892 3538 3987">
    <p class='ocr_par' dir='ltr' id='par_1_98' title="bbox 1952 3892 3538 3987">
     <span class='ocr_line' id='line_1_98' title="bbox 1952 3892 3538 3987; baseline -0.016 -18"><span class='ocrx_word' id='word_1_739' title='bbox 1952 3892 2077 3987; x_wconf 86' lang='lat' dir='ltr'><strong>post</strong></span> <span class='ocrx_word' id='word_1_740' title='bbox 2100 3907 2557 3966; x_wconf 87' lang='lat' dir='ltr'><strong>resurrectionem</strong></span> <span class='ocrx_word' id='word_1_741' title='bbox 2613 3915 2768 3955; x_wconf 86' lang='lat' dir='ltr'><strong>suam</strong></span> <span class='ocrx_word' id='word_1_742' title='bbox 2796 3912 2901 3955; x_wconf 91' lang='lat' dir='ltr'><strong>non</strong></span> <span class='ocrx_word' id='word_1_743' title='bbox 2966 3894 3319 3952; x_wconf 89' lang='lat' dir='ltr'><strong>credentibus</strong></span> <span class='ocrx_word' id='word_1_744' title='bbox 3358 3892 3538 3946; x_wconf 89' lang='lat' dir='ltr'><strong>adhuc</strong></span> 
     </span>
    </p>
   </div>
   <div class='ocr_carea' id='block_1_99' title="bbox 1956 3984 3535 4076">
    <p class='ocr_par' dir='ltr' id='par_1_99' title="bbox 1956 3984 3535 4076">
     <span class='ocr_line' id='line_1_99' title="bbox 1956 3984 3535 4076; baseline -0.018 -12"><span class='ocrx_word' id='word_1_745' title='bbox 1956 3984 2278 4076; x_wconf 81' lang='lat' dir='ltr'><strong>discipulis:</strong></span> <span class='ocrx_word' id='word_1_746' title='bbox 2314 3998 2557 4067; x_wconf 79' lang='lat' dir='ltr'><strong>Palpate,</strong></span> <span class='ocrx_word' id='word_1_747' title='bbox 2590 3994 2788 4063; x_wconf 86' lang='lat' dir='ltr'><strong>inquit,</strong></span> <span class='ocrx_word' id='word_1_748' title='bbox 2827 4008 2929 4059; x_wconf 85' lang='lat' dir='ltr'><strong>me,</strong></span> <span class='ocrx_word' id='word_1_749' title='bbox 2952 4001 3001 4047; x_wconf 89' lang='lat' dir='ltr'><strong>et</strong></span> <span class='ocrx_word' id='word_1_750' title='bbox 3032 3990 3219 4052; x_wconf 79' lang='lat' dir='ltr'><strong>videte,</strong></span> <span class='ocrx_word' id='word_1_751' title='bbox 3263 3986 3388 4055; x_wconf 83' lang='lat' dir='ltr'><strong>quia</strong></span> <span class='ocrx_word' id='word_1_752' title='bbox 3422 3984 3535 4052; x_wconf 82' lang='lat' dir='ltr'><strong>spi-</strong></span> 
     </span>
    </p>
   </div>
   <div class='ocr_carea' id='block_1_100' title="bbox 1957 4076 3540 4152">
    <p class='ocr_par' dir='ltr' id='par_1_100' title="bbox 1957 4076 3540 4152">
     <span class='ocr_line' id='line_1_100' title="bbox 1957 4076 3540 4152; baseline -0.015 0"><span class='ocrx_word' id='word_1_753' title='bbox 1957 4100 2091 4152; x_wconf 86' lang='lat' dir='ltr'><strong>ritus</strong></span> <span class='ocrx_word' id='word_1_754' title='bbox 2122 4108 2335 4149; x_wconf 85' lang='lat' dir='ltr'><strong>carnem</strong></span> <span class='ocrx_word' id='word_1_755' title='bbox 2360 4100 2409 4146; x_wconf 87' lang='lat' dir='ltr'><strong>et</strong></span> <span class='ocrx_word' id='word_1_756' title='bbox 2434 4104 2558 4143; x_wconf 86' lang='lat' dir='ltr'><strong>ossa</strong></span> <span class='ocrx_word' id='word_1_757' title='bbox 2586 4102 2689 4140; x_wconf 81' lang='lat' dir='ltr'><strong>non</strong></span> <span class='ocrx_word' id='word_1_758' title='bbox 2716 4086 2893 4151; x_wconf 81' lang='lat' dir='ltr'><strong>habet,</strong></span> <span class='ocrx_word' id='word_1_759' title='bbox 2921 4083 3057 4138; x_wconf 83' lang='lat' dir='ltr'><strong>sicut</strong></span> <span class='ocrx_word' id='word_1_760' title='bbox 3093 4096 3174 4135; x_wconf 80' lang='lat' dir='ltr'><strong>me</strong></span> <span class='ocrx_word' id='word_1_761' title='bbox 3202 4078 3391 4135; x_wconf 81' lang='lat' dir='ltr'><strong>videtis</strong></span> <span class='ocrx_word' id='word_1_762' title='bbox 3440 4076 3540 4129; x_wconf 74' lang='lat' dir='ltr'><strong>Ita-</strong></span> 
     </span>
    </p>
   </div>
   <div class='ocr_carea' id='block_1_101' title="bbox 1958 4165 3541 4249">
    <p class='ocr_par' dir='ltr' id='par_1_101' title="bbox 1958 4165 3541 4249">
     <span class='ocr_line' id='line_1_101' title="bbox 1958 4165 3541 4249; baseline -0.015 -8"><span class='ocrx_word' id='word_1_763' title='bbox 1958 4189 2078 4241; x_wconf 83' lang='lat' dir='ltr'><strong>bere</strong></span> <span class='ocrx_word' id='word_1_764' title='bbox 2102 4185 2145 4239; x_wconf 71' lang='grc' dir='ltr'><strong>δ.</strong></span> <span class='ocrx_word' id='word_1_765' title='bbox 2174 4183 2421 4249; x_wconf 83' lang='lat' dir='ltr'><strong>Palpate,</strong></span> <span class='ocrx_word' id='word_1_766' title='bbox 2451 4177 2626 4247; x_wconf 88' lang='lat' dir='ltr'><strong>inquit</strong></span> <span class='ocrx_word' id='word_1_767' title='bbox 2679 4174 2852 4244; x_wconf 88' lang='lat' dir='ltr'><strong>prius,</strong></span> <span class='ocrx_word' id='word_1_768' title='bbox 2906 4180 2964 4227; x_wconf 91' lang='lat' dir='ltr'><strong>ut</strong></span> <span class='ocrx_word' id='word_1_769' title='bbox 2993 4171 3309 4226; x_wconf 87' lang='lat' dir='ltr'><strong>ostenderet</strong></span> <span class='ocrx_word' id='word_1_770' title='bbox 3337 4181 3397 4223; x_wconf 90' lang='lat' dir='ltr'><strong>se</strong></span> <span class='ocrx_word' id='word_1_771' title='bbox 3430 4165 3541 4236; x_wconf 85' lang='lat' dir='ltr'><strong>spi-</strong></span> 
     </span>
    </p>
   </div>
   <div class='ocr_carea' id='block_1_102' title="bbox 1963 4262 3541 4342">
    <p class='ocr_par' dir='ltr' id='par_1_102' title="bbox 1963 4262 3541 4342">
     <span class='ocr_line' id='line_1_102' title="bbox 1963 4262 3541 4342; baseline -0.016 -6"><span class='ocrx_word' id='word_1_772' title='bbox 1963 4282 2099 4337; x_wconf 89' lang='lat' dir='ltr'><strong>ritus</strong></span> <span class='ocrx_word' id='word_1_773' title='bbox 2120 4292 2228 4332; x_wconf 90' lang='lat' dir='ltr'><strong>oon</strong></span> <span class='ocrx_word' id='word_1_774' title='bbox 2253 4288 2375 4330; x_wconf 90' lang='lat' dir='ltr'><strong>esse</strong></span> <span class='ocrx_word' id='word_1_775' title='bbox 2402 4280 2676 4342; x_wconf 88' lang='lat' dir='ltr'><strong>spectrum</strong></span> <span class='ocrx_word' id='word_1_776' title='bbox 2709 4282 2816 4337; x_wconf 89' lang='lat' dir='ltr'><strong>quo</strong></span> <span class='ocrx_word' id='word_1_777' title='bbox 2868 4271 3180 4334; x_wconf 87' lang='lat' dir='ltr'><strong>spectantes</strong></span> <span class='ocrx_word' id='word_1_778' title='bbox 3224 4262 3541 4329; x_wconf 89' lang='lat' dir='ltr'><strong>deciperen-</strong></span> 
     </span>
    </p>
   </div>
   <div class='ocr_carea' id='block_1_103' title="bbox 1964 4350 3546 4436">
    <p class='ocr_par' dir='ltr' id='par_1_103' title="bbox 1964 4350 3546 4436">
     <span class='ocr_line' id='line_1_103' title="bbox 1964 4350 3546 4436; baseline -0.016 -10"><span class='ocrx_word' id='word_1_779' title='bbox 1964 4382 2073 4436; x_wconf 92' lang='lat' dir='ltr'><strong>tur,</strong></span> <span class='ocrx_word' id='word_1_780' title='bbox 2111 4368 2206 4423; x_wconf 83' lang='lat' dir='ltr'><strong>sed</strong></span> <span class='ocrx_word' id='word_1_781' title='bbox 2226 4379 2423 4433; x_wconf 81' lang='lat' dir='ltr'><strong>corpus</strong></span> <span class='ocrx_word' id='word_1_782' title='bbox 2452 4361 2624 4416; x_wconf 90' lang='lat' dir='ltr'><strong>tactui</strong></span> <span class='ocrx_word' id='word_1_783' title='bbox 2672 4358 2962 4413; x_wconf 87' lang='lat' dir='ltr'><strong>resistens.</strong></span> <span class='ocrx_word' id='word_1_784' title='bbox 3013 4351 3148 4420; x_wconf 84' lang='lat' dir='ltr'><strong>Quis</strong></span> <span class='ocrx_word' id='word_1_785' title='bbox 3184 4365 3290 4407; x_wconf 87' lang='lat' dir='ltr'><strong>non</strong></span> <span class='ocrx_word' id='word_1_786' title='bbox 3360 4350 3546 4403; x_wconf 85' lang='lat' dir='ltr'><strong>videat</strong></span> 
     </span>
    </p>
   </div>
   <div class='ocr_carea' id='block_1_104' title="bbox 1966 4441 3548 4524">
    <p class='ocr_par' dir='ltr' id='par_1_104' title="bbox 1966 4441 3548 4524">
     <span class='ocr_line' id='line_1_104' title="bbox 1966 4441 3548 4524; baseline -0.016 -8"><span class='ocrx_word' id='word_1_787' title='bbox 1966 4471 2283 4516; x_wconf 82' lang='lat' dir='ltr'><strong>naturarum</strong></span> <span class='ocrx_word' id='word_1_788' title='bbox 2308 4454 2689 4524; x_wconf 83' lang='lat' dir='ltr'><strong>praprietates,</strong></span> <span class='ocrx_word' id='word_1_789' title='bbox 2713 4463 2837 4503; x_wconf 89' lang='lat' dir='ltr'><strong>cum</strong></span> <span class='ocrx_word' id='word_1_790' title='bbox 2867 4446 3091 4512; x_wconf 87' lang='lat' dir='ltr'><strong>spiritus</strong></span> <span class='ocrx_word' id='word_1_791' title='bbox 3154 4441 3372 4511; x_wconf 89' lang='lat' dir='ltr'><strong>quidem</strong></span> <span class='ocrx_word' id='word_1_792' title='bbox 3426 4452 3548 4493; x_wconf 87' lang='lat' dir='ltr'><strong>car-</strong></span> 
     </span>
    </p>
   </div>
   <div class='ocr_carea' id='block_1_105' title="bbox 1974 4534 3549 4613">
    <p class='ocr_par' dir='ltr' id='par_1_105' title="bbox 1974 4534 3549 4613">
     <span class='ocr_line' id='line_1_105' title="bbox 1974 4534 3549 4613; baseline -0.018 0"><span class='ocrx_word' id='word_1_793' title='bbox 1974 4571 2098 4613; x_wconf 89' lang='lat' dir='ltr'><strong>nem</strong></span> <span class='ocrx_word' id='word_1_794' title='bbox 2127 4564 2184 4609; x_wconf 85' lang='lat' dir='ltr'><strong>et</strong></span> <span class='ocrx_word' id='word_1_795' title='bbox 2205 4566 2327 4607; x_wconf 86' lang='lat' dir='ltr'><strong>ossa</strong></span> <span class='ocrx_word' id='word_1_796' title='bbox 2354 4564 2461 4604; x_wconf 91' lang='lat' dir='ltr'><strong>non</strong></span> <span class='ocrx_word' id='word_1_797' title='bbox 2495 4544 2716 4607; x_wconf 78' lang='lat' dir='ltr'><strong>habeat,</strong></span> <span class='ocrx_word' id='word_1_798' title='bbox 2758 4554 2880 4611; x_wconf 73' lang='lat' dir='ltr'><strong>qua:</strong></span> <span class='ocrx_word' id='word_1_799' title='bbox 2941 4535 3162 4607; x_wconf 88' lang='lat' dir='ltr'><strong>corpori</strong></span> <span class='ocrx_word' id='word_1_800' title='bbox 3215 4534 3451 4599; x_wconf 86' lang='lat' dir='ltr'><strong>adsunt;</strong></span> <span class='ocrx_word' id='word_1_801' title='bbox 3493 4538 3549 4586; x_wconf 91' lang='lat' dir='ltr'><strong>et</strong></span> 
     </span>
    </p>
   </div>
   <div class='ocr_carea' id='block_1_106' title="bbox 1966 4634 3549 4721">
    <p class='ocr_par' dir='ltr' id='par_1_106' title="bbox 1966 4634 3549 4721">
     <span class='ocr_line' id='line_1_106' title="bbox 1966 4634 3549 4721; baseline -0.02 -12"><span class='ocrx_word' id='word_1_802' title='bbox 1966 4663 2165 4721; x_wconf 90' lang='lat' dir='ltr'><strong>corpus</strong></span> <span class='ocrx_word' id='word_1_803' title='bbox 2192 4646 2410 4717; x_wconf 82' lang='lat' dir='ltr'><strong>quidem</strong></span> <span class='ocrx_word' id='word_1_804' title='bbox 2433 4639 2703 4702; x_wconf 85' lang='lat' dir='ltr'><strong>videatur,</strong></span> <span class='ocrx_word' id='word_1_805' title='bbox 2730 4634 2951 4706; x_wconf 86' lang='lat' dir='ltr'><strong>spiritus</strong></span> <span class='ocrx_word' id='word_1_806' title='bbox 2974 4640 3159 4685; x_wconf 86' lang='lat' dir='ltr'><strong>autem</strong></span> <span class='ocrx_word' id='word_1_807' title='bbox 3202 4641 3309 4682; x_wconf 91' lang='lat' dir='ltr'><strong>non</strong></span> <span class='ocrx_word' id='word_1_808' title='bbox 3352 4639 3549 4681; x_wconf 87' lang='lat' dir='ltr'><strong>cerna-</strong></span> 
     </span>
    </p>
   </div>
   <div class='ocr_carea' id='block_1_107' title="bbox 1966 4715 3552 4808">
    <p class='ocr_par' dir='ltr' id='par_1_107' title="bbox 1966 4715 3552 4808">
     <span class='ocr_line' id='line_1_107' title="bbox 1966 4715 3552 4808; baseline -0.019 -10"><span class='ocrx_word' id='word_1_809' title='bbox 1966 4715 2097 4807; x_wconf 35' lang='lat' dir='ltr'><strong>tur&#39;;</strong></span> <span class='ocrx_word' id='word_1_810' title='bbox 2131 4715 2327 4808; x_wconf 77' lang='lat' dir='ltr'><strong>corpus</strong></span> <span class='ocrx_word' id='word_1_811' title='bbox 2354 4729 2519 4789; x_wconf 87' lang='lat' dir='ltr'><strong>tactui</strong></span> <span class='ocrx_word' id='word_1_812' title='bbox 2551 4729 2624 4784; x_wconf 90' lang='lat' dir='ltr'><strong>sit</strong></span> <span class='ocrx_word' id='word_1_813' title='bbox 2656 4724 2973 4789; x_wconf 79' lang='lat' dir='ltr'><strong>obnoxium,</strong></span> <span class='ocrx_word' id='word_1_814' title='bbox 3005 4718 3227 4790; x_wconf 90' lang='lat' dir='ltr'><strong>spiritus</strong></span> <span class='ocrx_word' id='word_1_815' title='bbox 3249 4725 3430 4772; x_wconf 89' lang='lat' dir='ltr'><strong>autem</strong></span> <span class='ocrx_word' id='word_1_816' title='bbox 3449 4715 3552 4770; x_wconf 89' lang='lat' dir='ltr'><strong>sub</strong></span> 
     </span>
    </p>
   </div>
   <div class='ocr_carea' id='block_1_108' title="bbox 1970 4808 3548 4889">
    <p class='ocr_par' dir='ltr' id='par_1_108' title="bbox 1970 4808 3548 4889">
     <span class='ocr_line' id='line_1_108' title="bbox 1970 4808 3548 4889; baseline -0.018 -1"><span class='ocrx_word' id='word_1_817' title='bbox 1970 4842 2177 4889; x_wconf 83' lang='lat' dir='ltr'><strong>tactum</strong></span> <span class='ocrx_word' id='word_1_818' title='bbox 2200 4840 2306 4881; x_wconf 91' lang='lat' dir='ltr'><strong>non</strong></span> <span class='ocrx_word' id='word_1_819' title='bbox 2339 4821 2534 4878; x_wconf 86' lang='lat' dir='ltr'><strong>cadat?</strong></span> <span class='ocrx_word' id='word_1_820' title='bbox 2561 4816 2845 4885; x_wconf 89' lang='lat' dir='ltr'><strong>Quomodo</strong></span> <span class='ocrx_word' id='word_1_821' title='bbox 2895 4814 3063 4884; x_wconf 74' lang='lat' dir='ltr'><strong>igitur</strong></span> <span class='ocrx_word' id='word_1_822' title='bbox 3119 4808 3363 4867; x_wconf 87' lang='lat' dir='ltr'><strong>essentia</strong></span> <span class='ocrx_word' id='word_1_823' title='bbox 3417 4819 3548 4873; x_wconf 87' lang='lat' dir='ltr'><strong>una,</strong></span> 
     </span>
    </p>
   </div>
   <div class='ocr_carea' id='block_1_109' title="bbox 1968 4907 2751 4980">
    <p class='ocr_par' dir='ltr' id='par_1_109' title="bbox 1968 4907 2751 4980">
     <span class='ocr_line' id='line_1_109' title="bbox 1968 4907 2751 4980; baseline -0.024 0"><span class='ocrx_word' id='word_1_824' title='bbox 1968 4938 2090 4980; x_wconf 86' lang='lat' dir='ltr'><strong>cum</strong></span> <span class='ocrx_word' id='word_1_825' title='bbox 2118 4928 2270 4975; x_wconf 89' lang='lat' dir='ltr'><strong>tanta</strong></span> <span class='ocrx_word' id='word_1_826' title='bbox 2302 4915 2376 4971; x_wconf 86' lang='lat' dir='ltr'><strong>sit</strong></span> <span class='ocrx_word' id='word_1_827' title='bbox 2407 4907 2751 4966; x_wconf 76' lang='lat' dir='ltr'><strong>dill‘ereutia?</strong></span> 
     </span>
    </p>
   </div>
   <div class='ocr_carea' id='block_1_110' title="bbox 2340 4992 3179 5074">
    <p class='ocr_par' dir='ltr' id='par_1_110' title="bbox 2340 4992 3179 5074">
     <span class='ocr_line' id='line_1_110' title="bbox 2340 4992 3179 5074; baseline -0.015 -15"><span class='ocrx_word' id='word_1_828' title='bbox 2340 5004 2595 5074; x_wconf 83' lang='lat' dir='ltr'><strong>Ejusdem</strong></span> <span class='ocrx_word' id='word_1_829' title='bbox 2648 4999 2903 5053; x_wconf 78' lang='lat' dir='ltr'><strong>adversus</strong></span> <span class='ocrx_word' id='word_1_830' title='bbox 2948 4992 3179 5049; x_wconf 76' lang='lat' dir='ltr'><strong>eosdem.</strong></span> 
     </span>
    </p>
   </div>
   <div class='ocr_carea' id='block_1_111' title="bbox 2039 5083 3557 5171">
    <p class='ocr_par' dir='ltr' id='par_1_111' title="bbox 2039 5083 3557 5171">
     <span class='ocr_line' id='line_1_111' title="bbox 2039 5083 3557 5171; baseline -0.016 -13"><span class='ocrx_word' id='word_1_831' title='bbox 2039 5103 2185 5171; x_wconf 81' lang='lat' dir='ltr'><strong>Quid</strong></span> <span class='ocrx_word' id='word_1_832' title='bbox 2229 5097 2460 5155; x_wconf 70' lang='lat' dir='ltr'><strong>dicitis?</strong></span> <span class='ocrx_word' id='word_1_833' title='bbox 2493 5095 2623 5164; x_wconf 86' lang='lat' dir='ltr'><strong>quid</strong></span> <span class='ocrx_word' id='word_1_834' title='bbox 2667 5085 3095 5146; x_wconf 79' lang='lat' dir='ltr'><strong>demonstratis?</strong></span> <span class='ocrx_word' id='word_1_835' title='bbox 3148 5083 3279 5141; x_wconf 87' lang='lat' dir='ltr'><strong>Abit</strong></span> <span class='ocrx_word' id='word_1_836' title='bbox 3331 5090 3557 5137; x_wconf 81' lang='lat' dir='ltr'><strong>natura—</strong></span> 
     </span>
    </p>
   </div>
   <div class='ocr_carea' id='block_1_112' title="bbox 1974 5174 3557 5254">
    <p class='ocr_par' dir='ltr' id='par_1_112' title="bbox 1974 5174 3557 5254">
     <span class='ocr_line' id='line_1_112' title="bbox 1974 5174 3557 5254; baseline -0.015 -6"><span class='ocrx_word' id='word_1_837' title='bbox 1974 5214 2093 5254; x_wconf 78' lang='lat' dir='ltr'><strong>rum</strong></span> <span class='ocrx_word' id='word_1_838' title='bbox 2130 5190 2465 5252; x_wconf 76' lang='lat' dir='ltr'><strong>differentia,</strong></span> <span class='ocrx_word' id='word_1_839' title='bbox 2539 5196 2594 5240; x_wconf 90' lang='lat' dir='ltr'><strong>et</strong></span> <span class='ocrx_word' id='word_1_840' title='bbox 2659 5184 2867 5239; x_wconf 89' lang='lat' dir='ltr'><strong>nullum</strong></span> <span class='ocrx_word' id='word_1_841' title='bbox 2910 5194 3099 5235; x_wconf 89' lang='lat' dir='ltr'><strong>earum</strong></span> <span class='ocrx_word' id='word_1_842' title='bbox 3151 5174 3412 5230; x_wconf 88' lang='lat' dir='ltr'><strong>indicium</strong></span> <span class='ocrx_word' id='word_1_843' title='bbox 3472 5187 3557 5225; x_wconf 89' lang='lat' dir='ltr'><strong>re-</strong></span> 
     </span>
    </p>
   </div>
   <div class='ocr_carea' id='block_1_113' title="bbox 1979 5264 3556 5356">
    <p class='ocr_par' dir='ltr' id='par_1_113' title="bbox 1979 5264 3556 5356">
     <span class='ocr_line' id='line_1_113' title="bbox 1979 5264 3556 5356; baseline -0.019 -12"><span class='ocrx_word' id='word_1_844' title='bbox 1979 5286 2280 5356; x_wconf 88' lang='lat' dir='ltr'><strong>linquitur?</strong></span> <span class='ocrx_word' id='word_1_845' title='bbox 2329 5280 2621 5349; x_wconf 82' lang='lat' dir='ltr'><strong>Quomodo</strong></span> <span class='ocrx_word' id='word_1_846' title='bbox 2658 5278 2830 5345; x_wconf 83' lang='lat' dir='ltr'><strong>igitur</strong></span> <span class='ocrx_word' id='word_1_847' title='bbox 2886 5270 3192 5338; x_wconf 84' lang='lat' dir='ltr'><strong>subjectum</strong></span> <span class='ocrx_word' id='word_1_848' title='bbox 3259 5264 3556 5334; x_wconf 82' lang='lat' dir='ltr'><strong>appellabi-</strong></span> 
     </span>
    </p>
   </div>
   <div class='ocr_carea' id='block_1_114' title="bbox 1975 5352 3557 5434">
    <p class='ocr_par' dir='ltr' id='par_1_114' title="bbox 1975 5352 3557 5434">
     <span class='ocr_line' id='line_1_114' title="bbox 1975 5352 3557 5434; baseline -0.017 -1"><span class='ocrx_word' id='word_1_849' title='bbox 1975 5352 2136 5434; x_wconf 79' lang='lat' dir='ltr'><strong>mus?</strong></span> <span class='ocrx_word' id='word_1_850' title='bbox 2172 5375 2480 5430; x_wconf 84' lang='lat' dir='ltr'><strong>Verbumue</strong></span> <span class='ocrx_word' id='word_1_851' title='bbox 2519 5368 2694 5425; x_wconf 89' lang='lat' dir='ltr'><strong>solum</strong></span> <span class='ocrx_word' id='word_1_852' title='bbox 2718 5366 2741 5419; x_wconf 68' lang='grc' dir='ltr'><strong>ί</strong></span> <span class='ocrx_word' id='word_1_853' title='bbox 2768 5363 2955 5432; x_wconf 78' lang='lat' dir='ltr'><strong>Neque</strong></span> <span class='ocrx_word' id='word_1_854' title='bbox 2988 5361 3134 5415; x_wconf 87' lang='lat' dir='ltr'><strong>enim</strong></span> <span class='ocrx_word' id='word_1_855' title='bbox 3183 5356 3239 5412; x_wconf 90' lang='lat' dir='ltr'><strong>id</strong></span> <span class='ocrx_word' id='word_1_856' title='bbox 3288 5352 3557 5424; x_wconf 82' lang='lat' dir='ltr'><strong>quispiam</strong></span> 
     </span>
    </p>
   </div>
   <div class='ocr_carea' id='block_1_115' title="bbox 1972 5444 3562 5530">
    <p class='ocr_par' dir='ltr' id='par_1_115' title="bbox 1972 5444 3562 5530">
     <span class='ocr_line' id='line_1_115' title="bbox 1972 5444 3562 5530; baseline -0.017 -5"><span class='ocrx_word' id='word_1_857' title='bbox 1972 5484 2191 5527; x_wconf 86' lang='lat' dir='ltr'><strong>carnem</strong></span> <span class='ocrx_word' id='word_1_858' title='bbox 2222 5464 2439 5527; x_wconf 81' lang='lat' dir='ltr'><strong>dixerit,</strong></span> <span class='ocrx_word' id='word_1_859' title='bbox 2475 5461 2568 5530; x_wconf 89' lang='lat' dir='ltr'><strong>qui</strong></span> <span class='ocrx_word' id='word_1_860' title='bbox 2599 5471 2668 5512; x_wconf 87' lang='lat' dir='ltr'><strong>eo</strong></span> <span class='ocrx_word' id='word_1_861' title='bbox 2716 5455 2938 5510; x_wconf 87' lang='lat' dir='ltr'><strong>nomine</strong></span> <span class='ocrx_word' id='word_1_862' title='bbox 2962 5466 3023 5507; x_wconf 88' lang='lat' dir='ltr'><strong>se</strong></span> <span class='ocrx_word' id='word_1_863' title='bbox 3048 5448 3180 5505; x_wconf 86' lang='lat' dir='ltr'><strong>illud</strong></span> <span class='ocrx_word' id='word_1_864' title='bbox 3207 5454 3360 5517; x_wconf 88' lang='lat' dir='ltr'><strong>putet</strong></span> <span class='ocrx_word' id='word_1_865' title='bbox 3390 5444 3562 5499; x_wconf 86' lang='lat' dir='ltr'><strong>hono-</strong></span> 
     </span>
    </p>
   </div>
   <div class='ocr_carea' id='block_1_116' title="bbox 1984 5534 3560 5627">
    <p class='ocr_par' dir='ltr' id='par_1_116' title="bbox 1984 5534 3560 5627">
     <span class='ocr_line' id='line_1_116' title="bbox 1984 5534 3560 5627; baseline -0.02 -9"><span class='ocrx_word' id='word_1_866' title='bbox 1984 5578 2125 5618; x_wconf 83' lang='lat' dir='ltr'><strong>rare.</strong></span> <span class='ocrx_word' id='word_1_867' title='bbox 2159 5560 2229 5613; x_wconf 88' lang='lat' dir='ltr'><strong>At</strong></span> <span class='ocrx_word' id='word_1_868' title='bbox 2255 5554 2529 5627; x_wconf 86' lang='lat' dir='ltr'><strong>quomodo</strong></span> <span class='ocrx_word' id='word_1_869' title='bbox 2556 5565 2662 5605; x_wconf 88' lang='lat' dir='ltr'><strong>non</strong></span> <span class='ocrx_word' id='word_1_870' title='bbox 2704 5549 2880 5619; x_wconf 87' lang='lat' dir='ltr'><strong>ipsum</strong></span> <span class='ocrx_word' id='word_1_871' title='bbox 2931 5543 3147 5599; x_wconf 73' lang='lat' dir='ltr'><strong>adicitis</strong></span> <span class='ocrx_word' id='word_1_872' title='bbox 3204 5534 3560 5599; x_wconf 84' lang='lat' dir='ltr'><strong>contumelia,</strong></span> 
     </span>
    </p>
   </div>
   <div class='ocr_carea' id='block_1_117' title="bbox 1981 5623 3563 5714">
    <p class='ocr_par' dir='ltr' id='par_1_117' title="bbox 1981 5623 3563 5714">
     <span class='ocr_line' id='line_1_117' title="bbox 1981 5623 3563 5714; baseline -0.016 -8"><span class='ocrx_word' id='word_1_873' title='bbox 1981 5665 2102 5707; x_wconf 88' lang='lat' dir='ltr'><strong>cum</strong></span> <span class='ocrx_word' id='word_1_874' title='bbox 2138 5623 2297 5703; x_wconf 81' lang='lat' dir='ltr'><strong>talem</strong></span> <span class='ocrx_word' id='word_1_875' title='bbox 2334 5644 2502 5714; x_wconf 71' lang='lat' dir='ltr'><strong>ipsius</strong></span> <span class='ocrx_word' id='word_1_876' title='bbox 2531 5639 2827 5697; x_wconf 83' lang='lat' dir='ltr'><strong>essentiam</strong></span> <span class='ocrx_word' id='word_1_877' title='bbox 2877 5633 3084 5707; x_wconf 81' lang='lat' dir='ltr'><strong>putatis</strong></span> <span class='ocrx_word' id='word_1_878' title='bbox 3113 5645 3259 5696; x_wconf 81' lang='lat' dir='ltr'><strong>esse,</strong></span> <span class='ocrx_word' id='word_1_879' title='bbox 3309 5636 3373 5684; x_wconf 89' lang='lat' dir='ltr'><strong>ut</strong></span> <span class='ocrx_word' id='word_1_880' title='bbox 3404 5623 3563 5683; x_wconf 82' lang='lat' dir='ltr'><strong>alteri</strong></span> 
     </span>
    </p>
   </div>
   <div class='ocr_carea' id='block_1_118' title="bbox 1524 5806 2569 5879">
    <p class='ocr_par' dir='ltr' id='par_1_118' title="bbox 1524 5806 2569 5879">
     <span class='ocr_line' id='line_1_118' title="bbox 1524 5806 2569 5879; baseline -0.016 -4"><span class='ocrx_word' id='word_1_881' title='bbox 1524 5821 1541 5851; x_wconf 88' lang='grc'>³</span> <span class='ocrx_word' id='word_1_882' title='bbox 1569 5820 1611 5874; x_wconf 85' lang='grc' dir='ltr'><strong>ιι</strong></span> <span class='ocrx_word' id='word_1_883' title='bbox 1647 5818 1772 5875; x_wconf 80' lang='lat' dir='ltr'><strong>Cur.</strong></span> <span class='ocrx_word' id='word_1_884' title='bbox 1808 5830 1929 5879; x_wconf 75' lang='lat' dir='ltr'><strong>xm,</strong></span> <span class='ocrx_word' id='word_1_885' title='bbox 1964 5814 2013 5868; x_wconf 70' lang='grc' dir='ltr'>ί.</span> <span class='ocrx_word' id='word_1_886' title='bbox 2091 5812 2108 5841; x_wconf 67' lang='grc'>⁸</span> <span class='ocrx_word' id='word_1_887' title='bbox 2139 5811 2268 5865; x_wconf 65' lang='lat' dir='ltr'><strong>Luc.</strong></span> <span class='ocrx_word' id='word_1_888' title='bbox 2300 5825 2450 5863; x_wconf 70' lang='lat' dir='ltr'><strong>xxiv.</strong></span> <span class='ocrx_word' id='word_1_889' title='bbox 2480 5806 2569 5861; x_wconf 78' lang='lat'><strong>59.</strong></span> 
     </span>
    </p>
   </div>
  </div>
