3952 6608
184 442 355 509 1ίῖἓό

1187 452 1561 512 PANOI‘LIA
1607 451 2063 513 noenum.
2100 477 2164 487 -
2204 454 2354 514 Tl'l‘.
2404 424 2566 516 XVI.

3354 456 3492 522 10Ξὸ

180 557 470 627 κωμένην
500 557 702 629 φαμέν.
747 557 921 613 Τοῦτο
961 560 1067 629 γὰρ
1100 560 1173 623 ὡς
1197 555 1352 633 οἶμαι
1381 561 1529 633 αὐτῷ
1552 560 1801 631 βούλεται

1912 559 2088 629 Cyrilli
2136 561 2300 615 verba
2368 560 2695 631 significare.
2759 558 2868 616 Nos
2932 570 3110 617 autem
3182 563 3297 620 hare
3354 580 3491 621 eon-

178 645 406 717 δη).οὖν
459 649 540 712 τὸ,
589 647 779 718 Ἡμεῖς
804 649 861 702 δὲ
896 648 1196 713 ἐνῶπα-,τες
1225 652 1385 713 αὐτὰ,
1417 652 1513 704 ἕνα
1544 651 1799 721 Χριστὸν,

182 737 306 791 ἕνα
342 738 551 809 Κύριον
584 738 978 810 ὁμολογοῦμεν,
1009 741 1102 793 καὶ
1129 742 1316 794 λοιπὸν
1344 742 1472 811 μίαν
1498 740 1593 795 τοῦ
1624 742 1801 809 Λόγου

188 832 377 898 φύσιν
395 831 847 901 σεσαρκωμένην.
874 833 1187 899 Τουτέστιν,
1205 834 1395 904 Ἡμεῖς
1413 834 1802 903 ὁμολογοῦντες

191 925 311 995 τὴν
346 925 543 978 ἕνωσιν
571 925 784 979 καὶτὸν
829 925 1003 996 αὐτῆς
1058 927 1300 996 ἀκριϐῶς
1356 926 1477 998 μετ’
1519 927 1801 990 εὐσεϐείας

194 1016 611 1087 διαρθροῦντες
635 1019 838 1090 τρόπον
858 1060 872 1083 ,
913 1020 1013 1071 οὐκ
1051 1017 1337 1088 ὲχρήμεθα
1364 1021 1428 1089 τῇ
1486 1022 1800 1091 σημαντικῇ

194 1113 366 1179 φωνῇ
395 1112 495 1180 τῆς
525 1112 789 1180 διαφορᾶς
821 1110 953 1181 πρὸς
984 1110 1218 1181 δήλωσιν
1242 1111 1339 1180 τῆς
1364 1093 1629 1176 ὲνὼσεωςξ
1668 1110 1804 1164 ἀλλὰ

192 1199 310 1267 τὴν
346 1199 449 1268 μὲν
480 1200 571 1251 ἐπὶ
595 1200 690 1268 τῆς
718 1198 1004 1269 διαφορᾶς,
1037 1200 1136 1271 τὴν
1162 1200 1218 1254 δὲ
1263 1202 1353 1254 ἐπὶ
1408 1201 1506 1273 τῆς
1558 1200 1803 1264 ἐνώσεως

198 1292 546 1363 προσφόρως
580 1292 1039 1361 ἐκλαμϐάνοντες,
1102 1293 1406 1365 ἀσύγχυτον
1460 1294 1802 1364 φυλάττομεν

196 1385 324 1435 τῶν
356 1385 776 1455 σημαινομένων
831 1385 923 1439 τὸν
981 1385 1133 1440 νοῦν.
1169 1387 1275 1449 Ὠς
1330 1386 1515 1439 λοιπὸν
1553 1386 1804 1439 ἐντεῦθεν

199 1472 359 1530 εἶναι
389 1477 572 1547 δῆλον,
598 1480 678 1531 ὅτι
703 1478 881 1531 κοινὸν
902 1479 1052 1548 αὐτῴ
1083 1478 1178 1532 καὶ
1236 1479 1315 1550 τῷ
1370 1480 1651 1552 Νεστορίῳ
1706 1479 1803 1533 τοῦ

203 1571 400 1637 λέγειν
432 1571 528 1623 δύο
552 1574 743 1640 φύσεις
769 1570 928 1643 μέχρι
968 1570 1065 1625 τοῦ
1122 1572 1416 1640 γινώσκειν
1465 1573 1565 1643 τὴν
1611 1573 1803 1642 διαφο-

204 1662 342 1732 ρὰν,
369 1662 555 1715 οὐκέτι
578 1662 635 1716 δὲ
658 1664 835 1716 κοινὸν
858 1658 927 1733 ἦν
951 1664 1011 1717 τὸ
1038 1664 1136 1717 καὶ
1161 1666 1258 1736 τὴν
1293 1664 1487 1719 ἕνωσιν
1522 1665 1804 1736 ὁμολογεῖν

201 1751 295 1821 τῷ
318 1752 500 1820 λέγειν
533 1753 628 1805 ἕνα
660 1754 810 1817 Υίὺν,
845 1754 942 1807 ἕνα
975 1753 1201 1826 Κύριον,
1233 1757 1327 1808 καὶ
1356 1756 1485 1827 μίαν
1511 1755 1605 1809 τοῦ
1625 1758 1803 1826 Λόγου

206 1841 386 1908 φύσιν
442 1841 902 1914 σεσαρκωμένην,
970 1843 1111 1917 ὅπερ
1162 1846 1461 1917 Νεστόριος
1517 1849 1692 1902 είπεῖν
1739 1850 1802 1902 οὐ

205 1934 565 2002 κατεδὲχετο.
596 1933 684 2003 Τῷ
707 1934 819 2005 γὰρ
850 1936 1105 2005 φάσκειν,
1140 1938 1305 1992 Οὕτω
1331 1939 1432 1992 καὶ
1454 1940 1556 1994 ἐπὶ
1580 1942 1805 2008 Νεστο-

198 2028 385 2093 ριίου,
416 2025 533 2079 κᾶν
563 2025 712 2095 λέγῃ
742 2028 852 2080 δύο
876 2028 1096 2098 φύσεις
1124 2030 1239 2098 τὴν
1263 2031 1561 2101 διαφορὰν
1588 2034 1807 2102 σημαί-

208 2130 345 2171 νών
372 2118 482 2187 τῆς
511 2122 759 2189 σαρκὸς,
790 2121 888 2174 καί
919 2122 1025 2176 τοῦ
1059 2123 1208 2177 Θεοῦ
1252 2127 1472 2196 Λόγου,
1519 2127 1659 2182 ἀλλ’
1703 2131 1804 2183 οὺ-

207 2209 347 2263 κέτι
380 2210 496 2278 τὴν
525 2210 745 2265 ἕνωσιν
768 2214 1057 2283 ὁμολογεῖ
1083 2215 1213 2286 μεθ’
1245 2217 1435 2286 ἡμῶν,
1464 2217 1566 2273 οὐκ
1613 2219 1740 2273 ἄλλο
1767 2218 1803 2292 ἢ

205 2300 382 2356 τοῦτο
426 2303 676 2373 βούλεται
700 2304 915 2374 δηλοῦν,
941 2308 1023 2361 ὅτι
1049 2307 1347 2381 Νεστόριος
1375 2311 1478 2381 τὴν
1527 2312 1628 2383 μὲν
1688 2312 1805 2367 δια-

210 2395 402 2464 φορὰν
433 2393 554 2463 μεθ’
594 2397 751 2465 ἡμῶν
786 2395 1044 2467 ὁμολογεῖ
1095 2397 1191 2452 δύο
1231 2399 1446 2467 φύσεις,
1492 2400 1594 2472 τὴν
1643 2402 1701 2455 δὲ
1744 2402 1805 2456 ἒ-

209 2503 393 2541 νωσιν
419 2489 519 2541 οὐκ
568 2487 649 2542 ἔτι
703 2490 824 2560 μεθ’
868 2492 1027 2561 ἡμῶν
1072 2494 1345 2562 ὁμολογεῖ,
1394 2493 1475 2565 μὴ
1502 2493 1675 2563 λέγων
1706 2496 1803 2550 ἕνα

210 2576 479 2645 Χριστὸν,
508 2578 603 2632 ἕνα
640 2580 788 2641 Υίὸν.
818 2580 917 2634 ἕνα
944 2580 1170 2650 Κύριον,
1204 2583 1298 2636 καὶ
1330 2584 1462 2653 μίαν
1495 2585 1593 2639 τοῦ
1627 2586 1801 2654 Λόγου

209 2671 390 2737 φύσιν
413 2672 861 2740 σεσαρκωμένην.
893 2672 1004 2725 Καὶ
1055 2672 1230 2742 σαφὲς
1277 2673 1437 2727 τοῦτο
1496 2675 1802 2747 καθέστηκε

208 2763 334 2823 τοῖς
374 2761 471 2816 τοῦ
526 2762 691 2816 καλοῦ
737 2765 1018 2835 ἐρασταῖς,
1084 2767 1181 2819 καὶ
1222 2766 1284 2819 τὸ
1333 2766 1533 2839 ἀληθὲς
1584 2770 1803 2840 ἀγαπᾷν

211 2855 614 2909 ἑσπουδακόσιν
642 2857 706 2909 ἐκ
734 2857 829 2910 τοῦ
854 2856 1106 2927 μηδαμοῦ
1131 2858 1416 2926 φαίνεσθαι
1437 2859 1529 2913 τὸν
1548 2860 1804 2916 διδάσκα-

208 2946 312 2999 λον
345 2948 380 3017 ἢ
414 2947 691 3000 κωλύοντα
721 2949 899 3017 λέγειν
927 2949 1021 3003 δύο
1055 2949 1246 3018 φύσεις
1276 2951 1416 3021 μετὰ
1447 2952 1547 3024 τὴν
1585 2954 1802 3022 ἕνωσιν,

210 3041 252 3111 ἦ
281 3040 588 3113 ἀνῃρῆσθαι
613 3040 932 3095 διδάσκοντα
961 3041 1059 3113 τὴν
1085 3043 1351 3113 διαφορὰν
1388 3045 1499 3099 τῶν
1524 3048 1807 3104 συνελθόν-

208 3148 331 3183 των
394 3133 532 3201 μετὰ
582 3132 683 3203 τὴν
746 3132 964 3197 ἕνωσιν,
989 3134 1066 3196 ὡς
1110 3134 1258 3189 ἔστιν
1290 3137 1354 3188 ἐκ
1387 3137 1596 3209 μυρίων
1639 3141 1804 3195 αὐτοῦ

1903 647 2190 720 iungentes
2222 665 2387 704 unum
2421 652 2725 717 Christum,
2766 667 2931 705 unum
2976 652 3259 710 Dominum
3322 659 3495 711 conﬁ-

1906 750 2105 807 temur,
2159 751 2213 797 et
2242 743 2494 813 deinceps
2538 760 2695 798 unam
2734 745 2893 800 Verbi
2955 755 3206 801 naturam
3271 763 3491 804 carnem

1906 833 2285 902 assumpsisse.
2350 831 2403 885 Id
2468 844 2569 896 est,
2607 850 2704 889 nos
2730 835 3163 903 coniunctionem
3220 838 3490 893 conﬁten-

1908 934 2006 986 tes,
2041 923 2265 994 ejusque
2310 926 2573 981 rationem
2613 925 2895 994 diligenter
2927 937 2981 982 et
3023 927 3111 997 pie
3138 930 3489 999 explicantes.

1906 1015 2223 1070 differentiae
2268 1030 2448 1069 vocem
2498 1032 2602 1068 non
2648 1017 3010 1084 adhibuimus,
3039 1026 3098 1072 ut
3153 1021 3494 1091 coniunctio-

1906 1125 2028 1165 nem
2056 1108 2488 1177 ostenderemus,
2543 1109 2637 1163 sed
2705 1109 2863 1163 aliam
2912 1110 3127 1180 quidem
3163 1114 3215 1166 in
3242 1113 3494 1169 dilTeren-

1907 1203 2002 1267 tia,
2035 1203 2197 1256 aliam
2237 1203 2288 1255 itt
2346 1200 2728 1272 conjunctione
2767 1204 3029 1258 rationem
3068 1219 3306 1276 congrue
3368 1223 3496 1263 sus—
3578 1268 3581 1271 λ

1906 1296 2168 1362 οἰιιὶνηιεε
2224 1292 2448 1348 minime
2482 1293 2767 1349 confusum
2822 1310 3002 1350 rerum
3062 1294 3492 1366 signiﬁcatarnm

1906 1401 2121 1441 sensum
2161 1402 2484 1453 servamus;
2509 1398 2567 1441 ut
2594 1386 2722 1442 inde
2756 1388 3092 1456 perspicuum
3112 1388 3221 1457 iam
3248 1388 3338 1454 sit,
3365 1388 3494 1442 illud

1906 1479 2108 1552 Cyrillo
2146 1480 2316 1534 fuisse
2366 1495 2488 1533 cum
2522 1478 2771 1535 Nestorio
2806 1494 3112 1543 commune,
3146 1491 3205 1535 ut
3239 1481 3374 1537 duas
3402 1498 3499 1534 na-

1907 1581 2057 1627 turas
2091 1574 2320 1633 diceret.
2354 1584 2582 1627 eatenus
2629 1582 2686 1626 ut
2720 1572 3076 1627 diﬂ‘erentiam
3111 1582 3494 1641 cognosceret;

1906 1665 2185 1734 proprium
2238 1677 2418 1719 autem
2465 1665 2613 1729 illud,
2642 1676 2700 1718 ut
2739 1665 3175 1733 coniunctionem
3205 1667 3496 1719 conﬁtere-

1908 1764 2017 1823 tur,
2091 1766 2146 1811 et
2202 1758 2406 1813 diceret
2467 1772 2632 1811 unum
2688 1756 2987 1815 Christum,
3049 1772 3216 1811 unum
3276 1756 3496 1820 Filium,

1909 1862 2073 1902 unum
2114 1847 2426 1912 Dominum,
2461 1858 2513 1902 et
2565 1862 2724 1901 unam
2762 1845 2920 1900 Verbi
2976 1855 3226 1900 naturam
3274 1862 3495 1902 carnem

1904 1940 2284 2007 assumpsisse,
2342 1940 2485 2011 quod
2533 1940 2752 2009 quidem
2782 1937 3066 1994 Nestorius
3108 1939 3290 1995 dicere
3346 1954 3496 1994 recu-

1908 2032 2085 2088 sabat.
2114 2031 2353 2088 Dicendo
2392 2030 2535 2086 enim
2567 2032 2647 2086 sic
2676 2042 2731 2085 et
2759 2031 2826 2086 de
2858 2030 3107 2085 Nestorio
3138 2048 3154 2085 :
3184 2029 3334 2085 Licet
3366 2031 3499 2084 duas

1906 2132 2119 2179 asserat
2143 2134 2389 2184 naturas.
2412 2123 2770 2178 diﬁ‘erentiam
2791 2123 3102 2193 signiﬁcans
3133 2122 3313 2177 carnis
3331 2129 3387 2176 et
3404 2122 3497 2176 Dei

1906 2212 2090 2280 Verbi,
2124 2230 2228 2271 non
2260 2222 2439 2269 tamen
2467 2213 2901 2282 coniunctionem
2935 2215 3215 2270 nobiscum
3274 2214 3499 2269 cantite-

1905 2315 2013 2373 tur,
2042 2306 2179 2362 nihil
2214 2306 2359 2362 aliud
2382 2305 2497 2362 vult
2525 2306 2836 2376 signiﬁcare
2860 2306 2963 2361 nisi
2994 2324 3008 2361 :
3033 2306 3314 2362 Nestorius
3339 2304 3499 2360 diﬁc-

1904 2399 2140 2456 tentiam
2167 2399 2388 2470 quidem
2440 2398 2723 2454 nobiscum
2788 2398 3099 2463 conﬁtetur,
3163 2412 3288 2452 cum
3363 2397 3498 2451 duas

1911 2506 2136 2552 naturas
2186 2493 2376 2560 d-icat;
2410 2502 2467 2547 at
2518 2492 2956 2562 coniunctionem
3031 2492 3316 2547 nobiscum
3387 2505 3495 2544 non

1909 2581 2218 2648 conﬁtetur,
2248 2593 2375 2634 cum
2395 2592 2561 2633 unum
2582 2575 2883 2642 Christum,
2900 2592 3062 2631 unum
3082 2575 3304 2639 Filium,
3332 2590 3499 2631 unum

1909 2671 2195 2726 Dominum
2223 2685 2328 2725 non
2363 2670 2531 2735 dicat,
2567 2682 2666 2723 nec
2710 2683 2870 2722 unam
2901 2668 3064 2725 Verbi
3100 2677 3348 2722 naturam
3380 2680 3503 2722 car-

1907 2778 2032 2817 nem
2071 2760 2456 2831 assumpsisse,
2473 2768 2529 2814 et
2593 2759 2694 2814 hoc
2722 2762 3007 2830 perspicue
3041 2768 3190 2829 patet
3245 2758 3500 2813 honesta-

1911 2855 1983 2911 tis
2039 2855 2391 2923 veritatisque
2438 2852 2697 2908 studiosis
2759 2868 2825 2907 ex
2891 2868 2956 2908 eo
3024 2851 3167 2923 quod
3232 2866 3498 2921 nusquam

1907 2957 2133 3018 apparet
2154 2947 2471 3016 magistrum
2505 2956 2597 2999 aut
2614 2945 2958 3017 prohibuisse
2983 2945 3160 2999 dicere
3187 2945 3320 3000 duas
3344 2950 3502 3000 natu-

1908 3054 2001 3094 ras
2021 3049 2143 3109 post
2169 3037 2630 3107 coniunctionem,
2659 3046 2748 3092 aut
2791 3037 3039 3093 docuisse
3083 3037 3494 3105 coniunctorum

1908 3131 2274 3188 diﬁ'ereutiam
2312 3131 2425 3187 tolli
2470 3141 2593 3200 post
2650 3131 3108 3202 coniunctionem,
3147 3131 3289 3200 quod
3318 3146 3385 3185 ex
3414 3130 3501 3183 in-

216 3226 674 3296 συγγραμμάτων
718 3225 1082 3295 καταμαθεῖν.
1128 3225 1190 3280 Εί
1240 3229 1424 3283 τοίνυν
1480 3231 1568 3286 ἀεὶ
1629 3234 1727 3301 μὲν
1772 3237 1804 3307 ἡ

1913 3222 2345 3279 numerabilibus
2403 3223 2571 3293 ipsius
2631 3224 2849 3292 scriptis
2878 3223 3005 3278 licet
3064 3223 3384 3294 intelligere.
3440 3218 3498 3276 Si

214 3316 419 3377 ἓνωσις
446 3317 701 3387 ἔστηκεν,
729 3317 817 3371 ἀεὶ
840 3317 897 3370 δὲ
923 3317 1018 3371 καὶ
1044 3316 1113 3370 τὰ
1135 3317 1409 3372 ἑνωθέντα
1451 3322 1606 3390 μένει
1636 3325 1808 3393 ἀσύγ-

214 3426 385 3480 χυτα,
422 3408 510 3461 ἀεὶ
537 3408 592 3460 δὲ
617 3410 711 3462 καὶ
741 3410 773 3478 ἡ
802 3409 909 3462 τῶν
933 3409 1244 3463 ἑνωθέντων
1266 3409 1503 3476 σώζεται
1546 3413 1806 3486 διαφορὰ,

213 3503 287 3555 δι’
317 3504 385 3573 ἦν
409 3506 436 3555 ὁ
465 3502 698 3572 ἀριθμὸς
750 3502 1079 3575 παρελήφθη
1143 3504 1288 3558 κατά
1331 3505 1462 3566 τοὺς
1512 3505 1762 3576 Πατέρας
1787 3525 1802 3540 ι

219 3595 345 3657 πῶς
383 3596 483 3646 οὐκ
531 3593 767 3663 ἀνάγκη,
808 3594 967 3665 εἴπερ
1006 3594 1115 3665 ἄρα
1163 3596 1249 3648 ἀεὶ
1296 3597 1330 3668 ἠ
1375 3597 1593 3662 ἒνωησις,
1620 3600 1715 3652 καὶ
1737 3602 1807 3655 τὰ

220 3686 518 3749 ἐνωθέντα,
557 3686 651 3738 καί
678 3686 711 3756 ἡ
741 3686 945 3738 τούτων
965 3686 1199 3759 διαφορὰ
1220 3688 1443 3760 ἔστηκε,
1482 3692 1577 3745 καὶ
1626 3694 1801 3761 μένει,

222 3781 318 3834 καὶ
348 3777 603 3849 σώζεται,
639 3777 733 3830 καὶ
762 3776 855 3830 δύο
881 3777 1073 3846 φύσεις
1102 3779 1282 3845 λέγειν
1310 3781 1404 3835 ἐπὶ
1426 3781 1656 3852 δηλώσει
1709 3786 1807 3853 τῆς

220 3873 337 3924 τῶν
370 3869 735 3923 συνελθόντων
773 3871 1060 3939 διαφορᾶς,
1117 3876 1211 3924 καὶ
1253 3871 1416 3927 πάλιν
1475 3874 1606 3943 μίαν
1642 3876 1808 3944 φύσιν

220 3959 321 4014 τοῦ
352 3960 486 4013 Θεοῦ
516 3961 690 4030 Λόγου
720 3963 1150 4033 σεσαρκωμένην
1191 3963 1474 4034 ὁμολογεῖν
1513 3968 1650 4037 πρὸς
1719 3968 1807 4021 ἐν·

220 4058 390 4121 δειξιν
420 4057 520 4126 τῆς
553 4056 673 4110 καθ’
699 4056 999 4110 ὑπόστασιν
1027 4057 1300 4122 ὲνώσεως,
1325 4059 1449 4130 μηδ’
1475 4060 1671 4131 ἑτέρας
1696 4062 1807 4116 τῶν

222 4150 422 4221 φωνῶν
452 4151 655 4203 τούτων
688 4149 931 4220 δηλονότι
962 4149 1051 4203 διὰ
1087 4152 1188 4221 τῆς
1230 4152 1424 4223 ἐτέρας
1473 4154 1807 4227 ἀναιρουμέ-

220 4261 348 4313 νης,
373 4243 449 4306 ὼς
472 4242 620 4295 δοκεῖ
648 4258 791 4296 τισιν
829 4242 1090 4296 ὑπόθεσιν
1116 4242 1310 4314 σοφίας
1336 4245 1691 4315 ποιουμένοις
1742 4248 1806 4303 τὸ

225 4338 435 4402 ἄσοφον
465 4348 480 4400 ;

230 4509 567 4585 Τοῦ-αὺτοῦ
601 4508 876 4585 περὶτῆς
906 4510 1147 4577 ῥήσεως
1177 4511 1283 4585 τοῦ
1306 4513 1478 4585 ἁγίου
1502 4518 1808 4585 Κυρίλλου

300 4581 414 4647 τῆς
445 4582 595 4647 πρὸς
642 4581 993 4634 Σούκενσον
1054 4579 1735 4655 κειμένηςεπιστᾰλῆς.

306 4673 419 4744 Οὐχ
450 4671 633 4734 ἁπλῶς
660 4671 909 4739 φαίνεται
935 4671 1034 4741 τὴν
1078 4671 1175 4726 τοῦ
1233 4673 1546 4746 ἀδιαιρέτου
1597 4680 1816 4748 ἀπαγο.

226 4765 411 4838 ρεὺων
440 4768 627 4835 φωνὴν
655 4767 684 4817 ὁ
721 4767 993 4835 μακάριος
1034 4766 1323 4837 Κύριλλος,
1373 4770 1512 4824 ἀλλὰ
1568 4773 1683 4843 καὶ⁴
1714 4774 1813 4845 τὴν

224 4859 526 4929 Νεστορίου
558 4858 851 4912 κακόνοιαν
900 4861 1349 4931 προφερομένην,
1406 4864 1666 4935 σχετικὴν
1712 4867 1816 4935 φά-

228 4967 459 5014 σκοντος
508 4948 838 5019 γεγενῆσθαι
879 4949 981 5021 τὴν
1023 4951 1242 5017 ἕνωσιν,
1300 4954 1376 5018 ὡς
1417 4957 1580 5021 αὐτὸς
1632 4959 1815 5030 ἑαυτῷ

229 5043 547 5111 Κύριλλοςό
576 5041 842 5110 μακάριος
869 5042 1165 5112 μαρτυρῶν
1204 5042 1479 5098 δείκνυται
1518 5046 1613 5099 ἐπὶ
1672 5048 1815 5101 τέλει

228 5135 331 5203 τῆς
363 5132 497 5202 πρὸς
527 5129 829 5183 Σούκενσον
869 5130 1127 5198 δευτέρας
1178 5134 1496 5203 ἐπιστολῆς,
1558 5136 1653 5188 καὶ
1701 5140 1815 5202 τοῖς

228 5225 374 5290 ἄγαν
406 5221 730 5292 φιλονείκως
760 5222 851 5273 τὸν
882 5220 1079 5275 ἑαυτοῦ
1110 5224 1315 5276 σκοπὸν
1341 5229 1669 5296 ποιούμενος
1714 5245 1817 5297 φα-

236 5318 421 5386 νερὴν,
451 5298 596 5368 οὕτω
628 5314 804 5382 λέγων
823 5332 838 5347 ’
901 5333 920 5367 ι
949 5315 1023 5367 Τὸ
1068 5316 1125 5369 δὲ
1180 5316 1499 5388 ἁδιαιρέτως
1521 5321 1816 5389 προστεθὲν

231 5409 383 5463 δοκεῖ
446 5408 562 5471 πῶς
618 5409 747 5478 παρ’
779 5409 913 5479 ἡμῖν
956 5407 1119 5477 ὀρθῆς
1148 5408 1308 5477 ὥξῆς
1361 5406 1501 5465 εἶναι
1553 5428 1816 5482 σημαντι-

232 5503 328 5556 κόν
370 5518 385 5532 ·
432 5501 586 5554 αὐτοὶ
617 5500 675 5554 δὲ
694 5499 792 5569 οὐχ
817 5498 960 5552 οὕτω
994 5498 1198 5553 νοοῦσι.
1246 5501 1320 5554 Τὸ
1348 5502 1467 5575 λγὰρ
1509 5504 1816 5576 ἀδιαίρετον

230 5598 366 5665 παρ’
397 5595 580 5657 αὐτοῖς
610 5593 754 5647 κατὰ
787 5591 888 5655 τὰς
939 5592 1238 5662 Νεστορίου
1286 5596 1620 5664 κενοφωνίας
1688 5597 1813 5651 καθ’

226 5693 422 5764 ἕτερον
450 5689 792 5762 λαμϐάνεται
818 5688 1040 5759 τρόπον.
1076 5690 1214 5742 Φασὶ
1233 5690 1361 5761 γὰρ,
1392 5691 1475 5743 ὅτι
1530 5694 1597 5762 τῇ
1651 5694 1817 5747 ἰσοτιο

231 5786 358 5859 μία,
390 5787 457 5857 τῇ
485 5782 859 5857 ταυτοὸουλίᾳ,
900 5785 969 5856 τῇ
1033 5782 1292 5852 αὑθεντίξι
1345 5784 1653 5856 ἀδιαίρετός
1698 5788 1812 5841 ἐστι

228 5877 329 5936 τοῦ
390 5876 527 5935 Θεοῦ
558 5880 757 5955 ,Λόγου
832 5880 889 5932 ἐν
942 5873 988 5948 ᾧ
1036 5879 1361 5952 κατῴκησεν
1403 5882 1432 5935 ὁ
1501 5881 1810 5952 ἄνθρωπος,

1911 3315 2078 3387 igitur
2112 3329 2329 3385 semper
2367 3315 2567 3370 mansit
2631 3315 2970 3386 coniunctio,
3005 3326 3054 3370 et
3110 3330 3329 3387 semper
3382 3329 3503 3385 qua:

1911 3410 2202 3479 coniuncta
2231 3418 2378 3474 sunt,
2404 3418 2628 3463 manent
2669 3410 2787 3465 sine
2812 3409 3151 3472 confusione,
3177 3423 3497 3480 semperque

1911 3501 2323 3568 coniunctorum
2361 3500 2665 3559 ditl'erentia
2723 3511 2990 3566 servatur,
3062 3512 3278 3571 propter
3338 3516 3501 3571 quam

1909 3607 2167 3647 numerus
2195 3607 2224 3645 a
2281 3594 2525 3661 partibus
2571 3603 2861 3661 susceptus
2920 3604 3022 3655 cst,
3061 3607 3243 3646 nonne
3280 3608 3506 3647 necesse

1907 3692 2013 3750 est,
2040 3684 2085 3738 si
2119 3698 2333 3751 semper
2380 3695 2432 3740 et
2457 3684 2796 3754 coniunctio,
2817 3694 3015 3752 etquae
3042 3682 3326 3748 conjuncta
3357 3694 3504 3751 sunt,

1908 3782 1964 3829 et
1999 3789 2188 3828 eorum
2230 3773 2529 3828 diﬁcrt-ntia
2567 3774 2793 3835 mansit,
2842 3782 2897 3826 et
2939 3782 3121 3827 manet
3173 3789 3236 3828 ac
3280 3790 3505 3829 conser-

1908 3876 2089 3933 vatur,
2131 3878 2184 3920 et
2215 3866 2350 3921 duas
2382 3876 2604 3921 naturas
2664 3865 2844 3919 dicere
2869 3867 2934 3917 ad
2972 3865 3351 3919 declarandam
3410 3881 3508 3921 eo-

1911 3973 2031 4012 rum
2060 3972 2179 4027 qute
2208 3956 2496 4027 coniuncta
2523 3965 2673 4024 sunt,
2730 3955 3116 4020 dillercntintn,
3176 3965 3230 4011 et
3292 3974 3506 4012 rursum

1910 4065 2073 4105 unam
2105 4050 2195 4106 Dei
2234 4049 2393 4105 Verbi
2426 4059 2673 4105 naturant
2709 4067 2927 4106 carnem
2965 4052 3345 4119 assumpsisse,
3402 4066 3509 4121 quo

1911 4144 2319 4199 demonstretur
2350 4145 2651 4198 secundum
2672 4157 2960 4213 personam
3005 4144 3339 4211 coniunctio,
3374 4161 3511 4201 neu-

1912 4245 1995 4290 tra
2031 4233 2285 4289 nimirum
2336 4233 2565 4290 istarum
2622 4249 2814 4291 vocum
2848 4250 2945 4307 per
3002 4236 3224 4292 alteram
3274 4239 3511 4307 sublata,

1911 4338 1970 4382 ut
2004 4324 2330 4395 quibusdam
2393 4325 2630 4393 videtur,
2670 4328 2760 4397 qui
2817 4326 3188 4398 insipientiam
3234 4329 3512 4401 sapientia:

1914 4418 2126 4475 faciunt
2151 4429 2528 4488 argumentum
2552 4419 2577 4474 τ

1842 4561 1886 4617 D
1916 4528 2198 4601 Ejusdem,
2232 4528 2296 4583 de
2323 4529 2496 4617 sancti
2514 4528 2906 4617 gyriillindicto,
2937 4530 3078 4600 quod
3105 4531 3333 4599 positum
3356 4540 3433 4585 ut
3456 4533 3512 4587 in

2363 4598 2583 4666 epistola
2615 4601 2683 4653 ad
2712 4598 3058 4657 Succensnm.

1988 4694 2107 4750 Non
2132 4692 2460 4762 simpliciter
2483 4693 2813 4746 indivisibt’lis
2838 4694 3108 4751 vocabulo
3140 4708 3271 4751 usus
3286 4709 3410 4752 esse
3429 4696 3513 4752 vi-

1916 4789 2074 4843 detur
2096 4786 2290 4840 beatus
2310 4782 2569 4854 Cyrillus,
2593 4785 2687 4838 sed
2712 4784 2974 4839 adversus
3001 4785 3291 4841 versutiam
3319 4786 3515 4843 Nesto-

1918 4878 2121 4949 rii,qui
2150 4876 2592 4946 coniunctionem
2619 4877 2806 4934 habitu
2847 4876 3064 4935 dicebat
3112 4889 3383 4935 constare.
3422 4880 3511 4937 Sic

1915 4975 2061 5028 enim
2106 4984 2203 5026 suo
2252 4970 2561 5027 testimonio
2584 4971 2874 5027 conﬁrmat
2909 4973 3097 5028 beatus
3126 4972 3237 5041 ipse
3259 4971 3510 5044 Cyrillus,

1918 5065 1972 5119 in
2000 5074 2247 5120 extrema
2280 5074 2436 5134 parte
2494 5064 2718 5121 alterius
2770 5066 2839 5121 ad
2868 5064 3205 5122 Succensum
3236 5066 3520 5137 epistula:r

1918 5157 2361 5227 sententiamque
2395 5172 2551 5211 suam
2585 5159 2838 5229 litigiosis
2875 5158 3191 5214 hominibus
3225 5160 3510 5227 patefacit,

1925 5250 2013 5303 his
2043 5249 2265 5304 verbis:
2314 5268 2333 5301 ι
2369 5249 2503 5305 Illud
2559 5261 2761 5316 autem,
2809 5250 3146 5317 indiuist’bile,
3175 5248 3510 5320 adiunctum,

1920 5341 2131 5394 videtur
2161 5340 2313 5408 apud.
2358 5357 2458 5397 nos
2510 5353 2712 5397 rectam
2766 5342 3217 5411 signiﬁcationem
3251 5341 3513 5395 retinete.

1916 5436 1986 5486 At
2016 5431 2105 5487 isti
2132 5432 2273 5487 haud
2304 5432 2375 5488 ita
2394 5433 2656 5488 sentiunt.
2680 5431 3002 5486 Indivisibt'lc
3028 5432 3172 5487 enim
3200 5432 3346 5500 apud
3367 5433 3514 5499 ipsos

1918 5540 1985 5580 ex
2020 5525 2167 5578 inani
2221 5526 2473 5581 doctrina
2525 5524 2757 5580 Nestorii
2795 5525 2895 5577 alia
2943 5524 3150 5577 ratiutte
3222 5522 3512 5592 accipitur.

1918 5618 2087 5671 Aiunt
2119 5617 2265 5670 enim
2331 5616 2627 5681 hominem,
2687 5618 2739 5670 in
2778 5631 2884 5684 quo
2946 5614 3182 5669 Verbum
3222 5612 3513 5678 habitavit,

1921 5718 2036 5762 tum
2094 5708 2383 5777 dignitate,
2433 5717 2549 5761 tum
2594 5708 2889 5773 voluntate,
2925 5716 3035 5761 tum
3066 5706 3396 5761 auctoritate
3444 5705 3513 5761 ab

1920 5801 2036 5868 ipso
2061 5797 2168 5852 Deo
2202 5797 2370 5854 Verbo
2392 5811 2513 5854 esse
2543 5799 2943 5854 indivisibilem.
2980 5798 3055 5852 Ex
3087 5813 3195 5866 quo
3220 5807 3388 5867 patet,
3421 5811 3513 5851 eos

1930 5906 2035 5946 non
2107 5889 2425 5961 simpliciter
2468 5892 2633 5947 vctba
2667 5890 2933 5958 proferre,
2985 5892 3079 5948 sed
3124 5907 3247 5947 cum
3305 5888 3426 5946 dolo
3462 5896 3517 5945 et
