3952 6604
484 463 622 531 1027

1711 456 2092 516 ΕΗΤΗΥΜΙΙ
2135 457 2490 517 ZIGABENI

3596 454 3718 519 1028

480 578 858 634 calliditate.»
957 570 1250 641 Dupliciter
1296 567 1467 639 accipi
1550 568 1865 621 vocabulum
1948 568 2048 620 hoc

2165 569 2313 621 Ὠστε
2344 571 2441 640 οὑχ
2469 571 2649 632 ἁπλῶς
2679 569 2775 633 τὰς
2800 569 2968 635 λέξεις
2993 567 3377 638 προφέρουσιν,
3421 567 3559 623 ἀλλὰ
3592 574 3721 639 μετά

480 669 797 724 indivisibile
852 674 1036 736 aperte
1068 665 1248 729 docet,
1279 673 1338 717 ut
1383 662 1555 723 vides,
1588 660 1842 727 magister
1879 659 2051 711 admi-

483 757 692 820 rabilis,
751 754 913 809 velut
938 752 1367 821 coniunctionem
1406 751 1459 804 in
1495 765 1722 817 persona
1755 750 2052 818 signiticet,

480 865 643 920 quam
676 848 888 919 quidem
921 846 1037 916 ipse
1086 843 1535 916 signiﬁcationem
1591 844 1779 912 probat
1812 858 1828 907 ;
1862 840 1943 894 vel
2000 849 2055 891 ut

479 942 914 1010 coniunctionem
972 940 1025 994 in
1079 938 1265 993 habitu
1314 936 1570 997 declaret,
1629 933 1928 1003 quamipsc
1981 932 2058 986 si-

476 1037 874 1107 gniﬁcationem
908 1029 1196 1100 improbat,
1255 1038 1308 1079 et
1350 1026 1416 1081 ab
1482 1025 1736 1078 omnibus
1788 1023 1891 1092 piis
1955 1022 2056 1073 iun-

480 1126 808 1195 prohandam
844 1131 1047 1185 monet,
1082 1135 1205 1174 cum
1235 1133 1300 1173 ex
1331 1116 1573 1187 eiusdem
1616 1115 1765 1170 vocis
1813 1127 2056 1183 pronun-

482 1220 704 1273 tiatione
739 1216 876 1271 clatn
902 1212 1170 1269 haeretica
1201 1210 1492 1279 impietatis
1524 1223 1794 1263 venenum
1844 1205 2055 1274 simpli-

480 1309 721 1365 cioribus
778 1316 939 1377 queat
1007 1306 1293 1373 obrepere.
1342 1303 1521 1369 Quare
1544 1316 1603 1355 se
1656 1302 1788 1353 duas
1834 1306 2057 1353 naturas

480 1400 842 1457 indivisibiles
875 1408 1019 1453 recte
1045 1397 1248 1451 dixisse
1297 1393 1563 1458 declarat,
1642 1390 1898 1459 quoniam
1945 1391 2058 1460 ipse

481 1492 921 1563 coniunctionem
963 1488 1016 1543 in
1050 1502 1279 1559 persona
1314 1484 1610 1549 intellexit;
1646 1494 1697 1536 at
1729 1497 1760 1536 a
1822 1480 2056 1536 Nestorii

480 1582 737 1641 studiosis
790 1580 863 1634 ita
921 1592 1133 1642 vocem,
1189 1574 1526 1638 indivisibile,
1579 1572 1849 1637 adhiberi,
1876 1581 1934 1625 ut
1967 1586 2059 1625 su-

489 1687 673 1747 specta
706 1690 828 1730 esse
860 1672 1074 1737 debeat,
1106 1669 1303 1740 quippe
1328 1668 1422 1738 qui
1458 1665 1889 1736 coniunctionem
1914 1664 2062 1718 habi-

478 1774 537 1819 tu
569 1762 936 1819 tantummodo
965 1759 1160 1815 iactam
1204 1759 1465 1813 sentiant.
1515 1756 1835 1825 Coniunctiu
1898 1755 2061 1825 igitur

480 1857 535 1910 in
568 1870 796 1926 persona
821 1868 886 1908 ex
920 1852 1138 1906 Patrum
1173 1850 1443 1905 sententia
1472 1858 1554 1904 est
1591 1868 1610 1900 ι
1641 1847 1875 1904 essentia
1907 1843 2057 1900 diﬂ'e-

2156 680 2301 726 τινος
2331 661 2484 715 δόλου
2542 665 2633 716 καὶ
2687 664 3043 733 κακουργίας.
3082 680 3100 713 ι
3143 662 3274 716 Ἰδοὺ
3333 662 3521 729 σαφῶς
3558 663 3723 715 διττδν

2158 749 2425 818 ὑπάρχειν
2458 749 2546 802 τδν
2576 749 2668 801 τοῦ
2699 750 3007 819 ἀδιαιρέτου
3039 749 3239 820 τρόπον
3280 747 3563 801 ὑπέθετοό
3602 750 3725 803 Ouu-

2160 842 2352 908 μάσιος
2374 835 2528 902 οὗτος
2558 840 2897 906 διδάσκαλος,
2922 844 3011 892 τδν
3034 840 3133 910 μὲν
3157 840 3256 910 τὴν
3284 839 3405 893 καθ’
3434 840 3725 895 ὑπόστασιν

2159 933 2491 1003 σημαίνοντα
2508 934 2719 993 ἕνωσιν.
2745 934 2804 986 δν
2832 934 2926 986 καὶ
2954 932 3327 1003 ἀσπαζόμενος
3364 933 3532 1002 ὀρθῆς

2157 1020 2299 1079 εἷναί
2324 1043 2457 1096 φησι
2487 1026 2822 1096 σημαντικόν
2857 1042 2870 1056 ο
2897 1025 2988 1078 τὸν
3016 1026 3073 1079 δὲ
3105 1026 3273 1096 μόνης
3302 1025 3404 1095 τῆς
3432 1026 3580 1078 κατὰ
3609 1028 3725 1096 σχέ-

2159 1134 2244 1171 σιν
2282 1117 2575 1186 συναφείας
2601 1116 2918 1189 δηλωτικόν,
2952 1117 3012 1170 δν
3048 1118 3142 1170 καὶ
3170 1116 3602 1187 ἀποστρέφεται,
3641 1120 3727 1171 καὶ

2157 1211 2268 1272 τοῖς
2300 1210 2510 1273 πιστοῖς
2541 1209 2699 1263 τοῦτο
2725 1210 2856 1263 αὐτὸ
2886 1211 3060 1264 ποιεῖν
3090 1212 3347 1279 παραινεῖ
3376 1211 3440 1261 ὲκ
3464 1207 3568 1277 τῆς
3597 1210 3725 1262 κατὰ

2155 1300 2257 1374 την
2302 1302 2447 1369 λέξιν
2479 1302 2671 1371 ὁμοίας
2704 1304 2983 1373 προφορᾶς
3013 1302 3276 1365 πολλάκις
3318 1301 3413 1354 τὸν
3442 1301 3543 1370 τῆς
3586 1302 3725 1370 αἱρε-

2155 1395 2315 1461 τικῆς
2338 1393 2656 1458 δυσσεϐείας
2690 1393 2766 1447 inv
2807 1395 2921 1457 τοῖς
2973 1394 3384 1463 ἀκεραιοτέροις
3428 1394 3724 1462 λεληθότως

2160 1483 2453 1553 ἐμϐάλλειν
2483 1485 2805 1554 δυνάμενον,
2828 1485 2951 1537 ὅθεν
2990 1485 3121 1554 παρ’
3168 1484 3343 1553 ἐαυτῷ
3373 1484 3476 1553 μὲν
3532 1484 3595 1536 τὸ
3642 1482 3723 1535 δῦο

2158 1576 2337 1644 λέγειν
2360 1577 2697 1646 ἀδιαιρέτους
2715 1577 2898 1646 φύσεις
2926 1576 3206 1647 δρθόδοξον
3256 1576 3492 1640 τίθεται,
3548 1577 3722 1644 ἐπειδὴ

2158 1665 2320 1729 αὑτὸς
2354 1665 2477 1720 καθ’
2501 1666 2800 1720 ὑπόστασιν
2825 1662 2964 1720 εἶναι
2994 1665 3092 1736 τὴν
3119 1667 3316 1720 ἕνωσιν
3354 1665 3514 1732 ἔλεγε
3535 1682 3551 1697 ο
3586 1668 3721 1730 πειξᾶ

2157 1753 2216 1809 δι
2237 1756 2347 1810 τῶν
2363 1756 2503 1810 κατὰ
2531 1756 2827 1827 Νεστόριον
2858 1758 3280 1828 προφερομένην
3323 1756 3572 1809 ὕποπτον
3614 1773 3720 1806 ποι-

2161 1846 2303 1899 εῖται
2326 1846 2425 1917 τὴν
2455 1844 2641 1919 φωνὴν
2670 1846 2764 1901 τοῦ
2792 1848 3120 1919 ἀδιαιρέτου,
3151 1846 3337 1919 ἐπειδὴ
3389 1847 3537 1900 κατὰ
3569 1847 3720 1918 μόνην

480 1946 712 2000 rentium
740 1957 1043 1999 concursus
1067 1943 1121 1997 in
1156 1956 1315 1995 unam
1340 1954 1650 2010 personam,
1693 1952 1813 1993 cum
1852 1948 2059 1991 utrum-

2165 1937 2261 2010 τὴν
2325 1940 2579 2009 σχετικὴν
2642 1939 2941 2009 συνάφειαν
2993 1939 3092 2011 τὴν
3154 1940 3349 1992 ἕνωσιν
3407 1938 3723 2010 γεγενῆσθαι

486 2056 591 2106 quc
626 2053 810 2092 eorum
845 2050 967 2104 qua:
999 2036 1285 2104 canittnaa
1319 2042 1467 2098 sunt,
1500 2030 1802 2086 naturalem
1849 2030 2064 2092 habeat,

480 2142 537 2187 et
560 2144 765 2195 veram,
796 2137 851 2181 et
885 2125 1297 2189 immutabilem,
1334 2134 1388 2179 et
1413 2121 1795 2179 indivisibilem
1820 2121 2065 2192 proprie-

481 2230 675 2277 tatem.
718 2238 737 2272 ι
768 2218 1092 2289 Coniunctio
1115 2227 1318 2284 autem,
1346 2231 1466 2286 qua:
1489 2215 1676 2271 habitu
1707 2214 1787 2280 tit,
1807 2224 1890 2270 est
1912 2231 1932 2267 ι
1970 2228 2067 2270 eo-

482 2328 602 2365 rum
634 2328 753 2380 qnaa
789 2327 883 2381 per
899 2326 959 2366 se
977 2309 1192 2382 prOpria
1213 2307 1265 2362 in
1283 2306 1541 2378 singulari
1561 2305 1864 2362 subsistunt
1879 2318 2067 2376 perso-

482 2418 585 2468 na;
610 2418 706 2471 par
728 2402 1025 2459 voluntatis
1072 2411 1274 2465 motus,
1307 2410 1362 2455 et
1386 2398 1735 2455 immutabilis
1770 2400 2067 2453 animorum

477 2508 793 2550 consensus.
806 2493 1192 2561 sQuamobrem
1210 2491 1300 2563 qui
1319 2491 1754 2560 coniunctionem
1772 2491 1825 2543 in
1838 2503 2068 2560 persona

479 2588 788 2655 conﬁtetur,
822 2587 941 2642 licet
973 2588 1104 2643 duas
1129 2588 1181 2640 in
1242 2584 1460 2641 Christo
1487 2584 1632 2639 dicat
1666 2592 1888 2638 naturas
1948 2596 2071 2653 pos;

481 2677 926 2747 coniunctionem
983 2676 1192 2731 ratione
1235 2674 1545 2729 indivisibili
1599 2674 1907 2745 copulatas,
1942 2690 2071 2730 con-

475 2769 761 2839 iunctione
813 2766 1068 2821 nimirutn
1123 2764 1178 2820 in
1222 2779 1477 2836 persona,
1511 2765 1556 2819 is
1585 2764 1718 2819 nihil
1770 2766 1986 2818 aberrat
2040 2778 2068 2817 a

479 2857 727 2912 veritate.
762 2858 833 2912 Ea
864 2857 1008 2912 enim
1040 2871 1104 2910 ex
1136 2855 1334 2917 quibus
1364 2863 1581 2910 constat
1650 2855 1923 2920 Christus,
1971 2852 2071 2906 mi-'

480 2951 624 3004 nime
670 2948 892 3004 confusa
928 2960 1152 3021 propter
1178 2947 1536 3005 diﬂereutiaut
1572 2957 1843 3002 servatam
1875 2960 1939 3002 ex
1969 2942 2071 2998 Pa-

479 3054 632 3097 trum
686 3042 955 3098 settteutia
1021 3042 1329 3106 conﬁtetur,
1371 3056 1493 3096 cum
1559 3040 1791 3094 naturali
1860 3039 2071 3093 ratione

479 3132 785 3190 diﬂerentia
834 3148 1000 3188 unum
1031 3147 1152 3189 esse
1192 3148 1303 3187 non
1337 3134 1585 3187 desinant
1615 3130 1907 3185 secundum
1940 3143 2071 3199 per-

487 3241 701 3283 sonam.
735 3224 839 3291 Qui
861 3239 989 3280 vero
1018 3224 1456 3294 coniunctionem
1484 3222 1680 3279 asserit
1702 3223 1889 3277 habitu
1938 3236 2069 3276 con-

485 3325 659 3383 stare,
685 3317 810 3370 licet
833 3315 1029 3371 millies
1054 3316 1196 3369 dicat
1220 3314 1568 3378 indivisibile,
1586 3313 2066 3383 reprehensionem

487 3423 595 3464 non
631 3408 785 3464 vitat.
845 3408 1025 3464 Mutua
1065 3408 1207 3462 enim
1260 3417 1315 3463 et
1344 3407 1602 3463 benevola
1638 3408 1870 3478 quadam
1905 3407 2068 3462 aﬂ‘ec—

485 3502 630 3557 tione
659 3502 947 3570 coniuncta
981 3509 1143 3569 atque
1173 3499 1524 3555 indivisibili:
1563 3497 1695 3553 dicit
1718 3514 1838 3555 esse
1862 3514 1924 3554 ea
1948 3514 2070 3570 qua:

485 3593 885 3665 signiﬁcantur,
918 3593 1068 3647 nullo
1091 3603 1270 3647 autem
1303 3592 1462 3646 modo
1489 3601 1663 3661 potest
1695 3592 1875 3647 dicere
1907 3606 2068 3646 unam

484 3702 603 3742 esse
646 3698 934 3755 personam
972 3682 1141 3738 Deum
1201 3680 1432 3738 Verbum
1479 3682 1602 3737 cum
1655 3681 1826 3751 ipsius
1853 3683 2069 3752 propria

489 3794 556 3834 ex
597 3779 755 3835 nobis
794 3787 1005 3849 sumpta
1033 3790 1197 3832 carne
1229 3776 1468 3830 animata
1499 3783 1787 3845 menteque
1821 3776 2066 3847 przedita.

488 3874 562 3928 Ex
594 3872 799 3926 duabus
830 3872 974 3925 enim
1005 3869 1241 3939 propriis
1289 3867 1562 3939 personis,
1622 3882 1742 3935 qua:
1788 3867 1855 3922 ad
1907 3868 2071 3925 unius

489 3963 690 4033 speciei
721 3962 1022 4027 individua,
1057 3959 1271 4029 propria
1314 3959 1525 4015 ratione
1566 3958 1899 4026 dividantur,
1963 3976 2068 4015 una

488 4056 603 4111 ilcri
646 4068 872 4124 persona
901 4068 1006 4106 non
1050 4061 1249 4119 potest.
1304 4049 1666 4116 Quamobrem
1704 4065 1811 4103 non
1857 4050 2070 4120 simpli-

488 4149 625 4201 citer
659 4161 753 4201 cos
775 4142 1119 4214 reprehendit
1149 4151 1205 4196 et
1236 4142 1410 4210 reiicit
1439 4140 1630 4197 beatus
1683 4139 1845 4196 Pater
1887 4156 2072 4198 noster

487 4238 742 4310 Cyrillus,
769 4235 859 4306 qui
898 4235 1109 4291 ratione
1135 4232 1447 4290 indivisibili
1477 4236 1610 4291 duas
1660 4241 1884 4289 naturas
1938 4248 2072 4290 cou-

478 4337 708 4407 iunctas
742 4328 928 4383 dicunt
958 4335 1077 4397 post
1121 4324 1559 4395 coninnttionem
1585 4339 1602 4390 ;
1628 4325 1721 4379 sed
1766 4338 1953 4381 eorum
1978 4327 2069 4395 qui

494 4420 678 4475 verbis
712 4419 798 4474 his
832 4417 1152 4482 abutuntur,
1186 4418 1534 4471 sententiam.
1585 4413 1644 4471 Si
1672 4415 1835 4486 igitur
1883 4430 2073 4470 nume-

488 4526 603 4581 rus,
634 4521 691 4567 ut
714 4521 826 4567 tum
868 4525 937 4566 ex
965 4520 1278 4566 sanctorum
1312 4510 1533 4564 Patrum
1580 4510 1815 4579 scriptis,
1850 4519 1960 4563 tum
2002 4523 2070 4564 ex

2164 2028 2406 2098 ἐδόξαζε.
2432 2030 2574 2085 Καθ’
2598 2031 2898 2085 ὑπόστασιν
2924 2032 3023 2101 μὲν
3054 2027 3148 2086 οὖν
3191 2032 3388 2094 ἱνωσίς
3430 2034 3551 2084 ἐστι
3598 2032 3722 2085 κατὰ

2164 2125 2291 2186 τοὺς
2329 2122 2575 2195 Πατέρας
2607 2124 2641 2194 ὴ
2666 2124 2776 2177 τῶν
2799 2123 3150 2191 ἐτεροουσίων
3185 2124 3263 2186 εἰς
3314 2122 3447 2191 μίαν
3502 2121 3724 2174 {mona-

2168 2231 2255 2270 σιν
2280 2215 2520 2279 σύνοδος,
2554 2216 2817 2286 ἐκατέρου
2838 2214 2949 2268 τῶν
2980 2215 3102 2271 κατ’
3136 2214 3306 2285 αὐτὴν
3362 2215 3723 2284 συγκειμένων

2166 2311 2305 2381 πρὸς
2339 2309 2399 2362 τι
2421 2308 2609 2379 ἕτερον
2641 2308 2740 2380 τὴν
2776 2309 3012 2381 φυσικὴν
3054 2310 3295 2380 ἰδιότητα
3335 2309 3634 2363 ἀνόθευτόν
3673 2326 3722 2361 τι

2166 2402 2263 2457 καὶ
2286 2398 2663 2473 ἀμετάϐλητον
2688 2401 2897 2471 ἔχοντος
2931 2405 3027 2455 καὶ
3059 2401 3384 2473 ἀδιαίρετον.
3423 2401 3653 2471 Σχετικὴ
3676 2400 3723 2452 δὲ

2167 2492 2363 2555 ἓνωσίς
2388 2494 2598 2565 ἔστινή
2630 2494 2739 2547 τῶν
2794 2492 2919 2547 κατ’
2954 2493 3153 2557 αὑτοὺς
3208 2493 3394 2556 ιδικῶς
3445 2494 3506 2547 ὲν
3553 2492 3721 2563 μονάσι

2168 2589 2547 2656 προσωπικαῖς
2575 2583 2899 2654 ὑφεστώτων
2923 2586 3011 2656 ἴση
3044 2585 3347 2655 Θελήματος
3383 2586 3623 2653 κίνησις,
3644 2584 3721 2637 καὶ

2168 2679 2451 2748 γνωμικῆς
2490 2676 2813 2747 ταυτότητος
2846 2674 3247 2746 ἀπαραλλαξία.
3292 2677 3352 2729 '0
3394 2678 3579 2728 τοίνυν
3612 2678 3720 2744 ὁμο·

2169 2770 2344 2839 λογῶν
2375 2771 2473 2839 τὴν
2527 2768 2651 2823 καθ’
2698 2770 2997 2822 ὑπόστασιν
3039 2768 3257 2832 ἕνωσιν,
3304 2767 3413 2821 κᾶν
3464 2767 3559 2819 δύο
3607 2767 3718 2836 λέγῃ

2170 2862 2363 2931 φύσεις
2386 2862 2477 2916 ἐπὶ
2504 2860 2739 2931 Χριστοῦ
2761 2860 2901 2930 μετὰ
2923 2859 3019 2930 τὴν
3038 2859 3237 2912 ἕνωσιν
3256 2855 3543 2930 ἡνωμένας
3572 2861 3720 2911 ἄξιαι-

2174 2956 2366 3024 ρέτως,
2432 2953 2625 3008 ἑνώσει
2683 2953 2926 3021 δηλονότι
2988 2954 3054 3023 τῇ
3112 2952 3237 3004 καθ’
3275 2953 3720 3018 ὑπόστασιν,τῆς

2168 3045 2430 3116 ἀληθείας
2456 3045 2579 3098 καθ’
2611 3044 2793 3098 ὁτιοῦν
2823 3046 2882 3098 οὑ
2911 3045 3289 3115 διαμαρτάνει.
3320 3045 3402 3097 Τὰ
3424 3045 3534 3115 γὰρ
3563 3045 3621 3109 ὲξ
3657 3038 3719 3097 ὧν

2172 3138 2453 3208 σύγκειται
2476 3139 2503 3191 ό
2531 3138 2766 3208 Χριστὸς
2792 3137 3073 3207 ἁσύγχυτα
3108 3138 3477 3207 μεμενηκέναι
3511 3137 3597 3191 διὰ
3636 3140 3719 3206 τὴν

2175 3231 2495 3301 σωζομένην
2524 3229 2787 3300 διαφορὰν
2820 3230 2963 3282 κατὰ
2988 3231 3113 3293 τοὺς
3159 3229 3413 3299 Πατέρας
3460 3230 3718 3298 ὁμολογεῖ,

2167 3323 2264 3377 τοῦ
2299 3322 2421 3376 καθ’
2453 3320 2747 3374 ὑπόστασιν
2804 3321 2923 3384 ἑνός
2974 3320 3226 3390 οὐδαμῶς
3267 3323 3337 3375 τὰ
3394 3320 3475 3393 τῷ
3527 3322 3721 3391 φυσικῷ

2168 3415 2313 3486 λόγῳ
2357 3413 2601 3483 ἀλλήλων
2658 3412 2983 3483 διαφέροντα
3045 3414 3200 3477 ἐκτὸς
3232 3412 3393 3478 εἶναι⁹
3426 3419 3523 3469 καὶ
3571 3419 3720 3487 χωρὶς

2169 3506 2294 3560 καθ’
2327 3505 2636 3575 οίονδήποτε
2665 3504 2863 3576 τρόπον
2904 3506 3192 3573 γινώσκειν
3218 3504 3537 3576 δυνάμενος.
3581 3508 3639 3561 ὐ
3676 3510 3723 3562 δὲ

2169 3600 2267 3667 τὴν
2297 3597 2435 3650 κατὰ
2468 3596 2651 3667 σχέσιν
2690 3597 3008 3668 πρεσϐεύων
3048 3598 3258 3659 ἕνωσιν.
3296 3600 3399 3651 κᾶν
3444 3602 3493 3651 εἰ
3548 3604 3725 3671 μυριά-

2170 3708 2255 3753 κις
2281 3689 2418 3762 λέγῃ
2445 3689 2507 3742 τὸ
2530 3687 2851 3759 ἀδιαίρετον,
2880 3689 2941 3741 τὸ
2967 3689 3223 3757 ἐπίψογον
3252 3691 3539 3761 κέκτηται.
3593 3694 3726 3746 Κατά

2170 3798 2289 3834 τινα
2321 3780 2429 3850 γὰρ
2452 3778 2799 3849 ἀγαπητικὴν
2853 3779 3189 3834 συνδιάθεσιν
3230 3782 3493 3851 ἡνῶσθαι,
3548 3788 3641 3839 καὶ
3676 3789 3725 3839 τὸ

2171 3870 2472 3940 ἀδιαίρετον
2550 3869 2693 3939 ἔχειν
2736 3868 2885 3936 λέγει
2938 3867 3007 3921 τὰ
3060 3872 3453 3939 σημαινόμενα,
3493 3876 3723 3945 occupa,-

2176 3967 2303 4035 μίαν
2336 3965 2637 4017 ὑπόστασιν
2666 3957 2804 4015 εἶναι
2830 3962 2921 4015 τὸν
2962 3962 3093 4015 θεὸν
3123 3964 3296 4031 Λόγον
3330 3968 3470 4035 μετὰ
3528 3971 3627 4039 τῆς
3676 3972 3724 4033 ἐξ

2171 4059 2328 4129 ἡμῶν
2361 4057 2497 4119 ἰδίας
2522 4056 2684 4110 αὑτοῦ
2706 4054 2948 4126 ιμψύχου
2988 4074 3049 4110 τε
3088 4059 3182 4111 καὶ
3229 4057 3379 4113 ἔννου
3428 4063 3630 4131 σαρκὸς
3658 4067 3722 4116 εἰσ

2170 4151 2295 4203 πεῖν
2323 4144 2429 4211 οἷός
2454 4166 2511 4201 τε
2536 4147 2630 4202 ὢν.
2669 4150 2763 4203 Ἐκ
2797 4150 2889 4202 δύο
2913 4150 3019 4221 γὰρ
3051 4150 3401 4205 ὑποστάσεων
3424 4153 3611 4207 ίδικῶν
3636 4155 3725 4207 τῶν

2172 4243 2307 4312 πρὸς
2344 4243 2414 4294 τὰ
2456 4241 2674 4311 ὁμοειδῆ
2714 4241 2891 4309 ἄτομα
2946 4241 3099 4311 ίδικῷ
3136 4242 3278 4314 λόγῳ
3325 4249 3724 4317 μεμερισμένων

2174 4331 2303 4403 μίαν
2332 4331 2584 4399 γενέσθαι
2607 4332 2901 4385 ὑπόστασιν
2922 4334 3221 4403 ἀμήχανον.
3252 4334 3416 4387 Ὥστε
3446 4336 3545 4406 οὑχ
3560 4336 3723 4400 ἁπλῶς

2171 4423 2463 4489 διαϐάλλει,
2526 4423 2620 4476 καὶ
2668 4423 3052 4491 ἀποπέμπεται
3104 4424 3133 4477 δ
3179 4424 3332 4493 ἅγιος
3355 4427 3551 4497 Πατὴρ
3589 4430 3722 4499 ἡμῶν

2174 4515 2441 4587 Κὺριλλος
2468 4516 2528 4568 τὸ
2552 4514 2732 4585 λέγειν
2760 4513 2853 4567 δύο
2879 4514 3067 4583 φύσεις
3091 4516 3376 4587 ἡνωμένας
3420 4519 3720 4591 ἀδιαιρέτως

485 4603 758 4660 communi
801 4601 1187 4670 cogitationum
1231 4612 1501 4654 consensu
1554 4598 2064 4662 demonstravimus,

2176 4608 2314 4678 μετὰ
2340 4609 2437 4678 τὴν
2462 4607 2674 4671 ἕνωσιν,
2706 4606 2842 4660 ἀλλὰ
2884 4606 2982 4677 τὴν
3049 4610 3459 4679 σημαινομένην
3501 4610 3587 4663 διὰ
3639 4611 3719 4679 τῆς

487 4698 690 4754 nullam
722 4710 820 4752 nec
848 4693 999 4761 facit,
1034 4707 1134 4748 nec
1162 4692 1384 4763 patitur,
1437 4703 1536 4744 nec
1589 4689 1794 4743 inducit
1844 4687 2064 4742 divisio-

486 4805 631 4858 nem,
653 4788 748 4844 sed
777 4785 1097 4856 simpliciter
1117 4782 1357 4840 ostendit
1377 4790 1508 4851 quot
1536 4795 1763 4850 qumque
1794 4780 1926 4843 sint,
1957 4792 2063 4833 non

456 4871 669 4938 autem
710 4878 978 4949 quomodo
1001 4892 1059 4933 se
1098 4873 1284 4930 habitu
1332 4874 1589 4938 habeant,
1642 4887 1887 4942 quasnam
1949 4885 2067 4927 sec-

489 4971 675 5035 tionis,
702 4978 795 5022 aut
825 4966 1106 5023 divisionis
1162 4963 1377 5034 reliqua
1438 4971 1613 5032 potest
1663 4976 1782 5017 esse
1829 4962 2066 5030 suspicio

489 5063 632 5127 istis,
684 5060 777 5128 qui
856 5058 910 5112 iu
989 5063 1177 5112 sancta
1244 5054 1337 5110 Dei
1401 5052 1642 5111 Ecclesia
1717 5065 2061 5110 conttnovcnt

487 5158 781 5215 seditiones
816 5157 840 5208 τ

2161 4699 2417 4770 τοιαύτης
2470 4702 2651 4768 φωνῆς
2708 4696 2816 4751 τῶν
2867 4697 3053 4761 κακῶς
3099 4700 3465 4769 χρησαμένων
3513 4702 3715 4757 ἔννοιαν.

2165 4792 2230 4845 Εἰ
2263 4789 2442 4843 τοίνυν
2471 4789 2733 4843 δέδεικται
2762 4788 2825 4841 ἔκ
2868 4807 2926 4842 τε
2967 4790 3077 4843 τῶν
3104 4791 3277 4858 ἁγίων
3303 4794 3583 4864 Πατέρων.
3644 4799 3717 4846 καὶ

2162 4885 2262 4951 τῆς
2290 4881 2399 4935 τῶν
2432 4881 2624 4934 κοινῶν
2654 4881 2871 4935 ἐννοιῶν
2903 4881 3242 4948 ἀκολουθίας,
3276 4884 3352 4949 ὡς
3398 4883 3497 4957 τὴν
3531 4887 3715 4940 οἱανοῐν

2166 4975 2430 5044 διαίρεσιν
2461 4973 2583 5025 οὔτε
2615 4972 2811 5035 ποιεῖν,
2837 4970 2959 5024 οὕτε
2994 4974 3246 5043 πάσχειν,
3278 4974 3401 5027 οὔτε
3444 4979 3713 5043 εἰσάγεινό

2168 5068 2400 5137 ἀριθμὸς
2424 5065 2667 5129 δύναται,
2704 5064 2818 5117 ἀλλ’
2840 5065 3021 5126 ἁπλῶς
3052 5066 3151 5130 μὲν
3184 5066 3337 5134 δηλοί
3357 5070 3423 5121 τὰ
3450 5072 3605 5135 ποσὰ,
3630 5072 3711 5134 τῆς

2162 5160 2218 5212 δὲ
2259 5158 2514 5228 σχέσεως,
2540 5155 2613 5217 ὼς
2644 5155 2707 5209 ἂν
2732 5156 2921 5226 ἔχοντα
2950 5156 3204 5227 τύχωσιν,
3229 5160 3288 5211 οὐ
3327 5163 3707 5231 προσάπτεται·

485 5256 611 5309 ποία
635 5250 819 5307 λοιπὸν
839 5248 1219 5303 ὑπολέλειπται
1240 5248 1409 5317 τομῆς
1452 5249 1676 5302 ὑπόνοια
1727 5248 1759 5315 ἢ
1787 5248 2102 5319 διαιρέσεως
2142 5257 2254 5318 τοῖς
2288 5256 2424 5324 πρὸς
2457 5253 2552 5323 τὴν
2585 5253 2745 5321 ἁγίαν
2794 5253 2888 5307 τοῦ
2920 5254 3054 5306 Θεοῦ
3089 5257 3468 5320 στασιάζουσιν
3508 5260 3707 5328 Ἐκκλη-

485 5350 608 5403 σίαν
635 5363 650 5413 ;

966 5433 1061 5489 Ἐκ
1091 5436 1269 5490 eadem
1307 5438 1565 5490 oratione.

552 5527 684 5585 Nam
719 5528 764 5582 si
797 5528 896 5583 hoc
922 5541 1106 5581 verum
1145 5540 1247 5580 non
1296 5539 1400 5592 cst,
1424 5537 1477 5580 et
1506 5529 1549 5580 si
1582 5526 1936 5581 dili‘erentiatu
1965 5545 2063 5583 nu-

484 5620 606 5674 dam
644 5629 699 5674 et
730 5619 900 5672 solam
947 5618 1405 5687 pronttntiatione,
1442 5626 1622 5685 utpote
1654 5632 1771 5685 qna-
1812 5618 1956 5671 nulla
2002 5622 2067 5672 de

486 5726 546 5764 re
577 5711 672 5772 sit,
707 5709 772 5763 ad
796 5707 1184 5777 simpliciorum
1213 5708 1424 5762 animas
1442 5708 1791 5776 decipiendas
1809 5709 2062 5765 siumlate

486 5799 785 5868 proferunt,
820 5814 919 5854 cur
950 5808 1196 5853 recusant
1228 5798 1429 5859 dicere,
1462 5813 1579 5867 qua:
1609 5806 1663 5853 et
1695 5806 1825 5867 quot
1858 5801 1964 5852 sint
1993 5816 2053 5854 ea

434 5894 439 5899 '
484 5903 605 5959 quae
639 5888 911 5955 dill'erunt,
934 5902 1160 5959 quorum
1190 5902 1309 5944 esse
1332 5887 2063 5971 dilierentiatnconﬁtentur?

2624 5439 2705 5491 Ex
2746 5440 2848 5491 τοῦ
2874 5441 3061 5495 αὐτοῦ
3090 5445 3298 5513 λόγου.

2239 5526 2386 5578 Ἔδει
2424 5526 2531 5593 γὰρ
2578 5527 2797 5592 αὐτοὺς,
2855 5528 3015 5602 εἴπερ
3069 5534 3285 5604 ἀληθῶς
3326 5540 3483 5594 τοῦτο
3527 5543 3596 5613 μὴ
3624 5545 3701 5613 ειν.

2168 5622 2304 5691 μηδὲ
2358 5620 2457 5691 τὴν
2486 5622 2749 5695 διαφορὰν
2786 5626 2914 5696 ψιλῇ
2973 5630 3063 5682 καὶ
3096 5631 3235 5702 μόνῃ
3266 5636 3331 5703 τῇ
3353 5640 3613 5709 προφορᾷ,
3637 5642 3701 5699 ὡς

2162 5712 2306 5765 κατὰ
2339 5712 2567 5781 μηδενὸς
2626 5716 2904 5785 κειμένην,
2936 5724 3070 5786 πρὸς
3104 5718 3380 5797 ὲξαπὰτην
3406 5729 3511 5781 τῶν
3533 5730 3699 5798 ἀφεῖε-

2166 5805 2373 5871 στέρων
2410 5804 2805 5873 είρωνευτικῶς
2840 5811 3199 5882 προφέρουσι,
3238 5816 3313 5886 μὴ
3350 5816 3694 5888 παραιτεῖσθαι

2162 5895 2369 5963 λέγειν,
2400 5894 2535 5960 τίνα,
2556 5898 2648 5948 καὶ
2681 5898 2818 5951 πόσα
2849 5901 2909 5953 τὲ
2936 5902 3257 5974 διαφέροντα
3292 5911 3541 5977 τυγχάνει
3566 5910 3687 5970 ὄντα,
