3952 6552
209 416 354 480 ιυὲθ

1176 411 1551 471 PANOPLIA
1590 407 2047 470 DOGMATICA.
2074 432 2141 443 ·-
2166 409 2320 472 ΤΙΤ.
2368 411 2523 474 XVI.

3352 409 3491 475 1030

200 525 285 587 ῶν
312 527 456 585 εἶναι
477 529 575 600 τὴν
613 528 877 600 διαφορὰν
904 526 1279 598 ὁμολογοῦσιν.
1306 527 1367 578 Ei
1390 525 1497 597 γὰρ
1523 524 1782 587 σώζεσθαι

1901 520 1959 575 Si
2015 521 2158 576 enim
2189 536 2250 577 ea
2310 537 2375 577 ex
2434 524 2631 594 quibus
2692 522 2999 594 conjunctio
3040 522 3118 591 lit,
3182 530 3306 592 post
3356 537 3486 579 con-

206 623 354 692 μετὰ
376 621 475 693 τὴν
501 621 695 674 ἕνωσιν
717 621 784 673 τά
816 618 874 682 ἐξ
902 614 976 672 ὧν
1013 620 1045 689 ή
1080 617 1276 679 ἓνωσις
1312 614 1660 676 πιστεύουσι,
1692 612 1787 667 δύο

204 714 433 775 πάντως
468 711 535 764 τὰ
555 710 841 778 σωζόμενα
861 708 1253 780 ὁμολογήσαιεν
1283 706 1369 759 ἄν.
1399 705 1652 759 Τοσαῦτα
1677 704 1785 775 γὰρ

204 804 279 857 τά
311 802 634 858 συνελθόντα
685 801 821 872 πρὸς
849 800 1045 854 ἕνωσιν
1098 799 1197 871 τὴν
1255 798 1649 861 ἀδιάσπαστον,
1685 797 1786 866 τὴν

203 895 426 950 οίανοῦν
455 894 691 967 τροπὴν,
728 894 760 965 ἢ
800 894 1081 964 σύγχυσιν,
1118 893 1150 962 ῆ
1182 890 1496 962 μείωσιν,ή
1533 890 1787 957 συναίρε-

208 1003 320 1051 σιν,
352 985 386 1056 ἢ
446 984 752 1055 μεταδολὴν
789 983 889 1056 τήν
924 984 1002 1047 είς
1046 982 1254 1053 ἄλληλα
1290 985 1356 1036 ἐκ
1400 981 1501 1051 τῆς
1537 979 1787 1043 ὲνώσεως

203 1077 270 1130 οὗ
296 1075 591 1144 δεξάμενα.
622 1074 761 1128 Νυνὶ
779 1073 837 1127 δὲ
868 1073 1026 1126 τοῦτο
1048 1072 1122 1144 μή
1147 1071 1484 1139 δοξάζοντες,
1515 1071 1588 1141 ὡς
1621 1070 1788 1139 ήρνη-

206 1168 367 1235 μένοι
410 1168 508 1227 τὰς
538 1165 732 1237 φύσεις
763 1163 902 1235 μετὰ
925 1164 1025 1234 τὴν
1064 1163 1261 1216 ἕνωσιν
1293 1162 1587 1229 σώζεσθαι,
1620 1163 1789 1213 ὑπευ-

204 1258 405 1323 θύνους
436 1260 663 1321 ἑαυτοὺς
713 1257 958 1327 ἐλέγχοις
1007 1255 1358 1325 πεποίηνται,
1392 1253 1494 1308 κᾶν
1548 1252 1623 1327 μὴ
1659 1253 1786 1324 βού-

201 1350 429 1415 λωνται,
456 1351 592 1420 μόνῃ
619 1350 869 1419 ποιότητι
901 1348 1156 1417 λέγοντες
1188 1348 1289 1417 τὴν
1320 1347 1586 1416 διαφορὰν
1618 1347 1787 1412 σώζε-

204 1440 334 1495 σθαι
364 1442 472 1494 τῶν
500 1440 843 1511 πραγμάτων
868 1443 1064 1512 χωρὶς,
1095 1439 1284 1508 ὥσπερ
1322 1438 1627 1510 ἀνθρώπων
1656 1457 1785 1493 παι-

202 1529 412 1593 ζόντων
439 1531 719 1603 προδήλως
750 1532 985 1598 sat-Lata!
1011 1532 1072 1585 τὸ
1094 1530 1170 1602 μὴ
1202 1529 1491 1598 γελᾶσθαι,
1511 1530 1587 1593 ὡς
1612 1530 1784 1596 είκδς,

203 1620 367 1691 ὕϐριν
401 1616 543 1675 εἶναι
593 1623 985 1692 λογιζομένων,
1018 1621 1115 1676 καὶ
1163 1620 1344 1690 σοφῶς
1374 1620 1675 1675 κενούντων
1723 1620 1786 1674 τὸ

202 1711 561 1782 Εὐαγγέλιον,
584 1712 712 1768 ἄνευ
744 1713 946 1768 οὐσιῶν
975 1714 1357 1783 ὑποκειμένων
1391 1708 1535 1766 εῐναι
1569 1713 1783 1783 ποιότη-

200 1824 303 1868 τας
338 1805 600 1859 δύνασθαι
646 1805 1110 1876 νομοθετούντων,
1139 1808 1235 1859 καὶ
1263 1804 1432 1858 ποσοῦ
1464 1807 1634 1875 χωρὶς
1663 1808 1784 1859 imo

1886 610 2222 681 junctionem
2255 616 2460 668 servari
2491 617 2738 680 credunt,
2773 616 2879 669 duo
2912 618 3071 684 plane
3108 623 3320 670 servata
3353 630 3487 668 cou-

1891 704 2201 767 litebuntur,
2232 713 2308 758 tot
2330 706 2471 759 enim
2501 708 2567 760 ad
2600 706 3031 774 roujunctiunem
3102 706 3482 762 indivisibilem

1888 806 2243 861 concurrunt,
2269 812 2389 866 qua:
2416 812 2514 851 nec
2544 796 2933 863 inversionem,
2960 814 3059 854 nec
3084 797 3483 857 confusionem,

1890 902 1989 943 nec
2015 888 2466 953 imminutionem,
2500 903 2598 945 nec
2652 892 3002 945 mutationem
3039 891 3198 945 ullam
3229 891 3367 945 inter
3426 904 3486 945 se

1890 992 1956 1034 ex
2008 980 2396 1048 conjunctione
2448 981 2772 1051 suscipiunt.
2834 980 2990 1037 Nunc
3014 990 3193 1037 autem
3256 980 3487 1035 hocim-

1888 1072 2202 1142 probantes,
2242 1082 2300 1127 ut
2347 1072 2435 1141 qui
2470 1082 2667 1142 negent
2713 1082 2932 1129 naturas
2961 1082 3083 1143 post
3131 1075 3474 1144 conjunctio-

1890 1180 2009 1220 nem
2035 1164 2264 1229 servari,
2330 1166 2539 1236 seipsos
2623 1165 3136 1235 reprehensionibus
3212 1167 3478 1222 obnoxios

1888 1257 2316 1323 constituerunt,
2347 1258 2561 1312 etiamsi
2602 1258 2790 1319 nolint,
2823 1272 2940 1311 cum
2971 1257 3154 1312 dicant
3204 1259 3316 1312 sola
3349 1274 3485 1326 qus-

1887 1344 2040 1401 litate
2061 1346 2423 1404 diﬂ‘erentiam
2458 1350 2681 1414 servari,
2718 1350 2834 1404 sine
2875 1349 3056 1403 rebus.
3084 1349 3235 1414 Quod
3265 1350 3484 1418 quidem

1886 1447 1970 1493 est
2004 1438 2283 1495 hominum
2326 1449 2508 1511 aperte
2560 1440 2862 1496 ludentium
2910 1454 3010 1495 nec
3065 1448 3244 1509 turpe,
3289 1452 3347 1495 ut
3389 1457 3488 1511 ρπ

1887 1534 1993 1591 est,
2025 1528 2478 1592 existimantium,
2534 1542 2593 1584 se
2648 1529 2904 1594 derideri,
2961 1540 3014 1584 et
3046 1530 3205 1599 plane
3248 1531 3488 1599 Evange-

1888 1619 2019 1675 lium
2054 1620 2215 1675 inane
2243 1620 2616 1687 elli‘cientium,
2649 1638 2770 1677 cum
2802 1622 2918 1676 sine
2944 1621 3205 1689 subjectis
3238 1623 3491 1675 esseutius

1884 1722 2128 1767 asserant
2146 1726 2267 1767 esse
2284 1727 2444 1783 posse
2465 1713 2782 1784 qualitates,
2802 1721 2857 1767 et
2886 1715 3002 1768 sine
3019 1716 3323 1782 quantitate
3339 1713 3489 1767 dili'e-

1886 1808 2118 1859 rentiam
2144 1806 2397 1874 cognosci
2425 1810 2664 1861 tradant.
2693 1807 2955 1877 ignorant
2982 1808 3149 1870 enim,
3177 1819 3231 1860 ut
3251 1806 3483 1869 videtur,

199 1898 517 1970 γνωσθῆναι
547 1868 813 1970 διαφοράν
845 1868 1274 1968 ὑποτιθεμένων.
1313 1868 1625 1970 ante};an
1649 1900 1781 1969 γάρ,

1890 1899 2139 1951 homines
2188 1896 2605 1967 sapientissimi,
2640 1912 2855 1953 omnem
2906 1898 3224 1968 qualitatem
3286 1897 3487 1953 habere

197 1997 275 2059 ὡς
300 1997 501 2062 ἔοικεν,
531 1999 579 2051 oi
608 1997 936 2069 σοφώτατοι,
973 1996 1059 2051 δτι
1113 1998 1266 2052 πᾶσα
1298 1998 1523 2068 ποιότης
1554 1998 1783 2050 ὑποκει-

201 2086 376 2160 μένης
404 2090 622 2153 πάντως
672 2090 861 2152 οὐσίας
889 2089 1031 2155 ἐστὶ,
1081 2090 1213 2161 περὶ
1241 2091 1310 2163 ήν
1341 2091 1435 2145 καὶ
1470 2091 1785 2161 θεωρεῖται,

198 2181 295 2231 καὶ
352 2179 574 2249 λέγεται
623 2180 685 2233 τὸ
732 2180 851 2234 κατ’
880 2181 1052 2252 αὐτὴν
1081 2180 1223 2235 εἶναι
1253 2180 1507 2251 οὐδαμῶς
1553 2183 1783 2250 ἔχουσα,

197 2270 296 2323 καὶ
335 2271 485 2325 πᾶσα
524 2271 757 2342 διαφορά
790 2274 892 2344 τῆς
930 2272 1112 2328 ἄλλων
1169 2272 1305 2345 πρὸς
1332 2272 1469 2327 άλλα
1498 2276 1640 2343 κατὰ
1692 2272 1786 2326 τὸν

196 2360 295 2415 τοῦ
323 2362 441 2426 πῶς
473 2358 614 2418 εῐναι
651 2363 811 2433 λόγον
846 2365 1237 2435 ἀνομοιότητός
1260 2382 1320 2417 τε
1346 2367 1440 2419 καὶ
1465 2366 1785 2437 ἑτερότητος

196 2452 336 2510 οῦσα
358 2457 652 2530 δηλωτικὴ.
688 2458 750 2511 τὸ
780 2460 947 2513 ποσὸν
977 2462 1087 2514 τῶν
1119 2459 1489 2530 διαφερόντων
1523 2460 1785 2529 πραγμά-

195 2566 309 2603 των
360 2550 705 2618 συνεισάγειν
738 2552 909 2623 ἑαυτῇ
943 2552 1190 2622 πέφυκεν
1251 2554 1361 2606 εἴτε
1412 2552 1638 2618 οὐσιῶν,
1670 2553 1784 2607 εἴτε

197 2642 529 2712 ποιοτήτων,
574 2642 685 2695 εἴτε
719 2643 1018 2715 ίδιοτήτων,
1062 2645 1157 2698 καὶ
1176 2644 1389 2710 ἁπλῶς,
1419 2644 1510 2699 ἵνα
1545 2645 1785 2699 συνελὼν

197 2733 367 2797 εἴπω,
392 2734 591 2795 παντὸς
624 2735 811 2806 ἐτέρου
841 2736 987 2795 τινὸς
1034 2737 1143 2789 τῶν
1172 2736 1277 2790 ὅσα
1306 2736 1593 2808 διαφέρειν
1619 2737 1786 2809 ἀλλή-

196 2824 311 2879 λων
342 2824 818 2897 ὑπολαμϐάνοντες
844 2827 1050 2883 εἴποιεν
1080 2825 1218 2881 είναι
1247 2828 1533 2899 διαφοράν,
1561 2827 1785 2893 πάντως

196 2919 261 2969 ὲν
296 2916 447 2987 ποσῷ
473 2921 541 2971 τά
569 2917 895 2989 διαφέροντα
928 2921 1311 2992 θεωρήσαντες
1342 2923 1454 2974 εἴτε
1502 2921 1782 2995 αἰσθήσει,

197 3008 316 3063 εἶτε
356 3008 545 3081 νοήσει
583 3011 682 3080 τὴν
739 3009 1008 3080 διαφορὰν
1059 3011 1386 3082 ἐγνώρισαν.
1450 3012 1618 3067 ’Δνευ
1673 3014 1783 3087 γὰρ

198 3101 374 3154 ποσοῦ
408 3101 673 3156 δύνασθαι
716 3103 1165 3158 διαϐεϐαιοῦσθαι
1195 3105 1474 3159 δεικνύναι
1511 3104 1781 3177 διαφορὰν

1886 1988 2185 2056 subjectam
2223 1989 2540 2057 essentiam,
2598 1989 2745 2044 circa
2769 2005 2932 2060 quam
2982 1989 3367 2045 consideratur
3429 1994 3485 2043 et

1886 2080 2105 2144 dicitur,
2138 2094 2259 2134 cum
2289 2095 2385 2150 per
2402 2094 2462 2135 se
2500 2083 2799 2136 consistere
2843 2092 3099 2152 nequeat.
3152 2080 3219 2134 Et
3266 2094 3483 2134 omnem

1886 2170 2270 2237 diderentiam,
2321 2186 2441 2226 cum
2477 2172 2971 2228 dissimilitudinem
3006 2182 3064 2228 et
3093 2162 3483 2235 diversitate»,

1887 2280 2051 2336 quam
2094 2266 2259 2320 variae
2295 2280 2381 2321 res
2420 2265 2624 2320 habent
2655 2266 2802 2322 inter
2857 2276 2937 2330 se,
3007 2276 3275 2337 quatenus
3305 2265 3487 2333 aliquo

1888 2358 2046 2412 modo
2080 2368 2226 2423 sunt,
2257 2357 2550 2428 signiﬁcet,
2584 2372 2764 2412 rerum
2812 2356 3177 2413 diﬁ‘erentium
3208 2358 3486 2427 quantita-

1886 2459 1992 2507 tem
2022 2453 2373 2511 constituere,
2400 2450 2515 2504 sive
2545 2452 2821 2514 essentite,
2870 2452 2983 2505 sive
3013 2449 3321 2519 quahtates,
3371 2450 3487 2502 sive

1885 2544 2250 2612 proprietates
2287 2542 2418 2605 sint,
2455 2555 2549 2594 seu
2581 2542 2795 2609 quidvis
2850 2542 2999 2595 aliud
3035 2555 3219 2595 eorum
3249 2555 3370 2611 qua:
3403 2543 3487 2593 in-

1888 2644 1970 2689 ter
2003 2649 2063 2688 sc
2097 2632 2374 2698 differunt,
2404 2635 2519 2687 sive
2550 2648 2717 2689 sensu
2774 2633 2890 2687 sive
2946 2635 3274 2705 cogitatione
3326 2634 3483 2689 diti'eé

1888 2726 2115 2779 rentiam
2175 2722 2496 2792 intelligant.
2559 2721 2691 2777 Sine
2763 2724 3068 2792 quantitate
3114 2726 3261 2779 enim
3320 2738 3481 2794 posse

1887 2816 2257 2874 dilierentiam
2289 2814 2605 2871 cenlirmari
2638 2830 2743 2870 non
2770 2826 2855 2872 est
2886 2817 3277 2872 admittendum
3305 2834 3322 2883 ;
3358 2832 3484 2871 nam

1888 2925 2004 2979 quae
2029 2910 2173 2963 inter
2191 2923 2250 2963 se
2272 2908 2460 2962 eadem
2486 2908 2646 2977 plane
2669 2922 2775 2963 non
2798 2919 2947 2976 sunt,
2970 2909 3114 2964 ttuilo
3138 2909 3298 2963 modo
3319 2924 3483 2963 unam

1884 3012 1940 3057 et
1963 3000 2209 3056 eamdem
2235 3000 2537 3055 exsistcndi
2572 3000 2839 3056 rationem
2887 3000 3215 3071 suscipiunt,
3243 3011 3481 3056 essentm

1885 3093 2146 3149 nimirum
2186 3130 2202 3158 ,
2229 3094 2344 3149 sive
2394 3104 2587 3149 natura
2640 3108 2762 3149 cum
2822 3107 3016 3149 natura
3048 3134 3065 3158 ,
3108 3104 3202 3150 aut
3250 3095 3485 3164 qualitas

196 3190 544 3257 ἀνένδεκτον,
576 3192 766 3264 ἐπειδὴ
795 3194 862 3247 τὰ
893 3194 969 3265 μὴ
992 3193 1245 3265 ἀλλήλοις
1274 3195 1453 3264 πάντη
1484 3196 1661 3248 ταυτα
1684 3196 1781 3249 ἕνα

1887 3198 2006 3239 cum
2071 3184 2384 3254 qualitate,
2450 3193 2544 3238 aut
2605 3184 2907 3255 proprietas
2964 3199 3087 3239 cum
3134 3185 3483 3254 proprietate.

196 3288 298 3337 καὶ
319 3283 413 3337 τὸν
459 3286 624 3340 αὐτὸν
660 3284 756 3339 τοῦ
783 3279 926 3340 εῐναι
970 3286 1220 3358 οὐδαμῶς
1250 3287 1557 3355 ἑπιδέξεται
1594 3288 1779 3358 λόγον.

194 3374 404 3438 οὐσίας
435 3376 542 3448 γάρ
564 3376 684 3449 ἦτοι
714 3377 951 3448 φύσεως,
987 3377 1122 3447 φέρε
1158 3378 1355 3445 εἰπεῖν,
1392 3379 1531 3449 πρὸς
1565 3379 1780 3443 οὐσίαν,

194 3466 233 3537 ἢ
270 3467 557 3537 ποιότητος
592 3469 734 3539 πρὸς
783 3467 1070 3537 ποιότητα,
1107 3468 1140 3540 ή
1180 3468 1445 3539 ἰδιότητος
1481 3470 1618 3539 πρὸς
1655 3469 1783 3523 ίδιόο

193 3576 361 3630 τητα,
390 3559 425 3631 ἦ
461 3562 555 3615 καὶ
599 3562 653 3615 εῐ
680 3578 733 3615 τι
765 3560 956 3635 ἕτερον
990 3562 1101 3615 τῶν
1144 3562 1246 3615 ὅσα
1283 3562 1359 3633 μή
1406 3563 1585 3617 πάντα
1609 3562 1786 3617 ταύτὰ

195 3653 297 3705 καὶ
324 3651 587 3723 διαφορᾶς
613 3653 963 3719 άντπίδεκτα,
998 3653 1096 3707 ἕνα
1129 3654 1333 3707 καὶτὸν
1358 3654 1525 3709 αὐτὸν
1550 3653 1646 3709 τοῦ
1664 3653 1783 3718 πῶς

192 3738 342 3798 εἶναι
370 3743 530 3813 λόγον
563 3745 824 3799 οὐδέποτε
860 3745 1042 3814 λέγειν
1072 3745 1400 3816 δυναίμεθα.

663 3834 769 3890 Ἐκ
790 3835 896 3891 τοῦ
926 3834 1116 3890 αὑτοῦ
1142 3836 1357 3907 λόγου.

278 3928 344 3984 El
393 3930 491 4001 μὲν
525 3928 886 3992 ἀναλλοίωτος
934 3931 963 3984 δ
992 3931 1110 3985 κατ’
1150 3931 1340 3987 οὐσίαν
1394 3933 1624 4005 θατέρου
1669 3935 1781 3988 τῶν

196 4022 519 4075 ἑνωθέντων
544 4020 782 4091 διέμεινε
813 4020 973 4089 λόγος
1008 4021 1149 4092 μετὰ
1177 4023 1277 4094 τήν
1308 4024 1503 4078 ἕνωσιν
1526 4027 1665 4097 πρὸς
1688 4027 1781 4080 τὸν

198 4114 434 4185 θατέρου
469 4112 567 4182 τῆς
597 4114 786 4176 οὐσίας
814 4114 940 4183 ὅρον
965 4115 1042 4185 μὴ
1079 4115 1461 4185 μεταπίπτων,
1499 4120 1780 4188 προδήλως

195 4212 231 4281 ἡ
258 4210 355 4262 τοῦ
391 4208 629 4280 Χριστοῦ
663 4207 857 4279 θεότης
891 4211 1171 4282 μεμένηκε
1206 4210 1331 4265 κατ’
1367 4212 1561 4265 οὐσίαν
1588 4213 1782 4284 θεότης

196 4302 340 4374 πρὸς
369 4303 469 4373 τήν
522 4302 729 4372 σαρκὸς
759 4302 952 4356 οὐσίαν
977 4303 1038 4356 οὐ
1077 4305 1527 4377 μεταφοιτήσασα
1551 4322 1566 4336 ·
1610 4309 1703 4361 καὶ
1746 4308 1782 4378 ή

194 4396 294 4450 τοῦ
349 4394 517 4448 αὐτοῦ
546 4393 709 4447 πάλιν
738 4394 1097 4466 ἀνθρωπότης
1133 4397 1414 4467 μεμένηκε
1441 4396 1565 4450 κατ’
1592 4397 1783 4450 οὐσίαν

194 4486 557 4557 ἅνθρωπότης
589 4486 723 4558 πρὸς
776 4487 876 4556 τὴν
910 4487 1005 4556 τῆς
1061 4485 1316 4559 θεότητος
1350 4490 1515 4556 ιιςύσιν
1570 4488 1645 4559 μὴ
1672 4505 1782 4543 πα-

196 4579 369 4634 θοῦσα
390 4578 722 4649 μεταϐολήν.
748 4578 810 4632 El
841 4579 898 4632 δὲ
930 4577 1058 4632 οὔτε
1088 4580 1123 4651 ή
1157 4580 1348 4651 θεότης
1376 4581 1475 4633 τοῦ
1508 4581 1772 4652 Χριστοῦ,

1884 3286 1979 3332 aut
2033 3278 2076 3333 si
2129 3278 2258 3348 quid
2329 3277 2471 3330 aliud
2530 3288 2612 3330 cst
2668 3291 2860 3332 corum
2921 3291 3041 3347 qua
3094 3293 3198 3331 non
3261 3279 3485 3333 omnino

1885 3373 1993 3425 sint
2026 3371 2240 3426 eadem.
2278 3369 2414 3424 Nam
2453 3384 2573 3439 qua!
2603 3370 2761 3439 plane
2790 3381 2914 3425 sunt
2965 3371 3156 3425 eadem
3215 3382 3270 3425 et
3322 3370 3483 3426 diffe-

1885 3461 2117 3515 rentiam
2148 3475 2255 3514 non
2297 3458 2613 3523 admittunt,
2673 3476 2837 3516 unam
2880 3471 2935 3516 et
2992 3464 3242 3517 eamdem
3295 3464 3482 3533 aliquo

1887 3555 2044 3607 modo
2063 3551 2361 3607 exsistendi
2425 3551 2693 3607 rationem
2741 3568 3017 3622 nunquam
3080 3555 3259 3609 dicere
3322 3564 3481 3624 pute-

1886 3658 2079 3699 rtmus.

2393 3845 2475 3901 Ex
2515 3854 2696 3903 eadem
2721 3851 2980 3905 oratione.

1956 3940 2017 3995 Si
2049 3938 2329 4009 utriusque
2367 3941 2778 4010 conjunctorum
2837 3946 2975 3996 ratio
3030 3945 3227 4000 mansit
3275 3946 3479 4001 ineoru-

1885 4030 2163 4084 mutabilis
2230 4040 2352 4098 post
2383 4029 2824 4096 conjunctionem
2854 4031 2907 4086 in
2956 4033 3180 4091 alterius
3231 4051 3337 4090 nun
3396 4039 3480 4090 iri-

1878 4120 2074 4177 'cidens
2106 4124 2360 4177 essentia:
2403 4124 2716 4188 terminum,
2776 4110 2979 4178 Christi
3047 4126 3292 4194 profecto
3343 4128 3481 4181 divi-

1887 4213 2030 4267 nitas
2068 4214 2367 4267 secundum
2402 4215 2699 4269 essentiam
2735 4214 2997 4270 divinitas
3030 4218 3247 4283 mansit,
3275 4221 3331 4273 in
3362 4232 3482 4273 car-

1888 4304 1973 4359 nis
2012 4303 2304 4358 essentiam
2349 4316 2459 4357 non
2492 4316 2861 4360 commutata:
2893 4315 2947 4361 et
2998 4307 3240 4376 ejusdem
3292 4325 3481 4367 rursus

1886 4394 2194 4449 humanitas
2218 4394 2515 4449 secundum
2550 4396 2843 4449 essentiam
2885 4400 3089 4454 mansit
3168 4402 3482 4460 humanitas

1887 4488 1940 4541 in
1965 4484 2258 4540 divinitatis
2303 4495 2553 4537 naturam
2614 4500 2720 4540 non
2786 4498 3141 4543 commutata.
3219 4490 3376 4559 Quod
3434 4495 3480 4550 si

1883 4587 2107 4649 propter
2130 4576 2569 4647 conjunctionem
2613 4578 2664 4631 in
2699 4592 2928 4646 persona
2971 4594 3072 4634 nec
3128 4583 3332 4638 Christi
3394 4586 3481 4641 di-

193 4674 327 4727 οὐτε
367 4674 400 4743 ή
436 4670 799 4742 ἁνθρωπότης
855 4673 936 4733 είς
984 4670 1192 4743 ελληλα
1261 4674 1773 4744 μεταπεφοιτήκασι

1887 4674 2073 4728 trinitas
2107 4685 2203 4724 nec
2249 4669 2553 4724 immanitas
2585 4671 2822 4725 vicissim
2862 4673 3160 4726 immutata:
3205 4686 3353 4742 sunt,
3385 4683 3479 4733 sed

193 4764 287 4817 διὰ
315 4762 415 4831 τὴν
440 4761 561 4815 καθ’
586 4760 882 4816 ὑπόστασιν
908 4760 1127 4826 ἕνωσιν,
1165 4761 1283 4815 ἀλλ’
1308 4764 1602 4834 ἀσύγχυτοι
1632 4766 1774 4818 κατὰ

1887 4767 1995 4823 sine
2030 4762 2373 4828 confusione,
2409 4773 2463 4815 ut
2501 4763 2694 4817 scribit
2749 4779 2973 4834 magnus
3004 4767 3258 4837 Cyrilius,
3318 4778 3480 4824 ttattt-

192 4854 290 4908 τὸν
326 4853 500 4922 μέγαν
535 4850 804 4920 Κύριλλον
838 4853 1219 4923 μεμενήκασιν
1250 4856 1306 4906 oti
1337 4854 1551 4922 φύσεις,
1590 4855 1775 4924 σαφῶς

194 4947 233 5017 ή
279 4943 418 5014 μετά
457 4942 557 5011 τήν
588 4941 787 4994 ἕνωσιν
809 4942 1045 5014 διαφορὰ
1073 4944 1181 4997 τῶν
1212 4945 1536 5014 σωζομένων
1558 4947 1615 4999 ὲν
1641 4947 1774 5017 Χρι-

197 5035 315 5107 στῷ
359 5034 666 5103 καθέστηκε
724 5034 964 5102 φύσεων,
1000 5035 1095 5088 καὶ
1148 5036 1323 5099 οὐδεὶς
1346 5038 1569 5108 ἀντερεῖ
1594 5038 1772 5107 λόγος.

197 5129 264 5182 Ei
297 5128 356 5180 δὲ
382 5126 490 5180 τῶν
524 5126 848 5196 άσυγχύτως
880 5127 938 5180 ἑν
969 5128 1191 5198 Χριστῴ
1218 5129 1548 5198 σωζομένων
1573 5131 1719 5184 ἐστὶν
1743 5134 1775 5203 ή

198 5215 437 5286 διαφορὰ
465 5219 603 5284 μετὰ
619 5219 715 5287 τὴν
728 5216 945 5282 ἕνωσιν,
964 5217 1229 5287 διαφορὰν
1253 5217 1309 5270 δὲ
1326 5219 1638 5287 γνωσθῆναι
1654 5218 1780 5290 δίχα

201 5309 376 5365 ποσοῦ
413 5307 688 5370 παντελῶς
734 5309 1148 5378 κεχωρισμένην
1184 5309 1494 5379 ἀμήχανον,
1537 5308 1781 5380 λεγέσθω

200 5407 339 5477 πρὸς
369 5400 602 5469 δήλωσιν
641 5402 738 5469 τής
764 5400 1030 5471 διαφορᾶς
1057 5401 1118 5452 τὸ
1160 5401 1323 5454 ποσὸν
1350 5402 1460 5457 τῶν
1493 5404 1782 5473 διαφερόνο

195 5480 436 5558 των.ἴνα
467 5492 543 5562 μὴ
570 5493 732 5561 ψιλήν
762 5508 900 5559 πως,
934 5493 1025 5546 καὶ
1050 5494 1149 5546 οὐκ
1175 5492 1351 5564 ἀληθῆ
1385 5498 1484 5565 τήν
1515 5496 1781 5566 διαφορὰν

196 5584 638 5656 ὐποπτευθῶμεν
668 5587 1088 5658 πρεσϐεύοντες.
1112 5586 1290 5658 Ψιλήν
1319 5590 1428 5659 γὰρ
1467 5591 1647 5643 πᾶσαν
1664 5590 1783 5643 δια-

197 5686 382 5756 φοράν
408 5676 549 5733 οἶδεν
596 5679 624 5731 ό
657 5678 815 5747 λόγος
850 5680 948 5749 τήν
978 5684 1082 5733 οὐκ
1134 5681 1368 5752 ἔχουσαν
1419 5683 1783 5753 ὐπαρκτικῶς

196 5774 577 5842 ὑποκειμένην
609 5772 707 5842 τήν
732 5766 808 5828 ὧν
848 5774 965 5825 ἐστι
999 5773 1236 5845 διαφορά
1277 5776 1621 5845 πραγμάτων
1646 5776 1783 5848 ἀλή.

168 5860 378 5923 ’θειαν.
418 5868 614 5938 ἰιμιῖς
647 5868 747 5939 μὶν
776 5862 869 5924 οὖν
897 5868 1093 5923 ταυτὸν
1123 5868 1421 5923 ὐπόστασίν
1453 5885 1513 5922 τε
1544 5872 1641 5923 καὶ
1679 5872 1783 5940 φύ-

1881 4873 1955 4916 rte
1994 4865 2435 4927 permanserunt,
2483 4854 2783 4910 dili‘ereutia
2817 4859 2975 4926 plane
3020 4872 3359 4915 servaturum
3425 4863 3480 4917 in

1878 4951 2098 5006 Christo
2168 4959 2490 5003 naturarum
2552 4959 2674 5018 post
2730 4952 3167 5021 conjtmctionem
3220 4944 3498 5023 perstitit.‘

1883 5042 1950 5097 Et
1990 5042 2137 5097 nulla
2178 5041 2323 5096 ratio
2376 5044 2717 5112 repugnabit.
2750 5045 2820 5097 At
2870 5048 2914 5098 si
2957 5057 3301 5116 naturarum,
3361 5066 3483 5120 quae

1881 5134 2000 5191 sine
2041 5133 2358 5191 confusione
2381 5134 2432 5189 in
2464 5133 2683 5191 Christo
2713 5151 2939 5193 servata:
2965 5150 3111 5203 sunt,
3175 5151 3298 5213 post
3352 5158 3481 5197 con-

1876 5229 2211 5299 junctiouetn
2247 5239 2329 5283 est
2355 5226 2683 5291 differentia,
2722 5248 2819 5284 nec
2870 5233 2987 5285 sine
3022 5234 3323 5299 quantitate
3374 5234 3479 5288 dii-

1883 5322 2115 5378 ferentia
2143 5323 2390 5391 cognosci
2442 5333 2619 5393 potesl.
2673 5329 2921 5388 omnino,
2982 5329 3048 5380 ad
3119 5327 3481 5383 didercutiam

1883 5414 2263 5468 declarandam
2298 5414 2515 5469 dicatur
2552 5417 2829 5485 quantitas
2861 5416 3252 5481 diﬂ'crcutium,
3288 5436 3353 5472 ne
3387 5437 3485 5473 ιιιι-

1884 5507 2006 5561 dam
2035 5507 2432 5576 quodammodo
2461 5519 2518 5563 et
2546 5521 2651 5563 non
2693 5524 2875 5563 veram
2910 5509 3269 5566 differentiam
3330 5522 3483 5566 asse-

1888 5612 2006 5652 rere
2034 5598 2523 5666 deprehendamur.
2554 5598 2707 5654 Nuda
2735 5616 2897 5670 porro
2918 5602 3096 5657 omnis
3123 5610 3208 5657 est
3229 5602 3483 5658 dil‘i‘eren-

1888 5693 1961 5746 tia
1995 5706 2116 5761 qua:
2147 5706 2206 5746 re
2238 5692 2354 5761 ipsa
2387 5690 2686 5762 subiectam
2724 5709 2831 5751 non
2892 5696 3056 5751 habet
3102 5710 3291 5751 eorum
3345 5711 3484 5767 quo-

1889 5798 2005 5835 rum
2036 5791 2118 5838 est
2146 5782 2475 5850 differentia,
2519 5786 2827 5844 veritatem.
2859 5788 2968 5845 Nos
3005 5790 3192 5859 igitur,
3222 5790 3312 5857 qui
3363 5802 3485 5857 per-

1889 5889 2078 5931 sonam
2114 5885 2169 5931 et
2228 5884 2481 5933 naturam
2556 5878 2701 5936 idem
2764 5895 2885 5939 esse
2939 5883 3155 5953 proprie
3209 5893 3486 5951 nunquam
