3846 6544
450 370 586 437 1031

1684 354 2077 416 EUTHYMII
2126 352 2495 412 ZlGABENl

3596 342 3703 411 10:2

446 487 775 550 diceremus,
806 498 873 539 ex
903 481 1123 537 Patrum
1149 478 1393 536 doctrina
1452 477 1539 547 pie
1564 475 1631 533 dc
1659 475 1881 531 Christo
1905 474 2046 528 idem
2077 504 2088 533 λ

2190 495 2237 527 ιν
2265 475 2467 541 κυρὲως
2528 471 2795 541 μηδέποτε
2845 469 3095 537 λέγοντες
3126 462 3269 518 κατὰ
3303 462 3399 533 τὴν
3425 462 3529 515 τῶν
3556 461 3695 513 Πατέ-

446 588 504 635 et
534 579 793 635 differens
826 576 1159 631 asserimus:
1190 574 1331 628 idem
1359 571 1571 626 ratione
1595 570 1757 625 unius
1784 583 2054 638 persona,

448 686 555 740 qua
609 671 747 723 idem
780 683 902 722 cum
948 667 1165 736 propria
1207 678 1370 718 carne
1403 664 1569 718 Dcum
1602 662 1836 717 Verbum
1886 661 2056 715 conii-

455 775 652 827 temur,
690 778 757 816 ne
781 760 1147 814 accessionem
1171 772 1413 827 persona:
1446 754 1790 810 sanctissima
1815 752 2056 807 Trinitas

356 892 363 909 .
449 858 697 926 accipiat,
739 866 791 908 et
823 852 1163 923 quaternitas
1206 850 1471 904 efﬁciatur
1500 864 1515 911 ;
1548 846 1806 901 diﬂerens
1873 853 2054 899 autem

458 952 669 1007 ratione
700 948 1039 1002 diversitatis
1068 944 1321 1001 essentia
1352 958 1563 1003 eorum,
1591 956 1656 996 ex
1677 942 1872 1011 quibus
1924 954 2057 994 con-

456 1050 587 1108 stat,
612 1056 716 1111 qua
753 1039 953 1093 Christi
989 1045 1175 1105 partes
1216 1034 1456 1088 vicissim
1494 1048 1599 1086 non
1652 1036 2061 1085 commutantur

452 1133 697 1188 omnino.
730 1129 917 1200 Neque
949 1129 1094 1182 enim
1136 1126 1277 1182 idem
1309 1138 1547 1193 unquam
1598 1122 1707 1175 erit
1752 1135 1849 1190 per
1874 1134 2060 1174 essen-

457 1224 583 1277 tiam
637 1222 896 1276 divinitas
945 1228 1000 1272 (ιι
1067 1216 1397 1279 hmnanitas,
1461 1228 1528 1267 ne
1569 1211 1772 1282 aliquid
1814 1218 2057 1265 creatum

455 1316 697 1382 ejusdem
742 1327 866 1367 cum
900 1310 1189 1364 divinitate
1220 1321 1318 1377 per
1366 1303 1800 1374 coniunctionem
1861 1302 2061 1357 sit'es—

455 1408 645 1463 sentire
670 1415 834 1474 atque
866 1411 1091 1457 naturai.
1120 1399 1376 1455 Fnrentis
1403 1399 1550 1454 enim
1591 1395 1758 1451 animi
1808 1404 2061 1466 putamus

456 1514 600 1565 esse,
642 1507 895 1552 naturam
930 1496 1111 1549 dicere
1137 1493 1377 1562 ejusdem
1404 1504 1529 1547 esse
1562 1504 1685 1545 cum
1722 1497 1914 1543 natura
1975 1501 2063 1540 es-
2093 1542 2096 1545 λ

457 1591 651 1645 sentias
686 1605 702 1654 ;
732 1600 1005 1657 nunquam
1037 1585 1182 1639 enim
1212 1590 1409 1637 natura
1456 1581 1705 1636 eamdem
1733 1578 1895 1633 habet
1936 1593 2060 1631 cum

461 1692 654 1738 natura
684 1680 971 1734 essentiam
1018 1685 1179 1745 atque
1227 1684 1500 1728 naturam.
1532 1672 1682 1728 Idem
1732 1671 1877 1726 enim
1907 1684 2062 1723 natu-

465 1789 524 1829 ra
588 1770 934 1837 essentiaqne
998 1767 1065 1823 de
1125 1765 1256 1822 solis
1309 1766 1506 1820 dicitur
1558 1762 1800 1834 ejusdem
1863 1760 2063 1831 speciei

2165 584 2276 638 ρων
2301 562 2652 617 διδασκαλίαν
2675 603 2691 626 ,
2728 559 2968 621 εὐσεϐῶς
3018 555 3114 611 ἐπὶ
3153 551 3399 625 Χριστοῦ
3433 552 3493 604 τδ
3538 552 3699 604 ταυτὸν

2165 656 2570 728 πρεσόεύομεν,
2603 654 2695 707 καὶ
2721 652 2782 705 τὸ
2809 651 3087 721 διάφορον,
3120 648 3183 702 τὸ
3214 646 3313 718 μὲν
3363 644 3441 713 τῷ
3473 644 3600 714 λόγῳ
3626 644 3700 711 τῆς

2168 749 2295 819 μιᾶς
2325 746 2701 809 ὑποστάσεως,
2759 744 2881 796 καθ’
2909 742 2968 795 ὃν
3021 740 3217 794 ταυτὸν
3265 740 3331 806 τῇ
3371 736 3542 804 οἰκείᾳ
3573 738 3700 795 σαρκί

2162 843 2256 896 τδν
2305 840 2441 895 Θεὸν
2489 841 2664 906 Λόγον
2712 836 3114 907 ὁμολογοῦμεν,
3166 833 3257 886 ἵνα
3313 830 3389 900 μὴ
3427 827 3700 896 προσθήκην

2164 931 2527 1004 προσωπικὴν
2582 932 2615 1001 ἡ
2651 927 3012 998 πανεύφημος
3056 924 3197 995 λάϐῃ
3248 921 3444 992 Τριάς,
3475 920 3697 991 γενομένη

2163 1021 2396 1087 τετράς·
2423 1018 2485 1071 τὸ
2509 1018 2565 1073 δὲ
2595 1017 2672 1089 τῷ
2702 1017 2847 1086 λόγῳ
2877 1016 2977 1086 τῆς
3025 1016 3150 1069 κατ’
3205 1013 3397 1066 οὐσίαν
3423 1011 3528 1063 τῶν
3567 1010 3617 1074 ἐξ
3646 1004 3700 1063 ὧν

2166 1115 2319 1168 ἐστιν
2373 1113 2716 1185 ἑτερότητος,
2767 1109 2892 1165 καθ’
2922 1112 2988 1181 ἡν
3014 1111 3095 1170 εἰς
3129 1104 3341 1177 ἄλληλα
3366 1104 3435 1158 τὰ
3469 1103 3599 1173 μέρη
3629 1104 3697 1157 τιῦ

2167 1204 2409 1275 Χριστοῦ
2443 1205 2728 1266 παντελῶς
2767 1204 2828 1257 οὐ
2868 1201 3328 1272 μεταπίπτουσιν.
3368 1197 3443 1251 Οὑ
3476 1195 3574 1265 γὰρ
3605 1214 3699 1249 sau-

2166 1301 2258 1355 τόν
2285 1316 2416 1352 ποτε
2447 1298 2566 1353 κατ’
2598 1297 2791 1351 οὐσίαν
2824 1294 3021 1364 γένοιτ’
3056 1295 3122 1347 ἂν
3164 1292 3383 1362 θεότης,
3415 1290 3506 1343 καὶ
3535 1289 3698 1358 ἁνθρω·

2169 1395 2364 1462 πότης,
2392 1393 2478 1445 ἱνα
2513 1391 2679 1463 μηδὲν
2804 1389 3026 1443 κτιστὺν
3051 1388 3121 1458 τῇ
3152 1386 3374 1453 θεότητι
3404 1383 3523 1435 καθ’
3550 1383 3698 1434 ἕνωσιν

2170 1489 2414 1559 ὁμοφυὲς
2443 1486 2538 1540 καὶ
2575 1486 2884 1555 ὁμοούσιονο
2920 1481 3109 1552 ἐπειδὴ
3152 1479 3315 1550 φύσει
3366 1477 3529 1546 φύσιν
3552 1474 3700 1543 aposi-

2173 1598 2288 1634 σιον
2353 1578 2493 1633 εἶναι
2558 1576 2741 1645 λέγειν
2794 1574 3138 1646 μαινομένης
3195 1570 3440 1632 διανοίας
3485 1567 3699 1638 ὑπάρχειν

2171 1672 2532 1740 γινώσκομεν.
2566 1669 2680 1722 Οὐκ
2706 1667 2827 1721 ἐστι
2854 1667 2964 1735 γὰρ
2994 1665 3158 1735 φύσει
3186 1662 3306 1716 ποτ’
3340 1661 3406 1716 ἂν
3439 1660 3584 1730 φύσις
3608 1662 3699 1727 ὀμι-

2174 1762 2314 1835 φυὴς
2341 1762 2437 1815 καὶ
2469 1761 2781 1829 ὁμοοὺσιος.
2814 1760 2888 1813 Τὸ
2918 1759 3025 1828 γὰρ
3050 1756 3294 1826 ὁμοφυὲς
3321 1755 3421 1807 καὶ
3468 1754 3699 1820 annotinos

464 1862 775 1927 individuis,
816 1874 936 1930 qua:
975 1860 1043 1913 ad
1077 1874 1237 1913 unam
1263 1855 1559 1913 essentiam
1592 1851 1785 1909 referri
1836 1864 2064 1907 consue-

2187 1858 2259 1907 :1ti
2295 1853 2473 1923 μόνων
2504 1854 2611 1907 τῶν
2652 1854 2797 1907 κατὰ
2826 1855 2885 1906 τὸ
2913 1852 3045 1905 αὑτὸ
3064 1848 3203 1913 εἶδος
3238 1848 3377 1919 πρὸς
3409 1849 3532 1917 μίαν
3558 1848 3698 1898 οὐδὲν

465 1965 682 2013 verunt.

966 2042 1050 2096 Ea:
1087 2042 1269 2096 eadem
1302 2040 1560 2095 oratione.

541 2140 681 2195 Cum
714 2138 831 2193 haec
867 2136 937 2190 sit
971 2143 1157 2189 nostra
1189 2130 1479 2195 sententia,
1510 2141 1687 2199 neque
1744 2137 2063 2182 naturarum

467 2231 830 2290 dﬂerentiam
864 2237 983 2299 post
1052 2224 1497 2295 coniunctionem
1523 2233 1808 2292 negamus,
1852 2232 1915 2272 ex
1943 2217 2068 2286 qni-

476 2326 581 2381 bus
609 2330 826 2379 constat
853 2320 1125 2382 Christus,
1164 2319 1310 2387 ipsas
1348 2324 1569 2369 naturas
1627 2311 1851 2365 minime
1878 2308 2072 2364 c0niu-

472 2432 564 2473 sas
615 2415 885 2470 mansisse
914 2411 1216 2464 credentes.
1254 2404 1439 2473 Neque
1504 2400 1945 2471 coniunctionem
2013 2397 2067 2451 in

472 2523 707 2580 persona
736 2507 1070 2577 ignoramus,
1104 2516 1268 2554 unum
1302 2496 1579 2553 Christum
1605 2505 1809 2549 sancta:
1833 2502 1887 2547 et
1923 2490 2071 2561 ejus-

473 2606 598 2660 dem
630 2601 884 2657 essentia!
918 2607 975 2653 et
1035 2591 1327 2649 adoranda!
1374 2587 1661 2643 Trinitatis
1729 2585 2070 2650 conﬁtentes,

473 2694 573 2753 sed
608 2707 798 2748 eorum
833 2690 998 2744 etiam
1033 2702 1100 2741 ex
1127 2683 1327 2756 quibus
1349 2692 1432 2736 est
1468 2678 1741 2746 Christus,
1782 2688 1833 2731 ut
1862 2692 1982 2748 qua:
2013 2677 2067 2731 in

475 2806 596 2866 ipso
623 2802 751 2845 vere
778 2787 896 2841 sine
948 2780 1257 2838 inversione
1306 2786 1361 2830 et
1415 2772 1714 2829 mutatione
1760 2779 2071 2833 servantur,

477 2859 602 2953 post
671 2875 1147 2947 coniunctionem,
1218 2868 1559 2940 perspicuam
1639 2876 1864 2917 numero
1923 2859 2078 2915 diﬂ‘e-

480 2952 735 3037 rentiam,
780 2984 887 3040 quo
917 2963 1173 3037 Entychis
1200 2959 1451 3017 confusio
1487 2956 1733 3022 tollatur,
1786 2952 2080 3009 constitui-

480 3083 622 3123 inus.
649 3064 720 3119 Et
770 3062 825 3115 in
881 3070 1114 3130 persona
1175 3050 1619 3122 coniunctionem
1692 3054 2075 3118 agnoscentes,

478 3158 629 3214 clara
652 3168 787 3210 voce
815 3165 980 3206 unam
1012 3147 1104 3205 Dei
1165 3144 1325 3201 Verbi
1384 3155 1635 3197 naturam
1717 3139 2078 3209 assumpsisse

480 3262 725 3313 carnem,
756 3245 1047 3300 habentem
1088 3240 1325 3305 animam
1383 3242 1560 3288 mente
1589 3232 1888 3301 praeditam,
1924 3245 2076 3285 asse—

483 3342 657 3398 rimas
692 3348 880 3396 contra
938 3333 1175 3391 Nestorii
1205 3330 1552 3390 divisionem,
1581 3327 1673 3398 qui
1701 3339 1948 3395 persona:
1974 3323 2078 3377 dii-

485 3417 772 3488 terentiani
834 3430 887 3482 in
942 3425 1163 3482 Christo
1232 3416 1638 3491 pronuntiabat,
1693 3423 1748 3470 et
1834 3415 2081 3469 eamdem

487 3538 733 3595 persona:
768 3521 1032 3577 rationem
1064 3530 1184 3588 quae
1225 3524 1308 3571 est
1343 3510 1526 3569 carnis
1574 3522 1699 3563 cum
1735 3504 1914 3561 Verbo
1967 3505 2083 3561 dis-

488 3616 735 3674 secabat.

992 3705 1077 3761 Ea:
1109 3704 1291 3759 eadem
1320 3698 1586 3754 oratione.

563 3808 697 3863 Nam
741 3806 785 3861 si
803 3802 1057 3861 Christus
1092 3806 1216 3869 post
1274 3790 1714 3863 coniunctionem
1745 3794 1830 3841 est
1864 3785 2005 3839 Dens
2035 3792 2090 3839 et

491 3898 677 3964 homo,
701 3896 856 3965 juxta
884 3899 1227 3948 communem
1273 3884 1530 3939 nimirum
1553 3876 1976 3941 confessionem,
2004 3888 2092 3928 res

497 3989 816 4047 nominibus
876 3991 1244 4054 congruentes
1275 3991 1401 4032 vere
1447 3974 1614 4029 habet
1659 3978 1782 4041 post
1831 3965 2090 4035 coniunc-

495 4086 726 4141 tionem.
786 4079 895 4135 Res
918 4077 1063 4134 enim
1118 4070 1438 4128 nominibus
1497 4063 1732 4137 propriis
1762 4061 2092 4130 praecedunt,

493 4191 598 4233 nec
629 4174 916 4245 quisquam
942 4180 1137 4237 nomen
1170 4177 1293 4219 esse
1322 4160 1520 4217 dixerit
1560 4158 1678 4212 sine
1714 4168 1795 4218 re,
1853 4166 1973 4222 qna-
1997 4165 2094 4220 per

495 4282 559 4324 se
600 4241 806 4331 nomini
835 4258 1041 4331 praebet
1067 4254 1433 4319 occasionem,
1464 4258 1519 4305 et
1548 4248 1664 4319 ipsa
1697 4242 1933 4302 vicissim
1960 4241 2099 4297 reci-

498 4360 580 4430 pit
607 4354 1058 4413 declarationem.
1091 4349 1245 4417 Quod
1273 4346 1320 4402 si
1372 4342 1622 4401 Christus
1664 4347 1786 4410 post
1840 4334 2101 4404 conjuuca

453 4484 456 4486 η
502 4429 707 4503 tionem
733 4460 840 4501 non
881 4443 1044 4499 habet
1072 4454 1181 4507 res,
1211 4451 1449 4509 quarum
1487 4440 1615 4489 sunt
1653 4429 1901 4494 nomina,
1952 4432 2097 4497 patet

2167 1943 2522 2015 ἀναγομένων
2547 1944 2773 2014 ἀτόμων
2810 1941 3069 2009 λέγεσθαι
3102 1940 3368 2007 πέφυκεν.

2608 2034 2713 2089 Ἐκ
2741 2034 2850 2089 τοῦ
2875 2034 3063 2088 αὐτοῦ
3092 2034 3308 2103 λόγου.

2240 2127 2463 2197 Ταύτην
2508 2126 2726 2199 ἔχοντες
2784 2126 2882 2199 τὴν
2932 2128 3229 2197 ὁμολογίαν
3261 2129 3447 2197 ἡμεῖς,
3500 2124 3608 2178 οὕτε
3633 2125 3700 2195 τὴν

2169 2221 2281 2274 τῶν
2308 2219 2528 2290 φῦσεων
2558 2218 2825 2291 διαφορὰν
2879 2219 3197 2290 ἀρνούμεθα
3230 2219 3374 2288 μετὰ
3404 2221 3500 2286 τὴν
3530 2217 3699 2281 ἕνωσιν,

2170 2315 2229 2383 ἐξ
2263 2308 2338 2368 ὧν
2369 2316 2397 2368 ὁ
2431 2307 2512 2377 εἷς
2560 2312 2822 2383 συνετέθη
2849 2312 3110 2382 Χριστὸς,
3138 2311 3486 2380 ἀσυγχύτους
3514 2327 3704 2379 μεμενη-

2171 2408 2325 2460 κέναι
2358 2405 2452 2468 τὰς
2482 2405 2677 2474 φύσεις
2704 2405 3077 2467 πιστεύοντες,
3106 2403 3232 2458 οὔτε
3260 2403 3361 2474 τὴν
3386 2402 3502 2456 καθ’
3526 2404 3705 2456 ὑπόστα-

2176 2518 2261 2555 σιν
2288 2498 2596 2569 ἀγνοοῦμεν
2626 2497 2847 2564 ἕνωσιν,
2879 2497 2977 2552 ἕνα
3020 2498 3111 2551 τὸν
3154 2496 3397 2568 Χριστὸν
3442 2496 3535 2565 τῆς
3568 2497 3704 2564 ἁγίας,

2177 2591 2271 2644 καὶ
2298 2591 2614 2661 ὁμοουσίου,
2635 2591 2733 2643 καὶ
2759 2587 3152 2660 προσκυνητῆς
3176 2587 3407 2657 Τριάόος
3432 2586 3703 2656 ὁμολογοῦν-

2176 2701 2290 2750 τες,
2328 2682 2465 2736 ἀλλὰ
2496 2682 2591 2736 καὶ
2624 2681 2722 2752 τὴν
2748 2681 3015 2752 διαφορὰν
3062 2680 3175 2733 τῶν
3206 2678 3266 2745 ἐξ
3294 2673 3372 2735 ὦν
3401 2681 3543 2731 ἐστιν
3563 2682 3586 2732 ὀ
3607 2680 3705 2748 X9:-

2180 2778 2304 2841 στὸς
2327 2777 2404 2840 ὡς
2425 2777 2483 2829 ὲν
2502 2773 2653 2844 αὐτῷ
2678 2774 2799 2829 κατ’
2823 2775 3086 2846 ἀλήθειαν
3124 2772 3452 2843 σωζομένων
3485 2772 3593 2841 δίχα
3614 2787 3705 2840 τρο·

2178 2870 2288 2940 πῆς
2320 2870 2416 2922 καὶ
2447 2866 2765 2937 συγχύσεως
2786 2868 2924 2939 μετά
2953 2866 3053 2937 τὴν
3076 2866 3271 2919 ἕνωσιν
3297 2865 3390 2919 διὰ
3418 2863 3508 2917 τοῦ
3526 2862 3709 2934 ἀριθμοῦ

2180 2958 2442 3031 ποιοῦμεν
2481 2957 2788 3027 κατάδηλον
2822 2956 2959 3026 πρὸς
2993 2956 3281 3027 ἀναίρεσιν
3309 2955 3412 3023 τῆς
3461 2952 3549 3006 τοῦ
3578 2953 3711 3005 Εὐτυ-

2180 3057 2315 3128 χοῦς
2371 3058 2728 3126 συγχύσεως,
2777 3053 2874 3108 καὶ
2918 3052 3021 3123 τὴν
3071 3050 3197 3104 καθ’
3230 3049 3529 3103 ὑπόστασιν
3562 3049 3714 3101 ἕνωσιν

2185 3147 2656 3217 ἐπιγινώσκοντες
2686 3143 2997 3215 διαπρυσίῳ
3043 3144 3110 3211 τῇ
3156 3143 3309 3211 φωνῇ
3370 3139 3471 3210 τὴν
3509 3141 3620 3207 μίαν
3650 3137 3715 3190 τοῦ

2183 3242 2319 3295 Θεοῦ
2353 3241 2530 3307 Λόγου
2562 3238 2723 3307 φύσιν
2763 3234 3191 3305 σεσαρκωμὲνην
3225 3232 3393 3301 σαρκὶ
3412 3232 3575 3300 ψυχὴν
3600 3229 3715 3296 ἐχεύ-

2187 3352 2255 3405 ση
2302 3334 2401 3402 τὴν
2434 3333 2632 3403 vos.in
2681 3329 2825 3383 κατὰ
2873 3328 2973 3397 τῆς
3002 3325 3305 3405 Νεστορίου
3347 3322 3714 3394 προὸαλλόμεθι

2184 3426 2530 3495 διαιρέσεως,
2579 3414 2948 3491 ὑποστατικὴν
2980 3420 3070 3472 sit
3107 3417 3347 3484 Χριστοῦ
3382 3418 3480 3488 τὴν
3507 3415 3715 3482 διαφορὰν

2188 3518 2685 3585 καταγγέλλοντος,
2741 3516 2836 3568 καὶ
2877 3512 3078 3583 σαρκὸς
3131 3511 3255 3565 καθ’
3294 3511 3583 3565 ὑπόστασιν
3622 3510 3715 3580 πρὸς

2189 3613 2281 3666 τὸν
2306 3613 2477 3679 Λόγον
2502 3610 2805 3678 ταυτότητά
2837 3607 3249 3677 διατέμνοντος.

2628 3700 2730 3751 Ἐκ
2762 3698 2869 3751 τοῦ
2912 3695 3099 3751 αὑτοῦ
3127 3696 3339 3765 λόγου.

2228 3782 2245 3788 ’
2267 3797 2328 3850 Ei
2355 3795 2464 3866 γὰρ
2500 3795 2633 3857 Θεὸς
2687 3791 2781 3846 και
2812 3790 3099 3861 ἄνθρωπός
3142 3789 3259 3841 ἐστι
3289 3788 3433 3858 μετά
3462 3786 3553 3859 τὴν
3578 3787 3717 3839 ενωςιν

2194 3887 2502 3957 ὁΧριστδς,
2544 3886 2688 3938 κατὰ
2716 3884 2816 3953 τὴν
2840 3882 3029 3951 κοινὴν
3080 3880 3405 3951 ὁμολογίαν,
3446 3880 3655 3950 δηλονότι
3674 3880 3717 3929 τὶ

2195 3979 2502 4051 πράγματα
2531 3976 2642 4037 τοῖς
2675 3974 2936 4042 ὀνόμασιν
2970 3971 3109 4040 ἒχων
3139 3966 3474 4039 ἐπαληθεύει
3516 3966 3633 4038 μετά
3651 3965 3718 4032 τὴν

2195 4073 2411 4126 ἕνωσιν.
2444 4070 2526 4123 Τὰ
2550 4070 2660 4140 γὰρ
2700 4065 3007 4137 πράγματα
3064 4061 3519 4132 προεπινοοῦνται
3560 4057 3648 4111 τῶν
3666 4060 3717 4107 ei-

2197 4164 2363 4218 κείων
2397 4161 2703 4231 ὀνομάτων,
2733 4158 2831 4212 καὶ
2855 4156 2965 4209 οὐδ’
3004 4154 3073 4208 ἂν
3103 4147 3246 4207 εἶναι
3275 4151 3527 4223 δυνηθείη
3556 4151 3717 4202 πώποτε

2199 4256 2369 4327 χωρὶς
2417 4253 2744 4323 πράγματος
2778 4248 2953 4319 δνομα
2989 4244 3085 4300 τοῦ
3120 4244 3459 4317 παρέχοντος
3486 4242 3552 4297 δι’
3576 4238 3715 4296 ἑαυτοί

2200 4346 2279 4417 τῷ
2324 4345 2554 4417 ὀνόματι
2578 4344 2753 4407 θέσιν,
2787 4343 2884 4396 καὶ
2913 4338 3419 4409 ἁντιλαμδάνοντος
3447 4335 3660 4407 δήλωσιν.
3680 4332 3717 4384 Ei

2203 4438 2261 4492 δὲ
2282 4440 2351 4492 τὰ
2373 4438 2702 4507 πράγματα,
2729 4429 2805 4489 ὧν
2846 4434 2952 4486 εἶσι
2978 4432 3049 4485 τὰ
3079 4431 3346 4500 ὀνόματά,
3383 4430 3479 4483 οὑκ
3508 4428 3607 4498 ἔχει
3624 4424 3717 4495 μετὰ

499 4555 625 4597 eum
660 4538 833 4595 nudas
863 4536 1066 4592 habere
1094 4522 1506 4603 appellationes,
1573 4524 1774 4596 quippe
1824 4534 1946 4591 quas
2023 4516 2088 4572 de

2196 4532 2297 4603 τὴν
2318 4531 2519 4584 ἕνωσιν
2547 4530 2577 4583 ὁ
2620 4525 2880 4599 Χριστὸς,
2930 4522 3097 4594 ψιλὰς
3129 4523 3254 4577 κατ’
3298 4521 3513 4584 αὑτοὺς,
3539 4518 3602 4579 ὡς
3622 4530 3720 4568 κατι

502 4632 722 4690 nomine
752 4629 1028 4692 dicantur,
1058 4634 1113 4680 et
1144 4624 1305 4679 rebus
1341 4621 1472 4692 ipsis
1498 4619 1721 4690 privatae
1742 4613 1869 4670 sint.
1900 4611 1966 4666 Et
1989 4609 2098 4665 erit

504 4722 648 4778 Deus
675 4729 730 4776 et
760 4720 925 4774 homo
956 4714 1176 4771 nomine
1210 4719 1425 4766 tantum
1478 4707 1753 4767 Christus,
1776 4717 1887 4758 non
1914 4712 2099 4754 autem
2122 4774 2157 4793 Ι

509 4830 587 4881 re,
616 4826 675 4869 ut
714 4811 814 4882 ipsi
839 4812 1101 4867 sentiunt.
1139 4806 1256 4873 Quo
1287 4802 1414 4875 quid
1457 4800 1567 4856 Deo
1633 4797 1813 4852 minus
1860 4808 2101 4863 congru-

505 4921 606 4962 ens
633 4920 757 4960 esse
787 4910 952 4971 queat
984 4901 1007 4955 ἲ
1033 4898 1127 4954 Sin
1164 4899 1306 4953 hanc
1348 4891 1615 4949 insaniam
1646 4889 1914 4945 evitantes
1944 4900 2104 4940 voca-

513 4999 639 5055 bula
669 4998 722 5052 in
756 4995 977 5051 Christo
1006 4993 1170 5047 rebus
1201 4988 1431 5060 spoliata
1470 4982 1752 5054 negabunt
1810 4990 1932 5051 post
1975 4994 2105 5033 con-

506 5089 866 5161 junctiOnem,
921 5079 1378 5156 quemadmodum
1454 5091 1560 5131 non
1616 5079 1867 5128 recusant
1926 5068 2106 5124 dicere

512 5160 648 5238 duas
714 5179 921 5237 Christi
978 5184 1101 5247 post
1160 5168 1605 5241 coniunctionem
1689 5160 2102 5232 appellationes,

510 5275 646 5331 duas
668 5274 796 5327 item
830 5268 1034 5324 Christi
1066 5274 1188 5338 post
1244 5258 1684 5330 coniunctionem
1740 5263 1966 5311 naturas
2027 5252 2111 5305 di~

511 5377 655 5432 cant,
685 5380 751 5420 es
794 5362 993 5435 quibus
1012 5369 1066 5415 et
1097 5359 1149 5413 in
1179 5356 1375 5426 quibus
1397 5350 1671 5416 consistit,
1695 5361 1927 5419 quarum
1980 5353 2109 5397 sunt

510 5458 929 5533 appellationes.

727 5661 983 5730 Ejusdem
1015 5659 1076 5713 tle
1118 5654 1420 5727 iii/ferentia
1473 5661 1522 5705 et
1572 5648 1893 5718 quantitate.

589 5758 766 5821 Quare
799 5755 881 5809 sic
938 5765 1220 5814 numerus,
1275 5761 1340 5801 ex
1378 5746 1597 5798 l’atrnin
1656 5740 1950 5802 sententia,
2009 5755 2113 5791 non

520 5820 780 5915 habitum,
820 5844 913 5900 sed
966 5855 1149 5897 rerum
1201 5836 1557 5907 quantitatem
1605 5820 1869 5901 designat.
1928 5828 2115 5884 Unzuis

2208 4622 2437 4696 μηδενὸς
2484 4620 2772 4691 κειμένας,
2820 4618 2959 4688 ἔχων
2996 4615 3347 4687 δειχθήσεται
3382 4617 3479 4676 τὰς
3506 4625 3719 4683 προσηγῡι

2206 4717 2353 4788 ρίας,
2376 4714 2474 4767 καὶ
2504 4711 2853 4784 πραγμάτων
2876 4710 3144 4781 ἐρήμους,
3196 4705 3295 4760 καὶ
3336 4704 3488 4758 ἔσται
3508 4703 3632 4766 Θεὸς,
3654 4699 3720 4749 καὶ

2207 4807 2304 4862 ἄνο
2313 4823 2496 4879 ρωπος
2531 4807 2690 4875 μόνον
2717 4804 2943 4872 ὀνόματι
2983 4800 3105 4852 κατ’
3127 4799 3330 4861 αὑτοὺς
3352 4796 3382 4849 ὀ
3405 4794 3631 4867 Χριστὸς,
3654 4791 3717 4840 καὶ

2207 4900 2269 4952 οὑ
2320 4896 2631 4967 πράγματι.
2686 4886 2762 4948 Οῦ
2809 4894 2861 4945 τί
2912 4892 3111 4961 γένοιτ’
3158 4889 3224 4944 ἂν
3275 4887 3587 4957 ἀθεώτερον;
3618 4879 3713 4933 Εἶόὲ

2208 4991 2464 5046 τοσοῦτον
2495 4988 2733 5059 μανῆναι
2776 4983 3232 5054 παραιτούμενιι,
3268 4983 3426 5050 φαῖεν
3448 4976 3720 5048 phimum;

2211 5080 2353 5137 εἶναι
2379 5081 2727 5151 πραγμάτων
2754 5079 2845 5130 ἐπὶ
2870 5075 3109 5147 Χριστοῦ
3138 5079 3237 5137 τὰς
3263 5067 3603 5142 προσηγορίας
3618 5060 3731 5132 μετὰ

2211 5178 2311 5243 τήν
2333 5174 2550 5235 ἕνωσιν,
2599 5171 2790 5242 ὥσπερ
2813 5168 2873 5221 οὑ
2920 5167 3323 5238 παραιτοῦνται
3364 5163 3532 5229 λέγειν
3560 5151 3733 5217 τὰςδύθ

2212 5267 2307 5320 τοῦ
2342 5262 2585 5336 Χριστοῦ
2628 5262 2768 5333 μετὰ
2825 5261 2928 5333 τὴν
2968 5261 3168 5315 ἕνωσιν
3207 5254 3578 5328 προσηγορίας,
3612 5245 3737 5336 οὔτι-ο

2214 5360 2311 5415 καὶ
2341 5361 2439 5423 τὰς
2469 5358 2561 5414 δύο
2597 5358 2693 5410 τοῦ
2730 5355 2973 5427 Χριστοῦ
3001 5354 3217 5424 φύσεις,
3254 5353 3314 5417 ἐξ
3342 5345 3433 5413 ὧν,
3463 5346 3547 5399 καὶ
3569 5346 3614 5395 ἐν
3652 5330 3735 5395 αἷς

2218 5452 2540 5522 συνέστηκε,
2573 5449 2884 5518 λεγέτωσαν
2922 5449 3060 5517 μετὰ
3078 5446 3176 5517 τὴν
3198 5446 3411 5506 ἕνωσιν,
3428 5434 3495 5494 ὧν
3521 5435 3567 5491 αἱ
3592 5442 3723 5501 πρετ-

2216 5544 2463 5616 ηγορίαι.

2329 5637 2439 5691 Τοῦ
2468 5634 2657 5690 αὑτοῦ
2698 5636 2828 5704 περὶ
2861 5631 3156 5704 διαφορᾶς
3187 5630 3286 5686 καὶ
3333 5630 3633 5693 ποσότητοςο

2291 5732 2353 5783 Εἰ
2384 5730 2585 5795 τοίνυν,
2620 5730 2763 5780 κατά
2802 5728 2926 5791 τοὺς
2956 5728 3228 5797 Πατέρας,
3262 5726 3287 5777 ὁ
3310 5721 3519 5796 ἀριθμὸς
3544 5716 3616 5772 τοῦ
3646 5732 3725 5766 το

2224 5824 2316 5878 σοῦ
2350 5821 2459 5877 τῶν
2515 5821 2885 5893 πραγμάτων,
2922 5819 3039 5874 ἀλλ’
3067 5820 3126 5872 οὑ
3156 5818 3256 5891 τῆς
3295 5815 3508 5886 σχέσεώς
3535 5813 3623 5862 ἐστι
3648 5806 3705 5853 ἱ*
