  <div class='ocr_page' id='page_1' title='image "/cluster/home/n/w/nwhite01/storage/ocr_20150623/130/hvd.32044019208255/524.png"; bbox 0 0 3952 6552; ppageno 0'>
   <div class='ocr_carea' id='block_1_1' title="bbox 232 398 382 463">
    <p class='ocr_par' dir='ltr' id='par_1_1' title="bbox 232 398 382 463">
     <span class='ocr_line' id='line_1_1' title="bbox 232 398 382 463; baseline 0.02 -2"><span class='ocrx_word' id='word_1_1' title='bbox 232 398 257 461; x_wconf 89' lang='grc'><strong>1</strong></span> <span class='ocrx_word' id='word_1_2' title='bbox 271 401 382 463; x_wconf 84' lang='grc'><strong>033</strong></span> 
     </span>
    </p>
   </div>
   <div class='ocr_carea' id='block_1_2' title="bbox 1190 395 2563 465">
    <p class='ocr_par' dir='ltr' id='par_1_2' title="bbox 1190 395 2563 465">
     <span class='ocr_line' id='line_1_2' title="bbox 1190 395 2563 465; baseline 0.003 -4"><span class='ocrx_word' id='word_1_3' title='bbox 1190 402 1573 463; x_wconf 76' lang='lat' dir='ltr'><strong>PANOPLIA</strong></span> <span class='ocrx_word' id='word_1_4' title='bbox 1615 396 2073 461; x_wconf 76' lang='lat' dir='ltr'><strong>DOGMATICA.</strong></span> <span class='ocrx_word' id='word_1_5' title='bbox 2114 422 2181 434; x_wconf 86' lang='lat'>-</span> <span class='ocrx_word' id='word_1_6' title='bbox 2221 395 2368 461; x_wconf 83' lang='lat' dir='ltr'><strong>Tl&#39;l‘.</strong></span> <span class='ocrx_word' id='word_1_7' title='bbox 2406 401 2563 465; x_wconf 80' lang='lat' dir='ltr'><strong>XVI.</strong></span> 
     </span>
    </p>
   </div>
   <div class='ocr_carea' id='block_1_3' title="bbox 3373 404 3515 466">
    <p class='ocr_par' dir='ltr' id='par_1_3' title="bbox 3373 404 3515 466">
     <span class='ocr_line' id='line_1_3' title="bbox 3373 404 3515 466; baseline 0.021 -2"><span class='ocrx_word' id='word_1_8' title='bbox 3373 404 3515 466; x_wconf 73' lang='grc' dir='ltr'>ιοξιι</span> 
     </span>
    </p>
   </div>
   <div class='ocr_carea' id='block_1_4' title="bbox 222 513 1813 588">
    <p class='ocr_par' dir='ltr' id='par_1_4' title="bbox 222 513 1813 588">
     <span class='ocr_line' id='line_1_4' title="bbox 222 513 1813 588; baseline 0.001 -23"><span class='ocrx_word' id='word_1_9' title='bbox 222 513 482 582; x_wconf 75' lang='grc' dir='ltr'>λωτικὸς,</span> <span class='ocrx_word' id='word_1_10' title='bbox 517 518 624 570; x_wconf 77' lang='grc' dir='ltr'><strong>πᾶν</strong></span> <span class='ocrx_word' id='word_1_11' title='bbox 650 516 706 570; x_wconf 80' lang='grc' dir='ltr'><strong>δὲ</strong></span> <span class='ocrx_word' id='word_1_12' title='bbox 749 517 916 569; x_wconf 80' lang='grc' dir='ltr'>ποσὸν</span> <span class='ocrx_word' id='word_1_13' title='bbox 950 517 1233 588; x_wconf 80' lang='grc' dir='ltr'><strong>ἑτερότητι</strong></span> <span class='ocrx_word' id='word_1_14' title='bbox 1261 519 1469 586; x_wconf 75' lang='grc' dir='ltr'>φυσικῇ</span> <span class='ocrx_word' id='word_1_15' title='bbox 1508 514 1813 584; x_wconf 82' lang='grc' dir='ltr'>θεωρούμε-</span> 
     </span>
    </p>
   </div>
   <div class='ocr_carea' id='block_1_5' title="bbox 1919 513 3505 588">
    <p class='ocr_par' dir='ltr' id='par_1_5' title="bbox 1927 513 3505 582">
     <span class='ocr_line' id='line_1_5' title="bbox 1927 513 3505 582; baseline 0.004 -18"><span class='ocrx_word' id='word_1_16' title='bbox 1927 520 2109 566; x_wconf 89' lang='lat' dir='ltr'><strong>autem</strong></span> <span class='ocrx_word' id='word_1_17' title='bbox 2178 515 2453 582; x_wconf 81' lang='lat' dir='ltr'><strong>quantitas</strong></span> <span class='ocrx_word' id='word_1_18' title='bbox 2504 513 2737 569; x_wconf 85' lang='lat' dir='ltr'><strong>naturali</strong></span> <span class='ocrx_word' id='word_1_19' title='bbox 2798 513 3115 569; x_wconf 65' lang='lat' dir='ltr'><strong>diversitate</strong></span> <span class='ocrx_word' id='word_1_20' title='bbox 3164 517 3505 572; x_wconf 79' lang='lat' dir='ltr'><strong>considerata</strong></span> 
     </span>
    </p>
   </div>
   <div class='ocr_carea' id='block_1_6' title="bbox 220 609 1809 682">
    <p class='ocr_par' dir='ltr' id='par_1_6' title="bbox 220 609 1809 682">
     <span class='ocr_line' id='line_1_6' title="bbox 220 609 1809 682; baseline -0.001 -20"><span class='ocrx_word' id='word_1_21' title='bbox 220 626 339 674; x_wconf 86' lang='grc' dir='ltr'>νον,</span> <span class='ocrx_word' id='word_1_22' title='bbox 368 609 633 679; x_wconf 82' lang='grc' dir='ltr'>διαφορὰν</span> <span class='ocrx_word' id='word_1_23' title='bbox 673 610 893 670; x_wconf 81' lang='grc' dir='ltr'>πάντως</span> <span class='ocrx_word' id='word_1_24' title='bbox 951 609 1278 681; x_wconf 74' lang='grc' dir='ltr'>ἐπιδέχεται,</span> <span class='ocrx_word' id='word_1_25' title='bbox 1313 610 1578 682; x_wconf 70' lang='grc' dir='ltr'>διαφορὰν</span> <span class='ocrx_word' id='word_1_26' title='bbox 1610 610 1667 662; x_wconf 82' lang='grc' dir='ltr'><strong>δὲ</strong></span> <span class='ocrx_word' id='word_1_27' title='bbox 1720 609 1809 661; x_wconf 77' lang='grc' dir='ltr'><strong>λέ-</strong></span> 
     </span>
    </p>
   </div>
   <div class='ocr_carea' id='block_1_7' title="bbox 219 700 1809 773">
    <p class='ocr_par' dir='ltr' id='par_1_7' title="bbox 219 700 1809 773">
     <span class='ocr_line' id='line_1_7' title="bbox 219 700 1809 773; baseline 0 -20"><span class='ocrx_word' id='word_1_28' title='bbox 219 718 419 770; x_wconf 76' lang='grc' dir='ltr'>γουσιν</span> <span class='ocrx_word' id='word_1_29' title='bbox 454 703 549 754; x_wconf 77' lang='grc' dir='ltr'><strong>ἐπὶ</strong></span> <span class='ocrx_word' id='word_1_30' title='bbox 609 700 851 772; x_wconf 79' lang='grc' dir='ltr'><strong>Χριστοῦ</strong></span> <span class='ocrx_word' id='word_1_31' title='bbox 888 703 1128 771; x_wconf 82' lang='grc' dir='ltr'>φυσικὴν</span> <span class='ocrx_word' id='word_1_32' title='bbox 1162 702 1302 773; x_wconf 76' lang='grc' dir='ltr'>μετὰ</span> <span class='ocrx_word' id='word_1_33' title='bbox 1356 703 1453 773; x_wconf 81' lang='grc' dir='ltr'>τὴν</span> <span class='ocrx_word' id='word_1_34' title='bbox 1484 703 1679 755; x_wconf 73' lang='grc' dir='ltr'>ἕνωσιν</span> <span class='ocrx_word' id='word_1_35' title='bbox 1715 705 1809 756; x_wconf 74' lang='grc' dir='ltr'>καὶ</span> 
     </span>
    </p>
   </div>
   <div class='ocr_carea' id='block_1_8' title="bbox 217 792 1809 864">
    <p class='ocr_par' dir='ltr' id='par_1_8' title="bbox 217 792 1809 864">
     <span class='ocr_line' id='line_1_8' title="bbox 217 792 1809 864; baseline 0.001 -19"><span class='ocrx_word' id='word_1_36' title='bbox 217 793 272 845; x_wconf 80' lang='grc' dir='ltr'><strong>οι</strong></span> <span class='ocrx_word' id='word_1_37' title='bbox 304 795 370 863; x_wconf 83' lang='grc' dir='ltr'>τῇ</span> <span class='ocrx_word' id='word_1_38' title='bbox 406 792 637 864; x_wconf 73' lang='grc' dir='ltr'>ἀληθείᾳ</span> <span class='ocrx_word' id='word_1_39' title='bbox 670 794 997 863; x_wconf 81' lang='grc' dir='ltr'>μαχόμενοι,</span> <span class='ocrx_word' id='word_1_40' title='bbox 1050 796 1144 848; x_wconf 71' lang='grc' dir='ltr'>καὶ</span> <span class='ocrx_word' id='word_1_41' title='bbox 1172 795 1231 847; x_wconf 74' lang='grc' dir='ltr'>τὸ</span> <span class='ocrx_word' id='word_1_42' title='bbox 1281 795 1447 848; x_wconf 85' lang='grc' dir='ltr'>ποσὸν</span> <span class='ocrx_word' id='word_1_43' title='bbox 1480 794 1592 848; x_wconf 82' lang='grc' dir='ltr'><strong>τῶν</strong></span> <span class='ocrx_word' id='word_1_44' title='bbox 1620 795 1809 863; x_wconf 83' lang='grc' dir='ltr'>διαφε-</span> 
     </span>
    </p>
   </div>
   <div class='ocr_carea' id='block_1_9' title="bbox 220 875 1810 955">
    <p class='ocr_par' dir='ltr' id='par_1_9' title="bbox 220 875 1810 955">
     <span class='ocr_line' id='line_1_9' title="bbox 220 875 1810 955; baseline 0.002 -20"><span class='ocrx_word' id='word_1_45' title='bbox 220 881 455 953; x_wconf 76' lang='grc' dir='ltr'>ρόντων,</span> <span class='ocrx_word' id='word_1_46' title='bbox 490 877 551 935; x_wconf 75' lang='grc' dir='ltr'><strong>οὗ</strong></span> <span class='ocrx_word' id='word_1_47' title='bbox 587 884 757 953; x_wconf 69' lang='grc' dir='ltr'>χωρὶς</span> <span class='ocrx_word' id='word_1_48' title='bbox 790 882 1075 953; x_wconf 79' lang='grc' dir='ltr'>ἀμήχανον</span> <span class='ocrx_word' id='word_1_49' title='bbox 1127 875 1270 938; x_wconf 75' lang='grc' dir='ltr'>εἶναι</span> <span class='ocrx_word' id='word_1_50' title='bbox 1322 884 1609 955; x_wconf 71' lang='grc' dir='ltr'>διαφορὰν,</span> <span class='ocrx_word' id='word_1_51' title='bbox 1669 884 1810 955; x_wconf 83' lang='grc' dir='ltr'>μετά</span> 
     </span>
    </p>
   </div>
   <div class='ocr_carea' id='block_1_10' title="bbox 219 970 1811 1047">
    <p class='ocr_par' dir='ltr' id='par_1_10' title="bbox 219 970 1811 1047">
     <span class='ocr_line' id='line_1_10' title="bbox 219 970 1811 1047; baseline 0.002 -19"><span class='ocrx_word' id='word_1_52' title='bbox 219 973 319 1028; x_wconf 84' lang='grc' dir='ltr'><strong>τοῦ</strong></span> <span class='ocrx_word' id='word_1_53' title='bbox 347 974 636 1046; x_wconf 81' lang='grc' dir='ltr'><strong>δηλοῦντος</strong></span> <span class='ocrx_word' id='word_1_54' title='bbox 668 975 802 1029; x_wconf 76' lang='grc' dir='ltr'>αὐτὸ</span> <span class='ocrx_word' id='word_1_55' title='bbox 832 974 1095 1047; x_wconf 82' lang='grc' dir='ltr'>ἀριθμοῦ,</span> <span class='ocrx_word' id='word_1_56' title='bbox 1114 970 1176 1031; x_wconf 83' lang='grc' dir='ltr'><strong>οῦ</strong></span> <span class='ocrx_word' id='word_1_57' title='bbox 1199 977 1369 1047; x_wconf 71' lang='grc' dir='ltr'>χωρὶς</span> <span class='ocrx_word' id='word_1_58' title='bbox 1394 978 1559 1030; x_wconf 75' lang='grc' dir='ltr'>ποσὸν</span> <span class='ocrx_word' id='word_1_59' title='bbox 1582 975 1811 1031; x_wconf 81' lang='grc' dir='ltr'><strong>καθόλου</strong></span> 
     </span>
    </p>
   </div>
   <div class='ocr_carea' id='block_1_11' title="bbox 218 1065 1815 1140">
    <p class='ocr_par' dir='ltr' id='par_1_11' title="bbox 218 1065 1815 1140">
     <span class='ocr_line' id='line_1_11' title="bbox 218 1065 1815 1140; baseline 0.004 -21"><span class='ocrx_word' id='word_1_60' title='bbox 218 1067 539 1136; x_wconf 80' lang='grc' dir='ltr'>γνωσθῆναι</span> <span class='ocrx_word' id='word_1_61' title='bbox 591 1065 875 1133; x_wconf 84' lang='grc' dir='ltr'>ἀδύνατον,</span> <span class='ocrx_word' id='word_1_62' title='bbox 941 1067 1123 1137; x_wconf 79' lang='grc' dir='ltr'>λέγειν</span> <span class='ocrx_word' id='word_1_63' title='bbox 1162 1070 1361 1134; x_wconf 80' lang='grc' dir='ltr'>αὐτοὺς</span> <span class='ocrx_word' id='word_1_64' title='bbox 1414 1070 1629 1137; x_wconf 81' lang='grc' dir='ltr'><strong>ἀνάγκη</strong></span> <span class='ocrx_word' id='word_1_65' title='bbox 1676 1072 1815 1140; x_wconf 86' lang='grc' dir='ltr'>μετά</span> 
     </span>
    </p>
   </div>
   <div class='ocr_carea' id='block_1_12' title="bbox 218 1158 1813 1232">
    <p class='ocr_par' dir='ltr' id='par_1_12' title="bbox 218 1158 1813 1232">
     <span class='ocr_line' id='line_1_12' title="bbox 218 1158 1813 1232; baseline 0.002 -22"><span class='ocrx_word' id='word_1_66' title='bbox 218 1158 323 1229; x_wconf 79' lang='grc' dir='ltr'>τὴν</span> <span class='ocrx_word' id='word_1_67' title='bbox 372 1158 589 1223; x_wconf 69' lang='grc' dir='ltr'>ἕνωσιν,</span> <span class='ocrx_word' id='word_1_68' title='bbox 638 1159 801 1231; x_wconf 69' lang='grc' dir='ltr'>εἴπερ</span> <span class='ocrx_word' id='word_1_69' title='bbox 851 1161 992 1214; x_wconf 81' lang='grc' dir='ltr'>κατὰ</span> <span class='ocrx_word' id='word_1_70' title='bbox 1021 1161 1122 1232; x_wconf 80' lang='grc' dir='ltr'>τὴν</span> <span class='ocrx_word' id='word_1_71' title='bbox 1173 1160 1436 1215; x_wconf 74' lang='grc' dir='ltr'>εὔτακτον</span> <span class='ocrx_word' id='word_1_72' title='bbox 1486 1161 1813 1216; x_wconf 79' lang='grc' dir='ltr'><strong>ἀκολουθίαν</strong></span> 
     </span>
    </p>
   </div>
   <div class='ocr_carea' id='block_1_13' title="bbox 220 1251 1814 1325">
    <p class='ocr_par' dir='ltr' id='par_1_13' title="bbox 220 1251 1814 1325">
     <span class='ocr_line' id='line_1_13' title="bbox 220 1251 1814 1325; baseline 0.004 -23"><span class='ocrx_word' id='word_1_73' title='bbox 220 1251 631 1323; x_wconf 78' lang='grc' dir='ltr'>εὐσυνάρτητον</span> <span class='ocrx_word' id='word_1_74' title='bbox 684 1254 777 1306; x_wconf 72' lang='grc' dir='ltr'>τὸν</span> <span class='ocrx_word' id='word_1_75' title='bbox 828 1252 925 1307; x_wconf 91' lang='grc' dir='ltr'><strong>τοῦ</strong></span> <span class='ocrx_word' id='word_1_76' title='bbox 954 1254 1160 1308; x_wconf 76' lang='grc' dir='ltr'><strong>οἰκείου</strong></span> <span class='ocrx_word' id='word_1_77' title='bbox 1214 1255 1489 1325; x_wconf 84' lang='grc' dir='ltr'>δόγματος</span> <span class='ocrx_word' id='word_1_78' title='bbox 1530 1255 1814 1322; x_wconf 80' lang='grc' dir='ltr'>ἀποδεῖξαι</span> 
     </span>
    </p>
   </div>
   <div class='ocr_carea' id='block_1_14' title="bbox 224 1343 1814 1421">
    <p class='ocr_par' dir='ltr' id='par_1_14' title="bbox 224 1343 1814 1421">
     <span class='ocr_line' id='line_1_14' title="bbox 224 1343 1814 1421; baseline 0.005 -26"><span class='ocrx_word' id='word_1_79' title='bbox 224 1343 513 1413; x_wconf 81' lang='grc' dir='ltr'>βούλονται</span> <span class='ocrx_word' id='word_1_80' title='bbox 538 1345 717 1413; x_wconf 77' lang='grc' dir='ltr'>λόγον.</span> <span class='ocrx_word' id='word_1_81' title='bbox 752 1345 813 1399; x_wconf 75' lang='grc' dir='ltr'><strong>Εἰ</strong></span> <span class='ocrx_word' id='word_1_82' title='bbox 843 1347 987 1401; x_wconf 82' lang='grc' dir='ltr'><strong>δὲτὸ</strong></span> <span class='ocrx_word' id='word_1_83' title='bbox 1033 1348 1199 1402; x_wconf 75' lang='grc' dir='ltr'>ποσὸν</span> <span class='ocrx_word' id='word_1_84' title='bbox 1233 1349 1341 1404; x_wconf 84' lang='grc' dir='ltr'><strong>τῶν</strong></span> <span class='ocrx_word' id='word_1_85' title='bbox 1378 1349 1706 1421; x_wconf 73' lang='grc' dir='ltr'><strong>σωζομένων</strong></span> <span class='ocrx_word' id='word_1_86' title='bbox 1755 1351 1814 1403; x_wconf 86' lang='grc' dir='ltr'>ὲν</span> 
     </span>
    </p>
   </div>
   <div class='ocr_carea' id='block_1_15' title="bbox 223 1436 1816 1513">
    <p class='ocr_par' dir='ltr' id='par_1_15' title="bbox 223 1436 1816 1513">
     <span class='ocr_line' id='line_1_15' title="bbox 223 1436 1816 1513; baseline 0.005 -24"><span class='ocrx_word' id='word_1_87' title='bbox 223 1436 451 1507; x_wconf 81' lang='grc' dir='ltr'>Χριστῷ</span> <span class='ocrx_word' id='word_1_88' title='bbox 483 1438 701 1507; x_wconf 80' lang='grc' dir='ltr'>φύσεων</span> <span class='ocrx_word' id='word_1_89' title='bbox 755 1439 1049 1508; x_wconf 74' lang='grc' dir='ltr'><strong>ἀρνοῦνται</strong></span> <span class='ocrx_word' id='word_1_90' title='bbox 1099 1441 1237 1511; x_wconf 83' lang='grc' dir='ltr'>μετά</span> <span class='ocrx_word' id='word_1_91' title='bbox 1266 1441 1367 1513; x_wconf 76' lang='grc' dir='ltr'>τὴν</span> <span class='ocrx_word' id='word_1_92' title='bbox 1410 1440 1628 1510; x_wconf 68' lang='grc' dir='ltr'>ἕνωσιν,</span> <span class='ocrx_word' id='word_1_93' title='bbox 1680 1444 1816 1513; x_wconf 77' lang='grc' dir='ltr'><strong>μηδὲ</strong></span> 
     </span>
    </p>
   </div>
   <div class='ocr_carea' id='block_1_16' title="bbox 224 1529 1812 1607">
    <p class='ocr_par' dir='ltr' id='par_1_16' title="bbox 224 1529 1812 1607">
     <span class='ocr_line' id='line_1_16' title="bbox 224 1529 1812 1607; baseline 0.006 -27"><span class='ocrx_word' id='word_1_94' title='bbox 224 1529 328 1597; x_wconf 83' lang='grc' dir='ltr'>τὴν</span> <span class='ocrx_word' id='word_1_95' title='bbox 362 1529 627 1600; x_wconf 76' lang='grc' dir='ltr'>διαφορὰν</span> <span class='ocrx_word' id='word_1_96' title='bbox 654 1532 837 1593; x_wconf 80' lang='grc' dir='ltr'>λέγειν</span> <span class='ocrx_word' id='word_1_97' title='bbox 864 1532 1226 1605; x_wconf 83' lang='grc' dir='ltr'>τολμάτωσαν</span> <span class='ocrx_word' id='word_1_98' title='bbox 1259 1534 1390 1600; x_wconf 85' lang='grc' dir='ltr'>τῶν,</span> <span class='ocrx_word' id='word_1_99' title='bbox 1428 1533 1488 1600; x_wconf 77' lang='grc' dir='ltr'>ιε</span> <span class='ocrx_word' id='word_1_100' title='bbox 1514 1532 1590 1590; x_wconf 82' lang='grc' dir='ltr'>ὧν</span> <span class='ocrx_word' id='word_1_101' title='bbox 1614 1535 1642 1587; x_wconf 86' lang='grc' dir='ltr'><strong>ό</strong></span> <span class='ocrx_word' id='word_1_102' title='bbox 1681 1537 1812 1607; x_wconf 81' lang='grc' dir='ltr'>Χριο</span> 
     </span>
    </p>
   </div>
   <div class='ocr_carea' id='block_1_17' title="bbox 226 1622 1811 1698">
    <p class='ocr_par' dir='ltr' id='par_1_17' title="bbox 226 1622 1811 1698">
     <span class='ocr_line' id='line_1_17' title="bbox 226 1622 1811 1698; baseline 0.007 -25"><span class='ocrx_word' id='word_1_103' title='bbox 226 1622 355 1684; x_wconf 77' lang='grc' dir='ltr'>στός</span> <span class='ocrx_word' id='word_1_104' title='bbox 383 1623 523 1687; x_wconf 78' lang='grc' dir='ltr'>ἐστι,</span> <span class='ocrx_word' id='word_1_105' title='bbox 574 1623 794 1692; x_wconf 82' lang='grc' dir='ltr'>φύσεων</span> <span class='ocrx_word' id='word_1_106' title='bbox 849 1626 989 1696; x_wconf 87' lang='grc' dir='ltr'>μετά</span> <span class='ocrx_word' id='word_1_107' title='bbox 1016 1627 1118 1698; x_wconf 83' lang='grc' dir='ltr'>τὴν</span> <span class='ocrx_word' id='word_1_108' title='bbox 1169 1626 1390 1693; x_wconf 73' lang='grc' dir='ltr'>ἕνωσιν,</span> <span class='ocrx_word' id='word_1_109' title='bbox 1425 1629 1811 1697; x_wconf 78' lang='grc' dir='ltr'><strong>γινώσκοντες,</strong></span> 
     </span>
    </p>
   </div>
   <div class='ocr_carea' id='block_1_18' title="bbox 222 1713 1817 1793">
    <p class='ocr_par' dir='ltr' id='par_1_18' title="bbox 222 1713 1817 1793">
     <span class='ocr_line' id='line_1_18' title="bbox 222 1713 1817 1793; baseline 0.008 -29"><span class='ocrx_word' id='word_1_110' title='bbox 222 1713 309 1765; x_wconf 80' lang='grc' dir='ltr'>ὅτι</span> <span class='ocrx_word' id='word_1_111' title='bbox 356 1715 467 1766; x_wconf 75' lang='grc' dir='ltr'><strong>πᾶν</strong></span> <span class='ocrx_word' id='word_1_112' title='bbox 508 1714 638 1769; x_wconf 80' lang='grc' dir='ltr'>εἴτι</span> <span class='ocrx_word' id='word_1_113' title='bbox 691 1716 815 1771; x_wconf 77' lang='grc' dir='ltr'>καθ’</span> <span class='ocrx_word' id='word_1_114' title='bbox 861 1717 1044 1772; x_wconf 81' lang='grc' dir='ltr'>ὁτιοῦν</span> <span class='ocrx_word' id='word_1_115' title='bbox 1095 1718 1211 1790; x_wconf 75' lang='grc' dir='ltr'><strong>ἔχει</strong></span> <span class='ocrx_word' id='word_1_116' title='bbox 1240 1719 1530 1793; x_wconf 78' lang='grc' dir='ltr'>διαφορὰν,</span> <span class='ocrx_word' id='word_1_117' title='bbox 1580 1721 1638 1775; x_wconf 84' lang='grc' dir='ltr'>ἓν</span> <span class='ocrx_word' id='word_1_118' title='bbox 1672 1724 1817 1776; x_wconf 71' lang='grc' dir='ltr'>κατὰ</span> 
     </span>
    </p>
   </div>
   <div class='ocr_carea' id='block_1_19' title="bbox 226 1806 1812 1882">
    <p class='ocr_par' dir='ltr' id='par_1_19' title="bbox 226 1806 1812 1882">
     <span class='ocr_line' id='line_1_19' title="bbox 226 1806 1812 1882; baseline 0.006 -24"><span class='ocrx_word' id='word_1_119' title='bbox 226 1806 412 1860; x_wconf 74' lang='grc' dir='ltr'>πάντα</span> <span class='ocrx_word' id='word_1_120' title='bbox 458 1807 617 1875; x_wconf 83' lang='grc' dir='ltr'>λόγον</span> <span class='ocrx_word' id='word_1_121' title='bbox 646 1825 705 1862; x_wconf 88' lang='grc' dir='ltr'>τε</span> <span class='ocrx_word' id='word_1_122' title='bbox 737 1810 832 1863; x_wconf 74' lang='grc' dir='ltr'><strong>καὶ</strong></span> <span class='ocrx_word' id='word_1_123' title='bbox 856 1810 1061 1882; x_wconf 81' lang='grc' dir='ltr'>τρόπον</span> <span class='ocrx_word' id='word_1_124' title='bbox 1105 1808 1246 1866; x_wconf 71' lang='grc' dir='ltr'>εἶναι</span> <span class='ocrx_word' id='word_1_125' title='bbox 1277 1813 1338 1866; x_wconf 78' lang='grc' dir='ltr'>οὐ</span> <span class='ocrx_word' id='word_1_126' title='bbox 1370 1812 1618 1871; x_wconf 83' lang='grc' dir='ltr'>δύναται.</span> <span class='ocrx_word' id='word_1_127' title='bbox 1651 1815 1724 1868; x_wconf 80' lang='grc' dir='ltr'><strong>Τὸ</strong></span> <span class='ocrx_word' id='word_1_128' title='bbox 1756 1815 1812 1868; x_wconf 74' lang='grc' dir='ltr'><strong>δὲ</strong></span> 
     </span>
    </p>
   </div>
   <div class='ocr_carea' id='block_1_20' title="bbox 228 1898 1809 1982">
    <p class='ocr_par' dir='ltr' id='par_1_20' title="bbox 228 1898 1809 1982">
     <span class='ocr_line' id='line_1_20' title="bbox 228 1898 1809 1982; baseline 0.009 -32"><span class='ocrx_word' id='word_1_129' title='bbox 228 1899 309 1968; x_wconf 83' lang='grc' dir='ltr'>μὴ</span> <span class='ocrx_word' id='word_1_130' title='bbox 340 1898 638 1972; x_wconf 76' lang='grc' dir='ltr'>δυνάμενον</span> <span class='ocrx_word' id='word_1_131' title='bbox 690 1898 832 1957; x_wconf 80' lang='grc' dir='ltr'>εἶναι</span> <span class='ocrx_word' id='word_1_132' title='bbox 870 1905 1014 1959; x_wconf 77' lang='grc' dir='ltr'>κατὰ</span> <span class='ocrx_word' id='word_1_133' title='bbox 1051 1906 1232 1960; x_wconf 84' lang='grc' dir='ltr'>πάντα</span> <span class='ocrx_word' id='word_1_134' title='bbox 1266 1907 1428 1977; x_wconf 78' lang='grc' dir='ltr'>λόγον</span> <span class='ocrx_word' id='word_1_135' title='bbox 1452 1926 1513 1964; x_wconf 83' lang='grc' dir='ltr'>τε</span> <span class='ocrx_word' id='word_1_136' title='bbox 1558 1913 1655 1964; x_wconf 76' lang='grc' dir='ltr'><strong>καὶ</strong></span> <span class='ocrx_word' id='word_1_137' title='bbox 1685 1912 1809 1982; x_wconf 87' lang='grc' dir='ltr'>τρό-</span> 
     </span>
    </p>
   </div>
   <div class='ocr_carea' id='block_1_21' title="bbox 198 1988 1813 2073">
    <p class='ocr_par' dir='ltr' id='par_1_21' title="bbox 198 1988 1813 2073">
     <span class='ocr_line' id='line_1_21' title="bbox 198 1988 1813 2073; baseline 0.01 -34"><span class='ocrx_word' id='word_1_138' title='bbox 198 2052 201 2055; x_wconf 95' lang='lat'><em>_</em></span> <span class='ocrx_word' id='word_1_139' title='bbox 227 2005 336 2041; x_wconf 86' lang='grc' dir='ltr'><strong>πον</strong></span> <span class='ocrx_word' id='word_1_140' title='bbox 367 1988 447 2057; x_wconf 74' lang='grc' dir='ltr'>ἐν,</span> <span class='ocrx_word' id='word_1_141' title='bbox 479 1992 720 2061; x_wconf 85' lang='grc' dir='ltr'>δηλονότι</span> <span class='ocrx_word' id='word_1_142' title='bbox 746 1995 889 2050; x_wconf 86' lang='grc' dir='ltr'>κατά</span> <span class='ocrx_word' id='word_1_143' title='bbox 922 2013 1041 2050; x_wconf 82' lang='grc' dir='ltr'>τινα</span> <span class='ocrx_word' id='word_1_144' title='bbox 1076 1995 1234 2066; x_wconf 83' lang='grc' dir='ltr'>λόγον</span> <span class='ocrx_word' id='word_1_145' title='bbox 1260 2016 1318 2053; x_wconf 85' lang='grc' dir='ltr'>τε</span> <span class='ocrx_word' id='word_1_146' title='bbox 1352 2002 1444 2055; x_wconf 78' lang='grc' dir='ltr'>καὶ</span> <span class='ocrx_word' id='word_1_147' title='bbox 1466 2002 1688 2073; x_wconf 83' lang='grc' dir='ltr'>τρόπον,</span> <span class='ocrx_word' id='word_1_148' title='bbox 1720 2002 1813 2057; x_wconf 79' lang='grc' dir='ltr'><strong>δύο</strong></span> 
     </span>
    </p>
   </div>
   <div class='ocr_carea' id='block_1_22' title="bbox 225 2080 1811 2167">
    <p class='ocr_par' dir='ltr' id='par_1_22' title="bbox 225 2080 1811 2167">
     <span class='ocr_line' id='line_1_22' title="bbox 225 2080 1811 2167; baseline 0.01 -34"><span class='ocrx_word' id='word_1_149' title='bbox 225 2080 288 2134; x_wconf 81' lang='grc' dir='ltr'><strong>τὺ</strong></span> <span class='ocrx_word' id='word_1_150' title='bbox 341 2082 627 2154; x_wconf 77' lang='grc' dir='ltr'>ἐλάχιστόν</span> <span class='ocrx_word' id='word_1_151' title='bbox 678 2087 828 2141; x_wconf 69' lang='grc' dir='ltr'>ἐστιν</span> <span class='ocrx_word' id='word_1_152' title='bbox 860 2090 892 2161; x_wconf 81' lang='grc' dir='ltr'>ἢ</span> <span class='ocrx_word' id='word_1_153' title='bbox 928 2091 1176 2148; x_wconf 81' lang='grc' dir='ltr'>πλείονα.</span> <span class='ocrx_word' id='word_1_154' title='bbox 1232 2093 1445 2149; x_wconf 75' lang='grc' dir='ltr'>Οὐκοῦν</span> <span class='ocrx_word' id='word_1_155' title='bbox 1476 2096 1535 2148; x_wconf 76' lang='grc' dir='ltr'>ἑν</span> <span class='ocrx_word' id='word_1_156' title='bbox 1584 2093 1811 2167; x_wconf 80' lang='grc' dir='ltr'>Χριστῷ</span> 
     </span>
    </p>
   </div>
   <div class='ocr_carea' id='block_1_23' title="bbox 229 2178 1813 2262">
    <p class='ocr_par' dir='ltr' id='par_1_23' title="bbox 229 2178 1813 2262">
     <span class='ocr_line' id='line_1_23' title="bbox 229 2178 1813 2262; baseline 0.01 -34"><span class='ocrx_word' id='word_1_157' title='bbox 229 2178 373 2247; x_wconf 85' lang='grc' dir='ltr'>μετά</span> <span class='ocrx_word' id='word_1_158' title='bbox 399 2179 500 2248; x_wconf 81' lang='grc' dir='ltr'>τὴν</span> <span class='ocrx_word' id='word_1_159' title='bbox 549 2180 744 2236; x_wconf 73' lang='grc' dir='ltr'>ἕνωσιν</span> <span class='ocrx_word' id='word_1_160' title='bbox 771 2182 1023 2253; x_wconf 79' lang='grc' dir='ltr'>λέγοντες</span> <span class='ocrx_word' id='word_1_161' title='bbox 1077 2183 1214 2241; x_wconf 77' lang='grc' dir='ltr'>εῖναι</span> <span class='ocrx_word' id='word_1_162' title='bbox 1258 2189 1549 2262; x_wconf 76' lang='grc' dir='ltr'>διαφορὰν,</span> <span class='ocrx_word' id='word_1_163' title='bbox 1583 2190 1641 2244; x_wconf 82' lang='grc' dir='ltr'>ἓν</span> <span class='ocrx_word' id='word_1_164' title='bbox 1671 2193 1813 2245; x_wconf 83' lang='grc' dir='ltr'><strong>κατά</strong></span> 
     </span>
    </p>
   </div>
   <div class='ocr_carea' id='block_1_24' title="bbox 228 2269 1814 2354">
    <p class='ocr_par' dir='ltr' id='par_1_24' title="bbox 228 2269 1814 2354">
     <span class='ocr_line' id='line_1_24' title="bbox 228 2269 1814 2354; baseline 0.011 -35"><span class='ocrx_word' id='word_1_165' title='bbox 228 2269 413 2323; x_wconf 80' lang='grc' dir='ltr'>πάντα</span> <span class='ocrx_word' id='word_1_166' title='bbox 448 2270 606 2339; x_wconf 75' lang='grc' dir='ltr'>λόγον</span> <span class='ocrx_word' id='word_1_167' title='bbox 631 2288 689 2326; x_wconf 85' lang='grc' dir='ltr'>τε</span> <span class='ocrx_word' id='word_1_168' title='bbox 728 2276 823 2328; x_wconf 69' lang='grc' dir='ltr'><strong>κα)⁴</strong></span> <span class='ocrx_word' id='word_1_169' title='bbox 856 2276 1060 2347; x_wconf 78' lang='grc' dir='ltr'>τρόπον</span> <span class='ocrx_word' id='word_1_170' title='bbox 1107 2280 1197 2332; x_wconf 81' lang='grc' dir='ltr'><strong>τὸν</strong></span> <span class='ocrx_word' id='word_1_171' title='bbox 1227 2280 1468 2351; x_wconf 75' lang='grc' dir='ltr'>Χριστὸν</span> <span class='ocrx_word' id='word_1_172' title='bbox 1497 2278 1638 2337; x_wconf 78' lang='grc' dir='ltr'>εἶναι</span> <span class='ocrx_word' id='word_1_173' title='bbox 1674 2284 1814 2354; x_wconf 84' lang='grc' dir='ltr'>μετά</span> 
     </span>
    </p>
   </div>
   <div class='ocr_carea' id='block_1_25' title="bbox 226 2363 1815 2445">
    <p class='ocr_par' dir='ltr' id='par_1_25' title="bbox 226 2363 1815 2445">
     <span class='ocr_line' id='line_1_25' title="bbox 226 2363 1815 2445; baseline 0.01 -31"><span class='ocrx_word' id='word_1_174' title='bbox 226 2363 329 2429; x_wconf 71' lang='grc' dir='ltr'>τὴν</span> <span class='ocrx_word' id='word_1_175' title='bbox 360 2363 557 2418; x_wconf 73' lang='grc' dir='ltr'>ἕνωσιν</span> <span class='ocrx_word' id='word_1_176' title='bbox 579 2366 758 2435; x_wconf 78' lang='grc' dir='ltr'>λέγειν</span> <span class='ocrx_word' id='word_1_177' title='bbox 786 2369 843 2421; x_wconf 77' lang='grc' dir='ltr'>οὐ</span> <span class='ocrx_word' id='word_1_178' title='bbox 875 2369 1154 2427; x_wconf 80' lang='grc' dir='ltr'>δύνανται.</span> <span class='ocrx_word' id='word_1_179' title='bbox 1187 2373 1249 2426; x_wconf 79' lang='grc' dir='ltr'><strong>Εἰ</strong></span> <span class='ocrx_word' id='word_1_180' title='bbox 1273 2374 1329 2427; x_wconf 81' lang='grc' dir='ltr'><strong>δὲ</strong></span> <span class='ocrx_word' id='word_1_181' title='bbox 1357 2376 1433 2445; x_wconf 82' lang='grc' dir='ltr'>μὴ</span> <span class='ocrx_word' id='word_1_182' title='bbox 1462 2377 1604 2430; x_wconf 76' lang='grc' dir='ltr'>κατὰ</span> <span class='ocrx_word' id='word_1_183' title='bbox 1636 2380 1815 2432; x_wconf 76' lang='grc' dir='ltr'>πάντα</span> 
     </span>
    </p>
   </div>
   <div class='ocr_carea' id='block_1_26' title="bbox 227 2456 1812 2540">
    <p class='ocr_par' dir='ltr' id='par_1_26' title="bbox 227 2456 1812 2540">
     <span class='ocr_line' id='line_1_26' title="bbox 227 2456 1812 2540; baseline 0.011 -33"><span class='ocrx_word' id='word_1_184' title='bbox 227 2456 390 2525; x_wconf 62' lang='grc' dir='ltr'>λόγον</span> <span class='ocrx_word' id='word_1_185' title='bbox 436 2475 495 2511; x_wconf 83' lang='grc' dir='ltr'>τε</span> <span class='ocrx_word' id='word_1_186' title='bbox 547 2459 641 2513; x_wconf 78' lang='grc' dir='ltr'><strong>καὶ</strong></span> <span class='ocrx_word' id='word_1_187' title='bbox 676 2462 875 2531; x_wconf 81' lang='grc' dir='ltr'>τρόπον</span> <span class='ocrx_word' id='word_1_188' title='bbox 904 2463 963 2516; x_wconf 74' lang='grc' dir='ltr'>ἓν</span> <span class='ocrx_word' id='word_1_189' title='bbox 994 2466 1142 2520; x_wconf 76' lang='grc' dir='ltr'>ἐστιν</span> <span class='ocrx_word' id='word_1_190' title='bbox 1176 2468 1204 2519; x_wconf 89' lang='grc' dir='ltr'><strong>ό</strong></span> <span class='ocrx_word' id='word_1_191' title='bbox 1261 2466 1493 2539; x_wconf 72' lang='grc' dir='ltr'>Χριστὸς</span> <span class='ocrx_word' id='word_1_192' title='bbox 1545 2471 1684 2540; x_wconf 84' lang='grc' dir='ltr'>μετά</span> <span class='ocrx_word' id='word_1_193' title='bbox 1714 2470 1812 2540; x_wconf 81' lang='grc' dir='ltr'>τὴν</span> 
     </span>
    </p>
   </div>
   <div class='ocr_carea' id='block_1_27' title="bbox 227 2550 1813 2631">
    <p class='ocr_par' dir='ltr' id='par_1_27' title="bbox 227 2550 1813 2631">
     <span class='ocr_line' id='line_1_27' title="bbox 227 2550 1813 2631; baseline 0.009 -31"><span class='ocrx_word' id='word_1_194' title='bbox 227 2550 449 2614; x_wconf 74' lang='grc' dir='ltr'>ἕνωσιν,</span> <span class='ocrx_word' id='word_1_195' title='bbox 494 2550 673 2621; x_wconf 80' lang='grc' dir='ltr'>δῆλον,</span> <span class='ocrx_word' id='word_1_196' title='bbox 708 2554 788 2607; x_wconf 83' lang='grc' dir='ltr'>ὃτι</span> <span class='ocrx_word' id='word_1_197' title='bbox 839 2557 983 2610; x_wconf 84' lang='grc' dir='ltr'><strong>κατά</strong></span> <span class='ocrx_word' id='word_1_198' title='bbox 1012 2576 1136 2612; x_wconf 90' lang='grc' dir='ltr'>τινα</span> <span class='ocrx_word' id='word_1_199' title='bbox 1167 2558 1324 2628; x_wconf 88' lang='grc' dir='ltr'>λόγον</span> <span class='ocrx_word' id='word_1_200' title='bbox 1354 2576 1414 2612; x_wconf 86' lang='grc' dir='ltr'>τε</span> <span class='ocrx_word' id='word_1_201' title='bbox 1460 2562 1553 2613; x_wconf 76' lang='grc' dir='ltr'>καὶ</span> <span class='ocrx_word' id='word_1_202' title='bbox 1610 2562 1813 2631; x_wconf 82' lang='grc' dir='ltr'>τρόπον</span> 
     </span>
    </p>
   </div>
   <div class='ocr_carea' id='block_1_28' title="bbox 229 2641 1813 2722">
    <p class='ocr_par' dir='ltr' id='par_1_28' title="bbox 229 2641 1813 2722">
     <span class='ocr_line' id='line_1_28' title="bbox 229 2641 1813 2722; baseline 0.007 -27"><span class='ocrx_word' id='word_1_203' title='bbox 229 2641 327 2696; x_wconf 75' lang='grc' dir='ltr'><strong>δύο</strong></span> <span class='ocrx_word' id='word_1_204' title='bbox 355 2643 572 2709; x_wconf 81' lang='grc' dir='ltr'>πάντως</span> <span class='ocrx_word' id='word_1_205' title='bbox 595 2647 745 2700; x_wconf 77' lang='grc' dir='ltr'>ἐστὶν</span> <span class='ocrx_word' id='word_1_206' title='bbox 774 2650 802 2701; x_wconf 88' lang='grc' dir='ltr'><strong>ό</strong></span> <span class='ocrx_word' id='word_1_207' title='bbox 832 2650 1064 2721; x_wconf 83' lang='grc' dir='ltr'>Χριστὸς</span> <span class='ocrx_word' id='word_1_208' title='bbox 1104 2652 1247 2721; x_wconf 88' lang='grc' dir='ltr'>μετά</span> <span class='ocrx_word' id='word_1_209' title='bbox 1276 2651 1375 2722; x_wconf 80' lang='grc' dir='ltr'>τὴν</span> <span class='ocrx_word' id='word_1_210' title='bbox 1404 2652 1623 2707; x_wconf 68' lang='grc' dir='ltr'>ἕνωσιν.</span> <span class='ocrx_word' id='word_1_211' title='bbox 1660 2654 1722 2706; x_wconf 82' lang='grc' dir='ltr'><strong>Εἰ</strong></span> <span class='ocrx_word' id='word_1_212' title='bbox 1755 2654 1813 2708; x_wconf 80' lang='grc' dir='ltr'><strong>δὲ</strong></span> 
     </span>
    </p>
   </div>
   <div class='ocr_carea' id='block_1_29' title="bbox 231 2736 1816 2815">
    <p class='ocr_par' dir='ltr' id='par_1_29' title="bbox 231 2736 1816 2815">
     <span class='ocr_line' id='line_1_29' title="bbox 231 2736 1816 2815; baseline 0.006 -28"><span class='ocrx_word' id='word_1_213' title='bbox 231 2736 379 2790; x_wconf 84' lang='grc' dir='ltr'><strong>κατά</strong></span> <span class='ocrx_word' id='word_1_214' title='bbox 430 2754 554 2790; x_wconf 86' lang='grc' dir='ltr'>τινα</span> <span class='ocrx_word' id='word_1_215' title='bbox 577 2738 736 2807; x_wconf 80' lang='grc' dir='ltr'>λόγον</span> <span class='ocrx_word' id='word_1_216' title='bbox 760 2757 819 2793; x_wconf 80' lang='grc' dir='ltr'>τε</span> <span class='ocrx_word' id='word_1_217' title='bbox 844 2741 940 2796; x_wconf 83' lang='grc' dir='ltr'><strong>καὶ</strong></span> <span class='ocrx_word' id='word_1_218' title='bbox 972 2742 1175 2813; x_wconf 87' lang='grc' dir='ltr'>τρόπον</span> <span class='ocrx_word' id='word_1_219' title='bbox 1208 2742 1304 2797; x_wconf 86' lang='grc' dir='ltr'>δύο</span> <span class='ocrx_word' id='word_1_220' title='bbox 1334 2745 1484 2797; x_wconf 75' lang='grc' dir='ltr'>ἐστὶν</span> <span class='ocrx_word' id='word_1_221' title='bbox 1515 2745 1544 2798; x_wconf 90' lang='grc' dir='ltr'><strong>ό</strong></span> <span class='ocrx_word' id='word_1_222' title='bbox 1576 2744 1816 2815; x_wconf 77' lang='grc' dir='ltr'>Χριστὸς</span> 
     </span>
    </p>
   </div>
   <div class='ocr_carea' id='block_1_30' title="bbox 236 2828 1817 2906">
    <p class='ocr_par' dir='ltr' id='par_1_30' title="bbox 236 2828 1817 2906">
     <span class='ocr_line' id='line_1_30' title="bbox 236 2828 1817 2906; baseline 0.009 -28"><span class='ocrx_word' id='word_1_223' title='bbox 236 2828 381 2896; x_wconf 84' lang='grc' dir='ltr'>μετά</span> <span class='ocrx_word' id='word_1_224' title='bbox 418 2830 518 2900; x_wconf 77' lang='grc' dir='ltr'><strong>τὴν</strong></span> <span class='ocrx_word' id='word_1_225' title='bbox 548 2830 767 2897; x_wconf 64' lang='grc' dir='ltr'>ἕνωσιν,</span> <span class='ocrx_word' id='word_1_226' title='bbox 816 2831 905 2886; x_wconf 81' lang='grc' dir='ltr'><strong>διὰ</strong></span> <span class='ocrx_word' id='word_1_227' title='bbox 951 2833 1050 2905; x_wconf 79' lang='grc' dir='ltr'>τὴν</span> <span class='ocrx_word' id='word_1_228' title='bbox 1079 2837 1137 2890; x_wconf 80' lang='grc' dir='ltr'>ὲν</span> <span class='ocrx_word' id='word_1_229' title='bbox 1171 2835 1343 2906; x_wconf 83' lang='grc' dir='ltr'>αὐτῷ,</span> <span class='ocrx_word' id='word_1_230' title='bbox 1376 2836 1470 2889; x_wconf 75' lang='grc' dir='ltr'>καὶ</span> <span class='ocrx_word' id='word_1_231' title='bbox 1503 2835 1561 2903; x_wconf 81' lang='grc' dir='ltr'>ἐξ</span> <span class='ocrx_word' id='word_1_232' title='bbox 1596 2829 1691 2903; x_wconf 83' lang='grc' dir='ltr'>ὧν,</span> <span class='ocrx_word' id='word_1_233' title='bbox 1718 2836 1817 2892; x_wconf 73' lang='grc' dir='ltr'>καὶ</span> 
     </span>
    </p>
   </div>
   <div class='ocr_carea' id='block_1_31' title="bbox 232 2913 1815 3000">
    <p class='ocr_par' dir='ltr' id='par_1_31' title="bbox 232 2913 1815 3000">
     <span class='ocr_line' id='line_1_31' title="bbox 232 2913 1815 3000; baseline 0.008 -30"><span class='ocrx_word' id='word_1_234' title='bbox 232 2913 325 2981; x_wconf 73' lang='grc' dir='ltr'><strong>αῖς</strong></span> <span class='ocrx_word' id='word_1_235' title='bbox 350 2918 464 2972; x_wconf 73' lang='grc' dir='ltr'>ἔστι</span> <span class='ocrx_word' id='word_1_236' title='bbox 520 2920 758 2990; x_wconf 80' lang='grc' dir='ltr'><strong>φύσεων,</strong></span> <span class='ocrx_word' id='word_1_237' title='bbox 784 2922 1070 2997; x_wconf 82' lang='grc' dir='ltr'>διαφορὰν,</span> <span class='ocrx_word' id='word_1_238' title='bbox 1102 2926 1177 2991; x_wconf 84' lang='grc' dir='ltr'><strong>ὡς</strong></span> <span class='ocrx_word' id='word_1_239' title='bbox 1220 2926 1419 2992; x_wconf 76' lang='grc' dir='ltr'><strong>ἔδειξεν</strong></span> <span class='ocrx_word' id='word_1_240' title='bbox 1455 2929 1483 2982; x_wconf 91' lang='grc' dir='ltr'><strong>ό</strong></span> <span class='ocrx_word' id='word_1_241' title='bbox 1511 2928 1687 2999; x_wconf 77' lang='grc' dir='ltr'>λόγος,</span> <span class='ocrx_word' id='word_1_242' title='bbox 1721 2930 1815 3000; x_wconf 82' lang='grc' dir='ltr'><strong>δῆ-</strong></span> 
     </span>
    </p>
   </div>
   <div class='ocr_carea' id='block_1_32' title="bbox 234 3009 1813 3092">
    <p class='ocr_par' dir='ltr' id='par_1_32' title="bbox 234 3009 1813 3092">
     <span class='ocr_line' id='line_1_32' title="bbox 234 3009 1813 3092; baseline 0.009 -31"><span class='ocrx_word' id='word_1_243' title='bbox 234 3009 351 3074; x_wconf 85' lang='grc' dir='ltr'>λον,</span> <span class='ocrx_word' id='word_1_244' title='bbox 384 3012 460 3075; x_wconf 84' lang='grc' dir='ltr'>ὡς</span> <span class='ocrx_word' id='word_1_245' title='bbox 486 3012 743 3068; x_wconf 77' lang='grc' dir='ltr'>ἀσεϐοῦσι</span> <span class='ocrx_word' id='word_1_246' title='bbox 771 3016 1029 3089; x_wconf 85' lang='grc' dir='ltr'>διακενῆς</span> <span class='ocrx_word' id='word_1_247' title='bbox 1061 3020 1111 3073; x_wconf 80' lang='lat' dir='ltr'><strong>oi</strong></span> <span class='ocrx_word' id='word_1_248' title='bbox 1143 3020 1241 3088; x_wconf 70' lang='grc' dir='ltr'>τὴν</span> <span class='ocrx_word' id='word_1_249' title='bbox 1278 3022 1377 3089; x_wconf 83' lang='grc' dir='ltr'><strong>μὲν</strong></span> <span class='ocrx_word' id='word_1_250' title='bbox 1408 3021 1675 3092; x_wconf 73' lang='grc' dir='ltr'>διαφορὰν</span> <span class='ocrx_word' id='word_1_251' title='bbox 1705 3023 1813 3075; x_wconf 67' lang='grc' dir='ltr'><strong>τῶν</strong></span> 
     </span>
    </p>
   </div>
   <div class='ocr_carea' id='block_1_33' title="bbox 237 3097 1815 3185">
    <p class='ocr_par' dir='ltr' id='par_1_33' title="bbox 237 3097 1815 3185">
     <span class='ocr_line' id='line_1_33' title="bbox 237 3097 1815 3185; baseline 0.008 -28"><span class='ocrx_word' id='word_1_252' title='bbox 237 3103 299 3168; x_wconf 77' lang='grc' dir='ltr'><strong>ἐξ</strong></span> <span class='ocrx_word' id='word_1_253' title='bbox 328 3097 405 3159; x_wconf 71' lang='grc' dir='ltr'><strong>ὧν</strong></span> <span class='ocrx_word' id='word_1_254' title='bbox 439 3104 555 3160; x_wconf 72' lang='grc' dir='ltr'>ἔστι</span> <span class='ocrx_word' id='word_1_255' title='bbox 583 3107 799 3177; x_wconf 75' lang='grc' dir='ltr'>φύσεων</span> <span class='ocrx_word' id='word_1_256' title='bbox 832 3112 860 3163; x_wconf 93' lang='grc' dir='ltr'><strong>ό</strong></span> <span class='ocrx_word' id='word_1_257' title='bbox 902 3112 1139 3183; x_wconf 77' lang='grc' dir='ltr'>Χριστὸς</span> <span class='ocrx_word' id='word_1_258' title='bbox 1196 3114 1334 3183; x_wconf 86' lang='grc' dir='ltr'>μετά</span> <span class='ocrx_word' id='word_1_259' title='bbox 1363 3113 1462 3185; x_wconf 80' lang='grc' dir='ltr'>τὴν</span> <span class='ocrx_word' id='word_1_260' title='bbox 1498 3116 1692 3169; x_wconf 70' lang='grc' dir='ltr'>ἕνωσιν</span> <span class='ocrx_word' id='word_1_261' title='bbox 1725 3116 1815 3169; x_wconf 74' lang='grc' dir='ltr'><strong>λέ·-</strong></span> 
     </span>
    </p>
   </div>
   <div class='ocr_carea' id='block_1_34' title="bbox 1913 600 3506 676">
    <p class='ocr_par' dir='ltr' id='par_1_34' title="bbox 1913 600 3506 676">
     <span class='ocr_line' id='line_1_34' title="bbox 1913 600 3506 676; baseline 0.004 -20"><span class='ocrx_word' id='word_1_262' title='bbox 1913 600 2272 657; x_wconf 79' lang='lat' dir='ltr'><strong>diﬂ‘erentiatn</strong></span> <span class='ocrx_word' id='word_1_263' title='bbox 2305 605 2527 660; x_wconf 84' lang='lat' dir='ltr'><strong>omnino</strong></span> <span class='ocrx_word' id='word_1_264' title='bbox 2550 606 2802 676; x_wconf 83' lang='lat' dir='ltr'><strong>suscipit,</strong></span> <span class='ocrx_word' id='word_1_265' title='bbox 2853 604 3213 661; x_wconf 57' lang='lat' dir='ltr'><strong>differentiam</strong></span> <span class='ocrx_word' id='word_1_266' title='bbox 3282 623 3409 664; x_wconf 80' lang='lat' dir='ltr'><strong>vero</strong></span> <span class='ocrx_word' id='word_1_267' title='bbox 3453 609 3506 663; x_wconf 92' lang='lat' dir='ltr'><strong>in</strong></span> 
     </span>
    </p>
   </div>
   <div class='ocr_carea' id='block_1_35' title="bbox 1914 692 3529 766">
    <p class='ocr_par' dir='ltr' id='par_1_35' title="bbox 1914 692 3529 766">
     <span class='ocr_line' id='line_1_35' title="bbox 1914 692 3529 766; baseline 0.002 -18"><span class='ocrx_word' id='word_1_268' title='bbox 1914 692 2141 748; x_wconf 80' lang='lat' dir='ltr'><strong>Christo</strong></span> <span class='ocrx_word' id='word_1_269' title='bbox 2198 694 2502 751; x_wconf 82' lang='lat' dir='ltr'><strong>naturalem</strong></span> <span class='ocrx_word' id='word_1_270' title='bbox 2559 707 2683 765; x_wconf 90' lang='lat' dir='ltr'><strong>post</strong></span> <span class='ocrx_word' id='word_1_271' title='bbox 2738 696 3200 766; x_wconf 81' lang='lat' dir='ltr'><strong>conjunctitmem,</strong></span> <span class='ocrx_word' id='word_1_272' title='bbox 3258 697 3529 753; x_wconf 78' lang='lat' dir='ltr'><strong>teritatis</strong></span> 
     </span>
    </p>
   </div>
   <div class='ocr_carea' id='block_1_36' title="bbox 1912 784 3510 857">
    <p class='ocr_par' dir='ltr' id='par_1_36' title="bbox 1912 784 3510 857">
     <span class='ocr_line' id='line_1_36' title="bbox 1912 784 3510 857; baseline 0.003 -17"><span class='ocrx_word' id='word_1_273' title='bbox 1912 784 2076 840; x_wconf 89' lang='lat' dir='ltr'><strong>etiam</strong></span> <span class='ocrx_word' id='word_1_274' title='bbox 2110 795 2514 854; x_wconf 76' lang='lat' dir='ltr'><strong>oppugnatores</strong></span> <span class='ocrx_word' id='word_1_275' title='bbox 2547 788 2874 854; x_wconf 90' lang='lat' dir='ltr'><strong>concedunt,</strong></span> <span class='ocrx_word' id='word_1_276' title='bbox 2902 787 3271 844; x_wconf 79' lang='lat' dir='ltr'><strong>diﬂ‘erentium</strong></span> <span class='ocrx_word' id='word_1_277' title='bbox 3294 806 3510 857; x_wconf 86' lang='lat' dir='ltr'><strong>quoque</strong></span> 
     </span>
    </p>
   </div>
   <div class='ocr_carea' id='block_1_37' title="bbox 1912 875 3531 957">
    <p class='ocr_par' dir='ltr' id='par_1_37' title="bbox 1912 875 3531 957">
     <span class='ocr_line' id='line_1_37' title="bbox 1912 875 3531 957; baseline 0.005 -29"><span class='ocrx_word' id='word_1_278' title='bbox 1912 875 2416 945; x_wconf 83' lang='lat' dir='ltr'><strong>quantitatem,sine</strong></span> <span class='ocrx_word' id='word_1_279' title='bbox 2446 891 2553 947; x_wconf 86' lang='lat' dir='ltr'><strong>qua</strong></span> <span class='ocrx_word' id='word_1_280' title='bbox 2577 877 2883 957; x_wconf 72' lang='lat' dir='ltr'><strong>diﬂ&#39;erentia</strong></span> <span class='ocrx_word' id='word_1_281' title='bbox 2903 879 3156 950; x_wconf 77' lang='lat' dir='ltr'><strong>cognosci</strong></span> <span class='ocrx_word' id='word_1_282' title='bbox 3178 894 3286 935; x_wconf 90' lang='lat' dir='ltr'><strong>non</strong></span> <span class='ocrx_word' id='word_1_283' title='bbox 3310 890 3531 949; x_wconf 41' lang='lat' dir='ltr'><strong>potest“</strong></span> 
     </span>
    </p>
   </div>
   <div class='ocr_carea' id='block_1_38' title="bbox 1915 973 3510 1044">
    <p class='ocr_par' dir='ltr' id='par_1_38' title="bbox 1915 973 3510 1044">
     <span class='ocr_line' id='line_1_38' title="bbox 1915 973 3510 1044; baseline 0.005 -22"><span class='ocrx_word' id='word_1_284' title='bbox 1915 984 2017 1022; x_wconf 90' lang='lat' dir='ltr'><strong>una</strong></span> <span class='ocrx_word' id='word_1_285' title='bbox 2050 983 2172 1024; x_wconf 87' lang='lat' dir='ltr'><strong>eum</strong></span> <span class='ocrx_word' id='word_1_286' title='bbox 2212 984 2440 1026; x_wconf 90' lang='lat' dir='ltr'><strong>numero</strong></span> <span class='ocrx_word' id='word_1_287' title='bbox 2463 973 2823 1041; x_wconf 75' lang='lat' dir='ltr'><strong>quantitatem</strong></span> <span class='ocrx_word' id='word_1_288' title='bbox 2866 973 3209 1039; x_wconf 87' lang='lat' dir='ltr'><strong>declarante,</strong></span> <span class='ocrx_word' id='word_1_289' title='bbox 3250 977 3369 1030; x_wconf 88' lang='lat' dir='ltr'><strong>siue</strong></span> <span class='ocrx_word' id='word_1_290' title='bbox 3402 991 3510 1044; x_wconf 88' lang='lat' dir='ltr'><strong>quo</strong></span> 
     </span>
    </p>
   </div>
   <div class='ocr_carea' id='block_1_39' title="bbox 1915 1061 3509 1135">
    <p class='ocr_par' dir='ltr' id='par_1_39' title="bbox 1915 1061 3509 1135">
     <span class='ocr_line' id='line_1_39' title="bbox 1915 1061 3509 1135; baseline 0.005 -22"><span class='ocrx_word' id='word_1_291' title='bbox 1915 1062 2192 1125; x_wconf 84' lang='lat' dir='ltr'><strong>quantitas</strong></span> <span class='ocrx_word' id='word_1_292' title='bbox 2221 1061 2334 1132; x_wconf 87' lang='lat' dir='ltr'><strong>ipsa</strong></span> <span class='ocrx_word' id='word_1_293' title='bbox 2365 1063 2619 1132; x_wconf 79' lang='lat' dir='ltr'><strong>cognosci</strong></span> <span class='ocrx_word' id='word_1_294' title='bbox 2669 1063 2880 1133; x_wconf 83' lang='lat' dir='ltr'><strong>nequit,</strong></span> <span class='ocrx_word' id='word_1_295' title='bbox 2913 1074 3037 1135; x_wconf 90' lang='lat' dir='ltr'><strong>post</strong></span> <span class='ocrx_word' id='word_1_296' title='bbox 3074 1067 3509 1135; x_wconf 74' lang='lat' dir='ltr'><strong>coniunctionem</strong></span> 
     </span>
    </p>
   </div>
   <div class='ocr_carea' id='block_1_40' title="bbox 1914 1151 3514 1228">
    <p class='ocr_par' dir='ltr' id='par_1_40' title="bbox 1914 1151 3514 1228">
     <span class='ocr_line' id='line_1_40' title="bbox 1914 1151 3514 1228; baseline 0.006 -24"><span class='ocrx_word' id='word_1_297' title='bbox 1914 1151 2120 1217; x_wconf 83' lang='lat' dir='ltr'><strong>dicant,</strong></span> <span class='ocrx_word' id='word_1_298' title='bbox 2153 1166 2373 1209; x_wconf 89' lang='lat' dir='ltr'><strong>necesse</strong></span> <span class='ocrx_word' id='word_1_299' title='bbox 2397 1163 2503 1219; x_wconf 80' lang='lat' dir='ltr'><strong>est,</strong></span> <span class='ocrx_word' id='word_1_300' title='bbox 2529 1155 2572 1210; x_wconf 89' lang='lat' dir='ltr'><strong>si</strong></span> <span class='ocrx_word' id='word_1_301' title='bbox 2627 1156 2786 1209; x_wconf 88' lang='lat' dir='ltr'><strong>modo</strong></span> <span class='ocrx_word' id='word_1_302' title='bbox 2815 1164 2966 1211; x_wconf 88' lang='lat' dir='ltr'><strong>recto</strong></span> <span class='ocrx_word' id='word_1_303' title='bbox 3023 1157 3333 1228; x_wconf 86' lang='lat' dir='ltr'><strong>disputandi</strong></span> <span class='ocrx_word' id='word_1_304' title='bbox 3370 1160 3514 1213; x_wconf 85' lang='lat' dir='ltr'><strong>ordi-</strong></span> 
     </span>
    </p>
   </div>
   <div class='ocr_carea' id='block_1_41' title="bbox 1920 1246 3514 1323">
    <p class='ocr_par' dir='ltr' id='par_1_41' title="bbox 1920 1246 3514 1323">
     <span class='ocr_line' id='line_1_41' title="bbox 1920 1246 3514 1323; baseline 0.006 -28"><span class='ocrx_word' id='word_1_305' title='bbox 1920 1258 1987 1297; x_wconf 94' lang='lat' dir='ltr'><strong>ne</strong></span> <span class='ocrx_word' id='word_1_306' title='bbox 2013 1252 2194 1314; x_wconf 86' lang='lat' dir='ltr'><strong>aptam</strong></span> <span class='ocrx_word' id='word_1_307' title='bbox 2221 1246 2470 1316; x_wconf 83' lang='lat' dir='ltr'><strong>(prOprii)</strong></span> <span class='ocrx_word' id='word_1_308' title='bbox 2488 1246 2760 1318; x_wconf 80' lang='lat' dir='ltr'><strong>dogmatis</strong></span> <span class='ocrx_word' id='word_1_309' title='bbox 2777 1248 3042 1323; x_wconf 77' lang='lat' dir='ltr'><strong>ratiOnem</strong></span> <span class='ocrx_word' id='word_1_310' title='bbox 3066 1249 3254 1305; x_wconf 71' lang='lat' dir='ltr'><strong>volunt</strong></span> <span class='ocrx_word' id='word_1_311' title='bbox 3285 1251 3514 1305; x_wconf 81' lang='lat' dir='ltr'><strong>demon-</strong></span> 
     </span>
    </p>
   </div>
   <div class='ocr_carea' id='block_1_42' title="bbox 1917 1338 3510 1406">
    <p class='ocr_par' dir='ltr' id='par_1_42' title="bbox 1917 1338 3510 1406">
     <span class='ocr_line' id='line_1_42' title="bbox 1917 1338 3510 1406; baseline 0.004 -18"><span class='ocrx_word' id='word_1_312' title='bbox 1917 1343 2095 1390; x_wconf 86' lang='lat' dir='ltr'><strong>strare</strong></span> <span class='ocrx_word' id='word_1_313' title='bbox 2134 1338 2320 1406; x_wconf 86' lang='lat' dir='ltr'><strong>:qnod</strong></span> <span class='ocrx_word' id='word_1_314' title='bbox 2376 1339 2422 1395; x_wconf 91' lang='lat' dir='ltr'><strong>si</strong></span> <span class='ocrx_word' id='word_1_315' title='bbox 2469 1350 2783 1394; x_wconf 86' lang='lat' dir='ltr'><strong>naturarum</strong></span> <span class='ocrx_word' id='word_1_316' title='bbox 2814 1339 2869 1394; x_wconf 91' lang='lat' dir='ltr'><strong>in</strong></span> <span class='ocrx_word' id='word_1_317' title='bbox 2909 1339 3129 1396; x_wconf 87' lang='lat' dir='ltr'><strong>Christo</strong></span> <span class='ocrx_word' id='word_1_318' title='bbox 3169 1349 3510 1396; x_wconf 79' lang='lat' dir='ltr'><strong>servatarum</strong></span> 
     </span>
    </p>
   </div>
   <div class='ocr_carea' id='block_1_43' title="bbox 1916 1430 3511 1502">
    <p class='ocr_par' dir='ltr' id='par_1_43' title="bbox 1916 1430 3511 1502">
     <span class='ocr_line' id='line_1_43' title="bbox 1916 1430 3511 1502; baseline 0.004 -21"><span class='ocrx_word' id='word_1_319' title='bbox 1916 1438 2039 1495; x_wconf 87' lang='lat' dir='ltr'><strong>post</strong></span> <span class='ocrx_word' id='word_1_320' title='bbox 2063 1430 2522 1499; x_wconf 86' lang='lat' dir='ltr'><strong>conjunctionetn,</strong></span> <span class='ocrx_word' id='word_1_321' title='bbox 2549 1435 2911 1502; x_wconf 88' lang='lat' dir='ltr'><strong>quantitatem</strong></span> <span class='ocrx_word' id='word_1_322' title='bbox 2970 1442 3193 1502; x_wconf 73' lang='lat' dir='ltr'><strong>negant,</strong></span> <span class='ocrx_word' id='word_1_323' title='bbox 3259 1448 3328 1488; x_wconf 92' lang='lat' dir='ltr'><strong>ne</strong></span> <span class='ocrx_word' id='word_1_324' title='bbox 3353 1433 3511 1488; x_wconf 72' lang='lat' dir='ltr'><strong>diffe-</strong></span> 
     </span>
    </p>
   </div>
   <div class='ocr_carea' id='block_1_44' title="bbox 1919 1508 3509 1595">
    <p class='ocr_par' dir='ltr' id='par_1_44' title="bbox 1919 1508 3509 1595">
     <span class='ocr_line' id='line_1_44' title="bbox 1919 1508 3509 1595; baseline 0.004 -21"><span class='ocrx_word' id='word_1_325' title='bbox 1919 1508 2144 1576; x_wconf 87' lang='lat' dir='ltr'><strong>rentiam</strong></span> <span class='ocrx_word' id='word_1_326' title='bbox 2176 1523 2394 1591; x_wconf 82' lang='lat' dir='ltr'><strong>quidem</strong></span> <span class='ocrx_word' id='word_1_327' title='bbox 2432 1533 2744 1580; x_wconf 88' lang='lat' dir='ltr'><strong>naturarum</strong></span> <span class='ocrx_word' id='word_1_328' title='bbox 2789 1539 2854 1581; x_wconf 77' lang='lat' dir='ltr'><strong>ex</strong></span> <span class='ocrx_word' id='word_1_329' title='bbox 2888 1525 3089 1595; x_wconf 90' lang='lat' dir='ltr'><strong>quibus</strong></span> <span class='ocrx_word' id='word_1_330' title='bbox 3122 1536 3205 1582; x_wconf 85' lang='lat' dir='ltr'><strong>est</strong></span> <span class='ocrx_word' id='word_1_331' title='bbox 3232 1526 3509 1591; x_wconf 79' lang='lat' dir='ltr'><strong>Christus,</strong></span> 
     </span>
    </p>
   </div>
   <div class='ocr_carea' id='block_1_45' title="bbox 1920 1612 3511 1689">
    <p class='ocr_par' dir='ltr' id='par_1_45' title="bbox 1920 1612 3511 1689">
     <span class='ocr_line' id='line_1_45' title="bbox 1920 1612 3511 1689; baseline 0.004 -24"><span class='ocrx_word' id='word_1_332' title='bbox 1920 1622 2039 1683; x_wconf 88' lang='lat' dir='ltr'><strong>post</strong></span> <span class='ocrx_word' id='word_1_333' title='bbox 2066 1612 2506 1683; x_wconf 76' lang='lat' dir='ltr'><strong>conjunctiouem</strong></span> <span class='ocrx_word' id='word_1_334' title='bbox 2538 1617 2775 1672; x_wconf 79' lang='lat' dir='ltr'><strong>audeant</strong></span> <span class='ocrx_word' id='word_1_335' title='bbox 2814 1619 2996 1674; x_wconf 78' lang='lat' dir='ltr'><strong>dicere</strong></span> <span class='ocrx_word' id='word_1_336' title='bbox 3025 1637 3039 1673; x_wconf 90' lang='lat'>:</span> <span class='ocrx_word' id='word_1_337' title='bbox 3074 1620 3332 1683; x_wconf 83' lang='lat' dir='ltr'><strong>scientes,</strong></span> <span class='ocrx_word' id='word_1_338' title='bbox 3349 1620 3511 1689; x_wconf 75' lang='lat' dir='ltr'><strong>quid-</strong></span> 
     </span>
    </p>
   </div>
   <div class='ocr_carea' id='block_1_46' title="bbox 1918 1703 3512 1774">
    <p class='ocr_par' dir='ltr' id='par_1_46' title="bbox 1918 1703 3512 1774">
     <span class='ocr_line' id='line_1_46' title="bbox 1918 1703 3512 1774; baseline 0.007 -20"><span class='ocrx_word' id='word_1_339' title='bbox 1918 1703 2049 1773; x_wconf 83' lang='lat' dir='ltr'><strong>quid</strong></span> <span class='ocrx_word' id='word_1_340' title='bbox 2076 1703 2255 1774; x_wconf 86' lang='lat' dir='ltr'><strong>aliqua</strong></span> <span class='ocrx_word' id='word_1_341' title='bbox 2314 1705 2367 1759; x_wconf 91' lang='lat' dir='ltr'><strong>in</strong></span> <span class='ocrx_word' id='word_1_342' title='bbox 2398 1718 2455 1760; x_wconf 88' lang='lat' dir='ltr'><strong>re</strong></span> <span class='ocrx_word' id='word_1_343' title='bbox 2502 1705 2861 1761; x_wconf 81' lang='lat' dir='ltr'><strong>diti‘erentiam</strong></span> <span class='ocrx_word' id='word_1_344' title='bbox 2923 1709 3104 1774; x_wconf 84' lang='lat' dir='ltr'><strong>habet,</strong></span> <span class='ocrx_word' id='word_1_345' title='bbox 3161 1724 3328 1763; x_wconf 89' lang='lat' dir='ltr'><strong>unum</strong></span> <span class='ocrx_word' id='word_1_346' title='bbox 3363 1711 3512 1765; x_wconf 88' lang='lat' dir='ltr'><strong>omni</strong></span> 
     </span>
    </p>
   </div>
   <div class='ocr_carea' id='block_1_47' title="bbox 1920 1796 3509 1871">
    <p class='ocr_par' dir='ltr' id='par_1_47' title="bbox 1920 1796 3509 1871">
     <span class='ocr_line' id='line_1_47' title="bbox 1920 1796 3509 1871; baseline 0.004 -21"><span class='ocrx_word' id='word_1_347' title='bbox 1920 1796 2128 1851; x_wconf 83' lang='lat' dir='ltr'><strong>ratione</strong></span> <span class='ocrx_word' id='word_1_348' title='bbox 2156 1805 2211 1851; x_wconf 92' lang='lat' dir='ltr'><strong>et</strong></span> <span class='ocrx_word' id='word_1_349' title='bbox 2232 1797 2393 1853; x_wconf 87' lang='lat' dir='ltr'><strong>modo</strong></span> <span class='ocrx_word' id='word_1_350' title='bbox 2436 1812 2557 1853; x_wconf 81' lang='lat' dir='ltr'><strong>esse</strong></span> <span class='ocrx_word' id='word_1_351' title='bbox 2606 1814 2712 1853; x_wconf 91' lang='lat' dir='ltr'><strong>non</strong></span> <span class='ocrx_word' id='word_1_352' title='bbox 2744 1814 2923 1871; x_wconf 84' lang='lat' dir='ltr'><strong>posse.</strong></span> <span class='ocrx_word' id='word_1_353' title='bbox 2966 1800 3120 1867; x_wconf 85' lang='lat' dir='ltr'><strong>Quod</strong></span> <span class='ocrx_word' id='word_1_354' title='bbox 3142 1813 3318 1858; x_wconf 81' lang='lat' dir='ltr'><strong>autem</strong></span> <span class='ocrx_word' id='word_1_355' title='bbox 3344 1818 3509 1856; x_wconf 91' lang='lat' dir='ltr'><strong>unum</strong></span> 
     </span>
    </p>
   </div>
   <div class='ocr_carea' id='block_1_48' title="bbox 1918 1888 3512 1964">
    <p class='ocr_par' dir='ltr' id='par_1_48' title="bbox 1918 1888 3512 1964">
     <span class='ocr_line' id='line_1_48' title="bbox 1918 1888 3512 1964; baseline 0.004 -23"><span class='ocrx_word' id='word_1_356' title='bbox 1918 1888 2063 1942; x_wconf 90' lang='lat' dir='ltr'><strong>omni</strong></span> <span class='ocrx_word' id='word_1_357' title='bbox 2088 1888 2300 1944; x_wconf 85' lang='lat' dir='ltr'><strong>ratione</strong></span> <span class='ocrx_word' id='word_1_358' title='bbox 2326 1898 2380 1945; x_wconf 90' lang='lat' dir='ltr'><strong>et</strong></span> <span class='ocrx_word' id='word_1_359' title='bbox 2398 1891 2559 1945; x_wconf 91' lang='lat' dir='ltr'><strong>modo</strong></span> <span class='ocrx_word' id='word_1_360' title='bbox 2584 1905 2705 1948; x_wconf 89' lang='lat' dir='ltr'><strong>esse</strong></span> <span class='ocrx_word' id='word_1_361' title='bbox 2734 1907 2839 1948; x_wconf 89' lang='lat' dir='ltr'><strong>non</strong></span> <span class='ocrx_word' id='word_1_362' title='bbox 2884 1904 3080 1964; x_wconf 88' lang='lat' dir='ltr'><strong>potest,</strong></span> <span class='ocrx_word' id='word_1_363' title='bbox 3118 1895 3170 1950; x_wconf 89' lang='lat' dir='ltr'><strong>id</strong></span> <span class='ocrx_word' id='word_1_364' title='bbox 3197 1896 3375 1964; x_wconf 82' lang='lat' dir='ltr'><strong>aliqua</strong></span> <span class='ocrx_word' id='word_1_365' title='bbox 3397 1897 3512 1964; x_wconf 80' lang='lat' dir='ltr'><strong>pta-</strong></span> 
     </span>
    </p>
   </div>
   <div class='ocr_carea' id='block_1_49' title="bbox 1919 1980 3513 2060">
    <p class='ocr_par' dir='ltr' id='par_1_49' title="bbox 1919 1980 3513 2060">
     <span class='ocr_line' id='line_1_49' title="bbox 1919 1980 3513 2060; baseline 0.007 -26"><span class='ocrx_word' id='word_1_366' title='bbox 1919 1994 1987 2035; x_wconf 91' lang='lat' dir='ltr'><strong>ne</strong></span> <span class='ocrx_word' id='word_1_367' title='bbox 2016 1980 2226 2035; x_wconf 87' lang='lat' dir='ltr'><strong>ratione</strong></span> <span class='ocrx_word' id='word_1_368' title='bbox 2255 1990 2311 2036; x_wconf 89' lang='lat' dir='ltr'><strong>et</strong></span> <span class='ocrx_word' id='word_1_369' title='bbox 2330 1982 2491 2039; x_wconf 90' lang='lat' dir='ltr'><strong>modo</strong></span> <span class='ocrx_word' id='word_1_370' title='bbox 2545 1986 2735 2040; x_wconf 85' lang='lat' dir='ltr'><strong>saltem</strong></span> <span class='ocrx_word' id='word_1_371' title='bbox 2764 1997 2850 2043; x_wconf 87' lang='lat' dir='ltr'><strong>est</strong></span> <span class='ocrx_word' id='word_1_372' title='bbox 2883 1989 2990 2043; x_wconf 90' lang='lat' dir='ltr'><strong>duo</strong></span> <span class='ocrx_word' id='word_1_373' title='bbox 3022 1998 3119 2043; x_wconf 91' lang='lat' dir='ltr'><strong>aut</strong></span> <span class='ocrx_word' id='word_1_374' title='bbox 3157 1990 3335 2060; x_wconf 80' lang='lat' dir='ltr'><strong>plura.</strong></span> <span class='ocrx_word' id='word_1_375' title='bbox 3366 1991 3513 2056; x_wconf 86' lang='lat' dir='ltr'><strong>Quo-</strong></span> 
     </span>
    </p>
   </div>
   <div class='ocr_carea' id='block_1_50' title="bbox 1919 2072 3509 2150">
    <p class='ocr_par' dir='ltr' id='par_1_50' title="bbox 1919 2072 3509 2150">
     <span class='ocr_line' id='line_1_50' title="bbox 1919 2072 3509 2150; baseline 0.007 -24"><span class='ocrx_word' id='word_1_376' title='bbox 1919 2072 2064 2127; x_wconf 88' lang='lat' dir='ltr'><strong>circa</strong></span> <span class='ocrx_word' id='word_1_377' title='bbox 2086 2072 2255 2142; x_wconf 91' lang='lat' dir='ltr'><strong>quiin</strong></span> <span class='ocrx_word' id='word_1_378' title='bbox 2285 2074 2507 2130; x_wconf 82' lang='lat' dir='ltr'><strong>Christo</strong></span> <span class='ocrx_word' id='word_1_379' title='bbox 2545 2088 2666 2146; x_wconf 88' lang='lat' dir='ltr'><strong>post</strong></span> <span class='ocrx_word' id='word_1_380' title='bbox 2696 2080 3137 2150; x_wconf 68' lang='lat' dir='ltr'><strong>coniunctionem</strong></span> <span class='ocrx_word' id='word_1_381' title='bbox 3164 2080 3357 2137; x_wconf 89' lang='lat' dir='ltr'><strong>dicunt</strong></span> <span class='ocrx_word' id='word_1_382' title='bbox 3387 2096 3509 2137; x_wconf 83' lang='lat' dir='ltr'><strong>esse</strong></span> 
     </span>
    </p>
   </div>
   <div class='ocr_carea' id='block_1_51' title="bbox 1917 2162 3507 2230">
    <p class='ocr_par' dir='ltr' id='par_1_51' title="bbox 1917 2162 3507 2230">
     <span class='ocr_line' id='line_1_51' title="bbox 1917 2162 3507 2230; baseline 0.006 -11"><span class='ocrx_word' id='word_1_383' title='bbox 1917 2162 2298 2230; x_wconf 76' lang='lat' dir='ltr'><strong>diﬂ&#39;erentiam,</strong></span> <span class='ocrx_word' id='word_1_384' title='bbox 2332 2180 2497 2222; x_wconf 92' lang='lat' dir='ltr'><strong>unum</strong></span> <span class='ocrx_word' id='word_1_385' title='bbox 2522 2170 2665 2224; x_wconf 91' lang='lat' dir='ltr'><strong>omni</strong></span> <span class='ocrx_word' id='word_1_386' title='bbox 2716 2172 2931 2227; x_wconf 87' lang='lat' dir='ltr'><strong>ratione</strong></span> <span class='ocrx_word' id='word_1_387' title='bbox 2960 2182 3015 2228; x_wconf 91' lang='lat' dir='ltr'><strong>et</strong></span> <span class='ocrx_word' id='word_1_388' title='bbox 3048 2175 3208 2230; x_wconf 88' lang='lat' dir='ltr'><strong>modo</strong></span> <span class='ocrx_word' id='word_1_389' title='bbox 3233 2175 3507 2229; x_wconf 82' lang='lat' dir='ltr'><strong>Christum</strong></span> 
     </span>
    </p>
   </div>
   <div class='ocr_carea' id='block_1_52' title="bbox 1918 2263 3510 2329">
    <p class='ocr_par' dir='ltr' id='par_1_52' title="bbox 1918 2263 3510 2329">
     <span class='ocr_line' id='line_1_52' title="bbox 1918 2263 3510 2329; baseline 0.006 -18"><span class='ocrx_word' id='word_1_390' title='bbox 1918 2272 2040 2311; x_wconf 85' lang='lat' dir='ltr'><strong>esse</strong></span> <span class='ocrx_word' id='word_1_391' title='bbox 2064 2272 2170 2311; x_wconf 90' lang='lat' dir='ltr'><strong>non</strong></span> <span class='ocrx_word' id='word_1_392' title='bbox 2222 2272 2448 2327; x_wconf 87' lang='lat' dir='ltr'><strong>possunt</strong></span> <span class='ocrx_word' id='word_1_393' title='bbox 2478 2263 2681 2316; x_wconf 85' lang='lat' dir='ltr'><strong>dicere.</strong></span> <span class='ocrx_word' id='word_1_394' title='bbox 2716 2263 2866 2329; x_wconf 86' lang='lat' dir='ltr'><strong>Quod</strong></span> <span class='ocrx_word' id='word_1_395' title='bbox 2903 2264 2949 2319; x_wconf 89' lang='lat' dir='ltr'><strong>si</strong></span> <span class='ocrx_word' id='word_1_396' title='bbox 2983 2280 3087 2320; x_wconf 92' lang='lat' dir='ltr'><strong>non</strong></span> <span class='ocrx_word' id='word_1_397' title='bbox 3113 2266 3269 2322; x_wconf 90' lang='lat' dir='ltr'><strong>omni</strong></span> <span class='ocrx_word' id='word_1_398' title='bbox 3297 2270 3510 2322; x_wconf 83' lang='lat' dir='ltr'><strong>ratione</strong></span> 
     </span>
    </p>
   </div>
   <div class='ocr_carea' id='block_1_53' title="bbox 1917 2351 3508 2428">
    <p class='ocr_par' dir='ltr' id='par_1_53' title="bbox 1917 2351 3508 2428">
     <span class='ocr_line' id='line_1_53' title="bbox 1917 2351 3508 2428; baseline 0.008 -25"><span class='ocrx_word' id='word_1_399' title='bbox 1917 2360 1972 2403; x_wconf 87' lang='lat' dir='ltr'><strong>et</strong></span> <span class='ocrx_word' id='word_1_400' title='bbox 2002 2351 2161 2407; x_wconf 88' lang='lat' dir='ltr'><strong>modo</strong></span> <span class='ocrx_word' id='word_1_401' title='bbox 2196 2366 2337 2406; x_wconf 89' lang='lat' dir='ltr'><strong>unus</strong></span> <span class='ocrx_word' id='word_1_402' title='bbox 2360 2360 2442 2408; x_wconf 81' lang='lat' dir='ltr'><strong>est</strong></span> <span class='ocrx_word' id='word_1_403' title='bbox 2458 2353 2712 2410; x_wconf 81' lang='lat' dir='ltr'><strong>Christus</strong></span> <span class='ocrx_word' id='word_1_404' title='bbox 2740 2370 2852 2426; x_wconf 81' lang='lat' dir='ltr'><strong>post</strong></span> <span class='ocrx_word' id='word_1_405' title='bbox 2876 2357 3340 2427; x_wconf 88' lang='lat' dir='ltr'><strong>eonjunctionem,</strong></span> <span class='ocrx_word' id='word_1_406' title='bbox 3363 2376 3508 2428; x_wconf 84' lang='lat' dir='ltr'><strong>pers-</strong></span> 
     </span>
    </p>
   </div>
   <div class='ocr_carea' id='block_1_54' title="bbox 1919 2441 3510 2520">
    <p class='ocr_par' dir='ltr' id='par_1_54' title="bbox 1919 2441 3510 2520">
     <span class='ocr_line' id='line_1_54' title="bbox 1919 2441 3510 2520; baseline 0.006 -24"><span class='ocrx_word' id='word_1_407' title='bbox 1919 2441 2136 2510; x_wconf 90' lang='lat' dir='ltr'><strong>picuum</strong></span> <span class='ocrx_word' id='word_1_408' title='bbox 2166 2451 2251 2499; x_wconf 88' lang='lat' dir='ltr'><strong>est</strong></span> <span class='ocrx_word' id='word_1_409' title='bbox 2284 2442 2562 2500; x_wconf 83' lang='lat' dir='ltr'><strong>Christum</strong></span> <span class='ocrx_word' id='word_1_410' title='bbox 2608 2447 2789 2516; x_wconf 88' lang='lat' dir='ltr'><strong>aliqua</strong></span> <span class='ocrx_word' id='word_1_411' title='bbox 2836 2448 3051 2505; x_wconf 87' lang='lat' dir='ltr'><strong>ratione</strong></span> <span class='ocrx_word' id='word_1_412' title='bbox 3076 2458 3129 2506; x_wconf 90' lang='lat' dir='ltr'><strong>et</strong></span> <span class='ocrx_word' id='word_1_413' title='bbox 3185 2452 3343 2506; x_wconf 89' lang='lat' dir='ltr'><strong>modo</strong></span> <span class='ocrx_word' id='word_1_414' title='bbox 3389 2462 3510 2520; x_wconf 79' lang='lat' dir='ltr'><strong>post.</strong></span> 
     </span>
    </p>
   </div>
   <div class='ocr_carea' id='block_1_55' title="bbox 1917 2536 3507 2605">
    <p class='ocr_par' dir='ltr' id='par_1_55' title="bbox 1917 2536 3507 2605">
     <span class='ocr_line' id='line_1_55' title="bbox 1917 2536 3507 2605; baseline 0.006 -16"><span class='ocrx_word' id='word_1_415' title='bbox 1917 2536 2355 2605; x_wconf 88' lang='lat' dir='ltr'><strong>conjunctionetn</strong></span> <span class='ocrx_word' id='word_1_416' title='bbox 2382 2538 2605 2595; x_wconf 88' lang='lat' dir='ltr'><strong>omnino</strong></span> <span class='ocrx_word' id='word_1_417' title='bbox 2633 2554 2753 2596; x_wconf 90' lang='lat' dir='ltr'><strong>esse</strong></span> <span class='ocrx_word' id='word_1_418' title='bbox 2791 2542 2921 2600; x_wconf 90' lang='lat' dir='ltr'><strong>duo.</strong></span> <span class='ocrx_word' id='word_1_419' title='bbox 2947 2548 3017 2598; x_wconf 80' lang='lat' dir='ltr'><strong>At</strong></span> <span class='ocrx_word' id='word_1_420' title='bbox 3071 2545 3117 2600; x_wconf 90' lang='lat' dir='ltr'><strong>si</strong></span> <span class='ocrx_word' id='word_1_421' title='bbox 3162 2546 3370 2602; x_wconf 85' lang='lat' dir='ltr'><strong>ratione</strong></span> <span class='ocrx_word' id='word_1_422' title='bbox 3405 2548 3507 2599; x_wconf 87' lang='lat' dir='ltr'><strong>ali-</strong></span> 
     </span>
    </p>
   </div>
   <div class='ocr_carea' id='block_1_56' title="bbox 1917 2629 3506 2704">
    <p class='ocr_par' dir='ltr' id='par_1_56' title="bbox 1917 2629 3506 2704">
     <span class='ocr_line' id='line_1_56' title="bbox 1917 2629 3506 2704; baseline 0.011 -24"><span class='ocrx_word' id='word_1_423' title='bbox 1917 2642 2022 2699; x_wconf 88' lang='lat' dir='ltr'><strong>qua</strong></span> <span class='ocrx_word' id='word_1_424' title='bbox 2050 2637 2103 2683; x_wconf 86' lang='lat' dir='ltr'><strong>et</strong></span> <span class='ocrx_word' id='word_1_425' title='bbox 2129 2629 2289 2685; x_wconf 88' lang='lat' dir='ltr'><strong>modo</strong></span> <span class='ocrx_word' id='word_1_426' title='bbox 2345 2629 2602 2687; x_wconf 86' lang='lat' dir='ltr'><strong>Christus</strong></span> <span class='ocrx_word' id='word_1_427' title='bbox 2633 2643 2754 2701; x_wconf 89' lang='lat' dir='ltr'><strong>post</strong></span> <span class='ocrx_word' id='word_1_428' title='bbox 2795 2633 3235 2704; x_wconf 83' lang='lat' dir='ltr'><strong>conjunctionem</strong></span> <span class='ocrx_word' id='word_1_429' title='bbox 3271 2650 3354 2695; x_wconf 85' lang='lat' dir='ltr'><strong>est</strong></span> <span class='ocrx_word' id='word_1_430' title='bbox 3374 2640 3506 2704; x_wconf 85' lang='lat' dir='ltr'><strong>duo.</strong></span> 
     </span>
    </p>
   </div>
   <div class='ocr_carea' id='block_1_57' title="bbox 1919 2724 3505 2800">
    <p class='ocr_par' dir='ltr' id='par_1_57' title="bbox 1919 2724 3505 2800">
     <span class='ocr_line' id='line_1_57' title="bbox 1919 2724 3505 2800; baseline 0.013 -31"><span class='ocrx_word' id='word_1_431' title='bbox 1919 2727 2139 2785; x_wconf 78' lang='lat' dir='ltr'><strong>propter</strong></span> <span class='ocrx_word' id='word_1_432' title='bbox 2190 2728 2526 2787; x_wconf 86' lang='lat' dir='ltr'><strong>naturarum,</strong></span> <span class='ocrx_word' id='word_1_433' title='bbox 2572 2738 2637 2777; x_wconf 80' lang='lat' dir='ltr'><strong>ex</strong></span> <span class='ocrx_word' id='word_1_434' title='bbox 2671 2724 2889 2793; x_wconf 80' lang='lat' dir='ltr'><strong>quibus,</strong></span> <span class='ocrx_word' id='word_1_435' title='bbox 2928 2737 2983 2782; x_wconf 91' lang='lat' dir='ltr'><strong>et</strong></span> <span class='ocrx_word' id='word_1_436' title='bbox 3032 2728 3085 2783; x_wconf 93' lang='lat' dir='ltr'><strong>in</strong></span> <span class='ocrx_word' id='word_1_437' title='bbox 3142 2730 3340 2800; x_wconf 85' lang='lat' dir='ltr'><strong>quibus</strong></span> <span class='ocrx_word' id='word_1_438' title='bbox 3393 2743 3505 2798; x_wconf 84' lang='lat' dir='ltr'><strong>est,</strong></span> 
     </span>
    </p>
   </div>
   <div class='ocr_carea' id='block_1_58' title="bbox 1917 2807 3507 2890">
    <p class='ocr_par' dir='ltr' id='par_1_58' title="bbox 1917 2807 3507 2890">
     <span class='ocr_line' id='line_1_58' title="bbox 1917 2807 3507 2890; baseline 0.013 -27"><span class='ocrx_word' id='word_1_439' title='bbox 1917 2807 2296 2878; x_wconf 60' lang='lat' dir='ltr'><strong>dure-rendam,</strong></span> <span class='ocrx_word' id='word_1_440' title='bbox 2319 2821 2378 2868; x_wconf 93' lang='lat' dir='ltr'><strong>ut</strong></span> <span class='ocrx_word' id='word_1_441' title='bbox 2411 2812 2623 2870; x_wconf 84' lang='lat' dir='ltr'><strong>ratione</strong></span> <span class='ocrx_word' id='word_1_442' title='bbox 2668 2816 3099 2877; x_wconf 87' lang='lat' dir='ltr'><strong>demonstratum</strong></span> <span class='ocrx_word' id='word_1_443' title='bbox 3147 2835 3250 2890; x_wconf 85' lang='lat' dir='ltr'><strong>est,</strong></span> <span class='ocrx_word' id='word_1_444' title='bbox 3288 2838 3507 2883; x_wconf 79' lang='lat' dir='ltr'><strong>constat</strong></span> 
     </span>
    </p>
   </div>
   <div class='ocr_carea' id='block_1_59' title="bbox 1918 2902 3519 2987">
    <p class='ocr_par' dir='ltr' id='par_1_59' title="bbox 1918 2902 3519 2987">
     <span class='ocr_line' id='line_1_59' title="bbox 1918 2902 3519 2987; baseline 0.011 -32"><span class='ocrx_word' id='word_1_445' title='bbox 1918 2913 2012 2955; x_wconf 83' lang='lat' dir='ltr'><strong>eos</strong></span> <span class='ocrx_word' id='word_1_446' title='bbox 2040 2915 2264 2969; x_wconf 88' lang='lat' dir='ltr'><strong>prorsus</strong></span> <span class='ocrx_word' id='word_1_447' title='bbox 2294 2902 2459 2974; x_wconf 89' lang='lat' dir='ltr'><strong>impie</strong></span> <span class='ocrx_word' id='word_1_448' title='bbox 2488 2906 2714 2974; x_wconf 89' lang='lat' dir='ltr'><strong>sentire,</strong></span> <span class='ocrx_word' id='word_1_449' title='bbox 2757 2911 2850 2980; x_wconf 90' lang='lat' dir='ltr'><strong>qui</strong></span> <span class='ocrx_word' id='word_1_450' title='bbox 2889 2910 3252 2969; x_wconf 80' lang='lat' dir='ltr'><strong>diti&#39;erentiam</strong></span> <span class='ocrx_word' id='word_1_451' title='bbox 3284 2917 3519 2987; x_wconf 84' lang='lat' dir='ltr'><strong>quidem</strong></span> 
     </span>
    </p>
   </div>
   <div class='ocr_carea' id='block_1_60' title="bbox 1922 2996 3507 3078">
    <p class='ocr_par' dir='ltr' id='par_1_60' title="bbox 1922 2996 3507 3078">
     <span class='ocr_line' id='line_1_60' title="bbox 1922 2996 3507 3078; baseline 0.014 -35"><span class='ocrx_word' id='word_1_452' title='bbox 1922 3002 2263 3059; x_wconf 85' lang='lat' dir='ltr'><strong>naturarum,</strong></span> <span class='ocrx_word' id='word_1_453' title='bbox 2287 3010 2355 3049; x_wconf 81' lang='lat' dir='ltr'><strong>ex</strong></span> <span class='ocrx_word' id='word_1_454' title='bbox 2375 2996 2571 3066; x_wconf 84' lang='lat' dir='ltr'><strong>quibus</strong></span> <span class='ocrx_word' id='word_1_455' title='bbox 2592 3008 2677 3056; x_wconf 87' lang='lat' dir='ltr'><strong>est</strong></span> <span class='ocrx_word' id='word_1_456' title='bbox 2710 2999 2978 3068; x_wconf 85' lang='lat' dir='ltr'><strong>Christus,</strong></span> <span class='ocrx_word' id='word_1_457' title='bbox 3009 3014 3130 3071; x_wconf 86' lang='lat' dir='ltr'><strong>post</strong></span> <span class='ocrx_word' id='word_1_458' title='bbox 3163 3007 3507 3078; x_wconf 81' lang='lat' dir='ltr'><strong>conjunctio-</strong></span> 
     </span>
    </p>
   </div>
   <div class='ocr_carea' id='block_1_61' title="bbox 1919 3085 3504 3166">
    <p class='ocr_par' dir='ltr' id='par_1_61' title="bbox 1919 3085 3504 3166">
     <span class='ocr_line' id='line_1_61' title="bbox 1919 3085 3504 3166; baseline 0.013 -28"><span class='ocrx_word' id='word_1_459' title='bbox 1919 3098 2040 3138; x_wconf 89' lang='lat' dir='ltr'><strong>netn</strong></span> <span class='ocrx_word' id='word_1_460' title='bbox 2061 3085 2267 3153; x_wconf 88' lang='lat' dir='ltr'><strong>dicunt,</strong></span> <span class='ocrx_word' id='word_1_461' title='bbox 2289 3087 2433 3158; x_wconf 85' lang='lat' dir='ltr'><strong>ipsas</strong></span> <span class='ocrx_word' id='word_1_462' title='bbox 2453 3098 2631 3146; x_wconf 88' lang='lat' dir='ltr'><strong>autem</strong></span> <span class='ocrx_word' id='word_1_463' title='bbox 2656 3103 2877 3150; x_wconf 85' lang='lat' dir='ltr'><strong>naturas</strong></span> <span class='ocrx_word' id='word_1_464' title='bbox 2894 3111 3127 3166; x_wconf 88' lang='lat' dir='ltr'><strong>quarum</strong></span> <span class='ocrx_word' id='word_1_465' title='bbox 3149 3110 3230 3156; x_wconf 86' lang='lat' dir='ltr'><strong>est</strong></span> <span class='ocrx_word' id='word_1_466' title='bbox 3249 3102 3504 3158; x_wconf 81' lang='lat' dir='ltr'><strong>diil&#39;eren-</strong></span> 
     </span>
    </p>
   </div>
   <div class='ocr_carea' id='block_1_62' title="bbox 237 3176 1813 3277">
    <p class='ocr_par' dir='ltr' id='par_1_62' title="bbox 237 3176 1813 3277">
     <span class='ocr_line' id='line_1_62' title="bbox 237 3176 1813 3277; baseline 0.008 -28"><span class='ocrx_word' id='word_1_467' title='bbox 237 3213 451 3266; x_wconf 83' lang='grc' dir='ltr'>γοντες,</span> <span class='ocrx_word' id='word_1_468' title='bbox 482 3176 653 3262; x_wconf 54' lang='lat' dir='ltr'><strong>uitri;</strong></span> <span class='ocrx_word' id='word_1_469' title='bbox 682 3202 738 3255; x_wconf 81' lang='grc' dir='ltr'>δὲ</span> <span class='ocrx_word' id='word_1_470' title='bbox 764 3202 862 3267; x_wconf 78' lang='grc' dir='ltr'><strong>τὰς</strong></span> <span class='ocrx_word' id='word_1_471' title='bbox 891 3176 1082 3271; x_wconf 78' lang='grc' dir='ltr'>φύσεις</span> <span class='ocrx_word' id='word_1_472' title='bbox 1106 3176 1239 3275; x_wconf 53' lang='lat' dir='ltr'><strong>divi)</strong></span> <span class='ocrx_word' id='word_1_473' title='bbox 1265 3176 1502 3276; x_wconf 75' lang='grc' dir='ltr'>διαφόρά</span> <span class='ocrx_word' id='word_1_474' title='bbox 1528 3209 1813 3277; x_wconf 74' lang='grc' dir='ltr'>προφανῶς</span> 
     </span>
    </p>
   </div>
   <div class='ocr_carea' id='block_1_63' title="bbox 1919 3176 3505 3277">
    <p class='ocr_par' dir='ltr' id='par_1_63' title="bbox 1924 3176 3505 3259">
     <span class='ocr_line' id='line_1_63' title="bbox 1924 3176 3505 3259; baseline 0.014 -32"><span class='ocrx_word' id='word_1_475' title='bbox 1924 3176 2021 3241; x_wconf 87' lang='lat' dir='ltr'><strong>tia,</strong></span> <span class='ocrx_word' id='word_1_476' title='bbox 2058 3186 2242 3247; x_wconf 89' lang='lat' dir='ltr'><strong>aperte</strong></span> <span class='ocrx_word' id='word_1_477' title='bbox 2269 3180 2487 3237; x_wconf 86' lang='lat' dir='ltr'><strong>silentio</strong></span> <span class='ocrx_word' id='word_1_478' title='bbox 2515 3183 2709 3239; x_wconf 85' lang='lat' dir='ltr'><strong>tollunt</strong></span> <span class='ocrx_word' id='word_1_479' title='bbox 2734 3196 2854 3256; x_wconf 89' lang='lat' dir='ltr'><strong>post</strong></span> <span class='ocrx_word' id='word_1_480' title='bbox 2875 3187 3329 3259; x_wconf 77' lang='lat' dir='ltr'><strong>conjnnCtionem.</strong></span> <span class='ocrx_word' id='word_1_481' title='bbox 3370 3192 3505 3249; x_wconf 84' lang='lat' dir='ltr'><strong>Vere</strong></span> 
     </span>
    </p>
   </div>
   <div class='ocr_carea' id='block_1_64' title="bbox 237 3289 1820 3372">
    <p class='ocr_par' dir='ltr' id='par_1_64' title="bbox 237 3289 1820 3372">
     <span class='ocr_line' id='line_1_64' title="bbox 237 3289 1820 3372; baseline 0.008 -30"><span class='ocrx_word' id='word_1_482' title='bbox 237 3289 593 3360; x_wconf 68' lang='grc' dir='ltr'>ἀναιροῦντες</span> <span class='ocrx_word' id='word_1_483' title='bbox 626 3296 692 3364; x_wconf 82' lang='grc' dir='ltr'>τῇ</span> <span class='ocrx_word' id='word_1_484' title='bbox 724 3298 902 3368; x_wconf 80' lang='grc' dir='ltr'>σιωπῇ</span> <span class='ocrx_word' id='word_1_485' title='bbox 936 3298 1077 3367; x_wconf 74' lang='grc' dir='ltr'>μετὰ</span> <span class='ocrx_word' id='word_1_486' title='bbox 1109 3298 1210 3367; x_wconf 83' lang='grc' dir='ltr'>τὴν</span> <span class='ocrx_word' id='word_1_487' title='bbox 1243 3298 1462 3355; x_wconf 67' lang='grc' dir='ltr'>ἕνωσιν.</span> <span class='ocrx_word' id='word_1_488' title='bbox 1512 3300 1820 3372; x_wconf 78' lang='grc' dir='ltr'>Ἀναίρεσις</span> 
     </span>
    </p>
   </div>
   <div class='ocr_carea' id='block_1_65' title="bbox 238 3383 1817 3465">
    <p class='ocr_par' dir='ltr' id='par_1_65' title="bbox 238 3383 1817 3465">
     <span class='ocr_line' id='line_1_65' title="bbox 238 3383 1817 3465; baseline 0.008 -30"><span class='ocrx_word' id='word_1_489' title='bbox 238 3383 353 3452; x_wconf 82' lang='grc' dir='ltr'><strong>γάρ</strong></span> <span class='ocrx_word' id='word_1_490' title='bbox 409 3384 558 3438; x_wconf 74' lang='grc' dir='ltr'>ἔστιν</span> <span class='ocrx_word' id='word_1_491' title='bbox 601 3387 888 3459; x_wconf 79' lang='grc' dir='ltr'>ἀληθῶςή</span> <span class='ocrx_word' id='word_1_492' title='bbox 949 3392 1059 3444; x_wconf 85' lang='grc' dir='ltr'><strong>τῶν</strong></span> <span class='ocrx_word' id='word_1_493' title='bbox 1112 3391 1283 3445; x_wconf 67' lang='grc' dir='ltr'>ὄντων</span> <span class='ocrx_word' id='word_1_494' title='bbox 1339 3394 1431 3446; x_wconf 74' lang='grc' dir='ltr'>καὶ</span> <span class='ocrx_word' id='word_1_495' title='bbox 1489 3394 1817 3465; x_wconf 78' lang='grc' dir='ltr'>σωζομένων</span> 
     </span>
    </p>
   </div>
   <div class='ocr_carea' id='block_1_66' title="bbox 239 3472 1818 3552">
    <p class='ocr_par' dir='ltr' id='par_1_66' title="bbox 239 3472 1818 3552">
     <span class='ocr_line' id='line_1_66' title="bbox 239 3472 1818 3552; baseline 0.009 -28"><span class='ocrx_word' id='word_1_496' title='bbox 239 3472 554 3542; x_wconf 68' lang='grc' dir='ltr'>ἐξάρνῃσις.</span> <span class='ocrx_word' id='word_1_497' title='bbox 592 3476 654 3529; x_wconf 83' lang='lat' dir='ltr'><strong>Ei</strong></span> <span class='ocrx_word' id='word_1_498' title='bbox 703 3479 810 3548; x_wconf 78' lang='grc' dir='ltr'>γὰρ</span> <span class='ocrx_word' id='word_1_499' title='bbox 857 3481 958 3534; x_wconf 67' lang='grc' dir='ltr'><strong>οὐκ</strong></span> <span class='ocrx_word' id='word_1_500' title='bbox 1008 3481 1312 3552; x_wconf 79' lang='grc' dir='ltr'>ἀνῄρηνται</span> <span class='ocrx_word' id='word_1_501' title='bbox 1363 3482 1486 3536; x_wconf 85' lang='grc' dir='ltr'>κατ’</span> <span class='ocrx_word' id='word_1_502' title='bbox 1512 3485 1710 3548; x_wconf 76' lang='grc' dir='ltr'>αὐτοὺς</span> <span class='ocrx_word' id='word_1_503' title='bbox 1762 3487 1818 3539; x_wconf 89' lang='grc' dir='ltr'>αἱ</span> 
     </span>
    </p>
   </div>
   <div class='ocr_carea' id='block_1_67' title="bbox 240 3564 1819 3644">
    <p class='ocr_par' dir='ltr' id='par_1_67' title="bbox 240 3564 1819 3644">
     <span class='ocr_line' id='line_1_67' title="bbox 240 3564 1819 3644; baseline 0.009 -27"><span class='ocrx_word' id='word_1_504' title='bbox 240 3564 436 3632; x_wconf 73' lang='grc' dir='ltr'>φύσεις</span> <span class='ocrx_word' id='word_1_505' title='bbox 470 3568 607 3638; x_wconf 74' lang='grc' dir='ltr'>μετὰ</span> <span class='ocrx_word' id='word_1_506' title='bbox 631 3568 731 3640; x_wconf 83' lang='grc' dir='ltr'>τὴν</span> <span class='ocrx_word' id='word_1_507' title='bbox 761 3571 977 3637; x_wconf 76' lang='grc' dir='ltr'>ἕνωσιν,</span> <span class='ocrx_word' id='word_1_508' title='bbox 1004 3574 1098 3626; x_wconf 70' lang='grc' dir='ltr'>καὶ</span> <span class='ocrx_word' id='word_1_509' title='bbox 1128 3575 1254 3635; x_wconf 78' lang='grc' dir='ltr'>εἰσὶ,</span> <span class='ocrx_word' id='word_1_510' title='bbox 1283 3574 1378 3628; x_wconf 75' lang='grc' dir='ltr'>καὶ</span> <span class='ocrx_word' id='word_1_511' title='bbox 1412 3572 1701 3644; x_wconf 74' lang='grc' dir='ltr'>σώζονται,</span> <span class='ocrx_word' id='word_1_512' title='bbox 1723 3579 1819 3631; x_wconf 76' lang='grc' dir='ltr'>καὶ</span> 
     </span>
    </p>
   </div>
   <div class='ocr_carea' id='block_1_68' title="bbox 236 3657 1819 3739">
    <p class='ocr_par' dir='ltr' id='par_1_68' title="bbox 236 3657 1819 3739">
     <span class='ocr_line' id='line_1_68' title="bbox 236 3657 1819 3739; baseline 0.009 -30"><span class='ocrx_word' id='word_1_513' title='bbox 236 3657 451 3711; x_wconf 81' lang='grc' dir='ltr'>δίκαιόν</span> <span class='ocrx_word' id='word_1_514' title='bbox 503 3662 650 3714; x_wconf 77' lang='grc' dir='ltr'>ἐστιν</span> <span class='ocrx_word' id='word_1_515' title='bbox 699 3663 871 3726; x_wconf 80' lang='grc' dir='ltr'>αὐτὰς</span> <span class='ocrx_word' id='word_1_516' title='bbox 911 3664 1225 3734; x_wconf 79' lang='grc' dir='ltr'>σωζομένοις</span> <span class='ocrx_word' id='word_1_517' title='bbox 1260 3666 1645 3737; x_wconf 71' lang='grc' dir='ltr'><strong>ὁμολογεῖσθαι</strong></span> <span class='ocrx_word' id='word_1_518' title='bbox 1680 3668 1819 3739; x_wconf 82' lang='grc' dir='ltr'>μετά</span> 
     </span>
    </p>
   </div>
   <div class='ocr_carea' id='block_1_69' title="bbox 238 3750 1818 3827">
    <p class='ocr_par' dir='ltr' id='par_1_69' title="bbox 238 3750 1818 3827">
     <span class='ocr_line' id='line_1_69' title="bbox 238 3750 1818 3827; baseline 0.008 -26"><span class='ocrx_word' id='word_1_519' title='bbox 238 3750 344 3820; x_wconf 74' lang='grc' dir='ltr'>τὴν</span> <span class='ocrx_word' id='word_1_520' title='bbox 370 3750 587 3817; x_wconf 75' lang='grc' dir='ltr'>ἕνωσιν,</span> <span class='ocrx_word' id='word_1_521' title='bbox 627 3754 684 3825; x_wconf 73' lang='grc' dir='ltr'>ἢ,</span> <span class='ocrx_word' id='word_1_522' title='bbox 731 3756 889 3827; x_wconf 71' lang='grc' dir='ltr'>εἴπερ</span> <span class='ocrx_word' id='word_1_523' title='bbox 926 3757 1000 3827; x_wconf 80' lang='grc' dir='ltr'>μὴ</span> <span class='ocrx_word' id='word_1_524' title='bbox 1027 3758 1237 3812; x_wconf 82' lang='grc' dir='ltr'>δίκαιόν</span> <span class='ocrx_word' id='word_1_525' title='bbox 1273 3761 1421 3813; x_wconf 77' lang='grc' dir='ltr'>ἐστιν</span> <span class='ocrx_word' id='word_1_526' title='bbox 1448 3760 1621 3824; x_wconf 74' lang='grc' dir='ltr'>αὐτὰς</span> <span class='ocrx_word' id='word_1_527' title='bbox 1650 3764 1818 3825; x_wconf 69' lang='grc' dir='ltr'>σωζοο</span> 
     </span>
    </p>
   </div>
   <div class='ocr_carea' id='block_1_70' title="bbox 243 3840 1815 3924">
    <p class='ocr_par' dir='ltr' id='par_1_70' title="bbox 243 3840 1815 3924">
     <span class='ocr_line' id='line_1_70' title="bbox 243 3840 1815 3924; baseline 0.01 -33"><span class='ocrx_word' id='word_1_528' title='bbox 243 3840 419 3909; x_wconf 82' lang='grc' dir='ltr'>μένας</span> <span class='ocrx_word' id='word_1_529' title='bbox 444 3842 827 3913; x_wconf 65' lang='grc' dir='ltr'>ὁμολογεῖσθαι</span> <span class='ocrx_word' id='word_1_530' title='bbox 861 3847 998 3914; x_wconf 88' lang='grc' dir='ltr'>μετά</span> <span class='ocrx_word' id='word_1_531' title='bbox 1055 3849 1152 3920; x_wconf 77' lang='grc' dir='ltr'>τὴν</span> <span class='ocrx_word' id='word_1_532' title='bbox 1203 3850 1419 3916; x_wconf 74' lang='grc' dir='ltr'>ἕνωσιν,</span> <span class='ocrx_word' id='word_1_533' title='bbox 1480 3854 1619 3924; x_wconf 80' lang='grc' dir='ltr'>μήτε</span> <span class='ocrx_word' id='word_1_534' title='bbox 1649 3849 1815 3917; x_wconf 74' lang='grc' dir='ltr'>εἶναι,</span> 
     </span>
    </p>
   </div>
   <div class='ocr_carea' id='block_1_71' title="bbox 245 3932 1817 4015">
    <p class='ocr_par' dir='ltr' id='par_1_71' title="bbox 245 3932 1817 4015">
     <span class='ocr_line' id='line_1_71' title="bbox 245 3932 1817 4015; baseline 0.01 -32"><span class='ocrx_word' id='word_1_535' title='bbox 245 3932 386 4002; x_wconf 81' lang='grc' dir='ltr'>μήτε</span> <span class='ocrx_word' id='word_1_536' title='bbox 429 3933 698 3998; x_wconf 78' lang='grc' dir='ltr'>σώζεσθαι</span> <span class='ocrx_word' id='word_1_537' title='bbox 723 3937 904 4005; x_wconf 79' lang='grc' dir='ltr'>λέγειν</span> <span class='ocrx_word' id='word_1_538' title='bbox 931 3939 1099 4003; x_wconf 66' lang='grc' dir='ltr'>αὑτὰς</span> <span class='ocrx_word' id='word_1_539' title='bbox 1122 3943 1181 3993; x_wconf 85' lang='grc' dir='ltr'>ὲν</span> <span class='ocrx_word' id='word_1_540' title='bbox 1216 3944 1435 4015; x_wconf 82' lang='grc' dir='ltr'>Χριστῷ</span> <span class='ocrx_word' id='word_1_541' title='bbox 1462 3945 1670 3999; x_wconf 75' lang='grc' dir='ltr'>δίκαιόν</span> <span class='ocrx_word' id='word_1_542' title='bbox 1702 3948 1817 3999; x_wconf 83' lang='grc' dir='ltr'>ἐστι</span> 
     </span>
    </p>
   </div>
   <div class='ocr_carea' id='block_1_72' title="bbox 239 4023 1816 4101">
    <p class='ocr_par' dir='ltr' id='par_1_72' title="bbox 239 4023 1816 4101">
     <span class='ocr_line' id='line_1_72' title="bbox 239 4023 1816 4101; baseline 0.008 -27"><span class='ocrx_word' id='word_1_543' title='bbox 239 4023 367 4074; x_wconf 85' lang='grc' dir='ltr'>κατ’</span> <span class='ocrx_word' id='word_1_544' title='bbox 389 4024 574 4089; x_wconf 77' lang='grc' dir='ltr'>αὑτὸν,</span> <span class='ocrx_word' id='word_1_545' title='bbox 605 4026 700 4078; x_wconf 76' lang='grc' dir='ltr'>καὶ</span> <span class='ocrx_word' id='word_1_546' title='bbox 753 4026 1070 4098; x_wconf 73' lang='grc' dir='ltr'>ἀνῄρηνται.</span> <span class='ocrx_word' id='word_1_547' title='bbox 1112 4030 1176 4081; x_wconf 82' lang='grc'><strong>⁸0</strong></span> <span class='ocrx_word' id='word_1_548' title='bbox 1207 4031 1313 4101; x_wconf 71' lang='grc' dir='ltr'>γὰρ</span> <span class='ocrx_word' id='word_1_549' title='bbox 1349 4032 1424 4101; x_wconf 81' lang='grc' dir='ltr'>μὴ</span> <span class='ocrx_word' id='word_1_550' title='bbox 1456 4031 1665 4086; x_wconf 82' lang='grc' dir='ltr'>δίκαιόν</span> <span class='ocrx_word' id='word_1_551' title='bbox 1702 4036 1816 4087; x_wconf 79' lang='grc' dir='ltr'>ἐστι</span> 
     </span>
    </p>
   </div>
   <div class='ocr_carea' id='block_1_73' title="bbox 240 4115 1814 4197">
    <p class='ocr_par' dir='ltr' id='par_1_73' title="bbox 240 4115 1814 4197">
     <span class='ocr_line' id='line_1_73' title="bbox 240 4115 1814 4197; baseline 0.009 -31"><span class='ocrx_word' id='word_1_552' title='bbox 240 4115 462 4179; x_wconf 74' lang='grc' dir='ltr'>πάντως</span> <span class='ocrx_word' id='word_1_553' title='bbox 493 4118 874 4187; x_wconf 75' lang='grc' dir='ltr'>ὀνομάζεσθαι,</span> <span class='ocrx_word' id='word_1_554' title='bbox 934 4120 1070 4193; x_wconf 81' lang='grc' dir='ltr'><strong>μηδὲ</strong></span> <span class='ocrx_word' id='word_1_555' title='bbox 1111 4123 1173 4175; x_wconf 80' lang='grc' dir='ltr'>τὸ</span> <span class='ocrx_word' id='word_1_556' title='bbox 1223 4123 1489 4193; x_wconf 81' lang='grc' dir='ltr'>παράπαν</span> <span class='ocrx_word' id='word_1_557' title='bbox 1542 4126 1814 4197; x_wconf 80' lang='grc' dir='ltr'>ὑπάρχειν</span> 
     </span>
    </p>
   </div>
   <div class='ocr_carea' id='block_1_74' title="bbox 241 4207 1817 4287">
    <p class='ocr_par' dir='ltr' id='par_1_74' title="bbox 241 4207 1817 4287">
     <span class='ocr_line' id='line_1_74' title="bbox 241 4207 1817 4287; baseline 0.008 -29"><span class='ocrx_word' id='word_1_558' title='bbox 241 4207 427 4278; x_wconf 70' lang='grc' dir='ltr'>πολλῷ</span> <span class='ocrx_word' id='word_1_559' title='bbox 453 4212 698 4280; x_wconf 82' lang='grc' dir='ltr'>κρεῖττόν</span> <span class='ocrx_word' id='word_1_560' title='bbox 730 4213 898 4278; x_wconf 76' lang='grc' dir='ltr'>ἐστιν,</span> <span class='ocrx_word' id='word_1_561' title='bbox 928 4213 1003 4276; x_wconf 79' lang='grc' dir='ltr'>ὡς</span> <span class='ocrx_word' id='word_1_562' title='bbox 1035 4209 1212 4285; x_wconf 77' lang='grc' dir='ltr'>οἶμαι,</span> <span class='ocrx_word' id='word_1_563' title='bbox 1251 4217 1347 4269; x_wconf 68' lang='grc' dir='ltr'><strong>κα)⁸</strong></span> <span class='ocrx_word' id='word_1_564' title='bbox 1372 4216 1709 4287; x_wconf 85' lang='grc' dir='ltr'>δικαιότερον</span> <span class='ocrx_word' id='word_1_565' title='bbox 1731 4219 1817 4271; x_wconf 83' lang='grc' dir='ltr'><strong>λέ-</strong></span> 
     </span>
    </p>
   </div>
   <div class='ocr_carea' id='block_1_75' title="bbox 239 4300 1816 4378">
    <p class='ocr_par' dir='ltr' id='par_1_75' title="bbox 239 4300 1816 4378">
     <span class='ocr_line' id='line_1_75' title="bbox 239 4300 1816 4378; baseline 0.008 -28"><span class='ocrx_word' id='word_1_566' title='bbox 239 4316 384 4368; x_wconf 56' lang='lat' dir='ltr'><strong>Tur.</strong></span> <span class='ocrx_word' id='word_1_567' title='bbox 414 4300 626 4373; x_wconf 78' lang='grc' dir='ltr'>Ὠσπερ</span> <span class='ocrx_word' id='word_1_568' title='bbox 655 4302 716 4356; x_wconf 67' lang='grc' dir='ltr'><strong>δὲ</strong></span> <span class='ocrx_word' id='word_1_569' title='bbox 742 4304 885 4357; x_wconf 83' lang='grc' dir='ltr'><strong>κατά</strong></span> <span class='ocrx_word' id='word_1_570' title='bbox 915 4306 1093 4359; x_wconf 78' lang='grc' dir='ltr'>πάντα</span> <span class='ocrx_word' id='word_1_571' title='bbox 1121 4306 1277 4374; x_wconf 76' lang='grc' dir='ltr'>λόγον</span> <span class='ocrx_word' id='word_1_572' title='bbox 1306 4325 1364 4361; x_wconf 85' lang='grc' dir='ltr'>τε</span> <span class='ocrx_word' id='word_1_573' title='bbox 1395 4308 1489 4361; x_wconf 80' lang='grc' dir='ltr'>καὶ</span> <span class='ocrx_word' id='word_1_574' title='bbox 1517 4310 1717 4378; x_wconf 86' lang='grc' dir='ltr'>τρόπον</span> <span class='ocrx_word' id='word_1_575' title='bbox 1756 4308 1816 4363; x_wconf 76' lang='grc' dir='ltr'>ἓν</span> 
     </span>
    </p>
   </div>
   <div class='ocr_carea' id='block_1_76' title="bbox 239 4393 1815 4468">
    <p class='ocr_par' dir='ltr' id='par_1_76' title="bbox 239 4393 1815 4468">
     <span class='ocr_line' id='line_1_76' title="bbox 239 4393 1815 4468; baseline 0.007 -24"><span class='ocrx_word' id='word_1_576' title='bbox 239 4393 343 4445; x_wconf 77' lang='grc' dir='ltr'>οὐκ</span> <span class='ocrx_word' id='word_1_577' title='bbox 370 4393 520 4446; x_wconf 70' lang='grc' dir='ltr'>ἐστιν</span> <span class='ocrx_word' id='word_1_578' title='bbox 548 4395 576 4446; x_wconf 90' lang='grc' dir='ltr'><strong>ό</strong></span> <span class='ocrx_word' id='word_1_579' title='bbox 606 4396 840 4466; x_wconf 85' lang='grc' dir='ltr'>Χριστὸς</span> <span class='ocrx_word' id='word_1_580' title='bbox 869 4399 1005 4465; x_wconf 85' lang='grc' dir='ltr'>μετά</span> <span class='ocrx_word' id='word_1_581' title='bbox 1037 4399 1137 4468; x_wconf 76' lang='grc' dir='ltr'>τὴν</span> <span class='ocrx_word' id='word_1_582' title='bbox 1189 4399 1406 4465; x_wconf 76' lang='grc' dir='ltr'>ἕνωσιν,</span> <span class='ocrx_word' id='word_1_583' title='bbox 1458 4400 1602 4455; x_wconf 77' lang='grc' dir='ltr'>οὕτω</span> <span class='ocrx_word' id='word_1_584' title='bbox 1654 4402 1815 4455; x_wconf 83' lang='grc' dir='ltr'>πάλιν</span> 
     </span>
    </p>
   </div>
   <div class='ocr_carea' id='block_1_77' title="bbox 240 4487 1814 4563">
    <p class='ocr_par' dir='ltr' id='par_1_77' title="bbox 240 4487 1814 4563">
     <span class='ocr_line' id='line_1_77' title="bbox 240 4487 1814 4563; baseline 0.006 -27"><span class='ocrx_word' id='word_1_585' title='bbox 240 4488 385 4539; x_wconf 69' lang='grc' dir='ltr'>κατὰ</span> <span class='ocrx_word' id='word_1_586' title='bbox 420 4487 597 4542; x_wconf 84' lang='grc' dir='ltr'>πάντα</span> <span class='ocrx_word' id='word_1_587' title='bbox 629 4489 787 4558; x_wconf 81' lang='grc' dir='ltr'>λόγον</span> <span class='ocrx_word' id='word_1_588' title='bbox 840 4508 897 4544; x_wconf 89' lang='grc' dir='ltr'>τε</span> <span class='ocrx_word' id='word_1_589' title='bbox 938 4492 1033 4545; x_wconf 77' lang='grc' dir='ltr'>καὶ</span> <span class='ocrx_word' id='word_1_590' title='bbox 1081 4493 1283 4562; x_wconf 77' lang='grc' dir='ltr'>τρόπον</span> <span class='ocrx_word' id='word_1_591' title='bbox 1316 4495 1417 4548; x_wconf 81' lang='grc' dir='ltr'>οὐκ</span> <span class='ocrx_word' id='word_1_592' title='bbox 1455 4494 1605 4548; x_wconf 76' lang='grc' dir='ltr'>ἐστιν</span> <span class='ocrx_word' id='word_1_593' title='bbox 1633 4496 1814 4563; x_wconf 79' lang='grc' dir='ltr'>όΧρι·</span> 
     </span>
    </p>
   </div>
   <div class='ocr_carea' id='block_1_78' title="bbox 242 4577 1814 4657">
    <p class='ocr_par' dir='ltr' id='par_1_78' title="bbox 242 4577 1814 4657">
     <span class='ocr_line' id='line_1_78' title="bbox 242 4577 1814 4657; baseline 0.008 -29"><span class='ocrx_word' id='word_1_594' title='bbox 242 4577 369 4641; x_wconf 57' lang='lat' dir='ltr'><strong>aco;</strong></span> <span class='ocrx_word' id='word_1_595' title='bbox 392 4578 486 4632; x_wconf 65' lang='grc' dir='ltr'>δέο</span> <span class='ocrx_word' id='word_1_596' title='bbox 520 4580 661 4649; x_wconf 77' lang='grc' dir='ltr'>μετὰ</span> <span class='ocrx_word' id='word_1_597' title='bbox 679 4583 780 4652; x_wconf 81' lang='grc' dir='ltr'>τὴν</span> <span class='ocrx_word' id='word_1_598' title='bbox 809 4582 1022 4639; x_wconf 77' lang='grc' dir='ltr'>ἕνωσιν.</span> <span class='ocrx_word' id='word_1_599' title='bbox 1055 4584 1118 4637; x_wconf 79' lang='lat' dir='ltr'><strong>Ei</strong></span> <span class='ocrx_word' id='word_1_600' title='bbox 1142 4585 1199 4637; x_wconf 81' lang='grc' dir='ltr'><strong>δὲ</strong></span> <span class='ocrx_word' id='word_1_601' title='bbox 1241 4586 1318 4657; x_wconf 78' lang='grc' dir='ltr'>μὴ</span> <span class='ocrx_word' id='word_1_602' title='bbox 1352 4585 1494 4640; x_wconf 80' lang='grc' dir='ltr'><strong>κατά</strong></span> <span class='ocrx_word' id='word_1_603' title='bbox 1524 4587 1702 4642; x_wconf 75' lang='grc' dir='ltr'>πάντα</span> <span class='ocrx_word' id='word_1_604' title='bbox 1731 4587 1814 4640; x_wconf 69' lang='grc' dir='ltr'><strong>λός</strong></span> 
     </span>
    </p>
   </div>
   <div class='ocr_carea' id='block_1_79' title="bbox 241 4673 1815 4748">
    <p class='ocr_par' dir='ltr' id='par_1_79' title="bbox 241 4673 1815 4748">
     <span class='ocr_line' id='line_1_79' title="bbox 241 4673 1815 4748; baseline 0.006 -26"><span class='ocrx_word' id='word_1_605' title='bbox 241 4686 340 4739; x_wconf 77' lang='grc' dir='ltr'>γον</span> <span class='ocrx_word' id='word_1_606' title='bbox 367 4686 428 4723; x_wconf 89' lang='grc' dir='ltr'>τε</span> <span class='ocrx_word' id='word_1_607' title='bbox 463 4673 556 4724; x_wconf 75' lang='grc' dir='ltr'>καὶ</span> <span class='ocrx_word' id='word_1_608' title='bbox 605 4675 807 4744; x_wconf 88' lang='grc' dir='ltr'>τρόπον</span> <span class='ocrx_word' id='word_1_609' title='bbox 855 4678 1005 4729; x_wconf 76' lang='grc' dir='ltr'>ἐστὶν</span> <span class='ocrx_word' id='word_1_610' title='bbox 1037 4677 1067 4729; x_wconf 84' lang='grc' dir='ltr'><strong>ό</strong></span> <span class='ocrx_word' id='word_1_611' title='bbox 1115 4678 1348 4747; x_wconf 85' lang='grc' dir='ltr'>Χριστὸς</span> <span class='ocrx_word' id='word_1_612' title='bbox 1377 4679 1472 4732; x_wconf 84' lang='grc' dir='ltr'>δύο</span> <span class='ocrx_word' id='word_1_613' title='bbox 1530 4679 1669 4748; x_wconf 81' lang='grc' dir='ltr'>μετὰ</span> <span class='ocrx_word' id='word_1_614' title='bbox 1718 4677 1815 4748; x_wconf 82' lang='grc' dir='ltr'>τὴν</span> 
     </span>
    </p>
   </div>
   <div class='ocr_carea' id='block_1_80' title="bbox 240 4762 1815 4843">
    <p class='ocr_par' dir='ltr' id='par_1_80' title="bbox 240 4762 1815 4843">
     <span class='ocr_line' id='line_1_80' title="bbox 240 4762 1815 4843; baseline 0.006 -28"><span class='ocrx_word' id='word_1_615' title='bbox 240 4762 462 4830; x_wconf 77' lang='grc' dir='ltr'>ἒνωσιν,</span> <span class='ocrx_word' id='word_1_616' title='bbox 499 4764 717 4831; x_wconf 81' lang='grc' dir='ltr'>πάντως</span> <span class='ocrx_word' id='word_1_617' title='bbox 763 4771 908 4823; x_wconf 83' lang='grc' dir='ltr'><strong>κατά</strong></span> <span class='ocrx_word' id='word_1_618' title='bbox 936 4787 1059 4824; x_wconf 87' lang='grc' dir='ltr'>τινα</span> <span class='ocrx_word' id='word_1_619' title='bbox 1091 4772 1246 4839; x_wconf 82' lang='grc' dir='ltr'>λόγον</span> <span class='ocrx_word' id='word_1_620' title='bbox 1278 4789 1337 4825; x_wconf 87' lang='grc' dir='ltr'>τε</span> <span class='ocrx_word' id='word_1_621' title='bbox 1385 4772 1483 4825; x_wconf 77' lang='grc' dir='ltr'><strong>καὶ</strong></span> <span class='ocrx_word' id='word_1_622' title='bbox 1504 4772 1705 4843; x_wconf 85' lang='grc' dir='ltr'>τρόπον</span> <span class='ocrx_word' id='word_1_623' title='bbox 1727 4770 1815 4825; x_wconf 82' lang='grc' dir='ltr'>διά</span> 
     </span>
    </p>
   </div>
   <div class='ocr_carea' id='block_1_81' title="bbox 239 4856 1812 4934">
    <p class='ocr_par' dir='ltr' id='par_1_81' title="bbox 239 4856 1812 4934">
     <span class='ocr_line' id='line_1_81' title="bbox 239 4856 1812 4934; baseline 0.007 -27"><span class='ocrx_word' id='word_1_624' title='bbox 239 4856 343 4926; x_wconf 82' lang='grc' dir='ltr'>τὴν</span> <span class='ocrx_word' id='word_1_625' title='bbox 377 4857 747 4930; x_wconf 79' lang='grc' dir='ltr'>ὑποστατικὴν</span> <span class='ocrx_word' id='word_1_626' title='bbox 777 4863 1104 4934; x_wconf 86' lang='grc' dir='ltr'>ταυτότητα,</span> <span class='ocrx_word' id='word_1_627' title='bbox 1156 4864 1325 4934; x_wconf 75' lang='grc' dir='ltr'>ἧγουν</span> <span class='ocrx_word' id='word_1_628' title='bbox 1375 4867 1476 4934; x_wconf 83' lang='grc' dir='ltr'>τὴν</span> <span class='ocrx_word' id='word_1_629' title='bbox 1517 4866 1646 4934; x_wconf 88' lang='grc' dir='ltr'>μίαν</span> <span class='ocrx_word' id='word_1_630' title='bbox 1676 4864 1812 4917; x_wconf 78' lang='grc' dir='ltr'>ὑπό-</span> 
     </span>
    </p>
   </div>
   <div class='ocr_carea' id='block_1_82' title="bbox 244 4950 1812 5026">
    <p class='ocr_par' dir='ltr' id='par_1_82' title="bbox 244 4950 1812 5026">
     <span class='ocr_line' id='line_1_82' title="bbox 244 4950 1812 5026; baseline 0.006 -28"><span class='ocrx_word' id='word_1_631' title='bbox 244 4964 460 5013; x_wconf 89' lang='grc' dir='ltr'>στασιν,</span> <span class='ocrx_word' id='word_1_632' title='bbox 491 4950 612 5003; x_wconf 76' lang='grc' dir='ltr'>καθ’</span> <span class='ocrx_word' id='word_1_633' title='bbox 635 4952 700 5022; x_wconf 86' lang='grc' dir='ltr'>ἢν</span> <span class='ocrx_word' id='word_1_634' title='bbox 736 4954 999 5023; x_wconf 81' lang='grc' dir='ltr'>διαφορὰν</span> <span class='ocrx_word' id='word_1_635' title='bbox 1032 4955 1175 5026; x_wconf 71' lang='grc' dir='ltr'>ἔχειν</span> <span class='ocrx_word' id='word_1_636' title='bbox 1207 4958 1266 5009; x_wconf 79' lang='grc' dir='ltr'>οὐ</span> <span class='ocrx_word' id='word_1_637' title='bbox 1292 4956 1536 5019; x_wconf 82' lang='grc' dir='ltr'>δύναται,</span> <span class='ocrx_word' id='word_1_638' title='bbox 1578 4957 1637 5009; x_wconf 74' lang='grc' dir='ltr'>ἓν</span> <span class='ocrx_word' id='word_1_639' title='bbox 1663 4957 1812 5009; x_wconf 78' lang='grc' dir='ltr'>ἐστιν</span> 
     </span>
    </p>
   </div>
   <div class='ocr_carea' id='block_1_83' title="bbox 242 5042 3097 5127">
    <p class='ocr_par' dir='ltr' id='par_1_83' title="bbox 242 5042 3097 5127">
     <span class='ocr_line' id='line_1_83' title="bbox 242 5042 3097 5127; baseline 0.008 -35"><span class='ocrx_word' id='word_1_640' title='bbox 242 5042 271 5092; x_wconf 89' lang='grc' dir='ltr'><strong>ὁ</strong></span> <span class='ocrx_word' id='word_1_641' title='bbox 302 5042 560 5111; x_wconf 86' lang='grc' dir='ltr'>Χριστός.</span> <span class='ocrx_word' id='word_1_642' title='bbox 617 5042 770 5097; x_wconf 76' lang='grc' dir='ltr'>Ἐπεὶ</span> <span class='ocrx_word' id='word_1_643' title='bbox 797 5045 890 5097; x_wconf 83' lang='grc' dir='ltr'><strong>οῦν</strong></span> <span class='ocrx_word' id='word_1_644' title='bbox 925 5048 1046 5099; x_wconf 87' lang='grc' dir='ltr'>κατ’</span> <span class='ocrx_word' id='word_1_645' title='bbox 1101 5047 1261 5101; x_wconf 78' lang='grc' dir='ltr'>ἄλλον</span> <span class='ocrx_word' id='word_1_646' title='bbox 1312 5049 1406 5102; x_wconf 80' lang='grc' dir='ltr'>καὶ</span> <span class='ocrx_word' id='word_1_647' title='bbox 1449 5049 1608 5104; x_wconf 78' lang='grc' dir='ltr'>ἄλλον</span> <span class='ocrx_word' id='word_1_648' title='bbox 1664 5049 1820 5117; x_wconf 79' lang='grc' dir='ltr'>λόγον</span> <span class='ocrx_word' id='word_1_649' title='bbox 1854 5065 1913 5100; x_wconf 86' lang='grc' dir='ltr'>τε</span> <span class='ocrx_word' id='word_1_650' title='bbox 1953 5049 2049 5101; x_wconf 80' lang='grc' dir='ltr'>καὶ</span> <span class='ocrx_word' id='word_1_651' title='bbox 2081 5050 2283 5120; x_wconf 86' lang='grc' dir='ltr'>τρόπον</span> <span class='ocrx_word' id='word_1_652' title='bbox 2322 5050 2401 5117; x_wconf 75' lang='grc' dir='ltr'>ἓν,</span> <span class='ocrx_word' id='word_1_653' title='bbox 2434 5052 2526 5106; x_wconf 77' lang='grc' dir='ltr'><strong>καὶ</strong></span> <span class='ocrx_word' id='word_1_654' title='bbox 2556 5053 2651 5109; x_wconf 80' lang='grc' dir='ltr'><strong>δύο</strong></span> <span class='ocrx_word' id='word_1_655' title='bbox 2682 5057 2831 5110; x_wconf 77' lang='grc' dir='ltr'>ἐστὶν</span> <span class='ocrx_word' id='word_1_656' title='bbox 2881 5061 2909 5113; x_wconf 91' lang='grc' dir='ltr'><strong>ό</strong></span> <span class='ocrx_word' id='word_1_657' title='bbox 2938 5063 3097 5127; x_wconf 63' lang='grc' dir='ltr'>αὐτὸς</span> 
     </span>
    </p>
   </div>
   <div class='ocr_carea' id='block_1_84' title="bbox 1921 3271 3501 3356">
    <p class='ocr_par' dir='ltr' id='par_1_84' title="bbox 1921 3271 3501 3356">
     <span class='ocr_line' id='line_1_84' title="bbox 1921 3271 3501 3356; baseline 0.01 -31"><span class='ocrx_word' id='word_1_658' title='bbox 1921 3272 2065 3325; x_wconf 86' lang='lat' dir='ltr'><strong>enim</strong></span> <span class='ocrx_word' id='word_1_659' title='bbox 2094 3271 2308 3341; x_wconf 90' lang='lat' dir='ltr'><strong>tollunt,</strong></span> <span class='ocrx_word' id='word_1_660' title='bbox 2343 3274 2431 3343; x_wconf 91' lang='lat' dir='ltr'><strong>qui</strong></span> <span class='ocrx_word' id='word_1_661' title='bbox 2469 3290 2532 3331; x_wconf 89' lang='lat' dir='ltr'><strong>ea</strong></span> <span class='ocrx_word' id='word_1_662' title='bbox 2563 3292 2685 3347; x_wconf 74' lang='lat' dir='ltr'><strong>quae</strong></span> <span class='ocrx_word' id='word_1_663' title='bbox 2714 3292 2840 3336; x_wconf 90' lang='lat' dir='ltr'><strong>sunt</strong></span> <span class='ocrx_word' id='word_1_664' title='bbox 2867 3290 2922 3335; x_wconf 88' lang='lat' dir='ltr'><strong>et</strong></span> <span class='ocrx_word' id='word_1_665' title='bbox 2945 3294 3252 3350; x_wconf 82' lang='lat' dir='ltr'><strong>servantur,</strong></span> <span class='ocrx_word' id='word_1_666' title='bbox 3285 3299 3501 3356; x_wconf 69' lang='lat' dir='ltr'><strong>negant.</strong></span> 
     </span>
    </p>
   </div>
   <div class='ocr_carea' id='block_1_85' title="bbox 1921 3364 3501 3442">
    <p class='ocr_par' dir='ltr' id='par_1_85' title="bbox 1921 3364 3501 3442">
     <span class='ocr_line' id='line_1_85' title="bbox 1921 3364 3501 3442; baseline 0.011 -22"><span class='ocrx_word' id='word_1_667' title='bbox 1921 3364 2055 3420; x_wconf 81' lang='lat' dir='ltr'><strong>Nam</strong></span> <span class='ocrx_word' id='word_1_668' title='bbox 2083 3367 2127 3422; x_wconf 89' lang='lat' dir='ltr'><strong>si</strong></span> <span class='ocrx_word' id='word_1_669' title='bbox 2163 3376 2387 3425; x_wconf 86' lang='lat' dir='ltr'><strong>naturas</strong></span> <span class='ocrx_word' id='word_1_670' title='bbox 2442 3380 2564 3440; x_wconf 86' lang='lat' dir='ltr'><strong>post</strong></span> <span class='ocrx_word' id='word_1_671' title='bbox 2615 3373 3047 3442; x_wconf 86' lang='lat' dir='ltr'><strong>conjunctionem</strong></span> <span class='ocrx_word' id='word_1_672' title='bbox 3110 3381 3347 3436; x_wconf 69' lang='lat' dir='ltr'><strong>:uhiutas</strong></span> <span class='ocrx_word' id='word_1_673' title='bbox 3396 3399 3501 3438; x_wconf 81' lang='lat' dir='ltr'><strong>non</strong></span> 
     </span>
    </p>
   </div>
   <div class='ocr_carea' id='block_1_86' title="bbox 1921 3458 3498 3546">
    <p class='ocr_par' dir='ltr' id='par_1_86' title="bbox 1921 3458 3498 3546">
     <span class='ocr_line' id='line_1_86' title="bbox 1921 3458 3498 3546; baseline 0.013 -35"><span class='ocrx_word' id='word_1_674' title='bbox 1921 3458 2274 3527; x_wconf 88' lang='lat' dir='ltr'><strong>arbitrantur,</strong></span> <span class='ocrx_word' id='word_1_675' title='bbox 2294 3461 2387 3516; x_wconf 89' lang='lat' dir='ltr'><strong>sed</strong></span> <span class='ocrx_word' id='word_1_676' title='bbox 2413 3476 2506 3518; x_wconf 87' lang='lat' dir='ltr'><strong>eas</strong></span> <span class='ocrx_word' id='word_1_677' title='bbox 2530 3478 2649 3519; x_wconf 86' lang='lat' dir='ltr'><strong>esse</strong></span> <span class='ocrx_word' id='word_1_678' title='bbox 2672 3469 2990 3538; x_wconf 79' lang='lat' dir='ltr'><strong>servarique</strong></span> <span class='ocrx_word' id='word_1_679' title='bbox 3002 3473 3261 3539; x_wconf 87' lang='lat' dir='ltr'><strong>sentiunt,</strong></span> <span class='ocrx_word' id='word_1_680' title='bbox 3285 3490 3498 3546; x_wconf 80' lang='lat' dir='ltr'><strong>aequum</strong></span> 
     </span>
    </p>
   </div>
   <div class='ocr_carea' id='block_1_87' title="bbox 1920 3553 3499 3625">
    <p class='ocr_par' dir='ltr' id='par_1_87' title="bbox 1920 3553 3499 3625">
     <span class='ocr_line' id='line_1_87' title="bbox 1920 3553 3499 3625; baseline 0.012 -23"><span class='ocrx_word' id='word_1_681' title='bbox 1920 3558 2004 3604; x_wconf 87' lang='lat' dir='ltr'><strong>est</strong></span> <span class='ocrx_word' id='word_1_682' title='bbox 2032 3557 2090 3604; x_wconf 93' lang='lat' dir='ltr'><strong>ut</strong></span> <span class='ocrx_word' id='word_1_683' title='bbox 2110 3565 2207 3606; x_wconf 85' lang='lat' dir='ltr'><strong>eas</strong></span> <span class='ocrx_word' id='word_1_684' title='bbox 2233 3566 2350 3622; x_wconf 88' lang='lat' dir='ltr'><strong>post</strong></span> <span class='ocrx_word' id='word_1_685' title='bbox 2379 3553 2817 3625; x_wconf 87' lang='lat' dir='ltr'><strong>conjunctionem</strong></span> <span class='ocrx_word' id='word_1_686' title='bbox 2847 3572 3091 3618; x_wconf 77' lang='lat' dir='ltr'><strong>servatas</strong></span> <span class='ocrx_word' id='word_1_687' title='bbox 3118 3567 3499 3623; x_wconf 77' lang='lat' dir='ltr'><strong>confiteantur.</strong></span> 
     </span>
    </p>
   </div>
   <div class='ocr_carea' id='block_1_88' title="bbox 1920 3641 3505 3726">
    <p class='ocr_par' dir='ltr' id='par_1_88' title="bbox 1920 3641 3505 3726">
     <span class='ocr_line' id='line_1_88' title="bbox 1920 3641 3505 3726; baseline 0.014 -31"><span class='ocrx_word' id='word_1_688' title='bbox 1920 3641 2025 3696; x_wconf 83' lang='lat' dir='ltr'><strong>Aut</strong></span> <span class='ocrx_word' id='word_1_689' title='bbox 2052 3643 2096 3698; x_wconf 90' lang='lat' dir='ltr'><strong>si</strong></span> <span class='ocrx_word' id='word_1_690' title='bbox 2112 3659 2324 3714; x_wconf 72' lang='lat' dir='ltr'><strong>aequum</strong></span> <span class='ocrx_word' id='word_1_691' title='bbox 2345 3660 2453 3701; x_wconf 91' lang='lat' dir='ltr'><strong>non</strong></span> <span class='ocrx_word' id='word_1_692' title='bbox 2474 3657 2558 3703; x_wconf 90' lang='lat' dir='ltr'><strong>est</strong></span> <span class='ocrx_word' id='word_1_693' title='bbox 2577 3659 2635 3705; x_wconf 92' lang='lat' dir='ltr'><strong>ut</strong></span> <span class='ocrx_word' id='word_1_694' title='bbox 2662 3664 2755 3706; x_wconf 86' lang='lat' dir='ltr'><strong>eas</strong></span> <span class='ocrx_word' id='word_1_695' title='bbox 2785 3664 2905 3722; x_wconf 89' lang='lat' dir='ltr'><strong>post</strong></span> <span class='ocrx_word' id='word_1_696' title='bbox 2925 3655 3361 3726; x_wconf 67' lang='lat' dir='ltr'><strong>coniunctionem</strong></span> <span class='ocrx_word' id='word_1_697' title='bbox 3388 3678 3505 3717; x_wconf 79' lang='lat' dir='ltr'><strong>ser-</strong></span> 
     </span>
    </p>
   </div>
   <div class='ocr_carea' id='block_1_89' title="bbox 1924 3735 3498 3816">
    <p class='ocr_par' dir='ltr' id='par_1_89' title="bbox 1924 3735 3498 3816">
     <span class='ocr_line' id='line_1_89' title="bbox 1924 3735 3498 3816; baseline 0.017 -31"><span class='ocrx_word' id='word_1_698' title='bbox 1924 3746 2074 3791; x_wconf 74' lang='lat' dir='ltr'><strong>ratas</strong></span> <span class='ocrx_word' id='word_1_699' title='bbox 2107 3735 2392 3804; x_wconf 79' lang='lat' dir='ltr'><strong>fateantur,</strong></span> <span class='ocrx_word' id='word_1_700' title='bbox 2447 3755 2621 3811; x_wconf 89' lang='lat' dir='ltr'><strong>neque</strong></span> <span class='ocrx_word' id='word_1_701' title='bbox 2665 3756 2786 3799; x_wconf 88' lang='lat' dir='ltr'><strong>esse</strong></span> <span class='ocrx_word' id='word_1_702' title='bbox 2819 3760 2993 3816; x_wconf 86' lang='lat' dir='ltr'><strong>neque</strong></span> <span class='ocrx_word' id='word_1_703' title='bbox 3054 3754 3259 3807; x_wconf 79' lang='lat' dir='ltr'><strong>servari</strong></span> <span class='ocrx_word' id='word_1_704' title='bbox 3304 3755 3498 3811; x_wconf 71' lang='lat' dir='ltr'><strong>itlztsin</strong></span> 
     </span>
    </p>
   </div>
   <div class='ocr_carea' id='block_1_90' title="bbox 1921 3826 3499 3903">
    <p class='ocr_par' dir='ltr' id='par_1_90' title="bbox 1921 3826 3499 3903">
     <span class='ocr_line' id='line_1_90' title="bbox 1921 3826 3499 3903; baseline 0.012 -20"><span class='ocrx_word' id='word_1_705' title='bbox 1921 3826 2144 3883; x_wconf 89' lang='lat' dir='ltr'><strong>Christo</strong></span> <span class='ocrx_word' id='word_1_706' title='bbox 2175 3844 2271 3898; x_wconf 77' lang='lat' dir='ltr'><strong>pt&#39;t&#39;</strong></span> <span class='ocrx_word' id='word_1_707' title='bbox 2299 3828 2418 3884; x_wconf 84' lang='lat' dir='ltr'><strong>illos</strong></span> <span class='ocrx_word' id='word_1_708' title='bbox 2443 3843 2655 3899; x_wconf 63' lang='lat' dir='ltr'><strong>aequum</strong></span> <span class='ocrx_word' id='word_1_709' title='bbox 2687 3841 2767 3887; x_wconf 84' lang='lat' dir='ltr'><strong>est</strong></span> <span class='ocrx_word' id='word_1_710' title='bbox 2797 3833 2998 3903; x_wconf 87' lang='lat' dir='ltr'><strong>dicere,</strong></span> <span class='ocrx_word' id='word_1_711' title='bbox 3028 3849 3083 3892; x_wconf 89' lang='lat' dir='ltr'><strong>et</strong></span> <span class='ocrx_word' id='word_1_712' title='bbox 3111 3842 3334 3896; x_wconf 67' lang='lat' dir='ltr'><strong>sublatae</strong></span> <span class='ocrx_word' id='word_1_713' title='bbox 3351 3856 3499 3902; x_wconf 84' lang='lat' dir='ltr'><strong>sunt.</strong></span> 
     </span>
    </p>
   </div>
   <div class='ocr_carea' id='block_1_91' title="bbox 1920 3918 3501 4002">
    <p class='ocr_par' dir='ltr' id='par_1_91' title="bbox 1920 3918 3501 4002">
     <span class='ocr_line' id='line_1_91' title="bbox 1920 3918 3501 4002; baseline 0.016 -34"><span class='ocrx_word' id='word_1_714' title='bbox 1920 3918 2069 3985; x_wconf 85' lang='lat' dir='ltr'><strong>Quod</strong></span> <span class='ocrx_word' id='word_1_715' title='bbox 2099 3919 2240 3972; x_wconf 81' lang='lat' dir='ltr'><strong>enim</strong></span> <span class='ocrx_word' id='word_1_716' title='bbox 2269 3922 2488 3975; x_wconf 78' lang='lat' dir='ltr'><strong>omnino</strong></span> <span class='ocrx_word' id='word_1_717' title='bbox 2515 3923 2780 3978; x_wconf 87' lang='lat' dir='ltr'><strong>nominari</strong></span> <span class='ocrx_word' id='word_1_718' title='bbox 2830 3941 3043 3996; x_wconf 66' lang='lat' dir='ltr'><strong>aequum</strong></span> <span class='ocrx_word' id='word_1_719' title='bbox 3075 3946 3181 3986; x_wconf 89' lang='lat' dir='ltr'><strong>non</strong></span> <span class='ocrx_word' id='word_1_720' title='bbox 3216 3948 3320 4002; x_wconf 82' lang='lat' dir='ltr'><strong>est,</strong></span> <span class='ocrx_word' id='word_1_721' title='bbox 3350 3936 3405 3991; x_wconf 88' lang='lat' dir='ltr'><strong>id</strong></span> <span class='ocrx_word' id='word_1_722' title='bbox 3432 3955 3501 3994; x_wconf 91' lang='lat' dir='ltr'><strong>ne</strong></span> 
     </span>
    </p>
   </div>
   <div class='ocr_carea' id='block_1_92' title="bbox 1918 4010 3503 4095">
    <p class='ocr_par' dir='ltr' id='par_1_92' title="bbox 1918 4010 3503 4095">
     <span class='ocr_line' id='line_1_92' title="bbox 1918 4010 3503 4095; baseline 0.016 -31"><span class='ocrx_word' id='word_1_723' title='bbox 1918 4024 2041 4064; x_wconf 88' lang='lat' dir='ltr'><strong>esse</strong></span> <span class='ocrx_word' id='word_1_724' title='bbox 2073 4010 2312 4079; x_wconf 85' lang='lat' dir='ltr'><strong>quidem,</strong></span> <span class='ocrx_word' id='word_1_725' title='bbox 2354 4020 2416 4067; x_wconf 93' lang='lat' dir='ltr'><strong>ut</strong></span> <span class='ocrx_word' id='word_1_726' title='bbox 2453 4027 2554 4082; x_wconf 74' lang='lat' dir='ltr'><strong>ego</strong></span> <span class='ocrx_word' id='word_1_727' title='bbox 2606 4016 2800 4079; x_wconf 88' lang='lat' dir='ltr'><strong>sentio,</strong></span> <span class='ocrx_word' id='word_1_728' title='bbox 2862 4019 3033 4075; x_wconf 86' lang='lat' dir='ltr'><strong>satius</strong></span> <span class='ocrx_word' id='word_1_729' title='bbox 3093 4033 3147 4077; x_wconf 90' lang='lat' dir='ltr'><strong>et</strong></span> <span class='ocrx_word' id='word_1_730' title='bbox 3178 4027 3386 4095; x_wconf 80' lang='lat' dir='ltr'><strong>aequius</strong></span> <span class='ocrx_word' id='word_1_731' title='bbox 3421 4043 3503 4088; x_wconf 85' lang='lat' dir='ltr'><strong>est</strong></span> 
     </span>
    </p>
   </div>
   <div class='ocr_carea' id='block_1_93' title="bbox 1919 4096 3501 4181">
    <p class='ocr_par' dir='ltr' id='par_1_93' title="bbox 1919 4096 3501 4181">
     <span class='ocr_line' id='line_1_93' title="bbox 1919 4096 3501 4181; baseline 0.016 -25"><span class='ocrx_word' id='word_1_732' title='bbox 1919 4096 2133 4167; x_wconf 82' lang='lat' dir='ltr'><strong>dicere;</strong></span> <span class='ocrx_word' id='word_1_733' title='bbox 2167 4118 2348 4157; x_wconf 80' lang='lat' dir='ltr'><strong>verum</strong></span> <span class='ocrx_word' id='word_1_734' title='bbox 2378 4117 2435 4159; x_wconf 93' lang='lat' dir='ltr'><strong>ut</strong></span> <span class='ocrx_word' id='word_1_735' title='bbox 2455 4106 2600 4161; x_wconf 90' lang='lat' dir='ltr'><strong>omni</strong></span> <span class='ocrx_word' id='word_1_736' title='bbox 2633 4107 2841 4165; x_wconf 80' lang='lat' dir='ltr'><strong>ratione</strong></span> <span class='ocrx_word' id='word_1_737' title='bbox 2862 4119 2916 4165; x_wconf 90' lang='lat' dir='ltr'><strong>et</strong></span> <span class='ocrx_word' id='word_1_738' title='bbox 2943 4114 3105 4169; x_wconf 87' lang='lat' dir='ltr'><strong>modo</strong></span> <span class='ocrx_word' id='word_1_739' title='bbox 3122 4114 3371 4178; x_wconf 80' lang='lat' dir='ltr'><strong>Christus</strong></span> <span class='ocrx_word' id='word_1_740' title='bbox 3391 4140 3501 4181; x_wconf 88' lang='lat' dir='ltr'><strong>non</strong></span> 
     </span>
    </p>
   </div>
   <div class='ocr_carea' id='block_1_94' title="bbox 1917 4198 3498 4275">
    <p class='ocr_par' dir='ltr' id='par_1_94' title="bbox 1917 4198 3498 4275">
     <span class='ocr_line' id='line_1_94' title="bbox 1917 4198 3498 4275; baseline 0.016 -25"><span class='ocrx_word' id='word_1_741' title='bbox 1917 4205 1999 4250; x_wconf 89' lang='lat' dir='ltr'><strong>est</strong></span> <span class='ocrx_word' id='word_1_742' title='bbox 2026 4211 2190 4249; x_wconf 88' lang='lat' dir='ltr'><strong>unum</strong></span> <span class='ocrx_word' id='word_1_743' title='bbox 2223 4205 2339 4265; x_wconf 84' lang='lat' dir='ltr'><strong>post</strong></span> <span class='ocrx_word' id='word_1_744' title='bbox 2354 4198 2813 4270; x_wconf 86' lang='lat' dir='ltr'><strong>conjunctionem,</strong></span> <span class='ocrx_word' id='word_1_745' title='bbox 2836 4204 2911 4259; x_wconf 89' lang='lat' dir='ltr'><strong>ita</strong></span> <span class='ocrx_word' id='word_1_746' title='bbox 2939 4223 3126 4267; x_wconf 89' lang='lat' dir='ltr'><strong>rursus</strong></span> <span class='ocrx_word' id='word_1_747' title='bbox 3158 4216 3305 4270; x_wconf 88' lang='lat' dir='ltr'><strong>omni</strong></span> <span class='ocrx_word' id='word_1_748' title='bbox 3331 4219 3498 4275; x_wconf 84' lang='lat' dir='ltr'><strong>ratio-</strong></span> 
     </span>
    </p>
   </div>
   <div class='ocr_carea' id='block_1_95' title="bbox 1920 4288 3494 4376">
    <p class='ocr_par' dir='ltr' id='par_1_95' title="bbox 1920 4288 3494 4376">
     <span class='ocr_line' id='line_1_95' title="bbox 1920 4288 3494 4376; baseline 0.019 -37"><span class='ocrx_word' id='word_1_749' title='bbox 1920 4302 1988 4342; x_wconf 90' lang='lat' dir='ltr'><strong>ne</strong></span> <span class='ocrx_word' id='word_1_750' title='bbox 2018 4299 2070 4341; x_wconf 89' lang='lat' dir='ltr'><strong>et</strong></span> <span class='ocrx_word' id='word_1_751' title='bbox 2100 4288 2260 4344; x_wconf 89' lang='lat' dir='ltr'><strong>modo</strong></span> <span class='ocrx_word' id='word_1_752' title='bbox 2283 4288 2533 4347; x_wconf 86' lang='lat' dir='ltr'><strong>Christus</strong></span> <span class='ocrx_word' id='word_1_753' title='bbox 2549 4308 2654 4349; x_wconf 89' lang='lat' dir='ltr'><strong>non</strong></span> <span class='ocrx_word' id='word_1_754' title='bbox 2675 4304 2760 4351; x_wconf 89' lang='lat' dir='ltr'><strong>est</strong></span> <span class='ocrx_word' id='word_1_755' title='bbox 2778 4299 2882 4353; x_wconf 91' lang='lat' dir='ltr'><strong>duo</strong></span> <span class='ocrx_word' id='word_1_756' title='bbox 2903 4312 3021 4369; x_wconf 91' lang='lat' dir='ltr'><strong>post</strong></span> <span class='ocrx_word' id='word_1_757' title='bbox 3038 4307 3494 4376; x_wconf 87' lang='lat' dir='ltr'><strong>eonjunctionem.</strong></span> 
     </span>
    </p>
   </div>
   <div class='ocr_carea' id='block_1_96' title="bbox 1918 4387 3499 4477">
    <p class='ocr_par' dir='ltr' id='par_1_96' title="bbox 1918 4387 3499 4477">
     <span class='ocr_line' id='line_1_96' title="bbox 1918 4387 3499 4477; baseline 0.018 -37"><span class='ocrx_word' id='word_1_758' title='bbox 1918 4387 2070 4453; x_wconf 83' lang='lat' dir='ltr'><strong>Quod</strong></span> <span class='ocrx_word' id='word_1_759' title='bbox 2104 4387 2150 4441; x_wconf 91' lang='lat' dir='ltr'><strong>si</strong></span> <span class='ocrx_word' id='word_1_760' title='bbox 2191 4402 2297 4441; x_wconf 91' lang='lat' dir='ltr'><strong>non</strong></span> <span class='ocrx_word' id='word_1_761' title='bbox 2326 4390 2472 4444; x_wconf 90' lang='lat' dir='ltr'><strong>omni</strong></span> <span class='ocrx_word' id='word_1_762' title='bbox 2507 4393 2713 4449; x_wconf 89' lang='lat' dir='ltr'><strong>ratione</strong></span> <span class='ocrx_word' id='word_1_763' title='bbox 2743 4404 2797 4450; x_wconf 85' lang='lat' dir='ltr'><strong>et</strong></span> <span class='ocrx_word' id='word_1_764' title='bbox 2820 4398 2983 4455; x_wconf 89' lang='lat' dir='ltr'><strong>modo</strong></span> <span class='ocrx_word' id='word_1_765' title='bbox 3012 4412 3133 4469; x_wconf 85' lang='lat' dir='ltr'><strong>post</strong></span> <span class='ocrx_word' id='word_1_766' title='bbox 3157 4406 3499 4477; x_wconf 80' lang='lat' dir='ltr'><strong>conjunctio-</strong></span> 
     </span>
    </p>
   </div>
   <div class='ocr_carea' id='block_1_97' title="bbox 1921 4480 3499 4560">
    <p class='ocr_par' dir='ltr' id='par_1_97' title="bbox 1921 4480 3499 4560">
     <span class='ocr_line' id='line_1_97' title="bbox 1921 4480 3499 4560; baseline 0.018 -28"><span class='ocrx_word' id='word_1_767' title='bbox 1921 4494 2065 4543; x_wconf 89' lang='lat' dir='ltr'><strong>nem,</strong></span> <span class='ocrx_word' id='word_1_768' title='bbox 2100 4480 2344 4534; x_wconf 85' lang='lat' dir='ltr'><strong>Christus</strong></span> <span class='ocrx_word' id='word_1_769' title='bbox 2386 4491 2470 4535; x_wconf 88' lang='lat' dir='ltr'><strong>est</strong></span> <span class='ocrx_word' id='word_1_770' title='bbox 2516 4483 2645 4553; x_wconf 88' lang='lat' dir='ltr'><strong>duo,</strong></span> <span class='ocrx_word' id='word_1_771' title='bbox 2698 4486 2879 4557; x_wconf 81' lang='lat' dir='ltr'><strong>aliqua</strong></span> <span class='ocrx_word' id='word_1_772' title='bbox 2933 4494 3157 4549; x_wconf 74' lang='lat' dir='ltr'><strong>omnino</strong></span> <span class='ocrx_word' id='word_1_773' title='bbox 3209 4504 3417 4558; x_wconf 84' lang='lat' dir='ltr'><strong>ratione</strong></span> <span class='ocrx_word' id='word_1_774' title='bbox 3444 4517 3499 4560; x_wconf 79' lang='lat' dir='ltr'><strong>et</strong></span> 
     </span>
    </p>
   </div>
   <div class='ocr_carea' id='block_1_98' title="bbox 1925 4571 3496 4664">
    <p class='ocr_par' dir='ltr' id='par_1_98' title="bbox 1925 4571 3496 4664">
     <span class='ocr_line' id='line_1_98' title="bbox 1925 4571 3496 4664; baseline 0.017 -40"><span class='ocrx_word' id='word_1_775' title='bbox 1925 4571 2102 4633; x_wconf 85' lang='lat' dir='ltr'><strong>modo.</strong></span> <span class='ocrx_word' id='word_1_776' title='bbox 2140 4585 2331 4639; x_wconf 89' lang='lat' dir='ltr'><strong>nempe</strong></span> <span class='ocrx_word' id='word_1_777' title='bbox 2358 4586 2453 4641; x_wconf 87' lang='lat' dir='ltr'><strong>per</strong></span> <span class='ocrx_word' id='word_1_778' title='bbox 2476 4589 2640 4630; x_wconf 89' lang='lat' dir='ltr'><strong>unam</strong></span> <span class='ocrx_word' id='word_1_779' title='bbox 2684 4582 3041 4653; x_wconf 85' lang='lat' dir='ltr'><strong>eamdemque</strong></span> <span class='ocrx_word' id='word_1_780' title='bbox 3071 4600 3377 4659; x_wconf 88' lang='lat' dir='ltr'><strong>personam,</strong></span> <span class='ocrx_word' id='word_1_781' title='bbox 3399 4609 3496 4664; x_wconf 89' lang='lat' dir='ltr'><strong>per</strong></span> 
     </span>
    </p>
   </div>
   <div class='ocr_carea' id='block_1_99' title="bbox 1914 4663 3496 4743">
    <p class='ocr_par' dir='ltr' id='par_1_99' title="bbox 1914 4663 3496 4743">
     <span class='ocr_line' id='line_1_99' title="bbox 1914 4663 3496 4743; baseline 0.017 -29"><span class='ocrx_word' id='word_1_782' title='bbox 1914 4679 2073 4733; x_wconf 87' lang='lat' dir='ltr'><strong>quam</strong></span> <span class='ocrx_word' id='word_1_783' title='bbox 2099 4664 2298 4717; x_wconf 76' lang='lat' dir='ltr'><strong>habere</strong></span> <span class='ocrx_word' id='word_1_784' title='bbox 2343 4663 2707 4723; x_wconf 79' lang='lat' dir='ltr'><strong>diii‘erentiam</strong></span> <span class='ocrx_word' id='word_1_785' title='bbox 2757 4685 2865 4726; x_wconf 91' lang='lat' dir='ltr'><strong>non</strong></span> <span class='ocrx_word' id='word_1_786' title='bbox 2915 4685 3110 4742; x_wconf 86' lang='lat' dir='ltr'><strong>potest,</strong></span> <span class='ocrx_word' id='word_1_787' title='bbox 3135 4679 3383 4739; x_wconf 88' lang='lat' dir='ltr'><strong>Christus</strong></span> <span class='ocrx_word' id='word_1_788' title='bbox 3401 4663 3496 4743; x_wconf 83' lang='lat' dir='ltr'><strong>est</strong></span> 
     </span>
    </p>
   </div>
   <div class='ocr_carea' id='block_1_100' title="bbox 1916 4753 3493 4833">
    <p class='ocr_par' dir='ltr' id='par_1_100' title="bbox 1916 4753 3493 4833">
     <span class='ocr_line' id='line_1_100' title="bbox 1916 4753 3493 4833; baseline 0.016 -25"><span class='ocrx_word' id='word_1_789' title='bbox 1916 4769 2104 4809; x_wconf 90' lang='lat' dir='ltr'><strong>unum.</strong></span> <span class='ocrx_word' id='word_1_790' title='bbox 2147 4753 2509 4820; x_wconf 86' lang='lat' dir='ltr'><strong>Quamobrem</strong></span> <span class='ocrx_word' id='word_1_791' title='bbox 2552 4771 2674 4812; x_wconf 90' lang='lat' dir='ltr'><strong>cum</strong></span> <span class='ocrx_word' id='word_1_792' title='bbox 2708 4760 2813 4816; x_wconf 89' lang='lat' dir='ltr'><strong>alia</strong></span> <span class='ocrx_word' id='word_1_793' title='bbox 2854 4773 3018 4833; x_wconf 88' lang='lat' dir='ltr'><strong>atque</strong></span> <span class='ocrx_word' id='word_1_794' title='bbox 3060 4769 3164 4824; x_wconf 86' lang='lat' dir='ltr'><strong>alia</strong></span> <span class='ocrx_word' id='word_1_795' title='bbox 3210 4775 3417 4831; x_wconf 87' lang='lat' dir='ltr'><strong>ratione</strong></span> <span class='ocrx_word' id='word_1_796' title='bbox 3439 4790 3493 4832; x_wconf 90' lang='lat' dir='ltr'><strong>et</strong></span> 
     </span>
    </p>
   </div>
   <div class='ocr_carea' id='block_1_101' title="bbox 1915 4846 3490 4942">
    <p class='ocr_par' dir='ltr' id='par_1_101' title="bbox 1915 4846 3490 4942">
     <span class='ocr_line' id='line_1_101' title="bbox 1915 4846 3490 4942; baseline 0.02 -44"><span class='ocrx_word' id='word_1_797' title='bbox 1915 4846 2072 4899; x_wconf 77' lang='lat' dir='ltr'><strong>modo</strong></span> <span class='ocrx_word' id='word_1_798' title='bbox 2104 4862 2267 4901; x_wconf 84' lang='lat' dir='ltr'><strong>unum</strong></span> <span class='ocrx_word' id='word_1_799' title='bbox 2309 4856 2363 4903; x_wconf 89' lang='lat' dir='ltr'><strong>et</strong></span> <span class='ocrx_word' id='word_1_800' title='bbox 2396 4848 2502 4901; x_wconf 89' lang='lat' dir='ltr'><strong>duo</strong></span> <span class='ocrx_word' id='word_1_801' title='bbox 2534 4848 2671 4905; x_wconf 87' lang='lat' dir='ltr'><strong>idem</strong></span> <span class='ocrx_word' id='word_1_802' title='bbox 2701 4851 2790 4918; x_wconf 89' lang='lat' dir='ltr'><strong>sit,</strong></span> <span class='ocrx_word' id='word_1_803' title='bbox 2839 4863 3209 4917; x_wconf 83' lang='lat' dir='ltr'><strong>necessarium</strong></span> <span class='ocrx_word' id='word_1_804' title='bbox 3255 4876 3359 4936; x_wconf 87' lang='lat' dir='ltr'><strong>est,</strong></span> <span class='ocrx_word' id='word_1_805' title='bbox 3385 4887 3490 4942; x_wconf 88' lang='lat' dir='ltr'><strong>qua</strong></span> 
     </span>
    </p>
   </div>
   <div class='ocr_carea' id='block_1_102' title="bbox 1913 4935 3381 5015">
    <p class='ocr_par' dir='ltr' id='par_1_102' title="bbox 1913 4935 3381 5015">
     <span class='ocr_line' id='line_1_102' title="bbox 1913 4935 3381 5015; baseline 0.018 -26"><span class='ocrx_word' id='word_1_806' title='bbox 1913 4935 2120 4992; x_wconf 81' lang='lat' dir='ltr'><strong>ratione</strong></span> <span class='ocrx_word' id='word_1_807' title='bbox 2144 4953 2334 5004; x_wconf 84' lang='lat' dir='ltr'><strong>unum,</strong></span> <span class='ocrx_word' id='word_1_808' title='bbox 2368 4948 2419 4993; x_wconf 85' lang='lat' dir='ltr'><strong>et</strong></span> <span class='ocrx_word' id='word_1_809' title='bbox 2450 4955 2553 5008; x_wconf 86' lang='lat' dir='ltr'><strong>qua</strong></span> <span class='ocrx_word' id='word_1_810' title='bbox 2587 4944 2693 4997; x_wconf 86' lang='lat' dir='ltr'><strong>duo</strong></span> <span class='ocrx_word' id='word_1_811' title='bbox 2717 4943 2854 4999; x_wconf 85' lang='lat' dir='ltr'><strong>idem</strong></span> <span class='ocrx_word' id='word_1_812' title='bbox 2890 4949 2983 5013; x_wconf 82' lang='lat' dir='ltr'><strong>sit,</strong></span> <span class='ocrx_word' id='word_1_813' title='bbox 3015 4935 3381 5015; x_wconf 82' lang='lat' dir='ltr'><strong>considerare.</strong></span> 
     </span>
    </p>
   </div>
   <div class='ocr_carea' id='block_1_103' title="bbox 3122 5071 3488 5139">
    <p class='ocr_par' dir='ltr' id='par_1_103' title="bbox 3122 5071 3488 5139">
     <span class='ocr_line' id='line_1_103' title="bbox 3122 5071 3488 5139; baseline 0.019 -19"><span class='ocrx_word' id='word_1_814' title='bbox 3122 5105 3137 5130; x_wconf 89' lang='lat'><strong>,</strong></span> <span class='ocrx_word' id='word_1_815' title='bbox 3190 5071 3488 5139; x_wconf 77' lang='grc' dir='ltr'>ἀναγκαῖον</span> 
     </span>
    </p>
   </div>
   <div class='ocr_carea' id='block_1_104' title="bbox 244 5135 2295 5208">
    <p class='ocr_par' dir='ltr' id='par_1_104' title="bbox 244 5135 2295 5208">
     <span class='ocr_line' id='line_1_104' title="bbox 244 5135 2295 5208; baseline 0.003 -22"><span class='ocrx_word' id='word_1_816' title='bbox 244 5135 524 5203; x_wconf 84' lang='grc' dir='ltr'>σκοπῆσαι</span> <span class='ocrx_word' id='word_1_817' title='bbox 574 5136 715 5187; x_wconf 82' lang='grc' dir='ltr'>κατὰ</span> <span class='ocrx_word' id='word_1_818' title='bbox 763 5140 936 5202; x_wconf 88' lang='grc' dir='ltr'>ποῖον,</span> <span class='ocrx_word' id='word_1_819' title='bbox 989 5139 1086 5192; x_wconf 80' lang='grc' dir='ltr'>καὶ</span> <span class='ocrx_word' id='word_1_820' title='bbox 1119 5142 1269 5193; x_wconf 87' lang='grc' dir='ltr'>ποῖον</span> <span class='ocrx_word' id='word_1_821' title='bbox 1304 5140 1464 5208; x_wconf 81' lang='grc' dir='ltr'>λόγον</span> <span class='ocrx_word' id='word_1_822' title='bbox 1498 5141 1559 5193; x_wconf 75' lang='grc' dir='ltr'>ἓν</span> <span class='ocrx_word' id='word_1_823' title='bbox 1592 5142 1742 5192; x_wconf 81' lang='grc' dir='ltr'>ἐστιν</span> <span class='ocrx_word' id='word_1_824' title='bbox 1786 5140 1815 5191; x_wconf 86' lang='grc' dir='ltr'><strong>ό</strong></span> <span class='ocrx_word' id='word_1_825' title='bbox 1843 5138 2022 5200; x_wconf 76' lang='grc' dir='ltr'>αὐτὸς,</span> <span class='ocrx_word' id='word_1_826' title='bbox 2059 5141 2151 5191; x_wconf 85' lang='grc' dir='ltr'>καὶ</span> <span class='ocrx_word' id='word_1_827' title='bbox 2181 5139 2295 5194; x_wconf 66' lang='grc' dir='ltr'><strong>δύο.</strong></span> 
     </span>
    </p>
   </div>
   <div class='ocr_carea' id='block_1_105' title="bbox 244 5247 1814 5323">
    <p class='ocr_par' dir='ltr' id='par_1_105' title="bbox 244 5247 1814 5323">
     <span class='ocr_line' id='line_1_105' title="bbox 244 5247 1814 5323; baseline 0.004 -22"><span class='ocrx_word' id='word_1_828' title='bbox 244 5247 358 5302; x_wconf 82' lang='grc' dir='ltr'>Τοῦ</span> <span class='ocrx_word' id='word_1_829' title='bbox 409 5247 596 5302; x_wconf 86' lang='grc' dir='ltr'>αὐτοῦ</span> <span class='ocrx_word' id='word_1_830' title='bbox 631 5249 699 5301; x_wconf 81' lang='grc' dir='ltr'>ἐκ</span> <span class='ocrx_word' id='word_1_831' title='bbox 733 5248 843 5317; x_wconf 84' lang='grc' dir='ltr'>τῆς</span> <span class='ocrx_word' id='word_1_832' title='bbox 890 5254 1038 5319; x_wconf 77' lang='grc' dir='ltr'>πρὸς</span> <span class='ocrx_word' id='word_1_833' title='bbox 1062 5253 1412 5309; x_wconf 77' lang='grc' dir='ltr'>Θα.2ἁσσιον</span> <span class='ocrx_word' id='word_1_834' title='bbox 1444 5255 1537 5320; x_wconf 68' lang='lat' dir='ltr'><strong>Eﬂ&#39;</strong></span> <span class='ocrx_word' id='word_1_835' title='bbox 1563 5255 1814 5323; x_wconf 83' lang='grc' dir='ltr'>ἀποκρί-</span> 
     </span>
    </p>
   </div>
   <div class='ocr_carea' id='block_1_106' title="bbox 946 5338 1118 5390">
    <p class='ocr_par' dir='ltr' id='par_1_106' title="bbox 946 5338 1118 5390">
     <span class='ocr_line' id='line_1_106' title="bbox 946 5338 1118 5390; baseline 0.029 -17"><span class='ocrx_word' id='word_1_836' title='bbox 946 5338 1118 5390; x_wconf 82' lang='grc' dir='ltr'>σεως.</span> 
     </span>
    </p>
   </div>
   <div class='ocr_carea' id='block_1_107' title="bbox 325 5411 1813 5490">
    <p class='ocr_par' dir='ltr' id='par_1_107' title="bbox 325 5411 1813 5490">
     <span class='ocr_line' id='line_1_107' title="bbox 325 5411 1813 5490; baseline 0.005 -25"><span class='ocrx_word' id='word_1_837' title='bbox 325 5411 385 5465; x_wconf 87' lang='lat'><strong>&#39;0</strong></span> <span class='ocrx_word' id='word_1_838' title='bbox 414 5412 618 5483; x_wconf 78' lang='grc' dir='ltr'>Κύριος</span> <span class='ocrx_word' id='word_1_839' title='bbox 650 5414 809 5483; x_wconf 83' lang='grc' dir='ltr'>ἡμῶν</span> <span class='ocrx_word' id='word_1_840' title='bbox 841 5415 1043 5486; x_wconf 78' lang='grc' dir='ltr'>Ἰησοῦς</span> <span class='ocrx_word' id='word_1_841' title='bbox 1083 5418 1336 5487; x_wconf 81' lang='grc' dir='ltr'>Χριστὸς,</span> <span class='ocrx_word' id='word_1_842' title='bbox 1368 5421 1397 5472; x_wconf 88' lang='grc' dir='ltr'><strong>ό</strong></span> <span class='ocrx_word' id='word_1_843' title='bbox 1417 5418 1513 5477; x_wconf 82' lang='grc' dir='ltr'><strong>τοῦ</strong></span> <span class='ocrx_word' id='word_1_844' title='bbox 1538 5419 1673 5473; x_wconf 85' lang='grc' dir='ltr'>Θεοῦ</span> <span class='ocrx_word' id='word_1_845' title='bbox 1707 5437 1813 5490; x_wconf 90' lang='grc' dir='ltr'><strong>μο-</strong></span> 
     </span>
    </p>
   </div>
   <div class='ocr_carea' id='block_1_108' title="bbox 2022 5252 3379 5381">
    <p class='ocr_par' dir='ltr' id='par_1_108' title="bbox 2022 5252 3379 5381">
     <span class='ocr_line' id='line_1_108' title="bbox 2022 5252 3379 5381; baseline 0.018 -76"><span class='ocrx_word' id='word_1_846' title='bbox 2022 5252 2270 5321; x_wconf 78' lang='lat' dir='ltr'><strong>Ejusdem</strong></span> <span class='ocrx_word' id='word_1_847' title='bbox 2285 5268 2349 5305; x_wconf 76' lang='lat' dir='ltr'><strong>ea:</strong></span> <span class='ocrx_word' id='word_1_848' title='bbox 2364 5258 2690 5381; x_wconf 50' lang='grc' dir='ltr'>τεεροζῗέοῗε</span> <span class='ocrx_word' id='word_1_849' title='bbox 2714 5266 3033 5343; x_wconf 63' lang='lat' dir='ltr'><strong>sexagesima</strong></span> <span class='ocrx_word' id='word_1_850' title='bbox 3061 5274 3285 5327; x_wconf 81' lang='lat' dir='ltr'><strong>secunda</strong></span> <span class='ocrx_word' id='word_1_851' title='bbox 3311 5280 3379 5330; x_wconf 82' lang='lat' dir='ltr'><strong>ad</strong></span> 
     </span>
     <span class='ocr_line' id='line_1_109' title="bbox 2601 5346 2876 5381; baseline 0 0"><span class='ocrx_word' id='word_1_852' title='bbox 2601 5346 2633 5381; x_wconf 91' lang='lat' dir='ltr'><strong>a</strong></span> <span class='ocrx_word' id='word_1_853' title='bbox 2655 5347 2876 5381; x_wconf 75' lang='lat' dir='ltr'><strong>autum-</strong></span> 
     </span>
    </p>
   </div>
   <div class='ocr_carea' id='block_1_109' title="bbox 2601 5346 2876 5389">
    <p class='ocr_par' dir='ltr' id='par_1_109' title="bbox 2601 5346 2876 5389">
     <span class='ocr_line' id='line_1_110' title="bbox 2601 5346 2876 5389; baseline 0.018 -9"><span class='ocrx_word' id='word_1_854' title='bbox 2601 5346 2876 5389; x_wconf 76' lang='lat' dir='ltr'><strong>atautum.</strong></span> 
     </span>
    </p>
   </div>
   <div class='ocr_carea' id='block_1_110' title="bbox 1985 5415 3484 5505">
    <p class='ocr_par' dir='ltr' id='par_1_110' title="bbox 1985 5415 3484 5505">
     <span class='ocr_line' id='line_1_111' title="bbox 1985 5415 3484 5505; baseline 0.019 -37"><span class='ocrx_word' id='word_1_855' title='bbox 1985 5415 2245 5470; x_wconf 86' lang='lat' dir='ltr'><strong>Dominus</strong></span> <span class='ocrx_word' id='word_1_856' title='bbox 2297 5428 2481 5473; x_wconf 89' lang='lat' dir='ltr'><strong>noster</strong></span> <span class='ocrx_word' id='word_1_857' title='bbox 2532 5418 2689 5477; x_wconf 85' lang='lat' dir='ltr'><strong>Jesus</strong></span> <span class='ocrx_word' id='word_1_858' title='bbox 2745 5422 2995 5483; x_wconf 89' lang='lat' dir='ltr'><strong>Christus</strong></span> <span class='ocrx_word' id='word_1_859' title='bbox 3048 5434 3360 5505; x_wconf 78' lang='lat' dir='ltr'><strong>unigenitus</strong></span> <span class='ocrx_word' id='word_1_860' title='bbox 3393 5444 3484 5497; x_wconf 82' lang='lat' dir='ltr'><strong>Dei</strong></span> 
     </span>
    </p>
   </div>
   <div class='ocr_carea' id='block_1_111' title="bbox 236 5504 1813 5600">
    <p class='ocr_par' dir='ltr' id='par_1_111' title="bbox 236 5507 1813 5585">
     <span class='ocr_line' id='line_1_112' title="bbox 236 5507 1813 5585; baseline 0.004 -22"><span class='ocrx_word' id='word_1_861' title='bbox 236 5509 467 5577; x_wconf 63' lang='grc' dir='ltr'>νοτενὴς</span> <span class='ocrx_word' id='word_1_862' title='bbox 486 5507 612 5571; x_wconf 73' lang='grc' dir='ltr'><strong>Υἱὸς</strong></span> <span class='ocrx_word' id='word_1_863' title='bbox 643 5512 732 5558; x_wconf 54' lang='grc' dir='ltr'>καὶ</span> <span class='ocrx_word' id='word_1_864' title='bbox 756 5510 948 5579; x_wconf 82' lang='grc' dir='ltr'>Λόγος,</span> <span class='ocrx_word' id='word_1_865' title='bbox 978 5515 1006 5564; x_wconf 88' lang='grc' dir='ltr'><strong>ό</strong></span> <span class='ocrx_word' id='word_1_866' title='bbox 1036 5511 1105 5565; x_wconf 76' lang='grc' dir='ltr'><strong>δι’</strong></span> <span class='ocrx_word' id='word_1_867' title='bbox 1129 5513 1322 5567; x_wconf 79' lang='grc' dir='ltr'>ἑαυτὸν</span> <span class='ocrx_word' id='word_1_868' title='bbox 1357 5515 1456 5584; x_wconf 74' lang='grc' dir='ltr'><strong>μὲν</strong></span> <span class='ocrx_word' id='word_1_869' title='bbox 1488 5516 1629 5569; x_wconf 85' lang='grc' dir='ltr'><strong>κατά</strong></span> <span class='ocrx_word' id='word_1_870' title='bbox 1652 5515 1813 5585; x_wconf 84' lang='grc' dir='ltr'>φύσιν</span> 
     </span>
    </p>
   </div>
   <div class='ocr_carea' id='block_1_112' title="bbox 1919 5504 3482 5600">
    <p class='ocr_par' dir='ltr' id='par_1_112' title="bbox 1919 5504 3482 5600">
     <span class='ocr_line' id='line_1_113' title="bbox 1919 5504 3482 5600; baseline 0.019 -42"><span class='ocrx_word' id='word_1_871' title='bbox 1919 5504 2078 5561; x_wconf 84' lang='lat' dir='ltr'><strong>Filius</strong></span> <span class='ocrx_word' id='word_1_872' title='bbox 2105 5517 2161 5562; x_wconf 92' lang='lat' dir='ltr'><strong>et</strong></span> <span class='ocrx_word' id='word_1_873' title='bbox 2185 5505 2442 5574; x_wconf 82' lang='lat' dir='ltr'><strong>Verbum,</strong></span> <span class='ocrx_word' id='word_1_874' title='bbox 2467 5511 2558 5579; x_wconf 91' lang='lat' dir='ltr'><strong>qui</strong></span> <span class='ocrx_word' id='word_1_875' title='bbox 2589 5526 2686 5582; x_wconf 90' lang='lat' dir='ltr'><strong>per</strong></span> <span class='ocrx_word' id='word_1_876' title='bbox 2706 5516 2959 5586; x_wconf 86' lang='lat' dir='ltr'><strong>seipsum</strong></span> <span class='ocrx_word' id='word_1_877' title='bbox 3009 5504 3201 5580; x_wconf 72' lang='lat' dir='ltr'><strong>natura</strong></span> <span class='ocrx_word' id='word_1_878' title='bbox 3257 5530 3482 5600; x_wconf 78' lang='lat' dir='ltr'><strong>simplex</strong></span> 
     </span>
    </p>
   </div>
   <div class='ocr_carea' id='block_1_113' title="bbox 236 5600 1814 5680">
    <p class='ocr_par' dir='ltr' id='par_1_113' title="bbox 236 5600 1814 5680">
     <span class='ocr_line' id='line_1_114' title="bbox 236 5600 1814 5680; baseline 0.004 -24"><span class='ocrx_word' id='word_1_879' title='bbox 236 5600 450 5663; x_wconf 73' lang='grc' dir='ltr'>ἁπλοῦς</span> <span class='ocrx_word' id='word_1_880' title='bbox 476 5600 570 5667; x_wconf 81' lang='grc' dir='ltr'>ὢν,</span> <span class='ocrx_word' id='word_1_881' title='bbox 602 5603 696 5656; x_wconf 71' lang='grc' dir='ltr'>καὶ</span> <span class='ocrx_word' id='word_1_882' title='bbox 736 5604 821 5658; x_wconf 74' lang='grc' dir='ltr'>ἀεὶ</span> <span class='ocrx_word' id='word_1_883' title='bbox 850 5604 1139 5675; x_wconf 79' lang='grc' dir='ltr'>διαμένων,</span> <span class='ocrx_word' id='word_1_884' title='bbox 1168 5607 1239 5660; x_wconf 87' lang='grc' dir='ltr'>δι’</span> <span class='ocrx_word' id='word_1_885' title='bbox 1266 5609 1365 5677; x_wconf 80' lang='grc' dir='ltr'><strong>ἐμὲ</strong></span> <span class='ocrx_word' id='word_1_886' title='bbox 1394 5610 1450 5663; x_wconf 83' lang='grc' dir='ltr'><strong>δὲ</strong></span> <span class='ocrx_word' id='word_1_887' title='bbox 1481 5612 1620 5664; x_wconf 85' lang='grc' dir='ltr'><strong>κατά</strong></span> <span class='ocrx_word' id='word_1_888' title='bbox 1644 5611 1814 5680; x_wconf 84' lang='grc' dir='ltr'>πρόσ-</span> 
     </span>
    </p>
   </div>
   <div class='ocr_carea' id='block_1_114' title="bbox 234 5694 1806 5772">
    <p class='ocr_par' dir='ltr' id='par_1_114' title="bbox 234 5694 1806 5772">
     <span class='ocr_line' id='line_1_115' title="bbox 234 5694 1806 5772; baseline 0.006 -26"><span class='ocrx_word' id='word_1_889' title='bbox 234 5696 404 5765; x_wconf 76' lang='grc' dir='ltr'>ληψιν</span> <span class='ocrx_word' id='word_1_890' title='bbox 433 5694 630 5765; x_wconf 77' lang='grc' dir='ltr'>σαρκὸς</span> <span class='ocrx_word' id='word_1_891' title='bbox 661 5697 861 5765; x_wconf 83' lang='grc' dir='ltr'>νοερῶς</span> <span class='ocrx_word' id='word_1_892' title='bbox 889 5700 1330 5772; x_wconf 74' lang='grc' dir='ltr'>ἑνεψυχωμένης,</span> <span class='ocrx_word' id='word_1_893' title='bbox 1361 5703 1437 5766; x_wconf 84' lang='grc' dir='ltr'>ὡς</span> <span class='ocrx_word' id='word_1_894' title='bbox 1455 5701 1595 5756; x_wconf 75' lang='grc' dir='ltr'>οἶδεν</span> <span class='ocrx_word' id='word_1_895' title='bbox 1621 5704 1806 5770; x_wconf 81' lang='grc' dir='ltr'>αὐτὸς,</span> 
     </span>
    </p>
   </div>
   <div class='ocr_carea' id='block_1_115' title="bbox 234 5784 1806 5867">
    <p class='ocr_par' dir='ltr' id='par_1_115' title="bbox 234 5784 1806 5867">
     <span class='ocr_line' id='line_1_116' title="bbox 234 5784 1806 5867; baseline 0.008 -29"><span class='ocrx_word' id='word_1_896' title='bbox 234 5788 535 5856; x_wconf 75' lang='grc' dir='ltr'>γενόμενος</span> <span class='ocrx_word' id='word_1_897' title='bbox 584 5784 709 5839; x_wconf 81' lang='grc' dir='ltr'>καθ’</span> <span class='ocrx_word' id='word_1_898' title='bbox 738 5788 1034 5844; x_wconf 80' lang='grc' dir='ltr'>ὑπόστασιν</span> <span class='ocrx_word' id='word_1_899' title='bbox 1093 5792 1366 5858; x_wconf 82' lang='grc' dir='ltr'>σύνθετος,</span> <span class='ocrx_word' id='word_1_900' title='bbox 1400 5793 1523 5848; x_wconf 77' lang='grc' dir='ltr'>οὔτε</span> <span class='ocrx_word' id='word_1_901' title='bbox 1582 5800 1647 5867; x_wconf 77' lang='grc' dir='ltr'>τῇ</span> <span class='ocrx_word' id='word_1_902' title='bbox 1684 5797 1806 5851; x_wconf 81' lang='grc' dir='ltr'>κατ’</span> 
     </span>
    </p>
   </div>
   <div class='ocr_carea' id='block_1_116' title="bbox 233 5878 1796 5961">
    <p class='ocr_par' dir='ltr' id='par_1_116' title="bbox 233 5878 1796 5961">
     <span class='ocr_line' id='line_1_117' title="bbox 233 5878 1796 5961; baseline 0.007 -29"><span class='ocrx_word' id='word_1_903' title='bbox 233 5882 409 5952; x_wconf 77' lang='grc' dir='ltr'>ἀκρον</span> <span class='ocrx_word' id='word_1_904' title='bbox 464 5878 598 5945; x_wconf 86' lang='grc' dir='ltr'>πρὸς</span> <span class='ocrx_word' id='word_1_905' title='bbox 628 5879 725 5949; x_wconf 78' lang='grc' dir='ltr'><strong>τὴν</strong></span> <span class='ocrx_word' id='word_1_906' title='bbox 755 5882 931 5951; x_wconf 76' lang='grc' dir='ltr'>σάρκα</span> <span class='ocrx_word' id='word_1_907' title='bbox 970 5884 1089 5935; x_wconf 77' lang='grc' dir='ltr'>καθ’</span> <span class='ocrx_word' id='word_1_908' title='bbox 1135 5884 1433 5941; x_wconf 75' lang='grc' dir='ltr'>ὑπόστασιν</span> <span class='ocrx_word' id='word_1_909' title='bbox 1462 5886 1650 5943; x_wconf 79' lang='grc' dir='ltr'>ἐνώσει</span> <span class='ocrx_word' id='word_1_910' title='bbox 1696 5890 1796 5961; x_wconf 84' lang='grc' dir='ltr'>τὴν</span> 
     </span>
    </p>
   </div>
   <div class='ocr_carea' id='block_1_117' title="bbox 484 5974 1209 6043">
    <p class='ocr_par' dir='ltr' id='par_1_117' title="bbox 484 5974 1209 6043">
     <span class='ocr_line' id='line_1_118' title="bbox 484 5974 1209 6043; baseline 0.012 -9"><span class='ocrx_word' id='word_1_911' title='bbox 484 5974 729 6036; x_wconf 79' lang='grc' dir='ltr'>ΡΑτῐιοι.</span> <span class='ocrx_word' id='word_1_912' title='bbox 794 5979 907 6039; x_wconf 77' lang='lat' dir='ltr'><strong>(in.</strong></span> <span class='ocrx_word' id='word_1_913' title='bbox 955 5981 1055 6043; x_wconf 71' lang='lat' dir='ltr'><strong>CX</strong></span> <span class='ocrx_word' id='word_1_914' title='bbox 1074 5983 1209 6043; x_wconf 74' lang='grc' dir='ltr'><strong>ΧΧ.</strong></span> 
     </span>
    </p>
   </div>
   <div class='ocr_carea' id='block_1_118' title="bbox 1912 5608 3479 5679">
    <p class='ocr_par' dir='ltr' id='par_1_118' title="bbox 1912 5608 3479 5679">
     <span class='ocr_line' id='line_1_119' title="bbox 1912 5608 3479 5679; baseline 0.017 -27"><span class='ocrx_word' id='word_1_915' title='bbox 1912 5610 2014 5661; x_wconf 80' lang='lat' dir='ltr'><strong>e5t,</strong></span> <span class='ocrx_word' id='word_1_916' title='bbox 2046 5608 2099 5652; x_wconf 92' lang='lat' dir='ltr'><strong>et</strong></span> <span class='ocrx_word' id='word_1_917' title='bbox 2128 5613 2344 5669; x_wconf 88' lang='lat' dir='ltr'><strong>semper</strong></span> <span class='ocrx_word' id='word_1_918' title='bbox 2361 5614 2666 5671; x_wconf 88' lang='lat' dir='ltr'><strong>permanet,</strong></span> <span class='ocrx_word' id='word_1_919' title='bbox 2699 5618 2917 5678; x_wconf 87' lang='lat' dir='ltr'><strong>propter</strong></span> <span class='ocrx_word' id='word_1_920' title='bbox 2944 5627 3028 5666; x_wconf 88' lang='lat' dir='ltr'><strong>me</strong></span> <span class='ocrx_word' id='word_1_921' title='bbox 3053 5625 3231 5673; x_wconf 86' lang='lat' dir='ltr'><strong>autem</strong></span> <span class='ocrx_word' id='word_1_922' title='bbox 3259 5635 3479 5679; x_wconf 86' lang='lat' dir='ltr'><strong>carnem</strong></span> 
     </span>
    </p>
   </div>
   <div class='ocr_carea' id='block_1_119' title="bbox 1917 5691 3482 5772">
    <p class='ocr_par' dir='ltr' id='par_1_119' title="bbox 1917 5691 3482 5772">
     <span class='ocr_line' id='line_1_120' title="bbox 1917 5691 3482 5772; baseline 0.019 -31"><span class='ocrx_word' id='word_1_923' title='bbox 1917 5704 2200 5745; x_wconf 90' lang='lat' dir='ltr'><strong>assumens</strong></span> <span class='ocrx_word' id='word_1_924' title='bbox 2217 5691 2396 5745; x_wconf 85' lang='lat' dir='ltr'><strong>anima</strong></span> <span class='ocrx_word' id='word_1_925' title='bbox 2427 5694 2747 5767; x_wconf 87' lang='lat' dir='ltr'><strong>rationeque</strong></span> <span class='ocrx_word' id='word_1_926' title='bbox 2761 5703 3061 5772; x_wconf 64' lang='lat' dir='ltr'><strong>praeditam,</strong></span> <span class='ocrx_word' id='word_1_927' title='bbox 3099 5706 3271 5766; x_wconf 76' lang='lat' dir='ltr'><strong>factus</strong></span> <span class='ocrx_word' id='word_1_928' title='bbox 3296 5729 3360 5769; x_wconf 90' lang='lat' dir='ltr'><strong>ea</strong></span> <span class='ocrx_word' id='word_1_929' title='bbox 3393 5732 3482 5770; x_wconf 80' lang='lat' dir='ltr'><strong>ra-</strong></span> 
     </span>
    </p>
   </div>
   <div class='ocr_carea' id='block_1_120' title="bbox 1917 5781 3488 5878">
    <p class='ocr_par' dir='ltr' id='par_1_120' title="bbox 1917 5781 3488 5878">
     <span class='ocr_line' id='line_1_121' title="bbox 1917 5781 3488 5878; baseline 0.02 -43"><span class='ocrx_word' id='word_1_930' title='bbox 1917 5781 2084 5846; x_wconf 87' lang='lat' dir='ltr'><strong>tione,</strong></span> <span class='ocrx_word' id='word_1_931' title='bbox 2102 5798 2263 5851; x_wconf 87' lang='lat' dir='ltr'><strong>quam</strong></span> <span class='ocrx_word' id='word_1_932' title='bbox 2291 5786 2404 5853; x_wconf 85' lang='lat' dir='ltr'><strong>ipse</strong></span> <span class='ocrx_word' id='word_1_933' title='bbox 2430 5789 2598 5854; x_wconf 79' lang='lat' dir='ltr'><strong>novit,</strong></span> <span class='ocrx_word' id='word_1_934' title='bbox 2617 5789 2671 5846; x_wconf 90' lang='lat' dir='ltr'><strong>in</strong></span> <span class='ocrx_word' id='word_1_935' title='bbox 2694 5805 2923 5862; x_wconf 86' lang='lat' dir='ltr'><strong>persona</strong></span> <span class='ocrx_word' id='word_1_936' title='bbox 2938 5804 3290 5871; x_wconf 85' lang='lat' dir='ltr'><strong>compositus,</strong></span> <span class='ocrx_word' id='word_1_937' title='bbox 3313 5823 3488 5878; x_wconf 74' lang='lat' dir='ltr'><strong>moue</strong></span> 
     </span>
    </p>
   </div>
   <div class='ocr_carea' id='block_1_121' title="bbox 1918 5880 3487 5964">
    <p class='ocr_par' dir='ltr' id='par_1_121' title="bbox 1918 5880 3487 5964">
     <span class='ocr_line' id='line_1_122' title="bbox 1918 5880 3487 5964; baseline 0.02 -36"><span class='ocrx_word' id='word_1_938' title='bbox 1918 5889 2126 5929; x_wconf 82' lang='lat' dir='ltr'><strong>summa</strong></span> <span class='ocrx_word' id='word_1_939' title='bbox 2146 5891 2268 5931; x_wconf 91' lang='lat' dir='ltr'><strong>cum</strong></span> <span class='ocrx_word' id='word_1_940' title='bbox 2291 5890 2458 5934; x_wconf 81' lang='lat' dir='ltr'><strong>carne</strong></span> <span class='ocrx_word' id='word_1_941' title='bbox 2479 5880 2530 5934; x_wconf 93' lang='lat' dir='ltr'><strong>in</strong></span> <span class='ocrx_word' id='word_1_942' title='bbox 2550 5897 2779 5953; x_wconf 86' lang='lat' dir='ltr'><strong>persona</strong></span> <span class='ocrx_word' id='word_1_943' title='bbox 2804 5893 3186 5964; x_wconf 82' lang='lat' dir='ltr'><strong>conjunctione</strong></span> <span class='ocrx_word' id='word_1_944' title='bbox 3211 5899 3487 5958; x_wconf 79' lang='lat' dir='ltr'><strong>confusio-</strong></span> 
     </span>
    </p>
   </div>
   <div class='ocr_carea' id='block_1_122' title="bbox 3052 6009 3127 6070">
    <p class='ocr_par' dir='ltr' id='par_1_122' title="bbox 3052 6009 3127 6070">
     <span class='ocr_line' id='line_1_123' title="bbox 3052 6009 3127 6070; baseline 0.027 -2"><span class='ocrx_word' id='word_1_945' title='bbox 3052 6009 3127 6070; x_wconf 88' lang='grc'><strong>33</strong></span> 
     </span>
    </p>
   </div>
  </div>
