3952 6566
432 400 572 470 ω39

1684 406 2070 468 EUTHYMII
2112 410 2474 475 ZlGABE‘NI

3568 416 3682 485 1040

425 524 857 592 circumscripta,
895 525 1144 593 quamvis
1178 525 1229 579 in
1264 523 1460 580 fabulis
1486 522 1831 581 decantatam
1867 524 1989 581 volu

2122 530 2339 583 σύνολον
2372 531 2531 599 φύσις
2583 532 2664 585 ἐνὶ
2699 532 2975 603 προσώπῳ
3026 532 3546 605 περιγεγραμμένη,
3594 535 3681 587 κᾶν

424 634 574 676 crem
596 618 686 675 isti
705 619 1010 692 phmnicem
1027 619 1093 675 ad
1106 628 1406 690 extremum
1426 628 1685 688 tanquam
1703 619 2009 688 exemplum

427 712 867 782 inexpugnabile,
891 726 1000 779 quo
1028 710 1291 765 innitatur
1324 710 1567 781 ipsorum
1589 709 1791 779 opinio,
1814 723 2009 779 propo-

425 816 578 865 nant.
601 804 737 860 Nam
760 804 805 862 si
837 805 1072 861 volucris
1099 816 1183 861 est
1215 804 1461 875 phoenix,
1487 814 1539 859 et
1564 803 1763 858 animal
1791 817 2013 873 prorsus

424 910 541 962 est;
575 899 619 952 si
655 897 880 962 animal,
924 898 1158 967 primum
1194 912 1300 952 non
1329 896 1475 952 omni
1530 896 1687 951 modo
1717 893 2010 964 singulare,

422 997 696 1055 quatenus
727 984 1053 1052 estanimal,
1086 1002 1192 1040 non
1223 985 1366 1041 enim
1392 984 1565 1041 solum
1600 982 1842 1049 animal;
1874 998 2011 1053 prat-

425 1086 593 1142 terca,
620 1075 666 1132 si
708 1076 930 1143 animal,
962 1087 1016 1132 et
1040 1093 1237 1148 corpus
1268 1078 1565 1134 animatum
1596 1091 1759 1133 sensu
1811 1074 2009 1145 przedi-

425 1179 560 1224 tum.
598 1168 753 1236 Quod
785 1170 829 1223 si
862 1184 1060 1239 corpus
1092 1171 1387 1225 animatmu
1424 1186 1487 1227 ac
1518 1183 1682 1226 sensu
1720 1170 2006 1239 praeditum

420 1272 501 1319 cst
529 1264 772 1333 phoenix,
796 1264 1001 1319 etortui
1019 1261 1258 1330 proiecto
1278 1273 1442 1332 atque
1490 1262 1732 1317 interitni
1750 1261 2005 1318 obnoxia.

420 1357 576 1423 Quod
609 1358 653 1414 si
684 1358 809 1412 talis
860 1366 963 1424 est,
1008 1372 1316 1426 queramus
1367 1374 1431 1413 ex
1493 1356 1833 1427 Sapientibus
1889 1353 2007 1409 istis

423 1466 604 1505 rerum
636 1450 1048 1519 spectatoribus,
1072 1465 1142 1503 an
1164 1450 1275 1506 lieri
1303 1451 1471 1518 possit
1493 1449 1704 1520 utquod
1731 1463 1795 1503 ex
1817 1461 2003 1502 eorum

420 1554 504 1596 est
553 1559 805 1608 numero,
856 1558 977 1612 qua:
1004 1536 1132 1599 sunt
1157 1545 1423 1623 animata
1457 1558 1728 1610 sensuque
1760 1540 2002 1609 praedita,

419 1641 669 1706 quodque
703 1644 877 1691 ortum
922 1648 1084 1705 atque
1136 1638 1416 1692 interitum
1475 1638 1659 1701 sentit,
1715 1634 2004 1705 singularis

419 1741 626 1786 natura:
666 1731 758 1794 sit,
796 1740 1055 1797 quantum
1121 1731 1357 1800 pertinet
1409 1731 1474 1785 ad
1526 1744 1834 1798 personam,
1879 1743 2000 1781 cum

420 1833 601 1878 mutua
626 1824 863 1893 ipsorum
890 1823 943 1877 in
960 1824 1141 1892 specie
1166 1826 1442 1880 successio
1464 1823 1743 1894 perspicua
1766 1815 2001 1877 sitexsi-

415 1918 593 1973 stendi
613 1929 759 1973 nota.
783 1917 864 1972 Ad
892 1920 1008 1972 hanc
1024 1918 1068 1972 si
1090 1927 1277 1971 natura
1307 1917 1597 1986 singularis
1630 1913 1998 1976 estChristns,

417 2026 515 2066 nec
535 2012 773 2081 ejusdem
825 2025 951 2066 cum
985 2012 1093 2067 Deo
1129 2020 1182 2066 et
1220 2011 1401 2076 l’atre,
1433 2025 1532 2065 nec
1580 2008 1830 2078 ejusdem
1875 2022 1998 2060 cum

416 2106 730 2161 hominibus
774 2118 859 2163 est
885 2106 1156 2163 essentiam.
1189 2105 1341 2172 Quod
1375 2106 1517 2158 enim
1551 2104 1771 2158 omnino
1797 2110 1879 2158 est
1908 2117 2003 2155 na-

415 2208 532 2252 tura
554 2199 849 2270 singulare,
872 2200 1107 2253 naturali
1132 2197 1455 2264 cognatione
1484 2194 1615 2249 nulli
1646 2195 1998 2265 coniunctum

411 2299 515 2344 est.
538 2290 689 2356 Quod
718 2291 763 2344 si
805 2291 872 2343 ab
892 2290 1167 2356 omnibus,
1194 2298 1252 2344 ut
1284 2303 1379 2343 eos
1400 2288 1604 2342 sentire
1627 2286 1996 2355 probavimus,

411 2388 603 2436 natura
627 2381 874 2439 diversus
896 2392 979 2438 est
1008 2382 1277 2445 Christus,
1303 2381 1482 2436 futiles
1507 2381 1656 2449 ipsos
1685 2381 1996 2450 Opinionum

411 2475 723 2530 inventores
750 2489 1023 2544 regamus,
1047 2484 1102 2529 ut
1124 2474 1282 2530 nobis
1303 2474 1503 2539 dicant,
1558 2472 1771 2541 qualum
1804 2484 1995 2527 natura

409 2565 711 2631 Christum,
753 2578 806 2621 et
840 2581 946 2637 qua
980 2568 1189 2621 ratione
1250 2578 1595 2621 venerentur.
1655 2564 1839 2633 itaque
1872 2580 1993 2619 cum

409 2678 665 2736 magnum
699 2675 860 2735 atque
881 2665 1211 2720 horrendum
1272 2663 1581 2718 necessario
1610 2661 1906 2729 periculurn
1928 2676 1992 2716 ex

408 2756 659 2822 rationis,
719 2773 837 2827 qua:
883 2757 1091 2812 reddita
1120 2766 1205 2811 est
1253 2757 1327 2823 vi,
1379 2765 1750 2825 consequatur
1785 2770 1877 2809 eos
1902 2754 1994 2824 qui

407 2852 688 2908 Christum
712 2862 909 2909 natura
934 2868 1119 2919 unum,
1154 2862 1246 2905 aut
1272 2859 1521 2904 naturam
1546 2863 1666 2904 esse
1687 2864 1847 2903 unam
1868 2862 1996 2903 con-

409 2945 657 3012 tendunt,
679 2945 794 3001 sive
828 2944 1082 3015 simplex,
1125 2943 1243 3000 sive
1286 2942 1613 3010 composita,
1662 2953 1834 3010 eaque
1875 2940 1994 2993 sive

404 3040 703 3109 generalis,
747 3050 845 3095 aut
894 3038 1220 3104 communis,
1276 3035 1714 3108 sivesingularis
1759 3037 1991 3103 dicatur,

406 3129 622 3185 animos
645 3138 862 3185 nostros
891 3130 1041 3185 omni
1078 3128 1324 3184 custodia
1345 3130 1411 3183 ab
1448 3127 1711 3199 ejusmodi
1738 3127 1993 3197 opinione

2030 1874 2078 1935 Β

2116 626 2163 679 εί
2198 625 2267 679 τὰ
2301 625 2541 693 μάλιστα
2575 626 2667 679 τὸν
2703 626 3077 696 μυθευόμενον
3111 625 3301 696 ὄρνιθα
3340 625 3433 679 τὸν
3488 626 3682 693 φοίνικα

2116 718 2368 787 καθάπερ
2392 735 2444 772 τι
2484 720 2578 773 καὶ
2619 720 2831 789 ἄμαχον
2864 718 3218 787 παράδειγμα
3246 721 3347 789 τῆς
3378 719 3588 772 ἑαυτῶν
3607 720 3682 771 δό-

2116 809 2212 879 ξης
2260 810 2589 864 συστατικδν
2647 812 2957 864 τελευταῖον
3012 809 3458 880 προϐάλλωνται.
3505 810 3685 878 Εἰγὰρ

2112 902 2257 973 ὅρνις
2288 903 2443 957 ἐστὶν
2473 905 2500 957 ὁ
2524 902 2720 972 φοῖνιξ,
2752 904 2847 958 καί
2875 902 3016 968 ζῶον
3064 905 3286 967 πάντως
3319 902 3495 956 ἐστίν.
3547 903 3607 954 El
3637 902 3683 956 δὲ

2112 996 2273 1061 ζῶον,
2295 995 2507 1067 πρῶτον
2539 997 2637 1067 μὲν
2659 997 2720 1051 ού
2754 998 2932 1068 πάντη
2960 997 3248 1067 μοναδικὸν
3276 996 3413 1051 καθὸ
3438 994 3575 1059 ζῶον
3593 1012 3607 1025 ο
3632 994 3682 1049 οὗ

2111 1090 2220 1162 γὰρ
2258 1092 2416 1161 μόνον
2459 1089 2599 1156 ζῶον
2630 1108 2644 1121 ⁸
2670 1092 2863 1146 ἔπειτα
2910 1092 2987 1154 δὲ,
3020 1092 3179 1162 εῐπερ
3210 1090 3371 1157 ζῶον,
3410 1090 3507 1144 καὶ
3538 1089 3683 1159 σῶμα

2110 1184 2355 1258 ἔμψυχον
2384 1186 2724 1256 αἰσθητικόν.
2766 1185 2830 1237 Et
2878 1185 2935 1238 δὲ
2966 1185 3127 1255 σῶμα
3178 1184 3424 1255 ἔμψυχον
3452 1184 3682 1253 αἰσθητι-

2110 1280 2205 1333 κόν
2236 1282 2382 1333 ἐστιν
2410 1279 2435 1334 ὁ
2468 1278 2661 1349 φοῖνιξ,
2688 1280 2781 1332 καὶ
2806 1278 2908 1332 ὑπο
2931 1279 3146 1347 γένεσίν
3174 1279 3290 1332 ἐστι
3323 1276 3568 1348 δηλονότι
3598 1275 3680 1329 καὶ

2110 1371 2337 1442 φθοράν.
2375 1372 2514 1426 Εἰδέ
2537 1371 2642 1424 ὑπὸ
2669 1371 2884 1440 γένεσίι
2910 1374 3078 1439 ἐστιν,
3109 1371 3305 1433 αὐτοὺς
3332 1370 3678 1441 ἐρωτήσωμεν

2106 1465 2233 1527 τοὺς
2264 1466 2464 1535 σοφοὺς
2496 1465 2602 1517 τῶν
2634 1466 2802 1518 ὄντων
2834 1465 3126 1533 θεάμονας,
3155 1465 3203 1516 εί
3227 1462 3461 1517 δυνατόν
3491 1462 3620 1525 ἐστὶ,
3635 1462 3675 1514 τί

2106 1560 2216 1613 τῶν
2242 1559 2347 1612 ὑπὸ
2379 1561 2592 1626 γένεσιν
2623 1557 2719 1612 καὶ
2755 1558 2963 1629 φθορὰν
2993 1556 3257 1629 ἐμψύχων
3295 1556 3392 1609 καὶ
3441 1554 3675 1622 αίσθητι·

2107 1652 2219 1706 κῶν
2260 1650 2531 1721 σωμάτων
2587 1648 2901 1720 μοναδικῆς
2927 1646 3195 1717 ὑπάρχειν
3230 1646 3355 1700 καθ’
3393 1644 3672 1697 ὑπόστασιν

2106 1746 2343 1815 φύσεως.
2377 1738 2451 1798 ὧν
2479 1746 2511 1814 ἡ
2540 1743 2599 1810 ἐξ
2648 1742 2897 1809 ἀλλήλων
2926 1741 3047 1794 κατ’
3078 1737 3218 1804 εἶδος
3251 1736 3475 1809 διαδοχὴ
3504 1737 3667 1807 ἀρίδη-

2106 1844 2195 1905 λος
2238 1840 2529 1912 χαρακτὴρ
2570 1838 2666 1892 τοῦ
2695 1834 2858 1891 εἶναι.
2910 1837 3082 1905 Εἴπερ
3110 1833 3167 1887 δὲ
3219 1831 3485 1902 μοναδικὴ
3531 1830 3669 1899 φύσις

2110 1934 2258 1986 ἐστὶν
2281 1935 2310 1986 ὁ
2339 1932 2597 2002 Χριστὸς,
2626 1930 2751 1984 οὗτε
2785 1929 2864 2001 τῷ
2902 1927 3024 1997 Θεῷ
3059 1926 3151 1981 καὶ
3179 1927 3358 1995 Πατρὶ
3404 1921 3667 1993 ὀμοούσιός

2110 2028 2279 2089 ἐστιν,
2305 2024 2428 2079 οὔτε
2457 2026 2568 2087 τοῖς
2594 2022 2921 2092 ἀνθρώποις.
2963 2021 3037 2073 Τὸ
3067 2020 3178 2089 γὰρ
3213 2020 3396 2088 πάντη
3428 2014 3566 2070 κατὰ
3590 2015 3669 2083 τὴν

2109 2118 2274 2187 φύσιν
2322 2115 2606 2185 μοναδικδν
2630 2117 2726 2185 τῆ,
2753 2113 2889 2182 πρὸς
2919 2109 3099 2165 ὁτιοῦν
3124 2110 3255 2165 ἄλλο
3281 2105 3560 2167 παντελῶς
3583 2122 3669 2173 φυ-

2109 2213 2266 2282 σικῆς
2313 2210 2673 2280 ἠλλοτρίωται
2737 2206 3082 2275 συγγενείας.
3122 2204 3186 2257 Εί
3240 2200 3297 2254 δέ
3345 2200 3670 2260 κατάὑτοὺς

2106 2306 2371 2369 ἐκείνους,
2391 2305 2465 2363 ὡς
2499 2303 2698 2369 ἔδειξεν
2745 2303 2773 2355 ὁ
2808 2300 2990 2367 λόγος,
3023 2298 3204 2368 πάντη
3236 2295 3377 2350 κατά
3402 2293 3503 2364 τὴν
3531 2291 3671 2361 φύσιν

2104 2402 2132 2453 ὁ
2162 2398 2393 2468 Χριστὸς
2426 2397 2644 2450 πάντων
2681 2392 3054 2466 ἠλλοτρίωται
3104 2389 3214 2443 τῶν
3245 2388 3440 2451 ὄντων,
3494 2385 3673 2445 αὐτοὺς

2104 2492 2279 2543 εἰπεῖν
2312 2486 2731 2558 προτρεψόμεθα
2761 2485 2888 2547 τοὺς
2928 2482 3154 2544 καινοὺς
3205 2478 3600 2549 δογματιστάς,
3628 2476 3672 2529 τί

2102 2584 2232 2637 ὄντα
2290 2582 2431 2637 κατά
2478 2581 2578 2651 τὴν
2635 2578 2824 2648 φύσιν,
2862 2577 2959 2631 καὶ
2994 2576 3134 2647 ποίῳ
3163 2574 3307 2644 λόγῳ
3341 2572 3562 2626 σέϐουσι
3595 2570 3671 2622 τὸν

2102 2677 2357 2748 Χριστόν.
2397 2676 2460 2728 Εί
2504 2675 2684 2728 τοίνυν
2718 2672 2893 2741 μέγας
2946 2666 3297 2738 καὶλφοϐερὸς
3337 2666 3396 2732 ἐξ
3435 2664 3670 2730 ἀνάγκης

2101 2772 2293 2826 ἕπεται
2327 2769 2594 2831 κίνδυνος,
2621 2766 2767 2821 κατὰ
2820 2769 2921 2835 τὴν
2971 2762 3334 2817 ἀποδοθεῖσαν
3373 2757 3473 2812 τοῦ
3525 2757 3674 2825 λόγον

2100 2867 2354 2934 δύναμιν,
2390 2864 2502 2927 τοῖς
2532 2861 2784 2929 λέγουσιν
2837 2858 2895 2912 ἓν
2925 2858 3067 2912 κατά
3105 2856 3202 2926 τὴν
3237 2853 3402 2921 φύσιν
3433 2844 3574 2905 εἶναι
3598 2848 3675 2901 τὸν

2100 2960 2353 3032 Χριστὸν,
2385 2956 2552 3027 ἡγουν
2585 2954 2714 3024 μίαν
2744 2952 2930 3022 φύσιν,
2977 2951 3089 3004 εἴτε
3121 2948 3310 3011 ἁπλῶς
3358 2944 3673 3015 λεγομένην,

2100 3056 2212 3107 εἴτε
2242 3052 2517 3113 σύνθετον,
2552 3050 2650 3102 καὶ
2697 3049 2903 3115 ταύτην
2953 3048 3064 3099 εἴτε
3098 3043 3346 3111 γενικὴν,
3377 3041 3549 3111 ἠγουν
3577 3054 3677 3091 κοι-

2099 3148 2217 3217 νὴν,
2251 3145 2361 3199 εἴτε
2395 3140 2708 3215 μοναδικὴν,
2744 3141 2911 3211 ἦγουν
2940 3139 3137 3206 ίδικὴν.
3173 3138 3319 3205 πασῃ
3347 3135 3563 3203 φυλακῇ
3587 3132 3674 3194 τὰς

408 3230 647 3278 remotos
665 3236 966 3289 servemus,
1008 3230 1065 3277 ut
1089 3231 1141 3277 et
1174 3237 1206 3276 a
1238 3223 1399 3276 minis
1424 3222 1520 3290 ipsi
1555 3220 1990 3291 impendentibus

2103 3240 2315 3296 ἑαυτῶν
2349 3236 2574 3306 καρδίας
2607 3235 2702 3303 τῆς
2728 3231 2986 3302 τοιαύτης
3014 3230 3174 3299 δόξης
3224 3228 3559 3297 τηρήσωμεν
3586 3240 3673 3275 κα·

407 3311 562 3368 liberi
584 3312 777 3368 simus.

1080 3514 1357 3585 Ejusdem.

476 3609 833 3678 Quamobrem
882 3612 926 3667 si
962 3608 1051 3664 Dei
1084 3610 1314 3666 Verbum
1345 3625 1450 3665 non
1479 3610 1593 3679 lege
1628 3619 1788 3678 atque
1808 3609 1999 3664 ordine

402 3714 614 3759 natura:
638 3716 819 3759 rerum
850 3705 1301 3775 compositurum,
1319 3705 1413 3759 sed
1434 3705 1535 3759 alia
1558 3706 1768 3759 ratione
1792 3705 1996 3768 divina,

402 3809 456 3855 ct
478 3814 598 3869 quae
623 3799 802 3853 verbis
827 3801 1081 3870 explicari
1112 3815 1215 3855 non
1247 3810 1446 3870 potest,
1477 3815 1670 3870 nempe
1695 3814 1791 3868 per
1810 3798 1996 3854 carnis

401 3873 1227 3963 assumptiouem'compositum
1258 3901 1361 3958 est,
1399 3905 1510 3946 non
1563 3901 1744 3945 autem
1776 3906 1872 3959 per
1904 3905 2000 3958 ge-

400 3984 742 4040 nerationem
771 3982 931 4038 simul
974 3997 1096 4037 cum
1150 3998 1318 4037 carne
1351 3982 1759 4051 compositionis
1786 3982 2002 4050 accepit

399 4076 713 4139 essentiam,
762 4082 1009 4128 uttotum
1062 4073 1277 4141 aliquod
1329 4074 1509 4140 specie
1560 4074 1877 4142 compleret,
1942 4089 2005 4139 ιιι

401 4168 646 4223 veritatis
700 4166 876 4221 oratio
931 4166 1182 4220 omnibus
1229 4177 1413 4236 aperte
1452 4165 1743 4236 significat.
1802 4165 2002 4223 frustra

397 4272 664 4316 conantur
686 4260 1002 4330 insipientes
1031 4259 1120 4315 isti
1140 4259 1607 4330 compositionem,
1629 4274 1749 4329 quae
1785 4274 1998 4314 onmem

404 4364 614 4412 naturae
649 4355 935 4410 terminum
982 4356 1302 4425 rationeque
1333 4362 1572 4425 superat,
1613 4356 1821 4428 legibus
1848 4368 2001 4413 natu‘

403 4448 607 4503 ralibus
630 4447 792 4517 impie
813 4446 1103 4514 subjicere.
1143 4445 1511 4513 Quamobrem
1565 4449 1657 4517 qui
1688 4462 1783 4513 per
1814 4448 1997 4503 carnis

404 4540 827 4609 assumptionem
862 4538 1094 4595 Verbum
1133 4555 1254 4595 esse
1289 4540 1488 4594 factum
1540 4540 1813 4595 hominem
1843 4539 1990 4606 dicit,

2101 3334 2295 3405 θαρᾶις,
2331 3331 2416 3386 ἵνα
2437 3328 2647 3399 καὶτῆς
2669 3326 2755 3381 ἐπ’
2779 3327 2917 3397 αὐτῇ
2951 3323 3253 3395 μελλούσης
3277 3322 3511 3390 ἀπειλῆς
3536 3318 3673 3372 ἐλευο

2100 3426 2451 3498 θερωθῶμεν.

2711 3516 2822 3571 Τοῦ
2858 3513 3069 3569 αὐτοῦ.

2175 3615 2235 3667 El
2262 3613 2443 3667 τοίνυν
2471 3612 2547 3682 μὴ
2576 3616 2718 3664 κατά
2734 3611 2899 3678 νόμον
2924 3607 3018 3661 καὶ
3049 3602 3205 3669 τάξιν
3232 3599 3331 3671 τῆς
3357 3599 3468 3654 τῶν
3503 3597 3674 3652 συνόν-

2100 3726 2209 3762 των
2236 3707 2475 3776 φύσεως,
2508 3704 2622 3757 ἀλλ’
2647 3704 2819 3772 ἑτέρῳ
2849 3701 3002 3771 παρὰ
3021 3698 3121 3770 τὴν
3148 3696 3313 3766 φύσιν
3354 3712 3465 3748 των
3496 3692 3673 3747 συνθέ-

2100 3821 2210 3857 των
2244 3802 2465 3871 θεσμῷο
2496 3798 2636 3853 κατὰ
2671 3794 2981 3867 πρόσληψιν
3039 3793 3151 3863 γὰρ
3198 3790 3500 3862 ἀφράστως
3533 3791 3561 3841 ὁ
3586 3785 3671 3841 τοῦ

2101 3892 2235 3947 Θεοῦ
2266 3892 2401 3963 πρὸς
2434 3890 2530 3961 τὴν
2561 3889 2741 3957 σάρκα
2791 3884 3047 3954 συνετέθη
3080 3884 3276 3952 Λόγος,
3304 3881 3423 3936 ἀλλ’
3447 3882 3508 3935 ού
3543 3878 3671 3932 κατά

2102 3986 2318 4055 γένεσιν
2346 3984 2461 4051 ἅμα
2486 3985 2552 4053 τῇ
2578 3982 2745 4051 σαρκὶ
2776 3981 2914 4051 πρὸς
2949 3978 3201 4032 σύνθεσιν
3225 3977 3286 4030 τὸ
3319 3975 3463 4030 εἶναι
3497 3972 3667 4027 λαϐὼν

2101 4081 2182 4141 είς
2208 4079 2332 4131 ὅλου
2366 4074 2510 4139 τινος
2540 4074 2663 4127 κατ’
2683 4069 2826 4136 εἶδος
2853 4073 3270 4143 συμπλήρωσιν,
3310 4071 3496 4133 καθὼς
3529 4072 3556 4122 ὀ
3577 4070 3667 4134 τῆς

2104 4172 2364 4243 ἀληθείας
2398 4168 2741 4239 διαπρυσίως
2792 4170 2962 4222 πᾶσιν
3020 4167 3202 4238 ἐμϐοᾷ
3254 4165 3451 4234 λόγος’
3504 4163 3667 4233 μάτην

2102 4268 2214 4329 τοῖς
2249 4264 2354 4318 ὑπὸ
2384 4262 2545 4331 φύσιν
2590 4262 2812 4329 θεσμοῖς
2836 4262 3142 4329 ὑπαγαγεῖν
3187 4259 3445 4328 ἀθέσμως
3472 4260 3667 4326 ἐπιχειο

2106 4357 2287 4427 ροῦσιν
2313 4358 2359 4408 oi
2385 4355 2615 4425 ἀμαθεῖς
2640 4352 2740 4423 τὴν
2776 4352 2954 4406 πάντα
2981 4352 3195 4421 φύσεως
3227 4352 3358 4420 ὅρον
3381 4367 3440 4403 τε
3476 4349 3565 4403 καὶ
3589 4347 3665 4399 λό-

2101 4466 2197 4517 γον
2221 4448 2589 4519 ἐμΰαίνουσαν
2627 4445 2900 4500 σύνθεσιν.
2928 4445 3030 4498 Διά
3064 4444 3222 4498 τοῦτο
3272 4444 3417 4497 κατά
3446 4440 3663 4513 πρόσληο

2100 4542 2193 4611 ψιν
2223 4541 2423 4610 σαρκὸς
2453 4541 2480 4592 ὁ
2504 4540 2676 4608 λέγων
2706 4538 2962 4607 γενέσθαι
2993 4538 3091 4609 τὴν
3115 4534 3530 4605 ἐνανθρώπησιν
3574 4535 3658 4600 τὴν

401 4633 806 4689 isetzeternam
835 4630 926 4686 Dei
953 4640 1077 4687 ante
1118 4631 1314 4685 swcula
1362 4631 1655 4686 essentiam
1706 4638 1906 4692 servat,
1940 4640 1991 4684 et

2103 4651 2157 4686 τε
2188 4634 2279 4686 τοῦ
2311 4633 2445 4685 Θεοῦ
2474 4633 2646 4700 Λόγου
2673 4631 2999 4703 προαιὼνιον
3031 4629 3266 4701 ὓπαρξιν
3288 4625 3662 4690 διασῶζει,καὶ

400 4726 761 4781 voluntariam
790 4727 879 4794 pie
908 4726 1215 4789 curiﬁtetur,
1247 4736 1549 4797 sponteque
1586 4735 1893 4795 suseeptam
1933 4726 1985 4779 in

399 4834 642 4890 ten-pere
678 4820 861 4876 carnis
914 4821 1268 4886 indutionem,
1326 4827 1377 4875 et
1430 4817 1789 4875 dili'ercntiam
1824 4817 1984 4871 Verbi

397 4913 768 4983 suscipientis,
795 4922 955 4983 atque
1002 4915 1181 4968 carnis
1208 4921 1470 4982 susceptae
1509 4913 1627 4966 sine
1667 4913 1989 4968 confusione

402 5016 583 5062 tuetur
608 5008 770 5062 etiam
812 5017 931 5077 pOSl
954 5006 1412 5077 conjunctionem.
1448 5006 1549 5071 Qui
1582 5022 1710 5060 vero
1743 5007 1985 5063 DeiVer-

404 5105 529 5155 bunt
554 5115 657 5153 non
720 5115 816 5169 per
856 5100 1036 5153 carnis
1087 5100 1514 5168 assuniptiunetn
1550 5102 1869 5155 immutabili
1897 5118 1985 5155 ra-

399 5195 547 5250 tione
571 5193 771 5248 factum
798 5207 920 5248 esse
949 5192 1223 5246 hominem
1273 5192 1425 5259 dicit,
1484 5193 1619 5249 nihil
1650 5210 1836 5251 eorum
1868 5211 1986 5266 qua

400 5287 545 5342 dicta
582 5295 732 5351 sunt,
772 5286 881 5341 ullo
916 5283 1080 5341 modo
1113 5299 1239 5339 vere
1272 5286 1471 5355 poterit
1500 5289 1767 5344 conliteri.

545 5379 794 5451 Ejusdem
816 5381 878 5433 de
893 5394 1006 5434 voce
1026 5378 1125 5431 hac
1145 5394 1164 5433 :
1194 5397 1211 5430 r
1246 5378 1311 5434 In
1338 5381 1544 5436 duabus
1560 5385 1785 5438 naturis.
1821 5402 1838 5436 ι

471 5473 529 5529 In
563 5472 773 5528 duabus
802 5469 1011 5525 naturis
1056 5474 1266 5529 ratione
1318 5475 1633 5531 indivisibili
1668 5476 1842 5545 ipsum
1863 5493 1985 5535 esse

401 5566 699 5634 credimus,
743 5574 801 5621 ut
827 5566 1109 5623 divinitate
1129 5577 1181 5623 ct
1228 5568 1587 5625 humanitate.
1619 5570 1984 5637 Quemadmo-

402 5660 527 5714 dum
566 5658 706 5715 enim
739 5674 863 5715 cum
886 5674 950 5715 ex
969 5660 1181 5719 duabus
1196 5662 1408 5718 naturis
1434 5670 1685 5718 constare
1707 5663 1984 5720 Christum

403 5751 654 5819 dicimus,
686 5766 751 5807 ex
786 5751 1071 5807 divinitate
1115 5763 1170 5810 et
1210 5755 1570 5817 humanitate,
1614 5766 1675 5810 ut
1720 5756 1926 5811 duabus
1955 5775 1985 5813 e

403 5842 646 5909 partibus
682 5852 875 5897 totum
918 5843 1370 5914 intelligimus,ita
1419 5860 1540 5901 cum
1568 5855 1691 5917 post
1715 5849 1981 5919 conjunc-

403 5936 600 5989 tionem
632 5947 754 6017 eum
786 5935 1063 5992 duabusin
1097 5937 1306 5993 naturis
1342 5952 1461 5994 esse
1495 5939 1812 6007 ditimus,in
1843 5941 1982 5997 diri-

2097 4726 2193 4796 τὴν
2214 4724 2459 4778 ἑκούσιον
2482 4724 2719 4788 εὐσεϐῶς
2743 4723 3016 4795 ὁμολογεῖ,
3043 4724 3133 4777 καὶ
3162 4723 3491 4795 αὐθαίρετον
3512 4717 3658 4774 αὑτοῦ

2093 4818 2235 4871 κατά
2274 4818 2465 4887 χρόνον
2504 4818 2806 4886 σάρκωσιν,
2857 4820 2952 4871 καὶ
2982 4817 3081 4888 τὴν
3112 4816 3377 4885 διαφορὰν
3430 4813 3589 4871 αὐτοῦ
3610 4830 3659 4865 τε

2090 4910 2183 4964 τοῦ
2212 4908 2608 4979 προσλαϐόντος
2624 4911 2818 4978 Λόγου,
2841 4911 3054 4980 καὶτῆς
3081 4910 3519 4980 προσληφθείσης
3546 4923 3664 4975 σαρ-

2091 5004 2182 5066 κὸς
2214 5002 2524 5073 ἀσύγχυτον
2556 4990 2967 5071 φυλάττεινίκσιὶ
3002 5002 3140 5073 μετὰ
3169 5002 3268 5075 τὴν
3294 5003 3509 5057 ἕνωσιν.
3526 5004 3582 5055 '0
3609 4999 3661 5054 δὲ

2098 5097 2175 5168 μὴ
2235 5098 2378 5152 κατά
2431 5097 2738 5168 πρόσληψιν
2792 5097 2994 5168 σαρκὸς
3042 5098 3322 5167 ὁμολογῶν
3392 5096 3660 5168 ἀτρέπτως

2088 5191 2512 5262 ἐνανθρωπῆσαι
2541 5190 2633 5244 τὸν
2668 5190 2761 5244 τοῦ
2791 5191 2925 5244 Θεοῦ
2973 5192 3146 5259 Λόγον
3196 5192 3351 5246 οὐδὲν
3381 5191 3487 5244 τῶν
3516 5192 3658 5259 εἰρη-

2094 5283 2274 5353 μένων
2301 5285 2421 5337 κατ⁹
2442 5285 2631 5339 ούδένα
2648 5284 2850 5355 τρόπον
2878 5285 3093 5356 ἀληθῶς
3114 5287 3399 5356 ὁμολογεῖν
3425 5287 3653 5340 δύναται.

2131 5377 2242 5430 Τοῦ
2268 5378 2456 5432 αὑτοῦ
2485 5378 2615 5446 περὶ
2656 5378 2766 5448 τῆς
2800 5378 3006 5448 φωνῆς
3026 5394 3039 5408 ⁸
3070 5363 3344 5434 «Ἔν-δύο
3369 5382 3629 5448 φύσεσι.»

2179 5474 2263 5527 Ἐν
2289 5472 2381 5526 δύο
2412 5474 2640 5544 φύσεσιν
2693 5475 3016 5546 ἀδιαιρέτως
3057 5472 3149 5527 τὸν
3183 5474 3343 5527 αὑτὸν
3402 5475 3522 5527 ὄντα
3566 5488 3647 5523 πι-

2088 5566 2354 5637 στεύομεν
2382 5566 2455 5632 ῶς
2479 5570 2535 5619 ἐν
2569 5568 2785 5637 θεότητι
2820 5568 2913 5622 καὶ
2937 5566 3560 5637 ἀνθρωπότητι.Ὠσπερ
3586 5564 3643 5615 ἐκ

2086 5662 2179 5717 δύο
2210 5662 2425 5732 φύσεων
2480 5663 2733 5731 λέγοντες
2763 5664 2853 5716 τὸν
2908 5663 3146 5733 Χριστὸν
3174 5666 3237 5716 ὲκ
3293 5663 3533 5731 θεότητος
3557 5656 3639 5709 καὶ

2086 5758 2508 5829 ἀνθρωπότητος
2536 5757 2661 5811 ὄντα
2685 5757 2913 5829 νοοῦμεν
2944 5756 3019 5821 ῶς
3048 5761 3110 5810 ἐκ
3136 5756 3319 5830 μερῶν
3352 5757 3483 5818 ὅλον,
3510 5753 3632 5806 οὔτω

2086 5853 2180 5904 καὶ
2214 5852 2270 5905 ἐν
2298 5850 2393 5903 δύο
2416 5849 2610 5920 φύσεσι
2644 5850 2897 5919 λέγοντες
2933 5850 3071 5920 μετά
3094 5852 3191 5922 τὴν
3222 5851 3415 5903 ἕνωσιν
3446 5850 3498 5901 ἐν
3528 5843 3631 5896 θεό-

2083 5964 2205 6017 τητι
2239 5948 2329 6001 καὶ
2364 5948 2747 6018 ἀνθρωπότητι
2794 5950 2922 6003 ὄντα
2974 5948 3307 6018 πιστεύομεν
3336 5948 3408 6011 ὡς
3442 5946 3547 5999 ὅλον
3576 5941 3622 5991 ἐν
