3952 6544
320 407 452 477 1041

1262 424 1639 486 PANOPLIA
1687 426 2238 492 DOGMATICA.-
2275 433 2426 494 TlT.
2472 432 2630 497 XVI.

3433 395 3570 503 tota

319 526 536 618 μέρεσι.
567 531 725 603 Μέρη
751 531 805 584 δὲ
837 532 1076 612 Χριστοῦ
1117 536 1148 607 ὴ
1179 535 1370 606 θεότης
1389 538 1697 594 αὐτοῦ-ἐστι
1731 542 1823 595 καὶ
1850 543 1874 614 ἡ

1990 547 2156 600 nitate
2190 558 2351 618 atque
2378 549 2709 607 humanitate
2732 566 2856 610 esse
2883 552 3178 618 credimus,
3231 562 3289 610 ut
3319 561 3490 610 totum
3515 559 3564 610 in

309 617 690 691 ἀνθρωπότης,
719 623 778 689 ἐξ
815 619 890 677 ῶν
922 627 1014 680 καὶ
1037 627 1094 679 ἐν
1128 621 1216 691 αῖς
1249 628 1542 699 ὑφέστηκε.
1581 633 1688 684 Καὶ
1725 627 1880 695 αὖθις

308 713 404 765 τοῦ
430 714 565 768 Θεοῦ
601 717 773 786 Λόγου
811 719 972 789 φύσιν
1021 725 1450 795 σεσαρκωμένην
1493 727 1659 796 σαρκὶ
1686 728 1880 799 νοερόιν

310 821 371 856 τε
405 806 500 858 καὶ
535 806 758 879 λογικὴν
789 811 984 885 ἐχούσῃ
1014 813 1191 886 ψυχὴν
1240 817 1542 883 πιστεύειν,
1569 819 1754 888 λέγειν
1795 838 1874 887 τε,

311 894 408 946 καὶ
437 896 733 965 κηρύττειν
781 901 1140 972 ἐδιδάχθημεν
1173 907 1313 959 κατὰ
1348 906 1439 960 τὸν
1478 905 1633 976 ἅγιον
1681 907 1881 978 Κύριλ-

302 987 420 1050 λον,
455 990 544 1045 διὰ
591 991 682 1046 τοῦ
713 1000 1147 1067 σεσαρκωμένην
1194 1001 1390 1066 ειπεῖν,
1439 1002 1539 1070 τῆς
1574 1000 1698 1055 καθ’
1731 1001 1878 1072 ἡμᾶς

305 1080 529 1146 φύσεως
584 1086 1082 1162 εἰσκεκομισμένην
1121 1093 1360 1162 δρῶντες
1407 1092 1506 1165 τὴν
1546 1093 1757 1159 οὐσίαν,
1782 1095 1879 1147 καὶ

307 1173 475 1227 πἀλιν
499 1176 594 1230 τοῦ
625 1180 789 1233 αὐτοῦ
837 1183 930 1237 καὶ
979 1185 1098 1249 ἐνὸς
1123 1187 1359 1258 Χριστοῦ
1405 1187 1474 1241 τά
1510 1205 1569 1241 τε
1601 1187 1875 1256 θαύματα,

306 1265 403 1318 καὶ
430 1268 495 1321 τὰ
518 1269 686 1340 πάθη,
724 1273 816 1324 καὶ
846 1272 938 1326 τοῦ
972 1276 1134 1329 αὑτοῦ
1165 1278 1262 1341 τὰς
1309 1278 1403 1332 δύο
1432 1279 1737 1350 γεννήσεις,
1779 1278 1878 1347 τήν

304 1375 364 1409 τε
392 1360 718 1427 προαιώνιον
768 1367 1076 1436 ἀσωμάτως
1129 1371 1191 1422 ὲκ
1233 1370 1327 1423 τοῦ
1365 1371 1602 1440 ῐῘατρὺς,
1657 1371 1750 1424 καὶ
1777 1369 1877 1440 τὴν

301 1451 565 1522 χρονικὴν
611 1453 674 1506 ἐκ
704 1457 927 1527 Μητρὸς
978 1463 1070 1511 καὶ
1123 1461 1401 1531 Παρθένου
1451 1462 1780 1530 σωματικῶς
1808 1462 1877 1516 δι’

297 1543 450 1610 ἡμᾶς
481 1553 874 1618 γεγενημένην.
915 1550 1005 1602 Διὸ
1038 1552 1275 1619 μάλιστα
1314 1554 1404 1609 καὶ
1437 1552 1579 1608 κατὰ
1611 1552 1875 1624 ἀλήθειαν

1991 652 2054 706 pa
2066 637 2256 693 rtibus.
2293 638 2478 695 Partes
2495 641 2637 695 cnim
2658 641 2857 698 Christl
2885 651 3010 699 sunt
3033 643 3283 700 divinitas
3305 653 3360 700 et
3380 644 3580 710 human

1991 731 2150 792 tritas,
2191 748 2256 787 cx
2301 732 2514 799 quibus,
2560 743 2613 789 et
2652 734 2706 790 in
2746 735 2941 805 quibus
2980 737 3248 793 consistit.
3301 735 3565 793 Praeterea

1991 839 2148 877 unam
2183 825 2272 879 Dei
2307 825 2465 880 Verbi
2495 837 2742 884 naturam
2787 843 3006 884 carnem
3038 829 3406 900 assumpsisse
3448 829 3569 886 ani.-

1991 927 2183 970 matam
2232 917 2412 973 anima
2445 929 2624 975 mente
2671 922 2982 991 rationeque
3030 924 3256 994 praedita
3301 923 3480 978 dicere
3509 931 3567 977 et

1988 1010 2280 1078 praedicare
2325 1010 2613 1070 didicimus
2643 1028 2708 1068 ex
2737 1013 2984 1069 doctrina
3015 1013 3188 1070 sancti
3242 1013 3451 1081 Cyrilli,
3506 1022 3568 1068 ut

1985 1113 2049 1155 ex
2073 1113 2137 1153 eo
2171 1099 2311 1170 quod
2335 1099 2568 1155 dicimus
2604 1114 2818 1157 carnem
2855 1102 3237 1171 assumpsisse,
3271 1100 3563 1157 essentiam

1987 1201 2192 1246 natura:
2219 1202 2416 1248 nostra:
2440 1192 2640 1248 illatam
2678 1193 3060 1265 intelligamus.
3109 1193 3357 1262 Itemque
3405 1193 3565 1247 unius

1984 1289 2038 1332 et
2059 1279 2295 1347 ejusdem
2315 1279 2514 1335 Christi
2536 1290 2643 1333 lant
2662 1280 2944 1346 miracula,
2966 1294 3126 1350 quam
3148 1281 3421 1335 cruciatus
3446 1292 3565 1336 esse

1985 1371 2232 1438 dicimus,
2255 1372 2498 1442 duosque
2534 1372 2776 1441 ejusdem
2805 1383 2978 1440 ortus,
3018 1387 3182 1428 unum
3217 1381 3342 1427 ante
3367 1370 3560 1426 smcula

1984 1466 2102 1518 sine
2129 1479 2357 1534 corpore
2404 1482 2470 1521 cx
2529 1465 2710 1533 Patre,
2742 1475 2796 1523 et
2823 1465 3048 1520 altermn
3096 1466 3153 1520 in
3207 1474 3448 1534 tempore
3497 1479 3563 1519 ex

1984 1553 2150 1608 Maer
2171 1555 2463 1627 etVirginc
2489 1559 2696 1613 ratione
2715 1573 2972 1628 corporea
2997 1569 3163 1629 atque
3184 1557 3422 1612 humana
3450 1572 3465 1623 ;
3495 1573 3564 1612 ex

297 1637 508 1702 κυρίως
539 1635 802 1691 Θεοτόκον
827 1641 995 1711 αὐτὴν
1020 1642 1416 1713 ὁμολογοῦμεν,
1454 1644 1530 1710 ὡς
1553 1648 1644 1701 τὸν
1674 1650 1736 1700 ὲκ
1764 1649 1877 1700 Πα-

295 1727 430 1795 τρὶς
446 1729 776 1799 γεννηθέντα
805 1734 908 1802 πρδ
941 1735 1151 1788 πάντων
1180 1736 1290 1788 τῶν
1310 1738 1522 1792 αίὼνων
1549 1739 1682 1792 Θεὸν
1704 1739 1874 1808 Λόγον

1983 1738 2322 1805 conﬁtemur,
2384 1751 2440 1796 ut
2474 1757 2593 1812 qua:
2616 1744 2854 1810 genitum
2886 1753 3012 1798 ante
3061 1743 3255 1798 saecula
3317 1757 3383 1798 ex
3406 1741 3568 1798 Patre

298 1819 388 1871 ἔτ’
421 1823 664 1890 ἐσχάτων
689 1824 798 1876 τῶν
823 1827 1032 1896 χρόνων
1063 1827 1121 1892 ἐξ
1169 1829 1340 1900 αὐτῆς
1375 1833 1725 1902 σαρκωθέντα
1748 1849 1872 1901 γεν-

1987 1827 2152 1882 Deum
2176 1829 2432 1896 Verbum,
2453 1833 2505 1886 in
2535 1834 2796 1888 extremis
2823 1835 3156 1902 temporibus
3185 1847 3250 1887 ex
3292 1834 3408 1903 ipsa
3443 1848 3566 1888 car-

293 1912 564 1978 νήσασαν.
602 1916 745 1968 Μίαν
778 1916 833 1970 δὲ
863 1920 1024 1985 φύσιν
1055 1920 1308 1974 σύνθετον
1329 1923 1419 1976 τὸν
1465 1923 1699 1994 Χριστὸν
1730 1941 1866 1977 παν-

1980 1935 2092 1974 nem
2123 1935 2486 1978 assumenlem
2507 1926 2775 1994 genuerit.
2795 1928 2860 1978 At
2888 1935 3136 1979 naturam
3159 1939 3319 1978 unam
3342 1938 3565 1992 compo-

294 2003 472 2067 τελῶς
488 2007 898 2077 παραιτούμεθα
913 2009 1092 2079 λέγειν
1112 2013 1171 2066 ού
1191 2015 1349 2082 μόνον
1369 2014 1455 2069 διὰ
1471 2015 1568 2077 τὰς
1587 2016 1874 2086 εἰρημένας

1982 2014 2135 2066 sitam
2151 2010 2424 2069 Christum
2457 2015 2636 2072 dicere
2670 2016 2892 2072 omnino
2915 2031 3248 2083 recusamus,
3268 2032 3372 2073 non
3390 2015 3565 2072 solum

295 2095 500 2161 αἰτίας,
521 2098 638 2151 ἀλλ’
659 2101 738 2153 ὅτι
765 2103 861 2153 καὶ
881 2103 1068 2171 μηδεὶς
1096 2104 1326 2158 καθόλου
1345 2105 1451 2160 τῶν
1478 2107 1748 2180 ὲγκρίτων
1773 2109 1874 2160 Πα-

1981 2113 2201 2172 propter
2214 2121 2430 2172 causas,
2448 2123 2583 2177 quas
2600 2107 2860 2172 diximus,
2879 2124 3062 2163 verum
3087 2109 3247 2161 etiam
3265 2107 3389 2177 quia
3409 2121 3566 2162 nemo

295 2189 475 2257 τέρων
499 2191 771 2259 πέφανται
804 2195 966 2264 μέχρι
995 2195 1086 2249 τοῦ
1119 2197 1274 2266 δεῦρο
1296 2199 1501 2268 ταύτην
1520 2199 1755 2272 εἰρηκὼς
1781 2201 1874 2274 τὴν

1980 2194 2196 2250 Patrum
2222 2199 2570 2267 probatorum
2592 2200 2820 2255 adhunc
2851 2216 3020 2270 usque
3051 2201 3190 2254 diem
3217 2214 3406 2254 vocem
3429 2201 3566 2264 hanc

295 2282 507 2351 φωνὴν,
524 2286 618 2337 καὶ
647 2286 722 2348 ὡς
751 2289 1033 2358 προδήλως
1068 2291 1458 2362 Απολλιναρίου
1480 2293 1572 2348 τοῦ
1599 2292 1874 2364 αἱρετικοῦ

1980 2291 2268 2357 protulisse
2298 2294 2742 2362 deprehenditur,
2763 2306 2816 2349 et
2845 2295 3099 2364 quoniam
3134 2294 3202 2346 ah
3229 2291 3564 2362 Apollinario

1984 1661 2090 1715 quo
2123 1648 2350 1702 niaxime
2386 1660 2438 1704 et
2471 1664 2594 1705 vere
2642 1651 2860 1720 preprie
2890 1652 3059 1722 ipsam
3115 1650 3206 1706 Dei
3236 1650 3564 1707 Genitricem

299 2371 398 2425 καὶ
444 2373 552 2427 τῶν
583 2378 746 2431 αὑτοῦ
778 2382 1052 2450 φοιτητῶν
1082 2383 1436 2455 ὑπάρχουσαν
1473 2385 1739 2457 γέννημα.

469 2469 579 2522 Τοῦ
612 2473 800 2525 αὐτοῦ
829 2474 962 2540 περὶ
992 2475 1284 2531 συνθέτοι
1320 2478 1734 2546 ὑποστάσεως.

376 2557 441 2612 Ei
471 2558 546 2621 δὲ,
581 2563 663 2614 ότι
695 2564 843 2616 πᾶσα
874 2565 1173 2630 ὑπόστασις
1207 2567 1458 2628 σύνθετος
1488 2570 1655 2642 ἑαυτῇ
1692 2589 1749 2626 τε
1782 2574 1877 2626 καὶ

297 2651 551 2721 ἀλλήλοις
578 2654 643 2707 τὰ
683 2653 791 2708 tam
838 2657 979 2727 μέρη
1017 2659 1287 2729 όμόχρονα
1333 2660 1534 2731 σχοῦσα
1562 2663 1873 2729 δείκνυται,

302 2743 603 2797 ὑπόστασιν
654 2747 709 2800 δὲ
762 2748 1017 2802 σύνθετον
1070 2747 1207 2803 εἶναι
1260 2751 1442 2820 λέγειν
1494 2755 1584 2806 τὶν
1639 2755 1872 2824 Χριστὸν

302 2833 406 2886 οὐκ
434 2834 785 2907 ἀρνούμεθα,
837 2841 1044 2895 εἴποιεν
1089 2843 1184 2896 καὶ
1230 2845 1376 2912 ἡμᾶς
1411 2847 1458 2898 ot
1502 2847 1874 2915 ἀντιλέγοντες

307 2924 673 2996 μὴδύνασθαι
708 2930 806 3001 τὴν
840 2933 931 2984 ἐπὶ
976 2933 1150 3005 τούτῳ
1185 2935 1407 3006 μομφὴν
1449 2938 1830 3004 ὲκτινᾶξασθαι
1853 2979 1869 3004 ,

301 3017 381 3080 ὼς
437 3020 549 3082 τοῖς
599 3020 750 3084 ίδίοις
789 3023 1098 3089 ἑαλωκότας
1157 3024 1368 3093 λόγοις⁶
1423 3029 1610 3098 φαμὲν
1656 3029 1870 3099 ἀληθῶς

302 3105 480 3170 οὕτως
517 3109 665 3176 ἔχειν
685 3149 700 3173 ,
753 3112 912 3182 εῐπερ
945 3112 1197 3165 σύνθετον
1226 3109 1385 3178 εἶναι,
1413 3113 1489 3177 ὡς
1537 3109 1674 3177 εἶδος
1704 3115 1871 3184 αὐτῆς

303 3201 724 3272 κατηγοροῦμεν
751 3201 978 3273 ἔχουσαν
1014 3203 1404 3275 ὑποτιθέμεθα.
1454 3206 1570 3258 Νῦν
1630 3207 1688 3259 δὲ
1713 3205 1871 3260 τοῦτο

306 3295 383 3362 μὴ
412 3293 665 3361 λέγοντες
686 3336 699 3359 ,
734 3294 989 3365 οὐδαμῶς
1018 3296 1118 3367 τὴν
1146 3296 1358 3350 οἱανοῦν
1387 3297 1580 3367 ἕξομεν
1627 3290 1870 3370 μομφὴν,

301 3385 494 3453 σαφῶς
543 3386 901 3454 γινώσκοντες
949 3388 1024 3458 μὴ
1074 3388 1141 3442 δι’
1180 3391 1382 3458 ἑαυτὴν
1432 3389 1682 3443 σύνθετον
1732 3387 1872 3443 εἶναι

301 3480 486 3530 πᾶσαν
540 3478 792 3532 σύνθετον
842 3481 1144 3534 ὑπόστασιν
1189 3481 1286 3552 τὴν
1347 3481 1455 3535 ὑπό
1508 3499 1558 3535 τι
1613 3482 1873 3535 τελοῦσαν

300 3565 466 3632 εἶδος,
520 3569 658 3622 ἀλλὰ
708 3569 796 3622 διὰ
840 3569 942 3642 τὴν
988 3570 1152 3637 φύσιν
1185 3571 1286 3641 τὴν
1333 3572 1714 3642 περιέχουσαν,
1746 3575 1874 3626 ὅταν

302 3660 556 3723 σύνθετος
606 3656 663 3735 ᾖ,
715 3661 812 3717 καὶ
865 3663 927 3716 τδ
977 3664 1458 3735 κατηγορούμενον
1511 3659 1669 3728 εἶδος,
1727 3664 1816 3732 ὑφ’
1844 3662 1873 3716 ό

299 3751 598 3819 ἀνάγεσθαι
630 3752 894 3819 πέφυκεν,
940 3752 1015 3816 ὡς
1060 3752 1152 3805 τοῦ
1191 3755 1418 3824 μερικοῦ
1442 3797 1456 3821 ,
1483 3755 1650 3824 ἤγουν
1681 3753 1869 3819 ίδικοῦ,

299 3845 424 3898 ὅλον
453 3844 667 3914 ἔχοντος
700 3847 756 3898 ὲν
795 3843 974 3914 ἑαυτῷ
1017 3846 1076 3898 τδ
1109 3846 1336 3901 καθόλου
1363 3886 1376 3911 ,
1425 3848 1546 3918 ἦτοι
1579 3847 1640 3900 τδ
1672 3847 1870 3910 κοινὸν,

301 3935 399 3988 καὶ
447 3937 664 4004 γενικδν
704 3937 1116 4006 πληρέστατον,
1159 3938 1254 3991 τοῦ
1282 3939 1339 3993 δὲ
1375 3939 1506 3994 ἰδίου
1531 3940 1611 3993 ’τὸ
1653 3939 1874 3993 σύνολον

300 4027 465 4092 λόγου
517 4028 596 4097 τῷ
644 4027 849 4096 γενικῷ
907 4029 1283 4096 μεταδιδόντος
1325 4032 1499 4088 οὐδέν.
1555 4033 1737 4102 Ὅπερ
1783 4033 1875 4086 ἐπὶ

301 4115 541 4185 Χριστοῦ
580 4115 754 4177 οὐδεὶς
783 4117 1036 4186 οὐδαμῶς
1068 4117 1178 4170 τῶν
1206 4119 1474 4172 ἀνέκαθεν
1505 4121 1697 4191 μέχρις
1714 4122 1874 4192 ημῶν

301 4207 610 4274 γενομένων
639 4205 730 4260 τοῦ
765 4207 927 4275 λόγου
969 4211 1069 4277 τῆς
1101 4207 1387 4274 εὐσεϐείας
1417 4211 1720 4281 ύφηγητῶν
1748 4229 1874 4283 φρο-

300 4298 408 4350 νῶν
436 4298 820 4369 ἀνηγόρευται.
877 4300 964 4366 ἐφ’
991 4293 1052 4354 οῦ
1089 4299 1214 4354 οὔτε
1269 4301 1428 4368 γένος
1471 4301 1593 4356 οὔτε
1623 4301 1763 4367 εἶδος
1797 4304 1872 4368 ὠς

298 4390 541 4460 Χριστοῦ
574 4392 1054 4461 κατηγορούμενον
1099 4394 1283 4462 εὑρεῖν
1335 4411 1418 4458 τις
1446 4397 1758 4463 δυνήσεται.
1793 4401 1870 4452 Οὐ

299 4483 410 4550 γὰρ
433 4480 647 4549 φύσεως
673 4481 814 4551 λόγῳ
849 4484 984 4553 πρὸς
1015 4484 1163 4552 ἡμᾶς
1186 4483 1274 4536 διὰ
1294 4485 1497 4555 σαρκὸς
1524 4487 1552 4540 ό
1575 4489 1866 4556 θεαρχικδς

1977 2387 2032 2436 ct
2081 2382 2364 2452 discipulis
2407 2382 2526 2453 ejus
2576 2385 2857 2452 perspicue
2908 2384 3120 2438 videtur
3149 2397 3269 2438 esse
3298 2380 3563 2452 profecta.

2299 2476 2549 2544 Ejusdem
2578 2478 2642 2534 de
2672 2493 2891 2546 persona
2923 2478 3238 2546 composita.

2049 2568 2320 2634 \'erum,si
2342 2573 2597 2638 quoniam
2622 2571 2798 2625 omnis
2849 2584 3081 2640 persona
3113 2567 3412 2636 composita
3442 2581 3563 2632 proo

1975 2664 2122 2730 prias
2153 2674 2356 2732 partes,
2387 2672 2440 2719 et
2473 2678 2656 2720 secum
2688 2671 2741 2717 et
2774 2663 2918 2718 inter
2946 2662 3097 2732 ipsas
3143 2660 3390 2730 ejusdem
3425 2668 3562 2718 tem:-

1975 2757 2122 2824 poris
2158 2755 2358 2811 habere
2414 2755 2859 2828 deprehenditur,
2899 2770 2998 2810 nos
3053 2763 3230 2812 autem
3286 2751 3562 2828 Christum

1973 2865 2260 2920 personam
2282 2864 2408 2906 esse
2437 2849 2794 2920 compositam
2833 2848 3020 2903 dicere
3071 2861 3177 2901 non
3220 2857 3561 2921 recusamus,

1973 2952 2252 3014 propterea
2288 2959 2386 2999 nos
2431 2942 2731 2998 adversarii
2780 2940 3014 3011 propriis
3043 2949 3231 3005 captos
3265 2933 3566 3012 rationibus

1975 3037 2449 3106 reprehensionem
2484 3036 2654 3090 vitare
2686 3049 2842 3104 posse
2869 3030 3210 3101 negaverint,
3261 3023 3563 3096 responde-

1974 3128 2171 3193 bimus,
2194 3143 2319 3182 vere
2346 3129 2424 3182 sic
2457 3143 2568 3182 rem
2607 3124 2997 3191 babituram,si
3021 3120 3402 3192 compositam,
3445 3127 3567 3170 tan-

1902 3257 1947 3320 ο
1977 3235 2137 3289 quant
2167 3218 2558 3291 speciem,quae
2576 3218 2643 3274 de
2665 3219 2779 3287 ipsa
2808 3218 3099 3280 diceretur,
3128 3214 3410 3268 habentem
3437 3225 3569 3288 conf-

1975 3313 2309 3368 cedcremus.
2345 3311 2498 3368 Nunc
2525 3321 2703 3367 autent
2749 3310 2890 3366 haud
2925 3310 2998 3364 ita
3051 3308 3342 3378 loquimur,
3389 3305 3566 3372 itaque

1979 3402 2028 3456 in
2063 3404 2262 3458 nullam
2293 3404 2586 3460 incidimus
2639 3403 3138 3474 reprehensionem.
3171 3399 3386 3456 Scimus
3419 3397 3564 3450 enim

1976 3498 2130 3565 plane
2153 3513 2364 3552 onmem
2385 3513 2670 3567 personam
2700 3497 3051 3566 compositam
3099 3492 3200 3548 sub
3230 3488 3410 3560 specie
3437 3502 3570 3542 con-

1977 3593 2225 3648 stitutam
2281 3605 2389 3644 non
2444 3592 2530 3645 sui
2567 3590 2738 3660 ipsam
2786 3590 2999 3642 ratione
3032 3586 3391 3654 compositam
3419 3594 3564 3640 esse,

1977 3682 2070 3737 sed
2101 3691 2346 3753 propter
2403 3691 2685 3746 naturam,
2737 3694 2893 3748 qum,
2927 3693 3049 3734 cum
3108 3676 3180 3732 sit
3237 3672 3561 3743 compositas

1974 3775 2138 3830 etiam
2182 3774 2418 3842 speciem
2469 3787 2591 3841 quae
2640 3771 2968 3841 praedicatur
3021 3768 3322 3830 contineat,
3362 3773 3414 3818 et
3455 3761 3559 3817 suh

1976 3880 2140 3936 quam
2191 3864 2264 3917 illi
2302 3870 2674 3933 comparatum
2718 3868 2895 3930 estut
2945 3858 3559 3922 reducatur;tanquaut

1975 3953 2238 4010 nimirum
2276 3954 2640 4024 particulare,
2673 3967 2769 4008 seu
2801 3950 3105 4030 singulare,
3136 3945 3400 4022 quidquid
3436 3945 3562 4000 uni.

1977 4048 2186 4102 versale
2216 4055 2298 4104 est
2340 4062 2436 4103 seu
2464 4061 2753 4102 commune
2788 4059 2854 4099 ac
2915 4043 3230 4114 genericam
3273 4040 3325 4094 in
3357 4054 3418 4095 se
3448 4038 3562 4110 ple:

1977 4141 2266 4198 nissimum
2311 4140 2531 4205 habeat,
2566 4153 2667 4194 nec
2715 4139 3009 4210 quidquam
3063 4150 3293 4206 prorsus
3325 4147 3439 4187 sua:
3473 4147 3564 4184 ra-

1979 4235 2148 4290 tionis
2208 4231 2503 4288 universali
2562 4245 2628 4286 ac
2659 4233 2916 4300 generico
2968 4229 3173 4284 tribuat
3219 4224 3411 4296 :quod
3444 4225 3566 4314 qui:

1976 4327 2094 4382 dem
2141 4326 2207 4380 de
2250 4309 2464 4378 tlhristo
2516 4337 2673 4378 nemo
2703 4337 2924 4391 prorsus
2959 4335 3145 4376 eorum
3175 4319 3263 4389 qui
3315 4317 3382 4370 ad
3428 4309 3567 4372 hanc

1977 4426 2372 4488 uSquezetatem
2400 4416 2618 4488 pietatis
2645 4416 2952 4470 doctrinam
2985 4413 3320 4468 tradiderunt
3369 4409 3567 4486 mentis

1976 4526 2196 4580 compos
2234 4509 2448 4564 dixerit.
2476 4507 2552 4563 De
2580 4521 2686 4578 quo
2726 4516 2785 4562 ut
2826 4507 2891 4560 de
2915 4504 3132 4562 Christo
3183 4517 3343 4558 nemo
3398 4516 3568 4567 neque

299 4575 472 4641 Λόγος
504 4573 861 4644 ὲνεδήμησεν,
889 4574 1026 4629 ἀλλὰ
1075 4576 1262 4647 τρόπῳ
1294 4578 1611 4648 οἰκονομίας
1656 4579 1873 4632 ἀνελλι-

1980 4622 2146 4676 genus
2172 4619 2348 4672 neque
2377 4601 2612 4672 speciem
2649 4600 2751 4656 dici
2782 4599 3119 4668 comperiet;
3161 4611 3268 4649 non
3299 4596 3442 4648 enim
3470 4607 3567 4666 naf

300 4667 419 4727 πῶς
451 4664 631 4734 ἐαυτῷ
689 4665 811 4719 καθ’
840 4667 1140 4720 ὑπόστασιν
1168 4668 1402 4735 ἐνώσας,
1450 4671 1550 4741 τὴν
1591 4672 1876 4742 ἡμετέραν

297 4758 612 4811 ἀνεκαίνισε
662 4756 848 4824 φύσιν.
899 4759 1061 4812 Ὥστε
1106 4762 1260 4814 οὐδὲν
1308 4763 1494 4816 αὐτῶν
1537 4766 1637 4835 τῆς
1669 4767 1873 4837 πολλῆς

297 4848 581 4920 περινοίας
613 4848 920 4914 ἀπώναντο,
958 4851 1122 4906 πάλιν
1149 4853 1232 4916 είς
1259 4855 1320 4908 τὸ
1369 4855 1558 4922 ποσὸν,
1597 4857 1735 4926 ὅπερ
1778 4876 1876 4912 περ

298 4942 558 5012 φεύγασι,
595 4944 1034 5013 περιτραπίντος
1079 4948 1264 5008 αὐτοῖς
1303 4948 1397 5002 τοῦ
1453 4951 1643 5018 σοφοῦ,
1673 4953 1748 5016 ὡς
1802 4953 1878 5025 μὴ

295 5033 616 5101 δυναμένοις
642 5033 754 5085 οὐδ’
779 5033 875 5086 αὐτ
886 5033 950 5104 ὴν
972 5035 1076 5105 τὴν
1104 5034 1164 5088 ὲν
1183 5037 1262 5108 τῷ
1291 5039 1434 5109 ποιῷ
1461 5040 1728 5113 διαφορὰν
1747 5045 1878 5100 ἄνευ

299 5124 470 5178 ποσοῦ
501 5119 641 5178 εἶναι
673 5123 873 5193 λέγειν.
907 5125 1149 5197 Ἀνάγκη
1169 5128 1278 5200 γὰρ
1307 5133 1460 5185 πᾶσα
1481 5133 1687 5198 πολλὰς
1713 5131 1876 5204 εἶναι,

298 5216 332 5287 ἢ
365 5215 426 5268 τὸ
454 5215 676 5286 μέτριον
703 5215 818 5282 δύο,
845 5210 922 5270 ὧν
951 5217 1052 5285 τὴν
1097 5219 1362 5291 διαφορὰν
1383 5217 1526 5276 εἶναι
1554 5223 1878 5296 ὑπολαμϐά-

297 5325 477 5362 νουσι.
527 5309 715 5378 Mdqu
745 5309 856 5380 γὰρ
903 5311 1169 5381 ποιότητα
1210 5314 1348 5384 πρὸς
1395 5315 1564 5387 ἄλλην
1597 5319 1879 5383 παντελῶς

295 5401 516 5470 ἀμιγῶς
544 5399 778 5470 ἔχουσαν
827 5406 964 5472 πρὸς
1012 5403 1214 5474 ἑαυτὴν
1248 5405 1530 5476 διαψέρειν
1555 5409 1656 5463 οὐκ
1699 5410 1766 5464 ἄν
1794 5428 1880 5476 τις

297 5491 424 5547 νοῦν
441 5491 584 5561 ἔχων
609 5493 757 5546 εῐποι
796 5494 946 5547 ποτέ.
981 5483 1186 5549 Λοιπὸν
1212 5493 1306 5551 οῦν
1331 5497 1364 5570 ἢ
1394 5501 1488 5553 καὶ
1535 5501 1708 5571 αὐτῆς
1738 5503 1879 5558 παύ-

299 5600 487 5638 σονται
525 5583 627 5654 τῆς
669 5583 831 5653 ψιλῆς
864 5583 1130 5657 διαφορᾶς
1159 5624 1176 5650 ,
1207 5590 1378 5642 ποσοῦ
1438 5592 1659 5654 πάντως
1713 5593 1878 5646 τινῶν

294 5675 667 5745 διαφερόντων
717 5676 1024 5750 δηλωτικὴν
1075 5679 1246 5750 αὐτὴν
1295 5678 1461 5736 οὖσαν
1494 5683 1781 5754 μαθόντες,
1839 5685 1871 5757 ἢ

300 5767 400 5822 σὺν
435 5767 567 5836 ἡμῖν
591 5769 687 5838 τῆς
714 5769 970 5842 ἀληθείας
995 5775 1093 5846 τὴν
1125 5773 1418 5844 ὁμολογίαν
1456 5779 1874 5844 καταδεξάσθω·

300 5877 406 5916 σαν
443 5859 523 5931 τῷ
555 5862 700 5934 λόγῳ
740 5864 840 5934 τῆς
869 5865 1133 5939 διαφορᾶς
1175 5868 1268 5922 καὶ
1302 5869 1462 5939 μόνον
1489 5871 1623 5942 πρὸς
1668 5873 1871 5942 γνῶσιν

1979 4712 2108 4756 tura:
2133 4696 2363 4763 ratione,
2392 4696 2458 4750 ad
2476 4710 2572 4750 nos
2603 4693 2693 4750 Dei
2716 4691 2952 4749 Verbum
2981 4707 3076 4762 per
3106 4703 3322 4745 carnem
3346 4687 3570 4740 descen-

1974 4789 2074 4854 dit,
2109 4787 2203 4842 sed
2235 4788 2445 4844 ratione
2490 4786 2909 4858 dispensationis
2947 4783 3050 4840 sibi
3094 4785 3212 4838 sine
3242 4779 3568 4835 detrimento

1978 4890 2226 4936 naturam
2250 4889 2486 4936 nostram
2515 4879 2866 4950 coniungens,
2895 4892 3014 4934 eam
3043 4875 3342 4932 renovavit.
3361 4871 3564 4942 Quam:

1976 4976 2162 5028 obrem
2197 4989 2388 5044 magna
2434 4971 2706 5028 dementia
2738 4986 2832 5028 sua
2881 4970 3015 5026 nihil
3042 4967 3414 5040 profecerunt,
3441 4979 3561 5019 cunt

1979 5067 2216 5137 ipsorum
2233 5066 2494 5136 sapientia
2522 5066 2588 5120 ad
2617 5067 3000 5136 quantitatem,
3020 5080 3181 5135 quam
3208 5070 3564 5132 negaverunt,

1978 5159 2220 5221 redierit,
2259 5157 2457 5227 quippe
2483 5157 2573 5226 qui
2623 5172 2696 5233 ne
2745 5158 2914 5228 ipsam
2946 5157 3159 5226 quidem
3219 5155 3274 5208 in
3302 5152 3566 5223 qualitate

1979 5250 2356 5317 diﬂercntiatn,
2377 5253 2494 5306 sine
2518 5239 3032 5323 quantitatediceie
3064 5247 3294 5301 valeant.
3328 5245 3560 5300 Necesse

1977 5346 2120 5401 enim
2154 5356 2255 5412 est,
2288 5355 2340 5398 ιιι
2375 5345 2553 5399 multa:
2585 5344 2714 5407 sint,
2756 5352 2849 5396 aut
2879 5342 2998 5396 dure
3033 5339 3223 5394 saltem
3249 5338 3561 5409 qualitates.

1979 5448 2038 5492 ut
2080 5437 2276 5492 dictum
2314 5446 2418 5500 est,
2488 5451 2713 5507 quarunt
2773 5433 3130 5490 dill‘erentiam
3185 5431 3560 5500 constituant;

1978 5545 2138 5584 unam
2163 5530 2307 5584 enim
2332 5528 2668 5598 qualitatem.
2691 5541 2808 5596 qua:
2827 5542 2946 5582 cum
2971 5525 3075 5579 alia
3131 5539 3352 5593 prorsus
3406 5524 3565 5580 mis'a

1977 5638 2082 5678 non
2111 5623 2404 5688 sit,secum
2425 5623 2590 5690 ipsam
2623 5620 2861 5684 dilierre,
2896 5633 3053 5674 nemo
3112 5632 3278 5673 sanus
3329 5629 3564 5687 unquam

1978 5694 2191 5770 dixerit.
2225 5715 2504 5784 Reliquum
2537 5714 2698 5784 igitur
2715 5723 2819 5777 est,
2843 5712 2994 5766 utvel
3022 5711 3088 5764 ab
3110 5711 3220 5781 ipsa
3251 5709 3392 5764 nuda
3417 5722 3570 5762 rece-

1976 5809 2108 5862 ὼιιι
2153 5805 2480 5867 differentia,
2517 5821 2638 5860 cum
2685 5805 3008 5875 intelligant,
3045 5804 3216 5875 ipsam
3246 5801 3466 5857 omnino
3491 5799 3565 5852 si-

1975 5897 2227 5962 gniﬁcare
2285 5897 2586 5965 aliquorum
2630 5898 3008 5967 diﬁercntiam,
3045 5898 3418 5970 quantitatem,
3481 5887 3572 5951 rei
