3846 6602
436 390 575 458 1047

1664 400 2046 460 summu
2086 386 2449 462 ΖιοἎΒΕΝι

3517 419 3633 481 1018

509 513 750 574 Adha‘r,
800 525 1041 581 quonam
1075 523 1236 583 pacto
1300 529 1404 566 nua
1463 514 1763 583 eademque
1813 522 2008 568 natura

2191 516 2312 579 ne,
2334 520 2390 571 δὲ
2420 522 2513 571 καὶ
2540 519 2638 589 μία
2664 518 2825 589 φύσις
2853 519 2964 573 τῶν
2993 520 3250 577 ἐναντίων
3267 525 3521 581 οὑσιωδῶν
3540 530 3633 585 δια·

439 606 901 662 substautialium
936 605 1366 661 diﬂ'erentiarum
1392 617 1583 663 mutuo
1646 610 2004 677 pugnantium

434 711 606 765 raan
640 694 905 763 erit?Qui
936 697 1087 751 enim
1121 696 1235 751 ﬁeri
1262 703 1464 767 potest,
1498 706 1560 752 ut
1579 699 1771 753 eadem
1806 696 2006 753 natura

436 788 622 853 simul,
660 798 713 844 et
742 797 922 844 creata
951 788 1042 843 sit.
1075 796 1130 843 et
1155 789 1443 855 inereata;
1495 788 1765 861 mortalis,
1818 798 1879 845 et
1909 792 2011 845 im-

439 880 717 947 mortalis;
747 880 1182 951 eircumscripta,
1208 889 1263 938 et
1287 882 1807 955 incircumscripta?

408 1032 412 1037 λ
506 971 887 1043 Monaphysita!
917 974 1189 1029 Christum
1213 984 1437 1047 utraque
1485 986 1682 1032 natura
1709 976 1999 1055 perfectum

440 1063 698 1131 fatentur.
726 1090 798 1104 --
826 1064 983 1129 Quod
1019 1064 1063 1120 si
1097 1065 1261 1119 etiam
1296 1064 1578 1121 Christum
1614 1075 1824 1122 natura:
1845 1068 2007 1124 unius

438 1168 559 1209 esse
583 1154 863 1219 dicentes,
903 1156 1212 1226 simplicem
1243 1158 1384 1212 hanc
1409 1173 1532 1214 esse
1590 1168 1864 1221 asseram,
1914 1168 2011 1217 aut

422 1244 649 1301 tntdum
686 1245 839 1301 illum
873 1248 1038 1302 Deum
1097 1248 1529 1315 conﬁtebuntur,
1569 1264 1778 1321 proque
1828 1251 2011 1307 incar-

442 1336 666 1392 natione
688 1352 892 1393 meram
919 1337 1154 1406 speciem
1181 1339 1459 1402 inducent.
1509 1351 1602 1396 aut
1650 1352 1797 1399 certe
1843 1344 2008 1401 veluti

437 1428 744 1491 Nestorius,
783 1430 1051 1487 hominem
1084 1447 1298 1499 purum.

511 1518 1009 1592 Nonophysilarum
1059 1537 1229 1589 error,
1295 1526 1434 1587 quod
1490 1536 1741 1581 ualui-am
1803 1547 1835 1583 a
1887 1547 2007 1600 pcr-

437 1630 569 1668 ωηο
617 1630 719 1669 non
770 1615 1121 1685 distinguant.
1150 1614 1443 1670 —Verum
1490 1618 1594 1673 hoc
1659 1619 1876 1675 demum
1926 1632 2009 1675 est

439 1707 583 1774 quod
628 1705 894 1760 haereticis
915 1705 1326 1769 errandicausa
1358 1716 1466 1769 est.
1529 1711 1677 1780 quod
1747 1721 1997 1768 naturain

443 1808 499 1853 et
569 1797 904 1869 hypostasim
982 1814 1103 1856 esse
1158 1799 1301 1857 idem
1357 1810 1623 1859 statuant.
1705 1801 1822 1860 Etsi
1882 1819 2009 1858 vero

2113 607 2297 677 φορῶν
2329 609 2555 675 δεκτικὴ
2610 611 2936 680 γενήσεται;
2999 611 3125 677 Πῶς
3176 614 3284 686 γὰρ
3321 616 3527 673 δυνατὸν
3554 624 3633 692 τὴν

2112 700 2285 771 αὑτὴν
2323 701 2488 771 φύσιν
2517 702 2663 756 κατὰ
2690 703 2890 757 ταύτὸν
2920 704 3146 775 κτιστὴν
3196 702 3339 759 εἶναι
3385 713 3469 762 καὶ
3501 712 3629 767 ἀκτι-

2116 808 2261 855 στον,
2294 794 2495 865 θνητὴν
2525 795 2620 849 καὶ
2651 796 2941 863 ἀθάνατον,
2982 800 3372 869 περιγραπτὴν
3402 802 3488 855 καὶ
3513 806 3627 859 ἀπε-

2114 886 2418 958 ρίγραπτον
2450 906 2465 955 ;

2132 1026 2133 1029 η
2184 980 2245 1034 Εἰ
2274 980 2330 1034 δὲ
2367 984 2499 1050 μιᾶς
2525 983 2777 1052 λέγοντες
2810 983 2900 1037 τὸν
2954 982 3190 1053 Χριστὸν
3221 982 3456 1053 φύσεως,
3487 986 3634 1059 ἀπλῆν

2110 1074 2314 1144 ταύτην
2342 1072 2573 1140 εἴποιεν,
2606 1078 2641 1145 ἡ
2669 1077 2879 1147 γυμνὸν
2908 1077 3074 1132 αὑτὸν
3107 1076 3243 1131 Θεὸν
3263 1076 3634 1150 ὁμολογήσουσι,

2110 1167 2207 1219 καὶ
2238 1169 2541 1235 φαντασίαν
2568 1169 2899 1236 εἰσάξουσιν,
2936 1170 3039 1227 οὐκ
3069 1170 3499 1243 ἑνανθρὼπησιν,
3520 1173 3551 1247 ἢ
3572 1176 3639 1246 ψι-

2111 1252 2201 1308 λὸν
2236 1255 2523 1329 ἄνθρωπον
2552 1261 2695 1316 κατά
2727 1261 3045 1332 Νεστόριον.

2199 1534 2358 1586 Ἀ).λά
2393 1532 2550 1587 τοῦτό
2576 1535 2694 1587 ἐστι
2751 1535 2814 1589 τὸ
2863 1536 3056 1589 ποιοῦν
3102 1538 3219 1599 τοῖς
3256 1537 3536 1607 αἱρετικοις
3564 1539 3639 1611 τὴν

2116 1623 2350 1694 πλάνην,
2377 1624 2437 1678 τὸ
2468 1624 2632 1679 ταὺτὸ
2660 1624 2843 1694 λέγειν
2863 1625 2964 1697 τὴν
3014 1626 3204 1695 φύσιν,
3235 1628 3338 1681 καὶ
3364 1627 3483 1697 ’τὴν
3529 1629 3635 1683 ὑπό-

2115 1732 2333 1771 στασιν.
2402 1716 2624 1788 Ἐπειδὴ
2680 1716 2738 1769 δὲ
2803 1717 2935 1787 μίαν
3002 1717 3114 1772 τῶν
3160 1717 3468 1788 ἀνθρώπων
3511 1719 3638 1788 φύσιν

2117 1810 2323 1878 φαμὲν,
2355 1808 2528 1862 ἰστέον
2565 1808 2641 1874 ὡς
2671 1808 2773 1863 οὑκ
2798 1810 3120 1881 ἀφορῶντες
3149 1811 3237 1874 είς
3262 1808 3351 1865 τὸν
3383 1811 3477 1881 τῆς
3502 1810 3641 1881 ψυχῆς

439 1902 605 1943 unam
638 1886 920 1943 hominum
959 1903 1084 1946 esse
1111 1888 1433 1947 dictitamus
1454 1929 1468 1953 ,
1502 1897 1559 1946 st
1593 1905 1703 1947 non
1736 1893 1919 1947 anima
1962 1903 2008 1949 et

2115 1896 2201 1949 ιιαὶ
2234 1894 2331 1949 τοῦ
2394 1893 2650 1966 σώματος
2705 1894 2887 1965 λόγον,
2940 1896 3100 1952 τοῦτο
3136 1896 3405 1967 λέγομεν·
3433 1900 3646 1955 ἀδύνατον

440 1992 673 2049 corpore
700 1979 999 2049 spectatis;
1032 1994 1158 2036 eum
1195 1982 1311 2038 ﬁeri
1345 2000 1448 2039 non
1483 1983 1691 2055 possit,
1722 1992 1781 2039 ut
1805 1998 2009 2054 corpus

2114 1984 2224 2053 γὰρ
2254 1987 2380 2055 μιᾶς
2408 1984 2621 2054 φύσεως
2645 1986 2825 2056 λέγειν
2851 1987 2954 2057 τὴν
2972 1987 3153 2058 ψυχὴν
3176 1989 3279 2043 καὶ
3295 1988 3359 2042 τὸ
3377 1989 3524 2059 σῶμα
3544 1994 3647 2062 apii;

440 2077 494 2121 et
518 2068 759 2123 animam
788 2070 953 2125 simul
978 2078 1349 2142 comparando
1376 2076 1542 2131 unius
1562 2090 1627 2131 ea
1648 2089 1777 2131 esse
1799 2084 2008 2132 naturae

2115 2076 2315 2148 ἄλληλα
2346 2079 2772 2150 συγκρινόμενα.
2832 2080 2975 2133 Ἀλλ’
3026 2082 3217 2152 ἐπειδὴ
3281 2080 3517 2134 πλεῖσται
3548 2083 3645 2134 ὑπο-

368 2189 377 2196 -
440 2156 773 2214 aﬂirmemus
802 2177 814 2213 :
848 2160 941 2215 sed
975 2160 1104 2231 quia
1140 2161 1384 2234 plurimae
1425 2163 1708 2218 hominum
1742 2164 2005 2236 hyposta-

442 2265 532 2304 ses
582 2257 637 2304 et
684 2264 931 2320 personae
989 2260 1154 2320 sunt,
1203 2256 1448 2311 eamdem
1499 2271 1692 2313 omnes
1739 2257 2007 2311 rationem

442 2351 655 2397 natura:
690 2342 982 2412 recipiunt.
1016 2345 1217 2401 Omnes
1246 2347 1450 2420 quippe
1483 2362 1714 2419 corpore
1747 2358 1798 2403 et
1830 2349 2011 2403 anima

440 2440 734 2501 constant,
766 2449 1103 2505 omnesque,
1147 2452 1271 2491 cum
1314 2440 1509 2495 animae
1551 2448 1802 2495 naturam
1844 2440 2014 2512 parti-

442 2523 666 2592 cipant,
703 2533 814 2580 tum
847 2529 1100 2598 corporis
1149 2530 1519 2586 substantiam
1578 2531 1817 2597 habent,
1861 2545 2014 2585 com-

2114 2170 2338 2233 στάσεις
2376 2168 2486 2222 τῶν
2543 2169 2846 2243 ἀνθρώπων
2888 2172 3015 2237 εἰσὶ,
3050 2171 3256 2235 πάντες
3309 2171 3367 2225 δὲ
3400 2172 3483 2225 τὸν
3522 2174 3646 2225 αὐτὸν

2116 2260 2457 2333 ἐπιδέχονται
2483 2260 2640 2329 λόγον
2659 2261 2756 2331 τῆς
2780 2260 2996 2330 φύσεως
3017 2277 3031 2292 ο
3060 2262 3268 2324 πάντες
3298 2261 3405 2330 γὰρ
3440 2261 3647 2331 ὲκψυχῆς

2116 2354 2222 2406 εἱσι
2258 2353 2683 2421 συντεθειμένοι,
2728 2353 2823 2407 καὶ
2881 2351 3155 2423 σώματος,
3190 2352 3290 2405 καὶ
3345 2353 3530 2415 πάντες
3574 2354 3647 2421 τῆς

2116 2441 2330 2513 φύσεως
2357 2442 2456 2511 τῆς
2491 2441 2671 2511 ψυχῆς
2695 2440 3052 2511 μετειλήφασι
3078 2479 3092 2503 ,
3130 2442 3226 2495 καὶ
3260 2442 3365 2512 τὴν
3390 2441 3556 2495 οὐσίαν
3578 2440 3646 2494 τοῦ

2116 2533 2365 2604 σώματος
2392 2533 2690 2604 κέκτηνται
2712 2574 2726 2599 ,
2778 2533 2872 2588 καὶ
2896 2533 2955 2587 τδ
2985 2533 3163 2588 κοινὸν
3192 2530 3340 2597 εἶδος
3360 2550 3374 2565 ’
3410 2533 3509 2587 τῶν
3535 2532 3649 2587 πλεί-

445 2630 781 2687 muncmque
808 2619 1069 2689 speciem.
1103 2619 1223 2686 Quo
1258 2620 1317 2674 ﬁt
1348 2629 1409 2675 ut
1440 2620 1798 2692 plurimarum
1835 2619 2017 2674 diver-

416 2721 740 2777 sarumque
793 2724 1152 2780 personarum
1214 2728 1375 2767 unam
1427 2722 1678 2768 naturam
1728 2711 2013 2774 dicamits,

442 2814 566 2852 eum
597 2800 851 2858 videlicet
898 2803 1127 2874 singulm
1157 2819 1404 2874 personae
1435 2806 1707 2877 duplicem
1754 2812 2006 2859 naturam

445 2890 716 2957 habeant,
748 2900 802 2948 et
846 2893 902 2948 in
943 2892 1162 2951 duabus
1208 2897 1454 2963 naturis,
1505 2896 1754 2968 corporis
1805 2895 2015 2952 scilicet

443 2987 498 3034 et
527 2981 728 3038 animae
746 3025 761 3051 ,
794 2992 1015 3043 exstare
1039 2995 1391 3044 censeantur.

418 3106 423 3111 ·
511 3088 578 3141 At
608 3103 739 3144 vero
768 3087 814 3120 “
847 3087 906 3143 in
936 3085 1169 3141 Domino
1214 3094 1407 3142 nostro
1454 3085 1585 3143 Jesu
1630 3086 1852 3141 Christo
1910 3102 2008 3144 non

2193 3080 2317 3135 Ἐπὶ
2342 3083 2397 3137 δὲ
2429 3083 2522 3137 τοῦ
2547 3083 2752 3155 Κυρίου
2784 3082 2941 3154 ἡμῶν
2974 3082 3151 3155 Ἰησοῦ
3181 3082 3424 3157 Χριστοῦ
3446 3084 3534 3137 οὐκ
3560 3082 3647 3134 ἔστι

420 3187 623 3251 potest
657 3180 832 3251 accipi
863 3180 1175 3236 communis
1209 3178 1443 3250 species.
1478 3178 1665 3249 Neque
1697 3177 1844 3234 enim
1878 3176 2008 3243 fuit.

2115 3176 2284 3229 κοινὸν
2323 3172 2461 3242 εἶδος
2506 3178 2711 3235 λαϐεῖν.
2751 3176 2892 3232 Οὔτε
2942 3177 3052 3249 γὰρ
3081 3176 3325 3245 ἐγένετο,
3366 3176 3480 3229 οὐδέ
3508 3178 3642 3239 ἐστιν,

444 3288 544 3327 uec
573 3282 658 3327 est
684 3312 699 3337 ,
728 3286 830 3327 nec
859 3265 1101 3342 unquam
1136 3270 1242 3326 erit
1273 3270 1420 3326 alius
1449 3270 1703 3325 Christus
1730 3285 1793 3325 ex
1822 3270 2008 3325 deitate

2115 3267 2231 3323 οὔτε
2257 3268 2389 3322 ποτὲ
2433 3270 2725 3340 γενήσεται
2776 3268 2934 3332 ἄλλος
2966 3269 3201 3340 Χριστὸς
3232 3269 3297 3322 ὲκ
3331 3267 3561 3337 θεότητός
3600 3283 3644 3316 τε

440 3369 496 3416 et
531 3360 907 3425 humanitate,
945 3360 1111 3432 inque
1154 3360 1358 3416 deitate
1402 3368 1456 3415 et
1496 3359 1845 3416 humanitate
1876 3359 2008 3415 idem

2115 3358 2206 3413 καὶ
2250 3359 2704 3432 ἀνθρωπότητος,
2766 3364 2824 3414 ὲν
2889 3361 3105 3430 θεότητι
3153 3360 3249 3412 καὶ⁵
3285 3358 3643 3430 ἀνθρωπότητι,

443 3452 719 3523 perfectus
753 3451 898 3508 Deus
920 3493 934 3519 ,
960 3460 1014 3509 et
1045 3450 1327 3522 perfectus
1361 3452 1545 3507 homo.
1580 3450 1715 3504 llinc
1747 3448 1837 3515 ﬁt,
1875 3458 1933 3503 ut
1964 3458 2008 3504 in

2115 3447 2242 3512 Θεὸς
2268 3449 2470 3513 τέλειος
2495 3452 2523 3505 ό
2554 3451 2738 3517 αὑτὸς,
2770 3452 2863 3505 καὶ
2885 3451 3173 3522 ἄνθρωπος
3205 3449 3432 3512 τέλειος.
3470 3446 3645 3501 Ἕντεῦο

444 3541 674 3597 Domino
704 3551 897 3598 nostro
928 3541 1057 3599 Jesu
1108 3542 1327 3597 Christo
1376 3534 1573 3596 natura
1627 3555 1734 3594 una
1785 3540 2008 3595 dicenda

2115 3539 2204 3591 θεν
2254 3541 2353 3594 οὑκ
2414 3541 2560 3595 ἔστιν
2622 3542 2795 3595 εἰπεῖν
2852 3542 2982 3612 μίαν
3018 3542 3183 3610 φύσιν
3208 3541 3304 3594 ἐπὶ
3346 3540 3439 3594 τοῦ
3480 3539 3644 3606 Κυρίου

443 3652 551 3690 non
588 3637 695 3702 sit,
730 3645 784 3690 ut
819 3634 1011 3690 eodem
1047 3633 1212 3689 modo
1243 3631 1309 3687 de
1343 3633 1565 3687 Christo
1598 3632 1690 3702 qui
1726 3648 1791 3686 ex
1820 3631 2008 3687 deitatt

2115 3630 2267 3700 ἡμῶν
2306 3630 2479 3703 Ἰησοῦ
2514 3631 2775 3702 Χριστοῦ,
2807 3631 2995 3704 ὥσπερ
3026 3632 3119 3685 ἐπὶ
3166 3631 3261 3685 τοῦ
3307 3630 3506 3700 ἀτόμου
3542 3628 3563 3665 ι
3598 3629 3646 3679 ὲκ

441 3736 497 3783 et
527 3727 872 3781 humanitate
898 3726 1237 3795 compositus
1265 3733 1383 3788 est,
1415 3726 1725 3795 loquamur,
1755 3723 1922 3779 veluti
1952 3721 2008 3779 dt

2115 3719 2292 3790 ψυχῆς
2331 3723 2425 3776 καὶ
2450 3722 2700 3794 σώματος
2738 3723 3127 3795 συγκειμένου,
3166 3723 3311 3776 οὕτω
3352 3724 3446 3776 καὶ
3468 3722 3549 3775 ἐπὶ
3574 3720 3645 3773 τοῦ

442 3818 732 3874 individuo
762 3816 909 3889 quod
942 3832 1172 3886 corpore
1205 3824 1259 3870 et
1291 3816 1472 3869 anima
1509 3823 1745 3869 constat.
1794 3813 1913 3868 lllic
1946 3812 2008 3869 si-

2115 3816 2351 3885 Χριστοῦ
2384 3817 2447 3869 ἐκ
2468 3815 2718 3887 θεότητος
2774 3814 2868 3870 καὶ
2917 3814 3362 3887 ἀνθρωπότητος.
3412 3814 3545 3866 Ἐκεῖ
3570 3812 3646 3882 μὲν

440 3909 663 3979 quidem
699 3907 1046 3962 individuum
1091 3918 1211 3971 est;
1265 3915 1321 3961 at
1365 3905 1623 3960 Christus
1673 3918 2008 3973 nequaquam

2115 3912 2222 3982 γὰρ
2249 3911 2469 3979 ἄτομον,
2498 3909 2525 3959 ό
2550 3906 2604 3960 δὲ
2634 3905 2870 3973 Χριστὸς
2898 3905 2999 3959 οὑκ
3030 3904 3231 3974 ἄτομον
3253 3920 3266 3933 '
3293 3904 3417 3958 οὑδὲ
3436 3903 3532 3972 γὰρ
3560 3903 3645 3970 ἔχει

440 4012 524 4055 est
555 3999 900 4055 individuum
932 4016 945 4053 :
981 4012 1157 4067 neque
1205 3997 1350 4051 enim
1399 3994 1784 4056 Christitatis,
1835 4002 1895 4047 ut
1947 3994 2008 4048 ita

2115 3998 2592 4071 κατηγορούμενον
2656 3992 2792 4057 εἶδος
2844 3994 3229 4065 ΧριστότητοςΔ
3268 3993 3361 4045 Διὸ
3385 3994 3446 4062 δὴ
3482 3995 3537 4045 ἐκ
3578 3988 3647 4043 δύο

440 4092 622 4147 dicam
643 4090 927 4161 ,‘speciem
962 4087 1236 4157 ejusmodi
1277 4088 1476 4151 habet,
1509 4085 1576 4141 de
1604 4101 1710 4156 qua
1760 4086 2008 4157 pra2dice-

2116 4093 2331 4163 φύσεων
2389 4088 2632 4151 τελείων,
2666 4085 2816 4147 θείας
2870 4102 2927 4138 τε
2964 4085 3058 4137 καὶ
3104 4084 3475 4155 ἀνθρωπίνης,
3505 4082 3648 4151 φαμὲν

442 4196 548 4239 tur.
582 4186 659 4238 Ac
692 4182 922 4253 proinde
967 4197 1031 4237 ex
1075 4181 1288 4237 duabus
1335 4180 1548 4236 naturis
1580 4180 1844 4250 perlectis
1870 4223 1883 4245 ,
1916 4181 2008 4236 hot

2118 4182 2440 4254 γεγενῆσθαι
2462 4180 2559 4250 τὴν
2582 4180 2805 4232 ἕνωσιν·
2844 4176 2905 4229 οὑ
2955 4175 3097 4229 κατά
3142 4174 3387 4245 φυρμὸν,
3420 4174 3450 4245 ἢ
3487 4172 3647 4242 σύγχυ-

442 4286 564 4339 est,
596 4276 782 4331 divina
809 4284 864 4329 et
892 4273 1165 4340 humana,
1199 4273 1460 4327 unionem
1492 4286 1618 4328 esse
1649 4272 1849 4326 factam
1882 4272 2008 4326 dici-

2120 4291 2221 4339 σιν,
2264 4273 2297 4343 ἢ
2329 4271 2631 4341 σύγκρασιν
2657 4267 2702 4333 ι,
2729 4268 2763 4339 ἢ
2797 4268 3124 4338 ἀνάκρασιν,
3160 4265 3234 4326 ὡς
3255 4266 3285 4317 ό
3311 4264 3551 4336 θεήλατος
3568 4262 3646 4330 ἔφη

441 4383 567 4423 mus
589 4404 603 4430 ,
636 4381 746 4423 non
782 4366 847 4418 ad
885 4364 1106 4419 modum
1142 4363 1555 4435 conspersionis
1578 4405 1593 4430 ,
1626 4377 1728 4417 nee
1759 4376 1857 4432 per
1884 4376 2008 4416 con«

2116 4366 2428 4437 Διόσκορος,
2472 4361 2777 4432 Εὑτυχήςω
2818 4376 2900 4421 τε,
2939 4358 3033 4411 καὶ
3073 4356 3336 4428 Σευῆρος,
3365 4356 3455 4410 καὶ
3492 4356 3521 4425 ὴ
3554 4352 3649 4406 τού-

440 4459 716 4514 fusiouem
744 4498 756 4523 ,
789 4457 871 4511 vel
902 4456 1338 4511 rommistionem
1361 4496 1375 4519 ,
1408 4464 1502 4510 aut
1532 4455 2008 4525 temperationem,

2117 4474 2224 4509 των
2250 4454 2445 4524 ἐναγὴς
2472 4452 2751 4522 συμμορία
2778 4467 2791 4480 ·
2826 4449 2948 4503 οὑδὲ
3001 4448 3388 4521 προσωπικὴν,
3419 4446 3450 4517 ἢ
3505 4461 3649 4514 σχετι-

440 4548 909 4620 quemadmodum
941 4547 1035 4601 ille
1071 4545 1328 4600 Numinis
1356 4550 1435 4600 ira
1479 4546 1764 4602 immissus
1797 4544 2008 4601 Diosco-

2117 4544 2238 4613 κήν,
2272 4529 2449 4615 ἢκατ*
2468 4542 2645 4606 ἀξίαν,
2686 4541 2719 4613 ἢ
2770 4537 3183 4602 ταυτοὸουλίαν,
3234 4537 3268 4608 ἥ
3316 4531 3648 4605 όμοτιμίαν,ῆ

436 4602 570 4709 rus,
618 4638 894 4711 Entyches
941 4639 1105 4702 item,
1156 4647 1209 4691 et
1257 4636 1533 4704 Severus,
1582 4638 1788 4709 quique
1844 4636 2008 4707 impia

2115 4602 2457 4705 ὁμωνυμίαν,
2486 4602 2532 4703 ἢ*
2551 4602 2822 4694 εὐδοκίαν,
2858 4630 2933 4693 ὡς
2966 4629 2994 4680 ό
3029 4602 3328 4697 θεοστυγὴς
3352 4602 3456 4694 ἔφη
3478 4602 3651 4677 νΝεστόο

438 4747 631 4789 eorum
657 4731 859 4788 classis
885 4738 1053 4798 sunt,
1083 4738 1443 4788 asseruerunt
1469 4749 1481 4785 :
1511 4744 1613 4787 nec
1638 4730 2008 4802 personalem,

2122 4742 2257 4797 ριος,
2322 4724 2585 4794 Διόδωρός
2636 4740 2718 4787 τε,
2772 4723 2867 4775 καὶ
2913 4722 2941 4774 ό
2975 4719 3354 4790 Μοψουεστίας
3398 4716 3648 4784 Θεόδωρος,

432 4834 533 4880 aut
564 4824 871 4881 secundum
904 4822 1229 4878 relationem
1253 4861 1267 4886 ,
1302 4831 1396 4876 aut
1426 4821 1482 4875 in
1528 4821 1744 4878 ratione
1783 4819 2008 4892 dignita-

2118 4818 2210 4871 καὶ
2239 4818 2272 4888 ἡ
2303 4816 2509 4870 τούτων
2535 4812 2893 4884 δαιμονιώδης
2912 4814 3202 4884 ὁμήγυρις,
3227 4810 3368 4864 ἀλλὰ
3398 4808 3525 4863 κατὰ
3554 4805 3648 4857 σύν-

436 4919 510 4972 tis
532 4958 547 4981 ,
579 4922 677 4970 aut
708 4916 764 4970 in
803 4929 913 4969 una
940 4904 1245 4969 voluntatis
1285 4915 1728 4985 conspiratione,
1776 4921 1874 4968 aut
1917 4912 2008 4967 ho-

2119 4907 2289 4969 θεσιν.
2317 4908 2484 4979 ἤγουν
2508 4907 2629 4960 καθ’
2662 4906 2982 4967 ὑπόστασιν,
3022 4902 3332 4973 ἀτρέπτως,
3383 4900 3470 4953 καὶ
3517 4899 3649 4960 ἀσυτο

437 5009 593 5065 noris
622 5007 921 5078 qualitate,
951 5014 1047 5061 aut
1077 5006 1266 5062 eadem
1301 5020 1365 5061 ac
1396 5007 1705 5077 promiscua
1734 5019 2008 5075 nuncupa-

2117 4998 2316 5069 χύτως,
2354 4999 2449 5052 καὶ
2481 4996 2875 5061 ἀναλλοιώτως,
2908 4995 3001 5049 καὶ
3025 4992 3377 5063 ἀδιαιρέτως,
3412 4991 3495 5044 καὶ
3528 4987 3649 5041 ἀδια-

436 5104 619 5166 tione,
654 5108 751 5156 aut
777 5099 1161 5155 benevolentia
1212 5098 1490 5170 positam,
1537 5105 1597 5151 ut
1647 5096 1757 5153 Deo
1807 5098 2008 5153 invisus

2122 5098 2355 5160 στάτως,
2407 5097 2503 5150 καὶ
2535 5098 2592 5150 ὲν
2621 5095 2740 5149 δυσὶ
2774 5093 2967 5164 φύσεσι
3000 5091 3219 5153 τελεὶως
3263 5089 3522 5158 ἐχούσαις,
3549 5083 3649 5154 μίαν

432 5193 725 5248 Nestorius
747 5233 761 5259 ,
798 5191 1183 5261 Diodorusque
1206 5228 1221 5254 ,
1252 5196 1309 5244 ct
1344 5187 1807 5258 Mopsuestiensis
1837 5187 2008 5243 Theo-

2121 5191 2418 5244 ὑπόστασιν
2446 5186 2816 5258 ὁμολογοῦμεν
2844 5185 2938 5238 τοῦ
2982 5184 3113 5237 Υἱοῦ
3146 5181 3239 5235 τοῦ
3279 5180 3436 5243 Θεοῦ,
3464 5176 3547 5231 καὶ
3585 5191 3649 5226 σε-

437 5285 640 5349 dorus,
674 5299 801 5339 cum
830 5283 1103 5338 diabolica
1138 5297 1237 5338 sua
1266 5288 1484 5335 caterva
1517 5290 1888 5336 censuerunt:
1926 5282 2008 5335 sec‘

2122 5278 2496 5353 σαρκωμένου,
2530 5279 2629 5350 τὴν
2654 5277 2822 5347 αὐτὴν
2844 5276 3139 5329 ὑπόστασιν
3165 5272 3414 5341 λέγοντες
3447 5269 3531 5339 τῆς
3557 5264 3645 5317 θεό-

432 5392 535 5446 pcr
557 5376 1013 5447 compositionem
1037 5415 1051 5441 ,
1076 5373 1182 5429 hoc
1202 5380 1284 5428 est
1310 5371 1615 5427 secundum
1641 5370 2008 5443 hypostasim,

2118 5390 2282 5443 τητος
2334 5373 2427 5426 καὶ
2477 5371 2579 5441 τῆς
2622 5369 3040 5442 ἀνθρωπότητος
3092 5366 3281 5432 αὑτοῦ,
3337 5366 3428 5419 καὶ
3464 5362 3551 5424 τὰς
3578 5356 3651 5447 δύο

441 5471 562 5525 sine
596 5468 707 5523 ulla
738 5467 1105 5523 conversione
1126 5507 1139 5530 ,
1175 5479 1274 5519 nec
1306 5463 1632 5518 confusione
1655 5506 1669 5529 ,
1706 5477 1808 5517 nec
1842 5460 2008 5515 muta-

2119 5465 2312 5538 φύσεις
2364 5462 2749 5534 ὁμολογοῦντες
2810 5458 3081 5526 σώζεσθαι
3127 5459 3185 5511 ὲν
3236 5456 3387 5526 αὑτῷ
3430 5450 3549 5524 μετά
3574 5445 3650 5515 τὴν

440 5564 628 5626 tione,
661 5571 763 5613 nec
797 5556 1071 5611 divisione
1094 5593 1108 5617 ,
1140 5567 1243 5607 nec
1267 5552 1533 5607 distantia
1555 5591 1570 5618 ,
1605 5552 1773 5620 inque
1808 5548 2008 5603 duabus

2120 5558 2349 5611 ἕνωσιν·
2388 5557 2487 5609 οὐκ
2548 5555 2651 5626 ἰδίᾳ
2696 5554 2791 5607 καὶ
2849 5552 3120 5624 ἀναμέρος
3168 5549 3408 5610 τιθέντες
3435 5544 3649 5601 ἑκάστηνι

441 5650 706 5722 perfectis
735 5647 952 5704 naturis
985 5661 1147 5700 unam
1178 5644 1301 5698 Filii
1335 5644 1427 5700 Dei
1478 5652 1533 5698 et
1587 5642 1857 5697 incarnati
1893 5656 2008 5710 per,

2122 5648 2233 5702 ἀλλ’
2275 5648 2560 5717 ἡνωμένας
2590 5645 2848 5716 ἀλλήλαις
2877 5647 2933 5699 ἐν
2962 5646 3027 5714 τῇ
3067 5643 3164 5712 μιᾷ
3188 5639 3421 5708 συνθέτῳ
3451 5630 3648 5688 ὑποστά-

445 5757 638 5800 snnam
674 5740 1005 5795 conﬁtemur
1052 5753 1069 5802 ;
1193 5749 1357 5789 unam
1416 5735 1665 5789 dicentes
1714 5732 2008 5788 divinitatis

2122 5759 2224 5796 σει,
2255 5739 2498 5810 Οὐσιὼδη
2536 5740 2643 5810 γάρ
2674 5757 2854 5810 φαμεν
2888 5738 2982 5807 τὴν
3015 5736 3231 5800 ἕνωσιν,
3266 5730 3522 5785 τουτέστιν
3544 5724 3641 5791 ἀλη-

446 5834 622 5904 ipstus
654 5839 706 5886 et
739 5829 1105 5885 humanitatis
1143 5825 1522 5900 ltypostasim.
1754 5825 1888 5881 duas
1922 5837 2008 5877 au.

2123 5834 2212 5902 Θῆ,
2242 5834 2333 5888 καὶ
2367 5834 2424 5886 οὐ
2460 5833 2600 5887 κατὰ
2633 5831 2949 5902 φαντασίαν.
2986 5827 3230 5899 υύσιώδη
3266 5825 3343 5889 δὲ,
3368 5822 3453 5889 οὐχ
3478 5821 3540 5881 ὼς
3565 5816 3637 5869 τιῖη

2118 2640 2258 2677 στων
2300 2623 2395 2677 καὶ
2428 2623 2702 2695 διαφόρων
2723 2624 3077 2678 ὑποστάσεων
3119 2623 3252 2694 μίαν
3278 2622 3446 2691 φύσιν
3473 2622 3646 2691 φαμένο

2120 2716 2358 2786 ἑκάστης
2404 2714 2607 2787 δηλαδὴ
2655 2716 3007 2779 ὑποστάσεως
3051 2713 3145 2769 δύο
3190 2713 3389 2783 φύσεις
3435 2715 3642 2783 ἐχούσης,

2116 2806 2211 2863 καὶ
2242 2809 2299 2859 ὲν
2324 2807 2447 2859 δυσὶ
2477 2806 2740 2876 τελούσης
2765 2808 2886 2869 ταῖς
2918 2804 3138 2876 φύσεσι,
3169 2805 3355 2877 ψυχῆς
3385 2802 3537 2872 λέγω,
3580 2800 3650 2856 καὶ

2123 2916 2397 2970 σωματος.
