3952 6560
341 425 479 490 1049
1284 431 1656 493 PANOPLIA
1694 431 2150 495 DOGMATICA.
2183 460 2251 469 --
2288 435 2437 495 'l‘lT.
2476 436 2624 498 XVI.
3443 443 3583 510 105’}:

328 572 423 627 δύο
453 573 671 641 φύσεων
743 564 1159 631 ἀποὲελεσασῶν
1214 576 1343 647 μίαν
1404 576 1661 631 σύνθετον
1719 579 1908 650 φύσιν,

2008 582 2120 630 tem
2148 584 2273 645 post
2303 576 2612 633 unitionem
2643 584 2871 632 naturas
2901 577 2956 632 in
2987 578 3108 647 ipso
3136 579 3439 639 incolumes
3463 598 3578 638 εει-ι

328 665 450 719 ἀλλ’
476 666 780 720 ἑνωθεισῶν
809 667 1068 739 ἀλλήλαις
1093 670 1212 723 κατ’
1238 668 1493 739 ἀλήθειαν
1519 674 1599 734 είς
1624 672 1753 742 μίαν
1779 671 1910 725 ὑπό-

2010 668 2124 722 vari
2160 668 2526 724 conﬁtentes:
2566 683 2675 723 non
2708 669 2783 722 ita
2825 677 3006 724 tamen
3049 679 3113 722 ut
3154 679 3443 743 utramque
3484 675 3577 729 ha-

333 774 523 810 στασιν
578 758 832 812 σύνθετον
879 760 975 813 τοῦ
1031 761 1160 814 Υἱοὺ
1200 761 1294 814 τοῦ
1324 762 1483 827 Θεοῦ,
1517 768 1609 816 καὶ
1638 764 1908 827 σώζεσθαι

2010 774 2128 811 rum
2163 758 2394 813 seorsim
2430 773 2733 828 ponamus,
2786 775 2974 816 verum
3025 763 3079 816 in
3138 778 3244 816 una
3275 765 3580 833 composita

329 848 512 901 αὑτῶν
563 852 656 921 τὴν
692 851 922 924 οὑσιώδη
969 853 1235 922 διαφορὰν
1291 854 1615 924 ὁριζόμεθα.
1672 856 1744 908 Τὸ
1801 857 1908 927 γὰρ

2008 864 2243 918 persona
2295 850 2440 905 inter
2495 865 2555 905 se
2604 850 2912 920 copulatas.
2958 852 3385 910 Substantialem
3434 857 3579 910 enim

331 941 567 1005 κτιστδν,
607 943 886 1013 μεμένηκε
924 945 1165 1008 κτιστὸν,
1207 945 1305 1000 καὶ
1338 946 1398 999 τὸ
1438 948 1715 1009 ἄκτιστον,
1750 948 1907 1001 ἄκτι-

2004 956 2131 998 essc
2168 941 2311 995 Itanc
2338 942 2598 997 unionem
2637 942 2909 1009 dicimus,
2966 944 3069 999 hoc
3120 955 3246 1008 est,
3297 963 3480 1002 veram
3529 957 3583 1001 et

330 1046 476 1085 στον.
521 1030 595 1083 Τὸ
643 1032 835 1102 θνητὸν
884 1034 1067 1103 ἔμεινε
1099 1035 1315 1106 θνητὸν,
1368 1038 1462 1089 καὶ
1512 1038 1574 1090 τὸ
1602 1037 1903 1099 ἀθάνατον,

2006 1046 2113 1084 non
2165 1028 2569 1100 imaginariam.
2621 1030 3055 1087 Substantialem
3112 1044 3294 1090 autem
3334 1074 3350 1100 ,
3472 1053 3579 1091 non

326 1119 598 1175 ἀθάνατον
618 1137 633 1150 ⁸
668 1122 727 1175 τὸ
750 1124 1146 1194 περιγραπτὸν,
1181 1125 1558 1194 περιγραπτόν
1576 1143 1588 1155 ·
1616 1124 1677 1177 τὺ
1707 1125 1905 1195 ἀπερί-

2003 1119 2147 1190 quod
2177 1118 2298 1173 duae
2326 1129 2539 1173 natura:
2567 1133 2730 1173 unam
2767 1123 3127 1190 compositam
3164 1135 3415 1179 naturam
3447 1126 3577 1181 elle-

325 1225 595 1277 γραπτον,
623 1211 1066 1283 ἀπερίγραπτονο
1091 1214 1152 1266 τὸ
1180 1214 1375 1283 ὁρατὸν
1396 1252 1412 1274 ,
1448 1214 1664 1285 ὁρατὸν,
1715 1215 1809 1269 καὶ
1842 1214 1903 1269 τὸ

2006 1210 2217 1276 cerint;
2250 1210 2346 1265 sed
2373 1212 2520 1280 quod
2554 1211 2607 1263 in
2634 1224 2800 1265 unam
2824 1212 2946 1267 Filii
2976 1212 3066 1268 Dei
3101 1218 3459 1286 compositam
3486 1219 3581 1288 Ity-

324 1301 578 1370 ἀόρατον,
607 1303 869 1371 ἀόρατον·
900 1323 918 1355 ι
942 1305 1017 1357 Τὸ
1051 1304 1150 1373 μὲν
1175 1305 1471 1375 διαλάμπει
1497 1306 1608 1368 τοῖς
1638 1304 1902 1377 θαύμασι,

2002 1303 2280 1372 postasim
2312 1301 2456 1356 inter
2485 1316 2546 1357 se
2572 1302 2739 1358 unitas
2764 1304 2897 1358 sint.
2942 1305 3201 1370 Quinimo
3240 1308 3581 1364 substantia-

332 1391 393 1443 τὸ
415 1392 474 1444 δὲ
497 1396 617 1457 ταῖς
646 1393 867 1464 ὑσρεσιν
900 1394 1314 1449 ὑποπέπτωκεν.
1356 1412 1374 1446 ι

2009 1394 2111 1448 lem
2136 1408 2324 1448 earum
2352 1392 2718 1449 dill'erentiam
2742 1394 3010 1466 integratn
3035 1408 3089 1452 et
3112 1398 3441 1453 incolumem
3474 1418 3584 1454 ser-

333 1487 450 1541 vari
472 1485 787 1541 statuimus.
824 1483 961 1540 Nam
986 1493 1234 1540 creatum
1269 1484 1475 1540 mansit
1498 1485 1643 1555 quod
1671 1491 1917 1540 creatum
1957 1491 2077 1548 est,
2116 1491 2171 1538 et
2198 1484 2543 1547 increatum,
2579 1485 2728 1552 quod
2767 1485 3071 1541 increatum
3102 1506 3117 1554 ;
3168 1490 3315 1559 quod
3354 1495 3582 1549 mortale

328 1583 453 1642 est,
504 1575 792 1629 mortalem
828 1574 1172 1644 permansit,
1227 1582 1279 1628 et
1318 1574 1632 1630 immortale
1684 1574 1830 1645 quod
1872 1573 2223 1638 immortale;
2286 1574 2804 1642 circumscriptum,
2864 1578 3011 1645 quod
3062 1578 3579 1652 circumscriptum,

328 1664 907 1736 incircumscriptum,
950 1664 1095 1735 quod
1130 1666 1709 1736 incircnmscriptum;
1766 1665 2016 1732 visibilc,
2074 1666 2217 1735 quod
2255 1665 2470 1722 visibile
2496 1684 2511 1732 ;
2542 1674 2596 1720 et
2667 1664 2941 1721 invisibile
2981 1706 2997 1732 ,
3053 1670 3197 1739 quod
3264 1669 3579 1727 invisibile:

333 1777 352 1811 ι
385 1757 566 1813 Unum
599 1758 816 1826 quidetn
852 1759 1046 1812 horum
1075 1769 1330 1815 coruscat
1378 1764 1658 1819 miraculis
1685 1805 1700 1829 ,
1753 1763 1901 1819 aliud
1942 1762 2251 1819 succumbit
2279 1761 2520 1829 injuriis.
2560 1784 2579 1817 ι

394 1851 706 1906 υίκειοῦται
731 1852 786 1905 δὲ
812 1854 882 1904 τά
915 1852 1231 1923 ἀνθρώπινα
1269 1858 1296 1909 6
1338 1856 1536 1923 Λόγοςσ
1578 1857 1746 1910 αὑτοῦ
1786 1859 1895 1925 γάρ

2066 1856 2490 1911 Commuuicatio
2521 1853 2855 1907 idiomatum.
2880 1884 2948 1894 —
2971 1852 3205 1909 Verbum
3232 1872 3419 1925 porro,
3451 1862 3575 1927 quia

325 1944 445 1994 ἐστι
474 1942 542 1993 τα
566 1944 663 2011 τῆς
692 1941 853 2008 ἁγίας
899 1942 1065 1995 αὑτοῦ
1116 1946 1324 2015 σαρκὸς
1351 1944 1480 1998 ὄντα
1502 1961 1515 1976 ’
1562 1947 1651 1999 καὶ
1684 1946 1901 2016 μεταδί-

2007 1949 2179 2021 ipsius
2208 1957 2372 2012 sunt,
2398 1962 2517 2017 qua:
2550 1953 2760 2001 sancta:
2792 1946 2916 2014 ejus
2950 1949 3134 2001 carnis
3167 1957 3329 2011 sunt,
3360 1965 3423 2003 ea
3457 1967 3578 2017 quae

324 2035 459 2086 δωσι
490 2042 516 2069 ιι
540 2034 604 2101 τῇ
630 2034 794 2103 σαρκὶ
813 2032 921 2084 τῶν
946 2034 1110 2097 ἰδίων,
1129 2035 1272 2088 κατὰ
1304 2035 1393 2088 τὸν
1420 2036 1742 2100 ἀντιδόσεως
1764 2038 1901 2108 τρό-

324 2139 450 2188 πον,
483 2123 569 2176 διὰ
600 2122 699 2195 τὴν
738 2126 817 2187 είς
849 2123 1053 2195 ἄλληλα
1080 2126 1193 2197 (12)
1229 2126 1341 2179 τῶν
1379 2127 1564 2196 μερῶν
1597 2126 1914 2199 περιχὼρη-

330 2231 439 2276 σιν,
473 2216 567 2267 καὶ
587 2214 687 2287 τὴν
718 2216 840 2270 καθ’
879 2216 1175 2269 ὑπόστασιν
1196 2217 1417 2284 ἕνωσιν,
1457 2215 1550 2267 καὶ
1599 2221 1680 2272 ὃτι
1713 2216 1793 2285 εἷς
1820 2220 1909 2295 ἧν,

324 2309 425 2364 καὶ
448 2311 478 2363 6
505 2309 690 2375 αὑτὸς,
711 2313 741 2368 6
770 2311 862 2365 καὶ
889 2312 959 2367 τὰ
986 2309 1107 2364 θεῖα
1132 2311 1223 2363 καὶ
1258 2311 1324 2364 τὰ
1358 2310 1675 2382 ἀνθρώπινα
1706 2333 1724 2365 ι
1754 2315 1909 2387 ἔνερ-

324 2402 442 2466 γῶν
462 2402 519 2453 ὲν
540 2402 781 2473 ἑκατέρᾳ
807 2404 987 2473 μορφῇ
1014 2400 1153 2469 μετὰ
1178 2401 1275 2471 τῆς
1307 2402 1534 2471 θατέρου
1566 2405 1905 2469 κοινωνίαςι

326 2488 422 2541 Διὸ
446 2489 509 2559 δὴ
544 2491 635 2543 καὶ
668 2493 695 2544 6
718 2490 919 2560 Κύριος
943 2491 1043 2559 τῆς
1073 2491 1231 2561 δόξης
1263 2490 1641 2561 ἐσταυρῶσθαι
1668 2493 1907 2561 λέγεται.

328 2581 510 2633 καίτοι
528 2582 625 2649 τῆς
665 2582 814 2645 θείας
851 2582 1021 2635 αὑτοῦ
1055 2582 1131 2651 μὴ
1181 2582 1459 2654 παθούσης
1490 2583 1727 2653 φύσεως,
1758 2587 1851 2641 καὶ
1880 2589 1911 2641 6

330 2673 460 2735 Υιὸς
494 2673 587 2725 τοὺ
648 2674 961 2744 ἀνθρώπου,
1000 2675 1106 2745 πρὸ
1134 2674 1229 2726 τοῦ
1262 2675 1470 2739 πάθους
1508 2678 1568 2729 ὲν
1595 2675 1673 2747 τῷ
1696 2677 1910 2749 οὑρανῷ

327 2761 469 2817 εἶναι
503 2765 871 2837 ὡμολόγηται,
918 2767 997 2832 ὼς
1040 2766 1202 2828 αὑτὸς
1243 2769 1270 2820 6
1302 2767 1509 2837 Κύριος
1552 2768 1773 2838 ἔφησεν.
1816 2764 1909 2833 Εἷς

329 2858 442 2926 γὰρ
462 2852 553 2927 ἦν,
589 2859 683 2911 καὶ
712 2858 741 2910 6
774 2858 937 2922 αὑτὸς
961 2861 990 2912 6
1013 2858 1217 2929 Κύριος
1236 2857 1337 2929 τῆς
1363 2858 1543 2929 δόξης,
1572 2861 1600 2913 6
1633 2860 1793 2930 φύσει
1816 2862 1910 2915 καὶ

327 2947 559 3019 ἀληθείᾳ
593 2948 716 3011 Υἱὸς
744 2948 1067 3020 ἀνθρώπου,
1100 2950 1219 3020 ἦτοι
1251 2949 1539 3022 ἄνθρωπος
1575 2952 1904 3023 γενόμενος,

328 3041 425 3093 καὶ
447 3039 611 3093 αὑτοῦ
636 3040 704 3093 τά
733 3058 793 3093 τε
833 3042 1089 3112 θαύματα
1122 3039 1216 3095 καὶ
1270 3042 1338 3095 τὰ
1369 3041 1515 3113 πάθη
1547 3042 1907 3116 γινώσκομεν,

328 3132 377 3184 εἰ
399 3132 493 3185 καὶ
517 3132 635 3184 κατ’
658 3132 785 3186 ἄλλο
806 3134 935 3186 sese
945 3132 1268 3203 ματούργει,
1294 3134 1387 3185 καὶ
1408 3135 1528 3186 κατ’
1561 3134 1686 3189 ἄλλο
1709 3135 1777 3209 τὰ
1804 3136 1912 3191 πά-

330 3223 398 3292 θη
428 3224 455 3275 ὁ
478 3222 638 3286 αὑτὸς
662 3223 929 3293 ὑπέμενεν
948 3225 1080 3293 (15).
1104 3225 1290 3294 ἰσμεν
1315 3223 1422 3294 γὰρ
1439 3222 1627 3297 ὥσπερ
1651 3226 1781 3296 μίαν
1808 3226 1905 3281 αὑ-

2006 2040 2335 2095 humanitati
2371 2038 2741 2099 conveniunt,
2773 2036 2880 2091 sibi
2934 2037 3212 2103 vindicat,
3247 2048 3300 2094 et
3331 2042 3573 2095 vicissim

2010 2128 2163 2183 carni
2187 2165 2203 2192 ,
2236 2142 2359 2199 quae
2397 2142 2496 2182 sua
2529 2132 2696 2189 sunt,
2729 2123 3011 2195 impertit;
3045 2126 3141 2180 illo
3189 2129 3446 2183 nimirum
3494 2131 3576 2183 al-

1987 2227 2158 2273 terna:
2188 2217 2709 2271 communicationis
2739 2216 2902 2271 modo
2922 2258 2938 2283 ,
2971 2220 3042 2273 ob
3068 2227 3310 2273 mutuam
3342 2221 3485 2274 inter
3511 2236 3567 2274 se

1986 2314 2224 2383 partium
2283 2311 2784 2376 commeationem,
2839 2313 3172 2369 unionetnve
3252 2311 3566 2382 hypostatio

1985 2420 2103 2458 cam
2124 2420 2139 2462 :
2163 2414 2218 2458 et
2239 2415 2347 2471 qua
2373 2416 2516 2456 unus
2540 2401 2795 2472 idemque
2820 2412 2975 2469 erat,
2995 2403 3089 2472 qui
3112 2404 3367 2459 etdivina
3391 2413 3446 2461 et
3463 2406 3565 2459 huc

1993 2509 2175 2557 mana,
2201 2510 2221 2547 t
2247 2491 2306 2547 in
2323 2499 2556 2562 utraque
2579 2492 2756 2547 forma
2780 2509 2904 2547 cum
2929 2495 3160 2547 alterius
3181 2498 3568 2551 communione

1992 2594 2198 2653 ageret.
2237 2604 2257 2638 ι
2358 2584 2436 2639 Eo
2468 2599 2635 2653 porro
2663 2587 2887 2639 nomine
2930 2585 3194 2649 Dominus
3229 2586 3346 2655 ipse
3378 2589 3568 2656 gloriae

1987 2674 2292 2731 cruciﬁxus
2320 2674 2528 2729 dicitur
2586 2674 2627 2741 ⁸,
2655 2676 2911 2745 quamvis
2939 2677 3142 2745 alioqui
3174 2677 3361 2730 divina
3390 2678 3568 2747 ipsius

1991 2772 2191 2819 natura
2219 2764 2447 2819 minime
2478 2778 2642 2834 passa
2676 2765 2746 2819 sit
2774 2780 2788 2815 ε
2817 2776 2871 2819 et
2898 2780 3120 2819 rursum
3142 2807 3158 2830 ,
3187 2766 3363 2819 Filius
3397 2768 3571 2820 Inomi-

1989 2856 2075 2911 nis
2101 2865 2231 2910 ante
2260 2853 2575 2925 passionem
2610 2855 2662 2908 in
2698 2856 2842 2909 caelo
2876 2870 3001 2911 esse
3031 2857 3219 2910 dictus
3249 2866 3365 2921 est,
3397 2859 3565 2910 veluti

1988 2947 2256 3003 Dominus
2289 2946 2407 3016 ipse
2440 2946 2682 3002 asseruit
2743 2947 2789 3001 ’.
2825 2948 2957 3001 Erat
2986 2950 3130 3001 enim
3166 2949 3257 3002 ille
3293 2948 3433 3001 idem
3467 2947 3571 3002 Do-

1990 3038 2177 3093 minus
2205 3035 2428 3106 glorize,
2464 3036 2561 3107 qui
2596 3036 2764 3091 etiam
2799 3045 2997 3089 natura
3031 3045 3087 3091 et
3115 3052 3243 3092 vere
3269 3035 3443 3092 Filius
3472 3036 3570 3091 bo-

1989 3128 2156 3184 minis
2177 3167 2193 3193 ,
2222 3128 2329 3183 hoc
2356 3135 2469 3190 est,
2501 3127 2668 3182 homo
2694 3127 3021 3183 exsistebat.
3055 3130 3219 3198 Atqui
3255 3129 3431 3198 ipsius
3453 3138 3568 3183 tum

1990 3219 2257 3275 miracula
2283 3257 2299 3284 ,
2334 3226 2449 3273 tum
2481 3218 2757 3289 supplicia
2791 3234 2914 3274 esse
2942 3222 3318 3289 agnoscimus,
3350 3221 3455 3275 etsi
3486 3235 3573 3274 ra-

325 3313 425 3365 τοῦ
456 3314 553 3383 τὴν
584 3315 903 3379 ὑπόστασιν,
932 3314 1075 3367 οὑτω
1125 3315 1225 3385 τὴν
1266 3314 1373 3366 τῶν
1408 3314 1624 3383 φύσεων
1675 3317 1907 3389 οὑσιώδη

2002 3310 2140 3366 tione
2180 3310 2409 3365 alterius
2440 3316 2652 3363 natura:
2688 3308 2958 3363 miracula
2986 3311 3181 3365 edebat
3202 3351 3216 3374 ,
3249 3320 3302 3365 et
3337 3310 3573 3367 alterius

326 3403 594 3473 διαφορὰν
624 3403 914 3487 σώζεσθαι.
940 3404 1066 3468 Πῶς
1104 3405 1160 3457 δὲ
1190 3405 1389 3477 σωθείη
1420 3406 1673 3479 διαφορὰ,
1704 3409 1778 3478 μὴ
1805 3426 1910 3462 σω-

2002 3400 2205 3457 ratione
2260 3401 2402 3457 idem
2456 3400 2575 3472 ipse
2626 3400 2900 3471 supplicia
2959 3401 3301 3471 perferebat.
3351 3404 3571 3457 Scimus

327 3493 578 3564 ζομένων
629 3495 739 3549 τῶν
790 3497 889 3568 τὴν
920 3496 1187 3568 διαφορὰν
1214 3497 1445 3567 ἐχόντων
1475 3499 1611 3570 πρὸς
1665 3499 1907 3571 ἄλληλα;

2002 3497 2139 3550 enim
2178 3532 2193 3559 ,
2216 3502 2276 3549 ut
2302 3510 2470 3548 unam
2512 3495 2688 3565 ipsius
2718 3494 3060 3565 hypostasim
3084 3534 3100 3559 ,
3134 3494 3207 3547 ita
3241 3494 3573 3549 substantia-

326 3588 574 3657 Διαφορὰ
602 3585 710 3656 γὰρ
736 3586 843 3640 τῶν
868 3587 1234 3658 διαφερόντων
1264 3589 1381 3642 ἐστὶ
1397 3589 1635 3662 διαφορά
1654 3606 1668 3620 '
1703 3591 1779 3660 τῷ
1810 3592 1911 3662 μὲν

326 3676 421 3732 οὖν
446 3679 608 3749 λόγῳ,
637 3672 680 3746 ᾧ
713 3679 1062 3748 διαφέρουσιν
1088 3678 1331 3746 ἀλλήλων
1364 3681 1419 3733 αί
1442 3680 1633 3750 φύσεις
1659 3681 1752 3734 τοῦ
1776 3684 1911 3756 Χρι-

330 3771 484 3837 στοῦ,
513 3771 758 3824 τουτέστι
796 3771 875 3841 τῷ
899 3770 1042 3841 λόγῳ
1071 3772 1170 3842 τῆς
1192 3772 1402 3836 οὐσίας,
1435 3774 1616 3844 φαμὲν
1647 3775 1911 3828 συνάπτε-

332 3861 459 3929 σθαι
481 3861 642 3915 αὑτὸν
663 3864 777 3924 τοῖς
804 3861 997 3931 ἄκροις
1018 3878 1031 3892 ·
1066 3862 1208 3916 κατὰ
1235 3863 1333 3934 μὲν
1359 3862 1456 3934 τὴν
1484 3864 1733 3931 θεότητα,
1756 3865 1833 3936 τῷ
1852 3883 1912 3919 τε

334 3954 511 4028 [largi
545 3954 640 4006 καὶ
664 3953 742 4024 τῷ
772 3954 1074 4023 Πνεύματι,
1109 3956 1249 4009 κατὰ
1275 3956 1332 4009 δὲ
1366 3956 1464 4026 τὴν
1494 3957 1910 4028 ἀνθρωπότητα,

330 4049 403 4116 τῇ
425 4062 484 4098 τε
507 4046 712 4117 Μητρὶ,
766 4045 860 4099 καὶ
890 4048 1024 4100 πᾶσι
1045 4049 1156 4109 τοῖς
1200 4046 1530 4117 ἀνθρώποις.
1561 4042 1632 4120 ᾯ
1665 4050 1723 4103 δὲ
1769 4049 1913 4120 λόγῳ

337 4137 704 4189 συνάπτονται
728 4137 785 4189 αί
817 4136 1007 4205 φύσεις
1032 4135 1218 4201 αὑτοῦ,
1244 4137 1523 4209 διαφέρειν
1547 4138 1711 4193 αὑτὸν
1732 4139 1915 4210 φαμὲν

333 4226 432 4279 τοῦ
464 4244 523 4279 τε
554 4226 768 4297 Πατρὺς
803 4227 897 4279 καὶ
939 4225 1032 4279 τοῦ
1073 4227 1417 4297 Πνεύματος,
1443 4228 1544 4297 τῆς
1588 4245 1646 4281 τε
1692 4228 1916 4299 Μητρὸς

336 4316 563 4371 καὶτῶν
604 4317 805 4371 λοιπῶν
838 4318 1170 4388 ἀνθρώπων·
1206 4320 1568 4372 συνάπτονται
1598 4320 1705 4390 γὰρ
1735 4320 1792 4372 αἱ
1815 4318 1916 4386 φύ-

342 4425 458 4470 σεις
483 4407 648 4461 αὑτοῦ
679 4411 745 4478 τῇ
786 4408 1105 4471 ὑποστάσει,
1147 4408 1274 4479 μίαν
1318 4410 1614 4462 ὑπόστασιν
1666 4407 1915 4462 σύνθετον

1992 3586 2097 3642 lem
2131 3586 2325 3640 harum
2360 3585 2733 3641 differentiam
2781 3585 3113 3640 ineulumcm
3160 3587 3396 3640 servari.
3448 3587 3568 3651 Quo

1989 3687 2175 3731 autem
2204 3684 2370 3746 pacto
2404 3677 2557 3733 salva
2588 3676 2691 3731 erit
2723 3675 3061 3741 diﬂ'ercntia,
3097 3692 3203 3731 non
3239 3678 3469 3730 servatis
3506 3678 3568 3730 il-

1994 3768 2060 3823 lis
2081 3782 2203 3837 quaa
2231 3774 2423 3822 mutuo
2453 3767 2797 3836 discrepant.
2829 3765 3148 3820 llill‘ercntia
3177 3766 3451 3835 siquidem
3486 3776 3569 3821 est

1992 3874 2183 3917 earum
2216 3874 2400 3915 rerum
2424 3874 2545 3929 quae
2567 3858 2802 3913 diversa:
2830 3867 2981 3914 sunt.
3013 3857 3130 3923 Qua
3164 3858 3328 3928 igitur
3361 3859 3572 3914 ratione

1993 3948 2204 4005 Christi
2238 3958 2445 4006 natura:
2482 3950 2627 4006 inter
2654 3966 2712 4005 se
2741 3948 3005 4004 dill'eruut
3026 3988 3040 4012 ,
3076 3955 3179 4004 hoc
3209 3958 3294 4005 est
3320 3952 3573 4004 essentia:

1996 4042 2244 4110 ratione,
2270 4044 2371 4096 hac
2400 4058 2524 4097 cum
2556 4042 2818 4097 extremis
2846 4041 3107 4111 conjungi
3137 4041 3377 4095 dicimus
3398 4080 3412 4102 ,
3443 4049 3571 4109 puta

1996 4144 2266 4204 quantum
2298 4133 2367 4188 ad
2423 4134 2681 4189 deitatem
2714 4133 2935 4203 quidem
2965 4132 3193 4193 attinet,
3244 4148 3368 4186 cum
3414 4131 3577 4185 Patre

1999 4237 2055 4286 et
2085 4229 2302 4301 Spiritu
2333 4240 2553 4293 sancto,
2585 4236 2856 4299 quantum
2889 4225 3117 4305 νει-(μό
3146 4226 3539 4280 humanitatem
3561 4264 3576 4287 ,

1998 4336 2124 4377 cum
2161 4329 2339 4375 matre
2360 4359 2377 4386 ,
2412 4329 2468 4375 et
2498 4320 2679 4374 nobis.
2707 4318 2851 4373 Idem
2876 4321 3078 4387 quippe
3108 4318 3290 4387 quoad
3323 4318 3579 4371 divinita-

1999 4418 2110 4466 tem
2143 4409 2293 4464 Patri
2317 4419 2372 4465 et
2419 4410 2651 4481 Spiritui
2682 4417 2879 4464 sancto
2924 4409 3416 4464 consubstantialis
3458 4413 3583 4483 est;

339 4500 586 4569 ἔχουσαι,
643 4500 763 4553 καθ’
792 4500 858 4571 ἣν
905 4500 1152 4571 διαφέρει
1198 4500 1291 4553 τοὺ
1331 4519 1391 4553 τε
1450 4501 1662 4573 Πατρὺς
1696 4500 1791 4555 καὶ
1819 4500 1911 4554 τοῦ

2004 4502 2193 4574 quoad
2223 4517 2354 4559 vero
2385 4501 2810 4566 humanitatem,
2842 4508 2954 4553 tum
2998 4499 3184 4564 matri,
3229 4507 3343 4551 tum
3367 4496 3585 4552 caeteris

338 4590 680 4658 Πνεὺματος,
707 4590 805 4659 τῆς
834 4606 891 4642 τε
921 4589 1143 4660 Μητρὸς
1170 4591 1262 4642 καὶ
1294 4591 1325 4657 η
1336 4588 1472 4658 μῶν.

2003 4596 2341 4652 hominibus.
2393 4596 2513 4662 Qua
2558 4594 2779 4650 ratione
2825 4607 2958 4649 vero
2996 4593 3117 4659 ejus
3154 4604 3363 4647 natura:
3392 4600 3581 4646 mutuo

331 4690 685 4760 copulantur,
711 4701 864 4751 cum,
892 4693 1007 4740 tum
1043 4700 1072 4739 a
1102 4684 1260 4739 Patre
1296 4691 1351 4741 et
1407 4681 1615 4754 Spiritu
1686 4694 1902 4750 sancto,
1963 4693 2079 4738 tum
2111 4700 2140 4738 a
2182 4691 2354 4738 matre
2382 4694 2434 4738 et
2473 4683 2700 4754 reliquis
2730 4683 3042 4759 horninibus
3072 4682 3291 4736 dilIerre
3327 4682 3579 4735 dicimus.

334 4789 511 4854 Ipsius
536 4784 677 4836 enim
724 4789 933 4835 natura:
966 4794 1061 4848 per
1115 4777 1452 4848 Itypostasim
1509 4776 1855 4845 copulantur,
1885 4789 1942 4832 ut
1980 4795 2101 4849 quae
2137 4793 2297 4833 unam
2329 4777 2687 4849 compositam
2743 4776 3082 4847 bypostasim
3121 4775 3378 4839 habeant,
3426 4775 3583 4843 Cujus

337 4881 548 4935 ratione
585 4886 693 4930 tttm
730 4892 758 4927 a
794 4873 953 4927 Patre
980 4882 1032 4925 et
1067 4869 1272 4939 Spiritu
1305 4878 1514 4922 sancto.
1545 4878 1656 4921 tum
1691 4884 1721 4921 a
1752 4879 1923 4924 matre
1943 4878 1996 4924 et
2019 4871 2175 4926 nobis
2204 4869 2405 4924 dilIcrt.

692 5009 809 5066 Τοῦ
830 5008 1043 5064 αὐτοῦ.
1084 5005 1427 5076 Κεφάλαιον
1450 5006 1556 5069 ξδ’.

414 5154 629 5220 Ὣςπερ
653 5149 709 5204 δὲ
733 5150 825 5202 ἐπὶ
857 5149 960 5217 τῆς
991 5148 1269 5219 θεότητος,
1314 5145 1447 5216 μίαν
1480 5143 1578 5213 μὲν
1601 5145 1765 5214 φύσιν
1790 5146 1918 5216 δμο-

339 5244 636 5314 λογοῦμεν,
667 5244 819 5312 τρεῖς
840 5241 895 5295 δὲ
925 5241 1255 5301 ὑποστάσεις
1275 5238 1397 5292 κατ’
1435 5236 1702 5307 ἀλήθειαν
1750 5238 1919 5301 οὔσας

345 5337 549 5407 φαμὲν,
588 5335 683 5387 καὶ
712 5334 890 5386 πάντα
920 5332 1019 5402 μὲν
1041 5336 1107 5385 τὰ
1129 5331 1338 5401 φυσικὰ
1365 5330 1460 5382 καὶ
1489 5328 1745 5399 οὑσιώδη,
1767 5330 1919 5382 ἁπλᾶ

342 5410 554 5498 φαμεν,
583 5429 682 5497 τὴν
709 5427 765 5479 δὲ
795 5426 1061 5495 διαφορὰν
1094 5426 1201 5478 τῶν
1247 5423 1604 5476 ὑποστάσεων
1648 5424 1704 5474 ὲν
1726 5424 1917 5490 μόναις

342 5524 466 5584 ταῖς
496 5520 674 5590 τρισὶν
713 5517 964 5587 ἰδιότησι,
993 5520 1060 5587 τῇ
1093 5514 1320 5585 ἀναιτίῳ
1351 5514 1446 5567 καὶ
1474 5516 1714 5583 πατρικῇ
1736 5515 1829 5566 καὶ
1851 5517 1917 5586 τῇ

345 5612 568 5681 αἰτιατῇ
597 5610 690 5663 καὶ
713 5610 887 5679 υίῖκῇ,
917 5610 1013 5661 καὶ
1070 5611 1136 5678 τῇ
1176 5607 1417 5674 λαίτιατῇ
1465 5606 1558 5657 καὶ
1609 5605 1914 5673 ἐκπορευτῇ

351 5703 834 5771 ὲπιγινὼσκομεν·
872 5700 1295 5769 ἀνεκφοιτήτους
1333 5697 1387 5748 δὲ
1420 5694 1609 5758 αὑτὲς,
1647 5697 1739 5749 καὶ
1765 5695 1915 5749 ἀδια-

424 5891 479 5948 ³Ι
511 5894 641 5948 (lor.
676 5908 736 5958 tt,
763 5892 815 5945 ὃ.
841 5892 859 5921 ’
901 5888 1059 5943 J-tatt.
1089 5904 1169 5953 Ill,
1199 5887 1283 5942 15.

2528 5009 2795 5080 Ejusdem.
2827 5009 2957 5080 Cap.
2992 5009 3084 5065 69.

2083 5145 2446 5201 Personarum
2484 5146 2539 5199 in
2570 5144 2703 5213 Deo,
2743 5154 3058 5199 naturarum
3083 5146 3136 5198 in
3166 5142 3374 5199 Christo
3406 5158 3587 5197 nume-

2016 5253 2129 5292 rus.
2164 5234 2299 5291 Unio
2332 5253 2607 5291 numerum
2639 5251 2742 5291 non
2773 5236 2930 5290 tollit.
2979 5265 3045 5277 -—
3093 5236 3357 5291 Caeterum
3418 5232 3586 5288 veluti

2020 5348 2183 5387 unam
2217 5331 2272 5386 in
2317 5329 2612 5384 Divinitatc
2645 5338 2889 5382 naturam
2918 5327 3262 5389 conﬁtemur,
3307 5334 3419 5379 tres
3480 5340 3586 5378 au-

2020 5430 2127 5478 tem
2158 5435 2418 5491 personas
2452 5434 2579 5474 vere
2605 5419 2933 5474 exsislentes
2975 5416 3248 5483 dicimus;
3315 5426 3477 5485 atque
3516 5430 3577 5469 ea

2022 5514 2240 5584 quidem
2267 5513 2450 5568 omnia
2484 5527 2604 5581 qua:
2642 5509 2912 5565 naturalia
2967 5508 3396 5575 essentialiaque
3426 5513 3581 5571 sunt,

2017 5620 2138 5658 esse
2179 5603 2447 5672 simplicia
2508 5602 2952 5671 pronuntiamus,
3015 5613 3375 5670 personarum
3454 5609 3585 5650 vero

2016 5696 2312 5751 discrimen
2346 5695 2398 5750 in
2429 5694 2561 5751 solis
2630 5694 2806 5750 tribus
2855 5693 3301 5766 pr0prietatibus,
3365 5690 3575 5747 scilicet
