3952 6562
255 384 395 450 1053

1186 382 1567 463 PANOI’LIA
1607 378 2069 442 DOGMATICA.
2099 405 2169 417 -
2198 380 2347 441 Tl'l‘.
2392 380 2540 448 XVI.

3372 371 3512 439 ιεδι

251 503 301 555 ιι
359 501 467 556 ὑπὸ
515 498 577 555 τδ
617 499 843 570 συνεχὲς
898 502 1065 556 ποσὸν
1111 500 1411 571 ἀνάγονται
1438 540 1453 564 ,
1513 501 1548 573 ἢ
1605 499 1711 555 ὑπὸ
1772 500 1833 553 τὸ

1945 498 1999 552 de
2052 498 2264 557 Domini
2322 502 2533 555 naturis
2576 506 2938 570 pertentetur,
2998 500 3065 557 ad
3119 498 3512 554 continuamne

246 587 612 658 διωρισμένον
633 627 649 649 .
696 585 937 657 ἐροῦμεν
964 624 980 652 ,
1029 585 1114 639 δτι
1159 587 1215 640 αἱ
1244 585 1339 638 τοῦ
1376 586 1583 657 Κυρίου
1612 587 1831 657 φύσεις,

248 675 377 733 οὗτε
408 678 468 732 ἓν
492 678 656 748 σῶμα
699 679 840 731 εἰσιν
863 716 879 741 ,
911 676 1036 732 οὕτε
1073 677 1171 751 μία
1203 678 1495 747 ἐπιφάνεια
1515 719 1528 743 ,
1557 677 1682 731 οὕτε
1733 678 1834 750 μία

248 770 526 841 γραμμὴ,
557 771 620 823 οὑ
649 773 877 840 χρόνος,
901 771 963 824 οὑ
1008 769 1207 835 τόπος,
1247 770 1337 825 ἵνα
1374 769 1479 824 ὑπὸ
1512 770 1573 824 τὸ
1606 771 1832 841 συνεχὲς

248 859 532 930 ἀναχθῶσι
570 861 780 915 ποσόνο
828 860 1009 917 ταῦτα
1048 862 1160 934 γάρ
1189 862 1296 916 εἱσι
1322 863 1391 917 τὰ
1432 860 1672 931 συνεχῶς
1708 862 1832 934 ἀρι-

244 952 278 1004 0
286 953 392 1017 μού
402 970 561 1024 μενα.

337 1136 534 1191 Ἰστέον
562 1137 619 1190 δὲ
649 1137 726 1200 ὡς
765 1134 795 1190 ό
835 1137 1094 1208 ἀριθμὸς,
1132 1136 1239 1191 τῶν
1276 1136 1646 1209 διαφερόντων
1676 1141 1827 1194 ἐστί’

244 1231 349 1286 καὶ
375 1230 643 1283 ἀδύνατον
684 1228 1037 1300 ἀριθμεῖσθαι
1061 1270 1075 1294 ,
1120 1230 1192 1283 τὰ
1239 1230 1382 1284 κατὰ
1432 1231 1602 1301 μηδὲν
1646 1231 1829 1301 διαιρέ-

212 1344 216 1349 η
249 1339 447 1385 ροντα·
484 1322 608 1375 καθ’
650 1321 679 1376 δ
712 1321 770 1375 δὲ
801 1321 1121 1394 διαφέρουσι
1147 1363 1160 1388 ,
1195 1323 1338 1377 κατὰ
1380 1322 1542 1377 τοῦτο
1582 1326 1678 1378 καὶ
1711 1325 1827 1396 ἀρι-

247 1415 521 1485 θμοῦνται
543 1431 563 1449 ο
600 1410 716 1468 οἷον
760 1418 788 1469 ὁ
826 1416 1031 1486 Πέτρος
1058 1416 1154 1469 καὶ
1180 1418 1208 1470 ὁ
1250 1416 1484 1481 Παῦλος,
1517 1418 1639 1472 καῦ⁹
1671 1418 1699 1471 ὅ
1735 1422 1833 1489 μὲν

245 1509 509 1577 ἦνωνται,
540 1509 642 1560 οὑκ
680 1507 1063 1578 ἀριθμοῦνται.
1099 1508 1189 1578 τῷ
1218 1509 1361 1578 λόγῳ
1394 1509 1502 1581 γὰρ
1524 1511 1619 1580 τῆς
1645 1511 1833 1573 οὐσίας

250 1600 562 1668 ἑνούμενοι,
612 1599 706 1653 δύο
744 1600 935 1669 φύσεις
974 1602 1044 1654 οὐ
1093 1599 1349 1654 δύνανται
1394 1602 1680 1671 λέγεσθαι⁹
1711 1601 1832 1655 καθ’

250 1690 554 1744 ὑπόστασιν
573 1691 629 1745 δὲ
658 1692 1042 1762 διαφέροντες,
1070 1692 1164 1745 δύο
1198 1693 1526 1754 ὑποστάσεις
1558 1693 1829 1762 λέγονται.

252 1781 422 1843 Ὥστε
448 1782 477 1833 ό
507 1781 739 1853 ἀριθμὸς
770 1781 880 1835 τῶν
905 1782 1271 1857 διαφερόντων
1296 1784 1433 1845 ἐστὶ,
1467 1785 1559 1838 καὶ
1580 1779 1626 1855 ᾧ
1647 1784 1831 1857 τρόπῳ

245 1873 569 1943 διαφέρουσι
618 1873 688 1927 τὰ
734 1856 1107 1946 διαφέροντα,
1155 1876 1328 1948 τούτῳ
1370 1876 1449 1948 τῷ
1496 1856 1691 1948 τρόπῳν
1736 1856 1904 1930 καὶΒ

250 1965 634 2037 ἀριθμοῦνται.

326 2057 605 2112 Ἥνωνται
643 2058 743 2129 μὲν
775 2050 868 2113 οῦν
897 2060 953 2113 αἱ
987 2057 1083 2112 τοῦ
1113 2058 1323 2131 Κυρίου
1353 2059 1545 2129 φύσεις
1594 2062 1836 2133 ἀσυγχὺ-

248 2168 360 2214 τως
396 2150 523 2204 καθ’
565 2152 891 2212 ὑπόστασιν,
922 2153 1210 2223 διῄρηνται
1238 2151 1295 2205 δὲ
1327 2153 1653 2223 ἀδιαιρέτως
1689 2155 1835 2225 λόγῳ

249 2244 344 2296 καὶ
372 2242 560 2314 τρόπῳ
583 2242 684 2312 τῆς
710 2243 995 2314 διαφορᾶς.
1026 2245 1135 2297 Καὶ
1155 2235 1200 2312 ᾧ
1230 2246 1329 2313 μὲν
1360 2244 1547 2316 τρόπῳ
1571 2246 1833 2316 ἧνωνται,

248 2337 351 2388 οὑκ
391 2336 790 2406 ἀριθμοῦνταιο
829 2337 888 2390 οὐ
926 2336 1037 2408 γὰρ
1074 2326 1200 2391 καθ’
1229 2338 1532 2393 ὑπόστασιν
1565 2339 1658 2393 δύο
1694 2338 1834 2394 εἶναι

251 2444 438 2498 φαμεν
462 2430 563 2493 τὰς
590 2429 780 2499 φύσεις
813 2430 906 2483 τοῦ
932 2430 1169 2502 Χριστοῦ
1196 2445 1211 2460 ⁶
1238 2425 1281 2500 ᾦ
1301 2432 1358 2485 δὲ
1382 2433 1568 2504 τρόπῳ
1595 2434 1835 2505 ἀδιαιρέ-

247 2539 363 2583 τως
389 2520 697 2593 διῄρηνται,
721 2523 1081 2594 ἀριθμοῦνται
1102 2540 1116 2555 ⁸
1149 2523 1241 2577 δύο
1266 2524 1374 2593 γὰρ
1404 2527 1541 2578 εἰσὶν
1565 2528 1619 2579 αἱ
1645 2525 1836 2593 φύσεις

250 2613 347 2667 τοῦ
381 2615 638 2685 Χριστοῦ,
673 2607 818 2685 λόγω
858 2617 950 2668 καὶ
980 2616 1167 2686 τρόπῳ
1205 2616 1304 2685 τῆς
1338 2617 1624 2686 διαφορᾶς.
1664 2616 1837 2672 ἸΙνω-

252 2706 419 2777 μέναι
453 2706 563 2776 γὰρ
606 2706 731 2760 καθ’
779 2707 1082 2761 ὑπόστασιν
1108 2748 1123 2767 ,
1179 2708 1276 2761 καὶ
1316 2708 1419 2779 τὴν
1476 2711 1534 2763 ὲν
1579 2709 1836 2779 ἀλλήλαις

254 2799 636 2869 περιχὼρησιν
674 2800 917 2871 ἔχουσαι,
953 2800 1280 2869 ἀσυγχύτως
1329 2800 1586 2871 ἧνωνται,
1625 2802 1720 2872 τὴν
1755 2804 1836 2855 ol-

252 2888 413 2941 κείαν
457 2889 664 2959 ἑκάστη
725 2889 965 2961 φυσικὴν
1013 2890 1280 2961 διαφορὰν
1329 2892 1692 2956 διασώζουσα.
1746 2893 1837 2965 Τῷ

251 2978 443 3049 τρόπῳ
493 2981 784 3052 τοιγαροῦν
835 2983 935 3053 τῆς
994 2984 1302 3054 διαφορᾶς,
1365 2984 1462 3038 καὶ
1516 2985 1659 3057 μόνῳ
1716 2987 1838 3054 ἁριυ

253 3068 605 3140 θμοὺμεναι,
665 3072 772 3127 ὑπὸ
822 3073 886 3127 τὸ
936 3073 1306 3147 διωρισμένον
1369 3076 1538 3131 ποσὸν
1593 3076 1836 3151 ἀναχθή-

255 3178 462 3217 σονταμ

328 3435 427 3505 Εἷς
458 3440 639 3496 τοίνυν
679 3442 827 3495 ἐστὶν
854 3443 886 3495 ό
917 3404 1179 3512 Χριστδςτ
1206 3441 1337 3506 Θεὸς
1372 3443 1581 3508 τέλειος
1608 3444 1702 3500 καὶ
1741 3445 1837 3499 ἄν·

255 3538 475 3608 θρωπος
514 3538 758 3601 τέλειοςο
804 3538 865 3591 δν
918 3538 1336 3610 προσκυνοῦμεν
1385 3540 1484 3594 σὺν
1522 3541 1697 3612 Πατρὶ
1743 3542 1840 3595 καὶ

255 3632 579 3703 Πνεῦματι,
637 3635 737 3707 μιᾷ
794 3637 1165 3707 προσκυνήσει
1221 3635 1361 3706 μετὰ
1408 3635 1509 3707 τῆς
1562 3637 1836 3709 ἁχράντου

257 3727 466 3796 σαρκὸς
500 3726 706 3793 αὑτοῦ,
755 3729 856 3782 οὐκ
902 3727 1320 3799 ἀπροσκὺνητον
1375 3730 1475 3801 τὴν
1514 3730 1697 3800 σάρκα
1750 3730 1843 3784 λέ-

257 3834 449 3885 γοντες
480 3835 494 3847 ·
537 3822 928 3890 προσκυνεῖται
981 3820 1092 3891 γὰρ
1127 3822 1185 3873 ἐν
1230 3824 1293 3891 τῇ
1353 3823 1451 3892 μιᾷ
1506 3821 1601 3875 τοῦ
1661 3822 1838 3891 Λόγου

258 3913 588 3977 ὑποστάσει,
642 3903 765 3983 ἣτις
812 3916 951 3984 αὑτῇ
1016 3915 1315 3978 ὑπόστασις
1382 3916 1639 3983 γέγονεν·
1684 3917 1745 3970 οὑ
1776 3918 1842 3988 τῇ

258 4006 437 4059 κτίσει
464 4006 843 4079 λατρεύοντες.
878 4010 953 4061 Οὑ
987 4009 1096 4078 γὰρ
1128 4008 1203 4071 ὡς
1230 4007 1392 4080 ψιλὴν
1425 4010 1603 4082 σάρκα
1629 4009 1644 4047 ί
1684 4028 1845 4081 προσο

259 4096 571 4168 κυνοῦμεν,
621 4097 738 4150 ἀλλ’
769 4100 843 4160 ὡς
887 4098 1176 4169 ἡνωμένην
1218 4099 1466 4168 Θεότητι,
1522 4100 1617 4153 καὶ
1660 4102 1740 4164 εἰς
1784 4101 1845 4153 ἓν

261 4190 557 4258 πρόσωπον
587 4190 681 4243 κα)⁸
711 4192 842 4261 μίαν
876 4192 1182 4245 ὑπόστασιν
1211 4191 1305 4244 τοῦ
1335 4190 1470 4245 Θεοῦ
1505 4193 1703 4261 Λόγου,
1736 4193 1845 4246 τῶν

259 4281 356 4336 δύο
382 4283 549 4335 αὑτοῦ
575 4283 930 4351 ἀναγομένων
976 4285 1212 4353 φύσεων.
1261 4284 1488 4337 Δέδοικα
1516 4284 1610 4341 τοῦ
1636 4286 1845 4357 ἄνθρα-

260 4393 357 4439 κος
382 4376 630 4446 ἅψασθαι
656 4376 743 4430 διὰ
763 4376 824 4431 τὸ
849 4376 926 4448 τῷ
957 4377 1095 4446 ξύλῳ
1119 4377 1465 4446 συνημμένον
1496 4377 1626 4449 πῦρ.
1665 4381 1843 4449 Προσ-

261 4466 412 4520 κυνῶ
462 4466 558 4521 τοῦ
608 4468 847 4538 Χριστοῦ
903 4468 965 4521 τὸ
1005 4466 1458 4538 συναμφότερον,
1502 4468 1589 4520 διὰ
1631 4468 1729 4539 τὴν
1778 4472 1842 4538 τῇ

1934 591 2327 659 quantitatem,
2377 607 2447 645 an
2497 590 2562 646 ad
2600 591 2900 645 discretam
2928 589 3259 655 referantur,
3291 588 3372 643 sic
3428 602 3512 642 re-

1933 681 2331 750 spondebimus
2357 699 2370 737 :
2406 681 2626 737 Domini
2856 690 3084 735 naturas
3112 695 3289 750 neque
3308 695 3513 749 corpus

1935 785 2104 825 unum
2160 788 2310 838 esse,
2359 787 2538 844 neque
2578 772 2779 827 lineam
2820 787 3010 838 unam,
3064 786 3243 841 neque
3270 776 3511 839 tempus,

1935 877 2118 933 neque
2148 863 2360 931 locum,
2390 871 2452 918 ut
2505 863 2571 916 ad
2601 864 2920 917 continuam
2953 862 3315 931 quantitatem
3346 861 3508 915 redu-

1931 963 2147 1006 cantur.
2167 951 2292 1009 Haec
2326 954 2474 1010 enim
2518 962 2668 1019 sunt,
2705 970 2824 1024 quae
2842 954 3108 1008 continue
3134 960 3340 1023 quanta
3380 965 3512 1004 cen-

1931 1051 2145 1098 sentur.

2002 1152 2298 1209 Sciendum
2323 1172 2486 1228 porro
2520 1168 2604 1213 est
2651 1173 2714 1212 ea
2746 1159 2799 1210 in
2829 1171 3124 1211 numerum
3177 1151 3372 1209 cadere
3391 1167 3512 1220 qua:

1934 1244 2078 1300 inter
2107 1260 2165 1301 se
2187 1246 2598 1319 distinguuntur
2625 1291 2640 1316 ,
2676 1260 2777 1304 nec
2815 1245 3096 1302 numerari
3151 1261 3211 1299 ca
3242 1258 3404 1315 posse
3428 1244 3513 1296 in-

1932 1345 2015 1391 ter
2039 1352 2160 1409 qua:
2188 1339 2340 1393 nulla
2373 1340 2660 1396 distinctio
2702 1347 2787 1395 est
2822 1357 2835 1393 :
2865 1337 2962 1394 sed
2998 1344 3275 1408 quatenus
3314 1333 3512 1387 distin-

1929 1442 2194 1501 guuntur,
2218 1442 2448 1488 eatenus
2472 1433 2782 1499 numerari;
2810 1448 2896 1488 ex.
2923 1447 3031 1505 ειη,
3062 1429 3257 1484 Petrus
3288 1435 3343 1482 et
3370 1424 3513 1477 Pau-

1932 1523 2042 1588 lus,
2067 1538 2173 1593 qua
2208 1525 2423 1580 ratione
2458 1526 2597 1591 uniti
2619 1533 2771 1589 sunt,
2798 1539 2908 1578 non
2937 1529 3339 1584 numerantur;
3362 1531 3511 1581 nam,

1932 1632 2055 1671 cum
2122 1617 2423 1672 secundum
2495 1619 2791 1674 essentiam
2849 1617 3203 1687 copulentur,
3249 1610 3355 1667 dici
3402 1624 3511 1663 non

1934 1718 2167 1780 pOSSItlll
2195 1710 2316 1765 diue
2339 1720 2548 1765 natura:
2574 1731 2586 1767 :
2622 1724 2675 1766 at
2700 1725 2850 1774 vero,
2879 1725 3001 1765 cum
3030 1708 3243 1762 ratione
3269 1714 3515 1773 persona!

1932 1800 2336 1871 diﬂ‘eruut,du2e
2357 1804 2578 1874 proinde
2598 1819 2841 1875 persona:
2862 1798 3228 1858 dicuntur.Ex
3246 1812 3354 1867 quo
3371 1802 3516 1865 ρδωι

1937 1910 2221 1949 numerum
2278 1896 2345 1952 iis
2373 1899 2688 1961 convenire,
2734 1911 2857 1966 qua:
2889 1894 3032 1950 inter
3059 1907 3120 1949 se
3140 1890 3433 1953 differunt;
3462 1896 3518 1941 et

1935 1997 2205 2056 quatenus
2236 1987 2517 2055 diﬂ‘erunt,
2564 1990 2831 2044 hactenus
2861 2001 3082 2058 utroque
3112 1998 3176 2039 ea
3209 1978 3512 2037 numerari.

2009 2081 2144 2135 Duo:
2168 2080 2363 2138 Christi
2382 2092 2588 2136 natum
2614 2081 2882 2137 discretw.
2911 2111 2977 2121 ——
3002 2078 3272 2144 Quocirca
3298 2072 3514 2127 Domini

1938 2182 2171 2238 naturae,
2249 2185 2515 2244 quantum
2552 2174 2621 2229 ad
2690 2189 2985 2245 personam
3036 2171 3254 2231 attinet,
3305 2167 3515 2234 absque

1936 2264 2265 2323 confusione
2319 2268 2484 2321 unita?
2537 2276 2709 2334 sunt;
2745 2273 3008 2335 quantum
3045 2269 3227 2316 autem
3263 2257 3329 2312 ad
3361 2257 3517 2310 dill‘e-

1938 2357 2128 2411 reutia:
2179 2358 2475 2423 rationem,
2505 2359 2716 2427 absque
2767 2354 3042 2410 divisione
3073 2353 3513 2421 distinguuntur.

1939 2450 2014 2504 Ac
2039 2450 2260 2519 quidem
2290 2466 2397 2519 qua
2430 2452 2643 2505 ratione
2674 2449 2840 2503 unitas
2871 2456 3024 2511 situt,
3062 2445 3286 2499 minime
3318 2455 3516 2495 nume-

1939 2551 2134 2595 rantur
2190 2541 2403 2613 (neque
2454 2543 2601 2597 enim
2631 2541 2771 2596 duas
2819 2549 3082 2610 quantum
3115 2536 3178 2591 ad
3225 2547 3513 2604 personam

1939 2632 2181 2688 dicimus
2240 2649 2366 2688 esse
2402 2632 2608 2688 Christi
2667 2631 2961 2701 naturas),
3002 2644 3109 2698 qua
3143 2637 3323 2680 autem
3377 2623 3533 2676 citra

1938 2723 2265 2779 divisionem
2350 2724 2629 2780 distinctae
2692 2731 2879 2785 sunt,
2939 2726 3319 2775 numerantur.
3390 2712 3517 2769 Duzc

1937 2817 2083 2872 enim
2113 2815 2321 2872 Christi
2380 2828 2591 2870 natqu
2621 2824 2774 2880 sum,
2808 2811 3186 2869 distinctionis
3225 2810 3433 2863 ratione
3463 2814 3517 2859 ct

1940 2907 2103 2961 modo
2146 2926 2160 2960 :
2194 2921 2320 2961 nam
2351 2908 2477 2976 quia
2533 2908 2748 2962 ratione
2793 2919 3041 2977 persome
3074 2901 3244 2955 lmine
3280 2906 3432 2962 sunt,
3464 2906 3519 2950 ct

1940 3000 2171 3053 invicem
2204 3014 2265 3055 se
2297 2999 2624 3069 pervadunt,
2651 2998 2788 3052 citra
2816 2994 3193 3052 confusionem
3225 2988 3515 3051 uuiunlur,

1941 3106 2098 3146 suam
2160 3091 2471 3146 naturalem
2544 3088 2915 3146 diﬁ‘erentiam
2975 3084 3149 3139 anilia:
3193 3081 3516 3135 retinentes.

1867 3190 1909 3249 ι]
1944 3184 2148 3253 Quare,
2196 3199 2322 3238 cum
2356 3183 2735 3238 distinctionis
2787 3180 2972 3245 modo,
3005 3178 3243 3247 ejusque
3276 3174 3393 3229 sola
3431 3187 3520 3223 ra-

1938 3274 2087 3330 tione
2115 3284 2503 3347 numerentur,
2544 3275 2613 3330 ad
2664 3272 2960 3329 discretam
3010 3268 3377 3342 quantitatem
3429 3280 3523 3319 re-

1939 3365 2219 3437 digentur.

2016 3457 2291 3525 Quomodo
2314 3457 2513 3514 Christi
2545 3473 2671 3511 caro
2694 3454 2967 3512 adoretur.
2995 3477 3067 3492 —-
3189 3450 3527 3517 Quapropter

1936 3570 2078 3611 unus
2135 3561 2221 3609 est
2243 3550 2523 3626 Christus,
2578 3548 2722 3605 Deus
2761 3545 3062 3616 perfectus,
3112 3548 3166 3596 et
3192 3540 3361 3593 homo
3402 3550 3523 3607 per-

1935 3646 2133 3710 fectus,
2194 3644 2283 3699 cui
2338 3657 2502 3698 unam
2559 3638 2916 3707 eanulemque
2971 3631 3343 3689 adoratiouem
3397 3642 3522 3681 cum

1940 3740 2102 3795 Patre
2138 3745 2192 3792 et
2221 3735 2450 3805 Spiritu,
2479 3746 2589 3786 non
2616 3730 2842 3784 exclusa
2862 3726 3213 3782 immaculata
3250 3722 3369 3788 ejus
3399 3735 3525 3774 car-

1942 3848 2031 3898 ne,
2067 3830 2415 3886 adhibemus.
2446 3824 2635 3894 Neque
2656 3822 2803 3878 enim
2858 3815 3193 3873 adorandam
3245 3828 3368 3868 esse
3398 3827 3521 3864 car-

1946 3941 2070 3980 nem
2098 3923 2222 3994 ejus
2250 3934 2519 3990 negamus
2555 3936 2568 3972 :
2600 3914 2807 3988 quippe
2868 3926 2988 3983 quae
3027 3908 3294 3964 adoratur
3323 3905 3377 3957 in
3413 3919 3522 3957 una

1945 4015 2113 4071 Verbi
2143 4027 2403 4085 persona,
2431 4026 2554 4081 quae
2580 4006 2805 4079 quidem
2840 4003 2943 4076 ipsi
3002 4014 3238 4074 persona
3269 4007 3323 4051 et
3352 4000 3524 4066 hypo«

1946 4110 2111 4169 stasis
2145 4108 2287 4164 facta
2311 4116 2414 4164 est.
2447 4106 2564 4172 Qua
2591 4107 2647 4158 in
2679 4119 2735 4158 re
2760 4117 2869 4157 non
2903 4108 3172 4155 creatura:
3212 4094 3523 4161 servimus;

1948 4216 2057 4255 non
2105 4201 2253 4255 enim
2312 4199 2483 4261 illam,
2537 4212 2639 4250 ceu
2680 4194 2911 4247 nudam.
2943 4205 3166 4243 carnem
3201 4187 3524 4243 adoramus,

1948 4292 2041 4348 sed
2078 4298 2225 4347 velut
2273 4288 2550 4345 divinitati
2616 4287 2826 4340 unitam
2856 4300 2871 4338 :
2904 4290 2958 4339 et.
2994 4281 3125 4352 quia
3173 4278 3295 4335 dua:
3352 4275 3528 4345 ipsius

1945 4394 2151 4439 natura:
2181 4380 2248 4435 ad
2282 4395 2443 4434 unam
2476 4376 2570 4431 Dci
2604 4374 2767 4430 Verbi
2808 4386 3100 4445 personam
3161 4368 3526 4425 reducuntur,

1944 4487 2220 4543 unamque
2293 4467 2734 4525 subsistentiam.
2815 4464 3127 4519 Carbonem
3182 4468 3405 4527 tangere
3459 4455 3530 4508 ob

260 4554 431 4625 σαρκὶ
474 4556 763 4626 ἡνωμένην
820 4555 1073 4625 θεότητα.
1104 4553 1180 4607 Οὐ
1237 4553 1350 4623 γὰρ
1388 4554 1656 4621 τέταρτον
1696 4566 1837 4620 παρ-

1953 4560 2132 4633 ignem
2160 4574 2285 4613 cum
2332 4556 2483 4626 ligno
2512 4554 2867 4623 conjunctum
2897 4565 3111 4606 vereor.
3146 4548 3345 4601 Ambas
3374 4543 3533 4598 Chri-

259 4650 519 4719 ιντίθημι
552 4650 851 4721 πρόσωπον
881 4649 937 4701 ὲν
963 4650 1027 4719 τῇ
1060 4647 1274 4718 Τριάδι⁸
1322 4648 1397 4716 μὴ
1424 4647 1637 4713 γένοιτο
1666 4661 1681 4709 ;
1718 4640 1836 4696 ἀλλ’

258 4742 337 4796 ἓν.
372 4744 669 4812 πρόσωπον
717 4740 968 4811 ὁμολογῶ
1028 4740 1123 4795 τοῦ
1179 4740 1313 4794 Θεοῦ
1369 4739 1548 4808 Λόγου
1604 4736 1837 4803 καὶτῆς

261 4836 468 4905 σαρκὸς
496 4831 686 4889 αὑτοῦ.
744 4832 917 4903 rma;
952 4833 1062 4902 γὰρ
1112 4831 1341 4899 ἔμεινεν
1388 4831 1420 4901 ἡ
1482 4828 1680 4901 Τριὲις,
1746 4827 1841 4882 καὶ

262 4928 412 4999 μετὰ
442 4928 542 4999 τὴν
568 4928 666 4981 τοῦ
698 4927 875 4996 Λόγου
909 4928 1216 4998 σάρκωσιν.

626 5153 737 5208 Τοῦ
769 5151 977 5207 αὑτοῦ.
1015 5150 1361 5220 Κεφάλαιον
1392 5154 1512 5216 ις’.

327 5298 443 5353 Τον
466 5296 598 5349 Υῑὸν
632 5294 727 5347 τοῦ
784 5290 922 5345 Θεοῦ
957 5291 1054 5344 σὺν
1111 5289 1186 5359 τῷ
1234 5290 1412 5358 Πατρὶ
1443 5289 1537 5342 καὶ
1589 5285 1672 5357 τῷ
1698 5286 1842 5357 ἁγιῳ

269 5392 553 5461 Πνεὺματι
616 5384 1059 5456 προσκυνοῦμεν·
1122 5381 1418 5449 ἀσώματον
1462 5381 1564 5450 μὲν
1592 5380 1699 5449 πρὸ
1729 5378 1830 5449 τῆς

241 5484 703 5552 ,ἁνὺρωπήσεως,
730 5480 823 5531 καὶ
854 5476 945 5531 νῦν
969 5476 1061 5529 τὸν
1089 5475 1252 5529 αὑτλν
1285 5473 1709 5545 σεσαρκωμένον
1748 5472 1843 5524 καὶ

267 5577 569 5647 γενόμενον
604 5572 912 5639 ἀνορωπον,
952 5567 1091 5638 μετὰ
1123 5567 1217 5619 τοῦ
1257 5563 1398 5620 εῖναι
1431 5566 1590 5620 Θεόν.
1631 5564 1697 5619 Ἦ
1729 5565 1843 5617 τοξ-

267 5687 362 5723 νυν
399 5654 937 5732 σὰρξ”ἀὺτοῦ,κατὰ
973 5662 1073 5731 μὲν
1123 5659 1225 5729 τὴν
1274 5659 1477 5727 ὲαυτῆς
1534 5657 1725 5726 φύσιν,
1776 5657 1843 5709 ἂν

267 5760 451 5831 διὲλῃς
480 5760 689 5827 ῑσχναίς
706 5755 971 5818 ἐπινοίαις
988 5753 1048 5807 τὸ
1081 5752 1363 5822 ὁρώμενον
1396 5753 1459 5803 ὲκ
1498 5750 1592 5803 τοῦ
1620 5750 1846 5818 νοουμέ-

270 5871 387 5919 νου,
424 5851 840 5924 ἁπροσκὺνητός
874 5850 1049 5913 ἐστιν,
1092 5845 1175 5923 ὡς
1205 5844 1428 5915 κτιστῖγ
1494 5844 1760 5898 ἑνωΟεῖσα
1790 5844 1841 5896 δὲ

1946 4649 2016 4703 sti
2073 4656 2299 4703 naturas
2344 4645 2433 4699 ’ob
2484 4642 2697 4698 unitam
2743 4640 2895 4697 carni
2948 4640 3291 4696 divinitatem
3329 4641 3521 4698 adoro.

1942 4737 2061 4793 Non
2095 4745 2348 4809 quartam
2382 4734 2637 4791 Trinitati
2686 4748 2976 4804 personam
3041 4734 3218 4788 infero
3251 4752 3263 4787 :
3326 4737 3469 4789 absit
3505 4739 3519 4792 l

1944 4832 2038 4888 sed
2074 4846 2233 4887 unam
2275 4828 2367 4883 Dei
2415 4826 2598 4891 Verbi,
2659 4830 2950 4897 carnisque
2993 4827 3166 4895 ipsius
3228 4843 3520 4896 personam

1944 4925 2231 4980 conﬁteor.
2258 4921 2500 4975 Trinitas
2527 4920 2729 4990 quippe
2747 4920 2917 4974 etiam
2949 4928 3072 4991 post
3100 4918 3262 4974 Verbi
3331 4923 3539 4985 incar-.

1944 5017 2224 5073 nationem
2250 5015 2491 5070 Trinitas
2521 5013 2747 5068 mansit.

2473 5146 2748 5219 Ejusdem.
2778 5164 2898 5218 cap.
2933 5147 3023 5204 96.

2022 5291 2218 5348 Christi
2246 5306 2393 5355 caro,
2430 5288 2652 5342 utVerbi
2682 5302 2809 5340 caro
2843 5286 3148 5347 adoranda,
3177 5303 3279 5339 non
3314 5286 3521 5339 ratione

1946 5386 2139 5441 sui.—
2160 5385 2250 5437 Dei
2274 5382 2470 5438 Filiqu
2497 5380 2656 5436 simul
2682 5394 2802 5434 cum
2834 5378 2988 5432 Patre
3003 5388 3054 5432 et
3088 5376 3292 5446 Spiritu
3334 5393 3521 5433 sancto

1946 5476 2267 5541 adoramus,
2320 5488 2551 5544 corpore
2599 5471 2815 5541 quidem
2855 5469 3057 5523 nudum
3105 5483 3390 5539 anu-quam
3424 5472 3525 5523 Im-

1950 5567 2264 5623 manitatem
2301 5564 2727 5633 assumpsisset,
2765 5578 2906 5615 nunc
2941 5572 3119 5616 autem
3157 5562 3408 5617 eumdem
3436 5564 3523 5631 iu-

1949 5670 2233 5717 carnatum
2264 5658 2646 5726 hominemque
2676 5652 2906 5717 facturn,
2935 5672 3057 5708 cum
3099 5672 3163 5709 eo
3199 5657 3341 5725 quod
3381 5657 3524 5713 Deus

1949 5764 2053 5807 est.
2081 5756 2156 5807 Ac
2192 5752 2417 5819 proinde
2449 5749 2621 5818 ipsius
2655 5762 2787 5802 caro
2815 5760 3007 5818 suapte
3050 5749 3268 5818 quidem
3309 5762 3524 5827 natura.

1953 5846 2000 5898 si
2069 5842 2253 5899 subtili
2305 5840 2538 5915 quadam
2594 5838 3031 5896 consideratione
3058 5837 3111 5895 id
3173 5838 3318 5911 quod
3391 5844 3526 5897 visi-
