3846 6546
468 385 608 452 1055
1688 389 2068 453 amur-un
2105 376 2462 455 atomum
3565 414 3657 479 105,5

469 535 580 593 bile
617 546 724 606 est,
763 539 832 596 ab
883 555 948 595 eo
990 539 1135 611 quod
1187 540 1399 595 ratione
1423 547 1637 594 tantmn
1699 537 2048 611 intelligitur

2152 543 2218 616 τῷ
2251 542 2371 615 Θεῷ
2397 543 2579 615 Λόγῳ,
2619 544 2687 598 δι’
2714 544 2878 598 αὑτὸν
2908 546 3002 600 καὶ
3037 548 3098 600 ἐν
3125 544 3280 616 αὑτῷ
3310 553 3655 617 προσκυνεῖται.

471 632 795 687 distinxeris
813 675 826 698 ,
853 649 1199 704 nequaquam
1221 631 1500 688 adoranda
1527 639 1638 696 est,
1658 639 1845 703 utpote
1865 641 2044 686 creata

2152 636 2352 706 Ὀνπερ
2399 634 2506 707 γὰρ
2552 635 2755 705 τρόπον
2799 638 2828 689 ό
2863 636 3119 706 βασιλεὺς
3167 639 3264 692 καὶ
3314 638 3508 708 γυμνὸς
3536 658 3656 711 προσ.

473 735 526 780 et
586 743 710 781 cum
762 725 874 782 Deo
927 727 1106 782 Verbo
1150 729 1304 782 unita
1371 725 1464 794 sit,
1511 735 1740 798 propter
1771 725 1948 798 ipsum
2019 743 2048 777 e

2152 727 2388 779 κυνεϊται
2423 727 2518 780 καὶ
2561 725 2941 797 ἐνδεδυμένος,
2986 728 3080 781 καὶ
3127 729 3161 798 η
3193 729 3479 798 ἁλουργὶς,
3506 732 3568 795 ὡς
3591 737 3658 804 μὲν

473 819 526 872 ἱιι
560 823 679 890 ipso
709 820 996 874 adoratur.
1041 820 1521 888 Quemadmodum
1561 821 1707 876 enim
1743 835 1861 884 rex,
1889 830 1938 872 ct
1969 835 2048 871 nu

2152 817 2271 887 ὑιλὴ
2307 817 2587 888 ἁλουργὶς,
2619 820 2875 871 πατεῖται
2914 819 3008 882 καὶ
3038 821 3480 890 περιῤῥίπτεται,
3508 822 3658 891 βασιλι-

477 909 606 976 dus,
653 921 709 965 et
761 914 1012 970 vestibus
1070 915 1300 970 indutus
1357 914 1653 979 adoratur;
1713 926 1778 966 ac
1828 926 2048 982 purpur:

2152 911 2238 963 κον
2265 911 2320 963 δὲ
2347 911 2618 980 γενομένη
2643 910 2874 978 ἔνδυμα,
2903 913 3139 982 τιμᾷται
3168 914 3264 964 καὶ
3286 913 3575 981 δοξάζεται,
3598 922 3661 972 καὶ

475 1001 701 1070 quidem
734 1003 880 1058 velut
907 1007 1141 1076 simplex
1183 1021 1426 1077 purpura
1463 1005 1712 1059 calcatur
1744 1015 1796 1058 et
1840 1002 2048 1074 projici'

2152 1001 2195 1056 εἴ
2223 1020 2307 1066 τις
2335 1001 2507 1073 αὑτὴν
2534 1002 2994 1075 παροικτρώσειε,
3038 1004 3292 1067 θάνατον,
3316 1006 3392 1070 ὡς
3431 1007 3496 1062 τὰ
3523 1012 3661 1076 πολλὰ,

473 1099 594 1155 tur;
629 1099 928 1162 postquam
963 1105 1149 1151 autem
1175 1099 1228 1152 in
1263 1099 1470 1168 regium
1503 1097 1882 1153 indumentum
1919 1095 2047 1150 adhi

2152 1095 2538 1166 κατακρίνεται
2566 1110 2578 1122 '
2631 1095 2708 1158 ὡς
2740 1095 2797 1148 δὲ
2837 1097 2932 1149 καὶ
2971 1095 3129 1160 ξύλον
3170 1097 3329 1167 ψιλὸν
3370 1099 3468 1153 οὑκ
3499 1102 3594 1155 ἔστι
3619 1110 3661 1175 τῇ

471 1181 588 1236 bita
619 1194 724 1249 est,
753 1195 868 1238 tum
897 1186 1106 1242 honore
1131 1199 1178 1244 et
1215 1190 1391 1260 gloria
1426 1189 1678 1255 allicitur,
1725 1205 1901 1260 caque
1933 1204 2048 1242 cont

2152 1187 2255 1258 ἁφῇ
2291 1187 2615 1256 ἀπρόσιτον,
2668 1187 2802 1256 πυρὶ
2841 1188 2899 1240 δὲ
2948 1191 3362 1260 προσομιλῆσαν
3398 1194 3490 1246 καὶ
3515 1195 3663 1268 ἄνθραξ

471 1274 684 1330 ditione
719 1286 832 1343 est,
883 1287 943 1331 ut
983 1280 1074 1349 qui
1113 1296 1232 1333 eam
1289 1281 1550 1337 indecore
1586 1284 1858 1344 tractarit,
1896 1289 2048 1336 ηιοιιι

2152 1279 2456 1348 γενόμενον,
2511 1281 2575 1332 οὑ
2619 1279 2685 1333 δι’
2715 1279 2897 1342 ἑαυτὸ,
2937 1280 3026 1333 διὰ
3053 1280 3110 1334 δὲ
3133 1282 3193 1334 τὸ
3223 1286 3550 1354 συνημμένον
3572 1290 3661 1360 πῦρ,

471 1368 797 1440 plerumque
830 1373 1124 1427 multetur:
1153 1375 1298 1429 velut
1321 1378 1484 1430 etiam
1507 1377 1735 1448 simplex
1763 1377 1974 1449 lignum

2152 1367 2441 1438 ἀπρόσιτον
2468 1368 2682 1437 γίνεται
2705 1409 2720 1435 ,
2760 1370 2854 1422 καὶ
2900 1371 2998 1440 οὑχ
3031 1372 3063 1442 ἠ
3097 1370 3194 1424 τοῦ
3223 1371 3383 1436 ξύλου
3415 1374 3564 1443 φύσις
3594 1381 3660 1432 ὐτ-

473 1475 584 1514 non
633 1461 715 1518 sic
789 1475 1164 1534 comparatum
1231 1477 1315 1522 est
1363 1475 1420 1522 ut
1471 1470 1617 1538 tangi
1677 1485 1786 1524 non
1844 1469 2019 1542 possit

2152 1463 2304 1533 άρχει
2327 1451 2645 1532 ἀπρόσιτος,
2673 1462 2788 1516 ἀλλ’
2818 1465 2848 1516 ό
2867 1463 3096 1534 ἄνθραξ,
3122 1466 3243 1536 ἦτοι
3267 1467 3328 1520 τὸ
3359 1485 3660 1538 πεπυρακτω-

473 1557 738 1606 cmterum
771 1553 861 1607 ubi
889 1554 1111 1609 admoto
1141 1555 1264 1626 igne
1291 1559 1462 1612 carbo
1488 1559 1681 1625 evasit,
1710 1574 1819 1613 non
1847 1558 2048 1630 quiden

2152 1553 2315 1620 μένον
2373 1551 2574 1619 ξύλον,
2625 1551 2771 1606 οὑτω
2827 1552 2921 1606 καὶ
2974 1555 3006 1624 ἡ
3059 1555 3242 1625 σὰρξ,
3290 1558 3430 1612 κατά
3471 1560 3556 1629 μὲν
3596 1564 3662 1633 τὴν

473 1652 669 1713 suapte
700 1645 770 1707 vi,
824 1647 921 1700 sed
958 1648 1028 1701 ob
1065 1648 1389 1714 adjunctum
1419 1651 1598 1722 ignem
1633 1692 1646 1715 ,
1702 1666 1802 1705 nec
1839 1650 2048 1721 propin:

2152 1645 2346 1714 ἑαυτῆς
2373 1643 2536 1714 φύσιν
2559 1686 2575 1712 ,
2619 1645 2720 1698 οὑκ
2759 1645 2878 1698 ἔστι
2909 1649 3263 1720 προσκυνητὴ
3288 1690 3304 1714 ,
3344 1658 3661 1721 προσκυνεῖται

474 1735 641 1800 adiri,
667 1754 767 1792 nec
813 1741 958 1809 tangi
986 1742 1211 1794 omnino
1266 1751 1478 1812 potest:
1506 1760 1614 1797 non
1665 1743 1811 1812 quod
1856 1759 1920 1798 ea
1944 1743 2048 1811 Iign

2152 1736 2203 1791 δὲ
2234 1738 2293 1789 ὲν
2337 1736 2416 1806 τῷ
2452 1739 2863 1809 σεσαρκωμένῳ
2895 1739 3016 1811 Θεῷ
3053 1741 3212 1811 Λόγῳ
3233 1781 3250 1804 ,
3298 1743 3361 1796 οὐ
3399 1745 3464 1797 δι’
3495 1749 3660 1821 ἑαυτήν,

476 1838 669 1883 natura
703 1832 796 1896 sit,
828 1840 878 1884 ut
916 1835 1222 1902 prepiorem
1254 1836 1322 1890 ad
1361 1852 1421 1892 se
1451 1853 1736 1892 accessum
1767 1851 1876 1891 non
1913 1835 2048 1891 lerat

2152 1822 2282 1876 ἀλλὰ
2355 1821 2442 1876 διὰ
2520 1825 2610 1877 τὸν
2665 1826 2944 1896 ἡνωμένον
3011 1827 3150 1898 αὐτῇ
3235 1828 3357 1883 καθ’
3429 1834 3661 1894 ὑπόστασιν

475 1921 567 1974 sed
594 1923 736 1990 quod
762 1924 873 1992 jam
907 1928 1072 1982 carbo
1098 1927 1188 1992 sit,
1243 1945 1339 1984 seu
1396 1929 1602 1998 lignum
1629 1945 1964 1985 accensum:
2006 1944 2048 1981 at

2152 1914 2283 1968 Θεὸν
2343 1916 2552 1984 Λόγον
2616 1920 2711 1970 καὶ
2762 1917 2822 1970 οὑ
2864 1936 3080 1988 φαμεν.
3121 1921 3204 1974 ὃτι
3259 1923 3436 1993 σάρκα
3485 1947 3662 2000 προσκυ.

475 2013 724 2067 eumdem
771 2032 991 2086 quoque
1037 2019 1256 2074 modum
1306 2037 1434 2074 caro
1488 2032 1683 2091 suapte
1727 2021 1945 2093 quidem
1981 2035 2048 2074 na

2152 2007 2352 2078 νοῦμεν
2381 2007 2566 2078 ψιλὴν,
2598 2008 2736 2063 ἀλλὰ
2763 2010 2942 2081 σάρκα
2963 2009 3124 2079 Θεοῦ,
3157 2014 3281 2084 ἦτοι.
3313 2025 3661 2093 σεσαρωμένον

478 2113 600 2158 tura
637 2123 982 2178 nequaquam
1017 2120 1101 2164 est
1137 2113 1450 2166 adoranda:
1493 2115 1585 2168 sed
1619 2131 1743 2168 cum
1789 2113 2077 2166 incat'nato
2149 2100 2304 2154 θεῦνα

481 2190 658 2244 Verbo
688 2191 972 2254 aduratur,
1017 2204 1124 2242 non
1158 2189 1380 2258 quidem
1417 2199 1645 2257 propter
1670 2189 1932 2256 seipsam,
1968 2189 2062 2240 sed
2105 2199 2328 2257 propter
2371 2188 2538 2242 Deum
2573 2189 2833 2258 Verbum,
2869 2189 3014 2260 quod
3066 2193 3369 2250 secundum
3397 2194 3656 2267 hypostasim

481 2287 582 2356 ipsi
620 2287 940 2355 copulatum
969 2295 1074 2340 est.
1111 2286 1297 2355 Neque
1341 2286 1490 2338 enim
1522 2284 1756 2339 fatemur
1795 2285 2000 2337 nudam
2061 2282 2370 2353 simplicem
2423 2301 2646 2340 Carnem
2683 2288 2926 2354 allo-ari,
2958 2305 3147 2345 verum
3175 2290 3270 2344 Dei
3325 2306 3548 2356 carnem,
3578 2298 3657 2351 site

481 2382 654 2436 Deum
692 2383 1058 2432 incarnatum.

1003 2517 1279 2586 Ej1‘3dc'n-
1321 2515 1455 2588 δορυ
1491 2519 1578 2572 Ἱδο
2510 2534 2622 2590 Τοῦ
2671 2538 2878 2592 αὐτοῦ.
2913 2540 3260 2607 Κεφάλαιον
3295 2540 3400 2610 ον’.

547 2659 810 2728 Quamvis
843 2657 990 2714 enim
1029 2655 1176 2711 nulla
1221 2655 1292 2709 sit
1333 2663 1526 2709 natura
1592 2669 1713 2723 quae
1750 2652 2056 2708 subsisten-

477 2753 549 2808 tia
573 2761 784 2814 careat,
820 2763 922 2804 nec
951 2748 1062 2802 ulla
1089 2746 1392 2802 substantia
1444 2761 1562 2814 qua:
1589 2759 1832 2814 persona:
1858 2757 2058 2813 expers

475 2848 705 2901 exsistat
760 2843 984 2913 (quippe
1027 2855 1154 2897 cum
1193 2849 1248 2893 et
1281 2837 1586 2893 substantia
1639 2847 1694 2891 et
1745 2849 1940 2888 natura
2002 2834 2055 2889 in

476 2941 851 2994 subsistentiis
883 2937 1305 2992 considerentnr
1359 2943 1414 2988 et
1466 2933 1714 3003 personis
1745 2936 1762 2997 )
1792 2971 1806 2991 .
1855 2942 1906 2986 at
1945 2945 2055 2984 non

476 3033 684 3086 idcirco
727 3045 945 3086 necesse
1007 3040 1067 3083 ιιι
1106 3039 1314 3082 natura:
1372 3027 1516 3088 illae,
1572 3041 1692 3093 quae
1753 3024 2055 3079 secundum

475 3123 810 3194 bypostasitn
879 3123 1022 3176 inter
1092 3136 1150 3176 se
1220 3122 1384 3174 unita:
1447 3127 1624 3184 sunt,
1696 3133 1850 3172 suam
1939 3118 2052 3171 sitt-

2227 2668 2289 2720 El
2331 2668 2443 2739 γὰρ
2529 2670 2626 2724 καὶ
2703 2672 2776 2740 μή
2819 2675 2936 2724 ἐστι
3007 2672 3170 2740 φύσις
3239 2676 3661 2744 ἁνυπόστατος,ἢ

2141 2762 2302 2816 οὑσια
2328 2760 2664 2832 ἀπρόσωπος
2683 2777 2698 2792 ο
2717 2762 2776 2811 ἐν
2805 2761 3139 2815 ὑποστάσεσι
3163 2761 3276 2832 γὰρ
3296 2764 3387 2816 καὶ
3409 2767 3658 2835 προσώποις

2141 2853 2178 2924 ἦ
2206 2870 2264 2907 τε
2286 2853 2446 2906 οὑσῐα
2473 2853 2566 2907 καὶ
2595 2855 2628 2923 ἡ
2661 2853 2826 2921 φύσις
2856 2853 3145 2923 θεωρεῖται
3182 2868 3195 2881 ·
3226 2852 3344 2904 ἀλλ’
3373 2855 3468 2907 οὑκ
3495 2857 3658 2924 ἀνάγκη

2139 2946 2240 3008 τὰς
2290 2944 2549 3016 ἀλλήλαις
2603 2945 2899 3007 ἐνιυθείσας
2953 2944 3152 3013 φύσεις
3217 2945 3339 2998 καθ’
3387 2946 3658 3008 ὑπόστασιν,

2137 3039 2376 3109 ἑκάστην
2403 3035 2537 3091 ἰδίαν
2562 3037 2860 3107 κεκτῆσθαι
2886 3037 3204 3090 ὑπόστασινο
3229 3037 3474 3090 δύνανται
3493 3039 3582 3108 γὰρ
3606 3041 3662 3101 εἰς

2099 3189 2116 3208 ι
2142 3131 2272 3200 μίαν
2324 3129 2733 3200 συνδραμοῦσαι
2783 3129 3084 3182 ὑπόστασιν
3116 3168 3130 3191 ,
3168 3129 3308 3200 μήτε
3358 3131 3663 3184 ἀνυπόστατοι

481 3228 621 3298 gula:
657 3225 994 3296 hypostasim
1030 3225 1288 3277 habeant.
1320 3219 1462 3274 Fieri
1506 3218 1651 3273 enim
1683 3223 1881 3288 potest,
1916 3225 1972 3269 ut
1994 3217 2048 3270 in

2152 3191 2302 3288 εἶναι,
2325 3191 2467 3292 μήτε
2495 3191 2806 3286 ῐόιάζουσαν
2830 3221 3039 3293 ἑκάστῃ
3065 3191 3211 3290 ἔχειν
3233 3191 3664 3284 ’ὑπόστασινβλλὰ

485 3334 648 3372 Unam
687 3332 978 3385 personam
1007 3313 1424 3374 convenientes,
1460 3325 1559 3364 nec
1607 3307 1913 3363 substantia
1961 3322 2048 3359 ca-

2152 3332 2272 3384 μιαν
2302 3315 2398 3368 καὶ
2452 3315 2552 3383 τὴν
2604 3314 2778 3385 αὑτὴν
2832 3314 3141 3384 ἀμφότεραι
3206 3315 3272 3366 Ἦ
3304 3315 3437 3385 αὑτὴ
3477 3316 3573 3384 γὰρ
3594 3314 3665 3367 τοῦ

481 3420 663 3472 reant,
703 3425 802 3463 nec
835 3423 1030 3461 rursus
1077 3411 1390 3476 separatam
1437 3417 1499 3456 ac
1532 3399 1809 3472 propriam
1862 3396 2047 3451 subsi-

2152 3405 2314 3474 Λόγου
2350 3386 3016 3478 ὑπόστασις,ἁμφότέρων
3039 3407 3148 3460 τῶν
3175 3405 3392 3474 φύσεων
3424 3409 3668 3470 ὑπόστασις

480 3501 740 3556 διοιιιίιιιιι
774 3500 1034 3559 habeant,
1069 3495 1162 3551 sed
1195 3495 1368 3551 amba:
1411 3509 1576 3548 uuam
1608 3501 1662 3544 et
1744 3536 1749 3542 .
1833 3490 2044 3543 eadem.

2152 3498 2550 3568 χρηματίσασα,
2579 3497 2704 3551 οὔτε
2750 3497 3124 3551 ἀνυπόστατον
3171 3499 3353 3552 αὑτῶν
3410 3499 3528 3568 μίαν
3563 3497 3670 3552 εἶναι

478 3593 636 3657 Nam,
677 3607 800 3645 cum
833 3605 938 3644 una
964 3598 1017 3644 et
1051 3589 1240 3645 eadem
1275 3587 1442 3642 Verbi
1484 3597 1716 3656 persona
1763 3581 2045 3634 ambarum

2152 3591 2432 3660 συγχωρεῖ,
2464 3589 2587 3643 οὑιε
2623 3589 2729 3660 μὴν
2773 3591 3278 3659 έτεροῦποστάτους
3308 3591 3540 3661 ἀλλήλων
3559 3587 3669 3645 εἶναι

479 3694 802 3738 naturarum
843 3695 1076 3751 persona
1104 3680 1402 3744 exstiterit,
1437 3692 1535 3731 nec
1565 3671 1830 3728 utramvis
1854 3671 2045 3723 harum

2152 3681 2496 3751 παραχωρεῖ,
2531 3681 2654 3734 οὑδὲ⁹
2689 3678 2853 3752 [εἷναί
2905 3679 2924 3752 ]
2957 3697 3086 3734 ποτε
3144 3682 3245 3751 μὲν
3291 3683 3469 3748 τῆσδε,
3500 3683 3671 3736 ποτὲδὲ

477 3772 839 3830 subsistentia
868 3787 1060 3825 carere
1095 3772 1248 3834 sinit,
1289 3787 1387 3824 nec
1416 3783 1612 3824 rursus
1640 3781 1734 3819 eas
1770 3763 2044 3818 diversam

2152 3771 2373 3842 txstv'qg,
2400 3770 2517 3824 ἀλλ’
2547 3773 2634 3826 ἀεὶ
2687 3773 3018 3844 ἀμφοτέρων
3060 3773 3408 3844 ἀδιαιρέτως,
3438 3777 3524 3828 καὶ
3556 3777 3671 3843 ἀχω-

478 3869 621 3923 inter
645 3881 704 3920 se
744 3864 1168 3918 snbsistentiam
1227 3862 1430 3916 habere
1478 3857 1749 3919 concedit,
1791 3859 1918 3908 nec‘
1951 3853 2046 3908 de-

2152 3860 2339 3926 ρίστως
2405 3863 2642 3934 ὑπάρχει
2704 3864 3039 3926 ὑπόστασις·
3093 3864 3155 3917 οὑ
3231 3865 3552 3936 μεριζομένη
3599 3865 3673 3916 καὶ

478 3975 625 4012 mum
660 3966 718 4011 ut
759 3971 905 4009 nunc
949 3955 1138 4026 hujus,
1183 3969 1330 4006 nunc
1363 3953 1532 4015 illius,
1569 3963 1803 4021 persona
1834 3946 1928 4009 sit,
1952 3943 2046 3999 sed

2152 3948 2517 4020 itatpoupév'q,
2563 3951 2657 4004 καὶ⁹
2716 3951 2883 4020 μέρος
2936 3951 3035 4022 μὲν
3083 3951 3287 4022 ἑαυτῆς
3350 3952 3510 4022 τῇδε,
3542 3951 3674 4021 μέρος

478 4051 770 4117 utriusque
800 4063 1016 4117 semper
1055 4046 1193 4098 citra
1216 4045 1540 4099 divisionem
1571 4050 1625 4097 et
1643 4039 2045 4111 separationem

2152 4039 2188 4092 ἰὲ
2219 4039 2343 4110 τῇδε
2391 4041 2742 4112 διανέμουσα,
2776 4042 2911 4094 ἀλλὰ
2958 4043 3106 4096 πᾶσα
3160 4042 3368 4112 ταύτης
3418 4044 3504 4096 καὶ
3553 4042 3676 4094 πᾶσι

479 4139 799 4212 bypostasis
831 4138 1088 4192 exsistit:
1127 4137 1211 4191 sic
1247 4137 1503 4190 nimirum
1539 4145 1596 4189 ut
1634 4148 1744 4189 non
1781 4133 1832 4186 in
1863 4139 2048 4201 partes

2152 4130 2366 4200 ικείνης.
2401 4132 2624 4202 ἀμερῶς
2668 4133 2762 4185 καὶ
2783 4131 3085 4202 ὁλοσχερῶς
3114 4132 3453 4203 ὑπάρχουσα.
3481 4133 3546 4185 Ού
3590 4132 3678 4200 γὰρ

479 4240 698 4288 secetur
727 4244 792 4283 ac
824 4228 1124 4290 dividatur,
1154 4228 1352 4297 suique
1382 4237 1591 4297 partem
1624 4226 1775 4289 huic,
1808 4231 2048 4294 partem-

2154 4221 2517 4287 διοσυστὰτως
2569 4225 2832 4296 ὑπέστηή
2866 4226 2959 4278 τοῦ
2987 4225 3123 4279 Θεοῦ
3161 4227 3337 4292 Λόγου
3383 4226 3514 4298 σὰρξ
3536 4267 3550 4288 ,
3580 4226 3680 4278 οὑδὲ

479 4341 586 4396 que
616 4323 692 4377 illi
729 4321 956 4383 tribuat,
992 4321 1087 4374 sed
1124 4322 1239 4374 tota
1273 4319 1459 4387 hujus,
1489 4333 1554 4373 ac
1587 4326 1700 4372 tota
1733 4315 1882 4370 illius
1912 4311 2048 4368 indi-

2152 4315 2297 4386 ἑτέρα
2342 4316 2639 4381 ὑπόστασις
2686 4319 2880 4386 γέγονε
2933 4319 3080 4386 παρὰ
3135 4319 3234 4390 τὴν
3283 4319 3380 4373 τοῦ
3431 4319 3558 4372 Θεοῦ
3591 4318 3679 4371 Λό-

479 4416 615 4478 vise,
649 4421 812 4482 atque
851 4412 905 4465 in
943 4419 1118 4464 totum
1147 4411 1240 4467 sit.
1274 4409 1462 4480 Neque
1513 4409 1660 4463 enim
1700 4417 1759 4462 ut
1814 4405 2046 4461 scorsim

2152 4422 2229 4474 {ou
2278 4407 2600 4472 ὑπόστασιν,
2641 4408 2757 4461 ἀλλ’
2792 4410 2849 4462 ὲν
2903 4410 3038 4480 αὑτῇ
3088 4410 3396 4472 ὑποστᾶσα,
3428 4409 3683 4463 ἔνυπόστα-

480 4504 826 4562 subsisteret,
858 4499 949 4554 Dei
989 4498 1151 4553 Verbi
1177 4507 1304 4553 caro
1327 4498 1547 4552 condita
1586 4503 1690 4565 est,
1733 4502 1827 4563 aut
1856 4501 2048 4564 praeter

2152 4515 2224 4560 τος
2270 4499 2492 4569 μᾶλλον,
2527 4501 2620 4553 καὶ
2665 4502 2728 4554 οὑ
2785 4502 2907 4554 καθ’
2941 4502 3138 4573 ἑαυτὴν
3187 4502 3541 4565 ξδιοσὺστατος
3572 4500 3681 4552 ὑπόο

482 4593 574 4646 Dei
610 4591 774 4645 Verbi
831 4604 1121 4659 personam
1154 4589 1262 4643 alia
1305 4589 1446 4643 facta
1488 4586 1592 4641 fuit
1622 4599 1892 4658 persona:
1951 4581 2046 4637 sed

2152 4605 2322 4650 πτασις
2377 4591 2589 4659 γέγονε.
2627 4592 2719 4649 Διὸ
2772 4591 2894 4644 οὑδὲ
2953 4593 3330 4656 ἀνυπόστατός
3377 4589 3681 4654 ὲστιν,οὑδὲ

489 4702 612 4736 cum
657 4685 709 4735 in
745 4701 805 4737 ca
840 4684 1192 4744 subsisteret,
1223 4683 1367 4736 facta
1398 4693 1475 4736 est
1525 4681 1709 4752 potius
1757 4679 2048 4732 ὲνυπόστα-

2152 4678 2329 4747 ἑτέραν
2366 4683 2424 4732 ὲν
2450 4685 2514 4752 τῇ
2545 4683 2736 4752 Τριάδι
2766 4685 3126 4754 παρεισφέρει
3159 4684 3474 4736 ὑπόστασιν.

469 4799 583 4853 cog,
621 4782 672 4836 id
697 4791 802 4846 est,
847 4780 900 4834 in
941 4781 1048 4834 alio
1069 4778 1349 4837 substans.
1398 4793 1560 4846 quam
1588 4773 1818 4829 scorsim
1854 4775 1906 4826 in
1939 4773 2117 4842 seipsa
2140 4773 2400 4829 substans
2435 4773 2761 4845 hypostasis.
2795 4774 3160 4843 Quamobrem
3197 4789 3300 4832 nec
3354 4786 3497 4832 caret
3532 4774 3688 4832 subsi-

469 4871 692 4932 Stentia,
736 4883 835 4921 nec
875 4867 1101 4921 alteram
1133 4866 1186 4918 in
1223 4865 1488 4916 Trinitate
1518 4877 1803 4932 personam
1841 4861 2070 4914 inducit.

1000 5004 1270 5073 Ejusdem.
1302 5003 1431 5069 Cap.
1464 5001 1553 5054 74.

545 5143 731 5197 Divina
752 5143 965 5194 nomina
987 5140 1310 5193 communia.
1337 5167 1407 5177 —
1433 5137 1566 5204 Qum
1624 5152 1748 5191 cum
1799 5139 1873 5190 ita
1912 5139 2044 5203 sint,

469 5238 824 5309 appendicem
873 5234 1046 5298 illam,
1103 5247 1266 5294 quam
1323 5231 1515 5288 Petrus
1570 5231 1881 5300 Cnaphens,
1948 5246 2043 5284 seu

469 5329 644 5395 Fullo,
678 5327 927 5397 Trisagio
957 5325 1161 5397 hymno
1183 5325 1403 5394 adjecit,
1440 5324 1657 5392 impiam
1686 5339 1810 5377 esse
1841 5319 2046 5376 statui-

469 5441 610 5487 mus,
647 5436 703 5476 ut
735 5439 854 5493 quae
887 5434 1137 5492 quartam
1170 5421 1394 5474 inducat
1462 5434 1777 5489 personam,
1836 5432 1900 5472 ac
1956 5415 2047 5470 Dei

469 5515 690 5580 Filium,
725 5518 830 5569 vim
857 5515 1002 5567 illam
1035 5513 1292 5567 nimirqu
1329 5512 1506 5565 Patris
1557 5526 1681 5566 vere
1742 5510 2045 5564 subsisten-

470 5618 598 5670 tem,
626 5608 858 5662 seorsim
883 5607 1136 5672 collocet,
1173 5614 1228 5660 ct
1258 5605 1488 5660 scorsim
1548 5619 1738 5658 rursus
1768 5618 1913 5664 eum,
1951 5602 2044 5673 qui

469 5701 622 5752 cruci
650 5699 842 5753 atlixus
894 5708 999 5762 est,
1026 5714 1089 5752 ac
1119 5699 1164 5752 si
1197 5697 1264 5752 ab
1290 5697 1382 5751 illo
1434 5697 1564 5767 [orti
1596 5695 1850 5751 diversus
1874 5704 2042 5758 esset,

468 5791 554 5846 vel
585 5789 905 5844 Trinitatem
947 5800 1193 5846 sanctam
1233 5791 1474 5858 passioni
1503 5789 1797 5845 obnoxiam
1852 5789 2044 5858 opine-

469 5891 583 5950 tur,
618 5882 946 5955 Patremque
973 5900 1034 5939 ac
1091 5883 1357 5953 Spiritum
1421 5894 1670 5940 sanctum
1711 5884 1764 5937 in
1829 5898 2046 5939 crucem

2503 5004 2616 5060 Τοῦ
2637 5006 2846 5060 αὐτοῦ.
2879 5004 3246 5075 Κεφάλαιον.
3271 5006 3377 5064 06⁸.

2237 5139 2520 5192 Ἐντεῦθεν
2565 5139 2662 5192 καὶ
2687 5141 2787 5209 τὴν
2820 5139 2880 5191 ἐν
2935 5139 3014 5210 τῷ
3069 5139 3358 5212 Τρισαγίῳ
3405 5143 3688 5213 προσθήκην

2154 5234 2258 5287 ὑπὸ
2282 5232 2376 5286 τοῦ
2409 5233 2805 5303 ματαιόφρονος
2837 5235 3041 5305 Πέτρου
3069 5235 3164 5288 τοῦ
3197 5237 3459 5307 Κνιςρέως
3487 5250 3683 5306 γεγενη-

2155 5329 2348 5398 μένην,
2386 5327 2712 5397 βλάσφημον
2736 5327 3058 5396 όρεζὸμεθα,
3090 5328 3164 5391 ὡς
3196 5330 3453 5397 τέταρτον
3488 5313 3680 5397 παρεισ-

2152 5422 2395 5490 ἀγουσαν
2445 5419 2763 5490 πρόσωπον,
2789 5423 2882 5488 κμὶ
2914 5421 3195 5492 ἁναμέρος
3226 5425 3460 5476 τιθεῖσαν
3493 5423 3578 5474 τὸν
3610 5417 3683 5470 τοῦ

2151 5513 2286 5566 Θεοῦ
2323 5512 2475 5578 Υἰὸν,
2511 5511 2612 5581 τὴν
2665 5509 2760 5564 τοῦ
2796 5511 3008 5579 [ἰατρὸς
3058 5515 3422 5567 ἐνυπόστπιτον
3463 5513 3679 5580 δύναμιν.

2151 5609 2246 5660 καὶ
2267 5607 2542 5676 ἁναμέρος
2565 5604 2656 5658 τὸν
2675 5605 3094 5674 ἐσταυρωμένον
3118 5607 3191 5666 ὡς
3220 5607 3380 5661 ἄλλον
3423 5607 3539 5659 ὄντα
3556 5601 3678 5672 περὶ

2150 5701 2243 5754 τὸν
2284 5699 2558 5769 ἰσχυρὸν,
2582 5699 2612 5768 ἢ
2639 5697 2892 5768 παθητὴν
2916 5699 3015 5769 τὴν
3039 5700 3204 5767 ἁγίαν
3240 5701 3438 5770 Τριάδα
3465 5698 3678 5762 δοξάζου-

2157 5809 2280 5855 σαν,
2322 5794 2419 5844 καὶ
2456 5787 2877 5860 συσταυριιῡσαν
2907 5791 2984 5858 τῷ
3020 5791 3131 5860 Υἱῴ
3164 5793 3258 5844 τὸν
3289 5794 3489 5861 Πατέρα
3511 5792 3593 5842 καὶ
3633 5783 3677 5835 εὖ

2171 5884 2398 5957 Πνεῦμα
2442 5885 2499 5939 τὸ
2533 5885 2713 5955 ἅγιον.
2758 5883 2971 5952 Ἄπαγε
3003 5885 3211 5959 ταύτην
3273 5889 3366 5958 τὴν
3397 5885 3672 5956 placat?“
