3952 6552
253 401 399 468 1057

1251 409 1625 473 PANOPLIA
1667 409 2125 472 DOGMA'I‘ICA.
2157 437 2224 446 -
2251 413 2394 476 ἸῚΤ.
2431 413 2577 477 XVI.

3376 423 3516 491 1.058

247 543 343 596 καὶ
364 545 789 614 παρέγγραπτον
824 539 1115 610 φλυαρίαν.
1163 539 1355 611 Ἡμεῖς
1385 541 1493 612 γάρ
1534 538 1596 593 τὺ
1617 580 1632 603 ,
1673 541 1838 610 ἅγιος

1950 553 2082 613 ngat.
2111 542 2305 598 Procul
2347 546 2418 599 sit
2446 546 2766 616 hlaspltema
2812 549 2926 603 huic
2957 557 3010 605 et
3047 550 3358 606 adulterina
3403 569 3508 608 nu-

245 635 278 685 d
319 631 486 695 Θεὸς,
521 631 614 684 ἐπὶ
645 629 737 683 τοῦ
785 629 999 699 Πατρὸς
1057 628 1476 700 ὲκλαμϐάνομεν
1503 673 1519 698 ,
1546 629 1646 683 οὑκ
1689 629 1839 701 αὕτῷ

245 723 400 793 μόνῳ
423 722 484 776 τὸ
527 722 626 792 τῆς
680 721 935 792 θεότητος
969 721 1318 792 ἀφορίζοντες
1351 721 1546 792 ὄνομα,
1570 721 1710 776 ἀλλὰ
1744 721 1839 776 καὶ

245 816 340 871 τὸν
378 817 510 872 Υἱὸν
537 815 669 870 Θεδν
689 815 893 878 εἰδότες
910 855 926 882 ,
955 814 1052 869 καὶ
1083 814 1143 868 τὸ
1177 813 1406 886 Πνεῦμα
1433 814 1494 868 τὸ
1514 814 1670 885 ἁγιον
1692 832 1708 848 ο
1742 814 1838 870 καὶ

244 909 333 977 τὸ,
365 910 533 980 ἅγιος
568 907 838 977 ἰσχυρὸς,
869 907 962 961 ἐπὶ
1009 907 1102 960 τοῦ
1139 906 1270 961 Υίοῦ
1304 906 1531 976 τίθεμεν
1554 949 1570 974 ,
1593 907 1694 962 οὐκ
1735 907 1840 963 ἁπ-

244 1000 649 1073 αμφιεννῦντες
674 1002 776 1071 τῆς
811 998 995 1069 ἰσχύος
1023 998 1114 1052 τὸν
1141 997 1364 1070 Πατέρα
1398 999 1496 1053 καὶ
1520 999 1582 1053 τὸ
1613 997 1840 1071 Πνεῦμα

245 1096 312 1148 τὸ
338 1094 531 1163 ἅγιον·
565 1093 659 1146 καὶ
706 1091 788 1158 τὸ,
817 1090 984 1160 ἅγιος
1023 1090 1479 1167 dﬂdratoc,_é1t‘t.
1537 1090 1630 1146 τοῦ
1681 1091 1838 1161 ἁγίου

247 1182 576 1256 Πνεῦματος
597 1186 887 1255 τάττομεν,
913 1185 1013 1238 οὐκ
1044 1184 1150 1249 ἔξω
1181 1185 1281 1253 τῆς
1322 1184 1626 1248 ἀθανασίας
1656 1184 1841 1239 τιθέν-

247 1299 343 1343 τες
372 1280 467 1332 τὸν
508 1279 728 1349 Πατέρα
760 1279 854 1331 καὶ
885 1277 976 1331 τὸν
1023 1277 1177 1342 Υἱὸν,
1210 1277 1327 1331 ἀλλ’
1350 1278 1436 1346 ἐφ’
1468 1279 1709 1348 ἑκάστης
1731 1277 1840 1332 τῶν

247 1369 606 1423 ὑποστάσεων
634 1368 816 1431 πάσας
865 1367 964 1430 τὰς
1011 1367 1318 1438 θεωνυμίας
1345 1368 1536 1432 ἁπλῶς
1577 1369 1673 1422 καὶ
1704 1369 1842 1422 ἀπο-

248 1461 431 1524 λύτως
455 1458 914 1530 ἐκλαμϐάνοντες,
951 1459 1048 1511 καὶ
1095 1458 1188 1511 τὸν
1217 1460 1361 1512 Θεῖον
1399 1458 1726 1512 Ἀπόστολον
1751 1459 1843 1512 ἐκ·

254 1552 592 1624 μιμούμενοι
621 1592 637 1619 ,
673 1549 954 1622 φάσκοντα
982 1567 998 1582 ο
1051 1541 1225 1621 Ἡμῖν
1257 1551 1325 1606 δὲ
1369 1547 1456 1619 εἷς
1489 1552 1629 1616 Θεὸς
1658 1554 1692 1606 ὁ
1727 1548 1846 1604 Πά-

250 1644 390 1711 τὴρ,
417 1643 487 1708 ἐξ
520 1637 592 1698 οὗ
625 1643 699 1697 τὰ
719 1642 936 1708 πάντα,
961 1641 1060 1695 καὶ
1083 1641 1256 1711 ἡμεῖς
1286 1642 1358 1708 ἐξ
1393 1643 1578 1697 αὐτοῦ
1596 1659 1610 1672 ’
1634 1641 1733 1697 καί
1757 1635 1846 1708 εἷς

255 1738 476 1806 Κύριος
524 1733 762 1802 Ἰησοῦς
809 1733 1087 1802 Χριστὸς,
1137 1733 1213 1788 δι’
1243 1729 1316 1790 οὗ
1365 1735 1440 1788 τὰ
1479 1733 1714 1798 πάντα,
1745 1735 1843 1789 καὶ

260 1827 437 1898 ἡμεῖς
464 1825 541 1879 δι’
560 1824 748 1880 αὐτοῦ
785 1840 801 1856 ⁸
834 1824 932 1878 καὶ
980 1823 1051 1878 ἓν
1082 1826 1328 1894 Πνεῦμα
1370 1825 1571 1896 ἅγιον.
1601 1827 1670 1880 ἐν
1697 1820 1746 1894 ᾧ
1775 1826 1845 1879 τὰ

1950 1822 2144 1888 omnia,
2185 1834 2232 1877 et
2275 1841 2368 1878 nos
2409 1841 2502 1894 per
2546 1825 2720 1894 ipsum
2746 1842 2765 1881 :
2885 1835 2935 1880 et

259 1920 461 1974 πάντα
489 1917 587 1971 καί
620 1917 792 1988 ἡμεῖς
817 1917 886 1970 ἐν
913 1913 1073 1982 αὐτῷ
1089 1925 1152 1971 π’.
1186 1917 1260 1972 Οὐ
1311 1919 1419 1988 μὴν
1461 1916 1596 1971 ἀλλὰ
1623 1916 1718 1970 καὶ
1753 1917 1846 1970 τὸν

259 2010 526 2080 Θεολόγον
555 2007 877 2079 Γρηγόριον,
897 2005 1000 2062 ὧδέ
1050 2026 1126 2079 πη
1156 2007 1385 2076 λέγοντα
1406 2026 1420 2039 °
1460 2007 1635 2079 Ἡμῖν
1663 2008 1731 2062 δὲ
1759 2003 1848 2076 εἷς

263 2101 414 2167 Θεὸς
443 2103 477 2155 ό
526 2097 748 2166 Πατὴρ,
782 2097 850 2163 ἐξ
880 2094 952 2154 οὗ
1009 2098 1082 2153 τὰ
1119 2097 1317 2154 πάντα
1339 2138 1354 2162 ,
1385 2100 1483 2153 καὶ
1515 2092 1604 2165 εἷς
1633 2100 1847 2167 Κύριος

275 2193 520 2262 Ἰησοῦς
543 2189 902 2261 Χριστὸς-,δι’
934 2183 1008 2246 οὗ
1038 2187 1112 2242 τὰ
1147 2189 1364 2257 πάντα,
1385 2189 1481 2243 καὶ
1509 2188 1579 2244 ἐν
1605 2188 1848 2257 Πνεῦμα

262 2285 460 2355 ἅγιον,
493 2277 628 2351 ὲνῷ
658 2281 732 2336 τὰ
753 2281 980 2346 πάντα,
1002 2279 1118 2348 τοῦ,
1148 2281 1216 2346 ἐξ
1241 2276 1337 2347 οὗ,
1370 2281 1484 2346 καὶ,
1508 2280 1580 2334 δι’
1602 2275 1698 2342 οὗ,
1729 2280 1845 2344 καὶ,

264 2369 429 2442 ἑνῷ,
473 2374 546 2445 μὴ
597 2373 789 2442 φύσεις
831 2372 1170 2441 τεμνόντωνσ
1204 2370 1327 2424 οὐδὲ
1358 2370 1467 2442 γὰρ
1513 2372 1580 2425 ἂν
1625 2371 1849 2441 μετέπι-

267 2484 406 2519 πτον
436 2467 492 2518 αἱ
519 2464 828 2535 προθέσεις,
861 2463 894 2534 ἢ
919 2464 974 2516 αί
1019 2461 1202 2528 τάξεις
1231 2461 1342 2515 τῶν
1378 2462 1688 2531 ὀνομάτων·
1713 2461 1849 2516 ἀλλὰ

265 2555 788 2628 χαρακτηριζόντων
815 2556 944 2626 μιᾶς
967 2553 1060 2608 καὶ
1081 2552 1392 2624 ἀσυγχύτου
1411 2553 1626 2622 φύσεως
1656 2554 1846 2624 ίδιὸτη-

265 2667 369 2712 τας
390 2666 404 2678 ο
435 2647 530 2702 καὶ
555 2646 713 2705 τοῦτο
734 2646 894 2718 δῆλον
914 2645 975 2712 ἐξ
1006 2638 1081 2700 ὧν
1111 2647 1190 2709 εἰς
1217 2645 1275 2698 ἓν
1307 2645 1631 2713 συνάγονται
1665 2645 1846 2712 πάλιν,

267 2742 318 2793 εἰ
359 2740 436 2808 τῷ
468 2739 543 2810 μὴ
570 2739 862 2810 παρέργως
889 2740 1064 2792 ἐκεῖνο
1102 2736 1538 2806 ἀναγινώσκεται
1577 2738 1730 2809 παρὰ
1771 2739 1851 2811 τῷ

267 2832 425 2902 αὐτῷ
461 2832 788 2901 Ἀποστόλῳ,
821 2831 885 2883 τὸ
913 2872 929 2896 ,
953 2831 1022 2896 ἐξ
1070 2829 1258 2885 αὐτοῦ
1279 2871 1293 2893 ,
1322 2830 1416 2883 καὶ
1441 2829 1516 2882 δι’
1538 2831 1724 2885 αὐτοῦ
1758 2829 1852 2884 καὶ

268 2923 341 2976 ἐν
377 2921 538 2989 αὐτῷ
578 2921 650 2976 τὰ
687 2922 913 2977 adyta“
948 2922 1108 2998 αὐτῷ
1153 2921 1301 2988 δόξα
1334 2925 1422 2988 είς
1457 2923 1599 2989 τοὺς
1630 2922 1852 2990 αἰῶνας

272 3013 398 3069 τῶν
429 3015 678 3070 αὶώνων.
710 3014 907 3086 ’Λμήν.

349 3196 472 3250 Ὀτι
501 3195 609 3267 γὰρ
642 3197 740 3250 οὐκ
774 3197 852 3260 εἰς
882 3195 973 3248 τὸν
996 3194 1124 3248 Υίδν
1157 3195 1312 3266 μόνον
1340 3195 1590 3248 λέλεκται
1625 3195 1684 3247 τὸ
1701 3212 1847 3265 τρισ-
1879 3246 1917 3267 η

277 3289 456 3360 ἅγιον,
485 3289 597 3343 ἀλλ’
622 3290 701 3352 είς
725 3287 824 3360 τὴν
852 3286 1014 3355 ἁγίαν
1036 3287 1264 3359 Τριάδα,
1291 3287 1499 3358 μάρτυς
1527 3290 1554 3341 6
1595 3285 1735 3349 θεῖος
1759 3287 1854 3340 καὶ

277 3379 424 3451 ἱερὸς
459 3379 796 3443 Ἀθανάσιος,
831 3376 1111 3439 Βασίλειός
1144 3393 1205 3429 τε
1230 3416 1244 3439 ,
1270 3376 1364 3430 καὶ
1409 3376 1731 3448 Γρηγόριος,
1758 3377 1854 3430 καὶ

275 3471 388 3534 πᾶς
413 3472 441 3523 6
462 3470 568 3523 τῶν
602 3469 878 3541 θεοφόρων
912 3470 1173 3541 Πατὲρων
1203 3469 1389 3540 χορόςο
1418 3469 1610 3541 ὅτιπερ
1638 3467 1726 3522 διὰ
1755 3471 1854 3538 τῆς

269 3564 506 3634 τρισσῆς
528 3561 835 3632 ἁγιότητος,
857 3560 959 3622 τὰς
985 3563 1135 3633 τρεῖς
1172 3560 1272 3630 τῆς
1299 3559 1628 3643 ὑπερουσίου
1663 3557 1853 3626 θεότη-

270 3667 365 3714 τος
421 3648 771 3712 ὑποστάσεις,
806 3648 878 3700 τὰ
917 3647 1051 3716 ἅγια
1081 3645 1331 3718 Σεραφὶμ
1391 3651 1523 3719 ἡμῖν
1577 3651 1858 3723 ὕπεμφαι-

269 3754 446 3789 νουσι.
483 3735 582 3790 Διὰ
629 3737 686 3791 δὲ
740 3738 842 3808 τῆς
879 3739 1010 3809 μιᾶς
1059 3741 1400 3811 κυριότητος,
1451 3742 1550 3814 τὴν
1597 3745 1726 3814 μίαν
1758 3745 1859 3815 τῆς

272 3828 575 3899 Θεαρχικῆς
618 3828 850 3900 Τριάδος
885 3831 1075 3885 οὐσίαν
1104 3848 1163 3884 τε
1212 3833 1306 3887 καὶ
1348 3833 1624 3904 βασιλείαν
1653 3837 1859 3908 γνωρί-

272 3920 451 3985 ζουσι.
485 3922 625 3993 Φησὶ
647 3921 778 3992 γοῦν
809 3925 838 3976 6
867 3923 1127 3994 Θεολόγος
1150 3925 1449 3998 Γρηγόριος
1489 3935 1504 3951 ⁸
1573 3927 1730 3982 Οὕτω
1759 3929 1857 3998 μὲν

271 4010 366 4068 οὖν
396 4012 466 4064 τὰ
496 4015 662 4081 Ἀγια
710 4014 818 4071 τῶν
865 4016 1058 4083 ἁγίων,
1088 4015 1124 4070 ἁ
1158 4017 1253 4071 καὶ
1284 4021 1397 4081 τοῖς
1437 4017 1692 4088 Σεραφὶμ
1721 4036 1855 4087 συγ-

272 4104 648 4171 ναὶύπτεται,
686 4109 780 4159 καὶ
832 4106 1116 4174 δοξάζεται
1175 4110 1354 4180 τρισὶν
1407 4111 1701 4180 ἁγιασμοῖς
1731 4149 1746 4174 ,
1777 4114 1857 4176 είς

275 4198 411 4267 μίαν
449 4198 688 4252 συνιοῦσι
727 4200 1028 4270 κυριότητα
1062 4203 1158 4254 κα)⁸
1203 4201 1453 4273 θεότητα.
1495 4204 1560 4256 '0
1593 4203 1685 4269 καλ⁵
1709 4204 1855 4276 ἄλλῳ

270 4289 381 4340 τινὶ
412 4287 521 4341 τῶν
550 4290 656 4360 πρὸ
687 4292 843 4362 ἡμῶν
875 4291 1313 4364 πεφιλοσόφηται
1347 4293 1616 4350 κάλλιστά
1657 4312 1718 4349 τε
1759 4297 1856 4350 καὶ

271 4375 612 4448 ὑψηλότατα.

353 4553 488 4606 Φασὶ
542 4554 598 4607 δὲ
655 4559 749 4610 καὶ
803 4560 852 4612 oi
927 4565 1027 4630 τὴν
1085 4561 1546 4632 ὲκκλησιασττκὴν
1609 4560 1852 4632 ἱστορίαν

1937 635 2167 703 gacitas.
2201 631 2312 689 Nos
2361 635 2562 705 quippe
2597 635 2756 701 illud,
2791 648 3007 692 sanctus
3050 639 3191 693 Deus
3237 641 3304 694 de
3350 641 3510 698 Patre

1937 726 2276 795 accipimus:
2311 742 2418 781 non
2451 727 2597 797 quod
2633 729 2737 800 ipsi
2772 729 2874 784 soli
2911 731 3221 788 divinitatis
3256 735 3510 803 assigne-

1938 832 2060 871 tuus
2088 831 2310 872 nomen.
2344 817 2478 872 Nam
2513 828 2564 872 et
2595 819 2818 886 Filium,
2849 827 2904 876 et
2947 820 3210 892 Spiritum
3253 837 3507 882 sanctum

1943 908 2107 963 Deum
2143 911 2513 980 agnoscimus.
2547 910 2732 965 Itidem
2767 912 2926 980 illud,
2958 925 3173 970 sanctus
3204 916 3384 983 fortis,
3415 917 3508 972 Fi-

1939 1000 2014 1054 lio
2039 1001 2335 1058 tribuimus
2364 1021 2376 1057 :
2408 1019 2517 1056 non
2549 1003 2694 1074 quod
2725 1003 2938 1060 Patrem
2975 1014 3030 1060 et
3072 1005 3337 1076 Spiritum
3383 1025 3511 1064 san--

1940 1097 2086 1142 ctum
2122 1090 2324 1146 virtute
2349 1090 2674 1160 spoliemus.
2703 1091 2782 1146 Ac
2819 1091 3055 1162 denique
3091 1096 3222 1149 illud
3245 1137 3261 1161 ,
3291 1106 3510 1152 sanctus

1941 1182 2298 1248 immortalis,
2354 1183 2582 1255 Spiritui
2627 1192 2820 1240 sancto
2868 1188 3237 1245 ascribimus:
3298 1205 3407 1244 non
3454 1201 3512 1246 ut

1943 1271 2156 1328 Patrem
2195 1282 2249 1330 et
2288 1272 2485 1328 Filium
2535 1275 2606 1331 ab
2662 1277 3080 1332 immortalitate
3130 1281 3508 1348 excludamus,

1943 1367 2035 1420 setl
2068 1368 2203 1420 utin
2231 1383 2564 1438 unaquaque
2595 1384 2827 1438 persona
2857 1370 3039 1424 omnia
3069 1370 3250 1425 divina
3289 1374 3511 1428 nomina

1944 1457 2272 1528 simpliciter
2307 1467 2360 1514 et
2394 1460 2646 1515 absolute
2672 1477 2983 1528 sumamus,
3007 1462 3256 1518 divinum
3299 1466 3514 1520 scilicet

1943 1546 2264 1615 Apostolum
2303 1548 2605 1614 imitantes,
2627 1550 2788 1617 cujus
2820 1550 2932 1604 hinc
2960 1551 3121 1605 verba
3147 1563 3311 1607 sunt:
3347 1551 3513 1608 Nobis

1945 1646 2119 1691 autem
2168 1655 2303 1691 unus
2335 1637 2472 1692 Deus
2520 1638 2700 1706 Pater,
2729 1655 2793 1693 ea:
2839 1657 2940 1710 quo
2974 1645 3175 1706 omnia,
3233 1652 3282 1696 et
3322 1661 3415 1698 nos
3452 1659 3516 1697 ea:

1945 1732 2101 1800 ipso;
2133 1742 2180 1786 et
2213 1747 2348 1785 unus
2413 1731 2672 1788 Dominus
2707 1732 2865 1789 Jesus
2918 1733 3182 1801 Christus,
3226 1753 3317 1806 per
3365 1754 3515 1806 quem

3109 1845 3242 1883 unus
3283 1828 3516 1896 Spiritus

1947 1924 2184 1976 sanctus,
2218 1915 2268 1967 in
2294 1931 2395 1984 quo
2433 1917 2631 1980 omnia,
2677 1926 2727 1971 et
2780 1934 2876 1972 nos
2921 1919 2976 1972 in
3039 1920 3152 1983 ipso
3204 1925 3239 1974 ¹.
3275 1920 3519 1991 Itemque

1946 2004 2271 2075 Gregorium
2319 2011 2339 2038 '
2393 2008 2548 2063 illum
2605 2009 2942 2081 Thcologum
2977 2011 3042 2065 ad
3086 2011 3236 2066 hunc
3295 2014 3518 2068 modum

1947 2096 2297 2167 loquentem:
2325 2098 2493 2156 Nobis
2529 2115 2704 2156 autem
2735 2120 2870 2158 unus
2909 2105 3050 2159 Deus
3089 2106 3274 2168 Pater,
3323 2124 3386 2161 ea:
3419 2126 3520 2178 quo

1948 2191 2160 2258 omnia;
2197 2201 2247 2247 et
2274 2208 2410 2248 unus
2443 2193 2696 2249 Dominus
2729 2194 2890 2250 Jesus
2927 2195 3191 2262 Christus,
3238 2217 3330 2270 per
3369 2217 3521 2272 quem

1949 2283 2238 2350 omnia;et
2267 2302 2404 2340 unus
2446 2285 2683 2355 Spiritus
2726 2298 2984 2356 sanctus,
3033 2289 3086 2342 in
3130 2308 3233 2361 quo
3301 2295 3520 2348 omnia:

1949 2373 2037 2429 his
2069 2377 2304 2441 voculis,
2336 2393 2400 2430 ea:
2421 2395 2544 2448 quo,
2563 2395 2655 2446 per
2688 2396 2863 2449 quem,
2895 2389 2949 2436 et
2976 2382 3031 2436 in
3069 2399 3192 2452 quo,
3228 2399 3334 2437 non
3370 2385 3520 2440 scin—

1949 2465 2208 2523 dentibus
2235 2478 2459 2525 naturas
2483 2469 2683 2540 (neque
2708 2473 2854 2525 enim
2876 2472 3080 2542 alioqui
3105 2475 3522 2542 praepositiones

1951 2557 2078 2623 illae,
2115 2567 2210 2612 aut
2237 2561 2520 2615 nominum
2559 2562 2786 2617 ordines
2843 2579 3086 2632 unquam
3133 2567 3520 2633 imitarentur),

1948 2666 2138 2706 verum
2197 2651 2362 2708 unius
2408 2668 2472 2707 ac
2522 2653 2826 2709 inconfusae
2885 2663 3093 2710 natura:
3156 2658 3522 2725 proprietates

1949 2743 2406 2812 exprimentibus.
2430 2743 2600 2816 quue
2633 2746 2810 2817 liquet
2835 2763 2899 2800 ex
2929 2761 2994 2800 eo
3051 2751 3198 2816 quod
3231 2764 3426 2803 rursus
3468 2749 3520 2802 iu

1950 2850 2118 2888 unum
2171 2835 2534 2906 colliguntur,
2585 2837 2629 2892 si
2678 2837 2839 2892 modo
2880 2839 3152 2907 quispiam
3199 2839 3332 2892 illud
3379 2841 3522 2910 apud

1949 2925 2272 2995 Apostolunt
2331 2927 2476 2981 haud
2532 2928 2873 2999 negligenter
2932 2929 3112 2999 legat:
3150 2926 3232 2981 Ea:
3284 2931 3420 2995 ipso,
3473 2941 3523 2985 et

1949 3033 2041 3087 per
2068 3018 2262 3086 ipsum,
2303 3029 2351 3072 et
2385 3020 2436 3072 in
2464 3020 2576 3088 ipso
2608 3029 2729 3074 sunt
2760 3019 2963 3085 atttnia,
2983 3019 3087 3087 ipsi
3115 3019 3290 3089 gloria
3336 3021 3389 3075 in
3420 3038 3522 3075 stv-

1951 3106 2072 3159 cula
2096 3108 2433 3162 swculorum.
2455 3111 2620 3163 Amen
2659 3106 2706 3161 ⁸.

2023 3195 2157 3250 Nam
2185 3200 2329 3267 quod
2364 3214 2472 3252 non
2500 3199 2568 3254 de
2605 3198 2747 3254 Filio
2773 3198 3042 3254 duntaxat
3063 3235 3079 3260 ,

1955 3296 2043 3344 cta
2089 3287 2363 3346 Trinitate
2401 3290 2582 3346 dictus
2615 3290 2687 3346 sit
2733 3299 2818 3346 ter
2860 3298 3088 3347 sanctus
3133 3289 3394 3362 hymnus,
3449 3297 3530 3346 te-

1953 3389 2171 3436 stantur
2197 3380 2420 3437 divinus
2458 3396 2730 3452 sacerque
2765 3383 3106 3438 Athanasius
3131 3424 3144 3447 ,
3177 3381 3443 3448 Basilius,
3475 3388 3530 3436 et

1955 3471 2272 3543 Gregorius,
2314 3481 2554 3530 aetolus
2595 3475 2818 3529 Patrum
2848 3491 2877 3529 a
2904 3475 3016 3531 Deo
3055 3475 3360 3530 alllatorum
3392 3477 3529 3532 cho-

1957 3581 2052 3620 rus
2082 3583 2096 3628 ;
2133 3581 2330 3635 nempe
2357 3567 2500 3637 quod
2529 3576 2719 3623 sancta
2743 3567 2833 3621 illa
2869 3564 3160 3639 Seraphim
3190 3585 3290 3638 per
3325 3568 3525 3623 trinam

1961 3658 2335 3719 sanctitatem,
2371 3665 2481 3711 tres
2523 3657 3010 3725 superes'sentialis
3063 3654 3369 3710 divinitatis
3401 3672 3530 3724 per-

3170 3197 3264 3252 srd
3295 3199 3361 3253 de
3402 3213 3528 3253 san-

1961 3761 2127 3801 sonas
2157 3747 2319 3801 nobis
2359 3745 2646 3811 indicent;
2697 3761 2794 3814 per
2840 3761 3002 3799 unam
3051 3756 3233 3801 autem
3273 3746 3528 3800 domina-

1959 3839 2188 3898 tionem.
2226 3853 2389 3891 unam
2419 3837 2619 3892 divinm
2649 3835 2940 3891 Trinitatis
2995 3836 3362 3891 substantiam
3385 3877 3399 3900 ,
3433 3835 3530 3888 im-

1960 3930 2277 3999 periumque
2305 3929 2604 3984 declarent.
2653 3929 2743 3983 Ait
2775 3930 2975 4000 quippe
3018 3928 3317 3999 Gregorius
3349 3926 3528 3979 Theo-

1959 4017 2114 4088 logus
2213 4035 2227 4073 :
2268 4017 2358 4072 Sic
2387 4032 2552 4087 porro
2583 4017 2782 4071 Sancta
2815 4024 3152 4080 sanctorum,
3208 4031 3328 4086 quae
3361 4016 3526 4069 etiam

1957 4123 1985 4161 a
2008 4107 2294 4179 Seraphim
2318 4109 2677 4180 obteguntur.
2703 4124 2766 4164 ac
2793 4109 2971 4162 tribus
2993 4106 3528 4162 sanctiﬁcationibus

1956 4198 2326 4265 celebrantur,
2365 4199 2615 4260 infunam
2648 4199 3078 4253 dominationem
3116 4198 3526 4252 etdivinitatem

1955 4290 2327 4353 conveniunt;
2371 4287 2424 4342 id
2465 4289 2609 4356 quod
2655 4297 2708 4341 et
2738 4290 2881 4344 alius
2919 4289 3194 4357 quispiam
3257 4289 3524 4357 majorum

1955 4393 2272 4437 nostrorum
2321 4379 2698 4450 pulcherrime
2752 4395 2815 4434 ac
2861 4379 3260 4433 sublimissime
3309 4378 3526 4433 edisse-

1955 4473 2087 4529 ruit.

2026 4562 2259 4634 Trisagii
2279 4563 2521 4628 traditio,
2541 4561 2637 4616 sub
2665 4561 2855 4615 Proclo
2883 4561 3145 4629 pontiﬁce.
3171 4589 3224 4602 -ο
3245 4559 3364 4615 Jam
3395 4574 3525 4615 vero

272 4648 669 4718 συντάξαντες,
715 4651 797 4704 ὅτι
854 4653 1233 4718 λιτανεύοντος
1293 4654 1389 4708 τόῦ
1439 4656 1496 4707 ὲν
1544 4655 1841 4709 Κωνστανο

1955 4664 2182 4708 narrant
2243 4652 2635 4708 ecclesiasticae
2687 4650 2930 4705 historiae
2979 4651 3277 4720 scriptores
3314 4688 3328 4710 ,
3398 4665 3524 4702 cum

276 4740 585 4794 τινουπόλει
625 4743 785 4807 λαοῦ,
829 4745 918 4799 διά
952 4764 1074 4800 τινα
1115 4746 1385 4817 θεήλατον
1437 4747 1694 4818 ἀπειλὴν,
1753 4745 1842 4799 ἐπὶ

270 4827 518 4894 Πρόκλου
556 4828 650 4882 τοῦ
703 4830 1142 4901 ἀρχιεπισκόπου
1197 4837 1574 4907 γεγενημένην
1601 4878 1617 4906 ,
1651 4840 1849 4913 συνέϐη

267 4914 582 4984 ἁρπαγῆναι
626 4916 838 4970 παιδίον
869 4919 932 4972 ὲκ
961 4921 1056 4972 τοῦ
1086 4920 1238 4986 λαοῦ,
1274 4925 1368 4977 καλ⁸
1404 4925 1547 4980 οὕτω
1575 4929 1850 5000 μυηθῆναι

263 5005 359 5058 ὑπ’
371 5006 670 5077 άγγελικῆς
691 5026 834 5074 τινος
859 5010 1210 5076 διδασκαλίας
1228 5015 1319 5068 τὸν
1336 5017 1632 5088 Τρισάγιον
1657 5018 1845 5090 ὕμνον,

268 5097 525 5164 Ἀγιοςό
566 5097 731 5164 Θεὸς,
769 5099 974 5169 ’Ἄγιος
1020 5105 1293 5173 ἰσχυρὸς,
1335 5111 1534 5177 "Ag-(oc
1551 5109 1849 5179 ἀθάνατος

261 5187 531 5255 ἐλέησον
555 5190 733 5259 ἡμᾶς’
755 5193 846 5246 καὶ
867 5189 1019 5258 αὖθις
1042 5197 1468 5268 ἐπιστραφέντος
1492 5201 1586 5256 τοῦ
1607 5204 1841 5269 παιδίου,

263 5281 358 5331 καὶ
381 5279 442 5332 τὸ
463 5281 668 5351 μυηθὲν
684 5284 1138 5353 ἀπαγγείλαντος,
1162 5283 1291 5359 ᾄσαι
1315 5291 1406 5345 τὸν
1429 5291 1596 5362 ὕμνον
1613 5294 1758 5350 ἅπαν
1786 5298 1847 5352 τὸ

261 5369 488 5438 πλῆθος,
538 5373 634 5425 καὶ
667 5373 812 5426 οὕτω
848 5377 1087 5431 κοπάσαι
1119 5377 1217 5451 τὴν
1261 5380 1514 5454 ἀπειλήν.
1547 5385 1656 5438 Kal.
1682 5386 1740 5440 ὲν
1779 5389 1843 5457 τῇ

258 5459 396 5528 ἁγίᾳ
417 5459 498 5524 δὲ,
528 5465 622 5516 καὶ
657 5465 890 5539 μεγάλῃ,
918 5469 1014 5522 καὶ
1063 5471 1418 5544 οίκουμενικῇ
1447 5476 1684 5550 τετάρτῃ
1716 5495 1841 5530 συν-

257 5551 386 5619 όδῳ,
411 5553 570 5640 τῇῌὲν
593 5553 897 5626 Χαλκηδόνι
928 5560 1091 5629 φημὶ,
1120 5560 1292 5624 οὕτως
1317 5564 1624 5636 ὑμνηθῆναι
1645 5572 1673 5622 6
1692 5586 1846 5640 “:er

261 5640 419 5707 άγιος
452 5633 608 5707 οὕτος
640 5644 808 5716 ὕμνος
846 5650 1242 5719 παραδέδοταιο
1275 5633 1416 5710 οὕτω
1603 5633 1844 5723 τοῖςπε-

261 5729 599 5799 πραγμὲνοις
631 5741 659 5770 ιι
697 5735 796 5805 τῆς
835 5739 1004 5811 αὐτῆς
1032 5740 1198 5807 ἁγίας
1241 5745 1458 5798 συνόδου
1488 5749 1792 5821 ἐμφέρεται
1827 5769 1842 5786 ·

346 5873 360 5905 ⁸
409 5867 429 5924 l
461 5872 582 5927 Cor.
615 5889 728 5942 rut,
763 5875 814 5931 5.
895 5879 915 5909 ⁸
959 5876 1108 5934 Orat.
1139 5878 1231 5936 39.
1281 5879 1300 5912 ³
1335 5880 1492 5937 Boni.
1521 5897 1597 5952 ιι,
1629 5882 1718 5941 36.

1955 4739 2111 4810 plebs
2141 4739 2780 4809 Constantinopolitano,
2808 4738 3004 4792 Proclo
3039 4736 3522 4807 arclniepiscupum

1952 4839 2166 4899 agente,
2193 4829 2394 4882 minaci
2429 4828 2666 4899 quadam
2699 4828 2948 4882 immissa
2983 4827 3252 4880 divinitus
3301 4833 3526 4895 tempe—-

1951 4928 2094 4975 state
2133 4922 2458 4984 conterrita,
2507 4921 2739 4990 supplex
2803 4919 2910 4974 Deo
2961 4935 3152 4989 preces
3198 4919 3518 4983 adhiberet,

1950 5025 2180 5081 puerum
2209 5011 2504 5081 quemdam
2535 5027 2564 5066 e
2599 5013 2758 5082 plebe
2785 5014 2838 5065 in
2873 5011 3111 5066 sublime
3143 5019 3386 5081 raptum,
3419 5027 3522 5067 att-.-

1949 5110 2085 5181 gelis
2101 5110 2433 5180 quibusdam
2455 5111 2736 5182 magistris
2755 5109 3066 5182 'l‘risagium
3091 5111 3240 5166 hunc
3261 5116 3520 5183 hymnum

1947 5204 2251 5261 didicisse:
2302 5204 2535 5261 Sanctus
2572 5206 2735 5270 Deus,
2783 5206 3013 5261 Sanctus
3056 5208 3211 5275 fortis
3239 5247 3253 5273 ,
3289 5207 3520 5262 Sanctus

1946 5297 2291 5373 immortalis,
2322 5299 2572 5353 miserere
2591 5297 2766 5352 nobis.
2804 5295 3054 5367 Cumque
3088 5298 3213 5352 loco
3252 5311 3355 5352 suo
3385 5313 3520 5366 puer

1945 5390 2195 5446 redditus
2228 5391 2280 5446 id
2310 5392 2456 5461 quod
2483 5390 2790 5454 didicerat,
2849 5391 3154 5452 retulisset,
3216 5391 3519 5452 multitudi-

1947 5499 2068 5538 nem
2101 5486 2418 5541 universam
2446 5485 2706 5556 hymnum
2729 5484 2876 5537 hunc
2903 5483 3194 5546 cecinisse,
3217 5495 3381 5553 atque
3415 5485 3518 5539 hoc

1948 5590 2106 5649 pacto
2138 5581 2512 5636 imminentem
2545 5579 2911 5635 calamitatem
2946 5581 3243 5650 quievisse.
3279 5580 3422 5648 Quin
3463 5583 3514 5637 in

1947 5681 2142 5727 sancto
2173 5687 2509 5742 magnoque,
2537 5677 2592 5727 et
2620 5671 2920 5727 universali
2957 5680 3155 5743 quarto
3186 5673 3281 5728 illo
3329 5674 3516 5728 conci-

1945 5764 2037 5830 lio,
2089 5765 2236 5836 quod
2283 5763 2631 5821 Chalcedone
2677 5773 2930 5821 coactum
2979 5773 3086 5833 est,
3131 5766 3206 5822 ita
3259 5775 3518 5824 cantatus
