  <div class='ocr_page' id='page_1' title='image "/cluster/home/n/w/nwhite01/storage/ocr_20150623/130/hvd.32044019208255/538.png"; bbox 0 0 3952 6542; ppageno 0'>
   <div class='ocr_carea' id='block_1_1' title="bbox 291 377 426 445">
    <p class='ocr_par' dir='ltr' id='par_1_1' title="bbox 291 377 426 445">
     <span class='ocr_line' id='line_1_1' title="bbox 291 377 426 445; baseline 0.015 -3"><span class='ocrx_word' id='word_1_1' title='bbox 291 377 426 445; x_wconf 72' lang='grc' dir='ltr'>ιηθι</span> 
     </span>
    </p>
   </div>
   <div class='ocr_carea' id='block_1_2' title="bbox 1136 386 2574 469">
    <p class='ocr_par' dir='ltr' id='par_1_2' title="bbox 1136 386 2574 469">
     <span class='ocr_line' id='line_1_2' title="bbox 1136 386 2574 469; baseline 0.011 -23"><span class='ocrx_word' id='word_1_2' title='bbox 1136 460 1143 469; x_wconf 18' lang='grc' dir='ltr'><strong><em>ε</em></strong></span> <span class='ocrx_word' id='word_1_3' title='bbox 1246 386 1621 448; x_wconf 74' lang='lat' dir='ltr'><strong>PANOPLIA</strong></span> <span class='ocrx_word' id='word_1_4' title='bbox 1657 387 2115 453; x_wconf 81' lang='lat' dir='ltr'><strong>DOGMA&#39;I‘ICA.</strong></span> <span class='ocrx_word' id='word_1_5' title='bbox 2140 415 2209 431; x_wconf 86' lang='grc'><strong>-</strong></span> <span class='ocrx_word' id='word_1_6' title='bbox 2238 393 2385 453; x_wconf 76' lang='lat' dir='ltr'><strong>Tl&#39;l‘.</strong></span> <span class='ocrx_word' id='word_1_7' title='bbox 2431 394 2574 461; x_wconf 72' lang='lat' dir='ltr'><strong>XVI.</strong></span> 
     </span>
    </p>
   </div>
   <div class='ocr_carea' id='block_1_3' title="bbox 3420 392 3558 455">
    <p class='ocr_par' dir='ltr' id='par_1_3' title="bbox 3420 392 3558 455">
     <span class='ocr_line' id='line_1_3' title="bbox 3420 392 3558 455; baseline 0.007 -3"><span class='ocrx_word' id='word_1_8' title='bbox 3420 392 3558 455; x_wconf 75' lang='lat'><strong>1062</strong></span> 
     </span>
    </p>
   </div>
   <div class='ocr_carea' id='block_1_4' title="bbox 283 474 1842 581">
    <p class='ocr_par' dir='ltr' id='par_1_4' title="bbox 283 474 1842 578">
     <span class='ocr_line' id='line_1_4' title="bbox 283 474 1842 578; baseline 0.006 -27"><span class='ocrx_word' id='word_1_9' title='bbox 283 512 422 563; x_wconf 85' lang='grc' dir='ltr'>τας,</span> <span class='ocrx_word' id='word_1_10' title='bbox 474 499 537 553; x_wconf 82' lang='grc' dir='ltr'>οὐ</span> <span class='ocrx_word' id='word_1_11' title='bbox 599 498 687 553; x_wconf 77' lang='grc' dir='ltr'><strong>διὰ</strong></span> <span class='ocrx_word' id='word_1_12' title='bbox 742 500 802 555; x_wconf 86' lang='lat' dir='ltr'><strong>rb</strong></span> <span class='ocrx_word' id='word_1_13' title='bbox 830 501 1026 557; x_wconf 71' lang='grc' dir='ltr'>ταυτὸν</span> <span class='ocrx_word' id='word_1_14' title='bbox 1074 474 1173 577; x_wconf 65' lang='grc' dir='ltr'>τῆς</span> <span class='ocrx_word' id='word_1_15' title='bbox 1238 505 1533 572; x_wconf 76' lang='grc' dir='ltr'>οὕσιώδους</span> <span class='ocrx_word' id='word_1_16' title='bbox 1584 507 1842 578; x_wconf 82' lang='grc' dir='ltr'>ποιότητο</span> 
     </span>
    </p>
   </div>
   <div class='ocr_carea' id='block_1_5' title="bbox 1949 474 3555 581">
    <p class='ocr_par' dir='ltr' id='par_1_5' title="bbox 1978 509 3555 581">
     <span class='ocr_line' id='line_1_5' title="bbox 1978 509 3555 581; baseline 0.003 -20"><span class='ocrx_word' id='word_1_17' title='bbox 1978 518 2200 576; x_wconf 77' lang='lat' dir='ltr'><strong>propter</strong></span> <span class='ocrx_word' id='word_1_18' title='bbox 2257 509 2678 566; x_wconf 76' lang='lat' dir='ltr'><strong>similitudinem</strong></span> <span class='ocrx_word' id='word_1_19' title='bbox 2746 511 3202 574; x_wconf 83' lang='lat' dir='ltr'><strong>individuorum,</strong></span> <span class='ocrx_word' id='word_1_20' title='bbox 3269 526 3393 581; x_wconf 62' lang='lat' dir='ltr'><strong>qua:</strong></span> <span class='ocrx_word' id='word_1_21' title='bbox 3452 514 3555 568; x_wconf 88' lang='lat' dir='ltr'><strong>sttb</strong></span> 
     </span>
    </p>
   </div>
   <div class='ocr_carea' id='block_1_6' title="bbox 280 590 1867 670">
    <p class='ocr_par' dir='ltr' id='par_1_6' title="bbox 280 590 1867 670">
     <span class='ocr_line' id='line_1_6' title="bbox 280 590 1867 670; baseline 0.007 -27"><span class='ocrx_word' id='word_1_22' title='bbox 280 590 461 661; x_wconf 81' lang='grc' dir='ltr'>ψυχῆς</span> <span class='ocrx_word' id='word_1_23' title='bbox 534 609 593 646; x_wconf 85' lang='grc' dir='ltr'><strong>τε</strong></span> <span class='ocrx_word' id='word_1_24' title='bbox 653 593 746 647; x_wconf 76' lang='grc' dir='ltr'>καὶ</span> <span class='ocrx_word' id='word_1_25' title='bbox 796 595 1088 664; x_wconf 76' lang='grc' dir='ltr'>σώματος,</span> <span class='ocrx_word' id='word_1_26' title='bbox 1158 596 1295 652; x_wconf 80' lang='grc' dir='ltr'><strong>ἀλλὰ</strong></span> <span class='ocrx_word' id='word_1_27' title='bbox 1368 599 1456 653; x_wconf 63' lang='grc' dir='ltr'>διά</span> <span class='ocrx_word' id='word_1_28' title='bbox 1511 599 1573 653; x_wconf 81' lang='lat' dir='ltr'><strong>rb</strong></span> <span class='ocrx_word' id='word_1_29' title='bbox 1619 600 1867 670; x_wconf 82' lang='grc' dir='ltr'>ἀπαράλ-</span> 
     </span>
    </p>
   </div>
   <div class='ocr_carea' id='block_1_7' title="bbox 284 684 1864 763">
    <p class='ocr_par' dir='ltr' id='par_1_7' title="bbox 284 684 1864 763">
     <span class='ocr_line' id='line_1_7' title="bbox 284 684 1864 763; baseline 0.006 -26"><span class='ocrx_word' id='word_1_30' title='bbox 284 684 479 740; x_wconf 77' lang='grc' dir='ltr'>λακτον</span> <span class='ocrx_word' id='word_1_31' title='bbox 539 685 647 739; x_wconf 84' lang='grc' dir='ltr'><strong>τῶν</strong></span> <span class='ocrx_word' id='word_1_32' title='bbox 719 688 824 741; x_wconf 77' lang='grc' dir='ltr'>ὑπὸ</span> <span class='ocrx_word' id='word_1_33' title='bbox 892 690 953 741; x_wconf 80' lang='lat' dir='ltr'><strong>rb</strong></span> <span class='ocrx_word' id='word_1_34' title='bbox 1008 684 1144 753; x_wconf 73' lang='grc' dir='ltr'>εἶδος</span> <span class='ocrx_word' id='word_1_35' title='bbox 1203 691 1558 761; x_wconf 79' lang='grc' dir='ltr'><strong>ἀναγομένων</strong></span> <span class='ocrx_word' id='word_1_36' title='bbox 1622 693 1864 763; x_wconf 79' lang='grc' dir='ltr'><strong>ἀτόμων,</strong></span> 
     </span>
    </p>
   </div>
   <div class='ocr_carea' id='block_1_8' title="bbox 284 778 1867 851">
    <p class='ocr_par' dir='ltr' id='par_1_8' title="bbox 284 778 1867 851">
     <span class='ocr_line' id='line_1_8' title="bbox 284 778 1867 851; baseline 0.005 -20"><span class='ocrx_word' id='word_1_37' title='bbox 284 780 416 847; x_wconf 86' lang='grc' dir='ltr'>μίαν</span> <span class='ocrx_word' id='word_1_38' title='bbox 470 778 563 832; x_wconf 79' lang='grc' dir='ltr'><strong>καὶ</strong></span> <span class='ocrx_word' id='word_1_39' title='bbox 616 779 710 833; x_wconf 77' lang='grc' dir='ltr'><strong>ἐπὶ</strong></span> <span class='ocrx_word' id='word_1_40' title='bbox 767 780 1004 850; x_wconf 77' lang='grc' dir='ltr'><strong>Χριστοῦ</strong></span> <span class='ocrx_word' id='word_1_41' title='bbox 1066 783 1247 851; x_wconf 75' lang='grc' dir='ltr'>λέγειν</span> <span class='ocrx_word' id='word_1_42' title='bbox 1296 782 1483 851; x_wconf 86' lang='grc' dir='ltr'>φύσιν,</span> <span class='ocrx_word' id='word_1_43' title='bbox 1551 784 1681 840; x_wconf 72' lang='grc' dir='ltr'>ἔνθα</span> <span class='ocrx_word' id='word_1_44' title='bbox 1728 781 1867 849; x_wconf 74' lang='grc' dir='ltr'>εἶδος</span> 
     </span>
    </p>
   </div>
   <div class='ocr_carea' id='block_1_9' title="bbox 280 872 1865 941">
    <p class='ocr_par' dir='ltr' id='par_1_9' title="bbox 280 872 1865 941">
     <span class='ocr_line' id='line_1_9' title="bbox 280 872 1865 941; baseline 0.005 -18"><span class='ocrx_word' id='word_1_45' title='bbox 280 872 634 941; x_wconf 78' lang='grc' dir='ltr'>περιεκτικδν</span> <span class='ocrx_word' id='word_1_46' title='bbox 689 874 900 928; x_wconf 82' lang='grc' dir='ltr'><strong>πολλῶν</strong></span> <span class='ocrx_word' id='word_1_47' title='bbox 956 875 1308 930; x_wconf 79' lang='grc' dir='ltr'>ύποστάσεων</span> <span class='ocrx_word' id='word_1_48' title='bbox 1369 879 1470 930; x_wconf 82' lang='grc' dir='ltr'><strong>οὐκ</strong></span> <span class='ocrx_word' id='word_1_49' title='bbox 1528 880 1697 933; x_wconf 71' lang='grc' dir='ltr'>ἐστιν.</span> <span class='ocrx_word' id='word_1_50' title='bbox 1738 880 1865 932; x_wconf 82' lang='grc' dir='ltr'>Ἔτι</span> 
     </span>
    </p>
   </div>
   <div class='ocr_carea' id='block_1_10' title="bbox 278 960 1863 1039">
    <p class='ocr_par' dir='ltr' id='par_1_10' title="bbox 278 960 1863 1039">
     <span class='ocr_line' id='line_1_10' title="bbox 278 960 1863 1039; baseline 0.008 -29"><span class='ocrx_word' id='word_1_51' title='bbox 278 960 337 1011; x_wconf 80' lang='grc' dir='ltr'><strong>δὲ</strong></span> <span class='ocrx_word' id='word_1_52' title='bbox 426 962 573 1013; x_wconf 77' lang='grc' dir='ltr'>πᾶσα</span> <span class='ocrx_word' id='word_1_53' title='bbox 660 962 908 1025; x_wconf 79' lang='grc' dir='ltr'>σύνθεσις</span> <span class='ocrx_word' id='word_1_54' title='bbox 994 966 1057 1017; x_wconf 78' lang='grc' dir='ltr'><strong>ἐκ</strong></span> <span class='ocrx_word' id='word_1_55' title='bbox 1128 962 1238 1017; x_wconf 83' lang='grc' dir='ltr'>τῶν</span> <span class='ocrx_word' id='word_1_56' title='bbox 1312 969 1590 1039; x_wconf 67' lang='grc' dir='ltr'>προσεχοῦς</span> <span class='ocrx_word' id='word_1_57' title='bbox 1672 986 1863 1023; x_wconf 82' lang='grc' dir='ltr'>συντε-</span> 
     </span>
    </p>
   </div>
   <div class='ocr_carea' id='block_1_11' title="bbox 276 1048 1863 1131">
    <p class='ocr_par' dir='ltr' id='par_1_11' title="bbox 276 1048 1863 1131">
     <span class='ocr_line' id='line_1_11' title="bbox 276 1048 1863 1131; baseline 0.009 -30"><span class='ocrx_word' id='word_1_58' title='bbox 276 1048 483 1105; x_wconf 72' lang='grc' dir='ltr'>θέντων</span> <span class='ocrx_word' id='word_1_59' title='bbox 530 1054 906 1109; x_wconf 76' lang='grc' dir='ltr'><strong>συντεθεῖσθαι</strong></span> <span class='ocrx_word' id='word_1_60' title='bbox 956 1055 1195 1122; x_wconf 66' lang='grc' dir='ltr'>λέγεται.</span> <span class='ocrx_word' id='word_1_61' title='bbox 1241 1059 1314 1109; x_wconf 80' lang='grc' dir='ltr'><strong>Οὐ</strong></span> <span class='ocrx_word' id='word_1_62' title='bbox 1371 1060 1485 1130; x_wconf 83' lang='grc' dir='ltr'><strong>γὰρ</strong></span> <span class='ocrx_word' id='word_1_63' title='bbox 1514 1062 1745 1131; x_wconf 78' lang='grc' dir='ltr'>λέγομεν</span> <span class='ocrx_word' id='word_1_64' title='bbox 1773 1062 1863 1115; x_wconf 74' lang='grc' dir='ltr'>τὸν</span> 
     </span>
    </p>
   </div>
   <div class='ocr_carea' id='block_1_12' title="bbox 273 1140 1862 1212">
    <p class='ocr_par' dir='ltr' id='par_1_12' title="bbox 273 1140 1862 1212">
     <span class='ocr_line' id='line_1_12' title="bbox 273 1140 1862 1212; baseline 0.007 -19"><span class='ocrx_word' id='word_1_65' title='bbox 273 1140 426 1195; x_wconf 68' lang='grc' dir='ltr'>οἷκον</span> <span class='ocrx_word' id='word_1_66' title='bbox 485 1146 546 1197; x_wconf 84' lang='grc' dir='ltr'><strong>ὲκ</strong></span> <span class='ocrx_word' id='word_1_67' title='bbox 594 1146 697 1212; x_wconf 82' lang='grc' dir='ltr'>γῆς</span> <span class='ocrx_word' id='word_1_68' title='bbox 763 1149 855 1201; x_wconf 71' lang='grc' dir='ltr'><strong>καὶ</strong></span> <span class='ocrx_word' id='word_1_69' title='bbox 914 1145 1128 1206; x_wconf 76' lang='grc' dir='ltr'>ὕδατος.</span> <span class='ocrx_word' id='word_1_70' title='bbox 1164 1149 1257 1200; x_wconf 68' lang='grc' dir='ltr'><strong>καὶ</strong></span> <span class='ocrx_word' id='word_1_71' title='bbox 1304 1149 1413 1201; x_wconf 81' lang='grc' dir='ltr'>τῶν</span> <span class='ocrx_word' id='word_1_72' title='bbox 1463 1151 1639 1204; x_wconf 66' lang='lat' dir='ltr'><strong>di).th</strong></span> <span class='ocrx_word' id='word_1_73' title='bbox 1676 1168 1862 1205; x_wconf 85' lang='grc' dir='ltr'>συντε-</span> 
     </span>
    </p>
   </div>
   <div class='ocr_carea' id='block_1_13' title="bbox 275 1232 1861 1317">
    <p class='ocr_par' dir='ltr' id='par_1_13' title="bbox 275 1232 1861 1317">
     <span class='ocr_line' id='line_1_13' title="bbox 275 1232 1861 1317; baseline 0.008 -32"><span class='ocrx_word' id='word_1_74' title='bbox 275 1232 510 1301; x_wconf 85' lang='grc' dir='ltr'>θεῖσθαι,</span> <span class='ocrx_word' id='word_1_75' title='bbox 539 1238 654 1289; x_wconf 73' lang='grc' dir='ltr'><strong>ἀλλ’</strong></span> <span class='ocrx_word' id='word_1_76' title='bbox 679 1241 740 1291; x_wconf 85' lang='grc' dir='ltr'>ὲκ</span> <span class='ocrx_word' id='word_1_77' title='bbox 775 1240 938 1291; x_wconf 80' lang='grc' dir='ltr'>λίθων</span> <span class='ocrx_word' id='word_1_78' title='bbox 969 1241 1061 1293; x_wconf 79' lang='grc' dir='ltr'><strong>καὶ</strong></span> <span class='ocrx_word' id='word_1_79' title='bbox 1096 1238 1289 1303; x_wconf 80' lang='grc' dir='ltr'>ξύλων.</span> <span class='ocrx_word' id='word_1_80' title='bbox 1330 1243 1485 1295; x_wconf 71' lang='grc' dir='ltr'>Ἐπεὶ</span> <span class='ocrx_word' id='word_1_81' title='bbox 1526 1246 1737 1317; x_wconf 74' lang='grc' dir='ltr'>ἀνάγκη</span> <span class='ocrx_word' id='word_1_82' title='bbox 1769 1249 1861 1299; x_wconf 66' lang='grc' dir='ltr'><strong>καὶ</strong></span> 
     </span>
    </p>
   </div>
   <div class='ocr_carea' id='block_1_14' title="bbox 271 1328 1857 1407">
    <p class='ocr_par' dir='ltr' id='par_1_14' title="bbox 271 1328 1857 1407">
     <span class='ocr_line' id='line_1_14' title="bbox 271 1328 1857 1407; baseline 0.009 -28"><span class='ocrx_word' id='word_1_83' title='bbox 271 1328 365 1379; x_wconf 71' lang='grc' dir='ltr'><strong>τὸν</strong></span> <span class='ocrx_word' id='word_1_84' title='bbox 399 1328 685 1398; x_wconf 78' lang='grc' dir='ltr'>ἄνθρωπον</span> <span class='ocrx_word' id='word_1_85' title='bbox 716 1332 895 1398; x_wconf 78' lang='grc' dir='ltr'>λέγειν</span> <span class='ocrx_word' id='word_1_86' title='bbox 934 1334 995 1385; x_wconf 83' lang='grc' dir='ltr'>ὲκ</span> <span class='ocrx_word' id='word_1_87' title='bbox 1048 1334 1210 1387; x_wconf 81' lang='grc' dir='ltr'>πέντε</span> <span class='ocrx_word' id='word_1_88' title='bbox 1246 1335 1598 1407; x_wconf 80' lang='grc' dir='ltr'>τούλάχιστον</span> <span class='ocrx_word' id='word_1_89' title='bbox 1634 1342 1857 1405; x_wconf 72' lang='grc' dir='ltr'>συγχεῖ·</span> 
     </span>
    </p>
   </div>
   <div class='ocr_carea' id='block_1_15' title="bbox 274 1423 1857 1499">
    <p class='ocr_par' dir='ltr' id='par_1_15' title="bbox 274 1423 1857 1499">
     <span class='ocr_line' id='line_1_15' title="bbox 274 1423 1857 1499; baseline 0.008 -27"><span class='ocrx_word' id='word_1_90' title='bbox 274 1425 401 1473; x_wconf 68' lang='grc' dir='ltr'>σθαι</span> <span class='ocrx_word' id='word_1_91' title='bbox 438 1423 672 1488; x_wconf 81' lang='grc' dir='ltr'><strong>φύσεων,</strong></span> <span class='ocrx_word' id='word_1_92' title='bbox 706 1423 764 1475; x_wconf 75' lang='grc' dir='ltr'><em>ἐκ</em></span> <span class='ocrx_word' id='word_1_93' title='bbox 819 1443 875 1477; x_wconf 81' lang='grc' dir='ltr'><strong>τε</strong></span> <span class='ocrx_word' id='word_1_94' title='bbox 936 1428 1041 1478; x_wconf 81' lang='grc' dir='ltr'>τῶν</span> <span class='ocrx_word' id='word_1_95' title='bbox 1090 1428 1375 1499; x_wconf 75' lang='grc' dir='ltr'>τεσσάρων</span> <span class='ocrx_word' id='word_1_96' title='bbox 1426 1432 1709 1499; x_wconf 70' lang='grc' dir='ltr'>στοιχείων</span> <span class='ocrx_word' id='word_1_97' title='bbox 1766 1436 1857 1484; x_wconf 67' lang='grc' dir='ltr'>καὶ</span> 
     </span>
    </p>
   </div>
   <div class='ocr_carea' id='block_1_16' title="bbox 269 1508 1856 1590">
    <p class='ocr_par' dir='ltr' id='par_1_16' title="bbox 269 1508 1856 1590">
     <span class='ocr_line' id='line_1_16' title="bbox 269 1508 1856 1590; baseline 0.008 -27"><span class='ocrx_word' id='word_1_98' title='bbox 269 1513 371 1581; x_wconf 79' lang='grc' dir='ltr'>τῆς</span> <span class='ocrx_word' id='word_1_99' title='bbox 402 1508 601 1583; x_wconf 75' lang='grc' dir='ltr'>ψυχῆς.</span> <span class='ocrx_word' id='word_1_100' title='bbox 638 1515 794 1567; x_wconf 77' lang='grc' dir='ltr'>Οὕτω</span> <span class='ocrx_word' id='word_1_101' title='bbox 827 1518 918 1569; x_wconf 74' lang='grc' dir='ltr'><strong>καὶ</strong></span> <span class='ocrx_word' id='word_1_102' title='bbox 957 1518 1049 1570; x_wconf 75' lang='grc' dir='ltr'><strong>ἐπὶ</strong></span> <span class='ocrx_word' id='word_1_103' title='bbox 1099 1516 1189 1570; x_wconf 78' lang='grc' dir='ltr'><strong>τοῦ</strong></span> <span class='ocrx_word' id='word_1_104' title='bbox 1231 1520 1437 1589; x_wconf 84' lang='grc' dir='ltr'>Κυρίου</span> <span class='ocrx_word' id='word_1_105' title='bbox 1475 1521 1632 1590; x_wconf 80' lang='grc' dir='ltr'>ἡμῶν</span> <span class='ocrx_word' id='word_1_106' title='bbox 1682 1521 1856 1590; x_wconf 77' lang='grc' dir='ltr'><strong>ἰητοῦ</strong></span> 
     </span>
    </p>
   </div>
   <div class='ocr_carea' id='block_1_17' title="bbox 270 1606 1859 1681">
    <p class='ocr_par' dir='ltr' id='par_1_17' title="bbox 270 1606 1859 1681">
     <span class='ocr_line' id='line_1_17' title="bbox 270 1606 1859 1681; baseline 0.006 -24"><span class='ocrx_word' id='word_1_107' title='bbox 270 1606 510 1673; x_wconf 80' lang='grc' dir='ltr'><strong>Χριστοῦ</strong></span> <span class='ocrx_word' id='word_1_108' title='bbox 545 1607 604 1659; x_wconf 86' lang='grc' dir='ltr'><strong>ού</strong></span> <span class='ocrx_word' id='word_1_109' title='bbox 638 1609 703 1662; x_wconf 64' lang='grc' dir='ltr'>τὰ</span> <span class='ocrx_word' id='word_1_110' title='bbox 733 1610 873 1679; x_wconf 78' lang='grc' dir='ltr'>μέρη</span> <span class='ocrx_word' id='word_1_111' title='bbox 906 1611 1015 1662; x_wconf 87' lang='grc' dir='ltr'><strong>τῶν</strong></span> <span class='ocrx_word' id='word_1_112' title='bbox 1045 1612 1228 1681; x_wconf 84' lang='grc' dir='ltr'>μερῶν</span> <span class='ocrx_word' id='word_1_113' title='bbox 1254 1611 1587 1681; x_wconf 67' lang='grc' dir='ltr'>σκοποῦμεν,</span> <span class='ocrx_word' id='word_1_114' title='bbox 1617 1613 1752 1666; x_wconf 76' lang='grc' dir='ltr'><strong>ἀλλὰ</strong></span> <span class='ocrx_word' id='word_1_115' title='bbox 1791 1615 1859 1666; x_wconf 78' lang='grc' dir='ltr'>τὰ</span> 
     </span>
    </p>
   </div>
   <div class='ocr_carea' id='block_1_18' title="bbox 270 1699 1859 1775">
    <p class='ocr_par' dir='ltr' id='par_1_18' title="bbox 270 1699 1859 1775">
     <span class='ocr_line' id='line_1_18' title="bbox 270 1699 1859 1775; baseline 0.004 -23"><span class='ocrx_word' id='word_1_116' title='bbox 270 1699 559 1769; x_wconf 62' lang='grc' dir='ltr'>προσεχιῖκ</span> <span class='ocrx_word' id='word_1_117' title='bbox 608 1701 965 1768; x_wconf 69' lang='grc' dir='ltr'><strong>συντεθέντα,</strong></span> <span class='ocrx_word' id='word_1_118' title='bbox 1027 1703 1259 1773; x_wconf 86' lang='grc' dir='ltr'>θεότητά</span> <span class='ocrx_word' id='word_1_119' title='bbox 1315 1722 1373 1758; x_wconf 74' lang='grc' dir='ltr'><strong>τε</strong></span> <span class='ocrx_word' id='word_1_120' title='bbox 1436 1707 1529 1758; x_wconf 76' lang='grc' dir='ltr'><strong>καὶ</strong></span> <span class='ocrx_word' id='word_1_121' title='bbox 1580 1702 1859 1775; x_wconf 80' lang='grc' dir='ltr'>ἀνθρωπό-</span> 
     </span>
    </p>
   </div>
   <div class='ocr_carea' id='block_1_19' title="bbox 268 1793 1852 1866">
    <p class='ocr_par' dir='ltr' id='par_1_19' title="bbox 268 1793 1852 1866">
     <span class='ocr_line' id='line_1_19' title="bbox 268 1793 1852 1866; baseline 0.004 -23"><span class='ocrx_word' id='word_1_122' title='bbox 268 1809 432 1860; x_wconf 83' lang='grc' dir='ltr'>τητα.</span> <span class='ocrx_word' id='word_1_123' title='bbox 466 1794 590 1846; x_wconf 83' lang='grc' dir='ltr'><strong>Ἔτι</strong></span> <span class='ocrx_word' id='word_1_124' title='bbox 616 1793 671 1846; x_wconf 80' lang='grc' dir='ltr'><strong>δὲ</strong></span> <span class='ocrx_word' id='word_1_125' title='bbox 708 1796 755 1846; x_wconf 89' lang='grc' dir='ltr'><strong>εί</strong></span> <span class='ocrx_word' id='word_1_126' title='bbox 789 1794 880 1845; x_wconf 82' lang='grc' dir='ltr'><strong>δύο</strong></span> <span class='ocrx_word' id='word_1_127' title='bbox 911 1795 1103 1863; x_wconf 76' lang='grc' dir='ltr'>φύσεις</span> <span class='ocrx_word' id='word_1_128' title='bbox 1133 1795 1222 1849; x_wconf 83' lang='grc' dir='ltr'>τὸν</span> <span class='ocrx_word' id='word_1_129' title='bbox 1253 1797 1538 1866; x_wconf 76' lang='grc' dir='ltr'>ἄνθρωπον</span> <span class='ocrx_word' id='word_1_130' title='bbox 1577 1797 1852 1865; x_wconf 82' lang='grc' dir='ltr'>λέγοντες,</span> 
     </span>
    </p>
   </div>
   <div class='ocr_carea' id='block_1_20' title="bbox 1972 598 3557 669">
    <p class='ocr_par' dir='ltr' id='par_1_20' title="bbox 1972 598 3557 669">
     <span class='ocr_line' id='line_1_20' title="bbox 1972 598 3557 669; baseline 0 -17"><span class='ocrx_word' id='word_1_131' title='bbox 1972 614 2136 653; x_wconf 86' lang='lat' dir='ltr'><strong>unam</strong></span> <span class='ocrx_word' id='word_1_132' title='bbox 2175 602 2414 669; x_wconf 86' lang='lat' dir='ltr'><strong>speciem</strong></span> <span class='ocrx_word' id='word_1_133' title='bbox 2452 598 2815 665; x_wconf 85' lang='lat' dir='ltr'><strong>reducuntur,</strong></span> <span class='ocrx_word' id='word_1_134' title='bbox 2862 618 3028 657; x_wconf 83' lang='lat' dir='ltr'><strong>unam</strong></span> <span class='ocrx_word' id='word_1_135' title='bbox 3065 602 3119 656; x_wconf 92' lang='lat' dir='ltr'><strong>in</strong></span> <span class='ocrx_word' id='word_1_136' title='bbox 3143 601 3364 655; x_wconf 88' lang='lat' dir='ltr'><strong>homine</strong></span> <span class='ocrx_word' id='word_1_137' title='bbox 3392 609 3557 655; x_wconf 84' lang='lat' dir='ltr'><strong>uatu-</strong></span> 
     </span>
    </p>
   </div>
   <div class='ocr_carea' id='block_1_21' title="bbox 1969 691 3554 758">
    <p class='ocr_par' dir='ltr' id='par_1_21' title="bbox 1969 691 3554 758">
     <span class='ocr_line' id='line_1_21' title="bbox 1969 691 3554 758; baseline -0.001 -13"><span class='ocrx_word' id='word_1_138' title='bbox 1969 706 2086 746; x_wconf 90' lang='lat' dir='ltr'><strong>ram</strong></span> <span class='ocrx_word' id='word_1_139' title='bbox 2133 691 2347 758; x_wconf 90' lang='lat' dir='ltr'><strong>dicunt,</strong></span> <span class='ocrx_word' id='word_1_140' title='bbox 2383 710 2546 747; x_wconf 83' lang='lat' dir='ltr'><strong>unam</strong></span> <span class='ocrx_word' id='word_1_141' title='bbox 2581 697 2708 749; x_wconf 90' lang='lat' dir='ltr'><strong>item</strong></span> <span class='ocrx_word' id='word_1_142' title='bbox 2758 697 2811 749; x_wconf 90' lang='lat' dir='ltr'><strong>in</strong></span> <span class='ocrx_word' id='word_1_143' title='bbox 2842 696 3062 749; x_wconf 88' lang='lat' dir='ltr'><strong>Christo</strong></span> <span class='ocrx_word' id='word_1_144' title='bbox 3108 704 3363 748; x_wconf 82' lang='lat' dir='ltr'><strong>naturam</strong></span> <span class='ocrx_word' id='word_1_145' title='bbox 3401 706 3554 745; x_wconf 82' lang='lat' dir='ltr'><strong>asse-</strong></span> 
     </span>
    </p>
   </div>
   <div class='ocr_carea' id='block_1_22' title="bbox 1967 784 3551 856">
    <p class='ocr_par' dir='ltr' id='par_1_22' title="bbox 1967 784 3551 856">
     <span class='ocr_line' id='line_1_22' title="bbox 1967 784 3551 856; baseline 0 -19"><span class='ocrx_word' id='word_1_146' title='bbox 1967 791 2110 847; x_wconf 86' lang='lat' dir='ltr'><strong>rant,</strong></span> <span class='ocrx_word' id='word_1_147' title='bbox 2146 784 2237 837; x_wconf 90' lang='lat' dir='ltr'><strong>ubi</strong></span> <span class='ocrx_word' id='word_1_148' title='bbox 2276 800 2380 838; x_wconf 89' lang='lat' dir='ltr'><strong>una</strong></span> <span class='ocrx_word' id='word_1_149' title='bbox 2419 798 2611 839; x_wconf 85' lang='lat' dir='ltr'><strong>natura</strong></span> <span class='ocrx_word' id='word_1_150' title='bbox 2646 787 2831 856; x_wconf 89' lang='lat' dir='ltr'><strong>plures</strong></span> <span class='ocrx_word' id='word_1_151' title='bbox 2872 803 2976 840; x_wconf 94' lang='lat' dir='ltr'><strong>non</strong></span> <span class='ocrx_word' id='word_1_152' title='bbox 3013 786 3397 854; x_wconf 88' lang='lat' dir='ltr'><strong>complectitur</strong></span> <span class='ocrx_word' id='word_1_153' title='bbox 3421 800 3551 853; x_wconf 89' lang='lat' dir='ltr'><strong>per-</strong></span> 
     </span>
    </p>
   </div>
   <div class='ocr_carea' id='block_1_23' title="bbox 1966 873 3551 946">
    <p class='ocr_par' dir='ltr' id='par_1_23' title="bbox 1966 873 3551 946">
     <span class='ocr_line' id='line_1_23' title="bbox 1966 873 3551 946; baseline -0.001 -17"><span class='ocrx_word' id='word_1_154' title='bbox 1966 888 2149 929; x_wconf 87' lang='lat' dir='ltr'><strong>sonas.</strong></span> <span class='ocrx_word' id='word_1_155' title='bbox 2209 873 2478 929; x_wconf 59' lang='lat' dir='ltr'><strong>Pragterea</strong></span> <span class='ocrx_word' id='word_1_156' title='bbox 2538 878 2713 930; x_wconf 90' lang='lat' dir='ltr'><strong>omnis</strong></span> <span class='ocrx_word' id='word_1_157' title='bbox 2779 878 3111 946; x_wconf 80' lang='lat' dir='ltr'><strong>compositio</strong></span> <span class='ocrx_word' id='word_1_158' title='bbox 3166 891 3233 930; x_wconf 79' lang='lat' dir='ltr'><strong>ex</strong></span> <span class='ocrx_word' id='word_1_159' title='bbox 3302 874 3551 945; x_wconf 74' lang='lat' dir='ltr'><strong>proxime</strong></span> 
     </span>
    </p>
   </div>
   <div class='ocr_carea' id='block_1_24' title="bbox 1965 968 3546 1040">
    <p class='ocr_par' dir='ltr' id='par_1_24' title="bbox 1965 968 3546 1040">
     <span class='ocr_line' id='line_1_24' title="bbox 1965 968 3546 1040; baseline -0.002 -18"><span class='ocrx_word' id='word_1_160' title='bbox 1965 968 2427 1037; x_wconf 83' lang='lat' dir='ltr'><strong>componentibus</strong></span> <span class='ocrx_word' id='word_1_161' title='bbox 2477 970 2790 1024; x_wconf 77' lang='lat' dir='ltr'><strong>coniicitur.</strong></span> <span class='ocrx_word' id='word_1_162' title='bbox 2848 972 3035 1040; x_wconf 84' lang='lat' dir='ltr'><strong>Neque</strong></span> <span class='ocrx_word' id='word_1_163' title='bbox 3085 968 3233 1025; x_wconf 91' lang='lat' dir='ltr'><strong>enim</strong></span> <span class='ocrx_word' id='word_1_164' title='bbox 3288 969 3546 1030; x_wconf 85' lang='lat' dir='ltr'><strong>dicimus,</strong></span> 
     </span>
    </p>
   </div>
   <div class='ocr_carea' id='block_1_25' title="bbox 1963 1056 3550 1130">
    <p class='ocr_par' dir='ltr' id='par_1_25' title="bbox 1963 1056 3550 1130">
     <span class='ocr_line' id='line_1_25' title="bbox 1963 1056 3550 1130; baseline 0 -20"><span class='ocrx_word' id='word_1_165' title='bbox 1963 1056 2185 1110; x_wconf 91' lang='lat' dir='ltr'><strong>domum</strong></span> <span class='ocrx_word' id='word_1_166' title='bbox 2236 1069 2302 1110; x_wconf 77' lang='lat' dir='ltr'><strong>ex</strong></span> <span class='ocrx_word' id='word_1_167' title='bbox 2346 1062 2514 1121; x_wconf 87' lang='lat' dir='ltr'><strong>terra,</strong></span> <span class='ocrx_word' id='word_1_168' title='bbox 2562 1066 2617 1112; x_wconf 90' lang='lat' dir='ltr'><strong>et</strong></span> <span class='ocrx_word' id='word_1_169' title='bbox 2667 1075 2805 1129; x_wconf 84' lang='lat' dir='ltr'><strong>aqua</strong></span> <span class='ocrx_word' id='word_1_170' title='bbox 2835 1100 2850 1124; x_wconf 92' lang='lat'><strong>,</strong></span> <span class='ocrx_word' id='word_1_171' title='bbox 2879 1071 2933 1113; x_wconf 88' lang='lat' dir='ltr'><strong>et</strong></span> <span class='ocrx_word' id='word_1_172' title='bbox 2978 1060 3207 1130; x_wconf 78' lang='lat' dir='ltr'><strong>reliquis</strong></span> <span class='ocrx_word' id='word_1_173' title='bbox 3260 1059 3550 1113; x_wconf 79' lang='lat' dir='ltr'><strong>elementis</strong></span> 
     </span>
    </p>
   </div>
   <div class='ocr_carea' id='block_1_26' title="bbox 1962 1147 3551 1217">
    <p class='ocr_par' dir='ltr' id='par_1_26' title="bbox 1962 1147 3551 1217">
     <span class='ocr_line' id='line_1_26' title="bbox 1962 1147 3551 1217; baseline -0.001 -17"><span class='ocrx_word' id='word_1_174' title='bbox 1962 1148 2243 1215; x_wconf 89' lang='lat' dir='ltr'><strong>componi,</strong></span> <span class='ocrx_word' id='word_1_175' title='bbox 2268 1147 2363 1201; x_wconf 89' lang='lat' dir='ltr'><strong>sed</strong></span> <span class='ocrx_word' id='word_1_176' title='bbox 2398 1162 2460 1201; x_wconf 84' lang='lat' dir='ltr'><strong>cx</strong></span> <span class='ocrx_word' id='word_1_177' title='bbox 2495 1148 2772 1217; x_wconf 81' lang='lat' dir='ltr'><strong>lapidibus</strong></span> <span class='ocrx_word' id='word_1_178' title='bbox 2799 1157 2854 1202; x_wconf 92' lang='lat' dir='ltr'><strong>et</strong></span> <span class='ocrx_word' id='word_1_179' title='bbox 2878 1148 3059 1217; x_wconf 89' lang='lat' dir='ltr'><strong>lignis.</strong></span> <span class='ocrx_word' id='word_1_180' title='bbox 3077 1147 3289 1217; x_wconf 83' lang='lat' dir='ltr'><strong>Alioqui</strong></span> <span class='ocrx_word' id='word_1_181' title='bbox 3324 1157 3551 1199; x_wconf 72' lang='lat' dir='ltr'><strong>necesse</strong></span> 
     </span>
    </p>
   </div>
   <div class='ocr_carea' id='block_1_27' title="bbox 1962 1238 3550 1309">
    <p class='ocr_par' dir='ltr' id='par_1_27' title="bbox 1962 1238 3550 1309">
     <span class='ocr_line' id='line_1_27' title="bbox 1962 1238 3550 1309; baseline -0.001 -17"><span class='ocrx_word' id='word_1_182' title='bbox 1962 1241 2032 1292; x_wconf 90' lang='lat' dir='ltr'><strong>sit</strong></span> <span class='ocrx_word' id='word_1_183' title='bbox 2054 1248 2108 1293; x_wconf 82' lang='lat' dir='ltr'><strong>et</strong></span> <span class='ocrx_word' id='word_1_184' title='bbox 2146 1239 2424 1293; x_wconf 82' lang='lat' dir='ltr'><strong>hominem</strong></span> <span class='ocrx_word' id='word_1_185' title='bbox 2450 1256 2510 1292; x_wconf 75' lang='lat' dir='ltr'><strong>ex</strong></span> <span class='ocrx_word' id='word_1_186' title='bbox 2544 1241 2789 1309; x_wconf 90' lang='lat' dir='ltr'><strong>quinque</strong></span> <span class='ocrx_word' id='word_1_187' title='bbox 2824 1241 3013 1294; x_wconf 80' lang='lat' dir='ltr'><strong>saltem</strong></span> <span class='ocrx_word' id='word_1_188' title='bbox 3038 1240 3252 1293; x_wconf 70' lang='lat' dir='ltr'><strong>naturis</strong></span> <span class='ocrx_word' id='word_1_189' title='bbox 3278 1238 3550 1306; x_wconf 76' lang='lat' dir='ltr'><strong>composi-</strong></span> 
     </span>
    </p>
   </div>
   <div class='ocr_carea' id='block_1_28' title="bbox 1963 1330 3550 1401">
    <p class='ocr_par' dir='ltr' id='par_1_28' title="bbox 1963 1330 3550 1401">
     <span class='ocr_line' id='line_1_28' title="bbox 1963 1330 3550 1401; baseline 0.001 -19"><span class='ocrx_word' id='word_1_190' title='bbox 1963 1340 2075 1383; x_wconf 87' lang='lat' dir='ltr'><strong>tum</strong></span> <span class='ocrx_word' id='word_1_191' title='bbox 2136 1330 2430 1397; x_wconf 84' lang='lat' dir='ltr'><strong>aﬂlrmare,</strong></span> <span class='ocrx_word' id='word_1_192' title='bbox 2496 1346 2692 1401; x_wconf 84' lang='lat' dir='ltr'><strong>nempe</strong></span> <span class='ocrx_word' id='word_1_193' title='bbox 2752 1346 2819 1387; x_wconf 78' lang='lat' dir='ltr'><strong>ex</strong></span> <span class='ocrx_word' id='word_1_194' title='bbox 2866 1339 3104 1399; x_wconf 81' lang='lat' dir='ltr'><strong>quatuor</strong></span> <span class='ocrx_word' id='word_1_195' title='bbox 3149 1330 3437 1384; x_wconf 85' lang='lat' dir='ltr'><strong>elementis</strong></span> <span class='ocrx_word' id='word_1_196' title='bbox 3491 1336 3550 1383; x_wconf 81' lang='lat' dir='ltr'><strong>et</strong></span> 
     </span>
    </p>
   </div>
   <div class='ocr_carea' id='block_1_29' title="bbox 1959 1421 3546 1478">
    <p class='ocr_par' dir='ltr' id='par_1_29' title="bbox 1959 1421 3546 1478">
     <span class='ocr_line' id='line_1_29' title="bbox 1959 1421 3546 1478; baseline -0.003 -2"><span class='ocrx_word' id='word_1_197' title='bbox 1959 1425 2159 1476; x_wconf 82' lang='lat' dir='ltr'><strong>anima.</strong></span> <span class='ocrx_word' id='word_1_198' title='bbox 2199 1422 2287 1478; x_wconf 86' lang='lat' dir='ltr'><strong>Sic</strong></span> <span class='ocrx_word' id='word_1_199' title='bbox 2319 1432 2374 1477; x_wconf 88' lang='lat' dir='ltr'><strong>et</strong></span> <span class='ocrx_word' id='word_1_200' title='bbox 2427 1425 2481 1478; x_wconf 91' lang='lat' dir='ltr'><strong>in</strong></span> <span class='ocrx_word' id='word_1_201' title='bbox 2533 1424 2764 1478; x_wconf 86' lang='lat' dir='ltr'><strong>Domino</strong></span> <span class='ocrx_word' id='word_1_202' title='bbox 2805 1428 2998 1478; x_wconf 87' lang='lat' dir='ltr'><strong>nostro</strong></span> <span class='ocrx_word' id='word_1_203' title='bbox 3025 1423 3151 1478; x_wconf 68' lang='lat' dir='ltr'><strong>Iesu</strong></span> <span class='ocrx_word' id='word_1_204' title='bbox 3181 1421 3402 1477; x_wconf 88' lang='lat' dir='ltr'><strong>Christo</strong></span> <span class='ocrx_word' id='word_1_205' title='bbox 3436 1435 3546 1474; x_wconf 88' lang='lat' dir='ltr'><strong>non</strong></span> 
     </span>
    </p>
   </div>
   <div class='ocr_carea' id='block_1_30' title="bbox 1959 1515 3546 1587">
    <p class='ocr_par' dir='ltr' id='par_1_30' title="bbox 1959 1515 3546 1587">
     <span class='ocr_line' id='line_1_30' title="bbox 1959 1515 3546 1587; baseline 0.001 -22"><span class='ocrx_word' id='word_1_206' title='bbox 1959 1528 2142 1586; x_wconf 75' lang='lat' dir='ltr'><strong>partes</strong></span> <span class='ocrx_word' id='word_1_207' title='bbox 2208 1518 2487 1586; x_wconf 88' lang='lat' dir='ltr'><strong>partium,</strong></span> <span class='ocrx_word' id='word_1_208' title='bbox 2541 1515 2636 1571; x_wconf 83' lang='lat' dir='ltr'><strong>sed</strong></span> <span class='ocrx_word' id='word_1_209' title='bbox 2699 1533 2821 1586; x_wconf 62' lang='lat' dir='ltr'><strong>quae</strong></span> <span class='ocrx_word' id='word_1_210' title='bbox 2880 1518 3128 1587; x_wconf 80' lang='lat' dir='ltr'><strong>proxime</strong></span> <span class='ocrx_word' id='word_1_211' title='bbox 3185 1522 3546 1583; x_wconf 87' lang='lat' dir='ltr'><strong>componunt,</strong></span> 
     </span>
    </p>
   </div>
   <div class='ocr_carea' id='block_1_31' title="bbox 1962 1606 3545 1675">
    <p class='ocr_par' dir='ltr' id='par_1_31' title="bbox 1962 1606 3545 1675">
     <span class='ocr_line' id='line_1_31' title="bbox 1962 1606 3545 1675; baseline 0 -18"><span class='ocrx_word' id='word_1_212' title='bbox 1962 1623 2153 1675; x_wconf 83' lang='lat' dir='ltr'><strong>nempe</strong></span> <span class='ocrx_word' id='word_1_213' title='bbox 2201 1608 2545 1662; x_wconf 85' lang='lat' dir='ltr'><strong>divinitatem</strong></span> <span class='ocrx_word' id='word_1_214' title='bbox 2602 1617 2657 1661; x_wconf 90' lang='lat' dir='ltr'><strong>et</strong></span> <span class='ocrx_word' id='word_1_215' title='bbox 2696 1608 3053 1662; x_wconf 84' lang='lat' dir='ltr'><strong>hmanitatem</strong></span> <span class='ocrx_word' id='word_1_216' title='bbox 3106 1606 3545 1659; x_wconf 75' lang='lat' dir='ltr'><strong>consideramus.</strong></span> 
     </span>
    </p>
   </div>
   <div class='ocr_carea' id='block_1_32' title="bbox 1956 1696 3543 1761">
    <p class='ocr_par' dir='ltr' id='par_1_32' title="bbox 1956 1696 3543 1761">
     <span class='ocr_line' id='line_1_32' title="bbox 1956 1696 3543 1761; baseline -0.003 -9"><span class='ocrx_word' id='word_1_217' title='bbox 1956 1699 2036 1752; x_wconf 84' lang='lat' dir='ltr'><strong>Ad</strong></span> <span class='ocrx_word' id='word_1_218' title='bbox 2063 1700 2176 1752; x_wconf 74' lang='lat' dir='ltr'><strong>haec</strong></span> <span class='ocrx_word' id='word_1_219' title='bbox 2204 1699 2251 1754; x_wconf 90' lang='lat' dir='ltr'><strong>si</strong></span> <span class='ocrx_word' id='word_1_220' title='bbox 2285 1699 2424 1753; x_wconf 84' lang='lat' dir='ltr'><strong>duas</strong></span> <span class='ocrx_word' id='word_1_221' title='bbox 2447 1700 2500 1753; x_wconf 94' lang='lat' dir='ltr'><strong>in</strong></span> <span class='ocrx_word' id='word_1_222' title='bbox 2535 1700 2758 1753; x_wconf 90' lang='lat' dir='ltr'><strong>homine</strong></span> <span class='ocrx_word' id='word_1_223' title='bbox 2789 1708 3014 1753; x_wconf 84' lang='lat' dir='ltr'><strong>naturas</strong></span> <span class='ocrx_word' id='word_1_224' title='bbox 3049 1698 3302 1761; x_wconf 79' lang='lat' dir='ltr'><strong>dicimus,</strong></span> <span class='ocrx_word' id='word_1_225' title='bbox 3340 1706 3452 1749; x_wconf 76' lang='lat' dir='ltr'><strong>tres</strong></span> <span class='ocrx_word' id='word_1_226' title='bbox 3487 1696 3543 1749; x_wconf 78' lang='lat' dir='ltr'><strong>in</strong></span> 
     </span>
    </p>
   </div>
   <div class='ocr_carea' id='block_1_33' title="bbox 1956 1788 3547 1860">
    <p class='ocr_par' dir='ltr' id='par_1_33' title="bbox 1956 1788 3547 1860">
     <span class='ocr_line' id='line_1_33' title="bbox 1956 1788 3547 1860; baseline -0.003 -15"><span class='ocrx_word' id='word_1_227' title='bbox 1956 1790 2178 1845; x_wconf 87' lang='lat' dir='ltr'><strong>Christo</strong></span> <span class='ocrx_word' id='word_1_228' title='bbox 2202 1799 2423 1843; x_wconf 76' lang='lat' dir='ltr'><strong>naturas</strong></span> <span class='ocrx_word' id='word_1_229' title='bbox 2450 1792 2633 1844; x_wconf 81' lang='lat' dir='ltr'><strong>dicere</strong></span> <span class='ocrx_word' id='word_1_230' title='bbox 2657 1806 2938 1860; x_wconf 78' lang='lat' dir='ltr'><strong>cogemur.</strong></span> <span class='ocrx_word' id='word_1_231' title='bbox 2964 1788 3031 1844; x_wconf 88' lang='lat' dir='ltr'><strong>Et</strong></span> <span class='ocrx_word' id='word_1_232' title='bbox 3057 1806 3175 1850; x_wconf 89' lang='lat' dir='ltr'><strong>vos,</strong></span> <span class='ocrx_word' id='word_1_233' title='bbox 3202 1791 3297 1858; x_wconf 92' lang='lat' dir='ltr'><strong>qui</strong></span> <span class='ocrx_word' id='word_1_234' title='bbox 3326 1788 3547 1840; x_wconf 75' lang='lat' dir='ltr'><strong>duabus</strong></span> 
     </span>
    </p>
   </div>
   <div class='ocr_carea' id='block_1_34' title="bbox 265 1872 1842 1959">
    <p class='ocr_par' dir='ltr' id='par_1_34' title="bbox 265 1884 1842 1959">
     <span class='ocr_line' id='line_1_34' title="bbox 265 1884 1842 1959; baseline 0.006 -26"><span class='ocrx_word' id='word_1_235' title='bbox 265 1885 421 1953; x_wconf 80' lang='grc' dir='ltr'>τρεῖς</span> <span class='ocrx_word' id='word_1_236' title='bbox 449 1884 639 1951; x_wconf 73' lang='grc' dir='ltr'>φύσεις</span> <span class='ocrx_word' id='word_1_237' title='bbox 670 1885 759 1937; x_wconf 72' lang='grc' dir='ltr'><strong>ἐπὶ</strong></span> <span class='ocrx_word' id='word_1_238' title='bbox 794 1888 886 1939; x_wconf 81' lang='grc' dir='ltr'>τοῦ</span> <span class='ocrx_word' id='word_1_239' title='bbox 941 1887 1177 1955; x_wconf 76' lang='grc' dir='ltr'>Χριστοῦ</span> <span class='ocrx_word' id='word_1_240' title='bbox 1209 1885 1388 1957; x_wconf 77' lang='grc' dir='ltr'>λέγειν</span> <span class='ocrx_word' id='word_1_241' title='bbox 1436 1890 1842 1959; x_wconf 67' lang='grc' dir='ltr'><strong>ἀναγκασθησαὸ⁴</strong></span> 
     </span>
    </p>
   </div>
   <div class='ocr_carea' id='block_1_35' title="bbox 1949 1872 3547 1959">
    <p class='ocr_par' dir='ltr' id='par_1_35' title="bbox 1958 1884 3547 1950">
     <span class='ocr_line' id='line_1_35' title="bbox 1958 1884 3547 1950; baseline -0.001 -15"><span class='ocrx_word' id='word_1_242' title='bbox 1958 1897 1989 1936; x_wconf 88' lang='lat' dir='ltr'><strong>e</strong></span> <span class='ocrx_word' id='word_1_243' title='bbox 2023 1884 2232 1936; x_wconf 79' lang='lat' dir='ltr'><strong>naturis</strong></span> <span class='ocrx_word' id='word_1_244' title='bbox 2278 1884 2557 1937; x_wconf 83' lang='lat' dir='ltr'><strong>hominem</strong></span> <span class='ocrx_word' id='word_1_245' title='bbox 2596 1896 2851 1943; x_wconf 77' lang='lat' dir='ltr'><strong>constare</strong></span> <span class='ocrx_word' id='word_1_246' title='bbox 2883 1884 3102 1950; x_wconf 89' lang='lat' dir='ltr'><strong>dicitis,</strong></span> <span class='ocrx_word' id='word_1_247' title='bbox 3126 1899 3193 1938; x_wconf 80' lang='lat' dir='ltr'><strong>ex</strong></span> <span class='ocrx_word' id='word_1_248' title='bbox 3232 1885 3412 1937; x_wconf 90' lang='lat' dir='ltr'><strong>tribus</strong></span> <span class='ocrx_word' id='word_1_249' title='bbox 3443 1897 3547 1935; x_wconf 81' lang='lat' dir='ltr'><strong>na-</strong></span> 
     </span>
    </p>
   </div>
   <div class='ocr_carea' id='block_1_36' title="bbox 270 1976 1854 2050">
    <p class='ocr_par' dir='ltr' id='par_1_36' title="bbox 270 1976 1854 2050">
     <span class='ocr_line' id='line_1_36' title="bbox 270 1976 1854 2050; baseline 0.005 -24"><span class='ocrx_word' id='word_1_250' title='bbox 270 1976 433 2044; x_wconf 80' lang='grc' dir='ltr'>μεθα,</span> <span class='ocrx_word' id='word_1_251' title='bbox 466 1978 561 2029; x_wconf 78' lang='grc' dir='ltr'><strong>καὶ</strong></span> <span class='ocrx_word' id='word_1_252' title='bbox 608 1978 764 2047; x_wconf 75' lang='grc' dir='ltr'>ὑμεῖς</span> <span class='ocrx_word' id='word_1_253' title='bbox 818 1981 878 2032; x_wconf 77' lang='grc' dir='ltr'>ἐκ</span> <span class='ocrx_word' id='word_1_254' title='bbox 928 1981 1018 2032; x_wconf 74' lang='grc' dir='ltr'><strong>δύο</strong></span> <span class='ocrx_word' id='word_1_255' title='bbox 1065 1979 1284 2049; x_wconf 81' lang='grc' dir='ltr'>φύσεων</span> <span class='ocrx_word' id='word_1_256' title='bbox 1315 1981 1405 2033; x_wconf 70' lang='grc' dir='ltr'><strong>τὸν</strong></span> <span class='ocrx_word' id='word_1_257' title='bbox 1438 1981 1730 2050; x_wconf 80' lang='grc' dir='ltr'>ἄνθρωπον</span> <span class='ocrx_word' id='word_1_258' title='bbox 1768 1982 1854 2034; x_wconf 78' lang='grc' dir='ltr'><strong>λέ-</strong></span> 
     </span>
    </p>
   </div>
   <div class='ocr_carea' id='block_1_37' title="bbox 266 2072 1851 2142">
    <p class='ocr_par' dir='ltr' id='par_1_37' title="bbox 266 2072 1851 2142">
     <span class='ocr_line' id='line_1_37' title="bbox 266 2072 1851 2142; baseline 0.003 -21"><span class='ocrx_word' id='word_1_259' title='bbox 266 2085 483 2135; x_wconf 86' lang='grc' dir='ltr'>γοντες,</span> <span class='ocrx_word' id='word_1_260' title='bbox 517 2073 578 2123; x_wconf 82' lang='grc' dir='ltr'><strong>ὲκ</strong></span> <span class='ocrx_word' id='word_1_261' title='bbox 616 2073 785 2139; x_wconf 80' lang='grc' dir='ltr'>τριῶν</span> <span class='ocrx_word' id='word_1_262' title='bbox 815 2072 1032 2139; x_wconf 80' lang='grc' dir='ltr'>φύσεων</span> <span class='ocrx_word' id='word_1_263' title='bbox 1076 2073 1166 2125; x_wconf 71' lang='grc' dir='ltr'><strong>τὸν</strong></span> <span class='ocrx_word' id='word_1_264' title='bbox 1199 2073 1439 2142; x_wconf 66' lang='grc' dir='ltr'>Χριστὸν</span> <span class='ocrx_word' id='word_1_265' title='bbox 1471 2072 1851 2141; x_wconf 73' lang='grc' dir='ltr'>δογματίζετε,</span> 
     </span>
    </p>
   </div>
   <div class='ocr_carea' id='block_1_38' title="bbox 264 2161 1853 2234">
    <p class='ocr_par' dir='ltr' id='par_1_38' title="bbox 264 2161 1853 2234">
     <span class='ocr_line' id='line_1_38' title="bbox 264 2161 1853 2234; baseline 0.003 -19"><span class='ocrx_word' id='word_1_266' title='bbox 264 2161 471 2230; x_wconf 83' lang='grc' dir='ltr'>ὁμοίως</span> <span class='ocrx_word' id='word_1_267' title='bbox 508 2162 601 2217; x_wconf 74' lang='grc' dir='ltr'><strong>καὶ</strong></span> <span class='ocrx_word' id='word_1_268' title='bbox 646 2166 767 2233; x_wconf 85' lang='grc' dir='ltr'>περ’·</span> <span class='ocrx_word' id='word_1_269' title='bbox 809 2164 1123 2234; x_wconf 75' lang='grc' dir='ltr'>ἐνεργειῶν.</span> <span class='ocrx_word' id='word_1_270' title='bbox 1162 2164 1514 2234; x_wconf 71' lang='grc' dir='ltr'>Κατάλ).ηλον</span> <span class='ocrx_word' id='word_1_271' title='bbox 1559 2165 1667 2233; x_wconf 75' lang='grc' dir='ltr'><strong>γάρ</strong></span> <span class='ocrx_word' id='word_1_272' title='bbox 1720 2167 1853 2219; x_wconf 80' lang='grc' dir='ltr'>ἀνά-</span> 
     </span>
    </p>
   </div>
   <div class='ocr_carea' id='block_1_39' title="bbox 264 2255 1852 2330">
    <p class='ocr_par' dir='ltr' id='par_1_39' title="bbox 264 2255 1852 2330">
     <span class='ocr_line' id='line_1_39' title="bbox 264 2255 1852 2330; baseline 0.004 -23"><span class='ocrx_word' id='word_1_273' title='bbox 264 2271 381 2324; x_wconf 81' lang='grc' dir='ltr'>γκη</span> <span class='ocrx_word' id='word_1_274' title='bbox 410 2258 474 2327; x_wconf 79' lang='grc' dir='ltr'><strong>τῇ</strong></span> <span class='ocrx_word' id='word_1_275' title='bbox 507 2259 665 2325; x_wconf 85' lang='grc' dir='ltr'>φύσει</span> <span class='ocrx_word' id='word_1_276' title='bbox 705 2258 804 2327; x_wconf 79' lang='grc' dir='ltr'>τὴν</span> <span class='ocrx_word' id='word_1_277' title='bbox 837 2259 1118 2327; x_wconf 77' lang='grc' dir='ltr'>ἐνέργειαν</span> <span class='ocrx_word' id='word_1_278' title='bbox 1168 2255 1329 2312; x_wconf 77' lang='grc' dir='ltr'>εἶναι.</span> <span class='ocrx_word' id='word_1_279' title='bbox 1365 2259 1488 2311; x_wconf 77' lang='grc' dir='ltr'>Ὀτι</span> <span class='ocrx_word' id='word_1_280' title='bbox 1539 2259 1596 2312; x_wconf 85' lang='grc' dir='ltr'>δὲ</span> <span class='ocrx_word' id='word_1_281' title='bbox 1624 2260 1718 2314; x_wconf 88' lang='grc' dir='ltr'>δύο</span> <span class='ocrx_word' id='word_1_282' title='bbox 1751 2262 1852 2330; x_wconf 81' lang='grc' dir='ltr'>φύ-</span> 
     </span>
    </p>
   </div>
   <div class='ocr_carea' id='block_1_40' title="bbox 266 2345 1851 2420">
    <p class='ocr_par' dir='ltr' id='par_1_40' title="bbox 266 2345 1851 2420">
     <span class='ocr_line' id='line_1_40' title="bbox 266 2345 1851 2420; baseline 0.006 -24"><span class='ocrx_word' id='word_1_283' title='bbox 266 2359 413 2397; x_wconf 90' lang='grc' dir='ltr'>σεων</span> <span class='ocrx_word' id='word_1_284' title='bbox 456 2345 483 2396; x_wconf 87' lang='grc' dir='ltr'><strong>ό</strong></span> <span class='ocrx_word' id='word_1_285' title='bbox 531 2345 818 2415; x_wconf 78' lang='grc' dir='ltr'>ἄνθρωπος</span> <span class='ocrx_word' id='word_1_286' title='bbox 875 2346 1095 2416; x_wconf 74' lang='grc' dir='ltr'>λέγεταί</span> <span class='ocrx_word' id='word_1_287' title='bbox 1130 2365 1187 2401; x_wconf 88' lang='grc' dir='ltr'><strong>τε</strong></span> <span class='ocrx_word' id='word_1_288' title='bbox 1240 2349 1333 2401; x_wconf 78' lang='grc' dir='ltr'><strong>καὶ</strong></span> <span class='ocrx_word' id='word_1_289' title='bbox 1386 2348 1523 2417; x_wconf 79' lang='grc' dir='ltr'>ἔστι,</span> <span class='ocrx_word' id='word_1_290' title='bbox 1561 2351 1772 2420; x_wconf 83' lang='grc' dir='ltr'>μάρτυς</span> <span class='ocrx_word' id='word_1_291' title='bbox 1822 2353 1851 2406; x_wconf 83' lang='grc' dir='ltr'>ὁ</span> 
     </span>
    </p>
   </div>
   <div class='ocr_carea' id='block_1_41' title="bbox 262 2434 1847 2507">
    <p class='ocr_par' dir='ltr' id='par_1_41' title="bbox 262 2434 1847 2507">
     <span class='ocr_line' id='line_1_41' title="bbox 262 2434 1847 2507; baseline 0.006 -21"><span class='ocrx_word' id='word_1_292' title='bbox 262 2434 530 2503; x_wconf 69' lang='grc' dir='ltr'>ΘεοΜγος</span> <span class='ocrx_word' id='word_1_293' title='bbox 585 2436 907 2506; x_wconf 83' lang='grc' dir='ltr'>Γρηγόριος,</span> <span class='ocrx_word' id='word_1_294' title='bbox 937 2438 1080 2492; x_wconf 77' lang='grc' dir='ltr'>οὕτω</span> <span class='ocrx_word' id='word_1_295' title='bbox 1124 2438 1319 2507; x_wconf 84' lang='grc' dir='ltr'>λέγων,</span> <span class='ocrx_word' id='word_1_296' title='bbox 1346 2442 1554 2494; x_wconf 84' lang='grc' dir='ltr'>Διττῶν</span> <span class='ocrx_word' id='word_1_297' title='bbox 1585 2441 1642 2494; x_wconf 72' lang='grc' dir='ltr'><strong>δὲ</strong></span> <span class='ocrx_word' id='word_1_298' title='bbox 1678 2442 1847 2496; x_wconf 70' lang='grc' dir='ltr'>ὄντων</span> 
     </span>
    </p>
   </div>
   <div class='ocr_carea' id='block_1_42' title="bbox 262 2519 1841 2600">
    <p class='ocr_par' dir='ltr' id='par_1_42' title="bbox 262 2519 1841 2600">
     <span class='ocr_line' id='line_1_42' title="bbox 262 2519 1841 2600; baseline 0.004 -23"><span class='ocrx_word' id='word_1_299' title='bbox 262 2525 447 2596; x_wconf 83' lang='grc' dir='ltr'>ήμῶν,</span> <span class='ocrx_word' id='word_1_300' title='bbox 483 2528 544 2580; x_wconf 79' lang='grc' dir='ltr'>ἐκ</span> <span class='ocrx_word' id='word_1_301' title='bbox 578 2528 756 2598; x_wconf 70' lang='grc' dir='ltr'>ψυχῆς</span> <span class='ocrx_word' id='word_1_302' title='bbox 787 2528 878 2581; x_wconf 72' lang='grc' dir='ltr'><strong>καὶ</strong></span> <span class='ocrx_word' id='word_1_303' title='bbox 913 2527 1188 2598; x_wconf 81' lang='grc' dir='ltr'>σώματος.</span> <span class='ocrx_word' id='word_1_304' title='bbox 1224 2532 1442 2598; x_wconf 78' lang='grc' dir='ltr'>καὶτῆς</span> <span class='ocrx_word' id='word_1_305' title='bbox 1477 2530 1576 2599; x_wconf 82' lang='grc' dir='ltr'>μὲν</span> <span class='ocrx_word' id='word_1_306' title='bbox 1614 2519 1841 2600; x_wconf 72' lang='grc' dir='ltr'>ὁρατῆς,</span> 
     </span>
    </p>
   </div>
   <div class='ocr_carea' id='block_1_43' title="bbox 259 2618 1850 2695">
    <p class='ocr_par' dir='ltr' id='par_1_43' title="bbox 259 2618 1850 2695">
     <span class='ocr_line' id='line_1_43' title="bbox 259 2618 1850 2695; baseline 0.004 -24"><span class='ocrx_word' id='word_1_307' title='bbox 259 2621 363 2688; x_wconf 73' lang='grc' dir='ltr'>τῆς</span> <span class='ocrx_word' id='word_1_308' title='bbox 411 2620 465 2672; x_wconf 77' lang='grc' dir='ltr'><strong>δὲ</strong></span> <span class='ocrx_word' id='word_1_309' title='bbox 512 2621 744 2690; x_wconf 75' lang='grc' dir='ltr'>ἀοράτου</span> <span class='ocrx_word' id='word_1_310' title='bbox 783 2618 1021 2690; x_wconf 78' lang='grc' dir='ltr'>φύσεως,</span> <span class='ocrx_word' id='word_1_311' title='bbox 1052 2622 1205 2693; x_wconf 79' lang='grc' dir='ltr'>διττὴ</span> <span class='ocrx_word' id='word_1_312' title='bbox 1254 2624 1347 2676; x_wconf 77' lang='grc' dir='ltr'><strong>καὶ</strong></span> <span class='ocrx_word' id='word_1_313' title='bbox 1379 2624 1413 2693; x_wconf 72' lang='grc' dir='ltr'>ἡ</span> <span class='ocrx_word' id='word_1_314' title='bbox 1454 2623 1721 2695; x_wconf 74' lang='grc' dir='ltr'>κάθαρσις</span> <span class='ocrx_word' id='word_1_315' title='bbox 1779 2620 1850 2677; x_wconf 83' lang='grc' dir='ltr'><strong>δι’</strong></span> 
     </span>
    </p>
   </div>
   <div class='ocr_carea' id='block_1_44' title="bbox 262 2712 1113 2784">
    <p class='ocr_par' dir='ltr' id='par_1_44' title="bbox 262 2712 1113 2784">
     <span class='ocr_line' id='line_1_44' title="bbox 262 2712 1113 2784; baseline 0.004 -18"><span class='ocrx_word' id='word_1_316' title='bbox 262 2712 459 2777; x_wconf 74' lang='grc' dir='ltr'>ὕδατός</span> <span class='ocrx_word' id='word_1_317' title='bbox 490 2732 547 2766; x_wconf 87' lang='grc' dir='ltr'><strong>τε</strong></span> <span class='ocrx_word' id='word_1_318' title='bbox 579 2716 671 2767; x_wconf 70' lang='grc' dir='ltr'><strong>καὶ</strong></span> <span class='ocrx_word' id='word_1_319' title='bbox 712 2712 1049 2784; x_wconf 79' lang='grc' dir='ltr'>Πνεύματος.</span> <span class='ocrx_word' id='word_1_320' title='bbox 1093 2735 1113 2769; x_wconf 72' lang='grc' dir='ltr'><strong>ι</strong></span> 
     </span>
    </p>
   </div>
   <div class='ocr_carea' id='block_1_45' title="bbox 266 2827 1849 2903">
    <p class='ocr_par' dir='ltr' id='par_1_45' title="bbox 266 2827 1849 2903">
     <span class='ocr_line' id='line_1_45' title="bbox 266 2827 1849 2903; baseline 0.004 -22"><span class='ocrx_word' id='word_1_321' title='bbox 266 2827 383 2903; x_wconf 64' lang='grc' dir='ltr'><strong>Τοῦ</strong></span> <span class='ocrx_word' id='word_1_322' title='bbox 416 2829 602 2903; x_wconf 73' lang='grc' dir='ltr'>αὑτοῦ</span> <span class='ocrx_word' id='word_1_323' title='bbox 630 2828 967 2903; x_wconf 23' lang='grc' dir='ltr'>πρός-*τοὺς</span> <span class='ocrx_word' id='word_1_324' title='bbox 1008 2830 1371 2900; x_wconf 78' lang='grc' dir='ltr'>ἐρωτῶντας,</span> <span class='ocrx_word' id='word_1_325' title='bbox 1392 2834 1447 2888; x_wconf 83' lang='lat' dir='ltr'><strong>el</strong></span> <span class='ocrx_word' id='word_1_326' title='bbox 1486 2834 1598 2889; x_wconf 80' lang='grc' dir='ltr'><strong>δύο</strong></span> <span class='ocrx_word' id='word_1_327' title='bbox 1626 2833 1849 2903; x_wconf 71' lang='grc' dir='ltr'>φύσεις</span> 
     </span>
    </p>
   </div>
   <div class='ocr_carea' id='block_1_46' title="bbox 338 2898 1847 2974">
    <p class='ocr_par' dir='ltr' id='par_1_46' title="bbox 338 2898 1847 2974">
     <span class='ocr_line' id='line_1_46' title="bbox 338 2898 1847 2974; baseline 0.007 -25"><span class='ocrx_word' id='word_1_328' title='bbox 338 2898 670 2974; x_wconf 63' lang='grc' dir='ltr'>ξγᾷννησεν</span> <span class='ocrx_word' id='word_1_329' title='bbox 699 2901 737 2974; x_wconf 71' lang='grc' dir='ltr'><em>ᾐ</em></span> <span class='ocrx_word' id='word_1_330' title='bbox 766 2899 911 2974; x_wconf 21' lang='grc' dir='ltr'>*ἁγίᾳ</span> <span class='ocrx_word' id='word_1_331' title='bbox 939 2898 1247 2968; x_wconf 79' lang='grc' dir='ltr'>Θεοτόκος,</span> <span class='ocrx_word' id='word_1_332' title='bbox 1280 2898 1378 2959; x_wconf 70' lang='grc' dir='ltr'><strong>καὶ</strong></span> <span class='ocrx_word' id='word_1_333' title='bbox 1404 2908 1455 2959; x_wconf 80' lang='lat' dir='ltr'><strong>ei</strong></span> <span class='ocrx_word' id='word_1_334' title='bbox 1484 2904 1594 2974; x_wconf 75' lang='grc' dir='ltr'>δύο</span> <span class='ocrx_word' id='word_1_335' title='bbox 1624 2898 1847 2974; x_wconf 65' lang='grc' dir='ltr'>έρύσεις</span> 
     </span>
    </p>
   </div>
   <div class='ocr_carea' id='block_1_47' title="bbox 334 2968 1521 3043">
    <p class='ocr_par' dir='ltr' id='par_1_47' title="bbox 334 2968 1521 3043">
     <span class='ocr_line' id='line_1_47' title="bbox 334 2968 1521 3043; baseline 0.008 -21"><span class='ocrx_word' id='word_1_336' title='bbox 334 2968 434 3022; x_wconf 73' lang='grc' dir='ltr'><strong>ἐπὶ</strong></span> <span class='ocrx_word' id='word_1_337' title='bbox 454 2970 726 3037; x_wconf 75' lang='grc' dir='ltr'>σταυροῦ</span> <span class='ocrx_word' id='word_1_338' title='bbox 752 2970 1099 3040; x_wconf 79' lang='grc' dir='ltr'>ἐκρέμαντο.</span> <span class='ocrx_word' id='word_1_339' title='bbox 1144 2974 1371 3043; x_wconf 73' lang='grc' dir='ltr'>Κεφάλ.</span> <span class='ocrx_word' id='word_1_340' title='bbox 1412 2973 1521 3043; x_wconf 46' lang='grc' dir='ltr'>ἥθ’.</span> 
     </span>
    </p>
   </div>
   <div class='ocr_carea' id='block_1_48' title="bbox 333 3080 1847 3161">
    <p class='ocr_par' dir='ltr' id='par_1_48' title="bbox 333 3080 1847 3161">
     <span class='ocr_line' id='line_1_48' title="bbox 333 3080 1847 3161; baseline 0.009 -28"><span class='ocrx_word' id='word_1_341' title='bbox 333 3080 552 3146; x_wconf 77' lang='grc' dir='ltr'>Φύσεως</span> <span class='ocrx_word' id='word_1_342' title='bbox 586 3082 686 3153; x_wconf 79' lang='grc' dir='ltr'>μὲν</span> <span class='ocrx_word' id='word_1_343' title='bbox 716 3081 833 3137; x_wconf 79' lang='grc' dir='ltr'>ἔστι</span> <span class='ocrx_word' id='word_1_344' title='bbox 867 3085 928 3138; x_wconf 97' lang='lat' dir='ltr'><strong>rb</strong></span> <span class='ocrx_word' id='word_1_345' title='bbox 958 3084 1221 3157; x_wconf 77' lang='grc' dir='ltr'>ἀγένητον</span> <span class='ocrx_word' id='word_1_346' title='bbox 1256 3088 1351 3141; x_wconf 74' lang='grc' dir='ltr'><strong>καὶ</strong></span> <span class='ocrx_word' id='word_1_347' title='bbox 1399 3089 1459 3143; x_wconf 84' lang='lat' dir='ltr'><strong>rb</strong></span> <span class='ocrx_word' id='word_1_348' title='bbox 1488 3090 1717 3161; x_wconf 74' lang='grc' dir='ltr'>γ’νητδν</span> <span class='ocrx_word' id='word_1_349' title='bbox 1760 3091 1847 3146; x_wconf 68' lang='grc' dir='ltr'><strong>διὰ</strong></span> 
     </span>
    </p>
   </div>
   <div class='ocr_carea' id='block_1_49' title="bbox 260 3171 1916 3273">
    <p class='ocr_par' dir='ltr' id='par_1_49' title="bbox 260 3171 1916 3273">
     <span class='ocr_line' id='line_1_49' title="bbox 260 3171 1916 3273; baseline 0.007 -47"><span class='ocrx_word' id='word_1_350' title='bbox 260 3171 359 3226; x_wconf 78' lang='grc' dir='ltr'><strong>τοῦ</strong></span> <span class='ocrx_word' id='word_1_351' title='bbox 394 3174 511 3236; x_wconf 83' lang='grc' dir='ltr'>ὲνδς</span> <span class='ocrx_word' id='word_1_352' title='bbox 560 3194 588 3229; x_wconf 93' lang='grc' dir='ltr'><strong>ν</strong></span> <span class='ocrx_word' id='word_1_353' title='bbox 622 3176 991 3247; x_wconf 81' lang='grc' dir='ltr'>γραφόμενον,</span> <span class='ocrx_word' id='word_1_354' title='bbox 1020 3177 1157 3247; x_wconf 85' lang='grc' dir='ltr'>ὅπερ</span> <span class='ocrx_word' id='word_1_355' title='bbox 1187 3176 1340 3249; x_wconf 81' lang='grc' dir='ltr'>δηλοῖ</span> <span class='ocrx_word' id='word_1_356' title='bbox 1367 3182 1426 3234; x_wconf 84' lang='lat' dir='ltr'><strong>rb</strong></span> <span class='ocrx_word' id='word_1_357' title='bbox 1454 3183 1716 3237; x_wconf 83' lang='grc' dir='ltr'>άκτιστον</span> <span class='ocrx_word' id='word_1_358' title='bbox 1749 3186 1843 3238; x_wconf 69' lang='grc' dir='ltr'><strong>καὶ</strong></span> <span class='ocrx_word' id='word_1_359' title='bbox 1874 3219 1916 3273; x_wconf 77' lang='lat' dir='ltr'><strong>C</strong></span> 
     </span>
    </p>
   </div>
   <div class='ocr_carea' id='block_1_50' title="bbox 259 3264 1840 3346">
    <p class='ocr_par' dir='ltr' id='par_1_50' title="bbox 259 3264 1840 3346">
     <span class='ocr_line' id='line_1_50' title="bbox 259 3264 1840 3346; baseline 0.008 -29"><span class='ocrx_word' id='word_1_360' title='bbox 259 3264 480 3319; x_wconf 75' lang='grc' dir='ltr'>κτιστύν</span> <span class='ocrx_word' id='word_1_361' title='bbox 502 3282 515 3297; x_wconf 87' lang='grc'><strong>·</strong></span> <span class='ocrx_word' id='word_1_362' title='bbox 549 3266 610 3319; x_wconf 82' lang='lat' dir='ltr'><strong>rb</strong></span> <span class='ocrx_word' id='word_1_363' title='bbox 638 3266 696 3320; x_wconf 78' lang='grc' dir='ltr'><strong>δὲ</strong></span> <span class='ocrx_word' id='word_1_364' title='bbox 742 3267 1034 3339; x_wconf 78' lang='grc' dir='ltr'>ἀγέννητον</span> <span class='ocrx_word' id='word_1_365' title='bbox 1066 3273 1160 3324; x_wconf 69' lang='grc' dir='ltr'><strong>καὶ</strong></span> <span class='ocrx_word' id='word_1_366' title='bbox 1193 3274 1450 3341; x_wconf 80' lang='grc' dir='ltr'>γεννητὸν</span> <span class='ocrx_word' id='word_1_367' title='bbox 1492 3277 1551 3327; x_wconf 82' lang='grc' dir='ltr'><strong>ού</strong></span> <span class='ocrx_word' id='word_1_368' title='bbox 1600 3277 1840 3346; x_wconf 80' lang='grc' dir='ltr'>φύσεως,</span> 
     </span>
    </p>
   </div>
   <div class='ocr_carea' id='block_1_51' title="bbox 1961 1973 3547 2028">
    <p class='ocr_par' dir='ltr' id='par_1_51' title="bbox 1961 1973 3547 2028">
     <span class='ocr_line' id='line_1_51' title="bbox 1961 1973 3547 2028; baseline -0.001 -3"><span class='ocrx_word' id='word_1_369' title='bbox 1961 1974 2096 2026; x_wconf 89' lang='lat' dir='ltr'><strong>turis</strong></span> <span class='ocrx_word' id='word_1_370' title='bbox 2122 1973 2400 2027; x_wconf 86' lang='lat' dir='ltr'><strong>Christum</strong></span> <span class='ocrx_word' id='word_1_371' title='bbox 2435 1974 2792 2028; x_wconf 85' lang='lat' dir='ltr'><strong>constituitis.</strong></span> <span class='ocrx_word' id='word_1_372' title='bbox 2824 1973 2971 2028; x_wconf 82' lang='lat' dir='ltr'><strong>Idem</strong></span> <span class='ocrx_word' id='word_1_373' title='bbox 3018 1976 3087 2028; x_wconf 92' lang='lat' dir='ltr'><strong>de</strong></span> <span class='ocrx_word' id='word_1_374' title='bbox 3128 1974 3439 2027; x_wconf 75' lang='lat' dir='ltr'><strong>actionibus</strong></span> <span class='ocrx_word' id='word_1_375' title='bbox 3466 1975 3547 2024; x_wconf 84' lang='lat' dir='ltr'><strong>in-</strong></span> 
     </span>
    </p>
   </div>
   <div class='ocr_carea' id='block_1_52' title="bbox 1959 2066 3538 2136">
    <p class='ocr_par' dir='ltr' id='par_1_52' title="bbox 1959 2066 3538 2136">
     <span class='ocr_line' id='line_1_52' title="bbox 1959 2066 3538 2136; baseline -0.001 -17"><span class='ocrx_word' id='word_1_376' title='bbox 1959 2067 2243 2136; x_wconf 85' lang='lat' dir='ltr'><strong>telligitur,</strong></span> <span class='ocrx_word' id='word_1_377' title='bbox 2276 2078 2502 2120; x_wconf 82' lang='lat' dir='ltr'><strong>necesse</strong></span> <span class='ocrx_word' id='word_1_378' title='bbox 2526 2067 2671 2121; x_wconf 90' lang='lat' dir='ltr'><strong>enim</strong></span> <span class='ocrx_word' id='word_1_379' title='bbox 2700 2075 2804 2129; x_wconf 89' lang='lat' dir='ltr'><strong>est,</strong></span> <span class='ocrx_word' id='word_1_380' title='bbox 2844 2074 2904 2118; x_wconf 85' lang='lat' dir='ltr'><strong>ut</strong></span> <span class='ocrx_word' id='word_1_381' title='bbox 2933 2066 3079 2119; x_wconf 88' lang='lat' dir='ltr'><strong>actio</strong></span> <span class='ocrx_word' id='word_1_382' title='bbox 3108 2075 3315 2119; x_wconf 62' lang='lat' dir='ltr'><strong>natura;</strong></span> <span class='ocrx_word' id='word_1_383' title='bbox 3346 2074 3538 2118; x_wconf 86' lang='lat' dir='ltr'><strong>mutuo</strong></span> 
     </span>
    </p>
   </div>
   <div class='ocr_carea' id='block_1_53' title="bbox 1956 2154 3547 2228">
    <p class='ocr_par' dir='ltr' id='par_1_53' title="bbox 1956 2154 3547 2228">
     <span class='ocr_line' id='line_1_53' title="bbox 1956 2154 3547 2228; baseline -0.001 -16"><span class='ocrx_word' id='word_1_384' title='bbox 1956 2158 2301 2228; x_wconf 83' lang='lat' dir='ltr'><strong>respondeat.</strong></span> <span class='ocrx_word' id='word_1_385' title='bbox 2333 2154 2623 2211; x_wconf 78' lang='lat' dir='ltr'><strong>Hominem</strong></span> <span class='ocrx_word' id='word_1_386' title='bbox 2667 2170 2849 2211; x_wconf 87' lang='lat' dir='ltr'><strong>autem</strong></span> <span class='ocrx_word' id='word_1_387' title='bbox 2892 2159 3028 2211; x_wconf 87' lang='lat' dir='ltr'><strong>duas</strong></span> <span class='ocrx_word' id='word_1_388' title='bbox 3067 2157 3173 2211; x_wconf 91' lang='lat' dir='ltr'><strong>dici</strong></span> <span class='ocrx_word' id='word_1_389' title='bbox 3205 2158 3406 2211; x_wconf 86' lang='lat' dir='ltr'><strong>debere</strong></span> <span class='ocrx_word' id='word_1_390' title='bbox 3449 2172 3547 2210; x_wconf 83' lang='lat' dir='ltr'><strong>ua-</strong></span> 
     </span>
    </p>
   </div>
   <div class='ocr_carea' id='block_1_54' title="bbox 1956 2249 3539 2319">
    <p class='ocr_par' dir='ltr' id='par_1_54' title="bbox 1956 2249 3539 2319">
     <span class='ocr_line' id='line_1_54' title="bbox 1956 2249 3539 2319; baseline -0.004 -13"><span class='ocrx_word' id='word_1_391' title='bbox 1956 2261 2107 2306; x_wconf 85' lang='lat' dir='ltr'><strong>turas</strong></span> <span class='ocrx_word' id='word_1_392' title='bbox 2150 2251 2304 2305; x_wconf 87' lang='lat' dir='ltr'><strong>testis</strong></span> <span class='ocrx_word' id='word_1_393' title='bbox 2340 2261 2424 2305; x_wconf 80' lang='lat' dir='ltr'><strong>est</strong></span> <span class='ocrx_word' id='word_1_394' title='bbox 2464 2249 2764 2315; x_wconf 75' lang='lat' dir='ltr'><strong>Gregorius</strong></span> <span class='ocrx_word' id='word_1_395' title='bbox 2787 2250 3122 2319; x_wconf 77' lang='lat' dir='ltr'><strong>Theologus,</strong></span> <span class='ocrx_word' id='word_1_396' title='bbox 3158 2249 3229 2303; x_wconf 88' lang='lat' dir='ltr'><strong>ita</strong></span> <span class='ocrx_word' id='word_1_397' title='bbox 3282 2251 3539 2318; x_wconf 84' lang='lat' dir='ltr'><strong>loquens,</strong></span> 
     </span>
    </p>
   </div>
   <div class='ocr_carea' id='block_1_55' title="bbox 1953 2343 3544 2413">
    <p class='ocr_par' dir='ltr' id='par_1_55' title="bbox 1953 2343 3544 2413">
     <span class='ocr_line' id='line_1_55' title="bbox 1953 2343 3544 2413; baseline -0.003 -14"><span class='ocrx_word' id='word_1_398' title='bbox 1953 2343 2059 2399; x_wconf 85' lang='lat' dir='ltr'><strong>Sed</strong></span> <span class='ocrx_word' id='word_1_399' title='bbox 2092 2359 2216 2398; x_wconf 89' lang='lat' dir='ltr'><strong>cmn</strong></span> <span class='ocrx_word' id='word_1_400' title='bbox 2257 2344 2505 2413; x_wconf 82' lang='lat' dir='ltr'><strong>duplices</strong></span> <span class='ocrx_word' id='word_1_401' title='bbox 2537 2348 2733 2405; x_wconf 80' lang='lat' dir='ltr'><strong>simus,</strong></span> <span class='ocrx_word' id='word_1_402' title='bbox 2774 2345 2877 2397; x_wconf 90' lang='lat' dir='ltr'><strong>hoc</strong></span> <span class='ocrx_word' id='word_1_403' title='bbox 2912 2354 3018 2405; x_wconf 88' lang='lat' dir='ltr'><strong>est,</strong></span> <span class='ocrx_word' id='word_1_404' title='bbox 3051 2358 3112 2397; x_wconf 81' lang='lat' dir='ltr'><strong>ex</strong></span> <span class='ocrx_word' id='word_1_405' title='bbox 3145 2343 3330 2397; x_wconf 82' lang='lat' dir='ltr'><strong>anima</strong></span> <span class='ocrx_word' id='word_1_406' title='bbox 3376 2357 3544 2411; x_wconf 90' lang='lat' dir='ltr'><strong>corpo</strong></span> 
     </span>
    </p>
   </div>
   <div class='ocr_carea' id='block_1_56' title="bbox 1956 2435 3545 2507">
    <p class='ocr_par' dir='ltr' id='par_1_56' title="bbox 1956 2435 3545 2507">
     <span class='ocr_line' id='line_1_56' title="bbox 1956 2435 3545 2507; baseline -0.001 -17"><span class='ocrx_word' id='word_1_407' title='bbox 1956 2452 2125 2507; x_wconf 88' lang='lat' dir='ltr'><strong>reque</strong></span> <span class='ocrx_word' id='word_1_408' title='bbox 2153 2448 2518 2503; x_wconf 84' lang='lat' dir='ltr'><strong>constemus,</strong></span> <span class='ocrx_word' id='word_1_409' title='bbox 2555 2452 2620 2491; x_wconf 81' lang='lat' dir='ltr'><strong>ex</strong></span> <span class='ocrx_word' id='word_1_410' title='bbox 2671 2446 2863 2491; x_wconf 89' lang='lat' dir='ltr'><strong>natura</strong></span> <span class='ocrx_word' id='word_1_411' title='bbox 2909 2435 3174 2491; x_wconf 87' lang='lat' dir='ltr'><strong>nimirum</strong></span> <span class='ocrx_word' id='word_1_412' title='bbox 3232 2435 3435 2490; x_wconf 84' lang='lat' dir='ltr'><strong>visibili</strong></span> <span class='ocrx_word' id='word_1_413' title='bbox 3488 2444 3545 2490; x_wconf 88' lang='lat' dir='ltr'><strong>et</strong></span> 
     </span>
    </p>
   </div>
   <div class='ocr_carea' id='block_1_57' title="bbox 1954 2530 3545 2601">
    <p class='ocr_par' dir='ltr' id='par_1_57' title="bbox 1954 2530 3545 2601">
     <span class='ocr_line' id='line_1_57' title="bbox 1954 2530 3545 2601; baseline 0 -18"><span class='ocrx_word' id='word_1_414' title='bbox 1954 2530 2241 2596; x_wconf 79' lang='lat' dir='ltr'><strong>invisibili,</strong></span> <span class='ocrx_word' id='word_1_415' title='bbox 2276 2530 2480 2601; x_wconf 83' lang='lat' dir='ltr'><strong>duplex</strong></span> <span class='ocrx_word' id='word_1_416' title='bbox 2533 2538 2617 2586; x_wconf 85' lang='lat' dir='ltr'><strong>est</strong></span> <span class='ocrx_word' id='word_1_417' title='bbox 2666 2531 2794 2586; x_wconf 90' lang='lat' dir='ltr'><strong>item</strong></span> <span class='ocrx_word' id='word_1_418' title='bbox 2828 2532 3170 2601; x_wconf 79' lang='lat' dir='ltr'><strong>expurgatio,</strong></span> <span class='ocrx_word' id='word_1_419' title='bbox 3202 2544 3399 2600; x_wconf 87' lang='lat' dir='ltr'><strong>nempe</strong></span> <span class='ocrx_word' id='word_1_420' title='bbox 3445 2544 3545 2599; x_wconf 87' lang='lat' dir='ltr'><strong>per</strong></span> 
     </span>
    </p>
   </div>
   <div class='ocr_carea' id='block_1_58' title="bbox 1950 2626 2540 2695">
    <p class='ocr_par' dir='ltr' id='par_1_58' title="bbox 1950 2626 2540 2695">
     <span class='ocr_line' id='line_1_58' title="bbox 1950 2626 2540 2695; baseline 0.007 -18"><span class='ocrx_word' id='word_1_421' title='bbox 1950 2638 2150 2693; x_wconf 85' lang='lat' dir='ltr'><strong>aquam</strong></span> <span class='ocrx_word' id='word_1_422' title='bbox 2175 2635 2230 2679; x_wconf 92' lang='lat' dir='ltr'><strong>et</strong></span> <span class='ocrx_word' id='word_1_423' title='bbox 2258 2626 2540 2695; x_wconf 83' lang='lat' dir='ltr'><strong>spiritum.</strong></span> 
     </span>
    </p>
   </div>
   <div class='ocr_carea' id='block_1_59' title="bbox 1958 2830 3540 2905">
    <p class='ocr_par' dir='ltr' id='par_1_59' title="bbox 1958 2830 3540 2905">
     <span class='ocr_line' id='line_1_59' title="bbox 1958 2830 3540 2905; baseline -0.001 -19"><span class='ocrx_word' id='word_1_424' title='bbox 1958 2831 2210 2905; x_wconf 69' lang='lat' dir='ltr'><strong>Ejusdem</strong></span> <span class='ocrx_word' id='word_1_425' title='bbox 2250 2834 2319 2885; x_wconf 76' lang='lat' dir='ltr'><strong>ad</strong></span> <span class='ocrx_word' id='word_1_426' title='bbox 2344 2851 2427 2887; x_wconf 81' lang='lat' dir='ltr'><strong>eos</strong></span> <span class='ocrx_word' id='word_1_427' title='bbox 2457 2837 2546 2905; x_wconf 89' lang='lat' dir='ltr'><strong>qui</strong></span> <span class='ocrx_word' id='word_1_428' title='bbox 2581 2845 2845 2905; x_wconf 71' lang='lat' dir='ltr'><strong>quierunt,</strong></span> <span class='ocrx_word' id='word_1_429' title='bbox 2894 2847 3069 2889; x_wconf 86' lang='lat' dir='ltr'><strong>utrum</strong></span> <span class='ocrx_word' id='word_1_430' title='bbox 3099 2842 3285 2889; x_wconf 80' lang='lat' dir='ltr'><strong>sancta</strong></span> <span class='ocrx_word' id='word_1_431' title='bbox 3318 2830 3412 2885; x_wconf 86' lang='lat' dir='ltr'><strong>Dei</strong></span> <span class='ocrx_word' id='word_1_432' title='bbox 3438 2830 3540 2887; x_wconf 79' lang='lat' dir='ltr'><strong>Ce-</strong></span> 
     </span>
    </p>
   </div>
   <div class='ocr_carea' id='block_1_60' title="bbox 2024 2903 3537 2978">
    <p class='ocr_par' dir='ltr' id='par_1_60' title="bbox 2024 2903 3537 2978">
     <span class='ocr_line' id='line_1_60' title="bbox 2024 2903 3537 2978; baseline 0.001 -23"><span class='ocrx_word' id='word_1_433' title='bbox 2024 2903 2185 2955; x_wconf 69' lang='lat' dir='ltr'><strong>uitrix</strong></span> <span class='ocrx_word' id='word_1_434' title='bbox 2220 2908 2351 2957; x_wconf 78' lang='lat' dir='ltr'><strong>duas</strong></span> <span class='ocrx_word' id='word_1_435' title='bbox 2387 2903 2608 2961; x_wconf 76' lang='lat' dir='ltr'><strong>naturas</strong></span> <span class='ocrx_word' id='word_1_436' title='bbox 2628 2908 2890 2978; x_wconf 80' lang='lat' dir='ltr'><strong>genuerit.</strong></span> <span class='ocrx_word' id='word_1_437' title='bbox 2910 2916 2957 2959; x_wconf 86' lang='lat' dir='ltr'><strong>et</strong></span> <span class='ocrx_word' id='word_1_438' title='bbox 2986 2916 3164 2959; x_wconf 86' lang='lat' dir='ltr'><strong>utrum</strong></span> <span class='ocrx_word' id='word_1_439' title='bbox 3191 2906 3309 2958; x_wconf 80' lang='lat' dir='ltr'><strong>dua:</strong></span> <span class='ocrx_word' id='word_1_440' title='bbox 3328 2910 3537 2956; x_wconf 67' lang='lat' dir='ltr'><strong>natura</strong></span> 
     </span>
    </p>
   </div>
   <div class='ocr_carea' id='block_1_61' title="bbox 2020 2975 2965 3046">
    <p class='ocr_par' dir='ltr' id='par_1_61' title="bbox 2020 2975 2965 3046">
     <span class='ocr_line' id='line_1_61' title="bbox 2020 2975 2965 3046; baseline 0.003 -19"><span class='ocrx_word' id='word_1_441' title='bbox 2020 2975 2075 3027; x_wconf 84' lang='lat' dir='ltr'><strong>in</strong></span> <span class='ocrx_word' id='word_1_442' title='bbox 2107 2988 2263 3027; x_wconf 81' lang='lat' dir='ltr'><strong>cruce</strong></span> <span class='ocrx_word' id='word_1_443' title='bbox 2298 2975 2663 3046; x_wconf 52' lang='lat' dir='ltr'><strong>pependerint}</strong></span> <span class='ocrx_word' id='word_1_444' title='bbox 2709 2978 2841 3046; x_wconf 75' lang='lat' dir='ltr'><strong>Car.</strong></span> <span class='ocrx_word' id='word_1_445' title='bbox 2877 2979 2965 3032; x_wconf 86' lang='lat'><strong>99.</strong></span> 
     </span>
    </p>
   </div>
   <div class='ocr_carea' id='block_1_62' title="bbox 2021 3082 3535 3160">
    <p class='ocr_par' dir='ltr' id='par_1_62' title="bbox 2021 3082 3535 3160">
     <span class='ocr_line' id='line_1_62' title="bbox 2021 3082 3535 3160; baseline 0.005 -23"><span class='ocrx_word' id='word_1_446' title='bbox 2021 3082 2274 3141; x_wconf 82' lang='lat' dir='ltr'><strong>Factum.</strong></span> <span class='ocrx_word' id='word_1_447' title='bbox 2318 3094 2371 3139; x_wconf 81' lang='lat' dir='ltr'><strong>et</strong></span> <span class='ocrx_word' id='word_1_448' title='bbox 2418 3102 2524 3139; x_wconf 89' lang='lat' dir='ltr'><strong>non</strong></span> <span class='ocrx_word' id='word_1_449' title='bbox 2557 3088 2793 3154; x_wconf 81' lang='lat' dir='ltr'><strong>factum,</strong></span> <span class='ocrx_word' id='word_1_450' title='bbox 2824 3089 2969 3160; x_wconf 89' lang='lat' dir='ltr'><strong>quod</strong></span> <span class='ocrx_word' id='word_1_451' title='bbox 3002 3098 3268 3153; x_wconf 86' lang='lat' dir='ltr'><strong>creatum,</strong></span> <span class='ocrx_word' id='word_1_452' title='bbox 3323 3089 3535 3145; x_wconf 84' lang='lat' dir='ltr'><strong>increa-</strong></span> 
     </span>
    </p>
   </div>
   <div class='ocr_carea' id='block_1_63' title="bbox 1952 3177 3530 3247">
    <p class='ocr_par' dir='ltr' id='par_1_63' title="bbox 1952 3177 3530 3247">
     <span class='ocr_line' id='line_1_63' title="bbox 1952 3177 3530 3247; baseline 0.006 -19"><span class='ocrx_word' id='word_1_453' title='bbox 1952 3184 2179 3245; x_wconf 78' lang='lat' dir='ltr'><strong>tumque</strong></span> <span class='ocrx_word' id='word_1_454' title='bbox 2206 3177 2500 3247; x_wconf 77' lang='lat' dir='ltr'><strong>significat,</strong></span> <span class='ocrx_word' id='word_1_455' title='bbox 2548 3178 2615 3235; x_wconf 85' lang='lat' dir='ltr'><strong>ad</strong></span> <span class='ocrx_word' id='word_1_456' title='bbox 2654 3190 2904 3237; x_wconf 83' lang='lat' dir='ltr'><strong>naturam</strong></span> <span class='ocrx_word' id='word_1_457' title='bbox 2957 3183 3216 3239; x_wconf 82' lang='lat' dir='ltr'><strong>refertur.</strong></span> <span class='ocrx_word' id='word_1_458' title='bbox 3271 3183 3530 3239; x_wconf 85' lang='lat' dir='ltr'><strong>Genitum</strong></span> 
     </span>
    </p>
   </div>
   <div class='ocr_carea' id='block_1_64' title="bbox 1949 3268 3535 3344">
    <p class='ocr_par' dir='ltr' id='par_1_64' title="bbox 1949 3268 3535 3344">
     <span class='ocr_line' id='line_1_64' title="bbox 1949 3268 3535 3344; baseline 0.007 -26"><span class='ocrx_word' id='word_1_459' title='bbox 1949 3276 2132 3319; x_wconf 88' lang='lat' dir='ltr'><strong>autem</strong></span> <span class='ocrx_word' id='word_1_460' title='bbox 2168 3274 2224 3321; x_wconf 89' lang='lat' dir='ltr'><strong>et</strong></span> <span class='ocrx_word' id='word_1_461' title='bbox 2268 3268 2570 3338; x_wconf 80' lang='lat' dir='ltr'><strong>ingenitum</strong></span> <span class='ocrx_word' id='word_1_462' title='bbox 2607 3288 2711 3325; x_wconf 89' lang='lat' dir='ltr'><strong>non</strong></span> <span class='ocrx_word' id='word_1_463' title='bbox 2761 3273 2828 3328; x_wconf 88' lang='lat' dir='ltr'><strong>ad</strong></span> <span class='ocrx_word' id='word_1_464' title='bbox 2862 3281 3138 3333; x_wconf 72' lang='lat' dir='ltr'><strong>naturam.</strong></span> <span class='ocrx_word' id='word_1_465' title='bbox 3174 3276 3268 3329; x_wconf 88' lang='lat' dir='ltr'><strong>sed</strong></span> <span class='ocrx_word' id='word_1_466' title='bbox 3309 3276 3374 3329; x_wconf 85' lang='lat' dir='ltr'><strong>ad</strong></span> <span class='ocrx_word' id='word_1_467' title='bbox 3411 3290 3535 3344; x_wconf 81' lang='lat' dir='ltr'><strong>per-</strong></span> 
     </span>
    </p>
   </div>
   <div class='ocr_carea' id='block_1_65' title="bbox 260 3356 1842 3436">
    <p class='ocr_par' dir='ltr' id='par_1_65' title="bbox 260 3356 1842 3436">
     <span class='ocr_line' id='line_1_65' title="bbox 260 3356 1842 3436; baseline 0.009 -28"><span class='ocrx_word' id='word_1_468' title='bbox 260 3356 378 3409; x_wconf 81' lang='grc' dir='ltr'><strong>ἅλλ⁹</strong></span> <span class='ocrx_word' id='word_1_469' title='bbox 426 3356 797 3423; x_wconf 81' lang='grc' dir='ltr'>ὑποστάσεως,</span> <span class='ocrx_word' id='word_1_470' title='bbox 831 3359 951 3430; x_wconf 74' lang='grc' dir='ltr'>ἦτοι</span> <span class='ocrx_word' id='word_1_471' title='bbox 998 3361 1060 3414; x_wconf 86' lang='lat' dir='ltr'><strong>rb</strong></span> <span class='ocrx_word' id='word_1_472' title='bbox 1113 3364 1187 3432; x_wconf 80' lang='grc' dir='ltr'>μὴ</span> <span class='ocrx_word' id='word_1_473' title='bbox 1237 3367 1590 3436; x_wconf 80' lang='grc' dir='ltr'>γεννηθῆναι,</span> <span class='ocrx_word' id='word_1_474' title='bbox 1639 3372 1733 3422; x_wconf 66' lang='grc' dir='ltr'><strong>καὶ</strong></span> <span class='ocrx_word' id='word_1_475' title='bbox 1784 3370 1842 3423; x_wconf 90' lang='lat' dir='ltr'><strong>rb</strong></span> 
     </span>
    </p>
   </div>
   <div class='ocr_carea' id='block_1_66' title="bbox 1949 3356 3531 3436">
    <p class='ocr_par' dir='ltr' id='par_1_66' title="bbox 1949 3358 3531 3433">
     <span class='ocr_line' id='line_1_66' title="bbox 1949 3358 3531 3433; baseline 0.008 -23"><span class='ocrx_word' id='word_1_476' title='bbox 1949 3371 2159 3412; x_wconf 82' lang='lat' dir='ltr'><strong>sonam.</strong></span> <span class='ocrx_word' id='word_1_477' title='bbox 2194 3358 2398 3415; x_wconf 86' lang='lat' dir='ltr'><strong>Natura</strong></span> <span class='ocrx_word' id='word_1_478' title='bbox 2438 3362 2604 3433; x_wconf 77' lang='lat' dir='ltr'><strong>igitur</strong></span> <span class='ocrx_word' id='word_1_479' title='bbox 2649 3366 2835 3421; x_wconf 85' lang='lat' dir='ltr'><strong>divina</strong></span> <span class='ocrx_word' id='word_1_480' title='bbox 2880 3369 3122 3422; x_wconf 81' lang='lat' dir='ltr'><strong>increata</strong></span> <span class='ocrx_word' id='word_1_481' title='bbox 3172 3378 3274 3422; x_wconf 89' lang='lat' dir='ltr'><strong>est.</strong></span> <span class='ocrx_word' id='word_1_482' title='bbox 3334 3368 3531 3423; x_wconf 87' lang='lat' dir='ltr'><strong>Omnia</strong></span> 
     </span>
    </p>
   </div>
   <div class='ocr_carea' id='block_1_67' title="bbox 260 3445 1842 3532">
    <p class='ocr_par' dir='ltr' id='par_1_67' title="bbox 260 3445 1842 3523">
     <span class='ocr_line' id='line_1_67' title="bbox 260 3445 1842 3523; baseline 0.011 -27"><span class='ocrx_word' id='word_1_483' title='bbox 260 3445 615 3516; x_wconf 72' lang='grc' dir='ltr'>γεννηθῆναι,</span> <span class='ocrx_word' id='word_1_484' title='bbox 647 3447 792 3518; x_wconf 72' lang='grc' dir='ltr'>ἅπερ</span> <span class='ocrx_word' id='word_1_485' title='bbox 824 3450 914 3502; x_wconf 80' lang='grc' dir='ltr'><strong>διὰ</strong></span> <span class='ocrx_word' id='word_1_486' title='bbox 941 3450 1048 3504; x_wconf 86' lang='grc' dir='ltr'>τῶν</span> <span class='ocrx_word' id='word_1_487' title='bbox 1073 3451 1166 3505; x_wconf 81' lang='grc' dir='ltr'><strong>δύο</strong></span> <span class='ocrx_word' id='word_1_488' title='bbox 1212 3471 1272 3505; x_wconf 90' lang='grc' dir='ltr'><strong>νν</strong></span> <span class='ocrx_word' id='word_1_489' title='bbox 1302 3456 1620 3523; x_wconf 68' lang='grc' dir='ltr'>ὲκφὶρεται.</span> <span class='ocrx_word' id='word_1_490' title='bbox 1652 3457 1842 3513; x_wconf 80' lang='grc' dir='ltr'>Ἔστιν</span> 
     </span>
    </p>
   </div>
   <div class='ocr_carea' id='block_1_68' title="bbox 1949 3445 3525 3532">
    <p class='ocr_par' dir='ltr' id='par_1_68' title="bbox 1949 3457 3525 3532">
     <span class='ocr_line' id='line_1_68' title="bbox 1949 3457 3525 3532; baseline 0.01 -31"><span class='ocrx_word' id='word_1_491' title='bbox 1949 3464 2079 3503; x_wconf 80' lang='lat' dir='ltr'><strong>vero</strong></span> <span class='ocrx_word' id='word_1_492' title='bbox 2114 3460 2239 3520; x_wconf 90' lang='lat' dir='ltr'><strong>post</strong></span> <span class='ocrx_word' id='word_1_493' title='bbox 2271 3463 2526 3510; x_wconf 80' lang='lat' dir='ltr'><strong>naturam</strong></span> <span class='ocrx_word' id='word_1_494' title='bbox 2557 3457 2798 3513; x_wconf 83' lang='lat' dir='ltr'><strong>divinam</strong></span> <span class='ocrx_word' id='word_1_495' title='bbox 2861 3459 3000 3515; x_wconf 79' lang='lat' dir='ltr'><strong>facta</strong></span> <span class='ocrx_word' id='word_1_496' title='bbox 3036 3471 3331 3532; x_wconf 67' lang='lat' dir='ltr'><strong>creamque</strong></span> <span class='ocrx_word' id='word_1_497' title='bbox 3378 3473 3525 3517; x_wconf 90' lang='lat' dir='ltr'><strong>sunt.</strong></span> 
     </span>
    </p>
   </div>
   <div class='ocr_carea' id='block_1_69' title="bbox 260 3534 1842 3623">
    <p class='ocr_par' dir='ltr' id='par_1_69' title="bbox 260 3534 1842 3615">
     <span class='ocr_line' id='line_1_69' title="bbox 260 3534 1842 3615; baseline 0.009 -23"><span class='ocrx_word' id='word_1_498' title='bbox 260 3534 356 3592; x_wconf 82' lang='grc' dir='ltr'>οὖν</span> <span class='ocrx_word' id='word_1_499' title='bbox 382 3540 513 3609; x_wconf 78' lang='grc' dir='ltr'>ἡμῖν</span> <span class='ocrx_word' id='word_1_500' title='bbox 535 3540 655 3594; x_wconf 79' lang='grc' dir='ltr'>θεία</span> <span class='ocrx_word' id='word_1_501' title='bbox 689 3544 853 3610; x_wconf 78' lang='grc' dir='ltr'>φύσις</span> <span class='ocrx_word' id='word_1_502' title='bbox 880 3543 1167 3612; x_wconf 76' lang='grc' dir='ltr'>ἀγένητος,</span> <span class='ocrx_word' id='word_1_503' title='bbox 1205 3547 1322 3615; x_wconf 72' lang='grc' dir='ltr'>ἦτοι</span> <span class='ocrx_word' id='word_1_504' title='bbox 1351 3548 1547 3600; x_wconf 76' lang='grc' dir='ltr'>άκτιστ</span> <span class='ocrx_word' id='word_1_505' title='bbox 1582 3567 1629 3613; x_wconf 89' lang='grc' dir='ltr'>ς.</span> <span class='ocrx_word' id='word_1_506' title='bbox 1659 3552 1842 3606; x_wconf 85' lang='grc' dir='ltr'>Πάντα</span> 
     </span>
    </p>
   </div>
   <div class='ocr_carea' id='block_1_70' title="bbox 1949 3534 3528 3623">
    <p class='ocr_par' dir='ltr' id='par_1_70' title="bbox 1949 3538 3528 3623">
     <span class='ocr_line' id='line_1_70' title="bbox 1949 3538 3528 3623; baseline 0.01 -29"><span class='ocrx_word' id='word_1_507' title='bbox 1949 3538 2135 3611; x_wconf 76' lang='lat' dir='ltr'><strong>Itaque</strong></span> <span class='ocrx_word' id='word_1_508' title='bbox 2190 3545 2245 3598; x_wconf 91' lang='lat' dir='ltr'><strong>in</strong></span> <span class='ocrx_word' id='word_1_509' title='bbox 2290 3555 2485 3601; x_wconf 77' lang='lat' dir='ltr'><strong>natura</strong></span> <span class='ocrx_word' id='word_1_510' title='bbox 2530 3548 2714 3603; x_wconf 76' lang='lat' dir='ltr'><strong>divina</strong></span> <span class='ocrx_word' id='word_1_511' title='bbox 2755 3561 2918 3620; x_wconf 87' lang='lat' dir='ltr'><strong>atque</strong></span> <span class='ocrx_word' id='word_1_512' title='bbox 2944 3556 3185 3608; x_wconf 83' lang='lat' dir='ltr'><strong>Increata</strong></span> <span class='ocrx_word' id='word_1_513' title='bbox 3223 3556 3528 3623; x_wconf 86' lang='lat' dir='ltr'><strong>ingenitum</strong></span> 
     </span>
    </p>
   </div>
   <div class='ocr_carea' id='block_1_71' title="bbox 258 3632 1837 3710">
    <p class='ocr_par' dir='ltr' id='par_1_71' title="bbox 258 3632 1837 3710">
     <span class='ocr_line' id='line_1_71' title="bbox 258 3632 1837 3710; baseline 0.009 -26"><span class='ocrx_word' id='word_1_514' title='bbox 258 3632 319 3684; x_wconf 82' lang='grc' dir='ltr'><strong>δὲ</strong></span> <span class='ocrx_word' id='word_1_515' title='bbox 350 3633 418 3686; x_wconf 82' lang='grc' dir='ltr'>τὰ</span> <span class='ocrx_word' id='word_1_516' title='bbox 467 3633 604 3701; x_wconf 81' lang='grc' dir='ltr'>μετὰ</span> <span class='ocrx_word' id='word_1_517' title='bbox 649 3634 752 3705; x_wconf 78' lang='grc' dir='ltr'>τὴν</span> <span class='ocrx_word' id='word_1_518' title='bbox 804 3633 960 3688; x_wconf 77' lang='grc' dir='ltr'>θείαν</span> <span class='ocrx_word' id='word_1_519' title='bbox 996 3636 1160 3703; x_wconf 82' lang='grc' dir='ltr'>φύσιν</span> <span class='ocrx_word' id='word_1_520' title='bbox 1194 3640 1420 3709; x_wconf 70' lang='grc' dir='ltr'>γενητὰ,</span> <span class='ocrx_word' id='word_1_521' title='bbox 1457 3640 1577 3710; x_wconf 67' lang='grc' dir='ltr'>ἦτοι</span> <span class='ocrx_word' id='word_1_522' title='bbox 1622 3640 1837 3699; x_wconf 86' lang='grc' dir='ltr'>κτιστά.</span> 
     </span>
    </p>
   </div>
   <div class='ocr_carea' id='block_1_72' title="bbox 260 3725 1841 3804">
    <p class='ocr_par' dir='ltr' id='par_1_72' title="bbox 260 3725 1841 3804">
     <span class='ocr_line' id='line_1_72' title="bbox 260 3725 1841 3804; baseline 0.009 -28"><span class='ocrx_word' id='word_1_523' title='bbox 260 3725 566 3794; x_wconf 82' lang='grc' dir='ltr'>Θεωρεῖται</span> <span class='ocrx_word' id='word_1_524' title='bbox 600 3728 783 3780; x_wconf 86' lang='grc' dir='ltr'>τοίνυν</span> <span class='ocrx_word' id='word_1_525' title='bbox 814 3728 873 3780; x_wconf 74' lang='grc' dir='ltr'>ιν</span> <span class='ocrx_word' id='word_1_526' title='bbox 904 3731 968 3800; x_wconf 75' lang='grc' dir='ltr'><strong>τῇ</strong></span> <span class='ocrx_word' id='word_1_527' title='bbox 1009 3729 1131 3802; x_wconf 82' lang='grc' dir='ltr'>θείᾳ</span> <span class='ocrx_word' id='word_1_528' title='bbox 1175 3733 1272 3786; x_wconf 77' lang='grc' dir='ltr'><strong>καὶ</strong></span> <span class='ocrx_word' id='word_1_529' title='bbox 1300 3733 1542 3804; x_wconf 81' lang='grc' dir='ltr'>άκτίστῳ</span> <span class='ocrx_word' id='word_1_530' title='bbox 1575 3739 1735 3803; x_wconf 76' lang='grc' dir='ltr'>φύσει</span> <span class='ocrx_word' id='word_1_531' title='bbox 1778 3737 1841 3790; x_wconf 81' lang='lat' dir='ltr'><strong>rb</strong></span> 
     </span>
    </p>
   </div>
   <div class='ocr_carea' id='block_1_73' title="bbox 264 3820 1837 3899">
    <p class='ocr_par' dir='ltr' id='par_1_73' title="bbox 264 3820 1837 3899">
     <span class='ocr_line' id='line_1_73' title="bbox 264 3820 1837 3899; baseline 0.006 -26"><span class='ocrx_word' id='word_1_532' title='bbox 264 3821 365 3889; x_wconf 80' lang='grc' dir='ltr'>μὲν</span> <span class='ocrx_word' id='word_1_533' title='bbox 396 3820 696 3889; x_wconf 75' lang='grc' dir='ltr'>ἀγέννητον</span> <span class='ocrx_word' id='word_1_534' title='bbox 727 3823 786 3874; x_wconf 76' lang='grc' dir='ltr'>ἐν</span> <span class='ocrx_word' id='word_1_535' title='bbox 818 3822 897 3892; x_wconf 82' lang='grc' dir='ltr'><strong>τῷ</strong></span> <span class='ocrx_word' id='word_1_536' title='bbox 947 3823 1139 3890; x_wconf 56' lang='lat' dir='ltr'><strong>(largi,</strong></span> <span class='ocrx_word' id='word_1_537' title='bbox 1175 3825 1237 3876; x_wconf 84' lang='grc' dir='ltr'><strong>ού</strong></span> <span class='ocrx_word' id='word_1_538' title='bbox 1288 3826 1397 3897; x_wconf 81' lang='grc' dir='ltr'><strong>γάρ</strong></span> <span class='ocrx_word' id='word_1_539' title='bbox 1448 3828 1739 3899; x_wconf 74' lang='grc' dir='ltr'>ἐγεννήθη,</span> <span class='ocrx_word' id='word_1_540' title='bbox 1772 3831 1837 3884; x_wconf 87' lang='lat' dir='ltr'><strong>rb</strong></span> 
     </span>
    </p>
   </div>
   <div class='ocr_carea' id='block_1_74' title="bbox 258 3911 1839 3992">
    <p class='ocr_par' dir='ltr' id='par_1_74' title="bbox 258 3911 1839 3992">
     <span class='ocr_line' id='line_1_74' title="bbox 258 3911 1839 3992; baseline 0.009 -29"><span class='ocrx_word' id='word_1_541' title='bbox 258 3911 317 3964; x_wconf 73' lang='grc' dir='ltr'><strong>δὲ</strong></span> <span class='ocrx_word' id='word_1_542' title='bbox 353 3914 612 3982; x_wconf 80' lang='grc' dir='ltr'>γεννητὸν</span> <span class='ocrx_word' id='word_1_543' title='bbox 660 3914 721 3966; x_wconf 80' lang='grc' dir='ltr'>ὲν</span> <span class='ocrx_word' id='word_1_544' title='bbox 763 3913 842 3984; x_wconf 83' lang='grc' dir='ltr'><strong>τῷ</strong></span> <span class='ocrx_word' id='word_1_545' title='bbox 882 3913 1018 3985; x_wconf 85' lang='grc' dir='ltr'><strong>Υίῷ,</strong></span> <span class='ocrx_word' id='word_1_546' title='bbox 1047 3918 1111 3969; x_wconf 83' lang='grc' dir='ltr'><strong>ὲκ</strong></span> <span class='ocrx_word' id='word_1_547' title='bbox 1138 3917 1351 3986; x_wconf 71' lang='grc' dir='ltr'>Πατρός</span> <span class='ocrx_word' id='word_1_548' title='bbox 1392 3919 1502 3989; x_wconf 78' lang='grc' dir='ltr'><strong>γάρ</strong></span> <span class='ocrx_word' id='word_1_549' title='bbox 1536 3922 1722 3986; x_wconf 65' lang='lat' dir='ltr'><strong>eum;</strong></span> <span class='ocrx_word' id='word_1_550' title='bbox 1748 3940 1839 3992; x_wconf 81' lang='grc' dir='ltr'>γε·-</span> 
     </span>
    </p>
   </div>
   <div class='ocr_carea' id='block_1_75' title="bbox 259 4004 1836 4084">
    <p class='ocr_par' dir='ltr' id='par_1_75' title="bbox 259 4004 1836 4084">
     <span class='ocr_line' id='line_1_75' title="bbox 259 4004 1836 4084; baseline 0.011 -31"><span class='ocrx_word' id='word_1_551' title='bbox 259 4004 539 4071; x_wconf 80' lang='grc' dir='ltr'>γέννηται,</span> <span class='ocrx_word' id='word_1_552' title='bbox 575 4004 635 4058; x_wconf 85' lang='grc' dir='ltr'>τὸ</span> <span class='ocrx_word' id='word_1_553' title='bbox 669 4004 727 4058; x_wconf 79' lang='grc' dir='ltr'><strong>δὲ</strong></span> <span class='ocrx_word' id='word_1_554' title='bbox 771 4007 1105 4076; x_wconf 75' lang='grc' dir='ltr'>ὲκπορευτὸν</span> <span class='ocrx_word' id='word_1_555' title='bbox 1152 4008 1212 4060; x_wconf 74' lang='grc' dir='ltr'>ὲν</span> <span class='ocrx_word' id='word_1_556' title='bbox 1242 4008 1319 4078; x_wconf 83' lang='grc' dir='ltr'>τῷ</span> <span class='ocrx_word' id='word_1_557' title='bbox 1365 4010 1509 4081; x_wconf 80' lang='grc' dir='ltr'>ἁγίῳ</span> <span class='ocrx_word' id='word_1_558' title='bbox 1534 4010 1836 4084; x_wconf 82' lang='grc' dir='ltr'>Πνεύματι.</span> 
     </span>
    </p>
   </div>
   <div class='ocr_carea' id='block_1_76' title="bbox 271 4095 1840 4176">
    <p class='ocr_par' dir='ltr' id='par_1_76' title="bbox 271 4095 1840 4176">
     <span class='ocr_line' id='line_1_76' title="bbox 271 4095 1840 4176; baseline 0.007 -27"><span class='ocrx_word' id='word_1_559' title='bbox 271 4095 540 4149; x_wconf 73' lang='grc' dir='ltr'>Ἐκάττου</span> <span class='ocrx_word' id='word_1_560' title='bbox 577 4097 632 4152; x_wconf 78' lang='grc' dir='ltr'><strong>δὲ</strong></span> <span class='ocrx_word' id='word_1_561' title='bbox 658 4097 834 4161; x_wconf 79' lang='grc' dir='ltr'>ιίδους</span> <span class='ocrx_word' id='word_1_562' title='bbox 861 4098 1016 4164; x_wconf 79' lang='grc' dir='ltr'>ζώων</span> <span class='ocrx_word' id='word_1_563' title='bbox 1046 4099 1114 4152; x_wconf 82' lang='grc' dir='ltr'><strong>τά</strong></span> <span class='ocrx_word' id='word_1_564' title='bbox 1157 4102 1352 4171; x_wconf 84' lang='grc' dir='ltr'>πρῶτα</span> <span class='ocrx_word' id='word_1_565' title='bbox 1398 4103 1693 4176; x_wconf 77' lang='grc' dir='ltr'>ἀγέννητα,</span> <span class='ocrx_word' id='word_1_566' title='bbox 1723 4108 1840 4161; x_wconf 73' lang='grc' dir='ltr'><strong>ἀλλ’</strong></span> 
     </span>
    </p>
   </div>
   <div class='ocr_carea' id='block_1_77' title="bbox 258 4189 1834 4269">
    <p class='ocr_par' dir='ltr' id='par_1_77' title="bbox 258 4189 1834 4269">
     <span class='ocr_line' id='line_1_77' title="bbox 258 4189 1834 4269; baseline 0.006 -26"><span class='ocrx_word' id='word_1_567' title='bbox 258 4189 361 4243; x_wconf 71' lang='grc' dir='ltr'>οὐκ</span> <span class='ocrx_word' id='word_1_568' title='bbox 404 4190 664 4259; x_wconf 73' lang='grc' dir='ltr'>ἀγένητα.</span> <span class='ocrx_word' id='word_1_569' title='bbox 696 4190 963 4257; x_wconf 79' lang='grc' dir='ltr'>Γεγόνασι</span> <span class='ocrx_word' id='word_1_570' title='bbox 1013 4191 1121 4261; x_wconf 69' lang='grc' dir='ltr'><strong>γὰρ</strong></span> <span class='ocrx_word' id='word_1_571' title='bbox 1176 4193 1282 4245; x_wconf 84' lang='grc' dir='ltr'><strong>ὑπὸ</strong></span> <span class='ocrx_word' id='word_1_572' title='bbox 1339 4194 1434 4247; x_wconf 82' lang='grc' dir='ltr'>τοῦ</span> <span class='ocrx_word' id='word_1_573' title='bbox 1477 4195 1834 4269; x_wconf 72' lang='grc' dir='ltr'>δημιουργοῦ,</span> 
     </span>
    </p>
   </div>
   <div class='ocr_carea' id='block_1_78' title="bbox 257 4282 1838 4362">
    <p class='ocr_par' dir='ltr' id='par_1_78' title="bbox 257 4282 1838 4362">
     <span class='ocr_line' id='line_1_78' title="bbox 257 4282 1838 4362; baseline 0.006 -27"><span class='ocrx_word' id='word_1_574' title='bbox 257 4284 360 4336; x_wconf 79' lang='grc' dir='ltr'>οὐκ</span> <span class='ocrx_word' id='word_1_575' title='bbox 414 4282 785 4354; x_wconf 58' lang='grc' dir='ltr'>ἐγενήθησαν</span> <span class='ocrx_word' id='word_1_576' title='bbox 836 4283 892 4337; x_wconf 79' lang='grc' dir='ltr'><strong>δὲ</strong></span> <span class='ocrx_word' id='word_1_577' title='bbox 941 4285 1000 4352; x_wconf 71' lang='grc' dir='ltr'><strong>ἐξ</strong></span> <span class='ocrx_word' id='word_1_578' title='bbox 1053 4287 1273 4355; x_wconf 82' lang='grc' dir='ltr'>ὁμοίων.</span> <span class='ocrx_word' id='word_1_579' title='bbox 1308 4287 1527 4354; x_wconf 79' lang='grc' dir='ltr'>Γένεσις</span> <span class='ocrx_word' id='word_1_580' title='bbox 1579 4291 1677 4360; x_wconf 82' lang='grc' dir='ltr'>μὲν</span> <span class='ocrx_word' id='word_1_581' title='bbox 1727 4292 1838 4362; x_wconf 73' lang='grc' dir='ltr'><strong>γὰρ</strong></span> 
     </span>
    </p>
   </div>
   <div class='ocr_carea' id='block_1_79' title="bbox 257 4376 1834 4455">
    <p class='ocr_par' dir='ltr' id='par_1_79' title="bbox 257 4376 1834 4455">
     <span class='ocr_line' id='line_1_79' title="bbox 257 4376 1834 4455; baseline 0.007 -27"><span class='ocrx_word' id='word_1_582' title='bbox 257 4376 491 4440; x_wconf 76' lang='grc' dir='ltr'>κτίσεως</span> <span class='ocrx_word' id='word_1_583' title='bbox 544 4379 697 4431; x_wconf 69' lang='grc' dir='ltr'>ἐστι’</span> <span class='ocrx_word' id='word_1_584' title='bbox 738 4378 989 4446; x_wconf 83' lang='grc' dir='ltr'>γέννησις</span> <span class='ocrx_word' id='word_1_585' title='bbox 1017 4378 1074 4431; x_wconf 80' lang='grc' dir='ltr'><strong>δὲ</strong></span> <span class='ocrx_word' id='word_1_586' title='bbox 1124 4380 1218 4433; x_wconf 71' lang='grc' dir='ltr'><strong>ἐπὶ</strong></span> <span class='ocrx_word' id='word_1_587' title='bbox 1268 4382 1365 4450; x_wconf 78' lang='grc' dir='ltr'>μὲν</span> <span class='ocrx_word' id='word_1_588' title='bbox 1390 4382 1524 4436; x_wconf 78' lang='grc' dir='ltr'>Θεοῦ</span> <span class='ocrx_word' id='word_1_589' title='bbox 1557 4385 1621 4437; x_wconf 79' lang='grc' dir='ltr'><strong>ὲκ</strong></span> <span class='ocrx_word' id='word_1_590' title='bbox 1672 4385 1834 4455; x_wconf 86' lang='grc' dir='ltr'>μόνου</span> 
     </span>
    </p>
   </div>
   <div class='ocr_carea' id='block_1_80' title="bbox 257 4468 1834 4546">
    <p class='ocr_par' dir='ltr' id='par_1_80' title="bbox 257 4468 1834 4546">
     <span class='ocr_line' id='line_1_80' title="bbox 257 4468 1834 4546; baseline 0.006 -27"><span class='ocrx_word' id='word_1_591' title='bbox 257 4468 475 4538; x_wconf 82' lang='grc' dir='ltr'>Πατρὸς</span> <span class='ocrx_word' id='word_1_592' title='bbox 504 4469 791 4537; x_wconf 78' lang='grc' dir='ltr'>όμοουσῖου</span> <span class='ocrx_word' id='word_1_593' title='bbox 824 4469 956 4522; x_wconf 77' lang='grc' dir='ltr'>Υἱοῦ</span> <span class='ocrx_word' id='word_1_594' title='bbox 983 4469 1231 4539; x_wconf 81' lang='grc' dir='ltr'>πρόοδος,</span> <span class='ocrx_word' id='word_1_595' title='bbox 1253 4472 1344 4524; x_wconf 79' lang='grc' dir='ltr'><strong>ἐπὶ</strong></span> <span class='ocrx_word' id='word_1_596' title='bbox 1377 4473 1433 4526; x_wconf 82' lang='grc' dir='ltr'><strong>δὲ</strong></span> <span class='ocrx_word' id='word_1_597' title='bbox 1462 4474 1568 4526; x_wconf 81' lang='grc' dir='ltr'>τῶν</span> <span class='ocrx_word' id='word_1_598' title='bbox 1600 4479 1834 4546; x_wconf 84' lang='grc' dir='ltr'>κτισμά-</span> 
     </span>
    </p>
   </div>
   <div class='ocr_carea' id='block_1_81' title="bbox 1944 3632 3526 3717">
    <p class='ocr_par' dir='ltr' id='par_1_81' title="bbox 1944 3632 3526 3717">
     <span class='ocr_line' id='line_1_81' title="bbox 1944 3632 3526 3717; baseline 0.01 -32"><span class='ocrx_word' id='word_1_599' title='bbox 1944 3632 2167 3702; x_wconf 88' lang='lat' dir='ltr'><strong>quidem</strong></span> <span class='ocrx_word' id='word_1_600' title='bbox 2197 3636 2251 3689; x_wconf 93' lang='lat' dir='ltr'><strong>in</strong></span> <span class='ocrx_word' id='word_1_601' title='bbox 2285 3637 2443 3691; x_wconf 84' lang='lat' dir='ltr'><strong>Patre</strong></span> <span class='ocrx_word' id='word_1_602' title='bbox 2481 3640 2887 3709; x_wconf 84' lang='lat' dir='ltr'><strong>consideratur,</strong></span> <span class='ocrx_word' id='word_1_603' title='bbox 2934 3659 3114 3713; x_wconf 78' lang='lat' dir='ltr'><strong>neque</strong></span> <span class='ocrx_word' id='word_1_604' title='bbox 3135 3648 3279 3700; x_wconf 88' lang='lat' dir='ltr'><strong>enim</strong></span> <span class='ocrx_word' id='word_1_605' title='bbox 3306 3647 3526 3717; x_wconf 78' lang='lat' dir='ltr'><strong>genitus</strong></span> 
     </span>
    </p>
   </div>
   <div class='ocr_carea' id='block_1_82' title="bbox 1942 3721 3525 3793">
    <p class='ocr_par' dir='ltr' id='par_1_82' title="bbox 1942 3721 3525 3793">
     <span class='ocr_line' id='line_1_82' title="bbox 1942 3721 3525 3793; baseline 0.012 -23"><span class='ocrx_word' id='word_1_606' title='bbox 1942 3726 2047 3782; x_wconf 81' lang='lat' dir='ltr'><strong>est,</strong></span> <span class='ocrx_word' id='word_1_607' title='bbox 2089 3721 2336 3788; x_wconf 80' lang='lat' dir='ltr'><strong>genitum</strong></span> <span class='ocrx_word' id='word_1_608' title='bbox 2372 3734 2554 3779; x_wconf 84' lang='lat' dir='ltr'><strong>autem</strong></span> <span class='ocrx_word' id='word_1_609' title='bbox 2614 3728 2666 3781; x_wconf 92' lang='lat' dir='ltr'><strong>in</strong></span> <span class='ocrx_word' id='word_1_610' title='bbox 2706 3728 2863 3793; x_wconf 78' lang='lat' dir='ltr'><strong>Filio,</strong></span> <span class='ocrx_word' id='word_1_611' title='bbox 2921 3746 2988 3785; x_wconf 84' lang='lat' dir='ltr'><strong>ex</strong></span> <span class='ocrx_word' id='word_1_612' title='bbox 3036 3732 3195 3787; x_wconf 87' lang='lat' dir='ltr'><strong>Patre</strong></span> <span class='ocrx_word' id='word_1_613' title='bbox 3246 3736 3393 3788; x_wconf 89' lang='lat' dir='ltr'><strong>enim</strong></span> <span class='ocrx_word' id='word_1_614' title='bbox 3454 3736 3525 3789; x_wconf 85' lang='lat' dir='ltr'><strong>ab</strong></span> 
     </span>
    </p>
   </div>
   <div class='ocr_carea' id='block_1_83' title="bbox 1941 3812 3526 3883">
    <p class='ocr_par' dir='ltr' id='par_1_83' title="bbox 1941 3812 3526 3883">
     <span class='ocr_line' id='line_1_83' title="bbox 1941 3812 3526 3883; baseline 0.011 -20"><span class='ocrx_word' id='word_1_615' title='bbox 1941 3812 2248 3867; x_wconf 69' lang='lat' dir='ltr'><strong>aeternitate</strong></span> <span class='ocrx_word' id='word_1_616' title='bbox 2277 3817 2495 3883; x_wconf 85' lang='lat' dir='ltr'><strong>genitus</strong></span> <span class='ocrx_word' id='word_1_617' title='bbox 2517 3827 2621 3872; x_wconf 68' lang='lat' dir='ltr'><strong>est.</strong></span> <span class='ocrx_word' id='word_1_618' title='bbox 2650 3816 2964 3876; x_wconf 74' lang='lat' dir='ltr'><strong>Procedens</strong></span> <span class='ocrx_word' id='word_1_619' title='bbox 2990 3837 3122 3877; x_wconf 86' lang='lat' dir='ltr'><strong>vero</strong></span> <span class='ocrx_word' id='word_1_620' title='bbox 3140 3826 3526 3879; x_wconf 75' lang='lat' dir='ltr'><strong>consideratur</strong></span> 
     </span>
    </p>
   </div>
   <div class='ocr_carea' id='block_1_84' title="bbox 1944 3900 3520 3983">
    <p class='ocr_par' dir='ltr' id='par_1_84' title="bbox 1944 3900 3520 3983">
     <span class='ocr_line' id='line_1_84' title="bbox 1944 3900 3520 3983; baseline 0.013 -28"><span class='ocrx_word' id='word_1_621' title='bbox 1944 3900 2000 3955; x_wconf 81' lang='lat' dir='ltr'><strong>in</strong></span> <span class='ocrx_word' id='word_1_622' title='bbox 2061 3902 2270 3972; x_wconf 83' lang='lat' dir='ltr'><strong>Spiritu</strong></span> <span class='ocrx_word' id='word_1_623' title='bbox 2323 3919 2557 3961; x_wconf 82' lang='lat' dir='ltr'><strong>sancto.</strong></span> <span class='ocrx_word' id='word_1_624' title='bbox 2615 3910 2899 3980; x_wconf 84' lang='lat' dir='ltr'><strong>Cujusque</strong></span> <span class='ocrx_word' id='word_1_625' title='bbox 2947 3916 3151 3983; x_wconf 85' lang='lat' dir='ltr'><strong>speciei</strong></span> <span class='ocrx_word' id='word_1_626' title='bbox 3201 3917 3520 3976; x_wconf 78' lang='lat' dir='ltr'><strong>animalium</strong></span> 
     </span>
    </p>
   </div>
   <div class='ocr_carea' id='block_1_85' title="bbox 1944 3993 3521 4073">
    <p class='ocr_par' dir='ltr' id='par_1_85' title="bbox 1944 3993 3521 4073">
     <span class='ocr_line' id='line_1_85' title="bbox 1944 3993 3521 4073; baseline 0.012 -28"><span class='ocrx_word' id='word_1_627' title='bbox 1944 3993 2117 4061; x_wconf 89' lang='lat' dir='ltr'><strong>prima</strong></span> <span class='ocrx_word' id='word_1_628' title='bbox 2166 4007 2423 4064; x_wconf 80' lang='lat' dir='ltr'><strong>generata</strong></span> <span class='ocrx_word' id='word_1_629' title='bbox 2479 4016 2586 4054; x_wconf 91' lang='lat' dir='ltr'><strong>non</strong></span> <span class='ocrx_word' id='word_1_630' title='bbox 2633 4013 2797 4062; x_wconf 87' lang='lat' dir='ltr'><strong>sunt.</strong></span> <span class='ocrx_word' id='word_1_631' title='bbox 2850 4004 2919 4057; x_wconf 82' lang='lat' dir='ltr'><strong>ab</strong></span> <span class='ocrx_word' id='word_1_632' title='bbox 2953 4007 3149 4073; x_wconf 89' lang='lat' dir='ltr'><strong>opitice</strong></span> <span class='ocrx_word' id='word_1_633' title='bbox 3199 4011 3343 4062; x_wconf 89' lang='lat' dir='ltr'><strong>enim</strong></span> <span class='ocrx_word' id='word_1_634' title='bbox 3378 4010 3521 4065; x_wconf 72' lang='lat' dir='ltr'><strong>facta</strong></span> 
     </span>
    </p>
   </div>
   <div class='ocr_carea' id='block_1_86' title="bbox 1940 4087 3519 4180">
    <p class='ocr_par' dir='ltr' id='par_1_86' title="bbox 1940 4087 3519 4180">
     <span class='ocr_line' id='line_1_86' title="bbox 1940 4087 3519 4180; baseline 0.011 -39"><span class='ocrx_word' id='word_1_635' title='bbox 1940 4100 2070 4142; x_wconf 87' lang='lat' dir='ltr'><strong>sunt</strong></span> <span class='ocrx_word' id='word_1_636' title='bbox 2105 4087 2236 4155; x_wconf 85' lang='lat' dir='ltr'><strong>Deo,</strong></span> <span class='ocrx_word' id='word_1_637' title='bbox 2280 4106 2387 4145; x_wconf 91' lang='lat' dir='ltr'><strong>non</strong></span> <span class='ocrx_word' id='word_1_638' title='bbox 2415 4106 2596 4148; x_wconf 86' lang='lat' dir='ltr'><strong>autem</strong></span> <span class='ocrx_word' id='word_1_639' title='bbox 2629 4110 2697 4149; x_wconf 78' lang='lat' dir='ltr'><strong>ex</strong></span> <span class='ocrx_word' id='word_1_640' title='bbox 2733 4097 3010 4153; x_wconf 88' lang='lat' dir='ltr'><strong>similibus</strong></span> <span class='ocrx_word' id='word_1_641' title='bbox 3052 4110 3339 4170; x_wconf 74' lang='lat' dir='ltr'><strong>prognata.</strong></span> <span class='ocrx_word' id='word_1_642' title='bbox 3374 4101 3519 4180; x_wconf 78' lang='lat' dir='ltr'><strong>Fieri</strong></span> 
     </span>
    </p>
   </div>
   <div class='ocr_carea' id='block_1_87' title="bbox 1939 4181 3518 4260">
    <p class='ocr_par' dir='ltr' id='par_1_87' title="bbox 1939 4181 3518 4260">
     <span class='ocr_line' id='line_1_87' title="bbox 1939 4181 3518 4260; baseline 0.014 -31"><span class='ocrx_word' id='word_1_643' title='bbox 1939 4181 2087 4231; x_wconf 75' lang='lat' dir='ltr'><strong>c.an</strong></span> <span class='ocrx_word' id='word_1_644' title='bbox 2125 4181 2190 4233; x_wconf 87' lang='lat' dir='ltr'><strong>ad</strong></span> <span class='ocrx_word' id='word_1_645' title='bbox 2243 4198 2330 4237; x_wconf 85' lang='lat' dir='ltr'><strong>res</strong></span> <span class='ocrx_word' id='word_1_646' title='bbox 2389 4186 2626 4254; x_wconf 63' lang='lat' dir='ltr'><strong>pertinet</strong></span> <span class='ocrx_word' id='word_1_647' title='bbox 2672 4199 3005 4258; x_wconf 87' lang='lat' dir='ltr'><strong>procreatas.</strong></span> <span class='ocrx_word' id='word_1_648' title='bbox 3034 4191 3192 4260; x_wconf 78' lang='lat' dir='ltr'><strong>Gigni</strong></span> <span class='ocrx_word' id='word_1_649' title='bbox 3228 4204 3410 4250; x_wconf 90' lang='lat' dir='ltr'><strong>autem</strong></span> <span class='ocrx_word' id='word_1_650' title='bbox 3451 4195 3518 4251; x_wconf 85' lang='lat' dir='ltr'><strong>ad</strong></span> 
     </span>
    </p>
   </div>
   <div class='ocr_carea' id='block_1_88' title="bbox 1940 4269 3517 4357">
    <p class='ocr_par' dir='ltr' id='par_1_88' title="bbox 1940 4269 3517 4357">
     <span class='ocr_line' id='line_1_88' title="bbox 1940 4269 3517 4357; baseline 0.015 -35"><span class='ocrx_word' id='word_1_651' title='bbox 1940 4269 2116 4325; x_wconf 86' lang='lat' dir='ltr'><strong>Deum</strong></span> <span class='ocrx_word' id='word_1_652' title='bbox 2146 4272 2364 4339; x_wconf 78' lang='lat' dir='ltr'><strong>Filium,</strong></span> <span class='ocrx_word' id='word_1_653' title='bbox 2401 4279 2494 4345; x_wconf 90' lang='lat' dir='ltr'><strong>qui</strong></span> <span class='ocrx_word' id='word_1_654' title='bbox 2534 4294 2599 4333; x_wconf 83' lang='lat' dir='ltr'><strong>ex</strong></span> <span class='ocrx_word' id='word_1_655' title='bbox 2649 4282 2766 4336; x_wconf 85' lang='lat' dir='ltr'><strong>solo</strong></span> <span class='ocrx_word' id='word_1_656' title='bbox 2799 4283 2957 4338; x_wconf 86' lang='lat' dir='ltr'><strong>Patre</strong></span> <span class='ocrx_word' id='word_1_657' title='bbox 2986 4286 3234 4357; x_wconf 87' lang='lat' dir='ltr'><strong>ejusdem</strong></span> <span class='ocrx_word' id='word_1_658' title='bbox 3263 4291 3517 4345; x_wconf 72' lang='lat' dir='ltr'><strong>essentia:</strong></span> 
     </span>
    </p>
   </div>
   <div class='ocr_carea' id='block_1_89' title="bbox 1938 4366 3519 4450">
    <p class='ocr_par' dir='ltr' id='par_1_89' title="bbox 1938 4366 3519 4450">
     <span class='ocr_line' id='line_1_89' title="bbox 1938 4366 3519 4450; baseline 0.013 -37"><span class='ocrx_word' id='word_1_659' title='bbox 1938 4366 2154 4430; x_wconf 81' lang='lat' dir='ltr'><strong>genitus</strong></span> <span class='ocrx_word' id='word_1_660' title='bbox 2205 4374 2310 4420; x_wconf 89' lang='lat' dir='ltr'><strong>est.</strong></span> <span class='ocrx_word' id='word_1_661' title='bbox 2361 4367 2497 4435; x_wconf 67' lang='lat' dir='ltr'><strong>Ipsae</strong></span> <span class='ocrx_word' id='word_1_662' title='bbox 2529 4385 2657 4424; x_wconf 88' lang='lat' dir='ltr'><strong>vero</strong></span> <span class='ocrx_word' id='word_1_663' title='bbox 2709 4388 2797 4427; x_wconf 89' lang='lat' dir='ltr'><strong>res</strong></span> <span class='ocrx_word' id='word_1_664' title='bbox 2826 4386 3126 4444; x_wconf 63' lang='lat' dir='ltr'><strong>procreatae</strong></span> <span class='ocrx_word' id='word_1_665' title='bbox 3174 4393 3240 4433; x_wconf 78' lang='lat' dir='ltr'><strong>ex</strong></span> <span class='ocrx_word' id='word_1_666' title='bbox 3290 4382 3519 4450; x_wconf 87' lang='lat' dir='ltr'><strong>conjun-</strong></span> 
     </span>
    </p>
   </div>
   <div class='ocr_carea' id='block_1_90' title="bbox 1938 4453 3518 4539">
    <p class='ocr_par' dir='ltr' id='par_1_90' title="bbox 1938 4453 3518 4539">
     <span class='ocr_line' id='line_1_90' title="bbox 1938 4453 3518 4539; baseline 0.015 -33"><span class='ocrx_word' id='word_1_667' title='bbox 1938 4453 2119 4509; x_wconf 88' lang='lat' dir='ltr'><strong>ctione</strong></span> <span class='ocrx_word' id='word_1_668' title='bbox 2174 4458 2342 4512; x_wconf 86' lang='lat' dir='ltr'><strong>maris</strong></span> <span class='ocrx_word' id='word_1_669' title='bbox 2377 4469 2434 4514; x_wconf 92' lang='lat' dir='ltr'><strong>et</strong></span> <span class='ocrx_word' id='word_1_670' title='bbox 2465 4460 2682 4517; x_wconf 69' lang='lat' dir='ltr'><strong>feminae</strong></span> <span class='ocrx_word' id='word_1_671' title='bbox 2714 4479 3046 4534; x_wconf 82' lang='lat' dir='ltr'><strong>generantur</strong></span> <span class='ocrx_word' id='word_1_672' title='bbox 3086 4486 3375 4539; x_wconf 79' lang='lat' dir='ltr'><strong>personam</strong></span> <span class='ocrx_word' id='word_1_673' title='bbox 3420 4478 3518 4529; x_wconf 87' lang='lat' dir='ltr'><strong>ha-</strong></span> 
     </span>
    </p>
   </div>
   <div class='ocr_carea' id='block_1_91' title="bbox 254 4544 1842 4639">
    <p class='ocr_par' dir='ltr' id='par_1_91' title="bbox 254 4544 1802 4634">
     <span class='ocr_line' id='line_1_91' title="bbox 254 4544 1802 4634; baseline 0.004 -20"><span class='ocrx_word' id='word_1_674' title='bbox 254 4578 366 4615; x_wconf 83' lang='grc' dir='ltr'><strong>των</strong></span> <span class='ocrx_word' id='word_1_675' title='bbox 394 4564 429 4630; x_wconf 73' lang='grc' dir='ltr'><strong>ἡ</strong></span> <span class='ocrx_word' id='word_1_676' title='bbox 470 4563 531 4613; x_wconf 79' lang='grc' dir='ltr'><strong>ὲκ</strong></span> <span class='ocrx_word' id='word_1_677' title='bbox 561 4563 857 4629; x_wconf 78' lang='grc' dir='ltr'>συναφείας</span> <span class='ocrx_word' id='word_1_678' title='bbox 901 4562 1131 4631; x_wconf 69' lang='grc' dir='ltr'>ἄρρενος</span> <span class='ocrx_word' id='word_1_679' title='bbox 1178 4580 1237 4614; x_wconf 89' lang='grc' dir='ltr'><strong>τε</strong></span> <span class='ocrx_word' id='word_1_680' title='bbox 1268 4564 1362 4616; x_wconf 78' lang='grc' dir='ltr'><strong>καὶ</strong></span> <span class='ocrx_word' id='word_1_681' title='bbox 1390 4563 1609 4631; x_wconf 79' lang='grc' dir='ltr'>θηλείας</span> <span class='ocrx_word' id='word_1_682' title='bbox 1638 4544 1802 4634; x_wconf 49' lang='grc' dir='ltr'>ὀρείου</span> 
     </span>
    </p>
   </div>
   <div class='ocr_carea' id='block_1_92' title="bbox 1949 4544 3514 4639">
    <p class='ocr_par' dir='ltr' id='par_1_92' title="bbox 1949 4545 3514 4639">
     <span class='ocr_line' id='line_1_92' title="bbox 1949 4545 3514 4639; baseline 0.015 -40"><span class='ocrx_word' id='word_1_683' title='bbox 1949 4545 2132 4602; x_wconf 86' lang='lat' dir='ltr'><strong>bentes</strong></span> <span class='ocrx_word' id='word_1_684' title='bbox 2158 4549 2403 4617; x_wconf 79' lang='lat' dir='ltr'><strong>ejusdem</strong></span> <span class='ocrx_word' id='word_1_685' title='bbox 2431 4558 2703 4611; x_wconf 72' lang='lat' dir='ltr'><strong>essentne.</strong></span> <span class='ocrx_word' id='word_1_686' title='bbox 2728 4558 2805 4612; x_wconf 79' lang='lat' dir='ltr'><strong>Ex</strong></span> <span class='ocrx_word' id='word_1_687' title='bbox 2831 4574 2940 4625; x_wconf 84' lang='lat' dir='ltr'><strong>quo</strong></span> <span class='ocrx_word' id='word_1_688' title='bbox 2964 4559 3341 4633; x_wconf 82' lang='lat' dir='ltr'><strong>intelligimus,</strong></span> <span class='ocrx_word' id='word_1_689' title='bbox 3366 4568 3514 4639; x_wconf 82' lang='lat' dir='ltr'><strong>gigni</strong></span> 
     </span>
    </p>
   </div>
   <div class='ocr_carea' id='block_1_93' title="bbox 258 4651 1831 4725">
    <p class='ocr_par' dir='ltr' id='par_1_93' title="bbox 258 4651 1831 4725">
     <span class='ocr_line' id='line_1_93' title="bbox 258 4651 1831 4725; baseline 0.004 -19"><span class='ocrx_word' id='word_1_690' title='bbox 258 4653 375 4706; x_wconf 84' lang='grc' dir='ltr'>σίου</span> <span class='ocrx_word' id='word_1_691' title='bbox 428 4652 780 4715; x_wconf 75' lang='grc' dir='ltr'>ὑποστάσεως</span> <span class='ocrx_word' id='word_1_692' title='bbox 825 4652 1074 4722; x_wconf 83' lang='grc' dir='ltr'>πρόοδος.</span> <span class='ocrx_word' id='word_1_693' title='bbox 1127 4651 1289 4707; x_wconf 62' lang='grc' dir='ltr'>Ὅθεν</span> <span class='ocrx_word' id='word_1_694' title='bbox 1339 4655 1704 4725; x_wconf 72' lang='grc' dir='ltr'>γινώσκομεν,</span> <span class='ocrx_word' id='word_1_695' title='bbox 1754 4658 1831 4723; x_wconf 86' lang='grc' dir='ltr'>ὡς</span> 
     </span>
    </p>
   </div>
   <div class='ocr_carea' id='block_1_94' title="bbox 253 4745 1829 4815">
    <p class='ocr_par' dir='ltr' id='par_1_94' title="bbox 253 4745 1829 4815">
     <span class='ocr_line' id='line_1_94' title="bbox 253 4745 1829 4815; baseline 0.005 -16"><span class='ocrx_word' id='word_1_696' title='bbox 253 4746 356 4799; x_wconf 78' lang='grc' dir='ltr'><strong>οὐκ</strong></span> <span class='ocrx_word' id='word_1_697' title='bbox 404 4745 520 4799; x_wconf 75' lang='grc' dir='ltr'>ἐστι</span> <span class='ocrx_word' id='word_1_698' title='bbox 570 4745 785 4815; x_wconf 74' lang='grc' dir='ltr'>φύσεως</span> <span class='ocrx_word' id='word_1_699' title='bbox 827 4746 888 4798; x_wconf 88' lang='lat' dir='ltr'><strong>rb</strong></span> <span class='ocrx_word' id='word_1_700' title='bbox 942 4747 1261 4813; x_wconf 78' lang='grc' dir='ltr'>γεννᾶσθαι,</span> <span class='ocrx_word' id='word_1_701' title='bbox 1301 4748 1417 4799; x_wconf 79' lang='grc' dir='ltr'><strong>ἀλλ’</strong></span> <span class='ocrx_word' id='word_1_702' title='bbox 1454 4750 1829 4815; x_wconf 78' lang='grc' dir='ltr'>ὑποστάσεως.</span> 
     </span>
    </p>
   </div>
   <div class='ocr_carea' id='block_1_95' title="bbox 256 4832 1829 4913">
    <p class='ocr_par' dir='ltr' id='par_1_95' title="bbox 256 4832 1829 4913">
     <span class='ocr_line' id='line_1_95' title="bbox 256 4832 1829 4913; baseline 0.004 -21"><span class='ocrx_word' id='word_1_703' title='bbox 256 4838 319 4892; x_wconf 76' lang='lat' dir='ltr'><strong>Ei</strong></span> <span class='ocrx_word' id='word_1_704' title='bbox 353 4841 461 4906; x_wconf 72' lang='grc' dir='ltr'>γὰρ</span> <span class='ocrx_word' id='word_1_705' title='bbox 511 4838 723 4904; x_wconf 74' lang='grc' dir='ltr'>φύσεως</span> <span class='ocrx_word' id='word_1_706' title='bbox 771 4832 863 4909; x_wconf 78' lang='grc' dir='ltr'>ἦν,</span> <span class='ocrx_word' id='word_1_707' title='bbox 896 4840 996 4891; x_wconf 74' lang='grc' dir='ltr'><strong>οὐκ</strong></span> <span class='ocrx_word' id='word_1_708' title='bbox 1046 4840 1120 4892; x_wconf 81' lang='grc' dir='ltr'>ἂν</span> <span class='ocrx_word' id='word_1_709' title='bbox 1157 4840 1215 4892; x_wconf 63' lang='grc' dir='ltr'>ἐν</span> <span class='ocrx_word' id='word_1_710' title='bbox 1260 4842 1327 4911; x_wconf 82' lang='grc' dir='ltr'>τῇ</span> <span class='ocrx_word' id='word_1_711' title='bbox 1378 4843 1514 4913; x_wconf 74' lang='grc' dir='ltr'>αὐτῇ</span> <span class='ocrx_word' id='word_1_712' title='bbox 1568 4846 1730 4911; x_wconf 77' lang='grc' dir='ltr'>φύσει</span> <span class='ocrx_word' id='word_1_713' title='bbox 1768 4846 1829 4899; x_wconf 79' lang='lat' dir='ltr'><strong>rb</strong></span> 
     </span>
    </p>
   </div>
   <div class='ocr_carea' id='block_1_96' title="bbox 251 4930 1828 5004">
    <p class='ocr_par' dir='ltr' id='par_1_96' title="bbox 251 4930 1828 5004">
     <span class='ocr_line' id='line_1_96' title="bbox 251 4930 1828 5004; baseline 0.005 -21"><span class='ocrx_word' id='word_1_714' title='bbox 251 4932 514 5000; x_wconf 74' lang='grc' dir='ltr'>γεννητὸν</span> <span class='ocrx_word' id='word_1_715' title='bbox 548 4930 857 5000; x_wconf 80' lang='grc' dir='ltr'>ὲθεωρεῖτο,</span> <span class='ocrx_word' id='word_1_716' title='bbox 896 4931 991 4984; x_wconf 81' lang='grc' dir='ltr'><strong>καὶ</strong></span> <span class='ocrx_word' id='word_1_717' title='bbox 1036 4931 1098 4983; x_wconf 89' lang='lat' dir='ltr'><strong>rb</strong></span> <span class='ocrx_word' id='word_1_718' title='bbox 1125 4933 1440 5004; x_wconf 81' lang='grc' dir='ltr'>ἀγέννητον.</span> <span class='ocrx_word' id='word_1_719' title='bbox 1489 4934 1828 4991; x_wconf 86' lang='grc' dir='ltr'>’Υπόστασιν</span> 
     </span>
    </p>
   </div>
   <div class='ocr_carea' id='block_1_97' title="bbox 251 5023 1824 5101">
    <p class='ocr_par' dir='ltr' id='par_1_97' title="bbox 251 5023 1824 5101">
     <span class='ocr_line' id='line_1_97' title="bbox 251 5023 1824 5101; baseline 0.007 -27"><span class='ocrx_word' id='word_1_720' title='bbox 251 5024 436 5076; x_wconf 86' lang='grc' dir='ltr'>τοίνυν</span> <span class='ocrx_word' id='word_1_721' title='bbox 467 5024 757 5091; x_wconf 75' lang='grc' dir='ltr'>ἐγέννησεν</span> <span class='ocrx_word' id='word_1_722' title='bbox 785 5025 816 5094; x_wconf 79' lang='grc' dir='ltr'>ἠ</span> <span class='ocrx_word' id='word_1_723' title='bbox 846 5024 977 5090; x_wconf 78' lang='grc' dir='ltr'>ἁγία</span> <span class='ocrx_word' id='word_1_724' title='bbox 1010 5023 1295 5089; x_wconf 54' lang='grc' dir='ltr'>Θεοτόιιοί</span> <span class='ocrx_word' id='word_1_725' title='bbox 1326 5029 1384 5081; x_wconf 78' lang='grc' dir='ltr'>ἐν</span> <span class='ocrx_word' id='word_1_726' title='bbox 1411 5028 1534 5081; x_wconf 77' lang='grc' dir='ltr'>δυσὶ</span> <span class='ocrx_word' id='word_1_727' title='bbox 1561 5031 1824 5101; x_wconf 75' lang='grc' dir='ltr'>γνωριζο-</span> 
     </span>
    </p>
   </div>
   <div class='ocr_carea' id='block_1_98' title="bbox 251 5116 1830 5195">
    <p class='ocr_par' dir='ltr' id='par_1_98' title="bbox 251 5116 1830 5195">
     <span class='ocr_line' id='line_1_98' title="bbox 251 5116 1830 5195; baseline 0.001 -26"><span class='ocrx_word' id='word_1_728' title='bbox 251 5118 423 5187; x_wconf 84' lang='grc' dir='ltr'>μένην</span> <span class='ocrx_word' id='word_1_729' title='bbox 452 5120 570 5179; x_wconf 81' lang='grc' dir='ltr'>ταῖς</span> <span class='ocrx_word' id='word_1_730' title='bbox 606 5116 822 5185; x_wconf 77' lang='grc' dir='ltr'>φύσεσι,</span> <span class='ocrx_word' id='word_1_731' title='bbox 872 5118 1091 5186; x_wconf 88' lang='grc' dir='ltr'>θεότητι</span> <span class='ocrx_word' id='word_1_732' title='bbox 1127 5121 1224 5188; x_wconf 77' lang='grc' dir='ltr'>μὲν</span> <span class='ocrx_word' id='word_1_733' title='bbox 1272 5121 1336 5173; x_wconf 80' lang='grc' dir='ltr'><strong>ὲκ</strong></span> <span class='ocrx_word' id='word_1_734' title='bbox 1366 5122 1576 5191; x_wconf 64' lang='grc' dir='ltr'>Πατρός</span> <span class='ocrx_word' id='word_1_735' title='bbox 1632 5140 1830 5195; x_wconf 69' lang='grc' dir='ltr'>γεννη.</span> 
     </span>
    </p>
   </div>
   <div class='ocr_carea' id='block_1_99' title="bbox 247 5209 1825 5282">
    <p class='ocr_par' dir='ltr' id='par_1_99' title="bbox 247 5209 1825 5282">
     <span class='ocr_line' id='line_1_99' title="bbox 247 5209 1825 5282; baseline 0.003 -21"><span class='ocrx_word' id='word_1_736' title='bbox 247 5210 433 5261; x_wconf 84' lang='grc' dir='ltr'>θεῖσαν</span> <span class='ocrx_word' id='word_1_737' title='bbox 470 5209 734 5278; x_wconf 76' lang='grc' dir='ltr'>ἀχρόνως,</span> <span class='ocrx_word' id='word_1_738' title='bbox 764 5209 848 5261; x_wconf 75' lang='grc' dir='ltr'><strong>ἐπ’</strong></span> <span class='ocrx_word' id='word_1_739' title='bbox 898 5210 1143 5277; x_wconf 77' lang='grc' dir='ltr'>ἐσχάτων</span> <span class='ocrx_word' id='word_1_740' title='bbox 1181 5210 1235 5263; x_wconf 83' lang='grc' dir='ltr'><strong>δὲ</strong></span> <span class='ocrx_word' id='word_1_741' title='bbox 1260 5212 1368 5263; x_wconf 84' lang='grc' dir='ltr'><strong>τῶν</strong></span> <span class='ocrx_word' id='word_1_742' title='bbox 1400 5212 1608 5282; x_wconf 84' lang='grc' dir='ltr'>χρόνων</span> <span class='ocrx_word' id='word_1_743' title='bbox 1640 5214 1699 5278; x_wconf 78' lang='grc' dir='ltr'><strong>ἐξ</strong></span> <span class='ocrx_word' id='word_1_744' title='bbox 1732 5217 1825 5266; x_wconf 79' lang='grc' dir='ltr'>αύ-</span> 
     </span>
    </p>
   </div>
   <div class='ocr_carea' id='block_1_100' title="bbox 244 5299 1824 5374">
    <p class='ocr_par' dir='ltr' id='par_1_100' title="bbox 244 5299 1824 5374">
     <span class='ocr_line' id='line_1_100' title="bbox 244 5299 1824 5374; baseline 0.003 -19"><span class='ocrx_word' id='word_1_745' title='bbox 244 5304 345 5370; x_wconf 77' lang='grc' dir='ltr'>τῆς</span> <span class='ocrx_word' id='word_1_746' title='bbox 380 5302 792 5371; x_wconf 85' lang='grc' dir='ltr'>σαρκωθεῖσαν,</span> <span class='ocrx_word' id='word_1_747' title='bbox 830 5299 925 5351; x_wconf 73' lang='grc' dir='ltr'>καὶ</span> <span class='ocrx_word' id='word_1_748' title='bbox 961 5303 1125 5370; x_wconf 81' lang='grc' dir='ltr'>σαρκὶ</span> <span class='ocrx_word' id='word_1_749' title='bbox 1183 5304 1533 5374; x_wconf 81' lang='grc' dir='ltr'>τικτομένην.</span> <span class='ocrx_word' id='word_1_750' title='bbox 1589 5305 1824 5372; x_wconf 84' lang='grc' dir='ltr'>Ὁμοίως</span> 
     </span>
    </p>
   </div>
   <div class='ocr_carea' id='block_1_101' title="bbox 245 5388 1824 5464">
    <p class='ocr_par' dir='ltr' id='par_1_101' title="bbox 245 5388 1824 5464">
     <span class='ocr_line' id='line_1_101' title="bbox 245 5388 1824 5464; baseline 0.001 -17"><span class='ocrx_word' id='word_1_751' title='bbox 245 5390 343 5447; x_wconf 75' lang='grc' dir='ltr'><strong>καὶ</strong></span> <span class='ocrx_word' id='word_1_752' title='bbox 392 5393 520 5464; x_wconf 75' lang='grc' dir='ltr'>περὶ</span> <span class='ocrx_word' id='word_1_753' title='bbox 557 5388 657 5463; x_wconf 77' lang='grc' dir='ltr'>τῆς</span> <span class='ocrx_word' id='word_1_754' title='bbox 697 5392 1052 5462; x_wconf 78' lang='grc' dir='ltr'>σταυρώσεω,</span> <span class='ocrx_word' id='word_1_755' title='bbox 1082 5431 1099 5459; x_wconf 87' lang='grc'><strong>,</strong></span> <span class='ocrx_word' id='word_1_756' title='bbox 1160 5394 1509 5459; x_wconf 77' lang='grc' dir='ltr'>ἀναστάσεως</span> <span class='ocrx_word' id='word_1_757' title='bbox 1557 5412 1655 5460; x_wconf 88' lang='grc' dir='ltr'><strong>τε,</strong></span> <span class='ocrx_word' id='word_1_758' title='bbox 1731 5400 1824 5449; x_wconf 78' lang='grc' dir='ltr'><strong>καὶ</strong></span> 
     </span>
    </p>
   </div>
   <div class='ocr_carea' id='block_1_102' title="bbox 244 5484 1816 5556">
    <p class='ocr_par' dir='ltr' id='par_1_102' title="bbox 244 5484 1816 5556">
     <span class='ocr_line' id='line_1_102' title="bbox 244 5484 1816 5556; baseline 0.001 -15"><span class='ocrx_word' id='word_1_759' title='bbox 244 5486 589 5556; x_wconf 71' lang='grc' dir='ltr'>ἀναλήψεως.</span> <span class='ocrx_word' id='word_1_760' title='bbox 657 5484 731 5537; x_wconf 86' lang='grc' dir='ltr'><strong>Οὐ</strong></span> <span class='ocrx_word' id='word_1_761' title='bbox 800 5484 1012 5553; x_wconf 81' lang='grc' dir='ltr'>φύσεως</span> <span class='ocrx_word' id='word_1_762' title='bbox 1084 5485 1190 5556; x_wconf 82' lang='grc' dir='ltr'><strong>γάρ</strong></span> <span class='ocrx_word' id='word_1_763' title='bbox 1249 5485 1421 5541; x_wconf 79' lang='grc' dir='ltr'>ταῦτά</span> <span class='ocrx_word' id='word_1_764' title='bbox 1467 5490 1651 5550; x_wconf 72' lang='grc' dir='ltr'>ἐστιν,</span> <span class='ocrx_word' id='word_1_765' title='bbox 1699 5488 1816 5543; x_wconf 82' lang='grc' dir='ltr'>ἀλλ’</span> 
     </span>
    </p>
   </div>
   <div class='ocr_carea' id='block_1_103' title="bbox 242 5568 1821 5646">
    <p class='ocr_par' dir='ltr' id='par_1_103' title="bbox 242 5568 1821 5646">
     <span class='ocr_line' id='line_1_103' title="bbox 242 5568 1821 5646; baseline -0.001 -16"><span class='ocrx_word' id='word_1_766' title='bbox 242 5575 617 5636; x_wconf 81' lang='grc' dir='ltr'>ὑποστάσεως.</span> <span class='ocrx_word' id='word_1_767' title='bbox 694 5574 937 5627; x_wconf 76' lang='grc' dir='ltr'>Ἔπαθεν</span> <span class='ocrx_word' id='word_1_768' title='bbox 998 5568 1091 5627; x_wconf 76' lang='grc' dir='ltr'><strong>οὗν</strong></span> <span class='ocrx_word' id='word_1_769' title='bbox 1160 5576 1188 5627; x_wconf 87' lang='grc' dir='ltr'><strong><em>ὁ</em></strong></span> <span class='ocrx_word' id='word_1_770' title='bbox 1248 5575 1483 5646; x_wconf 80' lang='grc' dir='ltr'>Χριστὸς</span> <span class='ocrx_word' id='word_1_771' title='bbox 1557 5578 1617 5628; x_wconf 75' lang='grc' dir='ltr'>ὲν</span> <span class='ocrx_word' id='word_1_772' title='bbox 1700 5577 1821 5630; x_wconf 78' lang='grc' dir='ltr'>δυσὶ</span> 
     </span>
    </p>
   </div>
   <div class='ocr_carea' id='block_1_104' title="bbox 243 5664 1817 5740">
    <p class='ocr_par' dir='ltr' id='par_1_104' title="bbox 243 5664 1817 5740">
     <span class='ocr_line' id='line_1_104' title="bbox 243 5664 1817 5740; baseline 0.001 -18"><span class='ocrx_word' id='word_1_773' title='bbox 243 5668 472 5738; x_wconf 73' lang='grc' dir='ltr'>φύσεσιν</span> <span class='ocrx_word' id='word_1_774' title='bbox 502 5665 577 5722; x_wconf 81' lang='grc' dir='ltr'>ὢν</span> <span class='ocrx_word' id='word_1_775' title='bbox 603 5666 669 5736; x_wconf 81' lang='grc' dir='ltr'><strong>τῇ</strong></span> <span class='ocrx_word' id='word_1_776' title='bbox 706 5665 925 5736; x_wconf 77' lang='grc' dir='ltr'>παθητῇ</span> <span class='ocrx_word' id='word_1_777' title='bbox 965 5664 1147 5735; x_wconf 71' lang='grc' dir='ltr'>φύσει,</span> <span class='ocrx_word' id='word_1_778' title='bbox 1178 5666 1273 5719; x_wconf 69' lang='grc' dir='ltr'><strong>καὶ</strong></span> <span class='ocrx_word' id='word_1_779' title='bbox 1298 5666 1619 5738; x_wconf 80' lang='grc' dir='ltr'>ἐσταυρώθη</span> <span class='ocrx_word' id='word_1_780' title='bbox 1652 5672 1817 5740; x_wconf 82' lang='grc' dir='ltr'>σαρκὶ</span> 
     </span>
    </p>
   </div>
   <div class='ocr_carea' id='block_1_105' title="bbox 243 5754 1817 5829">
    <p class='ocr_par' dir='ltr' id='par_1_105' title="bbox 243 5754 1817 5829">
     <span class='ocr_line' id='line_1_105' title="bbox 243 5754 1817 5829; baseline -0.001 -13"><span class='ocrx_word' id='word_1_781' title='bbox 243 5764 336 5816; x_wconf 72' lang='grc' dir='ltr'><strong>ἐπὶ</strong></span> <span class='ocrx_word' id='word_1_782' title='bbox 400 5758 495 5812; x_wconf 77' lang='grc' dir='ltr'>τοῦ</span> <span class='ocrx_word' id='word_1_783' title='bbox 557 5754 792 5828; x_wconf 70' lang='grc' dir='ltr'>σταυροῦ</span> <span class='ocrx_word' id='word_1_784' title='bbox 851 5759 1236 5829; x_wconf 76' lang='grc' dir='ltr'>κρεμάμενος,</span> <span class='ocrx_word' id='word_1_785' title='bbox 1288 5759 1389 5811; x_wconf 73' lang='grc' dir='ltr'>καὶ</span> <span class='ocrx_word' id='word_1_786' title='bbox 1464 5757 1526 5811; x_wconf 74' lang='grc' dir='ltr'><strong>ού</strong></span> <span class='ocrx_word' id='word_1_787' title='bbox 1583 5759 1817 5829; x_wconf 82' lang='grc' dir='ltr'>θεότητι.</span> 
     </span>
    </p>
   </div>
   <div class='ocr_carea' id='block_1_106' title="bbox 256 5849 1816 5925">
    <p class='ocr_par' dir='ltr' id='par_1_106' title="bbox 256 5849 1816 5925">
     <span class='ocr_line' id='line_1_106' title="bbox 256 5849 1816 5925; baseline -0.008 -16"><span class='ocrx_word' id='word_1_788' title='bbox 256 5851 554 5925; x_wconf 75' lang='grc' dir='ltr'>Ἐγεννήθη</span> <span class='ocrx_word' id='word_1_789' title='bbox 576 5851 755 5905; x_wconf 83' lang='grc' dir='ltr'>τοίνυν</span> <span class='ocrx_word' id='word_1_790' title='bbox 774 5852 800 5904; x_wconf 82' lang='grc' dir='ltr'><strong>ό</strong></span> <span class='ocrx_word' id='word_1_791' title='bbox 822 5849 954 5916; x_wconf 78' lang='grc' dir='ltr'>Θεὸς</span> <span class='ocrx_word' id='word_1_792' title='bbox 974 5852 1145 5919; x_wconf 86' lang='grc' dir='ltr'>Λόγος</span> <span class='ocrx_word' id='word_1_793' title='bbox 1169 5850 1598 5923; x_wconf 80' lang='grc' dir='ltr'>ὲνανθρωπήσας</span> <span class='ocrx_word' id='word_1_794' title='bbox 1626 5856 1816 5923; x_wconf 59' lang='grc' dir='ltr'><strong>σαρκὶ⁸</strong></span> 
     </span>
    </p>
   </div>
   <div class='ocr_carea' id='block_1_107' title="bbox 1934 4639 3512 4724">
    <p class='ocr_par' dir='ltr' id='par_1_107' title="bbox 1934 4639 3512 4724">
     <span class='ocr_line' id='line_1_107' title="bbox 1934 4639 3512 4724; baseline 0.016 -33"><span class='ocrx_word' id='word_1_795' title='bbox 1934 4652 2044 4693; x_wconf 91' lang='lat' dir='ltr'><strong>non</strong></span> <span class='ocrx_word' id='word_1_796' title='bbox 2079 4639 2146 4693; x_wconf 90' lang='lat' dir='ltr'><strong>ad</strong></span> <span class='ocrx_word' id='word_1_797' title='bbox 2190 4652 2466 4710; x_wconf 85' lang='lat' dir='ltr'><strong>naturam,</strong></span> <span class='ocrx_word' id='word_1_798' title='bbox 2488 4646 2585 4700; x_wconf 88' lang='lat' dir='ltr'><strong>sed</strong></span> <span class='ocrx_word' id='word_1_799' title='bbox 2623 4648 2689 4701; x_wconf 89' lang='lat' dir='ltr'><strong>ad</strong></span> <span class='ocrx_word' id='word_1_800' title='bbox 2726 4664 3015 4719; x_wconf 85' lang='lat' dir='ltr'><strong>personam</strong></span> <span class='ocrx_word' id='word_1_801' title='bbox 3047 4657 3345 4724; x_wconf 77' lang='lat' dir='ltr'><strong>pertinere.</strong></span> <span class='ocrx_word' id='word_1_802' title='bbox 3378 4659 3512 4716; x_wconf 79' lang='lat' dir='ltr'><strong>Nam</strong></span> 
     </span>
    </p>
   </div>
   <div class='ocr_carea' id='block_1_108' title="bbox 1932 4732 3517 4821">
    <p class='ocr_par' dir='ltr' id='par_1_108' title="bbox 1932 4732 3517 4821">
     <span class='ocr_line' id='line_1_108' title="bbox 1932 4732 3517 4821; baseline 0.013 -36"><span class='ocrx_word' id='word_1_803' title='bbox 1932 4732 1979 4785; x_wconf 85' lang='lat' dir='ltr'><strong>si</strong></span> <span class='ocrx_word' id='word_1_804' title='bbox 2010 4732 2081 4786; x_wconf 77' lang='lat' dir='ltr'><strong>ad</strong></span> <span class='ocrx_word' id='word_1_805' title='bbox 2112 4743 2366 4789; x_wconf 81' lang='lat' dir='ltr'><strong>naturam</strong></span> <span class='ocrx_word' id='word_1_806' title='bbox 2414 4737 2738 4807; x_wconf 87' lang='lat' dir='ltr'><strong>pertineret,</strong></span> <span class='ocrx_word' id='word_1_807' title='bbox 2776 4742 2830 4796; x_wconf 93' lang='lat' dir='ltr'><strong>in</strong></span> <span class='ocrx_word' id='word_1_808' title='bbox 2876 4743 3070 4799; x_wconf 84' lang='lat' dir='ltr'><strong>eadem</strong></span> <span class='ocrx_word' id='word_1_809' title='bbox 3108 4758 3305 4804; x_wconf 89' lang='lat' dir='ltr'><strong>natura</strong></span> <span class='ocrx_word' id='word_1_810' title='bbox 3362 4753 3517 4821; x_wconf 83' lang='lat' dir='ltr'><strong>geni-</strong></span> 
     </span>
    </p>
   </div>
   <div class='ocr_carea' id='block_1_109' title="bbox 1934 4830 3514 4901">
    <p class='ocr_par' dir='ltr' id='par_1_109' title="bbox 1934 4830 3514 4901">
     <span class='ocr_line' id='line_1_109' title="bbox 1934 4830 3514 4901; baseline 0.013 -22"><span class='ocrx_word' id='word_1_811' title='bbox 1934 4835 2048 4881; x_wconf 92' lang='lat' dir='ltr'><strong>tum</strong></span> <span class='ocrx_word' id='word_1_812' title='bbox 2105 4837 2161 4883; x_wconf 90' lang='lat' dir='ltr'><strong>et</strong></span> <span class='ocrx_word' id='word_1_813' title='bbox 2231 4830 2538 4901; x_wconf 82' lang='lat' dir='ltr'><strong>ingenitum</strong></span> <span class='ocrx_word' id='word_1_814' title='bbox 2608 4849 2720 4889; x_wconf 92' lang='lat' dir='ltr'><strong>non</strong></span> <span class='ocrx_word' id='word_1_815' title='bbox 2777 4837 3248 4894; x_wconf 86' lang='lat' dir='ltr'><strong>consideraretur.</strong></span> <span class='ocrx_word' id='word_1_816' title='bbox 3313 4841 3514 4900; x_wconf 84' lang='lat' dir='ltr'><strong>Sancta</strong></span> 
     </span>
    </p>
   </div>
   <div class='ocr_carea' id='block_1_110' title="bbox 1931 4919 3505 4998">
    <p class='ocr_par' dir='ltr' id='par_1_110' title="bbox 1931 4919 3505 4998">
     <span class='ocr_line' id='line_1_110' title="bbox 1931 4919 3505 4998; baseline 0.012 -27"><span class='ocrx_word' id='word_1_817' title='bbox 1931 4919 2098 4988; x_wconf 77' lang='lat' dir='ltr'><strong>igitur</strong></span> <span class='ocrx_word' id='word_1_818' title='bbox 2121 4919 2213 4975; x_wconf 86' lang='lat' dir='ltr'><strong>Dei</strong></span> <span class='ocrx_word' id='word_1_819' title='bbox 2241 4920 2492 4979; x_wconf 80' lang='lat' dir='ltr'><strong>Genitrix</strong></span> <span class='ocrx_word' id='word_1_820' title='bbox 2522 4940 2810 4995; x_wconf 83' lang='lat' dir='ltr'><strong>personam</strong></span> <span class='ocrx_word' id='word_1_821' title='bbox 2833 4932 3022 4998; x_wconf 76' lang='lat' dir='ltr'><strong>genuit</strong></span> <span class='ocrx_word' id='word_1_822' title='bbox 3058 4931 3272 4987; x_wconf 87' lang='lat' dir='ltr'><strong>duabus</strong></span> <span class='ocrx_word' id='word_1_823' title='bbox 3305 4934 3357 4989; x_wconf 92' lang='lat' dir='ltr'><strong>in</strong></span> <span class='ocrx_word' id='word_1_824' title='bbox 3407 4952 3505 4990; x_wconf 83' lang='lat' dir='ltr'><strong>na-</strong></span> 
     </span>
    </p>
   </div>
   <div class='ocr_carea' id='block_1_111' title="bbox 1930 5012 3502 5105">
    <p class='ocr_par' dir='ltr' id='par_1_111' title="bbox 1930 5012 3502 5105">
     <span class='ocr_line' id='line_1_111' title="bbox 1930 5012 3502 5105; baseline 0.012 -41"><span class='ocrx_word' id='word_1_825' title='bbox 1930 5012 2066 5065; x_wconf 88' lang='lat' dir='ltr'><strong>turis</strong></span> <span class='ocrx_word' id='word_1_826' title='bbox 2104 5013 2460 5082; x_wconf 87' lang='lat' dir='ltr'><strong>declaratam,</strong></span> <span class='ocrx_word' id='word_1_827' title='bbox 2503 5032 2625 5087; x_wconf 72' lang='lat' dir='ltr'><strong>qua:</strong></span> <span class='ocrx_word' id='word_1_828' title='bbox 2675 5034 2739 5075; x_wconf 79' lang='lat' dir='ltr'><strong>cx</strong></span> <span class='ocrx_word' id='word_1_829' title='bbox 2772 5021 2928 5075; x_wconf 88' lang='lat' dir='ltr'><strong>Patre</strong></span> <span class='ocrx_word' id='word_1_830' title='bbox 2957 5023 3202 5092; x_wconf 89' lang='lat' dir='ltr'><strong>quidem,</strong></span> <span class='ocrx_word' id='word_1_831' title='bbox 3236 5039 3502 5105; x_wconf 78' lang='lat' dir='ltr'><strong>quantum</strong></span> 
     </span>
    </p>
   </div>
   <div class='ocr_carea' id='block_1_112' title="bbox 1929 5104 3501 5187">
    <p class='ocr_par' dir='ltr' id='par_1_112' title="bbox 1929 5104 3501 5187">
     <span class='ocr_line' id='line_1_112' title="bbox 1929 5104 3501 5187; baseline 0.011 -31"><span class='ocrx_word' id='word_1_832' title='bbox 1929 5104 1994 5156; x_wconf 91' lang='lat' dir='ltr'><strong>ad</strong></span> <span class='ocrx_word' id='word_1_833' title='bbox 2044 5104 2391 5162; x_wconf 82' lang='lat' dir='ltr'><strong>divinitatem</strong></span> <span class='ocrx_word' id='word_1_834' title='bbox 2429 5113 2689 5178; x_wconf 80' lang='lat' dir='ltr'><strong>pertinet,</strong></span> <span class='ocrx_word' id='word_1_835' title='bbox 2732 5112 2850 5169; x_wconf 91' lang='lat' dir='ltr'><strong>sine</strong></span> <span class='ocrx_word' id='word_1_836' title='bbox 2878 5120 3124 5185; x_wconf 79' lang='lat' dir='ltr'><strong>tempore</strong></span> <span class='ocrx_word' id='word_1_837' title='bbox 3158 5120 3337 5187; x_wconf 82' lang='lat' dir='ltr'><strong>genita</strong></span> <span class='ocrx_word' id='word_1_838' title='bbox 3372 5104 3501 5187; x_wconf 84' lang='lat' dir='ltr'><strong>est;</strong></span> 
     </span>
    </p>
   </div>
   <div class='ocr_carea' id='block_1_113' title="bbox 1930 5196 3500 5280">
    <p class='ocr_par' dir='ltr' id='par_1_113' title="bbox 1930 5196 3500 5280">
     <span class='ocr_line' id='line_1_113' title="bbox 1930 5196 3500 5280; baseline 0.01 -31"><span class='ocrx_word' id='word_1_839' title='bbox 1930 5196 1982 5249; x_wconf 91' lang='lat' dir='ltr'><strong>in</strong></span> <span class='ocrx_word' id='word_1_840' title='bbox 2010 5199 2273 5252; x_wconf 80' lang='lat' dir='ltr'><strong>extremis</strong></span> <span class='ocrx_word' id='word_1_841' title='bbox 2301 5209 2483 5255; x_wconf 87' lang='lat' dir='ltr'><strong>autem</strong></span> <span class='ocrx_word' id='word_1_842' title='bbox 2510 5204 2852 5273; x_wconf 89' lang='lat' dir='ltr'><strong>temporibus</strong></span> <span class='ocrx_word' id='word_1_843' title='bbox 2880 5221 2945 5260; x_wconf 81' lang='lat' dir='ltr'><strong>ex</strong></span> <span class='ocrx_word' id='word_1_844' title='bbox 2978 5206 3091 5275; x_wconf 85' lang='lat' dir='ltr'><strong>ipsa</strong></span> <span class='ocrx_word' id='word_1_845' title='bbox 3130 5209 3346 5280; x_wconf 84' lang='lat' dir='ltr'><strong>Virgine</strong></span> <span class='ocrx_word' id='word_1_846' title='bbox 3376 5227 3500 5267; x_wconf 87' lang='lat' dir='ltr'><strong>car-</strong></span> 
     </span>
    </p>
   </div>
   <div class='ocr_carea' id='block_1_114' title="bbox 1927 5292 3504 5370">
    <p class='ocr_par' dir='ltr' id='par_1_114' title="bbox 1927 5292 3504 5370">
     <span class='ocr_line' id='line_1_114' title="bbox 1927 5292 3504 5370; baseline 0.011 -28"><span class='ocrx_word' id='word_1_847' title='bbox 1927 5304 2052 5343; x_wconf 89' lang='lat' dir='ltr'><strong>nem</strong></span> <span class='ocrx_word' id='word_1_848' title='bbox 2090 5292 2406 5361; x_wconf 82' lang='lat' dir='ltr'><strong>assumpsit,</strong></span> <span class='ocrx_word' id='word_1_849' title='bbox 2442 5305 2498 5349; x_wconf 91' lang='lat' dir='ltr'><strong>et</strong></span> <span class='ocrx_word' id='word_1_850' title='bbox 2532 5310 2697 5350; x_wconf 89' lang='lat' dir='ltr'><strong>carne</strong></span> <span class='ocrx_word' id='word_1_851' title='bbox 2731 5308 2856 5353; x_wconf 87' lang='lat' dir='ltr'><strong>nata</strong></span> <span class='ocrx_word' id='word_1_852' title='bbox 2881 5306 2985 5352; x_wconf 91' lang='lat' dir='ltr'><strong>est.</strong></span> <span class='ocrx_word' id='word_1_853' title='bbox 3006 5300 3262 5370; x_wconf 87' lang='lat' dir='ltr'><strong>Idemque</strong></span> <span class='ocrx_word' id='word_1_854' title='bbox 3294 5302 3504 5359; x_wconf 86' lang='lat' dir='ltr'><strong>dicitur</strong></span> 
     </span>
    </p>
   </div>
   <div class='ocr_carea' id='block_1_115' title="bbox 1925 5381 3502 5463">
    <p class='ocr_par' dir='ltr' id='par_1_115' title="bbox 1925 5381 3502 5463">
     <span class='ocr_line' id='line_1_115' title="bbox 1925 5381 3502 5463; baseline 0.01 -28"><span class='ocrx_word' id='word_1_855' title='bbox 1925 5381 1994 5435; x_wconf 90' lang='lat' dir='ltr'><strong>de</strong></span> <span class='ocrx_word' id='word_1_856' title='bbox 2018 5382 2392 5450; x_wconf 80' lang='lat' dir='ltr'><strong>cruciﬁxioue,</strong></span> <span class='ocrx_word' id='word_1_857' title='bbox 2424 5396 2480 5441; x_wconf 92' lang='lat' dir='ltr'><strong>et</strong></span> <span class='ocrx_word' id='word_1_858' title='bbox 2533 5389 2972 5457; x_wconf 87' lang='lat' dir='ltr'><strong>resurrectione,</strong></span> <span class='ocrx_word' id='word_1_859' title='bbox 3011 5398 3068 5446; x_wconf 89' lang='lat' dir='ltr'><strong>et</strong></span> <span class='ocrx_word' id='word_1_860' title='bbox 3102 5395 3502 5463; x_wconf 89' lang='lat' dir='ltr'><strong>assumptione.</strong></span> 
     </span>
    </p>
   </div>
   <div class='ocr_carea' id='block_1_116' title="bbox 1925 5475 3502 5557">
    <p class='ocr_par' dir='ltr' id='par_1_116' title="bbox 1925 5475 3502 5557">
     <span class='ocr_line' id='line_1_116' title="bbox 1925 5475 3502 5557; baseline 0.007 -29"><span class='ocrx_word' id='word_1_861' title='bbox 1925 5475 2051 5530; x_wconf 66' lang='lat' dir='ltr'><strong>Haac</strong></span> <span class='ocrx_word' id='word_1_862' title='bbox 2080 5477 2224 5530; x_wconf 91' lang='lat' dir='ltr'><strong>enim</strong></span> <span class='ocrx_word' id='word_1_863' title='bbox 2259 5492 2366 5532; x_wconf 92' lang='lat' dir='ltr'><strong>non</strong></span> <span class='ocrx_word' id='word_1_864' title='bbox 2400 5479 2465 5532; x_wconf 87' lang='lat' dir='ltr'><strong>ad</strong></span> <span class='ocrx_word' id='word_1_865' title='bbox 2499 5492 2748 5533; x_wconf 86' lang='lat' dir='ltr'><strong>naturam</strong></span> <span class='ocrx_word' id='word_1_866' title='bbox 2781 5481 3117 5551; x_wconf 81' lang='lat' dir='ltr'><strong>referuntur,</strong></span> <span class='ocrx_word' id='word_1_867' title='bbox 3149 5485 3242 5539; x_wconf 88' lang='lat' dir='ltr'><strong>sed</strong></span> <span class='ocrx_word' id='word_1_868' title='bbox 3273 5488 3340 5539; x_wconf 86' lang='lat' dir='ltr'><strong>ad</strong></span> <span class='ocrx_word' id='word_1_869' title='bbox 3372 5503 3502 5557; x_wconf 84' lang='lat' dir='ltr'><strong>per-</strong></span> 
     </span>
    </p>
   </div>
   <div class='ocr_carea' id='block_1_117' title="bbox 1926 5568 3503 5641">
    <p class='ocr_par' dir='ltr' id='par_1_117' title="bbox 1926 5568 3503 5641">
     <span class='ocr_line' id='line_1_117' title="bbox 1926 5568 3503 5641; baseline 0.01 -21"><span class='ocrx_word' id='word_1_870' title='bbox 1926 5582 2139 5622; x_wconf 89' lang='lat' dir='ltr'><strong>sonam.</strong></span> <span class='ocrx_word' id='word_1_871' title='bbox 2171 5568 2427 5625; x_wconf 88' lang='lat' dir='ltr'><strong>Christus</strong></span> <span class='ocrx_word' id='word_1_872' title='bbox 2456 5571 2624 5641; x_wconf 82' lang='lat' dir='ltr'><strong>igitur</strong></span> <span class='ocrx_word' id='word_1_873' title='bbox 2658 5571 2872 5627; x_wconf 88' lang='lat' dir='ltr'><strong>duabus</strong></span> <span class='ocrx_word' id='word_1_874' title='bbox 2902 5576 2953 5627; x_wconf 87' lang='lat' dir='ltr'><strong>in</strong></span> <span class='ocrx_word' id='word_1_875' title='bbox 2985 5576 3198 5632; x_wconf 84' lang='lat' dir='ltr'><strong>naturis</strong></span> <span class='ocrx_word' id='word_1_876' title='bbox 3231 5578 3503 5635; x_wconf 81' lang='lat' dir='ltr'><strong>exsistcns</strong></span> 
     </span>
    </p>
   </div>
   <div class='ocr_carea' id='block_1_118' title="bbox 1924 5663 3499 5734">
    <p class='ocr_par' dir='ltr' id='par_1_118' title="bbox 1924 5663 3499 5734">
     <span class='ocr_line' id='line_1_118' title="bbox 1924 5663 3499 5734; baseline 0.008 -18"><span class='ocrx_word' id='word_1_877' title='bbox 1924 5678 2115 5732; x_wconf 86' lang='lat' dir='ltr'><strong>passus</strong></span> <span class='ocrx_word' id='word_1_878' title='bbox 2148 5672 2229 5717; x_wconf 88' lang='lat' dir='ltr'><strong>est</strong></span> <span class='ocrx_word' id='word_1_879' title='bbox 2256 5673 2451 5717; x_wconf 87' lang='lat' dir='ltr'><strong>natura</strong></span> <span class='ocrx_word' id='word_1_880' title='bbox 2491 5663 2802 5733; x_wconf 88' lang='lat' dir='ltr'><strong>patibili,et</strong></span> <span class='ocrx_word' id='word_1_881' title='bbox 2845 5666 3141 5724; x_wconf 79' lang='lat' dir='ltr'><strong>cruciﬁxus</strong></span> <span class='ocrx_word' id='word_1_882' title='bbox 3196 5681 3303 5734; x_wconf 89' lang='lat' dir='ltr'><strong>est,</strong></span> <span class='ocrx_word' id='word_1_883' title='bbox 3338 5684 3393 5727; x_wconf 88' lang='lat' dir='ltr'><strong>ct</strong></span> <span class='ocrx_word' id='word_1_884' title='bbox 3443 5674 3499 5729; x_wconf 92' lang='lat' dir='ltr'><strong>in</strong></span> 
     </span>
    </p>
   </div>
   <div class='ocr_carea' id='block_1_119' title="bbox 1922 5756 3503 5835">
    <p class='ocr_par' dir='ltr' id='par_1_119' title="bbox 1922 5756 3503 5835">
     <span class='ocr_line' id='line_1_119' title="bbox 1922 5756 3503 5835; baseline 0.006 -24"><span class='ocrx_word' id='word_1_885' title='bbox 1922 5771 2087 5811; x_wconf 89' lang='lat' dir='ltr'><strong>cruce</strong></span> <span class='ocrx_word' id='word_1_886' title='bbox 2124 5756 2383 5826; x_wconf 88' lang='lat' dir='ltr'><strong>pependit</strong></span> <span class='ocrx_word' id='word_1_887' title='bbox 2410 5772 2598 5823; x_wconf 88' lang='lat' dir='ltr'><strong>carne,</strong></span> <span class='ocrx_word' id='word_1_888' title='bbox 2626 5772 2734 5812; x_wconf 87' lang='lat' dir='ltr'><strong>non</strong></span> <span class='ocrx_word' id='word_1_889' title='bbox 2770 5768 2951 5813; x_wconf 85' lang='lat' dir='ltr'><strong>autem</strong></span> <span class='ocrx_word' id='word_1_890' title='bbox 2972 5761 3280 5818; x_wconf 85' lang='lat' dir='ltr'><strong>divinitate.</strong></span> <span class='ocrx_word' id='word_1_891' title='bbox 3313 5764 3503 5835; x_wconf 80' lang='lat' dir='ltr'><strong>itaque</strong></span> 
     </span>
    </p>
   </div>
   <div class='ocr_carea' id='block_1_120' title="bbox 1920 5853 3491 5923">
    <p class='ocr_par' dir='ltr' id='par_1_120' title="bbox 1920 5853 3491 5923">
     <span class='ocr_line' id='line_1_120' title="bbox 1920 5853 3491 5923; baseline 0.008 -18"><span class='ocrx_word' id='word_1_892' title='bbox 1920 5853 2135 5923; x_wconf 84' lang='lat' dir='ltr'><strong>genitus</strong></span> <span class='ocrx_word' id='word_1_893' title='bbox 2162 5861 2242 5906; x_wconf 88' lang='lat' dir='ltr'><strong>est</strong></span> <span class='ocrx_word' id='word_1_894' title='bbox 2281 5853 2421 5911; x_wconf 87' lang='lat' dir='ltr'><strong>Deus</strong></span> <span class='ocrx_word' id='word_1_895' title='bbox 2460 5854 2691 5910; x_wconf 81' lang='lat' dir='ltr'><strong>Verbum</strong></span> <span class='ocrx_word' id='word_1_896' title='bbox 2731 5854 3006 5913; x_wconf 77' lang='lat' dir='ltr'><strong>hominem</strong></span> <span class='ocrx_word' id='word_1_897' title='bbox 3046 5855 3282 5915; x_wconf 83' lang='lat' dir='ltr'><strong>i’uducns</strong></span> <span class='ocrx_word' id='word_1_898' title='bbox 3302 5876 3491 5917; x_wconf 77' lang='lat' dir='ltr'><strong>carne.</strong></span> 
     </span>
    </p>
   </div>
  </div>
