3952 6560
304 347 449 410 1065

1230 346 1612 407 PANOPLIA
1655 343 2219 407 DOGMAT1CA.,--
2264 344 2410 403 TIT.
2461 342 2616 401 XVI.

3413 339 3545 403 1066
3574 419 3581 425 ι

291 482 425 517 ποτε
478 465 646 516 ὄντων
682 464 1019 531 πραγμάτων
1044 463 1175 533 πρὸς
1222 461 1625 530 ἀντιδιαστολὴν
1656 458 1761 511 τῶν
1784 459 1860 508 άν-

1976 470 2161 510 ριιιιιιιι
2214 472 2333 524 qua
2384 471 2488 511 non
2544 465 2693 520 sunt,
2741 454 3121 509 dilierentiam.
3185 454 3546 519 Quamobrem

287 558 612 627 υπάρκτων.
643 556 805 608 Ὅθεν
837 556 929 607 ἐπὶ
960 555 1052 608 τοῦ
1098 557 1335 625 Χριστοῦ
1380 552 1735 622 προσωπικὴν
1766 551 1863 617 μὲν

291 652 427 720 μίαν
455 649 753 703 ὑπόστασίν
794 665 995 717 φαμεν,
1061 646 1405 717 ὑπαρκτικὰς
1433 646 1487 697 δὲ
1518 647 1609 698 καὶ
1638 643 1733 695 δύο
1774 642 1864 693 λέ·-

286 758 408 807 γειν
443 742 545 794 οὑκ
576 741 874 805 ἀκίνδυνον,
931 740 1017 791 ἵνα
1072 738 1145 809 μὴ
1208 737 1442 805 θατέραν
1490 737 1599 789 τῶν
1625 738 1681 789 ὲν
1715 731 1861 802 αὑτῴ

286 834 508 902 φύσεων
534 836 880 904 ἀνύπαρκτον
906 836 1170 903 εἴπωμεν.
1220 834 1596 903 ’Υπαρκτικην
1626 833 1723 903 μὲν
1754 832 1863 906 γὰρ

286 931 587 982 ὑπόστασιν
634 929 722 980 έπί
750 930 930 995 πάσης
961 927 1175 996 φύσεως
1210 929 1536 997 εὑρήσομεν,
1580 944 1863 995 προσωπι-

285 1025 394 1092 κὴν
448 1025 502 1076 δὲ
536 1027 632 1075 οὐκ
687 1026 776 1077 ἐπὶ
811 1027 1009 1093 πάσης.
1065 1022 1272 1083 ’Ἄλλως
1327 1041 1386 1074 τε
1425 1026 1457 1092 ή
1496 1022 1588 1074 τοῦ
1624 1020 1862 1091 Χριστοῦ

284 1116 614 1186 προσωπικὴ
650 1118 945 1177 ὑπόστασις
978 1114 1300 1183 ἀμφοτέρων
1332 1113 1493 1167 αὑτοῦ
1515 1114 1623 1164 τῶν
1650 1113 1863 1181 φύσεων

284 1208 438 1259 ἐστιν
476 1208 795 1267 ὑπόστασις.
836 1206 1009 1274 Ἀπλῆ
1044 1205 1151 1273 γὰρ
1181 1204 1315 1257 οὖσα
1351 1206 1541 1272 γέγονε
1590 1204 1861 1259 σύνθετος.

284 1298 396 1351 Καὶ
429 1300 461 1367 ή
496 1299 593 1365 μὲν
625 1300 744 1351 Θεά
766 1297 931 1350 αὑτοῦ
960 1297 1120 1366 φύσις
1154 1295 1576 1358 ἰδιοῡπόστατος,
1605 1295 1636 1364 ή
1676 1292 1733 1345 δὲ
1773 1295 1864 1345 άν-

284 1390 536 1460 Θρωπίνη
570 1390 693 1443 οὔτε
725 1390 1115 1454 ἀνυπόστατος,
1147 1394 1269 1442 οὒτε
1302 1388 1720 1448 ίδιοῦπὸστατος,
1747 1384 1864 1438 ἀλλ’

284 1483 668 1548 ἑνυπόστατος,
697 1483 771 1543 ὡς
802 1484 860 1535 ὲν
895 1484 960 1552 τῇ
988 1482 1108 1552 θείᾳ
1142 1480 1458 1533 ὑποστάσει.

359 1745 718 1800 Διαϐάλλουσι
748 1744 845 1814 τὴν
879 1743 1061 1807 δυάδα,
1116 1744 1190 1807 ὡς
1216 1744 1440 1814 πρώτην
1468 1739 1633 1797 οὖσαν
1662 1744 1865 1815 διαίρε-

282 1857 395 1905 σιν,
424 1838 582 1900 εὐθὺς
617 1838 755 1905 μετὰ
793 1835 890 1908 τὴν
922 1836 1121 1905 μονάδα
1154 1836 1647 1905 προσαπαντῶσαν,
1686 1836 1863 1888 καίτοι

284 1932 586 1999 συνάφειαν
611 1927 776 1982 οὖσαν
812 1927 1011 1998 μᾶλλον
1055 1926 1147 1980 δύο
1181 1926 1445 1996 μονάδων,
1478 1929 1571 1980 καὶ
1608 1926 1706 1997 τὴν
1739 1925 1866 1978 συλ-

279 2022 561 2093 ληπτικὴν
592 2023 792 2091 ἑαυτῆς
810 2020 1037 2091 δύναμιν
1062 2021 1227 2084 εὐθὺς
1254 2022 1631 2090 παριστῶσαν.
1659 2021 1732 2074 oo
1756 2021 1864 2089 γὰρ

279 2115 551 2185 διαίρεσιν
577 2115 821 2185 μονάδων
852 2115 944 2166 τὸν
964 2113 1218 2184 ἀριθμὸν,
1249 2114 1385 2167 ἀλλὰ
1414 2114 1727 2167 τούναντίον
1762 2131 1867 2167 σω-

286 2212 443 2277 ρείαν
487 2207 730 2276 μονάδων
774 2208 821 2259 οί
853 2208 982 2276 περὶ
1010 2207 1080 2260 τά
1110 2205 1338 2260 τοιαῦτα
1368 2207 1532 2260 δεινοὶ
1567 2206 1861 2277 ὡρίσαντο.

281 2301 349 2353 Εἰ
377 2300 476 2371 μὲν
497 2302 604 2370 γὰρ
632 2302 879 2364 εἴπωσιν,
909 2299 990 2352 ὅτι
1020 2300 1051 2369 ή
1077 2299 1186 2351 τῶν
1213 2298 1307 2352 δύο
1336 2300 1411 2360 είς
1433 2299 1501 2351 τά
1523 2299 1580 2364 ἐξ
1611 2293 1684 2353 ὧν
1709 2316 1866 2353 συνε-

278 2390 417 2460 τέθη
442 2390 698 2451 ἀνάλυσις
724 2390 925 2463 διαιρεί
949 2392 1047 2459 τὴν
1074 2390 1291 2455 ἕνωσιν,
1339 2389 1450 2442 εἴτε
1477 2392 1599 2443 κατ’
1619 2390 1864 2444 ἐπίνοιαν

280 2486 396 2538 είτε
430 2484 553 2537 κατ’
589 2484 869 2552 ἐνέργειαν
911 2485 1160 2552 γένηται,
1221 2482 1411 2536 εἰκότα
1464 2483 1594 2547 ἴσως
1645 2485 1861 2555 ἐροῦσιο

284 2577 527 2645 μένουσα
554 2576 609 2627 δὲ
642 2574 729 2644 ἐφ’
761 2575 963 2638 ἑαυτῆς
995 2577 1027 2645 ἡ
1079 2576 1213 2638 δυάς
1242 2577 1341 2628 οὐκ
1375 2577 1488 2630 ἐστι
1536 2579 1699 2648 τομὴ,
1741 2580 1863 2632 οὐδὲ

285 2667 534 2736 μονάδων
557 2668 844 2738 διαίρεσις,
879 2669 928 2719 εί
959 2669 1033 2737 μὴ
1083 2668 1176 2719 καὶ
1210 2669 1410 2738 μᾶλλον
1460 2668 1652 2733 ἓνωσις
1682 2670 1862 2723 αὑτῶν

280 2762 380 2815 καὶ
412 2760 694 2829 συνάφεια.
743 2761 808 2813 Ἦ
848 2762 959 2830 γάρ
990 2776 1067 2813 τοι
1123 2760 1286 2829 φύσις
1328 2760 1423 2813 τοῦ
1452 2762 1687 2832 ἀριθμοῦ
1736 2764 1862 2817 καθ’

279 2854 485 2923 ἑαυτὴν
503 2853 626 2905 οὔτε
652 2853 882 2919 διαιρεῖν
914 2854 1179 2920 πέφυκεν,
1225 2851 1349 2906 οὔτε
1402 2856 1713 2918 συνάπτειν,
1744 2856 1859 2909 ἀλλ’

279 2946 608 3014 ἀμφοτέρων
644 2946 761 2998 ἐστὶ
787 2944 1007 3013 δεκτικὴ
1040 2945 1183 2997 κατὰ
1221 2945 1311 2997 τὸν
1360 2945 1520 3013 λόγον
1575 2945 1671 2999 τοῦ
1714 2964 1859 3017 χρω-

284 3039 471 3107 μένου.
506 3036 645 3090 Οὑτε
678 3040 787 3108 γὰρ
824 3039 886 3089 τὸ
916 3038 1117 3106 δίπηχυ
1157 3038 1314 3104 ξύλον
1354 3038 1547 3092 διεῖλεν
1572 3043 1601 3093 ὁ
1626 3041 1859 3111 ἀριθμὸς

277 3132 390 3185 τῶν
419 3132 512 3184 δύο
540 3133 783 3202 πήχεων,
821 3131 939 3184 ἀλλ’
966 3133 1115 3185 οὐδὲν
1138 3126 1299 3204 ἦττον
1328 3133 1420 3185 καὶ
1453 3134 1723 3203 μετρηθὲν
1745 3134 1859 3204 ἔχει
1886 3150 1929 3205 c

278 3226 344 3277 τὸ
384 3224 640 3293 συνεχές·
676 3224 800 3276 οὔτε
840 3225 887 3276 oi
915 3224 1047 3278 δέκα
1080 3225 1253 3293 μόδιοι
1283 3224 1377 3278 τοῦ
1425 3226 1571 3278 σίτου
1600 3226 1858 3297 διῃρέθη-

283 3334 412 3380 σαν,
442 3319 527 3371 δτι
576 3317 986 3387 ὲμετρήθησαν.
1032 3319 1193 3372 Ἀλλά
1227 3320 1321 3372 καὶ
1347 3321 1375 3371 ὁ
1406 3320 1611 3390 Κύριος
1649 3322 1858 3377 δώδεκα.

282 3408 436 3478 ὧρας
480 3409 578 3477 τῆς
623 3409 838 3479 ἡμέρας
888 3408 1059 3462 εἰπὼν
1108 3411 1167 3462 ού
1202 3411 1477 3479 διεμέρισε
1508 3413 1607 3483 τὴν
1653 3413 1857 3485 ταύτης

285 3502 592 3571 συνέχειαν.
647 3502 757 3553 Καὶ
800 3503 828 3555 ὁ
868 3501 1186 3563 ’Δπόστολος
1239 3504 1295 3555 δὲ
1355 3504 1617 3575 εἰρηκὼς,
1648 3508 1858 3560 Πολλὰ

277 3594 459 3662 μέλη,
485 3593 554 3646 ἐν
579 3591 645 3644 δὲ
683 3592 875 3660 σῶμα,
915 3595 973 3645 οὺ
1010 3595 1218 3662 διέτεμε
1258 3596 1327 3649 τά
1352 3597 1508 3667 μέλη.
1545 3599 1653 3651 Καὶ
1692 3601 1720 3651 ὁ
1751 3601 1858 3669 φή-

281 3705 406 3754 σας,
437 3687 638 3741 Πάντα
658 3685 727 3739 τὰ
761 3687 912 3742 ὀστᾶ
931 3704 1051 3755 μου
1079 3687 1308 3755 ἐροῦσι,
1334 3690 1529 3759 Κύριε,
1560 3693 1755 3762 Κύριε,
1772 3696 1861 3763 τίς

282 3778 487 3848 ὅμοιός
542 3794 642 3831 σοι
662 3796 682 3845 ;
707 3779 767 3831 οὐ
800 3778 961 3830 διεῖλε
994 3778 1061 3831 τὰ
1101 3780 1235 3833 ὀστᾶ
1263 3782 1447 3836 αὑτοῦ.
1489 3783 1553 3837 El
1580 3784 1636 3838 δὲ
1664 3786 1720 3839 τὸ
1753 3787 1859 3840 δώ-

280 3873 437 3935 δεκα,
471 3871 565 3924 καὶ
583 3871 641 3923 τὸ
673 3870 865 3935 πολλὰ,
901 3872 994 3924 καὶ
1032 3872 1093 3923 τὸ
1123 3874 1315 3938 πάντα,
1352 3875 1439 3928 ἵνα
1462 3876 1629 3930 τάλλα
1672 3880 1859 3948 παρῶ·-

285 3978 409 4031 μεν,
452 3961 689 4032 ἀριθμοῦ
737 3962 1015 4033 προδήλως
1045 3962 1176 4016 ὄντα
1227 3969 1556 4035 σημαντικὰ,
1601 3970 1857 4040 οὐδεμίαν

281 4055 613 4123 πεποίηνται
645 4055 947 4121 διαίρεσιν,
987 4057 1070 4118 τίς
1099 4057 1131 4125 ή
1159 4058 1540 4127 ἀποκλήρωσις
1572 4060 1665 4113 τοῦ
1699 4064 1858 4131 μόνον

281 4147 375 4199 τὸν
395 4146 488 4199 δύο
514 4148 742 4217 ἀριθμὸν
779 4148 854 4210 ὡς
896 4150 1225 4219 διαιρετικὸν
1266 4150 1668 4216 διαϐάλλεσθαι,
1703 4156 1858 4224 ἡμῶν

286 4240 524 4309 μάλιστα
568 4240 637 4301 ὡς
681 4240 781 4291 οὑκ
829 4242 919 4291 ἐπὶ
963 4241 1226 4310 διαιρέσει
1265 4242 1373 4294 τῶν
1415 4247 1473 4297 ὲν
1503 4246 1723 4315 Χριστῷ
1757 4247 1857 4314 φύ-

285 4348 427 4382 σεων
475 4328 663 4383 τοῦτον
694 4330 1099 4398 λαμόανόντων,
1144 4332 1277 4385 ἀλλὰ
1312 4335 1449 4404 πρὸς
1478 4337 1645 4407 μόνην
1684 4340 1859 4407 δήλω-

286 4440 371 4474 σιν
393 4422 492 4491 τῆς
526 4424 727 4475 τούτων
753 4425 1032 4493 διαφορᾶς,
1071 4426 1163 4477 καὶ
1199 4427 1418 4492 ἔνδειξιν
1464 4434 1609 4501 σαφῆ
1636 4431 1730 4484 τοῦ
1767 4434 1859 4501 μέ-

284 4532 400 4568 νειν
456 4517 624 4579 αὑτὰς
677 4520 983 4586 ἀτρέπτους
1029 4521 1122 4573 καὶ
1183 4520 1521 4590 ἀσυγχύτους
1575 4524 1712 4592 μετά
1758 4525 1858 4596 τὴν

282 4610 566 4679 ἀκραιφνῆ
623 4611 713 4663 καὶ
757 4612 1057 4683 ἀδιαίρετον
1114 4615 1347 4679 ἓνωσινς
1394 4618 1525 4671 ὅπου
1556 4635 1618 4686 γε
1651 4622 1859 4675 καὶέπὶ

282 4702 380 4755 τοῦ
420 4702 674 4769 σώματος
716 4707 864 4774 τρεῖς
914 4706 1160 4773 λέγοντες
1187 4708 1495 4773 διαστάσεις
1530 4712 1589 4763 οὑ
1621 4712 1860 4766 διασπῶ-

286 4811 391 4863 μεν
417 4794 477 4845 τὸ
507 4795 664 4864 σῶμα
698 4795 775 4857 είς
810 4796 934 4864 τρία
972 4800 1255 4869 τμήματα.
1287 4802 1497 4871 Ὥσπερ
1518 4801 1612 4857 οὖν
1640 4807 1734 4859 ἐπὶ
1759 4808 1855 4878 τῆς

287 4887 422 4955 μιᾶς
447 4887 709 4956 (θεότητος
745 4889 777 4957 ή
816 4889 973 4957 τριὰς
1001 4890 1108 4941 τῶν
1138 4891 1490 4947 ὑποστάσεων
1514 4896 1574 4947 οὑ
1593 4897 1859 4966 διαίρεσιν

281 4977 678 5045 ἁλλοτριοῦσαν
724 4980 819 5030 ἀπ’
864 4980 1110 5050 ἀλλήλων
1170 4984 1435 5053 εἰσήγαγε
1463 5004 1475 5016 ο
1524 4988 1859 5056 διαιροῦνται

287 5073 388 5139 μὲν
436 5073 568 5141 γάρ,
612 5072 726 5126 ἀλλ’
783 5074 1141 5140 ὰδιαστάτως,
1178 5077 1272 5131 καὶ
1304 5080 1539 5149 ἦνωνται
1590 5083 1711 5152 μὲν,
1744 5084 1858 5136 ἀλλ’

281 5161 608 5229 ἀσυγχύτως
629 5178 645 5193 ο
679 5163 736 5214 ὲν
762 5162 1020 5234 ἀλλήλαις
1054 5167 1163 5235 γάρ
1184 5168 1439 5237 ἀφύρτως
1462 5170 1855 5240 περιχωροῦσι,

284 5253 611 5322 σωζομένων
641 5255 748 5307 τῶν
780 5256 1054 5325 ίδιοτήτων
1083 5258 1319 5328 ἑκάστης
1346 5275 1359 5289 ·
1400 5259 1572 5321 οὕτως
1619 5262 1728 5331 ἄρα
1764 5264 1856 5316 καὶ

283 5347 378 5397 ἐπὶ
405 5344 495 5398 τοὺ
521 5348 634 5408 ἐνὸς
665 5348 902 5416 Χριστοῦ
926 5350 957 5417 ή
981 5351 1108 5413 δυὰς
1124 5352 1232 5404 τῶν
1255 5353 1468 5420 φύσεων
1494 5355 1556 5407 οὐ
1575 5355 1857 5410 διάστασιν

284 5435 467 5488 αὑτῶν
497 5440 842 5494 ἀπετέλεσεν.

358 5530 422 5580 Αἱ
454 5528 547 5582 δύο
578 5531 766 5600 φύσεις
797 5529 875 5597 εἷς
900 5536 1003 5587 είσι
1036 5537 1289 5605 Χριστὸς,
1320 5540 1413 5592 καὶ
1454 5546 1480 5595 ὁ
1516 5540 1595 5605 εἷς
1624 5544 1857 5613 Χριστὸς

359 5744 372 5772 ¹
408 5742 562 5797 Joan.
596 5757 673 5806 τι,
702 5741 752 5795 9.
832 5745 851 5772 ¹
892 5745 909 5798 1
941 5744 1060 5800 Cor.
1094 5760 1193 5810 xu,
1220 5748 1306 5801 ΞΟ.
1387 5752 1406 5782 ³
1439 5752 1569 5807 Psal
1596 5773 1780 5819 xxxrv,
1808 5759 1891 5815 10.

526 5835 795 5899 Parem"
843 5839 955 5903 Gs.
996 5841 1138 5902 CXX
1154 5843 1235 5901 Χ.

1969 551 2303 617 liypostasim
2364 565 2483 617 quae
2533 562 2819 618 personam
2875 547 3167 614 signiticet,
3221 562 3381 601 unam
3425 564 3548 603 esse

1964 640 2382 691 dicimus:duas
2409 654 2555 703 vero,
2613 654 2733 707 qua:
2774 639 3083 706 signiﬁcent
3141 638 3545 700 exsistentiam,

1963 728 2123 780 etiam
2157 731 2473 792 concedere,
2507 742 2613 782 non
2674 743 2859 782 carere
2900 726 3141 796 periculo
3195 726 3547 801 allirmamns,

1964 834 2069 886 quo
2104 829 2347 873 neutram
2382 820 2433 872 in
2463 822 2580 888 ipso
2608 830 2856 874 naturam
2914 834 3034 874 esse
3079 821 3197 875 sine
3227 820 3547 874 exsiSIenlia

1965 912 2420 966 demonstraturus.
2457 912 2800 967 Exsistentia:
2824 913 2966 966 enim
2991 912 3347 982 hypostasim,
3374 916 3549 967 omnio

1967 1002 2140 1055 busiu
2179 1003 2337 1055 rebus
2372 1004 2729 1071 reperiemus,
2800 1018 3044 1071 personae
3089 1017 3217 1057 vero
3287 1005 3547 1074 hyposta.

1965 1091 2062 1143 sim
2107 1108 2211 1146 non
2234 1093 2283 1145 in
2316 1093 2588 1147 omnibus.
2612 1088 2978 1156 Quamobrem
3005 1093 3311 1161 hypostasis
3339 1095 3547 1150 Christi

1964 1196 2249 1250 personam
2277 1185 2612 1253 signiﬁcans,
2643 1185 2926 1253 utriusque
2962 1195 3178 1239 natura:
3246 1188 3417 1256 ipsius
3455 1198 3547 1241 est

1966 1274 2268 1343 hypostasis
2300 1291 2314 1339 ;
2351 1290 2472 1327 nam
2512 1290 2633 1329 cum
2673 1276 2899 1344 simplex
2931 1288 3096 1340 esset,
3121 1288 3204 1331 est
3236 1277 3374 1331 facta
3399 1294 3549 1333 eom-

1966 1369 2161 1435 posita.
2194 1366 2271 1420 Ac
2301 1367 2479 1421 divina
2507 1369 2723 1435 quidem
2754 1368 2871 1436 ejus
2905 1381 3096 1423 natura
3147 1373 3422 1439 propriam
3446 1373 3545 1425 ha—

1967 1460 2054 1511 bet
2081 1458 2432 1529 hypostasim,
2457 1461 2687 1515 humana
2722 1479 2850 1516 vero
2887 1478 3056 1533 neque
3089 1463 3206 1517 sine
3268 1465 3548 1533 hypostasi

1965 1560 2066 1615 est,
2094 1565 2266 1620 neque
2291 1552 2561 1619 propriam
2598 1553 2754 1608 habet
2776 1555 3131 1625 hypostasim,
3195 1559 3285 1609 sed
3331 1555 3385 1608 in
3452 1558 3550 1624 hy-

1964 1645 2171 1710 postasi
2205 1643 2390 1698 divina
2424 1645 2681 1700 nimirum
2714 1647 2981 1702 subsistit.

2035 1733 2191 1788 Falso
2213 1737 2523 1789 dualitatem
2550 1747 2827 1803 accusant,
2857 1748 3112 1807 tanquam
3140 1741 3313 1808 prima
3354 1740 3547 1794 divisio

1968 1827 2057 1884 sit.
2095 1843 2214 1895 qua:
2246 1828 2425 1881 statim
2452 1840 2573 1898 post
2604 1831 2863 1883 unitatem
2905 1842 3176 1895 occurrat,
3208 1847 3329 1886 cum
3369 1835 3547 1902 potius

1969 1917 2192 1972 duarum
2222 1920 2292 1972 sit
2325 1922 2587 1974 unitatum
2627 1923 2956 1991 conjunctio,
2983 1933 3037 1975 et
3081 1939 3236 1977 suam
3295 1939 3546 1993 compre-

1970 2010 2238 2064 hendeudi
2272 2012 2377 2064 vim
2408 2013 2589 2067 statim
2620 2015 2937 2071 constituat.
2969 2013 3238 2069 Numerus
3268 2016 3411 2069 enim
3438 2032 3543 2069 non

1967 2109 2048 2151 est
2076 2099 2339 2153 unitatum
2374 2100 2593 2167 divisio,
2629 2106 2720 2157 sed
2759 2105 2936 2173 potius
2977 2106 3246 2165 cumulus,
3279 2116 3335 2160 ιιι
3364 2106 3452 2174 qui
3492 2107 3543 2158 in

1966 2203 2028 2241 ea
2060 2187 2315 2244 facultate
2342 2202 2624 2260 praestant,
2660 2194 3041 2252 tleﬁuiverunt.
3070 2195 3224 2261 Quod
3270 2198 3314 2250 si
3368 2198 3545 2249 dualio

1966 2281 2091 2335 tais
2116 2284 2171 2337 in
2204 2299 2285 2348 ea,
2318 2299 2381 2337 ex
2407 2285 2601 2354 quibus
2622 2297 2854 2349 constat,
2889 2289 3271 2343 resolutionem
3305 2290 3545 2343 dividere

1964 2376 2398 2443 (‘Oujnnctionem
2425 2377 2685 2444 dixerint,
2719 2380 2831 2432 sive
2862 2379 3209 2449 cogitatione,
3229 2382 3340 2434 sive
3364 2382 3539 2450 reipsa

1966 2463 2017 2518 id
2055 2464 2166 2529 ﬁat,
2199 2481 2326 2521 vere
2353 2466 2584 2522 fortasse
2609 2469 2915 2537 loquentur.
2952 2469 3351 2524 Dualitassvcro
3385 2472 3436 2523 iu
3483 2489 3543 2524 se

1967 2554 2077 2625 ipsa
2114 2572 2335 2612 manens
2364 2573 2474 2613 non
2509 2566 2591 2613 est
2618 2560 2805 2621 sectio.
2833 2575 3005 2630 neque
3032 2562 3295 2615 unitatum
3324 2561 3542 2627 divisio,

1963 2648 2056 2699 sed
2086 2648 2264 2713 potius
2294 2646 2535 2715 ipsarum
2567 2648 2878 2716 coniunctio
2901 2660 2955 2702 et
3016 2650 3307 2717 copulatio.
3363 2652 3545 2714 Quan-

1964 2752 2126 2805 quam
2156 2747 2348 2791 natura
2377 2739 2583 2791 numeri
2621 2755 2714 2807 per
2747 2755 2803 2793 se
2872 2756 3045 2811 neque
3108 2742 3315 2805 dividit,
3366 2758 3542 2806 neque

1962 2827 2257 2896 coniungit,
2290 2829 2379 2883 sed
2409 2838 2695 2898 utrumque
2726 2830 2953 2898 susripit
2978 2845 3077 2900 pro
3108 2834 3320 2886 ratione
3375 2833 3539 2897 illius,

1962 2920 2133 2987 quieo
2168 2922 2352 2973 utitur.
2381 2918 2563 2989 Neque
2593 2922 2737 2975 enim
2777 2922 3063 2978 liicubitale
3120 2924 3321 2993 lignum
3393 2935 3544 2978 secat

1961 3021 2223 3060 numerus
2254 3009 2479 3075 duorum
2524 3010 2847 3074 cubitorum,
2899 3011 2994 3067 sed
3040 3014 3287 3082 quamvis
3335 3015 3544 3067 dimen-

1964 3111 2083 3149 sum
2111 3096 2202 3160 sit,
2227 3097 2537 3152 continuam
2574 3108 2752 3154 tamen
2798 3115 2952 3155 suam
3016 3102 3214 3156 retinet
3265 3106 3544 3174 quant‘tm

1966 3196 2093 3241 teni.
2122 3185 2231 3241 Nec
2258 3187 2441 3242 decem
2478 3190 2637 3243 modii
2671 3191 2834 3245 tritici
2867 3192 3023 3248 divisi
3062 3205 3206 3257 sunt,
3260 3205 3542 3264 prepterea

1964 3280 2106 3345 quod
2138 3279 2364 3333 dimensi
2392 3280 2517 3335 sint.
2548 3279 2654 3336 Sed
2681 3292 2732 3336 et
2765 3283 3023 3340 Dominus
3079 3300 3200 3340 cum
3255 3286 3540 3341 duodecim

1964 3384 2085 3423 esse
2118 3371 2322 3425 diceret
2353 3372 2514 3426 horas
2543 3375 2647 3426 diei
2682 3376 2697 3405 ι
2727 3416 2743 3439 ,
2791 3392 2897 3429 non
2949 3376 3068 3445 ejus
3135 3379 3316 3433 divisit
3370 3382 3542 3433 rontio

1965 3477 2126 3514 nuam
2152 3465 2533 3531 quantitatem.
2566 3464 2777 3521 Etcum
2806 3472 3094 3535 Apostolus
3132 3472 3358 3537 diceret,
3410 3473 3541 3526 Mul-

1962 3563 2017 3607 ta
2045 3554 2274 3607 membra
2298 3596 2312 3621 ,
2344 3573 2507 3608 unum
2539 3566 2712 3611 autent
2736 3576 2922 3628 corpus
2944 3562 2986 3625 ',
3018 3563 3255 3615 membra
3294 3580 3396 3615 non
3430 3565 3540 3616 dis-

1963 3644 2154 3696 secuit.
2219 3643 2325 3697 Nec
2376 3645 2464 3711 qui
2518 3646 2652 3699 dixit
2698 3646 2941 3701 :Omnia
2989 3667 3112 3702 ossa
3157 3667 3269 3704 mea
3334 3655 3539 3719 dicem,

1966 3733 2209 3796 Domine,
2249 3733 2490 3801 Domine,
2534 3739 2651 3805 quis
2675 3740 2868 3792 similis
2901 3741 2993 3793 tibi
3021 3742 3040 3772 ³
3073 3742 3095 3794 ?
3146 3744 3331 3799 divisit
3369 3761 3539 3800 mein-

1968 3828 2059 3877 bra
2094 3840 2211 3879 sua.
2256 3826 2409 3891 Quod
2460 3832 2501 3882 si
2555 3830 2702 3893 illud,
2743 3834 3041 3895 duodecim,
3098 3844 3153 3887 et
3214 3836 3360 3898 illud,
3407 3838 3543 3890 mul-

1968 3924 2042 3977 ta,
2088 3924 2142 3970 et
2174 3918 2324 3979 illud,
2380 3921 2577 3983 omnia,
2614 3930 2672 3973 ut
2712 3924 2912 3991 reliqua
2964 3938 3366 3993 praetereamus,
3416 3945 3539 3982 cum

1965 4007 2265 4076 signilirent
2342 4026 2648 4079 numerum,
2714 4017 2912 4069 nullam
2974 4029 3151 4072 tamen
3221 4021 3537 4076 divisionem

1965 4098 2220 4164 emtinnt,
2246 4101 2366 4171 quis
2400 4104 2629 4159 duorum
2657 4123 2880 4162 numero
2915 4111 3014 4165 sui
3041 4112 3311 4182 singulare
3342 4129 3540 4169 munus

1966 4195 2066 4246 hoc
2098 4192 2316 4259 tribuat,
2352 4204 2410 4247 nt
2440 4196 2715 4252 dividendi
2751 4201 2851 4252 vim
2888 4202 3103 4266 habeat,
3135 4218 3254 4257 cum
3315 4220 3541 4272 preser-

1964 4283 2060 4336 tini
2094 4300 2214 4337 eum
2245 4301 2342 4340 nos
2394 4302 2499 4342 non
2533 4290 2584 4343 in
2646 4291 2912 4349 divisione
2957 4295 3163 4351 Christi
3222 4309 3538 4353 naturarum

1962 4375 2339 4440 adhibeamus,
2409 4382 2504 4434 sed
2561 4393 2622 4436 ut
2675 4385 2845 4439 solam
2894 4387 3131 4456 ipsarum
3175 4390 3537 4448 diﬂerentiam

1891 4465 1931 4520 Ι)
1965 4463 2162 4519 claram
2192 4466 2574 4535 signiﬁcemus,
2608 4481 2661 4527 et
2687 4476 3154 4543 ostendamus,eas
3178 4480 3298 4536 sine
3356 4492 3539 4538 mut..-

1964 4558 2105 4610 tione
2134 4556 2514 4613 etcoufusione
2544 4571 2663 4629 post
2687 4578 2866 4619 veram
2896 4576 2949 4621 et
2971 4568 3351 4626 indivisibilem
3403 4590 3536 4629 con-

1955 4648 2290 4716 junctionem
2321 4656 2673 4719 permanere?
2697 4656 2828 4710 Nam
2850 4667 2903 4712 et
2940 4659 2994 4713 in
3023 4675 3249 4729 corpore
3280 4665 3401 4719 licet
3427 4676 3536 4720 tres

1963 4738 2328 4794 dimensiones
2359 4742 2622 4810 dicamus,
2652 4762 2758 4801 non
2797 4756 2977 4805 tamen
3010 4752 3184 4821 ipsum
3234 4770 3430 4825 corpus
3481 4762 3535 4813 in

1966 4837 2077 4881 tres
2144 4832 2416 4887 scctiones
2488 4835 2801 4895 dividimus.
2856 4842 3313 4906 Quemadmodum
3373 4849 3535 4918 igitur

1960 4932 2311 4985 personarum
2372 4924 2588 4980 trinitas
2626 4943 2732 4983 non
2765 4931 3003 4999 ipsarum
3073 4935 3395 4992 divisionem
3441 4956 3534 4995 eas

1961 5012 2351 5068 distrahentem
2421 5017 2473 5071 in
2525 5017 2819 5077 Divinitate
2884 5012 3065 5093 parit;
3131 5028 3534 5101 disningnuntur

1959 5104 2124 5166 enim,
2157 5106 2250 5158 sed
2283 5105 2401 5160 sine
2445 5108 2802 5168 distractione
2828 5153 2842 5179 ,
2880 5126 2934 5170 et
2985 5118 3382 5189 coniunguntur
3412 5110 3532 5178 sine

1959 5196 2297 5260 confusione,
2336 5198 2475 5254 inter
2502 5216 2560 5255 se
2616 5204 2757 5257 enim
2783 5220 3088 5263 commeant
3129 5212 3247 5265 sine
3304 5216 3533 5265 commi-

1956 5285 2152 5351 siione,
2178 5293 2408 5343 servatis
2428 5293 2764 5361 singularum
2803 5300 3260 5366 proprietatibus:
3280 5304 3361 5357 sic
3382 5313 3436 5357 et
3473 5306 3527 5357 in

1952 5376 2175 5432 Christo
2198 5390 2509 5437 naturarum
2542 5385 2774 5441 dualitas
2810 5403 2912 5443 non
2938 5391 3099 5445 eﬂicit
3128 5392 3364 5460 ipsarum
3413 5394 3530 5447 dis.

1957 5470 2292 5528 tractionem.

2032 5559 2155 5616 Dure
2183 5574 2388 5621 natura:
2405 5579 2528 5623 sunt
2559 5587 2695 5626 unus
2719 5571 2987 5635 Christus,
3026 5585 3077 5629 et
3109 5590 3247 5631 unus
3278 5578 3527 5636 Christus

3134 5870 3215 5938 34
