3952 6596
466 357 633 427 ’1071

1739 382 2125 445 EUTHYMII
2164 387 2526 450 ZIGABENI

3583 393 3591 411 ⁵
3610 405 3737 473 1072

497 486 560 525 ro
604 488 770 530 carne
806 476 1043 533 animata
1071 482 1250 537 anima
1309 486 1521 542 ratione
1552 499 1841 561 menteque
1884 497 2047 565 ιιι-ιιιάί

497 571 545 589 ιιι
604 564 725 589 Il..-
764 569 898 589 Αμεμ
949 579 1020 589 --.
1091 573 1103 589 ι
1667 581 1677 589 .
1726 583 1749 589 -
1799 584 1810 589 -
1844 585 1855 589 _
1976 586 2002 589 _

2180 502 2307 573 ὅρου
2338 506 2436 576 τῆς
2498 508 2919 580 ὲνεψυχωμένης
2975 514 3181 584 σαρκὸς
3239 516 3385 588 ψυχῇ
3422 517 3611 589 λογικῇ
3660 524 3741 576 καὶ

495 571 568 616 ta.
604 564 727 622 llaec
760 569 901 623 enim
942 579 1024 626 est
1089 573 1337 629 humana:
1385 590 1594 632 natura:
1648 564 1914 640 deﬁnitio.
1964 586 2075 640 Cur

494 652 655 721 igitur
678 658 767 726 qui
796 670 1002 715 natura
1025 662 1389 720 deﬁnitionem
1423 669 1631 738 dicunt,
1663 674 2069 742 appellationem

493 748 665 814 ipsius
696 751 964 819 rejiciuut,
1026 755 1203 811 dicant
1264 759 1371 823 isti,
1434 764 1523 832 qui
1583 781 1649 819 ne
1710 780 2072 825 consentanea

493 840 707 909 quidem
750 843 889 898 inter
933 862 993 900 se
1038 866 1065 900 ιι
1129 856 1552 920 repugnantibus
1589 868 1813 925 possunt
1863 860 2070 916 discer-

493 947 558 984 ΙΝ⁸
569 948 644 986 re.

1102 1031 1253 1086 CAP.
1297 1034 1439 1088 XIX.

562 1115 801 1185 Simplex
828 1130 1020 1174 natura
1056 1139 1159 1177 non
1188 1135 1271 1181 est
1330 1129 1573 1196 ejusdem
1639 1134 1887 1188 essentia:
1945 1150 2065 1189 cum

485 1207 825 1275 composita;
865 1209 1093 1277 simplex
1117 1222 1296 1267 autem
1328 1226 1408 1270 est
1439 1216 1615 1274 Patris
1647 1231 1860 1285 natura.
1910 1223 2070 1277 Chri-

485 1298 553 1350 sti
578 1312 706 1351 vero
747 1303 1075 1376 composita;
1110 1320 1213 1358 non
1241 1306 1407 1375 igitur
1444 1309 1689 1377 ejusdem
1719 1316 1967 1371 essentite
1985 1327 2070 1371 est

482 1388 686 1444 Christi
723 1401 917 1447 natura
952 1409 1073 1449 cum
1113 1408 1303 1451 natura
1344 1399 1535 1456 Patris.
1589 1404 1751 1473 Atqui
1785 1406 2062 1463 Christum

446 1537 451 1544 _
480 1489 535 1535 et
557 1481 796 1548 ejusdem
828 1498 948 1538 cum
974 1485 1133 1541 Patre
1154 1492 1428 1557 essentite,
1466 1502 1520 1547 et
1542 1496 1790 1551 eumdem
1820 1497 2063 1567 ejusdem

482 1575 735 1628 essentia:
808 1576 1090 1632 nobiscum
1143 1580 1411 1638 allirmare
1465 1600 1523 1640 se
1574 1587 1801 1656 lingunt.
1874 1589 2067 1646 Dieant

478 1667 647 1736 igitur
671 1668 885 1724 anileri
937 1671 1108 1740 possit
1156 1683 1214 1727 ut
1271 1690 1400 1741 una.
1450 1680 1905 1748 quemadmodum
1962 1684 2061 1753 ipsi

475 1757 654 1824 aiunt,
686 1760 1217 1827 composita-Christi
1256 1774 1448 1820 natura
1478 1770 1623 1822 omni
1673 1786 1740 1825 ex
1788 1781 1941 1840 parte
1991 1774 2063 1829 sit

476 1849 720 1917 ejusdem
744 1854 998 1906 essentia:
1022 1870 1143 1907 cum
1174 1853 1358 1919 Patre,
1408 1868 1463 1913 ct
1530 1861 1677 1914 omni
1732 1878 1943 1917 rursum
1992 1850 2133 1919 ex'B

473 1950 628 2013 parte
660 1943 899 2014 ejusdem
935 1947 1218 2000 nobiscum
1254 1951 1524 2015 essentize,
1559 1961 1613 2005 ut
1648 1967 1757 2006 uou
1785 1955 1851 2009 ad
1909 1970 2062 2010 eam-

472 2032 596 2087 dem
637 2050 734 2090 nos
766 2036 932 2090 etiam
988 2037 1260 2092 adducant
1312 2042 1623 2107 essentiam,
1680 2059 1841 2113 quam
1901 2047 2064 2102 habet

471 2125 657 2182 Pater.
692 2128 843 2196 Quod
865 2129 911 2184 si
946 2128 1335 2196 dixerint,uou
1362 2134 1507 2188 omni
1560 2150 1624 2190 ex
1685 2147 1837 2206 parte
1896 2156 2057 2193 unam

471 2214 673 2274 Christi
702 2229 950 2273 naturam
987 2235 1105 2274 esse
1132 2232 1185 2274 et
1215 2237 1336 2275 cum
1358 2222 1514 2279 Patre
1531 2236 1584 2278 et
1613 2227 1893 2282 nobiscum
1919 2228 2065 2296 ejus—
2130 2264 2133 2265 ν

448 2308 592 2385 dem
616 2312 884 2376 esseutiae,
919 2311 1183 2380 reliquum
1205 2322 1290 2367 est
1325 2322 1383 2367 ut
1428 2316 1585 2370 unius
1641 2326 1849 2373 naturae
1894 2320 2055 2375 dimi-

468 2403 616 2456 dium
644 2418 765 2457 cum
800 2403 984 2467 Patre.
1017 2414 1071 2458 et
1101 2405 1381 2460 dimidium
1412 2408 1735 2476 sitejusdem
1773 2412 2056 2467 nobiscum

472 2495 753 2551 essentiaa.
788 2493 899 2549 Hoc
928 2507 1106 2548 autem
1140 2498 1265 2565 quid
1300 2499 1443 2551 aliud
1496 2510 1598 2566 est,
1649 2503 1755 2556 uisi
1818 2504 2060 2560 dividere

467 2605 655 2655 unam,
688 2599 746 2643 ttt
769 2587 866 2658 ipsi
900 2590 1104 2657 dicunt,
1133 2590 1332 2646 Christi
1376 2600 1620 2648 naturam
1656 2595 1705 2647 iu
1737 2598 1979 2649 eamdem
2007 2607 2063 2651 et

468 2684 737 2740 diversam
774 2685 1091 2749 essentiam,
1118 2696 1173 2741 ct
1202 2686 1252 2738 itt
1288 2687 1507 2741 totidem
1527 2698 1708 2758 partes
1732 2700 1863 2759 quot
1892 2707 2051 2747 unam

468 2775 673 2831 Christi
712 2787 960 2829 naturam
996 2778 1346 2845 compositam
1380 2776 1705 2836 absolvunt?
1740 2782 1835 2838 Est
1870 2794 2050 2840 autem

469 2868 723 2937 impietas
740 2868 856 2922 Arii
901 2870 1449 2939 etApollinarii,qua:
1478 2871 1781 2930 divinitatis
1844 2886 1899 2931 et
1940 2878 2044 2933 hu-

470 2961 747 3015 manitatis
762 2960 967 3016 Christi
988 2971 1147 3031 negat
1179 2962 1588 3029 perfectionem.

1102 3075 1255 3129 CAP.
1290 3073 1408 3132 XX.

540 3165 597 3220 Si
636 3166 905 3233 Christus,
968 3176 1025 3221 ut
1084 3166 1185 3235 ipsi
1234 3183 1447 3237 quoque
1500 3173 1807 3229 concedunt
1883 3177 2045 3231 etiam
2075 3200 2121 3261 α

2178 597 2361 665 νοερᾷ.
2405 598 2569 668 "Ops;
2603 600 2713 670 γὰρ
2768 602 3119 672 ἀνθρωπίνης
3173 606 3391 675 φύσεως
3433 604 3607 671 οὗτος.
3635 611 3740 675 Πῶς

2174 688 2352 739 τοίνυν
2400 689 2493 741 τὶν
2536 692 2660 759 ὅρον
2718 693 2817 762 τῆς
2866 696 3084 763 φύσεως
3124 696 3377 764 λέγοντες
3416 700 3517 768 τὴν
3568 701 3739 764 κλῆσιν

2174 778 2343 849 αὐτῆς
2386 782 2805 850 παραιτοῦνται,
2841 787 3150 853 λεγέτωσαν
3183 791 3230 840 oi
3290 792 3428 859 μηδὲ
3453 794 3517 842 τὰ
3556 796 3740 860 συμφέ-

2176 888 2342 941 ροντα
2382 874 2596 939 ἑαυτοῖς
2646 879 2738 931 καὶ
2782 880 2851 933 τὰ
2910 880 3193 951 μαχόμενοι
3241 886 3478 953 συνορᾷν
3522 885 3739 954 δυνάμε-

2172 984 2276 1020 νοι.

2811 1067 2968 1125 ΚΕΦ.
3012 1069 3111 1124 ΙΘ’.

2251 1160 2316 1212 'll
2357 1159 2500 1228 ἁπλῆ
2544 1162 2706 1229 φύσις
2744 1164 2809 1231 τῇ
2844 1163 3084 1233 συνθέτῳ
3108 1164 3271 1233 φύσει
3302 1167 3400 1235 οὐχ
3446 1166 3736 1234 ὀμοούσιος,

2168 1251 2231 1305 Ei
2257 1252 2311 1304 δὲ
2346 1252 2491 1322 ἁττλῆ
2526 1252 2625 1321 μὲν
2678 1255 2710 1323 ἠ
2754 1254 2847 1306 τοῦ
2892 1256 3103 1325 Harpe;
3138 1255 3318 1324 φύσις,
3350 1257 3607 1321 σύνθετος
3633 1261 3682 1312 δὲ
3713 1262 3736 1329 ἡ

2165 1343 2262 1398 τοῦ
2291 1344 2555 1413 Χριστοῦ,
2577 1343 2675 1395 οὐκ
2699 1345 2807 1414 ἄρα
2833 1344 3171 1416 ὀμοούσιοςή
3200 1345 3291 1397 τοῦ
3322 1347 3566 1417 Χριστοῦ
3593 1350 3659 1415 cpt}
3673 1366 3737 1411 rt;

2166 1440 2230 1508 τῇ
2261 1437 2420 1505 φύσει
2455 1436 2549 1490 τοῦ
2586 1438 2815 1510 Πατρός.
2864 1439 3023 1490 Ἀλλὰ
3077 1439 3186 1511 μὴν
3214 1438 3507 1508 ὁμοούσιον
3537 1441 3615 1511 τῷ
3638 1442 3736 1495 ﬂ:-

2166 1530 2255 1601 τρὶ
2288 1530 2375 1582 τὸν
2406 1530 2664 1601 Χριστὸν.
2717 1534 2811 1584 καὶ
2842 1532 2973 1601 ἡμῖν
3002 1531 3288 1596 ὀμοούσιον
3323 1532 3418 1585 τὸν
3468 1534 3630 1585 αὑτὶν
3663 1533 3735 1586 λέ-

2165 1638 2284 1689 γειν
2325 1621 2781 1692 προσποιοῦνται.
2816 1624 3139 1691 Λεγὲτωσαν
3172 1624 3354 1676 τοίνυν
3395 1626 3443 1677 εί
3476 1626 3734 1694 ὲνδέλεται

2162 1715 2261 1784 τὴν
2289 1716 2440 1783 μίαν,
2470 1715 2545 1774 ὡς
2576 1716 2731 1769 αὐτοί
2764 1732 2922 1783 φασι,
2951 1716 3209 1768 σύνθετον
3246 1702 3339 1769 τοῦ
3371 1718 3611 1787 Χριστοῦ
3642 1719 3733 1787 (pti-

2168 1823 2253 1858 σιν
2284 1804 2343 1871 ἐξ
2370 1806 2490 1859 ὅλου
2525 1804 2768 1877 εἶναιτῷ
2796 1809 2972 1876 ﬂatth
2998 1809 3305 1877 ὀμοούσιον,
3341 1810 3437 1862 καὶ
3468 1812 3519 1862 ει
3569 1812 3642 1880 μὴ
3665 1816 3731 1874 είς

2162 1882 2263 1969 τὴν
2289 1898 2383 1951 τοῦ
2416 1899 2627 1968 Πατρὸς
2652 1901 3047 1969 ὁμοουσιὸτητα
3092 1898 3253 1952 τοῦτο
3287 1900 3389 1971 καὶ,
3422 1903 3569 1971 ἡμᾶς
3607 1904 3730 1955 ἀνα-

2165 1990 2344 2060 φέρει.
2382 1990 2441 2043 Ei
2473 1990 2527 2043 δὲ
2556 1990 2765 2059 λέγοιεν
2799 1990 2873 2061 μὴ
2908 1992 3048 2044 κατὰ
3095 1991 3155 2044 τὸ
3185 1992 3309 2045 ὅλον
3337 1991 3439 2060 τὴν
3470 1993 3599 2061 μίαν
3646 1994 3728 2046 τοῦ

2160 2080 2403 2150 Χριστοῦ
2437 2082 2600 2150 φύσιν
2632 2080 2710 2152 τῷ
2739 2099 2795 2135 τε
2824 2082 2999 2153 Πατρὶ
3030 2082 3119 2134 καὶ
3149 2082 3281 2153 ἡμῖν
3309 2085 3619 2151 ὁμοούσιον,
3640 2085 3729 2137 λεί.

2166 2190 2328 2227 πεται
2356 2175 2452 2245 τῆς
2489 2176 2619 2244 μιᾶς
2655 2173 2872 2243 φύσεως
2904 2175 2965 2227 τὸ
3016 2174 3114 2244 μὲν
3145 2175 3322 2245 ἥμισυ
3354 2172 3492 2229 εἶναι
3524 2177 3603 2247 τῷ
3633 2179 3725 2231 iis.

2160 2265 2274 2337 τρὶ,
2312 2265 2373 2318 τὸ
2407 2265 2463 2318 δὲ
2494 2266 2667 2335 ἥμισυ
2699 2268 2832 2336 ἡμῖν
2856 2266 3165 2335 ὀμοούσιον.
3199 2268 3308 2321 Καὶ
3351 2269 3514 2322 τοῦτο
3540 2274 3590 2322 τι
3628 2273 3725 2323 ἓτε-

2153 2358 2254 2430 ρόν
2282 2358 2450 2425 ἐστιν,
2482 2359 2512 2431 ἦ
2547 2360 2797 2428 μερίζειν
2831 2361 2897 2432 ἢν
2924 2360 3075 2414 αὐτοὶ
3102 2362 3323 2429 λέγουσι
3352 2364 3487 2429 μίαν
3507 2364 3723 2433 Χριστοῦ

2162 2452 2327 2521 φύσιν
2357 2453 2437 2515 si;
2467 2470 2524 2506 τε
2572 2455 2971 2524 ὀμοουσιότητα
3004 2455 3098 2507 καὶ
3130 2456 3600 2524 ἐτεροουσιότητα,
3640 2459 3721 2508 καὶ

2155 2548 2237 2608 είς
2289 2547 2635 2617 ποστημόρια
2684 2548 2791 2600 τῶν
2849 2547 3317 2617 συμπληρούντων
3402 2550 3590 2611 αὐτοῖς
3635 2550 3719 2617 τὴν

2158 2637 2289 2708 μίαν
2312 2636 2405 2691 τοῦ
2436 2637 2674 2707 Χριστοῦ
2709 2640 2868 2707 φύσιν
2896 2640 2994 2710 τὴν
3022 2640 3298 2704 σύνθετον;
3317 2640 3431 2712 Τῆς
3449 2641 3505 2693 δὲ
3549 2641 3719 2695 Ἀπολ-

2151 2730 2394 2802 λιναρίου
2425 2732 2539 2783 ἐστὶ
2575 2732 2892 2789 δυσσεόεία;
2935 2732 3027 2784 καὶ
3060 2732 3157 2800 τῆς
3194 2733 3411 2802 Ἀρείου
3450 2733 3715 2803 ἀρνεῖσθαι

2151 2821 2212 2876 τδ
2234 2822 2439 2875 τέλειον
2489 2824 2588 2893 τῆς
2634 2824 2889 2894 Θεότητος
2939 2824 3034 2879 τοῦ
3088 2823 3328 2894 Χριστοῦ
3362 2826 3459 2879 καὶ
3488 2825 3589 2894 τῆς
3610 2826 3714 2878 ita?

2149 2914 2316 2969 αὐτὸν
2349 2913 2447 2970 ἀνθ
2453 2915 2795 2987 ρωπότητος.

2805 3073 2965 3131 ΚΕΦ.
2996 3074 3081 3131 κ’.

2805 3076 2965 3131 ΚΕΦ.
2996 3076 3081 3131 κ’.

2222 3164 2286 3218 Ei
2329 3163 2460 3225 υεὺς
2518 3167 2615 3217 καὶ
2660 3163 2951 3235 ἄνθρωπος
3002 3165 3097 3218 καὶ
3126 3165 3248 3219 κατ’
3317 3168 3519 3232 αὐτοὺς
3546 3171 3574 3221 t‘.
3599 3169 3713 3233 lpi-

465 3257 1226 3329 postcoujunctionechus
1246 3270 1300 3313 et
1352 3261 1514 3316 homo
1566 3262 1785 3329 dicitur,
1828 3276 1881 3319 et
1936 3268 2050 3323 haec

2158 3256 2280 3321 στδς
2311 3256 2405 3310 καὶ
2444 3258 2583 3325 μιτᾶ
2636 3256 2735 3321 τὴν
2780 3256 2979 3310 ἕνωσιν
3011 3258 3255 3326 λέγεται,
3303 3261 3498 3326 φύσεις
3535 3262 3590 3314 δὲ
3622 3264 3712 3327 ἁμ-

470 3354 585 3421 ipsa
619 3362 823 3405 natum-
863 3360 1010 3417 sunt,
1038 3354 1309 3420 quomodo
1332 3353 1382 3405 iu
1408 3354 1630 3409 Christo
1669 3358 1785 3412 duze
1844 3367 2051 3415 naturae

468 3458 577 3497 non
629 3452 777 3507 sunt,
838 3442 1100 3511 siquidem
1150 3442 1290 3496 idem
1356 3453 1548 3500 natura
1617 3463 1721 3504 non
1784 3460 1864 3504 est
1910 3451 2051 3507 Deus

464 3547 521 3590 et
560 3534 743 3595 homo.
776 3549 873 3587 nec
908 3548 1014 3601 qua
1059 3540 1247 3585 natura
1288 3532 1429 3588 Deus
1458 3544 1564 3601 est,
1597 3539 1783 3592 eadem
1822 3551 1900 3595 cst
1950 3543 2049 3595 ho-

465 3626 597 3682 mo!

1070 3723 1225 3777 CAP.
1253 3724 1445 3779 XXiV.

537 3812 594 3866 Si
629 3827 753 3866 vera
799 3815 1006 3869 ratione
1039 3825 1093 3869 et
1149 3826 1467 3870 sanctorum
1508 3815 1733 3869 Patrum
1780 3820 2047 3873 sententia

463 3904 652 3957 eodem
684 3904 841 3957 tnodo
870 3920 896 3956 a
928 3920 1154 3973 persona
1184 3906 1362 3959 (ἥσει-ι
1394 3908 1651 3968 essentia.
1683 3922 1789 3975 quo
1808 3924 2048 3963 commu-

472 4011 543 4049 ne
570 4011 597 4047 a
626 3997 868 4063 pmprio,
898 4011 1004 4048 una
1034 3996 1187 4050 Verbi
1222 4009 1412 4049 natura
1447 4012 1548 4050 non
1581 4013 1702 4051 cum
1738 4014 1920 4066 carne,
1954 4003 2046 4055 sed

475 4103 600 4141 cum
628 4086 783 4141 Patre
815 4101 918 4140 una
951 4096 1145 4141 natura
1170 4088 1388 4143 dicitur.
1413 4088 1548 4143 Cum
1597 4091 1709 4155 ipso
1753 4094 1893 4143 enim
1956 4095 2048 4145 ha-

468 4181 557 4235 bet
586 4179 831 4233 eamdem
892 4187 1098 4232 natura:
1129 4180 1411 4233 rationein.
1441 4178 1534 4233 Siu
1558 4195 1659 4233 una
1687 4180 1805 4249 ejus
1856 4190 1911 4236 et
1962 4192 2047 4235 est

460 4281 516 4329 et
540 4270 738 4327 dicitur
772 4279 958 4323 natura
992 4283 1114 4323 cum
1151 4266 1333 4333 Patre,
1370 4285 1649 4340 nunquam
1685 4273 1895 4326 dicetur
1939 4289 2043 4326 uua

460 4381 585 4420 cum
619 4377 783 4417 carne
813 4372 1026 4416 natura.
1060 4362 1211 4428 Quod
1252 4363 1297 4417 si
1355 4379 1459 4417 non
1493 4378 1599 4418 una
1640 4379 1863 4434 prorsus
1920 4380 2044 4418 cum

459 4473 623 4512 carne
656 4467 847 4509 natura
896 4454 1115 4516 dicitur,
1148 4469 1248 4508 nec
1273 4469 1401 4509 caro
1422 4456 1639 4524 quidem
1669 4471 1791 4511 eum
1817 4459 1932 4524 ipso
1959 4458 2043 4509 di-

2156 3352 2385 3420 φότερα,
2426 3349 2545 3412 πῶς
2591 3349 2652 3402 ού
2676 3348 2770 3402 δύο
2793 3349 2987 3417 φύσεις
3016 3351 3045 3400 ὁ
3074 3349 3311 3421 Χριστὸς
3336 3354 3429 3405 καὶ
3462 3354 3601 3423 μετὰ
3628 3354 3711 3421 τὴν

2152 3442 2369 3503 ἕνωσιν,
2425 3441 2584 3509 εἴπερ
2623 3440 2759 3509 μηδὲ
2805 3438 2999 3492 ταυτὸν
3024 3442 3091 3510 τῇ
3127 3441 3286 3511 φύσει
3333 3442 3469 3504 Θεὸς
3511 3444 3602 3495 καὶ
3628 3446 3711 3496 ἀνα

2152 3535 2391 3606 θρωπος,
2428 3534 2559 3604 μηδὲ
2585 3536 2648 3604 τῇ
2678 3534 2814 3603 αὐτῇ
2839 3532 3023 3601 φύσει,
3041 3527 3185 3605 ᾗπέρ
3206 3535 3321 3585 ἐστι
3355 3533 3513 3597 Θεὸς,
3556 3536 3707 3603 ταύτῃ

2153 3627 2269 3680 ἐστὶ
2306 3626 2401 3681 καὶ
2416 3625 2523 3680 svo
2532 3641 2715 3696 ρωπος
2734 3641 2749 3692 ;

2785 3718 2945 3771 ΚΕΦ.
2977 3718 3100 3771 KA'.

2225 3812 2286 3865 Ei
2318 3813 2459 3865 κατὰ
2486 3811 2576 3865 τὸν
2628 3809 2802 3880 ἀληθῆ
2830 3810 2990 3877 λόγον
3027 3811 3121 3863 καὶ
3153 3811 3278 3873 τοὺς
3313 3810 3504 3878 ἁγίους
3549 3809 3703 3862 Πατέο

2154 3919 2255 3973 ρας
2297 3904 2505 3969 ταύτην
2546 3900 2660 3970 ἔχει
2694 3899 2793 3970 τὴν
2844 3900 3112 3972 διαφορὰν
3157 3901 3385 3971 ἡούσία
3435 3902 3567 3969 πρὸς
3616 3903 3704 3965 τὴν

2151 3997 2470 4059 ὑπόστασιν,
2503 3994 2569 4062 ἢν
2604 3994 2711 4063 ἔχει
2753 3992 2814 4045 τὸ
2873 3994 3050 4046 κοινὸν
3088 3994 3226 4063 πρὶς
3256 3993 3318 4046 τὸ
3362 3995 3515 4059 ἴδιον,
3548 3999 3576 4064 ἡ
3614 3996 3700 4063 μία

2150 4086 2310 4154 φύσις
2340 4084 2434 4138 τοῦ
2462 4086 2637 4152 Λόγου
2664 4084 2723 4136 ού
2758 4085 2894 4153 πρὶς
2922 4086 3024 4151 τὴν
3065 4084 3243 4153 σάρκα
3294 4087 3393 4154 μία
3449 4088 3600 4155 φύσις
3624 4086 3701 4137 λέ-

2145 4162 2324 4246 γεται,
2361 4177 2496 4229 ἀλλὰ
2523 4177 2663 4246 πρὸς
2696 4176 2787 4229 τὸν
2814 4176 3060 4246 Πατέρα.
3084 4177 3223 4246 Πρὸς
3247 4179 3411 4232 αὐτὸν
3443 4181 3547 4249 γὰρ
3598 4180 3698 4247 ἔχει

2147 4272 2244 4340 τὴν
2277 4273 2374 4340 τῆς
2405 4271 2619 4340 φύσεως
2644 4272 2872 4341 ἑνότητα
2913 4272 3005 4324 καὶ
3031 4271 3357 4341 ταυτότητα.
3400 4272 3463 4326 Ei
3485 4272 3539 4325 δὲ
3579 4274 3698 4342 πρὸς

2146 4364 2238 4416 τὸν
2274 4363 2491 4432 Πατέρα
2516 4363 2614 4432 μία
2639 4362 2801 4430 φύσις
2831 4362 2948 4415 ἔστι
2980 4378 3039 4414 τε
3069 4363 3163 4414 καὶ
3192 4361 3437 4431 λέγεται,
3471 4365 3692 4431 εὔδηλον,

2147 4456 2223 4518 ὡς
2261 4457 2321 4509 ού
2355 4457 2453 4525 μία
2490 4454 2650 4522 φύσις
2682 4454 2812 4507 ποτὲ
2852 4455 2989 4523 πρὸς
3020 4455 3115 4523 τὴν
3149 4455 3329 4523 σάρκα
3370 4455 3690 4526 λεχθήσεται.

458 4560 614 4602 cetur
642 4564 743 4602 una
772 4554 985 4601 natura.
1014 4547 1082 4598 At
1109 4545 1155 4599 si
1182 4560 1286 4599 nec
1344 4560 1476 4600 caro
1526 4562 1646 4600 cum
1684 4547 1885 4609 Verbo,
1943 4561 2043 4602 nec

2158 4548 2209 4600 Ei
2238 4548 2294 4599 δὲ
2328 4547 2461 4607 ὅλως
2491 4548 2551 4598 οὐ
2590 4547 2685 4615 μία
2725 4546 2887 4613 φύσις
2917 4547 3055 4614 πρὸς
3114 4547 3213 4614 τὴν
3249 4548 3431 4615 σάρκα
3478 4548 3689 4613 λέγεται,

457 4640 691 4695 Verbum
714 4653 835 4691 cum
851 4651 1019 4691 carne
1039 4652 1142 4690 una
1172 4649 1363 4689 natura
1388 4636 1611 4701 dicitur,
1631 4640 1765 4692 duas
1782 4654 1899 4693 esse
1912 4653 2044 4692 cou-

458 4730 629 4787 statin
653 4728 868 4784 Christo
899 4736 1141 4781 naturas.

2141 4640 2389 4707 εὔδηλον,
2420 4639 2495 4701 ὡς
2549 4638 2672 4691 οὐδὲ
2700 4638 2733 4706 ὴ
2772 4636 2909 4706 σὰρξ
2949 4637 3087 4706 πρὸς
3117 4637 3281 4690 αὐτόν
3312 4655 3443 4690 ποτε
3480 4638 3571 4707 μία
3600 4636 3690 4703 φύ-

2142 4750 2225 4793 σις
2254 4731 2596 4799 λεχθήσεται.
2635 4731 2700 4783 Ei
2731 4731 2788 4782 δὲ
2826 4730 2964 4800 μηδὲ
3001 4730 3031 4799 ἡ
3063 4729 3203 4797 σὰρξ
3228 4733 3369 4800 πρλς
3400 4730 3489 4783 τὸν
3520 4730 3686 4795 Λόγον,

459 4824 597 4895 μηδὲ
628 4824 656 4875 ὀ
683 4820 855 4888 Λόγος
890 4820 1029 4887 πρὸς
1058 4819 1157 4888 τὴν
1191 4820 1370 4889 σάρκα
1402 4822 1527 4892 ,μία
1587 4820 1748 4891 φύσις
1787 4823 2024 4893 λέγεται,
2063 4828 2254 4894 σαφὲς,
2306 4827 2387 4878 ὅτι
2440 4828 2471 4895 ἡ
2530 4826 2814 4894 ἀναίρεσις
2851 4824 2953 4892 τῆς
3015 4824 3143 4893 μιᾶς
3194 4824 3415 4891 φύσεως
3460 4824 3551 4895 τὴν
3601 4822 3687 4874 τῶν

455 4914 550 4968 δύο
579 4910 793 4982 φύσεων
823 4908 1138 4973 συνεισάγει
1173 4908 1487 4979 ὁμολογίαν.

1057 5023 1210 5078 CAP.
1243 5023 1434 5079 XXVI.

528 5120 585 5174 Si
614 5117 796 5173 omnia
830 5132 949 5186 quae
974 5127 1101 5172 sunt
1124 5117 1367 5186 ejusdem
1397 5118 1670 5183 essentia,
1710 5128 1916 5173 naturae
1939 5133 2030 5171 ra-

455 5213 601 5266 tione
625 5213 1047 5280 cattjuuguntur,
1070 5217 1123 5262 et
1151 5208 1349 5262 idcirco
1381 5207 1637 5263 dicuntur
1668 5225 1772 5263 Utta
1808 5221 2028 5274 natura,

454 5323 574 5374 qua:
604 5320 730 5359 vero
760 5305 987 5358 diversae
1018 5311 1145 5355 sunt
1181 5302 1431 5355 essentia:
1460 5302 1867 5370 conjunctione,
1924 5318 2028 5355 non

451 5410 633 5453 autem
666 5407 861 5450 natura
898 5395 1236 5464 c0pulantur.
1271 5393 1583 5461 conjunctio
1610 5405 1787 5448 autem
1847 5405 1899 5447 et
1932 5411 2031 5447 na-

451 5502 573 5544 tura
602 5492 740 5544 idem
780 5505 883 5541 uon
916 5498 1063 5547 sunt.
1096 5502 1162 5539 ne
1198 5486 1335 5538 idem
1370 5485 1587 5554 quidem
1615 5496 1719 5545 est.
1770 5488 1911 5553 quod
1968 5502 2032 5541 ex

451 5577 583 5643 ipsis
608 5575 912 5630 coniicitur.
943 5574 1094 5639 Quod
1127 5575 1173 5627 si
1211 5588 1268 5626 ea
1302 5588 1422 5642 qua:
1481 5582 1670 5626 natura
1735 5576 2031 5643 eonjungit.

451 5667 707 5719 dicuntur
736 5680 839 5718 una
877 5679 1089 5725 natura,
1148 5678 1267 5730 qua:
1322 5665 1712 5731 conjunctione
1768 5666 2024 5732 copulata

453 5770 601 5820 sunt,
639 5765 893 5826 persotta,
928 5774 1033 5809 non
1094 5767 1272 5809 autem
1324 5768 1521 5810 natura
1573 5768 1739 5825 atque
1787 5760 2025 5812 essentia

432 5854 620 5902 'uuum
659 5864 775 5901 esse
804 5850 1067 5901 dicentur.

2766 5027 2921 5083 ΚΕΦ.
2960 5027 3102 5096 Kq’.

2203 5115 2264 5167 Ei
2304 5116 2479 5167 πάντα
2510 5116 2577 5168 τὰ
2611 5118 2873 5182 ὁμοούσια
2902 5117 2978 5189 τῷ
3007 5120 3103 5189 τῆς
3133 5123 3351 5189 φύσεως
3376 5121 3515 5190 λόγῳ
3542 5119 3680 5172 συνα-

2132 5223 2346 5270 πτεται,
2377 5209 2471 5260 καὶ
2518 5208 2605 5260 διὰ
2652 5210 2808 5261 τοῦτο
2864 5210 3113 5275 λέγονται
3166 5212 3266 5281 μία
3314 5214 3494 5281 φύσις,
3544 5215 3605 5265 τὰ
3630 5212 3677 5263 δὲ

2130 5298 2443 5369 δτεροούσια
2473 5299 2686 5364 ἐνώσει,
2722 5301 2817 5353 καὶ
2846 5300 2905 5352 ού
2939 5300 3098 5368 φύσει
3130 5303 3498 5356 συνάπτεσθαι
3527 5304 3677 5368 πέφυ-

2132 5408 2246 5452 κεν,
2283 5392 2343 5443 ού
2375 5392 2568 5443 ταυτὸν
2593 5392 2646 5442 δὲ
2687 5393 2881 5453 ἒνιοσις
2914 5395 3004 5445 καὶ
3038 5394 3201 5461 φύσις
3228 5410 3243 5425 ο
3282 5395 3342 5446 ού
3378 5397 3563 5448 ταυτὸν
3586 5396 3676 5461 ἄρα

2132 5484 2188 5535 τὸ
2215 5484 2273 5546 ἐξ
2300 5486 2498 5553 ἀμφοῖν
2526 5486 2893 5555 ἀποτέλεσμα.
2924 5486 2982 5537 Ei
3006 5486 3062 5538 δὲ
3088 5486 3122 5540 ἃ
3153 5487 3184 5555 ἡ
3209 5487 3374 5554 φύσις
3410 5489 3669 5544 συνάπτει,

2134 5577 2230 5643 μία
2271 5576 2427 5641 φύσις
2454 5576 2695 5643 λέγεται,
2726 5577 2794 5629 τὰ
2826 5580 2890 5646 τῇ
2918 5575 3107 5629 ἑνὼσει
3142 5579 3515 5645 συναπτόμενα
3552 5576 3670 5627 ὐποο

2130 5666 2313 5716 στάσει
2351 5667 2472 5733 μὲν,
2505 5667 2564 5717 οὔ
2601 5669 2704 5735 μὴν
2752 5665 2909 5726 φύσει
2944 5667 3037 5718 καὶ
3097 5665 3256 5741 οὐσίᾳ
3303 5666 3361 5720 ἓν
3410 5660 3538 5718 εἶναι
3594 5664 3667 5713 λε-

2126 5757 2412 5826 χυήσεται.
