3952 6558
227 412 373 499 1013

863 528 1018 586 ΚΕΦ.
1054 532 1181 588 KZ'.

298 616 510 679 Κοινῶς
533 617 683 688 παρά
712 617 927 673 πάντων
967 622 1314 692 ὡμολόγηται
1340 626 1400 677 τὸ
1426 643 1444 676 ι
1472 624 1789 693 ἄνθρωπος»

221 707 395 777 δνομα.
414 709 510 777 τὴν
529 709 688 779 φύσιν
714 710 929 781 δηλοῦν,
957 714 1016 765 τὸ
1044 714 1101 766 δὲ
1132 732 1150 765 ι
1179 715 1389 779 Παῦλος
1416 716 1485 786 »ἢ
1512 736 1527 766 ι
1560 717 1788 785 Πέτροςι

222 801 323 867 τὴν
354 798 674 854 ὑπόστασιν.
717 801 876 855 Κατὰ
918 802 973 856 δὲ
998 788 1089 857 τὸν
1121 806 1391 876 μακάριον
1422 807 1684 878 Κύριλλον
1736 807 1799 860 τὸ

231 907 250 939 ι
283 890 519 958 Χριστὸς
546 909 562 942 ι
596 892 766 959 ὄνομα
790 891 913 945 οὔτε
939 893 1168 963 δύναμιν
1211 896 1337 967 ὅρου
1378 896 1511 965 ἔχει,
1542 896 1665 951 οὔτε
1700 897 1799 966 τὴν

224 980 369 1043 τινὸς
411 981 601 1034 οὐσίαν
638 982 807 1051 δηλοῖ,
850 985 923 1047 ὡς
981 984 1290 1054 ἀνθρώπου,
1327 988 1421 1039 καὶ
1460 988 1654 1052 ἵππου,
1706 989 1800 1041 καὶ

228 1072 372 1139 βοὸς,
427 1074 521 1125 καὶ
552 1073 779 1127 ἑκάστου
811 1076 917 1128 τῶν
952 1075 1055 1128 ὑπὸ
1095 1078 1155 1129 τὸ
1199 1079 1329 1131 αὐτὸ
1362 1074 1523 1142 εἷδος.
1588 1081 1804 1133 Οὐκοῦν

226 1165 289 1216 ού
326 1165 523 1217 ταυτὸν
553 1164 835 1235 ἄνθρωπόν
890 1184 949 1221 τε
982 1167 1168 1233 ἁπλῶς
1185 1172 1379 1237 εἰπεῖν,
1415 1174 1510 1225 καὶ
1532 1173 1794 1243 Χριστόν.

226 1254 356 1317 Πῶς
378 1255 555 1309 τοίνυν
572 1255 735 1310 τὸτοῦ
765 1258 1054 1329 ἀνθρώπου
1080 1262 1434 1332 παράδειγμα
1458 1264 1556 1330 τῆς
1585 1263 1801 1333 φύσεως

226 1346 288 1400 ὃν
320 1348 620 1417 δηλωτικὸν
659 1352 921 1421 μετάγετε
952 1354 1045 1405 ἐπὶ
1077 1354 1139 1407 τὸ
1176 1356 1269 1408 τοῦ
1298 1355 1543 1425 Χριστοῦ
1588 1357 1803 1427 πρόσω-

231 1456 355 1502 πον,
382 1438 476 1493 τοῦ
506 1441 791 1509 ὀνόματος(
806 1442 895 1496 τοῦ
926 1442 1349 1513 Χριστοῦικατά
1372 1448 1463 1500 τὸν
1482 1448 1803 1503 διδάσκαλον

231 1532 292 1584 οὐ
344 1530 507 1599 φύσιν
550 1532 858 1601 δηλοῦντος,
891 1534 1009 1586 ἀλλ’
1039 1536 1374 1602 ὑπόστασινς
1414 1538 1477 1590 Ei.
1508 1538 1563 1591 δὲ
1598 1539 1801 1609 λέγητε

232 1622 403 1674 αὐτόν
427 1639 484 1675 τε
512 1622 605 1675 καὶ
632 1625 754 1686 τοὺς
783 1624 975 1688 ἄλλους
992 1626 1240 1697 Πατέρας
1268 1628 1574 1699 χρήσασθαι
1598 1628 1674 1698 τῷ
1704 1630 1801 1682 τοῦ

235 1710 529 1781 ἀνθρώπου
613 1715 1020 1784 παραδείγματι
1098 1719 1176 1780 εἰς
1233 1718 1326 1771 τὸν
1383 1719 1485 1789 τῆς
1559 1719 1802 1784 ἑνώσεως

238 1803 422 1871 λόγον,
463 1806 523 1857 οὐ
555 1806 646 1859 τὸν
672 1806 859 1871 ἁπλῶς
901 1808 1210 1878 ἄνθρωπον,
1242 1810 1380 1865 ἀλλὰ
1415 1812 1508 1865 τὸν
1543 1812 1666 1867 τινὰ
1697 1833 1804 1867 παι

236 1894 699 1964 ραλαμϐάνουσιν.
745 1898 1071 1963 ’Υπόστασις
1122 1901 1179 1954 δὲ
1199 1897 1373 1965 οὗτος.
1438 1906 1803 1976 Ἐπιστησατε

233 1987 315 2050 δὲ,
368 1988 449 2040 ὅτι
496 1990 590 2041 καὶ
618 1990 675 2043 ὲν
707 1991 856 2045 δυσὶν
885 1993 1045 2046 αὑτὸν
1077 1997 1187 2057 ’τοῖς
1212 1997 1468 2065 χιμάροις
1519 1998 1809 2067 διαγράφει

232 2080 316 2146 τῷ
361 2080 525 2150 λόγῳ.
564 2082 773 2152 Ὥσπερ
826 2082 917 2137 οῦν
963 2087 1077 2137 ἐκεῖ
1129 2086 1186 2138 ού
1236 2087 1368 2157 πρὸς
1410 2089 1506 2151 τὰς
1564 2091 1803 2143 ὑποστά-

237 2187 354 2232 σεις
415 2172 520 2223 τῶν
574 2175 825 2244 χιμάρων
898 2176 1056 2245 φέρει
1127 2176 1187 2229 τὸ
1248 2179 1621 2250 παράδειγμα,
1669 2182 1806 2236 ἀλλά

235 2260 377 2328 πρὸς
420 2259 479 2311 τὸ
508 2260 760 2332 διάφορον
794 2264 884 2315 τοῦ
915 2281 973 2316 τε
994 2264 1193 2329 ζῶντος
1236 2268 1329 2319 καὶ
1358 2267 1449 2320 τοῦ
1504 2270 1805 2339 τεθυμένον

234 2353 339 2418 τὴν
372 2352 649 2422 ἀναφορὰν
669 2353 779 2422 ἔχει
816 2369 831 2384 °
860 2354 1004 2409 οὕτω
1054 2358 1146 2409 καὶ
1176 2357 1413 2413 ἐνταῦθα
1456 2359 1517 2412 ού
1550 2362 1684 2431 πρὸς
1714 2361 1810 2432 τὴν

236 2440 520 2510 ἀναίρεσιν
588 2444 695 2495 τῶν
747 2445 1004 2513 φύσεων,
1056 2447 1189 2500 άλλά
1246 2450 1380 2519 πρὸς
1425 2451 1522 2519 τὴν
1576 2450 1804 2519 ἑνότητα

237 2534 337 2585 τοῦ
381 2534 696 2603 προσώπου,
725 2538 757 2606 ἡ
798 2535 893 2589 τοῦ
928 2538 1070 2601 τινὸς
1124 2539 1415 2605 ἀνθρώπου
1440 2541 1605 2593 εἰκὼν
1631 2560 1810 2611 παρα-

240 2622 603 2691 λαμϐάνεται.
650 2625 770 2679 Ὀτι
796 2627 851 2679 δὲ
881 2628 974 2680 καὶ
999 2630 1025 2680 ὁ
1067 2629 1151 2691 τὶς
1179 2630 1464 2700 ἄνθρωπος
1498 2633 1645 2701 παρά
1700 2635 1813 2695 τοῖς

241 2716 429 2779 αὐτοῖς
459 2718 735 2788 Πατράσιν
764 2722 828 2771 ἐκ
851 2720 966 2786 δύο,
1007 2723 1101 2773 καὶ
1134 2721 1227 2773 δύο
1262 2722 1452 2791 φύσεις
1480 2724 1617 2790 ἐστὶ,
1678 2725 1814 2776 καθὸ

242 2803 394 2875 ψυχὴ
465 2806 558 2859 καὶ
609 2808 786 2879 σῶμα,
830 2809 893 2860 ὲκ
924 2809 1032 2861 τῶν
1084 2812 1590 2882 συγγεγραμμένων
1632 2814 1817 2876 αὐτοῖς

245 2896 576 2967 πολλαχόθεν
606 2897 720 2952 ἔστι
755 2900 1117 2957 πιστώσαθαι.

248 3014 381 3068 ’Ἔτι
403 3016 577 3090 -κατὰ
604 3016 1074 3090 Μονοςξυσιζῶν,
1096 3018 1507 3090 ,Ἀναστασίου
1540 3021 1816 3090 μοναχοῦ

322 3084 440 3160 τοῦ
465 3087 744 3160 ξιναζτου
778 3084 863 3139 ἐκ
893 3087 1005 3155 τῆς
1031 3087 1252 3151 ,ϐίϐλου
1298 3088 1405 3157 τῆς
1440 3084 1821 3160 καλουμῶῖης

324 3171 347 3205 s
388 3154 662 3223 Ὀδηγοῦ.
697 3175 715 3207 ι

320 3268 560 3339 Σευῆρος
583 3271 610 3322 ὁ
653 3270 984 3341 Ἀντιοχείας
1009 3271 1219 3325 ἐκεῖθεν
1235 3272 1501 3344 διωχθεὶς,
1549 3269 1711 3345 ἦλθεν
1741 3277 1820 3339 εἰς

259 3362 692 3432 Ἀλεξάνδρειαν,
718 3366 809 3416 καὶ
836 3363 1016 3433 βίϐλον
1052 3365 1306 3428 συνέταξε
1350 3365 1530 3435 πάσης
1573 3367 1819 3437 βλασφηο

250 3454 381 3523 μίας
416 3455 643 3524 μεστὴν,
678 3454 1129 3525 κατατρέχουσαν
1156 3455 1255 3525 μὲν
1286 3455 1385 3524 τῆς
1415 3456 1471 3508 ὲν
1513 3455 1820 3527 Χαλκηδόνι

247 3548 288 3600 δ’
318 3547 561 3608 συνόδου,
614 3546 949 3599 συνιστῶσαν
1006 3545 1063 3599 δὲ
1096 3546 1155 3599 τὸ
1193 3545 1370 3617 δόγμα
1404 3547 1464 3599 τὸ
1494 3548 1653 3616 λέγον
1692 3548 1821 3619 μίαν

250 3637 419 3706 ιρύσιν
436 3636 688 3705 γενέσθαι
712 3638 850 3707 μετά
868 3636 965 3705 τὴν
988 3637 1183 3691 ἕνωσιν
1229 3638 1319 3690 τὸν
1343 3637 1599 3708 Χριστὸν,
1634 3638 1823 3709 ἥντινα

251 3730 437 3798 βίϐλον
469 3729 739 3800 Φιλαλήθη
802 3729 932 3799 παρ’
968 3730 1134 3783 αὐτοῦ
1195 3729 1488 3800 κληθεῖσαν
1548 3730 1688 3801 ὑπὲρ
1755 3731 1823 3785 τὰ

253 3820 564 3888 Εὑαγγέλια
614 3821 817 3889 τιμῶσι
869 3820 1009 3873 κατά
1056 3837 1115 3872 τε
1148 3820 1348 3891 Συρίαν
1412 3822 1505 3873 καὶ
1547 3822 1824 3889 Αἴγυπτον

249 3913 573 3981 Σευηριανοι
607 3913 701 3966 καὶ⁵
739 3911 1072 3974 ἰακωὸῖται,
1123 3914 1217 3965 καὶ
1274 3914 1324 3965 οἱ
1377 3913 1483 3966 ἀπὸ
1541 3913 1823 3984 Εὐτυχοῦς

249 4004 347 4055 καὶ
417 4003 737 4073 Διοσκόρου,
780 4004 875 4055 xui
907 4002 1189 4055 Θεοδοσίου
1237 4006 1333 4056 καὶ
1362 4006 1672 4075 Τιμοθέου,
1729 4008 1826 4059 καὶ

249 4095 364 4146 τῶν
407 4095 608 4147 λοιπῶν
658 4096 1070 4163 Μονοφυσιτῶν.
1108 4097 1182 4149 Οὐ
1225 4097 1490 4165 πρότερον
1517 4097 1609 4149 οῦν
1642 4098 1824 4151 διαλε-

252 4188 413 4240 κτέον
435 4190 546 4250 τοῖς
566 4187 830 4250 τοιούτοις
857 4188 1279 4256 Μονοφυσίταις,
1306 4191 1434 4261 πρὶν
1457 4189 1522 4243 ἂν
1552 4190 1829 4261 διορίσων-

250 4298 368 4343 ται,
407 4280 460 4332 τί
494 4282 610 4333 ιστι
644 4280 827 4347 φύσις,
868 4281 961 4333 καὶ
984 4281 1039 4333 τί
1067 4280 1245 4345 οὐσία,
1278 4283 1371 4333 καὶ⁵
1399 4282 1451 4334 τί
1503 4282 1822 4350 πρόσωπον,

254 4377 351 4428 καὶ
383 4374 432 4425 τί
459 4374 772 4437 ὑπόστασις.
826 4372 1043 4444 Ἐπειδὴ
1074 4375 1178 4445 γὰρ
1206 4374 1263 4428 ἒν
1290 4376 1579 4447 πρόσωπον
1624 4377 1649 4429 ό
1690 4376 1825 4447 Χρι-

202 4536 207 4541 ξ
254 4469 379 4528 στδς
405 4466 493 4519 διὰ
515 4466 613 4534 τὴν
665 4465 794 4535 μίαν
824 4466 1151 4528 ὑπόστασιν,
1187 4466 1315 4535 μίαν
1340 4470 1504 4535 φύσιν
1556 4468 1719 4521 αὑτὸν
1746 4463 1825 4521 εί-

1176 423 1555 487 PANOPIJA
1597 423 2056 487 DOGMATICA.
2094 418 2159 463 -+
2198 428 2349 489 TlT.
2385 424 2519 485 XVI
2612 466 2621 471 ρ

3343 414 3487 481 1οη

2465 531 2623 588 CAP.
2685 528 2899 585 XXV".

1967 624 2254 678 Communi
2283 638 2469 677 omnes
2499 636 2765 675 consensu
2796 620 3061 684 fatentur,
3126 631 3320 672 nomen
3351 615 3479 677 hoc,

1898 716 2072 777 homo,
2110 727 2355 768 naturam
2380 713 2712 782 significare,
2738 711 2939 765 Paulus
2975 720 3183 773 autem,
3230 715 3323 761 aut
3384 703 3481 759 Ps-

1901 817 2035 869 trus,
2065 820 2369 874 personam.
2404 804 2471 857 At
2503 818 2697 857 nomen
2734 802 2853 864 hoc,
2886 801 3150 865 Christus,
3189 808 3247 853 ttt
3284 799 3478 851 beatus

1901 898 2135 969 Cyrinus
2174 898 2352 956 docet,
2389 910 2489 949 nec
2521 895 2627 947 vim
2672 894 2835 948 habet
2865 892 3218 953 definitionis,
3251 904 3351 944 nec
3385 887 3481 940 ali-

1900 990 2315 1058 cujus'declarat
2373 990 2684 1043 essentiam.
2737 997 2793 1040 ut
2846 985 3101 1048 hominis,
3159 991 3253 1036 aut
3305 979 3478 1042 bovis,

1902 1083 2160 1150 autequi,
2194 1090 2285 1135 aut
2342 1080 2609 1149 cujusque
2666 1093 2855 1133 eorum
2911 1092 3030 1146 quae
3092 1074 3191 1128 sub
3236 1073 3480 1127 eamdem

1902 1170 2139 1237 speciem
2201 1170 2425 1224 cadunt.
2486 1169 2675 1237 Itaque
2716 1182 2819 1219 non
2880 1165 3017 1219 idem
3073 1172 3156 1217 est
3205 1162 3487 1217 hominem

1902 1260 2222 1329 simpliciter
2247 1262 2447 1323 dicere,
2508 1270 2562 1315 et
2622 1259 2923 1313 Christum.
2982 1253 3263 1323 Quomodo
3318 1253 3494 1322 igitur

1905 1352 2144 1407 hominis
2202 1353 2532 1422 exemplum,
2590 1367 2701 1421 quo
2751 1359 2943 1405 natura
2995 1347 3354 1419 signiﬁcatur,
3414 1343 3479 1395 ad

1901 1444 2414 1515 Christi'personam
2444 1447 2632 1501 referri
2665 1454 2874 1513 potest,
2926 1458 3049 1498 cum
3102 1454 3296 1495 nomen
3354 1438 3483 1504 hoc,

1906 1537 2171 1603 Christus,
2202 1554 2266 1595 ex
2307 1538 2652 1607 praeceptoris
2687 1537 2929 1591 doctrina
2963 1552 3068 1588 non
3102 1540 3351 1587 naturam
3396 1531 3484 1582 in-

1907 1634 2067 1697 dicet,
2104 1634 2195 1688 sed
2220 1633 2543 1703 personam?
2573 1631 2726 1699 Quod
2778 1631 2823 1685 si
2881 1628 3129 1683 dixeritis
3176 1636 3231 1678 et
3285 1626 3500 1693 ipsnm,

1907 1738 1961 1781 et
2002 1727 2139 1781 alios
2200 1725 2390 1779 Patres
2436 1725 2501 1779 ad
2556 1721 2952 1791 coniunctionis
2996 1720 3256 1773 rationem
3308 1713 3483 1782 expli-

1910 1822 2135 1873 candam
2168 1817 2399 1872 hominis
2426 1815 2731 1884 exemplum
2765 1812 3045 1871 adhibere,
3098 1810 3495 1877 reSpondentus.

1914 1923 2007 1964 eos
2044 1924 2147 1962 non
2176 1907 2495 1976 simpliciter
2525 1908 2792 1960 hominem
2826 1905 3091 1973 accipere,
3119 1902 3211 1956 sed
3247 1898 3488 1967 aliquem

1914 1997 2460 2067 hominem;aliquis
2522 2006 2699 2051 autem
2754 2005 2808 2048 et
2842 1993 3137 2064 singularis
3192 1992 3353 2047 homo
3405 1998 3487 2042 est

1914 2103 2163 2156 persona.
2191 2092 2259 2143 At
2286 2088 2515 2143 duorum
2547 2089 2710 2141 etiam
2747 2087 3021 2141 hircorum
3055 2085 3225 2151 ipsum
3282 2079 3489 2136 descri-

1912 2179 1990 2233 bit
2018 2178 2281 2248 exemplo.
2324 2177 2682 2243 Quamobrem
2711 2186 2769 2230 ut
2793 2191 2856 2230 eo
2888 2176 3004 2230 loco
3028 2188 3286 2238 personas
3311 2172 3488 2225 hin-o-

1915 2285 2033 2324 rum
2074 2270 2378 2337 exemplum
2403 2283 2505 2322 non
2545 2268 2784 2338 respicit,
2808 2267 2901 2322 sed
2930 2266 3179 2329 viventis,
3207 2274 3262 2319 et
3290 2264 3486 2317 immo-

1914 2360 2005 2415 lati
2042 2359 2406 2415 diﬂ‘erentiam
2436 2377 2451 2427 ;
2488 2360 2569 2415 sic
2586 2360 2864 2414 etiamhoc
2890 2357 3008 2413 loco
3030 2357 3261 2413 sumitur
3315 2355 3487 2408 alicu-

1910 2452 1999 2521 lus
2028 2454 2263 2509 hominis
2290 2452 2606 2517 similitudo,
2631 2468 2733 2507 non
2767 2460 2825 2506 ut
2854 2452 3112 2507 tollantur
3136 2460 3359 2510 naturae.
3392 2450 3488 2503 sed

1919 2554 1975 2597 ut
2000 2559 2241 2612 personae
2270 2545 2451 2599 unitas
2502 2544 2839 2599 ostendatur.
2875 2544 3027 2609 Quod
3074 2552 3250 2595 autem
3290 2540 3489 2608 aliquis

1917 2650 2013 2690 seu
2033 2634 2321 2706 singularis
2337 2636 2499 2690 homo
2516 2650 2581 2691 ex
2598 2633 2820 2688 Patrum
2846 2634 3111 2689 sententia
3128 2634 3330 2687 duabus
3347 2648 3374 2685 e
3398 2650 3494 2685 na-

1924 2727 2059 2781 turis
2081 2736 2312 2794 constet,
2332 2737 2383 2781 et
2401 2728 2471 2781 sit
2494 2728 2610 2781 duae
2639 2737 2868 2789 naturae,
2890 2735 3153 2794 quatenus
3201 2733 3281 2780 est
3311 2726 3489 2779 anima

1920 2826 1975 2874 et
2009 2833 2228 2888 corpus,
2251 2834 2314 2875 ex
2337 2835 2522 2875 eorum
2560 2818 2781 2889 scriptis
2817 2817 3001 2872 multis
3031 2817 3083 2871 in
3113 2816 3245 2871 locis
3270 2817 3491 2886 intelligi

1924 2922 2121 2981 potest

1922 3026 2053 3082 Item
2089 3027 2333 3080 adversus
2358 3042 2443 3081 eos
2465 3028 2553 3096 qui
2581 3044 2739 3081 unam
2762 3027 2817 3079 in
2844 3025 3051 3079 Christo
3072 3034 3320 3096 naturam
3344 3041 3493 3078 assa-

1999 3106 2143 3157 runt,
2194 3094 2483 3149 Anastasii.
2515 3097 2754 3150 monachi
2811 3097 3054 3162 Sinaitw,
3101 3110 3165 3149 ex
3204 3094 3360 3159 libro,
3403 3097 3493 3165 qui

2004 3183 2023 3217 ι
2071 3165 2176 3219 Vite
2204 3167 2313 3218 dua:
2336 3184 2354 3216 ι
2390 3167 2714 3220 inscribitur.

1991 3278 2224 3333 Severus
2292 3280 2576 3349 episcopus
2630 3281 2971 3345 Antiochiae,
3035 3279 3160 3336 inde
3239 3280 3498 3349 expulsus

1921 3368 2300 3422 Alexandriam
2334 3368 2500 3431 venit,
2532 3377 2586 3422 et
2615 3368 2808 3422 librum
2837 3370 3139 3439 coxnposuit
3166 3369 3309 3423 omni
3334 3384 3493 3423 exse-

1922 3459 2161 3514 cratio‘ne
2191 3457 2426 3527 plenum,
2459 3474 2566 3528 quo
2596 3458 3019 3514 Chalcedoneusi
3055 3460 3285 3514 concilio
3306 3460 3499 3515 adver-

1927 3563 2101 3617 satur,
2171 3554 2471 3621 dogmaque
2532 3553 2833 3616 constituit,
2884 3567 2990 3622 quo
3042 3552 3317 3607 Christum
3377 3564 3499 3622 post

1926 3639 2362 3708 conjunctionem
2396 3655 2555 3693 unam
2580 3654 2698 3693 esse
2719 3650 2970 3695 naturam
3022 3640 3221 3695 factum
3277 3643 3496 3695 asserit.

1923 3728 2194 3785 Huncilte
2244 3731 2439 3783 librum
2500 3727 2833 3785 Philolai/ten
2891 3730 3183 3800 inscripsit,
3234 3747 3392 3802 quem
3442 3734 3493 3787 in

1927 3822 2083 3893 Syria
2143 3829 2196 3875 et
2230 3822 2280 3874 in
2310 3820 2540 3891 Egypto
2572 3821 2868 3887 Severiaui,
2900 3833 2952 3877 et
2984 3822 3261 3888 Jacobitat,
3294 3834 3348 3878 et
3404 3828 3495 3895 qui

1925 3914 1991 3968 ab
2026 3913 2258 3982 Eutyche
2287 3923 2340 3966 et
2385 3912 2660 3978 Dioscoro,
2714 3922 2768 3967 et
2821 3914 3145 3982 Theodosio,
3201 3926 3255 3970 et
3310 3915 3497 3971 Τίιιιο-

1928 4005 2054 4059 theo
2113 4006 2342 4057 instituti
2402 4018 2548 4070 sunt,
2604 4016 2657 4059 et
2708 4005 2901 4075 reliqui
2953 4022 3117 4060 unam
3173 4006 3227 4060 in
3279 4006 3498 4060 Christo

1928 4110 2174 4152 naturam
2225 4109 2544 4163 asserentes,
2593 4096 2896 4168 Evangeliis
2962 4108 3318 4167 anteponunt.
3380 4099 3501 4152 Non

1926 4201 2009 4246 est
2075 4202 2252 4245 autent
2308 4207 2429 4245 cum
2484 4190 2604 4245 istis
2660 4193 2810 4260 prius
2863 4191 3269 4259 disputandum,
3336 4206 3496 4259 quam

1926 4281 2053 4351 quid
2088 4294 2299 4345 natura,
2332 4282 2745 4357 qui_d°essentia,
2771 4281 2895 4349 quid
2923 4282 3251 4351 hypostasis,
3280 4292 3332 4337 et
3367 4282 3499 4351 quid

1929 4386 2158 4441 persona
2192 4374 2284 4439 sit,
2313 4373 2641 4428 deiinierint.
2672 4373 2808 4425 Nam
2836 4373 2961 4442 quia
2991 4373 3239 4426 Christus
3273 4383 3357 4428 est
3392 4388 3501 4428 una

1931 4480 2180 4533 persona,
2218 4465 2316 4531 ipsi
2346 4480 2442 4534 pro
2483 4479 2591 4518 una
2639 4478 2866 4532 persona
2909 4478 3068 4519 unam
3103 4476 3351 4519 naturam
3417 4466 3502 4518 di-

252 4576 340 4610 ναι
373 4557 608 4625 λέγουσι,
650 4558 840 4609 ταυτὸν
873 4554 1008 4611 εἶναι
1038 4559 1327 4628 πρόσωπον
1350 4561 1442 4611 καὶ
1474 4557 1637 4627 φύσιν
1660 4560 1814 4612 διενι-

1929 4565 2077 4620 cunt,
2116 4557 2359 4626 idemque
2399 4568 2686 4625 personam
2709 4565 2762 4611 et
2826 4566 3075 4611 naturam
3121 4571 3243 4612 esse
3295 4559 3501 4611 consti-

253 4650 532 4716 στάμενοι.
595 4648 1019 4717 Ἐρωταὶσθωσαν
1069 4646 1184 4715 οὖν,
1248 4650 1613 4713 ἀποθανόντος
1678 4651 1825 4714 τινὸς

251 4740 565 4810 ἀνθρώπου,
601 4742 762 4809 φύσις
785 4741 1079 4805 ἀπέθανεν,
1112 4744 1143 4813 ἢ
1178 4742 1468 4813 πρόσωπον
1497 4760 1513 4809 ;
1554 4743 1697 4796 Ἀλλ’
1723 4746 1824 4797 οὐκ

253 4833 321 4885 ἄν
366 4849 493 4884 ποτε
525 4832 686 4900 φύσιν
716 4831 941 4889 εἴποιεν.
991 4834 1062 4887 Oti
1124 4835 1320 4886 ταυτὸν
1367 4835 1473 4903 ἄρα
1518 4835 1681 4901 φύσις
1727 4837 1825 4889 καὶ

252 4927 563 4998 πρόσωπον.
610 4927 717 4978 Καὶ
746 4926 927 4992 πάλιν,
951 4928 1071 4979 ἐπεὶ
1116 4927 1286 4980 πολλὰ
1326 4929 1418 4981 καὶ
1479 4929 1825 4999 ἀναρίθμητα

255 5019 531 5089 πρόσωπα
575 5017 904 5086 ἀνθρώπων,
958 5018 1155 5071 πολλαὶ
1200 5021 1293 5072 καὶ
1322 5021 1679 5091 ἀναρίθμητοι
1722 5022 1824 5090 φύ-

253 5128 369 5173 σεις
449 5108 748 5178 ἀνθρώπων
810 5108 1024 5177 ρηθεῖεν
1075 5110 1181 5176 av;
1230 5111 1389 5164 ἈλΑά
1424 5113 1528 5181 μὴν
1562 5114 1659 5181 μία
1705 5113 1829 5167 τού-

252 5222 364 5258 των
416 5203 448 5270 ή
515 5203 696 5269 φύσις.
775 5202 935 5253 Ὥστε
990 5201 1050 5253 οὐ
1116 5204 1309 5254 ταυτὸν
1385 5206 1675 5273 πρόσωπον
1734 5207 1829 5261 καὶ

256 5294 439 5363 φύσις.

862 5383 976 5451 Τῆς
1021 5383 1235 5453 αὐτῆς.

329 5476 496 5530 Φασὶν
548 5478 596 5529 oi
670 5474 1038 5543 Μονοφυσῖται
1100 5476 1191 5528 τὸν
1253 5477 1425 5545 μέγαν
1514 5478 1830 5534 Ἀθανάσιον

253 5571 467 5641 γράψαι
523 5568 658 5639 πρὸς
719 5568 972 5622 Ἰοὸιανδν
1026 5567 1115 5621 τὸν
1166 5567 1408 5637 βασιλέα,
1465 5572 1546 5624 ὅτι
1584 5574 1610 5623 ὁ
1656 5573 1829 5640 Λόγος

258 5662 399 5731 σάρξ
440 5661 674 5730 ἐγένετο,
705 5660 793 5715 ἴνα
819 5661 911 5714 καὶ
948 5663 978 5731 ἡ
1013 5659 1146 5731 σὰρξ
1173 5662 1394 5730 γένηται
1423 5664 1617 5730 Λόγος.
1686 5665 1832 5733 Πρὸς

258 5753 353 5815 οὓς
393 5753 786 5821 ἀντιλέγομεν,
839 5752 919 5805 ὅτι
952 5750 1166 5821 πρῶτον
1220 5751 1320 5820 μὲν
1376 5753 1594 5822 ἄδηλον,
1632 5756 1681 5806 εί
1734 5754 1830 5807 τοῦ

264 5846 501 5918 μεγάλου
558 5845 877 5900 Ἀθανασίου
912 5845 1056 5898 ἐστὶν
1098 5843 1237 5916 αὕτη
1280 5847 1312 5916 ἡ
1346 5848 1522 5917 φωνὴ,
1562 5847 1829 5917 πολλαχοῦ

1936 4658 2108 4701 tuunt.
2147 4648 2425 4712 Quteratur
2454 4647 2618 4717 igitur
2638 4648 2704 4701 ab
2736 4648 2884 4717 ipsis,
2908 4662 3027 4702 cum
3052 4648 3279 4703 moritur
3307 4649 3503 4718 aliquis

1940 4740 2119 4803 homo,
2142 4748 2317 4792 utrum
2351 4748 2539 4793 natura
2564 4739 2842 4803 moriatur,
2865 4755 2932 4793 an
2967 4754 3216 4807 persona.
3244 4738 3498 4795 Naturam

1935 4830 2147 4899 quidem
2175 4829 2309 4882 mori
2336 4843 2440 4883 non
2498 4828 2918 4899 re5pondebunt.
2979 4827 3094 4884 Non
3146 4829 3307 4899 igitur
3361 4829 3500 4885 idem

1936 4932 2019 4976 est
2060 4932 2247 4974 natura
2286 4930 2338 4975 et
2368 4934 2620 4991 persona.
2664 4919 2929 4977 Prmterea
2981 4937 3106 4978 cum
3170 4921 3349 4977 multm
3394 4923 3505 4977 sint

1939 5025 2099 5085 atque
2121 5015 2253 5070 adeo
2280 5012 2706 5068 innumerabiles
2745 5014 3021 5069 hominum
3045 5030 3311 5085 personat,
3365 5015 3505 5067 mul-

1941 5117 2093 5161 tasne
2118 5105 2243 5160 item
2267 5114 2425 5174 atque
2481 5104 2901 5161 innumerabiles
2956 5116 3175 5160 naturas
3226 5105 3501 5160 hominum

1941 5193 2158 5247 dicenti
2190 5194 2348 5262 Atqui
2390 5208 2490 5248 una
2513 5203 2595 5247 est
2625 5192 2903 5248 hominum
2937 5202 3152 5250 natura.
3196 5193 3315 5249 Non
3375 5208 3506 5265 ergo

1939 5285 2078 5339 idem
2107 5294 2189 5338 est
2215 5298 2439 5353 persona
2467 5292 2520 5338 et
2540 5293 2752 5337 natura.

2585 5372 2858 5441 Ejusdem.

2010 5470 2111 5535 Qui
2141 5484 2301 5523 unam
2349 5468 2399 5521 in
2432 5466 2648 5521 Christo
2682 5477 2930 5520 naturam
2988 5481 3105 5521 esse
3152 5468 3507 5536 contendunt,

1941 5563 2295 5618 Athanasium
2328 5562 2393 5613 ad
2446 5557 2726 5612 Jovianum
2792 5557 3169 5625 imperatorem
3222 5557 3507 5625 scripsisse

1941 5661 2128 5715 dicunt
2188 5656 2415 5711 Verbum
2470 5650 2815 5705 factumesse
2870 5663 3112 5714 carnem,
3170 5657 3226 5703 ut
3269 5660 3324 5702 et
3380 5665 3510 5705 caro

1943 5756 2094 5808 ﬁeret
2117 5752 2371 5807 Verbum.
2400 5746 2822 5816 Respondemus,
2848 5744 3079 5813 primum
3110 5760 3213 5798 non
3234 5756 3517 5813 constare,

1946 5862 2013 5900 an
2046 5848 2154 5899 haec
2186 5841 2346 5898 verba
2374 5841 2487 5895 sint
2507 5835 2811 5901 Athanasii,
2839 5850 2958 5890 cum
2989 5834 3169 5889 multis
3196 5833 3248 5889 in
3277 5833 3523 5889 iocisdi»
