3952 6548
328 366 331 371 ’
436 383 578 451 1019

436 614 456 646 ι
498 598 667 655 Dicite
721 605 900 669 nobis,
941 609 1032 676 qui
1066 624 1187 664 cum
1223 628 1316 668 vos

431 694 707 749 studiosos
739 697 979 766 (iugatis,
1013 701 1127 756 haec
1181 705 1390 760 duabus
1424 710 1477 763 in

430 786 653 844 sublatis
673 791 934 859 queritis,
966 802 1018 849 et
1040 795 1320 855 simulatis.
1336 818 1355 851 ι

499 997 679 1054 Basilii
720 1001 920 1075 Magni,
986 1020 1051 1059 ex
1098 1008 1327 1078 cpistola
1376 1011 1445 1065 ad
1485 1011 1820 1084 Sonpol'itas
1858 1033 1872 1069 :
1909 1036 1928 1069 ι
1960 1017 2016 1073 Si

428 1094 548 1162 quis
591 1094 755 1163 igitur
786 1098 953 1153 audet
996 1101 1199 1167 dicere,
1243 1102 1377 1157 duas
1419 1106 1470 1159 in
1520 1108 1738 1163 Christo
1794 1115 2017 1167 naturas

428 1187 765 1253 commistas,
798 1196 852 1244 et
878 1205 1075 1261 corpus
1131 1194 1359 1249 omnino
1412 1210 1533 1250 cum
1570 1200 1784 1253 ossibus
1814 1200 1869 1255 in
1920 1202 2013 1256 Dei

427 1294 749 1337 conversum
778 1298 898 1338 esse
917 1284 1259 1354 dignitatem,
1295 1305 1313 1338 ι
1345 1297 1399 1342 et
1423 1304 1541 1358 qua:
1564 1303 1849 1360 sequntur.

505 1492 682 1565 Magni
710 1494 958 1565 Gregorii
990 1494 1274 1569 Theologi,
1303 1514 1368 1553 ex
1421 1501 1651 1571 epistola
1700 1503 1765 1557 ad
1818 1503 2011 1560 Cledo-

427 1587 577 1641 nium
611 1606 625 1643 :
663 1608 681 1641 ι
717 1589 845 1643 Dum
870 1592 1012 1646 enim
1049 1601 1277 1661 natura,
1320 1595 1457 1651 Deus
1483 1606 1538 1650 et
1565 1597 1744 1653 homo.
1776 1617 1795 1649 ι

496 1797 748 1867 Ejusdem
790 1813 856 1853 ex
882 1800 1120 1856 secunda
1151 1801 1399 1857 oratione
1429 1805 1492 1857 de
1551 1804 1690 1860 Filio
1728 1823 1742 1860 :
1779 1826 1797 1856 ι
1857 1807 2005 1863 ludi-

1662 414 1985 482 EUTHYM
1995 419 2051 481 II
2096 421 2458 493 ZIGABENI

504 504 703 563 Justini
729 509 1036 583 philosophi
1087 525 1140 571 et
1178 517 1447 590 Martyris,
1476 538 1538 579 ex
1577 526 1717 582 libro
1751 530 1817 585 de
1865 532 1967 588 title
2000 550 2015 586 :
2050 554 2090 603 Α

3560 452 3715 520 1080

2209 544 2500 601 ’ῐουστίνου
2533 550 2825 624 φιλοσόφου
2866 558 2961 612 καὶ
3011 559 3290 635 μάρτυρος
3346 569 3408 623 ἐκ
3445 571 3537 626 τοῦ
3574 573 3717 645 περὶ

1377 615 1700 675 Christiana;
1746 622 1998 693 religioni:

1377 723 1387 733 .
1426 710 1475 733 :-
1534 711 1746 733 l‘l-_.!-n-
1808 717 1989 733 __.,,_.!

2126 634 2363 700 πίστεως
2392 615 2575 709 λόγου·
2605 664 2625 697 ι
2657 615 2858 701 Εῖττατε
2889 615 3042 721 ἡμῖν,
3074 615 3122 708 ἐι
3152 615 3715 733 τίν-ὶρξξτξᾷξιέῇἷν

1533 711 1752 767 Christo
1806 717 1998 770 naturi:

2125 730 2605 822 σχῆματιζόμενοι,
2657 739 2705 789 oi
2756 740 2841 793 ἐπ’
2874 711 3151 814 ἀναιρέσει
3191 711 3708 822 τῶν

2122 818 2217 872 τοῦ
2256 822 2494 892 Χριστοῦ
2521 828 2586 882 τὰ
2614 831 2837 887 τοιαῦτα
2864 835 2958 889 καὶ
2982 838 3269 909 ζητοῦντες
3313 847 3405 898 καὶ
3438 818 3716 919 προϊσχό-

2124 928 2296 980 μενοι.
2340 934 2361 967 ι

2192 1028 2299 1083 Τοῦ
2332 1003 2570 1102 μεγάλοῒ)
2596 1039 2880 1095 Βασιλείου
2909 1044 2973 1099 ἐκ
3008 1046 3109 1117 τῆς
3143 1050 3277 1120 πρὸς
3320 1053 3715 1121 Σωζοπολίτας

2118 1118 2430 1213 ἐπιστολῆς,
2473 1146 2491 1178 ι
2535 1127 2597 1181 El
2634 1130 2733 1201 μὲν
2780 1129 2875 1186 οὖν
2915 1138 3008 1189 καὶ
3051 1118 3225 1211 τολμᾷ
3265 1159 3349 1206 τις
3381 1118 3584 1213 λέγειν.
3618 1118 3719 1201 ὅτι

2120 1212 2537 1303 συνεκράρησαν
2594 1218 2651 1271 αι
2708 1220 2944 1291 Χριστοῦ
3001 1228 3217 1294 φύσεις,
3274 1235 3369 1286 καὶ
3412 1238 3719 1309 παρελύθη

2118 1304 2401 1369 παντελῶς
2444 1308 2506 1361 τὸ
2556 1310 2716 1382 σῶμα
2774 1314 2872 1368 σὺν
2929 1322 3041 1382 τοῖς
3093 1323 3300 1388 ὀστέοις
3338 1304 3546 1397 τραπὲν
3618 1304 3712 1394 εἰς

2120 1393 2259 1446 Θεοῦ
2321 1400 2537 1465 φύσεως
2590 1402 2829 1476 ἀξίωμα,
2871 1428 2888 1461 ι
2925 1411 3018 1463 καὶ
3055 1414 3120 1466 τὰ
3159 1415 3305 1485 ἑξῆς.

2184 1507 2289 1562 Τοῦ
2344 1513 2587 1582 μεγάλου
2636 1518 2941 1591 Γρηγορίου
3000 1522 3094 1576 τοῦ
3160 1525 3425 1597 Θεολόγου
3476 1534 3544 1587 ὲκ
3596 1536 3714 1595 τίς

2114 1601 2255 1672 πρὸς
2293 1604 2590 1693 Κληδόνων
2622 1611 2916 1683 ἐπιστολῆρ
2943 1631 2956 1644 ·
3012 1634 3031 1667 ι
3060 1615 3257 1681 Φύσεις
3292 1621 3393 1688 μὲν
3428 1623 3539 1693 γὰρ
3580 1626 3702 1692 δύο,

2112 1690 2245 1755 Θεὸς
2276 1692 2371 1746 καὶ
2400 1694 2712 1767 ἄνθρωπος.
2745 1719 2769 1752 ι

2187 1805 2292 1861 Τοῦ
2322 1810 2493 1863 αὐτοῦ
2521 1813 2587 1865 ἐκ
2630 1815 2725 1868 τοῦ
2763 1817 2807 1886 β’
2840 1818 3005 1888 λόγου
3038 1820 3132 1876 τοῦ
3173 1824 3302 1893 περὶ
3328 1825 3459 1878 Υίοῦ
3479 1842 3495 1857 ο
3532 1846 3553 1879 ι
3593 1829 3709 1899 2r;-

430 1891 571 1943 cium
626 1901 802 1945 autem
856 1890 986 1945 illud
1049 1900 1167 1957 est,
1205 1908 1328 1948 cum
1362 1897 1543 1949 animo
1572 1907 1626 1952 et
1680 1900 1998 1967 cogitatione

2125 1897 2267 1950 αείον
2295 1898 2370 1964 δὲ,
2406 1900 2566 1969 ἡνίκα
2598 1905 2653 1956 αί
2688 1905 2881 1974 φύσεις
2930 1909 3226 1965 διίστανται
3257 1915 3381 1977 ταῖς
3405 1914 3703 1982 ἐπινοίαις,

426 1986 632 2032 natura:
714 1978 1129 2049 sejunguntur.
1193 1981 1356 2037 etiam
1434 1986 1652 2041 nomina
1746 2003 2004 2059 separan-

427 2078 535 2123 tur.
563 2088 582 2120 ι

493 2161 862 2231 Amphilochii
895 2165 1058 2224 lconii
1091 2170 1329 2240 episcopi
1373 2184 1438 2225 ex
1491 2174 1714 2243 epistola
1766 2177 1837 2233 ad
1903 2178 2004 2234 Se—

423 2252 708 2311 leucium:
757 2255 879 2311 «Ita
931 2256 1100 2315 Deum
1135 2269 1191 2316 et
1234 2262 1511 2320 hominem
1563 2266 1844 2322 Christum
1876 2285 2002 2327 con-

423 2345 576 2400 liteor
606 2346 798 2404 Filium
825 2347 942 2416 Dei,
982 2365 1147 2406 unum
1180 2352 1376 2409 Filium
1426 2370 1495 2411 ex
1524 2358 1739 2413 duabus
1767 2362 1999 2429 naturis,

420 2438 629 2505 patibili
654 2447 708 2493 et
740 2440 1078 2511 impatibili.»
1113 2442 1177 2498 Et
1198 2445 1358 2515 paulo
1386 2458 1510 2515 post
1539 2463 1554 2501 :
1590 2466 1608 2501 ι
1634 2448 1813 2505 Unum
1838 2452 2003 2522 igitur

422 2528 615 2585 Filium
647 2540 699 2585 et
726 2532 857 2589 duas
912 2534 1030 2604 ejus
1060 2544 1286 2593 naturas
1330 2541 1614 2595 conﬁteor.
1654 2560 1674 2593 ι
1720 2541 1787 2595 Et
1816 2544 2002 2611 paucis

424 2623 604 2677 verbis
640 2624 945 2694 interiectis
975 2641 991 2680 :
1035 2644 1055 2679 ι
1096 2626 1228 2694 Quae
1256 2638 1529 2701 assumpta
1565 2643 1647 2687 est
1682 2643 1875 2687 natura
1906 2650 2000 2704 pa-

423 2715 577 2781 titur,
631 2726 827 2771 natura
884 2732 1013 2773 vero
1070 2733 1191 2790 qua:
1245 2721 1392 2775 illam
1460 2720 1774 2795 assumpsit,
1834 2715 2001 2797 impa-

421 2806 589 2862 tihilis
636 2816 841 2865 manet.
883 2826 902 2860 ι

489 2920 765 2978 Ambrosii
829 2924 1069 2997 episcopi
1158 2926 1571 2988 Mediolancnsis
1632 2946 1697 2987 ex
1753 2936 2000 2991 oratione

420 3016 679 3071 adversus
734 3017 1123 3086 Apollinarium
1190 3040 1205 3077 :
1270 3041 1289 3075 ι
1328 3025 1709 3095 Apparuerunt
1764 3029 1853 3083 alii
1905 3032 1996 3099 qui

419 3107 629 3163 Domini
668 3122 889 3166 carnem
916 3118 971 3166 et
999 3111 1333 3170 divinitatem
1364 3119 1523 3172 unius
1576 3120 1831 3175 dixerunt
1879 3136 1998 3177 esse

2104 1990 2398 2060 διαιρεῖται
2427 1995 2521 2047 καὶ
2552 1994 2621 2049 τὰ
2650 1996 2910 2068 ὀνόματα.
2946 2018 2967 2051 ›

2188 2171 2543 2246 Ἀμφιλοχίου
2590 2177 2814 2233 Ἰκονίου
2850 2182 2912 2234 ὲκ
2944 2185 3045 2251 τῆς
3098 2186 3237 2257 πρὸς
3274 2187 3540 2242 Σέλευκον
3568 2191 3701 2243 Em-

2105 2262 2302 2331 στολῆς
2333 2281 2347 2295 ·
2384 2283 2403 2317 ι
2443 2265 2600 2320 Οὕτω
2646 2268 2781 2323 Θεὸν
2821 2273 2913 2324 καὶ
2959 2273 3251 2345 ἄνθρωπον
3302 2278 3395 2332 τὸν
3448 2278 3699 2349 Χριατδν

2102 2356 2351 2427 ὁμολογῶ
2397 2357 2489 2413 τὸν
2534 2360 2663 2415 Υίδν
2695 2362 2791 2417 τοῦ
2841 2362 2999 2431 Θεοῦ,
3048 2368 3144 2420 ἕνα
3197 2368 3327 2422 Υίδν
3354 2370 3421 2422 ὲκ
3458 2370 3554 2424 δύο
3591 2372 3699 2440 φύ-

2105 2468 2267 2515 σεων,
2296 2452 2545 2525 παθητῆς
2592 2473 2650 2509 τε
2675 2459 2769 2511 καὶ
2796 2459 3044 2523 ἀπαθοῦς
3061 2475 3075 2490 °
3117 2479 3136 2513 ι
3170 2463 3265 2516 καὶ
3291 2464 3409 2532 μετ’
3429 2463 3592 2529 ὀλίγα
3613 2480 3629 2495 ·
3656 2483 3681 2515 ν

2104 2541 2240 2596 Ἕνα
2269 2540 2363 2597 οῦν
2386 2546 2511 2599 Υίὸν
2541 2547 2634 2601 δύο
2651 2546 2885 2619 ιφύσεών
2903 2568 3068 2620 φημι.
3094 2554 3204 2606 Καὶ
3232 2552 3387 2617 αὖθις
3416 2554 3535 2623 μετ’
3569 2555 3696 2607 615-

2102 2650 2174 2704 γα
2199 2650 2211 2663 ·
2251 2635 2313 2690 Ἦ
2334 2637 2603 2709 ληφοείσα
2626 2641 2823 2711 πάσχει
2845 2642 3027 2710 φύσις,
3054 2644 3086 2713 ὴ
3118 2644 3173 2697 δὲ
3203 2643 3443 2700 λαϐοῦσα
3467 2645 3697 2718 ἀπαθὴς

2105 2729 2276 2797 μένει.
2316 2748 2336 2782 ι
2852 2753 2859 2759 ’

2188 2942 2519 3013 Ἀμσροσίου
2568 2946 2913 3000 Μεδιολάνων
2954 2948 3019 3001 ἔτι
3059 2946 3155 3001 τοῦ
3186 2947 3344 3012 λόγου
3386 2948 3482 3002 τοῦ
3542 2949 3690 3002 κ).τὲ

2114 3036 2568 3108 Ἀπολλιναριου·
2614 3059 2633 3091 ‹
2689 3040 3063 3111 Ἀνεφάνησαν
3110 3041 3288 3112 ἕτεροι
3334 3041 3434 3111 τὴν
3504 3043 3687 3113 σάρκα

2100 3125 2195 3178 τοῦ
2243 3127 2475 3198 Κυρίου,
2518 3128 2615 3181 καὶ
2658 3129 2762 3199 τὴν
2810 3130 3041 3200 θεότητα
3074 3131 3205 3198 μιᾶς
3264 3125 3407 3183 εἶναι
3472 3130 3691 3199 φύσεως

418 3209 648 3253 natnrm.
707 3201 837 3268 Quis
885 3202 1134 3261 infernus
1186 3215 1296 3262 tam
1372 3208 1593 3280 impium
1650 3213 1995 3269 maledictum

2125 3217 2372 3285 .ἐγοντες.
2410 3220 2571 3283 Ποίος
2596 3221 2729 3292 ᾅδης
2762 3222 2861 3291 τὴν
2893 3222 3162 3292 τοσαύτην
3192 3221 3542 3294 βλασφημίαν
3565 3223 3689 3293 ἑξῆς

409 3293 661 3350 'evomuit
682 3297 705 3350 ί
729 3316 747 3349 ›

490 3429 740 3500 Ejusdem
789 3433 854 3489 ad
908 3435 1225 3491 Gratianum
1266 3438 1643 3507 imperatorem
1679 3456 1694 3496 :
1742 3462 1759 3493 ι
1797 3442 2001 3498 Divini-

415 3524 544 3578 tatis
572 3526 831 3583 etcarnis
864 3528 1225 3584 differentiam
1276 3530 1587 3588 servemus.
1641 3531 1791 3589 Unus
1852 3535 1996 3590 enim

415 3624 522 3683 est,
554 3618 731 3687 quiin
771 3630 999 3690 utraque
1024 3622 1285 3694 loquitur,
1340 3624 1509 3681 Filius
1563 3628 1677 3681 Dei.
1735 3628 1996 3693 Quoniam

416 3708 471 3761 in
498 3709 614 3780 ipso
637 3718 719 3765 est
750 3721 981 3782 utraque
1010 3723 1221 3770 natura.
1262 3734 1281 3768 ι

483 3828 725 3899 Gregorii
758 3830 948 3901 Nyssm
1009 3835 1276 3902 pontiﬁcis
1345 3837 1397 3890 in
1428 3837 1675 3893 oratione
1741 3842 1997 3898 adversus

412 3921 800 3990 Apollinarium
833 3940 849 3977 :
892 3943 911 3977 ι
950 3922 1007 3980 Si
1039 3927 1201 3998 igitur
1229 3928 1284 3981 in
1316 3925 1521 3983 duabus
1543 3931 1827 3986 contrariis
1871 3949 1997 4001 pro-

415 4013 739 4081 prietatibus
769 4023 961 4069 natura
990 4019 1168 4073 carnis
1206 4028 1259 4073 et
1275 4019 1573 4075 divinitatis
1604 4022 1995 4090 consideratur,

415 4105 687 4173 quomodo
723 4119 825 4160 una
854 4114 1045 4161 natura
1107 4111 1225 4165 duae
1249 4114 1412 4166 sunt?
1446 4132 1465 4165 ι

488 4211 713 4269 Joannis
727 4214 1095 4287 Chrysostomi
1109 4236 1173 4275 ex
1191 4222 1361 4291 prima
1376 4228 1600 4296 epistola
1616 4229 1681 4285 ad
1701 4230 1991 4287 Acacium:

422 4323 442 4357 ι
483 4303 660 4362 Unum
685 4305 904 4374 Filium,
967 4325 1127 4367 unam
1150 4327 1439 4383 personam
1472 4328 1700 4390 utraque
1744 4321 1992 4378 absolve-

416 4404 585 4463 runt,
652 4410 773 4466 qum
843 4400 1053 4455 ratione
1112 4404 1422 4461 indivisibili
1493 4409 1614 4465 sine
1674 4413 1992 4469 confusione

415 4489 779 4557 cognoscitur,
817 4503 925 4545 non
954 4491 1007 4546 in
1040 4508 1143 4547 una
1172 4495 1286 4551 sola
1323 4508 1537 4565 natura,
1570 4500 1669 4556 sed
1701 4502 1751 4555 in
1784 4502 1991 4558 duabus

411 4577 684 4649 perfectis.
728 4595 754 4631 ι

483 4694 563 4750 Ex
588 4694 774 4753 eadem
805 4699 1032 4770 epistola
1075 4719 1089 4758 :
1127 4722 1146 4755 ι
1186 4701 1358 4759 Unum
1408 4704 1601 4761 Filium
1635 4709 1990 4778 unigenitum,

412 4791 598 4845 nonin
634 4790 881 4861 geminos
908 4795 1139 4850 divisum
1170 4796 1333 4862 ﬁlios,
1370 4799 1464 4854 sed
1521 4800 1749 4854 duarmn
1810 4811 1991 4857 tamen

412 4890 727 4938 naturarum
784 4884 1223 4956 inseparabilium
1279 4892 1504 4947 minime
1556 4892 1813 4950 confusas
1848 4896 1900 4948 in
1933 4909 1991 4950 se

408 4972 767 5046 proprietates
786 4990 1215 5035 conservantem.
1256 4998 1276 5031 ι

481 5086 733 5157 Ejusdem
777 5106 841 5145 ex
881 5093 1126 5148 oratiOne
1178 5095 1229 5148 in
1276 5094 1568 5150 Latronem
1603 5114 1616 5149 :
1657 5116 1675 5149 ι
1714 5098 1839 5152 Dum
1894 5117 1990 5154 na:

412 5189 545 5236 tura:
570 5192 622 5236 et
652 5186 891 5240 actiones
920 5186 971 5239 in
1002 5184 1217 5241 Christo
1245 5196 1390 5253 sunt,
1423 5188 1514 5243 scd
1548 5206 1648 5244 una
1679 5206 1932 5261 persona.
1963 5212 1982 5246 ι

477 5391 659 5463 Cyrilli
692 5394 1025 5451 Alexandria:
1088 5397 1499 5468 archiepiscopi,
1529 5413 1595 5454 ex
1644 5401 1878 5455 secunda
1920 5404 1986 5456 ad

409 5485 744 5541 Succensum
809 5487 1040 5554 epistola
1092 5506 1106 5541 :
1156 5507 1174 5540 ι
1208 5488 1337 5544 Post
1397 5490 1835 5562 conjunctionem
1885 5511 1985 5550 na-

408 5586 561 5631 turas
598 5594 706 5633 non
737 5594 1073 5647 sepurmnus.
1110 5600 1129 5632 ι
1164 5581 1229 5636 Et
1258 5584 1419 5652 paulo
1441 5596 1561 5653 post
1595 5604 1607 5639 :
1644 5604 1661 5637 ι
1706 5586 1852 5643 Duas
1885 5603 1983 5642 ua-

405 5678 559 5724 turas
594 5686 711 5725 esse
762 5672 1084 5742 coniunctas
1155 5673 1408 5731 dicimus.
1456 5695 1475 5727 ι
1516 5677 1582 5731 Et
1614 5694 1830 5734 rursum
1862 5695 1985 5749 pro—

405 5760 656 5830 gredicns
716 5763 1155 5832 interpretatur,
1220 5783 1327 5837 quo
1374 5784 1535 5822 sensu
1603 5773 1729 5826 alibi
1788 5774 1985 5828 dixerit

408 5872 569 5911 uuam
618 5856 710 5912 Do’.
764 5857 924 5914 νυτίὴ
1004 5872 1247 5915 naturam
1310 5878 1529 5919 carnem
1588 5869 1979 5937 assumpsisse:

2106 3324 2258 3379 μεσε.
2289 3328 2310 3363 ι

2176 3422 2283 3476 Τοῦ
2330 3424 2497 3478 αυτοῦ
2535 3426 2599 3477 ἐκ
2635 3427 2744 3478 τῶν
2772 3427 2905 3495 πρὸς
2948 3426 3248 3497 Γρατιανδν
3280 3425 3372 3478 τὸν
3412 3424 3637 3494 βασιλέα
3668 3440 3687 3456 '

2109 3530 2131 3563 ι
2165 3512 2493 3581 Φυλάξωμεν
2539 3517 2638 3583 τὴν
2688 3514 2950 3585 διαφορὰν
3000 3516 3099 3585 τῆς
3143 3514 3397 3584 Θεότητονς
3434 3519 3531 3568 καὶ
3587 3515 3687 3584 τῆς

2103 3605 2329 3675 σαρκός.
2357 3600 2448 3668 Εἷς
2481 3605 2589 3675 γὰρ
2617 3608 2673 3659 ὲν
2703 3606 2945 3677 ἑκατέρᾳ
2971 3607 3126 3660 λαλεῖ
3153 3608 3180 3659 ὁ
3212 3606 3306 3659 τοῦ
3338 3604 3477 3659 Θεοῦ
3531 3605 3687 3669 Υίδς,

2102 3697 2295 3769 ἐπειδὴ
2328 3698 2385 3752 ὲν
2408 3699 2558 3767 αύτῷ
2589 3700 2829 3770 ἑκατέρα
2862 3700 3022 3769 φύσις
3050 3700 3189 3757 ἐστί.
3229 3717 3247 3751 ι

2171 3810 2475 3879 Γρηγορίου
2508 3812 2731 3881 Νύσσης
2760 3813 2822 3864 ὲκ
2851 3810 2944 3865 τοῦ
2970 3812 3132 3881 λόγου
3168 3812 3261 3866 τοῦ
3302 3812 3451 3865 κατὰ
3486 3812 3678 3866 ’Δπολο

2099 3900 2339 3972 λιναριου
2367 3919 2381 3933 ·
2418 3922 2435 3952 ι
2478 3902 2538 3955 Εἰ
2564 3902 2655 3955 οὖν
2682 3905 2793 3962 τοῖς
2826 3905 3166 3967 ὑπεναντίοις
3201 3904 3493 3972 ἰδιώμασιν
3520 3905 3551 3974 ἡ
3584 3904 3679 3957 θα-

2097 3996 2258 4063 τέρου
2306 3993 2512 4045 τούτων
2569 3993 2857 4064 Θεωρεῖται
2905 3995 3088 4062 φύσις,
3144 3996 3243 4063 τῆς
3292 3996 3403 4065 γὰρ
3458 3997 3681 4066 σαρκὸς,

2098 4086 2265 4154 λέγω,
2328 4087 2421 4138 καὶ
2454 4087 2555 4156 τῆς
2583 4084 2870 4156 θεότητος,
2916 4086 3033 4150 πῶς
3068 4085 3164 4156 μία
3190 4087 3244 4140 αί
3276 4086 3370 4139 δύο
3403 4086 3561 4140 είσίν.
3587 4104 3605 4138 ι

2176 4201 2433 4255 Ἰωάννου
2485 4201 2580 4254 τοῦ
2626 4203 3016 4273 Χρυσοστόμου
3066 4202 3133 4254 ἐκ
3178 4202 3276 4270 τῆς
3330 4202 3471 4271 πρὸς
3524 4200 3675 4253 ’Δκὰρ

2098 4316 2218 4353 κιον
2266 4296 2317 4351 α’
2348 4297 2648 4367 ἐπιστολῆς
2685 4312 2700 4328 ⁶
2751 4317 2770 4349 ι
2801 4298 2935 4351 "Eva
2986 4298 3137 4361 Υίδν,
3177 4296 3237 4350 ἓν
3284 4297 3577 4367 πρόσωπον
3609 4295 3679 4349 τὰ

2099 4394 2489 4463 συναμφότερα
2510 4391 2829 4455 ἀπετέλεσε,
2849 4391 3249 4461 γνωριζόμενον
3288 4391 3476 4460 μέντοι
3509 4390 3675 4456 ἀσυγ-

2096 4490 2275 4561 χύτως
2334 4490 2629 4560 ἀδιαιρὲτφ
2668 4488 2811 4557 λόγῳ
2872 4488 2975 4540 οὐκ
3028 4488 3086 4539 ὲν
3148 4487 3248 4556 μιᾷ
3312 4484 3458 4559 μόνῃ
3496 4483 3675 4554 φύσει,

2019 4591 2074 4651 D
2099 4583 2216 4637 ἀλλ’
2244 4584 2304 4636 ὲν
2332 4581 2456 4637 δυσὶ
2478 4581 2734 4643 τελείαις.
2774 4596 2794 4630 ι

2177 4700 2273 4756 Ἐκ
2307 4702 2406 4771 τῆς
2432 4699 2604 4768 αὐτῆς
2627 4699 2939 4765 ἐπιστολῆςι
2975 4700 3144 4752 «Ἕνα
3172 4697 3300 4751 Υἱδν
3327 4694 3589 4767 μονογενῆ
3614 4693 3668 4747 οὐ

2091 4793 2468 4864 διαιρούμενον
2520 4793 2747 4854 είςυίῶν
2798 4792 2987 4856 δυάδα,
3044 4792 3281 4858 φέροντα
3330 4790 3385 4842 δὲ
3421 4790 3570 4859 ὅμως
3617 4789 3669 4840 ὲν

2092 4887 2242 4957 αύτῷ
2291 4888 2399 4941 τῶν
2451 4888 2771 4959 ἀχωρίστων
2822 4887 2914 4941 δύο
2962 4886 3177 4955 φύσεων
3210 4883 3555 4953 ἀσυγχύτους
3578 4883 3667 4944 τὰς

2097 4982 2386 5051 ἰδιότητας.
2415 5000 2434 5033 ι

2163 5094 2268 5149 Τοῦ
2305 5094 2470 5149 αὐτοῦ
2533 5096 2597 5149 ὲκ
2634 5095 2727 5149 τοῦ
2758 5097 2837 5160 είς
2863 5094 2955 5149 τὸν
2979 5093 3200 5166 Δῃοτὴν
3252 5094 3415 5163 λόγου
3453 5111 3467 5125 ⁸
3509 5111 3528 5145 ι
3572 5089 3667 5144 Δύο

2091 5191 2283 5260 φύσεις
2335 5191 2431 5243 καὶ
2482 5190 2750 5260 ἐνέργειαι
2778 5191 2919 5243 εἰσιν
2974 5192 3032 5243 ὲν
3057 5189 3298 5261 Χριστῷ,
3334 5188 3431 5259 μία
3465 5188 3521 5241 δὲ
3548 5186 3665 5240 ὑπό-

2093 5300 2301 5348 στασις.
2335 5300 2353 5333 ι

2164 5396 2434 5467 Κυρίλλου
2490 5396 2898 5467 Ἀλεξανδρείας
2945 5399 3011 5450 ὲκ
3046 5400 3144 5467 τῆς
3175 5395 3220 5467 β’
3250 5397 3387 5468 πρὸς
3431 5394 3659 5448 Σούκεν-

2095 5509 2187 5545 σον
2210 5492 2525 5562 ἐπιστολῆς·
2556 5511 2573 5543 ι
2600 5491 2754 5544 Μετὰ
2791 5492 2973 5563 μέντοι
3000 5491 3097 5562 τὴν
3126 5490 3325 5545 ἕνωσιν
3349 5489 3408 5541 ού
3429 5485 3653 5559 διαιροῦ-

2093 5600 2192 5653 μεν
2217 5588 2316 5648 τὰς
2342 5585 2533 5653 φύσεις
2549 5584 2644 5637 ἀπ’
2670 5585 2935 5656 ἀλλήλων.
2968 5604 2987 5638 ι
3012 5586 3119 5640 Καὶ
3144 5584 3261 5655 μετ’
3290 5584 3447 5648 ὀλίγα
3468 5600 3485 5613 ο
3514 5599 3531 5632 ι
3564 5578 3653 5632 Δύο

2087 5678 2187 5739 τὰς
2210 5679 2401 5744 φύσεις
2423 5676 2562 5731 εἷναί
2592 5680 3099 5748 φαμενὲνωῡείσας.
3128 5698 3144 5729 ι
3172 5680 3283 5732 Καὶ
3314 5677 3471 5739 αὖθις
3492 5691 3650 5743 παραυ

2090 5770 2293 5823 κατιὼν
2318 5772 2632 5841 ἑρμηνεύει,
2684 5772 2799 5834 πῶς
2848 5770 3001 5826 εἶπεν
3056 5774 3293 5841 ἀλλαχοῦ
3329 5772 3457 5841 μίαν
3507 5768 3647 5834 φύσιν

2088 5865 2179 5917 τοῦ
2232 5865 2367 5917 Θεοῦ
2418 5866 2591 5932 Λόγου
2635 5866 3079 5937 σεσαρκωμένην,
3124 5887 3138 5914 ι
3172 5866 3231 5918 lii
3273 5865 3371 5935 μὲν
3398 5864 3499 5933 γὰρ
3533 5858 3642 5929 μίαν
