3952 6598
449 420 588 494 1081

448 629 680 692 talione,
711 627 827 681 sine
852 626 1116 680 divisione
1160 627 1525 695 cognoscitur,
1562 625 1708 678 nullo
1738 626 1895 675 modo
1942 636 2039 673 na-

450 731 692 772 turarum
728 717 1031 772 dill'erentia
1062 719 1270 772 sublata
1304 728 1522 787 propter
1554 733 1773 771 carnem
1829 731 2041 767 assumo

450 819 617 875 ptam,
638 808 729 860 sed
758 809 1042 875 utriusque
1066 816 1271 861 natura:
1300 821 1513 861 servata
1546 806 1893 876 proprietate,
1911 815 1961 858 et
1986 805 2038 858 in

451 913 609 950 uuam
644 912 937 966 personam
996 910 1159 966 atque
1230 915 1391 952 unam
1445 900 1772 979 liypostasim
1810 913 2043 952 concur-

450 998 625 1044 rente.
661 1006 679 1039 ι
710 987 933 1055 Propter
968 989 1238 1043 Asterium
1274 999 1327 1043 et
1374 990 1765 1057 Apollinarium
1797 998 1851 1041 ct
1880 989 2044 1049 Eutv-

450 1078 630 1143 cbem,
654 1080 743 1148 qui
773 1089 994 1135 naturas
1022 1080 1357 1145 dill‘ereutes,
1386 1095 1576 1149 nempe
1606 1080 1761 1133 Verbi
1786 1090 1838 1132 et
1861 1080 2043 1135 carnis

450 1169 621 1239 ipsius
652 1188 679 1225 a
709 1186 803 1225 sua
865 1173 1191 1240 preprietate
1242 1174 1558 1235 recessisse,
1614 1182 1841 1225 etuuam
1871 1171 2042 1228 factas

451 1276 574 1315 esse
602 1271 848 1316 naturam
881 1264 1084 1318 dicunt.
1122 1264 1197 1317 Ex
1230 1278 1456 1332 quorum
1493 1264 1747 1332 opinione
1774 1262 1949 1333 sequit
1980 1278 2044 1317 ur

452 1364 512 1406 ut
541 1355 590 1407 in
623 1354 841 1409 Christo
876 1372 974 1411 nec
1002 1367 1249 1412 servetur
1293 1358 1434 1424 quod
1502 1356 1722 1425 patibile
1755 1369 1858 1417 est.
1920 1371 2043 1421 pro-

458 1455 579 1513 pter
637 1446 989 1515 impatihilem
1045 1450 1161 1517 ejus
1216 1448 1579 1511 divinitatem.
1642 1463 1740 1502 nec
1786 1450 1927 1517 quod
1963 1456 2047 1501 est

455 1536 773 1606 impatibile,
819 1549 1036 1607 propter
1102 1542 1374 1610 patibilem
1430 1540 1600 1610 ipsius
1630 1539 2042 1595 humanitatem.

1032 1670 1337 1728 TITULUS
1385 1672 1550 1729 XVII.

458 1760 771 1842 Adversus}
783 1767 1349 1842 plﬂhartodocilasqui
1376 1776 1532 1829 duces
1556 1777 1851 1830 habuerunt
1867 1778 2045 1832 Julia-

529 1848 653 1884 num
706 1834 1177 1895 Halicarnasseum
1222 1834 1535 1899 e‘t'Caimtm
1595 1848 2012 1904 Alexandrinum

530 1918 596 1954 ex
621 1906 832 1960 scholiis
864 1908 1078 1964 Leontii
1110 1913 1418 1983 Byzantini.

527 2012 628 2078 Qui
669 2015 881 2070 Juliauo
931 2019 1249 2093 Gaianoque
1278 2027 1591 2081 auctoribus
1630 2028 2041 2097 Aphthtrtodoo

458 2102 579 2155 citae
611 2107 859 2173 appellati
915 2120 1062 2173 sunt,
1088 2128 1208 2166 cum
1245 2114 1364 2169 aliis
1414 2117 1464 2169 in
1506 2118 1851 2185 opinionibus
1921 2137 2042 2173 cum

460 2195 646 2249 Severi
705 2199 985 2270 discipulis
1021 2206 1370 2273 conveniant,
1417 2206 1519 2263 hoc
1581 2218 1788 2262 tantum
1828 2212 1896 2265 ab
1939 2211 2047 2265 illis

458 2286 806 2351 disxentiunt,
842 2291 983 2361 quod
1020 2308 1143 2347 cum
1206 2296 1489 2351 Severiani
1573 2298 1933 2354 diﬂ‘erentiam
1996 2302 2045 2354 iu

461 2376 678 2431 Christo
703 2382 1035 2436 constituant
1065 2394 1183 2454 post
1234 2387 1694 2456 conjunctionem,
1749 2392 2049 2448 .lnlianistae

459 2478 513 2519 et
550 2470 839 2526 Gaianistm
896 2490 998 2527 non
1044 2477 1215 2530 solum
1277 2480 1506 2533 duarum
1550 2481 1601 2535 in
1651 2483 1871 2537 Chrism
1935 2502 2036 2537 na-

464 2571 704 2614 turarum
751 2564 1110 2623 diliereutiam
1151 2581 1371 2639 negant,
1398 2589 1581 2627 verum
1613 2577 1775 2630 etiam
1834 2577 2047 2631 Domini

464 2668 659 2721 corpus
690 2658 799 2723 jam
841 2658 963 2714 inde
1020 2662 1087 2714 ah
1130 2666 1244 2733 ipsa
1281 2663 1605 2720 formatione
1637 2669 2049 2739 incorruptibile

463 2741 632 2796 fuisse
655 2745 967 2813 opinantur,
996 2767 1059 2804 ex
1089 2767 1193 2821 quo
1225 2762 1352 2807 sunt
1395 2769 1693 2823 cognomen
1751 2759 2050 2812 consecuﬁ.

463 2833 542 2885 Ac
578 2832 859 2888 Dominum
895 2838 1110 2906 quidem
1144 2842 1421 2898 molestias
1442 2854 1494 2899 et
1549 2847 1820 2900 cruciatus
1872 2857 2053 2915 pertu-

464 2922 591 2977 lisse
621 2924 826 2992 dicunt,
860 2941 917 2983 ut
947 2930 1172 2997 famem,
1204 2942 1258 2988 et
1285 2935 1452 3000 sitim,
1482 2946 1538 2990 et
1566 2937 1962 3003 lassitudinem,
1995 2948 2051 2992 et

465 3017 696 3086 reliqua,
730 3035 832 3073 nou
869 3032 1046 3078 tamen
1085 3027 1275 3079 eodem
1318 3042 1427 3097 quo
1463 3044 1561 3084 nos
1628 3030 1789 3085 modo
1814 3045 1878 3085 ea
1908 3046 2037 3099 per-

464 3110 677 3165 tulisse.
711 3110 817 3167 Nos
840 3117 1004 3180 enim,
1027 3116 1301 3186 inquiunt,
1328 3121 1555 3176 naturali
1589 3125 1909 3178 necessitate
1932 3138 2054 3193 pet-

1697 420 2083 485 EUTllYMIl
2127 422 2254 484 ZlG
2273 423 2501 484 lBENI

523 537 654 603 (Qui
685 536 893 592 duabus
926 535 977 590 in
1012 534 1224 591 naturis
1256 534 1372 591 sine
1397 534 1733 594 confusione.
1762 533 1877 585 sine
1909 546 2027 582 mu-
2057 532 2103 588 Α

3583 424 3774 514 ποεῖ,

2209 548 2228 581 ι
2253 531 2340 584 Ἑν
2374 530 2468 584 δύο
2505 528 2736 598 φύσεσιν
2762 531 3112 601 ἀσυγχύτως,
3147 530 3455 598 ἀτρέπτοις.
3477 530 3748 595 samps-

2141 640 2250 685 τως
2293 622 2720 693 γνωριζόμενον,
2778 624 3021 692 οὐδαμοῦ
3051 624 3153 693 τῆς
3212 624 3321 676 τῶν
3360 622 3579 691 φύσεων
3611 622 3750 675 δια-ι

2144 719 2316 785 φορᾶς
2366 717 2721 787 ἀνῃρημένης
2764 717 2854 770 διὰ
2893 718 2994 786 τὴν
3045 715 3262 777 ἕνωσιν,
3318 713 3645 784 σωζομένης
3682 712 3748 765 δὲ

2146 807 2348 873 μᾶλλον
2386 808 2483 873 τῆς
2520 808 2785 878 ἰδιότητος
2815 808 3085 879 ἑκατέρας
3144 807 3381 877 φύσεως,
3418 809 3513 860 καὶ
3554 808 3644 868 εἰς
3680 804 3749 856 ἓν

2144 896 2459 965 πρόσωπον,
2503 899 2595 949 καὶ
2632 897 2761 966 μίαν
2791 897 3094 949 ὑπόστασιν
3134 894 3559 964 συντρεχούσης.
3598 911 3621 943 ι
3650 890 3748 944 Δι’

2156 987 2459 1056 Ἀστέριον,
2497 988 2591 1039 καὶ
2634 987 3075 1055 ’Δπολλινάριον,
3109 986 3205 1041 καὶ
3262 985 3499 1054 Εὐτυχῆ,
3545 984 3599 1036 οἳ
3634 983 3750 1044 τὰς

2142 1079 2435 1151 διαφόρους
2467 1079 2682 1149 φύσεις,
2712 1080 2808 1133 τοῦ
2837 1082 3014 1149 Λόγου
3052 1080 3199 1146 λέγω
3244 1078 3339 1131 καὶ
3383 1077 3481 1146 τῆς
3520 1074 3747 1144 σαρκὸς

2144 1172 2332 1235 αὑτοῦ,
2373 1174 2502 1243 μίαν
2543 1175 2709 1241 φύσιν
2739 1172 3190 1226 άποτετελεκὲναι
3219 1171 3407 1239 φασιν,
3444 1167 3750 1236 ἐκστάς-ης

2144 1262 2389 1331 δηλονότι
2423 1263 2520 1332 τῆς
2548 1263 2759 1317 ἑαυτῶν
2795 1263 3082 1332 ἰδιότητος,
3107 1262 3183 1325 ὡς
3204 1261 3348 1315 κατά
3375 1264 3467 1313 τὸν
3500 1259 3749 1311 ἐκείνων

2145 1352 2304 1422 λόγον
2329 1357 2527 1426 μηκέτι
2548 1355 2813 1408 δύνασθαι
2839 1353 3107 1417 σώζεσθαι
3124 1352 3217 1406 τοῦ
3242 1350 3481 1422 Χριστοῦ
3506 1350 3657 1419 μήτε
3676 1346 3747 1399 «ca

2150 1447 2392 1515 παθητόν
2423 1446 2511 1499 διὰ
2539 1446 2599 1499 τὸ
2636 1445 2848 1508 ἀπαθὲς
2877 1444 3042 1497 αὐτοῦ
3067 1444 3165 1513 τῆς
3189 1442 3464 1511 θεότητος,
3503 1440 3650 1508 μήτε
3678 1435 3746 1489 τὸ

2147 1538 2355 1600 ἀπαθὲς
2372 1538 2459 1591 διὰ
2471 1537 2529 1591 τὸ
2546 1537 2787 1607 παθητὸν
2804 1536 2969 1591 αὐτοῦ
2992 1535 3155 1588 πάλιν
3172 1533 3270 1601 τῆς
3284 1532 3380 1586 ἀνθ
3388 1530 3743 1602 ρωπότητος.

2733 1673 2986 1728 ’ΠΤΛΟΣ
3034 1673 3135 1727 1Ζ’.

2148 1765 2307 1819 Κατὰ
2357 1763 2904 1833 Ἀςρθαρτοδοκιτῶν
2936 1762 3055 1815 τῶν
3092 1760 3215 1833 ἀπό
3264 1758 3748 1833 Ἰοσλιιινοῦᾘτσῦ

2230 1830 2769 1904 Ἁλικαρνασσέως,
2797 1835 2893 1886 καὶ
2948 1831 3381 1904 Γαϊηνοῦᾼτοῦ
3443 1830 3747 1904 ’ἔλεξαν-

2024 1890 2038 1913 ’
2078 1884 2120 1939 Β
2720 1884 3013 1972 Zizaim»
3040 1884 3328 1957 Λεὼ-τίοι)
3360 1884 3745 1960 Βυζαντίου.

2225 2023 2429 2075 mana
2470 2018 2762 2072 Ἰουλιανοῦ
2803 2019 2899 2070 καὶ
2945 2014 3181 2071 Γαῖανοῦ
3240 2015 3751 2087 Ἀφθαρτοδοκῖται

2150 2102 2438 2181 λεγόμενοι
2464 2114 2522 2164 ὲν
2569 2111 2667 2180 μὲν
2700 2114 2811 2171 τοῖς
2847 2109 3031 2172 ἄλλοις
3069 2110 3305 2179 δόγμασι
3356 2107 3748 2179 συμφέρονται

2152 2206 2264 2267 τοῖς
2305 2204 2573 2273 Σευήρου,
2602 2204 2661 2256 ὲν
2690 2203 2867 2273 τούτῳ
2906 2202 2963 2255 δὲ
3018 2202 3182 2271 μόνον
3212 2201 3569 2268 διαφέρονται
3597 2200 3747 2267 πρὸς

2153 2297 2373 2358 αὐτοὺς,
2416 2298 2471 2347 ἐν
2518 2294 2597 2363 τῷ
2637 2292 2821 2362 λέγειν
2870 2295 3115 2354 ἐκείνους
3156 2293 3255 2363 μὲν
3297 2291 3571 2360 διαφορὰν
3598 2290 3742 2360 μετά

2152 2388 2250 2457 τὴν
2277 2387 2471 2439 ἕνωσιν
2500 2385 2593 2437 ἐπὶ
2640 2384 2905 2454 Χριστοῦ,
2932 2386 3060 2446 τοὺς
3110 2383 3171 2436 δὲ
3218 2382 3609 2442 ’Ῑουλιανιστάς
3637 2380 3737 2431 καὶ

2154 2482 2445 2543 Γαῖανίτας
2471 2480 2546 2549 μὴ
2583 2479 2743 2548 μόνον
2769 2478 3056 2549 ἀρνεῖσθαι
3086 2478 3186 2547 τὴν
3207 2477 3401 2545 διαφορ
3414 2476 3475 2528 ἀν
3504 2475 3623 2527 τῶν
3645 2474 3741 2526 δύο

2153 2572 2249 2624 τοῦ
2282 2572 2520 2643 Χριστοῦ
2582 2572 2819 2639 φύσεων,
2864 2569 2999 2624 ἀλλὰ
3024 2568 3115 2622 καὶ
3149 2568 3427 2639 ἄφθαρτον
3468 2566 3741 2637 δογματί-

2157 2667 2280 2730 ζειν
2309 2664 2369 2717 τὸ
2424 2664 2585 2734 σῶμα
2639 2661 2733 2715 τοῦ
2778 2660 3016 2731 Χριστοῦ
3068 2660 3126 2726 ἐξ
3158 2659 3332 2729 αὐτῆς
3363 2659 3738 2721 διαπλάσεως.

2156 2758 2269 2811 Καὶ
2289 2759 2356 2810 τά
2383 2754 2484 2824 μὲν
2516 2753 2665 2823 πάθη
2706 2754 2964 2819 λέγουσιν
3025 2752 3317 2821 ὑπομεῖναι
3356 2752 3452 2803 τὸν
3503 2752 3738 2821 Κύριον,

2158 2846 2352 2900 πεῖνάν
2384 2862 2549 2915 φημι,
2572 2844 2666 2897 καὶ
2694 2842 2876 2911 δίψαν,
2908 2841 3003 2894 καὶ
3042 2841 3234 2902 κόπον,
3266 2840 3363 2893 καὶ
3387 2838 3455 2892 τὰ
3488 2837 3644 2906 ἑξῆς,
3679 2838 3742 2890 ού

2154 2937 2246 2991 τὸν
2275 2934 2437 2988 αὑτὸν
2470 2933 2527 2986 δὲ
2551 2932 2753 3003 τρόπον
2777 2935 2913 3001 ἡμῖν
2939 2930 3113 2983 ταῦτα
3143 2928 3500 2983 πεπονθέναι.
3543 2929 3745 2996 Ἡμεῖς

2160 3029 2260 3097 μὲν
2272 3024 2596 3097 γὰρ,φασὶν,
2617 3024 2675 3088 ἐξ
2697 3024 2943 3092 ἀνάγκης
2968 3021 3205 3090 φυσικῆς
3231 3019 3404 3073 ταῦτα
3426 3018 3743 3089 πάσχομεν,

2156 3120 2262 3173 όδὲ
2296 3117 2535 3190 Χριστὸς
2583 3117 2847 3179 ἑκουσίως
2907 3115 3085 3167 πάντα
3125 3112 3447 3184 ὑπέμεινεν.
3511 3113 3592 3167 Οὐ
3633 3114 3747 3181 γὰρ

466 3198 715 3267 ierimus,
748 3203 998 3261 Christus
1054 3218 1237 3264 autem
1288 3222 1479 3280 sponte
1519 3222 1710 3269 cuneta
1776 3216 2054 3272 sustinuit.

2164 3212 2409 3266 ἐδούλευε
2443 3212 2555 3273 τοῖς
2591 3209 2779 3278 νόμοις
2816 3207 2916 3276 τῆς
2955 3206 3193 3277 φύσεως.
3224 3205 3366 3276 Πρὸς
3393 3204 3491 3268 οὓς
3527 3222 3743 3273 φαμεν,

466 3295 583 3346 mon
623 3296 767 3348 enim
799 3309 1004 3352 natura:
1037 3299 1249 3368 legibus
1274 3313 1392 3355 erat
1441 3304 1732 3358 obnoxius.
1792 3305 2040 3374 Respon-

470 3386 754 3439 demusue
800 3403 903 3443 nos
964 3391 1183 3459 quidem
1242 3393 1421 3447 dicere
1484 3397 1761 3451 Christum
1825 3398 2051 3453 invitum

468 3478 747 3534 molestias
770 3489 821 3533 et
844 3484 1115 3538 cruciatus
1139 3485 1443 3551 pertulisse,
1475 3490 1569 3543 sed
1587 3498 1776 3559 sponte
1797 3502 1849 3545 et
1868 3490 2056 3544 volun-

471 3574 579 3619 tate
611 3580 813 3623 natura:
844 3570 1049 3640 legibus
1104 3574 1413 3644 inservisse,
1475 3580 1935 3646 quemadmodum
1998 3591 2056 3635 et

472 3674 595 3714 uos.
623 3660 752 3713 Nam
785 3663 973 3718 beatus
996 3666 1214 3735 quidem
1241 3668 1573 3724 Athanasius
1603 3686 1878 3738 exponens
1906 3674 2055 3728 illud:

480 3748 638 3804 Nunc
697 3766 873 3807 autem
923 3757 1101 3809 anima
1162 3776 1277 3813 mea
1344 3760 1561 3814 turbata
1597 3772 1673 3815 est
1730 3779 1750 3814 :
1810 3780 1828 3814 ι
1879 3761 2060 3827 Nune,

472 3844 681 3912 inquit,
746 3845 798 3899 id
855 3857 937 3901 est
991 3850 1211 3919 quando
1275 3852 1462 3905 voluit.
1526 3852 1642 3907 Non
1703 3856 1845 3908 enim
1912 3855 2056 3923 quod

473 3950 580 3987 non
616 3946 757 3991 esset
808 3947 1061 4008 tanquam
1108 3952 1253 3997 esset
1280 3942 1438 4010 dixit,
1471 3945 1625 4012 quasi
1692 3946 1950 4015 opinione
2003 3957 2058 4002 et

472 4026 675 4091 specie,
712 4044 815 4082 non
853 4039 1031 4082 autem
1063 4033 1235 4099 reipsa
1263 4042 1317 4086 et
1346 4047 1471 4089 vere
1516 4035 1729 4099 tierent.
1763 4053 1883 4106 quae
1914 4039 2063 4094 dice.

475 4119 690 4173 bantur.
720 4119 920 4173 Natura
952 4122 1095 4175 enim
1128 4133 1181 4176 et
1213 4124 1441 4179 veritate
1489 4126 1670 4179 omnia
1704 4127 1841 4183 facta
1868 4142 2051 4184 sunt.»

475 4206 777 4277 Theologus
838 4210 965 4263 item
1018 4212 1311 4282 Gregorius
1374 4232 1441 4266 ιι
1501 4213 1790 4281 Quoniam,
1862 4219 2058 4289 inquit,

479 4310 686 4352 naturae
728 4310 938 4370 tempus
990 4304 1176 4359 tribuit
1201 4308 1416 4375 quando
1448 4309 1640 4374 voluit,
1685 4319 1742 4364 ut
1781 4327 1898 4381 quae
1932 4329 2061 4382 pro-

479 4389 593 4455 pria
641 4400 768 4445 sunt
820 4404 1115 4462 appeteret.
1175 4416 1192 4449 ι
1271 4396 1372 4455 Sed
1426 4402 1775 4457 admirandus
1824 4404 2062 4474 Cyrillus

2158 3304 2240 3356 ὅτι
2269 3302 2409 3356 Οὐδὲ
2444 3301 2596 3355 αὐτοὶ
2631 3299 2867 3367 λέγομεν
2905 3298 3139 3352 ἀκούσια
3174 3296 3243 3349 τὰ
3274 3296 3422 3367 πάθη
3477 3296 3572 3350 τοῦ
3609 3298 3749 3367 Χρι-

2163 3395 2317 3458 στοῦ,
2371 3393 2487 3445 ἀλλ’
2524 3394 2607 3446 ὅτι
2659 3393 2926 3454 ἑκουσίως
2958 3390 3216 3444 ἐδούλευε
3253 3392 3371 3453 τοῖς
3414 3389 3611 3459 νόμοις
3642 3390 3749 3459 τῆς

2162 3489 2381 3558 φύσεως
2424 3486 2798 3554 ὲπίσηςήμῖν.
2844 3485 2903 3538 '0
2930 3483 3029 3554 μὲν
3062 3484 3171 3553 γὰρ
3204 3485 3481 3553 μακάριος
3504 3482 3746 3535 ’Δθανάο

2165 3599 2279 3643 σιο;
2319 3577 2644 3650 ἑρμηνεύων
2679 3578 2763 3637 τὸ.
2790 3577 2920 3631 Νῦν
2949 3577 2987 3639 ἠ
3018 3574 3193 3646 ψυχή
3220 3592 3340 3643 μου
3367 3574 3743 3642 τετάρακται,

2166 3674 2355 3742 φησὶν,
2405 3673 2486 3724 ὃτι
2524 3689 2541 3722 ι
2572 3671 2632 3723 τὸ
2664 3670 2781 3723 νῦν
2827 3669 2988 3722 τοῦτό
3015 3671 3182 3731 ἐστιν,
3225 3670 3313 3720 ὅτε
3344 3667 3648 3735 ἠθέλησεν·
3685 3666 3753 3719 ού

2166 3764 2276 3833 γὰρ
2308 3762 2369 3814 τὸ
2404 3762 2481 3833 μὴ
2522 3760 2582 3812 ὃν
2619 3761 2697 3822 ὡς
2731 3760 2910 3830 παρὸν
2945 3758 3251 3828 ὠνόμαζεν,
3280 3756 3354 3819 ὼς
3398 3758 3625 3825 δοκήσει
3656 3772 3748 3823 γε-

2164 3853 2409 3921 νομένων
2434 3850 2543 3904 τῶν
2572 3850 2924 3918 λεγομένωνο
2983 3849 3147 3917 φύσει
3195 3848 3303 3919 γὰρ
3371 3852 3467 3900 καὶ
3514 3848 3746 3917 ἀληθεία

2164 3944 2233 3997 τά
2254 3942 2435 3996 πάντα
2472 3941 2735 4009 ἐγίνετο.»
2759 3940 2816 3993 '0
2833 3941 2889 3993 δὲ
2920 3940 3182 4008 Θεολόγος
3218 3938 3386 3991 πάλιν
3416 3938 3745 4009 Γρηγόριος,

2167 4036 2249 4089 ὅτι
2282 4033 2457 4088 ἐδίδου
2485 4036 2551 4102 τῇ
2589 4033 2751 4101 φύσει
2792 4032 3008 4101 καιρὸν,
3043 4032 3132 4084 ὅτε
3166 4030 3443 4097 ὲόούλετο,
3493 4031 3745 4099 ἐνεργεῖν

2161 4130 2229 4181 τὰ
2269 4127 2402 4181 ἴδια.
2450 4125 2719 4196 Κύριλλος
2753 4125 2807 4176 δὲ
2844 4128 2870 4177 ό
2913 4125 3223 4195 θαυμάσιος
3258 4124 3486 4193 εἴρηκεν
3521 4121 3753 4191 ἀφιέναι

2170 4220 2334 4272 αὐτὸν
2365 4220 2430 4287 τῇ
2466 4218 2635 4287 σαρκὶ
2667 4216 2756 4270 διά
2804 4216 2913 4269 τῶν
2945 4217 3043 4286 τῆς
3098 4216 3316 4285 φύσεως
3372 4218 3511 4270 ἰέναι
3536 4218 3747 4285 νόμων.

2173 4312 2284 4366 Καὶ
2318 4308 2473 4373 αὖθις
2505 4309 2737 4380 ἑτέρωθι
2762 4309 2971 4376 ἔλεγεν,
3010 4309 3086 4372 ὡς
3104 4308 3398 4377 ἐπιτρέπει
3419 4310 3497 4378 τῷ
3529 4309 3744 4377 σώματι

2170 4407 2267 4459 καὶ
2293 4408 2360 4476 τῇ
2417 4402 2801 4473 ἀνθρωπότητι
2853 4402 2923 4454 τὰ
2986 4404 3051 4471 τῇ
3086 4401 3247 4469 φύσει
3280 4402 3557 4471 προσόντα
3598 4400 3741 4470 πάθη

484 4499 502 4531 ι
538 4482 710 4548 ipsum
745 4488 894 4540 carni
930 4489 1059 4542 dicit
1087 4493 1451 4554 concessisse.
1485 4502 1544 4548 ut
1570 4510 1662 4564 per
1690 4500 2054 4568 naturaaleges

2165 4501 2243 4562 εἰς
2276 4495 2549 4560 ἀπόδειξιν
2588 4493 2681 4545 τοῦ
2737 4492 2881 4545 κατὰ
2921 4492 3182 4562 ἀλήθειαν
3239 4492 3485 4562 φορῆσαι
3533 4494 3733 4561 σάρκα,

479 4578 853 4643 pertransiret.
898 4597 916 4630 ι
962 4580 1023 4634 Ει
1052 4582 1174 4638 alibi
1207 4601 1220 4638 :
1260 4606 1278 4636 ι
1313 4585 1602 4645 Permittit.
1634 4587 1811 4657 inquit
1855 4594 2070 4658 corpori

476 4677 533 4722 et
562 4668 900 4737 humanitati,
934 4684 991 4729 ut
1023 4677 1274 4744 patiatur,
1311 4692 1431 4747 quae
1470 4688 1675 4731 natura:
1718 4684 2072 4746 conveniunt,

478 4777 587 4831 quo
617 4775 743 4818 vere
779 4779 839 4819 se
872 4781 1087 4821 carnem
1130 4780 1395 4839 gestasse,
1428 4777 1479 4821 et
1534 4768 1810 4822 hominem
1870 4770 2072 4826 factum

478 4874 599 4915 esse
649 4861 994 4927 demonstret,
1032 4872 1086 4915 ut
1137 4863 1430 4931 Scriptura:
1475 4872 1764 4917 testantur.
1812 4884 1830 4916 ι
1870 4866 2073 4931 Quam-

480 4952 668 5007 ohrem
723 4954 766 5008 si
817 4970 882 5007 ex
932 4955 1235 5007 divinorum
1270 4957 1491 5008 Patrum
1547 4957 1820 5009 sententia
1876 4959 2067 5012 eodem

485 5044 643 5097 modo
668 5060 772 5112 quo
798 5060 895 5099 nos
924 5060 1138 5112 passum
1166 5045 1757 5116 dicimus,licetspoute
1780 5058 1831 5101 et
1855 5050 2072 5117 quando

483 5135 670 5202 voluit,
702 5139 969 5207 quomodo
998 5150 1282 5205 possumus
1310 5153 1527 5205 corpus,
1564 5141 1705 5207 quod
1749 5154 1965 5207 passum
1993 5149 2076 5193 est

484 5237 663 5290 dcere
682 5232 847 5285 fuisse
871 5230 1356 5295 incorruptiliile.et
1376 5248 1479 5285 non
1504 5235 1677 5299 potius
1700 5248 1779 5286 co:
1801 5235 2075 5302 rupihile,

483 5320 933 5394 quemadmodum
995 5329 1051 5373 et
1081 5330 1262 5373 nostra
1319 5319 1581 5373 suut?At
1635 5320 1707 5374 illi
1784 5338 1996 5375 rursum
2043 5342 2055 5377 :

486 5416 659 5472 Sicut.
693 5411 967 5480 inquiunt,
998 5420 1116 5474 post
1166 5412 1611 5464 resurrectionem
1670 5412 2077 5480 incorruptibile

483 5507 664 5563 dicitis
699 5519 896 5569 corpus
949 5503 1173 5568 Christi,
1201 5512 1254 5555 et
1295 5514 1473 5556 tamen
1534 5501 1774 5569 ejusdem
1827 5502 2075 5555 essentia

484 5616 589 5669 qua
644 5614 744 5653 nos
792 5613 1011 5661 smnus,
1074 5596 1153 5651 sic
1199 5604 1252 5650 et
1307 5611 1404 5649 nos
1450 5602 1572 5647 aute
1625 5594 2071 5648 resurrectiOuem

487 5698 662 5765 ipsum
711 5689 1119 5760 incorruptibile
1155 5699 1210 5744 et
1261 5700 1437 5744 tamen
1480 5686 1728 5758 ejusdem
1786 5685 2071 5741 nobiscum

562 5830 753 5886 'Joan.
793 5844 892 5894 xu,
934 5826 1003 5881 Q7

2172 4592 2269 4644 καὶ
2298 4588 2590 4659 ἄνθρωπον
2622 4585 2878 4652 γενέσθαι
2928 4584 3069 4638 κατά
3109 4585 3210 4646 τὰς
3237 4584 3490 4654 Γραφάς.
3535 4585 3598 4637 Ei
3639 4583 3743 4637 τοι·

2172 4700 2266 4736 νυν
2298 4681 2443 4735 κατά
2475 4679 2568 4732 τὸν
2618 4678 2824 4731 σκοπὸν
2863 4677 2974 4729 τῶν
3020 4676 3303 4747 θεοφόρων
3367 4676 3632 4747 Πατέρων
3657 4674 3741 4727 τὸν

2173 4776 2336 4829 αὑτὸν
2362 4775 2495 4843 ἡμῖν
2518 4775 2725 4843 τρόπον
2767 4771 3034 4841 ἔπασχεν,
3075 4771 3124 4821 εί
3176 4768 3273 4821 καὶ
3310 4769 3604 4830 ἑκουσίως,
3654 4766 3742 4819 καὶ

2173 4871 2260 4922 ὅτε
2285 4868 2469 4938 ἦθελευ
2502 4866 2618 4928 πῶς
2647 4864 2925 4934 δυνάμεθα
2950 4863 3008 4915 τὸ
3034 4863 3243 4931 πάσχον
3277 4861 3442 4930 σῶμα
3473 4862 3741 4929 ἄφθαρτον

2174 4965 2372 5027 εἰπεῖν,
2412 4962 2507 5013 καὶ
2563 4959 2637 5029 μὴ
2671 4958 2912 5027 φθαρτὸν
2962 4958 3027 5025 τῇ
3071 4952 3255 5022 φύσει,
3314 4954 3511 5023 ὥσπερ
3566 4951 3659 5004 καὶ
3689 4950 3738 5003 τὸ

2172 5052 2446 5121 ἡμέτερον
2464 5068 2477 5114 ;
2510 5049 3028 5116 Ἀνταποκρίνονται
3047 5046 3103 5099 δὲ
3122 5044 3308 5107 πάλιν,
3328 5045 3411 5096 ὅτι
3436 5046 3531 5097 Ὃν
3551 5042 3743 5111 τρόπον

2179 5145 2316 5215 μετὰ
2350 5145 2449 5214 τὴν
2494 5142 2794 5195 ἀνάστασιν
2852 5138 3135 5206 ἄφθαρτον
3198 5138 3453 5203 λέγοντες
3494 5140 3553 5187 το
3590 5134 3738 5201 σῶμα

2178 5235 2266 5286 τοῦ
2300 5232 2535 5303 Χριστοῦ
2560 5230 2847 5300 όμοούσιον
2880 5230 3009 5282 αὐτὸ
3039 5229 3229 5295 λέγετε
3280 5221 3425 5278 εἶναι
3474 5227 3628 5293 ἡμῖν,
3656 5224 3736 5275 τὸν

2177 5328 2337 5380 αὐτόν
2370 5326 2571 5395 τρόπον
2603 5323 2698 5374 καὶ
2728 5323 2888 5390 ἡμεῖς
2908 5320 3012 5390 πρὸ
3040 5320 3136 5388 τῆς
3158 5316 3511 5381 ἀναστάσεως
3535 5314 3732 5382 ἄφθαρο

2183 5436 2274 5471 τον
2313 5417 2585 5484 λέγοντες,
2649 5413 2938 5483 ὁμοούσιον
2992 5412 3122 5465 αὐτὸ
3156 5408 3530 5480 ὁμολογοῦμεν
3581 5404 3730 5458 εἶναι.

2195 5508 2388 5576 Ἡμεῖς
2416 5507 2472 5559 δὲ
2513 5506 2768 5574 λέγομεν,
2806 5505 2885 5556 ὅτι
2921 5503 2983 5555 Εἰ
3011 5503 3105 5554 καὶ
3135 5499 3418 5569 ἄφθαρτον
3462 5493 3729 5567 ὁμολογοῦ-

2186 5617 2285 5669 μεν
2320 5600 2453 5650 αὐτὸ
2496 5596 2636 5666 μετά
2666 5597 2763 5666 τὴν
2801 5595 3125 5656 ἀνάστασιν,
3174 5594 3238 5645 οὐ
3286 5594 3353 5661 τῇ
3391 5592 3549 5659 φύσει
3584 5587 3725 5653 λέγο-

2182 5710 2286 5760 μεν
2314 5690 2446 5743 αὑτὸ
2482 5690 2785 5758 ἄφθαρτον,
2817 5690 2883 5758 τῇ
2912 5686 3096 5758 χάριτι
3126 5684 3206 5743 δέ.
3232 5684 3296 5737 Et
3322 5683 3378 5736 δὲ
3414 5678 3721 5744 είποιεν,ὅτι
