  <div class='ocr_page' id='page_1' title='image "/cluster/home/n/w/nwhite01/storage/ocr_20150623/130/hvd.32044019208255/556.png"; bbox 0 0 3952 6540; ppageno 0'>
   <div class='ocr_carea' id='block_1_1' title="bbox 310 377 449 442">
    <p class='ocr_par' dir='ltr' id='par_1_1' title="bbox 310 377 449 442">
     <span class='ocr_line' id='line_1_1' title="bbox 310 377 449 442; baseline -0.014 -1"><span class='ocrx_word' id='word_1_1' title='bbox 310 377 449 442; x_wconf 83' lang='lat'><strong>1097</strong></span> 
     </span>
    </p>
   </div>
   <div class='ocr_carea' id='block_1_2' title="bbox 367 489 1836 561">
    <p class='ocr_par' dir='ltr' id='par_1_2' title="bbox 367 489 1836 561">
     <span class='ocr_line' id='line_1_2' title="bbox 367 489 1836 561; baseline -0.003 -18"><span class='ocrx_word' id='word_1_2' title='bbox 367 489 480 544; x_wconf 86' lang='grc' dir='ltr'><strong>Τοῦ</strong></span> <span class='ocrx_word' id='word_1_3' title='bbox 510 490 683 559; x_wconf 74' lang='grc' dir='ltr'>ἁγίου</span> <span class='ocrx_word' id='word_1_4' title='bbox 727 491 1023 561; x_wconf 78' lang='grc' dir='ltr'>Ἰγνατίου</span> <span class='ocrx_word' id='word_1_5' title='bbox 1052 490 1392 545; x_wconf 79' lang='grc' dir='ltr'><strong>ἐπισκόπου</strong></span> <span class='ocrx_word' id='word_1_6' title='bbox 1442 489 1836 556; x_wconf 74' lang='grc' dir='ltr'><strong>Ἀντιοχείας.</strong></span> 
     </span>
    </p>
   </div>
   <div class='ocr_carea' id='block_1_3' title="bbox 390 575 1888 655">
    <p class='ocr_par' dir='ltr' id='par_1_3' title="bbox 390 575 1888 655">
     <span class='ocr_line' id='line_1_3' title="bbox 390 575 1888 655; baseline -0.003 -21"><span class='ocrx_word' id='word_1_7' title='bbox 390 582 621 636; x_wconf 80' lang='grc' dir='ltr'>Ἐάσατὲ</span> <span class='ocrx_word' id='word_1_8' title='bbox 672 600 740 653; x_wconf 86' lang='grc' dir='ltr'><strong>με</strong></span> <span class='ocrx_word' id='word_1_9' title='bbox 796 584 1042 655; x_wconf 75' lang='grc' dir='ltr'><strong>μιμητὴν</strong></span> <span class='ocrx_word' id='word_1_10' title='bbox 1086 583 1344 650; x_wconf 83' lang='grc' dir='ltr'>γενέσθαι</span> <span class='ocrx_word' id='word_1_11' title='bbox 1389 583 1484 635; x_wconf 83' lang='grc' dir='ltr'><strong>τοῦ</strong></span> <span class='ocrx_word' id='word_1_12' title='bbox 1536 580 1744 642; x_wconf 82' lang='grc' dir='ltr'><strong>πάθους</strong></span> <span class='ocrx_word' id='word_1_13' title='bbox 1794 575 1888 630; x_wconf 86' lang='grc' dir='ltr'><strong>τοῦ</strong></span> 
     </span>
    </p>
   </div>
   <div class='ocr_carea' id='block_1_4' title="bbox 304 670 610 725">
    <p class='ocr_par' dir='ltr' id='par_1_4' title="bbox 304 670 610 725">
     <span class='ocr_line' id='line_1_4' title="bbox 304 670 610 725; baseline 0.003 -1"><span class='ocrx_word' id='word_1_14' title='bbox 304 670 445 725; x_wconf 85' lang='grc' dir='ltr'>Θεοῦ</span> <span class='ocrx_word' id='word_1_15' title='bbox 485 690 610 725; x_wconf 76' lang='grc' dir='ltr'>μου.</span> 
     </span>
    </p>
   </div>
   <div class='ocr_carea' id='block_1_5' title="bbox 483 691 1691 833">
    <p class='ocr_par' dir='ltr' id='par_1_5' title="bbox 483 691 1691 833">
     <span class='ocr_line' id='line_1_5' title="bbox 526 691 610 725; baseline 0.012 -1"><span class='ocrx_word' id='word_1_16' title='bbox 526 691 610 725; x_wconf 89' lang='grc' dir='ltr'><strong>ου.</strong></span> 
     </span>
     <span class='ocr_line' id='line_1_6' title="bbox 483 691 1691 833; baseline 0.002 -18"><span class='ocrx_word' id='word_1_17' title='bbox 483 691 623 816; x_wconf 80' lang='grc' dir='ltr'><strong>μΤοῦ</strong></span> <span class='ocrx_word' id='word_1_18' title='bbox 652 763 823 832; x_wconf 79' lang='grc' dir='ltr'>ἁγίου</span> <span class='ocrx_word' id='word_1_19' title='bbox 866 764 1196 833; x_wconf 66' lang='grc' dir='ltr'>Γρηγορίω</span> <span class='ocrx_word' id='word_1_20' title='bbox 1228 762 1332 817; x_wconf 84' lang='grc' dir='ltr'>τοῦ</span> <span class='ocrx_word' id='word_1_21' title='bbox 1371 763 1691 832; x_wconf 76' lang='grc' dir='ltr'>Θεολόγου.</span> 
     </span>
    </p>
   </div>
   <div class='ocr_carea' id='block_1_6' title="bbox 386 849 1890 924">
    <p class='ocr_par' dir='ltr' id='par_1_6' title="bbox 386 849 1890 924">
     <span class='ocr_line' id='line_1_7' title="bbox 386 849 1890 924; baseline -0.001 -22"><span class='ocrx_word' id='word_1_22' title='bbox 386 849 597 919; x_wconf 82' lang='grc' dir='ltr'>Ὀλίγαι</span> <span class='ocrx_word' id='word_1_23' title='bbox 678 853 892 924; x_wconf 78' lang='grc' dir='ltr'><strong>ῥανίδες</strong></span> <span class='ocrx_word' id='word_1_24' title='bbox 966 853 1200 924; x_wconf 81' lang='grc' dir='ltr'>αἵματος</span> <span class='ocrx_word' id='word_1_25' title='bbox 1266 851 1403 905; x_wconf 86' lang='grc' dir='ltr'>Θεοῦ</span> <span class='ocrx_word' id='word_1_26' title='bbox 1489 851 1695 922; x_wconf 79' lang='grc' dir='ltr'><strong>κόσμον</strong></span> <span class='ocrx_word' id='word_1_27' title='bbox 1769 849 1890 902; x_wconf 81' lang='grc' dir='ltr'>ὅλον</span> 
     </span>
    </p>
   </div>
   <div class='ocr_carea' id='block_1_7' title="bbox 300 940 553 1010">
    <p class='ocr_par' dir='ltr' id='par_1_7' title="bbox 300 940 553 1010">
     <span class='ocr_line' id='line_1_8' title="bbox 300 940 553 1010; baseline 0.012 -17"><span class='ocrx_word' id='word_1_28' title='bbox 300 940 553 1010; x_wconf 86' lang='grc' dir='ltr'>ὑγίασαν.</span> 
     </span>
    </p>
   </div>
   <div class='ocr_carea' id='block_1_8' title="bbox 808 1035 1387 1104">
    <p class='ocr_par' dir='ltr' id='par_1_8' title="bbox 808 1035 1387 1104">
     <span class='ocr_line' id='line_1_9' title="bbox 808 1035 1387 1104; baseline -0.003 -13"><span class='ocrx_word' id='word_1_29' title='bbox 808 1036 1074 1091; x_wconf 78' lang='grc' dir='ltr'>Ἰουλίου</span> <span class='ocrx_word' id='word_1_30' title='bbox 1137 1035 1387 1104; x_wconf 83' lang='grc' dir='ltr'>Ῥώμης.</span> 
     </span>
    </p>
   </div>
   <div class='ocr_carea' id='block_1_9' title="bbox 384 1123 1884 1201">
    <p class='ocr_par' dir='ltr' id='par_1_9' title="bbox 384 1123 1884 1201">
     <span class='ocr_line' id='line_1_10' title="bbox 384 1123 1884 1201; baseline 0.002 -24"><span class='ocrx_word' id='word_1_31' title='bbox 384 1123 627 1179; x_wconf 82' lang='grc' dir='ltr'>Ἰουδαῖοι</span> <span class='ocrx_word' id='word_1_32' title='bbox 689 1127 750 1181; x_wconf 86' lang='grc' dir='ltr'>τδ</span> <span class='ocrx_word' id='word_1_33' title='bbox 809 1129 971 1200; x_wconf 83' lang='grc' dir='ltr'>σῶμα</span> <span class='ocrx_word' id='word_1_34' title='bbox 1032 1128 1496 1201; x_wconf 83' lang='grc' dir='ltr'>σταυρώσαντες,</span> <span class='ocrx_word' id='word_1_35' title='bbox 1560 1126 1655 1181; x_wconf 73' lang='grc' dir='ltr'><strong>τὸν</strong></span> <span class='ocrx_word' id='word_1_36' title='bbox 1710 1126 1884 1194; x_wconf 80' lang='grc' dir='ltr'><strong>Λόγον</strong></span> 
     </span>
    </p>
   </div>
   <div class='ocr_carea' id='block_1_10' title="bbox 297 1216 656 1274">
    <p class='ocr_par' dir='ltr' id='par_1_10' title="bbox 297 1216 656 1274">
     <span class='ocr_line' id='line_1_11' title="bbox 297 1216 656 1274; baseline 0.011 -4"><span class='ocrx_word' id='word_1_37' title='bbox 297 1216 656 1274; x_wconf 82' lang='grc' dir='ltr'>ἀπέκτειναν.</span> 
     </span>
    </p>
   </div>
   <div class='ocr_carea' id='block_1_11' title="bbox 481 1312 1700 1383">
    <p class='ocr_par' dir='ltr' id='par_1_11' title="bbox 481 1312 1700 1383">
     <span class='ocr_line' id='line_1_12' title="bbox 481 1312 1700 1383; baseline -0.002 -17"><span class='ocrx_word' id='word_1_38' title='bbox 481 1312 593 1366; x_wconf 85' lang='grc' dir='ltr'><strong>Τοῦ</strong></span> <span class='ocrx_word' id='word_1_39' title='bbox 624 1314 798 1383; x_wconf 81' lang='grc' dir='ltr'><em>ἁγίου</em></span> <span class='ocrx_word' id='word_1_40' title='bbox 828 1314 1133 1382; x_wconf 73' lang='grc' dir='ltr'>Κορίλλου</span> <span class='ocrx_word' id='word_1_41' title='bbox 1164 1314 1313 1369; x_wconf 83' lang='grc' dir='ltr'>κατὰ</span> <span class='ocrx_word' id='word_1_42' title='bbox 1346 1313 1700 1383; x_wconf 76' lang='grc' dir='ltr'><strong>Νεστορίου.</strong></span> 
     </span>
    </p>
   </div>
   <div class='ocr_carea' id='block_1_12' title="bbox 375 1404 1875 1480">
    <p class='ocr_par' dir='ltr' id='par_1_12' title="bbox 375 1404 1875 1480">
     <span class='ocr_line' id='line_1_13' title="bbox 375 1404 1875 1480; baseline -0.001 -23"><span class='ocrx_word' id='word_1_43' title='bbox 375 1404 512 1458; x_wconf 84' lang='grc' dir='ltr'><strong>Θεοῦ</strong></span> <span class='ocrx_word' id='word_1_44' title='bbox 555 1406 616 1459; x_wconf 86' lang='grc' dir='ltr'>τὸ</span> <span class='ocrx_word' id='word_1_45' title='bbox 648 1406 855 1474; x_wconf 82' lang='grc' dir='ltr'><strong>πάθος,</strong></span> <span class='ocrx_word' id='word_1_46' title='bbox 886 1407 1023 1460; x_wconf 88' lang='grc' dir='ltr'>Θεοῦ</span> <span class='ocrx_word' id='word_1_47' title='bbox 1057 1409 1084 1460; x_wconf 99' lang='lat'><strong>6</strong></span> <span class='ocrx_word' id='word_1_48' title='bbox 1110 1407 1363 1480; x_wconf 80' lang='grc' dir='ltr'><strong>σταυρὸς,</strong></span> <span class='ocrx_word' id='word_1_49' title='bbox 1404 1407 1541 1461; x_wconf 85' lang='grc' dir='ltr'><strong>Θεοῦ</strong></span> <span class='ocrx_word' id='word_1_50' title='bbox 1578 1408 1605 1460; x_wconf 88' lang='grc' dir='ltr'><strong>ὁ</strong></span> <span class='ocrx_word' id='word_1_51' title='bbox 1630 1406 1875 1468; x_wconf 80' lang='grc' dir='ltr'>θάνατος.</span> 
     </span>
    </p>
   </div>
   <div class='ocr_carea' id='block_1_13' title="bbox 296 1498 849 1567">
    <p class='ocr_par' dir='ltr' id='par_1_13' title="bbox 296 1498 849 1567">
     <span class='ocr_line' id='line_1_14' title="bbox 296 1498 849 1567; baseline 0.004 -15"><span class='ocrx_word' id='word_1_52' title='bbox 296 1498 436 1552; x_wconf 88' lang='grc' dir='ltr'>Θεοῦ</span> <span class='ocrx_word' id='word_1_53' title='bbox 468 1499 500 1567; x_wconf 80' lang='grc' dir='ltr'>ἡ</span> <span class='ocrx_word' id='word_1_54' title='bbox 527 1498 849 1562; x_wconf 83' lang='grc' dir='ltr'>ἀνάστασις.</span> 
     </span>
    </p>
   </div>
   <div class='ocr_carea' id='block_1_14' title="bbox 748 1591 1423 1659">
    <p class='ocr_par' dir='ltr' id='par_1_14' title="bbox 748 1591 1423 1659">
     <span class='ocr_line' id='line_1_15' title="bbox 748 1591 1423 1659; baseline -0.001 -14"><span class='ocrx_word' id='word_1_55' title='bbox 748 1591 1094 1657; x_wconf 77' lang='grc' dir='ltr'>Μελίτωνος</span> <span class='ocrx_word' id='word_1_56' title='bbox 1126 1592 1423 1659; x_wconf 69' lang='grc' dir='ltr'><strong>Σάρδεων.</strong></span> 
     </span>
    </p>
   </div>
   <div class='ocr_carea' id='block_1_15' title="bbox 382 1682 1708 1753">
    <p class='ocr_par' dir='ltr' id='par_1_15' title="bbox 382 1682 1708 1753">
     <span class='ocr_line' id='line_1_16' title="bbox 382 1682 1708 1753; baseline 0 -18"><span class='ocrx_word' id='word_1_57' title='bbox 382 1683 444 1735; x_wconf 88' lang='grc'><strong>’0</strong></span> <span class='ocrx_word' id='word_1_58' title='bbox 483 1682 610 1743; x_wconf 73' lang='grc' dir='ltr'>θεὸς</span> <span class='ocrx_word' id='word_1_59' title='bbox 642 1683 914 1736; x_wconf 78' lang='grc' dir='ltr'><strong>πέπονθεν</strong></span> <span class='ocrx_word' id='word_1_60' title='bbox 943 1682 1045 1735; x_wconf 83' lang='grc' dir='ltr'>ὑπὸ</span> <span class='ocrx_word' id='word_1_61' title='bbox 1077 1683 1258 1747; x_wconf 78' lang='grc' dir='ltr'>δεξιᾶς</span> <span class='ocrx_word' id='word_1_62' title='bbox 1302 1682 1708 1753; x_wconf 85' lang='grc' dir='ltr'>Ἰσραηλίτιδος.</span> 
     </span>
    </p>
   </div>
   <div class='ocr_carea' id='block_1_16' title="bbox 369 1774 1875 1849">
    <p class='ocr_par' dir='ltr' id='par_1_16' title="bbox 369 1774 1875 1849">
     <span class='ocr_line' id='line_1_17' title="bbox 369 1774 1875 1849; baseline 0.001 -23"><span class='ocrx_word' id='word_1_63' title='bbox 369 1774 777 1846; x_wconf 78' lang='grc' dir='ltr'>Προὸἀλλονται</span> <span class='ocrx_word' id='word_1_64' title='bbox 790 1775 843 1827; x_wconf 84' lang='grc' dir='ltr'><strong>δὲ</strong></span> <span class='ocrx_word' id='word_1_65' title='bbox 866 1776 958 1827; x_wconf 81' lang='grc' dir='ltr'><strong>καὶ</strong></span> <span class='ocrx_word' id='word_1_66' title='bbox 975 1774 1112 1829; x_wconf 78' lang='grc' dir='ltr'>ἄλλα</span> <span class='ocrx_word' id='word_1_67' title='bbox 1128 1775 1299 1828; x_wconf 88' lang='grc' dir='ltr'>πολλά</span> <span class='ocrx_word' id='word_1_68' title='bbox 1315 1776 1564 1829; x_wconf 73' lang='grc' dir='ltr'>τοιαῦταο</span> <span class='ocrx_word' id='word_1_69' title='bbox 1586 1776 1723 1849; x_wconf 75' lang='grc' dir='ltr'>πρὸς</span> <span class='ocrx_word' id='word_1_70' title='bbox 1743 1778 1875 1830; x_wconf 82' lang='grc' dir='ltr'>πάν-</span> 
     </span>
    </p>
   </div>
   <div class='ocr_carea' id='block_1_17' title="bbox 296 1870 1875 1944">
    <p class='ocr_par' dir='ltr' id='par_1_17' title="bbox 296 1870 1875 1944">
     <span class='ocr_line' id='line_1_18' title="bbox 296 1870 1875 1944; baseline 0.002 -20"><span class='ocrx_word' id='word_1_71' title='bbox 296 1890 366 1925; x_wconf 91' lang='grc' dir='ltr'><strong>τα</strong></span> <span class='ocrx_word' id='word_1_72' title='bbox 385 1872 441 1924; x_wconf 79' lang='grc' dir='ltr'><strong>δὲ</strong></span> <span class='ocrx_word' id='word_1_73' title='bbox 462 1873 599 1943; x_wconf 77' lang='grc' dir='ltr'>ἡμῖν</span> <span class='ocrx_word' id='word_1_74' title='bbox 633 1873 731 1941; x_wconf 83' lang='grc' dir='ltr'><strong>μία</strong></span> <span class='ocrx_word' id='word_1_75' title='bbox 752 1870 909 1934; x_wconf 87' lang='grc' dir='ltr'>λύσις</span> <span class='ocrx_word' id='word_1_76' title='bbox 938 1872 1185 1942; x_wconf 85' lang='grc' dir='ltr'><strong>ἀρκέσει,</strong></span> <span class='ocrx_word' id='word_1_77' title='bbox 1212 1890 1287 1944; x_wconf 83' lang='grc' dir='ltr'><strong>φη</strong></span> <span class='ocrx_word' id='word_1_78' title='bbox 1299 1871 1380 1926; x_wconf 73' lang='grc' dir='ltr'><strong>σὶν</strong></span> <span class='ocrx_word' id='word_1_79' title='bbox 1403 1875 1430 1926; x_wconf 94' lang='lat'><strong>6</strong></span> <span class='ocrx_word' id='word_1_80' title='bbox 1447 1872 1710 1941; x_wconf 80' lang='grc' dir='ltr'>Θεολόγος</span> <span class='ocrx_word' id='word_1_81' title='bbox 1729 1873 1875 1942; x_wconf 87' lang='grc' dir='ltr'><strong>Γρη-</strong></span> 
     </span>
    </p>
   </div>
   <div class='ocr_carea' id='block_1_18' title="bbox 298 1959 1876 2037">
    <p class='ocr_par' dir='ltr' id='par_1_18' title="bbox 298 1959 1876 2037">
     <span class='ocr_line' id='line_1_19' title="bbox 298 1959 1876 2037; baseline -0.001 -18"><span class='ocrx_word' id='word_1_82' title='bbox 298 1967 504 2036; x_wconf 84' lang='grc' dir='ltr'>γὸριος.</span> <span class='ocrx_word' id='word_1_83' title='bbox 553 1967 754 2036; x_wconf 84' lang='grc' dir='ltr'>Μήπου</span> <span class='ocrx_word' id='word_1_84' title='bbox 811 1965 903 2019; x_wconf 80' lang='grc' dir='ltr'><strong>τὸν</strong></span> <span class='ocrx_word' id='word_1_85' title='bbox 959 1965 1221 2035; x_wconf 68' lang='grc' dir='ltr'>λογισμὸν</span> <span class='ocrx_word' id='word_1_86' title='bbox 1264 1966 1505 2037; x_wconf 80' lang='grc' dir='ltr'>όκλάσῃς</span> <span class='ocrx_word' id='word_1_87' title='bbox 1555 1959 1698 2035; x_wconf 75' lang='grc' dir='ltr'>αἷμα</span> <span class='ocrx_word' id='word_1_88' title='bbox 1740 1963 1876 2017; x_wconf 88' lang='grc' dir='ltr'>Θεοῦ</span> 
     </span>
    </p>
   </div>
   <div class='ocr_carea' id='block_1_19' title="bbox 298 2056 1878 2128">
    <p class='ocr_par' dir='ltr' id='par_1_19' title="bbox 298 2056 1878 2128">
     <span class='ocr_line' id='line_1_20' title="bbox 298 2056 1878 2128; baseline -0.001 -18"><span class='ocrx_word' id='word_1_89' title='bbox 298 2060 393 2110; x_wconf 67' lang='grc' dir='ltr'>καὶ</span> <span class='ocrx_word' id='word_1_90' title='bbox 427 2057 599 2121; x_wconf 77' lang='grc' dir='ltr'>πάθος</span> <span class='ocrx_word' id='word_1_91' title='bbox 628 2057 866 2123; x_wconf 81' lang='grc' dir='ltr'>ἀκούων,</span> <span class='ocrx_word' id='word_1_92' title='bbox 896 2060 990 2111; x_wconf 78' lang='grc' dir='ltr'><strong>καὶ</strong></span> <span class='ocrx_word' id='word_1_93' title='bbox 1014 2058 1265 2113; x_wconf 85' lang='grc' dir='ltr'>θάνατον.</span> <span class='ocrx_word' id='word_1_94' title='bbox 1289 2059 1487 2127; x_wconf 85' lang='grc' dir='ltr'>Μήπου</span> <span class='ocrx_word' id='word_1_95' title='bbox 1516 2056 1878 2128; x_wconf 77' lang='grc' dir='ltr'>περιενεχθῇς</span> 
     </span>
    </p>
   </div>
   <div class='ocr_carea' id='block_1_20' title="bbox 296 2148 1879 2221">
    <p class='ocr_par' dir='ltr' id='par_1_20' title="bbox 296 2148 1879 2221">
     <span class='ocr_line' id='line_1_21' title="bbox 296 2148 1879 2221; baseline 0 -20"><span class='ocrx_word' id='word_1_96' title='bbox 296 2150 478 2211; x_wconf 83' lang='grc' dir='ltr'>ἀθέως</span> <span class='ocrx_word' id='word_1_97' title='bbox 520 2150 595 2212; x_wconf 84' lang='grc' dir='ltr'><strong>ὡς</strong></span> <span class='ocrx_word' id='word_1_98' title='bbox 620 2151 683 2203; x_wconf 88' lang='grc' dir='ltr'>ού</span> <span class='ocrx_word' id='word_1_99' title='bbox 726 2149 1047 2221; x_wconf 84' lang='grc' dir='ltr'><strong>συνήγορος.</strong></span> <span class='ocrx_word' id='word_1_100' title='bbox 1090 2150 1245 2202; x_wconf 74' lang='grc' dir='ltr'>Ἐπεὶ</span> <span class='ocrx_word' id='word_1_101' title='bbox 1280 2150 1390 2219; x_wconf 72' lang='grc' dir='ltr'><strong>γὰρ</strong></span> <span class='ocrx_word' id='word_1_102' title='bbox 1420 2151 1453 2221; x_wconf 79' lang='grc' dir='ltr'>ἡ</span> <span class='ocrx_word' id='word_1_103' title='bbox 1484 2148 1584 2202; x_wconf 88' lang='grc' dir='ltr'><strong>τοῦ</strong></span> <span class='ocrx_word' id='word_1_104' title='bbox 1615 2148 1747 2201; x_wconf 88' lang='grc' dir='ltr'>Υίοῦ</span> <span class='ocrx_word' id='word_1_105' title='bbox 1783 2150 1879 2203; x_wconf 80' lang='grc' dir='ltr'><strong>καὶ</strong></span> 
     </span>
    </p>
   </div>
   <div class='ocr_carea' id='block_1_21' title="bbox 296 2241 1880 2314">
    <p class='ocr_par' dir='ltr' id='par_1_21' title="bbox 296 2241 1880 2314">
     <span class='ocr_line' id='line_1_22' title="bbox 296 2241 1880 2314; baseline -0.001 -18"><span class='ocrx_word' id='word_1_106' title='bbox 296 2243 435 2296; x_wconf 80' lang='grc' dir='ltr'>Θεοῦ</span> <span class='ocrx_word' id='word_1_107' title='bbox 471 2244 804 2308; x_wconf 81' lang='grc' dir='ltr'><strong>ὑπόστασις,</strong></span> <span class='ocrx_word' id='word_1_108' title='bbox 838 2242 978 2314; x_wconf 84' lang='grc' dir='ltr'>αὑτὴ</span> <span class='ocrx_word' id='word_1_109' title='bbox 1013 2243 1105 2296; x_wconf 74' lang='grc' dir='ltr'><strong>καὶ</strong></span> <span class='ocrx_word' id='word_1_110' title='bbox 1140 2241 1237 2295; x_wconf 89' lang='grc' dir='ltr'><strong>τοῦ</strong></span> <span class='ocrx_word' id='word_1_111' title='bbox 1273 2241 1714 2312; x_wconf 79' lang='grc' dir='ltr'>προσλήμματος</span> <span class='ocrx_word' id='word_1_112' title='bbox 1746 2241 1880 2294; x_wconf 79' lang='grc' dir='ltr'>ὑπό-</span> 
     </span>
    </p>
   </div>
   <div class='ocr_carea' id='block_1_22' title="bbox 298 2333 1875 2404">
    <p class='ocr_par' dir='ltr' id='par_1_22' title="bbox 298 2333 1875 2404">
     <span class='ocr_line' id='line_1_23' title="bbox 298 2333 1875 2404; baseline -0.001 -15"><span class='ocrx_word' id='word_1_113' title='bbox 298 2351 491 2398; x_wconf 86' lang='grc' dir='ltr'>στασις</span> <span class='ocrx_word' id='word_1_114' title='bbox 531 2335 777 2404; x_wconf 80' lang='grc' dir='ltr'>γέγονεν,</span> <span class='ocrx_word' id='word_1_115' title='bbox 821 2334 981 2397; x_wconf 73' lang='grc' dir='ltr'>αὐτὸς</span> <span class='ocrx_word' id='word_1_116' title='bbox 1027 2333 1248 2401; x_wconf 85' lang='grc' dir='ltr'>λέγεται</span> <span class='ocrx_word' id='word_1_117' title='bbox 1294 2334 1476 2389; x_wconf 85' lang='grc' dir='ltr'>πάντα</span> <span class='ocrx_word' id='word_1_118' title='bbox 1517 2336 1612 2388; x_wconf 78' lang='grc' dir='ltr'><strong>καὶ</strong></span> <span class='ocrx_word' id='word_1_119' title='bbox 1651 2336 1875 2402; x_wconf 81' lang='grc' dir='ltr'>δρᾶσαι,</span> 
     </span>
    </p>
   </div>
   <div class='ocr_carea' id='block_1_23' title="bbox 296 2425 1878 2498">
    <p class='ocr_par' dir='ltr' id='par_1_23' title="bbox 296 2425 1878 2498">
     <span class='ocr_line' id='line_1_24' title="bbox 296 2425 1878 2498; baseline 0.001 -18"><span class='ocrx_word' id='word_1_120' title='bbox 296 2428 395 2480; x_wconf 79' lang='grc' dir='ltr'><strong>καὶ</strong></span> <span class='ocrx_word' id='word_1_121' title='bbox 422 2425 619 2480; x_wconf 80' lang='grc' dir='ltr'><strong>παθεῖν</strong></span> <span class='ocrx_word' id='word_1_122' title='bbox 637 2442 652 2457; x_wconf 89' lang='grc'><strong>·</strong></span> <span class='ocrx_word' id='word_1_123' title='bbox 685 2428 780 2479; x_wconf 75' lang='grc' dir='ltr'>καὶ</span> <span class='ocrx_word' id='word_1_124' title='bbox 803 2427 870 2483; x_wconf 77' lang='grc' dir='ltr'><strong>τὰ</strong></span> <span class='ocrx_word' id='word_1_125' title='bbox 897 2426 997 2496; x_wconf 81' lang='grc' dir='ltr'>μὲν</span> <span class='ocrx_word' id='word_1_126' title='bbox 1022 2425 1141 2479; x_wconf 84' lang='grc' dir='ltr'>θεῖα</span> <span class='ocrx_word' id='word_1_127' title='bbox 1164 2428 1412 2496; x_wconf 77' lang='grc' dir='ltr'>ἐνεργεῖν</span> <span class='ocrx_word' id='word_1_128' title='bbox 1436 2426 1578 2481; x_wconf 78' lang='grc' dir='ltr'>κατὰ</span> <span class='ocrx_word' id='word_1_129' title='bbox 1602 2429 1702 2498; x_wconf 77' lang='grc' dir='ltr'><strong>τὴν</strong></span> <span class='ocrx_word' id='word_1_130' title='bbox 1724 2427 1878 2482; x_wconf 81' lang='grc' dir='ltr'>Θείαν</span> 
     </span>
    </p>
   </div>
   <div class='ocr_carea' id='block_1_24' title="bbox 296 2518 1880 2591">
    <p class='ocr_par' dir='ltr' id='par_1_24' title="bbox 296 2518 1880 2591">
     <span class='ocr_line' id='line_1_25' title="bbox 296 2518 1880 2591; baseline 0.001 -19"><span class='ocrx_word' id='word_1_131' title='bbox 296 2519 485 2588; x_wconf 79' lang='grc' dir='ltr'>φύσιν,</span> <span class='ocrx_word' id='word_1_132' title='bbox 508 2521 576 2573; x_wconf 86' lang='grc' dir='ltr'>τὰ</span> <span class='ocrx_word' id='word_1_133' title='bbox 594 2518 650 2572; x_wconf 78' lang='grc' dir='ltr'><strong>δὲ</strong></span> <span class='ocrx_word' id='word_1_134' title='bbox 679 2519 998 2589; x_wconf 77' lang='grc' dir='ltr'>ἀνθρώπινα</span> <span class='ocrx_word' id='word_1_135' title='bbox 1026 2520 1120 2571; x_wconf 68' lang='grc' dir='ltr'><strong>καὶ</strong></span> <span class='ocrx_word' id='word_1_136' title='bbox 1142 2521 1338 2584; x_wconf 71' lang='grc' dir='ltr'>ποιεῖν,</span> <span class='ocrx_word' id='word_1_137' title='bbox 1365 2520 1460 2572; x_wconf 79' lang='grc' dir='ltr'><strong>καὶ</strong></span> <span class='ocrx_word' id='word_1_138' title='bbox 1478 2518 1713 2591; x_wconf 84' lang='grc' dir='ltr'>πάσχειν</span> <span class='ocrx_word' id='word_1_139' title='bbox 1736 2520 1880 2574; x_wconf 81' lang='grc' dir='ltr'>κατὰ</span> 
     </span>
    </p>
   </div>
   <div class='ocr_carea' id='block_1_25' title="bbox 294 2610 1879 2684">
    <p class='ocr_par' dir='ltr' id='par_1_25' title="bbox 294 2610 1879 2684">
     <span class='ocr_line' id='line_1_26' title="bbox 294 2610 1879 2684; baseline 0.001 -18"><span class='ocrx_word' id='word_1_140' title='bbox 294 2613 398 2683; x_wconf 79' lang='grc' dir='ltr'>τὴν</span> <span class='ocrx_word' id='word_1_141' title='bbox 440 2611 792 2683; x_wconf 81' lang='grc' dir='ltr'>ἀνθρωπίνην</span> <span class='ocrx_word' id='word_1_142' title='bbox 832 2611 1018 2681; x_wconf 84' lang='grc' dir='ltr'>φύσιν.</span> <span class='ocrx_word' id='word_1_143' title='bbox 1062 2610 1174 2665; x_wconf 78' lang='lat' dir='ltr'><strong>Kal.</strong></span> <span class='ocrx_word' id='word_1_144' title='bbox 1223 2610 1428 2680; x_wconf 77' lang='grc' dir='ltr'>ἑτέρως</span> <span class='ocrx_word' id='word_1_145' title='bbox 1464 2612 1521 2665; x_wconf 81' lang='grc' dir='ltr'>δέ</span> <span class='ocrx_word' id='word_1_146' title='bbox 1547 2628 1563 2644; x_wconf 87' lang='grc'><strong>·</strong></span> <span class='ocrx_word' id='word_1_147' title='bbox 1612 2613 1735 2668; x_wconf 72' lang='grc' dir='ltr'><strong>ἐπεὶ</strong></span> <span class='ocrx_word' id='word_1_148' title='bbox 1780 2613 1879 2684; x_wconf 75' lang='grc' dir='ltr'><strong>μία</strong></span> 
     </span>
    </p>
   </div>
   <div class='ocr_carea' id='block_1_26' title="bbox 293 2703 1878 2778">
    <p class='ocr_par' dir='ltr' id='par_1_26' title="bbox 293 2703 1878 2778">
     <span class='ocr_line' id='line_1_27' title="bbox 293 2703 1878 2778; baseline -0.001 -17"><span class='ocrx_word' id='word_1_149' title='bbox 293 2708 407 2760; x_wconf 84' lang='grc' dir='ltr'><strong>τῶν</strong></span> <span class='ocrx_word' id='word_1_150' title='bbox 435 2708 528 2761; x_wconf 88' lang='grc' dir='ltr'><strong>δύο</strong></span> <span class='ocrx_word' id='word_1_151' title='bbox 551 2707 645 2760; x_wconf 93' lang='grc' dir='ltr'><strong>τοῦ</strong></span> <span class='ocrx_word' id='word_1_152' title='bbox 666 2704 904 2778; x_wconf 78' lang='grc' dir='ltr'>Χριστοῦ</span> <span class='ocrx_word' id='word_1_153' title='bbox 929 2703 1148 2774; x_wconf 80' lang='grc' dir='ltr'>φύσεων</span> <span class='ocrx_word' id='word_1_154' title='bbox 1176 2703 1498 2771; x_wconf 79' lang='grc' dir='ltr'>ὑπόστασις,</span> <span class='ocrx_word' id='word_1_155' title='bbox 1520 2704 1878 2759; x_wconf 86' lang='grc' dir='ltr'>ἀντιδιδόασιν</span> 
     </span>
    </p>
   </div>
   <div class='ocr_carea' id='block_1_27' title="bbox 294 2792 1876 2869">
    <p class='ocr_par' dir='ltr' id='par_1_27' title="bbox 294 2792 1876 2869">
     <span class='ocr_line' id='line_1_28' title="bbox 294 2792 1876 2869; baseline -0.001 -17"><span class='ocrx_word' id='word_1_156' title='bbox 294 2800 556 2869; x_wconf 80' lang='grc' dir='ltr'>ἀλλήλαις</span> <span class='ocrx_word' id='word_1_157' title='bbox 593 2792 757 2853; x_wconf 70' lang='grc' dir='ltr'>αὗται</span> <span class='ocrx_word' id='word_1_158' title='bbox 790 2797 1039 2868; x_wconf 84' lang='grc' dir='ltr'>πολλαχῆ</span> <span class='ocrx_word' id='word_1_159' title='bbox 1078 2795 1188 2850; x_wconf 83' lang='grc' dir='ltr'>τῶν</span> <span class='ocrx_word' id='word_1_160' title='bbox 1226 2795 1446 2849; x_wconf 85' lang='grc' dir='ltr'>οἰκείων</span> <span class='ocrx_word' id='word_1_161' title='bbox 1485 2797 1876 2868; x_wconf 83' lang='grc' dir='ltr'>προσηγοριῶν</span> 
     </span>
    </p>
   </div>
   <div class='ocr_carea' id='block_1_28' title="bbox 292 2887 1878 2964">
    <p class='ocr_par' dir='ltr' id='par_1_28' title="bbox 292 2887 1878 2964">
     <span class='ocr_line' id='line_1_29' title="bbox 292 2887 1878 2964; baseline -0.001 -19"><span class='ocrx_word' id='word_1_162' title='bbox 292 2892 384 2946; x_wconf 82' lang='grc' dir='ltr'>διὰ.</span> <span class='ocrx_word' id='word_1_163' title='bbox 429 2892 528 2964; x_wconf 86' lang='grc' dir='ltr'>τὴν</span> <span class='ocrx_word' id='word_1_164' title='bbox 565 2892 686 2946; x_wconf 86' lang='grc' dir='ltr'>καθ’</span> <span class='ocrx_word' id='word_1_165' title='bbox 731 2892 1034 2944; x_wconf 83' lang='grc' dir='ltr'>ὑπόστασιν</span> <span class='ocrx_word' id='word_1_166' title='bbox 1072 2888 1289 2953; x_wconf 74' lang='grc' dir='ltr'>ἕνωσιν,</span> <span class='ocrx_word' id='word_1_167' title='bbox 1338 2887 1435 2941; x_wconf 74' lang='grc' dir='ltr'><strong>καὶ</strong></span> <span class='ocrx_word' id='word_1_168' title='bbox 1478 2888 1578 2959; x_wconf 85' lang='grc' dir='ltr'><strong>τὴν</strong></span> <span class='ocrx_word' id='word_1_169' title='bbox 1623 2888 1878 2944; x_wconf 73' lang='grc' dir='ltr'>ἐντεῦθεν</span> 
     </span>
    </p>
   </div>
   <div class='ocr_carea' id='block_1_29' title="bbox 292 2976 1876 3056">
    <p class='ocr_par' dir='ltr' id='par_1_29' title="bbox 292 2976 1876 3056">
     <span class='ocr_line' id='line_1_30' title="bbox 292 2976 1876 3056; baseline -0.001 -18"><span class='ocrx_word' id='word_1_170' title='bbox 292 2986 473 3056; x_wconf 78' lang='grc' dir='ltr'>ἄκραν</span> <span class='ocrx_word' id='word_1_171' title='bbox 506 2984 803 3038; x_wconf 83' lang='grc' dir='ltr'>οίκείωσιν.</span> <span class='ocrx_word' id='word_1_172' title='bbox 840 2982 996 3036; x_wconf 80' lang='grc' dir='ltr'>Οὕτω</span> <span class='ocrx_word' id='word_1_173' title='bbox 1030 2980 1130 3052; x_wconf 77' lang='grc' dir='ltr'>μὲν</span> <span class='ocrx_word' id='word_1_174' title='bbox 1166 2976 1258 3034; x_wconf 77' lang='grc' dir='ltr'><strong>οὖν</strong></span> <span class='ocrx_word' id='word_1_175' title='bbox 1293 2980 1737 3051; x_wconf 78' lang='grc' dir='ltr'>ὲρμηνευομένου</span> <span class='ocrx_word' id='word_1_176' title='bbox 1779 2982 1876 3036; x_wconf 74' lang='grc' dir='ltr'><strong>καὶ</strong></span> 
     </span>
    </p>
   </div>
   <div class='ocr_carea' id='block_1_30' title="bbox 292 3074 1873 3149">
    <p class='ocr_par' dir='ltr' id='par_1_30' title="bbox 292 3074 1873 3149">
     <span class='ocr_line' id='line_1_31' title="bbox 292 3074 1873 3149; baseline -0.001 -16"><span class='ocrx_word' id='word_1_177' title='bbox 292 3079 557 3149; x_wconf 81' lang='grc' dir='ltr'>λυομένου</span> <span class='ocrx_word' id='word_1_178' title='bbox 602 3077 696 3131; x_wconf 83' lang='grc' dir='ltr'><strong>τοῦ</strong></span> <span class='ocrx_word' id='word_1_179' title='bbox 735 3076 1142 3147; x_wconf 79' lang='grc' dir='ltr'>προϐλήματος.</span> <span class='ocrx_word' id='word_1_180' title='bbox 1187 3074 1343 3127; x_wconf 81' lang='grc' dir='ltr'>οὐδὲν</span> <span class='ocrx_word' id='word_1_181' title='bbox 1388 3074 1587 3129; x_wconf 86' lang='grc' dir='ltr'>ἄτοπον</span> <span class='ocrx_word' id='word_1_182' title='bbox 1635 3077 1873 3148; x_wconf 80' lang='grc' dir='ltr'>ἀπαντᾷ.</span> 
     </span>
    </p>
   </div>
   <div class='ocr_carea' id='block_1_31' title="bbox 292 3165 1946 3241">
    <p class='ocr_par' dir='ltr' id='par_1_31' title="bbox 292 3165 1946 3241">
     <span class='ocr_line' id='line_1_32' title="bbox 292 3165 1946 3241; baseline -0.001 -17"><span class='ocrx_word' id='word_1_183' title='bbox 292 3173 455 3224; x_wconf 81' lang='grc' dir='ltr'>Κατά</span> <span class='ocrx_word' id='word_1_184' title='bbox 482 3171 540 3224; x_wconf 78' lang='grc' dir='ltr'><strong>δὲ</strong></span> <span class='ocrx_word' id='word_1_185' title='bbox 573 3168 672 3241; x_wconf 82' lang='grc' dir='ltr'>τὴν</span> <span class='ocrx_word' id='word_1_186' title='bbox 702 3168 810 3221; x_wconf 85' lang='grc' dir='ltr'>τῶν</span> <span class='ocrx_word' id='word_1_187' title='bbox 841 3165 1229 3237; x_wconf 82' lang='grc' dir='ltr'>Θεοπασχιτῶν</span> <span class='ocrx_word' id='word_1_188' title='bbox 1262 3166 1557 3238; x_wconf 80' lang='grc' dir='ltr'>ὑπόληψιν,</span> <span class='ocrx_word' id='word_1_189' title='bbox 1596 3169 1645 3221; x_wconf 86' lang='grc' dir='ltr'>εί</span> <span class='ocrx_word' id='word_1_190' title='bbox 1682 3169 1710 3222; x_wconf 95' lang='lat'><strong>6</strong></span> <span class='ocrx_word' id='word_1_191' title='bbox 1746 3168 1869 3234; x_wconf 80' lang='grc' dir='ltr'>Υἱὸς</span> <span class='ocrx_word' id='word_1_192' title='bbox 1896 3173 1946 3235; x_wconf 72' lang='grc' dir='ltr'>ε,</span> 
     </span>
    </p>
   </div>
   <div class='ocr_carea' id='block_1_32' title="bbox 291 3259 1875 3332">
    <p class='ocr_par' dir='ltr' id='par_1_32' title="bbox 291 3259 1875 3332">
     <span class='ocr_line' id='line_1_33' title="bbox 291 3259 1875 3332; baseline -0.001 -15"><span class='ocrx_word' id='word_1_193' title='bbox 291 3263 499 3328; x_wconf 75' lang='grc' dir='ltr'>ἔπαθε,</span> <span class='ocrx_word' id='word_1_194' title='bbox 539 3262 634 3316; x_wconf 75' lang='grc' dir='ltr'><strong>καὶ</strong></span> <span class='ocrx_word' id='word_1_195' title='bbox 666 3261 907 3315; x_wconf 81' lang='grc' dir='ltr'>ἀπέθανε</span> <span class='ocrx_word' id='word_1_196' title='bbox 943 3261 1085 3313; x_wconf 85' lang='grc' dir='ltr'><strong>κατά</strong></span> <span class='ocrx_word' id='word_1_197' title='bbox 1123 3261 1222 3330; x_wconf 81' lang='grc' dir='ltr'><strong>τὴν</strong></span> <span class='ocrx_word' id='word_1_198' title='bbox 1262 3259 1412 3313; x_wconf 85' lang='grc' dir='ltr'>θείαν</span> <span class='ocrx_word' id='word_1_199' title='bbox 1440 3261 1638 3314; x_wconf 78' lang='grc' dir='ltr'>ἑαυτοῦ</span> <span class='ocrx_word' id='word_1_200' title='bbox 1672 3261 1875 3332; x_wconf 85' lang='grc' dir='ltr'>φύσιν,</span> 
     </span>
    </p>
   </div>
   <div class='ocr_carea' id='block_1_33' title="bbox 292 3351 1877 3424">
    <p class='ocr_par' dir='ltr' id='par_1_33' title="bbox 292 3351 1877 3424">
     <span class='ocr_line' id='line_1_34' title="bbox 292 3351 1877 3424; baseline 0 -14"><span class='ocrx_word' id='word_1_201' title='bbox 292 3358 428 3417; x_wconf 81' lang='grc' dir='ltr'>δυὰς</span> <span class='ocrx_word' id='word_1_202' title='bbox 453 3356 670 3424; x_wconf 87' lang='grc' dir='ltr'>γέγονεν</span> <span class='ocrx_word' id='word_1_203' title='bbox 691 3355 724 3424; x_wconf 85' lang='grc' dir='ltr'>ἡ</span> <span class='ocrx_word' id='word_1_204' title='bbox 749 3355 881 3423; x_wconf 88' lang='grc' dir='ltr'>ἀγία</span> <span class='ocrx_word' id='word_1_205' title='bbox 896 3354 1089 3421; x_wconf 50' lang='grc' dir='ltr'>Τρώς,</span> <span class='ocrx_word' id='word_1_206' title='bbox 1106 3351 1199 3405; x_wconf 85' lang='grc' dir='ltr'><strong>τοῦ</strong></span> <span class='ocrx_word' id='word_1_207' title='bbox 1221 3352 1352 3404; x_wconf 87' lang='grc' dir='ltr'>Υίοῦ</span> <span class='ocrx_word' id='word_1_208' title='bbox 1367 3354 1751 3421; x_wconf 86' lang='grc' dir='ltr'>ἀποθανόντος,</span> <span class='ocrx_word' id='word_1_209' title='bbox 1782 3358 1877 3410; x_wconf 77' lang='grc' dir='ltr'><strong>καὶ</strong></span> 
     </span>
    </p>
   </div>
   <div class='ocr_carea' id='block_1_34' title="bbox 288 3443 1876 3521">
    <p class='ocr_par' dir='ltr' id='par_1_34' title="bbox 288 3443 1876 3521">
     <span class='ocr_line' id='line_1_35' title="bbox 288 3443 1876 3521; baseline 0.002 -22"><span class='ocrx_word' id='word_1_210' title='bbox 288 3446 362 3521; x_wconf 82' lang='grc' dir='ltr'><strong>ἦν</strong></span> <span class='ocrx_word' id='word_1_211' title='bbox 399 3451 507 3517; x_wconf 80' lang='grc' dir='ltr'><strong>ἄρα</strong></span> <span class='ocrx_word' id='word_1_212' title='bbox 533 3448 665 3511; x_wconf 85' lang='grc' dir='ltr'>δυὰς</span> <span class='ocrx_word' id='word_1_213' title='bbox 702 3447 864 3516; x_wconf 82' lang='grc' dir='ltr'>μέχρι</span> <span class='ocrx_word' id='word_1_214' title='bbox 899 3446 999 3514; x_wconf 83' lang='grc' dir='ltr'>τῆς</span> <span class='ocrx_word' id='word_1_215' title='bbox 1032 3446 1097 3497; x_wconf 73' lang='grc' dir='ltr'><strong>ὲκ</strong></span> <span class='ocrx_word' id='word_1_216' title='bbox 1131 3443 1344 3514; x_wconf 83' lang='grc' dir='ltr'>νεκρῶν</span> <span class='ocrx_word' id='word_1_217' title='bbox 1376 3446 1731 3511; x_wconf 81' lang='grc' dir='ltr'>ἀναστάσεως</span> <span class='ocrx_word' id='word_1_218' title='bbox 1764 3450 1876 3502; x_wconf 86' lang='grc' dir='ltr'><strong>αύ-</strong></span> 
     </span>
    </p>
   </div>
   <div class='ocr_carea' id='block_1_35' title="bbox 289 3536 1877 3606">
    <p class='ocr_par' dir='ltr' id='par_1_35' title="bbox 289 3536 1877 3606">
     <span class='ocr_line' id='line_1_36' title="bbox 289 3536 1877 3606; baseline -0.006 -10"><span class='ocrx_word' id='word_1_219' title='bbox 289 3546 413 3598; x_wconf 87' lang='grc' dir='ltr'>τοῦ.</span> <span class='ocrx_word' id='word_1_220' title='bbox 440 3543 545 3595; x_wconf 72' lang='grc' dir='ltr'><strong>Καὶ</strong></span> <span class='ocrx_word' id='word_1_221' title='bbox 568 3542 649 3603; x_wconf 86' lang='grc' dir='ltr'><strong>τίς</strong></span> <span class='ocrx_word' id='word_1_222' title='bbox 671 3540 869 3601; x_wconf 76' lang='grc' dir='ltr'>αὐτοὺς</span> <span class='ocrx_word' id='word_1_223' title='bbox 897 3540 997 3591; x_wconf 80' lang='grc' dir='ltr'><strong>οὑχ</strong></span> <span class='ocrx_word' id='word_1_224' title='bbox 1020 3536 1233 3606; x_wconf 77' lang='grc' dir='ltr'>ἐλεήσει</span> <span class='ocrx_word' id='word_1_225' title='bbox 1261 3536 1359 3606; x_wconf 79' lang='grc' dir='ltr'>τῆς</span> <span class='ocrx_word' id='word_1_226' title='bbox 1380 3538 1640 3606; x_wconf 81' lang='grc' dir='ltr'>ἀμαθίας,</span> <span class='ocrx_word' id='word_1_227' title='bbox 1674 3541 1766 3592; x_wconf 75' lang='grc' dir='ltr'><strong>καὶ</strong></span> <span class='ocrx_word' id='word_1_228' title='bbox 1792 3557 1877 3593; x_wconf 75' lang='grc' dir='ltr'><strong>το.</strong></span> 
     </span>
    </p>
   </div>
   <div class='ocr_carea' id='block_1_36' title="bbox 292 3623 1873 3705">
    <p class='ocr_par' dir='ltr' id='par_1_36' title="bbox 292 3623 1873 3705">
     <span class='ocr_line' id='line_1_37' title="bbox 292 3623 1873 3705; baseline -0.004 -17"><span class='ocrx_word' id='word_1_229' title='bbox 292 3635 501 3705; x_wconf 80' lang='grc' dir='ltr'>σσύτης</span> <span class='ocrx_word' id='word_1_230' title='bbox 520 3635 808 3703; x_wconf 81' lang='grc' dir='ltr'>ἀγροικίας</span> <span class='ocrx_word' id='word_1_231' title='bbox 827 3632 921 3683; x_wconf 71' lang='grc' dir='ltr'><strong>καὶ</strong></span> <span class='ocrx_word' id='word_1_232' title='bbox 937 3629 1187 3696; x_wconf 87' lang='grc' dir='ltr'>ἀλογίας;</span> <span class='ocrx_word' id='word_1_233' title='bbox 1205 3623 1335 3681; x_wconf 80' lang='grc' dir='ltr'>Εἶτα</span> <span class='ocrx_word' id='word_1_234' title='bbox 1355 3630 1452 3698; x_wconf 81' lang='grc' dir='ltr'><strong>τὴν</strong></span> <span class='ocrx_word' id='word_1_235' title='bbox 1471 3628 1571 3698; x_wconf 83' lang='grc' dir='ltr'><strong>μὲν</strong></span> <span class='ocrx_word' id='word_1_236' title='bbox 1585 3629 1762 3700; x_wconf 74' lang='grc' dir='ltr'>ψυχὴν</span> <span class='ocrx_word' id='word_1_237' title='bbox 1780 3630 1873 3683; x_wconf 90' lang='grc' dir='ltr'><strong>τοῦ</strong></span> 
     </span>
    </p>
   </div>
   <div class='ocr_carea' id='block_1_37' title="bbox 288 3720 1877 3799">
    <p class='ocr_par' dir='ltr' id='par_1_37' title="bbox 288 3720 1877 3799">
     <span class='ocr_line' id='line_1_38' title="bbox 288 3720 1877 3799; baseline -0.002 -19"><span class='ocrx_word' id='word_1_238' title='bbox 288 3728 726 3799; x_wconf 85' lang='grc' dir='ltr'>προσλήμματος</span> <span class='ocrx_word' id='word_1_239' title='bbox 742 3724 1010 3778; x_wconf 86' lang='grc' dir='ltr'>ἀθάνατον</span> <span class='ocrx_word' id='word_1_240' title='bbox 1034 3722 1274 3790; x_wconf 81' lang='grc' dir='ltr'>λέγουσι,</span> <span class='ocrx_word' id='word_1_241' title='bbox 1296 3721 1388 3773; x_wconf 82' lang='grc' dir='ltr'>τὸν</span> <span class='ocrx_word' id='word_1_242' title='bbox 1412 3720 1467 3773; x_wconf 76' lang='grc' dir='ltr'><strong>δὲ</strong></span> <span class='ocrx_word' id='word_1_243' title='bbox 1495 3721 1877 3790; x_wconf 63' lang='grc' dir='ltr'>πῳσλαὸόντα</span> 
     </span>
    </p>
   </div>
   <div class='ocr_carea' id='block_1_38' title="bbox 285 3814 1872 3889">
    <p class='ocr_par' dir='ltr' id='par_1_38' title="bbox 285 3814 1872 3889">
     <span class='ocr_line' id='line_1_39' title="bbox 285 3814 1872 3889; baseline -0.003 -16"><span class='ocrx_word' id='word_1_244' title='bbox 285 3821 452 3873; x_wconf 85' lang='grc' dir='ltr'>τοῦτο</span> <span class='ocrx_word' id='word_1_245' title='bbox 467 3822 600 3874; x_wconf 80' lang='grc' dir='ltr'>Θεὸν</span> <span class='ocrx_word' id='word_1_246' title='bbox 618 3820 835 3889; x_wconf 80' lang='grc' dir='ltr'>θνητὸν,</span> <span class='ocrx_word' id='word_1_247' title='bbox 858 3818 1100 3880; x_wconf 74' lang='grc' dir='ltr'>καὶτοὺς</span> <span class='ocrx_word' id='word_1_248' title='bbox 1135 3816 1234 3885; x_wconf 77' lang='grc' dir='ltr'>μὲν</span> <span class='ocrx_word' id='word_1_249' title='bbox 1254 3814 1520 3884; x_wconf 84' lang='grc' dir='ltr'>ἀγγέλους</span> <span class='ocrx_word' id='word_1_250' title='bbox 1547 3815 1872 3884; x_wconf 82' lang='grc' dir='ltr'>ἀθανάτους,</span> 
     </span>
    </p>
   </div>
   <div class='ocr_carea' id='block_1_39' title="bbox 285 3906 1730 3986">
    <p class='ocr_par' dir='ltr' id='par_1_39' title="bbox 285 3906 1730 3986">
     <span class='ocr_line' id='line_1_40' title="bbox 285 3906 1730 3986; baseline -0.003 -18"><span class='ocrx_word' id='word_1_251' title='bbox 285 3919 385 3969; x_wconf 83' lang='grc' dir='ltr'>τὸν</span> <span class='ocrx_word' id='word_1_252' title='bbox 420 3914 763 3986; x_wconf 82' lang='grc' dir='ltr'>Δημιουργὸν</span> <span class='ocrx_word' id='word_1_253' title='bbox 797 3913 855 3965; x_wconf 82' lang='grc' dir='ltr'>δὲ</span> <span class='ocrx_word' id='word_1_254' title='bbox 888 3912 984 3965; x_wconf 72' lang='grc' dir='ltr'><strong>καὶ</strong></span> <span class='ocrx_word' id='word_1_255' title='bbox 1020 3910 1299 3979; x_wconf 87' lang='grc' dir='ltr'>Δεσπότην</span> <span class='ocrx_word' id='word_1_256' title='bbox 1330 3906 1730 3980; x_wconf 77' lang='grc' dir='ltr'>αὐτῶνθνητόν.</span> 
     </span>
    </p>
   </div>
   <div class='ocr_carea' id='block_1_40' title="bbox 285 4022 1874 4099">
    <p class='ocr_par' dir='ltr' id='par_1_40' title="bbox 285 4022 1874 4099">
     <span class='ocr_line' id='line_1_41' title="bbox 285 4022 1874 4099; baseline -0.003 -15"><span class='ocrx_word' id='word_1_257' title='bbox 285 4032 416 4099; x_wconf 77' lang='grc' dir='ltr'><strong>Χρὴ</strong></span> <span class='ocrx_word' id='word_1_258' title='bbox 447 4028 796 4098; x_wconf 78' lang='grc' dir='ltr'>παραθεῖναι</span> <span class='ocrx_word' id='word_1_259' title='bbox 826 4026 1062 4099; x_wconf 73' lang='grc' dir='ltr'>τούτοις</span> <span class='ocrx_word' id='word_1_260' title='bbox 1084 4024 1235 4077; x_wconf 84' lang='grc' dir='ltr'>κατὰ</span> <span class='ocrx_word' id='word_1_261' title='bbox 1264 4024 1382 4099; x_wconf 63' lang='grc' dir='ltr'>τοῦ</span> <span class='ocrx_word' id='word_1_262' title='bbox 1398 4022 1667 4099; x_wconf 69' lang='grc' dir='ltr'>μεγάλου</span> <span class='ocrx_word' id='word_1_263' title='bbox 1708 4026 1874 4099; x_wconf 56' lang='grc' dir='ltr'>Ἀθα-</span> 
     </span>
    </p>
   </div>
   <div class='ocr_carea' id='block_1_41' title="bbox 364 4093 1875 4167">
    <p class='ocr_par' dir='ltr' id='par_1_41' title="bbox 364 4093 1875 4167">
     <span class='ocr_line' id='line_1_42' title="bbox 364 4093 1875 4167; baseline -0.003 -11"><span class='ocrx_word' id='word_1_264' title='bbox 364 4093 584 4155; x_wconf 73' lang='grc' dir='ltr'>νιισίόυ</span> <span class='ocrx_word' id='word_1_265' title='bbox 623 4102 774 4167; x_wconf 78' lang='grc' dir='ltr'>πρὸς</span> <span class='ocrx_word' id='word_1_266' title='bbox 811 4097 952 4163; x_wconf 85' lang='grc' dir='ltr'>τοὺς</span> <span class='ocrx_word' id='word_1_267' title='bbox 980 4096 1277 4166; x_wconf 72' lang='grc' dir='ltr'>λέγοντας</span> <span class='ocrx_word' id='word_1_268' title='bbox 1298 4134 1313 4159; x_wconf 91' lang='grc'><strong>,</strong></span> <span class='ocrx_word' id='word_1_269' title='bbox 1350 4093 1439 4146; x_wconf 85' lang='grc' dir='ltr'>ὅτι</span> <span class='ocrx_word' id='word_1_270' title='bbox 1468 4095 1694 4149; x_wconf 75' lang='grc' dir='ltr'>ἔπαθεν</span> <span class='ocrx_word' id='word_1_271' title='bbox 1722 4093 1875 4151; x_wconf 69' lang='grc' dir='ltr'>ἀπα-</span> 
     </span>
    </p>
   </div>
   <div class='ocr_carea' id='block_1_42' title="bbox 364 4174 774 4239">
    <p class='ocr_par' dir='ltr' id='par_1_42' title="bbox 364 4174 774 4239">
     <span class='ocr_line' id='line_1_43' title="bbox 364 4174 774 4239; baseline -0.012 -12"><span class='ocrx_word' id='word_1_272' title='bbox 364 4174 475 4239; x_wconf 79' lang='grc' dir='ltr'>θώς</span> <span class='ocrx_word' id='word_1_273' title='bbox 501 4177 533 4227; x_wconf 82' lang='grc' dir='ltr'><em>ὁ</em></span> <span class='ocrx_word' id='word_1_274' title='bbox 561 4174 774 4238; x_wconf 78' lang='grc' dir='ltr'>Λόγος.</span> 
     </span>
    </p>
   </div>
   <div class='ocr_carea' id='block_1_43' title="bbox 364 4260 1873 4339">
    <p class='ocr_par' dir='ltr' id='par_1_43' title="bbox 364 4260 1873 4339">
     <span class='ocr_line' id='line_1_44' title="bbox 364 4260 1873 4339; baseline -0.006 -17"><span class='ocrx_word' id='word_1_275' title='bbox 364 4271 499 4339; x_wconf 67' lang='grc' dir='ltr'><strong>Πρὶν</strong></span> <span class='ocrx_word' id='word_1_276' title='bbox 555 4265 776 4321; x_wconf 85' lang='grc' dir='ltr'>ἀκούσω</span> <span class='ocrx_word' id='word_1_277' title='bbox 835 4264 895 4317; x_wconf 84' lang='grc' dir='ltr'>τὸ</span> <span class='ocrx_word' id='word_1_278' title='bbox 954 4262 1168 4327; x_wconf 75' lang='grc' dir='ltr'>ἔπαθε,</span> <span class='ocrx_word' id='word_1_279' title='bbox 1229 4262 1422 4330; x_wconf 83' lang='grc' dir='ltr'>φεύγει</span> <span class='ocrx_word' id='word_1_280' title='bbox 1475 4261 1576 4330; x_wconf 82' lang='grc' dir='ltr'>τῆς</span> <span class='ocrx_word' id='word_1_281' title='bbox 1633 4260 1873 4325; x_wconf 87' lang='grc' dir='ltr'>διανοίας</span> 
     </span>
    </p>
   </div>
   <div class='ocr_carea' id='block_1_44' title="bbox 282 4350 1873 4426">
    <p class='ocr_par' dir='ltr' id='par_1_44' title="bbox 282 4350 1873 4426">
     <span class='ocr_line' id='line_1_45' title="bbox 282 4350 1873 4426; baseline -0.006 -10"><span class='ocrx_word' id='word_1_282' title='bbox 282 4365 351 4416; x_wconf 79' lang='grc' dir='ltr'>τὸ</span> <span class='ocrx_word' id='word_1_283' title='bbox 392 4363 637 4416; x_wconf 74' lang='grc' dir='ltr'>ἔπαθεν.</span> <span class='ocrx_word' id='word_1_284' title='bbox 702 4355 1073 4426; x_wconf 84' lang='grc' dir='ltr'>Ἐπαγόμενον</span> <span class='ocrx_word' id='word_1_285' title='bbox 1117 4352 1226 4424; x_wconf 80' lang='grc' dir='ltr'><strong>γὰρ</strong></span> <span class='ocrx_word' id='word_1_286' title='bbox 1279 4353 1340 4406; x_wconf 81' lang='grc' dir='ltr'>τὸ</span> <span class='ocrx_word' id='word_1_287' title='bbox 1377 4350 1622 4418; x_wconf 80' lang='grc' dir='ltr'>ἀπαθῶς</span> <span class='ocrx_word' id='word_1_288' title='bbox 1658 4352 1759 4405; x_wconf 79' lang='grc' dir='ltr'>οὐκ</span> <span class='ocrx_word' id='word_1_289' title='bbox 1809 4352 1873 4420; x_wconf 76' lang='grc' dir='ltr'><strong>ἐᾷ</strong></span> 
     </span>
    </p>
   </div>
   <div class='ocr_carea' id='block_1_45' title="bbox 1226 370 2669 440">
    <p class='ocr_par' dir='ltr' id='par_1_45' title="bbox 1226 370 2669 440">
     <span class='ocr_line' id='line_1_46' title="bbox 1226 370 2669 440; baseline -0.004 0"><span class='ocrx_word' id='word_1_290' title='bbox 1226 373 1601 440; x_wconf 74' lang='lat' dir='ltr'><strong>PANOPLIA</strong></span> <span class='ocrx_word' id='word_1_291' title='bbox 1646 372 2105 433; x_wconf 82' lang='lat' dir='ltr'><strong>DOGMATICA.</strong></span> <span class='ocrx_word' id='word_1_292' title='bbox 2152 397 2203 405; x_wconf 86' lang='lat'><em>-</em></span> <span class='ocrx_word' id='word_1_293' title='bbox 2258 372 2403 433; x_wconf 83' lang='lat' dir='ltr'><strong>TIT.</strong></span> <span class='ocrx_word' id='word_1_294' title='bbox 2454 370 2669 434; x_wconf 84' lang='lat' dir='ltr'><strong>XVIII.</strong></span> 
     </span>
    </p>
   </div>
   <div class='ocr_carea' id='block_1_46' title="bbox 1921 486 1972 545">
    <p class='ocr_par' dir='ltr' id='par_1_46' title="bbox 1921 486 1972 545">
     <span class='ocr_line' id='line_1_47' title="bbox 1921 486 1972 545; baseline 0 -2"><span class='ocrx_word' id='word_1_295' title='bbox 1921 486 1972 545; x_wconf 83' lang='lat' dir='ltr'><strong>A</strong></span> 
     </span>
    </p>
   </div>
   <div class='ocr_carea' id='block_1_47' title="bbox 1903 1826 1950 1884">
    <p class='ocr_par' dir='ltr' id='par_1_47' title="bbox 1903 1826 1950 1884">
     <span class='ocr_line' id='line_1_48' title="bbox 1903 1826 1950 1884; baseline 0 0"><span class='ocrx_word' id='word_1_296' title='bbox 1903 1826 1950 1884; x_wconf 90' lang='grc' dir='ltr'><strong>Β</strong></span> 
     </span>
    </p>
   </div>
   <div class='ocr_carea' id='block_1_48' title="bbox 3439 367 3573 433">
    <p class='ocr_par' dir='ltr' id='par_1_48' title="bbox 3439 367 3573 433">
     <span class='ocr_line' id='line_1_49' title="bbox 3439 367 3573 433; baseline 0.03 -3"><span class='ocrx_word' id='word_1_297' title='bbox 3439 367 3573 433; x_wconf 71' lang='lat'><strong>1008</strong></span> 
     </span>
    </p>
   </div>
   <div class='ocr_carea' id='block_1_49' title="bbox 2268 481 3307 553">
    <p class='ocr_par' dir='ltr' id='par_1_49' title="bbox 2268 481 3307 553">
     <span class='ocr_line' id='line_1_50' title="bbox 2268 481 3307 553; baseline -0.001 -17"><span class='ocrx_word' id='word_1_298' title='bbox 2268 482 2454 537; x_wconf 83' lang='lat' dir='ltr'><strong>Sancti</strong></span> <span class='ocrx_word' id='word_1_299' title='bbox 2496 481 2696 553; x_wconf 84' lang='lat' dir='ltr'><strong>lgnatii</strong></span> <span class='ocrx_word' id='word_1_300' title='bbox 2740 481 3028 535; x_wconf 69' lang='lat' dir='ltr'><strong>Antiochia’</strong></span> <span class='ocrx_word' id='word_1_301' title='bbox 3061 482 3307 549; x_wconf 77' lang='lat' dir='ltr'><strong>episwpi.</strong></span> 
     </span>
    </p>
   </div>
   <div class='ocr_carea' id='block_1_50' title="bbox 2070 570 3575 630">
    <p class='ocr_par' dir='ltr' id='par_1_50' title="bbox 2070 570 3575 630">
     <span class='ocr_line' id='line_1_51' title="bbox 2070 570 3575 630; baseline 0 -4"><span class='ocrx_word' id='word_1_302' title='bbox 2070 570 2246 629; x_wconf 92' lang='lat' dir='ltr'><strong>Sinite</strong></span> <span class='ocrx_word' id='word_1_303' title='bbox 2312 590 2395 627; x_wconf 84' lang='lat' dir='ltr'><strong>me</strong></span> <span class='ocrx_word' id='word_1_304' title='bbox 2453 575 2660 629; x_wconf 83' lang='lat' dir='ltr'><strong>homini</strong></span> <span class='ocrx_word' id='word_1_305' title='bbox 2719 574 2820 629; x_wconf 90' lang='lat' dir='ltr'><strong>mei</strong></span> <span class='ocrx_word' id='word_1_306' title='bbox 2878 577 3179 629; x_wconf 83' lang='lat' dir='ltr'><strong>cruciatum</strong></span> <span class='ocrx_word' id='word_1_307' title='bbox 3236 583 3294 630; x_wconf 89' lang='lat' dir='ltr'><strong>et</strong></span> <span class='ocrx_word' id='word_1_308' title='bbox 3349 584 3575 628; x_wconf 69' lang='lat' dir='ltr'><strong>mortem</strong></span> 
     </span>
    </p>
   </div>
   <div class='ocr_carea' id='block_1_51' title="bbox 1998 665 2216 719">
    <p class='ocr_par' dir='ltr' id='par_1_51' title="bbox 1998 665 2216 719">
     <span class='ocr_line' id='line_1_52' title="bbox 1998 665 2216 719; baseline -0.009 0"><span class='ocrx_word' id='word_1_309' title='bbox 1998 665 2216 719; x_wconf 72' lang='lat' dir='ltr'><strong>imitari.</strong></span> 
     </span>
    </p>
   </div>
   <div class='ocr_carea' id='block_1_52' title="bbox 2381 757 3166 828">
    <p class='ocr_par' dir='ltr' id='par_1_52' title="bbox 2381 757 3166 828">
     <span class='ocr_line' id='line_1_53' title="bbox 2381 757 3166 828; baseline 0 -16"><span class='ocrx_word' id='word_1_310' title='bbox 2381 759 2563 812; x_wconf 85' lang='lat' dir='ltr'><strong>Sancti</strong></span> <span class='ocrx_word' id='word_1_311' title='bbox 2600 757 2844 827; x_wconf 78' lang='lat' dir='ltr'><strong>Gregorii</strong></span> <span class='ocrx_word' id='word_1_312' title='bbox 2898 757 3166 828; x_wconf 81' lang='lat' dir='ltr'><strong>Tlteologi.</strong></span> 
     </span>
    </p>
   </div>
   <div class='ocr_carea' id='block_1_53' title="bbox 2062 850 3577 925">
    <p class='ocr_par' dir='ltr' id='par_1_53' title="bbox 2062 850 3577 925">
     <span class='ocr_line' id='line_1_54' title="bbox 2062 850 3577 925; baseline 0 -18"><span class='ocrx_word' id='word_1_313' title='bbox 2062 853 2253 908; x_wconf 63' lang='lat' dir='ltr'><strong>Paucae</strong></span> <span class='ocrx_word' id='word_1_314' title='bbox 2295 863 2459 925; x_wconf 70' lang='lat' dir='ltr'><strong>guttae</strong></span> <span class='ocrx_word' id='word_1_315' title='bbox 2503 851 2787 918; x_wconf 74' lang='lat' dir='ltr'><strong>sanguinis</strong></span> <span class='ocrx_word' id='word_1_316' title='bbox 2842 850 2934 906; x_wconf 84' lang='lat' dir='ltr'><strong>Dei</strong></span> <span class='ocrx_word' id='word_1_317' title='bbox 2970 854 3231 907; x_wconf 82' lang='lat' dir='ltr'><strong>mundum</strong></span> <span class='ocrx_word' id='word_1_318' title='bbox 3264 855 3577 911; x_wconf 80' lang='lat' dir='ltr'><strong>sanctiﬁca-</strong></span> 
     </span>
    </p>
   </div>
   <div class='ocr_carea' id='block_1_54' title="bbox 1993 944 2489 1000">
    <p class='ocr_par' dir='ltr' id='par_1_54' title="bbox 1993 944 2489 1000">
     <span class='ocr_line' id='line_1_55' title="bbox 1993 944 2489 1000; baseline -0.002 -1"><span class='ocrx_word' id='word_1_319' title='bbox 1993 955 2115 1000; x_wconf 88' lang='lat' dir='ltr'><strong>rttnt</strong></span> <span class='ocrx_word' id='word_1_320' title='bbox 2151 944 2489 998; x_wconf 87' lang='lat' dir='ltr'><strong>universum.</strong></span> 
     </span>
    </p>
   </div>
   <div class='ocr_carea' id='block_1_55' title="bbox 2447 1033 3127 1104">
    <p class='ocr_par' dir='ltr' id='par_1_55' title="bbox 2447 1033 3127 1104">
     <span class='ocr_line' id='line_1_56' title="bbox 2447 1033 3127 1104; baseline 0 -15"><span class='ocrx_word' id='word_1_321' title='bbox 2447 1033 2582 1089; x_wconf 85' lang='lat' dir='ltr'><strong>Julii</strong></span> <span class='ocrx_word' id='word_1_322' title='bbox 2626 1033 2807 1089; x_wconf 65' lang='lat' dir='ltr'><strong>Roma</strong></span> <span class='ocrx_word' id='word_1_323' title='bbox 2837 1034 3127 1104; x_wconf 76' lang='lat' dir='ltr'><strong>pontiﬁcis.</strong></span> 
     </span>
    </p>
   </div>
   <div class='ocr_carea' id='block_1_56' title="bbox 2055 1126 3543 1199">
    <p class='ocr_par' dir='ltr' id='par_1_56' title="bbox 2055 1126 3543 1199">
     <span class='ocr_line' id='line_1_57' title="bbox 2055 1126 3543 1199; baseline 0 -15"><span class='ocrx_word' id='word_1_324' title='bbox 2055 1127 2229 1184; x_wconf 71' lang='lat' dir='ltr'><strong>Judmi</strong></span> <span class='ocrx_word' id='word_1_325' title='bbox 2260 1143 2458 1197; x_wconf 80' lang='lat' dir='ltr'><strong>corpus</strong></span> <span class='ocrx_word' id='word_1_326' title='bbox 2492 1126 2896 1199; x_wconf 72' lang='lat' dir='ltr'><strong>crucifigcntes,</strong></span> <span class='ocrx_word' id='word_1_327' title='bbox 2934 1127 3173 1184; x_wconf 74' lang='lat' dir='ltr'><strong>Verbum</strong></span> <span class='ocrx_word' id='word_1_328' title='bbox 3205 1129 3543 1185; x_wconf 84' lang='lat' dir='ltr'><strong>occidcmnt.</strong></span> 
     </span>
    </p>
   </div>
   <div class='ocr_carea' id='block_1_57' title="bbox 2234 1307 3289 1384">
    <p class='ocr_par' dir='ltr' id='par_1_57' title="bbox 2234 1307 3289 1384">
     <span class='ocr_line' id='line_1_58' title="bbox 2234 1307 3289 1384; baseline -0.002 -17"><span class='ocrx_word' id='word_1_329' title='bbox 2234 1311 2419 1367; x_wconf 77' lang='lat' dir='ltr'><strong>Sancti</strong></span> <span class='ocrx_word' id='word_1_330' title='bbox 2465 1311 2655 1384; x_wconf 78' lang='lat' dir='ltr'><strong>Cyrilli</strong></span> <span class='ocrx_word' id='word_1_331' title='bbox 2677 1311 2928 1365; x_wconf 79' lang='lat' dir='ltr'><strong>adversus</strong></span> <span class='ocrx_word' id='word_1_332' title='bbox 2962 1307 3289 1365; x_wconf 82' lang='lat' dir='ltr'><strong>Nestorium.</strong></span> 
     </span>
    </p>
   </div>
   <div class='ocr_carea' id='block_1_58' title="bbox 2054 1404 3575 1478">
    <p class='ocr_par' dir='ltr' id='par_1_58' title="bbox 2054 1404 3575 1478">
     <span class='ocr_line' id='line_1_59' title="bbox 2054 1404 3575 1478; baseline -0.005 -15"><span class='ocrx_word' id='word_1_333' title='bbox 2054 1412 2146 1466; x_wconf 67' lang='lat' dir='ltr'><strong>Dei</strong></span> <span class='ocrx_word' id='word_1_334' title='bbox 2186 1413 2480 1478; x_wconf 73' lang='lat' dir='ltr'><strong>cruciatus,</strong></span> <span class='ocrx_word' id='word_1_335' title='bbox 2527 1410 2618 1464; x_wconf 84' lang='lat' dir='ltr'><strong>Dei</strong></span> <span class='ocrx_word' id='word_1_336' title='bbox 2672 1425 2828 1476; x_wconf 83' lang='lat' dir='ltr'><strong>crux,</strong></span> <span class='ocrx_word' id='word_1_337' title='bbox 2886 1408 2974 1463; x_wconf 83' lang='lat' dir='ltr'><strong>Dei</strong></span> <span class='ocrx_word' id='word_1_338' title='bbox 3034 1423 3202 1472; x_wconf 89' lang='lat' dir='ltr'><strong>mors,</strong></span> <span class='ocrx_word' id='word_1_339' title='bbox 3259 1404 3348 1460; x_wconf 88' lang='lat' dir='ltr'><strong>Dei</strong></span> <span class='ocrx_word' id='word_1_340' title='bbox 3395 1421 3575 1461; x_wconf 86' lang='lat' dir='ltr'><strong>resur-</strong></span> 
     </span>
    </p>
   </div>
   <div class='ocr_carea' id='block_1_59' title="bbox 1982 1504 2168 1558">
    <p class='ocr_par' dir='ltr' id='par_1_59' title="bbox 1982 1504 2168 1558">
     <span class='ocr_line' id='line_1_60' title="bbox 1982 1504 2168 1558; baseline 0.005 -1"><span class='ocrx_word' id='word_1_341' title='bbox 1982 1504 2168 1558; x_wconf 77' lang='lat' dir='ltr'><strong>rectio.</strong></span> 
     </span>
    </p>
   </div>
   <div class='ocr_carea' id='block_1_60' title="bbox 2298 1595 3205 1667">
    <p class='ocr_par' dir='ltr' id='par_1_60' title="bbox 2298 1595 3205 1667">
     <span class='ocr_line' id='line_1_61' title="bbox 2298 1595 3205 1667; baseline 0 -15"><span class='ocrx_word' id='word_1_342' title='bbox 2298 1596 2570 1653; x_wconf 71' lang='lat' dir='ltr'><strong>Melitonis</strong></span> <span class='ocrx_word' id='word_1_343' title='bbox 2603 1595 2899 1653; x_wconf 83' lang='lat' dir='ltr'><strong>Sardorum</strong></span> <span class='ocrx_word' id='word_1_344' title='bbox 2945 1598 3205 1667; x_wconf 78' lang='lat' dir='ltr'><strong>episcopi.</strong></span> 
     </span>
    </p>
   </div>
   <div class='ocr_carea' id='block_1_61' title="bbox 2050 1687 3213 1759">
    <p class='ocr_par' dir='ltr' id='par_1_61' title="bbox 2050 1687 3213 1759">
     <span class='ocr_line' id='line_1_62' title="bbox 2050 1687 3213 1759; baseline 0.002 -17"><span class='ocrx_word' id='word_1_345' title='bbox 2050 1687 2196 1744; x_wconf 86' lang='lat' dir='ltr'><strong>Deus</strong></span> <span class='ocrx_word' id='word_1_346' title='bbox 2227 1704 2422 1759; x_wconf 88' lang='lat' dir='ltr'><strong>passus</strong></span> <span class='ocrx_word' id='word_1_347' title='bbox 2455 1698 2542 1745; x_wconf 89' lang='lat' dir='ltr'><strong>est</strong></span> <span class='ocrx_word' id='word_1_348' title='bbox 2576 1705 2605 1743; x_wconf 94' lang='lat' dir='ltr'><strong>a</strong></span> <span class='ocrx_word' id='word_1_349' title='bbox 2637 1690 2859 1745; x_wconf 71' lang='lat' dir='ltr'><strong>dextera</strong></span> <span class='ocrx_word' id='word_1_350' title='bbox 2897 1689 3213 1745; x_wconf 79' lang='lat' dir='ltr'><strong>Israelitica.</strong></span> 
     </span>
    </p>
   </div>
   <div class='ocr_carea' id='block_1_62' title="bbox 2049 1780 3571 1854">
    <p class='ocr_par' dir='ltr' id='par_1_62' title="bbox 2049 1780 3571 1854">
     <span class='ocr_line' id='line_1_63' title="bbox 2049 1780 3571 1854; baseline -0.001 -16"><span class='ocrx_word' id='word_1_351' title='bbox 2049 1780 2327 1854; x_wconf 87' lang='lat' dir='ltr'><strong>Objiciunt</strong></span> <span class='ocrx_word' id='word_1_352' title='bbox 2352 1792 2404 1837; x_wconf 91' lang='lat' dir='ltr'><strong>et</strong></span> <span class='ocrx_word' id='word_1_353' title='bbox 2428 1784 2532 1837; x_wconf 84' lang='lat' dir='ltr'><strong>alia</strong></span> <span class='ocrx_word' id='word_1_354' title='bbox 2563 1782 2728 1837; x_wconf 88' lang='lat' dir='ltr'><strong>multa</strong></span> <span class='ocrx_word' id='word_1_355' title='bbox 2758 1783 2840 1837; x_wconf 89' lang='lat' dir='ltr'><strong>his</strong></span> <span class='ocrx_word' id='word_1_356' title='bbox 2868 1782 3090 1846; x_wconf 84' lang='lat' dir='ltr'><strong>similia,</strong></span> <span class='ocrx_word' id='word_1_357' title='bbox 3117 1784 3183 1837; x_wconf 88' lang='lat' dir='ltr'><strong>ad</strong></span> <span class='ocrx_word' id='word_1_358' title='bbox 3209 1799 3328 1852; x_wconf 78' lang='lat' dir='ltr'><strong>qnze</strong></span> <span class='ocrx_word' id='word_1_359' title='bbox 3355 1785 3571 1851; x_wconf 84' lang='lat' dir='ltr'><strong>quidem</strong></span> 
     </span>
    </p>
   </div>
   <div class='ocr_carea' id='block_1_63' title="bbox 1981 1875 3572 1945">
    <p class='ocr_par' dir='ltr' id='par_1_63' title="bbox 1981 1875 3572 1945">
     <span class='ocr_line' id='line_1_64' title="bbox 1981 1875 3572 1945; baseline 0.001 -15"><span class='ocrx_word' id='word_1_360' title='bbox 1981 1876 2161 1930; x_wconf 84' lang='lat' dir='ltr'><strong>omnia</strong></span> <span class='ocrx_word' id='word_1_361' title='bbox 2204 1875 2528 1931; x_wconf 80' lang='lat' dir='ltr'><strong>confutanda</strong></span> <span class='ocrx_word' id='word_1_362' title='bbox 2567 1877 2725 1931; x_wconf 88' lang='lat' dir='ltr'><strong>unica</strong></span> <span class='ocrx_word' id='word_1_363' title='bbox 2761 1877 2897 1932; x_wconf 86' lang='lat' dir='ltr'><strong>satis</strong></span> <span class='ocrx_word' id='word_1_364' title='bbox 2924 1876 3031 1930; x_wconf 86' lang='lat' dir='ltr'><strong>erit</strong></span> <span class='ocrx_word' id='word_1_365' title='bbox 3058 1878 3379 1945; x_wconf 80' lang='lat' dir='ltr'><strong>responsio:</strong></span> <span class='ocrx_word' id='word_1_366' title='bbox 3416 1878 3572 1941; x_wconf 64' lang='lat' dir='ltr'><strong>Vidn,</strong></span> 
     </span>
    </p>
   </div>
   <div class='ocr_carea' id='block_1_64' title="bbox 1984 1966 3571 2047">
    <p class='ocr_par' dir='ltr' id='par_1_64' title="bbox 1984 1966 3571 2047">
     <span class='ocr_line' id='line_1_65' title="bbox 1984 1966 3571 2047; baseline 0.002 -25"><span class='ocrx_word' id='word_1_367' title='bbox 1984 1969 2475 2047; x_wconf 80' lang='lat' dir='ltr'><strong>inquitGregorins</strong></span> <span class='ocrx_word' id='word_1_368' title='bbox 2517 1969 2606 2024; x_wconf 90' lang='lat' dir='ltr'><strong>ille</strong></span> <span class='ocrx_word' id='word_1_369' title='bbox 2633 1966 2962 2041; x_wconf 82' lang='lat' dir='ltr'><strong>Theologus,</strong></span> <span class='ocrx_word' id='word_1_370' title='bbox 3003 1983 3071 2024; x_wconf 87' lang='lat' dir='ltr'><strong>ne</strong></span> <span class='ocrx_word' id='word_1_371' title='bbox 3101 1970 3426 2039; x_wconf 82' lang='lat' dir='ltr'><strong>sanguinem</strong></span> <span class='ocrx_word' id='word_1_372' title='bbox 3479 1971 3571 2025; x_wconf 81' lang='lat' dir='ltr'><strong>Dei</strong></span> 
     </span>
    </p>
   </div>
   <div class='ocr_carea' id='block_1_65' title="bbox 1980 2062 3572 2125">
    <p class='ocr_par' dir='ltr' id='par_1_65' title="bbox 1980 2062 3572 2125">
     <span class='ocr_line' id='line_1_66' title="bbox 1980 2062 3572 2125; baseline 0.001 -9"><span class='ocrx_word' id='word_1_373' title='bbox 1980 2074 2034 2117; x_wconf 87' lang='lat' dir='ltr'><strong>et</strong></span> <span class='ocrx_word' id='word_1_374' title='bbox 2065 2062 2342 2117; x_wconf 79' lang='lat' dir='ltr'><strong>cruciatus</strong></span> <span class='ocrx_word' id='word_1_375' title='bbox 2369 2063 2617 2125; x_wconf 86' lang='lat' dir='ltr'><strong>audiens,</strong></span> <span class='ocrx_word' id='word_1_376' title='bbox 2646 2062 2756 2118; x_wconf 90' lang='lat' dir='ltr'><strong>ullo</strong></span> <span class='ocrx_word' id='word_1_377' title='bbox 2792 2062 2952 2117; x_wconf 84' lang='lat' dir='ltr'><strong>modo</strong></span> <span class='ocrx_word' id='word_1_378' title='bbox 3004 2063 3267 2118; x_wconf 87' lang='lat' dir='ltr'><strong>rationem</strong></span> <span class='ocrx_word' id='word_1_379' title='bbox 3308 2063 3572 2125; x_wconf 78' lang='lat' dir='ltr'><strong>inﬂectas.</strong></span> 
     </span>
    </p>
   </div>
   <div class='ocr_carea' id='block_1_66' title="bbox 1981 2154 3574 2227">
    <p class='ocr_par' dir='ltr' id='par_1_66' title="bbox 1981 2154 3574 2227">
     <span class='ocr_line' id='line_1_67' title="bbox 1981 2154 3574 2227; baseline 0.001 -18"><span class='ocrx_word' id='word_1_380' title='bbox 1981 2169 2115 2209; x_wconf 87' lang='lat' dir='ltr'><strong>neve</strong></span> <span class='ocrx_word' id='word_1_381' title='bbox 2174 2163 2232 2208; x_wconf 90' lang='lat' dir='ltr'><strong>ttt</strong></span> <span class='ocrx_word' id='word_1_382' title='bbox 2263 2154 2355 2209; x_wconf 83' lang='lat' dir='ltr'><strong>Dei</strong></span> <span class='ocrx_word' id='word_1_383' title='bbox 2408 2162 2669 2223; x_wconf 81' lang='lat' dir='ltr'><strong>patronus</strong></span> <span class='ocrx_word' id='word_1_384' title='bbox 2718 2155 2879 2223; x_wconf 83' lang='lat' dir='ltr'><em>impie</em></span> <span class='ocrx_word' id='word_1_385' title='bbox 2938 2156 3230 2223; x_wconf 73' lang='lat' dir='ltr'><strong>superaris.</strong></span> <span class='ocrx_word' id='word_1_386' title='bbox 3271 2154 3401 2209; x_wconf 84' lang='lat' dir='ltr'><strong>Nam</strong></span> <span class='ocrx_word' id='word_1_387' title='bbox 3444 2158 3574 2227; x_wconf 84' lang='lat' dir='ltr'><strong>quia</strong></span> 
     </span>
    </p>
   </div>
   <div class='ocr_carea' id='block_1_67' title="bbox 1978 2246 3575 2321">
    <p class='ocr_par' dir='ltr' id='par_1_67' title="bbox 1978 2246 3575 2321">
     <span class='ocr_line' id='line_1_68' title="bbox 1978 2246 3575 2321; baseline 0.003 -18"><span class='ocrx_word' id='word_1_388' title='bbox 1978 2246 2100 2303; x_wconf 87' lang='lat' dir='ltr'><strong>Filii</strong></span> <span class='ocrx_word' id='word_1_389' title='bbox 2155 2259 2210 2303; x_wconf 92' lang='lat' dir='ltr'><strong>et</strong></span> <span class='ocrx_word' id='word_1_390' title='bbox 2270 2247 2362 2301; x_wconf 87' lang='lat' dir='ltr'><strong>Dei</strong></span> <span class='ocrx_word' id='word_1_391' title='bbox 2417 2262 2649 2317; x_wconf 80' lang='lat' dir='ltr'><strong>persona</strong></span> <span class='ocrx_word' id='word_1_392' title='bbox 2709 2246 2851 2302; x_wconf 80' lang='lat' dir='ltr'><strong>facta</strong></span> <span class='ocrx_word' id='word_1_393' title='bbox 2905 2254 2990 2303; x_wconf 80' lang='lat' dir='ltr'><strong>est</strong></span> <span class='ocrx_word' id='word_1_394' title='bbox 3048 2249 3212 2302; x_wconf 89' lang='lat' dir='ltr'><strong>ctiam</strong></span> <span class='ocrx_word' id='word_1_395' title='bbox 3280 2261 3575 2321; x_wconf 71' lang='lat' dir='ltr'><strong>assumpta:</strong></span> 
     </span>
    </p>
   </div>
   <div class='ocr_carea' id='block_1_68' title="bbox 1979 2334 3572 2407">
    <p class='ocr_par' dir='ltr' id='par_1_68' title="bbox 1979 2334 3572 2407">
     <span class='ocr_line' id='line_1_69' title="bbox 1979 2334 3572 2407; baseline 0.003 -18"><span class='ocrx_word' id='word_1_396' title='bbox 1979 2335 2162 2389; x_wconf 87' lang='lat' dir='ltr'><strong>carnis</strong></span> <span class='ocrx_word' id='word_1_397' title='bbox 2192 2349 2444 2404; x_wconf 86' lang='lat' dir='ltr'><strong>persona,</strong></span> <span class='ocrx_word' id='word_1_398' title='bbox 2479 2335 2596 2404; x_wconf 87' lang='lat' dir='ltr'><strong>ipse</strong></span> <span class='ocrx_word' id='word_1_399' title='bbox 2652 2334 2849 2389; x_wconf 87' lang='lat' dir='ltr'><strong>dicitur</strong></span> <span class='ocrx_word' id='word_1_400' title='bbox 2881 2337 3061 2389; x_wconf 85' lang='lat' dir='ltr'><strong>omnia</strong></span> <span class='ocrx_word' id='word_1_401' title='bbox 3120 2334 3299 2392; x_wconf 78' lang='lat' dir='ltr'><strong>facere</strong></span> <span class='ocrx_word' id='word_1_402' title='bbox 3341 2347 3396 2391; x_wconf 89' lang='lat' dir='ltr'><strong>et</strong></span> <span class='ocrx_word' id='word_1_403' title='bbox 3429 2340 3572 2407; x_wconf 86' lang='lat' dir='ltr'><strong>pati,</strong></span> 
     </span>
    </p>
   </div>
   <div class='ocr_carea' id='block_1_69' title="bbox 1978 2423 3574 2495">
    <p class='ocr_par' dir='ltr' id='par_1_69' title="bbox 1978 2423 3574 2495">
     <span class='ocr_line' id='line_1_70' title="bbox 1978 2423 3574 2495; baseline 0.003 -16"><span class='ocrx_word' id='word_1_404' title='bbox 1978 2434 2141 2495; x_wconf 88' lang='lat' dir='ltr'><strong>atque</strong></span> <span class='ocrx_word' id='word_1_405' title='bbox 2196 2425 2286 2479; x_wconf 88' lang='lat' dir='ltr'><strong>illa</strong></span> <span class='ocrx_word' id='word_1_406' title='bbox 2349 2423 2591 2494; x_wconf 87' lang='lat' dir='ltr'><strong>quidem,</strong></span> <span class='ocrx_word' id='word_1_407' title='bbox 2642 2439 2761 2493; x_wconf 73' lang='lat' dir='ltr'><strong>qua:</strong></span> <span class='ocrx_word' id='word_1_408' title='bbox 2808 2424 2993 2480; x_wconf 86' lang='lat' dir='ltr'><strong>divina</strong></span> <span class='ocrx_word' id='word_1_409' title='bbox 3049 2436 3201 2495; x_wconf 88' lang='lat' dir='ltr'><strong>sunt,</strong></span> <span class='ocrx_word' id='word_1_410' title='bbox 3259 2439 3451 2483; x_wconf 87' lang='lat' dir='ltr'><strong>natura</strong></span> <span class='ocrx_word' id='word_1_411' title='bbox 3487 2429 3574 2483; x_wconf 90' lang='lat' dir='ltr'><strong>di-</strong></span> 
     </span>
    </p>
   </div>
   <div class='ocr_carea' id='block_1_70' title="bbox 1970 2517 3576 2589">
    <p class='ocr_par' dir='ltr' id='par_1_70' title="bbox 1970 2517 3576 2589">
     <span class='ocr_line' id='line_1_71' title="bbox 1970 2517 3576 2589; baseline 0.004 -20"><span class='ocrx_word' id='word_1_412' title='bbox 1970 2518 2100 2573; x_wconf 36' lang='lat' dir='ltr'><strong>)vina</strong></span> <span class='ocrx_word' id='word_1_413' title='bbox 2168 2517 2471 2588; x_wconf 83' lang='lat' dir='ltr'><strong>perﬁcere,</strong></span> <span class='ocrx_word' id='word_1_414' title='bbox 2535 2532 2596 2572; x_wconf 88' lang='lat' dir='ltr'><strong>ea</strong></span> <span class='ocrx_word' id='word_1_415' title='bbox 2657 2532 2787 2574; x_wconf 81' lang='lat' dir='ltr'><strong>vero</strong></span> <span class='ocrx_word' id='word_1_416' title='bbox 2841 2532 2962 2588; x_wconf 71' lang='lat' dir='ltr'><strong>quae</strong></span> <span class='ocrx_word' id='word_1_417' title='bbox 3015 2527 3145 2573; x_wconf 82' lang='lat' dir='ltr'><strong>sunt</strong></span> <span class='ocrx_word' id='word_1_418' title='bbox 3196 2519 3468 2589; x_wconf 86' lang='lat' dir='ltr'><strong>humana,</strong></span> <span class='ocrx_word' id='word_1_419' title='bbox 3521 2534 3576 2575; x_wconf 89' lang='lat' dir='ltr'><strong>et</strong></span> 
     </span>
    </p>
   </div>
   <div class='ocr_carea' id='block_1_71' title="bbox 1978 2598 3571 2680">
    <p class='ocr_par' dir='ltr' id='par_1_71' title="bbox 1978 2598 3571 2680">
     <span class='ocr_line' id='line_1_72' title="bbox 1978 2598 3571 2680; baseline 0.004 -19"><span class='ocrx_word' id='word_1_420' title='bbox 1978 2622 2139 2678; x_wconf 78' lang='lat' dir='ltr'><strong>agere</strong></span> <span class='ocrx_word' id='word_1_421' title='bbox 2172 2617 2226 2662; x_wconf 87' lang='lat' dir='ltr'><strong>et</strong></span> <span class='ocrx_word' id='word_1_422' title='bbox 2258 2607 2363 2678; x_wconf 82' lang='lat' dir='ltr'><strong>pati</strong></span> <span class='ocrx_word' id='word_1_423' title='bbox 2421 2617 2613 2661; x_wconf 90' lang='lat' dir='ltr'><strong>natura</strong></span> <span class='ocrx_word' id='word_1_424' title='bbox 2649 2598 2906 2662; x_wconf 84' lang='lat' dir='ltr'><strong>humana.</strong></span> <span class='ocrx_word' id='word_1_425' title='bbox 2962 2606 3029 2662; x_wconf 83' lang='lat' dir='ltr'><strong>Et</strong></span> <span class='ocrx_word' id='word_1_426' title='bbox 3084 2608 3243 2663; x_wconf 83' lang='lat' dir='ltr'><strong>aliter</strong></span> <span class='ocrx_word' id='word_1_427' title='bbox 3268 2626 3287 2665; x_wconf 88' lang='lat'><strong>:</strong></span> <span class='ocrx_word' id='word_1_428' title='bbox 3316 2610 3571 2680; x_wconf 89' lang='lat' dir='ltr'><strong>quoniam</strong></span> 
     </span>
    </p>
   </div>
   <div class='ocr_carea' id='block_1_72' title="bbox 1981 2696 3573 2771">
    <p class='ocr_par' dir='ltr' id='par_1_72' title="bbox 1981 2696 3573 2771">
     <span class='ocr_line' id='line_1_73' title="bbox 1981 2696 3573 2771; baseline 0.004 -21"><span class='ocrx_word' id='word_1_429' title='bbox 1981 2712 2086 2751; x_wconf 88' lang='lat' dir='ltr'><strong>una</strong></span> <span class='ocrx_word' id='word_1_430' title='bbox 2114 2706 2198 2752; x_wconf 88' lang='lat' dir='ltr'><strong>est</strong></span> <span class='ocrx_word' id='word_1_431' title='bbox 2234 2697 2460 2751; x_wconf 89' lang='lat' dir='ltr'><strong>duarum</strong></span> <span class='ocrx_word' id='word_1_432' title='bbox 2501 2696 2703 2752; x_wconf 76' lang='lat' dir='ltr'><strong>Christi</strong></span> <span class='ocrx_word' id='word_1_433' title='bbox 2752 2706 3074 2752; x_wconf 77' lang='lat' dir='ltr'><strong>naturarum</strong></span> <span class='ocrx_word' id='word_1_434' title='bbox 3124 2713 3375 2768; x_wconf 80' lang='lat' dir='ltr'><strong>persona,</strong></span> <span class='ocrx_word' id='word_1_435' title='bbox 3441 2701 3573 2771; x_wconf 72' lang='lat' dir='ltr'><strong>ipsa:</strong></span> 
     </span>
    </p>
   </div>
   <div class='ocr_carea' id='block_1_73' title="bbox 1979 2792 3567 2865">
    <p class='ocr_par' dir='ltr' id='par_1_73' title="bbox 1979 2792 3567 2865">
     <span class='ocr_line' id='line_1_74' title="bbox 1979 2792 3567 2865; baseline 0.004 -20"><span class='ocrx_word' id='word_1_436' title='bbox 1979 2792 2079 2845; x_wconf 85' lang='lat' dir='ltr'><strong>sibi</strong></span> <span class='ocrx_word' id='word_1_437' title='bbox 2111 2792 2352 2847; x_wconf 85' lang='lat' dir='ltr'><strong>vicissim</strong></span> <span class='ocrx_word' id='word_1_438' title='bbox 2390 2806 2517 2846; x_wconf 87' lang='lat' dir='ltr'><strong>suas</strong></span> <span class='ocrx_word' id='word_1_439' title='bbox 2554 2806 2697 2862; x_wconf 63' lang='lat' dir='ltr'><strong>sarpe</strong></span> <span class='ocrx_word' id='word_1_440' title='bbox 2736 2793 3144 2848; x_wconf 76' lang='lat' dir='ltr'><strong>communicant</strong></span> <span class='ocrx_word' id='word_1_441' title='bbox 3175 2796 3567 2865; x_wconf 82' lang='lat' dir='ltr'><strong>appellationes</strong></span> 
     </span>
    </p>
   </div>
   <div class='ocr_carea' id='block_1_74' title="bbox 1979 2884 3571 2959">
    <p class='ocr_par' dir='ltr' id='par_1_74' title="bbox 1979 2884 3571 2959">
     <span class='ocr_line' id='line_1_75' title="bbox 1979 2884 3571 2959; baseline 0.008 -26"><span class='ocrx_word' id='word_1_442' title='bbox 1979 2890 2202 2952; x_wconf 79' lang='lat' dir='ltr'><strong>propter</strong></span> <span class='ocrx_word' id='word_1_443' title='bbox 2250 2897 2500 2952; x_wconf 73' lang='lat' dir='ltr'><strong>persona:</strong></span> <span class='ocrx_word' id='word_1_444' title='bbox 2554 2884 2991 2954; x_wconf 71' lang='lat' dir='ltr'><strong>coniunctionem</strong></span> <span class='ocrx_word' id='word_1_445' title='bbox 3051 2895 3106 2941; x_wconf 90' lang='lat' dir='ltr'><strong>et</strong></span> <span class='ocrx_word' id='word_1_446' title='bbox 3179 2902 3450 2959; x_wconf 88' lang='lat' dir='ltr'><strong>summam</strong></span> <span class='ocrx_word' id='word_1_447' title='bbox 3502 2907 3571 2946; x_wconf 74' lang='lat' dir='ltr'><strong>ex</strong></span> 
     </span>
    </p>
   </div>
   <div class='ocr_carea' id='block_1_75' title="bbox 1980 2974 3572 3051">
    <p class='ocr_par' dir='ltr' id='par_1_75' title="bbox 1980 2974 3572 3051">
     <span class='ocr_line' id='line_1_76' title="bbox 1980 2974 3572 3051; baseline 0.007 -24"><span class='ocrx_word' id='word_1_448' title='bbox 1980 2974 2069 3027; x_wconf 86' lang='lat' dir='ltr'><strong>illa</strong></span> <span class='ocrx_word' id='word_1_449' title='bbox 2132 2974 2618 3032; x_wconf 89' lang='lat' dir='ltr'><strong>necessitudinem.</strong></span> <span class='ocrx_word' id='word_1_450' title='bbox 2672 2975 3036 3042; x_wconf 85' lang='lat' dir='ltr'><strong>Quamobrem</strong></span> <span class='ocrx_word' id='word_1_451' title='bbox 3088 2979 3134 3035; x_wconf 90' lang='lat' dir='ltr'><strong>si</strong></span> <span class='ocrx_word' id='word_1_452' title='bbox 3185 2978 3417 3051; x_wconf 70' lang='lat' dir='ltr'><strong>quazstio</strong></span> <span class='ocrx_word' id='word_1_453' title='bbox 3489 2986 3572 3039; x_wconf 88' lang='lat' dir='ltr'><strong>sic</strong></span> 
     </span>
    </p>
   </div>
   <div class='ocr_carea' id='block_1_76' title="bbox 1978 3068 3571 3145">
    <p class='ocr_par' dir='ltr' id='par_1_76' title="bbox 1978 3068 3571 3145">
     <span class='ocr_line' id='line_1_77' title="bbox 1978 3068 3571 3145; baseline 0.005 -22"><span class='ocrx_word' id='word_1_454' title='bbox 1978 3078 2301 3139; x_wconf 80' lang='lat' dir='ltr'><strong>exponatur,</strong></span> <span class='ocrx_word' id='word_1_455' title='bbox 2359 3068 2562 3123; x_wconf 90' lang='lat' dir='ltr'><strong>nullum</strong></span> <span class='ocrx_word' id='word_1_456' title='bbox 2625 3070 3029 3126; x_wconf 82' lang='lat' dir='ltr'><strong>incommodum</strong></span> <span class='ocrx_word' id='word_1_457' title='bbox 3082 3084 3467 3145; x_wconf 82' lang='lat' dir='ltr'><strong>consequetur.</strong></span> <span class='ocrx_word' id='word_1_458' title='bbox 3502 3078 3571 3131; x_wconf 82' lang='lat' dir='ltr'><strong>At</strong></span> 
     </span>
    </p>
   </div>
   <div class='ocr_carea' id='block_1_77' title="bbox 1979 3161 3571 3239">
    <p class='ocr_par' dir='ltr' id='par_1_77' title="bbox 1979 3161 3571 3239">
     <span class='ocr_line' id='line_1_78' title="bbox 1979 3161 3571 3239; baseline 0.004 -21"><span class='ocrx_word' id='word_1_459' title='bbox 1979 3163 2047 3227; x_wconf 89' lang='lat' dir='ltr'><strong>si,</strong></span> <span class='ocrx_word' id='word_1_460' title='bbox 2100 3170 2159 3216; x_wconf 89' lang='lat' dir='ltr'><strong>ut</strong></span> <span class='ocrx_word' id='word_1_461' title='bbox 2211 3161 2629 3231; x_wconf 76' lang='lat' dir='ltr'><strong>Tlteopascltila:</strong></span> <span class='ocrx_word' id='word_1_462' title='bbox 2678 3164 2991 3233; x_wconf 88' lang='lat' dir='ltr'><strong>opinantur,</strong></span> <span class='ocrx_word' id='word_1_463' title='bbox 3043 3164 3210 3221; x_wconf 81' lang='lat' dir='ltr'><strong>Filius</strong></span> <span class='ocrx_word' id='word_1_464' title='bbox 3253 3182 3348 3222; x_wconf 89' lang='lat' dir='ltr'><strong>sua</strong></span> <span class='ocrx_word' id='word_1_465' title='bbox 3403 3170 3571 3239; x_wconf 81' lang='lat' dir='ltr'><strong>ipsius</strong></span> 
     </span>
    </p>
   </div>
   <div class='ocr_carea' id='block_1_78' title="bbox 1980 3256 3569 3325">
    <p class='ocr_par' dir='ltr' id='par_1_78' title="bbox 1980 3256 3569 3325">
     <span class='ocr_line' id='line_1_79' title="bbox 1980 3256 3569 3325; baseline 0.004 -14"><span class='ocrx_word' id='word_1_466' title='bbox 1980 3267 2177 3312; x_wconf 86' lang='lat' dir='ltr'><strong>natura</strong></span> <span class='ocrx_word' id='word_1_467' title='bbox 2209 3256 2389 3312; x_wconf 83' lang='lat' dir='ltr'><strong>divina</strong></span> <span class='ocrx_word' id='word_1_468' title='bbox 2441 3271 2635 3325; x_wconf 86' lang='lat' dir='ltr'><strong>passus</strong></span> <span class='ocrx_word' id='word_1_469' title='bbox 2691 3268 2747 3311; x_wconf 91' lang='lat' dir='ltr'><strong>et</strong></span> <span class='ocrx_word' id='word_1_470' title='bbox 2784 3269 3029 3314; x_wconf 89' lang='lat' dir='ltr'><strong>mortuus</strong></span> <span class='ocrx_word' id='word_1_471' title='bbox 3075 3271 3178 3323; x_wconf 91' lang='lat' dir='ltr'><strong>est,</strong></span> <span class='ocrx_word' id='word_1_472' title='bbox 3238 3260 3374 3316; x_wconf 83' lang='lat' dir='ltr'><strong>Filio</strong></span> <span class='ocrx_word' id='word_1_473' title='bbox 3425 3279 3569 3317; x_wconf 86' lang='lat' dir='ltr'><strong>mor-</strong></span> 
     </span>
    </p>
   </div>
   <div class='ocr_carea' id='block_1_79' title="bbox 1982 3347 3566 3411">
    <p class='ocr_par' dir='ltr' id='par_1_79' title="bbox 1982 3347 3566 3411">
     <span class='ocr_line' id='line_1_80' title="bbox 1982 3347 3566 3411; baseline 0.004 -7"><span class='ocrx_word' id='word_1_474' title='bbox 1982 3360 2073 3406; x_wconf 91' lang='lat' dir='ltr'><strong>tuo</strong></span> <span class='ocrx_word' id='word_1_475' title='bbox 2100 3347 2342 3404; x_wconf 85' lang='lat' dir='ltr'><strong>Trinitas</strong></span> <span class='ocrx_word' id='word_1_476' title='bbox 2372 3350 2436 3403; x_wconf 86' lang='lat' dir='ltr'><strong>ad</strong></span> <span class='ocrx_word' id='word_1_477' title='bbox 2466 3349 2785 3404; x_wconf 85' lang='lat' dir='ltr'><strong>dttalitatem</strong></span> <span class='ocrx_word' id='word_1_478' title='bbox 2821 3353 3039 3405; x_wconf 78' lang='lat' dir='ltr'><strong>redacta</strong></span> <span class='ocrx_word' id='word_1_479' title='bbox 3072 3362 3177 3407; x_wconf 87' lang='lat' dir='ltr'><strong>est.</strong></span> <span class='ocrx_word' id='word_1_480' title='bbox 3214 3352 3281 3408; x_wconf 88' lang='lat' dir='ltr'><strong>Et</strong></span> <span class='ocrx_word' id='word_1_481' title='bbox 3330 3354 3566 3411; x_wconf 86' lang='lat' dir='ltr'><strong>dualitas</strong></span> 
     </span>
    </p>
   </div>
   <div class='ocr_carea' id='block_1_80' title="bbox 1980 3442 3563 3513">
    <p class='ocr_par' dir='ltr' id='par_1_80' title="bbox 1980 3442 3563 3513">
     <span class='ocr_line' id='line_1_81' title="bbox 1980 3442 3563 3513; baseline 0.004 -16"><span class='ocrx_word' id='word_1_482' title='bbox 1980 3442 2082 3497; x_wconf 86' lang='lat' dir='ltr'><strong>fuit</strong></span> <span class='ocrx_word' id='word_1_483' title='bbox 2111 3457 2391 3513; x_wconf 80' lang='lat' dir='ltr'><strong>quousque</strong></span> <span class='ocrx_word' id='word_1_484' title='bbox 2422 3443 2727 3498; x_wconf 82' lang='lat' dir='ltr'><strong>resurrexit</strong></span> <span class='ocrx_word' id='word_1_485' title='bbox 2751 3460 2778 3496; x_wconf 89' lang='lat' dir='ltr'><strong>a</strong></span> <span class='ocrx_word' id='word_1_486' title='bbox 2822 3446 3068 3500; x_wconf 87' lang='lat' dir='ltr'><strong>mortuis.</strong></span> <span class='ocrx_word' id='word_1_487' title='bbox 3100 3446 3232 3513; x_wconf 84' lang='lat' dir='ltr'><strong>Quis</strong></span> <span class='ocrx_word' id='word_1_488' title='bbox 3270 3448 3563 3503; x_wconf 83' lang='lat' dir='ltr'><strong>absurdam</strong></span> 
     </span>
    </p>
   </div>
   <div class='ocr_carea' id='block_1_81' title="bbox 1978 3535 3560 3605">
    <p class='ocr_par' dir='ltr' id='par_1_81' title="bbox 1978 3535 3560 3605">
     <span class='ocr_line' id='line_1_82' title="bbox 1978 3535 3560 3605; baseline 0.003 -15"><span class='ocrx_word' id='word_1_489' title='bbox 1978 3544 2033 3590; x_wconf 89' lang='lat' dir='ltr'><strong>et</strong></span> <span class='ocrx_word' id='word_1_490' title='bbox 2095 3547 2367 3605; x_wconf 80' lang='lat' dir='ltr'><strong>agrestem</strong></span> <span class='ocrx_word' id='word_1_491' title='bbox 2433 3535 2659 3591; x_wconf 88' lang='lat' dir='ltr'><strong>istorum</strong></span> <span class='ocrx_word' id='word_1_492' title='bbox 2720 3536 3004 3591; x_wconf 87' lang='lat' dir='ltr'><strong>stultitiam</strong></span> <span class='ocrx_word' id='word_1_493' title='bbox 3065 3554 3170 3594; x_wconf 91' lang='lat' dir='ltr'><strong>non</strong></span> <span class='ocrx_word' id='word_1_494' title='bbox 3215 3540 3560 3605; x_wconf 85' lang='lat' dir='ltr'><strong>misereatur,</strong></span> 
     </span>
    </p>
   </div>
   <div class='ocr_carea' id='block_1_82' title="bbox 1979 3626 3564 3696">
    <p class='ocr_par' dir='ltr' id='par_1_82' title="bbox 1979 3626 3564 3696">
     <span class='ocr_line' id='line_1_83' title="bbox 1979 3626 3564 3696; baseline 0.004 -18"><span class='ocrx_word' id='word_1_495' title='bbox 1979 3626 2071 3695; x_wconf 83' lang='lat' dir='ltr'><strong>qui</strong></span> <span class='ocrx_word' id='word_1_496' title='bbox 2120 3627 2358 3680; x_wconf 87' lang='lat' dir='ltr'><strong>animam</strong></span> <span class='ocrx_word' id='word_1_497' title='bbox 2388 3627 2606 3696; x_wconf 89' lang='lat' dir='ltr'><strong>quidem</strong></span> <span class='ocrx_word' id='word_1_498' title='bbox 2643 3638 2977 3695; x_wconf 87' lang='lat' dir='ltr'><strong>assumptam</strong></span> <span class='ocrx_word' id='word_1_499' title='bbox 3019 3628 3404 3694; x_wconf 87' lang='lat' dir='ltr'><strong>immortalem,</strong></span> <span class='ocrx_word' id='word_1_500' title='bbox 3441 3646 3564 3685; x_wconf 88' lang='lat' dir='ltr'><strong>eum</strong></span> 
     </span>
    </p>
   </div>
   <div class='ocr_carea' id='block_1_83' title="bbox 1978 3718 3560 3793">
    <p class='ocr_par' dir='ltr' id='par_1_83' title="bbox 1978 3718 3560 3793">
     <span class='ocr_line' id='line_1_84' title="bbox 1978 3718 3560 3793; baseline 0.005 -24"><span class='ocrx_word' id='word_1_501' title='bbox 1978 3718 2106 3774; x_wconf 80' lang='lat' dir='ltr'><strong>vero</strong></span> <span class='ocrx_word' id='word_1_502' title='bbox 2150 3719 2242 3788; x_wconf 86' lang='lat' dir='ltr'><strong>qui</strong></span> <span class='ocrx_word' id='word_1_503' title='bbox 2276 3718 2419 3772; x_wconf 86' lang='lat' dir='ltr'><strong>illam</strong></span> <span class='ocrx_word' id='word_1_504' title='bbox 2460 3720 2775 3787; x_wconf 84' lang='lat' dir='ltr'><strong>assumpsit,</strong></span> <span class='ocrx_word' id='word_1_505' title='bbox 2836 3720 3161 3784; x_wconf 85' lang='lat' dir='ltr'><strong>mortalem;</strong></span> <span class='ocrx_word' id='word_1_506' title='bbox 3196 3723 3416 3793; x_wconf 74' lang='lat' dir='ltr'><strong>angelos</strong></span> <span class='ocrx_word' id='word_1_507' title='bbox 3452 3726 3560 3777; x_wconf 78' lang='lat' dir='ltr'><strong>im-</strong></span> 
     </span>
    </p>
   </div>
   <div class='ocr_carea' id='block_1_84' title="bbox 1979 3810 3567 3881">
    <p class='ocr_par' dir='ltr' id='par_1_84' title="bbox 1979 3810 3567 3881">
     <span class='ocr_line' id='line_1_85' title="bbox 1979 3810 3567 3881; baseline 0.005 -18"><span class='ocrx_word' id='word_1_508' title='bbox 1979 3810 2257 3874; x_wconf 87' lang='lat' dir='ltr'><strong>mortales,</strong></span> <span class='ocrx_word' id='word_1_509' title='bbox 2285 3810 2599 3880; x_wconf 81' lang='lat' dir='ltr'><strong>angelorum</strong></span> <span class='ocrx_word' id='word_1_510' title='bbox 2631 3823 2811 3865; x_wconf 79' lang='lat' dir='ltr'><strong>autem</strong></span> <span class='ocrx_word' id='word_1_511' title='bbox 2878 3824 3276 3881; x_wconf 81' lang='lat' dir='ltr'><strong>procreatorem</strong></span> <span class='ocrx_word' id='word_1_512' title='bbox 3342 3828 3395 3870; x_wconf 86' lang='lat' dir='ltr'><strong>et</strong></span> <span class='ocrx_word' id='word_1_513' title='bbox 3459 3815 3567 3872; x_wconf 80' lang='lat' dir='ltr'><strong>Do-</strong></span> 
     </span>
    </p>
   </div>
   <div class='ocr_carea' id='block_1_85' title="bbox 1980 3904 2841 3968">
    <p class='ocr_par' dir='ltr' id='par_1_85' title="bbox 1980 3904 2841 3968">
     <span class='ocr_line' id='line_1_86' title="bbox 1980 3904 2841 3968; baseline 0.002 -11"><span class='ocrx_word' id='word_1_514' title='bbox 1980 3904 2182 3959; x_wconf 88' lang='lat' dir='ltr'><strong>minum</strong></span> <span class='ocrx_word' id='word_1_515' title='bbox 2210 3904 2490 3959; x_wconf 87' lang='lat' dir='ltr'><strong>mortalem</strong></span> <span class='ocrx_word' id='word_1_516' title='bbox 2516 3918 2762 3959; x_wconf 80' lang='lat' dir='ltr'><strong>asseram</strong></span> <span class='ocrx_word' id='word_1_517' title='bbox 2780 3905 2807 3958; x_wconf 65' lang='grc' dir='ltr'>ἲ</span> <span class='ocrx_word' id='word_1_518' title='bbox 2831 3958 2841 3968; x_wconf 80' lang='grc'><strong>,</strong></span> 
     </span>
    </p>
   </div>
   <div class='ocr_carea' id='block_1_86' title="bbox 1980 4017 3563 4091">
    <p class='ocr_par' dir='ltr' id='par_1_86' title="bbox 1980 4017 3563 4091">
     <span class='ocr_line' id='line_1_87' title="bbox 1980 4017 3563 4091; baseline 0.007 -20"><span class='ocrx_word' id='word_1_519' title='bbox 1980 4017 2081 4073; x_wconf 75' lang='lat' dir='ltr'><strong>ﬂia</strong></span> <span class='ocrx_word' id='word_1_520' title='bbox 2126 4020 2431 4087; x_wconf 81' lang='lat' dir='ltr'><strong>adjicienda</strong></span> <span class='ocrx_word' id='word_1_521' title='bbox 2482 4031 2602 4091; x_wconf 74' lang='lat' dir='ltr'><strong>sunt</strong></span> <span class='ocrx_word' id='word_1_522' title='bbox 2675 4037 2735 4073; x_wconf 84' lang='lat' dir='ltr'><strong>eu</strong></span> <span class='ocrx_word' id='word_1_523' title='bbox 2793 4038 2907 4091; x_wconf 70' lang='lat' dir='ltr'><strong>qna&#39;</strong></span> <span class='ocrx_word' id='word_1_524' title='bbox 2964 4021 3191 4089; x_wconf 76' lang='lat' dir='ltr'><strong>Magnus</strong></span> <span class='ocrx_word' id='word_1_525' title='bbox 3242 4024 3563 4085; x_wconf 69' lang='lat' dir='ltr'><strong>Athanasius</strong></span> 
     </span>
    </p>
   </div>
   <div class='ocr_carea' id='block_1_87' title="bbox 2046 4089 3567 4163">
    <p class='ocr_par' dir='ltr' id='par_1_87' title="bbox 2046 4089 3567 4163">
     <span class='ocr_line' id='line_1_88' title="bbox 2046 4089 3567 4163; baseline 0.008 -22"><span class='ocrx_word' id='word_1_526' title='bbox 2046 4093 2099 4142; x_wconf 82' lang='lat' dir='ltr'><strong>in</strong></span> <span class='ocrx_word' id='word_1_527' title='bbox 2132 4107 2216 4142; x_wconf 73' lang='lat' dir='ltr'><strong>eos</strong></span> <span class='ocrx_word' id='word_1_528' title='bbox 2255 4092 2401 4151; x_wconf 79' lang='lat' dir='ltr'><strong>dicit,</strong></span> <span class='ocrx_word' id='word_1_529' title='bbox 2433 4092 2522 4160; x_wconf 78' lang='lat' dir='ltr'><strong>qui</strong></span> <span class='ocrx_word' id='word_1_530' title='bbox 2569 4089 3019 4147; x_wconf 31' lang='lat' dir='ltr'><strong>Verbum&#39;rutione</strong></span> <span class='ocrx_word' id='word_1_531' title='bbox 3046 4096 3327 4163; x_wconf 70' lang='lat' dir='ltr'><strong>impatibili</strong></span> <span class='ocrx_word' id='word_1_532' title='bbox 3382 4098 3567 4153; x_wconf 77' lang='lat' dir='ltr'><strong>dicunt</strong></span> 
     </span>
    </p>
   </div>
   <div class='ocr_carea' id='block_1_88' title="bbox 2046 4176 2434 4229">
    <p class='ocr_par' dir='ltr' id='par_1_88' title="bbox 2046 4176 2434 4229">
     <span class='ocr_line' id='line_1_89' title="bbox 2046 4176 2434 4229; baseline 0.008 -16"><span class='ocrx_word' id='word_1_533' title='bbox 2046 4176 2157 4215; x_wconf 75' lang='lat' dir='ltr'><strong>esse</strong></span> <span class='ocrx_word' id='word_1_534' title='bbox 2199 4178 2434 4229; x_wconf 67' lang='lat' dir='ltr'><strong>passum.</strong></span> 
     </span>
    </p>
   </div>
   <div class='ocr_carea' id='block_1_89' title="bbox 2044 4252 3560 4328">
    <p class='ocr_par' dir='ltr' id='par_1_89' title="bbox 2044 4252 3560 4328">
     <span class='ocr_line' id='line_1_90' title="bbox 2044 4252 3560 4328; baseline 0.006 -25"><span class='ocrx_word' id='word_1_535' title='bbox 2044 4252 2350 4322; x_wconf 76' lang='lat' dir='ltr'><strong>Antequam</strong></span> <span class='ocrx_word' id='word_1_536' title='bbox 2379 4252 2594 4306; x_wconf 80' lang='lat' dir='ltr'><strong>audiam</strong></span> <span class='ocrx_word' id='word_1_537' title='bbox 2623 4253 2770 4317; x_wconf 75' lang='lat' dir='ltr'><strong>itlutl,</strong></span> <span class='ocrx_word' id='word_1_538' title='bbox 2810 4252 3011 4308; x_wconf 73' lang='lat' dir='ltr'><strong>Passus</strong></span> <span class='ocrx_word' id='word_1_539' title='bbox 3043 4265 3142 4322; x_wconf 79' lang='lat' dir='ltr'><strong>est,</strong></span> <span class='ocrx_word' id='word_1_540' title='bbox 3173 4256 3560 4328; x_wconf 75' lang='lat' dir='ltr'><strong>cogitatimtent</strong></span> 
     </span>
    </p>
   </div>
   <div class='ocr_carea' id='block_1_90' title="bbox 1974 4343 3561 4420">
    <p class='ocr_par' dir='ltr' id='par_1_90' title="bbox 1974 4343 3561 4420">
     <span class='ocr_line' id='line_1_91' title="bbox 1974 4343 3561 4420; baseline 0.004 -21"><span class='ocrx_word' id='word_1_541' title='bbox 1974 4344 2182 4414; x_wconf 81' lang='lat' dir='ltr'><strong>eﬁ&#39;ugit.</strong></span> <span class='ocrx_word' id='word_1_542' title='bbox 2245 4344 2377 4399; x_wconf 89' lang='lat' dir='ltr'><strong>Cum</strong></span> <span class='ocrx_word' id='word_1_543' title='bbox 2434 4345 2579 4397; x_wconf 89' lang='lat' dir='ltr'><strong>enim</strong></span> <span class='ocrx_word' id='word_1_544' title='bbox 2628 4343 2934 4414; x_wconf 76' lang='lat' dir='ltr'><strong>adjiciunt,</strong></span> <span class='ocrx_word' id='word_1_545' title='bbox 2997 4348 3202 4403; x_wconf 84' lang='lat' dir='ltr'><strong>ratione</strong></span> <span class='ocrx_word' id='word_1_546' title='bbox 3256 4350 3561 4420; x_wconf 77' lang='lat' dir='ltr'><strong>impatibili,</strong></span> 
     </span>
    </p>
   </div>
   <div class='ocr_carea' id='block_1_91' title="bbox 287 4437 1874 4527">
    <p class='ocr_par' dir='ltr' id='par_1_91' title="bbox 287 4443 1870 4527">
     <span class='ocr_line' id='line_1_92' title="bbox 287 4443 1870 4527; baseline -0.008 -19"><span class='ocrx_word' id='word_1_547' title='bbox 287 4458 477 4527; x_wconf 82' lang='grc' dir='ltr'>μένειν</span> <span class='ocrx_word' id='word_1_548' title='bbox 531 4455 589 4507; x_wconf 84' lang='grc' dir='ltr'>τὸ</span> <span class='ocrx_word' id='word_1_549' title='bbox 625 4450 817 4506; x_wconf 73' lang='grc' dir='ltr'>ἔπαθε.</span> <span class='ocrx_word' id='word_1_550' title='bbox 859 4449 1059 4503; x_wconf 87' lang='grc' dir='ltr'>Στάσιν</span> <span class='ocrx_word' id='word_1_551' title='bbox 1102 4449 1132 4500; x_wconf 86' lang='lat'><strong>6</strong></span> <span class='ocrx_word' id='word_1_552' title='bbox 1169 4446 1327 4514; x_wconf 89' lang='grc' dir='ltr'>λόγος</span> <span class='ocrx_word' id='word_1_553' title='bbox 1364 4444 1601 4499; x_wconf 84' lang='grc' dir='ltr'>ἄστατον</span> <span class='ocrx_word' id='word_1_554' title='bbox 1624 4443 1761 4513; x_wconf 79' lang='grc' dir='ltr'>ἔχει.</span> <span class='ocrx_word' id='word_1_555' title='bbox 1806 4444 1870 4496; x_wconf 83' lang='lat' dir='ltr'><strong>El</strong></span> 
     </span>
    </p>
   </div>
   <div class='ocr_carea' id='block_1_92' title="bbox 1988 4437 3564 4527">
    <p class='ocr_par' dir='ltr' id='par_1_92' title="bbox 1988 4437 3564 4505">
     <span class='ocr_line' id='line_1_93' title="bbox 1988 4437 3564 4505; baseline 0.006 -14"><span class='ocrx_word' id='word_1_556' title='bbox 1988 4452 2080 4491; x_wconf 69' lang='lat' dir='ltr'><strong>non</strong></span> <span class='ocrx_word' id='word_1_557' title='bbox 2110 4438 2242 4494; x_wconf 90' lang='lat' dir='ltr'><strong>sinit</strong></span> <span class='ocrx_word' id='word_1_558' title='bbox 2267 4437 2591 4504; x_wconf 86' lang='lat' dir='ltr'><strong>consistere,</strong></span> <span class='ocrx_word' id='word_1_559' title='bbox 2617 4452 2808 4505; x_wconf 82' lang='lat' dir='ltr'><strong>passus</strong></span> <span class='ocrx_word' id='word_1_560' title='bbox 2842 4449 2945 4496; x_wconf 90' lang='lat' dir='ltr'><strong>est.</strong></span> <span class='ocrx_word' id='word_1_561' title='bbox 2974 4438 3160 4496; x_wconf 84' lang='lat' dir='ltr'><strong>Oratio</strong></span> <span class='ocrx_word' id='word_1_562' title='bbox 3181 4451 3380 4498; x_wconf 80' lang='lat' dir='ltr'><strong>statum</strong></span> <span class='ocrx_word' id='word_1_563' title='bbox 3402 4446 3564 4501; x_wconf 87' lang='lat' dir='ltr'><strong>habet</strong></span> 
     </span>
    </p>
   </div>
   <div class='ocr_carea' id='block_1_93' title="bbox 283 4526 1874 4609">
    <p class='ocr_par' dir='ltr' id='par_1_93' title="bbox 283 4526 1863 4609">
     <span class='ocr_line' id='line_1_94' title="bbox 283 4526 1863 4609; baseline -0.008 -12"><span class='ocrx_word' id='word_1_564' title='bbox 283 4526 485 4609; x_wconf 76' lang='grc' dir='ltr'>ἔπαθε,</span> <span class='ocrx_word' id='word_1_565' title='bbox 533 4541 649 4604; x_wconf 83' lang='grc' dir='ltr'>πῶς</span> <span class='ocrx_word' id='word_1_566' title='bbox 681 4537 944 4602; x_wconf 85' lang='grc' dir='ltr'>ἀπαθῶς;</span> <span class='ocrx_word' id='word_1_567' title='bbox 973 4537 1033 4589; x_wconf 88' lang='lat' dir='ltr'><strong>El.</strong></span> <span class='ocrx_word' id='word_1_568' title='bbox 1062 4534 1325 4598; x_wconf 82' lang='grc' dir='ltr'>ἀπαθῶς,</span> <span class='ocrx_word' id='word_1_569' title='bbox 1364 4535 1482 4596; x_wconf 81' lang='grc' dir='ltr'>πῶς</span> <span class='ocrx_word' id='word_1_570' title='bbox 1516 4532 1721 4599; x_wconf 69' lang='grc' dir='ltr'>ἔπαθες</span> <span class='ocrx_word' id='word_1_571' title='bbox 1750 4534 1863 4586; x_wconf 78' lang='grc' dir='ltr'><strong>Λα·</strong></span> 
     </span>
    </p>
   </div>
   <div class='ocr_carea' id='block_1_94' title="bbox 1988 4526 3559 4609">
    <p class='ocr_par' dir='ltr' id='par_1_94' title="bbox 1988 4527 3559 4605">
     <span class='ocr_line' id='line_1_95' title="bbox 1988 4527 3559 4605; baseline 0.006 -23"><span class='ocrx_word' id='word_1_572' title='bbox 1988 4530 2305 4585; x_wconf 72' lang='lat' dir='ltr'><strong>instabilem.</strong></span> <span class='ocrx_word' id='word_1_573' title='bbox 2340 4527 2396 4584; x_wconf 87' lang='lat' dir='ltr'><strong>Si</strong></span> <span class='ocrx_word' id='word_1_574' title='bbox 2436 4544 2631 4598; x_wconf 81' lang='lat' dir='ltr'><strong>passus</strong></span> <span class='ocrx_word' id='word_1_575' title='bbox 2659 4542 2763 4594; x_wconf 87' lang='lat' dir='ltr'><strong>est,</strong></span> <span class='ocrx_word' id='word_1_576' title='bbox 2824 4532 3096 4600; x_wconf 90' lang='lat' dir='ltr'><strong>quomodo</strong></span> <span class='ocrx_word' id='word_1_577' title='bbox 3129 4534 3339 4589; x_wconf 88' lang='lat' dir='ltr'><strong>ratione</strong></span> <span class='ocrx_word' id='word_1_578' title='bbox 3390 4536 3559 4605; x_wconf 88' lang='lat' dir='ltr'><strong>impa-</strong></span> 
     </span>
    </p>
   </div>
   <div class='ocr_carea' id='block_1_95' title="bbox 284 4622 1870 4708">
    <p class='ocr_par' dir='ltr' id='par_1_95' title="bbox 284 4622 1870 4708">
     <span class='ocr_line' id='line_1_96' title="bbox 284 4622 1870 4708; baseline -0.008 -17"><span class='ocrx_word' id='word_1_579' title='bbox 284 4639 544 4708; x_wconf 80' lang='grc' dir='ltr'>λήσωμεν</span> <span class='ocrx_word' id='word_1_580' title='bbox 577 4634 885 4704; x_wconf 81' lang='grc' dir='ltr'>ἀλαλήτως,</span> <span class='ocrx_word' id='word_1_581' title='bbox 939 4631 1028 4685; x_wconf 77' lang='grc' dir='ltr'><strong>ἵνα</strong></span> <span class='ocrx_word' id='word_1_582' title='bbox 1084 4628 1251 4699; x_wconf 79' lang='grc' dir='ltr'>νοηθῇ</span> <span class='ocrx_word' id='word_1_583' title='bbox 1311 4628 1575 4696; x_wconf 83' lang='grc' dir='ltr'>ἀνοήτως;</span> <span class='ocrx_word' id='word_1_584' title='bbox 1621 4625 1728 4692; x_wconf 55' lang='grc' dir='ltr'>Τίς,</span> <span class='ocrx_word' id='word_1_585' title='bbox 1761 4622 1870 4679; x_wconf 82' lang='grc' dir='ltr'>εἶδε</span> 
     </span>
    </p>
   </div>
   <div class='ocr_carea' id='block_1_96' title="bbox 284 4719 1871 4792">
    <p class='ocr_par' dir='ltr' id='par_1_96' title="bbox 284 4719 1871 4792">
     <span class='ocr_line' id='line_1_97' title="bbox 284 4719 1871 4792; baseline -0.009 -7"><span class='ocrx_word' id='word_1_586' title='bbox 284 4733 561 4785; x_wconf 83' lang='grc' dir='ltr'>πίπτοντα</span> <span class='ocrx_word' id='word_1_587' title='bbox 610 4728 916 4791; x_wconf 78' lang='grc' dir='ltr'>ἀπτὼτωςς</span> <span class='ocrx_word' id='word_1_588' title='bbox 966 4723 1322 4792; x_wconf 75' lang='grc' dir='ltr'>ἐγειρόμενον</span> <span class='ocrx_word' id='word_1_589' title='bbox 1373 4719 1723 4788; x_wconf 83' lang='grc' dir='ltr'>ἀνεγέρτως;</span> <span class='ocrx_word' id='word_1_590' title='bbox 1773 4735 1871 4771; x_wconf 86' lang='grc' dir='ltr'><strong>πο-</strong></span> 
     </span>
    </p>
   </div>
   <div class='ocr_carea' id='block_1_97' title="bbox 283 4813 1870 4891">
    <p class='ocr_par' dir='ltr' id='par_1_97' title="bbox 283 4813 1870 4891">
     <span class='ocr_line' id='line_1_98' title="bbox 283 4813 1870 4891; baseline -0.008 -12"><span class='ocrx_word' id='word_1_591' title='bbox 283 4825 490 4879; x_wconf 88' lang='grc' dir='ltr'>νοῦντα</span> <span class='ocrx_word' id='word_1_592' title='bbox 520 4823 735 4884; x_wconf 82' lang='grc' dir='ltr'>ἀπόνως</span> <span class='ocrx_word' id='word_1_593' title='bbox 762 4838 778 4887; x_wconf 88' lang='grc'><strong>;</strong></span> <span class='ocrx_word' id='word_1_594' title='bbox 810 4818 1115 4891; x_wconf 81' lang='grc' dir='ltr'>φρονοῦντα</span> <span class='ocrx_word' id='word_1_595' title='bbox 1147 4814 1400 4887; x_wconf 78' lang='grc' dir='ltr'>ἀφρόνως</span> <span class='ocrx_word' id='word_1_596' title='bbox 1426 4832 1443 4881; x_wconf 88' lang='lat'><strong>;</strong></span> <span class='ocrx_word' id='word_1_597' title='bbox 1485 4813 1870 4885; x_wconf 83' lang='grc' dir='ltr'><strong>ὠφελούμενον</strong></span> 
     </span>
    </p>
   </div>
   <div class='ocr_carea' id='block_1_98' title="bbox 284 4902 1871 4986">
    <p class='ocr_par' dir='ltr' id='par_1_98' title="bbox 284 4902 1871 4986">
     <span class='ocr_line' id='line_1_99' title="bbox 284 4902 1871 4986; baseline -0.009 -14"><span class='ocrx_word' id='word_1_598' title='bbox 284 4916 621 4986; x_wconf 83' lang='grc' dir='ltr'>ἀνωφελῶς;</span> <span class='ocrx_word' id='word_1_599' title='bbox 652 4914 917 4982; x_wconf 87' lang='grc' dir='ltr'>λυόμενον</span> <span class='ocrx_word' id='word_1_600' title='bbox 946 4906 1177 4970; x_wconf 83' lang='grc' dir='ltr'>ἀλύτως·</span> <span class='ocrx_word' id='word_1_601' title='bbox 1204 4907 1292 4959; x_wconf 78' lang='grc' dir='ltr'><strong>ἵνα</strong></span> <span class='ocrx_word' id='word_1_602' title='bbox 1315 4905 1560 4975; x_wconf 78' lang='grc' dir='ltr'>δέξωμαι</span> <span class='ocrx_word' id='word_1_603' title='bbox 1583 4904 1643 4959; x_wconf 83' lang='grc' dir='ltr'>τὸ</span> <span class='ocrx_word' id='word_1_604' title='bbox 1666 4902 1871 4957; x_wconf 74' lang='grc' dir='ltr'>ἔπαθεν</span> 
     </span>
    </p>
   </div>
   <div class='ocr_carea' id='block_1_99' title="bbox 284 4997 1872 5075">
    <p class='ocr_par' dir='ltr' id='par_1_99' title="bbox 284 4997 1872 5075">
     <span class='ocr_line' id='line_1_100' title="bbox 284 4997 1872 5075; baseline -0.01 -13"><span class='ocrx_word' id='word_1_605' title='bbox 284 5008 550 5071; x_wconf 82' lang='grc' dir='ltr'>ἀπαθῶς;</span> <span class='ocrx_word' id='word_1_606' title='bbox 593 5006 687 5067; x_wconf 87' lang='grc' dir='ltr'><strong>Τίς</strong></span> <span class='ocrx_word' id='word_1_607' title='bbox 724 5006 759 5075; x_wconf 78' lang='grc' dir='ltr'>ἡ</span> <span class='ocrx_word' id='word_1_608' title='bbox 803 5004 903 5073; x_wconf 73' lang='grc' dir='ltr'><strong>⁸ιίῆς</strong></span> <span class='ocrx_word' id='word_1_609' title='bbox 964 4999 1279 5071; x_wconf 76' lang='grc' dir='ltr'>ἀφροσύνης</span> <span class='ocrx_word' id='word_1_610' title='bbox 1326 4997 1651 5062; x_wconf 75' lang='grc' dir='ltr'>ἐπίστασις,</span> <span class='ocrx_word' id='word_1_611' title='bbox 1702 4998 1788 5058; x_wconf 84' lang='grc' dir='ltr'><strong>τίς</strong></span> <span class='ocrx_word' id='word_1_612' title='bbox 1835 4997 1872 5061; x_wconf 79' lang='grc' dir='ltr'><strong>ἠ</strong></span> 
     </span>
    </p>
   </div>
   <div class='ocr_carea' id='block_1_100' title="bbox 284 5088 1871 5170">
    <p class='ocr_par' dir='ltr' id='par_1_100' title="bbox 284 5088 1871 5170">
     <span class='ocr_line' id='line_1_101' title="bbox 284 5088 1871 5170; baseline -0.008 -16"><span class='ocrx_word' id='word_1_613' title='bbox 284 5102 387 5170; x_wconf 86' lang='grc' dir='ltr'>τῆς</span> <span class='ocrx_word' id='word_1_614' title='bbox 422 5099 608 5161; x_wconf 86' lang='grc' dir='ltr'>ἀνοίας</span> <span class='ocrx_word' id='word_1_615' title='bbox 647 5094 1039 5167; x_wconf 83' lang='grc' dir='ltr'>παραπληξία,</span> <span class='ocrx_word' id='word_1_616' title='bbox 1080 5093 1210 5163; x_wconf 72' lang='grc' dir='ltr'>περὶ</span> <span class='ocrx_word' id='word_1_617' title='bbox 1255 5090 1558 5161; x_wconf 74' lang='grc' dir='ltr'>μυστηρίου</span> <span class='ocrx_word' id='word_1_618' title='bbox 1595 5088 1871 5158; x_wconf 83' lang='grc' dir='ltr'><strong>φρικωδε-</strong></span> 
     </span>
    </p>
   </div>
   <div class='ocr_carea' id='block_1_101' title="bbox 286 5183 1866 5262">
    <p class='ocr_par' dir='ltr' id='par_1_101' title="bbox 286 5183 1866 5262">
     <span class='ocr_line' id='line_1_102' title="bbox 286 5183 1866 5262; baseline -0.008 -14"><span class='ocrx_word' id='word_1_619' title='bbox 286 5198 486 5249; x_wconf 78' lang='grc' dir='ltr'>στάτου</span> <span class='ocrx_word' id='word_1_620' title='bbox 546 5192 733 5262; x_wconf 74' lang='grc' dir='ltr'>φέρειν</span> <span class='ocrx_word' id='word_1_621' title='bbox 766 5191 986 5260; x_wconf 75' lang='grc' dir='ltr'>ῥήματα</span> <span class='ocrx_word' id='word_1_622' title='bbox 1010 5187 1222 5255; x_wconf 84' lang='grc' dir='ltr'>γέλωτα</span> <span class='ocrx_word' id='word_1_623' title='bbox 1249 5186 1458 5238; x_wconf 79' lang='grc' dir='ltr'>πλατὺν</span> <span class='ocrx_word' id='word_1_624' title='bbox 1486 5183 1866 5253; x_wconf 76' lang='grc' dir='ltr'>ὲργαζόμενας</span> 
     </span>
    </p>
   </div>
   <div class='ocr_carea' id='block_1_102' title="bbox 283 5277 1866 5357">
    <p class='ocr_par' dir='ltr' id='par_1_102' title="bbox 283 5277 1866 5357">
     <span class='ocr_line' id='line_1_103' title="bbox 283 5277 1866 5357; baseline -0.009 -15"><span class='ocrx_word' id='word_1_625' title='bbox 283 5289 447 5357; x_wconf 89' lang='grc' dir='ltr'>λόγον</span> <span class='ocrx_word' id='word_1_626' title='bbox 486 5283 963 5354; x_wconf 77' lang='grc' dir='ltr'>ἐπαγγέλλεσθαι,</span> <span class='ocrx_word' id='word_1_627' title='bbox 1006 5282 1103 5334; x_wconf 71' lang='grc' dir='ltr'><strong>καὶ</strong></span> <span class='ocrx_word' id='word_1_628' title='bbox 1152 5280 1377 5348; x_wconf 87' lang='grc' dir='ltr'>ἀλογίαν</span> <span class='ocrx_word' id='word_1_629' title='bbox 1414 5277 1866 5348; x_wconf 77' lang='grc' dir='ltr'>προϐάλλεσθαι;</span> 
     </span>
    </p>
   </div>
   <div class='ocr_carea' id='block_1_103' title="bbox 285 5367 1872 5449">
    <p class='ocr_par' dir='ltr' id='par_1_103' title="bbox 285 5367 1872 5449">
     <span class='ocr_line' id='line_1_104' title="bbox 285 5367 1872 5449; baseline -0.01 -16"><span class='ocrx_word' id='word_1_630' title='bbox 285 5381 584 5449; x_wconf 87' lang='grc' dir='ltr'>ἀπόκρισιν</span> <span class='ocrx_word' id='word_1_631' title='bbox 611 5377 813 5429; x_wconf 82' lang='grc' dir='ltr'>διδόναι</span> <span class='ocrx_word' id='word_1_632' title='bbox 835 5373 930 5427; x_wconf 88' lang='grc' dir='ltr'><strong>τοῦ</strong></span> <span class='ocrx_word' id='word_1_633' title='bbox 959 5371 1035 5442; x_wconf 80' lang='grc' dir='ltr'>μὴ</span> <span class='ocrx_word' id='word_1_634' title='bbox 1056 5371 1262 5435; x_wconf 87' lang='grc' dir='ltr'>δοῦναι;</span> <span class='ocrx_word' id='word_1_635' title='bbox 1289 5368 1674 5438; x_wconf 74' lang='grc' dir='ltr'>ἀσαφεστέραν</span> <span class='ocrx_word' id='word_1_636' title='bbox 1696 5367 1872 5436; x_wconf 81' lang='grc' dir='ltr'>ἑρμη-</span> 
     </span>
    </p>
   </div>
   <div class='ocr_carea' id='block_1_104' title="bbox 284 5460 1870 5541">
    <p class='ocr_par' dir='ltr' id='par_1_104' title="bbox 284 5460 1870 5541">
     <span class='ocr_line' id='line_1_105' title="bbox 284 5460 1870 5541; baseline -0.006 -17"><span class='ocrx_word' id='word_1_637' title='bbox 284 5472 442 5525; x_wconf 86' lang='grc' dir='ltr'>νείαν</span> <span class='ocrx_word' id='word_1_638' title='bbox 474 5469 739 5541; x_wconf 82' lang='grc' dir='ltr'>παρέχειν</span> <span class='ocrx_word' id='word_1_639' title='bbox 772 5466 1017 5538; x_wconf 80' lang='grc' dir='ltr'>μείζονος</span> <span class='ocrx_word' id='word_1_640' title='bbox 1054 5467 1288 5536; x_wconf 80' lang='grc' dir='ltr'>ἀπορίας</span> <span class='ocrx_word' id='word_1_641' title='bbox 1323 5464 1537 5535; x_wconf 81' lang='grc' dir='ltr'>μητέρα</span> <span class='ocrx_word' id='word_1_642' title='bbox 1566 5480 1581 5531; x_wconf 89' lang='lat'><strong>;</strong></span> <span class='ocrx_word' id='word_1_643' title='bbox 1626 5460 1749 5525; x_wconf 80' lang='grc' dir='ltr'>Πῶς</span> <span class='ocrx_word' id='word_1_644' title='bbox 1780 5462 1870 5515; x_wconf 82' lang='grc' dir='ltr'><strong>ού-</strong></span> 
     </span>
    </p>
   </div>
   <div class='ocr_carea' id='block_1_105' title="bbox 283 5554 1868 5630">
    <p class='ocr_par' dir='ltr' id='par_1_105' title="bbox 283 5554 1868 5630">
     <span class='ocr_line' id='line_1_106' title="bbox 283 5554 1868 5630; baseline -0.007 -13"><span class='ocrx_word' id='word_1_645' title='bbox 283 5567 395 5627; x_wconf 63' lang='lat' dir='ltr'><strong>6st;</strong></span> <span class='ocrx_word' id='word_1_646' title='bbox 433 5563 543 5616; x_wconf 84' lang='grc' dir='ltr'><strong>τῶν</strong></span> <span class='ocrx_word' id='word_1_647' title='bbox 581 5563 755 5630; x_wconf 89' lang='grc' dir='ltr'>ἁγίων</span> <span class='ocrx_word' id='word_1_648' title='bbox 784 5561 861 5624; x_wconf 89' lang='grc' dir='ltr'><strong>είς</strong></span> <span class='ocrx_word' id='word_1_649' title='bbox 904 5557 1160 5612; x_wconf 87' lang='grc' dir='ltr'>τοσοῦτον</span> <span class='ocrx_word' id='word_1_650' title='bbox 1192 5556 1327 5627; x_wconf 75' lang='grc' dir='ltr'>ὕψος</span> <span class='ocrx_word' id='word_1_651' title='bbox 1369 5555 1602 5626; x_wconf 86' lang='grc' dir='ltr'>θεωρίας</span> <span class='ocrx_word' id='word_1_652' title='bbox 1628 5554 1868 5624; x_wconf 81' lang='grc' dir='ltr'>ἀναδρα-</span> 
     </span>
    </p>
   </div>
   <div class='ocr_carea' id='block_1_106' title="bbox 288 5646 1865 5727">
    <p class='ocr_par' dir='ltr' id='par_1_106' title="bbox 288 5646 1865 5727">
     <span class='ocr_line' id='line_1_107' title="bbox 288 5646 1865 5727; baseline -0.007 -18"><span class='ocrx_word' id='word_1_653' title='bbox 288 5658 434 5726; x_wconf 81' lang='grc' dir='ltr'>μεῖν,</span> <span class='ocrx_word' id='word_1_654' title='bbox 454 5656 488 5727; x_wconf 87' lang='grc' dir='ltr'><strong>ἢ</strong></span> <span class='ocrx_word' id='word_1_655' title='bbox 509 5656 683 5708; x_wconf 77' lang='grc' dir='ltr'>εἰπεῖν</span> <span class='ocrx_word' id='word_1_656' title='bbox 702 5651 935 5722; x_wconf 81' lang='grc' dir='ltr'>ἐδυνήθη</span> <span class='ocrx_word' id='word_1_657' title='bbox 954 5651 1017 5704; x_wconf 83' lang='grc' dir='ltr'>τὸ</span> <span class='ocrx_word' id='word_1_658' title='bbox 1037 5647 1477 5720; x_wconf 85' lang='grc' dir='ltr'>πολυθρύλλητον</span> <span class='ocrx_word' id='word_1_659' title='bbox 1498 5649 1675 5701; x_wconf 78' lang='grc' dir='ltr'>ἐκεῖνο</span> <span class='ocrx_word' id='word_1_660' title='bbox 1692 5646 1865 5717; x_wconf 76' lang='grc' dir='ltr'>ῥῆμα,</span> 
     </span>
    </p>
   </div>
   <div class='ocr_carea' id='block_1_107' title="bbox 290 5739 1869 5811">
    <p class='ocr_par' dir='ltr' id='par_1_107' title="bbox 290 5739 1869 5811">
     <span class='ocr_line' id='line_1_108' title="bbox 290 5739 1869 5811; baseline -0.008 -8"><span class='ocrx_word' id='word_1_661' title='bbox 290 5748 536 5803; x_wconf 86' lang='grc' dir='ltr'>Ἔπαθεν</span> <span class='ocrx_word' id='word_1_662' title='bbox 570 5746 827 5811; x_wconf 82' lang='grc' dir='ltr'>ἀπαθῶς;</span> <span class='ocrx_word' id='word_1_663' title='bbox 865 5743 1077 5802; x_wconf 79' lang='grc' dir='ltr'>Παῦλος</span> <span class='ocrx_word' id='word_1_664' title='bbox 1099 5745 1126 5796; x_wconf 93' lang='lat'><strong>6</strong></span> <span class='ocrx_word' id='word_1_665' title='bbox 1150 5743 1229 5804; x_wconf 86' lang='grc' dir='ltr'>είς</span> <span class='ocrx_word' id='word_1_666' title='bbox 1259 5742 1443 5811; x_wconf 84' lang='grc' dir='ltr'>τρίτον</span> <span class='ocrx_word' id='word_1_667' title='bbox 1464 5739 1692 5811; x_wconf 76' lang='grc' dir='ltr'>οὐρανὸν</span> <span class='ocrx_word' id='word_1_668' title='bbox 1714 5740 1869 5795; x_wconf 79' lang='grc' dir='ltr'>ἀνελ-</span> 
     </span>
    </p>
   </div>
   <div class='ocr_carea' id='block_1_108' title="bbox 285 5830 1866 5907">
    <p class='ocr_par' dir='ltr' id='par_1_108' title="bbox 285 5830 1866 5907">
     <span class='ocr_line' id='line_1_109' title="bbox 285 5830 1866 5907; baseline -0.005 -14"><span class='ocrx_word' id='word_1_669' title='bbox 285 5840 419 5907; x_wconf 84' lang='grc' dir='ltr'>θὼν,</span> <span class='ocrx_word' id='word_1_670' title='bbox 444 5838 536 5892; x_wconf 76' lang='grc' dir='ltr'>καὶ</span> <span class='ocrx_word' id='word_1_671' title='bbox 568 5836 675 5890; x_wconf 86' lang='grc' dir='ltr'>τῶν</span> <span class='ocrx_word' id='word_1_672' title='bbox 702 5836 958 5906; x_wconf 75' lang='grc' dir='ltr'>ἀρρήτων</span> <span class='ocrx_word' id='word_1_673' title='bbox 983 5836 1041 5887; x_wconf 74' lang='grc' dir='ltr'>ὲν</span> <span class='ocrx_word' id='word_1_674' title='bbox 1070 5831 1386 5902; x_wconf 77' lang='grc' dir='ltr'>παραδείσῳ</span> <span class='ocrx_word' id='word_1_675' title='bbox 1411 5830 1673 5903; x_wconf 75' lang='grc' dir='ltr'>ῥημάτων</span> <span class='ocrx_word' id='word_1_676' title='bbox 1698 5830 1866 5886; x_wconf 83' lang='grc' dir='ltr'>ἀκού-</span> 
     </span>
    </p>
   </div>
   <div class='ocr_carea' id='block_1_109' title="bbox 581 5926 1298 6009">
    <p class='ocr_par' dir='ltr' id='par_1_109' title="bbox 581 5926 1298 6009">
     <span class='ocr_line' id='line_1_110' title="bbox 581 5926 1298 6009; baseline -0.007 -18"><span class='ocrx_word' id='word_1_677' title='bbox 581 5931 844 5991; x_wconf 66' lang='grc' dir='ltr'>Ρλτιιοι..</span> <span class='ocrx_word' id='word_1_678' title='bbox 876 5930 991 6009; x_wconf 79' lang='lat' dir='ltr'><strong>Gn.</strong></span> <span class='ocrx_word' id='word_1_679' title='bbox 1039 5926 1298 5990; x_wconf 67' lang='lat' dir='ltr'><strong>CXXX.</strong></span> 
     </span>
    </p>
   </div>
   <div class='ocr_carea' id='block_1_110' title="bbox 1975 4622 3563 4695">
    <p class='ocr_par' dir='ltr' id='par_1_110' title="bbox 1975 4622 3563 4695">
     <span class='ocr_line' id='line_1_111' title="bbox 1975 4622 3563 4695; baseline 0.001 -17"><span class='ocrx_word' id='word_1_680' title='bbox 1975 4623 2111 4678; x_wconf 88' lang='lat' dir='ltr'><strong>tibili</strong></span> <span class='ocrx_word' id='word_1_681' title='bbox 2134 4624 2157 4677; x_wconf 82' lang='lat'><strong>?</strong></span> <span class='ocrx_word' id='word_1_682' title='bbox 2184 4624 2241 4677; x_wconf 87' lang='lat' dir='ltr'><strong>Si</strong></span> <span class='ocrx_word' id='word_1_683' title='bbox 2284 4623 2493 4677; x_wconf 88' lang='lat' dir='ltr'><strong>ratione</strong></span> <span class='ocrx_word' id='word_1_684' title='bbox 2524 4622 2825 4691; x_wconf 85' lang='lat' dir='ltr'><strong>impatibili,</strong></span> <span class='ocrx_word' id='word_1_685' title='bbox 2854 4624 3126 4693; x_wconf 91' lang='lat' dir='ltr'><strong>quomodo</strong></span> <span class='ocrx_word' id='word_1_686' title='bbox 3177 4641 3372 4695; x_wconf 86' lang='lat' dir='ltr'><strong>passus</strong></span> <span class='ocrx_word' id='word_1_687' title='bbox 3428 4639 3511 4683; x_wconf 87' lang='lat' dir='ltr'><strong>est</strong></span> <span class='ocrx_word' id='word_1_688' title='bbox 3537 4629 3563 4681; x_wconf 74' lang='grc' dir='ltr'><strong>τ</strong></span> 
     </span>
    </p>
   </div>
   <div class='ocr_carea' id='block_1_111' title="bbox 1970 4716 3563 4789">
    <p class='ocr_par' dir='ltr' id='par_1_111' title="bbox 1970 4716 3563 4789">
     <span class='ocr_line' id='line_1_112' title="bbox 1970 4716 3563 4789; baseline 0.003 -18"><span class='ocrx_word' id='word_1_689' title='bbox 1970 4716 2163 4786; x_wconf 76' lang='lat' dir='ltr'><strong>Magno</strong></span> <span class='ocrx_word' id='word_1_690' title='bbox 2188 4718 2469 4786; x_wconf 88' lang='lat' dir='ltr'><strong>loquemur</strong></span> <span class='ocrx_word' id='word_1_691' title='bbox 2485 4717 2743 4777; x_wconf 87' lang='lat' dir='ltr'><strong>clamore,</strong></span> <span class='ocrx_word' id='word_1_692' title='bbox 2772 4727 2830 4769; x_wconf 87' lang='lat' dir='ltr'><strong>nt.</strong></span> <span class='ocrx_word' id='word_1_693' title='bbox 2862 4716 3563 4789; x_wconf 79' lang='lat' dir='ltr'><strong>insipienterintelligatur?</strong></span> 
     </span>
    </p>
   </div>
   <div class='ocr_carea' id='block_1_112' title="bbox 1970 4807 3556 4881">
    <p class='ocr_par' dir='ltr' id='par_1_112' title="bbox 1970 4807 3556 4881">
     <span class='ocr_line' id='line_1_113' title="bbox 1970 4807 3556 4881; baseline 0.002 -18"><span class='ocrx_word' id='word_1_694' title='bbox 1970 4809 2103 4876; x_wconf 85' lang='lat' dir='ltr'><strong>Quis</strong></span> <span class='ocrx_word' id='word_1_695' title='bbox 2148 4810 2275 4862; x_wconf 81' lang='lat' dir='ltr'><strong>vidit</strong></span> <span class='ocrx_word' id='word_1_696' title='bbox 2304 4808 2536 4878; x_wconf 87' lang='lat' dir='ltr'><strong>aliquem</strong></span> <span class='ocrx_word' id='word_1_697' title='bbox 2568 4824 2677 4863; x_wconf 88' lang='lat' dir='ltr'><strong>non</strong></span> <span class='ocrx_word' id='word_1_698' title='bbox 2706 4809 2972 4863; x_wconf 84' lang='lat' dir='ltr'><strong>labentem</strong></span> <span class='ocrx_word' id='word_1_699' title='bbox 3007 4807 3137 4876; x_wconf 89' lang='lat' dir='ltr'><strong>labi,</strong></span> <span class='ocrx_word' id='word_1_700' title='bbox 3166 4826 3274 4866; x_wconf 92' lang='lat' dir='ltr'><strong>non</strong></span> <span class='ocrx_word' id='word_1_701' title='bbox 3328 4826 3556 4881; x_wconf 77' lang='lat' dir='ltr'><strong>surgen-</strong></span> 
     </span>
    </p>
   </div>
   <div class='ocr_carea' id='block_1_113' title="bbox 1972 4899 3554 4971">
    <p class='ocr_par' dir='ltr' id='par_1_113' title="bbox 1972 4899 3554 4971">
     <span class='ocr_line' id='line_1_114' title="bbox 1972 4899 3554 4971; baseline 0 -15"><span class='ocrx_word' id='word_1_702' title='bbox 1972 4912 2079 4956; x_wconf 88' lang='lat' dir='ltr'><strong>tem</strong></span> <span class='ocrx_word' id='word_1_703' title='bbox 2103 4914 2348 4970; x_wconf 80' lang='lat' dir='ltr'><strong>surgere,</strong></span> <span class='ocrx_word' id='word_1_704' title='bbox 2382 4913 2488 4953; x_wconf 88' lang='lat' dir='ltr'><strong>non</strong></span> <span class='ocrx_word' id='word_1_705' title='bbox 2515 4900 2857 4954; x_wconf 82' lang='lat' dir='ltr'><strong>laborantem</strong></span> <span class='ocrx_word' id='word_1_706' title='bbox 2889 4899 3165 4966; x_wconf 88' lang='lat' dir='ltr'><strong>laborare,</strong></span> <span class='ocrx_word' id='word_1_707' title='bbox 3205 4900 3554 4971; x_wconf 87' lang='lat' dir='ltr'><strong>insipientem</strong></span> 
     </span>
    </p>
   </div>
   <div class='ocr_carea' id='block_1_114' title="bbox 1972 4991 3562 5064">
    <p class='ocr_par' dir='ltr' id='par_1_114' title="bbox 1972 4991 3562 5064">
     <span class='ocr_line' id='line_1_115' title="bbox 1972 4991 3562 5064; baseline 0 -16"><span class='ocrx_word' id='word_1_708' title='bbox 1972 5008 2183 5064; x_wconf 87' lang='lat' dir='ltr'><strong>sapere,</strong></span> <span class='ocrx_word' id='word_1_709' title='bbox 2218 5009 2320 5048; x_wconf 89' lang='lat' dir='ltr'><strong>non</strong></span> <span class='ocrx_word' id='word_1_710' title='bbox 2361 4991 2702 5061; x_wconf 84' lang='lat' dir='ltr'><strong>adjuvantem</strong></span> <span class='ocrx_word' id='word_1_711' title='bbox 2728 4995 2938 5062; x_wconf 88' lang='lat' dir='ltr'><strong>juvare,</strong></span> <span class='ocrx_word' id='word_1_712' title='bbox 2975 5009 3084 5049; x_wconf 92' lang='lat' dir='ltr'><strong>non</strong></span> <span class='ocrx_word' id='word_1_713' title='bbox 3120 4995 3418 5051; x_wconf 87' lang='lat' dir='ltr'><strong>solventem</strong></span> <span class='ocrx_word' id='word_1_714' title='bbox 3446 4994 3562 5051; x_wconf 85' lang='lat' dir='ltr'><strong>sol-</strong></span> 
     </span>
    </p>
   </div>
   <div class='ocr_carea' id='block_1_115' title="bbox 1972 5086 3560 5157">
    <p class='ocr_par' dir='ltr' id='par_1_115' title="bbox 1972 5086 3560 5157">
     <span class='ocr_line' id='line_1_116' title="bbox 1972 5086 3560 5157; baseline 0 -17"><span class='ocrx_word' id='word_1_715' title='bbox 1972 5101 2118 5153; x_wconf 88' lang='lat' dir='ltr'><strong>vere,</strong></span> <span class='ocrx_word' id='word_1_716' title='bbox 2148 5096 2206 5140; x_wconf 90' lang='lat' dir='ltr'><strong>ut</strong></span> <span class='ocrx_word' id='word_1_717' title='bbox 2235 5086 2360 5140; x_wconf 87' lang='lat' dir='ltr'><strong>illud</strong></span> <span class='ocrx_word' id='word_1_718' title='bbox 2390 5086 2551 5141; x_wconf 89' lang='lat' dir='ltr'><strong>etiam</strong></span> <span class='ocrx_word' id='word_1_719' title='bbox 2575 5087 2922 5143; x_wconf 83' lang='lat' dir='ltr'><strong>admittantus</strong></span> <span class='ocrx_word' id='word_1_720' title='bbox 2953 5103 2971 5142; x_wconf 89' lang='lat'><strong>:</strong></span> <span class='ocrx_word' id='word_1_721' title='bbox 3026 5086 3312 5157; x_wconf 84' lang='lat' dir='ltr'><strong>lmpatibili</strong></span> <span class='ocrx_word' id='word_1_722' title='bbox 3349 5088 3560 5143; x_wconf 87' lang='lat' dir='ltr'><strong>ratione</strong></span> 
     </span>
    </p>
   </div>
   <div class='ocr_carea' id='block_1_116' title="bbox 1971 5179 3561 5251">
    <p class='ocr_par' dir='ltr' id='par_1_116' title="bbox 1971 5179 3561 5251">
     <span class='ocr_line' id='line_1_117' title="bbox 1971 5179 3561 5251; baseline -0.001 -18"><span class='ocrx_word' id='word_1_723' title='bbox 1971 5195 2165 5251; x_wconf 84' lang='lat' dir='ltr'><strong>passus</strong></span> <span class='ocrx_word' id='word_1_724' title='bbox 2215 5180 2352 5235; x_wconf 85' lang='lat' dir='ltr'><strong>est?</strong></span> <span class='ocrx_word' id='word_1_725' title='bbox 2413 5179 2543 5245; x_wconf 69' lang='lat' dir='ltr'><strong>Qua:</strong></span> <span class='ocrx_word' id='word_1_726' title='bbox 2596 5181 2838 5235; x_wconf 75' lang='lat' dir='ltr'><strong>stultitiae</strong></span> <span class='ocrx_word' id='word_1_727' title='bbox 2896 5181 3206 5251; x_wconf 83' lang='lat' dir='ltr'><strong>magnitudo</strong></span> <span class='ocrx_word' id='word_1_728' title='bbox 3265 5189 3392 5244; x_wconf 89' lang='lat' dir='ltr'><strong>est,</strong></span> <span class='ocrx_word' id='word_1_729' title='bbox 3465 5182 3561 5249; x_wconf 89' lang='lat' dir='ltr'><strong>qui</strong></span> 
     </span>
    </p>
   </div>
   <div class='ocr_carea' id='block_1_117' title="bbox 1974 5273 3564 5343">
    <p class='ocr_par' dir='ltr' id='par_1_117' title="bbox 1974 5273 3564 5343">
     <span class='ocr_line' id='line_1_118' title="bbox 1974 5273 3564 5343; baseline 0.002 -18"><span class='ocrx_word' id='word_1_730' title='bbox 1974 5275 2167 5329; x_wconf 85' lang='lat' dir='ltr'><strong>mentis</strong></span> <span class='ocrx_word' id='word_1_731' title='bbox 2245 5282 2477 5341; x_wconf 82' lang='lat' dir='ltr'><strong>stupor,</strong></span> <span class='ocrx_word' id='word_1_732' title='bbox 2536 5273 2603 5328; x_wconf 84' lang='lat' dir='ltr'><strong>de</strong></span> <span class='ocrx_word' id='word_1_733' title='bbox 2666 5274 2923 5343; x_wconf 83' lang='lat' dir='ltr'><strong>mysterio</strong></span> <span class='ocrx_word' id='word_1_734' title='bbox 2967 5274 3201 5328; x_wconf 77' lang='lat' dir='ltr'><strong>maxime</strong></span> <span class='ocrx_word' id='word_1_735' title='bbox 3255 5276 3564 5328; x_wconf 86' lang='lat' dir='ltr'><strong>venerando</strong></span> 
     </span>
    </p>
   </div>
   <div class='ocr_carea' id='block_1_118' title="bbox 1971 5364 3560 5433">
    <p class='ocr_par' dir='ltr' id='par_1_118' title="bbox 1971 5364 3560 5433">
     <span class='ocr_line' id='line_1_119' title="bbox 1971 5364 3560 5433; baseline -0.003 -13"><span class='ocrx_word' id='word_1_736' title='bbox 1971 5366 2361 5428; x_wconf 89' lang='lat' dir='ltr'><strong>disserentem,</strong></span> <span class='ocrx_word' id='word_1_737' title='bbox 2395 5364 2553 5419; x_wconf 84' lang='lat' dir='ltr'><strong>verba</strong></span> <span class='ocrx_word' id='word_1_738' title='bbox 2580 5379 2701 5433; x_wconf 74' lang='lat' dir='ltr'><strong>qua:</strong></span> <span class='ocrx_word' id='word_1_739' title='bbox 2760 5379 3009 5432; x_wconf 80' lang='lat' dir='ltr'><strong>magnum</strong></span> <span class='ocrx_word' id='word_1_740' title='bbox 3069 5374 3321 5416; x_wconf 84' lang='lat' dir='ltr'><strong>moveant</strong></span> <span class='ocrx_word' id='word_1_741' title='bbox 3367 5378 3560 5427; x_wconf 80' lang='lat' dir='ltr'><strong>risum,</strong></span> 
     </span>
    </p>
   </div>
   <div class='ocr_carea' id='block_1_119' title="bbox 1970 5453 3561 5525">
    <p class='ocr_par' dir='ltr' id='par_1_119' title="bbox 1970 5453 3561 5525">
     <span class='ocr_line' id='line_1_120' title="bbox 1970 5453 3561 5525; baseline -0.003 -13"><span class='ocrx_word' id='word_1_742' title='bbox 1970 5459 2371 5525; x_wconf 81' lang='lat' dir='ltr'><strong>pronuntiare?</strong></span> <span class='ocrx_word' id='word_1_743' title='bbox 2444 5457 2708 5511; x_wconf 86' lang='lat' dir='ltr'><strong>rationem</strong></span> <span class='ocrx_word' id='word_1_744' title='bbox 2771 5454 2989 5517; x_wconf 82' lang='lat' dir='ltr'><strong>all&#39;erre,</strong></span> <span class='ocrx_word' id='word_1_745' title='bbox 3041 5469 3162 5524; x_wconf 70' lang='lat' dir='ltr'><strong>qua:</strong></span> <span class='ocrx_word' id='word_1_746' title='bbox 3219 5464 3272 5507; x_wconf 89' lang='lat' dir='ltr'><strong>te</strong></span> <span class='ocrx_word' id='word_1_747' title='bbox 3329 5453 3561 5508; x_wconf 84' lang='lat' dir='ltr'><strong>rationis</strong></span> 
     </span>
    </p>
   </div>
   <div class='ocr_carea' id='block_1_120' title="bbox 1971 5543 3562 5619">
    <p class='ocr_par' dir='ltr' id='par_1_120' title="bbox 1971 5543 3562 5619">
     <span class='ocr_line' id='line_1_121' title="bbox 1971 5543 3562 5619; baseline -0.004 -14"><span class='ocrx_word' id='word_1_748' title='bbox 1971 5558 2243 5619; x_wconf 79' lang='lat' dir='ltr'><strong>expertem</strong></span> <span class='ocrx_word' id='word_1_749' title='bbox 2280 5548 2519 5604; x_wconf 88' lang='lat' dir='ltr'><strong>indicet?</strong></span> <span class='ocrx_word' id='word_1_750' title='bbox 2579 5548 2651 5601; x_wconf 88' lang='lat' dir='ltr'><strong>ita</strong></span> <span class='ocrx_word' id='word_1_751' title='bbox 2693 5546 3045 5615; x_wconf 82' lang='lat' dir='ltr'><strong>reSpondere,</strong></span> <span class='ocrx_word' id='word_1_752' title='bbox 3098 5554 3160 5600; x_wconf 89' lang='lat' dir='ltr'><strong>ut</strong></span> <span class='ocrx_word' id='word_1_753' title='bbox 3207 5543 3562 5613; x_wconf 88' lang='lat' dir='ltr'><strong>insipientius</strong></span> 
     </span>
    </p>
   </div>
   <div class='ocr_carea' id='block_1_121' title="bbox 1970 5638 3565 5716">
    <p class='ocr_par' dir='ltr' id='par_1_121' title="bbox 1970 5638 3565 5716">
     <span class='ocr_line' id='line_1_122' title="bbox 1970 5638 3565 5716; baseline -0.006 -16"><span class='ocrx_word' id='word_1_754' title='bbox 1970 5660 2121 5716; x_wconf 78' lang='lat' dir='ltr'><strong>agas,</strong></span> <span class='ocrx_word' id='word_1_755' title='bbox 2163 5659 2322 5714; x_wconf 87' lang='lat' dir='ltr'><strong>quam</strong></span> <span class='ocrx_word' id='word_1_756' title='bbox 2380 5642 2424 5696; x_wconf 90' lang='lat' dir='ltr'><strong>si</strong></span> <span class='ocrx_word' id='word_1_757' title='bbox 2460 5640 2592 5695; x_wconf 88' lang='lat' dir='ltr'><strong>nihil</strong></span> <span class='ocrx_word' id='word_1_758' title='bbox 2623 5641 2850 5695; x_wconf 90' lang='lat' dir='ltr'><strong>omnino</strong></span> <span class='ocrx_word' id='word_1_759' title='bbox 2887 5638 3263 5709; x_wconf 81' lang='lat' dir='ltr'><strong>respondeas?</strong></span> <span class='ocrx_word' id='word_1_760' title='bbox 3294 5638 3565 5705; x_wconf 83' lang='lat' dir='ltr'><strong>interpre-</strong></span> 
     </span>
    </p>
   </div>
   <div class='ocr_carea' id='block_1_122' title="bbox 1970 5727 3552 5800">
    <p class='ocr_par' dir='ltr' id='par_1_122' title="bbox 1970 5727 3552 5800">
     <span class='ocr_line' id='line_1_123' title="bbox 1970 5727 3552 5800; baseline -0.005 -12"><span class='ocrx_word' id='word_1_761' title='bbox 1970 5736 2231 5789; x_wconf 80' lang='lat' dir='ltr'><strong>tationem</strong></span> <span class='ocrx_word' id='word_1_762' title='bbox 2249 5731 2468 5797; x_wconf 75' lang='lat' dir='ltr'><strong>aﬂerre,</strong></span> <span class='ocrx_word' id='word_1_763' title='bbox 2494 5746 2612 5799; x_wconf 77' lang='lat' dir='ltr'><strong>qua:</strong></span> <span class='ocrx_word' id='word_1_764' title='bbox 2641 5730 2898 5800; x_wconf 81' lang='lat' dir='ltr'><strong>majorem</strong></span> <span class='ocrx_word' id='word_1_765' title='bbox 2933 5730 3106 5799; x_wconf 86' lang='lat' dir='ltr'><strong>pariat</strong></span> <span class='ocrx_word' id='word_1_766' title='bbox 3126 5727 3552 5784; x_wconf 71' lang='lat' dir='ltr'><strong>dubitationem?</strong></span> 
     </span>
    </p>
   </div>
   <div class='ocr_carea' id='block_1_123' title="bbox 1970 5818 3564 5889">
    <p class='ocr_par' dir='ltr' id='par_1_123' title="bbox 1970 5818 3564 5889">
     <span class='ocr_line' id='line_1_124' title="bbox 1970 5818 3564 5889; baseline -0.008 -6"><span class='ocrx_word' id='word_1_767' title='bbox 1970 5828 2080 5883; x_wconf 89' lang='lat' dir='ltr'><strong>Cur</strong></span> <span class='ocrx_word' id='word_1_768' title='bbox 2122 5840 2279 5882; x_wconf 90' lang='lat' dir='ltr'><strong>nemo</strong></span> <span class='ocrx_word' id='word_1_769' title='bbox 2323 5837 2634 5882; x_wconf 81' lang='lat' dir='ltr'><strong>sanetorum</strong></span> <span class='ocrx_word' id='word_1_770' title='bbox 2694 5824 2759 5879; x_wconf 85' lang='lat' dir='ltr'><strong>ad</strong></span> <span class='ocrx_word' id='word_1_771' title='bbox 2810 5832 3016 5878; x_wconf 87' lang='lat' dir='ltr'><strong>tantam</strong></span> <span class='ocrx_word' id='word_1_772' title='bbox 3084 5818 3564 5889; x_wconf 85' lang='lat' dir='ltr'><strong>contemplationis</strong></span> 
     </span>
    </p>
   </div>
   <div class='ocr_carea' id='block_1_124' title="bbox 3167 5914 3241 5977">
    <p class='ocr_par' dir='ltr' id='par_1_124' title="bbox 3167 5914 3241 5977">
     <span class='ocr_line' id='line_1_125' title="bbox 3167 5914 3241 5977; baseline 0.054 -4"><span class='ocrx_word' id='word_1_773' title='bbox 3167 5914 3241 5977; x_wconf 77' lang='grc'><strong>35</strong></span> 
     </span>
    </p>
   </div>
  </div>
