3952 6534
416 315 557 377 itm

1674 319 2057 381 iiUTllYMll
2099 323 2275 383 ZIGA
2289 326 2377 384 ΒΕ
2390 326 2465 386 NI

3565 341 3693 405 1100

415 428 803 485 Sublimitatetn
893 429 1182 483 ascendit?
1252 429 1360 483 Cur
1417 430 1600 484 dicere
1665 447 1769 485 non
1832 432 1977 499 potui

2112 453 2212 498 σας
2264 438 2362 491 οὐκ
2396 434 2574 504 εἶπεν,
2636 441 2878 497 Ἐπαθεν
2934 446 3185 512 ἀπαθῶς,
3250 450 3392 520 ἀλλ’,
3451 454 3691 523 Ἐμαθε,
3738 515 3761 527 ,

416 525 636 577 verbum
693 521 1384 576 illudeclebratissimum:
1444 522 1732 593 lmpatibili
1788 525 1999 578 ratione

415 630 608 683 passus
640 613 755 667 est?
786 612 1005 676 Paulus,
1029 614 1117 683 qtti
1153 615 1369 667 tertium
1406 615 1458 667 in
1493 615 1689 670 caelum
1724 617 1996 683 sublatus,

416 709 469 760 in
505 706 755 775 paradiso
785 706 989 759 audivit
1017 720 1209 760 arcana
1245 707 1433 770 verba,
1465 724 1568 763 n0n
1603 708 1735 761 dixit
1775 727 1786 761 :
1822 710 1999 777 Impa-

418 800 549 852 tibili
586 799 792 853 ratione
819 814 1007 866 passus
1057 807 1182 853 est:
1246 800 1364 866 sed,
1406 798 1623 866 Didicit,
1686 804 1879 870 inquit,
1933 815 1999 855 etc

413 893 605 959 quibus
664 907 851 957 passus
905 902 980 944 est
1007 889 1047 944 ί.
1118 888 1181 943 Et
1240 900 1472 945 tentatus
1528 910 1619 959 per
1676 896 1879 958 omnia,
1928 897 1995 948 ad

416 983 844 1048 similitudinem,
896 984 1010 1036 sine
1037 986 1313 1048 peccato’.
1368 984 1595 1047 Dicens,
1645 1003 1738 1054 per
1796 990 1995 1056 omnia,

416 1077 483 1129 at!
514 1075 932 1140 similitudinem,
1000 1077 1114 1129 sine
1150 1088 1361 1145 peccato
1396 1088 1649 1139 tentatus,
1693 1079 1997 1134 istiusmodi

416 1172 707 1222 verborum
770 1185 941 1238 nugas
996 1169 1177 1237 procul
1232 1172 1481 1223 removit.
1536 1169 1638 1236 Qui
1693 1173 1834 1224 enim
1898 1186 2001 1241 per

415 1262 591 1314 omnia
675 1270 911 1314 tentatus
975 1272 1057 1313 est
1113 1262 1177 1313 ad
1240 1262 1669 1329 similitudinem,
1727 1276 1819 1317 aut
1889 1280 1997 1319 non

416 1352 697 1422 itnpatihili
736 1353 939 1404 ratione
980 1367 1174 1418 passus
1231 1364 1336 1415 est,
1397 1363 1454 1407 ut
1512 1365 1757 1408 servaret
1821 1355 1997 1410 illud:

411 1460 505 1510 per
561 1444 757 1506 omnia,
821 1444 889 1496 ad
948 1445 1372 1510 similitudinem,
1462 1457 1553 1499 aut
1631 1447 1766 1500 alios
1835 1450 1997 1503 etiam

416 1537 698 1605 impatihili
750 1536 956 1590 ratione
988 1552 1173 1606 passos
1208 1536 1464 1601 ostendit,
1490 1544 1549 1591 ut
1592 1538 1999 1593 similitudinem

416 1646 536 1682 cum
594 1628 699 1683 illis
758 1634 1123 1683 cOnservaret.
1198 1629 1537 1700 Quapropter
1588 1640 1683 1683 aut
1753 1630 1999 1685 conﬁteri

413 1731 625 1792 oportet
687 1721 1028 1775 Serviitorem
1089 1736 1215 1775 vere
1269 1738 1486 1790 passum
1546 1738 1687 1787 esse,
1740 1734 1831 1777 aut
1864 1724 2000 1780 alios

2109 530 2297 598 φησὶν,
2354 531 2457 601 ἀφ’
2498 526 2587 587 ὧν
2638 534 2847 600 ἔπαθε,
2906 540 3008 592 καὶ
3061 543 3497 612 πεπειραμένος
3550 550 3697 603 κατὰ

2108 621 2310 675 πάντα
2336 624 2466 679 καθ’
2491 628 2815 696 ὁμοιότητα
2844 630 3027 699 χωρὶς
3055 635 3367 703 ἁμαρτίας.
3404 636 3585 691 Εἰπὼν
3607 636 3696 693 οὖν

2108 715 2260 769 κατὰ
2284 715 2482 771 πάντα
2508 720 2641 777 καθ’
2664 723 2985 790 ὁμοιότητα
3006 728 3467 799 πεπειραμένος,
3488 732 3696 801 πόρῤωο

2110 806 2202 860 θεν
2233 808 2411 861 ἀνεῖλε
2436 810 2547 863 τῶν
2572 813 2830 868 τοιούτων
2855 815 3029 885 λόγων
3054 819 3153 889 τὴν
3176 819 3473 891 ληρωδίαν.
3512 822 3572 875 Ὃ
3594 824 3695 890 γὰρ

2112 899 2256 954 κατὰ
2291 903 2470 957 πάντα
2504 909 2911 977 πεπειραμένος
2944 912 3067 964 καθ’
3094 916 3387 985 ὁμοιότητα
3426 916 3459 985 ἣ
3496 919 3711 969 πέπον-ι

2114 995 2204 1049 θεν
2241 997 2341 1049 οὒκ
2383 999 2634 1063 ἀπαθῶς,
2683 1001 2768 1055 ἵνα
2809 1004 3025 1079 φυλάξῃ
3065 1007 3126 1059 τὸ
3169 1010 3309 1063 κατά
3350 1010 3530 1063 πάντα
3577 1012 3696 1063 καθ’

2109 1089 2426 1159 ὁμοιότητα,
2479 1092 2511 1161 ἥ
2562 1092 2659 1147 καὶ
2707 1096 2833 1160 τοὺς
2880 1098 3075 1164 ἄλλους
3119 1100 3364 1156 δείκνυσι
3421 1102 3695 1164 παθόντας

2109 1184 2353 1249 ἀπαθῶς,
2379 1186 2468 1239 ἵνα
2499 1186 2652 1259 σώσῃ
2677 1187 2776 1258 τὴν
2801 1190 2937 1260 πρὸς
2961 1192 3157 1255 αὐτοὺς
3183 1193 3502 1264 ὁμοιότητα.
3532 1196 3695 1249 Ὥστε

2108 1277 2141 1347 ἢ
2183 1277 2276 1330 καὶ
2308 1278 2400 1331 τὸν
2428 1279 2657 1349 Σωτῆρα
2689 1281 3023 1337 πεπονθέναι
3050 1282 3268 1357 ἀληθῶς
3295 1286 3694 1355 ὁμολογητέον,

2108 1368 2141 1437 ἧ
2197 1371 2291 1423 καὶ
2337 1373 2464 1435 τοὺς
2510 1371 2705 1436 ἄλλους
2763 1374 2993 1439 ἀπαθῶς
3035 1376 3390 1444 πεπονθέναι,
3441 1375 3519 1433 ὧν
3575 1380 3695 1433 καθ’

2108 1463 2403 1534 ὁμοιότητα
2430 1465 2838 1536 πεπειραμένος
2857 1468 3178 1539 ὀΔεσπότης
3205 1471 3568 1542 κηρύσσεται.
3604 1472 3696 1537 Τίς

2106 1555 2163 1609 δὲ
2203 1557 2298 1609 καὶ
2337 1556 2617 1627 ὑπομονῆς
2648 1558 2925 1625 ἀπόδειξις
2959 1563 3025 1614 ὲκ
3055 1562 3149 1616 τοῦ
3181 1566 3374 1617 παθεῖν
3410 1566 3645 1630 ἀπαθῶς
3672 1582 3687 1630 ;

2109 1648 2235 1711 Πῶς
2282 1648 2500 1718 λέγεται
2545 1642 2792 1723 ὖπομονὴ
2838 1653 2933 1706 τοῦ
2973 1655 3235 1725 Χριστοῦ,
3288 1659 3337 1709 εί
3383 1657 3459 1728 μὴ
3513 1659 3693 1711 πόνων

2110 1738 2365 1811 αἴσθησιν
2410 1741 2607 1806 ἔλαϐες
2642 1743 2769 1805 Πῶς
2803 1743 2860 1797 δὲ
2890 1744 3165 1801 δείκνυται
3202 1749 3233 1817 ἡ
3270 1748 3554 1818 ἄφραστος
3600 1752 3693 1803 καὶ

415 1816 544 1869 item
581 1814 788 1867 ratione
822 1827 1018 1881 passos
1068 1812 1373 1880 impatibili,
1419 1830 1650 1883 quorum
1694 1816 1758 1867 ad
1810 1814 1991 1869 simili-

2110 1830 2503 1899 ἀπαράκλητος
2537 1832 2668 1901 περὶ
2698 1832 2826 1894 τοὺς
2859 1832 3182 1903 ἀνθρώπους
3214 1810 3574 1908 ιριλοστοργῖα
3596 1880 3609 1899 ,
3646 1840 3692 1891 εἰ

414 1908 651 1962 tudinem
720 1913 953 1959 tentatus
1033 1904 1266 1958 dicitur.
1336 1903 1453 1959 .lam
1534 1922 1654 1976 quae
1729 1908 2003 1976 patientize

413 1994 822 2058 demonstratio,
887 1993 933 2047 si
1001 1993 1282 2062 impatibiii
1346 1995 1554 2051 ratione
1624 2012 1818 2066 passus
1876 2010 2004 2069 est?

413 2090 692 2155 Quomodo
745 2095 969 2140 vocatur
1035 2085 1290 2153 patientia
1344 2086 1581 2148 Christi,
1653 2090 1695 2141 si
1758 2088 1999 2145 dolorum

413 2196 630 2234 sensum
694 2195 797 2235 non
854 2178 1090 2232 habuit?
1151 2178 1427 2245 Quomodo
1477 2181 1767 2237 ineﬂ'abilis
1836 2193 2000 2253 atque

418 2272 862 2342 incomparabilis
887 2271 1003 2341 ejus
1037 2286 1164 2340 erga
1194 2287 1292 2325 nos
1335 2273 1643 2326 ostenditur
1679 2276 2003 2329 benevolen-

419 2368 514 2429 lia,
570 2366 614 2420 si
652 2365 769 2419 sine
823 2364 1010 2418 dolore
1065 2363 1339 2417 cruciatus
1376 2372 1710 2435 mortemque
1741 2366 2001 2434 pertulit?

416 2452 550 2524 Quis
582 2473 685 2510 non
710 2455 873 2527 eligat
906 2453 1013 2523 pati
1065 2468 1168 2507 non
1202 2454 1374 2507 solum
1410 2470 1508 2524 pro
1542 2458 1752 2523 amicis,
1809 2473 1997 2513 verum

414 2558 577 2610 etiam
612 2570 711 2624 pro
748 2552 1004 2616 inimicis,
1050 2552 1092 2606 si
1133 2554 1341 2607 ratione
1365 2553 1470 2622 pati
1513 2551 1638 2608 licet
1672 2555 2003 2623 impalibiii?

410 2645 519 2702 Cur
543 2646 681 2700 dixit
713 2642 968 2698 Dominus
1002 2660 1016 2699 :
1054 2641 1281 2711 Spiritus
1329 2643 1535 2711 quidem
1577 2655 1853 2715 promptus
1897 2655 1996 2714 est,

414 2756 540 2793 caro
598 2747 774 2792 autem
815 2737 1025 2805 inﬁrma
1049 2736 1091 2800 ³,
1152 2738 1196 2791 si
1250 2736 1367 2792 sine
1413 2738 1597 2795 dolore
1636 2742 1911 2796 cruciatus
1946 2752 2001 2796 et

414 2841 642 2885 mortem
672 2828 1125 2885 eratsuhiturus?
1178 2828 1287 2885 Cur
1323 2831 1390 2883 ad
1450 2830 1660 2886 Patrem
1695 2833 1950 2889 clamavit
1982 2853 1997 2891 :

420 2925 602 2990 Pater,
643 2927 915 2995 inquiens,
956 2919 1003 2979 si
1033 2923 1153 2992 ﬁeri
1189 2934 1378 2993 potest,
1416 2934 1653 2980 transeat
1694 2945 1723 2979 α
1751 2944 1830 2980 me
1854 2930 1997 2982 culis:

412 3020 506 3072 iste
534 3018 599 3071 ‘?
628 3016 736 3073 Cur
776 3026 895 3071 vota
932 3031 1230 3086 precesque
1263 3032 1385 3071 cum
1425 3019 1662 3073 clamore
1720 3034 1914 3089 magno
1943 3028 1998 3074 et

411 3112 669 3182 t..crytuis
702 3110 838 3164 fudit
870 3111 935 3163 ad
969 3126 1112 3175 eum,
1146 3109 1238 3180 qui
1274 3126 1495 3167 servare
1544 3113 1716 3182 ipsum
1785 3123 1995 3183 poterat

412 3221 441 3257 a
476 3203 690 3258 morte?
722 3202 912 3257 Omnia
945 3203 1105 3273 igitur
1135 3218 1263 3258 vera
1293 3203 1560 3258 credenda
1594 3215 1737 3269 sunt,
1769 3216 1821 3259 et
1866 3221 1991 3260 vera

416 3313 557 3349 uiurs
578 3296 955 3349 existimanda.
989 3295 1092 3348 Aut
1120 3298 1164 3350 si
1190 3298 1305 3352 sine
1334 3296 1519 3351 dolore
1550 3313 1744 3366 passus
1774 3298 1992 3364 dicitur,

414 3403 637 3442 necesse
671 3398 836 3441 estut
872 3388 1124 3458 ﬁguram,
1162 3399 1212 3443 et
1238 3390 1569 3458 opinionem,
1620 3399 1671 3443 et
1722 3389 1991 3444 ﬁctionem

411 3479 589 3531 omnia
625 3477 790 3533 fuisse
818 3480 1214 3533 existimemus.
1246 3479 1397 3546 Quod
1429 3479 1472 3534 si
1508 3495 1634 3536 vere
1670 3496 1861 3545 passus
1886 3498 1993 3536 non

409 3550 513 3636 est,
578 3584 643 3622 ne
690 3569 905 3639 quidem
943 3569 1277 3635 resurrexit;
1325 3570 1369 3625 si
1424 3580 1650 3626 mortem
1706 3588 1809 3625 non
1870 3587 1994 3627 vere

409 3663 664 3732 gustavit,
702 3662 801 3715 nec
826 3675 951 3719 vere
980 3662 1193 3730 quidem
1222 3661 1411 3716 mortis
1442 3662 1657 3717 aculeos
1700 3663 1987 3717 exstinxit.

407 3756 597 3810 Adhuc
626 3770 813 3810 sumus
839 3754 890 3808 in
923 3755 1157 3823 peccatis
1187 3756 1408 3809 nostris.
1438 3754 1620 3809 Adhuc
1677 3771 1823 3811 mors
1874 3773 1990 3811 om-

408 3849 565 3902 nibus
588 3849 915 3902 dominatur.
941 3846 1129 3900 Adhuc
1156 3845 1485 3903 haereditatis
1504 3861 1751 3917 expertes
1778 3866 1985 3908 sumus.

406 3937 537 3993 Nam
566 3941 611 3993 si
675 3954 822 3994 mors
872 3938 1079 4004 ﬁetitia,
1140 3950 1193 3994 et
1243 3948 1627 3997 testamentum
1671 3939 1889 4009 falsum,
1936 3956 1989 3997 et

407 4034 694 4086 hrereditas
744 4047 849 4086 non
914 4047 1062 4085 vera.
1134 4031 1257 4087 lla'c
1327 4034 1482 4088 nobis
1545 4033 1784 4089 declarat
1844 4037 1982 4093 lex:

407 4120 820 4186 Testamentum,
897 4122 1090 4192 inquit,
1157 4125 1211 4177 in
1276 4126 1495 4179 mortuis
1566 4128 1912 4196 conﬁrmatur
1942 4132 1983 4183 ⁸.

403 4212 585 4279 Quare
614 4214 656 4268 si
700 4229 805 4268 non
838 4224 923 4269 est
957 4224 1200 4269 mortuus
1233 4231 1377 4283 vere,
1443 4219 1533 4288 qui
1607 4230 1985 4277 testamentum

405 4307 560 4359 nobis
614 4321 811 4361 novum
892 4306 1147 4379 instituit,
1202 4309 1354 4363 irrita
1420 4323 1568 4379 sunt,
1621 4330 1740 4383 quae
1823 4326 1987 4375 testa-

2108 1922 2232 1991 δίχα
2264 1922 2427 1975 πόνου
2465 1922 2526 1974 τὸ
2560 1923 2732 1988 πάθος
2767 1926 3025 1993 ἐγένετος
3059 1925 3152 1990 Τίς
3180 1928 3278 1999 οὐχ
3305 1930 3547 1999 αἱρεῖται
3586 1951 3690 1985 πα-

2108 2014 2223 2069 θεῖν
2252 2015 2313 2068 οὐ
2345 2018 2508 2085 μόνον
2538 2015 2677 2086 ὑπὲρ
2711 2017 2902 2084 φίλων,
2926 2017 3044 2072 ἀλλ’
3075 2020 3173 2090 ἤδη
3206 2022 3301 2074 καὶ
3327 2022 3471 2093 ὑπὲρ
3496 2024 3691 2077 ἀντιδί-

2107 2126 2241 2172 κων,
2284 2109 2441 2180 εἴπερ
2489 2107 2666 2173 ἔξεστι
2710 2109 2905 2163 παθεῖν
2955 2111 3215 2178 ἀπαθῶς;
3268 2113 3374 2167 Τοῦ
3422 2114 3481 2168 δὲ
3528 2118 3688 2187 χάριν

2106 2199 2291 2264 ἔλεγεν
2311 2202 2337 2252 ὁ
2358 2200 2658 2272 Δεσπότης,
2688 2202 2755 2257 Τὸ
2778 2202 3015 2272 πνεῦμα
3038 2207 3367 2276 πρόθυμον,
3386 2208 3422 2274 ἡ
3443 2207 3515 2261 δὲ
3534 2209 3689 2275 σὰρξ

2104 2293 2392 2360 ἀσθενὴς,
2435 2295 2594 2363 εῐπερ
2621 2293 2850 2365 ἔμελλεν
2884 2296 3203 2365 ἀναλγήτως
3223 2299 3284 2351 τὸ
3307 2299 3482 2363 πάθος
3522 2318 3689 2371 προσο

2107 2386 2315 2452 ίεσθαι;
2353 2386 2515 2439 Ἰνατί
2539 2387 2670 2454 πρὸς
2711 2388 2801 2440 τὸν
2834 2388 3056 2457 Πατέρα
3081 2388 3233 2471 ὲϐόα,
3262 2393 3481 2459 Πάτερ,
3508 2398 3560 2463 et
3593 2394 3689 2447 διι-

2101 2480 2321 2546 νατὸν,
2359 2480 2701 2548 παρελθέτω
2730 2481 2831 2535 ἀπ’
2873 2482 3022 2550 ἐμοῦ
3051 2483 3119 2536 τὸ
3152 2484 3445 2553 ποτήριον
3476 2488 3686 2554 τοῦτο;

2101 2575 2258 2636 Τίνος
2292 2574 2348 2627 δὲ
2382 2572 2571 2626 ἕνεκεν
2606 2573 2771 2644 εὐχὰς
2804 2576 2899 2628 καὶ
2934 2576 3218 2647 ἱκετηρίας
3261 2580 3399 2647 μετά
3434 2583 3687 2650 κραυγῆς

2105 2668 2333 2738 ἰσχυρᾶς
2378 2668 2473 2721 καὶ
2519 2667 2775 2735 δακρύων
2823 2670 2958 2739 πρὸς
2999 2670 3094 2723 τὸν
3139 2670 3442 2743 δυνάμενον
3495 2676 3687 2739 σώζειν

2100 2762 2263 2817 αὐτὸν
2284 2763 2348 2815 ἐκ
2369 2761 2604 2815 θανάτου
2637 2761 3010 2832 προσέφερεν;
3036 2763 3106 2815 Ἦ
3133 2762 3265 2830 γοῦν
3297 2764 3481 2819 πάντα
3511 2768 3683 2838 ἀληθῆ

2100 2850 2443 2916 πιστευτέον,
2503 2852 2596 2903 καὶ
2646 2851 2706 2903 τὸ
2766 2851 2935 2914 πάθος
2981 2848 3235 2922 ἀληθινὸν
3292 2854 3595 2924 λογιστέον,
3653 2860 3681 2928 ἢ

2100 2942 2195 2995 τοῦ
2240 2942 2449 3005 πάθους
2492 2941 2717 3005 ἀπαθῶς
2757 2943 3091 3014 γεγενῆσθαι
3133 2945 3453 3017 λεγομένου,
3503 2951 3685 3019 σχῆμα

2099 3037 2334 3104 ἀνάγκη,
2384 3036 2480 3088 καὶ
2526 3034 2769 3105 δόκησιν,
2817 3037 2912 3089 καὶ
2956 3038 3267 3104 φαντασίαν
3313 3040 3496 3094 πάντα
3545 3042 3686 3111 λογί-

2104 3129 2313 3192 ζεσθαι.
2370 3126 2433 3179 Ei
2483 3123 2576 3179 οὖν
2626 3128 2688 3180 οὐ
2735 3129 3005 3181 πέπονθεν
3045 3130 3282 3199 ἀληθῶς,
3325 3134 3445 3185 οὐδὲ
3485 3135 3683 3205 ἀνέστη

2098 3221 2339 3290 ἀληθῶς.
2400 3222 2462 3274 Ei
2524 3220 2599 3290 μὴ
2663 3221 2833 3287 ὅντως
2902 3223 3167 3289 ἐγεύσατο
3233 3224 3503 3295 θανάτου,
3566 3230 3681 3283 οὐδὲ

2098 3316 2162 3364 τὰ
2203 3312 2408 3383 κέντρα
2444 3312 2633 3365 ἔσϐεσε
2674 3312 2768 3366 τοῦ
2805 3315 3061 3370 θανάτου.
3110 3318 3234 3373 Ἔτι
3272 3320 3439 3390 ἐσμὲν
3478 3325 3535 3376 ἐν
3566 3327 3683 3388 ταῖς

2095 3404 2396 3474 ἁμαρτίαις
2423 3406 2602 3474 ἡμῶν,
2624 3404 2704 3457 ἔτι
2729 3406 3005 3476 βασιλεύει
3025 3410 3240 3466 πάντων
3268 3416 3296 3466 ό
3318 3414 3570 3478 θάνατος,
3604 3417 3681 3470 ἑτι

2094 3498 2195 3566 τῆς
2228 3497 2594 3567 κληρονομίας
2626 3497 2905 3571 ἀλλότριοι
2936 3501 3388 3573 καθεστήκαμεν.
3424 3504 3488 3559 Εἰ
3515 3512 3624 3579 γὰρ
3653 3508 3679 3559 ό

2097 3591 2327 3652 θάνατος
2381 3589 2695 3661 ἀπατηλὸς,
2754 3596 2850 3647 καὶ
2909 3596 2941 3666 ἡ
3001 3596 3237 3669 διαθήκη
3296 3600 3535 3672 ψευδὴς,
3589 3606 3679 3658 καὶ

2095 3684 2129 3751 ἡ
2157 3683 2494 3754 κληρονομία
2520 3685 2620 3739 οὐκ
2650 3686 2882 3758 ἀληθής.
2910 3688 3095 3760 Νόμος
3128 3693 3261 3762 ἡμῖν
3292 3692 3469 3747 ταῦτα
3500 3695 3679 3760 διαγο-

2097 3774 2267 3846 ρεύει·
2291 3776 2579 3846 Διαθῆκη,
2600 3779 2786 3849 φησὶν,
2801 3780 2901 3833 ἐπὶ
2922 3782 3600 3849 νεκροῖςβεϐαια.Εἱοῦν
3614 3791 3671 3840 οὒ

2094 3868 2360 3936 τέθνηκεν
2412 3868 2585 3933 ὅντως
2616 3871 2644 3923 ὁ
2680 3873 2779 3937 τὴν
2821 3873 3018 3943 καινὴν
3050 3875 3329 3946 Διαθήκην
3364 3879 3501 3948 πρὸς
3531 3881 3674 3947 ἡμᾶς

2091 3958 2436 4029 διαθέμενος,
2494 3962 2674 4033 ἄκυρα
2739 3964 2806 4015 τὰ
2860 3964 2962 4032 τῆς
3017 3965 3314 4037 Διαθήκης,
3376 3968 3673 4039 ἀπόϐλητοι

2094 4050 2144 4104 οἱ
2177 4051 2465 4123 λεγόμενοι
2500 4053 2851 4125 κληρονόμοι.
2898 4054 3042 4109 Ἀλλ’
3072 4055 3255 4124 ἄπαγε
3288 4059 3388 4129 τῆς
3420 4062 3673 4132 τοιαύτης

2095 4143 2385 4214 φλυαρίας,
2435 4137 2480 4197 ὦ
2519 4145 2799 4214 ἄνθρωπε.
2844 4148 2955 4200 Καὶ
2994 4151 3021 4201 ό
3048 4148 3371 4218 διαθέμενος
3422 4155 3669 4222 τέθνηκε,

2094 4237 2188 4289 καὶ
2226 4238 2260 4307 ἡ
2298 4237 2545 4307 Διαθήκη
2584 4239 2920 4309 κεκύρωται,
2970 4242 3063 4294 καὶ
3106 4244 3139 4312 ἡ
3180 4243 3519 4314 κληρονομία
3562 4250 3672 4310 τοῖς

2097 4327 2414 4381 πιστεύουσι
2448 4330 2760 4411 πρόκειται,
2794 4333 2887 4386 καὶ
2917 4334 2949 4404 ἡ
2982 4336 3224 4403 τιμωρία
3254 4338 3368 4398 τοῖς
3400 4340 3669 4407 συκοφάν-

401 4409 585 4452 mento
670 4398 1035 4453 continentur.
1102 4400 1203 4465 Qui
1270 4402 1458 4473 scripti
1532 4416 1659 4460 sunt
1724 4409 1991 4477 haeredes,

2099 4435 2211 4480 ταις
2235 4420 2589 4491 ἡτοίμασται.

402 4492 740 4560 injiciuntur.
774 4494 973 4549 Verum
998 4496 1197 4550 abeant
1228 4497 1345 4552 ista:
1370 4515 1548 4569 nugae,
1573 4502 1655 4557 vir
1687 4504 1843 4560 bone.
1872 4504 2010 4561 Nam
2035 4520 2089 4565 et
2119 4521 2347 4569 testator
2378 4530 2504 4571 vere
2530 4529 2771 4573 mortuus
2798 4529 2900 4584 est,
2934 4528 2987 4573 et
3014 4531 3399 4577 testamentum
3428 4534 3511 4579 est
3539 4542 3665 4582 con-

403 4591 697 4657 ﬁrmatum,
724 4599 777 4644 et
808 4588 1096 4643 haereditas
1128 4592 1471 4648 credentibus
1507 4593 1687 4657 datur,
1721 4607 1774 4650 et
1798 4600 2256 4660 calumniantibus
2294 4619 2540 4677 paratum
2571 4621 2655 4665 est
2689 4613 3035 4681 supplicium.

398 4704 653 4774 Ejusdem
689 4705 939 4760 adversus
992 4707 1113 4787 illos
1155 4709 1243 4831 quli
1282 4711 1488 4790 dicunt,
1532 4712 1732 4767 Passus
1767 4724 1867 4779 est,
1922 4727 1977 4769 ut

1016 4794 1125 4832 inse
1152 4796 1208 4832 vo
1238 4790 1337 4832 uit.

1016 4794 1125 4847 ipse
1152 4794 1337 4834 votuu.

472 4866 603 4921 Cum
638 4867 907 4935 patibilem
936 4883 1041 4923 non
1097 4883 1320 4938 possent
1354 4882 1602 4927 naturam
1665 4876 1978 4941 ostendere,

399 4962 728 5012 voluntatem
757 4973 861 5011 non
890 4969 1016 5013 sunt
1067 4962 1223 5016 veriti
1285 4962 1627 5023 calumniari.
1684 4968 1864 5035 Atque
1904 4970 1974 5023 ita

398 5068 520 5104 cum
554 5052 619 5103 de
660 5063 850 5104 natura
886 5051 952 5105 ab
1017 5051 1119 5110 illis
1174 5057 1455 5124 quaeritur,
1512 5062 1842 5127 respondent
1909 5062 1975 5116 de

400 5145 699 5196 voluntate.
729 5142 783 5197 Si
818 5152 1009 5198 natura
1052 5160 1208 5212 passa
1256 5157 1362 5213 est,
1395 5148 1571 5203 locum
1597 5151 1848 5206 voluntas
1881 5152 1977 5207 ha.

400 5240 543 5289 heat.
572 5234 722 5289 Licet
749 5236 913 5290 ‘enim
946 5237 1142 5292 millies
1188 5239 1449 5304 voluntas.
1493 5244 1845 5309 concedatur,
1878 5262 1975 5298 tta-

395 5333 527 5377 tura:
566 5323 649 5381 lex
678 5324 870 5378 inverti
904 5341 1011 5381 non
1039 5336 1234 5396 petest.
1260 5325 1453 5384 Nonne
1479 5329 1658 5384 insani
1732 5332 1970 5388 hominis

395 5427 479 5471 est
508 5417 686 5472 dicere
717 5433 732 5476 ;
766 5417 967 5474 Passus
1000 5429 1105 5482 est,
1139 5431 1196 5475 ut
1244 5420 1359 5487 ipse
1396 5421 1607 5476 voluit?
1647 5421 1788 5485 Quis
1823 5425 1966 5476 enim

392 5522 557 5562 sanus
621 5509 831 5578 ignoret
853 5526 972 5564 esse
997 5514 1385 5579 necessarium,
1422 5523 1481 5567 ut
1512 5527 1761 5568 naturam
1784 5516 1975 5568 volun-

395 5609 473 5651 tas
503 5601 798 5667 sequatur?
833 5617 939 5658 non
970 5614 1148 5658 autem
1176 5614 1234 5659 ut
1288 5606 1379 5659 illa
1435 5620 1594 5660 unam
1645 5607 1697 5659 in
1762 5618 1972 5675 partem

464 5737 479 5766 ι
519 5734 680 5792 llebr.
712 5754 763 5805 v,
800 5741 854 5797 8.
931 5741 952 5773 ‘
976 5739 1143 5798 Hebr.
1185 5757 1258 5808 tv,
1288 5743 1376 5799 15.
1452 5742 1475 5776 ³
1508 5743 1701 5802 Matth.
1740 5760 1889 5813 xxvi,
1918 5747 2005 5804 41.

2082 4719 2197 4776 Τοῦ
2231 4725 2419 4778 αὑτοῦ
2471 4728 2622 4795 πρὸς
2661 4728 2804 4790 τοὺς
2847 4731 3175 4798 λέγοντας,
3226 4729 3317 4783 ὅτι
3368 4734 3595 4790 ἔπαθεν
3634 4740 3666 4789 δ

2562 4798 2726 4862 Θεὸς,
2755 4800 2836 4864 ὡς
2866 4801 3189 4867 ἠθέλησεν.

2151 4882 2242 4949 Μὴ
2294 4882 2590 4952 δυνάμενοι
2641 4884 2815 4949 δεῖξαι
2857 4888 2958 4957 τὴν
2999 4888 3161 4955 φύσιν
3211 4893 3514 4965 παθητὴν,
3570 4896 3659 4965 τὴν

2080 4969 2335 5041 βούλησιν
2397 4978 2806 5061 συκοφαντῇσαι
2847 4980 2949 5029 οὐκ
3011 4977 3290 5049 ὤκνησαν,
3369 4986 3481 5037 Καὶ
3544 4986 3655 5053 περὶ

2079 5064 2293 5131 φύσεως
2338 5064 2721 5134 ἐρωτώμενοι,
2757 5072 2887 5138 περὶ
2930 5068 3242 5141 βουλήσεως
3273 5074 3651 5143 ἀπεκρίναντο.

2076 5154 2137 5205 El
2176 5153 2398 5225 δεκτικὴ
2428 5156 2632 5221 πάθους
2659 5161 2691 5229 ἡ
2715 5159 2899 5228 φύσις,
2925 5162 3099 5231 ἐχέτω
3125 5165 3310 5234 χώραν
3334 5167 3366 5232 ἡ
3390 5166 3649 5236 βούλησις.

2072 5246 2256 5308 Εἰδὲ,
2292 5247 2392 5299 κᾶν
2450 5251 2716 5318 μυριάκις
2755 5251 2935 5321 δοθείη
2993 5254 3054 5306 τὸ
3108 5254 3319 5320 θέλειν,
3379 5258 3651 5326 ἀμήχανον

2068 5337 2453 5405 ἀνατραπῆναι
2486 5338 2703 5406 φύσεως
2734 5342 2919 5409 νόμον·
2945 5342 3063 5405 πῶς
3084 5344 3146 5396 οὐ
3182 5347 3350 5415 μανία
3378 5348 3442 5400 τὸ
3464 5347 3645 5415 λέγειν,

2070 5426 2335 5490 Ἐπαθεν,
2388 5427 2463 5490 ὡς
2506 5428 2811 5499 ἡθέλησεν;
2865 5432 2937 5485 Ἦ
2970 5434 3050 5497 τίς
3086 5433 3197 5487 τῶν
3225 5436 3286 5488 εὖ
3316 5436 3644 5505 φρονούντων

2077 5519 2179 5568 οὐκ
2210 5513 2381 5581 οἶδεν,
2424 5521 2504 5572 ὅτι
2537 5520 2830 5590 σύμφωνον
2877 5523 2957 5576 δεῖ
2994 5527 3059 5597 τῇ
3093 5526 3252 5593 φύσει
3282 5528 3380 5601 τὴν
3406 5527 3643 5599 βούλησιν

2081 5602 2244 5674 εἶναι,
2274 5610 2368 5664 καὶ¹
2392 5611 2453 5664 ού
2479 5613 2576 5680 τὴν
2602 5614 2701 5681 μὲν
2727 5615 2866 5684 πρὸς
2892 5615 3018 5671 ἄλλο
3053 5619 3271 5693 ῥέπειν,
3309 5626 3406 5695 τὴν
3437 5621 3492 5675 δὲ
3522 5617 3641 5691 πρὸς

2082 5748 2263 5805 διυίά.
2339 5748 2551 5810 “Hebr.
2592 5770 2670 5823 ix,
2716 5755 2801 5812 l7.
