3952 6548
323 450 455 519 1101

1251 454 1625 516 PANOPLIA
1673 453 2136 515 DOGMATICA.
2174 479 2242 489 -
2282 455 2430 515 TlT.
2476 456 2695 520 Χνιιῐ.

3454 450 3587 514 1102

317 569 505 641 ἓτερον
535 565 788 623 σπεύδειν
807 612 819 634 ,
850 569 987 625 ἀλλά
1020 571 1202 641 μένειν
1245 571 1344 641 μὲν
1380 571 1478 641 τὴν
1506 568 1666 638 φύσιν
1698 568 1756 620 ὲν
1786 568 1900 629 τοῖς
1929 614 1938 628 .

2046 566 2256 632 telinet,
2294 567 2410 621 haec
2460 574 2642 623 autem
2708 568 2869 622 aliam
2908 568 2962 623 in
3005 573 3219 639 partem
3270 564 3585 628 contendat,

324 657 476 721 ἰδίοις
515 660 703 727 δροις,
740 658 914 714 θέλειν
964 659 1022 713 δὲ
1065 662 1165 731 τὴν
1218 659 1475 731 βούλησιν
1520 657 1548 710 ὃ
1597 657 1798 728 πρέπει
1834 657 1901 726 τῇ

322 751 486 814 φύσει
552 752 648 804 καὶ
706 754 988 817 σύνεστινς
1035 749 1123 818 Ὠς
1170 751 1222 805 ei
1246 769 1329 816 τις
1369 749 1498 805 ἀλλο
1553 748 1653 819 μὲν
1700 745 1904 816 ταύτην

2007 659 2101 715 sed
2140 660 2318 727 potius
2351 669 2409 713 ut
2444 670 2636 713 natura
2670 661 2906 730 propriis
2942 660 2994 714 in
3035 657 3287 714 terminis
3345 666 3583 716 maneat,

2008 751 2257 806 voluntas
2323 761 2500 805 autem
2545 753 2673 805 velit
2724 754 2867 821 quod
2931 765 3140 807 natura:
3223 749 3480 804 convenit
3537 757 3591 800 et

322 842 470 911 ἔχειν
494 840 667 911 λέγοι,
693 843 823 921 ἀλλο
842 843 897 897 δὲ
921 843 1097 897 θέλειν
1128 844 1367 915 ἐκείνην,
1393 843 1576 913 μάχην
1623 839 1905 907 ἐπεισάγει

2044 860 2313 915 ongruens
2340 846 2467 899 est?
2494 843 2643 910 Quod
2702 845 2745 899 si
2803 846 2927 915 quis
2972 846 3113 899 aliud
3168 842 3316 899 illam
3361 839 3589 901 habere.

324 936 423 987 καὶ
454 935 708 1004 πόλεμον,
738 936 840 1005 τῆς
874 935 975 1006 μὲν
1007 936 1362 1007 ὲγχειρούσης
1396 938 1476 998 είς
1511 936 1545 988 ἃ
1571 934 1647 1006 μὴ
1677 934 1774 993 δεῖ,
1809 932 1907 1001 τῆς

324 1026 380 1079 δὲ
409 1026 706 1097 δεχομένης
741 1028 845 1081 ὃσα
876 1027 953 1098 μὴ
993 1028 1325 1099 πέφυκε.Ἱ“ὸ
1362 1028 1593 1098 πάσχειν
1642 1024 1907 1094 πεφυκὸς,

326 1118 421 1169 καὶ
439 1116 616 1179 θέλον,
643 1119 739 1171 καὶ
771 1120 846 1190 μὴ
867 1119 1020 1172 θέλον
1045 1119 1122 1187 τῷ
1150 1120 1381 1190 πάσχειν
1412 1118 1722 1172 πόκειται.
1749 1116 1824 1169 Τὸ
1852 1115 1910 1168 δὲ

325 1208 420 1262 τοῦ
454 1210 687 1280 πάσχειν
715 1210 858 1264 κατά
888 1210 1051 1280 φύσιν
1086 1211 1265 1278 ἐκτὸς,
1310 1211 1413 1265 κάν
1454 1228 1539 1274 τις
1578 1212 1911 1279 συγχωρήσῃ

326 1300 389 1350 τ’)
427 1300 635 1367 θέλειν,
685 1303 825 1374 ὅπερ
871 1304 970 1374 οὐχ
1001 1298 1112 1358 οἷόν
1144 1321 1240 1368 τε,
1282 1303 1365 1368 τίς
1408 1302 1587 1356 πείσει
1632 1300 1911 1366 δέξασθαι,

328 1392 470 1464 ὅπερ
500 1394 559 1447 οὐ
610 1394 891 1463 πέφυκενς
938 1395 1057 1449 Πᾶν
1110 1396 1266 1465 γένος
1309 1393 1464 1462 ζώων
1507 1393 1771 1464 φυλάσσει
1820 1392 1915 1446 τὸν

328 1486 431 1556 τῆς
459 1486 668 1551 οἰκείας
710 1488 897 1551 οὐσίας
928 1488 1091 1559 νόμον
1118 1488 1434 1550 ἀσάλευτον,
1474 1487 1569 1540 καὶ
1589 1486 1665 1549 ὡς
1693 1486 1917 1554 γέγονεν

333 1575 431 1629 ἀπ’
463 1577 657 1647 ἀρχῆς,
689 1577 831 1631 οῦτω
859 1578 1127 1632 διαιτᾶται
1151 1578 1238 1633 διά
1274 1577 1507 1642 παντὸς,
1553 1578 1647 1631 καί⁵
1678 1573 1917 1646 οὐδαμοῦ

330 1668 394 1721 τὸ
421 1667 594 1722 θέλειν
618 1671 913 1740 ἀνατρέπει
942 1670 1042 1742 τὴν
1066 1670 1242 1736 τάξιν.
1266 1669 1388 1725 Κᾶν
1422 1669 1681 1741 μυριάκις
1711 1669 1922 1739 ἀνθρω-

335 1777 436 1822 πος
470 1760 601 1831 θέλῃ
635 1762 888 1829 γενέσθαι
920 1764 1145 1833 πτηνὸν,
1180 1764 1343 1834 ἀργεῖ
1368 1764 1438 1818 τὰ
1466 1763 1567 1833 τῆς
1591 1762 1919 1833 βουλήσεως,

337 1850 530 1923 ἐπειδὴ
578 1855 701 1925 νικᾷ
749 1855 817 1907 τά
873 1855 971 1925 τῆς
1024 1854 1239 1924 φύσεως
1273 1871 1287 1886 ·

338 1942 566 2015 λογικὴν
600 1945 744 2016 ἔχειν
769 1946 829 1999 ἓν
861 1964 914 2000 τι
946 1947 1055 2001 τῶν
1094 1947 1331 2016 ἀλόγων,
1372 1948 1602 2018 γελᾶται
1633 1949 1695 2002 τὸ
1728 1947 1922 2012 θέλειν,

338 2032 401 2082 οὐ
434 2032 738 2101 πληροῦται
785 2034 845 2087 τὸ
885 2035 1065 2105 ἔργον.
1111 2033 1245 2090 Εἶτα
1290 2034 1438 2091 πάσα
1469 2038 1571 2109 μὲν
1611 2037 1778 2106 φύσις
1811 2034 1924 2106 ἔχει

340 2120 402 2171 τὸ
431 2120 804 2193 άτυράννητον
827 2163 842 2188 ,
879 2127 972 2178 καὶ
1011 2126 1275 2196 κρείττων
1312 2127 1431 2181 ἐστὶ
1462 2129 1642 2196 πάσης
1683 2126 1931 2190 ἐναντίας

345 2210 676 2283 βουλήσεως,
712 2214 850 2285 μόνη
881 2215 935 2269 δὲ
969 2218 1004 2283 ἡ
1056 2216 1325 2288 ἄτρεπτος
1353 2219 1445 2279 τοῦ
1479 2218 1613 2273 Θεοῦ
1660 2218 1754 2272 καὶ
1796 2218 1931 2271 ἀθά·

344 2320 505 2365 νατος
536 2306 693 2360 οὐσία
721 2307 934 2378 δέχεται
962 2310 1219 2383 βούλησιν
1252 2311 1529 2379 ἐναντίαν,
1570 2314 1667 2369 καί
1699 2314 1931 2385 ἡττᾶται

345 2398 413 2466 τῇ
447 2397 549 2466 τῆς
587 2398 855 2472 θελήσεως
886 2404 1135 2475 ἀνάγκης
1173 2404 1237 2457 Ὢ
1267 2403 1359 2458 τοῦ
1392 2404 1707 2474 θαύματοςί
1749 2407 1781 2475 ή
1823 2407 1931 2460 πᾶ-

352 2504 453 2541 σαν
488 2489 681 2543 οὐσίαν
723 2494 781 2544 ὲν
814 2495 925 2557 τοῖς
960 2494 1183 2558 οἰκείοις
1216 2495 1361 2567 ὅροις
1395 2494 1756 2565 φυλάττουσα,
1791 2494 1933 2565 αὐτὴ

348 2577 461 2630 τῶν
487 2578 586 2649 τῆς
614 2582 885 2647 ἀπαθείας
916 2584 1058 2655 ὅρων
1090 2585 1233 2638 οὕτω
1261 2586 1459 2657 ῥᾳδίοις
1492 2586 1791 2651 ἐξίσταται.
1825 2587 1934 2641 Καὶ

349 2670 504 2723 οὐδὲν
553 2673 803 2725 τοσοῦτον
844 2675 872 2727 ὁ
924 2676 1115 2740 κτίσας
1170 2676 1390 2731 ἅπαντα
1444 2676 1591 2748 ἔχει,
1645 2679 1769 2731 ὅσον
1819 2680 1933 2742 τοῖς

352 2763 613 2833 κτίσμασι
646 2766 897 2821 δέδωκεν.
949 2768 1087 2821 Οῠτε
1121 2769 1182 2822 τὸ
1205 2769 1431 2825 ἔπαθεν·
1467 2772 1496 2823 ὁ
1537 2768 1667 2844 Θεὸς
1693 2770 1932 2841 εἴρηται,

351 2854 477 2907 οὔτε
542 2857 600 2909 τὸ
643 2857 725 2924 ὡς
780 2858 1045 2929 ἠθέλησε
1088 2862 1420 2933 γέγραπται.
1482 2864 1606 2918 Ὀτι
1680 2867 1937 2936 ἐποίησεν

352 2947 456 3000 ὅσα
502 2948 764 3019 ἠθέλησεν
808 2952 1149 3024 ἀκηκόαμεν,
1188 2954 1270 3008 ὅτι
1320 2956 1379 3007 δὲ
1424 2954 1663 3021 ἔπαθεν,
1706 2957 1780 3018 ὼς
1809 2954 1938 3027 ἠθέ-

352 3038 537 3109 λησεν,
583 3042 821 3112 οὐδαμοῦ
875 3047 1301 3119 μεμαθήκαμεν.
1349 3048 1415 3101 Τί
1464 3047 1557 3101 οῦν
1607 3048 1808 3117 ἀδήλου
1847 3048 1938 3119 βεσ

352 3131 584 3186 σαίωσιν
629 3134 689 3187 τὸ
737 3135 933 3207 ἄδηλον
970 3140 1229 3208 φέρουσις
1272 3139 1457 3194 Ταῦτα
1508 3142 1798 3211 προσθήκη
1838 3142 1938 3211 τῆς

2008 938 2152 992 aliud
2177 940 2317 993 hanc
2347 939 2487 994 velle
2518 936 2738 1002 dixerit,
2773 954 3007 1010 pugnam
3036 946 3093 993 et
3157 937 3358 993 bellum
3419 935 3593 988 intro-

2011 1032 2193 1094 ducet,
2223 1044 2345 1086 cum
2371 1042 2426 1086 et
2450 1030 2702 1086 voluntas
2727 1044 2787 1084 ea
2820 1032 3027 1100 cupiat,
3090 1046 3213 1099 qua:
3269 1044 3375 1083 non
3430 1040 3594 1093 opor-

2013 1135 2107 1192 tet,
2136 1134 2189 1178 et
2224 1131 2414 1178 natura
2445 1122 2725 1190 suscipiat,
2760 1136 2881 1191 qua:
2908 1136 3012 1174 non
3067 1120 3246 1175 debet.
3300 1117 3453 1185 Quod
3504 1131 3597 1183 pa-

2016 1217 2178 1272 tiendi
2211 1228 2456 1270 naturam
2491 1214 2670 1279 habet,
2691 1227 2784 1269 seu
2814 1211 2963 1277 velit,
2997 1225 3091 1267 seu
3127 1210 3283 1272 nolit,
3351 1207 3591 1279 patiendi

2014 1306 2309 1362 conditioni
2342 1304 2637 1361 obnoxium
2679 1313 2781 1358 est.
2844 1302 2997 1369 Quod
3022 1312 3201 1355 autem
3264 1315 3293 1353 a
3352 1296 3598 1369 patiendi

2016 1399 2327 1456 conditione
2349 1408 2543 1452 natura
2582 1405 2846 1453 remotum
2895 1406 3001 1460 est,
3025 1394 3156 1448 licet
3221 1392 3420 1463 aliquis
3473 1403 3605 1445 con-

2017 1493 2177 1549 cedat
2246 1491 2423 1556 velle,
2507 1490 2653 1558 quod
2718 1498 2897 1542 tamen
2985 1487 3101 1541 tieri
3176 1485 3408 1555 nequit,
3480 1480 3607 1552 quis

2020 1586 2199 1655 ipsum
2229 1584 2479 1647 adducet,
2513 1593 2571 1637 ut
2598 1580 2861 1647 suscipiat
2889 1581 2940 1634 id
2990 1595 3019 1633 a
3073 1593 3183 1650 quo
3228 1588 3422 1631 natura
3474 1576 3609 1630 alie-

2021 1693 2151 1734 num
2173 1676 2497 1734 estIOmne
2527 1675 2885 1729 anhnantium
2934 1688 3103 1743 genus
3164 1670 3418 1725 essentiae
3482 1681 3611 1737 pro—

2022 1770 2343 1841 priaelegetn
2375 1776 2559 1825 servat
2609 1765 3005 1828 inviolabilem;
3047 1773 3101 1818 et
3149 1760 3605 1831 quemadmodum

1340 1855 1445 1910 κᾶν
1501 1855 1711 1927 θελήσῃ
1743 1851 1920 1924 ψυχὴν

2044 1861 2092 1916 tb
2120 1860 2276 1915 initio
2324 1869 2509 1914 natum
2563 1868 2670 1921 est,
2700 1857 2773 1910 ita
2826 1864 3097 1927 perpetuo
3146 1854 3317 1919 vivit,
3349 1861 3403 1907 et
3461 1850 3610 1904 nullo

2029 1961 2190 2023 pacto
2217 1949 2469 2005 voluntas
2498 1948 2746 2003 ordinem
2778 1955 2970 2001 mutat.
3014 1944 3165 2000 Licet
3192 1944 3387 1999 millies
3444 1941 3610 1995 homo

2029 2042 2161 2097 velit
2196 2043 2398 2097 habere
2423 2040 2560 2103 alas,
2601 2037 2857 2091 voluntas
2894 2046 3076 2090 tamen
3138 2034 3286 2088 illius
3326 2036 3432 2087 erit
3490 2033 3607 2086 ina—

2032 2133 2137 2187 nis.
2172 2131 2372 2185 Natura
2405 2128 2553 2184 enim
2594 2127 2841 2197 superior
2874 2135 2978 2181 est.
3021 2126 3153 2179 item
3189 2126 3234 2179 si
3287 2122 3431 2193 quod
3499 2122 3617 2175 ani-

2032 2222 2259 2279 malium
2306 2221 2520 2275 ratione
2576 2217 2883 2274 carentium
2942 2216 3070 2270 velit
3122 2216 3361 2269 animum
3410 2213 3618 2269 habere

2036 2314 2245 2369 ratione
2294 2310 2901 2380 prteditam,voluutas
2958 2310 3078 2376 ejus
3138 2307 3454 2371 irrideatur,
3510 2322 3616 2360 non

2034 2423 2093 2464 re
2114 2407 2419 2477 expleatur.
2449 2406 2718 2460 Praeterea
2747 2419 2871 2459 cura
2901 2403 3081 2459 omnis
3106 2410 3300 2456 natura
3333 2401 3501 2455 libera
3520 2400 3616 2462 sit,

2036 2501 2488 2571 praestantiorque
2517 2500 2663 2553 omni
2690 2497 2965 2552 contraria
3028 2497 3328 2559 voluntate,
3371 2492 3461 2548 Dei
3521 2508 3620 2546 na-

2037 2603 2180 2658 tura,
2208 2608 2326 2663 quze
2353 2591 2466 2648 sola
2500 2602 2585 2647 est
2615 2590 2976 2646 immutabilis
3025 2598 3082 2644 et
3136 2585 3484 2649 immortalis,
3522 2597 3620 2635 vo-

2036 2684 2304 2739 luntatem
2332 2681 2663 2737 contrariam
2703 2680 2944 2743 habebit,
2977 2687 3032 2733 et
3059 2677 3381 2733 succumbet
3423 2674 3615 2728 volun-

2040 2776 2169 2831 tatis
2197 2773 2563 2829 necessitati?
2611 2773 2653 2826 0
2687 2786 2799 2828 rem
2840 2769 3254 2826 admirandam!
3295 2766 3370 2820 Ea
3409 2776 3622 2829 natura,

2036 2883 2160 2939 qua:
2188 2876 2413 2922 naturas
2439 2880 2629 2921 omnes
2661 2865 2899 2936 propriis
2924 2864 2977 2916 in
3009 2862 3261 2918 terminis
3304 2867 3621 2919 conservat,

2041 2962 2153 3033 ipsa
2185 2959 2702 3028 eximpatibilitatis
2734 2957 2982 3011 terminis
3045 2954 3120 3009 ita
3174 2951 3337 3008 facile
3393 2949 3623 3013 decidit;

2048 3062 2102 3108 et
2140 3054 2233 3123 qui
2291 3067 2380 3109 res
2400 3065 2592 3107 omnes
2637 3047 2967 3120 procreavit,
3016 3060 3083 3100 ne
3145 3054 3355 3099 tantum
3405 3042 3626 3111 quidem

2045 3144 2228 3210 habet,
2258 3151 2522 3213 quantum
2559 3140 2666 3195 illis
2705 3148 2791 3193 est
2842 3136 3124 3207 elargitus.
3165 3131 3350 3203 Neque
3411 3130 3623 3185 dictum

353 3222 649 3291 ἀπονοίας,
690 3226 789 3279 οὐκ
827 3204 1110 3296 -άπόδειέις
1149 3204 1426 3302 ἀληθείας.
1486 3204 1626 3284 ’Λλλ⁹
1659 3204 1859 3285 ἔπαθεν

2044 3248 2127 3293 est
2161 3254 2176 3292 :
2210 3237 2408 3292 Passus
2438 3244 2521 3289 est
2556 3233 2714 3287 Deus.
2746 3230 2936 3299 Neque
2967 3204 3239 3298 scriptum
3270 3234 3353 3279 est
3385 3240 3398 3276 :
3439 3222 3509 3278 Ut
3537 3236 3631 3275 to-

353 3314 633 3386 Δεσπότης
667 3318 900 3387 Χριστὸς
931 3321 1074 3375 κατὰ
1106 3322 1202 3393 τὴν
1232 3321 1434 3395 θνητὴν
1480 3325 1680 3395 σάρκα,
1707 3323 1768 3376 οὐ
1796 3322 1937 3376 κατά

351 3408 446 3460 τδν
476 3408 608 3463 Θεὸν
644 3410 837 3481 Λόγον.

2049 3332 2170 3386 luit.
2238 3330 2557 3385 Audivimus
2591 3341 2715 3381 cum
2770 3324 2989 3386 fecisse,
3037 3332 3378 3390 quaecunque
3436 3316 3627 3371 voluit.

2047 3419 2275 3476 Passum
2313 3428 2494 3474 autem
2524 3432 2666 3478 esse,
2694 3425 2753 3469 ut
2784 3413 2974 3479 voluit,
3009 3423 3274 3481 nusquam
3307 3407 3628 3462 didicimus.

353 3506 468 3561 Cur
496 3509 639 3574 quod
677 3510 942 3563 incertum
982 3520 1084 3574 est,
1122 3508 1186 3566 ad
1224 3527 1334 3566 rem
1382 3511 1643 3568 incertam
1670 3512 2003 3583 probandam
2033 3513 2303 3571 aderunt?
2330 3514 2457 3567 Haec
2488 3509 2776 3566 dementire
2805 3516 2931 3564 sunt
2958 3513 3296 3575 argumenta,
3336 3517 3447 3558 non
3480 3500 3631 3557 veri-

356 3605 489 3658 tatis
529 3604 857 3658 testitnonia.
890 3604 1091 3659 Passus
1121 3618 1204 3660 est
1230 3606 1479 3661 Christus
1520 3606 1805 3676 Dominus,
1837 3624 1947 3667 non
1982 3608 2265 3665 divinitate
2295 3604 2482 3673 Verbi,
2512 3605 2604 3660 sed
2635 3617 2801 3657 carne
2834 3598 3071 3654 mortali.

364 3716 476 3772 Τοῦ
502 3718 688 3773 αὑτοῦ
718 3718 870 3786 πρὸς
899 3720 1041 3785 τοὺς
1079 3719 1394 3788 λέγοντας,
1431 3721 1704 3779 Ἕκαθεν
1727 3725 1761 3779 ό
1794 3723 1943 3791 Θεὸς

927 3792 1117 3860 Λόγος
1159 3792 1366 3861 σαρκί.

435 3878 603 3934 Πάλιν
662 3878 894 3933 ἐνταῦθα
959 3881 1095 3933 πολὺ
1154 3883 1252 3952 μὲν
1307 3882 1368 3935 τὸ
1405 3883 1599 3951 ἄλογον
1626 3923 1642 3949 ,
1697 3883 1833 3937 πολὺ
1891 3884 1949 3937 δὲ

361 3972 527 4023 πλέον
560 3970 621 4024 τὸ
658 3971 881 4027 ἄτοπον.
942 3972 1192 4040 Ἀλογίας
1229 3974 1329 4042 μὲν
1380 3975 1488 4045 γάρ
1538 3975 1717 4043 λέγειν
1766 3974 1952 4047 ἕτερον

365 4065 539 4136 ἑτέρῳ
575 4066 823 4136 πάσχειν,
842 4066 1066 4127 ἀτοπίας
1084 4066 1139 4118 δὲ
1170 4066 1230 4118 τὸ
1258 4066 1460 4121 ἔπαθεν
1488 4069 1515 4121 ὁ
1548 4068 1745 4135 Λόγος.
1768 4068 1948 4138 Ὅπερ

364 4158 579 4228 γυμνὸν
620 4157 1089 4229 προκαλύμματος
1126 4160 1301 4212 εἰπεῖν
1337 4159 1397 4213 οὐ
1429 4158 1771 4229 τολμῶντες,
1813 4160 1950 4229 Emi)-

364 4266 539 4319 γαγον
595 4248 657 4302 τὸ
709 4250 928 4319 σαρκί,
975 4250 1232 4320 καθάπερ
1265 4250 1558 4322 πρόσωπον
1611 4252 1838 4321 αἰσχρὸν
1887 4252 1951 4303 τὸ

368 4343 619 4415 ἀπρεπὲς
653 4341 745 4395 τοῦ
796 4344 1145 4414 φρονήματος
1185 4344 1389 4415 δολερῷ
1427 4344 1757 4416 προσωπείῳ
1790 4361 1951 4415 περι-

371 4435 759 4497 καλύπτοντες.
812 4436 873 4488 Εἰ
904 4437 932 4488 ό
974 4436 1143 4505 Λόγος
1201 4436 1444 4501 ἔπαθεν,
1494 4435 1673 4507 ἑαυτῷ
1726 4436 1949 4490 ἔπαθεν.

2048 3724 2300 3795 Ejusdem
2332 3721 2710 3795 adversus__eos_,
2752 3717 2839 3786 qui
2870 3715 3053 3767 dicunt
3080 3727 3102 3765 :
3142 3708 3343 3764 Passus
3374 3718 3449 3763 est
3492 3707 3633 3762 Deus

2573 3788 2793 3842 Verbum
2822 3800 3000 3839 carne.

2122 3888 2247 3941 Ιιεεε
2278 3899 2493 3939 rursum
2523 3881 2877 3936 vehementer
2932 3893 2959 3928 a
3009 3877 3225 3931 ratione
3283 3870 3634 3926 abhorrentia

2052 3988 2216 4047 atque
2245 3977 2504 4032 absurda.
2534 3973 2808 4028 Abhorret
2861 3969 3005 4024 enim
3061 3982 3092 4022 a
3151 3966 3368 4021 ratione
3426 3963 3631 4023 dicere.

2054 4086 2219 4127 unum
2254 4069 2362 4124 alio
2387 4068 2522 4139 pati.
2553 4063 2857 4120 Absurdana
2904 4070 2988 4117 est
3013 4068 3197 4114 autem
3252 4058 3434 4112 dicere
3499 4054 3636 4108 Ver-

2058 4165 2183 4218 bum
2230 4176 2351 4219 esse
2381 4175 2623 4231 passum.
2656 4155 2809 4223 Quod
2872 4164 3054 4209 tamen
3118 4152 3326 4207 nudum
3358 4166 3460 4203 non
3511 4156 3639 4201 sunt

2057 4254 2174 4309 ausi
2202 4252 2553 4322 pronuntiare
2589 4266 2605 4304 :
2641 4250 2823 4317 itaque
2846 4246 3176 4301 addiderunt
3203 4258 3383 4307 carne,
3415 4248 3640 4296 senten-

2058 4348 2188 4400 tiam
2218 4346 2454 4414 ineptam
2483 4354 2738 4410 tanquam
2773 4348 2981 4406 turpem
3018 4336 3232 4391 'facietn
3274 4334 3453 4389 fallaci
3516 4347 3639 4401 per-

2062 4455 2195 4493 sona
2235 4447 2608 4505 contegentcs.
2634 4435 2690 4488 Si
2728 4431 2958 4487 Verbum
3015 4440 3098 4485 est
3150 4444 3396 4498 passum,
3455 4427 3638 4493 seipse

373 4527 437 4581 Εἰ
466 4526 523 4579 δὲ
552 4526 738 4596 ἕτερον
778 4525 836 4579 τὸ
870 4527 1063 4589 παθὸν,
1100 4528 1251 4580 οὐδὲν
1282 4527 1419 4599 πρὸς
1449 4532 1541 4582 τὸν
1572 4529 1767 4595 Λόγον.
1791 4528 1864 4582 Τὸ
1898 4527 1938 4581 δΞ

2062 4543 2281 4599 passum
2311 4537 2417 4592 est;
2455 4527 2538 4579 sin
2562 4526 2711 4579 aliud
2749 4538 2973 4593 passum
3027 4530 3135 4587 est,
3186 4520 3320 4574 nihil
3378 4518 3445 4571 ad
3509 4516 3644 4572 Ver—

373 4618 575 4687 λέγειν,
622 4616 683 4671 Ὀ
717 4617 889 4684 Λόγος
922 4616 1089 4670 ἔπαθε
1129 4619 1332 4689 σαρκὶ,
1361 4620 1629 4690 ἄγραφον,
1660 4619 1951 4685 ἀνοίκειον,

371 4711 719 4774 ἀσύστατον,
756 4708 1143 4764 ἀνακόλουθον.
1196 4709 1334 4763 Οὔτε
1376 4713 1437 4765 τὸ
1492 4712 1731 4781 παθητὸν
1783 4712 1955 4783 ἑτέρῳ

372 4803 601 4870 πάσχει,
637 4800 765 4853 οὐτε
799 4802 860 4853 τὸ
895 4802 1102 4865 ἀπαθὲς
1136 4800 1203 4855 δι’
1236 4801 1424 4873 ἑτέρου
1473 4802 1696 4874 πάσχει.
1738 4802 1881 4856 Οὔτε
1927 4802 1958 4855 ὁ

370 4892 552 4960 Λόγος
581 4892 823 4963 παθητὸς
870 4893 937 4964 τῇ
987 4895 1169 4964 σαρκὶ,
1202 4892 1327 4947 οὔτε
1371 4896 1405 4966 ή
1447 4894 1585 4965 σὰρξ
1617 4894 1835 4963 ἀπαθὴς
1879 4893 1958 4965 τῷ

376 4985 572 5055 Λόγῳ,
608 4984 744 5038 ἀλλά
780 4985 876 5038 καί
908 4985 1110 5055 ήσάρξ
1140 4986 1282 5039 κατά
1325 4986 1424 5057 τὴν
1461 4987 1667 5039 οἰκείαν
1707 4986 1870 5055 φύσιν
1899 4987 1962 5039 τὸ

376 5078 555 5141 πάθος
584 5077 891 5148 προσίεται,
920 5079 1014 5130 καὶ
1042 5078 1070 5130 ὁ
1101 5079 1270 5146 Λόγος
1293 5078 1597 5149 ἀχώριστον
1626 5082 1723 5150 τῆς
1755 5080 1960 5143 οἰκείας

376 5170 572 5233 οὐσίας
602 5169 715 5239 ἔχει
736 5170 797 5221 τὸ
818 5168 1049 5231 ἀπαθές.
1076 5170 1138 5222 Εἰ
1162 5166 1255 5223 οὖν
1277 5165 1429 5235 οὗτος
1451 5174 1520 5242 τῇ
1545 5174 1708 5242 σαρκὶ
1738 5172 1959 5241 πάσχει,

380 5267 511 5334 περί
531 5264 626 5331 τῆς
653 5263 851 5333 σαρκὸς
866 5262 916 5315 τί
942 5264 1006 5316 ἂν
1028 5263 1299 5332 είποιμεν;
1320 5265 1519 5334 πάσχει
1545 5264 1622 5335 τῷ
1643 5265 1825 5335 Λόγῳ,
1844 5264 1879 5335 ἢ
1897 5264 1960 5318 οὐ

382 5355 607 5423 πάσχει;
634 5354 693 5406 Εἰ
717 5353 813 5423 μὲν
836 5354 897 5405 οὐ
922 5353 1141 5422 πάσχει,
1161 5353 1334 5428 ταύτῃ
1351 5356 1412 5407 τὸ
1429 5355 1641 5419 ἀπαθὲς
1670 5354 1959 5427 ὲχαρίσθη’

384 5451 434 5501 τί
457 5450 512 5502 δὲ
547 5449 768 5516 πάσχει,
792 5451 900 5501 τῶν
922 5446 1015 5501 δύο
1044 5449 1103 5502 τὸ
1123 5448 1294 5511 πάθος
1327 5450 1761 5521 κατεψηφίσατο,
1782 5449 1962 5519 είπερ,

385 5540 567 5602 καθώς
600 5557 799 5609 φασιν,
837 5542 865 5593 ό
906 5542 1005 5611 μὲν
1047 5541 1218 5608 Λόγος
1257 5543 1455 5613 πάσχει
1490 5545 1556 5614 τῇ
1594 5542 1780 5611 σαρκὶ,
1822 5542 1855 5612 ἡ
1907 5540 1965 5594 δὲ

390 5632 529 5701 σὰρξ
571 5632 771 5703 πάσχει
799 5631 877 5703 τῷ
909 5634 1092 5703 Λόγῳ.
1132 5634 1272 5687 Ἀλλ’
1302 5635 1432 5697 ίσως
1456 5637 1663 5704 ἐροῦσι,
1702 5634 1822 5695 Ιιῶς
1872 5629 1967 5684 οὖν

390 5724 627 5793 εἴρηται,
673 5724 772 5790 Ἐξ
812 5718 899 5779 ὧν
944 5730 975 5781 ό
1005 5724 1262 5795 Χριστὸς
1291 5726 1354 5779 τὸ
1387 5728 1536 5782 κατὰ
1566 5726 1799 5795 σάρκα;
1828 5725 1967 5793 Λέγε

393 5817 629 5887 Χριστὸν
660 5820 931 5879 παθόντα,
966 5819 1062 5873 καὶ
1091 5819 1391 5892 σύνδρομον
1414 5820 1670 5890 εὑρήσεις
1706 5818 1768 5872 τὸ
1796 5818 1969 5888 δνομα

471 5942 479 5966 ¹
523 5937 678 5990 llum.
704 5952 780 5999 Ix,
806 5936 861 5991 5.

2058 4626 2209 4678 bum.
2236 4622 2423 4676 Dicere
2456 4626 2635 4672 autem
2661 4616 2897 4671 Verbum
2930 4626 3055 4669 esse
3082 4624 3302 4681 passum
3327 4624 3518 4671 carne,
3539 4622 3645 4663 nec

2057 4716 2321 4783 scriptum
2352 4719 2457 4773 est,
2489 4724 2591 4764 nec
2624 4708 2923 4779 proprium,
2955 4719 3057 4760 nec
3089 4706 3329 4764 tlrmum,
3364 4715 3463 4756 nec
3509 4714 3647 4755 eou-

2059 4816 2404 4862 sentaneum.
2438 4800 2549 4858 Nec
2608 4801 2754 4870 quod
2816 4797 3044 4869 patibiie
3092 4804 3198 4861 est,
3261 4794 3368 4847 alio
3416 4793 3644 4862 patitur.

2059 4898 2173 4955 Nec
2206 4898 2350 4969 quod
2377 4894 2701 4965 impatihile,
2734 4906 2834 4962 per
2886 4890 3030 4944 aliud
3085 4890 3313 4958 patitur.
3354 4883 3464 4941 Nec
3515 4882 3649 4937 Ver-

2063 4995 2188 5047 bum
2203 5000 2289 5049 est
2321 5004 2490 5046 carne
2521 4987 2900 5058 patibiie;nec
2929 4997 3060 5040 caro
3091 4980 3411 5051 impatibilis
3444 4974 3644 5031 Verbo.

2065 5085 2169 5140 Sed
2197 5096 2252 5140 et
2279 5098 2410 5138 care
2428 5090 2623 5136 natura
2645 5079 2861 5150 propria
2893 5077 3120 5145 patitur,
3146 5085 3202 5128 et
3234 5083 3440 5126 natura;
3468 5067 3647 5137 .Verbi

2066 5179 2349 5250 proprium
2379 5185 2490 5241 est,
2542 5186 2730 5230 utnon
2794 5173 3054 5239 patiatur.
3095 5167 3231 5220 Nam
3290 5166 3337 5220 si
3399 5162 3645 5216 Verbum

2065 5285 2230 5326 carne
2259 5270 2487 5339 patitur,
2514 5266 2643 5337 quid
2691 5264 2760 5318 de
2809 5263 2924 5330 ipsa
2963 5274 3129 5315 carne
3165 5255 3464 5312 dicemus?
3523 5268 3649 5309 eam

2068 5363 2179 5428 pati
2220 5362 2422 5422 Verbo,
2466 5374 2532 5413 an
2565 5372 2669 5412 non
2701 5351 2921 5422 pati?Si
2954 5366 3057 5405 non
3096 5348 3324 5420 patitur,
3377 5348 3426 5400 ei
3480 5347 3653 5400 dona-

2070 5468 2182 5510 tum
2211 5464 2373 5509 estut
2407 5467 2511 5506 non
2546 5450 2801 5517 patiatur.
2832 5444 2928 5499 Sin
2956 5443 3183 5512 patitur,
3208 5438 3317 5493 duo
3345 5438 3651 5507 patiuntur;

2069 5548 2113 5602 si
2142 5546 2382 5616 quidem,
2412 5552 2472 5597 ut
2504 5540 2604 5608 ipsi
2656 5538 2829 5600 aiunt,
2867 5534 3108 5589 Verbum
3143 5544 3308 5587 carne
3347 5530 3571 5600 patitur,
3597 5535 3656 5582 et

2070 5650 2198 5689 caro
2233 5633 2431 5702 patitur
2469 5628 2669 5685 Verbo.
2706 5628 2774 5679 At
2801 5623 3098 5693 quomodo,
3129 5620 3375 5690 inquiunt
3400 5618 3651 5683 lortasse,

2074 5723 2277 5776 dictum
2307 5727 2423 5772 est:
2452 5716 2536 5771 Ex
2564 5715 2756 5785 quibus
2779 5712 3024 5766 Christus
3056 5710 3344 5767 secundum
3370 5708 3657 5763 συγκαιϋέ

2082 5811 2179 5866 Dic
2203 5810 2483 5865 Christum
2511 5821 2631 5863 esse
2674 5818 2914 5876 passum,
2941 5813 2995 5856 et
3050 5803 3227 5858 oratio
3274 5800 3379 5856 erit
3422 5814 3655 5856 consen-
