3952 6562
362 358 497 421 1103

1596 370 1981 435 EUTHYMII
2032 373 2391 441 ZlGABENI

3479 386 3609 450 1104

356 484 533 527 lanea.
564 472 695 528 Nam
727 475 817 545 qui
856 475 1022 532 Deum
1060 473 1296 532 Verbum
1328 477 1479 544 dicit,
1513 481 1809 551 simplicem
1834 498 1928 538 na-

2033 484 2134 555 τῆς
2187 491 2407 561 σαρκός.
2479 490 2536 545 Ὀ
2572 492 2669 562 μὲν
2719 490 2827 564 γὰρ
2871 493 3042 549 εἰπὼν
3100 496 3191 549 τὸν
3246 497 3379 551 Θεὸν
3419 500 3607 568 Αὸγονν

357 576 531 621 turam
568 566 852 638 signiﬁcat.
904 569 1007 635 Qui
1042 584 1171 624 vero
1199 570 1475 625 Cbristmn
1504 575 1766 639 nominat,
1798 578 1930 629 dua-

352 675 473 714 rum
502 660 703 717 indicat
741 670 1054 716 naturarum
1100 662 1558 730 eottjunctionem.
1618 664 1796 733 Atque
1858 668 1929 721 ita

353 768 594 823 congrue
628 762 805 824 potest
833 755 1012 808 dicere
1050 772 1063 809 :
1105 755 1306 812 Passus
1345 768 1432 813 est
1500 757 1772 821 Christus,
1800 774 1931 828 quo-

353 844 498 899 niam
522 844 625 899 hoc
684 861 879 902 nomen
938 848 1052 902 duo
1088 848 1381 920 signiﬁcat,
1444 863 1639 919 nempe
1697 848 1927 905 Verbum

354 935 675 1005 impatibile,
742 947 795 993 et
837 952 1058 992 carnem
1126 940 1442 1008 patibilem,
1497 957 1617 1010 qua:
1701 952 1927 996 mortem

351 1027 608 1093 gustavit.
642 1027 868 1094 Quando
909 1044 1006 1084 nec
1038 1030 1234 1085 Paulus
1256 1033 1391 1087 dixit
1429 1051 1443 1088 :
1474 1033 1550 1087 Ex
1582 1012 1779 1103 quibus
1834 1050 1932 1087 nu-

353 1118 455 1172 dus
492 1118 668 1183 Deus,
701 1124 819 1187 sed,
854 1136 919 1175 ex
955 1123 1141 1192 quibus
1193 1122 1435 1180 Christus
1470 1128 1759 1180 secundum
1811 1141 1928 1179 car-

354 1231 489 1283 nem,
528 1225 586 1269 ut
642 1216 943 1273 declararet
1005 1219 1056 1273 id
1106 1221 1247 1288 quod
1314 1222 1775 1282 memoravimus,
1844 1236 1931 1277 se-

352 1309 588 1360 cundum
646 1324 866 1363 carnem
926 1312 1143 1379 quidem
1190 1326 1256 1367 ex
1292 1314 1572 1378 lsraelitis,
1626 1317 1925 1368 secundum

354 1399 688 1454 divinitatem
718 1415 846 1455 vero
873 1416 938 1458 ex
974 1401 1135 1457 Patre
1186 1404 1541 1474 sempiterno.
1601 1404 1715 1458 Non
1742 1406 1878 1459 dixit
1912 1424 1926 1461 :

355 1491 435 1544 Ex
489 1492 689 1560 quibus
746 1492 887 1550 Deus
952 1498 1249 1550 secundum
1302 1510 1544 1552 carnem.
1631 1499 1780 1551 Idem
1843 1499 1929 1553 dic

352 1582 538 1648 etiam,
570 1594 625 1639 et
648 1587 1043 1641 assentiemur'”
1064 1588 1336 1644 Christum
1374 1596 1508 1649 fesse
1572 1604 1788 1659 passum
1846 1604 1931 1644 se-

352 1676 587 1731 cundum
616 1692 857 1736 carnem.
914 1682 982 1733 At
1016 1682 1059 1735 si
1114 1682 1336 1736 dixeris'
1401 1682 1601 1738 l‘assus
1657 1686 1755 1752 est]
1791 1683 1929 1739 Dens

351 1782 539 1833 carne,
597 1781 781 1839 aperte
838 1774 1034 1831 doceas
1081 1788 1165 1827 me
1203 1782 1383 1829 utrum
1440 1776 1581 1831 idem
1627 1777 1697 1831 sit
1754 1776 1923 1841 Deus,

2037 578 2215 650 ἁπλῆν
2245 582 2437 635 οὐσίαν
2477 584 2748 655 ἐσήμανεν
2772 602 2788 618 ν
2822 587 2851 640 ὁ
2895 587 2950 640 δὲ
2996 590 3444 660 προσαγορεύσας
3482 594 3613 661 Χρι-

2038 671 2183 735 στὸν,
2215 672 2313 743 τὴν
2334 675 2631 745 συνάφειαν
2663 677 2773 731 τῶν
2790 678 2882 731 δύο
2908 680 3121 749 φύσεων
3145 682 3477 753 ὲφανέρωσε.
3507 686 3612 738 Καὶ

2035 765 2208 827 οὓτως
2252 766 2512 836 ἁρμόζειν
2541 768 2767 824 δύναται
2805 770 2865 824 τὸ
2901 771 3102 841 λέγειν,
3142 774 3385 827 Ἔπαθεν
3421 776 3450 826 ὁ
3479 777 3611 844 Χρι-

2037 858 2180 920 στὸς,
2211 859 2299 911 διὰ
2325 858 2385 912 τὸ
2410 858 2506 930 τὴν
2532 862 2911 933 προσηγορίαν
2942 863 3147 934 ταύτην
3174 866 3240 918 τὰ
3283 865 3382 919 δύο
3412 870 3611 935 σημαίο

2034 969 2147 1005 νειν
2175 952 2312 1021 ἅμα,
2350 953 2447 1007 καὶ
2479 951 2570 1007 τὸν
2602 954 2792 1025 άπαθῆ
2838 954 3036 1024 Λόγον,
3085 957 3181 1009 καὶ
3218 975 3317 1028 την
3363 959 3610 1029 παθητὴν

2032 1043 2210 1115 σάρκα
2259 1045 2359 1114 τὴν
2410 1046 2713 1115 γενομένην
2766 1046 3019 1101 θανάτου.
3067 1049 3218 1101 Ἐπεὶ
3265 1049 3360 1101 καὶ
3404 1050 3609 1113 Παῦλος

2033 1136 2134 1188 οὒκ
2161 1132 2336 1199 εἶπεν,
2357 1136 2447 1202 Ἐξ
2472 1126 2553 1190 ῶν
2571 1137 2775 1207 γυμνὸς
2795 1141 2821 1191 ὁ
2846 1138 2999 1204 Θεὸς,
3025 1140 3162 1203 ἀλλ’,
3189 1141 3291 1204 Ἐξ
3306 1135 3395 1193 ὧν
3416 1144 3449 1194 ὀ
3477 1143 3609 1208 Χρι-

2030 1229 2182 1294 στὸς
2211 1230 2277 1282 τὸ
2313 1232 2464 1285 κατὰ
2494 1235 2711 1298 σάρκα,
2746 1235 2779 1286 ό
2807 1231 2892 1284 ὢν
2923 1233 3023 1285 ἐπὶ
3057 1232 3297 1287 πάντων
3327 1235 3494 1299 Θεὸς,
3527 1235 3609 1287 ἴνα

2030 1321 2179 1394 δείξῃ
2223 1322 2315 1375 τὸν
2353 1325 2832 1394 μνημονευόμενον
2874 1326 3014 1379 κατὰ
3052 1326 3150 1396 μὲν
3190 1325 3289 1396 τὴν
3331 1326 3514 1396 σάρκα
3551 1329 3609 1379 ὲκ

2028 1414 2137 1467 τῶν
2181 1412 2556 1483 Ἰσραηλιτῶν,
2598 1418 2738 1468 κατὰ
2771 1414 2826 1467 δὲ
2858 1414 2955 1486 τὴν
2992 1415 3221 1486 θεότητα
3254 1418 3315 1468 ὲκ
3346 1416 3443 1469 τοῦ
3487 1418 3609 1470 αἰω-

2030 1504 2143 1557 νίου
2170 1505 2402 1576 Πατρός.
2436 1506 2528 1574 Μὴ
2553 1501 2726 1571 εἶπεν,
2746 1507 2836 1572 Ἐξ
2854 1501 2927 1560 ὧν
2956 1508 2984 1560 ὁ
3008 1507 3137 1570 Θεὸς
3161 1509 3220 1561 τὸ
3239 1509 3380 1561 κατὰ
3409 1510 3605 1577 σάρκα.

2030 1598 2104 1650 Τὸ
2162 1597 2295 1650 αὐτὸ
2338 1598 2431 1651 καὶ
2483 1598 2547 1651 σὺ
2602 1598 2749 1665 λέγε,
2814 1598 2908 1652 καὶ
2954 1598 3257 1669 πείθομαι·
3288 1600 3533 1653 Ἐπαθεν
3581 1602 3608 1653 ὸ

2029 1692 2264 1762 Χριστὸς
2294 1691 2435 1745 κατὰ
2477 1693 2676 1763 σάρκα.
2708 1693 2770 1746 El
2801 1693 2855 1746 δὲ
2884 1693 3092 1761 λέγεις,
3124 1694 3371 1747 Ἔπαθεν
3418 1696 3447 1747 ὁ
3478 1693 3608 1758 Θεὸς

2030 1786 2095 1856 τῇ
2137 1785 2322 1853 σαρκὶ,
2360 1784 2569 1852 δίδαξόν
2607 1802 2673 1854 με
2718 1785 2927 1852 σαφῶς,
2962 1789 3188 1855 πότερον
3225 1786 3420 1839 ταυτὸν
3469 1787 3606 1840 κατά

351 1872 408 1917 et
431 1877 581 1927 caro,
616 1879 682 1918 an
718 1864 861 1922 aliud
893 1875 1054 1936 atque
1076 1867 1245 1921 aliud.
1272 1865 1407 1921 Nam
1449 1869 1493 1922 si
1527 1868 1691 1933 idem,
1729 1884 1922 1937 passus

2033 1847 2372 1948 (pi-Satv'esbc,
2395 1847 2670 1948 xalvodtp'E,
2698 1879 2730 1948 ἢ
2766 1847 2921 1940 ἄλλο,
2945 1877 3040 1932 καὶ
3064 1847 3226 1943 ἄλλος
3258 1878 3318 1931 Εἰ
3345 1879 3448 1948 μὲν
3478 1896 3605 1931 ταυ-

352 1965 430 2008 cst
464 1955 605 2010 Deus
630 1956 833 2025 seipse.
858 1956 1003 2011 Idem
1029 1958 1173 2012 enim
1201 1973 1323 2013 esse
1389 1958 1552 2013 Deum
1600 1970 1655 2012 et
1699 1975 1918 2014 carnem

352 2048 572 2101 asseris.
602 2045 696 2102 Sin
730 2048 876 2103 aliud
904 2058 1066 2118 atque
1092 2051 1255 2117 aliud,
1292 2053 1563 2120 quomodo
1587 2053 1687 2107 hoc
1711 2053 1801 2107 illo
1834 2066 1923 2119 pa-

355 2139 505 2203 titur,
538 2153 664 2193 cum
695 2142 880 2196 omnis
910 2152 1106 2196 natura
1138 2144 1339 2213 seipsa,
1366 2159 1471 2199 non
1532 2145 1637 2199 alia
1684 2148 1921 2200 essentia

351 2231 621 2300 patiatur?
650 2233 820 2287 llomo
848 2249 951 2290 non
983 2236 1186 2305 patitur
1215 2252 1379 2307 equo,
1420 2252 1520 2293 nec
1557 2239 1735 2293 anima
1805 2254 1923 2292 mo-

352 2326 491 2379 ritur
514 2339 698 2385 carne.
727 2326 819 2381 sed
852 2342 980 2383 caro
1032 2329 1248 2397 quidem
1299 2329 1547 2396 solvitur,
1570 2331 1747 2384 anima
1799 2346 1924 2386 vero

351 2428 658 2486 separatur.
689 2417 859 2473 llomo
889 2428 1067 2474 autem
1100 2430 1348 2476 mortuus
1384 2436 1510 2478 esse
1538 2422 1754 2489 dicitur,
1782 2424 1922 2489 quod

350 2507 457 2562 duo
488 2509 778 2579 signiﬁcat,
810 2512 1046 2567 animam
1084 2512 1341 2568 nimirum
1368 2523 1425 2569 et
1446 2529 1688 2570 carnem.
1730 2515 1795 2569 Et
1836 2517 1924 2570 in-

354 2602 614 2671 telligitur
643 2613 889 2659 mortuus
910 2618 972 2659 ea
1001 2614 1174 2673 parte,
1205 2620 1325 2676 quae
1390 2615 1618 2661 mortem
1677 2610 1923 2679 suscipit,

350 2692 403 2746 id
431 2702 512 2747 est
562 2708 747 2759 carne,
782 2709 893 2750 non
926 2706 1103 2751 autem
1142 2697 1486 2766 anima,qu:e
1514 2706 1597 2752 est
1648 2698 1927 2754 immorta-

354 2780 568 2837 lis.Cur
599 2784 766 2853 igitur
802 2799 964 2841 nemo
1000 2785 1170 2840 dicit:
1198 2784 1365 2856 Hujus
1419 2798 1513 2842 aut
1543 2787 1685 2845 illius
1744 2791 1927 2847 anima

356 2886 569 2933 mortua
597 2888 679 2935 est
700 2894 889 2944 carne,
927 2881 1045 2945 sed,
1070 2880 1170 2936 Hic
1229 2891 1321 2937 aut
1376 2882 1467 2937 ille
1513 2874 1763 2938 mortuus
1822 2893 1925 2951 est,

352 2969 441 3037 qui
473 2984 538 3025 ex
563 2971 740 3026 anima
766 2985 819 3027 et
854 2987 1083 3043 corpore
1112 2975 1400 3030 constabat
1420 2975 1443 3028 τ
1462 2975 1728 3043 Quoniam
1759 2977 1924 3031 etiam

352 3072 475 3131 post
503 3070 729 3118 mortem
760 3064 994 3119 animam
1017 3065 1217 3120 indicat
1241 3067 1622 3123 immortalem.
1646 3065 1924 3137 Nusquam

354 3158 707 3211 vocemhanc
739 3156 973 3211 admittit
1005 3157 1308 3226 Scriptura,
1372 3168 1429 3214 at
1478 3159 1762 3215 Christum
1808 3175 1930 3216 esse

356 3263 573 3311 passum
626 3249 825 3318 ubique
869 3250 1126 3317 praedicat
1158 3250 1504 3319 apertissime
1536 3270 1550 3307 :
1586 3251 1795 3307 Pascha
1834 3268 1931 3306 no-

356 3348 526 3394 strum
560 3356 657 3406 pro
688 3341 837 3396 nobis
870 3342 1178 3398 immolatus
1213 3352 1289 3398 cst
1330 3343 1571 3399 Christus
1597 3347 1639 3399 ί.
1684 3342 1744 3399 Si
1794 3344 1935 3415 pati-

357 3429 476 3485 bilis
530 3430 774 3487 Christus
792 3434 834 3500 ³,
896 3432 1138 3490 Christus
1167 3452 1357 3497 passus
1413 3446 1491 3492 est
1547 3454 1643 3507 pro
1704 3439 1931 3508 peccatis

357 3523 555 3577 nostris
590 3525 883 3579 secundum
914 3525 1220 3595 Scripturas
1238 3530 1279 3584 ³.
1303 3528 1449 3584 Crux
1488 3530 1711 3595 Christi,
1734 3544 1931 3598 corpus

355 3611 596 3682 Christi,
630 3617 853 3688 sanguis
882 3618 1110 3675 Christi.
1144 3620 1426 3689 Quomodo
1451 3632 1655 3677 tantam
1714 3622 1929 3678 testium

358 3708 553 3763 nubem
604 3720 973 3780 praetereunt,
1029 3727 1127 3770 nec
1192 3715 1664 3781 animadvertunt,
1713 3728 1929 3770 sacrum

356 3797 506 3851 illum
532 3810 838 3856 sanctorum
864 3801 1081 3858 Patrum
1116 3812 1315 3860 cretum
1340 3805 1393 3858 in
1467 3805 1696 3860 concilio
1717 3803 1933 3860 Nicaano

356 3892 539 3945 statim
573 3904 694 3961 post
719 3894 810 3947 Dei
841 3905 895 3949 et
924 3894 1101 3951 Patris
1129 3897 1530 3953 confessionem
1584 3897 1886 3967 subiecisse
1912 3915 1927 3954 :

360 3981 427 4036 Et
466 3984 518 4036 in
549 4001 711 4038 unum
745 3985 1027 4041 Dominum
1090 3986 1274 4041 Iesum
1322 3988 1617 4054 Christum,
1650 3990 1933 4059 deinceps-

357 4092 463 4145 que
508 4079 890 4147 pronuntiasse
930 4096 1050 4149 quae
1108 4082 1173 4136 ad
1216 4082 1418 4137 nudam
1469 4083 1740 4153 pertinent
1791 4084 1933 4139 divi.

358 4168 605 4232 nitatem,
656 4184 888 4240 quaeque
943 4172 1009 4225 ad
1068 4171 1424 4230 humanitatis
1476 4183 1768 4245 assumptae
1823 4177 1932 4232 dis-

358 4264 756 4332 pensationem,
786 4273 1037 4334 tanquam
1101 4280 1295 4321 nomen
1333 4266 1436 4322 hoc
1494 4266 1670 4322 solum
1718 4272 1933 4339 proprie

2027 1972 2160 2033 sbv,
2215 1968 2416 2023 ἔπαθεν
2467 1972 2494 2023 ὁ
2544 1970 2677 2035 Θεὸς
2716 1969 2919 2040 ἐαυτῷο
2966 1970 3161 2023 ταυτὸν
3214 1971 3324 2040 γάρ
3375 1969 3451 2037 τῷ
3492 1969 3607 2038 Θεῷ

2028 2063 2208 2132 λέγεις
2256 2063 2355 2135 τὴν
2397 2063 2610 2131 σάρκα·
2648 2064 2697 2115 sl
2755 2062 2810 2115 δὲ
2845 2062 3033 2133 ἕτερον
3093 2065 3187 2116 καὶ
3223 2063 3449 2133 ἓτερον,
3498 2063 3607 2124 πῶς

2028 2155 2186 2209 τοῦτο
2215 2154 2405 2224 ἐκείνῳ
2420 2153 2634 2223 πάσχει,
2658 2152 2839 2222 πάσης
2862 2151 3073 2220 φύσεως
3097 2152 3262 2222 ἑαυτῇ
3294 2151 3608 2220 πασχούσης

2031 2247 2130 2317 οὐχ
2157 2246 2319 2318 ἑτέρᾳ
2351 2244 2543 2316 οὐσίας
2571 2244 2646 2297 Ού
2696 2244 2895 2315 πάσχει
2933 2242 3218 2310 ἄνθρωπος
3266 2241 3442 2311 ῐππῳ.
3497 2242 3608 2293 Ούκ

2031 2339 2364 2408 ἀποθνήσκει
2389 2336 2536 2408 ψυχὴ
2560 2335 2745 2407 σαρκὶ,
2766 2333 2900 2388 ἀλλὰ
2918 2333 3107 2388 λύεται
3133 2334 3232 2404 μὲν
3258 2333 3417 2403 σάρξ,
3448 2331 3603 2401 χωρί-

2032 2427 2184 2494 ζεται
2216 2428 2272 2479 δὲ
2303 2426 2471 2497 ψυχή.
2495 2425 2727 2495 Λέγεται
2765 2424 2844 2489 δὲ,
2876 2424 3151 2495 Τέθνηκεν
3182 2422 3471 2493 ἄνθρωπος
3491 2460 3507 2483 .
3550 2418 3610 2473 τὸ

2030 2520 2141 2574 τῶν
2174 2520 2267 2573 δύο
2296 2519 2594 2588 δηλωτικὸν
2628 2519 2804 2591 ψυχῆς
2843 2518 2940 2572 καὶ
2985 2517 3189 2586 σαρκὸς
3210 2555 3225 2576 ,
3274 2516 3369 2567 καὶ
3403 2517 3606 2567 νοεῖται

2033 2613 2175 2666 κατὰ
2226 2611 2287 2663 τὸ
2334 2609 2683 2682 ἐνδεχόμενον
2736 2608 3099 2680 τεθνηκέναι,
3158 2607 3406 2659 τουτέστι
3464 2604 3607 2657 κατὰ

2032 2705 2131 2777 τὴν
2165 2704 2342 2775 σάρκα
2363 2745 2377 2768 ,
2404 2704 2465 2757 ού
2492 2703 2633 2756 κατὰ
2660 2701 2758 2774 τὴν
2788 2701 3056 2755 ἀθάνατον
3074 2701 3275 2770 ψυχήν.
3304 2696 3607 2767 Τοιγαροῦν

2033 2796 2207 2859 οὐδεὶς
2261 2792 2416 2847 εἶπεν
2472 2794 2554 2846 ὅτι
2587 2793 2695 2846 Τοῦ
2735 2793 2905 2854 δεῖνος
2964 2793 2999 2862 ἡ
3056 2791 3203 2861 ψυχὴ
3254 2789 3489 2859 τέθνηκε
3542 2790 3605 2858 τῇ

2038 2888 2223 2959 σαρκὶ,
2263 2887 2405 2950 ἀλλ’,
2444 2885 2505 2941 ’0
2531 2885 2676 2938 δεῖνα
2698 2885 2982 2955 τέθνηκεν,
3005 2886 3033 2938 ὁ
3063 2886 3126 2937 ὲκ
3156 2882 3334 2954 ψυχῆς
3374 2883 3471 2935 καὶ
3509 2881 3609 2934 σῶ-

2038 2998 2208 3052 ματος
2244 2977 2556 3046 συνεστὼς;
2608 2980 2720 3046 Τὴν
2758 2978 2817 3031 δὲ
2863 2976 3042 3049 ψυχὴν
3066 2978 3163 3032 καὶ
3201 2976 3342 3047 μετὰ
3381 2976 3609 3029 θάνατον

2040 3072 2264 3144 μηνύων
2302 3066 2600 3135 ἀθάνατον,
2631 3069 2872 3138 οὐδαμοῦ
2916 3069 3016 3139 τῆς
3046 3067 3273 3140 Γραφῆς
3307 3069 3342 3139 η
3383 3067 3607 3136 τοιαύτη

2038 3170 2215 3237 φωνή.
2247 3165 2320 3218 Τὸ
2361 3164 2440 3231 δὲ,
2482 3162 2716 3232 Χριστὸς
2749 3161 2954 3224 ἔπαθε,
3001 3160 3281 3231 πανταχοῦ
3331 3159 3609 3229 προδήλως

2035 3260 2376 3329 κεκήρυκται
2410 3274 2424 3289 ο
2454 3256 2535 3320 τὸ,
2587 3255 2803 3324 Πάσχα
2840 3252 3009 3324 ἡμῶν
3043 3253 3199 3323 ὑπὲρ
3236 3251 3407 3322 ἡμῶν
3430 3252 3609 3319 ἐτύθη

2034 3351 2312 3421 Χριστός.
2351 3349 2421 3405 El
2450 3349 2718 3416 παθητὸς
2767 3351 2801 3403 ό
2851 3349 3129 3419 Χριστὸς,
3182 3344 3437 3415 Χριστὸς
3465 3343 3611 3397 ἀπέ-

2034 3451 2220 3501 θιινεν
2263 3441 2418 3511 ὑπὲρ
2457 3439 2577 3495 τῶν
2613 3438 2912 3510 ἁμαρτιῶν
2938 3439 3110 3508 ἡμῶν
3140 3436 3292 3492 κατὰ
3325 3440 3434 3503 τὰς
3462 3437 3610 3503 I‘pa-

2033 3537 2173 3606 φάς.
2225 3536 2285 3589 ’0
2366 3534 2603 3605 σταυρὸς
2674 3533 2770 3587 τοῦ
2831 3531 3119 3602 Χριστοῦ,
3197 3533 3259 3585 τὸ
3308 3527 3451 3597 αἷμα
3518 3529 3607 3583 τοῦ

2034 3626 2297 3701 Χριστοῦ.
2358 3628 2484 3691 Πῶς
2554 3627 2811 3679 τοσοῦτον
2884 3625 3049 3694 νέφος
3119 3624 3419 3695 μαρτύρων
3508 3640 3611 3675 πα-

2038 3718 2362 3789 ρατρέχουσι
2419 3716 2495 3786 μὴ
2556 3715 2955 3785 προσέχοντες,
3024 3714 3107 3767 ὅτι
3176 3714 3273 3767 καὶ
3318 3712 3427 3766 τῶν
3473 3713 3611 3766 κατὰ

2032 3812 2271 3866 Νίκαιαν
2315 3808 2487 3877 ἁγίων
2532 3807 2791 3877 Πατέρων
2841 3809 2869 3861 ὁ
2910 3807 3056 3876 ἱερὸς
3106 3806 3203 3860 καὶ
3239 3806 3416 3874 μέγας
3455 3808 3611 3876 χορὸς

2037 3903 2173 3973 μετὰ
2218 3902 2317 3970 τὴν
2369 3897 2463 3953 τοῦ
2516 3897 2653 3951 Θεοῦ
2686 3899 2779 3951 καὶ
2840 3898 3051 3967 Πατρὸς
3091 3896 3387 3966 ὁμολογίαν
3448 3898 3611 3960 εὐθὺς

2034 3993 2189 4059 ἔταξε
2219 3992 2279 4045 τὸ
2311 3990 2480 4057 ὄνομα
2509 3989 2603 4043 τοῦ
2634 3990 2908 4042 Δεσπότου
2942 3986 3215 4059 Χριστοῦ,
3246 3987 3343 4040 καὶ
3370 3990 3461 4053 εἰς
3506 3988 3609 4041 ἕνα

2034 4088 2256 4155 Κύριον
2275 4085 2507 4153 Ἰησοῦν
2525 4082 2804 4151 Χριστὸν,
2835 4077 3129 4143 εῐθόὖτως
3158 4082 3441 4151 ἐπήγαγον
3468 4084 3538 4135 τά
3552 4098 3609 4135 τε

2035 4178 2214 4251 ύῂλὰ
2267 4178 2364 4247 τῆς
2411 4177 2698 4244 θενετητος,
2750 4172 2821 4225 τά
2853 4189 2912 4224 τε
2941 4172 3264 4241 οἰκονομικὰ
3312 4172 3411 4241 τῆς
3444 4170 3606 4224 αὐτοῦ

2034 4270 2497 4343 ἅνθρωπότητος,
2544 4267 2619 4329 ὼς
2663 4264 2854 4318 τούτου
2906 4263 3072 4331 μόνον
3115 4261 3209 4316 τοῦ
3242 4262 3508 4332 ὀνόματος
3540 4264 3611 4315 ol-

358 4355 747 4410 convenienter
783 4356 996 4411 diversa
1033 4357 1442 4424 complectatur,
1466 4370 1523 4414 ut
1569 4361 1764 4416 beatus
1818 4364 1928 4432 ipse

2034 4362 2197 4425 κείως
2237 4362 2333 4414 καὶ
2382 4359 2710 4429 προσφόρως
2750 4355 2819 4408 τὰ
2860 4354 3092 4423 διάφορα
3138 4354 3435 4423 δεχομένου
3472 4353 3613 4407 κατά

357 4443 556 4501 Paulus
618 4456 891 4503 testatur:
949 4448 1142 4523 Nemo,
1204 4449 1478 4519 inquiens,
1526 4452 1928 4520 fundamentum

2036 4454 2134 4525 τὴν
2172 4453 2266 4506 τοῦ
2318 4450 2590 4521 μακαρίου
2628 4448 2843 4500 Παύλου
2882 4447 3087 4515 φωνήν.
3110 4447 3402 4516 Θεμέλιον
3421 4446 3613 4501 ἄλλον

357 4539 508 4592 aliud
533 4550 699 4607 potest
754 4556 963 4610 ponere,
1019 4549 1215 4605 prwtcr
1260 4542 1337 4607 id,
1375 4550 1515 4613 quod
1566 4545 1791 4613 positum
1832 4554 1928 4610 est,

2040 4545 2243 4610 οὐδεὶς
2263 4543 2510 4597 δύναται
2532 4541 2715 4596 θεῖναι
2735 4538 2896 4608 ,παρὰ
2913 4538 3019 4592 τὸν
3036 4539 3331 4607 κείμενον,
3354 4538 3421 4603 ὅς
3444 4538 3613 4591 ἐστιν

357 4631 497 4694 quod
516 4642 591 4686 est
616 4630 859 4688 Christus
882 4634 1039 4688 Jcsus
1067 4632 1197 4689 ‘.Ne
1219 4634 1590 4703 relinquamus
1613 4633 1928 4691 fundamen-

2042 4638 2282 4707 Ἰησοῦς
2311 4635 2590 4704 Χριστός.
2622 4635 2712 4703 Μὴ
2745 4631 3166 4700 καταλείψωμεν
3203 4628 3295 4682 τὸν
3322 4630 3579 4700 θεμέλιον
3598 4671 3613 4695 ,

360 4728 652 4796 tum,quod
684 4728 865 4782 omnia
896 4741 1023 4781 vere
1044 4727 1272 4795 suscipit
1306 4735 1533 4797 utraque
1561 4738 1772 4792 natura,
1821 4737 1928 4781 tum

2033 4732 2092 4796 ὃς
2127 4732 2347 4786 πάντων
2391 4730 2509 4782 ἐστὶ
2553 4727 2800 4789 δεκτικὸς
2861 4724 2985 4778 καθ’
3030 4722 3225 4793 ἑτέραν
3280 4725 3377 4776 καὶ
3422 4725 3613 4794 ἑτέραν

358 4818 612 4886 gloriam,
638 4828 749 4871 tum
784 4820 1086 4873 cruciatum
1141 4831 1198 4873 et
1241 4829 1494 4874 mortem.
1527 4820 1583 4873 Si
1626 4818 1794 4875 Deum
1842 4833 1928 4874 so-

2033 4819 2229 4890 φύσιν,
2272 4819 2374 4887 τήν
2406 4834 2465 4870 τε
2496 4814 2747 4882 δόξαντά
2785 4830 2844 4867 τε
2877 4813 3050 4876 πάθος
3086 4810 3359 4882 ἀληθινῶς
3394 4817 3616 4885 προσιέ-

358 4912 471 4966 lum
506 4910 732 4976 dixeris,
761 4910 855 4964 ubi
891 4911 1235 4966 cruciatuum
1289 4913 1588 4967 constitues
1632 4910 1928 4966 necessita«

2035 4928 2219 4982 μενος.
2280 4907 2409 4962 Ἐὰν
2460 4908 2622 4977 εἴπῃς
2671 4906 2806 4959 Θεὸν
2860 4907 3058 4974 μόνον,
3108 4904 3212 4958 ποῦ
3258 4906 3369 4959 τῶν
3428 4908 3616 4960 παθῶν

361 5003 507 5059 tem?
528 5001 585 5058 Si
614 5003 888 5058 hominem
918 5003 1093 5057 solum
1129 5003 1353 5067 dixeris,
1379 5004 1468 5058 ubi
1515 5006 1928 5073 incomprehen-

2041 5003 2489 5072 ὲποικοδομήσεις
2532 5001 2632 5072 τὴν
2662 5003 2893 5071 χρείαν;
2957 4999 3083 5053 Ἐὰν
3123 4998 3286 5071 εἴπῃς
3326 4997 3615 5068 ἄνθρωπον

357 5111 445 5152 sas
472 5095 659 5164 gloria:
687 5094 903 5150 divitias
926 5095 1259 5150 collocabis?
1290 5097 1358 5150 At
1408 5097 1682 5151 Christum
1753 5096 1928 5149 dicere

2045 5095 2239 5166 μόνον,
2268 5091 2372 5147 ποῦ
2425 5092 2525 5162 τῆς
2572 5091 2956 5161 άκαταλήπτου
2999 5090 3156 5160 δόξης
3196 5091 3482 5160 ἐπιθήσεις
3526 5093 3613 5145 τὸν

307 5174 312 5183 ’
360 5193 635 5256 convenit,
673 5193 763 5262 qui
802 5191 1083 5246 divinitate
1123 5192 1339 5259 quidem
1372 5192 1541 5262 gloria
1595 5188 1928 5261 perfruatur,

2042 5186 2307 5253 πλοῦτον;
2355 5184 2517 5237 Ἀλλὰ
2550 5186 2781 5255 Χριστὸν
2826 5184 3006 5253 λέγειν
3035 5183 3219 5247 καλὸν,
3257 5186 3324 5253 τῇ
3357 5184 3462 5250 μὲν
3502 5182 3614 5235 θεό-

365 5286 706 5340 humanitate
741 5300 872 5340 vero
922 5286 1207 5354 conjuncta
1261 5285 1535 5340 cruciatus
1589 5293 1931 5355 mortemque

362 5377 646 5438 sustineat.
679 5386 732 5430 et
759 5375 1106 5445 inseparabili
1137 5376 1524 5444 conjunctione
1582 5391 1741 5430 omne
1776 5376 1941 5429 mira-

363 5470 541 5524 culum
580 5469 842 5539 perﬁciat,
874 5482 1036 5523 omne
1083 5469 1284 5522 donum
1345 5469 1592 5523 ﬁdelibus
1649 5469 1937 5537 largiatur.

370 5558 481 5616 Hoc
539 5562 698 5615 modo
744 5569 803 5615 et
854 5559 1109 5615 divinitas
1141 5560 1450 5614 ostenditur
1505 5560 1839 5627 impatibilis,
1886 5569 1941 5614 et

366 5653 484 5708 veri
541 5654 817 5710 cruciatus
862 5665 1025 5725 atque
1062 5670 1230 5721 mors,
1258 5666 1312 5710 et
1346 5669 1634 5710 commune
1662 5654 1937 5709 hominum

369 5744 579 5798 lucrum
607 5752 662 5799 et
690 5748 975 5816 perspicua
1036 5747 1289 5802 veritatis
1327 5747 1488 5801 ratio.

2039 5299 2163 5351 τητι
2207 5281 2305 5348 τὴν
2351 5278 2509 5347 δόξαν
2558 5277 2998 5349 καρπούμενον,’
3025 5279 3092 5348 τῇ
3128 5277 3381 5347 ἡνωμένη
3423 5277 3479 5329 δὲ
3519 5276 3610 5328 ἀν-

2040 5374 2352 5446 Ορωπότητι
2406 5374 2467 5426 τὸ
2526 5372 2694 5435 πάθος
2742 5371 3075 5440 δεχόμενον,
3122 5373 3189 5437 τῇ
3224 5369 3279 5422 δὲ
3324 5370 3607 5439 ἀχωρίστῳ

2037 5470 2230 5521 ἐνώσει
2266 5470 2374 5521 πᾶν
2406 5467 2589 5536 θαῦμα
2620 5464 3095 5535 κατεργαζόμενον
3116 5504 3129 5527 ,
3163 5463 3271 5515 πᾶν
3297 5462 3470 5531 δῶρον
3502 5464 3609 5523 τοῖς

2038 5561 2249 5623 πιστοῖς
2297 5558 2679 5631 χαριζόμενον.
2728 5558 2884 5612 Οὕτω
2931 5556 3212 5609 δείκνυται
3250 5556 3343 5607 καὶ
3382 5555 3441 5606 τὸ
3472 5552 3607 5605 θεῖον

2038 5653 2277 5717 ἀπαθὲς,
2320 5651 2415 5705 καὶ
2439 5651 2499 5703 τὸ
2524 5649 2692 5713 πάθος
2723 5649 2999 5720 ἀληθινὸν,
3043 5648 3140 5700 καὶ
3176 5646 3286 5700 τῶν
3314 5646 3606 5717 ἀνθρώπων

2044 5746 2104 5798 τὸ
2135 5746 2322 5812 κέρδος
2358 5744 2570 5811 κοινὸν,
2617 5745 2715 5799 καὶ
2741 5747 2771 5800 ὁ
2800 5741 2957 5813 λόγος
2982 5741 3084 5813 τῆς
3118 5741 3375 5814 άληθεέας
3411 5738 3601 5809 σαφής.

443 5857 459 5890 ⁸
487 5856 509 5912 l
536 5858 661 5914 Cor.
687 5874 740 5925 v,
779 5861 829 5913 7.
907 5859 927 5889 ⁸
950 5860 1070 5914 Act.
1110 5877 1260 5929 xxvi,
1299 5859 1390 5914 25.
1470 5858 1489 5890 ⁸
1522 5857 1540 5911 l
1569 5854 1696 5914 Cor.
1732 5876 1820 5928 xv,
1848 5860 1902 5915 ’5.
1980 5860 2000 5891 ⁸
2032 5859 2050 5914 l
2079 5860 2203 5917 Cor.
2248 5859 2445 5925 1H,“.
