3846 6552
313 353 454 420 11οἸ
1560 359 1909 420 EUTHYMI

2000 361 2347 425 llGABENl
3426 375 3548 442 1108

310 476 590 547 Scriptura
644 476 901 549 indignae.
965 476 1099 531 Tota
1158 477 1300 531 enim
1366 478 1644 547 Scriptura
1707 478 1917 536 divina.

2000 479 2095 550 μὲν
2124 480 2232 551 γὰρ
2266 481 2387 536 θεία
2418 480 2612 555 Γραφὴ
2648 482 2962 556 συμφώνως
2994 486 3145 540 πᾶσα
3179 485 3429 555 διδάσκει,
3456 497 3550 548 σώ-

311 578 626 625 constanter
685 571 846 625 docet
894 570 1129 624 animam
1196 570 1493 639 quamlibet
1540 569 1700 625 unius
1766 584 1887 624 esse

2000 589 2163 641 ματος
2194 572 2309 636 ἑνὸς
2342 574 2581 646 ἑκάστην
2612 572 2752 631 εἶναι
2782 577 2985 649 ψυχήν.
3004 578 3126 632 Τῶν
3153 578 3480 649 Ἑλλήνωνᾶ
3505 587 3552 640 οἱ

310 661 583 728 corporis.
607 661 647 714 E
678 661 974 731 gentilibus
1005 672 1184 716 autem
1217 661 1707 733 nonnullianimas
1724 661 1887 718 ratio-

2000 668 2091 736 μὲν
2120 668 2220 732 τὰς
2249 668 2478 737 λογικὰς
2505 668 2687 741 ψυχὰς
2737 672 2817 734 είς
2847 672 3077 739 ἀλογίαν
3112 675 3454 743 κατήγαγον,
3484 680 3553 743 ὡς

309 752 460 807 nales
477 753 541 806 ad
555 753 1008 809 irrationabilium
1029 764 1227 810 statum
1246 755 1592 821 reduxerunt,
1609 765 1664 811 ut
1687 755 1889 826 Pytha-

2000 762 2039 813 σί
2074 761 2203 831 περὶ
2232 761 2324 814 τὸν
2359 762 2723 832 Πυθαγόραν,
2757 761 2940 827 ἄλλοις
2973 781 3033 817 τε
3066 764 3175 818 τῶν
3206 766 3441 836 αλόγων,
3471 775 3553 826 καὶ

316 858 477 914 goras
510 844 734 915 ejusque
758 847 1000 912 asseclae,
1033 856 1083 901 et
1120 847 1172 901 itt
1207 846 1441 902 diversis
1487 846 1887 901 irrationabili-

2000 854 2197 923 χοίροις
2231 852 2325 908 καὶ
2354 856 2480 908 κυσὶ
2515 856 2609 908 καὶ
2648 856 2835 926 μυσὶν,
2870 857 3343 923 ἑγκατοικίζοντες
3368 877 3381 892 ·
3435 864 3481 916 οἱ
3504 865 3554 918 δὲ

315 940 431 1002 bus,
471 938 615 997 velut
636 940 827 1007 porcis
856 949 909 994 et
939 940 1168 995 canibus
1193 949 1251 994 et
1282 941 1535 995 muribus
1581 939 1889 995 collocave-

2000 946 2088 1009 τὰς
2138 944 2246 999 τῶν
2294 945 2509 1012 ἀλόγων
2557 947 2739 1017 ψυχὰς
2784 948 3011 1017 λογικὰς
3058 950 3446 1019 ἀντέπλαττον,
3492 955 3587 1020 ὡς’

315 1041 465 1094 runt;
503 1031 595 1085 alii
652 1042 861 1099 autem,
899 1045 957 1088 ut
1013 1032 1372 1103 Porphyrius,
1424 1031 1886 1087 irrationabilium

2000 1041 2018 1093 5
2055 1038 2369 1110 Πορφύριος
2388 1080 2403 1105 ,
2434 1039 2528 1093 τὸν
2553 1040 2711 1094 ἀετὸν
2739 1045 2834 1096 καὶ
2861 1042 2953 1097 τὸν
2988 1042 3204 1114 κόρακα
3234 1043 3332 1099 καὶ
3358 1046 3450 1116 τὴν
3475 1064 3557 1101 κο-

312 1120 522 1176 aniutas
569 1122 783 1178 ratione
840 1125 1101 1193 prcditas
1153 1125 1569 1190 contenderunt,
1641 1122 1888 1178 dicentes

2000 1133 2169 1205 ρὼνην
2202 1133 2298 1187 καὶ
2333 1132 2505 1189 πολλὰ
2530 1134 2759 1189 τοιαῦτα
2791 1134 2955 1205 λόγου
2991 1136 3087 1191 καὶ
3125 1135 3388 1208 μαντείας
3416 1138 3557 1209 μετέ-ι

311 1210 548 1280 aquilam
580 1222 633 1269 et
662 1230 889 1270 corvum
915 1225 969 1269 et
993 1217 1268 1271 cornicem
1296 1226 1351 1271 et
1375 1217 1543 1270 tuulta
1575 1214 1692 1285 ejus
1724 1228 1888 1286 gene-

2000 1240 2106 1293 χειν
2133 1223 2413 1293 λέγοντες.

312 1305 389 1359 ris
422 1305 651 1363 rationis
691 1322 754 1362 ac
795 1308 1036 1362 vaticinii
1066 1308 1364 1378 participes
1393 1323 1535 1363 esse.

386 1396 445 1453 Si
468 1398 569 1451 title
593 1398 789 1469 dignus
815 1409 898 1454 est
918 1400 1167 1457 Christus
1192 1400 1282 1469 qui
1307 1409 1361 1455 et
1392 1400 1509 1471 ipsa
1533 1409 1616 1456 est
1635 1402 1841 1459 veritas
1867 1421 1882 1457 :

2061 1404 2123 1458 Ei
2164 1404 2373 1475 ἀληθὴς
2402 1405 2431 1457 ὁ
2464 1406 2720 1477 Χριστὸς,
2762 1406 2796 1479 ἡ
2832 1407 3220 1479 αὐτοαλήθεια’
3267 1408 3419 1478 Ἐγὼ
3442 1410 3555 1482 γὰρ,

314 1485 429 1558 Ege
455 1489 620 1555 enim,
666 1491 859 1560 inquit,
915 1509 1031 1545 sum
1063 1492 1326 1547 veritas’:
1359 1506 1535 1561 pmnae
1588 1494 1745 1547 linem
1781 1509 1886 1548 non

2000 1494 2177 1567 φησὶν,
2199 1496 2317 1567 εἶμι
2334 1496 2370 1565 ἡ
2390 1498 2666 1565 ἀλήθεια·
2693 1499 2792 1551 οὐκ
2811 1500 2997 1568 έχουσι
3030 1501 3186 1565 τέλος
3216 1501 3272 1555 ai
3299 1502 3555 1567 κολάσεις.

316 1582 606 1641 habebunt.
645 1581 746 1638 Ubi
773 1583 918 1637 enim
951 1583 1016 1637 de
1069 1583 1251 1638 futuro
1284 1583 1492 1653 judicio
1527 1584 1805 1648 disseruit,
1835 1596 1889 1642 et

2000 1588 2183 1642 Εἰπὼν
2228 1590 2338 1659 γὰρ
2368 1590 2435 1643 τὰ
2482 1591 2612 1660 περὶ
2654 1590 2753 1659 τῆς
2788 1591 3090 1663 μελλούσης
3136 1594 3398 1665 κρίσεως,
3426 1594 3475 1647 τί
3509 1613 3559 1648 τε

314 1675 444 1744 quid
476 1675 557 1730 eis
593 1676 685 1745 qui
718 1691 751 1729 a
780 1676 1002 1731 dextera
1035 1676 1153 1746 ejus
1203 1686 1257 1733 et
1281 1678 1370 1747 qui
1404 1692 1435 1731 a
1470 1678 1691 1734 sinistra
1740 1690 1887 1746 sunt,

2000 1680 2109 1750 ἐρεί
2138 1682 2253 1741 τοῖς
2283 1682 2347 1734 εκ
2378 1679 2574 1746 δεξιῶν
2600 1682 2791 1743 αὐτοῦ,
2823 1684 2918 1737 καὶ
2949 1684 3003 1736 τί
3027 1686 3143 1748 τοῖς
3168 1685 3229 1749 ἐξ
3254 1684 3557 1756 εὐωνύμων,

313 1767 560 1822 dicturus
586 1768 679 1831 sit,
709 1770 973 1840 subjecit:
1010 1768 1082 1823 Et
1132 1770 1351 1827 abibunt
1402 1774 1457 1825 Ιιί
1489 1772 1542 1824 in
1568 1772 1887 1842 supplicium

2000 1773 2277 1843 ἐπήγαγεο
2308 1774 2421 1829 Καὶ
2471 1773 2918 1829 ἀπελεύσονται
2969 1772 3136 1831 οὗτοι
3184 1779 3274 1843 είς
3319 1780 3561 1833 κόλασιν

309 1870 582 1925 uernum,
600 1861 739 1929 justi
767 1879 885 1915 vero
915 1862 969 1916 in
1010 1863 1173 1917 vitam
1212 1874 1461 1919 mensam
1490 1864 1534 1918 ’.
1564 1864 1645 1919 Ac
1672 1879 1886 1919 rursum

2000 1864 2271 1919 αἰώνιον·
2301 1867 2356 1919 ot
2383 1864 2451 1919 δὲ
2481 1866 2694 1919 δίκαιοι
2720 1869 2808 1933 είς
2829 1866 2985 1935 ζωὴν
3014 1869 3282 1925 αἰώνιον.
3322 1869 3433 1923 Καὶ
3467 1871 3559 1922 πά-

308 1947 486 2007 dixit:
528 1951 732 2007 Vermis
757 1969 938 2008 eorum
968 1971 1071 2008 non
1107 1954 1384 2020 morietur,
1445 1966 1496 2008 et
1532 1956 1669 2025 ignis
1705 1972 1887 2009 eorum

2000 1956 2075 2009 λιν
2100 1957 2345 2025 εῐρηκεν,
2389 1957 2472 2009 ὅτι
2510 1957 2573 2010 '0
2590 1957 2839 2025 σκώληξ
2864 1957 3068 2014 αὐτῶν
3100 1962 3175 2015 οὐ
3201 1961 3558 2029 τελευτήσει,

314 2058 422 2099 που
457 2045 828 2115 εειιίηςιισιιιν
859 2048 899 2100 ³.

379 2134 438 2190 Si
464 2134 677 2190 inﬁnita
711 2148 835 2194 sunt
868 2138 968 2195 arvi
999 2139 1145 2195 illius
1182 2140 1474 2211 supplicia,
1531 2142 1888 2209 quemadmo-

307 2228 435 2283 dum
470 2229 902 2285 demonstratum
930 2242 1034 2297 est,
1063 2247 1239 2302 neque
1278 2233 1583 2289 daemonum
1614 2233 1720 2288 erit
1773 2246 1887 2289 res-

308 2320 507 2386 titutio,
542 2336 717 2391 neque
754 2335 1097 2391 peccatorum
1122 2327 1419 2381 revocatio.

378 2412 728 2471 Resnrrectio
774 2416 882 2473 erit
945 2432 1230 2488 corporum
1287 2419 1341 2475 in
1401 2428 1545 2476 terra
1590 2419 1886 2489 iacentium

309 2508 665 2573 resurrectio,
728 2525 1071 2581 nequaquam
1129 2512 1439 2566 animarum
1500 2526 1622 2581 qua
1677 2512 1891 2566 consis-

311 2605 449 2663 tunt,
485 2597 540 2652 id
571 2607 676 2664 est,
702 2600 980 2669 pr0priam
1014 2609 1265 2655 naturam
1317 2601 1518 2655 habent
1542 2609 1885 2654 constantem

308 2698 365 2742 et
422 2687 857 2745 indissolubiletn
910 2692 1207 2746 secundum
1263 2691 1502 2762 ipsarum
1562 2691 1883 2747 essentiam.

307 2777 576 2832 Caeterum
608 2793 829 2834 summat
856 2777 997 2834 foret
1017 2779 1318 2849 iujustitiaz,
1355 2792 1582 2847 corpora
1607 2793 1728 2851 quae
1759 2792 1885 2833 cum

310 2870 508 2925 animis
535 2872 589 2926 in
624 2872 840 2927 virtutis
869 2872 1144 2933 laboribus
1188 2880 1527 2937 concertant,
1582 2869 1888 2925 communi-

313 2962 413 3018 bus
444 2964 663 3035 privare
699 2966 961 3036 praemiis,
1010 2981 1077 3021 ea
1105 2954 1297 3021 contra
1353 2982 1472 3035 qua:
1501 2964 1661 3021 simul
1691 2978 1886 3032 pecca-

310 3057 633 3123 ruut,ltaud
663 3059 878 3129 punire,
909 3058 1052 3115 solas
1095 3073 1222 3114 vero
1275 3059 1516 3122 animas,
1571 3057 1694 3113 sine
1747 3070 1884 3111 con-

1989 2051 2087 2103 και
2125 2048 2191 2101 τὸ
2217 2048 2338 2115 πῦρ
2365 2046 2565 2103 αὐτῶν
2589 2052 2661 2103 οὐ
2692 2049 3127 2117 σϐεσθήσεται.

2062 2141 2123 2193 Ei
2162 2140 2514 2211 ἀτελεύτητοί
2544 2143 2684 2196 είσιν
2717 2144 2772 2196 αί
2803 2142 2895 2196 τοῦ
2931 2144 3128 2207 αίῶνος
3162 2144 3380 2197 ἐκείνου
3413 2146 3561 2203 κολα-

1990 2245 2128 2296 σεις,
2154 2229 2229 2295 ὡς
2255 2230 2657 2299 ἀποδέδεικται,
2681 2232 2806 2286 οὔτε
2829 2234 3236 2305 τῶνιδαιμόνων
3262 2236 3419 2289 ἔσται
3444 2238 3562 2290 ἀπο--

1989 2325 2348 2390 κατάστασις,
2378 2324 2504 2378 οὔτε
2532 2326 2643 2379 τῶν
2670 2325 3017 2397 ἁμαρτωλῶν
3038 2327 3368 2398 ἀνάκλησις.

2077 2415 2143 2469 Ἢ
2181 2416 2503 2479 ἀνάστασις.
2552 2418 2660 2472 τῶν
2703 2418 2977 2488 κειμένων
3024 2420 3104 2481 εἰς
3150 2420 3255 2490 γῆν
3309 2421 3561 2489 σωμάτων

1988 2508 2142 2563 ἔσται
2172 2510 2472 2573 ἀνάστασις
2492 2550 2507 2575 ,
2537 2510 2597 2563 οὐ
2635 2510 2746 2563 τῶν
2777 2511 2969 2582 ψυχῶν
2989 2553 3003 2577 ,
3045 2512 3253 2576 αἵτινες
3296 2514 3562 2576 ἵστανται,

1988 2601 2272 2666 τουτέστι,
2300 2601 2399 2671 τὴν
2427 2603 2637 2656 οἰκείαν
2677 2603 2840 2671 φύσιν
2866 2602 3052 2673 ἔχουσι
3092 2604 3444 2657 συνεστῶσαν
3481 2606 3565 2656 καὶ

1988 2694 2273 2747 ἀδιάλυτον
2305 2694 2382 2763 τῷ
2417 2694 2563 2766 λόγῳ
2589 2696 2690 2766 τῆς
2727 2696 2919 2758 οὐσίας
2966 2696 3167 2750 αὐτῶν.
3218 2698 3487 2767 Ἐσχάτης
3516 2698 3564 2749 δὲ

1990 2786 2087 2838 καὶ
2107 2786 2282 2850 ἄλλως
2299 2786 2535 2851 ἀδικίας,
2556 2787 2624 2840 τὰ
2655 2787 2752 2857 μὲν
2777 2787 3012 2863 συναθλή
3022 2806 3191 2842 σαντα
3207 2791 3437 2853 σώματα
3456 2791 3563 2851 ταῖς

1988 2874 2190 2944 ψυχαῖς
2210 2875 2269 2929 ὲν
2290 2877 2399 2939 τοῖς
2424 2875 2544 2928 κατ’
2570 2876 2773 2947 ἀρετὴν
2799 2876 3012 2942 πόνοις,
3046 2877 3156 2933 τῶν
3186 2879 3385 2932 κοινῶν
3411 2878 3565 2931 ιπάθο

1988 2965 2096 3018 λων
2127 2968 2454 3037 ἀποστερεῖν
2473 2983 2488 2998 ’
2515 2968 2583 3021 τὰ
2610 2966 2658 3021 δ’
2684 2965 2753 3022 αὖ
2787 2969 2952 3024 πάλιν
2970 2969 3453 3041 συνεξαμαρτόντα
3478 2970 3563 3041 μέ-

1991 3075 2105 3111 νειν
2142 3048 2537 3129 ἁνίπιτίμητα,
2588 3060 2757 3129 μόνας
2786 3061 2843 3114 δὲ
2887 3062 2988 3127 τὰς
3015 3062 3220 3134 ψυχὰς,
3262 3063 3439 3134 χωρὶς
3465 3063 3563 3115 τῶν

310 3152 656 3208 currentibus
712 3152 1051 3220 corporibus,
1109 3161 1205 3205 aut
1231 3152 1427 3221 duplici
1455 3164 1612 3221 pmna
1650 3149 1883 3213 allicere,

2000 3152 2549 3224 συνδιαπραξαμένων
2569 3155 2859 3224 σωμάτων,
2885 3154 2918 3231 ἢ
2943 3155 3137 3226 διπλῆν
3149 3154 3561 3228 εἰσπράττεσθαι

316 3261 412 3307 aut
448 3248 654 3319 duplici
678 3245 902 3318 praemio
928 3244 1161 3317 dignari.
1198 3244 1352 3313 Quod
1387 3254 1567 3302 autem
1596 3257 1884 3315 corporum

311 3344 418 3399 erit
446 3342 932 3411 resurrectio,ipsa
964 3342 1256 3412 Evangelia
1285 3351 1474 3411 aperte
1505 3339 1881 3410 pronuntiant,

312 3438 459 3494 sicut
488 3447 544 3493 et
576 3451 805 3511 magnus
828 3436 1026 3492 Paulus
1054 3436 1215 3491 latius
1238 3436 1295 3490 in
1325 3434 1582 3505 Epistolis
1608 3434 1742 3489 suis.

386 3618 600 3684 Daniel,
634 3618 923 3677 manifesto
980 3618 1048 3675 de
1078 3616 1281 3674 Christi
1330 3630 1501 3688 regno
1557 3618 1883 3687 vaticinans,

309 3713 484 3768 dixit:
520 3712 759 3768 Potestas
791 3712 929 3782 ejus,
958 3719 1187 3780 potestas
1207 3719 1405 3766 aitet-na
1432 3726 1549 3781 quia
1579 3726 1681 3765 non
1706 3720 1885 3767 trans-

312 3805 429 3873 ibit,
477 3814 527 3860 et
583 3820 800 3875 regnum
861 3804 978 3874 ejus
1031 3820 1135 3858 non
1183 3800 1605 3871 cortumpetur‘.
1667 3799 1887 3857 Gabriel

311 3908 516 3961 autem,
547 3906 833 3965 postquam
862 3905 1062 3951 sanctae
1099 3894 1307 3964 Virgini
1360 3894 1542 3949 laetum
1574 3892 1641 3947 de
1672 3892 1878 3947 Christi

314 3992 668 4063 generatione
735 3987 977 4053 nuntium
1050 3988 1254 4056 attulit,
1317 3984 1694 4041 subdiditzEt
1736 3984 1885 4054 regni

306 4086 420 4155 ejus
454 4099 556 4137 non
588 4082 689 4136 erit
716 4082 839 4150 ﬁnis
870 4082 912 4134 ⁸.
943 4080 1009 4135 Ει
1034 4090 1236 4135 nostrae
1289 4078 1732 4134 incontaminatu:
1764 4077 1885 4131 ﬁdei

307 4188 556 4232 sanctum
588 4173 913 4247 symbolum,
967 4188 996 4227 a
1034 4183 1240 4243 septem
1282 4173 1637 4228 mcumenicis
1663 4172 1887 4242 synodis

309 4276 582 4339 receptum
615 4275 668 4320 et
695 4273 1097 4330 conservatum,
1133 4264 1266 4317 dicit
1293 4281 1309 4321 :
1346 4280 1364 4315 ι
1395 4262 1559 4333 Cujus
1593 4262 1743 4329 regni
1773 4276 1876 4315 non

307 4362 413 4418 etit
447 4359 593 4421 nnis.
624 4376 645 4411 ι
681 4358 889 4413 scilicet
945 4356 1097 4427 regni
1150 4355 1378 4421 Christi,
1446 4358 1511 4410 de
1557 4370 1667 4425 quo
1703 4368 1885 4410 sermo

306 4464 410 4511 est.
444 4454 618 4521 Quam
667 4453 843 4509 multo
897 4451 1065 4523 igitur
1120 4449 1210 4506 isti
1272 4449 1375 4504 ﬁde
1427 4449 1703 4518 digniores
1758 4457 1883 4502 sunt

1991 3245 2295 3316 τιμωρίαν,
2351 3245 2384 3316 ἥ
2446 3243 2643 3314 διπλῆς
2695 3244 2884 3311 ἀξιοῦν
2939 3245 3393 3317 μισθαποδοσίας.
3451 3244 3563 3297 Ὀτι

1986 3338 2045 3392 δι
2065 3338 2176 3391 τῶν
2197 3337 2467 3407 σωμάτων
2490 3336 2644 3391 ἔσται
2664 3338 2986 3404 ἀνάστασις,
3009 3337 3152 3391 αὐτὰ
3176 3336 3243 3390 τὰ
3264 3335 3565 3405 Εὐαγγέλια

1986 3430 2199 3507 τρανῶς
2228 3429 2663 3499 ἀπαγγέλλουσι,
2697 3430 2791 3482 καὶ
2822 3430 2849 3481 ό
2876 3430 3048 3499 μέγας
3075 3429 3289 3494 Παῦλος
3311 3429 3567 3484 πλατύτε-

1991 3538 2084 3592 ρον
2112 3523 2170 3575 sv
2194 3523 2312 3586 ταῖς
2336 3522 2495 3586 ἰδίαις
2537 3521 2903 3587 Ἐπιστολαῖς.

2059 3614 2355 3687 Προδήλως
2381 3614 2511 3687 περὶ
2536 3615 2635 3678 τῆς
2664 3613 2762 3666 τοῦ
2789 3609 3030 3683 Χριστοῦ
3054 3611 3335 3683 βασιλείας
3363 3627 3568 3683 προφη-

1986 3707 2161 3762 τεύων
2185 3711 2212 3761 ό
2226 3706 2449 3777 Δανιὴλ,
2469 3705 2712 3777 εἴρηκενο
2732 3706 2895 3760 ὄτιἮ
2909 3705 3165 3771 ἐξουσία
3176 3703 3387 3766 αὑτοῦ,
3405 3706 3569 3769 ἐξου·

1987 3799 2095 3853 σία
2114 3796 2371 3862 αἰώνιος,
2398 3796 2531 3863 ἣτις
2550 3797 2621 3849 οὐ
2640 3798 3100 3864 παρελεύσεται,
3111 3794 3209 3849 καὶ
3238 3796 3273 3864 ἡ
3288 3795 3568 3861 βασιλεία

1987 3888 2197 3953 αὐτοῦ,
2224 3891 2294 3943 οὐ
2310 3888 2801 3957 διαφθαρήσεται.
2827 3889 2979 3944 Καὶό
2997 3889 3239 3961 Γαϐριὴλ
3264 3889 3323 3943 δὲ
3350 3892 3416 3961 τῇ
3444 3891 3567 3958 tiqu

1991 3980 2252 4053 Παρθένῳ
2269 3981 2369 4051 τὴν
2388 3980 2482 4034 τοῦ
2506 3980 2747 4052 Χριστοῦ
2776 3980 3031 4053 γέννησιν
3054 3981 3565 4052 εὐαγγελιζόμενος,

1992 4075 2355 4146 προσέθηκεν,
2404 4076 2487 4129 ὅτι
2531 4075 2639 4130 Καὶ
2686 4075 2798 4144 τῆς
2835 4075 3172 4142 βασιλείας
3221 4075 3411 4131 αὑτοῦ
3461 4077 3566 4128 οὐκ

1987 4166 2160 4221 ἐσται
2190 4167 2385 4233 τέλος.
2418 4167 2525 4227 Καὶ
2555 4168 2615 4221 τὸ
2650 4168 2799 4238 ἱερὸν
2825 4168 2881 4222 δὲ
2907 4168 3179 4241 σύμϐολον
3209 4167 3307 4238 τῆς
3340 4167 3566 4239 ἀμωμή-

1987 4278 2082 4314 του
2133 4262 2375 4325 πίστεως
2424 4262 2609 4334 ἡμῶν,
2656 4262 2761 4317 ὑπὸ
2816 4263 2927 4316 τῶν
2979 4264 3120 4317 ἑπτὰ
3178 4261 3567 4331 οίκουμενικῶν

1990 4354 2228 4407 συνόδων
2271 4355 2458 4425 δεχθέν
2504 4372 2562 4408 τε
2604 4355 2698 4408 καλ⁸
2748 4354 3047 4427 φυλαχθὲν,
3092 4355 3260 4426 φησίν
3287 4371 3301 4386 ·
3338 4349 3415 4409 υῦ
3461 4351 3566 4420 τῆς

1982 4446 2308 4512 βασιλείας
2364 4449 2478 4501 οὐκ
2534 4446 2707 4501 ἔσται
2763 4446 2977 4514 τέλος.
3032 4445 3280 4517 δηλονότι
3337 4446 3430 4515 τῆς
3473 4442 3566 4496 τοῦ

306 4548 541 4619 Origene
575 4547 665 4619 qui
700 4548 859 4602 linem
894 4543 1212 4600 habiturum
1261 4558 1380 4599 esse
1403 4540 1605 4598 Christi
1658 4556 1883 4611 regnum

2000 4538 2251 4606 Χριστοῦ,
2297 4541 2427 4610 περὶ
2460 4534 2519 4594 οὗ
2560 4541 2589 4593 ὁ
2622 4540 2799 4609 λόγος.
2834 4540 3009 4594 Πόσον
3054 4535 3148 4593 οὖν
3185 4532 3337 4597 οὗτοι
3376 4538 3566 4600 πάντες

304 4641 578 4697 fabulatus
604 4641 725 4695 est?

376 4828 639 4900 Origenes
663 4826 798 4881 dixit
822 4825 988 4879 Deum
1017 4822 1107 4894 qui
1136 4836 1166 4876 a
1195 4836 1305 4876 non
1332 4820 1569 4875 creando
1623 4817 1885 4889 processit

306 4923 373 4978 ad
397 4920 692 4977 creandum
726 4913 1068 4972 rationabilia
1100 4925 1261 4984 atque
1311 4910 1610 4976 sensibilia,
1665 4910 1887 4965 omnino

306 5020 374 5073 ab
400 5017 505 5071 alio
536 5015 603 5067 ad
635 5012 1130 5067 aliud‘conversum
1172 5022 1316 5063 esse.
1368 5006 1475 5062 Nos
1532 5014 1710 5060 autem
1746 5005 1879 5059 dici-

310 5124 430 5163 mus
468 5122 591 5163 eum
632 5121 738 5159 non
762 5103 940 5174 quoad
974 5109 1246 5165 naturam,
1276 5102 1370 5153 sed
1401 5097 1579 5168 quoad
1609 5096 1883 5162 operatio-

308 5218 429 5256 nem
463 5214 585 5253 esse
636 5210 984 5255 conversum,
1042 5190 1124 5245 vel
1154 5190 1352 5259 pctius,
1410 5204 1477 5243 ne
1535 5188 1710 5259 quoad
1747 5187 1887 5240 hanc

306 5293 549 5362 quidem,
605 5290 795 5345 habuit
820 5290 965 5344 enim
999 5300 1214 5357 semper
1243 5290 1563 5353 potestatem
1586 5279 1805 5335 creandi
1835 5287 1889 5334 et

308 5380 637 5447 producendi
672 5396 683 5431 :
706 5385 925 5447 operata
945 5385 1127 5431 autem
1143 5383 1223 5430 est
1248 5373 1359 5428 huc
1384 5380 1650 5444 potestas,
1669 5370 1885 5441 quando

304 5472 409 5540 ipsi
444 5470 821 5527 conveniebat.
1336 5476 1341 5481 ’

375 5565 644 5633 Antiquos
687 5563 903 5632 quidem
951 5560 1232 5630 Origenes,
1288 5558 1636 5611 anathemate
1694 5563 1878 5609 autem

303 5657 551 5710 conﬁxus
574 5669 656 5711 est
685 5676 712 5709 :t
745 5658 931 5727 quinta
965 5656 1190 5726 synodo.
1225 5654 1401 5719 Quare
1433 5650 1597 5704 etiam
1629 5658 1887 5717 Opportu-

305 5763 370 5800 ne
400 5749 487 5801 hic
519 5764 634 5815 quae
657 5752 720 5804 ad
754 5766 874 5804 eum
923 5749 1217 5817 pertinent,
1274 5750 1699 5797 commemorata
1727 5750 1874 5794 sunt.

376 5842 389 5871 '
426 5839 585 5894 Jnutt.
629 5858 735 5906 λιν,
762 5844 814 5894 b'.
892 5844 909 5871 ²
955 5840 1143 5891 Μηιιῑι.
1182 5854 1303 5901 xxv,
1341 5837 1429 5890 46.

1992 4631 2427 4703 ἀξιοπιστότεροι
2448 4634 2585 4687 είσιν
2626 4632 2961 4704 Ὠριγένους,
2996 4632 3152 4697 τέλος
3181 4632 3325 4705 ἔχειν
3355 4630 3447 4702 τὴν
3473 4627 3566 4682 τοῦ

1992 4722 2229 4796 Χριστοῦ
2258 4725 2539 4796 βασιλείαν
2564 4724 3076 4797 μυθολογήσαντος;

2063 4817 2295 4887 Ἔλεγεν
2336 4817 2652 4889 Ὠριγένης,
2686 4819 2769 4873 ὅτι
2792 4821 2821 4872 ό
2848 4820 2983 4883 Θεὸς
3005 4821 3114 4875 ἀπὸ
3142 4818 3239 4873 τοῦ
3268 4817 3342 4893 μὴ
3370 4817 3568 4881 κτίζειν

1991 4910 2160 4964 nos»;
2203 4913 2282 4975 είς
2326 4912 2385 4966 τὸ
2418 4911 2629 4977 κτίζειν
2660 4912 2728 4966 τά
2760 4929 2821 4965 τε
2851 4914 3017 4984 νοερὰ
3068 4914 3167 4968 καὶ
3205 4913 3275 4966 τὰ
3319 4909 3562 4983 αἰσθητὰ,

1994 5004 2213 5067 πάντως
2262 5004 2474 5075 ἐτράπη
2532 5004 2629 5074 ἀφ’
2684 5005 2874 5075 ἑτέρου
2932 5006 3013 5069 είς
3066 5004 3275 5076 ἕτερον.
3331 5004 3565 5073 Δέγομεν

1990 5094 2047 5147 δὲ
2075 5095 2261 5164 ἡμεῖς,
2295 5095 2378 5148 ὅτι
2409 5096 2468 5148 οὺ
2501 5095 2646 5149 κατά
2674 5096 2773 5167 τὴν
2801 5096 2971 5163 φύσιν
3004 5098 3242 5167 ἐτράπη,
3272 5096 3401 5150 ἀλλὰ
3429 5093 3564 5147 κατὰ

1987 5189 2087 5258 τὴν
2123 5189 2407 5259 ἐνέργειαν
2437 5206 2451 5220 ⁸
2493 5190 2695 5259 μᾶλλον
2738 5189 2826 5252 δὲ,
2860 5190 2979 5242 οὐδὲ
3014 5190 3153 5244 κατά
3192 5190 3410 5260 ταύτην.
3440 5185 3560 5257 Εἶχε

1993 5280 2091 5349 μὲν
2138 5282 2245 5351 γὰρ
2276 5281 2365 5333 ἀεὶ
2398 5281 2499 5350 τὴν
2539 5282 2771 5353 δύναμιν
2800 5280 2903 5341 τοῦ
2939 5282 3149 5346 κτίζειν
3184 5283 3279 5335 καὶ
3311 5282 3560 5352 δημιουρ⁴

1988 5376 2137 5442 γείν·
2171 5373 2447 5443 ὲνηργήθη
2481 5373 2535 5425 δὲ
2566 5374 2598 5443 ἡ
2630 5372 2858 5444 τοιαύτη
2892 5372 3123 5444 δύναμις
3146 5416 3165 5440 ,
3192 5374 3282 5427 ὅτε
3310 5370 3376 5445 ἦν
3399 5372 3557 5433 εἰκός.

2061 5552 2300 5616 Παλαιὸς
2341 5554 2439 5624 μὲν
2473 5555 2500 5607 ό
2541 5553 2826 5623 Ὠριγένης
2850 5595 2865 5618 ,
2895 5551 3302 5622 ἀνεθεματίσθη
3332 5553 3384 5606 δὲ
3412 5550 3555 5617 napi

1989 5647 2087 5714 τῆς
2122 5644 2380 5713 πέμπτης
2413 5642 2657 5697 συνόδου.
2706 5643 2797 5695 Διὸ
2832 5645 2927 5698 καὶ
2967 5641 3208 5711 εὐλόγως
3243 5641 3459 5697 ἐνταῦθα
3482 5638 3555 5691 τὰ

1994 5753 2060 5786 πε
2072 5736 2124 5804 ρί
2156 5736 2324 5787 αὐτοῦ
2358 5734 2615 5787 τέθειται.

1510 5837 1529 5865 ε
1558 5833 1729 5889 Marc.
1774 5818 1849 5898 tr,
1888 5830 1970 5885 ιι.
2048 5831 2067 5859 ι
2110 5831 2245 5885 Dan.
2285 5844 2379 5896 νιι,
2412 5829 2496 5884 tt.
2575 5832 2596 5862 ιι
2640 5828 2772 5885 Luc.
2813 5848 2847 5898 ι,
2881 5831 2967 5887 53.
