3952 6540
327 411 464 478 1109

903 518 1151 576 ΤΙΤΛΟΣ
1195 521 1327 576 KA'.

318 615 479 672 Κατὰ
509 614 953 683 Μονοθελητῶν
1000 616 1254 684 Σεργίου
1275 657 1289 680 ,
1332 617 1607 684 Πύῤῥου,
1659 615 1907 670 Παύλου

384 689 725 758 γεγονότων
750 685 1135 758 πατριαρχῶν
1162 688 1868 758 Ιςωνο-ταντινουπόλεως
1890 726 1904 748 ,

387 756 485 830 καὶ
513 759 634 811 τῶν
669 759 878 830 ἄλλων
897 798 947 830 ,_
968 756 1102 809 ὅσοι
1127 757 1250 830 -τῆς
1291 758 1484 826 αὐτῆς
1528 759 1872 830 συμμορίας
1892 773 1906 786 ·

385 829 484 883 καὶ
526 830 750 894 ταύτης
782 828 850 882 δὲ
874 826 986 898 τῆς
1011 827 1294 896 αἱρέσεως
1328 832 1360 881 ό
1387 826 1724 898 θεοστυγὴς
1760 833 1907 884 Σευ-

387 897 543 970 ﬁpog
560 899 830 968 παρέσχε
856 897 1046 970 πάλαι
1082 900 1187 964 τὰς
1227 898 1504 967 ἀφορμάς
1524 916 1539 931 ·
1588 897 1704 970 τοῦ,
1735 901 1909 970 ἁγίου

383 967 662 1038 Μαξίμου
699 970 790 1022 ἐκ
811 969 919 1023 τοῦ
964 971 1153 1034 λόγου
1196 970 1326 1034 τοῦ,
1351 971 1480 1023 Ὀτι
1508 972 1620 1023 οὐκ
1651 967 1828 1026 εἶπον
1854 972 1911 1025 οὶ

385 1039 643 1112 Πατέρες
672 1041 770 1093 ἐπὶ
801 1039 1064 1108 Χριστοῦ
1109 1041 1422 1112 ,ποσότητα
1457 1041 1770 1112 τνωμικῶν
1814 1045 1910 1106 0e-

386 1111 696 1178 λημάτων,
731 1111 896 1164 ἀλλὰ
926 1110 1232 1184 φυσικῶν.

384 1200 611 1269 Θέλημά
635 1201 750 1252 ἐστι
775 1199 1005 1261 φυσικὸν
1031 1198 1264 1272 δύναμις
1288 1198 1383 1253 τοῦ
1407 1199 1551 1253 κατὰ
1569 1185 1733 1270 φὺσιν
1757 1201 1909 1264 ὄντος

307 1291 615 1361 ὀρεκτικὴ,
664 1291 763 1344 καὶ⁸
799 1290 908 1344 τῶν
961 1290 1238 1356 οὑσιωδῶς
1281 1295 1348 1362 τῇ
1397 1292 1557 1362 φύσει
1600 1293 1918 1362 προεόντων.

312 1383 616 1450 συνεκτικὴ
647 1383 870 1434 πάντων
904 1381 1234 1452 ἰδιωμάτων,
1275 1383 1397 1435 καθ’
1427 1383 1492 1454 ἣν
1523 1383 1608 1436 ἀεὶ
1638 1382 1717 1451 τῷ
1749 1383 1910 1450 φύσει

308 1471 588 1542 θελητικῷ
629 1472 689 1525 τὸ
721 1473 1029 1541 πεφυκέναι
1063 1472 1240 1526 Θέλειν
1281 1475 1628 1544 ἐμπέφυκεν,
1681 1473 1744 1526 οὐ
1775 1490 1908 1526 ταυ-

309 1569 410 1620 τὸν
445 1566 504 1619 δὲ
547 1565 606 1620 τὸ
649 1565 955 1634 πεφυκέναι
997 1563 1177 1618 θέλειν
1203 1607 1218 1631 ,
1259 1568 1352 1619 καὶ
1385 1565 1559 1618 θέλειν
1612 1565 1780 1628 ἐστὶν,
1833 1564 1909 1628 ὠς

306 1657 439 1711 οὐδὲ
465 1657 527 1710 τὸ
559 1658 867 1727 πεφυκέναι
906 1655 1091 1708 λαλεῖν
1119 1695 1133 1720 ,
1179 1655 1275 1709 καὶ
1303 1656 1506 1710 λαλεῖν.
1556 1657 1778 1724 Πέφυκε
1809 1656 1908 1726 μὲν

310 1749 428 1822 γὰρ
453 1750 541 1805 ἀεὶ
565 1751 627 1802 τὸ
652 1749 947 1820 λαλητικὺν
973 1749 1180 1816 λαλεῖν,
1197 1749 1348 1802 λαλεῖ
1373 1750 1429 1804 δὲ
1451 1751 1554 1803 οὐκ
1579 1751 1687 1814 ἀεὶ,
1716 1749 1908 1820 ἐπειδὴ

306 1842 376 1894 τὸ
413 1844 515 1912 μὲν
546 1843 736 1905 οὐσίας
772 1843 890 1894 ἐστὶ
921 1842 1069 1912 λόγῳ
1105 1841 1321 1912 φύσεως
1350 1843 1731 1912 συνεχόμενον,
1761 1842 1822 1894 τὸ
1847 1841 1904 1894 δὲ
1938 1883 1983 1943 Β

308 1933 515 2004 βουλῆς
547 1938 612 2004 τῇ
645 1933 741 1987 τοῦ
785 1933 1075 1998 λαλοῦντος
1110 1933 1334 2005 γλώσσῃ
1368 1936 1726 2005 ιτυπούμενονο
1763 1932 1904 1988 ὥστε

308 2027 536 2095 φύσεως
566 2028 665 2097 μὲν
689 2027 857 2079 ἀεὶτὸ
890 2027 1200 2096 πεφυκέναι
1226 2027 1430 2094 λαλεῖν,
1475 2026 1826 2090 ὑποστάσεως
1848 2025 1905 2079 δὲ

305 2116 374 2170 τὸ
399 2115 518 2179 πῶς
546 2117 746 2181 λαλεῖν,
779 2114 969 2187 ὥσπερ
999 2117 1095 2170 καὶ
1139 2116 1200 2169 τδ
1234 2117 1540 2187 πεφυκέναι
1587 2117 1785 2180 θέλειν,
1813 2117 1908 2171 καὶ

303 2208 514 2264 θέλειν.
534 2207 594 2260 Ei
614 2207 669 2260 δὲ
697 2207 757 2260 τὸ
783 2209 1090 2278 πεφυκέναι
1127 2207 1306 2263 θέλειν
1337 2211 1431 2262 καὶ
1455 2209 1638 2264 θέλειν
1665 2209 1764 2264 οὐκ
1789 2208 1907 2263 ἔστι

302 2300 536 2354 ταυτὸν·
573 2301 636 2352 τὸ
674 2301 776 2371 μὲν
797 2302 932 2372 γὰρ,
967 2300 1042 2365 ὡς
1073 2301 1232 2372 ἔφην,
1272 2301 1482 2367 οὐσίας,
1515 2303 1577 2356 τὸ
1606 2301 1662 2356 δὲ
1693 2301 1908 2373 τῆςτοῦ

304 2391 562 2452 θέλοντος
601 2391 843 2461 ὑπάρχει
889 2389 1125 2462 βουλῆς·
1174 2386 1322 2462 εἶχεν
1365 2391 1474 2462 ἄρα
1506 2391 1567 2445 τὸ
1604 2393 1908 2461 πεφυκέναι

304 2484 488 2536 Θέλειν
535 2487 563 2536 ὁ
613 2483 919 2554 σαρκωθεὶς
953 2484 1126 2552 Λόγος
1165 2483 1241 2549 ὡς
1291 2483 1582 2555 ἄνθρωπος
1620 2485 1698 2556 τῷ
1740 2485 1908 2541 αὑτοῦ

300 2576 480 2645 fhsin;
534 2576 806 2646 θελήματι
855 2577 1177 2647 κινούμενόν
1254 2593 1316 2630 τε
1389 2577 1489 2632 καὶ
1545 2565 1906 2648 τυπούμενον.

303 2670 385 2722 Τὸ
415 2670 526 2739 γὰρ
557 2670 766 2723 ἐκείνου
795 2669 975 2723 θέλει-ν
1005 2711 1020 2734 ,
1065 2671 1233 2740 φησὶν
1281 2671 1311 2724 ὁ
1365 2671 1540 2742 μέγας
1586 2671 1906 2744 Γρηγόριος,

299 2762 432 2815 οὐδὲ
462 2763 784 2820 ὑπεναντίον
807 2763 885 2833 τῷ
917 2762 1060 2834 Θεῷ,
1122 2763 1325 2817 Θεωθὲν
1358 2763 1498 2820 ὅλον.
1531 2766 1592 2818 El
1621 2766 1686 2818 -δὲ
1711 2766 1911 2820 τεΟέω-

303 2872 392 2917 το,
435 2857 502 2924 τῇ
540 2854 635 2908 τοῦ
679 2854 930 2918 θεοῦντος
970 2856 1216 2925 δηλονότι
1262 2858 1516 2927 συμφυῖᾳ
1550 2856 1801 2916 τεθέωτο.
1838 2859 1911 2912 Τὸ

299 2947 363 3000 δὲ
421 2946 577 3000 θεοῡν
627 2950 722 3001 καὶ
768 2949 1061 3022 ἱλεούμενον
1105 2949 1198 3004 δύο
1233 2951 1486 3019 πάντως,
1525 2951 1644 3006 ἀλλ’
1682 2953 1782 3024 οὐχ
1827 2951 1908 3018 ἓν,

303 3041 402 3102 καὶ
440 3042 604 3109 φύσει
656 3040 889 3105 ταυτὸν,
927 3043 1090 3113 εἴπερ
1134 3043 1244 3097 τῶν
1279 3044 1418 3116 πρός
1450 3061 1507 3098 τι
1548 3046 1610 3099 τό
1635 3063 1694 3098 τε
1729 3045 1908 3113 οεοῦν,

301 3135 404 3186 καὶ
447 3133 508 3185 τὸ
547 3133 864 3200 θεούμενον.
901 3135 982 3190 Τὰ
1016 3135 1074 3187 δὲ
1124 3138 1262 3207 πρός
1294 3155 1346 3190 τι
1396 3139 1616 3202 πάντως
1658 3138 1910 3210 ἀλλήλοις

1276 409 1659 472 PANOPLIA
1714 410 2178 472 DOGMATICA.
2209 439 2280 448 --
2320 415 2471 478 TlT.
2517 417 2656 476 XXI

1941 533 1988 582 Α

3469 419 3604 485 1110

2551 523 2850 582 τιτυιυε
2906 525 3027 581 XXI

2015 611 2281 692 Aduersus
2317 609 3012 692 Monet/teletae,Sergium.
3037 621 3325 692 Pyrrhum,
3351 621 3600 690 Paulum,

2089 684 2579 763 Constantinopolis
2599 684 2956 763 patriarchas,
2989 684 3222 760 aliosque
3251 684 3486 763 ejusdem
3512 684 3603 763 ge;

2087 757 2248 809 neris.
2285 757 2452 822 Atque
2489 761 2641 811 istius
2672 763 2794 812 item
2815 761 3032 816 ltwresis
3068 757 3175 816 Deo
3215 757 3412 818 invisus
3446 757 3603 819 Seec-

2088 841 2177 900 rus
2200 826 2424 894 praebuit
2447 833 2810 900 occasionem.
2866 829 3050 886 Sancti
3084 834 3328 900 Maximi,
3384 851 3450 888 ea:
3479 854 3606 890 ora-

2087 897 2246 959 tione,
2268 914 2371 966 qua
2421 898 2682 962 declarat,
2719 900 2906 956 Patres
2931 921 3032 956 non
3073 905 3269 965 dixisse
3297 897 3359 959 tle
3398 906 3605 962 C/u'islo

2084 968 2592 1028 noluntutmnsemu
2632 973 3047 1042 discrepantia»:
3093 977 3466 1048 quantitatem.

2089 1191 2352 1251 Voluntas
2383 1196 2648 1253 naturalis
2676 1208 2761 1254 est
2787 1199 2890 1267 vis,
2917 1213 3178 1270 appetens
3217 1205 3278 1262 ,ιιι
3307 1206 3452 1275 quod
3507 1224 3605 1260 nn-

2014 1297 2151 1344 turae
2181 1289 2466 1358 convenit,
2506 1300 2560 1345 et
2582 1307 2700 1362 qua:
2725 1293 2970 1350 continet
3001 1308 3194 1352 omnes
3221 1300 3604 1368 proprietates,

2012 1397 2132 1452 quae
2157 1398 2252 1454 per
2275 1384 2567 1439 essentiam
2599 1387 2800 1440 adsunt
2833 1396 3068 1451 natura},
3097 1403 3195 1459 per
3223 1407 3386 1459 tinam
3451 1408 3600 1447 sem-

2013 1491 2111 1544 per
2143 1484 2355 1530 natura:
2379 1475 2580 1538 volenti
2622 1475 2845 1532 insitum
2881 1489 2986 1546 est,
3011 1489 3076 1536 .ut
3128 1483 3288 1538 Velit.
3350 1483 3466 1538 Non
3518 1492 3603 1540 est

2014 1578 2194 1624 autem
2227 1567 2370 1622 idem
2401 1569 2606 1632 habere
2642 1570 2856 1626 volendi
2899 1573 3028 1637 vim,
3056 1585 3111 1630 et
3146 1574 3302 1630 velle.
3332 1573 3607 1641 Quemad-

2014 1659 2230 1714 modum
2259 1673 2361 1714 nec
2407 1658 2550 1714 idem
2590 1670 2672 1716 est
2700 1660 2899 1716 habere
2921 1662 3175 1730 loquendi
3198 1663 3330 1728 vim,
3357 1673 3407 1716 et
3441 1662 3491 1715 lo
3513 1666 3611 1728 lui.

2012 1749 2238 1818 Semper
2265 1748 2406 1802 enim
2437 1748 2590 1804 adest
2609 1748 2862 1818 loquendi
2899 1748 2977 1801 vis
3004 1748 3286 1812 naturalis,
3345 1751 3438 1803 sed
3503 1765 3610 1801 non

2012 1856 2231 1910 semper
2254 1839 2517 1911 loquitur.
2556 1836 2693 1892 Nam
2728 1837 2858 1894 illud
2894 1841 3144 1894 essentia.-
3183 1848 3287 1905 est,
3312 1850 3613 1894 clostrum

2011 1933 2221 1989 ratione
2259 1941 2468 1994 naturae
2489 1931 2858 2002 conjunetum.
2895 1932 3009 1988 Hoc
3043 1945 3224 1996 autem
3250 1946 3331 1988 est
3355 1935 3612 1990 mlunta-

2009 2025 2103 2093 tis,
2135 2033 2191 2080 et
2225 2035 2310 2080 est
2341 2023 2536 2094 lingua:
2564 2023 2835 2092 loquentis
2870 2025 3224 2094 impressum.
3248 2028 3611 2092 Qunnmbt'cm

2011 2129 2218 2174 naturae
2243 2117 2462 2188 quidem
2479 2124 2586 2182 est,
2623 2117 2826 2174 habere
2866 2134 3080 2186 semper
3105 2119 3322 2172 insitam
3359 2119 3612 2186 loquendi

2010 2209 2355 2275 facultatem;
2384 2221 2632 2279 personae
2663 2217 2872 2279 autem,
2901 2211 3003 2264 hoc
3031 2210 3231 2263 antillo
3257 2212 3417 2266 modo
3443 2210 3612 2278 loqui,

2009 2301 2470 2371 quemadmodum
2505 2308 2560 2354 et
2591 2299 2812 2355 insitam
2875 2303 3079 2358 habere
3126 2303 3339 2358 valendi
3374 2305 3505 2368 vim,
3559 2314 3615 2357 et

2012 2394 2115 2449 hoc
2148 2403 2244 2449 aut
2296 2391 2433 2449 illud
2463 2393 2623 2449 velle.
2663 2394 2818 2460 Quod
2842 2395 2886 2452 si
2921 2411 3023 2448 non
3049 2395 3196 2452 idem
3233 2407 3335 2460 est,
3387 2406 3606 2448 nutum-

2010 2483 2116 2540 lem
2146 2484 2352 2542 habere
2381 2483 2595 2540 volendi
2625 2494 2974 2554 potestatem,
3011 2495 3060 2540 et
3087 2486 3222 2541 velle
3250 2505 3263 2541 :
3294 2486 3423 2541 illud
3448 2488 3613 2549 ιιιιὶηι,

2010 2588 2071 2634 ιιι
2104 2577 2359 2644 diximus,
2392 2584 2478 2633 est
2511 2577 2788 2644 essentne,
2817 2576 2919 2630 hoc
2952 2589 3136 2631 autem
3171 2590 3254 2632 εει
3281 2579 3450 2648 ipsius
3519 2594 3614 2631 vo-

2012 2670 2175 2727 lentis
2205 2669 2416 2729 consilii
2448 2686 2463 2726 :
2502 2670 2691 2725 habuit
2720 2670 2906 2740 utique
2935 2669 3237 2724 naturalem
3266 2670 3478 2726 volendi
3506 2687 3615 2727 vim

2011 2763 2256 2821 Verbum
2301 2777 2469 2819 carne
2527 2763 2798 2826 indutum,
2851 2773 2910 2816 ut
2941 2764 3125 2827 homo,
3181 2761 3379 2818 divinae
3441 2765 3616 2834 ipsius

2012 2857 2277 2913 voluntati
2335 2856 2775 2912 consentientem
2832 2866 2887 2910 et
2947 2857 3294 2926 impressam.
3355 2855 3615 2911 Voluntas

2012 2950 2156 3004 enim
2189 2949 2328 3020 ejus,
2359 2956 2423 3004 ut
2453 2964 2682 3019 magnus
2721 2948 2800 3005 ait
2844 2946 3164 3016 Gregorius,
3221 2964 3328 3003 non
3372 2959 3456 3002 est
3507 2948 3616 3002 Den

2014 3043 2456 3109 contrarla,eum
2497 3052 2606 3106 tota
2635 3044 2706 3098 sit
2753 3041 2938 3100 divina
2976 3044 3207 3098 reddita.
3245 3040 3395 3096 Talis
3426 3052 3612 3096 autem

2015 3135 2206 3190 effecta
2225 3144 2308 3192 est
2336 3149 2559 3204 prOpter
2585 3135 3026 3206 conjunctionem
3059 3135 3224 3203 illius,
3281 3135 3377 3205 qui
3437 3135 3608 3202 ipsam

303 3224 732 3291 συνεισάγεσθαι
779 3227 1029 3295 πέφυκε,
1077 3228 1173 3281 καὶ
1223 3227 1440 3301 Θατέρῳ
1476 3231 1909 3286 ουνεπινοεῖσοαι

2024 3225 2254 3280 divinam
2290 3226 2495 3280 elfecit.
2533 3222 2690 3290 Quod
2720 3234 2901 3279 autem
2939 3225 3187 3279 divinum
3244 3224 3328 3290 ιιι,
3362 3234 3418 3278 et
3471 3225 3614 3292 quod

302 3317 562 3386 οατερον.
601 3317 713 3370 Καὶ
755 3321 880 3386 μετ’
915 3318 1096 3387 ὀλίγα·
1134 3316 1293 3390 Εἶχεν
1313 3317 1409 3376 οὖν
1439 3321 1650 3394 θέλημα
1679 3322 1908 3392 φυσικὸν

301 3409 384 3470 ὡς
417 3409 705 3478 ἄνθρωπος
745 3411 774 3462 ὁ
805 3411 1034 3480 Σωτὴρ,
1082 3411 1160 3482 τῷ
1207 3413 1370 3466 αὐτοῦ
1421 3413 1588 3485 θεῖκῷ
1633 3415 1909 3488 θελήματι

299 3503 675 3572 τυπούμενον,
701 3504 802 3556 οὐκ
830 3506 1272 3573 ἐναντιούμενον.
1318 3505 1489 3559 Οὐδὲν
1514 3509 1621 3576 γὰρ
1647 3508 1911 3580 ἠναντίω-

301 3609 400 3645 fras
433 3596 757 3648 παντάπασι
780 3594 906 3663 Θεῷ
930 3597 1188 3664 φυσικὸν,
1213 3596 1416 3650 ὁπόταν
1447 3597 1574 3649 οὔτε
1607 3598 1907 3671 γνωμικὸν,

302 3687 441 3742 ἑνῢα
497 3689 593 3740 καὶ
643 3689 972 3759 προσωπικὴ
1013 3687 1304 3760 Θεωρεῖται
1352 3689 1654 3761 διαίρεσις,
1727 3691 1908 3763 ἄνπερ

312 3775 350 3854 ᾖ
386 3782 530 3832 κατὰ
565 3779 728 3849 φύσιν
753 3824 767 3846 ,
805 3784 928 3833 ἐπεὶ
957 3782 1050 3835 τὸν
1083 3784 1318 3856 ποιητὴν
1355 3787 1628 3839 αἰτιατέον
1669 3803 1909 3858 πεποιη-

303 3874 451 3926 κότα
477 3875 538 3925 τὸ
571 3874 734 3941 φύσει
773 3875 1105 3944 μαχόμενον.
1143 3877 1266 3940 Πῶς
1302 3879 1359 3932 δὲ
1391 3879 1590 3948 γέγονε
1628 3879 1752 3935 κατ’
1780 3880 1912 3954 ἁλή-

304 3965 466 4016 θειαν
502 3966 792 4036 ἄνθρωπος
841 3968 1152 4040 σαρκωθεὶς
1202 3972 1230 4023 ό
1282 3970 1496 4040 Λόγος,
1543 3972 1637 4026 τοῦ
1676 3971 1910 4044 μάλιστα

305 4057 414 4126 τὴν
449 4057 612 4125 φύσιν
636 4060 713 4122 ὼς
747 4059 974 4132 λογικὴν
1013 4065 1516 4134 χαρακτηρίζοντος
1555 4065 1763 4138 ἔρημος
1795 4067 1907 4132 ῶνς

304 4149 386 4232 Ti;
410 4151 520 4220 γὰρ
543 4151 640 4219 τῆς
666 4154 786 4208 κατ’
811 4152 998 4222 έφεσιν
1028 4152 1321 4226 όρεκτικῆς
1349 4157 1719 4229 ἐστερημένον
1753 4160 1912 4232 κινή-

304 4228 491 4305 σεως,
542 4246 637 4296 καὶ
699 4247 879 4316 πάσης
927 4246 1166 4318 ζωτικῆς
1220 4228 1503 4321 δυνάμεως
1553 4228 1911 4323 ἀμοιρήσειεν

305 4336 402 4390 ἄν.
441 4335 514 4386 Τὸ
561 4335 617 4387 δὲ
673 4335 914 4407 ζωτικὴν
967 4337 1068 4391 οὐκ
1128 4338 1252 4410 ἔχον
1303 4342 1368 4393 ὲκ
1415 4341 1631 4410 φύσεως
1682 4343 1912 4414 δύναμιν

303 4427 436 4480 οὐδὲ
489 4425 588 4497 τὴν
655 4427 874 4481 οἱανοῦν
926 4427 1171 4498 δηλονότι
1240 4429 1444 4502 ψυχήν.
1513 4431 1724 4485 Οὐκοῦν
1779 4435 1908 4505 ψιλῇ

206 4552 216 4560 ρ
308 4516 606 4587 μορφώσει
649 4520 849 4587 σαρκὸς
887 4518 987 4589 τὴν
1026 4520 1346 4590 οἰκονομίαν
1397 4521 1704 4589 ἑφάντασεν
1729 4561 1743 4584 ,
1794 4523 1910 4575 ἀλλ’

2019 3318 2260 3372 divinum
2301 3315 2450 3380 facit,
2485 3318 2590 3370 duo
2615 3319 2776 3385 plane
2808 3324 2960 3384 sunt,
2997 3327 3052 3372 et
3099 3332 3206 3370 non
3243 3330 3412 3370 unum
3451 3326 3617 3382 atque

2019 3407 2158 3464 idem
2196 3423 2410 3464 natura.
2443 3407 2724 3479 Siquidem
2757 3408 2810 3464 id
2859 3409 3004 3480 quod
3037 3407 3281 3472 divinum
3344 3407 3500 3472 facit,
3563 3417 3618 3460 ct

2017 3499 2163 3569 quod
2195 3501 2434 3555 divinum
2461 3500 2715 3567 eﬂicitur,
2744 3511 2872 3557 sunt
2902 3517 2970 3557 ex
2993 3517 3183 3556 eorum
3217 3518 3467 3562 numero.
3490 3517 3612 3571 qua:

2020 3591 2089 3646 ad
2121 3591 2326 3661 aliquid
2360 3592 2693 3646 referuntur.
2731 3592 2865 3659 Qtue
2897 3602 3078 3647 autem
3135 3603 3266 3648 sunt
3314 3595 3610 3663 eiusinndi,

2023 3698 2150 3739 sese
2176 3692 2366 3739 mutuo
2388 3686 2674 3750 inducunt,
2715 3694 2772 3740 et
2792 3697 2859 3739 ex
2889 3699 2995 3740 uno
3049 3684 3280 3751 alterum
3324 3687 3612 3755 cogitatur.

2016 3773 2085 3831 Et
2123 3777 2280 3847 paulo
2310 3785 2433 3850 post
2464 3775 2750 3835 :Habebat
2794 3778 2962 3852 igitur
2998 3778 3329 3834 voluntatem
3395 3769 3615 3833 natura-

2019 3867 2120 3922 lem
2146 3867 2425 3934 Servatur,
2454 3878 2513 3924 ut
2536 3869 2721 3936 homo,
2751 3885 2872 3941 quae
2895 3877 3076 3936 tamen
3100 3868 3292 3924 divinae
3309 3868 3480 3940 ipsius
3509 3885 3616 3923 vo-

2019 3960 2214 4015 luntati
2236 3962 2316 4016 sic
2342 3971 2459 4016 erat
2478 3953 2773 4036 impressa,
2796 3973 2855 4016 ut
2880 3963 2930 4017 ei
2957 3978 3065 4018 non
3095 3973 3443 4034 repugnaret.
3469 3962 3617 4017 Nihil

2017 4055 2162 4108 enim
2193 4053 2440 4110 naturale
2466 4054 2785 4111 adversatur
2807 4053 2943 4122 Deo,
2973 4056 3192 4111 eum-ab
3222 4055 3314 4110 illo
3365 4069 3432 4110 ne
3487 4070 3616 4110 seu-

2020 4145 2193 4200 tentia
2218 4146 2434 4216 quidem
2462 4147 2757 4216 discrepet,
2801 4147 2895 4203 ubi
2921 4158 2976 4203 et
3029 4163 3275 4220 persona:
3337 4149 3617 4202 distinctio

2019 4240 2426 4306 consideratur,
2459 4243 2729 4314 siquidem
2751 4243 3136 4300 sitsecundum
3166 4253 3447 4300 naturam.
3468 4245 3618 4300 Alio-

2021 4331 2114 4402 qui
2143 4331 2327 4401 opifex
2375 4334 2493 4406 ipse
2539 4321 2903 4390 accusandus
2935 4345 3104 4402 esset,
3129 4335 3172 4390 si
3235 4335 3456 4391 fecisset
3512 4341 3613 4390 ati-

2020 4423 2176 4495 quid,
2209 4425 2352 4494 quod
2392 4434 2589 4480 natura
2627 4441 2815 4482 secum
2850 4436 3142 4500 pugnaret.
3175 4430 3466 4496 Quomodo
3519 4447 3620 4484 au-

2023 4527 2130 4571 tem
2169 4518 2407 4576 Verbum
2466 4534 2634 4575 carne
2697 4530 2978 4590 assumpta
3037 4537 3160 4576 vere
3210 4523 3416 4578 factum
3472 4534 3619 4578 esset

304 4609 376 4662 οὐ
413 4611 578 4676 φύσιν
614 4611 816 4680 σαρκὸς
865 4610 1070 4682 νοερῶς
1127 4628 1189 4664 τε
1229 4615 1324 4664 καὶ
1363 4612 1597 4680 λογικῶς
1639 4615 1910 4684 ένεψυχω-

2024 4610 2205 4676 Ιιοιιιο,
2242 4612 2286 4668 si
2316 4628 2382 4672 eo
2411 4615 2555 4685 quod
2580 4621 2829 4680 naturam
2866 4622 2925 4668 ut
2954 4615 3166 4672 ratione
3225 4618 3514 4685 praeditam
3563 4618 3614 4669 in

311 4704 492 4774 μένην
539 4702 664 4756 καθ’
701 4703 1006 4756 ὑπόστασιν
1056 4704 1370 4775 σαρκωθεὶς
1410 4707 1439 4758 ό
1482 4705 1660 4775 Λόγος
1702 4708 1914 4779 πεπλής

312 4812 504 4865 ρωκε,
551 4794 766 4864 θέλημα
801 4796 1036 4863 φυσικὸν
1071 4798 1213 4849 κατὰ
1239 4796 1478 4868 Σευῆρον
1519 4799 1620 4850 οὐκ
1661 4797 1798 4869 ἔχων
1839 4801 1914 4865 ὡς

310 4891 628 4959 ἄνθρωπος.
677 4889 738 4940 El
778 4890 885 4960 γὰρ
923 4889 1142 4960 φυσικῷ
1183 4889 1452 4960 Θελήματι
1498 4890 1622 4944 κατ’
1654 4891 1916 4964 ἀλήθειαν

311 4984 396 5044 ὡς
427 4981 713 5052 ἄνθρωπος
753 4977 821 5055 ἦν
864 4981 1112 5052 ἐλλιπὴς,
1153 4982 1359 5045 τέλειος
1402 4983 1528 5036 κατ’
1558 4984 1815 5054 ἀλήθειαν
1853 4987 1915 5040 οὐ

313 5079 546 5144 γέγονεν
576 5076 861 5145 ἄνθρωπος
882 5115 898 5141 ,
939 5075 1050 5129 οὐδ’
1081 5076 1220 5140 ὅλως
1251 5075 1541 5148 ἄνθρωπος
1570 5084 1787 5148 γέγονε.
1819 5079 1918 5145 Τίς

315 5171 433 5238 γὰρ
463 5165 686 5231 ἀτελοῦς
735 5168 952 5238 φύσεως
994 5167 1263 5238 ὔπαρξις,
1293 5165 1355 5240 ἧς
1410 5170 1536 5224 οὐδὲ
1573 5170 1728 5240 λόγος
1756 5173 1915 5241 toti;

317 5261 529 5322 Σκοπὸς
556 5260 648 5314 οὖν
691 5261 828 5330 Σευή
839 5277 920 5331 ρῳ
940 5301 957 5326 ,
998 5261 1094 5314 καὶ
1133 5263 1252 5326 τοῖς
1282 5262 1423 5334 ἀμφ’
1454 5263 1618 5316 αὑτὸν
1652 5264 1742 5318 διά
1774 5283 1915 5330 τινος

317 5356 540 5416 πάντως
569 5353 861 5423 ἐλλείψεως
903 5356 1142 5424 φυσικῆς
1167 5357 1270 5425 τὴν
1308 5357 1758 5428 προσληφθεῖσαν
1793 5359 1917 5413 καθ’

317 5448 517 5502 ἕνωσιν
563 5447 804 5518 ἄρρητον
845 5446 1155 5510 ὲξώσασϐαι
1188 5450 1377 5518 φύσιν,
1401 5451 1502 5522 τῆς
1545 5467 1605 5504 τε
1641 5455 1918 5517 Μάνεντος

318 5535 623 5605 φαντασίας
645 5575 660 5600 ,
705 5537 800 5588 καὶ
833 5537 930 5604 τῆς
969 5537 1384 5610 Ἀπολλιναρίου
1419 5541 1737 5613 συγχύσεως
1760 5583 1776 5606 ,
1822 5545 1919 5597 καὶ

317 5629 423 5698 τῆς
454 5627 728 5700 Εὐτυχοῦς
771 5633 1186 5694 συνουσιώσεως
1233 5634 1580 5704 ἐπικυρῶσαι
1626 5636 1688 5689 τὸ
1734 5639 1914 5705 μῖσος.

327 5720 638 5791 Μέμνημαι
676 5721 785 5790 γὰρ
824 5720 965 5774 κατὰ
993 5721 1091 5792 τὴν
1120 5722 1231 5774 τῶν
1260 5723 1489 5796 Κρητῶν
1521 5727 1687 5796 νῆσον
1711 5729 1916 5797 διάγων

319 5811 487 5866 τινῶν
536 5811 991 5881 ψευδεπισκόπων
1048 5815 1187 5882 πρὸς
1245 5815 1345 5884 ἐμὲ
1405 5817 1790 5888 διενεχθέντων
1849 5819 1917 5872 ὲκ

321 5905 422 5978 τῆς
464 5904 702 5976 Σευῆρον
753 5905 969 5977 μερίδος
1019 5905 1300 5973 ἀκούσας,
1354 5908 1428 5974 ὡς
1465 5909 1553 5963 διὰ
1605 5911 1763 5964 τοῦτο
1821 5910 1914 5965 δύο

2022 4706 2215 4776 primis
2239 4706 2486 4778 insignit,
2514 4707 2769 4766 careret?
2799 4707 2954 4776 Quod
2992 4709 3140 4764 enim
3171 4709 3424 4780 cupiendi
3453 4725 3621 4778 appe-

2025 4801 2284 4873 tendique
2316 4812 2462 4857 motu
2500 4811 2675 4866 caret,
2708 4801 2762 4857 id
2815 4802 2970 4859 vitali
3030 4803 3200 4858 etiam
3261 4803 3413 4864 omni
3468 4811 3620 4858 caret

2026 4891 2308 4948 facultate.
2339 4891 2493 4960 Quod
2525 4903 2708 4947 autem
2746 4891 2964 4947 vitalem
3008 4911 3036 4946 a
3077 4901 3271 4947 natura
3304 4893 3617 4948 facultatem

2026 4999 2131 5039 non
2151 4985 2331 5050 habet,
2363 4987 2416 5048 id
2443 5000 2508 5040 ne
2527 4989 2766 5044 animam
2792 4987 3012 5058 quidem
3037 4986 3206 5042 habet
3234 4987 3426 5042 ullam?
3456 4987 3617 5042 Nuda

2026 5077 2194 5147 igitur
2233 5080 2416 5134 carnis
2444 5091 2724 5146 assumpta
2757 5081 2966 5149 specie,
3032 5095 3138 5134 non
3169 5092 3350 5134 autem
3429 5088 3618 5132 natura

2026 5171 2210 5244 carnis
2233 5179 2418 5224 mente
2441 5171 2767 5240 rationeque
2801 5171 3048 5242 praedita:
3075 5185 3172 5240 per
3198 5184 3485 5238 personam
3505 5185 3620 5224 sus-

2026 5276 2206 5333 cepta,
2243 5260 2478 5317 Verbum
2510 5261 2762 5318 humana:
2796 5261 2993 5318 salutis
3016 5261 3304 5320 consilium
3355 5262 3617 5331 explevit,

2025 5355 2094 5418 si,
2140 5365 2197 5408 ut
2224 5354 2395 5410 sentit
2429 5352 2691 5419 Severus,
2727 5354 3064 5408 voluntatem
3110 5354 3436 5416 naturalem,
3481 5370 3620 5422 qua-

2029 5457 2184 5501 tenus
2209 5453 2297 5504 est
2328 5448 2514 5512 homo,
2551 5463 2656 5499 non
2693 5446 2878 5499 habet.
2919 5445 3054 5499 Nam
3079 5448 3123 5501 si
3161 5455 3216 5497 ut
3251 5450 3414 5499 homo
3461 5456 3617 5499 uatu-

2027 5536 2126 5590 rali
2183 5552 2312 5593 vere
2365 5539 2541 5591 earnit
2603 5536 2904 5601 voluntate,
2939 5551 3064 5591 vere
3109 5536 3388 5607 perfectus
3453 5537 3620 5592 hoino

2027 5644 2135 5682 non
2173 5630 2504 5683 estfactum.
2535 5627 2693 5694 Quod
2727 5627 2771 5682 si
2809 5644 2937 5683 vere
2997 5627 3273 5698 perfectus
3323 5629 3483 5682 hoino
3535 5627 3618 5683 fa-

2027 5731 2175 5776 clum
2207 5737 2312 5777 non
2343 5731 2448 5784 est,
2491 5736 2556 5772 ne
2585 5720 2746 5773 homo
2788 5713 3027 5790 quidem.
3057 5719 3189 5786 Quae
3221 5721 3368 5776 enim
3421 5723 3622 5791 imper-

2031 5815 2184 5868 lecta.-
2219 5827 2432 5867 naturae
2465 5812 2707 5866 essentia
2757 5815 2848 5876 sit,
2879 5813 3034 5880 cujus
3085 5829 3150 5866 ne
3211 5813 3352 5868 ratio
3398 5815 3615 5882 quidem

2027 5909 2288 5962 exsistat?
2316 5907 2446 5961 lilud
2473 5904 2678 5960 Severo
2708 5918 2762 5960 et
2795 5905 3078 5974 discipulis
3104 5907 3222 5976 ejus
3279 5905 3614 5976 propositum
