3846 6596
385 407 516 474 1111

1623 404 2011 466 EUTHYMII
2050 406 2409 467 ZIGABENI

3492 419 3606 486 ill?

382 528 506 589 fuit,
537 537 594 581 ut
626 541 727 597 per
753 524 1020 581 defectum
1056 525 1347 594 quemdam
1401 525 1705 579 naturalem
1766 540 1964 579 arcana

2092 529 2214 581 ιατὰ
2260 528 2353 581 τὸν
2403 528 2634 594 Λέοντος
2665 528 2831 599 τόμον
2875 529 3154 601 ἐνεργείας
3200 533 3260 585 ού
3286 534 3495 609 λέγομεν
3532 545 3607 599 ἐπὶ

380 619 774 690 conjunctione
830 625 1136 685 susceptam
1191 627 1439 671 naturam
1493 618 1862 683 excluderent,
1899 620 1963 670 li-

379 724 633 782 ctamque
661 710 891 765 Manetis
926 709 1186 779 speciem,
1220 719 1277 766 et
1327 711 1647 781 Apollinarii
1684 710 1965 766 confusio-

381 819 528 865 nem,
580 812 635 857 et
676 801 997 872 Eutychetis
1045 803 1400 858 mutationem
1425 805 1651 858 duarum
1692 805 1741 857 in
1803 819 1964 857 uuam

380 892 675 948 essentiam
703 893 1111 949 conﬁrmarent.
1147 892 1367 949 Memini
1419 895 1588 958 enim,
1614 909 1736 949 cum
1790 909 1965 950 essem

380 989 433 1041 in
466 985 807 1042 Cretensium
878 986 1079 1051 insula,
1134 986 1302 1043 falsos
1354 989 1618 1058 quosdam
1679 989 1967 1060 episcopos

382 1079 567 1134 Severi
593 1080 901 1149 opinionem
921 1079 1274 1135 defendentes
1294 1080 1368 1134 ita
1402 1098 1610 1136 mecum
1639 1082 1966 1153 disputasse,

383 1184 440 1227 ut
469 1173 733 1238 dicerent,
767 1187 866 1227 nos
888 1172 1011 1227 ideo
1039 1173 1174 1228 duas
1208 1174 1262 1227 in
1297 1173 1517 1229 Christo
1551 1173 1968 1244 actionesjuxta

382 1264 580 1319 Leonis
638 1274 847 1319 tomum
898 1279 1134 1334 negare,
1193 1265 1446 1334 quoniam
1482 1265 1792 1319 voluntates
1846 1266 1972 1321 inde

382 1366 813 1425 consequuntur,
847 1372 911 1411 ex
940 1357 1136 1426 quibus
1167 1356 1382 1426 gemina
1412 1371 1641 1426 persona
1666 1356 1963 1426 colligitur.

2069 618 2341 688 Χριστοῦ,
2403 618 2490 672 διὰ
2523 619 2592 672 τὰ
2637 620 2881 678 ἑπόμενα
2921 621 3143 685 ταύταις
3208 624 3509 696 θελήματα,
3544 631 3608 699 οῖς

2068 709 2126 777 ἐξ
2165 709 2413 782 ἀνάγκης
2470 710 2783 782 προσώπων
2815 713 3195 782 συνεισάγεται
3245 716 3389 777 δυάς.
3440 720 3495 774 Ei
3535 725 3610 779 οὖν

2070 802 2211 854 κατὰ
2240 802 2333 856 τὸν
2368 800 2613 872 Σεὸῆρον
2648 804 2770 865 ταῖς
2803 804 3109 872 ἐνεργείαις
3133 802 3363 857 ἕπεσθαι
3390 811 3451 860 τὰ
3480 810 3611 882 θελή.

2072 908 2219 962 ματα
2248 892 2483 961 πέφυκε,
2511 895 2625 956 τοῖς
2649 893 2706 947 δὲ
2735 894 3008 965 θελήμασι
3037 897 3452 963 συνεισάγεσθαι
3473 905 3610 972 ’πρ-ἴα.

2070 1000 2195 1038 ωπα
2215 1022 2231 1049 ,
2269 984 2525 1054 καθάπερ
2552 985 2752 1048 αἰτίοις
2776 987 3019 1051 uirtuti,
3063 987 3159 1040 xui.
3181 990 3347 1041 παντὶ
3376 994 3612 1066 πρεσώπιρ

2069 1078 2312 1148 δηλονότι
2361 1078 2485 1132 κατ’
2537 1078 2700 1132 αύτὺν
2756 1079 3001 1152 θέλημα,
3063 1082 3158 1136 καὶ
3214 1081 3388 1153 τούτῳ
3435 1084 3613 1154 πάντας

2071 1171 2320 1242 ἐνέργεια
2372 1170 2870 1242 συνεισαχθήσεται
2920 1171 3254 1244 πρόσφορος.
3305 1173 3363 1228 '0
3398 1178 3495 1247 γὰρ
3532 1181 3615 1233 τῶν

2072 1265 2211 1335 πρός
2252 1282 2305 1317 τι
2336 1263 2489 1332 λόγος
2524 1262 2722 1317 ἄλυτον
2757 1262 2899 1334 ἔχων
2923 1266 3024 1336 τὴν
3056 1264 3244 1336 σχέσιν
3274 1266 3395 1335 [ortv
3423 1272 3616 1325 ποιεῖται

2071 1358 2171 1429 τὴν
2204 1357 2312 1410 τῶν
2344 1357 2549 1427 σχετῶν
2582 1355 2895 1420 ἀκολούθως
2944 1358 3340 1428 ἀντιστροφὴν.
3372 1359 3557 1416 Οὐκοῦν
3580 1366 3617 1417 εί

384 1448 441 1504 Si
484 1450 667 1520 igitur,
701 1458 757 1502 ut
789 1448 1028 1503 Severus
1054 1450 1329 1520 opinatur,
1351 1464 1415 1502 ex
1448 1447 1756 1502 actionibus
1780 1448 1973 1501 volun-

2092 1450 2176 1503 ιὲν
2226 1448 2437 1518 φυσικὰ
2485 1449 2554 1505 τὰ
2606 1447 2748 1501 κατὰ
2804 1449 3176 1521 ἀντιστροφὴν
3232 1454 3618 1524 συνεισαγόμενα

386 1553 547 1609 tates,
579 1552 633 1599 et
661 1558 727 1598 ex
761 1541 1137 1597 voluntatibus
1176 1556 1420 1613 persona:
1452 1548 1708 1612 tanquam
1746 1556 1832 1596 res
1859 1542 1973 1597 suis

2092 1542 2186 1605 τοῖς
2227 1539 2545 1610 προσώποις
2586 1534 2697 1594 εἷεν
2751 1538 3070 1613 θελήματα,
3114 1542 3149 1613 ἠ
3197 1544 3439 1613 μακαρία
3474 1546 3619 1612 Μονὰς

386 1650 450 1688 ex
476 1633 658 1689 causis
688 1634 1071 1703 provenientes
1111 1633 1466 1703 colliguntur,
1512 1642 1566 1687 et
1620 1647 1685 1687 ex
1741 1647 1969 1702 persona

2092 1635 2215 1686 ιατὰ
2258 1634 2497 1705 Σευῆρον
2536 1634 2633 1687 καὶ
2675 1631 2893 1700 φύσεων
2931 1631 3088 1686 ἔσται
3118 1634 3297 1704 Τριάς
3324 1650 3339 1665 ⁸
3370 1636 3414 1687 εί
3438 1636 3488 1688 δὲ
3516 1654 3615 1705 γνω.

387 1724 645 1779 nimirum
674 1724 951 1790 voluntas,
986 1732 1151 1796 atque
1172 1740 1235 1779 ex
1273 1725 1581 1793 voluntate,
1609 1725 1971 1797 quemadmo-

2092 1728 2235 1789 ιικὰ,
2261 1726 2546 1781 στασιάσει
2570 1726 2788 1789 πάντως
2815 1727 2951 1795 πρὸς
2975 1727 3177 1795 ἑαυτὴν
3209 1727 3285 1798 μὴ
3302 1729 3619 1797 συμϐαίνουσα

386 1819 513 1871 dum
551 1819 664 1889 ipse
694 1827 1136 1887 argumentatur,
1160 1819 1305 1875 actio
1333 1818 1411 1874 illi
1450 1833 1763 1890 congruens
1818 1817 1973 1872 colli-

2092 1816 2187 1879 ςοῐς
2232 1814 2574 1886 θελήμασιν,
2624 1814 2699 1880 ώς
2749 1816 3062 1885 προσώπων
3104 1817 3306 1887 Τριάς.
3342 1820 3411 1871 Ἥ
3452 1822 3621 1886 πάντως

385 1920 560 1978 gctur.
604 1910 806 1967 Eorum
831 1912 977 1967 enim
1006 1926 1128 1981 qua:
1154 1912 1299 1966 inter
1322 1926 1383 1967 se
1419 1910 1659 1967 vicissim
1719 1908 1968 1965 referun-

2092 1908 2237 1978 εἴπερ
2298 1905 2356 1959 ἐν
2414 1905 2632 1977 θέλημα
2688 1906 2791 1976 τῆς
2857 1906 3191 1978 ὐπερουσίου
3245 1910 3464 1982 Τριὰδος
3503 1913 3621 1978 ἐστὶ,

387 2011 495 2070 tur,
546 2014 730 2058 mutua
783 2012 870 2061 est
936 2004 1243 2061 conversio.
1275 2004 1640 2072 Quamobrem
1686 2003 1729 2057 si
1774 2010 1969 2057 natura

2092 1997 2514 2069 μονοπρόσωπος
2556 1996 2712 2049 ἔσται
2755 1997 2959 2068 Θεότης
3004 1999 3339 2070 τριώνυμος.

387 2108 605 2153 mutuus
653 2107 799 2154 esset
852 2096 997 2153 inter
1057 2113 1319 2168 personas
1360 2098 1781 2165 voluntatesque
1846 2101 2136 2162 respectus
2208 2102 2371 2161 atque
2408 2091 2716 2156 conversio,
2758 2090 2913 2145 beata
2957 2093 3046 2148 illa
3095 2094 3407 2150 Divinitatis
3461 2100 3620 2164 unitas,

385 2204 445 2245 ut
500 2192 737 2246 Severus
793 2193 973 2257 docet,
1007 2202 1119 2246 tres
1180 2191 1307 2246 item
1362 2189 1669 2247 voluntates
1731 2191 1977 2245 haberet.
2018 2187 2114 2244 Sin
2151 2196 2330 2241 autem
2359 2184 2627 2241 sententia
2689 2196 2985 2252 constaret,
3051 2202 3241 2242 secum
3299 2187 3406 2256 ipsa
3453 2190 3622 2246 dissen-

388 2287 537 2348 tiret,
605 2283 984 2339 voluntatibus
1046 2298 1152 2339 non
1220 2285 1582 2353 conveniens,
1650 2295 1709 2339 ut
1764 2283 2005 2340 Trinitas
2048 2294 2431 2353 personarum.
2472 2279 2581 2333 Aut
2641 2279 2888 2345 omnino,
2956 2279 3235 2348 siquidem
3297 2281 3623 2340 una'sumna

386 2378 671 2434 Trinitatis
693 2378 942 2433 voluntas
973 2385 1078 2433 est.
1111 2376 1378 2434 Divinitas
1402 2395 1565 2434 unam
1601 2387 1811 2435 tantum
1874 2378 2038 2435 habet
2064 2389 2373 2447 personam,
2405 2382 2460 2430 et
2503 2372 2703 2444 triplici
2735 2373 2953 2430 nomine
2978 2374 3311 2444 appellatur.

869 2469 955 2526 Ea:
1002 2470 1183 2527 eadem
1228 2473 1486 2528 oratione.

2526 2466 2629 2521 Ἐκ
2658 2466 2768 2521 τοῦ
2801 2466 2997 2522 αὐτοῦ
3030 2470 3252 2537 λόγου.

460 2565 541 2619 Tu
568 2564 662 2634 qui
704 2577 869 2617 unam
900 2562 1104 2619 Christi
1130 2562 1464 2620 voluntatem
1497 2562 1719 2631 asseris,
1752 2563 1836 2617 vir
1882 2578 1982 2633 op-

2164 2560 2260 2614 Ἒν
2291 2559 2347 2612 δὲ
2381 2558 2627 2630 Χριστοῦ
2660 2558 2879 2630 θέλημα
2902 2560 3104 2629 λέγων,
3129 2554 3177 2616 ὧ
3221 2559 3483 2631 βέλτιστε,
3510 2565 3619 2631 πῶς,

392 2660 546 2725 time,
579 2657 873 2727 quomodo,
898 2664 953 2711 et
986 2656 1202 2727 qualem
1252 2670 1374 2711 eam
1428 2654 1568 2712 dicis
1617 2654 1773 2710 esse?
1826 2653 1883 2708 Si
1927 2663 1984 2708 ut

2092 2654 2183 2707 καὶ
2221 2654 2375 2705 ποῖον
2410 2650 2571 2705 τοῦτο
2613 2650 2753 2723 φῄς;
2780 2651 2841 2704 ΕΞ
2874 2654 2975 2722 μὲν
3009 2654 3089 2716 ὡς
3140 2654 3387 2724 Χριστοῦ
3416 2658 3621 2725 φυσικὸν,

391 2750 596 2807 Christi
656 2747 993 2815 naturalem,
1025 2763 1147 2804 eum
1183 2764 1210 2802 a
1238 2747 1404 2805 Patre
1437 2758 1539 2805 eta
1568 2746 1741 2804 Matre
1787 2758 1983 2802 natura

2092 2749 2301 2822 Πατρὺς
2330 2748 2492 2819 φύσει
2543 2750 2639 2803 καὶ
2689 2751 2899 2821 μητρὸς
2919 2750 3087 2804 αὐτὸν
3116 2750 3503 2823 ἠλλοτρίωσας,
3538 2755 3622 2807 οὐδ’

391 2844 653 2915 sejungis,
686 2841 887 2913 quippe
918 2841 1009 2912 qui
1041 2839 1223 2897 neutri
1251 2840 1495 2912 ipsorum
1532 2854 1630 2911 per
1683 2838 1984 2894 essentiam

2092 2842 2269 2914 ἑτέρῳ
2303 2841 2426 2895 κατ’
2456 2840 2649 2895 οὐσίαν
2686 2841 3002 2912 ἑνούμενον·
3034 2843 3145 2897 οὐδ’
3200 2844 3392 2915 ἕτερον
3415 2847 3512 2917 γὰρ
3547 2849 3623 2900 αὑ-

391 2938 717 3007 conjunctus
749 2936 841 2991 sit.
869 2933 1071 2990 Neuter
1100 2933 1246 2990 enim
1317 2932 1561 3003 ipsorum
1594 2942 1788 2987 natura
1821 2930 1984 2987 Chri-

2092 2936 2199 2987 τοῖν
2232 2931 2400 3003 φύσει
2429 2932 2667 3004 Χριστός
2693 2951 2705 2965 ⁸
2735 2934 2831 2986 καὶ
2864 2933 2983 2996 πῶς
3012 2935 3263 3008 ἐκφεύξῃ
3312 2937 3463 2991 τοῦτο
3488 2938 3625 3007 λέγων

391 3044 527 3088 stus.
554 3032 607 3087 Id
640 3041 821 3085 autem
850 3030 895 3085 si
946 3029 1177 3096 dixeris,
1211 3043 1395 3084 nonne
1424 3026 1731 3100 periculum
1765 3024 1888 3088 erit,
1920 3038 1984 3080 ne

2092 3027 2187 3097 τῆς
2215 3026 2524 3091 πολυθετας
2552 3027 2645 3081 τδν
2689 3026 2979 3093 κίνδυνονς
3031 3029 3084 3082 εἰ
3125 3030 3186 3083 δὲ
3230 3031 3516 3101 γνωμικὸν,
3547 3034 3626 3103 μό-

391 3125 575 3199 plures
605 3123 738 3178 deos
785 3120 1133 3178 constituas?
1170 3121 1325 3188 Quod
1370 3119 1417 3175 si
1475 3120 1748 3175 sententia
1809 3116 1984 3173 solius

2092 3137 2186 3192 νης
2219 3119 2374 3174 ἔσται
2402 3122 2503 3191 τῆς
2548 3118 2714 3173 αὑτοῦ
2746 3122 3259 3192 χαρακτηριστικὸν
3302 3124 3625 3186 ὑποστάσεως.

394 3218 503 3274 erit
536 3216 797 3272 indicium
832 3230 1080 3285 persona:
1115 3231 1130 3270 :
1162 3212 1461 3268 voluntatis
1505 3212 1650 3267 enim
1712 3208 1983 3266 sententia

2094 3211 2401 3281 Προσώπου
2443 3213 2552 3284 γὰρ
2585 3212 2944 3282 ἀφοριστικδν
2994 3214 3241 3285 ὑπάρχει
3279 3215 3341 3269 τὸ
3367 3216 3625 3286 γνωμικὸν,

398 3326 628 3384 persona
661 3308 992 3365 describitur
1012 3316 1067 3363 et
1095 3305 1357 3363 delinitur
1381 3321 1395 3359 :
1424 3303 1831 3361 demonstrabis
1859 3318 1981 3358 eum

398 3421 427 3459 ι
462 3403 622 3459 Patre
654 3410 710 3458 et
738 3399 942 3471 Spiritu
966 3400 1243 3456 voluntate
1281 3397 1549 3455 dissidere
1570 3407 1626 3452 et
1648 3398 1983 3467 discrepare.

403 3499 500 3555 Sin
539 3497 709 3554 solius
740 3494 1046 3551 divinitatis
1083 3493 1275 3565 ipsius,
1310 3492 1548 3564 patibilis
1580 3490 1984 3554 eritdivinitas,

399 3601 453 3646 ct
488 3600 688 3661 pra-ter
714 3597 967 3643 naturam
998 3596 1188 3656 potum
1219 3592 1274 3639 et
1299 3585 1481 3639 cibum
1539 3591 1782 3654 appetet.
1809 3581 1879 3636 At
1939 3580 1985 3635 si

405 3679 764 3737 humanitatis
784 3679 901 3745 ejus
927 3676 1247 3748 solius,[non
1270 3677 1377 3733 erit
1398 3674 1585 3731 eliicax
1609 3682 1831 3740 natura,
1864 3685 1986 3727 cum

402 3772 475 3825 sit
502 3772 737 3823 humana
766 3782 780 3831 ;
823 3774 881 3820 et
908 3774 1151 3820 monstra
1175 3763 1334 3835 plane
1358 3760 1688 3817 videbuntur
1721 3774 1842 3815 esse
1872 3758 1990 3812 mi-

406 3860 613 3916 racuia.
641 3855 797 3924 Quod
829 3854 873 3911 si
905 3863 1113 3910 natura:
1147 3852 1435 3921 utriusque
1462 3863 1809 3907 communem
1837 3844 1991 3900 dixe-

402 3952 503 4019 ris,
530 3946 804 4021 quomodo
834 3945 1087 3999 voluntas
1108 3957 1298 3999 eorum
1328 3950 1518 3996 natura
1548 3936 1856 3995 communis
1884 3934 1992 3991 erit

404 4058 633 4113 quorum
661 4049 746 4095 est
774 4048 968 4092 natura
1000 4033 1256 4091 diversa?
1282 4031 1378 4087 Sin
1406 4040 1467 4086 ut
1499 4031 1665 4086 totius
1715 4041 1991 4099 composr-

405 4144 608 4200 tum,ut
638 4130 937 4185 novitatem
966 4139 1021 4183 et
1042 4124 1441 4182 absurditatem
1461 4122 1659 4179 fabula:
1680 4121 1992 4176 omittamus

407 4225 545 4291 (quae
561 4223 706 4277 enim
725 4230 901 4290 potest
920 4233 1039 4274 esse
1076 4216 1399 4285 compositio
1431 4213 1781 4286 voluntatis?)
1805 4226 1993 4267 rursus

408 4318 582 4388 ipsum
598 4330 628 4370 a
644 4313 805 4369 Patre
823 4312 1060 4367 alienum
1078 4311 1519 4373 constituis,cum
1541 4307 1820 4364 voluntate
1840 4320 1992 4362 com-

406 4411 583 4481 posita
628 4406 803 4463 solam
842 4420 1135 4480 personam
1162 4404 1520 4477 compositam
1548 4404 1844 4472 exprimas.
1874 4400 1991 4468 Qua

409 4502 630 4575 quidem
661 4501 875 4557 ratione
898 4500 1081 4555 omnis
1115 4498 1403 4568 plantatio,
1434 4512 1595 4568 quam
1620 4512 1726 4551 non
1775 4495 1990 4565 planta-

2096 3306 2193 3359 καὶ
2251 3304 2600 3376 δειχθήσεται
2642 3304 2835 3375 σαφῶς
2881 3306 3241 3378 ἑτερόύουλος
3273 3307 3444 3378 Πατρί
3472 3325 3522 3360 τε
3555 3310 3630 3361 καὶ

2095 3395 2379 3466 Πνεύματι
2405 3396 2549 3449 κατά
2584 3396 2665 3459 σὲ,
2691 3396 2787 3452 καὶ
2822 3396 3157 3470 μαχόμενος.
3191 3397 3258 3452 Ei
3288 3398 3345 3452 δὲ
3379 3399 3473 3468 τῆς
3493 3397 3627 3453 αὐτοῦ

2096 3476 2266 3558 μύνης
2294 3487 2575 3558 θεότητος,
2607 3489 2867 3561 ἐμπαθὴς
2910 3491 3069 3544 ἔσται
3102 3490 3304 3561 θεότης
3336 3495 3479 3559 παρὰ
3506 3494 3631 3557 φύσιν

2096 3579 2355 3651 βρώσεως
2387 3580 2484 3634 καὶ
2531 3581 2749 3646 πόσεως
2805 3582 3099 3654 ὲφιεμένη.
3163 3582 3231 3638 Ei
3283 3583 3341 3637 δὲ
3380 3584 3473 3653 τῆς
3500 3582 3630 3637 αὐτοῦ

2098 3672 2269 3742 μόνης
2300 3672 2747 3745 ἁνθρωπὸτητος,
2780 3674 2882 3728 οὐκ
2922 3675 3076 3729 ἔσται
3111 3675 3280 3745 φύσει
3328 3676 3629 3746 δραστήριον.

2096 3765 2223 3828 Πῶς
2250 3765 2383 3837 γὰρ,
2437 3765 2596 3845 εἴπερ
2640 3764 2989 3836 ἀνθρώπινον
3015 3783 3030 3833 ;
3058 3769 3177 3822 Καὶ
3230 3768 3528 3838 τερατώδης
3552 3768 3633 3820 6st-

2097 3858 2364 3930 χθήσεται
2407 3860 2600 3929 σαφῶς
2637 3862 2669 3927 ἡ
2722 3860 2832 3914 τῶν
2868 3860 3171 3930 θαυμάτων
3200 3862 3478 3927 ἐπίδειξις.
3508 3862 3559 3914 Εἰ
3588 3862 3631 3914 δὲ

2097 3950 2431 4023 ἀμφοτέρων
2474 3951 2635 4022 φύσει
2661 3952 2863 4020 κοινὸν,
2897 3953 3015 4016 πῶς
3065 3952 3224 4007 ἔσται
3279 3953 3483 4025 θέλημα
3507 3954 3632 4023 φύσει

2097 4042 2297 4107 κοινὸν,
2327 4035 2403 4096 ὧν
2434 4045 2466 4113 ἡ
2496 4042 2657 4113 φύσις
2687 4044 2950 4117 διάφορος
2977 4063 2991 4112 ;
3022 4034 3086 4098 Ei
3136 4044 3197 4098 δὲ
3223 4044 3301 4108 ὡς
3336 4046 3454 4099 ὅλου
3482 4046 3630 4098 σύνθε-

2096 4155 2216 4205 τον,
2276 4137 2416 4207 πρὸς
2455 4136 2533 4205 τῷ
2596 4138 2771 4208 καινῷ
2817 4138 2975 4208 μύθῳ
3010 4139 3101 4192 καὶ
3133 4139 3415 4210 πλάσματ(
3448 4138 3522 4201 τίς
3552 4138 3634 4207 γὰρ

2099 4222 2403 4294 θελήματος
2435 4224 2711 4296 σύνθεσις)
2746 4245 2761 4294 ;
2792 4228 2960 4282 πάλιν
2991 4228 3156 4281 αὑτὸν
3184 4229 3284 4283 τοῦ
3330 4229 3531 4301 nam;
3558 4219 3636 4298 ὴλ-

2098 4317 2420 4387 λοτρίωσας,
2454 4320 2699 4390 συνθέτῳ
2740 4320 3010 4391 θελήματι
3041 4323 3216 4392 μόνην
3261 4324 3634 4394 χαρακτηρίσας

2101 4409 2401 4463 ὑπόστασιν
2426 4409 2705 4467 σύνθετον.
2734 4411 2892 4467 Οὖτω
2931 4413 3029 4482 μὲν
3064 4410 3160 4466 οὖν
3212 4417 3397 4468 πᾶσαν
3446 4414 3635 4483 φυτείαν

2102 4502 2311 4569 ἐκριζοί
2341 4503 2627 4575 προελθὼν
2657 4507 2685 4560 ό
2727 4505 2908 4574 λόγος,
2943 4508 3009 4579 ἢν
3033 4509 3063 4561 ὁ
3083 4509 3275 4578 Πατὴρ
3300 4511 3398 4562 οὐκ
3442 4510 3633 4578 ἐφύτευσ-

410 4600 485 4652 vit
529 4597 691 4651 Pater
718 4593 1052 4650 eradicatur.
1107 4591 1255 4647 Nova
1291 4593 1438 4646 enim
1490 4588 1617 4659 tingi
1657 4605 1761 4644 non
1815 4596 1984 4658 potest

2104 4614 2220 4661 σεν,
2256 4598 2378 4651 ἐπεὶ
2408 4597 2487 4665 μὴ
2510 4600 2727 4667 πέφυκε
2772 4599 2834 4651 τὸ
2867 4599 3019 4664 ξένον
3062 4603 3466 4671 περιποιεῖσθαι
3492 4599 3637 4668 γεὼρ·

410 4689 769 4760 agritultura,
808 4688 902 4743 sed
932 4684 1243 4742 naturalem
1279 4683 1333 4739 in
1363 4682 1585 4740 Christo
1635 4680 1993 4736 humanitatis

407 4781 745 4837 voluntatem
775 4778 1009 4834 Severus
1037 4774 1283 4841 sustulit,
1314 4783 1374 4828 ut
1404 4772 1633 4837 videtur,
1663 4786 1785 4827 cum
1816 4772 1994 4824 omnis

409 4884 617 4930 natura:
640 4871 947 4942 praesertim
968 4870 1182 4927 ratione
1202 4866 1441 4938 praedita:
1459 4867 1692 4920 maxime
1709 4864 1990 4935 proprium

409 4976 464 5021 et
497 4967 730 5036 primum
763 4978 887 5020 esse
920 4963 1199 5033 ignoraret
1228 4960 1516 5032 appetendi
1583 4968 1811 5014 motum.
1839 4958 1991 5025 Quod

408 5063 603 5117 Patres
636 5055 1137 5112 animadvertentes
1164 5051 1473 5105 voluntates
1511 5052 1561 5105 in
1618 5050 1841 5106 Christo
1896 5066 1993 5104 na-

410 5165 553 5216 tura,
582 5165 690 5205 non
723 5156 902 5204 autem
934 5145 1207 5202 sententia
1248 5142 1558 5199 differentes
1581 5141 1817 5198 confessi
1841 5153 1987 5198 sunt.

408 5244 697 5313 Nunquam
724 5241 870 5298 enim
899 5240 954 5295 in
979 5238 1197 5294 Christo
1228 5236 1537 5294 voluntates
1571 5237 1839 5291 sententia
1892 5234 1996 5290 dif-

410 5338 647 5393 ferentes
709 5334 990 5399 dixerunt,
1044 5346 1117 5387 ne
1163 5331 1338 5404 ipsum
1389 5330 1602 5386 diversa
1652 5330 1880 5397 sentire,
1939 5339 1995 5384 et

316 5424 343 5474 ξι
410 5428 568 5493 velle,
599 5437 655 5483 et
686 5427 963 5482 rationum
988 5425 1259 5481 seditione
1291 5438 1478 5482 secum
1538 5438 1802 5495 pugnare,
1830 5434 1993 5494 atque

344 5505 354 5545 η’
413 5522 483 5576 ita
517 5520 783 5590 duplicem
816 5518 1019 5573 habere
1042 5532 1335 5589 personam
1369 5515 1757 5585 praedicarent.
1791 5515 1994 5571 intelli-

410 5612 761 5683 gebantenim
792 5612 893 5667 hac
925 5610 1035 5666 sola
1068 5610 1403 5665 voluntatum
1425 5610 1694 5666 sententia
1729 5610 1995 5665 dissiden-

416 5704 549 5755 tium
591 5701 923 5765 ditl’erentia,
975 5712 1087 5754 tum
1125 5711 1350 5769 peccato
1374 5702 1429 5756 in
1453 5702 1592 5755 hanc
1644 5700 1811 5754 vitam
1879 5703 1996 5755 adi-

413 5803 524 5845 tum
552 5804 672 5845 esse
699 5788 1050 5858 patefactum,
1090 5799 1200 5843 tum
1230 5789 1547 5846 inimicitias
1588 5789 1746 5846 nobis
1774 5802 1992 5847 exortas

415 5898 537 5939 esse
566 5897 689 5941 cum
720 5882 847 5940 Deo.
883 5881 1039 5938 Nulla
1074 5885 1220 5939 enim
1245 5883 1351 5938 alia
1385 5883 1437 5939 in
1476 5899 1533 5941 re
1586 5884 1786 5944 malum
1864 5903 1995 5947 cen-

2102 4709 2245 4760 γιον.
2294 4690 2436 4743 Ἀλλ’
2458 4690 2534 4754 ώς
2561 4693 2732 4758 ἔοικε,
2769 4690 2830 4745 τὸ
2866 4693 3101 4762 φυσικὸν
3141 4692 3361 4765 θέλημα
3399 4696 3489 4764 τῆς
3524 4691 3635 4743 κατὰ

2102 4782 2337 4852 Χριστὸν
2364 4782 2795 4853 ἁνθρωπότητος
2824 4784 3070 4854 Σευῆρος
3096 4786 3331 4848 ἀνεῖλεν,
3362 4786 3457 4838 οὐκ
3492 4782 3634 4844 εἰδὼς,

2100 4876 2183 4928 δτι
2222 4874 2561 4946 κυριώτερόν
2600 4891 2659 4928 τε
2700 4876 2795 4928 καὶ
2840 4876 3059 4947 πρῶτον
3098 4877 3302 4948 ἰδίωμα
3339 4879 3510 4947 πάσης
3557 4875 3636 4941 μά-

2101 4969 2263 5022 λιστα
2295 4967 2511 5038 φύσεως
2566 4966 2797 5037 λογικῆς
2857 4971 2889 5040 ὴ
2959 4968 3082 5023 κατ’
3115 4970 3307 5039 ἔφεσιν
3346 4969 3509 5039 αὐτῆς
3534 4967 3636 5021 καθ·

2103 5061 2303 5131 έστηκε
2334 5060 2574 5134 κίνησις,
2598 5063 2665 5131 ἢν
2696 5065 2744 5116 oi
2776 5064 3023 5134 Πατέρες
3079 5064 3476 5133 σκοπήσαντες,
3510 5075 3637 5131 φυσι-

2102 5150 2239 5214 κῶν,
2290 5151 2407 5203 ἀλλ’
2458 5151 2520 5204 ού
2573 5154 2873 5223 γνωμικῶν
2902 5154 2994 5206 ἐπὶ
3048 5152 3289 5223 Χριστοῦ
3357 5152 3635 5221 θελημὰτων

2100 5242 2367 5313 διαφορὰν
2400 5242 2671 5313 λαμπρῶς
2696 5243 3079 5314 ὡμολόγησαν.
3108 5245 3185 5299 Οὐ
3224 5246 3335 5316 γὰρ
3382 5247 3446 5299 ἂν
3487 5240 3637 5307 ἔλεγόν

2102 5352 2235 5390 ποτε
2269 5336 2567 5405 γνωμικῶν
2598 5336 2695 5388 ἐπὶ
2728 5337 2975 5409 Χριστοῦ
3026 5337 3355 5408 θελημάτων
3393 5337 3634 5404 διαφορὰν,

2103 5426 2190 5481 ἵνα
2220 5425 2300 5498 μὴ
2322 5425 2620 5495 δίγνωμον,
2654 5426 2750 5479 καὶ
2775 5426 3044 5493 δίδουλον,
3072 5430 3169 5481 καὶ
3196 5422 3307 5482 οἷον
3357 5429 3524 5481 είπείν
3559 5442 3637 5493 μαι

2104 5520 2340 5591 χύμενον
2378 5519 2560 5587 ἑαυτῷ
2593 5521 2660 5591 τῇ
2716 5519 2907 5576 στάσει
2957 5520 3069 5574 τῶν
3097 5520 3400 5590 λογισμῶν,
3447 5518 3535 5572 καὶ
3571 5514 3637 5567 διὰ

2105 5614 2271 5667 τοῦτο
2326 5612 2679 5683 διπρόσωπον
2727 5612 2892 5667 αὑτὸν
2931 5615 3280 5685 κηρύττωσιν
3327 5613 3380 5667 ot
3433 5628 3493 5680 τε
3525 5606 3637 5663 κατὰ

2107 5706 2279 5776 μόνην
2306 5707 2509 5776 ταύτην
2537 5705 2903 5776 γινώσκοντες
2957 5707 3057 5778 τὴν
3104 5708 3215 5762 τῶν
3255 5705 3535 5777 γνωμικῶν
3573 5703 3639 5755 θε-

2108 5799 2373 5870 λημάτων
2432 5798 2703 5870 διαφορὰν
2753 5800 2813 5851 ὲν
2851 5799 2930 5870 τῷ
2976 5799 3076 5870 βίῳ
3126 5800 3451 5871 γεγενῆσθαι
3476 5797 3561 5864 τήν
3595 5808 3637 5844 τε

2102 5892 2202 5967 τῆς
2248 5888 2527 5964 ἁμαρτίας
2558 5891 2787 5963 εἴσοδον,
2829 5892 2926 5949 καὶ
2957 5894 3056 5964 τὴν
3091 5894 3223 5963 πρὸς
3263 5893 3352 5947 τὸν
3385 5889 3510 5946 Θεὸν
3536 5887 3638 5957 mtto
