3952 6612
353 420 496 491 1113

1310 417 1689 479 PANOPLIA
1728 414 2191 477 DOGMATICA.
2229 439 2299 451 -
2336 414 2483 478 ΤΙΤ.
2526 415 2685 479 XXI.

3473 408 3611 476 1114

345 542 520 611 τέραν
551 537 852 593 διάστασιν.
890 533 981 588 'Ev
1007 532 1185 587 οὐδενὶ
1215 532 1326 601 γὰρ
1356 530 1501 601 ἄλλῳ
1526 532 1830 602 καθέστηκε
1870 530 1926 582 τὸ

2033 529 2199 593 sistit,
2224 530 2330 585 nisi
2362 530 2412 582 in
2440 543 2504 581 eo
2525 528 2862 595 discrimine,
2888 528 3031 601 quod
3060 537 3144 585 est
3173 528 3319 583 inter
3362 530 3613 584 volunta-

346 632 546 694 κακὸν,
578 632 629 683 εί
665 630 741 700 μὴ
770 628 931 698 μόνον
962 624 1022 679 ὲν
1041 627 1108 696 τῇ
1146 623 1283 695 πρὸς
1322 624 1382 676 τδ
1407 625 1551 676 θεῖον
1578 623 1791 694 θέλημα
1811 622 1931 676 δια-

349 726 499 795 φορᾷ
534 722 632 777 τοῦ
673 721 814 777 κατὰ
848 719 1079 791 γνώμην
1112 718 1388 789 ἡμετέρου
1418 716 1752 786 θελήματος,
1786 712 1931 788 ᾗτινι

348 820 572 880 πάντως
624 814 979 885 ἀντικειμένη
1039 813 1426 879 συνεισάγεται
1487 811 1746 881 ποσότης,
1781 812 1932 863 καὶὸ

346 910 559 979 ταύτης
600 907 901 980 δηλωτικδς
952 903 1190 977 ἀριθμὸς
1231 902 1452 964 δεικνὺς
1488 903 1622 973 ἡμῖν
1671 901 1805 971 πρὸς
1839 900 1931 954 τὸν

347 1003 488 1056 Θεὸν
510 1002 606 1055 τοῦ
629 998 916 1071 γνωμικοῦ
948 997 1257 1068 θελήματος
1294 994 1668 1049 ἀντιπάθειαν.
1706 986 1932 1057 Είςοῦν

350 1095 637 1165 Νεστορίῳ
666 1111 725 1147 τε
757 1092 854 1145 καὶ
884 1090 1109 1161 Σευήρῳ
1138 1090 1270 1159 περὶ
1300 1087 1397 1141 τοῦ
1434 1087 1719 1140 δυσσεϐεῖν
1749 1087 1933 1156 ὑπάρ-

350 1202 443 1254 χει
478 1183 707 1248 σκοπὸς,
751 1182 854 1235 κᾶν
913 1183 941 1234 6
981 1179 1184 1251 τρόπος
1242 1178 1526 1247 διάφορος.
1568 1177 1626 1231 '0
1678 1178 1778 1247 μὲν
1821 1179 1932 1248 γάρ

346 1277 439 1331 διὰ
474 1279 575 1346 τὴν
608 1276 873 1349 σύγχυσιν
907 1273 1127 1344 φεύγων
1157 1271 1256 1342 τὴν
1298 1272 1766 1325 καθὀὑπόστασιν
1798 1270 1933 1323 ἒνω⁴

349 1388 461 1435 σιν,
493 1369 594 1438 τὴν
645 1367 878 1438 οὑσιώδη
937 1364 1206 1436 διαφορὰν
1257 1365 1621 1436 προσωπικὴν
1664 1362 1932 1434 διαίρεσιν

353 1463 623 1513 ποιεῖται·
653 1460 682 1512 6
736 1459 793 1513 δὲ
822 1458 911 1512 διὰ
945 1458 1044 1529 τὴν
1101 1458 1369 1528 διαίρεσιν
1423 1457 1524 1529 τὴν
1584 1457 1819 1527 οὐσιώδη
1854 1459 1933 1529 μὴ

349 1550 526 1619 λέγων
546 1549 833 1619 διαφορὰν,
882 1550 985 1620 τὴν
1021 1548 1144 1603 καθ’
1188 1548 1493 1602 ὑπόστασιν
1536 1548 1729 1603 ἕνωσιν
1768 1566 1932 1618 φυσι-

347 1641 454 1711 κὴν
507 1641 803 1710 ἐργάζεται
853 1642 1146 1712 σύγχυσιν,
1191 1643 1315 1696 δέον
1365 1643 1504 1713 μήτε
1539 1643 1805 1713 σύγχυσιν
1837 1643 1931 1697 ἐπὶ

349 1733 615 1801 Χριστοῦ,
648 1733 785 1804 μήτε
815 1733 1107 1805 διαίρεσιν,
1153 1734 1269 1790 ἀλλ’
1298 1735 1495 1788 ἕνωσιν
1533 1736 1642 1787 τῶν
1673 1735 1795 1789 κατ’
1836 1737 1930 1790 οὑ-

351 1823 477 1875 σίαν
503 1824 901 1894 διαφερόντων,
925 1825 1020 1880 καὶ
1052 1826 1316 1894 διαφορὰν
1349 1827 1457 1881 τῶν
1479 1827 1604 1880 καθ’
1630 1829 1928 1881 ὑπόστασιν

351 1914 652 1984 ήνωμένων
676 1915 987 1985 ὁμολογεῖν,
1020 1918 1107 1970 ἵνα
1138 1920 1236 1971 καὶ
1272 1919 1383 1971 τῶν
1425 1920 1627 1972 οὐσιῶν
1676 1921 1705 1972 6
1748 1920 1929 1989 λόγος,

349 2008 446 2062 καί
468 2007 566 2077 τῆς
589 2006 837 2073 ἐνώσεως
865 2011 894 2063 6
917 2010 1118 2081 τρόπος
1152 2011 1397 2074 εὐσεϐῶς
1428 2013 1924 2083 ,καταγγέλληταιο

348 2090 426 2149 ῶν
470 2097 640 2167 ἄμφω
682 2099 1101 2170 διαρραγέντες,
1132 2103 1159 2154 6
1207 2103 1308 2172 μὲν
1339 2100 1439 2173 τὴν
1473 2101 1583 2155 τῶν
1625 2102 1928 2171 γνωμικῶν

351 2188 536 2257 μόνων
591 2192 898 2261 ποιοτήτων
953 2193 1173 2258 ἕνωσιν,
1222 2196 1250 2246 6
1297 2193 1481 2262 δὲτὴν
1519 2193 1631 2247 τῶν
1681 2193 1929 2263 φυσικῶν

352 2280 536 2349 μόνων
595 2281 735 2350 μετὰ
789 2283 889 2352 τὴν
941 2282 1143 2338 ἕνωσιν
1217 2282 1569 2353 ὲπικυρώσας
1630 2283 1923 2355 διαφορὰν,

343 2374 520 2442 ἄμφω
546 2374 647 2444 τῆς
699 2374 810 2428 τῶν
862 2376 1207 2446 πραγμάτιον
1250 2375 1513 2447 ἀληθείας
1558 2375 1866 2441 ἀπέπεσαν,
1897 2381 1927 2433 6

2036 631 2141 676 tem
2183 620 2276 675 Dei
2330 621 2733 677 etvoluntatem
2777 632 3043 678 nostram.
3073 619 3191 688 Quo
3251 621 3465 690 quidem
3488 635 3619 674 con-

2038 714 2201 768 traria
2235 730 2457 784 prorsus
2486 718 2760 784 quantitas
2782 716 3150 781 constituitur,
3183 721 3238 769 et
3261 715 3404 769 illius
3451 715 3616 769 inde!

2036 824 2318 871 numerus,
2355 810 2446 874 qui
2484 808 2639 863 nobis
2667 809 2903 863 ostendit
2929 808 3226 863 voluntatis
3250 823 3279 861 a
3333 806 3447 863 Deo
3506 806 3618 861 dis-

2035 901 2312 970 crepantis
2341 899 2745 955 diversitatem.
2791 900 2940 954 Idem
2968 900 3133 969 igitur
3167 898 3415 955 Nestorio
3439 910 3490 953 et
3519 899 3617 953 Se-

2036 1007 2167 1046 vero
2227 1000 2292 1047 ad
2342 993 2677 1063 impietatem
2736 994 3075 1063 propositum
3124 1003 3229 1056 est,
3302 993 3412 1046 :‘cet
3472 992 3611 1045 ratio

2038 1085 2251 1142 diversa
2284 1088 2378 1142 sit.
2403 1088 2498 1142 llle
2536 1086 2679 1142 enim
2709 1085 2835 1141 dum
2871 1086 3252 1141 confusionem
3308 1085 3468 1150 vitat,
3532 1097 3614 1139 sic

2034 1182 2223 1252 effugit
2249 1182 2513 1236 unitatem
2547 1193 2819 1248 personae,
2846 1189 2903 1233 ut
2959 1193 3059 1248 pro
3098 1176 3405 1232 differentia
3466 1187 3615 1229 natu-

2037 1273 2131 1325 rali
2164 1287 2406 1340 personae
2433 1270 2754 1325 divisionem
2812 1269 3139 1324 constituat.
3179 1267 3275 1322 Hic
3315 1282 3443 1321 vero
3487 1265 3612 1319 dum

2035 1365 2355 1419 divisionem
2411 1362 2670 1426 declinat,
2706 1362 2777 1417 ita
2801 1371 3011 1416 natura:
3034 1369 3196 1428 negat
3256 1358 3619 1413 differentiam

2035 1459 2087 1512 in
2120 1473 2365 1527 personae
2427 1457 2900 1528 coniunctionem,
2955 1463 3013 1509 ut
3070 1453 3371 1508 naturalem
3423 1452 3623 1505 efficiat

2036 1551 2434 1607 confusionem.
2487 1549 2622 1604 Cum
2648 1564 2748 1604 nec
2800 1546 3051 1603 confusio
3102 1545 3157 1599 in
3213 1544 3453 1608 Christo,
3515 1557 3617 1597 nec

2039 1645 2262 1710 divisio,
2296 1642 2392 1698 sed
2423 1641 2661 1697 essentia
2693 1639 3055 1695 differentium
3098 1636 3437 1707 coniunctio,
3472 1642 3527 1689 et
3561 1635 3616 1688 in

2035 1752 2264 1808 persona
2290 1736 2704 1805 coniunctorum
2751 1731 3063 1787 differentia
3112 1732 3184 1785 sit
3237 1729 3559 1784 confitenda
3598 1743 3615 1780 :

2035 1838 2171 1884 utet
2202 1837 2527 1884 naturarum
2558 1827 2721 1891 ratio,
2746 1835 2799 1880 et
2831 1823 3233 1894 coniunctionis
3276 1823 3473 1876 medus
3527 1822 3614 1891 pie

2037 1918 2440 1987 pronuntietur.
2467 1916 2710 1984 Quorum
2746 1914 2819 1968 illi
2859 1924 3155 1982 utrumque
3212 1910 3616 1982 perfregerunt,

2038 2011 2166 2066 dum
2198 2025 2336 2064 unus
2366 2009 2691 2079 qualitatum
2720 2006 2774 2061 in
2833 2004 3106 2061 sententia
3143 2011 3351 2057 tantum
3387 2001 3619 2069 conjun-

2038 2104 2299 2165 ctiunem,
2328 2101 2462 2156 alter
2493 2100 2818 2157 naturalium
2844 2096 3220 2155 tantummodo
3246 2102 3369 2167 post
3392 2094 3619 2164 conjun-

2034 2197 2272 2251 ctionem
2296 2192 2659 2251 differentiam
2686 2192 2907 2248 asserit.
2951 2192 3133 2261 Atque
3168 2190 3242 2244 ita
3273 2190 3435 2242 ambo
3463 2202 3490 2238 a
3521 2202 3613 2240 ve-

2035 2298 2195 2344 ntate
2216 2288 2559 2352 exciderunt,
2593 2288 2718 2343 dum
2768 2301 2913 2341 unus
2959 2282 3205 2355 mysterii
3263 2281 3614 2348 divisionem,

2034 2383 2173 2439 alter
2195 2384 2571 2439 confusionem
2597 2382 2861 2438 audacter
2904 2379 3187 2451 diiudicat.

351 2465 455 2534 μὲν
469 2464 759 2537 διαίρεσιν,
778 2469 803 2520 6
824 2466 879 2522 δὲ
900 2466 1165 2538 σύγχυσιν
1183 2468 1276 2523 τοῦ
1303 2472 1609 2541 μυστηρίου
1628 2470 1920 2545 τολμηρῶς
1962 2480 2414 2549 κατακρίναντες.

348 2586 466 2645 Τοῦ
493 2588 682 2644 αὐτοῦ
708 2589 776 2643 ἐκ
806 2590 916 2645 τοῦ
939 2592 1082 2647 (trav
1109 2592 1215 2718 r1175
1239 2593 1390 2661 πρὸς
1425 2594 1767 2662 Νίκανδρον
1797 2597 1924 2651 ἐπι-

1007 2678 1119 2716 σ’το
1163 2684 1259 2718 710.

1007 2678 1259 2733 omine.

414 2752 550 2805 Οὐδὲ
599 2753 709 2821 γὰρ
770 2752 870 2823 τὴν
927 2752 1079 2805 θείαν
1141 2754 1303 2823 φύσιν
1357 2755 1453 2808 καὶ
1506 2753 1766 2809 ἄκτιστον
1796 2755 1927 2809 ἁνύ-

337 2846 592 2915 παρκτόν
642 2863 701 2899 τε
755 2850 847 2899 καὶ
895 2846 1158 2916 ἁθέλητον
1206 2847 1631 2920 ἢάνενέργητον
1678 2847 1926 2919 καθορῶ-

343 2957 469 3012 μενο
504 2938 628 2992 οὔτε
665 2939 771 3011 μὴν
827 2941 927 3010 τὴν
954 2939 1180 3011 κτιστὴν
1228 2941 1348 2993 καθ’
1383 2942 1531 3011 ἡμᾶς
1565 2943 1660 2995 καὶ
1713 2942 1923 3012 ἀνθρω-

342 3036 507 3104 πίνην
539 3033 728 3087 οὐσίαν
762 3032 1112 3104 ἀνύπαρκτόν
1139 3050 1199 3085 τε
1230 3034 1326 3086 καὶ
1377 3033 1643 3104 άθέλητον
1693 3034 1727 3104 ἢ
1765 3036 1922 3087 ἀνεν-

341 3128 575 3198 έργητον
600 3123 1058 3196 ὲπιγινώσκομεν.
1079 3127 1190 3181 Kal.
1207 3127 1254 3178 εἰ
1275 3126 1548 3197 μηδεμίαν
1564 3127 1772 3181 τούτων
1791 3128 1919 3199 ἕρη-

344 3235 449 3291 μον
495 3216 841 3286 ἐπιστάμεθα
886 3216 1127 3285 φυσικῆς
1179 3215 1493 3288 ὑπάρξεως,
1540 3217 1811 3288 θελήσεώς
1864 3234 1924 3270 τε

2029 3225 2080 3269 et
2152 3211 2432 3269 voluntate
2506 3214 2621 3268 sive
2701 3214 3021 3283 operatione
3099 3223 3397 3270 carentem.

342 3308 442 3362 καὶ
469 3307 775 3378 ἐνεργείας,
799 3309 865 3362 ἐκ
896 3306 1107 3361 τούτων
1148 3307 1226 3374 δὲ,
1273 3308 1428 3371 θείας
1460 3308 1674 3380 φύσεως
1705 3308 1802 3362 καὶ
1829 3309 1924 3363 άν-

342 3398 625 3470 θρωπίνης
661 3398 879 3469 φύσεως
919 3400 1086 3470 λέγω,
1114 3402 1210 3456 καὶ
1236 3403 1293 3456 έν
1319 3402 1569 3468 ταύταις,
1600 3406 1693 3457 καὶ
1718 3403 1924 3457 τούτων

343 3489 644 3554 ὑπόστασις
691 3493 805 3545 ἔστι
840 3492 960 3546 κατ’
993 3493 1254 3564 ἀλήθειαν
1292 3496 1322 3547 6
1366 3491 1450 3558 εἷς
1479 3498 1573 3548 καὶ
1610 3496 1767 3566 μόνος
1792 3497 1924 3568 Χρι-

343 3579 469 3645 στὸς
492 3584 588 3634 καὶ
617 3582 764 3647 Υἱὸς,
806 3583 944 3649 πῶς,
992 3585 1148 3655 εῐπερ
1194 3586 1352 3654 φύσει
1400 3587 1603 3658 κυρίως
1645 3586 1798 3653 Θεὸς,
1830 3586 1925 3641 καὶ

341 3672 506 3741 φύσει
541 3674 745 3746 κυρίως
788 3674 1078 3748 ἄνθρωπος
1108 3679 1136 3730 6
1163 3678 1347 3746 αὐτὸς,
1374 3678 1493 3749 οὐχὶ
1539 3679 1633 3732 καὶ
1663 3679 1805 3733 θεῖον
1834 3679 1925 3733 θέ-

340 3763 495 3834 λημα
546 3764 639 3817 καὶ
688 3766 974 3836 ἐνέργειαν
1006 3768 1168 3837 φύσει
1208 3770 1433 3841 κυρίως,
1464 3772 1562 3824 καὶ
1589 3769 1927 3843 ἀνθρώπινον

341 3856 576 3927 θέλημα,
604 3860 699 3911 καὶ
725 3857 1006 3929 ἐνέργειαν
1038 3860 1198 3930 φύσει
1228 3862 1436 3934 κυρίως
1461 3858 1595 3933 εἶχε,
1629 3864 1924 3935 μηδετέρου

340 3945 548 3999 τούτων
586 3947 727 4001 κατὰ
768 3948 930 4017 φύσιν
964 3949 1039 4003 ῶν
1080 3950 1323 4023 ἐλλιπὴς,
1354 3952 1422 4006 δι’
1450 3945 1524 4007 ὧν
1573 3954 1927 4026 ὲπαληθεύων

338 4042 455 4102 τοῖς
489 4040 781 4111 πράγμασι
811 4041 880 4095 τὰ
913 4041 1172 4112 ὀνόματα,
1204 4043 1301 4098 καὶ
1330 4043 1543 4108 τούτοις
1602 4043 1759 4109 αὖθις
1808 4046 1927 4100 ἐπι-

338 4131 528 4201 κυρῶν
558 4133 626 4185 τὰ
646 4131 972 4203 πράγματα,
1006 4134 1289 4204 προδήλως
1315 4135 1343 4188 ό
1372 4134 1536 4198 αὐτὸς
1578 4136 1924 4208 ὲγνωρίζετο,

335 4224 411 4279 τά
454 4241 512 4278 τε
571 4223 690 4277 θεῖα
708 4226 804 4278 καὶ
834 4224 1152 4295 ἀνθρώπινα
1185 4226 1432 4297 φυσικῶς
1460 4226 1601 4298 ἔχων
1623 4228 1718 4280 καὶ
1749 4229 1917 4283 θέλων

338 4316 435 4368 καὶ
463 4316 722 4385 ἐνεργῶν,
765 4320 875 4371 κάκ
904 4317 1096 4372 τούτου
1136 4319 1206 4373 τὰ
1243 4320 1299 4389 ἐξ
1338 4313 1434 4384 ὧν,
1462 4323 1557 4377 καὶ
1608 4324 1664 4377 ὲν
1693 4319 1796 4388 οἷς,
1829 4326 1925 4379 καὶ

338 4406 487 4478 άπερ
542 4407 779 4478 ὑπῆρχε,
823 4408 1253 4479 πιστευόμενος;
1306 4410 1479 4479 Ἐπεὶ,
1539 4412 1634 4467 τοῦ
1693 4415 1924 4485 φυσικοῦ

340 4498 644 4570 θελήματος
686 4500 781 4553 καὶ
826 4501 925 4572 τῆς
966 4501 1254 4566 οὐσιώδους
1283 4505 1565 4575 ἐνεργείας
1603 4506 1927 4579 ἀναιρουμέ-
1952 4545 1993 4600 D

337 4610 468 4657 νων,
516 4593 617 4663 τῆς
649 4611 709 4646 τε
753 4592 903 4658 θείας
943 4594 1037 4647 καὶ
1083 4595 1433 4667 ἀνθρωπίνης
1475 4598 1687 4664 οὐσίας,
1719 4600 1810 4655 τοῦ
1862 4602 1927 4655 ἐκ

336 4684 545 4738 τούτων
579 4685 673 4738 καὶ
711 4686 918 4749 ταύτας
954 4686 1107 4749 ὄντος
1157 4689 1250 4741 καὶ
1298 4686 1565 4754 σώζοντος
1607 4692 1750 4745 κατὰ
1797 4693 1926 4764 μίαν

338 4776 661 4842 ὑπόστασιν,
688 4778 805 4842 πῶς
836 4778 965 4843 Θεὸς
1009 4779 1043 4852 ἢ
1094 4779 1380 4853 ἄνθρωπος
1436 4782 1591 4837 ἔσται
1623 4800 1637 4850 ;
1672 4786 1766 4839 καὶ
1808 4786 1928 4849 πῶς

334 4865 515 4931 τοῦτο,
563 4867 596 4937 ἢ
650 4868 826 4921 ἐκεῖνο
869 4868 989 4921 κατ’
1019 4869 1207 4923 οὐσίαν
1258 4871 1521 4943 ὑπάρχων
1554 4872 1924 4944 δειχθήσεται,

340 4958 419 5029 μὴ
451 4957 640 5021 σώζων
669 4959 934 5031 ἑκατέρας
956 4960 1171 5029 φύσεως
1202 4962 1505 5027 άνελλιπῶς
1527 4964 1626 5036 τὴν
1661 4965 1923 5037 ἰδιότητα,

337 5052 523 5121 πάσης
579 5052 857 5124 ἁμαρτίας
897 5055 1100 5128 χωρίς;
1154 5053 1228 5108 T6
1275 5055 1382 5127 γὰρ
1426 5056 1537 5110 τῶν
1578 5057 1721 5113 κατὰ
1763 5058 1926 5130 φύσιν

336 5144 560 5213 ὲκστᾷν,
587 5144 692 5198 κᾶν
718 5145 817 5213 τῆς
840 5143 945 5209 ἔξω
974 5147 1069 5216 τῆς
1096 5146 1287 5211 οὐσίας
1310 5149 1622 5218 γεγένηται,
1653 5149 1925 5221 μηδεμίαν

339 5234 577 5306 ὓπαρξιν
627 5237 778 5308 ἔχοψ
825 5238 908 5291 ὅτι
966 5238 1099 5309 μηδὲ
1129 5239 1346 5310 κίνησιν
1380 5244 1637 5313 φυσικήν.
1675 5262 1693 5295 ι
1716 5242 1791 5297 T6
1817 5243 1926 5316 γὰρ

340 5327 615 5398 μηδεμίαν
650 5328 865 5399 κίνησιν
908 5328 1051 5401 ἔχον,
1078 5350 1095 5382 ι
1208 5349 1374 5402 φησιν
1416 5333 1445 5386 ό
1478 5332 1799 5406 θεοφάντωρ
1830 5335 1926 5389 καὶ

341 5419 517 5490 μέγας
546 5418 702 5488 ἅγιος
732 5421 1006 5485 Διονύσιος
1028 5421 1094 5487 ³⁵,
1123 5442 1141 5474 ι
1166 5421 1290 5477 οὐτε
1322 5423 1488 5490 ἔστιν,
1532 5424 1657 5480 οὔτε
1673 5426 1725 5480 τί
1753 5428 1922 5482 ἔστιν’

337 5507 464 5562 οὐτε
512 5510 627 5563 ἐστι
679 5527 765 5574 τις
807 5509 976 5564 αὐτοῦ
1027 5512 1306 5577 παντελῶς
1339 5514 1511 5579 θέσις.
1556 5535 1576 5569 ι
1702 5516 1802 5572 Διά
1842 5535 1923 5571 τοι

336 5602 500 5655 τοῦτο
546 5601 645 5665 τὰς
692 5601 934 5673 Χριστοῦ
975 5602 1069 5656 τοῦ
1112 5603 1248 5657 Θεοῦ
1294 5606 1486 5673 φύσεις
1526 5608 1922 5678 ὁμολογοῦντας

336 5695 510 5765 ἡμᾶς,
540 5694 641 5766 τὴν
670 5694 823 5750 θείαν
858 5696 1005 5768 φημὶ
1038 5696 1135 5751 καὶ
1173 5696 1273 5768 τὴν
1308 5698 1433 5753 καθ’
1461 5701 1613 5771 ἡμᾶς
1651 5702 1924 5772 ἀνθρωπί-

337 5804 460 5858 νην,
489 5788 628 5859 πρὸς
678 5781 902 5859 βεϐαίαν
947 5789 1046 5861 τῆς
1073 5806 1129 5844 τε
1160 5790 1365 5845 τούτων
1395 5793 1685 5866 ὑπάρξεως
1721 5796 1924 5850 πίστω·

340 5896 448 5947 σιν,
481 5882 575 5935 καὶ
611 5882 713 5956 τῆς
737 5882 898 5955 ἡμῶν
931 5884 1060 5955 περὶ
1095 5883 1278 5943 αὐτῶν
1322 5885 1609 5960 ὁμολογίας
1643 5888 1920 5961 ἀλήθειαν,

2248 2598 2503 2668 Ejusdem
2538 2614 2603 2653 ex
2633 2595 2857 2668 epistola
2907 2595 2977 2651 ad
3017 2592 3376 2650 Nicandrum.

2098 2740 2286 2814 Neque
2359 2744 2599 2799 divinam
2675 2757 2729 2802 et
2807 2748 3107 2804 increatalu
3185 2762 3433 2804 naturam
3494 2766 3606 2807 non

2023 2851 2152 2892 vere
2240 2838 2595 2893 exsistentem
2673 2841 2960 2909 videmus,
3048 2844 3457 2914 voluntatisque
3542 2861 3608 2900 ac

2029 2932 2363 3002 Operationis
2423 2946 2736 3003 espertem;
2815 2944 2871 2989 at
2933 2949 3112 3005 neque
3179 2953 3372 2993 rursus
3449 2952 3607 2992 crea-

2029 3036 2139 3081 tam
2226 3026 2385 3081 nobis
2451 3027 2685 3082 similem
2754 3035 2918 3096 atque
2982 3026 3274 3083 humanam
3349 3030 3609 3085 substan-

2029 3122 2199 3186 tiam,
2279 3121 2449 3190 ipsam
2527 3134 2634 3174 non
2705 3135 2832 3175 vere
2909 3122 3260 3177 exsisteutem
3333 3124 3611 3193 novimus,

3508 3215 3562 3270 Si
3573 3234 3607 3271 ιι

2027 3316 2211 3365 autem
2300 3316 2554 3363 neutram
2641 3305 2800 3363 deﬁci
2877 3309 3085 3363 scimus
3162 3322 3289 3364 vera
3372 3308 3612 3364 naturali

2020 3404 2339 3460 exsistentia
2364 3419 2429 3460 ac
2455 3404 2789 3469 substantia,
2831 3419 3049 3459 necnon
3073 3404 3360 3459 voluntate
3387 3417 3451 3457 ac
3477 3417 3610 3471 ope-

2022 3495 2262 3561 ratione;
2306 3503 2471 3565 atque
2515 3510 2584 3550 ex
2621 3495 2710 3551 his
2758 3496 2965 3567 (divina
3007 3496 3219 3552 scilicet
3258 3495 3607 3564 humanaque

2021 3588 2237 3657 natura)
2276 3595 2332 3642 et
2370 3586 2426 3640 in
2465 3586 2574 3652 his,
2607 3597 2772 3657 atque
2812 3588 3010 3641 harum
3048 3603 3180 3641 vere
3227 3603 3461 3657 persona
3498 3596 3605 3651 est,

2024 3694 2170 3734 unus
2216 3693 2282 3733 ac
2327 3678 2479 3734 solus
2529 3678 2786 3734 Christus
2834 3688 2998 3748 atque
3043 3679 3246 3745 Filius;
3296 3678 3604 3748 quomodo,

2020 3784 2085 3824 ac
2116 3784 2239 3823 cum
2271 3778 2470 3824 natura
2502 3769 2726 3840 proprie
2758 3769 2922 3834 Deus,
2950 3769 3211 3839 idemque
3246 3777 3441 3824 natura
3474 3786 3606 3840 pro-

2019 3862 2140 3932 prie
2167 3863 2334 3917 homo
2359 3870 2528 3926 esset,
2553 3876 2665 3916 non
2698 3861 2863 3916 etiam
2892 3859 3135 3915 divinam
3161 3869 3356 3914 natura
3381 3861 3607 3930 preprie

2019 3954 2363 4008 voluntatem
2404 3961 2460 4008 et
2506 3952 2918 4024 operationem,
2957 3952 3364 4021 humanamque
3407 3959 3603 4006 natura

2019 4044 2242 4115 proprie
2263 4044 2603 4101 voluntatem
2631 4053 2687 4100 et
2716 4044 3093 4115 operationem
3118 4043 3379 4108 habebat,
3403 4051 3604 4098 neutro

2020 4136 2220 4193 borum
2252 4146 2449 4193 natura
2484 4153 2712 4204 carens;
2747 4137 2971 4207 quibus,
2998 4136 3252 4192 faciendo
3288 4144 3351 4191 ut
3382 4136 3607 4192 nomina

2020 4229 2189 4284 rebus
2230 4246 2362 4286 vere
2402 4230 2791 4295 convenirent,
2822 4240 2987 4299 atque
3030 4228 3117 4284 his
3153 4244 3350 4284 rursus
3385 4228 3607 4285 easdem

2020 4322 2342 4386 astruendo,
2377 4320 2670 4377 manifeste
2715 4321 2861 4376 idem
2906 4320 3045 4389 ipse,
3084 4335 3208 4375 cum
3255 4320 3442 4375 divina
3492 4327 3607 4374 tum

2021 4411 2261 4467 humana
2293 4412 2625 4467 naturaliter
2657 4413 2897 4477 habens,
2927 4414 3229 4482 volensque
3270 4429 3334 4468 ac
3373 4428 3610 4483 operans

2022 4502 2382 4568 noscebatur;
2418 4516 2482 4557 ac
2510 4503 2605 4573 qui
2640 4502 2790 4567 inde,
2819 4519 2904 4567 ea,
2933 4519 2998 4558 ex
3041 4504 3269 4573 quibus,
3299 4511 3356 4559 et
3390 4505 3443 4557 in
3479 4503 3606 4574 qui-

2021 4594 2146 4659 bus,
2173 4603 2230 4649 et
2257 4609 2379 4664 quae
2410 4603 2548 4659 erat,
2578 4594 2926 4650 crederetur.
2957 4595 3207 4650 Naturali
3236 4594 3383 4650 enim
3410 4596 3609 4650 volun-

2023 4694 2133 4740 tate
2175 4701 2241 4741 ac
2276 4686 2557 4740 essentiali
2597 4686 2919 4756 operatione
2953 4686 3205 4750 sublatis,
3236 4688 3376 4757 eius,
3407 4686 3502 4757 qui
3544 4702 3612 4742 ex

2022 4778 2130 4844 his,
2156 4792 2219 4832 ac
2247 4777 2329 4832 liae
2358 4788 2462 4842 est,
2489 4786 2784 4848 servatque
2817 4779 2873 4833 in
2906 4796 3015 4834 una
3046 4795 3304 4849 persona.
3332 4781 3611 4851 quomodo

2022 4871 2169 4927 Deus
2189 4878 2246 4925 et
2268 4870 2434 4924 homo
2457 4869 2679 4925 futurus
2703 4871 2821 4926 est?
2845 4869 2922 4925 Ac
2945 4870 3223 4940 quomodo
3247 4869 3354 4925 hoc
3406 4870 3612 4927 illudve

2024 4967 2394 5023 essentialiter
2434 4982 2558 5023 esse
2600 4963 3027 5030 monstrabitur,
3053 4964 3147 5035 qui
3188 4964 3480 5033 utriusque
3517 4980 3614 5018 na-

2024 5065 2162 5113 turae
2187 5058 2609 5129 proprietatem,
2636 5058 2846 5128 absque
2875 5057 3026 5112 omni
3053 5064 3301 5128 peccato,
3326 5056 3615 5111 indefectio

2022 5149 2208 5205 biliter
2230 5165 2341 5205 non
2375 5148 2597 5206 servet?
2619 5149 2776 5218 Quod
2804 5150 2952 5205 enim
2980 5149 3222 5205 excessit
3245 5149 3313 5204 iis
3338 5165 3459 5219 quae
3484 5158 3613 5204 sunt

2022 5256 2093 5297 ex
2134 5250 2353 5305 natura,
2386 5243 2455 5297 ab
2498 5242 2617 5313 ipsa
2654 5257 2877 5313 quoque
2920 5242 3184 5306 essentia,
3217 5242 3423 5295 nullam
3463 5241 3612 5296 enisi~

2022 5332 2279 5388 stentiam
2318 5332 2531 5386 habens
2563 5346 2628 5385 ac
2661 5330 3026 5386 substantiam
3065 5330 3243 5402 (quod
3278 5346 3456 5399 neque
3490 5346 3611 5385 mo-

2024 5421 2161 5492 tum)
2193 5430 2487 5478 extraneus
2509 5422 2689 5477 factus
2716 5429 2822 5476 est.
2850 5421 2987 5476 Nam
3016 5430 3078 5475 ut
3104 5420 3280 5475 divini
3310 5422 3605 5492 magnique

2023 5514 2268 5571 doctoris
2300 5514 2445 5570 beati
2483 5512 2727 5585 Dionysii
2759 5512 3033 5569 sententia
3068 5520 3153 5567 est
3182 5530 3195 5566 :
3235 5532 3253 5564 ι
3287 5511 3444 5579 Quod
3480 5514 3598 5568 nul-

2024 5606 2137 5662 lum
2160 5606 2328 5660 habet
2352 5612 2584 5668 motum,
2606 5619 2787 5674 neque
2810 5612 2914 5669 est,
2935 5619 3117 5675 neque
3144 5603 3353 5674 aliquid
3379 5614 3483 5668 est,
3508 5619 3611 5659 nec

2026 5699 2134 5753 ulla
2166 5713 2397 5769 prorsus
2422 5697 2542 5768 eius
2565 5694 2856 5751 affirmatio
2883 5704 2987 5751 est.
3018 5716 3036 5748 ι
3066 5696 3257 5767 Igitur,
3282 5697 3376 5767 qui
3404 5696 3608 5752 Christi

2027 5792 2122 5846 Dei
2157 5800 2381 5845 naturas
2417 5790 2555 5860 (tum
2592 5789 2804 5844 scilicet
2834 5788 3108 5855 divinam,
3136 5794 3251 5842 tum
3283 5803 3405 5858 qua:
3434 5785 3610 5842 nostri

2027 5882 2225 5939 similis
2253 5890 2358 5946 est,
2384 5881 2705 5954 humanam)
2739 5880 3123 5947 confiteamur,
3150 5878 3217 5937 ad
3246 5895 3434 5936 carum
3461 5878 3609 5936 exsi-
