3952 6566
436 392 575 463 1115

1706 394 2088 458 EUTHYMH
2127 388 2491 453 ZlGABENI

3561 386 3716 453 1116

429 529 646 585 stentiae
689 536 895 584 certam
937 526 1289 581 astruendam
1335 524 1529 589 fidem,
1566 540 1861 596 veramque
1909 539 2005 580 no-

2119 524 2312 579 καὶτὰ
2353 522 2560 594 φυσικά
2585 521 2795 576 τούτων
2830 518 3137 593 ίσαρίθμως
3182 519 3265 573 δεῖ
3306 520 3524 583 πάντως
3571 538 3723 590 πρε-

429 633 596 678 stram
632 621 699 676 de
734 622 842 675 illis
874 619 1302 681 confessionem,
1336 618 1562 671 omnino
1594 634 1814 688 quoque
1847 626 2011 671 natu-

431 717 574 770 rales
609 715 850 786 ipsarum
886 712 1005 783 pari
1042 728 1273 766 numero
1305 712 1618 767 voluntates
1653 712 2011 781 proliteamur

431 824 656 864 necesse
704 820 819 870 est.
868 806 1209 876 totidemque
1258 806 1581 860 essentiales
1631 806 2010 876 operationes;

429 918 533 957 nec
568 903 762 955 harum
800 901 1005 971 aliquid
1042 917 1271 971 prorsus
1305 900 1621 954 minuamus
1690 910 1784 954 aut
1845 917 2011 971 nege-

430 1012 574 1059 mus,
602 1011 670 1050 eo
708 1003 998 1065 praetextu,
1027 994 1270 1063 hincque
1314 993 1473 1047 nobis
1509 994 1693 1049 fucum
1728 993 2012 1058 facientes,

432 1089 579 1158 quod
628 1088 683 1142 in
732 1103 965 1158 persona
1018 1086 1285 1142 divinitus
1336 1087 1500 1141 unita:
1549 1086 1690 1153 sint;
1740 1103 1863 1141 cum
1915 1102 2017 1140 nos

430 1179 659 1233 minime
693 1178 878 1239 lateat,
910 1193 1031 1246 qua:
1071 1176 1125 1229 in
1169 1192 1401 1247 persona
1437 1176 1568 1231 unio
1599 1187 1702 1240 est,
1729 1177 1863 1230 nihil
1910 1177 2016 1231 illis

430 1286 553 1341 qua:
587 1271 859 1325 naturalia
894 1277 1053 1334 sunt,
1090 1268 1169 1321 uti
1211 1284 1311 1323 nec
1352 1269 1564 1323 naturis
1599 1268 1731 1339 ipsis
1766 1268 2016 1335 ofﬁcere;

434 1364 652 1417 tametsi
681 1363 769 1417 illa
796 1362 848 1416 vi
881 1378 998 1427 sua,
1025 1364 1188 1417 unius
1216 1377 1466 1434 persona:
1495 1360 1729 1417 ratione.
1762 1360 1816 1414 in
1846 1378 2015 1415 unum

431 1471 526 1513 cas
560 1465 719 1527 cogat
761 1455 935 1527 (haud
980 1464 1159 1509 tamen
1198 1454 1433 1519 eximat,
1470 1453 1603 1523 quin
1645 1460 1855 1507 natura:
1902 1454 2019 1528 ipsa

435 1551 647 1603 ratione
669 1547 792 1602 duze
832 1546 1150 1616 exsistant),
1202 1546 1279 1600 uti
1329 1545 1495 1599 etiam
1544 1544 1826 1601 naturales
1870 1544 2018 1615 ipsas

432 1639 821 1710 proprietates,
850 1653 1041 1691 earum
1080 1638 1224 1692 inter
1252 1652 1310 1691 se
1341 1634 1653 1689 cohaesione
1681 1650 1744 1688 ac
1775 1635 2020 1689 necessi-

436 1727 647 1793 tudine,
674 1727 837 1782 unius
866 1743 1056 1782 rursus
1084 1741 1311 1798 prorsus
1338 1741 1483 1779 nexu
1514 1724 1845 1795 astringens,
1875 1742 2015 1780 neu-

435 1832 685 1891 tramque
733 1821 852 1875 sine
895 1820 1097 1883 altera,
1132 1825 1355 1873 extrave
1398 1817 1631 1873 alterius
1673 1819 2018 1874 communio-

2122 616 2336 669 σϐεύειν
2366 614 2668 685 θελήματα,
2702 613 2794 666 καὶ
2824 612 2925 675 τὰς
2954 610 3232 675 οὑσιώδεις
3267 613 3537 676 τοσαύτας
3567 616 3725 681 ἐνερ-

2120 709 2279 778 γείας
2320 710 2633 777 ὁμολογεῖν
2677 708 2771 759 καὶ
2819 706 2984 777 μηδὲν
3025 705 3207 759 αὑτῶν
3246 706 3520 775 προφάσει
3551 704 3725 772 δῆθεν

2120 805 2215 875 τῆς
2249 804 2370 858 καθ’
2403 804 2697 857 ὑπόστασιν
2727 804 2877 868 θείας
2900 804 3149 865 ὲνώσεως
3176 802 3527 873 ἀπομειοῦνῆ
3551 803 3725 871 ἐξαρ-

2120 896 2330 951 νεῖσθαι
2371 898 2433 949 τὸ
2480 896 2728 949 σύνολονο
2767 895 3160 963 γινώσκοντας,
3204 893 3280 958 ώς
3318 896 3352 963 ή
3392 893 3518 947 καθ’
3582 894 3727 946 ὑπό-

2123 1007 2314 1044 στασιν
2340 992 2534 1053 ἕνωσις
2562 990 2713 1042 οὐδὲν
2748 990 3136 1060 παραϐλάπτει
3162 989 3273 1040 τῶν
3298 987 3575 1055 φυσικῶν,
3611 1005 3721 1039 κα-

2123 1083 2301 1155 θάπερ
2337 1083 2456 1135 οὑδὲ
2486 1082 2585 1145 τὰς
2611 1082 2801 1151 φύσεις
2832 1082 3002 1144 αὑτάς
3025 1099 3038 1111 ·
3079 1084 3127 1134 εί
3169 1081 3265 1134 καὶ
3288 1079 3501 1142 ταύτας
3544 1081 3623 1140 είς
3657 1079 3719 1130 ἓν

2124 1176 2246 1241 ἄγει
2283 1174 2350 1227 δι’
2379 1175 2576 1243 ἑαυτῆς
2620 1174 2761 1227 κατὰ
2795 1174 2892 1243 τὴν
2937 1174 3066 1243 μίαν
3107 1173 3405 1226 ὑπόστασιν
3433 1189 3446 1201 ·
3479 1171 3579 1224 τοῦ
3600 1172 3716 1234 δύο,

2124 1267 2201 1338 τῷ
2230 1266 2445 1337 φυσικῷ
2488 1265 2632 1337 λόγῳ
2671 1266 2941 1336 ὑπάρχειν
2972 1265 3224 1334 οὑδαμῶς
3257 1264 3532 1330 ὲξιστῶσα
3555 1280 3569 1294 ·
3602 1263 3717 1316 ὤσ-

2123 1376 2227 1429 περ
2279 1354 2372 1412 οὖν
2422 1358 2598 1411 καὺτά
2642 1357 2705 1429 δὴ
2751 1357 2899 1425 λέγω
2952 1357 3019 1410 τὰ
3069 1356 3273 1425 φυσικᾶ
3323 1353 3617 1423 ἰδιώματα,
3647 1349 3747 1424 τῇ’

2123 1449 2261 1519 πρὸς
2310 1448 2514 1518 ἄλληλα
2560 1449 2807 1519 σεδμφυῖᾳ
2842 1448 3017 1500 διόλου
3071 1447 3233 1500 πάλιν
3284 1446 3572 1509 ἐνίζουσα,
3618 1446 3717 1498 καὶ

2126 1540 2420 1611 μηδέτερον
2467 1539 2560 1593 τοῦ
2612 1540 2803 1612 ἐτέρου
2852 1540 3044 1611 χωρὶς,
3081 1539 3112 1611 ἢ
3164 1539 3263 1608 τῆς
3303 1539 3535 1607 θατέρου
3578 1539 3718 1609 πρὸς

2124 1632 2351 1703 θάτερον
2389 1632 2671 1694 κοινωνίας
2720 1632 2897 1695 ἐκτὸς,
2947 1631 3091 1684 κατὰ
3131 1631 3221 1682 τὸν
3270 1630 3377 1682 τῶν
3422 1630 3717 1697 Ῥωμαίων

2128 1724 2319 1779 πάπαν
2386 1724 2630 1794 ἀοίδιμον
2686 1723 2892 1777 Λέοντα
2962 1722 3290 1793 θεωρεῖσθαι
3424 1722 3715 1774 καθοτιοῦν

2127 1818 2509 1889 συγχωροῦσα,
2554 1816 2653 1889 τὴν
2697 1816 2904 1869 τούτων
2950 1814 3184 1884 οὒσιώδη
3214 1815 3308 1867 καὶ
3340 1814 3586 1883 φυσικὴν
3614 1816 3714 1866 οὑκ

433 1926 579 1974 nem,
614 1910 726 1964 ullo
756 1909 942 1974 modo,
973 1910 1052 1963 uti
1090 1907 1430 1963 clarissimus
1468 1908 1622 1961 urbis
1658 1908 1844 1963 Roma:
1878 1926 2005 1980 papa

2124 1913 2366 1982 ἀμαυροῖ
2398 1908 2697 1974 παντελῶς,
2730 1910 2864 1963 ἀλλὰ
2894 1909 3117 1972 τελείως
3149 1907 3407 1977 φυλάττει
3424 1908 3710 1977 διαφοράν·

434 2001 546 2061 Leo
576 2010 759 2067 seum,
802 2001 1043 2073 spectari
1100 2003 1314 2068 sinens,
1383 2003 1729 2059 essentialem
1798 2019 1863 2060 ac
1920 2022 2019 2060 na-

432 2093 667 2149 turalem
694 2108 882 2149 earum
930 2093 1346 2150 distinctionem
1381 2112 1487 2149 non
1552 2111 1781 2167 prorsus
1810 2097 2012 2161 abolet,

425 2183 527 2241 sed
549 2183 791 2255 perfecte
824 2196 1031 2240 servat.
1068 2184 1352 2241 Servando
1384 2188 1529 2241 enim
1590 2197 1873 2254 servatur;
1925 2203 2012 2254 ac,

428 2292 537 2347 qua
571 2282 792 2346 praestat
838 2277 1191 2340 incolumem,
1248 2280 1365 2348 ipsa
1442 2279 1739 2334 incolumis
1786 2289 2012 2349 perstat.

430 2368 709 2423 llactenus
731 2366 874 2421 enim
907 2367 1193 2423 manifeste
1222 2379 1403 2423 exstat
1431 2385 1612 2423 rerum
1637 2370 1787 2434 unio,
1835 2385 2016 2440 quan-

2119 2001 2200 2072 τῷ
2233 2002 2344 2072 γάρ
2384 2004 2683 2071 φυλάττειν
2734 2002 3090 2071 φυλάττεται,
3150 2007 3245 2056 καὶ
3288 2003 3369 2074 τῷ
3409 2009 3707 2074 συντηρεῖν

2131 2096 2501 2163 συντηρείται.
2526 2095 2706 2165 Μέχρι
2739 2096 2845 2165 γάρ
2879 2096 3001 2149 τότε
3038 2096 3228 2164 σαφῶς
3267 2097 3467 2160 ἓνωσις
3524 2118 3705 2169 πραγ-

2125 2188 2310 2256 μάτων
2340 2187 2632 2253 ὲστὶν,ἒως
2663 2187 2730 2241 ἂν
2761 2189 2792 2259 ἡ
2822 2190 3032 2244 τούτων
3078 2189 3319 2261 σώζηται
3351 2198 3559 2261 φυσικὴ
3593 2194 3702 2245 δια-

2124 2278 2288 2346 φορά’
2337 2279 2465 2332 ἐπεὶ
2517 2280 2720 2349 ταύτης
2766 2282 3153 2352 παυσαμένης,
3214 2281 3450 2336 παύεται
3492 2286 3707 2348 πάντως

2125 2373 2383 2443 κάκείνη,
2420 2378 2486 2447 τῇ
2523 2377 2789 2448 συγχύσει
2820 2378 3044 2441 τελείως
3073 2379 3462 2446 ἀφανισθεῖσα.

432 2463 525 2517 diu
556 2462 852 2516 incolumis
893 2471 979 2517 est
1011 2465 1281 2519 naturalis
1321 2478 1512 2518 earum
1557 2462 1865 2517 distinctio.
1894 2463 2029 2519 Nam
2061 2467 2163 2520 hac
2189 2477 2459 2535 cessante,
2515 2480 2699 2526 cessat
2738 2469 2966 2525 omnino
2995 2480 3050 2525 et
3084 2472 3197 2536 illa,
3222 2472 3706 2529 confusionislabe

434 2587 663 2644 prorsus
687 2572 909 2626 abolita.

496 2666 639 2723 Cum
690 2668 807 2729 haec
859 2670 1042 2740 itaque
1096 2671 1323 2744 (nempe
1375 2673 1540 2745 unio)
1589 2676 1796 2731 nullam
1847 2678 2014 2733 rebus

425 2757 608 2815 labem
636 2759 859 2826 inferat,
888 2777 991 2818 nec
1024 2763 1239 2819 illarum
1271 2765 1680 2823 distinctionem
1712 2769 2013 2839 quidquam

424 2849 619 2916 laedat,
663 2852 760 2909 sed
808 2854 1154 2913 solummodo
1199 2858 1611 2912 accommodate
1653 2860 1721 2913 ad
1770 2862 2015 2917 nominis

423 2944 919 3013 nuncupationem,
946 2963 1067 3018 qua:
1101 2963 1165 3004 ea
1197 2950 1547 3018 copulantur,
1576 2953 1787 3007 unitate
1821 2964 2007 3025 cogat;

420 3036 648 3089 omnino
683 3053 1022 3109 prorsusque
1052 3040 1203 3096 nullo
1231 3041 1546 3098 desiderato
1572 3054 1735 3114 atque
1768 3046 2011 3114 perfecte

416 3124 477 3180 in
517 3141 581 3181 ea
623 3127 922 3185 incolumia
966 3141 1118 3197 sunt,
1148 3148 1271 3202 qua:
1311 3144 1512 3189 natura
1551 3136 1811 3193 distincta
1858 3148 2009 3204 sunt,

416 3232 486 3271 ne
516 3220 606 3273 vel
641 3220 926 3283 minimam
964 3222 1091 3280 inde
1126 3225 1470 3283 eversionem
1506 3242 1571 3289 ac
1603 3229 2007 3297 confusionem,
2039 3260 2081 3316 ο

418 3308 474 3361 ἰη
516 3309 649 3379 ipsis
688 3314 945 3369 essentiis
993 3329 1089 3368 seu
1135 3317 1369 3378 naturis.
1412 3317 1467 3373 in
1511 3319 1912 3387 voluntatibus,
1954 3324 2009 3381 in

418 3402 858 3469 operationibus,
884 3405 1065 3460 ullove
1092 3407 1198 3460 alio
1225 3408 1372 3477 quod
1403 3420 1614 3479 spectet
1637 3412 1701 3468 ad
1731 3423 2005 3481 naturam,

420 3509 599 3565 passa.
629 3494 876 3562 Quonam
911 3496 1077 3567 igitur
1100 3499 1264 3553 modo
1292 3498 1420 3572 (qua
1451 3502 1683 3559 honesta
1710 3519 1841 3559 voce
1873 3522 2007 3561 con-

421 3586 652 3641 vestiam
694 3588 903 3657 nescio)
942 3589 1132 3659 proba:
1177 3591 1377 3647 mentis
1422 3608 1535 3651 suae
1576 3610 1639 3650 ac
1678 3598 2008 3659 verecundae

420 3679 697 3747 velamen,
743 3678 885 3737 hanc
918 3680 1143 3753 quidam
1180 3694 1509 3755 prietexunt.
1534 3702 1600 3745 .ac
1631 3687 1873 3744 Verbum
1918 3690 2005 3749 in-

421 3781 704 3826 carnatum
742 3782 937 3831 natura
973 3776 1274 3833 voluntatis
1308 3795 1505 3849 expers
1539 3795 1602 3836 ac
1635 3782 2001 3853 operationis,

420 3870 610 3915 nostra
643 3872 841 3918 natura
878 3864 953 3936 (id
989 3874 1092 3929 est,
1125 3866 1386 3937 humana)
1421 3879 1702 3936 asserunt;
1743 3880 2003 3939 tanquam

417 3967 551 4007 vere
604 3955 843 4011 inanima
891 3972 955 4013 ac
999 3968 1220 4013 carcnte
1269 3962 1517 4026 ratione,
1562 3978 1683 4031 qua:
1729 3977 1795 4016 ex
1844 3963 2005 4021 nobis

419 4056 702 4113 assumpta
749 4045 804 4101 in
846 4062 914 4101 eo
958 4047 1269 4107 substantia
1297 4060 1401 4103 est.
1428 4050 1582 4117 Quod
1614 4053 1759 4109 enim
1805 4070 2003 4124 opera-

421 4136 587 4190 tionis
605 4153 668 4192 ac
685 4147 867 4192 motus
883 4154 1083 4209 expers
1110 4146 1215 4204 est,
1241 4140 1401 4210 plane
1421 4143 1585 4196 etiam
1610 4143 1849 4200 inauime
1885 4154 2000 4211 est;

418 4228 676 4297 quodque
724 4230 875 4284 nulla
927 4231 1159 4288 rationis
1203 4233 1488 4289 voluntate
1540 4236 1829 4306 praeditum
1880 4248 1999 4304 est,

417 4321 595 4389 palam
642 4320 807 4375 etiam
860 4322 1073 4380 ratione
1121 4334 1416 4396 menteque
1460 4337 1632 4383 caret.
1673 4330 1770 4389 Sin
1816 4339 2001 4391 autem

417 4413 623 4483 absque
670 4414 757 4470 his
806 4422 1001 4471 natura
1042 4426 1160 4472 erat
1202 4416 1550 4475 incarnatum
1593 4418 1854 4486 Verbum,
1892 4439 1999 4493 qua

416 4502 809 4559 Commercium
830 4505 1119 4560 nobiscum
1144 4505 1364 4573 inierat,
1388 4525 1625 4580 quonam
1647 4511 1811 4567 etiam
1836 4513 2000 4568 modo

2184 2677 2405 2749 Ταύτης
2438 2676 2753 2750 τοιγαροῦν,
2789 2677 2937 2746 λέγω
2980 2676 3036 2730 δὲ
3070 2676 3173 2744 τῆς
3213 2675 3486 2743 ἑνώσεως,
3524 2680 3587 2733 οὑ
3615 2680 3701 2732 λυ·

2115 2772 2450 2843 μαινομένης
2478 2774 2590 2834 τοῖς
2622 2770 2965 2843 πράγμασιν,
3014 2770 3134 2822 οὑδὲ
3165 2773 3230 2841 τῇ
3275 2771 3483 2824 τούτων
3520 2772 3704 2841 διαφο-

2118 2864 2220 2933 ρᾷ,
2257 2862 2394 2915 ἀλλὰ
2442 2862 2601 2931 μόνον
2653 2863 2719 2931 τῇ
2765 2860 2957 2931 κλήσει
3004 2860 3295 2931 προσφυῶς
3349 2862 3699 2932 ἐνοποιούσης

2111 2952 2179 3003 τά
2212 2951 2333 3005 κατ’
2359 2950 2552 3021 αὑτὴν,
2580 2951 2688 3003 sisi.
2717 2951 2947 3003 πάντοτε
3044 2952 3139 3002 καὶ
3163 2952 3386 3016 πάντως
3411 2954 3697 3023 ἁμειώτως

2111 3045 2168 3097 ὲν
2200 3044 2337 3115 αὑτῇ
2383 3044 2474 3097 καὶ
2516 3042 2737 3106 τελείως
2772 3043 3077 3113 σωζόμενα,
3110 3043 3181 3096 τά
3210 3045 3353 3097 κατά
3387 3045 3551 3113 φύσιν
3584 3046 3695 3099 διὰ·

2112 3153 2276 3206 φορα,
2316 3135 2414 3206 τὴν
2446 3133 2665 3187 οίανοῦν
2697 3135 3060 3207 παρατροπὴν
3077 3136 3136 3186 οὑ
3166 3136 3410 3189 παθόντα
3448 3139 3542 3190 καὶ
3574 3139 3694 3205 σύγε

2111 3244 2266 3299 χυσιν
2284 3243 2297 3255 ⁸
2317 3228 2416 3280 οὑκ
2441 3229 2497 3279 ἐν
2518 3226 2729 3292 οὑσίαις
2758 3226 3040 3295 αὑταῖς,οὑ
3066 3226 3391 3298 θελήμασιν,
3416 3230 3517 3281 οὑκ
3544 3230 3693 3298 ἐνερ-

2110 3318 2308 3388 γείαις,
2337 3318 2437 3371 οὑκ
2468 3317 2612 3389 ἄλλῳ
2639 3318 2746 3370 τινὶ
2776 3317 3011 3390 φυσικῷ.
3060 3318 3185 3381 Πῶς
3215 3316 3308 3372 οὑν
3336 3321 3695 3390 ἐπικάλυμμα

2108 3410 2210 3481 τῆς
2243 3411 2398 3474 ίδὶας,
2435 3410 2535 3463 οὑκ
2565 3406 2667 3463 οἷδ’
2699 3412 2848 3473 ὅπως
2883 3411 3147 3480 εὐφήμως
3182 3413 3378 3475 εἰπεῖν,
3429 3412 3697 3482 καλοφρο-

2112 3504 2276 3575 σύνης
2328 3502 2425 3574 (ρ),
2484 3502 2689 3573 ταύτην
2748 3504 2891 3565 τινὲς
2940 3501 3409 3573 προφασίζονται’
3466 3506 3560 3556 καὶ
3608 3504 3693 3556 τδν

2108 3596 2464 3668 σαρκωθέντα
2496 3596 2668 3666 Λόγον
2700 3596 2962 3662 ἀθέλητον
2995 3594 3179 3665 φύσει,
3208 3598 3301 3649 καὶ
3329 3597 3689 3667 άνενέργητον

2105 3689 2185 3759 τῷ
2210 3689 2332 3741 καθ’
2370 3691 2535 3759 ἡμᾶς,
2565 3691 2732 3760 ήγουν
2761 3687 2837 3758 τῷ
2880 3688 3230 3758 ἀνθρωπίνῳ,
3262 3689 3396 3758 φασί
3421 3707 3433 3719 ο
3470 3688 3561 3741 az:
3597 3707 3687 3739 κυ-

2110 3780 2239 3851 ρίως
2278 3780 2489 3850 ἀψύχου
2530 3781 2626 3833 καὶ
2658 3780 2854 3847 ἀλόγου
2899 3779 2996 3848 τῆς
3028 3779 3085 3846 ἐξ
3130 3780 3287 3848 ήμῶν
3320 3763 3685 3849 προσληφθὲεο

2107 3887 2209 3941 σης
2247 3870 2436 3934 οὐσίας
2472 3872 2529 3923 ἐν
2583 3868 2733 3939 αὑτῷ
2773 3864 3170 3937 τυγχανούσης.
3217 3868 3288 3920 Τὸ
3318 3869 3429 3938 γὰρ
3469 3869 3685 3937 ἁνενέρο

2104 3979 2291 4034 γητον,
2332 3961 2592 4033 ἀκίνητόν
2627 3978 2688 4013 τε
2734 3960 2829 4013 καὶ
2856 3960 3063 4031 ἄψυχον
3096 3960 3380 4030 προδήλως
3407 3960 3527 4012 ἐστί
3550 3977 3564 3990 ·
3600 3960 3683 4012 καὶ

2102 4054 2164 4108 τὸ
2200 4053 2472 4124 μηδεμίαν
2493 4052 2717 4124 λογικὴν
2744 4052 2963 4123 θέλησιν
2988 4051 3129 4121 ἕχον,
3159 4052 3350 4118 ἄλογον
3382 4052 3569 4121 σαφῶς
3599 4050 3682 4103 καὶ

2104 4146 2353 4217 ἀνόητον.
2388 4144 2500 4199 Καὶ
2540 4147 2589 4198 εἰ
2644 4145 2848 4198 τούτων
2884 4146 3051 4216 χωρίς
3082 4146 3221 4197 κατὰ
3252 4145 3415 4213 φύσιν
3448 4145 3683 4214 ὑπῆρχεν

2102 4239 2131 4291 ὁ
2166 4236 2474 4310 σαρκωθεὶς
2517 4237 2689 4306 Λόγος
2730 4238 2790 4290 τὸ
2844 4236 2965 4291 καθ’
2998 4239 3170 4307 ἡμᾶς,
3203 4237 3320 4300 πῶς
3356 4238 3439 4289 ὅτι
3474 4240 3567 4291 καὶ
3595 4237 3683 4290 ἆνε-

2104 4326 2326 4401 θρωπος
2362 4329 2554 4398 γέγονε
2604 4327 3054 4398 πιστευθήσεται;
3088 4328 3203 4390 πῶς
3236 4327 3289 4380 δὲ
3324 4329 3527 4397 μᾶλλον
3572 4328 3682 4397 οὑχὶ

2101 4422 2335 4493 τραπεὶς
2356 4420 2453 4492 τὴν
2490 4420 2640 4475 Θείαν
2673 4421 2856 4491 φύσιν,
2886 4422 2982 4474 καὶ
3012 4422 3216 4495 σαρκὸς
3262 4421 3495 4474 πάθεσιν
3521 4422 3681 4475 ἀκου-

2104 4513 2235 4577 σίως
2258 4512 2547 4565 ὑποπεσὼν
2569 4511 2917 4582 δειχθήσεται
2945 4512 3063 4566 κατ’
3092 4512 3295 4581 αὑτὴν;
3330 4513 3410 4583 Τῇ
3442 4514 3552 4583 γάρ
3582 4512 3682 4565 τῶν

414 4593 673 4648 credetur
710 4594 990 4652 hominem
1031 4597 1209 4667 ipsum
1250 4600 1682 4669 exstitisse?Qui
1720 4618 1852 4657 vero
1888 4620 1997 4659 non

2116 4603 2352 4673 φυσικῶν
2398 4604 2697 4676 ἀναιρέσει,
2734 4603 2830 4676 τὴν
2865 4604 2973 4657 τῶν
3019 4603 3275 4656 τοιούτων
3320 4605 3679 4676 καταδρομὴν,

413 4685 618 4754 potius,
651 4686 837 4742 divina
867 4688 1209 4745 demutatum
1239 4700 1454 4760 natura,
1483 4709 1547 4749 ea
1581 4710 1801 4765 quoque
1837 4712 1997 4752 mon-

413 4777 679 4834 Strabitur
730 4780 915 4836 carnis
971 4780 1261 4837 affectibus
1314 4783 1547 4840 invitum
1603 4788 1998 4845 succubuisse?

410 4869 753 4929 Naturalium
793 4872 941 4926 enim
1003 4873 1455 4943 interemptione,
1495 4876 1661 4931 Arius
1710 4855 1995 4947 Apollina—

412 4962 640 5030 riusque
662 5000 676 5023 ,
706 4961 801 5016 tali
844 4961 897 5014 in
930 4963 1111 5032 ipsum
1136 4963 1252 5019 acie
1280 4966 1695 5034 impressionem
1723 4968 1992 5031 fecerunt.

410 5049 567 5107 Alter
604 5050 751 5105 enim
794 5052 996 5119 anima,
1034 5053 1172 5107 alter
1210 5055 1422 5111 ratione
1460 5055 1784 5111 destitutum
1826 5061 1993 5130 (quod

405 5154 492 5199 est
524 5144 866 5217 operationis
893 5160 1091 5215 expers
1119 5161 1184 5199 ac
1212 5147 1532 5218 voluntatis)
1566 5150 1817 5219 professi,
1843 5169 1996 5207 crea-

406 5240 586 5286 turam
621 5242 785 5303 atque
812 5233 1079 5289 facturam
1114 5234 1290 5305 ipsum
1320 5238 1621 5293 secundum
1650 5257 1707 5295 se
1740 5240 1991 5313 blasphe-

405 5334 646 5378 marunt.
673 5325 915 5397 Uterque
946 5327 1095 5380 enim
1121 5326 1471 5398 Unigenitum
1505 5340 1701 5386 natura
1732 5333 1991 5391 divinita-

404 5417 477 5472 tis
509 5420 815 5487 patibilem,
844 5437 955 5475 non
986 5422 1168 5475 carnis
1201 5431 1417 5488 natura,
1446 5424 1734 5491 dixerunt;
1774 5430 1987 5484 tametsi

2109 4695 2329 4766 Ἀρειός
2364 4712 2422 4747 τε
2460 4697 2555 4751 καὶ
2594 4695 2968 4767 ’Λπολινάριος
2999 4695 3121 4748 κατ’
3176 4696 3344 4748 αὑτοῦ
3380 4699 3680 4767 πεποιήκα-

2108 4805 2213 4843 σιν.
2256 4790 2316 4843 Ὀ
2353 4789 2453 4861 μὲν
2486 4790 2616 4861 γὰρ,
2651 4790 2893 4862 ἄψυχον,
2935 4792 2962 4843 ὁ
3003 4790 3080 4857 δὲ,
3134 4790 3364 4857 ἄλογον,
3414 4792 3553 4862 ὅπερ
3598 4795 3682 4845 ἀν·
3752 4818 3757 4827 ι

2109 4880 2405 4953 ενέργητόν
2444 4882 2561 4934 ἐστι
2598 4883 2691 4935 καὶ
2724 4883 3007 4951 άθέλητον,
3040 4883 3205 4935 αὑτὸν
3234 4884 3681 4953 δογματίσαντες,

2103 4974 2311 5043 κτίσμα
2358 4973 2550 5027 τοῦτον
2580 4975 2674 5028 καὶ
2707 4975 2918 5045 ποίημα
2951 4974 3073 5027 καθ’
3106 4975 3300 5028 ἑαυτὸν
3326 4976 3679 5046 ἐϐλασφήμη-

2105 5081 2224 5117 σαν.
2270 5064 2564 5138 Ἐκάτερος
2613 5066 2722 5137 γάρ
2776 5066 3020 5137 παθητὸν
3071 5066 3231 5135 φύσει
3269 5064 3679 5137 θεότητος,ά>λ“

2103 5160 2161 5212 οὑ
2197 5158 2358 5226 φύσει
2391 5159 2595 5229 σαρκὸς
2621 5155 2772 5213 εἷπον
2797 5159 2886 5212 τὸν
2914 5160 3224 5230 Μονογενῆ’
3258 5161 3360 5214 κᾶν
3404 5161 3681 5214 Ἀπολινά-

2104 5266 2222 5321 ριος
2272 5250 2352 5304 ἔτι
2392 5252 2515 5305 κατ’
2545 5252 2801 5306 ἀσέϐειαν
2843 5253 3294 5322 δαψιλευόμενος,
3346 5254 3447 5306 καὶ
3481 5253 3681 5306 τελείαν

2101 5341 2203 5413 τὴν
2242 5343 2321 5407 είς
2356 5345 2535 5414 σάρκα
2568 5344 2872 5416 μεταόολὴν
2904 5345 3024 5398 κατ’
3049 5344 3326 5399 ἔκπτωσιν
3359 5348 3454 5400 καὶ
3484 5344 3679 5417 τροπὴν

2100 5435 2201 5505 τῆς
2234 5436 2397 5493 αὑτοῦ
2420 5436 2676 5507 θεότητος
2706 5438 3042 5508 ἀπεφήνατο.

410 5519 612 5587 majori
647 5518 827 5576 adhuc
854 5519 1139 5589 impietate
1161 5517 1561 5593 Apollinarius,
1582 5520 1881 5594 perfectam
1909 5539 2124 5594 quoque
2182 5526 2235 5581 in
2268 5541 2489 5587 carnem
2537 5530 2981 5597 conversionem,
3021 5527 3197 5601 ipsius
3227 5528 3537 5585 divinitatis
3578 5545 3669 5586 oc.

410 5621 542 5662 casu
578 5621 643 5662 ac
671 5609 976 5661 mutatione
1010 5606 1214 5667 sanxit.

478 5695 670 5766 Operae
703 5698 936 5765 pretium
974 5698 1161 5767 igitur,
1201 5706 1258 5751 ut
1293 5697 1496 5769 quibus
1525 5700 1887 5756 constitutum
1916 5705 1987 5759 sit

415 5789 670 5861 pietatem
685 5788 888 5855 colere,
920 5789 1328 5845 confessionem
1354 5792 1622 5863 ejusmodi
1648 5803 1987 5858 evertamus.

411 5887 838 5952 sanctorumque
867 5879 1089 5937 Patrum
1119 5880 1429 5939 doctrinam
1472 5892 1760 5940 teneamus
1784 5902 1798 5952 ;
1830 5894 1993 5959 atquc

2176 5703 2298 5775 Χρὴ
2329 5702 2624 5776 τοιγαροῦν
2670 5701 3034 5768 εὑσεὸοὖντας
3069 5706 3237 5776 ἡμᾶς,
3288 5708 3392 5776 τὴν
3423 5708 3667 5776 τοιαύτην

2101 5794 2393 5863 ὁμολογίαν
2421 5796 2745 5863 διώσασθαι,
2807 5796 2902 5851 καὶ
2934 5797 3032 5869 τὴν
3066 5796 3173 5849 τῶν
3215 5798 3386 5867 ἁγίων
3416 5800 3661 5868 Πατέρων

2104 5890 2395 5958 κρατύνειν
2440 5888 2815 5943 διδασκαλίαν
2876 5889 3094 5945 καὶδύο
3127 5890 3340 5960 φυσικά
3398 5890 3660 5962 θελήματα
