3952 6552
189 358 330 426 1117

1116 355 1491 421 PANOPLI.\
1529 352 1988 414 DOGMATICA.
2024 376 2094 386 —
2121 350 2269 413 Tl'l‘.
2303 351 2462 413 XXI.

3310 346 3452 417 1118

173 503 302 558 κατ’
342 501 561 565 αὐτοὺς,
605 498 703 555 καὶ
742 497 1026 563 οὐσιῶδεις
1060 497 1366 571 ἐνεργείας,
1403 498 1495 552 ἐπὶ
1544 497 1639 550 τοῦ
1669 500 1808 555 αὐ-ι

1909 514 2007 556 uas
2038 496 2323 555 naturales
2345 495 2681 561 voluntates,
2707 509 2777 550 ex
2804 506 3000 550 eorum
3028 496 3214 553 mente
3238 503 3301 543 ac
3324 504 3453 543 sen-

175 596 272 650 τοῦ
307 596 404 650 καὶ
433 594 550 658 ἐνὸς
577 592 881 666 ὁμολογεῖν.
915 593 978 647 Ei
1011 592 1121 664 γὰρ
1147 591 1206 647 ἒν
1231 590 1321 646 ἐπ’
1356 588 1522 647 αὐτοῦ
1559 590 1774 663 θέλημα

178 690 278 742 καὶ
303 687 438 758 μίαν
478 686 763 759 ἐνέργειαν
802 684 1079 757 εἴποιμεν,
1102 685 1137 757 ἢ
1155 684 1346 741 τοῦτον
1373 684 1474 740 ούκ
1509 683 1639 738 ὄντα
1669 684 1773 757 φύ-

181 796 265 832 σει
299 779 395 832 καὶ
420 778 733 850 ἄνθρωπον,
756 774 893 836 ἀλλὰ
929 776 1091 849 μόνον
1128 775 1263 829 Θεόν
1286 791 1299 805 ’
1333 775 1368 852 ἡ
1411 774 1573 847 φύσει
1610 775 1773 845 μόνον

180 873 496 945 ἄνθρωπον,
534 873 631 926 καὶ
656 872 718 925 ού
748 872 882 926 Θεόν
906 888 921 902 ⁸
964 870 997 943 ἢ
1030 869 1153 924 οὔτε
1182 869 1469 943 ἄνθρωπον
1491 868 1616 924 οὔτε
1640 868 1776 922 Θεὸν

182 967 379 1037 σαφῶς
416 967 841 1038 δογματίσομεν.
871 959 1017 1027 Οἷον,
1051 966 1101 1019 εἰ
1134 964 1234 1034 μὲν
1266 962 1494 1032 φυσικὸν
1519 963 1581 1016 τὸ
1619 961 1776 1033 θέληά

186 1075 264 1128 μα
292 1057 460 1128 τυχὸν
503 1057 775 1128 εἴποιμεν,
824 1054 858 1125 ἦ
906 1053 1050 1108 θεῖον
1090 1053 1394 1124 πάντως,ἣ
1435 1052 1779 1125 ἀνθρώπινον

188 1148 352 1205 τοῦτό
394 1151 533 1202 ἐστι·
564 1148 659 1202 καὶ
698 1148 748 1201 εί
797 1147 961 1211 θεῖον,
994 1145 1063 1201 τὰ
1089 1145 1209 1205 θεῖα
1256 1147 1375 1200 κατ’
1401 1143 1534 1199 αὐτὸ
1562 1143 1780 1212 θελήσει

185 1240 442 1311 φυσικῶς
484 1242 513 1294 ὁ
550 1239 723 1311 Λόγος
749 1256 763 1272 ο
805 1238 941 1292 Θεὸν
981 1237 1142 1307 φύσει
1184 1237 1348 1308 μόνον
1391 1237 1485 1295 καὶ
1516 1235 1779 1306 συνθελη-

186 1335 289 1405 τὴν
337 1332 418 1404 τῷ
463 1332 580 1403 ἰδίῳ
612 1332 900 1403 γεννήτορι
948 1331 1163 1394 δεικνὺς
1190 1331 1408 1396 ἑαυτὸν,
1444 1330 1539 1383 καὶ
1563 1330 1664 1385 οὐκ
1691 1329 1779 1382 ἄν·

188 1427 416 1500 θρωπον
434 1442 447 1457 °
486 1425 547 1480 ού
591 1425 700 1497 γάρ
735 1425 950 1494 πέφυκε
972 1422 1062 1477 διὰ
1081 1421 1175 1476 τοῦ
1200 1423 1362 1493 φύσει
1393 1421 1562 1486 θείου,
1590 1421 1650 1474 τὸ
1677 1421 1778 1473 άν-

190 1519 471 1593 θρώπινον
512 1517 673 1587 φύσει
720 1514 1270 1588 χαρακτηρίζεσθαιο
1308 1514 1499 1587 ὥσπερ
1543 1514 1666 1571 οὐδὲ
1694 1514 1783 1567 διὰ

188 1613 288 1665 τοῦ
328 1610 453 1664 κατ’
499 1608 691 1664 οὐσίαν
737 1608 1109 1680 ἀνθρωπίνου,
1143 1608 1204 1661 τὸ
1248 1607 1370 1662 κατ’
1408 1606 1595 1663 ούσίαν
1641 1605 1785 1660 θεῖον

191 1700 590 1774 γνωρίζεσθαι.
615 1699 790 1754 Τοῦτο
817 1699 902 1764 δὲ,
932 1699 1028 1755 καὶ
1058 1700 1107 1751 εί
1135 1697 1477 1773 ἀνθρώπινον
1504 1698 1696 1769 φῶμεν
1723 1698 1787 1752 τὸ

197 1795 418 1866 θέλημα
470 1794 655 1864 φύσει,
710 1792 852 1847 κατὰ
893 1791 956 1844 τὸ
994 1790 1293 1845 ἀκόλουθον
1359 1790 1785 1862 συναχθήσεται.

1868 592 2061 657 tentia,
2088 589 2519 661 essentialesque
2549 588 2901 658 operationes
2932 586 2988 640 in
3014 600 3124 641 uno
3149 582 3456 651 eodemque

1870 684 2235 742 conﬁteamur
2275 697 2341 738 ac
2380 681 2758 737 admittamus.
2795 680 2966 746 Nam,
2999 679 3046 734 si
3092 692 3259 735 unam
3298 677 3356 730 in
3392 689 3459 729 eo

1870 779 2216 835 voluntatem
2399 790 2678 844 unamque
2720 772 3095 843 operationem
3137 769 3459 834 dixerimus,

1874 880 1971 927 aut
2012 886 2143 927 eum
2188 884 2303 927 non
2349 867 2518 923 etiam
2562 876 2755 922 natura
2797 865 3110 929 hominem,
3146 862 3243 918 sed
3285 863 3463 916 solum

1876 965 2074 1033 Deum,
2101 972 2199 1020 aut
2226 971 2425 1018 natura
2454 969 2667 1017 tantum
2700 958 3003 1022 hominem,
3032 966 3087 1011 et
3115 971 3227 1011 non
3255 956 3461 1019 Deum;

1877 1064 1975 1111 aut
2024 1070 2206 1127 neque
2261 1052 2581 1116 hominem,
2630 1065 2812 1120 neque
2860 1050 3034 1104 Deum
3084 1063 3240 1111 esse,
3285 1047 3466 1117 palam

1877 1147 2284 1219 proﬁtebimur.
2322 1146 2483 1209 Puta,
2516 1144 2563 1199 si
2601 1142 2911 1197 naturalem
2948 1140 3090 1195 forte
3127 1140 3466 1194 voluntatem

1879 1239 2205 1304 dixerimus,
2224 1238 2341 1292 haec
2369 1245 2465 1291 aut
2487 1235 2675 1290 divina
2707 1248 2936 1305 prorsus
2960 1241 3065 1296 est,
3086 1241 3181 1287 aut
3205 1232 3466 1287 humana.

1880 1332 1938 1389 Si
1963 1330 2168 1395 divina,
2190 1344 2255 1384 ea
2274 1328 2517 1385 Verbum
2548 1335 2747 1382 natura
2771 1325 2920 1382 volet
2944 1340 3067 1394 quae
3099 1331 3229 1379 sunt
3252 1322 3466 1386 divina;

1879 1439 1940 1481 se
1986 1431 2189 1479 natura
2242 1422 2456 1485 Deum,
2504 1418 2811 1489 eademque
2861 1432 2925 1472 ac
2971 1418 3134 1473 Pater
3179 1415 3470 1486 praeditum

1879 1518 2187 1583 voluntate,
2211 1511 2561 1569 solummodo
2586 1508 2917 1575 ostendens;
2949 1524 3061 1564 non
3089 1515 3274 1563 autem
3298 1507 3477 1560 homi—

1883 1620 2031 1661 nem.
2060 1603 2181 1659 Non
2204 1601 2364 1662 enim
2398 1615 2486 1655 res
2516 1600 2747 1669 patitur,
2777 1606 2839 1651 ut
2868 1595 3018 1669 quod
3051 1604 3250 1649 natura
3280 1593 3476 1647 huma-

1883 1711 2016 1750 num
2048 1703 2154 1759 est,
2181 1699 2314 1748 nota
2346 1692 2419 1747 sit
2445 1706 2510 1745 ac
2545 1690 2758 1761 insigne
2807 1688 2929 1759 ejus
2978 1685 3128 1755 quod
3164 1691 3248 1740 est
3280 1692 3479 1739 natura

1886 1787 2168 1846 divinum:
2213 1784 2294 1840 uti
2334 1798 2532 1853 neque,
2567 1790 2628 1837 ut
2667 1778 2813 1851 quod
2854 1778 3103 1833 divinum
3147 1782 3251 1841 est,
3283 1789 3382 1844 per
3424 1772 3479 1827 id

196 1884 262 1938 Ei
400 1849 787 1946 unoeta't'txbv,
831 1881 933 1953 τῆς
976 1880 1141 1934 αύτοῦ
1199 1881 1370 1953 μόνης
1434 1849 1787 1947 ύτέὸσέάσεως

1909 1876 2035 1947 ιιιοὰ
2074 1883 2160 1931 εει
2199 1874 2571 1931 essentialiter
2607 1872 2912 1927 humanum
2951 1875 3332 1939 cognoscatur.
3365 1864 3481 1920 Hoc

198 1974 360 2029 ἔσται
417 1972 948 2045 χαρακηριστικόΨ
999 1972 1097 2025 καὶ
1144 1970 1331 2025 οὔποτ’
1387 1971 1454 2026 ἂν
1494 1972 1616 2031 κατ’
1656 1972 1791 2027 αὐτὸ

200 2067 517 2141 κοινωνήσῃ
568 2065 746 2136 Πατρὶ
791 2064 888 2119 καὶ
936 2063 1101 2135 ἡμῖν’
1136 2064 1246 2118 τῶν
1280 2064 1391 2135 γὰρ
1434 2065 1620 2136 ἄκρων
1653 2066 1790 2120 ὑπο-

203 2162 401 2215 στάσει
456 2157 833 2215 διαστέλλεται
878 2160 976 2213 καὶ
1025 2157 1343 2231 χωρίζεται.
1400 2157 1482 2213 Τὰ
1534 2158 1678 2215 αὐτὰ
1732 2158 1790 2212 δέ

201 2254 371 2309 πάλιν
400 2252 645 2320 καὶπερὶ
680 2249 974 2321 ἐνεργειῶν
1006 2250 1153 2303 ἔστιν
1187 2252 1384 2305 εἰπεῖν.

1885 1985 2020 2025 vero
2048 1970 2227 2039 ipsum
2254 1974 2659 2036 consequenter
2682 1962 2797 2029 ﬁat,
2816 1960 2862 2016 si
2889 1968 2946 2016 et
2964 1968 3158 2015 natura
3183 1959 3478 2017 humanam

1887 2064 2228 2120 voluntatem
2253 2060 2576 2118 dixerimus.
2603 2057 2702 2113 Sin
2735 2066 2922 2112 autem
2953 2054 3297 2124 personalem
3327 2052 3480 2107 dica—

1890 2171 2046 2223 mus;
2096 2156 2218 2226 ejus
2256 2154 2526 2209 duntaxat
2574 2164 2825 2221 persona:
2871 2154 3003 2202 nota
3054 2154 3221 2215 atque
3269 2144 3482 2214 insigne

1891 2250 2030 2313 erit;
2072 2262 2176 2303 nec
2213 2245 2520 2301 secundum
2558 2258 2679 2298 eam
2723 2257 2849 2297 cum
2892 2240 3054 2295 Patre
3093 2249 3256 2307 atque
3297 2237 3487 2291 nobis-

203 2359 335 2403 cum
380 2341 681 2412 quidquam
735 2338 1192 2397 communicabit.
1239 2338 1484 2397 Persona
1531 2337 1682 2393 enim
1730 2335 1799 2393 ab
1835 2336 2098 2392 extremis
2159 2333 2498 2395 discernitur
2525 2346 2589 2387 ac
2619 2330 2946 2402 sejungitur.
3008 2327 3139 2394 Quae
3173 2328 3287 2398 ipsa
3322 2325 3491 2381 etiam

204 2434 275 2497 de
306 2433 727 2505 operationibus
749 2432 984 2488 dicenda
1011 2439 1162 2487 sunt.

296 2534 438 2589 Ἀλλ’
468 2535 530 2586 ού
561 2530 652 2586 διὰ
671 2529 855 2596 τοῦτο,
891 2527 967 2602 μὴ
996 2526 1232 2600 γένοιτο,
1260 2522 1360 2587 τὰς
1387 2521 1496 2577 τῶν
1519 2522 1798 2593 θεοφόρων

207 2628 479 2699 Πατέρων
514 2624 646 2697 περὶ
681 2621 888 2687 αὐτῶν,
938 2621 1084 2693 φημὶ
1119 2617 1231 2672 τῶν
1281 2615 1595 2688 ἐνεργειῶν,
1638 2632 1803 2689 μονα-

208 2722 369 2785 δικάς
399 2716 800 2791 ἐξαρνούμεθα,
829 2716 928 2787 τήν
963 2732 1023 2767 τε
1056 2710 1154 2766 τοῦ
1184 2710 1471 2781 λεχθέντος
1502 2709 1801 2779 θεοφάντος

219 2831 314 2887 ρος
368 2811 530 2881 ἁγίου
584 2809 862 2865 Διονυσίου
977 2824 996 2859 ι
1042 2802 1377 2876 Θεανδρικὴν
1443 2800 1748 2874 ἐνέργειαν,
1779 2818 1800 2853 ι

214 2905 312 2959 καὶ
356 2902 456 2972 τὴν
502 2898 777 2972 Κυρίλλου
828 2895 923 2950 τοῦ
977 2894 1145 2965 σοφοῦ
1196 2914 1214 2947 ι
1243 2894 1375 2966 μίαν
1424 2909 1485 2947 τι
1534 2892 1631 2948 καὶ
1676 2907 1808 2962 συγ-

216 2995 360 3067 γενῆ
407 2994 474 3048 δι’
504 2994 708 3064 ἀμφοῖν
754 2989 1203 3060 ἐπιδεδειγμένην
1240 2988 1544 3058 ἐνέργειαν.
1582 3002 1604 3037 δ
1637 2979 1811 3043 Δῦται

223 3088 325 3160 μὲν
358 3086 469 3163 γὰρ
498 3083 587 3139 διὰ
611 3083 709 3153 τὴν
739 3081 955 3147 ἕνωσιν,
984 3081 1079 3136 καὶ
1116 3079 1217 3152 τὴν
1259 3078 1397 3150 πρὸς
1445 3076 1682 3148 ἀλλήλας
1726 3075 1809 3130 διι-

1965 2526 2033 2580 Αι
2059 2538 2173 2579 non
2198 2529 2495 2592 propterea
2526 2515 2737 2590 (apage)
2768 2513 3088 2570 divinorum
3118 2512 3343 2567 Patrum
3372 2508 3491 2562 sin-

1899 2619 2120 2689 gulares
2155 2615 2225 2670 de
2257 2615 2346 2668 his
2375 2627 2541 2667 voces
2576 2609 2654 2681 (id
2690 2617 2793 2671 est,
2820 2602 3258 2677 operationibus)
3294 2613 3492 2669 nempe

1900 2725 2071 2765 unum
2114 2707 2249 2778 quid
2290 2703 2665 2776 signiﬁcantes
2702 2700 3088 2769 repudiamus;
3135 2705 3251 2750 tum
3294 2705 3494 2761 nempe

1898 2802 2041 2872 ejus,
2068 2799 2228 2869 cujus
2254 2796 2397 2851 facta
2424 2792 2633 2849 mentio
2661 2800 2767 2854 est,
2792 2789 2969 2843 divini
3000 2785 3319 2856 interpretis
3346 2782 3494 2837 beati

1898 2892 2145 2966 Dionysii
2188 2910 2205 2944 ι
2241 2887 2561 2944 Deivirilem
2591 2883 2996 2955 operationem,
3037 2900 3055 2931 ι
3115 2888 3230 2934 tum
3267 2876 3489 2946 sapien-

1900 2983 2100 3042 tissimi
2142 2980 2367 3052 Cyrilli,
2417 2996 2435 3030 ι
2494 2976 2668 3034 Unam
2719 2982 2886 3043 atque
2935 2969 3152 3027 amnem
3202 2968 3491 3035 utriusque

1901 3091 2133 3134 munere
2164 3074 2370 3131 editam
2403 3068 2805 3140 operationem.
2843 3084 2861 3116 ι
2908 3063 3018 3118 Has
3055 3061 3205 3119 enim
3243 3058 3321 3113 illi
3360 3072 3493 3126 pro-

221 3152 506 3237 ύλουντῶν
555 3179 805 3250 φυσικῶν
864 3175 1162 3249 ἐνεργειῶν
1222 3174 1519 3247 συμφυΐαν,
1567 3170 1808 3239 εὐσεϐῶς

1909 3180 2026 3244 pter
2050 3168 2337 3231 unionem,
2366 3162 2816 3231 naturaliumque
2848 3156 3232 3227 Operationum
3265 3152 3408 3206 inter
3436 3165 3495 3204 se

224 3275 416 3338 αὐτοῖς
459 3270 881 3344 ἐκηρύχθησαν·
910 3268 1101 3339 ὥσπερ
1133 3266 1230 3320 καὶ
1271 3267 1328 3319 αἱ
1361 3264 1564 3328 δυϊκαὶ,
1599 3263 1690 3317 διὰ
1714 3260 1813 3333 τὴν

225 3366 464 3438 οὐσιώδη
541 3365 638 3419 καὶ
707 3361 945 3433 φυσικὴν
1020 3359 1226 3414 τούτων
1286 3357 1572 3429 διαφοράν.
1613 3356 1677 3409 Ἦ
1706 3353 1816 3425 γὰρ

230 3454 567 3526 Θεανδρικὴ
611 3457 710 3526 τῆς
753 3453 903 3518 θείας
945 3451 1083 3523 ὁμοῦ
1117 3452 1214 3506 καὶ
1237 3448 1500 3520 ἀνδρικῆς
1524 3446 1812 3517 ἐνεργείας

230 3551 478 3623 ὑπάρχει
531 3547 851 3622 περίληψις.
900 3544 1255 3614 Κατάλληλον
1305 3541 1415 3613 γὰρ
1444 3543 1473 3595 ὁ
1497 3537 1818 3608 διδάσκαλος

1903 3241 2133 3335 prorsus
2171 3256 2331 3329 quasi
2374 3265 2575 3311 natura
2616 3262 2927 3312 consertam
2972 3246 3372 3308 cohaesioncm,
3406 3241 3497 3311 pie

1904 3334 2316 3426 praedicarunt;
2366 3348 2447 3403 uti
2482 3350 2557 3402 “et
2607 3344 2857 3415 duplices
2913 3340 3066 3412 (quae
3126 3337 3337 3393 scilicet
3389 3334 3500 3389 duo

1908 3442 2254 3518 signiﬁcant)
2312 3441 2384 3497 ob
2437 3438 2788 3495 essentialem
2842 3451 2907 3490 ac
2955 3432 3262 3489 naturalem
3311 3442 3499 3483 earum

1909 3539 2342 3597 distinctionem.
2398 3535 2518 3590 Vox
2558 3533 2707 3589 enim
2749 3528 3014 3584 Deivirilis
3053 3525 3294 3581 divinam
3336 3520 3501 3575 simul

229 3613 530 3718 ἐπινοῆσας
556 3613 764 3715 φῶνὴν,
814 3613 1203 3711 ἐκατέραν,ῶς
1239 3634 1400 3706 ἔφην,
1451 3636 1519 3706 τῇ
1566 3633 1808 3705 προφορᾷ

1909 3633 2317 3698 humanamque
2383 3625 2763 3698 operationem
2823 3617 3231 3691 complectitur.
3286 3613 3501 3669 Conve-

233 3737 753 3809 συλλαμόάνουσαν,
781 3733 878 3789 καὶ
914 3730 1122 3801 ταύτην
1148 3726 1449 3801 μοναδικῶς
1472 3726 1819 3796 ἐκφωνήσεις,

231 3832 336 3903 τὴν
367 3829 586 3901 διπλῆν,
623 3829 722 3883 τοῦ
750 3825 940 3880 διπλοῦ
971 3825 1071 3895 τὴν
1104 3821 1291 3894 φύσιν,
1321 3820 1607 3893 ἐνέργειαν
1661 3834 1820 3889 περι-

235 3921 571 3996 φραστικῶς
621 3919 1029 3992 παρεδήλωσεν,

303 4206 420 4265 Καὶ
447 4200 775 4276 ἠκυρίλλου
805 4197 863 4252 δὲ
896 4198 993 4252 τοῦ
1024 4192 1194 4264 σοφοῦ
1242 4210 1262 4245 ι
1301 4190 1401 4261 μία
1447 4207 1508 4244 τε
1552 4191 1649 4249 καὶ
1684 4206 1821 4258 συγ-

231 4298 399 4371 γενὴς
440 4296 509 4350 δι’
537 4295 742 4365 ἀμφοῖν
776 4287 1194 4359 ἐπιδεδειγμένη
1230 4283 1504 4354 ἐνέργεια,
1528 4300 1549 4335 ι
1586 4283 1686 4353 τῆς
1723 4278 1821 4341 τοῦ

234 4390 476 4464 μεγάλου
504 4388 699 4442 τούτου
725 4383 940 4455 Πατρὸς
970 4379 1238 4453 μεγίστης
1259 4375 1445 4446 ἔχεται
1573 4373 1823 4436 διανοίας.

232 4484 348 4554 Τὴν
382 4481 491 4552 γὰρ
540 4477 651 4533 τῶν
695 4474 945 4548 φυσικῶν
998 4468 1291 4541 ἐνεργειῶν
1316 4466 1519 4530 καύτὸς
1550 4464 1825 4535 συμφυΐαν

231 4574 331 4629 καὶ
375 4573 571 4625 ἕνωσιν
601 4568 670 4623 δι’
710 4566 880 4636 αὐτῆς
927 4559 1257 4621 ἐκπαιδεύει.
1299 4558 1479 4612 Θέλων
1521 4556 1631 4627 γὰρ
1659 4554 1827 4619 δεῖξαι

234 4666 333 4719 καὶ
361 4665 391 4717 ὁ
419 4660 781 4730 πανεύφημος
826 4647 984 4717 οὗτος
1027 4652 1193 4724 ἀνὴρ,
1224 4649 1301 4715 ὡς
1331 4649 1368 4719 ἦ
1401 4664 1462 4700 τε
1499 4644 1638 4717 σάρξ
1675 4644 1826 4709 Θεὸς,

233 4756 337 4811 καὶ
376 4758 410 4827 ἡ
454 4753 575 4809 κατ’
612 4750 785 4821 αὐτὴν
812 4745 1080 4816 ούσιώδης
1119 4743 1391 4813 ἐνέργεια,
1419 4738 1541 4792 θεία
1586 4739 1652 4808 τῇ
1693 4735 1830 4807 πρὸς

234 4852 305 4919 τῇ
343 4826 505 4917 φύσει
547 4843 680 4898 Θεὸν
726 4840 902 4909 Λόγον
942 4836 1135 4892 ἐνώσει
1181 4832 1479 4903 γεγένηται
1556 4869 1570 4895 ,
1622 4828 1718 4919 και
1764 4826 1832 4881 τὰ

238 4914 386 5010 ὑπὲρ
418 4938 708 5009 ἄνθρωπον
742 4934 984 5004 ἐνήργει,
1014 4929 1090 5001 μὴ
1137 4928 1382 4980 ἐκστᾶσα
1422 4922 1634 4988 τούτου,
1664 4914 1833 4990 οὗπερ

237 5026 311 5101 ἦν
342 5030 484 5085 κατὰ
527 5026 692 5097 φύσιν
716 5042 730 5056 ⁸
763 5024 954 5095 ὥσπερ
997 5017 1089 5077 οὖν
1136 5020 1234 5074 καὶ
1280 5017 1444 5081 αὐτὸς
1475 5017 1504 5070 ὁ
1540 5013 1714 5083 Λόγος
1762 5015 1830 5084 τῇ

237 5121 450 5190 ταύτης
482 5117 787 5189 προσλήψει
809 5115 875 5171 δι’
905 5116 1053 5186 ἡμᾶς
1079 5109 1347 5172 ἑκουσίως
1370 5107 1597 5177 γέγονεν
1618 5104 1833 5174 ἄνθρω-

238 5231 368 5279 πος,
403 5212 476 5271 τὰ
517 5210 663 5267 κατὰ
702 5208 991 5277 ἄνθρωπον
1035 5202 1309 5276 ἐνεργῶν⁸
1337 5199 1541 5269 καίπερ
1574 5195 1835 5267 ὑπάρχων

242 5304 409 5376 φύσει
430 5302 585 5367 Θεὸς,
617 5298 930 5372 διαγορεύει
964 5294 1173 5359 τοῦτον,
1214 5294 1289 5364 μὴ
1312 5286 1636 5360 παντουργῷ
1662 5302 1836 5357 προσ-

240 5398 490 5467 τάγματι
531 5393 695 5465 μδνον
744 5390 929 5447 ἰᾶσθαι
972 5388 1067 5442 καὶ
1114 5386 1426 5451 ζωοποιεῖν,
1470 5382 1545 5447 ὡς
1597 5380 1673 5451 μὴ
1703 5377 1838 5432 Θεὸν

242 5492 379 5545 ὄντα
417 5488 656 5559 γυμνόν·
709 5484 850 5539 ἀλλὰ
899 5480 1225 5552 συνεργάτιν
1266 5477 1462 5548 ὥσπερ
1496 5475 1641 5541 τινὰ,
1700 5475 1839 5545 πρὸς

243 5566 411 5638 σιούτο
445 5581 513 5651 δὴ
556 5579 816 5651 μάλιστα,
859 5577 959 5645 τὴν
1000 5572 1163 5642 ἁγίαν
1209 5570 1378 5624 αὑτοῦ
1408 5570 1585 5641 σάρκα
1625 5565 1841 5639 λαμσά-

245 5693 363 5730 νειν
412 5670 734 5741 ἐπείγεσθαι
760 5686 773 5699 ο
807 5670 903 5722 καὶ
942 5665 1232 5731 ζωοποιεῖν
1263 5664 1359 5716 καὶ
1402 5660 1729 5735 θεραπεύειν
1774 5659 1841 5713 δι’

249 5769 426 5837 αὐτῆς
450 5767 544 5821 καὶ
572 5765 672 5835 τῆς
703 5762 825 5817 κατ’
855 5759 1023 5830 αὐτὴν
1048 5757 1191 5827 ἁφῆς
1232 5758 1325 5809 καὶ
1351 5754 1537 5824 φωνῆς
1555 5770 1567 5783 ο
1601 5755 1688 5807 ἴνα
1712 5750 1844 5805 ταύ-

250 5880 354 5931 την
388 5858 611 5929 δεικνύῃ
646 5855 932 5923 ζωοποιεῖν
981 5850 1314 5921 δυναμένην,
1352 5846 1439 5903 διὰ
1477 5846 1537 5899 τὸ
1574 5846 1708 5915 πρὸς
1741 5844 1838 5897 αύ-

1912 3724 2158 3781 nientem
2216 3718 2368 3774 enim
2430 3717 2625 3772 doctor
2688 3719 3034 3770 commentus
3092 3721 3318 3769 vocem,
3381 3718 3504 3775 qua:

1912 3824 2205 3883 utramque
2250 3809 2665 3881 operationem,
2702 3806 2783 3861 uti
2835 3805 3115 3866 dicebam,
3152 3797 3506 3870 singulariter

1913 3906 2124 3979 prolata
2186 3903 2682 3973 complecteretur,
2741 3898 3019 3968 duplicem
3082 3890 3503 3964 operationem,

1915 4000 2037 4069 ejus
2065 3995 2163 4068 qui
2188 3994 2395 4065 duplex
2424 3998 2622 4051 natura
2652 3990 2747 4055 sit,
2773 3984 3265 4047 circumlocutione
3293 3979 3505 4053 signiti-

1916 4085 2082 4147 cavit.

1995 4177 2104 4233 Sed
2135 4184 2192 4233 et
2223 4176 2318 4233 illa
2349 4171 2747 4247 sapientissimi
2776 4168 2966 4247 Cyrilli
2997 4185 3011 4225 :
3054 4185 3072 4219 ι
3101 4166 3225 4223 Una
3254 4173 3312 4221 et
3336 4163 3512 4219 allinis

1926 4272 2218 4341 utriusque
2268 4284 2501 4327 munere
2544 4266 2693 4322 edita
2739 4264 3020 4336 operatio,
3059 4281 3078 4315 ι
3127 4260 3311 4333 magni
3348 4260 3515 4330 hujus

1924 4363 2105 4422 Patris
2131 4361 2383 4417 maxima:
2409 4358 2787 4429 intelligentia:
2812 4356 3063 4429 proxima
3094 4361 3200 4407 est.
3227 4352 3363 4407 Nam
3397 4351 3517 4421 ipse

1927 4472 2149 4528 quoque
2196 4469 2468 4510 summam
2508 4450 2802 4522 quamdam
2852 4446 3190 4502 naturalium
3236 4443 3516 4514 operatio-

1862 4590 1904 4643 υ
1927 4566 2083 4616 num,
2113 4546 2479 4604 cohaesionem
2505 4558 2570 4598 ac
2596 4541 2856 4596 unionem
2882 4555 2979 4612 per
3002 4537 3150 4591 illam
3175 4535 3357 4589 docet.
3379 4533 3517 4588 Cum

1929 4640 2079 4697 enim
2107 4638 2274 4693 etiam
2302 4637 2425 4691 viro
2456 4634 2589 4690 huic
2613 4632 2924 4689 clarissimo
2949 4630 3315 4686 constitutum
3351 4638 3518 4689 esset,

1932 4742 1995 4788 ut
2038 4730 2359 4788 ostenderet
2400 4742 2623 4783 carnem
2669 4726 2864 4789 Deum,
2901 4724 3130 4795 ejusque
3171 4720 3519 4777 essentialem

1935 4824 2337 4897 operationem,
2365 4820 2573 4876 unione
2607 4834 2733 4875 cum
2766 4818 2949 4874 Verbo
2982 4824 3178 4871 natura
3212 4814 3346 4880 Deo,
3377 4812 3519 4866 divi-

1935 4933 2065 4974 nam
2112 4916 2312 4971 factam
2357 4929 2511 4977 esse,
2558 4913 2879 4984 majoraque
2926 4924 3090 4981 quam
3139 4921 3237 4977 pro
3282 4904 3525 4961 hominis

1937 5010 2151 5065 ratione
2174 5022 2297 5062 esse
2321 5014 2630 5077 operatam,
2654 5014 2780 5059 cum
2810 5001 2878 5057 ab
2901 5016 2968 5057 eo
2994 4998 3142 5070 quod
3165 5006 3286 5052 erat
3306 5005 3522 5059 natura,

1935 5102 2165 5159 minime
2208 5098 2564 5163 excessisset,
2608 5096 2687 5150 uti
2728 5095 2897 5150 etiam
2933 5093 3115 5162 ipsum
3154 5090 3427 5152 Verbum,
3462 5103 3522 5142 ea

1936 5203 2166 5267 propter
2212 5207 2315 5247 nos
2362 5197 2557 5260 sponte
2601 5196 2913 5257 assumpta,
2950 5184 3115 5238 homo
3158 5181 3361 5235 factum
3410 5186 3523 5240 est,

1938 5287 2180 5341 humana
2233 5297 2504 5353 operans,
2556 5291 2876 5349 quanquam
2929 5283 3050 5328 erat
3098 5273 3243 5326 Deus
3295 5279 3522 5332 natura;

1940 5381 2119 5451 ipsum
2171 5379 2364 5445 docet,
2408 5376 2616 5437 nedum
2659 5372 2911 5444 jussione
2954 5368 3203 5425 omnium
3249 5362 3528 5419 etl‘ectrice

1941 5489 2136 5529 curare
2179 5488 2243 5528 ac
2284 5470 2454 5525 vitam
2504 5466 2783 5528 tribuere;
2831 5468 2891 5516 ut
2932 5461 3026 5531 qui
3074 5474 3185 5513 non
3230 5457 3303 5512 sit
3347 5455 3530 5511 nudus

1942 5567 2112 5632 Deus,
2138 5566 2233 5623 sed
2263 5564 2416 5619 velut
2438 5558 2624 5631 operis
2651 5555 2878 5619 sociam,
2906 5552 2975 5611 ad
3005 5553 3109 5607 hoc
3135 5549 3372 5604 maxime
3399 5562 3530 5601 san-

1946 5668 2093 5715 ctam
2129 5671 2353 5711 carnem
2386 5668 2545 5709 suam
2580 5649 2777 5707 sedulo
2810 5646 3106 5710 adbibere;
3146 5656 3353 5713 perque
3384 5655 3529 5705 eam,

1944 5752 2173 5820 ejusque
2218 5756 2366 5802 tactu
2409 5755 2463 5799 et
2503 5759 2639 5798 voce
2681 5740 2967 5797 vivificare
3011 5747 3177 5806 atque
3218 5746 3435 5798 curare,
3469 5738 3533 5787 ut

1945 5856 2067 5900 eam
2092 5839 2348 5898 ostendat
2372 5834 2686 5893 vivilicundi
2709 5832 2764 5893 vi
2795 5830 3112 5906 praeditam;
3140 5828 3347 5887 idcirco
3369 5823 3533 5884 nimi-
