3952 6570
463 395 602 462 1119

1669 386 2052 449 EUTHYMH
2092 390 2457 454 ZlGABENI

3590 396 3752 460 ΝΞΟ

457 542 577 580 rum
609 525 758 597 quod
792 541 962 581 unum
997 540 1123 581 cum
1157 541 1222 581 ea
1257 541 1355 596 per
1389 525 1652 582 unionem
1685 526 1889 582 factum
1924 537 2030 595 est;

2134 525 2234 597 τὴν
2276 525 2333 579 ἐν
2385 526 2452 597 τῇ
2502 522 2695 579 ὲνώσει
2739 524 3031 595 γενέσθαι·
3065 528 3161 579 καὶ
3215 525 3378 579 αὐτοῦ
3413 526 3508 580 τοῦ
3560 528 3748 598 φύσει

456 634 693 689 vereque
721 635 784 674 ac
813 619 1039 691 proprie
1068 619 1243 689 ipsius
1271 629 1470 674 natura
1497 619 1713 675 cunctis
1736 621 1907 675 vitam
1937 621 2044 675 lar-

454 711 674 781 gientis,
708 726 820 765 non
868 712 1094 766 alterius
1142 727 1272 767 caro
1317 722 1420 768 est.
1456 712 1827 780 Quamobrem
1877 714 2041 769 etiam

454 818 619 856 unam
665 818 842 869 suam,
879 804 1110 873 ejusque
1155 805 1382 875 (sanctae
1423 805 1636 860 scilicet
1678 806 1862 861 carnis
1884 807 2039 876 suae),

455 904 622 963 atque
658 892 874 949 afﬁnem
903 896 1195 967 utriusque
1227 913 1457 952 munere
1486 898 1603 952 edit
1631 900 2040 969 operationem;

455 999 621 1037 unam
660 982 903 1054 quidem,
938 988 1173 1053 unione;
1216 1003 1410 1042 rursus
1447 1005 1598 1056 vero,
1634 992 1889 1061 partibus
1924 993 2041 1048 alli-

452 1090 618 1141 nem;
653 1091 776 1145 qua:
808 1075 1067 1131 videlicet
1105 1086 1219 1130 tum
1255 1077 1309 1132 in
1340 1080 1587 1150 jussione
1621 1082 1869 1136 omnium
1905 1083 2041 1139 effe~

454 1166 645 1231 ctrice,
678 1175 790 1220 tum
826 1167 883 1221 in
916 1175 1119 1221 sanctae
1151 1169 1337 1225 carnis
1386 1180 1643 1226 contactu
1678 1172 1870 1228 eadem
1925 1175 2041 1245 ipsa

454 1258 745 1313 exsisteret
788 1276 800 1312 :
845 1260 1135 1329 utriusque
1179 1262 1328 1315 enim
1378 1279 1639 1327 munere,
1685 1264 1928 1319 Verbum
1980 1276 2042 1320 ut

455 1350 621 1417 Deus,
648 1351 789 1405 hanc
816 1352 961 1406 clare
990 1353 1313 1419 exhibebat;
1347 1369 1545 1424 nempe
1576 1356 1897 1421 ostendens,
1931 1375 2038 1427 qua

454 1460 556 1513 per
603 1459 724 1497 eam
780 1458 999 1513 quoque
1054 1446 1220 1499 vitam
1280 1447 1592 1511 tribuebat,
1645 1449 1817 1519 ipsam
1876 1453 2041 1505 etiam

456 1548 687 1602 prorsus
730 1532 1000 1587 viviﬁcam
1047 1534 1321 1601 evasisse;
1372 1535 1452 1590 uti
1496 1537 1661 1591 etiam
1712 1538 1853 1609 ignis
1897 1539 2043 1593 ferro

456 1623 717 1689 adurens,
749 1625 953 1680 unione
990 1641 1114 1680 cum
1159 1625 1299 1696 ipso,
1334 1625 1542 1681 ferrum
1585 1628 1809 1698 przestat
1848 1630 2042 1684 urendi

456 1715 510 1767 vi
552 1714 845 1785 prmditum
892 1734 905 1770 :
953 1717 1026 1772 ita
1067 1717 1328 1772 nimirum
1370 1728 1431 1773 ut
1472 1720 1617 1775 ustio
1658 1721 1861 1775 nedum
1904 1722 2043 1793 ignis

456 1815 656 1861 natura
692 1808 785 1873 sit,
816 1808 911 1863 sed
938 1819 994 1864 et
1026 1809 1199 1880 ipsius
1228 1811 1381 1878 ferri,
1414 1828 1522 1883 qua
1555 1813 1631 1867 illi
1666 1815 1880 1868 unitum
1912 1826 1997 1869 est
2027 1833 2041 1870 :

458 1898 757 1969 divinaque
808 1917 1007 1957 rursus
1056 1903 1342 1972 patrandis
1390 1905 1674 1959 miraculis

458 1992 726 2061 operatio,
749 2008 858 2047 non
890 1994 1063 2063 ipsius
1091 1995 1269 2049 solum
1293 1996 1365 2050 sit
1394 2006 1619 2067 propter
1647 2004 1923 2061 naturam,
1948 1998 2042 2053 sed

457 2095 515 2140 et
555 2095 758 2140 sanctte
805 2085 977 2155 ipsius
1019 2087 1219 2152 carnis,
1254 2088 1325 2142 ob
1366 2088 1711 2157 personalem
1755 2090 1875 2159 ejus
1920 2105 2044 2144 cum

461 2176 575 2246 ipsa
609 2175 892 2230 unionem.
920 2176 1034 2231 Sibi
1078 2178 1225 2232 enim
1268 2178 1322 2232 in
1366 2178 1590 2242 divinis,
1619 2179 1803 2247 operis
1839 2179 2042 2234 sociam

457 2284 577 2321 eam
605 2268 923 2334 adhibebat,
949 2270 1028 2323 uti
1053 2270 1290 2341 loquitur
1323 2270 1599 2341 magister,
1627 2272 1772 2325 haud
1798 2287 1958 2327 secus
1980 2287 2039 2327 ac

456 2359 640 2412 anima
680 2374 883 2429 corpus
922 2359 1169 2425 adhibet,
1201 2370 1262 2415 ut
1303 2376 1471 2430 opera
1512 2376 1608 2415 sua
1650 2361 1883 2431 expleat.
1919 2361 2043 2418 llaec

457 2449 624 2519 igitur
670 2464 779 2503 una
818 2458 904 2504 est
948 2465 1011 2505 ac
1055 2450 1232 2505 aiiinis
1278 2451 1567 2520 utriusque
1617 2465 1846 2505 munere
1891 2450 2041 2505 edita

454 2540 740 2609 operatio,
787 2557 910 2611 quae
959 2542 1291 2596 naturalium
1342 2542 1727 2612 operationum
1780 2541 2039 2596 unionem

452 2631 759 2699 declarans,
791 2632 993 2687 diversi
1029 2649 1122 2687 eas
1153 2633 1368 2704 generis
1400 2633 1667 2703 duasque,
1699 2632 1845 2685 haud
1878 2648 2040 2688 secus

448 2745 514 2786 ac
542 2729 709 2786 etiam
738 2730 1021 2785 Deivirilis
1046 2732 1312 2801 Operatio,
1337 2732 1389 2786 vi
1439 2747 1535 2787 sua
1563 2749 1593 2787 a
1619 2748 1788 2802 seque
1812 2730 2033 2801 proprie

449 2824 749 2896 significet;
782 2824 928 2893 quod
958 2824 1028 2879 ad
1055 2825 1247 2879 ambas
1279 2825 1554 2880 referatur
1580 2834 1786 2896 partes,
1810 2840 1876 2879 cx
1907 2822 2033 2893 qui-

452 2917 557 2972 bus
584 2926 642 2971 et
666 2917 721 2971 in
747 2917 951 2986 quibus
980 2933 1151 2971 unum
1182 2932 1245 2971 ac
1276 2918 1549 2987 singulare
1576 2917 1818 2972 Verbum
1851 2916 2033 2970 incar-

450 3018 641 3064 natum
670 3010 997 3075 exsistebat;
1031 3017 1351 3080 spectetque
1379 3010 1447 3065 ad
1475 3018 1797 3080 utramque;
1831 3009 2034 3063 utrius-

450 3119 559 3173 que
605 3103 818 3157 scilicet
856 3118 1089 3157 munere
1130 3102 1315 3169 edita;
1362 3111 1480 3157 tum
1524 3119 1725 3173 nempe
1766 3102 2032 3174 jussionis

450 3193 695 3247 omnium
723 3193 1040 3257 effectricis,
1070 3201 1185 3247 tum
1217 3203 1502 3248 contactus
1532 3202 1732 3248 sancta:
1757 3193 1955 3247 carnis.

1878 1908 2041 1962 Verbi
2070 1872 2107 1924 Β

2135 616 2533 685 ζωογονοῦντος
2571 616 2639 670 τά
2694 615 3012 688 σύμπαντα,
3044 616 3140 671 καὶ
3189 619 3288 689 οὐχ
3320 619 3507 692 ἕτερον
3540 622 3749 692 σάρκα

2134 708 2341 779 κυρίως
2384 708 2673 780 ὑπάρχειν.
2721 709 2815 761 Διὸ
2855 708 2953 762 καὶ
2997 709 3130 780 μίαν
3170 710 3335 763 αὐτοῦ
3379 714 3472 766 καὶ
3524 715 3748 783 αὐτῆς,

2135 800 2281 872 φημὶ
2302 800 2405 871 τῆς
2434 800 2596 869 ἁγίας
2629 800 2832 872 σαρκὸς
2861 800 2959 854 καὶ
2994 801 3235 872 συγγενῆ
3276 802 3344 855 δι’
3367 804 3569 874 speet»
3607 808 3751 859 ἐπι-

2132 891 2372 945 δεικνύει
2411 890 2729 962 ἐνέργειανο
2764 892 2898 964 μίαν
2950 893 3072 964 μὲν,
3105 896 3172 965 τῇ
3218 894 3442 947 ἑνὼσειο
3480 899 3747 969 συγγενῆ

2132 984 2190 1038 δὲ
2226 984 2408 1051 πάλιν,
2441 987 2555 1048 τοῖς
2587 985 2839 1056 μέρεσιν·
2871 985 2947 1051 ὡς
2988 985 3087 1057 τὴν
3136 987 3309 1057 αὐτὴν
3343 983 3531 1051 οὖσαν,
3572 990 3641 1043 ἐν
3672 1007 3743 1043 τε

2136 1074 2462 1147 παντουργῷ
2508 1076 2918 1148 προστάγματι,
2976 1080 3073 1129 καὶ
3118 1078 3231 1149 ἁφῇ
3271 1079 3372 1149 τῆς
3397 1079 3563 1148 ἁγίας
3594 1098 3747 1152 σαρ-

2134 1166 2259 1231 κός*
2288 1168 2357 1220 δι’
2401 1168 2606 1237 ἀμφοῖν
2647 1167 2777 1238 γάρ,
2800 1166 2877 1231 ὡς
2914 1167 3071 1233 Θεὸς,
3095 1170 3124 1222 ό
3152 1170 3343 1239 Λόγος,
3374 1170 3580 1242 ταύτην
3624 1189 3742 1224 σα-

2135 1259 2251 1328 φῶς
2303 1258 2683 1312 ἐλπεδείκνυτοο
2726 1259 2942 1323 δεικνὺς
2984 1259 3064 1331 τῷ
3110 1259 3205 1313 καὶ
3258 1260 3326 1313 δι’
3375 1262 3547 1332 αὐτῆς
3577 1264 3741 1326 ζωο-

2136 1353 2335 1415 ποιεῖν,
2379 1352 2457 1414 ὠς
2499 1352 2595 1405 καὶ
2633 1351 2773 1422 αὑτὴ
2832 1352 3059 1421 γέγονεν
3108 1353 3175 1407 δι’
3232 1354 3357 1407 ὅλου
3414 1354 3739 1420 (wanted;-

2135 1442 2387 1515 καθάπερ
2417 1442 2512 1496 καὶ
2542 1440 2653 1513 πῦρ
2683 1442 2773 1495 διὰ
2803 1443 3022 1515 σιδήρου
3064 1447 3236 1510 καῖον,
3267 1444 3454 1498 ἑνώσει
3482 1449 3551 1517 τῇ
3584 1446 3743 1517 πρὸς

2136 1533 2299 1588 αὑτὸν
2346 1534 2641 1587 καυστικὸν
2697 1534 2993 1603 ἀποφαίνει
3037 1536 3132 1589 τὸν
3195 1538 3442 1610 σίδηρον·
3468 1539 3550 1601 ὼς
3578 1534 3742 1591 εἶναι

2135 1626 2321 1679 λοιπὸν
2359 1625 2447 1679 διὰ
2488 1625 2648 1680 τοῦτο
2692 1627 2766 1698 μὴ
2803 1627 2898 1681 τοῦ
2940 1627 3112 1700 πυρὸς
3152 1630 3294 1684 κατὰ
3344 1630 3507 1699 φύσιν
3550 1631 3739 1701 μόνον

2136 1718 2233 1788 τὴν
2266 1718 2482 1783 καῦσιν,
2512 1719 2648 1772 ἀλλὰ
2686 1718 2891 1774 καύτοῦ
2937 1720 3030 1773 τοῦ
3080 1722 3299 1794 σιδήρου
3329 1723 3416 1775 διὰ
3452 1724 3557 1794 τὴν
3580 1724 3739 1777 ἒνωο

2137 1826 2249 1862 σιντ
2285 1810 2379 1864 καὶ
2410 1810 2511 1882 τὴν
2537 1812 2595 1866 ἐν
2625 1813 2739 1876 τοῖς
2767 1812 3014 1883 θαύμασι
3061 1813 3213 1867 θείαν
3256 1813 3352 1868 τοῦ
3389 1814 3569 1880 Λόγου
3608 1817 3736 1869 τεά-

2138 1902 2219 1954 λιν
2261 1902 2571 1973 ἐνέργειαν,
2615 1904 2691 1975 μὴ
2746 1903 2839 1957 τοῦ
2890 1904 3059 1958 αὐτοῦ
3099 1906 3261 1975 μόνον
3302 1905 3389 1959 διὰ
3425 1906 3529 1979 τὴν
3557 1908 3741 1976 φύσιν

2138 1993 2425 2065 ὑπάρχειν,
2472 1994 2611 2049 ἀλλὰ
2648 1996 2859 2065 καύτῆς
2904 1996 3006 2066 τῆς
3040 1996 3202 2065 ἁγίας
3241 1998 3461 2067 σαρκὸς,
3494 1999 3587 2052 διά
3624 2001 3739 2071 τὴν

2137 2086 2275 2157 πρὸς
2295 2086 2466 2155 αὐτὴν
2499 2087 2622 2141 καθ’
2660 2088 2958 2142 ὑπόστασιν
2987 2087 3181 2141 ἕνωσιν
3208 2106 3222 2118 ·
3254 2091 3584 2161 συνεργάτιν
3612 2094 3738 2164 γὰρ

2137 2179 2331 2232 ἑαυτοῦ
2357 2180 2562 2251 ταύτην
2592 2184 2650 2235 ὲν
2675 2184 2786 2246 τοῖς
2811 2182 2979 2245 Θείοις
3012 2182 3458 2252 παρελάμϐανεν,
3557 2202 3737 2255 φησιν

2135 2272 2164 2324 ὁ
2202 2272 2544 2337 διδάσκαλος,
2574 2272 2766 2345 ὥσπερ
2796 2275 2887 2327 καὶ
2914 2274 3060 2344 ψυχὴ
3092 2276 3153 2327 τὸ
3192 2275 3323 2328 ῐδιον
3370 2274 3561 2345 σῶμα,
3590 2275 3741 2344 πρὸς

2136 2363 2233 2435 τὴν
2275 2363 2385 2417 τῶν
2434 2365 2653 2419 οἰκείων
2702 2364 2880 2438 ἔργων
2922 2366 3295 2437 ἐκπλήρωσιν.
3332 2365 3478 2437 Αῦτη
3516 2366 3657 2434 γοῦν
3695 2368 3732 2439 ἡ

2139 2455 2237 2525 μία
2290 2456 2382 2507 καὶ
2422 2458 2693 2527 συγγενὴς
2736 2456 2803 2509 δι’
2844 2458 3047 2526 ἀμφοῖν
3090 2456 3505 2528 ἐπιδεδειγμένη
3566 2459 3731 2530 ἐνέρ-

2135 2564 2280 2615 γεια,
2322 2545 2430 2599 τῶν
2463 2549 2605 2602 κατὰ
2654 2550 2818 2618 φύσιν
2862 2550 3156 2622 ἐνεργειῶν
3186 2549 3421 2620 δηλοῦσα
3458 2550 3564 2622 τὴν
3595 2551 3732 2604 ἕνω-

2138 2657 2222 2690 σιν
2241 2656 2252 2669 ’
2288 2639 2350 2692 τὸ
2383 2641 2698 2710 ὲτερογενὲς
2730 2640 2937 2695 τούτων
2968 2642 3061 2696 καὶ
3095 2642 3300 2705 δυῖκὸν,
3330 2642 3590 2713 καθάπερ
3621 2647 3727 2697 καὶ

2136 2731 2170 2800 ἡ
2203 2730 2517 2803 Θεανδρικὴ
2552 2731 2823 2803 ἐνέργεια,
2859 2730 2925 2784 δι’
2955 2733 3157 2805 ἑαυτῆς
3192 2736 3395 2804 κυρίως
3426 2735 3728 2803 σημαίνει·

2134 2819 2212 2889 τῷ
2241 2820 2379 2891 πρὸς
2403 2822 2571 2891 ἄμφω
2599 2821 2667 2873 τὰ
2700 2820 2867 2892 μέρη,
2904 2821 3015 2875 τῶν
3049 2822 3109 2886 ὲξ
3136 2816 3212 2875 ὧν
3250 2823 3343 2875 καὶ
3376 2824 3436 2874 ὲν
3468 2817 3553 2886 οἷς
3584 2824 3613 2875 ό
3640 2821 3730 2891 εἰς

2136 2911 2230 2964 καὶ
2275 2910 2438 2981 μόνος
2468 2911 2798 2983 ὲγνωρίζετο
2832 2913 3256 2984 σεσαρκωμένος
3282 2913 3474 2982 Λόγος,
3506 2916 3727 2983 ἀναφέ-

2137 2999 2369 3073 ρεσθαιο
2417 3001 2515 3056 καὶ
2550 3003 2877 3075 ἀμφοτέρων
2921 3004 3213 3075 ὑπάρχειν,
3255 3004 3331 3069 ὡς
3382 3005 3451 3058 δι’
3481 3008 3727 3075 ἀμφοῖν,

2132 3094 2229 3148 τοῦ
2257 3112 2317 3147 τε
2348 3096 2693 3167 παντουργοῦ
2719 3098 3167 3167 προστάγματος,
3195 3099 3290 3151 καὶ
3321 3098 3422 3167 τῆς
3447 3097 3597 3167 άφῆς
3618 3100 3731 3170 τῆς

2133 3188 2299 3257 ἁγίας
2325 3188 2528 3259 σαρκὸς
2563 3188 2999 3259 ὲπιδεδειγμένη.

518 3283 598 3337 Nc
628 3299 791 3352 quem
810 3299 941 3337 vero
965 3298 1198 3353 prorsus
1228 3300 1332 3337 vox
1355 3285 1623 3354 συγγενὴς
1649 3283 1785 3353 (sive
1816 3282 2029 3336 afﬁnem

2203 3282 2279 3335 Οὑ
2308 3282 2389 3335 δεῖ
2426 3282 2481 3335 δὲ
2525 3281 2604 3352 τῷ
2654 3284 2906 3350 συγγενεῖ
2943 3281 3249 3347 ξενίζεσθαι
3281 3283 3585 3347 παντελῶς
3625 3286 3729 3338 ὲπί

450 3376 568 3430 sive
626 3383 912 3445 cognatam
959 3390 1023 3429 ac
1071 3374 1229 3443 quasi
1291 3376 1539 3446 ejusdem
1588 3374 1806 3447 generis
1855 3374 2028 3441 dicas)

450 3466 605 3537 quasi
651 3466 815 3536 paulo
843 3466 1169 3521 insolentior
1198 3467 1461 3521 olfendat.
1496 3467 1848 3537 Usurparunt
1880 3468 2028 3521 enim

450 3558 627 3611 sancti
688 3558 900 3623 Patres,
955 3566 1072 3612 tum
1126 3558 1181 3613 in
1216 3558 1285 3613 iis
1314 3574 1437 3628 quae
1488 3558 1736 3629 ejusdem
1776 3560 2029 3615 essentia:

450 3658 599 3714 sunt,
645 3655 759 3703 tum
788 3664 909 3719 quae
948 3649 1200 3704 diversae.
1229 3649 1411 3705 Testis
1460 3665 1690 3720 magnus
1730 3650 2029 3721 Gregorius

449 3739 784 3810 Theologus,
821 3740 953 3795 dum
1001 3742 1057 3795 in
1092 3742 1210 3797 hazc
1247 3741 1415 3796 verba
1455 3740 1524 3796 de
1558 3742 1739 3796 anima
1780 3741 2024 3808 disserit,

454 3832 509 3886 in
544 3832 797 3887 Oratione
845 3834 1053 3903 funebri
1084 3834 1141 3888 in
1191 3834 1417 3889 fratrem
1472 3850 1633 3889 suum
1681 3834 2023 3889 Caesarium:

448 3925 578 3986 Post
604 3941 736 3980 vero
763 3925 927 3980 etiam
955 3927 1259 3996 aliquanto,
1294 3942 1421 3981 cum
1456 3936 1744 3999 cognatam
1778 3943 2024 3992 carnem,

447 4029 683 4083 quacum
730 4014 1110 4085 philoSOphata
1164 4016 1409 4071 caelestia
1440 4025 1545 4080 est,
1578 4018 1872 4087 receperit,
1906 4018 2026 4085 Quo

448 4105 572 4159 loco
599 4104 922 4175 Gregorius,
954 4122 1179 4161 carnem
1218 4106 1404 4161 animo
1433 4118 1744 4179 cognatam,
1778 4125 1873 4164 seu
1906 4109 2023 4164 atii—

446 4210 596 4260 nem,
632 4197 867 4260 vocavit,
919 4213 1029 4251 non
1082 4198 1298 4253 ratione
1346 4209 1589 4267 naturae,
1650 4201 1747 4256 sed
1783 4201 2021 4257 unionis.

448 4288 776 4358 Rursusque
810 4287 1063 4344 Oratione
1095 4292 1152 4345 in
1189 4301 1378 4346 sancta
1419 4291 1623 4348 lumina
1654 4293 1722 4349 de
1744 4294 2026 4365 unigenito

447 4378 585 4431 Filio
609 4378 851 4434 docens:
882 4397 899 4431 ι
940 4379 1037 4435 Cui
1061 4389 1109 4434 et
1129 4391 1384 4453 cognatus
1415 4382 1645 4454 Spiritus
1671 4387 2023 4439 testimonium

447 4471 767 4541 perhibebat,
805 4491 824 4523 ι
890 4471 1009 4539 Quo
1061 4474 1185 4529 loco
1242 4485 1565 4545 cognatum,
1640 4493 1748 4531 non
1812 4478 2024 4533 ratione

2129 3391 2191 3428 τε
2236 3375 2343 3446 γὰρ
2377 3375 2681 3446 ὁμοουσίων
2726 3377 2821 3428 καὶ
2871 3375 3227 3446 ὲτεροουσίων
3285 3374 3543 3430 λέλεκται
3604 3380 3730 3441 τοῖς

2132 3466 2308 3535 ἁγίοις
2337 3468 2584 3538 Πατράσι
2607 3467 2669 3520 τὸ
2701 3467 2984 3536 συγγενές’
3017 3467 3113 3520 καλ⁸
3149 3468 3358 3539 μάρτυς
3386 3470 3417 3521 ὁ
3453 3470 3729 3537 Θεολόγος

2131 3558 2226 3611 καὶ
2259 3559 2432 3629 μέγας
2468 3559 2790 3631 Γρηγόριος,
2840 3560 2970 3627 περ)⁸
3025 3558 3204 3631 ψυχῆς
3246 3560 3423 3629 λέγων
3453 3560 3632 3624 οὕτως
3664 3564 3727 3615 ἐν

2128 3650 2208 3721 τῷ
2226 3652 2301 3714 εις
2324 3652 2621 3722 Καισάριον
2651 3650 2742 3705 τὸν
2770 3650 2936 3705 αὑτοῦ
2949 3650 3174 3720 ἀδελφὸν
3190 3652 3510 3721 Ἐπιταέρίῳ
3533 3654 3722 3721 λόγῳ,

2128 3743 2342 3815 Μικρὸν
2409 3744 2466 3796 δὲ
2550 3743 2779 3814 ὕστερον
2856 3747 2951 3796 καὶ
3021 3744 3085 3797 τὸ
3154 3744 3417 3813 συγγενὲς
3489 3744 3727 3814 σαρκίον

2128 3835 2501 3901 άπολσόοῦσα,
2557 3828 2603 3905 ᾧ
2658 3836 2726 3889 τὰ
2781 3836 2992 3889 ἐκεῖθεν
3216 3834 3721 3903 συνεφιλοσόφησεν.

2141 3928 2408 3983 Ἐνταῦθα
2435 3928 2525 3982 διὰ
2547 3929 2646 3999 τὴν
2676 3928 2890 3993 ἕνωσιν,
2924 3928 3039 3981 ἀλλ’
3059 3929 3124 3982 οὐ
3147 3928 3247 4000 τὴν
3280 3928 3444 3997 φύσιν
3470 3925 3720 3995 συγγενῆ

2125 4021 2193 4090 τῇ
2234 4018 2380 4091 ψυχῇ
2409 4018 2508 4088 τὴν
2537 4020 2715 4091 σάρκα
2740 4018 3011 4088 κέκληκεν
3037 4019 3067 4068 ό
3102 4017 3443 4080 διδάσκαλος.
3476 4018 3587 4071 Καὶ
3612 4015 3724 4069 πά-

2126 4109 2351 4175 λιν,Ἐν
2378 4107 2457 4175 τῷ
2482 4112 2586 4175 Εἰς
2618 4111 2690 4165 τὰ
2710 4108 2895 4179 φῶτα,
2923 4111 3049 4184 περὶ
3097 4109 3192 4164 τοῦ
3230 4109 3553 4181 μονογενοῦς
3581 4107 3720 4161 Υίοῦ

2126 4201 2418 4267 διδάσκων,
2458 4201 2634 4273 φησί·
2675 4202 2787 4257 Καὶ
2828 4206 2861 4257 ό
2902 4202 3020 4258 ὑπὸ
3066 4203 3174 4257 τοῦ
3202 4201 3542 4273 συγγενοῦς
3571 4216 3724 4270 μαρ-

2126 4296 2490 4364 τυρούμενος
2527 4297 2894 4366 Πνεύματος.
3059 4295 3174 4349 Νῦν
3222 4296 3285 4349 τὸ
3320 4296 3587 4362 συγγενὲς
3631 4294 3721 4347 διὰ

2126 4389 2225 4457 τὴν
2250 4388 2431 4456 φύσιν,
2463 4388 2579 4441 ἀλλ’
2607 4390 2669 4442 οὐ
2698 4389 3009 4459 τὴνκξνωσιν
3039 4389 3278 4459 εἴρηκεν.
3313 4387 3486 4449 Αὐτὸς
3503 4386 3564 4439 δὲ
3601 4386 3717 4439 Κύ-

2128 4478 2308 4550 ριλλος
2332 4482 2360 4532 ό
2395 4479 2557 4548 σοφὸς
2604 4481 2744 4533 κάπὶ
2777 4483 2843 4551 τῇ
2874 4479 3032 4551 οὐσίᾳ
3077 4479 3169 4532 καὶ
3193 4478 3489 4531 ὑποστάσει
3518 4476 3713 4547 διῃρη-

446 4564 672 4618 unionis
703 4564 863 4630 dixit,
894 4564 990 4619 sed
1023 4566 1237 4621 ratione
1267 4576 1499 4623 natura}.
1527 4567 1671 4635 Quin
1700 4577 1757 4623 et
1786 4569 1902 4640 ipse
1933 4584 2023 4623 sa-

2134 4574 2306 4644 μένων
2326 4574 2385 4627 τὸ
2413 4575 2674 4643 συγγενὲς
2695 4576 3139 4646 ἀπαρατηρήτως
3166 4572 3465 4643 λαμϐάνει’
3491 4571 3588 4625 καὶ
3617 4573 3712 4621 τά-

445 4656 827 4726 pientissimus
860 4654 1135 4728 Cyrillus,
1171 4667 1286 4712 tum
1323 4658 1391 4714 de
1436 4661 1605 4715 rebus
1635 4661 1874 4715 essentia
1924 4676 2021 4715 seu

444 4755 641 4801 natura
661 4787 677 4813 ,
732 4757 847 4802 tum
877 4764 1113 4818 persona
1148 4749 1405 4805 discretis
1429 4791 1444 4817 ,
1476 4753 1630 4807 nullo
1677 4753 2019 4818 discrimine,

446 4837 661 4907 cognati
701 4853 890 4893 vocem
922 4847 1084 4909 atque
1105 4840 1282 4896 afﬁnis
1307 4851 1571 4912 usurpat;
1608 4852 1771 4913 atque
1804 4844 1919 4899 haec
1946 4844 2023 4899 ait

444 4925 874 4984 Commentariis
904 4931 1020 4984 suis
1048 4930 1103 4984 in
1133 4931 1364 4986 Joannis
1396 4934 1775 5005 Evangelium,
1826 4935 1894 4990 de
1920 4952 2021 4991 cu-

445 5015 683 5083 ratione,
717 5034 840 5088 qure
882 5030 967 5074 est
993 5036 1093 5091 per
1127 5022 1377 5077 divinum
1409 5024 1700 5094 baptisma,
1742 5045 1759 5077 ι
1789 5027 2022 5097 Utrique

442 5105 850 5177 quodammodo
875 5109 1021 5164 δίῐίΠί
1051 5121 1105 5166 et
1136 5114 1334 5168 amica.
1369 5114 1580 5185 Spiritu
1625 5116 1773 5170 enim
1812 5119 2020 5172 sancti-

444 5197 571 5252 ficat
616 5197 859 5257 hominis
899 5203 1194 5273 spiritum;
1226 5220 1366 5276 aqua
1408 5223 1543 5262 vero
1576 5225 1797 5280 corpus.
1836 5229 1855 5261 ι
1890 5212 2022 5277 Quae

444 5305 578 5344 vero
604 5306 668 5345 ac
695 5294 875 5361 qualis
905 5294 1140 5351 aﬂinitas
1173 5313 1270 5352 seu
1300 5300 1553 5369 cognatio
1583 5301 1823 5373 Spiritus
1844 5304 2019 5359 sancti

2125 4665 2182 4717 δε
2227 4665 2374 4733 λέγει
2423 4665 2514 4718 τὸν
2567 4663 2963 4736 εὐαγγελιστὴν
3024 4664 3280 4733 Ἰωάννην
3329 4661 3716 4733 ὑπομνηματίο

2126 4756 2236 4822 ζων
2288 4759 2354 4823 ²⁹,
2408 4758 2536 4828 περὶ
2586 4758 2687 4827 τῆς
2729 4759 2869 4811 κατὰ
2912 4758 2974 4811 τὸ
3026 4758 3172 4812 θεῖον
3214 4756 3507 4827 βάπτισμα
3548 4756 3712 4824 Θερα-

2125 4852 2315 4915 πείας,
2355 4869 2373 4901 ι
2410 4851 2697 4919 Συγγενῶς
2724 4868 2841 4915 πως
2873 4850 3101 4923 ἐχούσης
3127 4850 3265 4921 πρὸς
3294 4850 3465 4919 ἄμφω
3491 4847 3600 4901 τῶν
3623 4846 3711 4898 δε-

2123 4940 2470 5011 δηλωμένων.
2500 4941 2779 5012 Πνεῦματι
2818 4942 2919 5012 μὲν
2956 4941 3066 5011 γὰρ
3100 4938 3322 5009 ἁγιάζει
3356 4938 3455 4992 τοῦ
3497 4935 3708 5006 ἀνθρὼ-

2125 5052 2227 5088 που
2258 5035 2319 5088 τὸ
2343 5034 2580 5106 πνεῦμα·
2615 5035 2769 5089 ῦδατι
2798 5036 2855 5090 δὲ
2886 5031 2976 5101 αὖ,
3006 5036 3066 5089 τὸ
3094 5035 3278 5106 σῶμα.
3314 5052 3333 5086 ι
3378 5034 3477 5093 Τίς
3512 5033 3590 5096 δὲ,
3614 5030 3709 5082 καὶ

2125 5125 2253 5177 ποία
2289 5125 2580 5193 συγγένεια
2629 5125 2948 5196 Πνεῦματος
3002 5127 3161 5195 ἁγίου
3197 5125 3297 5179 καὶ
3341 5125 3533 5188 ὓδατος
3565 5121 3709 5176 κατὰ

2123 5234 2182 5270 τε
2223 5217 2412 5270 οὐσίαν
2462 5217 2845 5288 ἢὺπόστασιν,
2898 5220 3032 5291 πρὸς
3076 5218 3137 5272 τὸ
3174 5220 3445 5292 ἡμέτερον
3487 5215 3704 5286 πνεῦμα

2126 5310 2218 5363 καὶ
2246 5308 2439 5379 σῶμας
2475 5310 2524 5363 εἰ
2553 5310 2647 5363 καὶ
2690 5311 2760 5365 τά
2801 5311 3033 5382 μάλιστα
3088 5313 3230 5367 κατὰ
3262 5313 3426 5384 χάριν
3462 5313 3589 5383 ἡμῖν
3611 5310 3705 5362 καὶ

444 5396 502 5440 et
542 5401 719 5456 aquae,
762 5388 879 5443 sive
924 5387 1218 5443 essentiam
1266 5402 1333 5444 ac
1378 5395 1629 5443 naturam
1657 5398 1892 5458 spectes,
1932 5391 2047 5447 sive
2075 5397 2485 5456 subsistentiam
2548 5418 2956 5479 personamque
2990 5422 3113 5463 cum
3145 5407 3349 5481 spiritu
3397 5420 3581 5467 nostro
3637 5422 3707 5463 ac

447 5489 699 5543 corpore.

446 5585 699 5655 Ejusdem
719 5574 782 5640 es
808 5586 1033 5654 epistola
1057 5584 1127 5639 ad
1145 5582 1478 5641 Nicandrum
1502 5585 1662 5656 Cypri
1713 5585 2020 5655 episcopum

515 5667 562 5709 et
593 5656 661 5708 ad
689 5665 964 5725 prwlectos
997 5672 1181 5711 eorum
1234 5658 1325 5727 qui
1352 5659 1654 5712 solitariam
1714 5657 1769 5709 in
1832 5656 2023 5713 Sicilia

517 5727 679 5779 vitam
717 5727 933 5797 degunt.

520 5837 889 5897 Uudeuatura
925 5840 1117 5911 Deum,
1151 5841 1517 5913 cumdemque
1575 5858 1704 5900 vere
1771 5860 1836 5900 ac
1893 5860 2023 5916 pro-

2137 5595 2469 5679 Tag-(112??!)
2487 5600 2555 5655 ἐκ
2583 5601 2690 5671 τῆς
2713 5604 3048 5679 ἐπιστολῆς
3066 5607 3175 5677 τῆς
3204 5610 3356 5677 πρὸς
3375 5610 3707 5679 Νίκανδρον

2199 5669 2306 5719 τόν
2328 5671 2613 5752 Κύπριον,
2639 5669 2733 5752 xta}
2765 5676 2909 5743 τοὺς
2946 5669 3096 5733 κάὶά
3120 5669 3409 5735 Σικὲλίᾶν
3446 5669 3698 5752 ᾐτουὶιὲκ

2199 5754 2368 5807 γους,
2402 5742 2502 5795 καὶ
2529 5742 2927 5813 μονάζοντας.

2195 5853 2360 5909 Φύσει
2390 5853 2523 5909 Θεὸν
2574 5858 2667 5911 καὶ
2694 5858 2983 5931 ἄνθρωπον
3004 5862 3096 5917 τὸν
3124 5864 3288 5920 αὑτὸν
3335 5865 3556 5937 κυρίως»
3593 5866 3687 5932 οὐχ
