3846 6546
110 372 214 439 1m

1048 368 1425 433 PANOPLIA
1460 372 2008 438 DOGMATICA.-
2040 380 2191 444 TlT.
2223 382 2378 452 XXI.

3208 391 3344 458 “‘22

111 482 342 558 ἑτέρωθεν
390 479 515 533 ὄντα
550 480 1024 554 διαγινώσκομεν,
1080 487 1113 556 ἦ
1158 488 1225 542 ἐκ
1275 489 1386 543 τῶν
1448 487 1646 554 θεῖκῶς

1760 491 1870 560 prie
1913 492 2191 550 hominem
2221 536 2236 561 ,
2294 514 2401 553 non
2451 499 2674 558 aliunde
2717 517 2882 573 quam
2944 518 3011 560 ex
3092 510 3344 577 proprie-

108 583 207 650 ἄμα
228 576 314 630 καὶ
350 573 706 644 ἀνθρωπικῶς
743 577 1263 648 χαρακτηριξόντων
1290 580 1489 651 αὐτὸν,
1547 582 1651 652 ἑμ-

113 674 267 739 φύτων
300 665 622 732 ἰδιωμάτων*
674 666 776 737 τῆς
825 684 886 721 τε
946 669 1130 738 θείας,
1195 672 1271 736 ὡς
1317 674 1493 742 ἔφην,
1564 674 1652 729 θε-

115 762 295 828 λήσεως
349 756 442 809 καὶ
481 755 797 826 ἐνεργείας,
859 760 955 811 καὶ
1014 761 1113 829 τῆς
1155 762 1508 833 άνθρωπικῆς
1558 766 1652 819 τοῦ

118 846 258 904 αὑτοῦ
282 846 545 914 Θελήσεως
585 847 676 899 καὶ
723 846 1028 917 ἐνεργείας·
1061 845 1170 915 αἷς,
1224 854 1321 905 καὶ
1374 854 1446 907 δι’
1469 848 1565 918 ὧν.
1624 856 1654 910 δ

116 939 172 1011 ἦν
201 940 282 993 καὶ
326 939 544 1007 γέγονεν
578 938 989 1010 ὲπισςοραγίζει.⁸
1052 942 1492 1015 θαυματουργῶν
1550 949 1652 1019 μὲν

118 1031 235 1101 ὑπὲρ
259 1030 401 1100 ἡμᾶς
427 1027 501 1094 ὡς
542 1029 675 1094 Θεὸς
712 1032 998 1097 ἑκουσίως
1034 1034 1262 1104 πάσχων
1300 1036 1358 1090 δὲ
1403 1037 1472 1091 δι’
1501 1039 1651 1109 ἡμᾶς

110 1125 294 1187 ὁαύτδς
333 1124 589 1187 ἑκουσίως
638 1125 713 1188 ὡς
769 1126 1057 1197 ἄνθρωπος
1095 1143 1111 1156 ’
1167 1129 1243 1193 ὡς
1283 1132 1383 1183 οὐκ
1427 1128 1556 1183 ἄλλο
1597 1146 1652 1183 τι

109 1219 234 1288 παρὰ
260 1216 361 1269 τῶν
390 1216 448 1280 ἐξ
474 1209 570 1282 ὧν,
603 1219 662 1272 ὲν
695 1212 777 1282 οἷς
804 1237 865 1273 τε
904 1221 1000 1275 καὶ
1030 1221 1175 1293 άπερ
1222 1223 1341 1276 ἐστὶ
1386 1225 1652 1295 γνωριζό-

112 1327 260 1381 μενος,
284 1302 387 1361 οἶόν
411 1326 464 1361 τι
504 1309 659 1363 νόθον
706 1312 803 1364 καὶ
854 1312 1197 1383 μεταίχμιον,
1250 1314 1418 1385 ἤγουν
1468 1315 1651 1385 τρίτον

108 1402 435 1470 ἀποτέλεσμα,
490 1404 630 1455 κατὰ
680 1404 780 1475 τὴν
830 1406 941 1458 τῶν
990 1406 1231 1476 ἡμιόνων
1281 1406 1600 1476 παράδειξιν
1633 1424 1648 1439 ⁸

108 1494 165 1557 ὡς
198 1496 225 1564 ἡ
260 1494 362 1546 τῶν
390 1494 693 1563 κενολόγων
728 1497 769 1529 ⁵³
809 1498 1105 1569 αἱρετικῶν
1141 1499 1520 1568 μυθοπλαστία
1566 1519 1651 1553 τε·

113 1587 369 1657 ρατολογεῖ,
402 1585 499 1638 τοῦ
523 1587 784 1649 εὐσεϐοῦς
816 1588 1198 1660 ἀποσφαλεῖσα
1218 1592 1326 1644 τῶν
1349 1592 1520 1661 ἁγίων
1548 1595 1650 1646 Πα-

116 1675 261 1742 τέρων
289 1673 643 1745 κηρύγματος
673 1678 786 1731 ἀλλ’
810 1680 951 1732 αὐτὰ
974 1681 1097 1734 κατ’
1139 1681 1399 1753 ἀλήθειαν
1448 1684 1653 1752 κυρίως

108 1767 186 1827 ὢν.
235 1766 296 1819 τά
350 1767 404 1832 ἐξ
449 1762 551 1831 ὧν,
602 1771 698 1822 καὶ
747 1770 804 1823 ὲν
854 1767 938 1835 οἷς
971 1778 1087 1825 κατ’
1120 1772 1381 1844 ἀλήθειαν
1424 1775 1651 1845 ¹κυρίως

108 1858 244 1911 ἐστίν.
283 1858 370 1910 Ἐκ
399 1857 657 1928 Θεότητος
685 1862 793 1933 γὰρ
824 1864 919 1915 καὶ
957 1865 1394 1935 ἀνθρωπότητος,
1446 1868 1540 1920 καὶ
1596 1868 1652 1921 ὲν

111 1951 285 2020 Θεότητι
324 1950 416 2003 καὶ
450 1952 835 2022 ἀνορωπότητι
864 1955 1007 2008 κατὰ
1029 1957 1189 2024 φύσιν
1216 1959 1501 2030 ὑπάρχων⁶
1523 1959 1653 2023 Θεὸς

111 2042 240 2111 φύσει
281 2044 369 2095 καὶ
415 2042 708 2114 ἄνθρωπός
756 2047 905 2101 ἐστιν
933 2049 961 2100 6
989 2050 1221 2120 Χριστός
1254 2067 1268 2083 ο
1303 2052 1398 2104 καὶ
1427 2050 1556 2105 ἄλλο
1591 2050 1653 2105 τὸ

108 2137 333 2208 παράπαν
358 2136 537 2193 οὐδέν.

161 2306 255 2360 Καὶ
301 2306 432 2372 πῶς,
488 2308 644 2375 φασὶ,
698 2308 968 2379 Κύριλλος
1010 2310 1039 2363 6
1091 2310 1255 2381 σοφὸς
1299 2312 1476 2382 μέσην
1525 2310 1654 2365 τινὰ

108 2397 229 2462 τάξιν
253 2399 355 2451 τῶν
379 2398 480 2451 ἐπὶ
522 2401 764 2471 Χριστοῦ
797 2402 991 2471 φωνῶν
1049 2401 1359 2473 διαγορεύει
1413 2405 1653 2473 φρονεῖν,

108 2489 274 2542 οὑτωσὶ
323 2490 459 2559 πρὸς
507 2493 761 2547 ’Δκάκιον
800 2495 1067 2564 γράφων·
1113 2511 1133 2544 ι
1179 2494 1245 2546 Αἱ
1275 2494 1375 2564 μὲν
1397 2495 1506 2562 γάρ
1549 2496 1655 2548 εἰσι

108 2581 194 2635 τῶν
232 2581 412 2650 φωνῶν
454 2584 542 2636 ὄτι
573 2585 815 2653 μάλιστα
868 2586 1203 2656 Θεοπρεπεῖς
1231 2602 1243 2616 ·
1298 2587 1354 2639 αἱ
1397 2586 1475 2652 δὲ,
1513 2587 1656 2642 οὔτω

108 2674 241 2729 πάλιν
267 2674 757 2748 άνθρωποπρεπεῖς
784 2695 796 2708 ·
819 2679 874 2730 αἱ
902 2678 958 2731 δὲ
984 2678 1156 2748 μέσην
1178 2678 1299 2732 τινὰ
1328 2678 1481 2745 τάξιν
1501 2679 1657 2751 ἔχου-

109 2784 167 2819 σι.
260 2768 361 2821 Καὶ
415 2769 477 2821 τί
538 2770 699 2823 τοῦτο
753 2771 1120 2841 συμϐαλεῖταί
1171 2772 1390 2827 ποτ’ἂν
1424 2774 1657 2837 ἐκείνοις

108 2859 217 2929 πρὸς
241 2862 330 2930 τὴν
350 2863 565 2915 οἰκείαν
582 2862 854 2933 ὑπόληψιν
880 2881 896 2930 ;
933 2882 951 2914 ι
982 2865 1056 2918 Ut)
1088 2866 1196 2938 γὰρ
1220 2869 1286 2920 ὲκ
1323 2868 1653 2937 μεταϐολῆς,

1757 583 1967 640 tatibus
2014 594 2207 641 natura
2302 590 2530 659 insitis,
2611 595 2813 663 quibus
2905 596 3092 653 divina
3176 601 3345 657 simul

1760 672 2115 744 humanaque
2164 678 2379 734 ratione
2432 681 2776 753 insigniatur
2828 687 2965 753 (tum
3014 686 3226 744 scilicet
3274 706 3342 745 ex

1760 766 1969 833 divina,
2001 778 2062 821 ut
2091 768 2226 834 dixi,
2287 772 2570 831 voluntate
2604 786 2659 831 et
2711 779 3050 849 operatione,
3099 789 3212 836 tum
3270 797 3338 836 ex

1730 890 1731 893 η
1763 859 2001 914 humana
2033 861 2279 930 ejusdem
2304 865 2589 922 voluntate
2627 877 2683 921 et
2736 872 3082 941 Operatione)
3141 871 3338 941 digno-

1759 952 2008 1019 scimus;
2061 953 2263 1022 quibus
2308 971 2373 1011 ac
2427 972 2525 1027 per
2571 974 2729 1029 quas.
2780 964 2925 1031 quod
2983 970 3102 1018 erat
3133 961 3338 1018 factus-

1759 1059 1867 1113 que
1907 1051 2021 1109 est,
2099 1046 2353 1118 obsignat
2390 1063 2408 1113 ;
2453 1049 2623 1108 edens
2685 1061 2886 1121 sponte
2962 1054 3229 1112 miracula
3272 1062 3334 1110 ut

1756 1131 1928 1197 Deus,
2003 1130 2358 1200 humanaque
2426 1130 2636 1200 majore
2705 1140 3008 1201 potestate;
3080 1133 3340 1205 idemque

1754 1229 1950 1290 Sponte
1974 1221 2207 1291 patiens,
2241 1229 2301 1274 ut
2326 1221 2513 1285 homo,
2543 1221 2716 1274 nostri
2753 1236 2919 1275 causa
2949 1239 2961 1275 :
2996 1223 3149 1277 velut
3178 1223 3343 1278 nimi-

1755 1326 1877 1363 rum
1908 1311 2001 1380 qui
2026 1325 2136 1364 non
2170 1311 2317 1364 aliud
2353 1311 2508 1381 quid,
2536 1320 2739 1381 przeter
2766 1326 2832 1365 ca
2862 1327 2929 1366 ex
2964 1312 3166 1382 quibus
3193 1322 3248 1368 et
3283 1314 3341 1368 in

1759 1402 1963 1470 quibus
1992 1417 2056 1456 ac
2079 1417 2201 1471 quae
2226 1403 2597 1466 exsistit,esse
2630 1412 2913 1466 noscatur,
2943 1418 3042 1457 ceu
3066 1403 3178 1459 fere
3205 1405 3340 1475 quid

1755 1494 2006 1563 spurium
2053 1496 2406 1565 mediumque
2440 1494 2514 1565 (id
2564 1503 2668 1558 est,
2702 1495 2925 1551 tertium
2967 1494 3100 1565 quid
3145 1509 3209 1549 ac
3240 1511 3341 1549 an—

1756 1600 1885 1654 ceps
1936 1586 2212 1639 mulorum
2275 1584 2469 1653 instar)
2524 1586 2788 1651 effectus,
2840 1595 2901 1640 ut
2950 1586 3341 1641 haereticorum

1757 1691 1892 1729 vana
1921 1676 2264 1745 loquentium
2301 1676 2549 1731 fabulosa
2586 1677 2911 1746 loquacitas,
2949 1692 2978 1729 a
3020 1685 3341 1730 sanctorum

1754 1763 1978 1818 Patrum
2022 1762 2110 1833 pia
2138 1763 2527 1832 praedicatione
2553 1765 2732 1830 devia,
2760 1775 3069 1819 monstrose
3108 1766 3345 1820 commi-

1753 1855 2018 1921 niscitur;
2187 1857 2288 1911 sed
2332 1857 2423 1911 illa
2453 1856 2570 1926 ipsa
2610 1872 2803 1911 revera
2835 1859 3057 1926 proprie
3089 1857 3339 1922 exsistat,

1753 1961 1821 2000 ex
1849 1946 2051 2016 quibus
2092 1955 2148 2002 et
2181 1948 2236 2002 in
2267 1948 2469 2017 quibus
2506 1963 2697 2002 revera
2730 1948 2951 2018 proprie
2982 1958 3086 2003 est.
3119 1950 3197 2003 Ex
3226 1949 3345 2004 dei-

1756 2048 1866 2094 tate
1894 2040 2042 2094 enim
2068 2046 2125 2095 et
2151 2040 2518 2103 humanitate,
2547 2048 2710 2109 atque
2739 2039 2794 2092 in
2826 2039 3032 2093 deitatc
3063 2046 3117 2093 et
3143 2039 3341 2093 huma-

1754 2130 1928 2184 nitate
1957 2138 2152 2184 natura
2188 2131 2478 2194 exsistens,
2512 2131 2654 2185 Dens
2690 2139 2885 2184 natura
2919 2138 2974 2185 et
3006 2130 3193 2196 homo,
3237 2142 3343 2185 nec

1755 2239 1987 2294 prorsus
2019 2222 2319 2293 quidquam
2349 2221 2521 2287 aliud,
2549 2221 2806 2277 Christus
2839 2230 2942 2277 est.

1744 2368 1747 2371 γ
1826 2317 1895 2371 Et
1938 2315 2236 2385 quomodo,
2281 2314 2565 2384 inquiunt,
2618 2314 3059 2385 sapientissimus
3105 2314 3344 2386 Cyrillus

1756 2410 2000 2466 medium
2036 2406 2329 2478 quemdam
2375 2406 2627 2461 ordinem
2674 2422 2872 2461 vocum
2923 2407 2978 2461 in
3022 2406 3245 2462 Christo
3282 2422 3343 2462 se

1757 2504 1961 2558 sentire
1998 2500 2308 2573 proﬁtetur,
2337 2500 2392 2554 in
2438 2501 2554 2554 haec
2592 2499 2760 2552 verba
2804 2498 2873 2554 ad
2915 2498 3168 2555 Acacium
3204 2501 3346 2555 scri-

1757 2594 1894 2649 bens
1930 2610 1943 2646 :
1982 2612 2001 2644 ‹
2041 2592 2191 2646 Inter
2218 2605 2404 2653 voces,
2430 2605 2550 2659 qua:
2577 2588 2797 2644 Christo
2822 2589 3165 2656 tribuuntur,
3198 2607 3361 2661 quaee

1757 2687 1881 2742 dam
1916 2685 2190 2741 divinitati
2215 2684 2563 2755 potissimum
2594 2683 2962 2749 conveniunt;
2996 2684 3117 2738 alia:
3157 2696 3344 2738 autem

1760 2780 1931 2849 magis
1974 2778 2041 2832 ad
2093 2776 2493 2831 humanitatem
2544 2777 2827 2846 pertinent
2873 2794 2886 2830 :
2932 2777 3052 2832 alim
3106 2776 3346 2846 denique

1757 2872 1915 2941 quasi
1962 2870 2202 2925 medium
2233 2868 2525 2939 quemdam
2556 2868 2805 2923 ordinem
2839 2868 3113 2923 obtinent.
3153 2887 3171 2920 ›
3202 2867 3346 2934 Quid

109 2951 398 3024 ῆὰποὸολῆς
417 2955 535 3008 τῶν
563 2956 771 3026 ἄκρων,
801 2954 1058 3027 θεότητός
1094 2976 1239 3029 φημι
1270 2958 1366 3013 τοῦ
1407 2961 1651 3031 Χριστοῦ

1762 2977 1891 3017 vero
1923 2961 2029 3015 hoc
2070 2976 2332 3030 unquam,
2361 2975 2472 3029 quo
2499 2973 2656 3014 suam
2698 2967 2961 3013 tueantur
3002 2959 3345 3030 opinionem,

106 3044 181 3097 καὶ
205 3046 653 3120 άνΘρωπότητος·
678 3049 711 3120 ἢ
742 3048 895 3111 θείας
921 3046 1017 3102 τοῦ
1047 3049 1215 3104 αὐτοῦ
1245 3052 1341 3104 καὶ
1369 3051 1654 3121 ἀνθρωπί-

106 3156 183 3208 νης
204 3138 465 3211 θελήσεως
506 3144 603 3194 καὶ
629 3142 936 3212 ἐνεργείας,
963 3142 1151 3213 ἔτερόν
1179 3161 1232 3197 τι
1265 3146 1457 3213 μέσον,
1484 3145 1654 3215 ἤγουν

106 3232 394 3304 μεταίχμιον
460 3235 836 3306 ἀποτέλεσμα,
900 3238 1174 3310 μηδετέρᾳ
1222 3237 1387 3307 φύσει
1450 3239 1559 3292 τῶν
1596 3237 1655 3302 ἐξ

104 3319 163 3377 ὧν
190 3327 293 3379 ἐστι
328 3327 630 3381 κοινωνοῦν
651 3344 663 3357 ·
693 3328 725 3398 ἢ
760 3328 942 3393 πάλιν,
972 3331 1257 3401 ὲνέργειάν
1285 3349 1408 3385 τινα
1456 3332 1652 3386 σύνθε-

101 3434 175 3471 τον
212 3418 331 3474 ὄντα
378 3420 509 3473 κατ’
559 3422 868 3493 αύτοὺς,ἢ
927 3423 1122 3493 ἔχοντα
1179 3424 1547 3494 παραδίδωσιν
1597 3427 1656 3478 ἐν

101 3510 281 3575 τούτοις
303 3514 433 3583 ἡμῖν
467 3512 497 3565 6
526 3512 873 3579 διδάσκαλος,
904 3514 1017 3567 ἀλλ’
1045 3516 1129 3568 ὅτι
1182 3514 1358 3569 ταῦτα
1408 3516 1508 3586 μὲν
1553 3533 1654 3569 κυ-

109 3602 215 3673 ρίως
244 3604 374 3667 ἐστι,
402 3604 479 3657 τὰ
503 3603 562 3667 ἐξ
584 3598 658 3657 ὧν
686 3607 833 3659 ἐστιν
863 3622 878 3636 ο
917 3606 977 3658 ού
1016 3606 1362 3677 διῃρημένοις
1394 3608 1450 3661 δὲ
1483 3607 1656 3663 ταῦτα

102 3696 507 3765 κατονομάζεται
545 3711 559 3724 ·
593 3695 728 3765 ὁμοῦ
756 3697 833 3763 δὲ,
868 3698 963 3750 καὶ
991 3699 1048 3750 ὲν
1076 3698 1261 3768 ταυτῷ
1287 3700 1495 3754 τούτων
1523 3701 1655 3755 ἐκά-

99 3802 247 3855 τερον,
277 3786 350 3850 ὼς
375 3782 461 3849 εἷς
490 3784 566 3838 ὢν
595 3787 689 3839 καὶ
714 3788 874 3855 μόνος
905 3789 933 3840 ό
961 3789 1219 3859 Χριστός.
1246 3790 1356 3843 Καὶ
1386 3795 1655 3863 μαρτυρεῖ

100 3877 431 3949 περὶτούτων
464 3877 628 3940 αὐτὸς
653 3877 1243 3949 ύπαραπολογούμενος
1282 3880 1392 3936 τῶν
1436 3882 1656 3937 Ἀνατοο

99 3970 240 4024 λικῶν
260 3972 600 4035 ἐπισκόπων,
634 3970 728 4024 καὶ
746 3970 974 4041 γράφων
995 3972 1132 4043 πρὸς
1162 3973 1416 4028 Ἀκάκιον
1460 3975 1653 4041 οὕτως,

103 4063 268 4117 «Οἱδέ
290 4082 351 4133 γε
393 4063 541 4118 κατὰ
584 4064 685 4134 τὴν
724 4064 1052 4133 Ἀντιόχειαν
1105 4064 1344 4136 ἀδελφοὶ,
1375 4067 1656 4138 μερίζουσι

99 4157 181 4227 μὲν
201 4157 312 4211 κατ’
342 4158 538 4211 οὐδένα
571 4158 774 4229 τρόπον
806 4157 876 4211 τὰ
906 4157 1162 4228 ἡνωμένα
1199 4175 1212 4187 ·
1249 4157 1580 4230 διαιρεῖσθαι
1601 4160 1658 4213 δὲ

99 4249 233 4316 μόναι
261 4250 620 4305 διατείνονται
653 4250 749 4314 τὰς
782 4250 874 4303 ἐπὶ
888 4251 982 4304 τοῦ
1008 4251 1213 4323 Κυρίου
1246 4253 1428 4320 φωνάς
1454 4269 1468 4283 °
1527 4254 1660 4323 πρέ-

1757 3054 1866 3108 ilIis
1899 3054 2227 3109 contulerit?
2251 3053 2371 3109 Non
2395 3054 2544 3108 enim
2578 3068 2643 3108 ex
2687 3053 3016 3117 mutatione,
3043 3061 3139 3107 aut
3175 3069 3347 3123 repu-

1757 3149 1849 3201 dio
1877 3162 1939 3201 ac
1969 3148 2266 3201 amissione
2302 3156 2675 3202 extremorum
2718 3145 2925 3202 Christi
2960 3145 3194 3219 (scilicet
3224 3146 3346 3201 dei-

1756 3238 1886 3292 tatis
1919 3253 1983 3292 ac
2020 3237 2400 3303 humanitatis,
2430 3237 2546 3293 sive
2578 3237 2781 3293 divime
2812 3239 2933 3308 ejus
2962 3245 3127 3306 atque
3151 3237 3352 3291 huma-

1756 3346 1840 3385 nae
1868 3330 2169 3385 voluntatis
2199 3344 2264 3384 ac
2296 3329 2654 3401 operationis)
2702 3329 2851 3384 aliud
2896 3328 3030 3399 quid
3075 3328 3347 3395 medium,

1756 3423 1871 3479 sive
1906 3424 2255 3493 interjectum
2294 3423 2576 3488 effectum,
2612 3438 2739 3478 cum
2773 3431 2967 3477 neutra
3003 3422 3241 3492 partium
3280 3437 3350 3477 ex

1756 3515 1959 3584 quibus
2004 3525 2124 3578 est,
2177 3515 2713 3582 communicantem;
2769 3526 2865 3568 aut
2911 3514 3006 3584 qui
3052 3529 3249 3568 rursus
3290 3513 3348 3568 in

1755 3621 1946 3661 eorum
1984 3607 2280 3669 sententia,
2328 3606 2578 3676 operatio
2611 3605 2863 3675 quaedam
2907 3604 3210 3674 composita
3251 3605 3346 3671 sit,

1756 3698 1844 3753 vel
1887 3714 1950 3752 ea
1983 3697 2281 3768 praaditus;
2319 3696 2524 3767 quibus
2557 3698 2637 3752 sic
2670 3697 2937 3767 loquitur,
2973 3696 3138 3751 nobis
3179 3694 3349 3750 tradit

1756 3790 2023 3862 Cyrillns;
2062 3788 2179 3855 sed,
2219 3804 2341 3844 esse
2385 3804 2513 3843 eum
2560 3804 2713 3853 vere,
2759 3804 2844 3854 ea,
2888 3803 2956 3843 ex
2997 3788 3198 3859 quibus
3228 3795 3344 3855 est;

1758 3880 1905 3936 haud
1938 3888 2116 3934 tamen
2159 3894 2224 3934 ea
2259 3879 2490 3933 scorsim
2524 3878 2828 3948 divisisque
2858 3879 3107 3948 partibus
3134 3878 3343 3944 vocari,

1759 3974 1853 4030 sed
1897 3972 2060 4028 simul
2096 3981 2353 4042 utraque,
2382 3979 2444 4025 ut
2470 3971 2565 4040 qui
2596 3986 2740 4025 unus
2773 3969 3027 4025 Christus
3056 3984 3119 4024 ac
3154 3969 3345 4040 singu-

1758 4063 1889 4118 laris
1920 4063 2011 4117 sit.
2044 4061 2303 4115 Testatur
2335 4060 2451 4115 haec
2486 4063 2623 4130 ipse,
2655 4076 2780 4115 cum
2814 4062 3111 4115 orientales
3133 4059 3349 4129 episco-

1760 4170 1861 4226 pos
1891 4153 2215 4218 defendens,
2262 4153 2318 4208 in
2352 4152 2469 4207 haec
2511 4152 2681 4207 verba
2725 4150 2794 4206 ad
2828 4152 3089 4206 Acacium
3130 4148 3355 4205 scribit:

1768 4265 1787 4298 ι
1818 4247 1890 4301 At
1920 4261 2053 4300 vero
2085 4245 2417 4300 Antiocheni
2452 4245 2668 4309 fratres,
2702 4260 2825 4314 qua:
2856 4244 3077 4313 quidem
3113 4243 3259 4298 inter
3288 4258 3349 4299 se

98 4354 199 4391 πειν
220 4357 276 4392 τε
305 4340 401 4403 τὰς
431 4340 534 4410 μὲν
563 4342 628 4410 τῇ
660 4339 876 4410 θεότητι
907 4339 1076 4394 αὑτοῦ
1098 4380 1112 4404 ,
1142 4339 1240 4403 τὰς
1277 4340 1332 4393 δὲ
1369 4344 1435 4412 τῇ
1489 4341 1654 4395 αὐτοῦ

1764 4338 1917 4394 unita
1943 4344 2094 4402 sunt,
2117 4337 2271 4391 nullo
2294 4346 2458 4407 pacto
2478 4337 2796 4390 distrahunt
2825 4354 2837 4389 :
2868 4336 2961 4390 sed
2991 4337 3137 4390 solas
3159 4350 3346 4400 voces,

94 4426 233 4481 πάλιν
262 4429 665 4501 ἀνθρωπότητι.
694 4428 826 4490 Θεὸς
864 4428 973 4499 γάρ
998 4429 1148 4481 ἐστιν
1177 4430 1205 4482 6
1232 4429 1395 4501 αὐτὸς
1431 4430 1526 4482 καὶ
1560 4430 1655 4483 ἄν·

96 4514 285 4586 Ορωπος
318 4535 331 4549 ·
362 4513 507 4569 εἶναι
551 4516 608 4569 δέ
642 4533 773 4584 φασι
807 4517 902 4570 καὶ
944 4518 1136 4587 ἑτέρας
1186 4518 1652 4588 κοινοποιηθείσας

92 4609 268 4677 τρόπον
302 4610 450 4676 τινὰ,
485 4609 578 4663 κα)⁸
601 4602 713 4662 οἷον
742 4609 825 4661 ἐπ’
852 4610 1018 4680 ἄμφω
1043 4610 1347 4679 βλεπούσας
1375 4628 1386 4639 ·
1423 4610 1652 4680 Θεότητα

93 4702 175 4755 καὶ
223 4702 623 4775 ἁνθρωπότητα
664 4702 807 4772 λέγω
842 4720 855 4734 ’
878 4701 989 4758 οἷόν
1016 4704 1069 4757 τί
1105 4721 1269 4775 φημι,
1301 4706 1357 4758 αἱ
1402 4705 1501 4776 μὲν
1544 4706 1652 4776 γάρ

90 4794 179 4845 εἱσι
206 4795 311 4848 τῶν
337 4796 534 4864 φωνῶν
576 4797 657 4849 ὅτι
698 4796 932 4865 μάλιστα
968 4794 1314 4867 θεοπρεπεῖς,
1342 4798 1396 4849 αἱ
1427 4796 1483 4850 δὲ
1513 4795 1656 4851 οὕτω

94 4884 241 4939 πάλιν
293 4886 837 4958 ἀνθρωποπρεπεῖς’
890 4887 943 4938 αἱ
984 4885 1039 4938 δὲ
1104 4886 1275 4956 μέσην
1333 4887 1454 4939 τινὰ
1505 4884 1659 4951 τάξιν

89 4977 310 5047 ἔχουσιν,
399 4979 796 5049 ἐμφανίζουσαι
821 4978 909 5031 τὸν
939 4978 1064 5031 Υἱδν
1090 4978 1182 5031 τοῦ
1209 4978 1342 5031 Θεοῦ
1368 4979 1500 5033 Θεὸν
1530 4979 1659 5033 ὄντα

90 5070 170 5121 καὶ
194 5070 481 5141 ἄνθρωπον
510 5070 646 5141 ὁμοῦ
676 5089 735 5124 τε
766 5070 861 5124 καὶ
899 5073 956 5124 ἐν
997 5070 1198 5140 ταύτῷ.
1242 5089 1258 5121 ι
1294 5070 1502 5141 δέδειχε
1544 5088 1657 5123 τοι·

90 5159 274 5228 γαροῦν
337 5162 471 5231 ἡμῖν
501 5161 528 5212 ὁ
564 5161 882 5224 διδάσκαλος
905 5202 918 5225 ,
955 5161 1125 5231 μέσην
1161 5161 1313 5229 τάξιν
1359 5158 1499 5216 εἶναι
1549 5181 1661 5232 φω-

87 5250 223 5315 νῶν,
283 5255 384 5325 οὐχ
443 5254 629 5325 ἕτερόν
677 5272 731 5307 τι
792 5254 883 5306 τὸν
942 5254 1177 5325 Χριστὸν
1230 5252 1404 5319 εἶναι,
1459 5274 1657 5325 σημαι-

86 5345 298 5410 νουσῶν,
335 5347 485 5418 παρὰ
515 5348 582 5401 τά
612 5348 668 5413 ἐξ
689 5340 783 5412 ὧν,
814 5348 871 5400 ἐν
899 5342 981 5410 οἷς
1003 5364 1061 5400 τε
1093 5349 1186 5401 καὶ
1219 5348 1362 5420 ειπερ
1387 5350 1557 5410 ἐστὶν,
1585 5348 1660 5414 ὣς

87 5449 220 5500 τινες
245 5438 607 5510 ὑπειλήφασιν
633 5455 646 5468 ·
673 5438 809 5492 ἀλλὰ
829 5438 919 5491 τὸν
948 5437 1082 5491 Θεὸν
1103 5439 1235 5509 ὁμοῦ
1262 5441 1353 5492 καὶ
1375 5438 1660 5509 ἄνθρωπον

86 5533 169 5585 τὸν
199 5531 363 5589 αὐτὸν
393 5535 534 5588 κατὰ
586 5534 751 5603 φύσιν
801 5535 1091 5604 ὑπάρχειν.
1125 5534 1235 5589 Καὶ
1287 5531 1661 5603 παρακομίζει

94 5627 222 5694 πρὶς
252 5627 529 5694 ἀπόδειξιν
554 5629 761 5681 τούτων
783 5628 881 5690 τὰς
903 5626 1300 5690 Θεοπνεύστους
1315 5625 1540 5695 Γραφὰς
1571 5625 1660 5678 os-

87 5721 213 5771 τωσὶ
252 5721 497 5788 φάσκων.
536 5741 555 5773 ‹
580 5721 747 5774 Ὅταν
780 5720 879 5789 μὲν
896 5720 975 5789 τῷ
991 5719 1242 5789 Φιλίππῳ
1265 5718 1422 5789 λέγῃ,
1446 5717 1662 5773 Τοσοῦ-

88 5827 185 5864 τον
202 5813 429 5881 χρόνον
439 5814 564 5882 μεθ’
588 5812 754 5883 ὑμῶν
768 5816 908 5883 sua,
925 5814 1023 5869 καὶ
1043 5814 1156 5870 οὐκ
1176 5811 1443 5880 ἔγνωκάς
1456 5828 1549 5880 με,
1564 5810 1660 5865 Φί-

1760 4447 1883 4501 quae
1907 4430 1975 4484 de
2001 4428 2227 4485 Christo
2257 4428 2542 4492 dicuntur,
2579 4428 2948 4482 secernendas
2969 4427 3346 4493 contendunt;

1761 4532 1927 4591 atque
1961 4520 2099 4575 alias
2131 4518 2356 4589 quidem
2400 4518 2522 4589 ejus
2550 4516 2850 4580 divinitati,
2883 4517 3020 4571 alias
3053 4532 3187 4571 vero
3228 4516 3350 4586 ejus

1763 4624 1957 4665 rursus
2006 4607 2335 4663 humanitati
2367 4621 2692 4676 congruere.
2740 4604 2889 4658 Idem
2926 4604 3075 4658 enim
3119 4604 3265 4658 Deus
3293 4610 3351 4657 et

1763 4702 1931 4757 homo
1970 4709 2073 4755 est.
2105 4698 2329 4754 Addunt
2354 4696 2715 4751 nihilominus
2760 4695 3029 4765 quasdam
3060 4708 3181 4748 esse
3213 4708 3352 4763 quo-

1764 4792 2058 4849 dammodo
2101 4804 2443 4851 communes,
2480 4796 2535 4843 et
2565 4787 2716 4841 velut
2744 4786 2812 4840 ad
2855 4794 3144 4853 utramque
3188 4788 3351 4838 natu-

1762 4902 1878 4941 ram
1896 4893 2227 4955 spectantes,
2247 4882 2589 4936 divinitatem
2614 4879 2825 4934 scilicet
2846 4886 2903 4934 et
2926 4876 3347 4932 humanitatem.

1761 4978 1920 5046 Quod
1948 4977 2094 5043 dico,
2122 4974 2391 5047 ejusmodi
2424 4980 2529 5028 est.
2561 4972 2711 5027 Inter
2749 4986 2935 5033 voces,
2967 4986 3090 5040 quae
3128 4969 3351 5024 Christo

1759 5071 2105 5132 tribuuntur,
2148 5066 2397 5137 quaedam
2429 5062 2706 5118 divinitati
2754 5061 3101 5131 potissimum
3146 5074 3351 5114 conve-

1764 5164 1952 5230 niunt;
2004 5161 2125 5217 alia:
2173 5169 2356 5213 autent
2408 5156 2580 5225 magis
2628 5155 2696 5209 ad
2747 5153 3143 5207 humanitatem
3178 5151 3350 5221 perti-

1765 5266 1899 5311 nent
1925 5274 1938 5309 :
1969 5255 2087 5309 alia:
2130 5252 2369 5321 denique
2401 5250 2559 5319 quasi
2593 5246 2788 5301 mediae
2816 5254 2966 5310 sunt,
3000 5260 3121 5314 qua:
3152 5244 3349 5300 Filium

1762 5348 1891 5409 Dei,
1930 5347 2101 5400 Deum
2150 5352 2208 5399 et
2253 5344 2531 5397 hominem
2582 5339 2745 5393 simul
2794 5351 2911 5392 esse
2965 5336 3269 5391 declarent.
3323 5354 3341 5386 ι

1762 5438 2015 5495 Ostendit
2074 5437 2243 5508 igitur
2292 5434 2452 5489 nobis
2506 5432 2597 5485 illc
2650 5443 2772 5485 esse
2826 5428 3061 5483 mediam
3114 5427 3347 5481 classem

1783 5544 2003 5589 vocum,
2044 5542 2150 5581 nou
2185 5541 2306 5596 qua:
2344 5524 2652 5595 significent
2685 5536 2807 5576 esse
2856 5519 3138 5574 Christum
3201 5520 3353 5575 aliud

1782 5621 1937 5692 quid,
1964 5629 2158 5691 praeter
2184 5620 2274 5674 illa
2308 5634 2372 5673 ex
2396 5616 2611 5686 quibus,
2638 5622 2690 5667 et
2732 5612 2785 5665 in
2848 5610 3069 5679 quibus,
3119 5628 3183 5667 ac
3231 5626 3353 5681 quae

1783 5725 1888 5777 est,
1918 5724 1975 5767 ut
1999 5712 2218 5782 quidam
2241 5710 2446 5777 opinati
2469 5714 2618 5770 sunt;
2638 5704 2731 5759 sed
2762 5718 2883 5773 qum
2900 5702 3150 5757 eumdem
3178 5703 3342 5758 Deum

1783 5826 1903 5866 esse
1937 5817 2104 5877 atque
2134 5807 2407 5861 hominem
2447 5810 2638 5855 natura
2666 5800 2978 5857 ostendant.
2999 5796 3205 5871 Hisque
3232 5814 3355 5869 pro-
