3846 6608
524 444 661 510 1123
1737 442 2121 510 EUTIIYMII
2174 434 2531 503 messem
3597 441 3690 508 ini
3776 408 3777 417 Ν

518 586 734 653 bandis,
766 585 980 641 divinas
1002 584 1155 642 affert
1184 585 1515 655 Scripturas,
1539 583 1613 637 ita
1642 584 1868 654 loquens
1895 600 1909 636 :
1952 601 1972 636 ι
2005 580 2037 634 Ε

2195 587 2383 641 simas
2413 601 2433 650 ;
2463 583 2536 637 οὐ
2569 577 2876 643 πιστεύεις
2899 574 2990 629 ὅτι
3009 571 3129 643 ἐγὼ
3158 572 3231 625 ἐν
3273 569 3351 637 τῷ
3372 573 3553 643 Πατρί,
3580 583 3693 640 laid

514 675 659 729 enim
688 691 812 730 cum
854 674 1105 745 Philippo
1145 677 1278 731 dicit
1306 692 1319 727 :
1363 676 1536 730 Tanto
1567 684 1794 745 tempore
1825 674 2033 729 vobiseu

2196 678 2402 747 Πατὴρ
2427 676 2499 731 ἐν
2529 674 2660 745 ἐμοί
2697 671 2871 727 ἐστιν
2894 684 2913 734 ;
2953 671 2987 723 ὁ
3042 665 3312 734 ἑωρακὼς
3363 666 3478 735 ἐμὲ,
3532 671 3693 740 ἑώρακε

514 782 651 829 sum,
680 776 729 820 et
760 783 861 820 non
885 768 1175 838 cognovisti
1204 784 1304 834 me,
1332 766 1608 839 Philippe?
1636 766 1755 821 Non
1777 767 1946 822 credis
1970 783 2033 838 qu

2198 772 2297 827 καὶ
2337 771 2444 825 τὸν
2476 767 2723 836 Πατέρα·
2774 762 2892 831 καὶ,
2933 760 3095 829 Ἐγὼ,
3127 759 3227 813 καὶ
3259 761 3292 813 ό
3318 760 3502 829 Πατὴρ
3536 761 3593 815 ἓν
3624 766 3692 821 ἐσ.

512 873 604 926 ego
651 859 703 911 in
748 854 926 923 Patre,
961 871 1010 913 et
1050 858 1212 914 Pater
1260 862 1315 915 in
1362 877 1441 915 me
1483 860 1607 916 est?
1652 859 1753 925 Qui
1802 860 1934 914 vidit
1982 876 2029 911 nt

2191 862 2329 930 μέν,
2365 851 2864 927 θεωπρεπεστάτην
2886 846 3029 904 εἶναι
3052 847 3495 918 διαδεΰαιούμεθα
3514 851 3593 920 τὴν
3614 873 3692 922 φω-

512 947 640 999 vidit
667 957 715 1001 et
750 947 966 1003 Patrem
998 950 1011 980 '
1043 958 1166 1015 ;et:
1195 949 1328 1020 Ego,
1355 961 1401 1003 et
1438 951 1592 1005 Pater
1629 967 1792 1005 unum
1820 966 2007 1003 sumus

2257 967 2315 1020 ιν.
2341 948 2474 1001 Ὀτι
2507 944 2566 999 δὲ
2591 945 2708 1008 τοῖς
2735 942 2844 997 τῶν
2888 940 3159 996 Ἰουδαίων
3208 940 3508 1011 ἐπιπλήττει
3532 942 3690 1015 δήμοις,

512 1055 697 1093 vocem
898 1041 1167 1096 divinitati
1219 1044 1452 1098 maxime
1497 1044 1913 1098 convenientem
1964 1056 2028 1112 pr

2198 1042 2375 1094 ὲκεῐνο
2392 1037 2593 1107 λέγων,
2623 1036 2689 1090 Et
2715 1036 2899 1089 τέκνα
2932 1030 3038 1104 ἦτε
3068 1032 3176 1087 τοῦ
3227 1032 3489 1103 Ἀϐραὰμ,
3516 1035 3575 1088 τὰ
3595 1036 3693 1107 ἔργα

511 1128 652 1183 ferre
681 1127 1034 1186 allirmamus.
1063 1131 1199 1186 Cum
1247 1148 1376 1188 vero
1420 1132 1734 1189 Judaaorum
1772 1132 1963 1187 turbas
2008 1130 2022 1185 i

2197 1132 2305 1187 τοῦ
2342 1130 2595 1200 Ἀϐραὰμ
2621 1122 2878 1183 ἐποιεῖτε
2905 1126 2984 1181 ἄν
3011 1141 3025 1155 ·
3067 1124 3185 1179 νῦν
3202 1124 3271 1177 δὲ
3297 1123 3499 1192 ζητεῖτέ
3523 1144 3583 1196 με
3599 1129 3692 1184 ἀπο.

510 1234 762 1292 crepans,
795 1224 870 1276 ait
901 1242 913 1276 :
944 1222 1002 1278 Si
1045 1213 1150 1293 ﬁTii
1176 1225 1400 1280 Abraha:
1427 1228 1633 1292 essetis,
1668 1242 1827 1294 opera
1860 1223 2029 1279 Abral

2197 1223 2424 1279 κτεῖναι
2450 1222 2789 1291 ἄνθρωπον,
2818 1218 2888 1285 ὃς
2923 1217 3041 1286 τὴν
3076 1215 3368 1282 ἀλήθειαν
3402 1217 3529 1284 ὑμῖν
3563 1219 3689 1273 .1st.

511 1315 689 1383 utique
712 1315 974 1385 faceretis.
1004 1315 1160 1371 Nunc
1190 1328 1364 1372 autem
1401 1319 1638 1388 quwritis
1664 1335 1743 1373 me
1773 1316 2030 1387 interﬁcer

2197 1321 2359 1385 ληκα
2394 1331 2408 1346 ο
2439 1315 2617 1369 τοῦτο
2659 1312 2906 1381 Ἀϐραὰμ
2972 1310 3085 1364 οὐκ
3135 1308 3425 1376 ἐποίησεν
3451 1324 3463 1336 ·
3485 1309 3690 1377 ἀνθρωπο-

510 1405 808 1474 hominem,
855 1410 943 1479 qui
997 1410 1271 1463 ueritatem
1319 1410 1525 1465 locutus
1582 1429 1699 1466 sum
1755 1412 1898 1467 vobis
1931 1426 1951 1465 :
1998 1411 2029 1465 h

2203 1408 2431 1481 πρεπῶς
2463 1405 2722 1477 είρῆσθαι
2753 1405 2823 1458 τά
2839 1401 3072 1457 τοιαῦτά
3103 1418 3308 1472 φαμεν.
3341 1400 3479 1468 Πλὴν
3509 1400 3587 1453 τοῦ
3615 1404 3688 1470 ἑνὸς

510 1501 781 1552 Abraham
815 1516 919 1554 non
957 1499 1079 1569 fecit
1108 1504 1127 1536 ³
1164 1502 1469 1570 :ejusmodi
1510 1517 1787 1573 exponere
1831 1504 2029 1559 dicimu

2169 1571 2171 1573 γ
2203 1498 2335 1553 Υἱοῦ
2374 1498 2473 1561 τὰς
2498 1496 2825 1566 θεοπρεπεῖς
2850 1536 2866 1561 ,
2901 1494 2998 1548 καὶ
3034 1491 3220 1564 μέντοι
3263 1490 3362 1553 τὰς
3409 1488 3688 1561 ἀνθρωπίνας.

512 1602 635 1656 quae
683 1588 891 1644 homini
939 1590 1165 1661 proprie
1197 1600 1537 1661 competunt.
1571 1594 1961 1650 Verumtamen
1995 1596 2029 1651 h

2169 1571 2173 1610 ⁵
2203 1590 2392 1653 Μέσας
2413 1588 2469 1642 δὲ
2506 1563 2653 1640 εἶναι
2674 1584 2859 1655 φωνὰς
2882 1582 3098 1646 ὲκείνας
3120 1578 3573 1649 διαϐεϐαιούμεθα,
3592 1578 3688 1649 οἷον,

514 1678 589 1732 ita
618 1680 997 1751 accipiendum
1025 1690 1131 1747 est,
1167 1692 1229 1741 ut
1261 1693 1317 1739 et
1356 1685 1463 1741 illae
1488 1700 1610 1755 quas
1651 1686 1938 1743 Divinitati
1965 1705 2031 1744 co

2203 1683 2331 1737 ὅταν
2359 1683 2388 1736 ὁ
2433 1678 2706 1750 μακάριος
2741 1677 2927 1749 γράφῃ
2969 1673 3206 1739 Παῦλος,
3255 1670 3482 1738 Ἰησοῦς
3514 1673 3691 1740 Χριστὸς

512 1772 746 1827 veniunt
776 1815 791 1839 ,
830 1781 885 1828 et
915 1773 1022 1829 illae
1052 1790 1249 1831 rursus
1281 1793 1404 1847 quae
1441 1777 1509 1833 ad
1541 1778 1937 1835 humanitatem
1970 1798 2031 1853 pe

2202 1772 2345 1844 χθὲς
2376 1771 2477 1827 καὶ
2501 1769 2771 1840 σήμερον
2808 1772 2842 1823 ό
2872 1766 3078 1833 αὐτὸς,
3110 1765 3213 1820 καί
3248 1765 3335 1830 είς
3358 1763 3487 1853 τοὺς
3521 1766 3690 1829 uitiis-ac.

515 1862 711 1929 tinent,
746 1863 839 1917 uni
879 1872 1089 1919 tantum
1115 1867 1258 1922 Filio
1283 1868 1655 1925 aseribantur.
1683 1870 1889 1927 Medias
1915 1850 2034 1929 ante

2203 1864 2313 1919 Καὶ
2349 1863 2510 1918 πάλιν
2531 1880 2547 1894 ο
2580 1856 2687 1928 Εἷς
2715 1859 2862 1927 Θεὸς
2898 1861 2932 1913 ό
2963 1857 3197 1925 Πατὴρ,
3227 1854 3298 1921 ἐξ
3357 1850 3423 1910 οὗ
3467 1855 3528 1907 τὰ
3560 1856 3692 1910 πάντα

514 1967 677 2007 voces
710 1953 831 2009 illas
866 1969 989 2009 esse
1012 1971 1415 2026 asseveramus,
1443 1968 1507 2014 ut
1526 1974 1654 2015 eum
1686 1960 1880 2017 beatus
1899 1964 2031 2018 Paul

2203 1954 2305 2010 καὶ
2344 1952 2517 2023 ἡμεῖς
2543 1952 2614 2017 ἐξ
2642 1950 2829 2005 αὑτοῦ
2847 1966 2861 1982 ·
2888 1951 2987 2004 καὶ
3012 1944 3100 2015 εἷς
3128 1947 3348 2015 Κύριος
3375 1945 3576 2012 Ἰησοῦς
3604 1949 3690 2014 Χρι-

514 2047 707 2101 scribit
740 2064 753 2101 :
839 2048 993 2104 Jesus
1036 2050 1273 2106 Christus
1304 2055 1438 2120 heri,
1483 2063 1532 2107 et
1568 2056 1752 2122 hodie;
1784 2056 1921 2111 idem
1967 2066 2018 2111 et

2202 2048 2371 2114 στὸς,
2405 2045 2479 2099 δι’
2502 2040 2573 2101 οὗ
2606 2043 2678 2097 τὰ
2711 2042 2931 2107 πάντα,
2970 2040 3069 2095 καί
3116 2036 3295 2106 ἡμεῖς
3330 2035 3399 2089 δι’
3426 2036 3595 2090 αὐτοῦ.
3620 2039 3691 2091 Καὶ

511 2134 707 2190 swcula
742 2138 786 2191 ⁸.
821 2138 889 2192 Et
922 2155 1117 2195 rursus
1144 2158 1157 2193 :
1194 2141 1337 2196 Unus
1366 2142 1506 2197 Deus
1542 2143 1724 2213 Pater,
1757 2162 1823 2201 ea:
1858 2164 1961 2218 quo
1991 2166 2030 2202 01

2202 2139 2385 2195 πάλιν·
2410 2132 2524 2193 Ὧν
2578 2138 2633 2190 οἱ
2685 2134 2957 2202 πατέρες,
2996 2131 3095 2186 καὶ
3132 2130 3203 2194 ἐξ
3233 2123 3321 2182 ὧν
3342 2130 3373 2183 ό
3396 2128 3690 2196 Χριστὸς,τὸ

515 2229 639 2292 uia,
691 2240 739 2282 et
804 2247 897 2284 nos
954 2248 1019 2286 ea:
1081 2234 1194 2303 ipso
1237 2251 1255 2288 :
1310 2246 1359 2289 et
1424 2252 1560 2291 unus
1621 2238 1879 2295 Dominus
1949 2242 2034 2297 les

2203 2231 2355 2288 κατὰ
2397 2228 2669 2299 σάρκα,ό
2709 2226 2794 2280 ὢν
2831 2226 2929 2279 ἐπὶ
2959 2224 3205 2278 πάντων
3250 2222 3410 2287 Θεὸς,
3453 2222 3690 2289 εὐλογητὸς

513 2319 787 2384 Christus,
844 2340 937 2394 per
983 2340 1137 2393 quem
1179 2328 1392 2393 omnia,
1453 2338 1503 2383 et
1548 2346 1642 2384 nos
1691 2348 1784 2400 per
1836 2333 2009 2402 ipsum

2200 2328 2289 2392 είς
2340 2323 2485 2389 τυὺς
2544 2319 2787 2386 αἰῶνας,
2845 2316 3029 2388 ἁμήν.
3065 2316 3203 2370 Ἰδοὺ
3244 2314 3372 2385 γὰρ,
3406 2313 3501 2366 ἰδοὺ
3526 2313 3689 2402 Χριστόν

512 2411 589 2467 Ac
625 2429 816 2470 rursus
850 2433 862 2468 :
902 2413 1139 2479 Quorum
1191 2426 1393 2488 patres,
1437 2428 1487 2473 et
1528 2437 1591 2474 ea:
1631 2422 1820 2492 quibus
1859 2400 2031 2479 Christ

2216 2418 2426 2487 Ἰησοῦν
2459 2418 2487 2469 ὁ
2510 2413 2804 2485 ὀνομάσας,
2830 2409 2958 2480 χθὲς
2983 2410 3081 2463 καὶ
3110 2409 3358 2479 σήμερον
3395 2405 3478 2457 τὸν
3502 2405 3623 2457 atem
3641 2400 3688 2456 εἶ-

513 2506 803 2559 secundum
833 2524 1069 2574 carnem,
1095 2511 1182 2579 qui
1204 2520 1277 2564 est
1305 2527 1464 2582 super
1494 2516 1675 2569 omnia
1704 2515 1843 2571 Deus
1895 2518 2032 2572 benei

2201 2512 2290 2567 val
2320 2526 2475 2580 φησι,
2505 2508 2600 2562 καὶ
2634 2508 2714 2570 εἰς
2762 2506 2889 2568 τοὺς
2917 2502 3120 2564 αἰῶνας
3143 2514 3156 2530 ⁸
3186 2500 3280 2553 καὶ
3304 2499 3369 2552 δι’
3399 2496 3541 2550 αὖτοῦ
3583 2500 3682 2563 γενέ.

518 2605 628 2649 ctus
667 2597 720 2650 in
768 2597 984 2651 saecula.
1018 2598 1187 2653 Amen
1216 2601 1257 2655 ‘.
1308 2601 1389 2656 En
1444 2603 1616 2668 enim,
1665 2620 1760 2669 en,
1815 2606 2037 2662 nomina

2205 2603 2331 2656 σθαι
2380 2600 2448 2655 si
2495 2600 2677 2654 πάντα
2705 2613 2719 2629 ο
2756 2596 2850 2650 καὶ
2880 2594 2971 2648 τὸν
3020 2592 3164 2647 κατὰ
3192 2591 3372 2660 σάρκα
3396 2589 3447 2654 ἐξ
3482 2588 3686 2651 Ἰουδαίων,

515 2684 737 2740 Christo
771 2687 925 2751 Jesn,
970 2688 1227 2744 eumdem
1283 2690 1437 2746 illum
1496 2693 1615 2747 heri
1661 2704 1718 2749 et
1765 2694 1931 2752 hodie
1978 2713 2034 2754 es

2202 2695 2296 2746 ἐπὶ
2335 2692 2542 2755 πάντας
2582 2688 2844 2760 ὀνομάζει
2872 2686 3006 2740 Θεόν
3034 2702 3045 2714 ·
3088 2684 3185 2737 καὶ
3236 2681 3340 2753 μὴν
3378 2680 3616 2749 εὐλογητὸν
3640 2682 3688 2743 εἰς

514 2777 669 2841 dicit,
703 2786 758 2833 et
793 2778 848 2832 in
885 2780 1116 2847 Saecula;
1154 2797 1219 2835 ac
1250 2798 1350 2851 per
1382 2784 1537 2838 illum
1570 2784 1713 2840 facta
1745 2803 1868 2843 esse
1895 2790 2033 2844 omni

2201 2787 2325 2848 τοὺς
2358 2784 2585 2847 αἰῶνας,
2620 2781 2789 2852 ἀμήν.
2821 2778 2913 2849 Μὴ
2944 2775 3121 2830 τοίνυν
3152 2773 3338 2846 διέλῃς
3364 2772 3417 2825 ὲν
3445 2772 3608 2834 τούτοις
3628 2772 3690 2834 τὰς

515 2869 671 2923 Illum
712 2885 931 2939 quoque
980 2871 1074 2941 qui
1121 2887 1189 2926 ex
1233 2872 1438 2929 Judieis
1490 2873 1796 2929 secundum
1850 2892 2034 2933 carne:

2203 2877 2294 2931 ἐπὶ
2308 2876 2402 2929 τοῦ
2422 2875 2626 2946 Κυρίου
2646 2872 3077 2942 φωνάς.Ἔχουσι
3098 2867 3213 2939 γὰρ
3230 2868 3290 2921 ὲν
3305 2863 3472 2934 ταυτῷ
3484 2862 3694 2969 tabesne:-

516 2960 688 3015 Dcum
745 2977 912 3032 super
951 2965 1137 3017 omnia
1189 2966 1460 3033 appellat;
1496 2966 1629 3035 quin
1682 2977 1739 3022 et
1793 2968 1847 3022 in
1901 2984 2035 3025 sazcu

2205 2970 2305 3034 πὲς
2330 2970 2426 3023 καὶ
2452 2966 2812 3037 ἀνθρώπινον·
2854 2964 3170 3033 ὲφάρμοσον
3194 2960 3253 3015 δὲ
3288 2956 3473 3029 μᾶλλον
3494 2956 3624 3016 αὑτὰς
3644 2954 3693 3016 ὡς

517 3054 893 3121 benedictum,
943 3056 1139 3120 Amen,
1186 3057 1341 3113 dicit.
1378 3059 1455 3113 Ne
1508 3060 1564 3113 in
1610 3059 1696 3114 his
1740 3060 1929 3130 igitur,
1979 3078 2036 3131 qi

2203 3060 2285 3113 ἑνὶ
2318 3058 2395 3130 τῷ
2428 3056 2564 3127 Υὶῷ,
2592 3057 2868 3118 sou-ciam,
2908 3052 3028 3124 Θεῷ
3071 3052 3236 3121 Λόγῳ
3304 3046 3690 3119 σεσαρκωμὲνῳ.ι

518 3147 585 3202 de
619 3148 854 3203 Domino
887 3148 1168 3213 dicuntur,
1215 3165 1378 3205 voces
1410 3149 1687 3205 diviseris.
1731 3151 1905 3207 Simul
1950 3153 2037 3207 eui

2257 3150 2430 3213 ούτοις
2459 3149 2523 3220 δὴ
2550 3151 2662 3211 τοῖς
2704 3147 2886 3215 λόγοις
2941 3144 3036 3199 τοῦ
3092 3142 3412 3212 Πνεύματος
3460 3141 3539 3193 καὶ
3580 3138 3696 3199 αὐτὰ(

518 3242 980 3310 complectuntur,
1005 3250 1063 3296 et
1102 3242 1248 3312 quod
1279 3243 1390 3297 Deo
1415 3244 1695 3309 convenit,
1729 3254 1787 3300 et
1824 3245 1973 3315 quod
2003 3246 2037 3301 h

2205 3244 2339 3315 ἡμῖν
2367 3240 2713 3310 ἀποδέδειχεν
2742 3240 2772 3292 ό
2799 3236 3133 3299 Διδάσκαλος
3196 3234 3298 3297 τὰς
3356 3232 3508 3303 μέσας
3550 3230 3694 3298 φωνὰς,

519 3330 674 3384 mini.
721 3330 865 3396 Quin
908 3331 1095 3400 potius
1130 3331 1248 3387 illas
1270 3341 1538 3402 tanquam
1575 3334 1693 3399 nni,
1730 3335 1868 3390 Filio
1895 3335 2038 3391 tribu

2211 3336 2379 3409 μηδὲν
2397 3332 2686 3389 καθοτιοῦν
2715 3331 2906 3399 ἕτερον
2934 3330 3029 3383 ὲπὶ
3056 3326 3302 3401 Χριστοῦ
3326 3323 3651 3397 οημαινούοας,
3674 3322 3692 3390 ἢ

520 3436 721 3491 nempe
751 3423 861 3476 Deo
888 3421 1069 3476 Verbo
1099 3422 1400 3478 incarnato.
1445 3443 1463 3475 ι
1496 3425 1592 3480 His
1623 3426 1809 3481 verbis
1839 3427 2039 3498 Spiritu

2206 3427 2270 3479 τὸ
2301 3425 2608 3497 θεοπρεπὲς
2660 3425 2717 3477 ὲν
2764 3420 2945 3491 ταύτῷ
2998 3421 3093 3474 καὶ
3144 3419 3211 3472 τὸ
3258 3414 3695 3488 ἀνθρώπινονοὸθει

522 3512 710 3575 docuit
735 3527 837 3566 nos
866 3511 1082 3578 doctor,
1117 3514 1262 3583 ipsas
1295 3530 1516 3586 quoque
1544 3517 1753 3572 medias
1776 3533 1940 3574 voces
1963 3518 2041 3573 nil

2208 3516 2357 3587 αύτῷ
2374 3516 2579 3579 ταύτας
2603 3516 2696 3570 καὶ
2723 3513 3060 3584 ἐφαρμόζειν
3082 3510 3406 3581 ἀδιαιρέτως
3420 3506 3694 3579 παρακελεύε-

522 3604 745 3673 penitus
791 3603 939 3658 aliud
990 3602 1047 3658 in
1094 3598 1313 3659 Christo
1361 3606 1693 3677 signiﬁcare,
1744 3624 1906 3678 quam
1955 3623 2041 3679 qui

2209 3626 2300 3665 ται
2329 3609 2461 3672 δεῖν,
2488 3608 2564 3672 ὼς
2599 3606 2721 3677 Θεῷ
2741 3605 2820 3676 τῷ
2842 3603 3012 3674 αὐτῷ,
3031 3603 3126 3657 καὶ
3155 3597 3430 3673 ἀνθρώπῳ
3454 3598 3585 3668 φύσει
3606 3612 3693 3664 σωγ-

521 3696 691 3749 Deum
717 3696 902 3761 simul,
924 3705 1087 3767 atque
1111 3697 1390 3752 hominem
1415 3700 1639 3755 deceat:
1661 3700 1809 3755 unde
1831 3709 1887 3755 et
1908 3700 1985 3755 illi
2008 3701 2040 3755 h

2085 3715 2108 3757 s
2212 3700 2433 3772 χάνοντι
2462 3715 2476 3730 ·
2507 3697 2602 3753 καὶ
2623 3697 2753 3753 ἄλλο
2774 3694 2837 3751 τὸ
2864 3693 3149 3767 παράπαν,
3181 3691 3261 3756 ὡς
3283 3691 3434 3761 ἔφην,
3466 3688 3604 3744 οὐδέν.

521 3787 756 3844 indivise
778 3789 1292 3860 tribuendasjubet,
1316 3799 1376 3845 nt
1392 3792 1487 3861 qui
1505 3792 1649 3846 Deus
1668 3792 1814 3847 idem
1832 3799 1888 3846 et
1915 3792 2102 3858 homo,

521 3896 626 3935 nec
658 3880 807 3935 aliud
842 3895 1072 3949 prorsus
1097 3880 1419 3951 quidquam,
1447 3883 1527 3937 uti
1548 3883 1819 3948 dicebam,
1849 3883 2100 3939 exsistat.

529 4027 779 4097 Ejusdem
805 4043 869 4081 ex
894 4028 1134 4082 oratione
1186 4045 1289 4098 qua
1325 4029 1462 4081 duas
1485 4027 1541 4080 in
1560 4025 1775 4081 Christo
1807 4022 2047 4079 uolunta!

2257 4029 2330 4083 οὗ
2355 4024 2546 4083 αὐτοῦ
2576 4025 2646 4098 ἐκ
2666 4023 2773 4078 τοῦ
2805 4024 2993 4098 λόχου
3028 4022 3135 4098 τοῦ
3157 4021 3303 4098 napi
3334 4019 3443 4098 τῷν
3460 4016 3552 4072 δύο
3575 4019 3695 4081 θελη-

1151 4090 1264 4154 esse
1295 4101 1504 4165 probat.
2564 4096 2670 4166 μάι

2564 4096 2770 4166 μάτων
2820 4090 2931 4147 τοῦ
2964 4092 3104 4157 ἐνὸς
3151 4091 3423 4160 Χριστοῦ.

598 4188 733 4245 Nam
762 4182 870 4246 nisi
903 4192 1010 4246 alia
1046 4200 1213 4261 atque
1252 4192 1357 4245 alia
1418 4190 1725 4246 secundum
1798 4187 2106 4244 essentiam

2293 4189 2356 4243 Ei
2392 4189 2523 4242 ἄλλο
2545 4187 2642 4241 καὶ
2690 4186 2822 4241 ἄλλο
2855 4186 2996 4239 κατά
3027 4186 3190 4254 φύσιν
3220 4184 3321 4237 οὐκ
3370 4184 3473 4236 ἐστι
3520 4182 3568 4235 τὸ
3591 4180 3691 4234 θεῖον

529 4293 634 4347 est,
686 4284 947 4339 divinitas
1002 4294 1055 4341 et
1110 4285 1366 4339 voluntas
1428 4284 1688 4348 humana,
1736 4282 1912 4351 liquet
1944 4295 2048 4337 una

2258 4284 2316 4337 αἱ
2342 4283 2404 4336 τὸ
2427 4280 2772 4354 ἀνθρώπινον
2806 4279 3042 4347 θέλημα,
3074 4276 3240 4348 δῆλον
3270 4278 3345 4341 ὡς
3379 4276 3432 4329 ἓν
3473 4277 3604 4344 φύσει
3636 4271 3695 4325 καὶ

530 4388 728 4431 natura
791 4384 953 4445 atque
1008 4376 1257 4430 eamdem
1311 4389 1455 4430 esse.
1512 4374 1591 4427 Ac
1644 4373 1691 4427 si
1749 4372 1823 4426 ita
1868 4382 1976 4437 est,
2012 4388 2042 4426 n

2213 4376 2428 4429 ταύτόν.
2472 4374 2581 4429 Καὶ
2614 4376 2664 4428 ei
2699 4371 2878 4437 τοῦτο,
2925 4371 3019 4425 καὶ
3055 4374 3090 4445 ή
3118 4372 3284 4440 φύσις
3314 4372 3371 4439 ἐξ
3391 4370 3599 4438 ἀνάγκης
3634 4364 3693 4434 μία

529 4480 651 4522 tura
701 4483 920 4537 quoque
969 4468 1292 4523 necessario
1379 4479 1513 4529 una,
1603 4465 1868 4533 nullaque
1926 4464 2043 4519 vari

2257 4468 2306 4521 at
2335 4467 2777 4537 ἀπαράλλακτος.
2834 4460 2912 4521 Ob
2939 4467 3050 4535 γὰρ
3096 4466 3361 4537 ἑτερότης
3392 4460 3569 4533 φυσικὴ
3594 4460 3695 4526 θελη-

526 4572 639 4617 tate
697 4562 989 4618 dissimilis
1016 4574 1119 4616 εει.
1149 4560 1253 4615 Ubi
1284 4560 1432 4616 enim
1466 4559 1613 4614 nulla
1678 4557 1949 4613 naturalis
2012 4573 2040 4609 v

2260 4565 2405 4617 ἀτων
2429 4561 2527 4615 οὐκ
2568 4561 2739 4625 ἐστιν,
2770 4559 2905 4619 ῗούδ’
2933 4558 3119 4621 οὐσίας
3152 4560 3216 4613 τὺ
3250 4558 3498 4627 παράπαν
3538 4552 3611 4607 καὶ
3632 4548 3695 4621 φύ-

528 4653 797 4707 luntatnm
828 4654 1119 4708 diversitas
1148 4661 1250 4717 est,
1293 4667 1395 4706 nec
1439 4650 1696 4705 essentia:
1758 4648 1986 4703 omnino
2043 4666 2047 4698 ε

2257 4673 2377 4717 εως.
2405 4655 2467 4707 Εἰ
2498 4654 2552 4706 δὲ
2588 4651 2714 4708 ἀλλο
2743 4652 2905 4721 φύσει
2940 4654 3032 4704 καὶ
3058 4652 3208 4715 ἀλλο,
3245 4651 3468 4719 διάφορα
3508 4647 3692 4703 πὰντως·

528 4756 741 4800 naturae
772 4754 876 4801 est.
903 4744 997 4797 Sin
1034 4756 1214 4797 autem
1249 4743 1354 4797 alia
1388 4751 1551 4810 atque
1583 4742 1687 4794 alia
1705 4750 1922 4805 natura,
1954 4738 2040 4809 pla

2221 4749 2308 4800 χοὶ
2338 4746 2386 4799 εί
2415 4746 2670 4815 διάφορα,
2728 4744 2847 4807 πῶς
2884 4745 2977 4797 τὸν
3008 4745 3067 4797 ὲν
3123 4743 3280 4813 πόσῳ
3320 4742 3505 4795 τούτων
3534 4736 3692 4808 amisii

526 4838 801 4893 distinctas
836 4844 984 4890 sunt.
1020 4836 1098 4890 Ac
1132 4836 1175 4888 si
1202 4836 1499 4895 diStinctaa,
1540 4834 1815 4902 quomodo
1872 4846 1982 4885 non
2015 4846 2045 4885 e

2212 4841 2311 4910 ούχ
2347 4840 2680 4910 ὁμολογῆσαι
2708 4839 2919 4908 χρεὼν;
2962 4837 3028 4891 Ἦ
3057 4838 3166 4908 γὰρ
3223 4838 3410 4890 τούτου
3461 4834 3690 4902 ἐξάρνηπις.

528 4940 653 4983 rum
683 4928 1019 4990 necessario,
1047 4942 1152 4996 qua
1216 4926 1421 4993 pollent
1466 4927 1795 4994 quantitate,
1852 4922 2047 4977 fatendi

2261 4934 2391 5001 ύτῆς
2432 4950 2492 4985 τε
2524 4935 2758 5001 πάμπαν
2781 4930 3117 5002 ἀφανισμὸν,
3145 4930 3245 4983 καὶ
3277 4929 3383 4983 τῶν
3399 4925 3692 4995 διαφερόντων.

530 5036 794 5074 numerus
827 5021 947 5074 est?
981 5020 1204 5074 Sublata
1229 5018 1373 5072 enim
1402 5017 1615 5073 numeri
1649 5015 1807 5081 ratio,
1854 5024 1969 5070 tum
2002 5016 2049 5069 di

2215 5026 2291 5089 ὡς
2319 5026 2419 5079 οὐκ
2441 5024 2634 5088 ὅντων,
2662 5023 2982 5093 ἐργάζεται.
3028 5023 3151 5086 Πῶς
3195 5023 3305 5093 γὰρ
3336 5027 3425 5075 καὶ
3456 5016 3567 5072 εἶναι
3590 5016 3692 5069 6m-

528 5104 849 5163 tin'ctionem
914 5110 1089 5174 tollet,
1124 5121 1237 5163 tum
1265 5124 1387 5178 quae
1420 5109 1676 5163 distincta
1704 5109 1839 5172 sint,
1883 5123 1946 5164 ac
1963 5108 2009 5164 si

2213 5117 2308 5170 τὸν
2338 5117 2432 5170 καὶ
2469 5116 2545 5186 μὴ
2578 5115 2966 5186 ἀριθμεῖσθαι,
3008 5115 3103 5168 καὶ
3124 5114 3190 5168 δι’
3223 5112 3410 5183 ἥντινα
3437 5111 3521 5180 τὴν
3548 5104 3691 5166 altius;

532 5213 719 5254 essent
758 5201 1003 5268 quidem,
1066 5216 1296 5269 prorsus
1349 5201 1621 5256 abolitura
1670 5211 1776 5258 est.
1831 5200 1965 5255 Nam
2020 5217 2051 5270 q

2216 5207 2249 5278 ἢ
2283 5207 2399 5269 πῶς
2437 5206 2566 5259 ὄντα
2592 5207 2690 5274 μὲν
2719 5203 2864 5258 κατᾶ
2896 5203 3077 5273 φύσιν,
3108 5202 3206 5257 οὐκ
3229 5198 3574 5271 ἀριθμούμενα
3597 5189 3691 5244 δὲτὰ

529 5296 696 5348 etiam
732 5295 844 5356 ﬁat.
904 5310 1027 5349 esse
1077 5296 1212 5357 haec,
1276 5304 1330 5349 et
1395 5311 1503 5350 non
1547 5294 1865 5350 numerari?
1912 5296 2043 5366 quid

2219 5298 2502 5368 θελήματα
2548 5297 2648 5366 τὴν
2685 5295 2879 5365 αὐτὴν,
2918 5292 3089 5366 εἴπερ
3127 5293 3363 5361 εὐλόγως
3392 5291 3459 5360 μὴ
3485 5286 3692 5341 nassam

530 5386 751 5441 demum
772 5401 955 5441 causae
982 5396 1086 5454 est,
1118 5395 1215 5441 aut
1250 5387 1527 5457 quomodo
1566 5390 1645 5451 tit,
1670 5396 1726 5441 ut
1758 5403 1879 5457 qua:
1909 5403 1975 5441 ex
2018 5403 2048 5440 n

2257 5394 2317 5447 οὗ
2345 5389 2700 5461 ἀριθμεῖσθαι
2735 5387 2933 5442 καύταὶ
2966 5388 3022 5441 ai
3059 5385 3247 5456 φύσεις
3270 5402 3285 5451 ;
3312 5383 3384 5437 Τὸ
3413 5383 3507 5451 γὰρ
3526 5377 3593 5432 ἐπ’
3606 5370 3689 5426 i155-

536 5487 661 5534 tura
689 5480 1170 5543 suntvoluntates,
1211 5494 1319 5533 non
1341 5481 1503 5534 etiam
1535 5494 1598 5534 ex
1669 5488 1868 5533 natura
1923 5494 2052 5531 num

2257 5500 2331 5538 ων
2379 5482 2563 5546 καλὸν,
2616 5479 2874 5551 ἐμφύτων
2922 5479 3097 5532 όντων
3143 5480 3239 5531 καὶ
3285 5469 3591 5530 συστατικῶν
3628 5462 3689 5516 τῶν

533 5583 749 5650 rentur,
790 5587 913 5627 cum
946 5583 1000 5627 et
1039 5575 1169 5643 ipsa.
1197 5582 1408 5627 natura:
1437 5573 1716 5627 numerari
1749 5572 1944 5626 merito
1972 5584 2045 5625 nu

2223 5576 2592 5647 πραγμάτων,
2634 5576 2729 5629 καὶ
2769 5575 2857 5627 ἐπ’
2881 5574 3066 5637 αὐτοῖς
3095 5573 3360 5644 ύπάρχειν
3386 5557 3685 5638 epod-ﬁxura;

536 5680 697 5736 quam
762 5666 1117 5721 destiterint?
1175 5665 1333 5733 Quod
1414 5667 1561 5720 enim
1609 5664 1664 5720 in
1741 5664 2055 5720 voluntatih‘

2257 5669 2538 5740 τράγμαοι,
2573 5670 2666 5723 καὶ⁸
2704 5669 2872 5739 ἦκάκ
2910 5668 3117 5722 τούτων
3142 5666 3369 5721 ἀνέλωσι
3400 5662 3480 5715 τὸν
3513 5651 3685 5726 ἀριθμῶν

607 5784 807 5839 *Joan.
838 5800 947 5840 ιιν.
985 5785 1038 5852 9,
1070 5784 1154 5850 10,
1237 5781 1436 5838 'Joan.
1471 5798 1525 5848 v,
1565 5783 1655 5837 50.
1732 5781 1753 5815 ⁸
1780 5780 1938 5838 Joan.
1996 5799 2112 5849 vin,

2294 5781 2381 5838 40.
2462 5783 2483 5815 ⁸
2529 5781 2693 5840 llehr.
2729 5799 2843 5850 xm,
2886 5783 2938 5839 8.
3016 5786 3037 5817 ³
3073 5781 3094 5838 ι
3126 5783 3249 5839 Cor.
3291 5800 3403 5848 vin,
3439 5783 3485 5836 6.
3549 5776 3687 5828 ’Βοωο

536 5870 615 5923 is,
668 5856 722 5911 5.
