3952 6550
193 333 335 398 1125

1130 343 1510 408 PANOPLIA
1552 348 2013 419 DOGMATICA.
2053 382 2122 394 --
2163 357 2308 422 Tl'l'.
2340 358 2490 427 XXI.

3327 380 3466 452 1126

189 450 267 513 ὡς
291 451 374 502 ὅτι
396 451 519 502 κατ’
551 450 751 514 αὐτοὺς
785 449 1211 523 λυμαινόμενον,
1237 457 1268 528 ἢ
1313 460 1577 529 μηδαμῶς
1608 479 1778 532 napa-

195 544 249 564 ex
272 543 404 564 L___
433 557 504 564 ,μμ
558 543 646 564 ,μμὶ
694 542 779 564 ΚΑ,
803 543 920 564 ιμ,ο
940 559 962 564 μ-
987 563 992 564 ,
1111 563 1118 564 κ
1187 547 1206 564 ι
1303 550 1362 564 Α-
1436 555 1476 564 —
1522 554 1534 564 ι
1613 553 1662 564 Α.

1890 465 2090 521 bonum
2119 481 2414 542 aptumque
2445 487 2550 540 est,
2587 493 2709 548 qum
2737 480 2936 540 innata:
2969 486 3081 542 sint
3117 505 3314 564 resque
3335 511 3468 552 con-

194 543 530 608 ϐλάπτοντα,
558 543 652 595 καὶ
692 542 779 594 ἐπ’
801 543 1028 599 ἐκείνων
1055 547 1391 621 περιληφθῇ.
1436 554 1578 622 Πρὸς
1609 553 1781 623 δήλω-

194 655 284 690 σιν
319 637 420 706 τῆς
454 633 681 706 ἐνούσης
735 636 917 701 αὑτοῖς
977 640 1223 710 ἐμφύτου
1257 642 1545 714 διαφορᾶς,
1597 646 1667 698 δι’
1713 649 1781 721 ἦν

194 727 351 797 αὑτῷ
399 729 504 782 κᾶν
530 731 661 792 ταῖς·
703 724 920 794 οὑσίαις
975 735 1406 804 προσχρώμεθασ
1446 738 1477 806 ἢ
1528 737 1772 809 δείξωσι,

195 821 316 883 πῶς
350 823 425 891 μὴ
465 821 748 890 ἀναίρεσιν
800 825 1023 888 πάντ’ὦς
1068 826 1098 896 ἢ
1151 826 1441 896 σύγχυσιν,
1489 829 1585 884 τοῦ
1639 835 1782 886 κατά

1888 559 2118 615 etituaut
2149 578 2214 618 ac
2248 567 2570 639 insigniant,
2635 574 2688 630 in
2719 578 2855 646 ipsis
2901 596 3120 652 quoque
3188 559 3353 645 rebus
3413 601 3470 645 ut

1884 653 2113 708 exsistat
2167 666 2498 720 conveniens
2531 668 2642 735 sit;
2707 680 2871 740 atque
2921 675 3058 730 adeo
3117 679 3196 731 vel
3257 684 3326 736 ab
3383 684 3469 739 his

1881 757 2102 818 quoque
2131 766 2417 809 numerum
2453 757 2728 828 auferant,
2787 767 2990 836 utqui,
3060 785 3158 838 per
3213 787 3328 840 eos,
3393 777 3471 830 la-

1882 836 2003 892 hem
2040 853 2288 913 asserat;
2328 837 2434 914 ve'l,
2463 866 2585 905 eum
2617 855 2755 909 nihil
2783 857 2964 929 laedat,
2993 836 3075 917 in—
3107 865 3216 920 illis
3247 836 3468 940 quoque

193 915 486 985 ἄνθρωπον
517 914 754 983 φυσικοῦ
784 916 878 968 τοῦ
914 917 1170 987 Σωτῆρος
1197 919 1507 990 θελήματος
1537 922 1778 995 ἀπεργά‹

1886 944 2237 1004 assumatur;
2281 940 2348 996 ad
2380 943 2482 997 hoc
2533 946 2766 1013 scilicet,
2805 961 2864 1007 ut
2918 971 3041 1027 quae
3097 959 3205 1014 illis
3250 914 3465 1019 matura

193 1007 412 1072 ζονται,
437 1007 526 1060 διὰ
560 1007 659 1075 τῆς
687 1008 830 1061 κατὰ
860 1008 952 1062 τὸν
982 1009 1217 1079 ἀριθμὸν
1244 1015 1660 1085 παραιτήσεως.

193 1109 303 1164 est,
329 1106 392 1152 ut
416 1105 470 1153 et
501 1098 552 1152 in
590 1099 802 1154 naturis
838 1115 1125 1155 numerum
1160 1116 1493 1174 usurpemus
1523 1116 1660 1172 ;'aut
1688 1119 1837 1167 certe

194 1200 389 1256 tatem,
420 1198 528 1260 Qua
574 1188 786 1244 ratione
817 1197 901 1245 est
929 1191 1114 1260 homo,
1161 1205 1266 1248 non
1301 1199 1529 1252 omnino
1575 1197 1832 1256 auferant
1887 1214 1984 1260 aut
2053 1188 2409 1282 confundant,

199 1290 495 1350 respuant.

269 1373 361 1444 Τῷ
391 1376 500 1446 γὰρ
559 1374 833 1446 θεωθῆναι
885 1380 950 1449 τῇ
1005 1379 1142 1448 πρὸς
1202 1378 1336 1434 Θεδν
1377 1380 1597 1450 ὲνὼσει,
1634 1383 1783 1441 καθά

195 1469 295 1520 καὶ
352 1469 452 1540 τὴν
503 1469 665 1539 φύσιν
715 1471 888 1538 αὑτὴν
951 1474 1051 1544 τῆς
1107 1473 1345 1542 λογικῶς
1398 1493 1458 1530 τε
1519 1479 1617 1530 καὶ
1662 1497 1782 1532 νοε-

198 1558 311 1629 ρῶς
347 1559 708 1632 ἑψυχωμένης
740 1564 967 1634 σαρκὸς,
1011 1564 1113 1633 τῆς
1163 1567 1289 1619 κατ’
1332 1568 1519 1622 οὐσίαν
1557 1571 1780 1640 ὀντότη-

194 1667 288 1714 τος
343 1652 443 1704 οῦκ
495 1652 796 1722 ἐξίστησιν·
851 1653 1047 1725 ὥσπερ
1105 1657 1229 1710 οὐδὲ
1271 1657 1373 1727 τῆς
1433 1660 1643 1725 οἰκείας
1687 1663 1780 1718 τὸν

196 1743 442 1815 σίδηρον,
500 1745 533 1815 ἠ
589 1745 732 1817 ἄκρα
780 1749 877 1800 καὶ
941 1748 1010 1800 δι’
1045 1748 1167 1803 ὅλου
1228 1753 1366 1822 πρὸς
1403 1754 1462 1807 τδ
1501 1753 1614 1826 πῦρ
1651 1765 1776 1810 συν·

1886 1765 2141 1833 exsistit;
2185 1767 2261 1822 uti
2324 1785 2504 1842 neque
2562 1743 2804 1840 ferrum:
2856 1784 2924 1837 ab
2958 1799 3023 1839 eo
3087 1788 3232 1856 quod

196 1836 502 1906 ανάκρασίς
555 1855 619 1890 τε
678 1838 772 1890 καὶ
829 1839 1047 1903 ἓνωσιςο
1123 1841 1262 1896 ἀλλά
1307 1846 1508 1916 πάσχει
1555 1848 1657 1918 μὲν
1711 1849 1780 1902 τὰ

198 1931 396 2001 πυρὸς,
450 1932 639 2001 ἐπειδὴ
695 1932 808 2004 πῦρ
857 1937 926 2006 τῇ
978 1934 1173 1988 ἐνὼσει
1228 1939 1539 2009 γεγένηται·
1601 1939 1781 2012 βρίθει

198 2024 253 2076 δὲ
291 2022 454 2077 πάλιν
484 2025 628 2078 κατά
679 2023 866 2092 φύσιν,
925 2027 1019 2080 καὶ
1046 2027 1260 2098 τέμνει,
1301 2030 1384 2082 ὅτι
1444 2031 1518 2102 μὴ
1575 2036 1675 2101 τῆς
1704 2036 1781 2086 οί-

198 2119 356 2182 κείας
383 2115 564 2188 λώϐην
588 2117 826 2172 πέπονθε
855 2118 1094 2188 φύσεως,
1150 2123 1180 2193 ἢ
1216 2124 1464 2194 ’φυσικῆς
1492 2127 1775 2198 ἐνεργείας

198 2211 402 2282 ἐξέστη
448 2211 510 2264 τὸ
558 2209 800 2265 σύνολονο
857 2213 1039 2266 καίτοι
1091 2215 1234 2284 μετά
1287 2217 1457 2287 πυρὸς
1511 2217 1776 2296 ὑπάρχων

195 2303 340 2354 κατά
365 2301 462 2372 τὴν
492 2300 662 2371 αὐτὴν
688 2301 784 2356 καὶ
839 2305 972 2374 μίαν
1006 2305 1330 2371 ὑπόστασιν,
1362 2310 1457 2361 καὶ
1507 2310 1772 2365 ἀδιαστά-

196 2411 303 2456 τως
322 2384 488 2464 δρῶν,
516 2393 584 2446 τά
621 2411 679 2447 τε
721 2394 863 2449 κατὰ
892 2396 1054 2466 φύσιν
1081 2397 1239 2450 ἰδίαν·
1276 2398 1420 2469 λέγω
1463 2402 1520 2455 δὲ
1553 2405 1653 2474 τὴν
1684 2422 1771 2458 το-

200 2490 333 2557 μήν·
364 2487 457 2539 καὶ
485 2485 554 2538 τὰ
594 2483 718 2540 καθ’
742 2487 939 2544 ἕνωσιν
970 2489 1146 2559 αὖθις,
1195 2493 1332 2563 ὅπερ
1367 2494 1515 2547 ἐστὶν
1549 2497 1582 2566 ἡ
1633 2498 1774 2550 καῦ-

199 2597 306 2640 σις.
340 2579 518 2633 Αὑτοῦ
548 2580 658 2654 γὰρ
681 2582 946 2653 ὑπάρχει,
978 2582 1235 2652 καθάπερ
1269 2586 1362 2637 καὶ
1406 2585 1501 2639 τοῦ
1534 2589 1709 2658 πυρδς
1744 2591 1778 2662 ἡ

196 2674 364 2743 τομὴ,
385 2671 473 2726 διὰ
506 2674 602 2744 τὴν
633 2676 809 2740 ἄκραν
836 2678 1044 2729 τούτων
1071 2677 1153 2739 είς
1190 2676 1397 2748 ἄλληλα
1450 2679 1768 2752 περιχὼρη-

200 2765 284 2818 σίν
311 2782 372 2817 τε
406 2765 501 2820 καλ.
552 2766 844 2822 ἀντίδοσιν·
894 2768 988 2821 καὶ
1046 2768 1171 2824 οὔτε
1221 2770 1320 2839 τὴν
1363 2773 1526 2841 φύσιν
1577 2773 1768 2839 αὑτοῦ,

198 2859 344 2928 φημὶ
366 2858 422 2911 δὲ
457 2858 550 2911 τοῦ
587 2861 831 2932 σιδήρου,
882 2861 984 2917 κᾶν
1016 2864 1154 2933 μετά
1187 2865 1359 2934 πυρὸς
1403 2866 1628 2937 ὁρᾶται,
1659 2882 1774 2922 κω-

194 2962 447 3030 λυόμεθα
468 2962 528 3015 τὸ
545 2963 806 3033 παράπαν
840 2963 1129 3033 ὀνομάζειν
1159 2961 1192 3032 ἢ
1227 2962 1502 3034 ἀριθμεῖν,
1535 2960 1660 3015 οὔτε
1681 2961 1780 3034 τὴν

199 3052 445 3123 φυσικὴν
469 3054 773 3123 ἐνέργειαν,
811 3055 860 3106 εί
887 3054 982 3107 καὶ
1011 3052 1149 3124 μετὰ
1175 3051 1423 3117 καύσεως
1453 3053 1778 3124 καθορᾶται,

198 3147 296 3196 καὶ
357 3146 631 3217 μηδεμίαν
680 3146 795 3216 ἔχει
849 3145 988 3216 πρὸς
1036 3145 1243 3216 ταύτην
1300 3143 1602 3209 διάστασιν,
1663 3143 1776 3198 ἀλλ’

198 3237 458 3299 ἑνοειδῶς
492 3240 588 3290 σὺν
613 3239 750 3309 αὐτῇ
794 3256 854 3292 τε
890 3240 985 3292 καὶ
1025 3241 1085 3294 ὲν
1116 3240 1256 3310 αὐτῇ
1305 3237 1652 3307 διαφαίνεται
1681 3233 1779 3288 καὶ

199 3328 560 3398 γνωρίζεται.
615 3329 712 3394 Τίς
751 3324 842 3385 οὖν
874 3331 901 3384 ὀ
949 3330 1127 3398 λόγος,
1184 3328 1278 3383 τοῦ
1312 3329 1373 3382 τὸ
1408 3326 1672 3398 φυσικῶς
1709 3327 1777 3398 τῇ

199 3416 366 3485 φύσει
395 3416 599 3488 προσὸν
637 3419 711 3491 μὴ
745 3419 1022 3490 ἀριθμεῖν,
1046 3418 1290 3471 τουτέστι
1323 3418 1380 3470 τὸ
1411 3417 1644 3486 θέλημα,
1686 3414 1780 3470 καὶ

196 3507 379 3580 ταύτῃ
407 3509 468 3562 τὸ
495 3510 617 3563 καθ’
647 3512 793 3581 ἡμᾶς
826 3510 1014 3572 ἀτελὲς
1041 3510 1121 3580 τῷ
1157 3508 1442 3580 ὑπερτελεῖ
1467 3508 1560 3561 καὶ
1587 3522 1780 3577 προτε-

200 3600 336 3670 λείῳ
360 3599 479 3670 Θεῷ
502 3600 658 3671 Λόγῳ
689 3601 1096 3672 σεσαρκωμένῳ
1129 3600 1603 3670 προσμαρτυρεῖν,
1657 3596 1782 3650 καί·

201 3710 287 3745 τοι
319 3691 536 3744 πάντων
582 3691 800 3761 ἐπίσης,
830 3690 1051 3762 εὐδοκία
1098 3688 1334 3761 Πατρδς,
1368 3688 1462 3742 καὶ
1490 3684 1782 3756 συνεργείᾳ

205 3783 528 3853 Πνεῦματος
562 3782 718 3852 ἁγίου
752 3784 837 3837 διὰ
863 3783 962 3854 τὴν
990 3781 1146 3853 ἡμῶν
1175 3780 1475 3852 σωτηρίαν,
1499 3778 1624 3833 καθ’
1653 3778 1782 3831 ἕνω-

207 3887 291 3922 σιν
324 3868 422 3939 τὴν
446 3869 772 3924 ἀδιάστατον
818 3869 925 3924 τῶν
950 3870 1050 3940 τῆς
1076 3869 1295 3940 φύσεως
1327 3867 1777 3938 κεκοινωνηκότι,

205 3959 462 4030 καθάπερ
488 3957 581 4014 οῦν
605 3961 810 4031 καὺτῆς
843 3961 1067 4024 τελείως
1088 3964 1188 4033 τῆς
1228 3962 1466 4030 φύσεως,
1515 3959 1656 4030 πλὴν
1690 3957 1783 4028 μό-

205 4069 310 4122 νης
337 4053 436 4122 τῆς
467 4052 761 4123 ἁμαρτίας,
796 4055 877 4106 ὅτι
924 4053 1059 4125 μηδὲ
1104 4055 1205 4124 τῆς
1250 4051 1465 4122 φύσεως
1505 4045 1595 4120 ἦν,
1647 4049 1782 4104 ἀλλὰ

205 4141 458 4212 γνώμης,
499 4144 652 4216 παρά
689 4145 780 4198 τδν
829 4145 986 4213 λόγον
1019 4143 1112 4198 καὶ
1146 4145 1240 4198 τὸν
1274 4143 1439 4214 νόμον
1485 4139 1784 4210 κεκινημέ-

205 4251 308 4302 νης
343 4235 441 4300 τῆς
469 4234 708 4302 φύσεως,
737 4237 976 4308 ὲκτροπὴ
1007 4238 1100 4290 καὶ
1123 4235 1427 4304 ὀλίσθημα;

1889 1021 2032 1078 inest
2067 1026 2348 1088 distinctio
2381 1033 2690 1098 innotescat
2724 1062 2736 1096 :
2773 1021 3130 1114 quod-unum
3193 1057 3243 1108 in
3294 1069 3467 1114 causa

1896 1119 2210 1188 ostendant,
2246 1127 2337 1194 qui
2365 1126 2458 1184 fiat
2489 1140 2545 1185 ut
2590 1139 2896 1192 naturalem
2931 1141 3231 1204 Salvateris
3267 1152 3466 1208 volun»

2449 1218 2548 1290 qui
2589 1222 2717 1294 'ejns
2771 1241 2994 1284 censum
3059 1249 3123 1290 ao
3178 1253 3465 1298 numerum

1991 1389 2109 1446 Non
2191 1397 2333 1450 enim
2425 1405 2596 1478 quod,
2637 1405 2792 1473 hzec,
2869 1412 3070 1469 unione
3147 1432 3267 1471 cum
3352 1420 3531 1478 Deo-

1881 1482 2080 1541 deitate
2148 1489 2359 1547 imbuta
2428 1498 2521 1562 sit,
2573 1482 2727 1554 haud
2788 1519 2950 1560 secus
3021 1523 3086 1562 ac
3175 1512 3287 1579 ipsa
3364 1532 3460 1570 na-

1882 1586 2002 1632 tura
2073 1583 2282 1651 earnis,
2344 1588 2537 1644 anima:
2600 1595 2838 1661 praeditae
2885 1609 3071 1654 utente
3145 1606 3362 1661 ratione
3408 1619 3463 1662 et

1883 1669 2216 1743 intelligente
2299 1692 2363 1732 eo
2443 1685 2700 1747 extrahit,
2775 1692 2918 1756 quod
3004 1693 3078 1748 illi
3168 1700 3466 1756 essentiale

3287 1790 3364 1845 illi
3393 1807 3460 1846 ex

1884 1859 2125 1912 essentia
2149 1865 2518 1927 est,eXtrudit
2560 1883 2770 1923 summa
2829 1874 2973 1943 ejus,
3034 1886 3255 1948 totaque
3316 1885 3466 1938 mole

1885 1960 2010 2004 eum
2037 1949 2158 2022 igne
2182 1960 2616 2025 contemperatin
2646 1971 2811 2032 atque
2834 1969 2964 2027 unio
2990 1985 3003 2022 :
3039 1969 3134 2025 sed
3167 1972 3308 2040 ignis
3335 1977 3465 2044 qui-

1885 2041 2006 2096 dem
2046 2044 2363 2103 affectiones
2399 2053 2610 2122 recipit,
2636 2069 2701 2110 eo
2759 2058 2904 2126 quod
2934 2075 3000 2114 ex
3064 2065 3265 2118 unione
3315 2068 3467 2121 velut

1886 2136 2028 2206 ignis
2065 2143 2280 2208 evasit;
2308 2159 2458 2212 gravi
2490 2155 2668 2200 tamen
2711 2165 2900 2206 rursus
2968 2157 3210 2222 pondere
3265 2169 3465 2213 natura

1884 2243 1994 2296 est,
2023 2241 2076 2285 et
2103 2244 2270 2299 secat,
2328 2237 2536 2294 ideirco
2565 2242 2828 2296 nimirum
2881 2246 3022 2312 quod
3085 2247 3207 2317 ejus
3254 2261 3468 2314 natura:

1886 2322 2036 2376 nulla
2071 2323 2222 2379 labes
2252 2327 2401 2382 illata
2427 2339 2533 2395 est,
2568 2347 2670 2388 nec
2699 2348 2729 2387 a
2761 2339 2998 2390 naturali
3056 2354 3285 2408 prorsus
3337 2359 3468 2414 ope-

1882 2417 2095 2470 ratione
2126 2422 2399 2487 excessit;
2436 2425 2538 2479 etsi
2587 2441 2710 2480 eum
2746 2431 2890 2498 igne.
2941 2433 3245 2490 secundum
3303 2453 3468 2493 unam

1883 2508 2246 2579 eamdemque
2278 2513 2630 2572 subsistentis
2665 2520 2957 2588 rationem,
3005 2540 3108 2579 una
3144 2528 3382 2594 exsistit,
3402 2544 3470 2584 ac

1889 2595 2125 2655 indivise
2156 2592 2438 2673 operatur,
2463 2616 2576 2663 tum
2608 2625 2728 2680 quae
2758 2628 2826 2666 ex
2855 2618 3076 2685 propria
3111 2626 3305 2675 natura
3335 2630 3465 2676 sunt

1888 2689 1971 2760 (ut
2003 2708 2198 2762 nempe
2232 2697 2422 2767 secet)
2454 2707 2566 2754 tum
2599 2717 2799 2760 rursus
2824 2707 2966 2774 quod
2989 2725 3053 2762 ex
3082 2711 3284 2765 unione
3305 2727 3466 2769 acce-

1887 2782 1965 2837 dit
1994 2785 2224 2854 (scilicet
2263 2797 2319 2841 ut
2358 2802 2506 2846 urat.
2535 2793 2683 2851 illius
2705 2799 2853 2852 enim
2893 2809 3000 2866 est,
3034 2803 3185 2872 quod
3218 2805 3350 2871 urit,
3383 2805 3466 2861 uti

1887 2873 2050 2928 etiam
2086 2875 2246 2945 ignis,
2271 2879 2416 2948 quod
2453 2894 2624 2950 secat,
2649 2887 2718 2942 ob
2747 2903 3020 2944 summam
3069 2892 3263 2949 horum
3320 2895 3468 2952 inter

1878 2977 1936 3016 se
1982 2963 2341 3036 intimamque
2367 2975 2805 3039 penetrationem
2842 2993 2904 3033 ac
2948 2980 3458 3049 reciprocationem.

1879 3055 1956 3110 Ac
2006 3072 2184 3127 neque
2235 3060 2355 3131 ejus
2403 3075 2654 3120 naturam
2708 3067 2860 3133 (ferri
2912 3072 3144 3136 scilicet)
3193 3075 3296 3129 etsi
3349 3076 3463 3145 igni

1879 3149 2169 3218 conjuncta
2215 3155 2574 3224 conspicitur,
2604 3160 2714 3214 ullo
2752 3161 2919 3216 modo
2943 3165 3229 3221 nominare
3267 3169 3463 3237 prohiv

1880 3237 2077 3294 bemur
2119 3249 2212 3297 aut
2265 3260 2577 3311 numerare,
2612 3265 2791 3319 neque
2839 3255 3145 3308 naturalem
3191 3259 3465 3332 operatio-

1879 3346 2003 3386 nem
2034 3349 2049 3386 :
2076 3349 2386 3406 quanquam
2431 3339 2548 3396 haec
2594 3344 2838 3399 cernitur
2884 3345 3078 3399 urendi
3115 3347 3319 3402 actioni
3371 3365 3465 3403 eo—

1882 3435 2018 3488 mes,
2045 3439 2149 3480 uec
2167 3425 2236 3480 ab
2256 3442 2317 3483 ea
2342 3430 2643 3502 quidquam
2668 3435 2964 3501 dividitur;
2992 3436 3088 3490 sed
3115 3439 3466 3494 uniformiter
3539 3435 3549 3446 “

1880 3528 2003 3566 eum
2034 3530 2119 3580 ea,
2162 3527 2326 3588 atque
2373 3521 2426 3575 in
2472 3538 2537 3577 ea
2567 3524 2773 3580 dilucet
2813 3535 2974 3596 atque
3021 3529 3287 3583 noscitur.
3332 3529 3464 3595 Quae

1880 3601 2047 3670 igitur
2073 3604 2215 3659 ratio
2243 3616 2302 3661 ut
2323 3607 2375 3661 id
2401 3624 2510 3663 non
2538 3627 2894 3667 numeremus
2919 3614 3064 3681 quod
3092 3623 3288 3668 natura
3320 3615 3462 3669 inest

1880 3700 2088 3748 natura:
2136 3694 2368 3767 (nempe
2417 3701 2790 3772 voluntatem)
2838 3722 3011 3774 eaque
3067 3708 3298 3771 ratione,
3347 3709 3461 3762 Deo

1878 3771 2060 3837 Verbo
2108 3783 2408 3860 incarnato,
2445 3793 2639 3864 majori
2679 3795 2890 3850 scilicet
2922 3798 3070 3850 omni
3119 3798 3463 3868 perfectione

1879 3872 2040 3943 eique
2074 3879 2361 3946 anteriori,
2405 3891 2468 3936 ut
2494 3900 2596 3940 nec
2639 3886 2804 3942 homo
2834 3887 3117 3957 perfectus
3149 3890 3220 3944 sit
3255 3889 3464 3944 tribua-

1882 3981 2035 4033 mus;
2087 3984 2402 4040 quanquam
2456 3977 2702 4032 omninm
2762 3981 3025 4050 perinde,
3083 3999 3206 4052 qua:
3253 3992 3464 4039 natura:

1879 4066 2029 4121 sunt,
2076 4071 2276 4118 nostra:
2325 4066 2518 4122 salutis
2565 4083 2749 4133 causa,
2793 4087 2892 4141 per
2939 4073 3268 4128 indivulsam
3304 4073 3466 4128 unio—

1879 4164 2025 4214 nem,
2055 4167 2324 4224 propensa
2359 4158 2532 4214 Patris
2573 4162 2851 4218 voluntate
2896 4179 2961 4219 ac
3007 4164 3243 4234 Spiritus
3287 4165 3463 4219 sancti

1881 4244 2287 4310 cooperatione,
2334 4252 2727 4306 commercium
2778 4253 2932 4319 iniit;
2977 4256 3057 4309 uti
3099 4257 3258 4325 plane
3295 4256 3463 4309 etiam

204 4330 381 4400 ipsius
428 4332 672 4402 perfecte
711 4337 1156 4392 communionem
1203 4347 1436 4398 naturae,
1483 4351 1595 4391 uno
1641 4335 1904 4390 duntaxat
1926 4344 2156 4406 excepto
2184 4347 2432 4407 peccat-0,
2497 4340 2644 4408 quod
2689 4339 2868 4410 ipsum
2931 4359 3001 4398 ne
3071 4350 3280 4398 natura:
3328 4343 3455 4412 qui—

206 4424 335 4479 dem
381 4426 637 4490 attinens,
681 4428 848 4482 animi
883 4428 1178 4484 voluntatis
1222 4429 1548 4498 arbitriique
1592 4438 1781 4483 contra
1821 4429 2087 4482 rationem
2124 4429 2409 4500 legemque
2455 4441 2665 4488 natura:
2713 4435 2882 4502 moti,
2949 4438 3224 4494 exerratio
3290 4447 3456 4506 atque

208 4516 397 4586 lapsus
428 4519 662 4574 exsistit.

275 4607 387 4660 Καί
427 4625 516 4676 μοι
549 4607 777 4670 δεόντως
825 4607 1061 4676 μάλιστα
1091 4605 1276 4659 τούτου
1305 4623 1368 4676 γε
1396 4607 1557 4678 χάριν
1593 4606 1621 4659 ό
1652 4606 1778 4678 λεχη

1946 4609 2190 4680 Mihique
2239 4611 2507 4675 maxime,
2559 4610 2678 4682 ejus
2713 4610 2792 4665 rei
2841 4608 3016 4680 gratia
3064 4605 3460 4662 convenienter

200 4696 317 4759 θεὶς
345 4697 647 4767 ἐπιστήσας
681 4696 934 4765 φαίνεται
993 4685 1249 4767 μόναχδς,
1307 4696 1401 4750 τοῦ
1452 4695 1684 4768 φυσικοῦ
1716 4695 1776 4750 τὸ

1886 4683 2177 4759 advertisse
2217 4703 2456 4766 videtur,
2495 4702 2800 4758 monachus
2839 4702 2951 4764 ille,
3002 4701 3160 4771 cujus
3208 4695 3459 4760 memini,

198 4790 484 4860 γνωμικὸν
513 4789 819 4852 διαστείλας
856 4789 1184 4859 θελήματος.
1213 4789 1287 4842 Τὸ
1336 4789 1435 4860 μὲν
1472 4787 1777 4859 γὰρ,,κατὰ

197 4882 293 4936 τὸν
317 4881 483 4935 αὑτοῦ
513 4881 694 4944 καλῶς
727 4881 920 4950 ἔχοντα
971 4879 1222 4950 ὁρισμὸν,
1257 4880 1497 4950 Δύναμις
1542 4881 1778 4950 ὑπάρχει

1879 4799 2008 4857 dum
2041 4798 2213 4854 animi
2256 4799 2628 4864 voluntatem,
2676 4796 3078 4866 arbitriumque
3122 4801 3192 4849 ac‘
3234 4799 3460 4847 semen-

1881 4892 2041 4956 tiam,
2091 4891 2400 4959 anaturali
2451 4890 2737 4946 voluntate
2781 4889 3050 4944 distinxit.
3102 4886 3228 4942 llaec
3261 4886 3461 4964 enim,

197 4973 295 5026 τοῦ
324 4974 465 5027 κατὰ.
487 4973 648 5041 φύσιν
681 4973 838 5037 όντος
872 4975 1154 5046 ὀρεκτική.
1196 4975 1311 5027 Πᾶν
1361 4974 1469 5045 γὰρ
1515 4974 1568 5026 εἴ
1591 4991 1644 5027 τι
1669 4973 1778 5026 τῶν

1886 4983 2028 5054 juxta
2074 4998 2218 5050 eam,
2273 4997 2434 5053 quam
2489 4981 2594 5036 rite
2636 4980 2884 5044 tradidit,
2935 4978 3333 5040 definitionem,
3365 4977 3464 5033 Vis

198 5067 374 5120 ὄντων
400 5068 493 5120 καὶ
531 5068 766 5137 μάλιστα
789 5067 1046 5136 λογικῶν,
1087 5067 1331 5138 φυσικῶς
1360 5067 1455 5120 τοῦ
1500 5067 1641 5120 κατά
1679 5064 1780 5136 (εύ-

204 5175 292 5210 σιν
317 5158 470 5220 ὄντος
501 5158 790 5229 ὀρέγεται,
885 5160 980 5213 καὶ
1007 5158 1199 5214 τούτου
1244 5160 1397 5231 παρὰ
1431 5157 1567 5212 Θεοῦ
1613 5157 1780 5212 λαϐὸν

205 5251 332 5304 κατ’
370 5249 561 5304 οὐσίαν
612 5250 726 5321 ἔχει
765 5251 866 5322 τὴν
901 5251 1152 5322 δύναμιν,
1196 5252 1331 5322 πρὸς
1388 5251 1648 5305 σύστασιν
1680 5249 1780 5320 τὴν

206 5339 430 5394 ἑαυτοῦ.
473 5341 535 5394 El
564 5340 674 5412 γὰρ
719 5343 814 5395 τοῦ
856 5342 999 5396 κατὰ
1037 5342 1196 5410 φύσιν
1224 5342 1379 5406 ὄντος
1409 5342 1509 5395 οὐκ
1539 5340 1653 5410 ἔχει
1683 5339 1780 5410 τὴν

203 5429 408 5500 ὄρεξιν,
438 5430 528 5485 τοῦ
561 5431 823 5502 μηδαμῶς
848 5431 1020 5497 ὄντος,
1049 5431 1210 5484 πόθεν
1235 5431 1328 5485 καὶ
1357 5430 1497 5494 πῶς,
1535 5427 1781 5500 μηδόλως

207 5523 507 5595 ὕπαρξινῆ
551 5524 768 5594 κίνησιν
801 5523 1051 5594 ἔχοντος;
1092 5523 1269 5578 Μόνον
1319 5522 1429 5594 γὰρ
1458 5521 1688 5592 ἀδρανὲς
1721 5519 1782 5572 τὸ

209 5619 286 5688 μὴ
317 5617 377 5671 ὃν
402 5617 494 5671 καὶ¹
520 5617 801 5671 ἀνοὺσιονο
852 5616 946 5671 καὶ
981 5616 1233 5687 οὐδαμῶς
1265 5616 1386 5670 οὑδὲ
1443 5613 1544 5686 μία
1589 5612 1780 5667 τούτου

204 5707 438 5778 δύναμις
463 5710 520 5762 ὲν
548 5711 658 5771 τοῖς
686 5705 838 5764 οὖσιν
871 5709 1126 5779 ὑπάρχει,
1150 5707 1244 5762 καὶ
1272 5707 1505 5777 κίνησις.
1537 5705 1611 5759 Τὸ
1674 5703 1730 5756 δὲ
1765 5743 1782 5770 ,

207 5802 538 5874 αὐθαίρετος
567 5803 714 5874 ὁρμὴ
746 5803 1082 5873 καθέστηκε,
1103 5799 1198 5864 τὰς
1230 5799 1315 5870 ἐφ’
1346 5799 1580 5869 ἑκάτερα
1611 5816 1764 5852 ποιου

215 5897 355 5967 μένη
387 5897 812 5969 παρεκτροπὰς·
865 5895 961 5950 καὶ
1014 5895 1074 5950 οὑ
1115 5892 1332 5964 φύσεως
1373 5891 1614 5963 ὑπάρχον
1649 5893 1774 5962 dupo-

1880 5082 1984 5136 est,
2015 5073 2134 5144 ejus
2165 5082 2448 5143 appetens,
2476 5072 2624 5142 quod
2656 5080 2741 5128 est
2773 5069 3079 5127 secundum
3306 5075 3466 5120 natu.

1883 5182 2021 5220 ram.
2073 5164 2351 5234 Quidquid
2407 5165 2554 5220 enim
2607 5180 2793 5224 rerum
2841 5178 3072 5232 nsquam
3118 5167 3221 5222 est,
3269 5173 3462 5213 carum

1885 5257 2117 5310 maxime
2139 5271 2262 5325 qua:
2286 5257 2496 5311 ratione
2522 5264 2772 5320 utuntur,
2798 5254 2848 5308 id
2883 5253 3027 5322 quod
3057 5260 3141 5305 est
3166 5266 3233 5304 ex
3268 5260 3464 5305 natura

1883 5345 2111 5416 appetit,
2143 5346 2370 5416 ejusque
2400 5346 2687 5414 appetendi
2718 5345 2828 5398 vim
2859 5341 3226 5398 essentialiter
3256 5355 3286 5394 a
3328 5339 3464 5404 Deo,

1884 5452 1996 5508 quo
2027 5437 2105 5492 illi
2144 5436 2453 5492 substantia
2484 5451 2604 5502 sua,
2639 5451 2702 5490 ac
2736 5433 2884 5504 quod
2922 5441 3026 5497 est,
3059 5431 3332 5486 incolume
3368 5430 3465 5495 sit,

1885 5530 2115 5585 inditam
2149 5529 2380 5599 accepit.
2411 5527 2527 5582 Nisi
2568 5525 2714 5581 enim
2753 5526 2874 5595 ejus
2898 5523 3043 5594 quod
3069 5539 3137 5577 ex
3161 5531 3352 5576 natura
3379 5530 3471 5576 est

1887 5621 2280 5692 appetitionem
2329 5619 2515 5685 habet,
2550 5617 2716 5681 unde,
2757 5632 2934 5687 quove
2968 5615 3134 5670 modo
3171 5616 3290 5700 ejus
3317 5614 3467 5684 quod

1888 5729 1996 5768 non
2039 5724 2142 5778 est,
2175 5711 2340 5782 atque
2370 5710 2507 5765 nihil
2543 5718 2648 5774 est,
2678 5709 2897 5771 habeat,
2933 5708 3082 5778 quod
3112 5707 3262 5762 omni
3309 5723 3467 5778 pror-

1888 5821 1984 5861 sus
2026 5803 2265 5861 essentia
2314 5808 2577 5872 motnque
2613 5801 2831 5857 careat?
2870 5799 3058 5856 Solum
3102 5799 3250 5855 enim
3295 5799 3472 5854 imbe-

1889 5899 2011 5953 cille
2048 5906 2159 5962 est,
2209 5896 2355 5968 quod
2399 5911 2468 5951 ne
2514 5903 2598 5952 est
2637 5893 2891 5967 quidem,
2936 5892 3198 5964 omnique
3230 5891 3468 5981 essentia
