3952 6550
497 373 634 441 1127

1754 380 2138 443 EUTHYMII
2177 381 2544 444 ZlGABENl

3633 381 3753 448 1128

499 516 684 574 caret;
716 522 820 563 nec
846 509 955 563 ulla
986 523 1212 578 prorsus
1241 508 1358 578 ejus
1389 505 1445 562 in
1477 507 1646 562 rebus
1674 508 1758 563 vis
1790 518 2080 581 motusque

2185 516 2448 587 ριστικδν,
2484 515 2619 569 ἀλλὰ
2654 514 2951 587 προσώπου
2991 516 3203 587 κυρίως
3234 515 3331 570 καὶ
3381 514 3741 578 ὑποστάσεως.

499 608 604 655 est.
639 600 765 656 Haec
803 617 968 671 porro
1013 601 1185 656 libera
1214 600 1543 671 arbitriique
1574 601 1839 672 appetitio
1880 612 1984 667 est,
2024 603 2079 657 in

503 700 797 761 utrumque
841 690 1117 747 declinare
1162 702 1455 762 praestans;
1492 695 1650 763 cujus
1697 694 1940 748 muneris
1973 702 2078 759 est,

501 797 613 837 non
652 792 711 837 ut
745 794 1019 851 naturam,
1056 786 1151 842 sed
1196 797 1257 842 ut
1294 803 1605 859 personam.
1633 803 1697 842 ac
1745 787 2081 858 hypostasim

503 876 722 945 proprie
771 877 1068 933 discernat.
1118 878 1231 945 Qua
1279 896 1337 935 re
1378 889 1698 951 perspecta,
1738 880 1948 935 divisus
1992 880 2083 935 ille

504 967 853 1039 hominisque
897 969 1076 1025 cultor
1116 971 1437 1038 Nestorius,
1486 972 1654 1027 animi
1699 973 2082 1038 voluntatum,

503 1074 602 1113 seu
647 1062 1046 1117 sententiarum
1090 1064 1350 1118 unionem
1381 1064 1545 1135 impie
1587 1064 1794 1129 docuit,
1824 1073 1885 1119 ut
1913 1066 2086 1120 altera

504 1152 729 1208 alteram
777 1155 1186 1213 subsistentiam
1227 1173 1625 1229 personamque
1658 1166 1951 1225 astrueret,
1980 1176 2087 1213 nu-

504 1244 716 1314 dusque
753 1247 831 1301 illi
866 1248 1032 1303 homo
1059 1258 1367 1315 constaret;
1412 1266 1609 1320 nempe
1640 1251 1807 1305 animi
1852 1251 2086 1321 quadam

504 1336 786 1391 voluntate
834 1354 896 1393 ac
941 1341 1230 1404 sententia,
1283 1348 1544 1409 motuque
1588 1342 1763 1396 libero
1813 1342 1869 1396 in
1916 1344 2088 1397 Deum

505 1414 769 1492 Verbum,
798 1428 875 1481 uti
908 1429 1023 1499 ipse
1048 1429 1312 1499 loquitur,
1342 1430 1571 1485 conﬂata
1600 1432 1837 1499 unione;
1862 1448 1929 1488 ex
1959 1448 2086 1502 qua,

508 1520 757 1573 eamdem
807 1521 1021 1575 consilii
1071 1537 1135 1577 ac
1185 1523 1485 1578 voluntatis
1534 1522 1824 1589 rationem,
1874 1540 1970 1579 seu
2009 1529 2091 1596 (ut

508 1610 696 1664 verius
729 1612 1007 1682 magisque
1042 1614 1263 1684 proprie
1309 1614 1525 1685 loquar)
1562 1616 1943 1686 multiplicem,
1978 1627 2093 1671 sta~

2183 606 2291 660 Καὶ
2315 605 2475 659 τοῦτό
2515 623 2579 675 γε
2616 606 2870 675 διαγνοὺς
2902 606 2930 660 ὁ
2978 604 3310 677 διῃρημένος
3348 603 3445 657 καὶ
3471 601 3747 674 ἀνθρωπορ

2181 698 2392 771 λάτρης
2420 698 2741 769 Νεστόριος,
2772 697 3011 768 γνωμῶν
3039 698 3234 752 ἕνωσιν
3278 696 3493 761 ἀσεϐῶς
3529 696 3750 767 ἐδογμά-

2182 807 2333 846 τισεν
2358 805 2374 823 ·
2416 789 2484 844 ἶν’
2515 789 2788 858 ἑκατέραν
2830 786 2895 841 δι’
2921 787 3192 858 ἑκατέρας
3232 787 3536 841 ὑπόστασιν
3569 787 3751 839 ἐπικυ-

2190 883 2360 955 ρώσῃ,
2389 883 2484 938 καὶ⁸
2511 884 2540 937 ὁ
2581 880 2738 952 ψιλὸς
2784 881 3073 951 ἄνθρωπος
3104 878 3255 950 αὑτῷ
3280 879 3524 951 τηρηθῇ,
3567 880 3750 951 γνώμῃ

2183 978 2292 1030 τινὶ
2322 977 2416 1029 καὶ
2446 974 2755 1046 αὐθαιρέτῳ
2781 974 2997 1043 κινήσει
3018 975 3083 1044 τῇ
3114 972 3253 1044 πρὸς
3278 972 3369 1026 τὸν
3400 971 3541 1025 Θεὸν
3568 971 3749 1039 Λόγον,

2185 1068 2262 1132 ὡς
2295 1067 2456 1131 αὑτός
2490 1082 2646 1137 φησι,
2680 1065 2782 1135 τὴν
2809 1064 3004 1118 ἕνωσιν
3043 1063 3433 1134 ποιησάμενος,
3470 1062 3532 1125 ἑξ
3577 1056 3645 1134 ἧς
3670 1063 3753 1116 καὶ

2186 1159 2284 1231 τὴν
2310 1156 2698 1213 ταυτοὸουλίαν
2725 1156 3064 1227 συνίστησιν,
3099 1154 3133 1225 ἢ
3177 1153 3564 1217 πολυϐουλίαν,
3592 1155 3753 1206 είπεῖν

2188 1252 2551 1320 οίκειότερον·
2581 1250 2692 1320 ὅσῳ
2732 1248 2826 1301 καὶ
2874 1246 2995 1301 καθ’
3047 1246 3283 1317 ἑκάστην
3327 1245 3423 1299 τοῦ
3485 1245 3752 1315 γνωμικοῦ

2190 1344 2498 1414 θελήματος
2539 1341 2778 1410 κίνησιν,
2828 1341 2969 1393 κατά
2999 1340 3164 1409 μέρος
3204 1339 3269 1392 ὲκ
3298 1338 3409 1391 τῶν
3430 1337 3647 1392 ἀτελῶν
3675 1338 3753 1390 ἐπὶ

2190 1436 2259 1490 τά
2296 1435 2486 1505 ἐντελῆ
2529 1436 2652 1488 κατ’
2683 1433 2846 1488 αὑτὸν
2880 1434 3042 1493 ἵεται,
3100 1432 3377 1503 φερομένη
3406 1448 3471 1484 τε
3500 1431 3601 1484 καὶ
3638 1448 3755 1497 προσ

2192 1526 2471 1580 κόπτουσα
2493 1542 2506 1557 ⁶
2540 1525 2657 1580 ἀλλ’
2692 1524 2791 1578 οὐκ
2826 1524 2889 1588 ἐξ
2915 1523 3088 1593 αὐτῆς
3111 1525 3211 1593 τῆς
3249 1522 3536 1592 ἀφράστου
3574 1519 3753 1589 συλλή·

2191 1618 2359 1689 ψεως,
2386 1618 2515 1689 ὅλης
2548 1617 2766 1680 τελείως
2795 1616 2937 1687 μετά
2964 1616 3073 1669 τῶν
3096 1616 3266 1685 αὐτῆς
3296 1615 3577 1676 ἁπάντων,
3630 1611 3754 1682 πρὸς

511 1701 642 1765 tuit;
693 1713 896 1772 quanto
961 1704 1127 1758 etiam
1196 1705 1428 1776 singulis
1478 1707 1743 1776 paulatim
1793 1708 2085 1764 voluntatis

2193 1710 2322 1782 ὅλην
2361 1712 2456 1764 καὶ
2482 1710 2551 1763 τά
2588 1709 2710 1762 κατ’
2739 1707 2908 1779 αὐτὴν
2941 1707 3177 1769 ἅπαντα,
3207 1705 3305 1779 τὴν
3348 1704 3629 1775 ἡμετέραν
3666 1701 3753 1771 φύ-

510 1794 679 1848 animi
733 1796 1004 1862 motibus,
1049 1813 1117 1852 ex
1166 1797 1501 1868 imperfectis
1547 1800 1614 1854 ad
1660 1800 1923 1870 perfecta,
1970 1810 2085 1855 ten-

2196 1818 2281 1854 σιν
2321 1804 2422 1871 τῆς
2452 1800 2544 1854 τοῦ
2599 1800 2773 1867 Λόγου
2811 1799 3084 1870 θεότητος,
3133 1798 3257 1852 καθ’
3300 1796 3602 1851 ὑπόστασιν
3635 1795 3754 1863 μίαν

511 1886 691 1941 dendo
736 1902 799 1941 ac
846 1889 1206 1958 proﬁciendo,
1255 1899 1315 1944 ut
1348 1890 1439 1945 ille
1485 1893 1761 1961 opinatur,
1810 1894 2085 1962 procedit;

2201 1892 2296 1945 καὶ
2319 1890 2417 1961 τὴν
2450 1890 2620 1960 αὐτὴν
2645 1888 2959 1957 ὲνωθείσης.

511 1995 622 2035 non
657 1982 812 2051 quasi
844 1998 911 2037 ex
959 1984 1097 2054 ipsa,
1142 1976 1332 2041 'nullis
1390 1986 1574 2043 verbis
1610 1987 1917 2057 explicabili
1964 1986 2345 2056 conceptione,
2386 1991 2500 2039 tota
2547 1982 2791 2053 perfecte
2834 1996 2958 2035 cum
3006 1978 3119 2034 suis
3160 1976 3443 2041 omnibus,
3481 1990 3605 2030 cum
3654 1981 3754 2027 tota

510 2075 737 2144 ejusque
782 2076 1040 2131 omnibus
1088 2086 1286 2131 natura
1334 2086 1517 2132 nostra
1554 2120 1569 2145 ,
1618 2094 1788 2148 penes
1828 2096 1990 2133 unam
2018 2079 2377 2149 eamdemque
2441 2074 2850 2132 subsistentiam
2902 2086 2968 2127 ac
3028 2084 3355 2141 personam,
3394 2068 3564 2123 Verbi
3594 2066 3755 2121 deitas

512 2166 667 2220 unita
711 2168 801 2221 sit.

583 2258 651 2315 Ut
692 2259 893 2330 igitur,
929 2277 1092 2331 quem
1128 2262 1279 2328 dixi,
1330 2264 1670 2327 monachus,
1723 2273 1839 2319 tum
1884 2276 2095 2319 naturae

513 2351 906 2422 perfectionem
956 2353 1011 2406 in
1060 2355 1174 2408 Deo
1222 2354 1504 2409 incarnato
1554 2364 1745 2409 exacte
1794 2364 2092 2420 statueret,

514 2451 633 2497 tum
667 2443 1111 2499 contrarietatem
1142 2446 1482 2513 excluderet;
1518 2447 1755 2501 naturali
1786 2448 1842 2500 in
1872 2462 1938 2501 eo
1965 2462 2094 2501 con-

516 2543 710 2599 stituta
754 2541 1057 2606 voluntate,
1090 2540 1439 2596 arbitrariam
1471 2540 1781 2611 dispunxit;
1812 2547 1872 2593 ut
1917 2554 2095 2609 neque

516 2631 770 2685 divisioni
802 2631 1004 2695 locum,
1036 2634 1379 2685 voluntatum
1424 2630 1479 2684 in
1516 2646 1583 2684 eo
1609 2631 1890 2692 conﬂictu,
1919 2629 2094 2695 daret,

2281 2263 2368 2326 Ὧς
2402 2261 2469 2315 ἂν
2502 2260 2683 2313 τοίνυν
2711 2259 2805 2312 καὶ
2836 2256 2897 2311 τὸ
2931 2255 3144 2319 ἐντελὲς
3169 2251 3513 2327 διακριϐὡσῃ
3541 2252 3639 2321 τῆς
3664 2250 3755 2319 φύ-

2201 2372 2338 2417 σεως
2380 2353 2473 2406 ἐπὶ
2510 2351 2605 2405 τοῦ
2643 2349 3022 2420 σαρκωθέντος
3050 2346 3208 2411 Θεοῦ,
3245 2348 3341 2400 καὶ
3370 2346 3433 2399 τὺ
3460 2344 3753 2413 ἀντικείμε-

2196 2463 2286 2499 νον
2312 2444 2575 2516 διαρρίψῃ
2620 2445 2648 2496 ὁ
2683 2442 2893 2513 λεχθεὶς
2946 2440 3209 2511 μοναχόςο
3272 2438 3334 2492 τὸ
3390 2439 3492 2505 μὲν
3546 2432 3752 2506 φυσικὸν

2190 2540 2391 2613 ὥρισεν
2424 2539 2512 2592 ἐπ’
2539 2539 2708 2593 αὐτοῦ
2734 2555 2751 2572 ⁸
2802 2537 2864 2592 τὸ
2891 2537 2952 2591 δὲ
2993 2538 3273 2610 γνωμικὸν
3307 2539 3641 2612 ἀποδιὼρισε
3674 2541 3747 2595 θέο

2189 2635 2359 2707 λημα,
2399 2632 2537 2704 μήτε
2570 2634 2638 2704 τῇ
2666 2632 2931 2703 διαιρέσει
2977 2631 3164 2705 χώραν
3187 2631 3311 2695 δοὺς
3333 2632 3414 2702 τῷ
3447 2635 3745 2697 στασιάζειν

514 2738 693 2791 neque
730 2722 946 2776 inanem
999 2723 1235 2791 speciem
1279 2723 1591 2792 nudamque
1636 2721 1952 2792 imaginem,
1998 2736 2085 2790 pel

2189 2726 2246 2777 ιν
2275 2724 2475 2795 τούτῳ,
2529 2723 2671 2793 μήτε
2705 2724 2771 2794 τῇ
2807 2722 3079 2795 φαντασίᾳ
3131 2723 3516 2793 παρείσδυσιν,
3558 2724 3635 2793 τῷ
3681 2724 3743 2793 μὴ

514 2814 815 2867 absentiam
858 2815 1006 2868 illius
1033 2823 1353 2869 arcesseret.
1382 2814 1477 2869 Sin
1506 2823 1689 2868 autem
1715 2813 1839 2882 quis
1868 2811 2085 2866 forsitan

2192 2816 2455 2887 ὑπάρχειν
2484 2816 2679 2869 έκεῖνο.
2717 2814 2779 2867 El
2803 2814 2859 2867 δέ
2883 2832 2966 2876 τις
2990 2813 3154 2884 τυχὸν
3188 2814 3554 2885 ἰσχυρίζεται,
3590 2814 3661 2885 μὴ
3688 2814 3743 2866 ἂν

516 2900 767 2964 afﬁrmet,
797 2900 913 2955 ﬁeri
956 2917 1067 2954 non
1100 2917 1260 2970 posse
1294 2911 1351 2955 ut
1382 2902 1542 2956 aliter
1568 2901 1689 2955 dua:
1718 2901 1774 2955 in
1804 2916 1871 2955 eo
1903 2900 2095 2955 dican-

517 3000 606 3041 tur
640 2988 971 3050 Voluntates,
1008 3006 1167 3058 quam
1200 3006 1297 3059 per
1322 2990 1766 3045 contrarietatem
1796 3005 1892 3044 seu
1921 3004 2095 3059 oppo-

2188 2906 2363 2969 ἄλλως
2392 2906 2478 2958 ἐπ’
2510 2903 2675 2958 αὑτοῦ
2700 2903 2947 2964 δυνατὸν,
2991 2903 3025 2973 ἢ
3065 2903 3189 2956 κατ’
3223 2902 3546 2956 ἐναντίωσιν
3581 2905 3649 2956 τὰ
3668 2902 3747 2957 δύο

2190 2996 2470 3066 θελήματα
2500 2993 2754 3062 λέγεσθαι
2776 3009 2790 3022 °
2830 2994 2878 3045 εἰ
2918 2992 3018 3063 μὲν
3048 2991 3124 3055 ὡς
3155 2991 3276 3045 κατ’
3297 2991 3488 3045 οὐσίαν
3510 2992 3744 3061 διάφορα,

513 3080 804 3145 sitionem;
848 3080 1121 3151 siquidem
1167 3082 1240 3135 ita
1290 3082 1579 3152 intelligat,
1628 3091 1686 3135 ut
1731 3082 2085 3137 essentialitet

2187 3087 2341 3155 κάγὼ
2359 3086 2607 3157 δέχομαι,
2640 3087 2689 3137 εί
2719 3083 2777 3137 δὲ
2800 3084 2875 3147 ὡς
2899 3083 3274 3154 ἀντικείμενα,
3304 3082 3512 3153 ψευδὴς
3535 3086 3565 3134 ὁ
3582 3083 3744 3151 λόγος.

512 3171 760 3225 diversas
790 3181 953 3240 atque
1000 3172 1288 3228 distinctas
1332 3176 1485 3239 velit,
1517 3190 1619 3228 nec
1662 3190 1763 3244 ego
1809 3190 1928 3229 eam
1968 3173 2085 3228 infi-

2188 3179 2261 3232 Οὐ
2297 3177 2405 3247 γάρ
2437 3177 2490 3229 εί
2512 3195 2565 3230 τι
2595 3176 2852 3246 διάφορον
2879 3176 3100 3236 πάντως
3143 3175 3240 3227 καὶ
3262 3174 3661 3243 ἀντικείμενον.
3682 3172 3743 3224 Τδ

513 3262 660 3328 cias;
696 3264 780 3316 sin
828 3274 1009 3318 autem
1058 3265 1365 3318 contrarias
1410 3274 1466 3319 et
1494 3281 1615 3334 quae
1647 3266 1791 3320 inter
1837 3280 1895 3319 sc
1930 3264 2095 3319 dissi-

514 3353 699 3415 deant,
735 3353 929 3407 falsum
972 3363 1055 3409 est
1085 3356 1228 3424 quod
1273 3356 1497 3410 dicitur.
1530 3356 1651 3410 Non
1682 3357 1830 3411 enim
1874 3358 1919 3412 si
1961 3359 2093 3427 quid

512 3444 834 3498 distinctum
863 3461 925 3500 ac
954 3446 1255 3511 diversum,
1290 3448 1513 3502 omnino
1542 3449 1707 3503 etiam
1756 3450 2093 3505 contrarium

509 3546 595 3589 est
639 3544 802 3605 atque
850 3537 1160 3593 adversum.
1192 3540 1501 3595 Adversum
1547 3542 1818 3611 siquidem
1853 3558 1917 3597 ac
1960 3559 2094 3597 con-

512 3628 767 3693 trarium,
824 3630 993 3683 animi
1039 3632 1340 3686 voluntatis
1392 3641 1494 3698 est,
1550 3649 1613 3688 ac
1668 3635 1884 3688 arbitrii
1931 3636 2094 3688 aliter

509 3735 673 3787 quam
700 3735 767 3774 ex
791 3723 1004 3776 ratione
1024 3723 1190 3789 moti;
1216 3722 1496 3778 diversum
1531 3740 1664 3779 vero
1708 3741 1804 3780 seu
2009 3726 2094 3780 di-

509 3810 793 3878 stinctum,
824 3824 1054 3877 naturas,
1083 3830 1205 3884 qua:
1236 3815 1447 3870 ratione
1491 3826 1734 3886 regatur,
1765 3832 1905 3885 opus
1942 3817 2091 3871 exsi-

507 3904 605 3956 stit
631 3921 644 3957 :
672 3912 838 3973 atque
879 3906 1113 3958 alterum
1145 3907 1391 3975 quidem.
1429 3917 1679 3961 naturam
1716 3922 1896 3977 pugna
1937 3922 2091 3961 com-

2187 3270 2295 3341 γὰρ
2326 3269 2721 3340 ἀντικείμενον,
2757 3268 2983 3338 γνώμης
3010 3266 3334 3337 παραλόγως
3357 3265 3561 3335 δηλαδὴ
3585 3282 3746 3318 κινου-

2193 3362 2360 3435 μένης
2383 3378 2396 3391 ·
2432 3362 2495 3415 τὸ
2522 3361 2579 3414 δὲ
2615 3361 2897 3430 διάφορον,
2943 3357 3162 3427 φύσεως
3190 3357 3337 3426 λόγῳ
3376 3356 3746 3428 κρατουμένης

2188 3456 2349 3526 ἔργον
2376 3454 2683 3525 καθέστηκε
2701 3470 2715 3486 ο
2749 3454 2844 3506 καὶ
2870 3452 2931 3505 τὸ
2975 3451 3073 3521 μὲν
3098 3450 3312 3519 φύσεως
3350 3449 3741 3513 στασιαστικὸν,

2187 3549 2247 3601 τὸ
2271 3548 2327 3600 δὲ
2359 3546 2643 3617 προδήλως
2695 3543 3045 3598 συστατικόν.
3088 3539 3335 3611 Διαφορά
3373 3538 3749 3608 τοιγτοιγαροῦν

2186 3636 2474 3709 οὑσιώδης,
2507 3638 2586 3699 είς
2616 3634 2877 3688 σύστασιν
2894 3632 3001 3686 τῶν
3026 3633 3086 3684 ἐν
3114 3634 3179 3701 τῇ
3210 3630 3372 3698 φύσει
3416 3630 3743 3699 πραγμάτων

2187 3729 2357 3789 ἐστὶν,
2389 3729 2449 3781 οὐ
2484 3727 2559 3798 μὴ
2608 3725 2948 3787 ἐναντίωσις,
2997 3720 3179 3795 [ἀλλά]
3229 3719 3371 3791 πρὸς
3410 3718 3511 3788 τὴν
3558 3718 3742 3771 τούτων

2185 3819 2447 3873 διάλυσιν.
2484 3818 2556 3871 Οὐ
2595 3816 2703 3889 γὰρ
2742 3815 2856 3885 ἔχει
2885 3816 2919 3884 ἠ
2946 3814 3109 3883 φύσις
3136 3812 3199 3866 τὸ
3230 3810 3382 3884 παρὰ
3404 3809 3571 3879 φύσιν
3592 3825 3607 3839 ο
3640 3807 3742 3861 οὐδὲ

2186 3906 2345 3975 λόγος
2374 3906 2551 3969 οὐδεὶς
2580 3905 2675 3958 τοῦ
2709 3904 3121 3967 στασιάζοντος.

512 3990 713 4054 mittit;
758 3989 995 4041 alterum
1033 4004 1152 4042 eam
1200 3991 1378 4058 palam
1428 3993 1627 4044 confiat
1662 4006 1726 4045 ac
1777 3989 2084 4045 constituit.
2122 3994 2445 4050 Essentialis
2471 3996 2655 4067 itaque
2697 3999 3005 4056 differentia
3052 4020 3116 4059 ac
3157 4004 3463 4069 distinctio,
3529 4020 3596 4059 eo
3652 4013 3742 4068 est,

512 4090 571 4133 ut
600 4095 687 4134 res
712 4080 767 4133 in
792 4090 987 4136 natura
1050 4082 1352 4137 consistant
1392 4082 1611 4151 sintque
1671 4082 2007 4151 incolumes;
2045 4101 2153 4141 non
2191 4089 2270 4143 sic
2305 4092 2690 4159 contrarietas,
2723 4095 2816 4149 sed
2849 4102 2911 4148 ut
2947 4096 3315 4153 dissolvantur
3353 4113 3417 4152 ac
3463 4099 3744 4153 intereant.

508 4171 629 4225 Non
678 4172 827 4225 enim
869 4172 1035 4227 habet
1082 4184 1275 4228 natura
1324 4175 1469 4243 quod
1521 4185 1733 4229 naturae
1775 4176 2083 4234 rationibus
2119 4179 2409 4237 adversum
2452 4191 2565 4252 est;
2594 4200 2698 4241 nec
2757 4189 2879 4259 ejus
2903 4189 3051 4259 quod
3078 4190 3447 4246 tumultuatur
3504 4207 3570 4247 ac
3596 4191 3743 4248 dissi-

507 4260 620 4324 det,
650 4262 761 4316 ulla
789 4262 845 4315 in
877 4262 1040 4317 rebus
1066 4263 1203 4317 ratio
1228 4274 1329 4318 est.

582 4352 870 4419 Praeterea,
902 4355 947 4408 si
973 4353 1094 4408 duae
1120 4353 1432 4409 voluntates
1454 4352 1679 4408 omnino
1704 4354 1995 4409 contraria:
2018 4368 2081 4409 ac

506 4446 771 4517 Opposita:
794 4453 942 4509 sunt,
965 4446 1107 4500 unde
1132 4454 1217 4500 est
1242 4455 1300 4500 ut
1327 4461 1430 4499 nec
1461 4446 1514 4499 in
1544 4445 1765 4509 animis,
1796 4456 1992 4501 natura
2016 4463 2082 4503 ac

2261 4351 2476 4414 ’Δλλως
2511 4367 2595 4417 τε,
2637 4350 2687 4403 εί
2716 4349 2786 4403 τὰ
2818 4348 2913 4403 δύο
2942 4350 3224 4421 θελήματα
3273 4351 3494 4413 πάντως
3541 4351 3741 4405 ἐναντία

2184 4443 2281 4497 καὶ
2318 4443 2692 4514 ἀντικείμενα,
2732 4441 2853 4506 πῶς
2903 4443 2995 4496 ἐπί
3039 4460 3101 4495 τε
3148 4443 3258 4495 τῶν
3292 4442 3455 4511 φύσει
3492 4444 3584 4496 καὶ
3620 4445 3737 4496 ὑπο·

505 4554 737 4609 persona
772 4539 1045 4604 discretis,
1084 4538 1138 4592 id
1165 4540 1388 4592 omnino
1420 4554 1484 4592 ac
1512 4553 1739 4607 prorsus
1763 4538 2082 4609 contingat?

2186 4537 2373 4591 στάσει
2399 4535 2748 4607 διῃρημένων
2776 4535 3032 4602 λογικῶν,
3073 4534 3132 4588 οὐ
3162 4534 3321 4587 τοῦτο
3352 4537 3532 4607 πάντη
3565 4553 3620 4589 τε
3657 4536 3737 4587 καὶ

505 4634 622 4687 Etsi
671 4633 817 4686 enim
868 4632 1169 4686 arbitraria:
1223 4631 1502 4699 animique
1564 4630 1875 4685 voluntates
1928 4642 2080 4698 sunt,

505 4724 834 4794 quandoque
884 4724 991 4778 illis
1038 4724 1433 4787 consentimus,
1478 4723 1699 4792 Deoque
1743 4731 1799 4778 et
1852 4724 2080 4793 angelis,

508 4815 721 4883 ipsique
751 4815 844 4867 alii
873 4815 1023 4879 aliis;
1059 4830 1160 4868 nec
1204 4814 1410 4868 idcirco
1447 4815 1555 4883 jam
1585 4814 1829 4867 animum
1872 4815 1957 4868 sui
1986 4829 2079 4867 ar-

506 4905 748 4967 bitrum,
814 4906 1040 4975 ejusque
1098 4906 1434 4959 voluntatem
1499 4904 1803 4959 amisimus.
1872 4904 2080 4959 Horum

503 4998 649 5050 enim
685 4997 728 5050 si
754 4998 1024 5067 jacturam
1059 4996 1397 5059 fecissemus,
1429 4995 1620 5063 utique
1648 4995 1812 5049 etiam
1851 5009 2083 5050 concor-

503 5087 608 5142 diae
652 5102 775 5141 cum
806 5088 963 5153 aliis;
1009 5086 1253 5155 quandiu
1287 5087 1433 5141 enim
1478 5086 1627 5140 illius
1658 5095 1939 5155 compotes
1983 5102 2078 5140 su-

504 5196 646 5245 mus,
683 5181 850 5234 etiam
895 5179 998 5233 alia
1043 5194 1163 5247 qua:
1207 5177 1444 5231 volentis
1490 5177 1657 5231 animi
1707 5185 1837 5231 sunt
1885 5178 2079 5247 suique

503 5271 719 5336 arbitri,
764 5280 1034 5325 tenemus.
1068 5271 1204 5324 Cum
1253 5269 1368 5323 hzec
1402 5270 1571 5339 igitur
1614 5271 1694 5325 sic
1723 5285 1781 5325 se
1814 5270 2076 5336 habeant,

502 5378 606 5416 nec
652 5376 879 5429 usquam
916 5376 1095 5429 pugna
1148 5368 1443 5429 appareat,
1501 5361 1714 5414 tametsi
1771 5361 2079 5416 arbitrariae

501 5453 833 5513 voluntates,
894 5449 1211 5503 exsistentia
1268 5458 1430 5518 atque
1485 5464 1718 5503 numero
1773 5449 2079 5504 incolumes

501 5543 629 5606 sint,
663 5556 770 5611 qua
809 5539 1219 5595 necessitudine
1247 5539 1413 5593 animi
1445 5541 1617 5593 amice
1658 5541 2076 5608 consociantur;

501 5636 593 5702 qui
627 5633 705 5697 fit,
741 5640 803 5685 ut
835 5632 891 5686 in
924 5647 1031 5685 uno
1068 5632 1373 5701 eodemque
1419 5634 1530 5686 Deo
1553 5632 1733 5686 Verbo
1769 5633 2075 5698 incarnato,

502 5737 565 5774 ac
597 5721 837 5790 perfecte
869 5722 1043 5775 nostri
1077 5736 1239 5776 causa
1282 5720 1428 5775 facto
1462 5721 1702 5785 homine,
1736 5736 1855 5790 quaa
1898 5722 1948 5775 ei
1983 5736 2073 5776 cs-

2183 4630 2402 4692 πάντως
2418 4628 2727 4699 συμϐαίνει.
2747 4626 3081 4697 Συννεύομεν
3099 4627 3211 4696 γὰρ
3238 4626 3386 4679 ἐστιν
3412 4629 3505 4680 ὅτε
3525 4629 3733 4690 τούτοις,

2183 4720 2360 4775 καίτοι
2394 4722 2694 4789 γνωμικοῖς
2725 4715 2869 4783 οὖσι,
2910 4718 3003 4770 καὶ
3041 4716 3181 4786 Θεῷ,
3213 4721 3309 4771 καὶ
3349 4718 3624 4786 ἀγγέλοις,
3655 4720 3733 4771 καὶ

2182 4812 2453 4882 ἀλλήλοις,
2506 4810 2621 4863 ἀλλ’
2674 4810 2736 4862 οὑ
2771 4810 2861 4863 διά
2889 4807 3047 4862 τοῦτο
3073 4808 3177 4877 τῆς
3230 4807 3456 4877 γνώμης
3501 4811 3623 4881 ήδη,
3656 4810 3733 4861 καὶ

2181 4903 2274 4958 τοῦ
2314 4904 2435 4956 κατ’
2468 4902 2641 4972 αὐτὴν
2673 4901 3001 4973 θελήματος,
3037 4899 3524 4971 διαπεπτώκαμεν.
3556 4904 3617 4955 Et
3642 4902 3729 4971 γὰρ

2180 4994 2409 5059 τούτων,
2445 4996 2540 5048 καὶ
2580 4996 2678 5065 τῆς
2713 4995 2846 5065 πρὸς
2878 4995 3007 5057 τοὺς
3029 4992 3221 5056 ἄλλους
3263 4993 3511 5064 δηλονότι
3538 4993 3731 5047 συννεύ-

2183 5104 2342 5151 σεως,
2383 5086 2543 5157 εἴπερ
2600 5086 2706 5148 ἕως
2753 5084 2959 5154 ταύτην
3008 5084 3229 5155 ἔχομεν,
3285 5086 3381 5138 καὶ
3420 5088 3532 5139 τῶν
3580 5087 3730 5141 ἀλλων

2180 5178 2476 5249 γνωμικῶν
2531 5177 2897 5248 ἀντεχόμεθα.
2942 5177 3004 5229 Εί
3034 5175 3130 5230 οὖν
3168 5176 3404 5229 ἐνταῦθα
3444 5177 3620 5239 τοῦτο,
3654 5175 3730 5229 καὶ

2172 5268 2430 5339 ,οὐδαμῶς
2475 5268 2755 5334 ἀντίταξις
2814 5268 3139 5338 καθορᾶται,
3194 5267 3373 5320 καίτοι
3431 5266 3729 5335 σωζομένων

2183 5361 2415 5430 ὑπάρξει
2452 5377 2511 5412 τε
2552 5359 2647 5412 καὶ
2674 5358 2894 5430 ἀριθμῷ
2945 5359 3053 5411 τῶν
3084 5358 3381 5429 γνωμικῶν
3410 5357 3725 5427 θελημάτων,

2180 5454 2277 5505 καὶ
2298 5450 2397 5520 τὴν
2431 5448 2653 5519 φιλικὴν
2694 5449 2751 5501 ὲν
2806 5448 2988 5518 σχέσει
3021 5448 3298 5501 διάθεσινο
3347 5447 3468 5511 πῶς
3521 5449 3611 5499 ἐπὶ
3650 5442 3726 5499 τοῦ

2179 5540 2342 5595 αὐτοῦ
2361 5541 2455 5593 καὶ
2482 5539 2599 5603 ὲνδς
2627 5538 3006 5610 σαρκωθέντος
3027 5536 3161 5591 Θεοῦ
3184 5536 3381 5605 Λόγου,
3410 5538 3505 5590 καὶ
3530 5536 3725 5593 τελείως

2178 5630 2244 5684 δι’
2285 5633 2430 5702 ἡμᾶς
2462 5631 3003 5701 ὲνανθρωπήσαντες,
3039 5630 3099 5682 ὲν
3140 5630 3256 5691 τοῖς
3301 5628 3548 5697 φυσικῶς
3576 5640 3721 5697 προσ·

2178 5720 2327 5774 οὖσιν
2351 5720 2499 5790 αὐτῷ
2527 5722 2646 5773 κατ’
2677 5720 2867 5773 οὐσίαν
2900 5718 3548 5791 θελήμασιν,ὲναντίωσις
3570 5718 3714 5769 ἔσται.

501 5813 806 5869 scutialitcr
836 5823 1033 5871 natura
1061 5815 1373 5871 voluntates
1405 5814 1613 5881 insunt,
1650 5813 1937 5871 contrariae
1964 5813 2076 5869 sint

2185 5812 2303 5875 Πῶς
2329 5813 2385 5866 δὲ
2420 5812 2591 5867 ταῦτά
2621 5830 2784 5883 φασιν
2825 5811 3065 5879 ἐναντία,
3099 5810 3167 5865 δι’
3196 5813 3359 5866 αὐτόν
3385 5830 3446 5884 γε
3481 5812 3567 5865 τὸν
3584 5806 3717 5880 apte.
