3952 6548
287 395 431 463 1129

1232 395 1609 455 PANOPLIA
1651 394 2112 457 DOGMATICA.
2152 418 2223 432 -
2260 394 2406 455 ΤΙΤ.
2454 394 2607 454 XXI.

3399 388 3540 456 1130

293 536 416 605 μὸν,
448 533 483 604 ἢ
535 532 627 585 καὶ
658 530 728 583 δι’
751 528 884 583 αύτδ
915 526 971 582 τὸ
1001 527 1288 599 ὑπάρχειν.
1320 526 1383 580 Ei
1416 527 1514 596 μὲν
1558 526 1645 579 διὰ
1684 526 1859 590 τοῦτο,

1963 530 2127 591 atque
2153 522 2475 578 discordes?
2500 522 2620 589 Quo
2651 530 2833 577 autem
2861 521 3025 577 modo
3052 522 3361 577 contrarias
3388 536 3538 578 asse-

289 625 388 679 καὶ
419 626 517 693 τὴν
545 621 705 690 φύσιν
726 619 958 673 ἀνέλωσι
991 619 1088 687 τῆς
1118 616 1344 686 σαρκὸς,
1372 616 1761 685 ἀντικειμένην
1784 616 1865 686 τῷ

289 704 455 785 Λόγῳ
474 714 564 769 διὰ
590 712 691 784 τὴν
713 711 971 781 ὓπαρξιν.
1003 708 1193 777 Πολλῷ
1222 707 1333 776 γὰρ
1386 708 1757 777 ἰσχυρότερον,
1788 707 1862 771 ὼς

290 807 459 858 πᾶσιν
486 801 731 872 εὔδηλον,
761 802 842 864 είς
870 798 1168 863 ἀντίταξιν,
1191 797 1252 850 τὸ
1282 796 1664 867 ὑποκείμενον,
1693 797 1863 849 τοῦὲν

290 895 639 963 ὑποκειμένῳ
665 891 1024 962 καθέστηκεν.
1052 890 1114 943 El.
1131 889 1187 942 δὲ
1202 886 1290 941 διὰ
1312 887 1472 958 μόνον
1493 886 1583 938 τὸν
1605 886 1859 956 ἀριθμὸν,

290 986 386 1040 καὶ
413 984 600 1039 τούτου
634 983 733 1051 τας
758 980 949 1051 φύσεις
979 981 1221 1051 ἐρήμους
1273 979 1569 1049 ποιήσωσι,
1598 978 1692 1031 κα)⁵
1726 978 1861 1047 μηδὲ

290 1076 425 1147 μίαν
457 1074 639 1129 αὐτῶν
670 1072 1110 1144 ἀριθμείτωσαν;
1161 1069 1638 1141 παραιτείσθωσαν
1674 1070 1733 1124 δὲ
1766 1072 1860 1124 καὶ

290 1166 453 1219 πάλιν
488 1165 652 1220 αὐτὸν
687 1164 775 1218 διὰ
829 1162 930 1232 τὴν
976 1162 1146 1233 αὐτὴν
1178 1162 1381 1225 αἰτίαν,
1436 1162 1576 1215 κάπὶ
1618 1162 1729 1215 τῶν
1758 1163 1858 1233 τῆς

290 1257 422 1324 μιᾶς
459 1253 553 1307 καὶΙ
580 1254 818 1325 ἁνάρχου
855 1252 1123 1323 θεότητος
1157 1251 1328 1322 τριῶν
1370 1252 1743 1315 ύποστάσεων,
1772 1253 1858 1306 ἴνα

291 1346 369 1416 μὴ
397 1344 925 1419 κὰκείνηστασιάζη
956 1345 1095 1415 πρὸς
1116 1343 1341 1415 ἑαυτὴν,
1390 1344 1507 1397 ἀλλ’
1554 1344 1754 1407 ἄτοπόν
1791 1361 1855 1414 γε

286 1436 367 1507 τῷ
399 1436 569 1507 μηδὲν
605 1436 719 1490 ὄντι
745 1435 807 1489 τὸ
838 1435 1058 1489 σύνολον
1089 1475 1106 1501 ,
1211 1435 1312 1487 οῦκ
1359 1435 1536 1497 οὐσία,
1578 1436 1637 1488 ού
1682 1436 1854 1500 ποιὸν,

276 1531 389 1599 οὐκ
420 1528 548 1583 ἄλλο
574 1545 626 1581 τι
647 1527 753 1582 τῶν
779 1527 967 1594 ὄντων,
1003 1528 1155 1596 ἰσχὺν
1184 1527 1453 1595 τοσαύτην
1479 1527 1851 1598 ἀποκληροῦν·

287 1618 634 1691 ἀτοπώτερον
659 1614 737 1683 δὲ,
777 1618 874 1672 καὶ
900 1618 997 1687 τὴν
1030 1617 1265 1688 ὓπαρξιν
1296 1618 1467 1687 αὐτὴν
1496 1616 1591 1671 τοῦ
1623 1616 1855 1687 φυσικοῦ

289 1708 594 1780 Θελήματος
626 1708 928 1773 αἰτιᾶσθαι,
963 1707 1261 1762 κάντεῦθεν
1306 1708 1407 1777 τὴν
1449 1708 1727 1777 ἀναίρεσιν
1756 1708 1852 1761 αὺ-

284 1800 384 1855 ⁴τοῦ
428 1799 882 1865 κατασκευάζειν.
928 1799 1041 1852 Καὶ
1076 1798 1272 1861 ταῦτα,
1300 1798 1411 1852 τῶν
1462 1798 1642 1851 ἄλλων
1688 1801 1745 1852 ὲν
1786 1801 1853 1869 τῇ

1966 622 2115 676 runt,
2167 616 2386 669 numeri
2423 617 2658 680 ratione,
2704 631 2774 669 an
2806 624 2865 669 et
2909 616 3024 685 ipsa
3070 615 3433 669 exsistentia?
3461 617 3541 671 Ac

1964 704 2237 773 siquidem
2277 703 2421 758 hanc
2467 718 2687 759 causam
2734 704 2946 769 dicunt,
2974 703 3141 759 etiam
3169 704 3352 759 carnis
3380 714 3542 759 natu-

1967 811 2100 858 ram,
2128 810 2194 850 eo
2227 794 2632 864 quodexsistit,
2659 795 2838 849 Verbo
2879 795 3261 849 adversantem
3304 798 3543 849 sustule-

1966 886 2096 940 rint.
2131 886 2313 956 Longe
2346 885 2494 939 enim
2526 884 2610 953 (ut
2641 885 2815 938 cuivis
2851 885 3195 955 exploratum
3225 884 3329 955 est)
3368 886 3543 955 major

1964 975 2225 1030 contrarii
2274 974 2357 1028 vis
2401 974 2591 1037 ineo,
2641 974 2786 1042 quod
2840 975 3017 1043 ipsum
3063 974 3371 1044 subjectum
3421 986 3539 1040 est,

1938 1120 1941 1123 λ
1964 1082 2128 1137 quam
2156 1067 2304 1137 quod
2332 1068 2386 1122 in
2415 1067 2662 1137 subjecto
2688 1066 3066 1122 exsistentiam
3093 1066 3279 1123 habet.
3309 1067 3405 1122 Sin
3444 1083 3543 1122 au-

1967 1168 2076 1214 tem
2110 1160 2226 1214 sola
2258 1158 2476 1213 numeri
2521 1158 2662 1212 ratio
2688 1156 2875 1221 ollicit,
2902 1158 3047 1212 hanc
3089 1167 3145 1213 et
3172 1158 3388 1214 naturis
3421 1159 3541 1213 adi-

1970 1260 2140 1315 mant,
2185 1258 2549 1319 neutramque
2581 1264 2774 1306 eorum
2824 1249 2880 1303 in
2913 1264 3174 1304 numeros
3202 1259 3407 1319 ponant
3439 1267 3451 1302 :
3477 1264 3544 1304 ac

1970 1357 2165 1398 rursus
2213 1342 2391 1411 ipsum
2436 1342 2508 1396 ob
2548 1342 2797 1398 eamdem
2832 1356 3073 1406 causam,
3119 1356 3224 1397 nec
3263 1343 3319 1396 iu
3364 1341 3544 1396 tribus

1970 1435 2133 1490 unius
2172 1442 2498 1503 aeternaeque
2526 1434 2755 1489 Deitatis
2786 1434 3061 1504 personis,
3092 1448 3163 1488 ne
3197 1442 3254 1487 et
3295 1434 3384 1488 illa
3426 1433 3544 1503 ipsa

1967 1540 2154 1581 secum
2184 1524 2467 1589 dissideat,
2497 1525 2811 1580 admittant.
2844 1528 2913 1581 At
2948 1539 3078 1580 sane
3111 1525 3434 1588 absurdum,
3464 1526 3539 1589 ei,

1938 1616 2060 1687 .qui
2092 1615 2231 1670 nihil
2263 1630 2488 1684 prorsus
2513 1615 2605 1681 sit,
2637 1630 2748 1669 non
2786 1615 3110 1680 substantia,
3145 1630 3256 1671 non
3283 1615 3540 1685 qualitas,

1954 1724 2076 1763 non
2118 1707 2269 1762 aliud
2300 1708 2432 1776 quid
2464 1722 2657 1762 eorum
2687 1706 2890 1776 quibus
2931 1723 3118 1762 rerum
3164 1722 3366 1779 genera
3405 1720 3540 1761 cen-

1962 1806 2177 1861 sentur,
2209 1800 2320 1853 vim
2349 1806 2551 1853 tantam
2577 1798 2888 1863 ascribere;
2924 1798 3192 1868 longeque
3219 1798 3540 1857 absurdius.

279 1890 445 1960 φύσει
473 1888 791 1961 πρωτίστην
826 1881 994 1941 οὖσαν
1019 1886 1263 1957 φυσικῶν
1291 1884 1603 1956 ίδιωμάτων
1634 1884 1730 1938 καὶ
1770 1902 1857 1937 κικ-

1965 1888 2139 1957 ipsam
2171 1887 2431 1943 naturalis
2466 1886 2762 1944 voluntatis
2789 1888 3172 1945 exsistentiam
3224 1903 3287 1943 ac
3341 1888 3548 1944 verita-

283 1977 549 2047 νημάτωΛ
578 1975 823 2045 ἔμφυτον
855 1974 1111 2045 δύναμιν.
1152 1976 1312 2028 Κατὶ
1359 1974 1567 2044 ταύτην
1618 1975 1731 2045 γὰρ
1765 1974 1861 2046 μόο

280 2084 404 2137 νην,
430 2066 527 2121 τοῦ
559 2064 813 2122 εἶναικαὶ
849 2067 975 2137 ζῇν,
1006 2066 1099 2120 καὶ
1136 2065 1427 2129 κινεῖσθαι,
1459 2068 1554 2121 καὶ
1576 2068 1740 2131 νοεῖν,
1766 2068 1859 2120 καὶ

277 2159 489 2225 λαλεῖν,
524 2161 620 2213 καὶ
651 2161 1031 2225 αἰσθάνεσθαι,
1074 2160 1169 2213 καὶ
1196 2161 1451 2230 μετέχειν
1482 2156 1716 2230 τροφῆς,
1756 2156 1862 2211 ῦπ-

278 2269 375 2305 νου
400 2267 460 2304 τε
490 2251 585 2304 καὶ
620 2249 1007 2315 ἀναπαύσεως,
1048 2251 1141 2303 καὶ
1171 2250 1249 2319 μὴ
1294 2246 1679 2321 ἀλγύνεσθαι,
1720 2246 1855 2316 μηδὲ

277 2343 557 2416 θνήσκειν,
585 2344 681 2398 καὶ
702 2343 890 2407 ἁπλῶς
922 2343 1177 2396 ἁπάντων
1204 2340 1314 2394 τῶν
1348 2336 1726 2394 συνιστὼντων
1756 2338 1857 2409 τὴν

278 2436 471 2504 φύσιν,
506 2436 656 2506 ἔχειν
694 2436 918 2500 τελείως
968 2434 1065 2498 τὰς
1102 2434 1269 2500 ἔξεις,
1321 2429 1556 2485 καὶτῶν
1593 2427 1856 2499 λυμαινο·

279 2529 464 2599 μένων
490 2531 587 2591 τὰς
629 2529 920 2598 στερίσεις,
954 2529 1199 2596 φυσικῶς
1224 2526 1510 2596 ἐφιέμεθα.

1966 1992 2072 2039 teni
2103 1980 2226 2049 ejus
2247 1996 2560 2047 arcessere;
2598 1993 2761 2050 atque
2785 1982 2910 2037 inde
2973 1996 3095 2036 eam
3170 1979 3538 2035 amoliendam

1954 2083 2234 2128 astruere.
2255 2074 2333 2127 Ac
2366 2072 2446 2126 vel
2477 2073 2736 2138 maxime,
2770 2088 2895 2127 cum
2930 2074 3070 2127 inter
3097 2071 3338 2141 reliquas
3383 2079 3543 2125 natu-

1965 2163 2107 2217 rales
2136 2162 2497 2229 proprietates
2524 2175 2587 2216 ac
2621 2170 2821 2223 motus,
2847 2161 3031 2216 innata
3084 2162 3199 2216 haec
3234 2160 3314 2215 vis
3376 2158 3542 2214 facile

1965 2257 2216 2323 princeps
2247 2256 2498 2309 exsistat.
2553 2251 2689 2307 Nam
2739 2254 3040 2310 secundum
3093 2253 3237 2309 hanc
3267 2268 3432 2307 unam
3487 2261 3544 2307 et

1962 2359 2084 2399 esse
2115 2351 2171 2399 et
2197 2342 2380 2403 vivere
2424 2350 2478 2398 et
2516 2344 2720 2398 moveri
2754 2352 2809 2399 et
2860 2343 3184 2413 intelligere,
3220 2352 3275 2398 et
3310 2342 3455 2410 loqui
3488 2350 3544 2395 et

1954 2439 2188 2504 sentire,
2223 2437 2512 2507 cibumque
2540 2449 2780 2500 sumere,
2818 2445 2873 2491 et
2929 2450 3125 2490 somno
3167 2434 3402 2491 recreari
3478 2446 3543 2489 ac

1952 2529 2169 2600 quiete,
2222 2538 2417 2583 etnon
2484 2529 2671 2583 dolere
2727 2543 2908 2598 neque
2958 2529 3096 2583 meri
3140 2544 3157 2593 ;
3206 2541 3542 2596 prorsusque

284 2629 369 2695 (nt
406 2624 569 2677 verbo
600 2624 799 2695 dicam)
821 2625 1063 2679 omnium
1096 2627 1162 2680 ad
1193 2635 1405 2683 natura:
1439 2627 1869 2684 incolumitatem
1919 2628 2231 2683 facientium
2267 2628 2506 2696 perlecta
2563 2627 2778 2683 habitus
2841 2627 3111 2692 nancisci,
3145 2626 3324 2697 iisque
3350 2639 3543 2681 carere

268 2732 403 2789 quae
426 2717 495 2772 ad
526 2718 803 2775 interitum
831 2720 1058 2791 ducunt,
1101 2725 1426 2781 natdraliter
1459 2726 1790 2797 appetimus.

348 2821 463 2875 Καί
500 2836 593 2891 μοι
629 2822 884 2890 φαίνεται
926 2824 1030 2877 κάν
1058 2824 1236 2895 τούτῳ
1267 2826 1661 2899 προσηκόντως
1706 2830 1867 2901 ποιή-

277 2929 406 2979 σας,
437 2912 581 2966 κατὰ
625 2913 719 2966 τὸν
759 2913 926 2968 αὑτοῦ
975 2915 1209 2985 ὁρισμὸν
1241 2916 1270 2967 ό
1318 2918 1556 2990 εὐλαὸὴς
1607 2922 1864 2990 μοναχὸς,

2015 2826 2097 2883 Ac
2129 2824 2266 2881 mihi
2307 2838 2530 2895 quoque
2558 2840 2622 2881 ea
2659 2824 2828 2881 etiam
2858 2833 3012 2896 parte
3044 2824 3298 2880 consulto
3340 2825 3536 2883 fecisse

1948 2919 2185 2983 videtur,
2223 2918 2277 2971 in
2326 2928 2424 2971 sua
2468 2915 2814 2982 deﬁnitione,
2865 2915 3312 2987 religiosissimus
3344 2932 3537 2971 mona—

275 3004 376 3057 καὶ
427 3004 689 3076 προσθεὶς
737 3006 819 3059 τό’
858 3024 878 3057 ι
919 3008 1031 3060 Καὶ
1082 3007 1193 3060 τῶν
1255 3010 1531 3074 οὐσιωδῶς
1586 3015 1655 3082 τῇ
1705 3013 1859 3081 φύσει

1959 3011 2105 3074 :hus,
2138 3010 2271 3064 dum
2313 3017 2371 3064 et
2419 3009 2537 3065 haec
2569 3008 2781 3063 addidit
2820 3025 2835 3062 :
2886 3027 2904 3060 ι
2940 3008 3011 3063 Ει
3043 3024 3237 3063 earum
3283 3010 3534 3064 omnium

276 3095 616 3168 προσόντων,
654 3096 980 3169 συνεκτικὴν
1010 3097 1229 3152 πάντων
1252 3100 1580 3170 ἰδιωμάτων.
1616 3119 1637 3153 ι
1682 3104 1859 3156 Πάντα

1959 3101 2366 3172 proprietatum,
2397 3115 2519 3171 quae
2548 3099 2917 3155 essentialiter
2943 3109 3159 3155 naturae
3186 3100 3397 3165 insunt,
3422 3102 3535 3154 vim

272 3186 391 3259 γὰρ
416 3188 507 3240 ἀεὶ
538 3189 773 3259 συνέχει,
804 3191 901 3243 καὶ
936 3190 1183 3261 συνέχειν
1226 3192 1464 3261 ὲφιέται,
1510 3193 1605 3246 καὶ
1652 3193 1859 3258 οὐδενὸς

1959 3194 2431 3251 :onservatricem.
2473 3212 2490 3244 ι
2542 3192 2735 3248 Omnia
2787 3194 3207 3262 enimsemper
3248 3203 3540 3249 conservat

274 3276 429 3347 ἔχειν
458 3277 558 3348 τὴν
590 3278 871 3351 στέρησιν,
897 3280 963 3333 τὸ
986 3281 1244 3344 οὐσιῶδες
1272 3284 1329 3335 ὲν
1350 3285 1485 3352 ἡμῖν
1510 3284 1605 3337 καὶ
1627 3284 1859 3354 ἔμφυτοι

1959 3305 2009 3344 ιο
2037 3288 2310 3352 continet,
2339 3285 2662 3356 appetitque
2690 3299 3024 3341 conservare
3053 3299 3117 3339 ac
3142 3284 3294 3338 nullo
3322 3299 3535 3351 carere,

276 3366 515 3438 Θέλημα·
552 3369 755 3440 μᾶλλον
806 3370 867 3424 δὲ
918 3374 1124 3443 ἡμεῖς,
1158 3373 1228 3426 δι’
1283 3370 1450 3427 αὐτοῦ
1496 3392 1557 3428 τε
1602 3381 1698 3429 καὶ
1745 3378 1859 3430 κατ¹

1959 3392 2067 3448 [uae
2093 3377 2147 3431 in
2177 3376 2339 3431 nobis
2368 3375 2681 3431 essentialis
2705 3391 2769 3429 ac
2803 3376 2989 3429 innata
3012 3375 3268 3429 voluntas
3293 3384 3410 3440 est;
3441 3391 3539 3431 seu

275 3461 434 3514 αὺτᾶ
478 3462 577 3514 καὶ
615 3457 772 3530 οἶμαι
802 3462 897 3518 τὸν
949 3464 1043 3516 καὶ
1083 3464 1265 3526 ποσῶς
1294 3464 1388 3518 τοῦ
1419 3465 1592 3530 ὄντος,
1624 3466 1762 3521 ἀλλὰ
1791 3468 1869 3540 μὴ

274 3552 376 3607 τοῦ
400 3554 691 3620 δοκοῦντος
732 3555 890 3625 λόγον
933 3557 1280 3628 ποιούμενον,
1316 3558 1680 3628 συνθήσεσθαι
1730 3562 1873 3615 πάν-

275 3662 390 3710 τως
408 3645 495 3710 δὴ,
526 3648 623 3701 καὶ
644 3648 721 3710 ὡς
744 3648 1041 3720 ἄνθρωπον
1070 3651 1163 3702 τὸν
1196 3649 1553 3720 σαρκωθέντα
1577 3650 1732 3715 Θεὸν,
1765 3669 1869 3721 φυ-

278 3736 435 3790 σικὸν
456 3736 604 3805 ἔχειν
632 3736 729 3790 καὶ
754 3737 1101 3809 ἀνθρώπινον
1126 3738 1339 3810 θέλημα
1359 3757 1374 3772 ο
1399 3741 1492 3793 καὶ
1525 3739 1633 3794 τῶν
1664 3743 1865 3813 ἀπηρι-

280 3826 594 3898 θμημένων
623 3828 859 3883 ἕκαστον
894 3829 1071 3891 θέλειν
1105 3832 1226 3886 κατ’
1262 3832 1396 3887 αὐτὸ
1426 3834 1700 3903 φυσικῶς,
1734 3834 1867 3906 πρὸς

280 3919 550 3973 πίστωσιν
574 3921 673 3993 τῆς
703 3920 904 3992 νοερῶς
929 3921 1093 3976 αὐτοῦ
1119 3926 1213 3977 καὶ
1236 3925 1476 3993 λογικῶς
1512 3927 1871 3998 ἐψυχωμένης

282 4010 513 4084 σαρκὸς,
541 4014 704 4084 εἴπερ
732 4014 946 4080 τέλειος
970 4016 1262 4089 ἄνθρωπος
1290 4018 1506 4087 γέγονε,
1550 4022 1741 4091 μηδενὶ
1760 4024 1871 4077 τῶν

266 4104 571 4175 ,ἡμετέρων
614 4104 959 4178 λειπόμενος,
1016 4108 1157 4181 πλὴν
1199 4111 1367 4181 μόνης
1414 4111 1515 4181 τῆς
1570 4113 1868 4183 ἁμαρτίας*

278 4195 424 4249 ἀλλὰ
454 4196 635 4250 πάντα
668 4197 810 4268 ἔχων
835 4199 939 4253 δσα
986 4201 1080 4253 καὶ
1123 4203 1317 4272 ἡμεῖς,
1353 4203 1779 4274 ἁπαραλείπτως
1803 4207 1868 4261 τὰ

281 4286 428 4342 κατὰ
457 4288 620 4359 φύσιν
646 4292 952 4345 συστατικὰ
992 4293 1094 4364 τῆς
1136 4296 1414 4366 ἡμετέρας
1445 4296 1654 4361 οὐσίας,
1684 4298 1867 4371 ὥσπερ

279 4375 379 4434 οῦν
421 4381 519 4435 καὶ
543 4380 614 4434 τὰ
641 4384 743 4453 τῆς
779 4382 1019 4455 ἁνάρχου
1047 4385 1145 4439 καὶ¹
1183 4386 1357 4451 θείας,
1391 4387 1458 4440 δι’
1482 4381 1557 4443 ὦν
1584 4389 1867 4462 ἄνθρωπον

280 4471 478 4525 ἑαυτὸν
513 4472 651 4543 ὁμοῦ
706 4475 802 4529 καὶ
845 4475 980 4529 Θεὸν
1023 4476 1155 4531 ὅντα
1200 4480 1411 4550 κυρίως
1444 4480 1739 4553 ἐγνώριζε,
1778 4485 1868 4539 καὶ

1950 3487 2048 3526 nos
2079 3470 2267 3541 potius
2298 3485 2398 3540 per
2427 3484 2570 3532 eam,
2602 3482 2781 3537 exque
2818 3466 2966 3520 illius
3006 3466 3247 3530 ratione;
3273 3465 3542 3519 arbitror-

1944 3578 2056 3634 que
2089 3564 2317 3617 omnino
2362 3577 2740 3626 assensurum,
2787 3560 2882 3630 qui
2928 3561 3048 3631 ejus
3089 3559 3237 3629 quod
3283 3574 3413 3613 vere
3454 3569 3539 3614 est

1946 3655 2217 3725 tantisper
2248 3653 2519 3707 rationem
2552 3652 2774 3715 habeat,
2810 3665 2922 3703 non
2948 3652 3069 3721 ejus
3091 3649 3237 3719 quod
3272 3648 3421 3702 inani
3450 3663 3540 3702 so-

1945 3750 2059 3804 lum
2090 3747 2301 3818 specie;
2334 3747 2507 3801 Deum
2542 3746 2911 3809 incarnatum,
2945 3752 3004 3798 ut
3031 3744 3195 3798 etiam
3231 3743 3536 3809 hominem,

1945 3839 2187 3895 naturali
2229 3846 2393 3907 atque
2442 3837 2681 3891 humana
2726 3836 3011 3890 voluntate
3053 3833 3345 3906 praeditum
3382 3848 3535 3901 esse;

1946 3950 2123 4005 eaque
2168 3931 2383 4004 singula
2428 3944 2549 4000 qum
2582 3939 2907 3985 enumerata
2944 3936 3096 3993 sunt,
3143 3927 3447 3982 secundum
3477 3942 3539 3981 sc

1947 4010 2143 4083 natura
2187 4027 2349 4090 velle,
2373 4022 2442 4078 ad
2469 4023 2653 4078 carnis
2682 4038 2795 4077 sute
2832 4020 3185 4075 astruendam
3230 4019 3416 4085 ﬁdem,
3453 4020 3537 4074 in—

1949 4119 2314 4190 telligentium
2343 4129 2493 4171 more
2524 4130 2588 4170 ac
2613 4115 2889 4168 utentium
2920 4113 3134 4166 ratione
3160 4113 3451 4178 anintatte;
3479 4121 3541 4165 ut

1946 4210 2041 4280 qui
2073 4209 2190 4278 ipse
2226 4208 2393 4260 homo
2422 4204 2719 4276 perfectus,
2752 4204 2905 4258 nullo
2946 4204 3162 4267 cerum,
3189 4218 3313 4272 qua:
3352 4210 3541 4255 nostra

1948 4309 2098 4368 sunt,
2135 4301 2485 4363 deﬁceretur,
2537 4313 2648 4351 uno
2695 4297 2961 4351 duntaxat
2999 4296 3224 4366 dempto
3272 4305 3536 4366 peccato;

1948 4393 2044 4450 sed
2068 4407 2190 4463 qua:
2222 4389 2386 4444 nobis
2412 4394 2714 4457 suppetunt
2738 4387 2942 4450 omnia,
2984 4395 3338 4455 nostramque
3380 4394 3541 4439 natu-

1946 4484 2136 4539 raliter
2178 4478 2540 4537 substantiam
2572 4478 2836 4539 conllant,
2882 4477 3036 4530 nullo
3069 4476 3386 4531 desiderato
3437 4476 3537 4530 ha-

283 4562 387 4635 τὴν
435 4562 575 4635 πρὸς
623 4564 795 4635 ἡμᾶς,
832 4568 930 4621 καὶ
976 4568 1069 4622 τὸν
1121 4546 1344 4642 Πατέρα
1378 4546 1606 4638 τελείως
1637 4546 1859 4647 φυσικὴι

1959 4584 2131 4640 seret;
2164 4572 2243 4627 uti
2279 4572 2439 4641 plane
2469 4569 2633 4625 etiam
2666 4585 2787 4639 qua:
2832 4568 3223 4637 sempiternam
3254 4577 3418 4637 atque
3450 4568 3537 4622 di-

286 4652 617 4721 συγγένειαν
647 4653 983 4725 διασώζοντα
1036 4661 1173 4731 μετὰ
1214 4660 1313 4732 τὴν
1336 4662 1554 4717 ἕνωσιν.

1948 4666 2165 4731 vinam;
2215 4661 2419 4733 quibus
2463 4676 2522 4717 se
2569 4660 2851 4715 hominem
2898 4660 3060 4714 simul
3091 4659 3375 4728 Deumque
3405 4672 3540 4713 vero

278 4744 708 4813 demonstravit,
750 4747 937 4820 ισοοὶ
963 4748 1207 4819 perfecte
1256 4746 1542 4805 nobiscum
1572 4755 1627 4803 et
1692 4762 1815 4803 cum
1874 4746 2040 4805 Patre
2108 4750 2414 4807 naturalem
2476 4746 2816 4811 aliinitatem,
2879 4752 3002 4815 post
3060 4743 3227 4800 etiam
3286 4742 3545 4799 unionem

278 4845 553 4894 servaret.

268 4938 269 4941 “
351 4929 429 4983 Τδ
446 4928 649 5001 γὰρόὴ
683 4929 895 5000 λέγειν,
925 4931 1003 4997 ῶς
1028 4933 1090 4987 ὲν
1122 4930 1202 5002 τῷ
1242 4931 1420 5004 καιρῷ
1453 4931 1601 5003 μόνῳ
1621 4929 1718 4984 τοῦ
1752 4947 1856 4984 σω-

274 5022 473 5093 τηρίου
508 5020 735 5088 πάθους,
776 5022 939 5094 ἡνίκα
964 5024 1026 5077 τὸ
1057 5024 1327 5095 ἡμέτερον
1356 5024 1561 5079 ἑτύπου
1595 5039 1860 5093 πραγμα-

272 5113 453 5178 τικῶς
478 5115 537 5167 ιν
573 5114 773 5182 ἑαυτῷ,
817 5116 915 5170 καὶ
944 5117 1021 5182 ὼς
1073 5119 1364 5190 ἄνθρωπος
1423 5120 1725 5192 παρῃτεῖτο
1764 5117 1856 5169 τδν

275 5204 534 5272 θάνατον,
557 5206 652 5260 δύο
671 5208 798 5279 θελή
808 5210 1113 5280 ματαιέχων
1135 5208 1435 5275 ἐδείκνυτο,
1458 5207 1855 5279 ἀποφαντικὸν,

274 5299 383 5352 οὐκ
404 5299 788 5357 ἀποδεικτικόν
818 5322 911 5374 μοι
945 5302 1117 5369 δοκεῖ,
1152 5305 1275 5369 Πῶς
1304 5306 1411 5374 γὰρ
1434 5304 1490 5356 ὲν
1516 5302 1691 5372 τούτῳ
1713 5301 1859 5372 μόνῳ

279 5388 369 5460 τῷ
384 5391 587 5463 καιρῷ,
621 5393 718 5447 καὶ
755 5393 831 5465 μὴ
859 5395 968 5466 πρὸ
1014 5394 1233 5459 τούτου,
1290 5395 1388 5449 xui.
1442 5394 1515 5449 δι’
1538 5394 1733 5465 ἥντινα
1760 5394 1859 5465 τὴν

280 5484 486 5538 αἰτίαν.
541 5483 605 5539 Ei
638 5486 742 5556 μὲν
772 5487 881 5558 γὰρ
907 5484 1020 5558 εἶχε
1062 5488 1208 5553 τότε,
1239 5491 1339 5542 καὶ
1383 5488 1480 5544 ἀπ’
1508 5486 1686 5559 ἀρχῆς
1714 5484 1860 5557 εἶχεν

288 5574 349 5638 ἐξ
383 5567 446 5629 οῦ
495 5575 724 5645 γέγονεν
770 5576 1078 5649 ἄνθρωπος,
1132 5578 1248 5633 ἀλλ’
1277 5582 1377 5653 οὐχ
1419 5579 1653 5651 ὕστερον
1705 5582 1860 5649 ἐσχε-

270 5665 496 5721 ὀίασενσ
536 5668 584 5723 εί
624 5667 681 5723 δὲ
723 5670 819 5724 ἀπ’
850 5671 1025 5742 ἀρχῆς
1073 5671 1173 5725 οὑκ
1208 5667 1371 5743 εἶχεν,
1407 5672 1465 5725 ού
1511 5672 1567 5727 δὲ
1604 5671 1745 5726 κατὰ
1774 5670 1863 5723 τὸν

282 5758 478 5829 καιρὸν
501 5758 598 5813 τοῦ
634 5760 862 5827 πάθους,
885 5763 1024 5816 ἀλλὰ
1049 5763 1209 5833 μόνον
1228 5764 1499 5831 ὲφάντασε
1532 5766 1633 5833 τὴν
1660 5764 1863 5834 παραί-

282 5868 464 5923 τησιν,
494 5852 588 5905 καὶ
621 5852 759 5922 πρὸς
788 5853 963 5925 ταύτῃ
1018 5856 1085 5908 τὰ
1116 5855 1276 5909 λοιπὰ
1307 5857 1378 5910 δι’
1398 5852 1473 5913 ῶν
1508 5857 1855 5928 σεσῴσμεθα,

604 5946 876 6011 ΡΑτιιοι..
924 5947 1042 6013 Gn.
1089 5951 1347 6014 CXXX.

2038 4931 2191 5000 Quod
2227 4931 2370 4987 enim
2406 4931 2526 5002 quis
2555 4932 2723 4995 dicat,
2748 4931 3006 4987 salutaris
3034 4932 3297 4985 duntaxat
3336 4930 3547 5000 passio-

1967 5027 2054 5082 nis
2089 5038 2333 5095 tempore
2361 5025 2604 5096 (quando
2639 5024 2896 5079 nimirum
2928 5031 3169 5079 nostram
3198 5024 3250 5077 in
3283 5038 3343 5079 se
3365 5022 3545 5089 reipsa

1966 5128 2176 5173 natura!
2203 5119 2436 5187 speciem
2491 5117 2833 5189 praeferebat,
2884 5126 3045 5188 atque
3074 5125 3134 5171 ut
3172 5117 3335 5170 homo
3394 5128 3545 5169 mor-

1964 5217 2074 5263 tem
2115 5207 2423 5279 recusabat)
2455 5210 2593 5265 duas
2611 5211 2913 5278 prmtulissc
2943 5211 3272 5271 voluntates,
3296 5208 3375 5262 sic
3402 5208 3545 5261 ultro

1964 5301 2070 5356 dici
2102 5303 2376 5367 existimo,
2395 5318 2567 5373 neque
2584 5318 2715 5359 vero
2730 5303 2833 5357 ulla
2869 5312 3018 5357 certa
3062 5303 3271 5357 ratione
3303 5303 3545 5371 probari.

1958 5395 2069 5451 Cur
2103 5394 2246 5449 enim
2268 5393 2361 5450 illo
2392 5394 2659 5449 duntaxat
2702 5394 2964 5463 temporis
3010 5393 3263 5460 articulo,
3324 5404 3378 5448 ct
3431 5408 3542 5446 non

1960 5497 2109 5555 ante,
2137 5503 2369 5558 quamve
2399 5488 2466 5542 ob
2492 5487 2752 5542 causam?
2784 5485 2840 5541 Si
2869 5486 3089 5556 quidem
3115 5487 3259 5540 enim
3297 5494 3408 5540 tum
3444 5485 3547 5539 lia-

1961 5580 2145 5648 bebat,
2169 5598 2197 5633 a
2226 5581 2498 5651 principio
2531 5579 2695 5634 etiam
2752 5578 2961 5643 habuit,
2989 5594 3055 5633 ex
3082 5595 3190 5649 quo
3252 5577 3431 5634 (actus
3461 5589 3549 5634 est

1962 5672 2147 5740 homo,
2174 5689 2279 5727 non
2308 5684 2495 5742 postea
2528 5672 2743 5727 ascivit.
2779 5669 2835 5726 Si
2860 5672 3004 5727 enim
3041 5687 3069 5725 a
3108 5672 3379 5741 principio
3437 5687 3546 5726 non

1961 5767 2173 5833 habuit,
2201 5780 2377 5835 neque
2410 5774 2653 5835 tempore
2680 5766 2991 5835 passionis;
3042 5766 3137 5819 sed
3188 5767 3365 5821 solum
3426 5766 3548 5833 opi-

1961 5860 2122 5916 uione
2156 5861 2256 5915 hoc
2289 5859 2475 5930 gessit,
2508 5867 2564 5915 ut
2601 5861 2811 5917 scilicet
2836 5869 3065 5915 martem
3104 5860 3405 5929 refugeret,
3445 5869 3533 5913 at-

3202 5954 3277 6012 35
