3952 6546
491 368 621 435 ll3l

1685 383 2063 445 EU'l'llYilllI
2107 385 2467 448 ZIGABENI

3611 398 3734 462 1132

482 532 590 587 que
630 514 795 569 etiam
843 512 1075 581 reliqua,
1116 498 1319 580 quibus
1359 509 1590 565 salutem
1635 511 1819 578 adepti
1850 524 2054 574 sumus,

2168 516 2280 571 οἷον
2318 520 2378 572 τὸ
2407 519 2672 591 δάκρυον,
2717 524 2820 593 τὴν
2851 524 3039 596 εὐχὴν,
3077 526 3178 598 τὴν
3222 528 3418 602 λύπην,
3467 533 3566 605 τὴν
3602 536 3737 606 ἄγω.

481 609 757 679 expleret;
791 602 1100 676 eujusmodi
1152 610 1284 657 sunt
1329 603 1510 667 ﬂetus,
1562 616 1775 671 preces,
1818 602 2061 666 tristitia,

481 700 678 755 mortis
720 713 914 768 pavor,
948 711 1105 758 crux,
1134 708 1305 757 mors,
1333 694 1633 763 sepultura.
1668 692 1788 748 Uno
1820 694 1970 747 enim
1996 710 2063 748 ex

398 782 403 829 ἶ
483 795 567 857 iis,
596 806 718 861 quze
745 791 800 844 in
836 805 903 844 eo
946 805 1045 859 pro
1077 788 1313 842 humana
1346 788 1557 841 ratione
1598 786 1869 841 naturalia
1914 787 2062 841 exsi-

412 868 415 875 “
479 892 652 945 stunt,
681 881 965 951 abrogato,
990 894 1169 949 neque
1194 879 1404 949 reliqua
1428 878 1747 934 consistent.
1777 879 2062 945 Quomodo

477 976 626 1029 enim
662 989 771 1027 non
819 972 954 1027 illud
1001 971 1248 1041 quidem,
1299 971 1416 1025 haec
1458 971 1623 1025 vero?
1658 986 1847 1040 quaeve
1883 970 2061 1024 ratio?

478 1076 573 1120 aut
617 1081 739 1134 quae
770 1064 1049 1118 rationum
1096 1077 1296 1132 pugna,
1330 1062 1385 1119 in
1625 1077 1692 1116 eo
1738 1062 1887 1131 quod
1918 1072 2060 1127 orat,

477 1158 899 1226 naturalemque
947 1163 1144 1226 sponte
1181 1155 1555 1209 infirmitatem
1593 1156 1797 1224 (carnis
1826 1156 2059 1227 scilicet)

476 1253 675 1305 timore
706 1265 770 1304 ae
810 1264 1015 1319 pavore
1061 1256 1321 1311 ostentat,
1356 1263 1457 1302 nec
1500 1263 1727 1317 prorsus
1763 1248 2059 1315 obnititur,

475 1347 571 1400 sed
607 1346 684 1399 ait
715 1363 728 1401 :
754 1343 812 1399 Si
856 1344 1097 1416 possibile
1125 1354 1220 1397 est.
1266 1343 1333 1397 Et
1368 1360 1380 1395 :
1414 1342 1530 1396 Non
1578 1344 1704 1413 quid
1741 1360 1835 1414 ego
1878 1344 2053 1410 velim,

473 1439 563 1491 sed
605 1438 729 1508 quid
763 1446 818 1489 tu
850 1442 903 1502 ις
942 1435 1250 1504 fortemque
1291 1434 1557 1489 adversus
1589 1445 1843 1500 mortem,
1891 1446 2058 1507 atque

476 1532 714 1583 alacrem
750 1526 934 1582 timori
979 1535 1188 1581 motum
1234 1526 1506 1595 appingitl
1556 1525 1893 1581 lnformabat
1932 1528 2061 1597 qui-

474 1625 601 1675 dem
636 1622 691 1675 in
727 1635 786 1676 se
830 1620 1012 1690 reipsa
1054 1618 1201 1688 quod
1238 1626 1488 1674 nostrum
1534 1628 1622 1675 est
1668 1621 1909 1675 naturali
1943 1629 2063 1675 tan-

477 1713 650 1782 tisper
686 1710 879 1764 mortis
917 1707 1197 1762 formidini
1242 1706 1468 1777 ejusque
1502 1702 1664 1757 anxio
1698 1700 1880 1754 timori
1913 1715 2046 1757 con-

474 1804 696 1867 cedens,
739 1810 802 1856 ut
832 1810 888 1855 et
920 1799 987 1854 ab
1021 1800 1115 1855 illo
1153 1814 1253 1855 nos
1287 1799 1566 1863 liberaret,
1612 1810 1834 1865 suteque
1865 1798 2048 1854 carnis

473 1903 729 1949 naturam
774 1901 1066 1955 astrueret,
1114 1907 1178 1946 ac
1229 1890 1379 1946 inani
1426 1889 1577 1944 omni
1625 1889 1805 1958 specie
1851 1902 2048 1944 vacare

474 1986 938 2056 dispensationem
974 1991 1327 2038 monstraret.
1366 1982 1597 2051 Moxque
1639 1996 1830 2035 rursus
1873 1980 2049 2035 maxi-

475 2091 618 2130 mam
665 2076 953 2131 adversum
1001 2082 1233 2129 mortem
1275 2072 1443 2128 animi
1491 2074 1600 2126 vim
1632 2072 1854 2135 exserit,
1896 2087 2049 2127 sum-

476 2182 730 2235 mamque
759 2166 1011 2220 humana:
1039 2179 1150 2218 suae
1185 2162 1500 2225 voluntatis,
1531 2177 1653 2216 cum
1681 2161 1901 2231 propria
1930 2177 2048 2228 sua,

477 2259 764 2329 Patrisque
810 2258 1116 2322 voluntate,
1167 2255 1631 2311 necessitudinem
1676 2270 1742 2309 ac
1793 2254 2049 2309 unionem

476 2348 679 2418 prodit,
703 2348 910 2419 judicio
931 2364 1030 2402 suo
1053 2346 1381 2416 approbans,
1406 2346 1706 2415 dicensque
1728 2361 1740 2399 ;
1764 2344 1882 2399 Non
1908 2359 2049 2410 mea,

475 2440 568 2493 sed
618 2449 712 2493 tua
765 2438 1009 2493 voluntas
1061 2438 1194 2505 ﬁat;
1247 2437 1377 2491 hinc
1426 2435 1650 2505 quidem
1705 2435 2051 2501 divisionem,

479 2531 740 2600 illineqne
787 2545 981 2585 rursus
1026 2529 1401 2585 confusionem
1429 2529 1617 2598 procul
1653 2528 1944 2584 eliminans
1965 2536 2053 2584 at-

477 2640 584 2694 que
614 2624 968 2679 submovens.

550 2716 645 2770 Sin
670 2725 855 2770 autem
882 2715 1090 2770 idcirco
1115 2715 1230 2770 haae
1250 2716 1463 2783 dicunt,
1488 2717 1633 2787 quod
1660 2733 1767 2772 non
1795 2725 2054 2787 appareat

478 2809 635 2871 alias,
666 2810 785 2877 eius
812 2808 960 2877 quod
990 2819 1073 2863 est
1101 2810 1259 2872 velle,
1290 2826 1452 2879 quam
1488 2812 1757 2881 passionis
1784 2820 2050 2881 tempore,

481 2902 815 2967 meminisse,
863 2902 1098 2972 idipsum
1138 2902 1371 2957 dixerint
1422 2911 1480 2958 et
1521 2904 1588 2958 de
1624 2904 1809 2958 innata
1855 2905 2055 2959 intelli-

479 2993 660 3061 gendi.
696 2994 779 3058 vi,
832 2993 1140 3062 mentisque
1188 3002 1467 3063 expertem
1538 2994 1716 3064 ipsum
1787 3000 2049 3048 asserent.

478 3084 599 3138 Non
628 3084 774 3139 enim
800 3092 1028 3153 apparet
1049 3083 1271 3149 dixisse,
1301 3082 1447 3152 quod
1473 3092 1657 3138 mente
1683 3081 1929 3151 cogitarit
1962 3088 2056 3135 aut

482 3175 833 3230 intellexerit.
868 3174 1045 3229 Simili
1070 3190 1291 3244 quoque
1334 3174 1544 3228 ratione
1574 3172 1641 3228 de
1668 3173 1869 3228 olfactu
1903 3173 2055 3227 aliis-

481 3280 588 3335 que
636 3264 691 3318 in
732 3263 894 3318 nobis
931 3263 1297 3325 naturalibus,
1349 3278 1584 3331 quorum
1621 3277 1889 3330 nusquam
1922 3261 2059 3316 scri-

482 3367 638 3427 ptum
662 3365 749 3411 est
780 3354 1116 3409 meminisse.
1144 3355 1240 3408 Vel
1262 3354 1427 3408 etiam
1455 3352 1521 3407 de
1551 3353 1667 3422 ipsa
1695 3352 1895 3415 anima,
1920 3370 1983 3407 ae
2012 3354 2058 3408 si

482 3450 636 3519 prius
668 3448 847 3518 reipsa
878 3463 986 3501 non
1024 3446 1316 3508 exstiterit,
1345 3460 1454 3515 quo
1498 3460 1568 3499 ex
1608 3456 1851 3514 tempore
1894 3446 2059 3502 homo

482 3544 657 3596 factus
688 3550 795 3607 est,
836 3540 930 3595 sed
977 3551 1105 3594 tunc
1136 3539 1313 3595 solum
1348 3555 1472 3593 cum
1508 3540 1629 3609 ejus
1660 3539 2059 3595 commeminit.

484 3633 637 3687 llaud
672 3633 820 3688 enim
876 3632 969 3686 diu
1023 3640 1150 3685 ante
1200 3630 1510 3699 passionem
1562 3629 1698 3685 illud
1742 3631 2061 3699 praestitisse

364 3709 368 3712 ’
470 3726 759 3795 proditum
791 3733 895 3779 est.
924 3728 1034 3778 Aut
1062 3724 1227 3794 igitur
1260 3730 1392 3777 tunc
1414 3723 1569 3793 quasi
1597 3739 1666 3779 ex
1693 3732 1937 3793 tempore
1966 3739 2063 3777 na-

486 3826 593 3869 tam
638 3816 843 3878 dicant,
890 3814 1036 3883 quod
1088 3830 1196 3867 non
1248 3814 1449 3883 saepius
1495 3828 1558 3868 ac
1585 3814 1694 3883 jam
1742 3823 1857 3866 tum
1903 3811 2063 3866 initio

483 3910 602 3977 ejus
625 3908 764 3962 facta
791 3904 995 3960 mentio
1019 3915 1133 3971 est;
1162 3915 1257 3959 aut
1282 3920 1409 3959 cum
1451 3905 1556 3958 hoc
1597 3920 1705 3959 non
1733 3905 1937 3967 dicant,
1965 3902 2062 3957 sed

484 4016 550 4052 ex
582 3999 756 4067 magni
790 3998 1070 4052 Athanasii
1098 3997 1409 4051 sententia:
1446 4015 1463 4048 ι
1497 3996 1670 4050 Simul
1712 4011 1857 4057 caro,
1898 3996 2063 4057 simul

489 4092 582 4143 Dei
620 4090 781 4143 Verbi
820 4105 949 4147 caro
977 4088 1238 4151 animata,
1270 4089 1480 4142 ratione
1519 4096 1697 4151 utens,
1746 4106 1765 4139 ι
1800 4087 2061 4153 doceant,

488 4178 793 4232 naturalem
819 4193 1040 4248 quoque
1062 4177 1359 4231 Salvatoris
1387 4178 1747 4241 voluntatem,
1769 4192 1875 4246 qua
1898 4176 2063 4231 homo

487 4280 654 4334 esset,
713 4286 822 4323 non
869 4269 1140 4339 passionis
1185 4270 1450 4324 duntaxat
1496 4278 1740 4339 tempore
1787 4269 2063 4324 exstitisse

489 4364 693 4426 dicent,
741 4363 845 4417 etsi
891 4363 1041 4416 illius
1091 4372 1221 4417 tunc
1266 4363 1535 4427 meminit,
1583 4362 1678 4416 sed
1716 4378 1747 4416 a
1793 4361 2064 4432 principio

2169 609 2309 675 νίαν,
2360 610 2454 664 τὸν
2510 613 2744 685 σταυρὸν
2770 654 2785 679 ,
2825 616 2919 669 τὸν
2969 618 3219 687 θάνατον,
3259 624 3357 693 τὴν
3401 626 3603 697 ταφήν·
3632 630 3738 694 ἑνὸς

2168 702 2280 773 γὰρ
2307 704 2688 775 ἀκυρουμένου
2725 707 2836 760 τῶν
2871 711 2928 762 ἐν
2972 711 3121 782 αὑτῷ
3162 713 3284 767 καθ’
3318 717 3469 785 ἡμᾶς
3507 722 3741 787 φυσικῶν

2168 794 2518 865 σωζομένων,
2547 796 2667 850 οὐδὲ
2695 798 2765 851 τὰ
2799 799 2936 854 ἄλλα
2989 804 3272 873 στήσεται.
3324 805 3451 870 Πῶς
3497 809 3609 880 γὰρ
3651 813 3741 865 οἰκ

2165 886 2343 940 ὲκείνο
2368 886 2489 957 μὲν,
2512 890 2686 942 ταῦτα
2725 891 2818 957 δὲς
2870 893 2981 946 Καὶ
3018 894 3103 958 τίς
3134 897 3161 948 ὁ
3207 896 3397 965 λόγοςς
3434 900 3740 968 ἐναντίωσις

2165 978 2224 1032 δὲ
2269 981 2401 1033 ποῖα
2446 979 2508 1032 τὸ
2552 982 3000 1053 προσεύχεσθαι,
3038 987 3133 1038 καὶ
3168 990 3410 1059 φυσικῆς
3459 992 3741 1060 ἑκουσίως

2165 1072 2264 1141 τῆς
2294 1071 2433 1125 κατὰ
2481 1071 2580 1144 τὴν
2640 1076 2820 1145 σάρκα
2872 1076 3040 1145 λέγω,
3100 1080 3412 1151 πρόσδειξιν
3465 1084 3740 1151 ἀσθενείας

2164 1165 2437 1219 ποιεῖσθαι
2496 1166 2586 1219 διὰ
2636 1167 2739 1237 τῆς
2798 1170 3085 1241 συστολῆς,
3148 1174 3246 1226 καὶ
3302 1173 3377 1245 μὴ
3432 1174 3742 1230 ἀντιτείνειν

2162 1256 2321 1322 ὅλως,
2367 1256 2506 1311 ἀλλὰ
2543 1259 2762 1326 λέγειν’
2806 1262 2875 1315 El
2915 1262 3200 1317 δυνατόν.
3238 1266 3381 1319 Kal‘
3426 1267 3524 1335 Μὴ
3558 1269 3614 1321 τί
3639 1270 3742 1339 ἐγὼ

2163 1348 2349 1413 θέλω,
2401 1349 2540 1403 ἀλλ’
2586 1352 2642 1405 ει
2688 1369 2745 1405 τι
2782 1354 2884 1407 σύο
2935 1355 3031 1407 καὶ
3072 1354 3369 1410 συνάπτειν
3410 1361 3475 1429 τῇ
3520 1360 3739 1431 συστολῇ

2162 1440 2262 1508 τὴν
2295 1442 2523 1511 ἰσχυρὰν
2550 1443 2694 1496 κατὰ
2730 1444 2825 1497 τοῦ
2872 1444 3107 1500 θανάτου
3142 1450 3239 1502 καὶ
3273 1450 3561 1522 πρόθυμον
3594 1453 3736 1523 κίνη-

2168 1547 2285 1595 σιν;
2328 1533 2561 1588 Ἐτύπου
2617 1536 2719 1605 μὲν
2767 1537 2878 1607 γὰρ
2936 1541 3345 1609 πραγματικῶς
3379 1543 3439 1595 ὲν
3480 1544 3659 1615 ἑαυτῷ
3684 1545 3737 1598 τὸ

2165 1622 2460 1695 ἡμέτερον,
2496 1626 2584 1680 διὰ
2630 1627 2733 1697 τῆς
2782 1631 3022 1699 φυσικῆς
3062 1630 3202 1702 πρὸς
3253 1633 3453 1702 μικρὸν
3501 1634 3733 1704 ἀγωνίας

2163 1717 2251 1771 ίνα
2283 1717 2377 1769 καὶ
2404 1714 2609 1784 ταύτης
2647 1718 2795 1786 ἡμᾶς
2845 1718 3211 1789 ἐλευθερώσῃ,
3252 1720 3347 1770 καὶ
3385 1718 3486 1787 τῆς
3536 1721 3731 1783 οἰκείας

2165 1804 2368 1877 σαρκὸς
2413 1804 2514 1874 τὴν
2554 1804 2716 1874 φύσιν
2765 1806 3129 1877 πιστώσηται,
3180 1807 3274 1859 καὶ
3304 1808 3440 1859 πᾶσι
3484 1808 3725 1879 καθαρὰν

2163 1894 2263 1966 τὴν
2312 1894 2622 1965 οἰκονομίαν
2676 1897 2982 1964 φαντασίας
3032 1899 3357 1967 ἐργάσηταιο
3405 1899 3645 1967 παρίστη
3675 1898 3725 1950 δὲ

2165 1988 2326 2042 πάλιν
2352 1987 2515 2051 εὕθυς
2544 1988 2642 2057 τὴν
2675 1990 2817 2040 κατὰ
2852 1987 2949 2041 τοῦ
2982 1988 3213 2041 θανάτου
3248 1987 3519 2056 μεγίστην
3540 1988 3723 2057 ὁρμὴν,

2165 2080 2261 2133 καὶ
2298 2078 2394 2149 τὴν
2446 2079 2624 2149 ἄκραν
2669 2079 2764 2132 τοῦ
2816 2080 2939 2133 κατ’
2979 2081 3141 2131 αὐτὸν
3178 2078 3550 2151 ὰνθρωπικοῦ,
3599 2080 3723 2147 πρὸς

2166 2170 2226 2223 τὸ
2257 2172 2457 2224 οἰκεῖον
2504 2170 2667 2223 αὐτοῦ
2718 2171 2813 2224 καὶ
2862 2171 3137 2241 Πατρικὺν
3183 2170 3413 2240 θέλημα,
3464 2168 3723 2238 συμφυίαν

2167 2264 2265 2316 καὶ
2308 2262 2522 2327 ἕνωσιν,
2576 2262 2654 2332 τῷ
2711 2264 2988 2332 ἐπικρῖναι
3041 2261 3199 2314 τοῦτο
3229 2260 3323 2313 καὶ
3355 2262 3606 2328 φάσκεινο
3639 2258 3721 2327 Μὴ

2168 2356 2236 2407 τὸ
2261 2355 2427 2424 ἐμὸν,
2464 2355 2622 2410 ἀλλὰ
2668 2353 2735 2408 τὸ
2780 2353 2896 2408 σόν
2935 2355 3215 2424 γενέσθω.
3266 2352 3453 2423 Ταύτῃ
3502 2351 3602 2420 μὲν
3636 2352 3719 2421 τὴν

2167 2446 2433 2519 διαίρεσιν
2476 2448 2897 2519 ἀπωθούμενος,
2943 2446 3129 2519 ἐκείνῃ
3165 2445 3221 2499 δὲ
3259 2444 3421 2499 πάλιν
3472 2442 3571 2512 τὴν
3606 2441 3721 2509 σύγ-

2173 2556 2351 2611 χυσιν.

2233 2720 2297 2775 Εί
2330 2720 2409 2782 δὲ,
2448 2720 2531 2773 ὅτι
2588 2718 2662 2790 μὴ
2711 2717 2902 2773 ἄλλοτε
2936 2717 3185 2787 φαίνεται
3220 2716 3317 2771 τοῦ
3356 2716 3538 2771 θέλειν
3561 2718 3720 2787 ἔμφα-

2169 2829 2254 2865 σιν
2282 2809 2735 2881 πεποιημένος,ἢ
2783 2809 2927 2862 κατὰ
2986 2809 3076 2863 τὸν
3120 2809 3309 2880 καιρὸν
3352 2810 3451 2863 τοῦ
3510 2811 3722 2875 πάθους,

2164 2902 2340 2956 ταῦτά
2371 2917 2526 2971 φασι,
2565 2900 2723 2954 τοῦτο
2767 2901 2858 2953 καὶ
2900 2900 3031 2969 περὶ
3065 2900 3165 2969 τῆς
3211 2901 3460 2969 ἐμφύτου
3501 2905 3727 2972 νοήσεως

2166 2992 2395 3057 εῐποιεν,
2421 2992 2515 3045 καὶ
2560 2992 2719 3047 ἄνουν
2769 2991 2935 3045 αὐτὸν
2964 2993 3492 3046 κατασκευάσουσιν.
3521 2994 3597 3045 οὐ
3629 2995 3728 3065 γὰρ

2165 3083 2417 3153 φαίνεται
2470 3080 2627 3145 λέξας
2677 3082 2759 3133 ὅτι
2799 3081 3052 3150 νενίπγκα.
3100 3081 3210 3134 Καὶ
3241 3084 3371 3152 περὶ
3414 3083 3729 3152 ὀσφρήσεως

2087 3168 2127 3222 C
2165 3175 2385 3247 ὁμοίως,
2433 3173 2526 3226 καὶ
2580 3173 2688 3227 τῶν
2742 3171 2943 3225 λοιπῶν
2993 3171 3115 3225 καθ’
3171 3173 3319 3242 ἡμᾶς
3356 3173 3623 3241 φυσικῶν,
3661 3167 3730 3227 ὧν

2169 3265 2549 3338 μνημονεύσας
2602 3265 2705 3318 οὐκ
2748 3265 3189 3335 ἀναγέγραπται.
3232 3264 3303 3315 Ἦ
3337 3265 3436 3317 καὶ
3473 3264 3604 3334 περὶ
3639 3262 3731 3332 τῆς

2165 3355 2343 3426 ψυχῆς
2381 3355 2578 3423 αὑτῆς,
2605 3354 2680 3418 ὡς
2720 3355 2781 3408 οὐ
2827 3354 3094 3424 πρότερον
3129 3352 3296 3422 οὔσης
3327 3353 3451 3406 καθ’
3484 3352 3729 3424 ὓπαρξιν,

2166 3449 2262 3516 ἀφ’
2289 3441 2350 3501 οὗ
2370 3448 2591 3515 γέγονεν
2616 3446 2918 3517 ἄνθρωπος,
2956 3446 3071 3500 ἀλλ’
3093 3446 3125 3516 ἣ
3160 3446 3317 3515 μόνον
3340 3446 3542 3499 ὁπόταν
3574 3444 3731 3512 αὐτῆς

2167 3539 2594 3609 ἐμνημόνευσεν.
2634 3540 2707 3592 Οὐ
2736 3538 2843 3609 πρὸ
2870 3539 3068 3601 πολλοῦ
3091 3540 3200 3611 γὰρ
3222 3540 3316 3594 τοῦ
3347 3539 3560 3602 πάθους
3586 3524 3731 3592 τοῦτο

2169 3631 2490 3701 πεποιηκὼς
2538 3632 2926 3703 ἀνηγόρευται.
2988 3633 3061 3685 Ἦ
3103 3633 3279 3686 τοίνυν
3331 3631 3729 3701 σχεδιασθεῖσαν

2166 3722 2335 3792 αὐτὴν
2374 3723 2575 3776 αὐτίκα
2632 3722 2892 3784 είπωσιν,
2928 3722 3010 3775 ὅτι
3049 3721 3125 3792 μὴ
3184 3721 3448 3783 πολλάκις
3498 3721 3597 3773 καὶ
3640 3719 3727 3773 ἀπ’

2169 3813 2347 3883 ἀρχῆς
2386 3812 2561 3882 αὐτῆς
2601 3814 3033 3883 ἐμνημόνευσεν·
3071 3814 3103 3884 ἢ
3147 3812 3305 3866 τοῦτο
3351 3812 3435 3883 μὴ
3466 3811 3725 3879 λέγοντες,

2169 3903 2281 3956 ἀλλ’
2310 3921 2329 3955 ι
2380 3904 2531 3971 ’Λμα
2564 3903 2720 3974 σὰρξ,
2762 3903 2878 3973 ἅμα
2912 3902 3048 3957 θεοῦ
3092 3904 3266 3971 Λόγου
3309 3902 3446 3974 σὰρξ
3476 3902 3725 3971 ἔμψυχος,

2169 3994 2385 4064 λογικὴ,
2422 4014 2441 4047 ι
2474 3996 2615 4049 κατὰ
2647 3994 2739 4048 τὸν
2769 3996 2944 4065 μέγαν
2991 3995 3304 4049 Ἀθανάσιον
3330 3993 3725 4063 δογματίζουσι,

2172 4088 2265 4143 καὶ
2294 4089 2355 4141 τὸ
2388 4088 2615 4157 φυσικὸν
2662 4088 2737 4151 ὡς
2778 4086 3064 4158 ἀνθρώπου
3098 4087 3190 4140 τοῦ
3224 4086 3477 4156 Σωτῆρος
3505 4084 3724 4154 θέλημα,

2173 4179 2249 4249 μὴ
2286 4181 2428 4233 κατὰ
2459 4179 2549 4232 τὸν
2597 4178 2788 4249 καιρὸν
2835 4174 2975 4232 εἶναι
3011 4177 3106 4231 τοῦ
3150 4176 3356 4241 πάθους
3400 4178 3613 4245 λέξουσι
3638 4178 3725 4247 μό-

2171 4286 2282 4335 νον,
2319 4272 2368 4322 εί
2412 4272 2504 4323 καὶ
2545 4272 2768 4341 μνήμην
2798 4269 2998 4323 αὐτίκα
3034 4267 3223 4321 τούτου
3270 4268 3594 4339 πεποίηκεν·
3621 4267 3722 4323 ἀλλ’

2170 4364 2265 4416 ἀπ’
2301 4361 2473 4432 ἀρχῆς
2500 4362 2575 4425 ὠς
2615 4360 2888 4432 ἀνθρώπῳ
2912 4360 3035 4415 καθ’
3067 4361 3215 4432 ἡμᾶς
3249 4360 3498 4430 φυσικῶς
3521 4360 3599 4432 τῷ
3626 4359 3722 4413 Σω-

489 4452 642 4506 velut
668 4452 721 4505 in
749 4450 930 4515 nobis,
958 4466 1021 4505 ac
1049 4468 1168 4519 qua:
1200 4451 1277 4504 illi
1311 4463 1565 4521 tanquam
1613 4451 1824 4505 homini
1868 4460 2054 4505 natura

2173 4454 2299 4524 τῆρι
2335 4452 2791 4523 συνουσιωμένονο

490 4543 975 4600 consubstantialis
1002 4544 1074 4596 sit
1099 4560 1111 4595 :

545 4641 707 4696 Subit
726 4650 908 4695 autem
945 4636 1131 4692 mirari
1156 4644 1213 4690 et
1231 4634 1299 4689 de
1319 4632 1658 4702 operatione,
1683 4630 1959 4700 quomodo
1985 4629 2042 4684 in

469 4732 694 4787 Christo
727 4746 888 4783 unam
913 4742 1033 4783 esse
1053 4727 1309 4787 deceant,
1330 4724 1498 4778 relate
1522 4724 1778 4777 nimirum
1802 4722 1869 4776 ad
1902 4721 2043 4775 indi-

478 4824 722 4882 viduum,
758 4822 1009 4890 ejusque,
1225 4824 1285 4869 ut
1317 4815 1417 4883 ipsi
1440 4816 1763 4883 loquuntur,
1787 4812 2042 4867 conside-

476 4912 713 4964 ratione.
729 4910 909 4978 Atque
930 4919 991 4962 ιιι
1009 4906 1223 4960 mittam
1241 4905 1447 4967 dicere,
1464 4918 1655 4957 eorum
1683 4916 1804 4971 qua:
1820 4909 2046 4955 natura-

476 5002 546 5055 lia
579 5010 727 5065 sunt,
748 5000 883 5053 nihil
908 5000 1085 5068 primo
1114 4998 1182 5051 ad
1220 4994 1565 5051 individuum
1588 4992 1913 5047 relationem
1948 4992 2046 5046 ha-

475 5094 626 5157 bere,
646 5094 741 5147 sed
767 5092 833 5147 ad
852 5103 1106 5157 naturain
1129 5089 1303 5158 ipsius
1320 5104 1380 5142 ac
1395 5087 1714 5142 essentiam.
1735 5084 1876 5151 Quid
1897 5083 2044 5139 enim

473 5186 598 5255 quis
612 5185 829 5256 operari
861 5184 1033 5254 possit
1049 5183 1256 5251 absque
1275 5180 1343 5235 iis
1360 5179 1736 5242 facultatibus,
1752 5193 1871 5247 qua:
1888 5187 2048 5231 natu-

475 5293 551 5334 ra:
580 5278 804 5332 insunt?
839 5276 1063 5333 Undeve
1102 5274 1268 5329 alicui
1315 5282 1375 5327 ut
1404 5282 1668 5341 operetur
1710 5269 1918 5337 absque
1952 5282 2049 5323 na-

477 5383 622 5432 tura,
686 5372 781 5425 aut
844 5378 903 5423 ut
952 5370 1073 5438 ejus
1133 5367 1405 5437 praeditus
1461 5364 1725 5418 facultate
1769 5362 2049 5417 exsistat?

474 5463 792 5530 Libensque
832 5461 1006 5518 exiis
1059 5459 1406 5529 quazsierim,
1477 5471 1609 5510 num
1656 5464 1717 5507 ut
1770 5452 2051 5507 naturales

474 5554 829 5624 operationes
884 5553 1228 5617 interimant,
1289 5552 1433 5606 hanc
1499 5547 1788 5619 objiciunt,
1834 5544 2051 5600 necne?

478 5645 537 5701 Si
583 5645 732 5700 enim
790 5654 849 5698 ut
906 5645 1248 5711 interimant,
1294 5642 1595 5715 quomodo,
1633 5639 1878 5711 qualisve
1928 5648 2049 5693 tan-

562 5813 584 5851 ⁸
614 5813 806 5871 Matth.
840 5833 985 5882 XXVI,
1015 5819 1101 5873 39.

2248 4634 2464 4686 Ἔπεισι
2496 4631 2553 4685 δέ
2586 4648 2676 4701 μοι
2718 4632 3020 4703 θαυμάζειν
3054 4636 3147 4688 καὶ
3174 4634 3307 4704 περὶ⁵
3333 4635 3636 4706 ἐνεργείας,
3660 4635 3725 4696 ὡς

2175 4723 2303 4794 μίαν
2333 4723 2539 4793 ταύτην
2571 4723 2665 4776 ἐπὶ
2700 4723 2939 4793 Χριστοῦ
2967 4724 3377 4794 δογματίζουσι,
3406 4729 3477 4795 τῇ
3524 4726 3653 4795 πρὸς
3672 4724 3726 4775 τὸ

2170 4816 2393 4884 ἄτομον,
2416 4814 2490 4876 ὡς
2523 4815 2678 4867 αὐτοί
2740 4831 2923 4883 φασιν,
2951 4816 3327 4886 ἀποσκοπήσει
3350 4816 3445 4869 καὶ
3472 4815 3722 4885 ἀναφορᾷ.

2172 4905 2280 4958 Καὶ
2306 4904 2391 4956 ἵνα
2428 4904 2584 4972 παρῶ
2613 4904 2815 4971 λέγειν,
2848 4905 2922 4967 ὡς
2961 4904 3113 4958 οὐδὲν
3145 4904 3253 4957 τῶν
3283 4906 3533 4974 φυσικῶν
3564 4906 3637 4968 ὡς
3659 4903 3725 4963 εἰς

2170 4996 2372 5065 ἄτομον
2424 4994 2872 5065 προηγουμένως,
2918 4995 3055 5048 ἀλλὰ
3100 4994 3201 5063 τὴν
3252 4995 3443 5049 τούτου
3495 4996 3726 5065 φύσιντε

2171 5088 2265 5141 καὶ
2291 5086 2478 5140 οὐσίαν
2529 5086 2642 5157 ἔχει
2690 5088 2788 5157 τὴν
2849 5086 3148 5156 ἀναφοράν.
3186 5087 3283 5149 Τίς
3320 5087 3431 5157 γὰρ
3470 5087 3599 5140 ἄνευ
3632 5084 3725 5137 τῶν

2170 5179 2417 5249 φυσικῶς
2469 5180 2781 5249 προσόντων
2831 5182 2897 5250 τῇ
2936 5179 3096 5247 φύσει
3145 5179 3450 5249 δυνάμεων,
3493 5177 3720 5247 ἐνεργεῖν

2168 5289 2221 5326 τι
2250 5272 2451 5325 δύναιτ’
2478 5271 2574 5337 ἄν;
2610 5270 2643 5341 ἢ
2668 5271 2831 5323 πόθεν
2856 5271 3006 5341 αὐτῷ
3034 5272 3094 5324 τὸ
3125 5270 3423 5340 ἑνεργεῑνῆ
3456 5267 3715 5325 δύνασθαι,

2172 5362 2348 5433 πάρεξ
2376 5362 2475 5433 τῆς
2515 5363 2768 5429 φύσεωςζ
2814 5363 3024 5415 Ἐκεῖνο
3050 5362 3108 5415 δὲ
3140 5361 3417 5431 ἐρωτῆσαι
3454 5360 3717 5429 βούλομαι·

2154 5454 2314 5526 ,Πρὸς
2347 5455 2623 5525 ἀναίρεσιν
2662 5454 2769 5523 ἄρα
2798 5452 2904 5505 τῶν
2935 5451 3182 5521 φυσικῶν
3213 5450 3505 5521 ἐνεργειῶν
3539 5449 3720 5514 ταύτην

2176 5543 2517 5614 προΐσχοντο,
2554 5542 2678 5617 ἢτί
2703 5561 2718 5609 ;
2748 5543 2811 5596 Et
2846 5542 2953 5612 γὰρ
2980 5542 3067 5593 ἐπ’
3090 5540 3392 5610 ἀναιρέσει,
3438 5540 3577 5604 πῶς,
3608 5536 3716 5589 πότε

2171 5635 2266 5688 καὶ
2304 5635 2432 5686 ποῖα
2461 5635 2601 5687 κατὰ
2630 5633 2727 5705 τὴν
2757 5632 2979 5686 ἐκείνων
3010 5631 3323 5686 ἁπόπαυσιν
3360 5631 3445 5703 εἴη
3474 5630 3534 5683 τὸ
3566 5625 3716 5698 παρά·
