3952 6548
272 394 413 460 1133

1248 400 1617 463 PANOPLH
1658 399 2108 462 DOGMATlCA.
2144 423 2211 434 -··
2246 397 2395 458 Tl'l‘.
2433 394 2588 456 XXI.

3388 390 3528 457 ΗΜ

266 529 376 566 παν
399 512 689 583 ὲνὲργειας
724 511 799 577 ῶς
821 512 933 583 γὰρ
964 514 1182 579 φύσεων
1212 518 1312 569 οὐκ
1347 514 1545 578 οὐσῶν,
1578 518 1671 566 καὶ
1706 515 1765 566 τὸ
1796 514 1846 579 ἐξ

1960 513 2102 574 item,
2132 510 2236 563 illis
2259 507 2531 564 submotis
2562 518 2625 558 ac
2647 502 2947 574 abrogatis,
2980 502 3163 560 futura
3239 506 3529 576 operatio?

266 603 790 672 αὑτωνάφανίζεται
828 606 904 658 πά
938 623 1073 669 τως,
1103 607 1135 676 ἡ
1170 604 1425 667 σύνθετος
1442 606 1585 673 λέγω
1600 605 1839 659 ὑπόστα-

272 717 381 763 σις’
410 697 555 753 οὕτω
581 698 677 751 καὶ
704 698 813 750 τῶν
858 698 1105 767 φυσικῶν
1148 697 1451 768 ἐνεργειῶν
1483 697 1584 750 οὐκ
1632 696 1836 762 οὐσῶν,

268 792 381 845 οὐδ’
417 791 554 861 άλλη
583 790 644 843 τὸ
669 789 889 843 σύνολον
920 790 1095 845 ἔσται.
1138 792 1247 843 Καὶ
1279 791 1339 842 ού
1364 788 1511 858 λέγω
1542 788 1722 853 τοῦτο,
1768 790 1843 853 ὡς

269 885 443 953 ἄλλης
487 884 771 955 ἐνεργείας
824 882 890 935 ἐκ
958 881 1069 935 τῶν
1113 881 1363 950 φυσικῶν
1417 882 1842 951 συνισταμένης.

274 974 412 1027 Οὐδὲ
456 974 555 1043 μία
602 974 712 1044 γὰρ
740 974 850 1026 τῶν
911 975 970 1027 ἂν
1005 974 1356 1044 ὑποκειμένῳ
1416 973 1687 1037 σύνθεσις·
1724 977 1845 1029 Ὀτι

275 1067 413 1137 μηδὲ
437 1065 537 1137 τὴν
572 1065 889 1120 καθ’ἑαυτὰ
940 1067 1001 1121 τὸ
1044 1065 1267 1120 σύνολον
1308 1066 1567 1135 ὓπαρξιν,
1622 1067 1759 1119 ἀλλά
1790 1066 1851 1117 τὸ

272 1166 480 1219 εἰκαῖον
514 1164 777 1233 παριστᾷ.
822 1164 907 1226 Ὠς
937 1164 985 1214 εί
1032 1162 1130 1224 τὰς
1164 1160 1367 1229 κυρίως
1397 1162 1539 1212 κατὰ
1566 1160 1730 1227 φύσιν
1764 1156 1849 1210 οὗ·

271 1274 373 1318 σας
399 1255 501 1309 οὐκ
524 1249 663 1309 εἶναι
683 1253 922 1322 λέγουσι,
963 1252 1080 1317 πῶς
1115 1251 1346 1323 ὑπάρξει
1374 1251 1434 1304 τὸ
1467 1249 1733 1321 μηδαμῶς
1758 1248 1847 1314 δν;

271 1347 369 1409 Τίς
399 1347 507 1417 γάρ
535 1348 651 1400 ἐστι
680 1347 1053 1416 ὑποστατικὴν
1086 1345 1262 1412 λέγων
1292 1344 1596 1413 ἐνέργειαν,
1624 1342 1716 1394 καὶ
1749 1340 1850 1394 πό-

271 1439 366 1491 οεν
396 1439 573 1502 τοῦτο,
606 1440 700 1492 καὶ
741 1440 891 1508 παρά
936 1439 1081 1503 τίνος
1128 1436 1384 1501 λαϐόντες
1414 1433 1845 1505 προσφέρουσινς

270 1533 335 1585 Εἰ
366 1532 424 1584 δὲ
533 1530 689 1585 τοῦτο
719 1531 880 1600 τυχὸν
915 1529 1332 1597 ἀποφαίνονται,
1375 1525 1629 1580 σύνθετον
1667 1524 1723 1578 δὲ
1751 1524 1848 1596 τὴν

271 1626 576 1677 ὑπόστασιν
606 1623 930 1694 ὁμολογοῦσι
966 1623 1104 1693 πρὸς
1132 1623 1197 1693 ἢν
1237 1620 1591 1690 ἀναφέρεται,
1614 1618 1709 1672 καὶ
1740 1616 1849 1671 τῶν

272 1716 537 1769 ἐναντίων
595 1716 688 1769 καὶ
738 1714 1135 1784 ἀντικειμένων
1184 1712 1462 1782 δεκτικήν·
1509 1708 1711 1780 θνητὴν
1739 1708 1848 1779 γὰρ

272 1809 369 1860 καὶ
401 1807 690 1875 ἀθάνατον,
756 1808 963 1878 δρατὴν
1016 1806 1110 1860 καὶ
1161 1805 1416 1874 ἀόρατον,
1468 1801 1848 1874 περιγραπτὴν

1951 604 2087 658 Nam
2118 602 2261 658 sicut
2288 600 2498 654 naturis
2530 614 2638 653 non
2695 598 3083 653 exsisteutibus
3109 612 3333 667 prorsus
3361 602 3526 653 etiam

1953 710 2176 752 necesse
2232 706 2311 750 est
2370 692 2574 749 aboleri
2626 690 2770 760 quod
2830 705 2895 745 ex
2942 690 3023 745 eis
3075 700 3160 746 est
3213 689 3526 762 (personam

1949 788 2156 844 scilicet
2184 784 2594 855 compositam),
2636 783 2714 839 sic
2752 797 2966 851 quoque
3018 797 3142 837 cum
3187 798 3289 837 non
3315 795 3532 839 exstent

1950 881 2229 937 naturales
2266 879 2634 948 Operatiunes,
2666 892 2767 930 nec
2794 878 2899 930 ulla
2961 876 3063 931 alia
3088 877 3317 931 omnino
3346 876 3528 931 futura
3596 908 3597 911 η

1950 984 2052 1032 est.
2086 974 2273 1043 Neque
2298 975 2399 1027 hoc
2431 973 2577 1033 ilico,
2632 970 2788 1041 quasi
2828 970 2991 1023 aliam
3046 985 3113 1026 ex
3186 968 3530 1023 naturalibus

1953 1065 2293 1121 eouflandam
2324 1065 2698 1133 operationem
2731 1062 2909 1116 velim.
2943 1061 3141 1117 Eorum
3211 1064 3354 1117 enim
3405 1074 3529 1129 qua:

1947 1172 2081 1217 sunt
2126 1163 2184 1217 in
2232 1163 2504 1232 subjecto,
2554 1164 2703 1218 nulla
2735 1174 2818 1218 est
2848 1164 3209 1234 compositio;
3246 1160 3393 1232 quod
3425 1162 3532 1214 sci-

1948 1253 2077 1309 licet
2113 1269 2222 1308 non
2263 1254 2378 1325 ipsa
2421 1272 2548 1311 vere
2594 1258 2821 1312 omnino
2874 1273 2937 1311 ac
2986 1273 3085 1325 per
3130 1272 3188 1311 se
3243 1256 3532 1317 exsistant,

1948 1345 2045 1398 sed
2082 1344 2265 1399 debile
2292 1346 2577 1417 quidpiam
2620 1364 2931 1418 vanumque
2955 1348 3273 1402 exhibeant.
3303 1346 3533 1411 Quocir-

1949 1453 2008 1493 ca
2045 1440 2090 1492 si
2128 1456 2250 1508 qua:
2283 1456 2411 1495 vere
2438 1452 2571 1496 sunt
2609 1459 2710 1512 per
2760 1454 3011 1497 naturam
3049 1457 3169 1496 esse
3196 1439 3530 1501 inliciautur,

1948 1529 2043 1598 qui
2088 1528 2182 1584 ﬂat
2244 1540 2303 1586 ut
2343 1531 2489 1600 quod
2562 1548 2831 1601 nusquam
2886 1532 3093 1601 aliquid
3149 1540 3255 1594 est,
3309 1531 3361 1585 td
3404 1545 3535 1585 vero

1951 1622 2131 1692 reipsa
2158 1622 2499 1677 exsistcntia:
2528 1639 2752 1694 compos
2783 1623 3053 1679 exsistat?
3094 1624 3230 1691 Quis
3270 1624 3417 1678 enim
3453 1632 3535 1676 est

1950 1713 2045 1784 qui
2098 1715 2444 1783 personalem
2493 1715 2869 1784 operationem
2906 1714 3073 1779 dicat,
3127 1724 3223 1769 aut
3251 1714 3399 1768 unde
3430 1714 3536 1767 hoc

1951 1814 2006 1860 et
2052 1821 2082 1859 a
2151 1820 2261 1873 quo
2308 1816 2596 1874 acceptum
2648 1806 2970 1875 proferant?
3020 1806 3115 1860 Sin
3165 1813 3347 1859 autem
3394 1804 3535 1856 forte

273 1902 367 1954 καὶ
397 1874 804 1971 ἀπερίγραφον,
821 1874 1058 1970 ἄναρχον
1084 1897 1178 1949 καὶ
1210 1896 1312 1949 ὑπὸ
1335 1895 1527 1967 ἀρχὴν,
1548 1897 1698 1947 ἔσται
1726 1893 1846 1948 τοῦ-

1954 1895 2101 1949 istud
2154 1905 2431 1960 asserunt,
2483 1914 2885 1968 personamque
2932 1898 2999 1952 ad
3052 1913 3215 1967 quam
3272 1896 3529 1958 refertur,

272 2008 337 2044 το
366 1992 510 2045 κατά
537 1992 597 2045 τὸ
624 1992 768 2056 είκδς
801 1992 896 2044 καὶ
923 1992 956 2062 ή
989 1991 1262 2059 ἐνέργεια.
1296 1990 1407 2041 Καὶ
1436 1986 1552 2051 πῶς
1582 1986 1777 2049 ἄλλως,
1812 1984 1843 2056 ἢ

274 2085 396 2139 καθ’
413 2085 527 2152 ἕξιν
550 2084 792 2156 δηλονότι
816 2084 913 2138 καὶ
940 2083 1230 2154 στέρησινς
1255 2081 1349 2135 καὶ
1367 2082 1435 2134 τὰ
1455 2080 1573 2149 μὲν,
1593 2078 1668 2141 ὼς
1686 2072 1844 2138 οὖσα,

272 2175 545 2237 πείσεται,
575 2175 645 2228 τὰ
675 2174 753 2239 δὲ,
785 2174 858 2237 ὡς
891 2173 966 2244 μὴ
994 2169 1147 2233 οὖσα,
1172 2170 1605 2243 παρυποστησει.
1642 2167 1765 2230 Πῶς
1790 2165 1848 2218 δὲ

272 2267 368 2322 καὶ
398 2268 428 2321 δ
453 2266 709 2337 τοιαύτην
735 2266 872 2336 ἔχων
895 2266 1201 2336 ἐνέργειαν,
1232 2262 1371 2317 κατά
1401 2261 1460 2314 τὺ
1481 2260 1612 2315 αὐτὸ
1632 2258 1725 2312 καὶ
1748 2258 1849 2311 οὐκ

272 2361 403 2414 ἄλλο
432 2360 525 2414 καὶ
552 2359 697 2420 ἄλλο,
731 2360 814 2412 ὅτι
849 2358 982 2429 μηδὲ
1015 2357 1222 2426 ἐκείνη,
1257 2355 1323 2408 τά
1358 2354 1519 2423 ὃμοια
1558 2351 1845 2412 πείσεται;

272 2438 571 2524 προσφυῶς
584 2452 690 2522 γὰρ
706 2451 848 2523 ἔχειν
862 2454 927 2522 τῇ
943 2450 1119 2522 οἰκείᾳ
1131 2450 1382 2519 ἐνεργείᾳ
1393 2447 1484 2500 τὸν
1500 2443 1846 2517 ἐνεργοῦντα,

273 2547 506 2618 κάκείνη
530 2545 726 2617 τούτῳ,
758 2546 909 2598 πᾶσα
936 2544 1172 2613 ἀνάγκη.
1201 2542 1309 2595 Καὶ
1338 2541 1453 2604 πῶς
1484 2539 1639 2603 Θεὸς,
1666 2540 1695 2593 ὁ
1716 2537 1846 2601 ἕξει,

271 2640 369 2692 καὶ
402 2638 477 2710 μὴ
510 2637 671 2705 φύσει
698 2636 863 2700 Θεός;
906 2635 1029 2697 Πῶς
1060 2634 1117 2687 δὲ
1148 2632 1456 2704 ἄνθρωπος,
1489 2631 1517 2684 ὁ
1565 2629 1846 2700 στερήσει,

270 2731 366 2782 καὶ¹
402 2730 477 2800 μὴ
519 2728 679 2799 οὐσίᾳ
706 2727 910 2800 κυρίως
935 2726 1095 2781 τοῦτο
1140 2725 1444 2796 ὑπάρχων;
1476 2721 1572 2785 Τίς
1600 2722 1655 2775 δὲ
1689 2719 1849 2789 φύσις

269 2819 706 2891 ἀνενέργητος,ἢ
741 2820 977 2888 φυσικῆς
999 2816 1280 2889 ἐνεργείας
1312 2815 1467 2878 ἐκτός
1491 2814 1611 2881 ;Ὠς
1634 2811 1742 2883 γὰρ
1758 2811 1843 2865 οὐ·

267 2910 459 2980 δαμῶς
484 2910 772 2980 ὑπάρξεως
793 2908 1019 2980 ἔρημος,
1044 2908 1217 2972 οὕτως
1236 2908 1356 2962 οὐδὲ
1376 2908 1660 2976 δυνάμεως
1682 2922 1847 2975 φυσι-

270 3005 398 3074 κῆς.
430 3004 493 3058 Εἰ
516 3003 573 3057 δὲ
604 3003 808 3074 ταύτης
840 3003 1081 3074 ἀμοιρεῖ,
1125 3002 1223 3056 καὶ
1250 3004 1347 3069 τῆς
1377 2999 1662 3071 ὑπάρξεως
1691 2999 1850 3068 ἀμοι-

270 3099 492 3169 ρήσειεν
528 3096 615 3150 ἄν.
664 3096 739 3148 Τὸ
786 3094 895 3165 γὰρ
938 3095 1232 3165 ἀδύναμον,
1275 3092 1351 3155 ὡς
1398 3090 1627 3161 ἀδρανὲς
1668 3087 1847 3158 πάντη

272 3190 436 3259 μόνον
466 3190 587 3242 ἐστὶ
612 3188 676 3241 τὸ
703 3188 780 3259 μὴ
809 3187 887 3241 δν.
927 3189 1042 3241 Πᾶν
1070 3186 1180 3259 γὰρ
1208 3184 1263 3239 εί
1292 3202 1348 3239 τι
1368 3183 1487 3251 ⁵τῶν
1524 3183 1715 3247 ὄντων,
1754 3197 1849 3233 συ-
1878 3194 1920 3251 c

270 3279 538 3351 στατικὴν
571 3278 684 3351 ἔχει
743 3280 1037 3350 διαφορὰν,
1082 3278 1182 3349 τὴν
1234 3276 1476 3347 ἔμφυτον
1517 3274 1730 3345 κίνησιν
1767 3270 1847 3342 τῷ

266 3372 423 3441 γένει
458 3389 521 3425 συ
530 3370 1168 3443 μπαραλαμϐανομένην,
1201 3372 1296 3423 καὶ
1321 3368 1583 3422 ποιοῦσαν
1598 3365 1692 3419 τοῦ
1717 3364 1847 3418 ὑπο-

216 3498 233 3513 ·
268 3465 526 3535 κειμένου
573 3464 662 3518 τὸν
699 3464 959 3535 ὁρισμὸν,
1005 3463 1073 3516 δι’
1113 3458 1174 3515 οὗ
1219 3462 1300 3515 ὅτι
1338 3460 1456 3515 ἐστὶ
1500 3459 1595 3513 καὶ
1632 3457 1685 3511 τί
1730 3457 1848 3511 ἐστι

268 3555 479 3627 κυρίως
508 3552 852 3626 γνωρίζεται,
896 3554 1031 3626 πρός
1064 3571 1122 3607 τε
1158 3551 1226 3606 τὰ
1253 3551 1474 3623 ὁμοειδῆ
1502 3549 1563 3603 τὸ
1596 3546 1845 3619 ἀπαράλ-

268 3646 467 3699 λακτον
502 3645 643 3717 ἔχον,
688 3646 786 3699 καὶ
826 3645 887 3698 τὸ
936 3645 1192 3715 διάφορον
1242 3639 1398 3706 αὖθις
1449 3640 1585 3713 πρὸς
1630 3638 1701 3692 τά
1728 3640 1847 3691 ἑτε-

270 3736 479 3809 ροειδῆ’
517 3736 611 3790 καὶ
662 3737 710 3789 εί
751 3736 931 3801 τοῦτο,
981 3735 1097 3798 πῶς
1131 3733 1357 3787 δυνατὸν
1388 3734 1589 3802 φυσικῇ
1622 3729 1846 3798 δυνάμει

269 3828 609 3899 ἀμοιροῦντα
650 3828 794 3882 κατὰ
835 3827 1035 3898 σάρκα,
1072 3827 1163 3881 τὸν
1206 3824 1705 3896 ὲνανθρωπήσαντα
1752 3820 1847 3875 Δό-

268 3935 367 3986 γον
392 3918 680 3987 ἄνθρωπον
705 3916 931 3981 τέλειον,
983 3917 1017 3987 ἢ
1068 3917 1205 3979 ὅλως
1248 3914 1533 3986 ἄνθρωπον
1578 3909 1849 3985 χρηματί-

272 4012 417 4075 ζειν.
451 4011 527 4063 Oti
564 4009 672 4081 γὰρ
715 4009 837 4080 δίχα
878 4008 1113 4078 φυσικῆς
1156 4005 1439 4078 ἐνεργείας
1475 4006 1503 4059 δ
1536 4004 1842 4076 ἄνθρωπος,

267 4102 468 4173 ὥσπερ
510 4100 617 4154 οὐδ’
650 4101 785 4171 άλλη
828 4100 992 4170 φύσις
1016 4100 1115 4170 τῆς
1149 4099 1357 4162 οἰκείας
1397 4096 1492 4150 καὶ¹
1531 4096 1842 4157 οὐσιὼδους.

278 4191 347 4244 Ἥ
386 4192 495 4262 γὰρ
526 4191 762 4261 ἔλλειψις
792 4192 1013 4263 ταύτης,
1062 4192 1096 4262 ἢ
1145 4190 1269 4244 οὑδὲ
1317 4188 1481 4258 φύσιν
1517 4183 1658 4241 εἶναι
1703 4188 1847 4239 ποιεί

267 4286 370 4353 τὴν
415 4283 599 4350 φύσιν,
629 4282 661 4353 ἦ
700 4282 801 4347 τάς
833 4282 1015 4345 πάσας
1054 4282 1309 4353 ἀλλήλαις
1335 4278 1554 4343 ταυτὸν,
1591 4279 1685 4333 καὶ
1722 4279 1846 4332 ἀντὶ

269 4374 491 4427 πάντων
528 4373 681 4443 μίαν,
731 4375 798 4444 τῇ
847 4374 1130 4443 ἀπολείψει
1173 4373 1274 4444 τῆς
1322 4371 1660 4437 συνιστώσης
1706 4387 1848 4441 συμ-

272 4461 541 4534 φυρείσας
576 4463 644 4516 δι’
676 4463 800 4516 ὅλου
834 4463 1218 4535 συγχυθείσας.
1248 4462 1311 4515 El
1338 4461 1448 4532 γὰρ
1485 4462 1585 4514 οὐκ
1605 4460 1845 4531 ἀνέργη-

1952 1985 2195 2042 fatentur
2237 1988 2636 2057 compositam;
2667 1989 3070 2044 contrariorum
3115 1988 3326 2043 scilicet
3360 1996 3415 2041 et
3441 2002 3534 2040 eo-

1950 2093 2073 2132 rum
2088 2094 2207 2147 qua:
2223 2079 2471 2149 Opposita
2494 2079 2603 2133 sint
2622 2095 2908 2149 capacem;
2939 2094 3156 2149 nempe,
3177 2079 3463 2132 mortalem
3479 2087 3533 2131 ct

1950 2166 2339 2233 immortalem,
2375 2170 2550 2223 oculis
2597 2170 2951 2239 conspicuam
2979 2177 3035 2221 et
3062 2167 3530 2236 inaspectabilem,

1948 2256 2419 2328 circumscriptam
2441 2268 2497 2314 et
2515 2260 3063 2329 incircumscriptam,
3085 2266 3357 2313 carentem
3381 2258 3533 2327 prin-

1948 2346 2093 2417 cipio
2122 2356 2178 2402 et
2212 2366 2333 2417 qua:
2359 2350 2631 2419 principio
2666 2350 2884 2415 subsit;
2921 2349 3068 2404 istud
3103 2349 3302 2403 merito
3334 2348 3443 2403 erit
3476 2356 3533 2403 et

1947 2440 2220 2509 Operatio.
2277 2440 2396 2506 Quo
2439 2456 2575 2495 vero
2630 2441 2737 2495 alio
2772 2442 2956 2506 modo,
3010 2456 3173 2510 quam
3225 2442 3530 2497 secundum

1948 2530 2202 2587 habitum
2247 2540 2304 2587 et
2336 2532 2745 2602 privationem?
2797 2536 2875 2589 Ac
2928 2534 3129 2602 partim
3171 2532 3416 2602 quidem,
3471 2539 3532 2587 ut

1948 2636 2071 2693 qua:
2104 2624 2354 2689 exsistat,
2408 2624 2680 2694 patietur;
2731 2626 2929 2694 partim
2974 2640 3127 2687 vero,
3168 2636 3231 2679 ut
3261 2640 3383 2693 quae
3416 2625 3532 2693 ipsa

1949 2728 2059 2769 non
2104 2713 2350 2779 exsistat,
2398 2712 2669 2768 diminute
2702 2721 2758 2767 et
2802 2712 2959 2782 quasi
3006 2712 3197 2766 umbra
3235 2711 3528 2767 substabit.

1947 2803 2054 2871 Qui
2103 2813 2287 2859 autem
2337 2805 2449 2868 fiat,
2501 2813 2564 2859 ut
2616 2803 2712 2858 tali
2758 2804 3021 2873 prteditus
3058 2804 3399 2873 operatione,
3440 2819 3530 2858 se-

1948 2892 2194 2948 cundum
2242 2892 2410 2955 idem,
2454 2902 2511 2946 et
2552 2908 2664 2946 non
2712 2891 2862 2946 aliud
2912 2902 3075 2961 atque
3104 2891 3254 2948 aliud
3287 2892 3531 2962 (quando

1950 2998 2055 3039 nec
2100 2982 2252 3054 ipsa)
2302 2984 2429 3038 talia
2483 2983 2779 3054 patiatur?
2833 2983 3164 3053 Operantem
3219 2984 3367 3039 enim
3421 3000 3533 3040 suae

1951 3076 2197 3145 coaptari
2263 3076 2598 3147 operationi,
2652 3077 2903 3146 hancque
2952 3076 3031 3132 illi
3083 3092 3414 3147 congeneam
3467 3093 3533 3134 ac

1952 3167 2166 3221 aliinem
2200 3182 2341 3229 esse,
2372 3182 2596 3237 prorsus
2619 3182 2843 3223 necesse
2872 3176 2975 3222 est.
3022 3167 3336 3239 Ecquonam
3366 3168 3533 3224 modo

1951 3258 2118 3324 Deus,
2158 3259 2253 3328 qui
2294 3274 2403 3314 non
2426 3266 2647 3324 natura,
2673 3259 2767 3315 sed
2794 3260 2942 3315 illius
2986 3260 3180 3315 habitu
3214 3259 3319 3315 sit?
3344 3259 3535 3327 Quove

1952 3350 2115 3404 modo
2177 3350 2365 3415 homo,
2419 3351 2514 3420 qui
2566 3352 2913 3421 privatione.
2961 3362 3019 3408 et
3067 3367 3179 3407 non
3225 3351 3533 3408 substantia

1953 3452 2077 3493 vere
2144 3438 2294 3494 istud
2348 3439 2617 3495 exsistit?
2669 3439 2930 3506 Quasnam
2996 3456 3130 3497 vero
3170 3450 3367 3496 natura
3418 3442 3534 3511 ipsa

1951 3543 2120 3594 iners,
2163 3539 2260 3585 aut
2289 3546 2413 3600 qua:
2442 3532 2682 3586 naturali
2733 3532 3020 3588 deficiatur
3056 3534 3417 3603 operatione?
3442 3534 3533 3592 Uti

1951 3621 2096 3675 enim
2147 3636 2421 3692 nusquam
2478 3624 2803 3679 exsistentia
2856 3633 3017 3679 vacat
3062 3640 3128 3681 ac
3188 3626 3530 3692 substantia,

1952 3712 2029 3767 sic
2083 3728 2266 3783 neque
2313 3715 2553 3795 naturali
2615 3724 2769 3770 caret
2816 3717 3162 3786 operatione.
3208 3716 3307 3773 Sin
3346 3728 3534 3775 autem

1952 3802 2113 3875 hujus
2150 3820 2350 3874 expers
2393 3812 2498 3871 est,
2541 3806 2735 3875 utique
2784 3808 2950 3861 etiam
3004 3807 3155 3861 illius
3202 3823 3398 3877 expers
3440 3808 3531 3863 fu-

1952 3910 2073 3951 tura
2128 3904 2234 3950 est.
2284 3894 2443 3962 Quod
2491 3896 2640 3952 enim
2688 3897 2743 3951 vi
2813 3912 2877 3952 ac
2925 3898 3185 3954 facultate
3245 3910 3416 3964 caret,
3469 3908 3532 3954 ut

1952 4007 2178 4060 prorsus
2194 3991 2469 4048 imbecille
2664 4002 2828 4063 atque
2856 3993 3176 4057 obscurum,
3201 4010 3371 4048 unum
3393 3994 3532 4049 nihil

1954 4092 2053 4139 est.
2090 4084 2147 4139 Si
2182 4084 2315 4154 quid
2346 4085 2494 4139 enim
2521 4082 2745 4139 demum
2778 4085 2832 4139 in
2865 4086 3032 4141 rebus
3054 4093 3159 4151 εει,
3188 4086 3533 4141 constituen-

1955 4184 2061 4229 tem
2101 4176 2185 4230 sui
2208 4190 2271 4229 ae
2294 4176 2681 4246 insignientem
2710 4176 3077 4231 differentiam
3101 4178 3271 4233 habet
3296 4178 3533 4249 (natura:

1954 4263 2167 4317 scilicet
2218 4263 2449 4318 insitum
2512 4265 2746 4334 motum)
2799 4280 2929 4334 qua,
2986 4281 3097 4320 una
3152 4281 3279 4320 cum
3331 4280 3532 4335 genere

1955 4364 2254 4425 assumpta,
2302 4355 2536 4425 subjecti
2563 4356 2815 4413 definitio
2838 4366 3086 4411 struatur
3110 4357 3531 4427 subjectumque

1954 4459 2073 4501 esse
2099 4461 2161 4501 ac
2190 4446 2452 4516 quidnam
2503 4448 2639 4502 illud
2670 4447 2763 4512 sit,
2796 4448 3218 4513 manifestetur;
3251 4448 3525 4517 ejusmodi

268 4531 363 4609 τον
392 4554 615 4623 λέγουσι
661 4554 724 4608 τὸ
771 4554 893 4609 καθ’
928 4531 1075 4626 ημᾶς
1103 4554 1196 4607 τὸν
1225 4531 1429 4621 Λόγον,
1457 4553 1616 4624 δῆλον
1643 4551 1719 4615 ὡς
1746 4550 1846 4622 ἐμ-

1955 4536 2186 4601 seilicet,
2229 4546 2291 4592 ut
2334 4554 2458 4593 cum
2520 4539 2603 4594 eis
2658 4556 2781 4610 qua:
2832 4540 3079 4611 ejusdem
3126 4540 3343 4609 generis
3380 4553 3529 4607 sunt,

270 4664 441 4718 φυτον
471 4647 566 4700 καὶ
602 4646 951 4719 ἀνθρωπίνην
982 4645 1262 4717 ἐνέργειαν
1307 4644 1498 4714 ἔχοντα
1527 4642 1714 4697 τοῦτόν
1742 4658 1845 4711 φα-

273 4756 352 4792 σι.
407 4736 532 4801 Πῶς
561 4737 670 4809 γὰρ
701 4736 767 4790 ἂν
808 4736 1020 4801 dum;
1072 4736 1147 4788 Οὑ
1194 4735 1303 4806 γὰρ
1341 4735 1584 4805 ἐνεργεῖν
1622 4732 1848 4786 δυνατὸν

272 4830 512 4898 φυσικῆς
564 4828 845 4900 ἐνεργείας
897 4826 1095 4898 χωρίς*
1140 4825 1328 4895 ῶσπερ
1370 4825 1491 4878 οὐδὲ
1537 4824 1844 4893 ὑπάρχειν,

271 4920 465 4982 οὐσίας
516 4918 639 4988 δίχα
694 4917 789 4971 καὶ
822 4916 1055 4986 φύσεως.
1099 4915 1243 4968 Ἀλλ’
1292 4915 1413 4968 οὐδὲ
1471 4914 1601 4985 μίαν
1662 4912 1843 4983 μόνον,

272 5013 340 5064 ἄν
384 5027 491 5083 περ
613 5009 711 5081 τὴν
762 5008 923 5076 φύσιν
971 5007 1221 5071 διπλοῦς,
1272 5007 1369 5077 τὴν
1415 5006 1656 5077 ἔμφυτον
1702 5005 1846 5075 ἔχειν

273 5099 561 5167 ἐνέργειαν
588 5098 679 5151 τὸν
722 5095 1069 5164 ἐνεργοῦντα,
1112 5097 1262 5148 πᾶσα.
1298 5096 1509 5162 ἀνάγκη
1532 5110 1544 5122 ·
1593 5093 1718 5145 ἐπεὶ
1752 5092 1847 5145 καὶ

1955 4628 2102 4681 nulla
2128 4627 2575 4684 dissimilitudine
2600 4629 2931 4695 abhorrens,
2964 4629 3275 4692 conveniat,
3318 4646 3383 4685 ac
3411 4648 3534 4685 rur-

1954 4730 2047 4771 sus
2085 4716 2155 4771 ab
2206 4717 2306 4781 eis,
2350 4734 2470 4787 quae
2496 4718 2701 4773 diversi
2749 4719 2967 4789 generis
3006 4727 3156 4784 sunt,
3186 4719 3425 4774 differat.
3454 4720 3534 4775 Ac

1954 4808 1997 4862 si
2054 4809 2126 4862 ita
2162 4820 2263 4873 est,
2311 4810 2403 4879 qui
2460 4810 2687 4865 omnino
2744 4810 2855 4876 fiat,
2909 4820 2971 4865 ut
3020 4812 3291 4867 naturalis
3336 4829 3533 4884 expers

1954 4901 2291 4969 Operationis
2313 4900 2478 4970 (quod
2503 4902 2568 4971 ad
2596 4918 2817 4958 carnem
2838 4904 3079 4972 attinet),
3104 4905 3342 4961 Verbum
3369 4906 3533 4963 homo

1954 4990 2181 5055 factum,
2229 4992 2405 5063 ipsum
2456 4993 2621 5048 homo
2649 4995 2946 5065 perfectus,
2981 5004 3075 5051 aut
3113 5013 3341 5067 prorsus
3370 4998 3533 5052 homo

1952 5083 2227 5137 exsistat?
2269 5083 2388 5138 Non
2434 5086 2584 5140 enim
2627 5096 2712 5141 est
2756 5088 2938 5151 homo.
2987 5088 3081 5157 qui
3108 5088 3363 5161 _naturali
3405 5103 3533 5155 epe-

272 5186 493 5243 ratione
518 5186 825 5252 deficiatur,
857 5188 933 5242 uti
956 5202 1051 5242 nec
1076 5187 1177 5240 alia
1208 5185 1412 5256 quaevis
1444 5190 1667 5249 natura,
1708 5197 1831 5254 qua:
1863 5181 2081 5255 propria
2123 5196 2187 5237 ac
2226 5182 2510 5238 essentiali
2583 5192 2770 5239 careat
2826 5184 3108 5239 facultate.
3171 5183 3322 5251 Quod
3376 5184 3524 5239 enim

275 5278 395 5332 bare
427 5275 593 5341 desit,
624 5285 720 5329 aut
777 5277 827 5328 id
857 5285 1100 5343 praestat,
1138 5285 1195 5328 ut
1219 5291 1286 5329 ue
1324 5275 1543 5345 quidem
1580 5284 1772 5328 natura
1797 5273 1888 5339 sit,
1925 5283 2019 5328 aut
2040 5282 2096 5328 ut
2130 5282 2336 5328 naturae
2357 5288 2547 5329 omnes
2574 5275 2716 5330 inter
2740 5288 2799 5329 se
2832 5275 2971 5329 idem
2994 5277 3127 5338 sint,
3152 5289 3368 5344 unaque
3402 5276 3525 5331 vice

272 5372 523 5426 omnium
554 5369 845 5437 habeatur,
874 5370 941 5425 iis
968 5384 1198 5441 prorsus
1231 5372 1539 5426 commistis
1562 5379 1729 5442 atque
1767 5369 2034 5435 confusis,
2066 5385 2162 5439 per
2192 5372 2309 5441 ejus
2340 5371 2422 5424 vis
2454 5371 2757 5427 absentiam
2788 5386 2852 5425 ac
2872 5371 3172 5440 facultatis,
3206 5388 3326 5443 qua:
3382 5386 3521 5428 cou-

276 5467 455 5522 stituit
502 5476 669 5534 atque
718 5465 963 5538 insignit.
1033 5466 1089 5522 Si
1143 5467 1287 5523 enim
1378 5482 1486 5522 non
1539 5467 1688 5522 iners
1779 5480 2088 5537 expersque
2140 5466 2499 5536 operationis,
2586 5480 2648 5522 ea
2748 5466 2961 5521 ratione
3011 5468 3137 5537 quia
3185 5476 3271 5524 est
3326 5469 3520 5536 homo,

286 5557 519 5613 Verbum
557 5556 765 5624 dicunt,
807 5558 980 5624 palam
1008 5557 1225 5613 insitam
1274 5574 1337 5615 ac
1400 5558 1701 5612 naturalem
1759 5556 2134 5627 Operationem
2184 5557 2261 5611 illi
2324 5557 2630 5613 ascribunt.
2685 5558 2807 5622 Quo
2861 5559 3007 5612 enim
3061 5558 3169 5613 alio
3230 5561 3394 5616 modo
3446 5563 3529 5616 itt-

277 5648 593 5718 tt-lligatur?
624 5648 693 5707 Ut
722 5650 867 5704 enim
890 5649 1095 5720 aliquid
1119 5660 1376 5718 operetur
1415 5666 1521 5705 non
1559 5648 1797 5703 naturali
1823 5647 2020 5703 fultum
2056 5650 2396 5718 operatione,
2434 5648 2581 5703 haud
2642 5663 2883 5719 unquam
2936 5647 3048 5715 fiat,
3083 5650 3161 5704 uti
3227 5666 3406 5723 neque
3464 5663 3526 5711 ut

278 5739 487 5811 absque
512 5742 751 5797 essentia
778 5753 833 5798 et
864 5751 1053 5797 natura
1086 5744 1329 5798 exsistat.
1356 5742 1461 5798 Sed
1496 5759 1600 5798 nec
1632 5757 1795 5797 unam
1842 5740 2020 5797 solum
2064 5744 2438 5812 operationem
2481 5742 2791 5799 naturalem
2841 5742 3063 5814 habeat,
3094 5743 3185 5816 qui
3242 5756 3523 5818 operatur,

269 5844 505 5905 prorsus
534 5846 761 5891 necesse
788 5844 889 5903 est,
922 5833 1192 5906 siquidem
1226 5834 1340 5904 ipse
1366 5833 1602 5905 duplicis
1647 5844 1859 5890 natura:
1897 5835 2151 5893 exsistat.
3516 5820 3521 5827 ’
