3952 6560
424 411 559 476 1135

1651 405 2027 467 ΕΗΤΗΥΜΙΙ
2084 406 2439 467 ΖΙΒΛΒΙΞΝῙ

3536 400 3672 467 1136

488 524 641 582 Mitto
691 525 915 589 dicere,
974 538 1072 578 nec
1120 521 1324 578 Christi
1383 521 1740 591 compositam
1803 534 1992 589 persn-

2169 520 2278 573 Καὶ
2308 522 2460 589 παρῶ
2483 519 2684 588 λέγειν,
2708 520 2784 584 ὡς
2812 520 2933 574 οὐδὲ
2966 522 3163 589 ἄτομον
3195 519 3400 587 κυρτως
3432 517 3493 569 τὸ
3525 517 3675 570 κατᾶ

419 632 545 685 nam
588 616 926 671 individuum
983 615 1201 686 proprie
1248 627 1391 669 esse.
1444 612 1559 667 Non
1600 612 1742 667 enim
1775 609 1991 663 relatio-

408 719 538 758 -nem
597 705 778 770 habet,
831 719 893 759 ea
957 706 1167 759 ratione
1236 702 1384 774 quod
1446 718 1509 757 ex
1582 701 1991 771 generalissimo

402 810 611 863 genere
664 810 762 866 per
810 809 1010 867 genera
1058 796 1376 851 subalterna
1443 794 1495 848 in
1536 794 1989 865 specialissiinam

410 887 649 955 speciem
697 888 991 954 dividatur,
1064 902 1333 957 suumque
1410 885 1466 941 in
1529 899 1592 940 ea
1675 899 1991 955 processum

413 978 656 1037 deﬁniat.
713 979 888 1050 Atque
919 980 970 1035 id
1026 994 1206 1036 causae
1252 987 1360 1047 est,
1439 994 1558 1042 cur,
1644 977 1989 1048 sapientissi~

415 1084 507 1125 mo
586 1070 789 1142 Cyrillo
881 1079 1125 1137 auctore,
1197 1086 1394 1128 nomen
1478 1070 1726 1126 Christus
1791 1071 1989 1126 deﬁni-

418 1162 581 1217 tionis
626 1161 736 1217 vim
795 1162 1019 1218 minime
1108 1163 1328 1218 habeat.
1396 1162 1580 1233 Neque
1662 1162 1809 1218 enim
1866 1178 1991 1233 spe-

415 1253 526 1310 cies
579 1262 683 1320 est,
731 1269 851 1323 quae
906 1255 972 1308 dc
1028 1254 1210 1310 inultis
1244 1270 1473 1310 numero
1516 1246 1795 1311 distinctis
1851 1270 1991 1323 prm-

415 1342 650 1409 dicetur,
674 1357 849 1413 neque
882 1359 1009 1399 vero
1037 1326 1327 1401 essentiam
1351 1346 1673 1416 cujusquam
1693 1344 1989 1414 signiﬁcat.

416 1430 605 1502 Neque
632 1432 778 1488 enim
810 1433 1145 1488 individuum
1178 1444 1281 1499 est,
1316 1434 1457 1502 quod
1481 1435 1545 1488 ad
1605 1435 1839 1502 speciem
1898 1445 1992 1489 aut

416 1536 587 1594 genus
613 1525 921 1591 reducatur,
951 1526 1033 1580 vel
1064 1528 1361 1581 secundum
1433 1530 1731 1582 essentiam
1782 1529 1850 1583 ab
1911 1529 1992 1583 eis

416 1615 930 1683 circumscribatur;
961 1619 1054 1673 sed
1085 1632 1315 1687 persona
1336 1619 1660 1686 composita,
1682 1620 1988 1672 naturalem

418 1716 783 1761 extremorum
839 1710 1183 1777 divisionem,
1238 1712 1304 1765 ad
1371 1726 1639 1766 summam
1700 1712 1754 1765 in
1811 1713 1989 1781 seipsa

2095 611 2332 683 Χριστὸν
2392 612 2645 665 σύνθετον
2724 611 2945 679 λέγεται
3027 612 3355 679 «pecuum.
3418 611 3492 663 οὐ
3554 610 3671 678 γὰρ

2095 701 2281 771 σχέσιν
2327 703 2441 771 ἔχει
2474 704 2519 734 ⁸³
2570 703 2710 773 πρὸς
2756 702 2856 771 τὴν
2900 704 2965 755 ἐκ
3020 701 3115 754 τοῦ
3168 701 3537 767 γενικωτάτου
3572 702 3672 768 γὲ-

2091 808 2216 854 νους
2279 791 2367 844 διὰ
2402 792 2510 842 τῶν
2574 791 2860 857 ὕπάλληλα
2902 790 3244 861 καθιεμένην
3308 792 3487 858 γενῶν
3522 790 3665 859 πρὸς

2091 885 2152 936 τὸ
2204 883 2552 936 εἰδικώτατον
2598 877 2738 946 εἶδος
2763 883 3056 954 διαίρεσιν,
3102 882 3199 936 καὶ
3258 884 3316 934 ὲν
3360 882 3513 951 αὐτῷ
3560 884 3665 952 τὴν

2091 973 2293 1027 οἰκείαν
2325 975 2549 1047 πρόοδον
2592 976 3064 1044 περι-γράφονται).
3137 974 3302 1029 Ὅθεν
3341 974 3434 1028 διὰ
3476 973 3665 1035 τοῦτο,

2093 1067 2235 1121 κατὰ
2265 1067 2355 1120 τὸν
2415 1067 2741 1136 σοφώτατον
2782 1067 3071 1137 Κύριλλον,
3115 1067 3175 1119 τὸ
3200 1066 3430 1136 Χριστὸς
3474 1066 3669 1135 δνομα,

2093 1159 2215 1212 οὗτε
2267 1160 2396 1227 ὅρου
2430 1159 2663 1228 δύναμιν
2688 1159 2824 1229 ἔχει·
2882 1159 3006 1212 οὐδὲ
3056 1160 3165 1227 γὰρ
3199 1154 3341 1221 εῐὸὁς
3385 1161 3504 1211 ἐστι
3537 1161 3671 1211 πολι

2092 1251 2202 1304 λῶν
2255 1251 2472 1321 ἀριθμῷ
2532 1251 2899 1324 διαφερόντων
2958 1253 3469 1323 κατηγορούμενον,
3538 1252 3669 1305 οὔτε

2099 1345 2202 1413 μὴν
2232 1344 2331 1413 τήν
2371 1344 2515 1405 τινὸς
2549 1343 2740 1395 οὐσίαν
2774 1343 2947 1413 δηλοῖ.
2974 1343 3113 1397 Οὐδὲ
3144 1344 3253 1412 γὰρ
3286 1344 3492 1413 ἄτομον
3517 1344 3668 1407 ἐστι,

2093 1438 2226 1505 πρὸς
2254 1430 2390 1497 εἶδος
2428 1435 2461 1504 ἦ
2500 1436 2652 1501 γένος
2673 1438 3025 1505 ἀναγόμενον,
3087 1436 3119 1504 ἦ
3169 1433 3289 1488 κατ’
3316 1436 3509 1488 οὐσίαν
3559 1436 3667 1489 ὑπὸ

2091 1527 2295 1580 τούτων
2356 1529 2854 1597 περιγραφόμενον·
2908 1527 3024 1581 ἀλλ’
3050 1529 3351 1591 ὑπόστασις
3379 1528 3666 1590 σύνθετος,

2089 1621 2188 1690 τὴν
2240 1623 2479 1691 φυσικὴν
2534 1623 2641 1674 τῶν
2698 1622 2883 1691 ἄκρων
2932 1622 3198 1691 διαίρεσιν
3231 1622 3290 1673 ὲν
3335 1622 3508 1692 ἑαυτῇ
3539 1624 3666 1675 κατ’

2091 1710 2257 1781 ἄκρον
2284 1712 2632 1776 ταυτίζουσα,
2662 1712 2754 1763 καὶ
2787 1711 2866 1773 εἰς
2900 1710 2957 1763 ἒν
2977 1710 3183 1780 ἄγουσα
3206 1713 3274 1781 τῇ
3304 1712 3417 1766 τῶν
3440 1712 3670 1765 οἰκείων

421 1799 754 1859 itleutitatem
775 1810 935 1871 atque
966 1804 1501 1875 unitatem,partium
1527 1818 1752 1859 suarum
1787 1804 1988 1859 unione

2097 1807 2279 1859 ὲνώσει
2322 1806 2526 1875 μερῶν.

422 1891 663 1946 trahens.

422 1996 672 2067 Eiusdem
706 2001 761 2055 in
790 2001 887 2054 illa
915 2002 1090 2065 verba,
1124 2022 1141 2053 ι
1179 2000 1356 2063 Pater,
1377 2001 1423 2053 si
1453 2001 1570 2070 fieri
1599 2008 1783 2068 potest,
1816 2011 1989 2056 trans.

906 2081 990 2125 eat
1030 2089 1061 2125 α
1086 2088 1167 2127 me
1186 2072 1329 2125 calix
1355 2074 1504 2126 iste.»

492 2181 549 2238 Si
588 2183 717 2240 illud
755 2183 976 2250 :Pater,
1010 2186 1055 2238 si
1095 2184 1213 2254 fieri
1272 2193 1463 2252 potest,
1526 2193 1759 2239 transeat
1831 2201 1863 2238 a
1908 2198 1990 2237 me

414 2277 558 2330 calix
604 2277 643 2341 ί,
672 2276 890 2346 pavoris
954 2279 1057 2330 vim
1110 2277 1329 2342 habens,
1374 2278 1453 2332 sic
1498 2276 1734 2331 hominis
1794 2275 1987 2331 existi-

414 2382 556 2435 mas,
588 2379 646 2423 ut
676 2368 982 2424 Servatoris
1017 2384 1138 2424 esse
1179 2384 1285 2422 non
1325 2378 1503 2438 putes,
1542 2370 1684 2437 quod
1718 2366 1835 2436 ejus
1891 2381 1989 2420 vo-

416 2462 596 2517 luntas
627 2460 738 2516 Deo
779 2476 885 2517 non
957 2463 1295 2527 adversetur,
1345 2463 1599 2531 quoniam
1639 2476 1703 2517 ex
1766 2461 1876 2515 Deo
1915 2460 1990 2516 sit

418 2563 554 2621 tota,
577 2556 670 2608 sed
699 2554 930 2609 hominis
959 2555 1114 2619 meri,
1143 2554 1334 2625 quales
1364 2569 1462 2609 nos
1488 2570 1693 2619 sumus,
1724 2554 1813 2624 qui
1882 2554 1991 2611 Deo

417 2646 471 2699 iu
500 2645 685 2701 multis
712 2645 939 2714 resistit,
972 2646 1310 2709 adversatur,
1341 2655 1400 2700 ut
1451 2646 1609 2701 divus
1672 2645 1745 2699 ait
1796 2646 1993 2717 Grego-

420 2737 553 2801 rius,
612 2736 821 2806 reliqua
852 2736 936 2790 illa
966 2736 1295 2806 precationis
1346 2750 1472 2804 pars
1502 2751 1517 2789 :
1544 2734 1664 2788 Non
1702 2735 1839 2805 quod
1898 2753 1990 2805 ego

418 2827 553 2891 volo,
587 2826 678 2879 sed
727 2835 821 2878 tua
872 2824 1111 2880 voiuntas
1149 2825 1319 2878 valeat
1343 2824 1391 2888 ⁸,
1428 2823 1731 2879 formidinis
1777 2838 1845 2878 an
1882 2827 1991 2878 vir-

419 2918 573 2981 tutis,
604 2931 829 2974 summa:
887 2915 1288 2987 coniunctionis
1357 2931 1425 2971 an
1487 2915 1845 2971 dissensionis
1883 2916 1987 2970 vim

418 3012 621 3068 habere
663 3013 873 3067 videtur
923 3010 1073 3066 tibi?
1145 3008 1315 3066 Nemo
1375 3011 1637 3080 profecto,
1682 3012 1775 3082 qui
1827 3026 1992 3065 sanus

418 3104 512 3167 sit,
566 3116 628 3159 ea
678 3102 842 3158 verba
868 3101 1047 3156 timori
1102 3111 1157 3155 et
1216 3102 1582 3170 repugnantia:
1624 3100 1848 3164 tribuet.
1895 3100 1990 3157 sed

420 3193 788 3263 conjunctioni
824 3191 1004 3262 potius
1033 3190 1285 3260 perfectae
1314 3199 1369 3245 et
1406 3190 1780 3246 consensioni.

490 3372 644 3440 Quod
667 3371 714 3426 si
742 3370 1141 3441 coniunctionis
1179 3378 1259 3425 est
1288 3369 1541 3438 perfectae
1571 3379 1733 3440 atque
1760 3386 1993 3429 consen-

422 3464 615 3530 sionis,
651 3476 717 3519 ex
747 3477 983 3533 quonam
1025 3460 1286 3531 suscipit?
1321 3476 1387 3514 ex
1413 3461 1650 3522 homine.
1676 3464 1865 3532 quales
1896 3480 1994 3521 nos

419 3569 627 3623 sumus,
670 3564 763 3610 aut
816 3570 881 3609 ex
912 3552 1159 3619 homine,
1193 3553 1286 3622 qui
1318 3554 1612 3608 secundum
1650 3553 1992 3611 Servatorem

420 3646 786 3719 intelligitur?
831 3646 901 3701 At
933 3645 978 3700 si
1016 3659 1082 3700 ex
1107 3645 1327 3701 homine
1350 3646 1607 3716 simplici,
1670 3647 1859 3716 quales
1897 3662 1996 3703 nos

419 3753 624 3806 sumus,
648 3737 815 3794 falsus
838 3746 923 3793 est
943 3750 1122 3793 sermo
1188 3737 1590 3808 praeceptoris,,
1622 3752 1782 3808 quem
1852 3740 1992 3794 dixi-

418 3846 560 3896 mus,
591 3844 714 3885 cum
748 3829 986 3885 divinam
1009 3828 1233 3883 omnino
1272 3828 1605 3883 voluntatem
1640 3843 1746 3883 non
1795 3844 1993 3900 sequa-

420 3931 528 3987 tur,
563 3924 657 3977 sed
688 3921 738 3976 ei
766 3920 1081 3992 plerumque
1106 3928 1390 3989 repugnet.
1439 3918 1575 3973 Nam
1633 3921 1679 3974 sl
1722 3923 1991 3990 sequitur,

420 4029 528 4071 non
554 4022 840 4085 repugnat,
866 4013 948 4067 sin
982 4022 1269 4081 repugnat,
1300 4026 1410 4066 non
1440 4012 1708 4082 sequitur.
1744 4015 1991 4068 Alterum

419 4105 565 4158 enim
594 4103 663 4156 ab
698 4102 874 4156 altero
920 4108 977 4154 ut
1031 4115 1061 4153 a
1102 4100 1383 4155 contrario
1418 4101 1627 4156 tollitur
1644 4112 1697 4157 et
1718 4102 1990 4160 aufertur.

420 4194 574 4261 Quod
603 4194 649 4250 si
691 4193 919 4258 homini,
956 4207 1063 4247 non
1098 4192 1286 4261 quales
1338 4208 1438 4248 nos
1491 4208 1700 4261 sumus,
1757 4212 1904 4251 mero
1940 4208 1994 4254 et

420 4286 678 4356 simplici,
724 4287 816 4341 sed
848 4295 906 4341 ut
934 4285 1207 4341 Servatori
1241 4278 1432 4341 tribuis
1459 4288 1619 4342 verba
1652 4288 1741 4342 illa
1800 4307 1815 4344 :
1868 4289 1991 4345 Non

420 4378 557 4448 quod
589 4392 682 4446 ego
721 4376 858 4446 volo,
895 4380 986 4431 sed
1041 4386 1130 4432 tua
1186 4377 1433 4433 voluntas
1490 4379 1686 4448 valeat,
1722 4396 1990 4438 summam

422 4476 674 4534 humana:
700 4474 993 4535 voluntatis
1024 4489 1144 4533 etim
1167 4475 1350 4534 divina
1390 4475 1561 4546 ipsius
1592 4478 1870 4535 voluntate
1897 4494 1992 4549 pa-

424 4586 576 4628 terna
624 4574 1038 4629 consensionem
1076 4571 1376 4636 conlueris,
1407 4580 1461 4624 et
1493 4570 1626 4625 duas
1666 4571 1993 4645 voluntates,

420 4670 662 4738 duasque
706 4666 950 4721 actiones
1022 4663 1300 4722 naturales
1328 4662 1597 4736 duplicem
1633 4672 1998 4725 nabentisua-

424 4773 599 4817 turam
632 4759 943 4826 constituis,
985 4772 1107 4813 cum
1136 4767 1317 4815 tamen
1344 4773 1534 4813 earum
1586 4771 1781 4815 neutra
1839 4762 1995 4818 alteri

421 4856 760 4917 adversetur,
814 4852 945 4907 licet
992 4852 1297 4907 naturalem
1356 4852 1411 4906 in
1449 4854 1698 4910 omnibus
1750 4856 2001 4912 differen-

420 4947 553 5001 tiam
579 4944 836 5000 babuerit
864 4958 1077 5010 eorum,
1107 4959 1173 5000 ex
1223 4944 1440 5014 quibus,
1470 4954 1525 4999 et
1568 4946 1622 5000 in
1695 4948 1892 5018 quibus
1940 4960 1994 5006 et

421 5054 541 5112 quae
568 5045 688 5116 erat
710 5037 827 5109 ipse
850 5038 1150 5103 secundum
1181 5046 1452 5093 naturam.
1481 5034 1553 5093 At
1595 5038 1642 5094 si
1690 5040 1993 5099 rationibus

423 5132 509 5188 his
533 5131 714 5186 victus
744 5144 808 5188 eo
846 5128 1178 5200 profugeris,
1206 5138 1262 5183 ut
1294 5129 1465 5195 dicas,
1516 5145 1700 5201 neque
1755 5131 1993 5192 hominis

422 5225 566 5295 puri,
597 5223 784 5295 quales
806 5237 907 5279 nos
936 5236 1145 5288 sumus,
1180 5236 1357 5291 neque
1400 5223 1641 5279 hominis
1676 5232 1733 5280 ut
1795 5224 1997 5285 Serva-

424 5318 557 5374 toris
606 5331 726 5373 esse
753 5329 817 5371 ea
864 5314 1030 5369 verba
1067 5330 1080 5368 :
1114 5311 1233 5367 Non
1262 5315 1399 5383 quod
1429 5330 1521 5383 ego
1552 5316 1688 5381 nolo,
1750 5319 1847 5373 sed
1901 5336 1997 5390 per

422 5413 769 5482 negationem
808 5412 875 5467 ad
915 5406 1186 5478 Unigeniti
1221 5406 1489 5476 principio
1526 5418 1803 5464 carentem
1858 5410 1996 5465 divi-

418 5508 646 5562 nitatem
683 5504 898 5574 γεῖθι-τί,
921 5504 1064 5575 quod
1115 5513 1312 5567 praeter
1357 5496 1571 5554 Patrem
1617 5501 1732 5569 ipse
1784 5503 1997 5572 proprie

421 5598 625 5668 aliquid
646 5599 785 5654 velle
806 5612 910 5652 non
942 5594 1114 5667 possit
1140 5613 1155 5651 :
1192 5606 1323 5663 ergo
1347 5590 1558 5661 etquod
1599 5593 1788 5657 noluit,
1818 5595 1867 5648 id
1892 5605 1995 5659 est,

422 5691 607 5745 calicis
664 5688 997 5760 deprecatio,
1056 5688 1123 5742 ad
1184 5687 1353 5753 ipsam
1404 5683 1671 5755 principio
1725 5696 1997 5741 carentem

423 5780 762 5841 divinitatem
788 5780 1096 5838 necessario
1119 5774 1400 5833 referetur.
1461 5775 1596 5832 Nam
1654 5777 1699 5834 si
1753 5777 1999 5847 negatio-

494 5902 513 5935 ⁸
542 5902 735 5962 Matth.
767 5917 933 5970 nrt,
959 5901 1050 5960 39.
1124 5902 1145 5932 ⁸
1170 5899 1300 5956 lhid.

2098 2007 2209 2062 Τοῦ
2241 2009 2428 2061 αὑτοῦ
2461 2008 2529 2061 ἐκ
2576 2007 2688 2061 τοῦ
2734 2010 2821 2074 είς
2852 2010 2940 2074 τὸ,
2981 2026 2999 2060 ι
3037 2008 3249 2078 Πάτερ,
3288 2012 3342 2063 εἰ
3377 2009 3668 2074 δυνατὸν,

2199 2079 2542 2146 παρελθέτω
2565 2079 2669 2133 ἀπ’
2711 2079 2859 2148 ἐμοῦ
2889 2082 2957 2133 τὸ
2984 2082 3277 2148 ποτήριον
3305 2081 3506 2135 τοῦτο.
3533 2100 3554 2133 s

2165 2194 2225 2247 Εί
2257 2193 2337 2259 τὸ,
2365 2195 2578 2263 Πάτερ,
2609 2197 2659 2249 εί
2687 2194 2974 2263 δυνατὸν,
3008 2188 3357 2264 παρελθέτω
3388 2196 3494 2251 ἀπ’
3518 2196 3672 2265 ἐμοῦ

2091 2286 2157 2339 τὸ
2182 2287 2494 2354 ποτήριον,
2527 2287 2793 2357 συστολῆς
2827 2288 3067 2359 ἔμφασιν
3096 2288 3218 2357 ἕχον
3250 2288 3345 2341 τοῦ
3372 2289 3671 2360 ἀνθρώπου

2091 2377 2412 2447 λαμϐάνεις,
2439 2380 2500 2432 οὐ
2532 2380 2627 2432 τοῦ
2661 2381 2802 2433 κατὰ
2835 2382 2926 2433 τὸν
2973 2381 3207 2452 Σωτῆρα
3242 2383 3541 2451 νοουμένου
3565 2400 3580 2413 ⁸
3611 2384 3672 2436 τὸ

2092 2472 2200 2542 γὰρ
2238 2471 2445 2524 ἐκείνου
2499 2472 2678 2525 θέλειν
2732 2472 2853 2525 οὐδὲ
2910 2474 3233 2526 ὑπεναντίον
3284 2474 3427 2546 Θεῷ,
3466 2475 3672 2528 θεωοὲν

2094 2563 2237 2627 ὅλον,
2268 2560 2403 2613 ἀλλὰ
2436 2561 2531 2614 τοῦ
2568 2560 2691 2614 καθ’
2720 2563 2868 2632 ἡμᾶς
2898 2560 2974 2626 ὡς
3032 2564 3092 2614 οὐ
3140 2562 3362 2625 πάντως
3393 2564 3671 2632 ἑπομένου

2092 2649 2171 2720 τῷ
2206 2649 2368 2721 Θεῐῳ,
2420 2650 2536 2703 ἀλλ’
2562 2651 2979 2716 ἀντιπίπτοντος
3011 2651 3089 2716 ὡς
3116 2652 3186 2705 τὰ
3217 2652 3409 2716 πολλὰ,
3446 2651 3544 2706 καὶ
3576 2653 3673 2704 ἀν-

2094 2744 2495 2808 τιπαλαίοντος,
2531 2736 2565 2815 ᾖ
2602 2743 2769 2813 φησιν
2802 2746 2829 2797 ὁ
2872 2744 3015 2808 Octo;
3067 2744 3397 2817 Γρηγδριος,
3440 2744 3502 2797 τδ
3538 2745 3671 2811 ἐξῆς

2092 2835 2189 2902 τῆς
2214 2833 2404 2904 εὐχῆς,
2438 2834 2608 2903 ἤγουν
2633 2833 2697 2887 τδ
2725 2838 2848 2905 οὐχ
2872 2836 2902 2889 ὃ
2920 2835 3033 2906 ἐγὼ
3053 2835 3226 2898 θέλω,
3256 2837 3417 2890 ἀλλὰ
3448 2837 3516 2890 τὸ
3551 2839 3671 2890 σὺ·

2094 2925 2356 2994 ἰσχινέτω
2393 2927 2642 2994 θέλημα,
2670 2926 2724 2980 τί
2762 2944 2843 2980 σοι
2873 2929 3039 2992 δοκεῖ,
3066 2927 3332 2995 συστολῆς
3373 2927 3669 2998 ὑπάρχειν,

2100 3018 2127 3088 ἢ
2160 3016 2382 3087 ἀνδρίας
2411 3034 2425 3082 ;
2461 3017 2796 3081 συννεύσεως
2819 3019 3017 3090 ἄκρας,
3052 3020 3085 3088 ἢ
3122 3020 3499 3085 διαστάσεως;
3525 3019 3671 3071 Ἀλλ’

2094 3111 2175 3163 ὃτι
2208 3107 2308 3178 μὲν
2357 3110 2459 3162 οὐκ
2502 3110 2916 3174 ἀντιπτώσεως,
2948 3109 3075 3163 οὔτε
3118 3111 3350 3176 δειλίας,
3388 3110 3673 3180 συμφυΐας

2019 3204 2062 3263 C
2097 3202 2150 3254 δὲ
2189 3202 2393 3271 μᾶλλον
2424 3203 2673 3265 ἐντελοῦς
2704 3203 2803 3258 καὶ
2843 3202 3217 3271 συννεύσεως,
3246 3203 3429 3267 οὐδεὶς
3453 3204 3676 3278 ἀντερεῖ

2098 3293 2203 3346 τῶν
2232 3293 2355 3347 νοῦν
2386 3293 2636 3364 ἐχόντων.

2168 3388 2281 3441 Καὶ
2327 3390 2380 3441 εί
2420 3388 2704 3458 συμφυΐας
2745 3387 2995 3451 ἐντελοῦς
3044 3389 3141 3443 καὶ
3198 3391 3563 3457 συννεύσεως,
3609 3393 3673 3444 ἐκ

2096 3481 2239 3544 τίνος
2264 3481 2471 3550 ταύτην
2504 3479 2800 3552 προσδέχῃ,
2841 3479 2938 3534 τοῦ
2965 3478 3089 3535 καθ’
3133 3482 3302 3550 ἡμᾶς,
3335 3483 3368 3554 ἢ
3398 3485 3495 3537 τοῦ
3528 3487 3671 3538 κατὰ

2095 3574 2187 3625 τὸν
2216 3572 2444 3643 Σωτῆρα
2475 3572 2767 3635 νοουμένου
2803 3570 3134 3640 ἀνθρώπους
3181 3572 3320 3625 Ἀλλ’
3360 3574 3409 3625 εί
3444 3575 3547 3644 μὲν
3578 3575 3669 3628 τοῦ

2096 3663 2218 3716 καθ’
2247 3665 2417 3733 ἡμᾶς,
2447 3664 2769 3737 ἡμάρτηται
2796 3664 2929 3734 περὶ
2959 3664 3126 3718 αὐτοῦ
3151 3664 3491 3735 διαγορεὺων
3522 3670 3548 3721 ὁ
3577 3668 3669 3721 ’ττῦ

2099 3754 2356 3825 ῥηθέντος
2379 3754 2709 3808 διδασκάλου
2738 3753 2921 3823 λόγος,
2948 3754 3023 3819 ὡς
3048 3756 3109 3809 οὐ
3141 3755 3359 3820 πάντως
3396 3759 3668 3826 ἑπομένου

2094 3846 2172 3917 τῷ
2199 3846 2332 3917 θείῳ
2356 3846 2643 3916 θελήματι,
2670 3846 2785 3900 ἀλλ’
2821 3847 3242 3912 ἀντιπίπτοντος
3275 3849 3350 3912 ὡς
3378 3850 3447 3904 τὰ
3476 3853 3669 3917 πολλὰ,

2095 3939 2190 3992 καὶ
2219 3939 2691 4005 ἀντιπαλαίοντος.
2729 3941 2789 3995 Εἰ
2813 3940 2922 4013 γὰρ
2946 3940 3160 4009 ἕπεται,
3194 3944 3295 3998 οὐκ
3328 3945 3667 4013 ἀντιπίπτει,

2095 4029 2190 4081 καὶ
2213 4028 2261 4081 εί
2296 4029 2636 4096 ἀντιπίπτει,
2673 4032 2774 4102 οὐχ
2802 4031 3019 4085 ἕπεται.
3054 4032 3279 4106 Θατέρῳ
3305 4038 3412 4104 γὰρ
3440 4036 3667 4115 θάτερον

2094 4124 2166 4187 ὡς
2198 4125 2574 4195 ἀντικείμενον
2614 4127 2926 4198 ἀναιρεῖται
2964 4128 3059 4182 καὶ
3104 4130 3505 4200 δπεξίσττττιιο
3536 4143 3585 4194 εί
3614 4142 3669 4195 δὲ
3766 4118 3769 4119 ν

2097 4215 2176 4287 μὴ
2203 4216 2299 4270 τοῦ
2336 4218 2461 4271 καθ’
2489 4218 2657 4288 ἡμᾶς,
2690 4218 2827 4271 ἀλλὰ
2854 4219 2947 4278 τοῦ
2975 4221 3115 4279 καξὰ
3142 4222 3232 4281 τδν
3260 4230 3493 4301 Σωτῆρα
3520 4251 3669 4286 νοτυ-

2098 4306 2260 4376 μένου
2306 4306 2597 4379 ἀνθρώπου
2657 4308 2954 4387 λαμβάνεις
2982 4317 3062 4383 τὺ,
3098 4320 3221 4388 Οὐχ
3260 4318 3291 4371 ὅ
3324 4321 3442 4390 ἐγὼ
3495 4323 3666 4391 θέλω,

2094 4397 2255 4452 ἀλλὰ
2282 4398 2348 4452 τὸ
2381 4402 2497 4454 σὸν
2531 4402 2788 4475 ίσχυέτω
2818 4406 3066 4478 θέλημα,
3093 4410 3187 4481 τὴν
3226 4410 3407 4481 ἄκραν
3448 4412 3543 4466 τοῦ
3582 4416 3668 4468 ἀν-

2021 4538 2070 4601 D
2096 4490 2376 4561 θρωπικοῦ
2404 4498 2540 4568 πρὸς
2562 4498 2623 4551 τὸ
2659 4499 2802 4552 θεῖον
2836 4499 3001 4552 αὐτοῦ
3035 4500 3249 4573 θέλημα
3278 4506 3373 4556 καὶ
3401 4506 3665 4573 πατρικὸν

2094 4583 2452 4660 ὡμολόγησας
2480 4589 2781 4658 σύννευσιν,
2818 4592 2912 4645 καὶ
2958 4592 3049 4645 δύο
3081 4591 3175 4646 τοῦ
3222 4593 3415 4648 διπλοῦ
3443 4596 3542 4669 τῆν
3574 4598 3665 4667 φύ-

2098 4700 2183 4737 σιν
2217 4684 2313 4745 τάς
2342 4699 2399 4734 τε
2433 4683 2681 4754 θελήσεις
2727 4685 2816 4736 καὶ
2843 4684 3125 4755 ἐνεργείας
3148 4685 3289 4739 κατὰ
3316 4687 3483 4756 φύσιν
3507 4690 3663 4755 οὔσας

2098 4772 2456 4843 παρέστησας
2491 4774 2549 4826 ὲν
2603 4773 2866 4845 οὐδετέρα
2915 4773 3015 4844 τῆν
3071 4774 3291 4829 οίανοῦν
3347 4779 3663 4835 ἐναντίωσιν

2096 4862 2338 4931 ἔχοντος,
2382 4863 2431 4915 εἰ
2457 4865 2548 4916 καὶ
2588 4863 2686 4934 τὴν
2713 4864 2955 4934 φυσικὴν
2981 4865 3039 4915 ἐν
3060 4864 3228 4917 πᾶσιν
3263 4862 3378 4936 εἶχε
3405 4866 3663 4939 διαφορὰν

2097 4955 2206 5008 τῶν
2239 4955 2299 5019 ἐξ
2327 4950 2424 5019 ὧν,
2483 4955 2541 5008 ἐν
2571 4949 2657 5019 αἶς
2692 4973 2753 5009 τε
2804 4958 2902 5009 καὶ
2952 4956 3098 5025 ἅπερ
3132 4950 3201 5027 ἦν
3253 4959 3281 5010 6
3319 4958 3488 5024 αὐτὸς
3534 4963 3667 5015 κατὰ

2102 5045 2284 5115 φύσιν.
2313 5046 2374 5100 El
2403 5046 2458 5100 δὲ
2488 5047 2697 5112 τούτοις
2724 5046 3107 5122 ἐξειργόμενος
3133 5049 3248 5113 τοῖς
3269 5049 3554 5122 λογισμοῖς
3582 5046 3667 5107 ira

2092 5136 2154 5191 τὸ
2184 5137 2368 5207 λέγειν
2414 5141 2678 5210 προάγεις
2714 5140 2857 5210 μήτε
2893 5138 2988 5192 τοῦ
3052 5139 3176 5193 καθ’
3206 5143 3378 5212 ἡμᾶς,
3408 5144 3551 5213 μήτε
3579 5143 3665 5197 τοῦ

2095 5230 2234 5283 κατὰ
2255 5230 2346 5282 τὸν
2373 5230 2600 5299 Σωτῆρα
2629 5230 2924 5300 νοουμένου
2952 5231 3245 5304 ἀνθρώπου
3270 5234 3566 5302 τυγχάνειν
3588 5235 3663 5298 τὸ,

2098 5325 2219 5392 Οὐχ
2248 5323 2278 5376 ὃ
2318 5322 2432 5392 ἐγὼ
2462 5324 2632 5388 θέλω,
2653 5322 3094 5395 ἀλλ’ἀρνητικῶς
3136 5324 3230 5377 ἐπὶ
3250 5328 3349 5397 τῆς
3377 5322 3470 5379 τοῦ
3502 5327 3665 5380 Movo-
3718 5329 3723 5333 ’

2096 5414 2290 5485 γενοῦς
2318 5414 2563 5485 ἀνάρχου
2590 5414 2845 5486 θεότητος
2878 5417 3146 5488 φέρεσθαι
3177 5417 3269 5473 τοῦ
3291 5436 3343 5473 τι
3372 5419 3548 5473 θέλειν
3575 5420 3664 5472 ati-

2095 5508 2184 5559 τὸν
2217 5507 2362 5571 ίδίως
2387 5509 2539 5578 παρὰ
2563 5509 2657 5561 τὸν
2694 5508 2912 5580 Πατέρα
2939 5510 3177 5580 διεῖργον
3204 5527 3218 5540 ·
3260 5510 3463 5563 οὐκοῦν
3486 5511 3579 5564 καὶ
3609 5510 3664 5561 τὸ

2100 5599 2330 5670 θεληθὲν
2352 5601 2489 5672 ὅπερ
2519 5599 2671 5652 ἐστὶν
2704 5600 2854 5671 ἠτσῦ
2886 5602 3153 5673 ποτηρίου
3209 5603 3542 5675 παραίτησις
3576 5600 3662 5653 ἐπὶ

2098 5692 2271 5760 αὐτῆς
2300 5694 2515 5761 ἀνάγκη
2542 5695 2727 5763 φέρειν
2751 5693 2848 5763 τῆς
2876 5694 3114 5764 ἀνάρχου
3148 5694 3424 5764 θεότητος.
3470 5694 3529 5745 Ei
3562 5693 3659 5760 γὰρ

2103 5786 2198 5839 καί
2230 5784 2322 5838 τοῦ
2372 5803 2426 5840 τι
2475 5785 2650 5840 Οέλειν
2715 5786 2863 5851 ίδίως
2919 5786 3206 5856 ἀναίρεσιν
3260 5788 3363 5856 φὴς
3397 5782 3655 5855 ἔχειντὴν
