3952 6558
429 480 568 548 1139

1616 481 2011 545 EUTHYMII
2052 480 2228 542 ZIGA
2242 478 2417 543 BEN!

3548 484 3668 551 1140

429 625 813 678 universorum
858 622 1000 676 Deus
1036 619 1453 675 immutabiliter
1478 618 1643 673 homo
1669 618 1864 681 factus,
1890 632 2000 671 non

2112 618 2260 684 Θεὸς,
2308 616 2590 688 ἀτρέπτως
2641 619 2931 691 γενόμενος
2962 620 3274 691 ἄνθρωπος,
3308 623 3371 676 ού
3400 624 3560 694 μόνον
3602 630 3666 691 ὼς

428 714 607 768 solum
644 725 703 767 ut
737 714 878 767 Deus
904 712 1071 776 idem,
1102 727 1169 766 ex
1206 727 1318 766 suae
1356 710 1579 765 deitatis
1609 710 1819 765 ratione
1852 708 2001 764 vole-

429 801 542 866 bat,
576 817 763 856 verum
789 801 952 855 etiam
984 800 1128 855 idem
1156 809 1217 853 ut
1246 800 1477 855 decebat
1509 815 1662 854 suam
1696 797 1993 853 humanita-

430 899 561 947 tem.
609 892 667 947 Si
709 894 855 947 enim
888 908 1008 962 qua:
1038 908 1105 947 ex
1137 908 1245 945 non
1280 892 1502 947 entibus
1530 891 1669 945 facta
1703 897 1851 954 sunt,
1884 892 2001 961 ejus

427 984 572 1054 quod
611 992 713 1048 est,
758 1000 865 1038 non
910 984 1058 1054 quod
1101 999 1208 1037 non
1245 992 1349 1047 est,
1394 998 1459 1037 ac
1499 982 1731 1036 nihilum
1758 990 1863 1046 est,
1892 982 2001 1035 vim

428 1076 704 1131 retinendi
751 1086 916 1146 atque
967 1076 1157 1130 tuendi
1202 1075 1422 1130 insitam
1469 1074 1673 1129 habent
1716 1091 1729 1127 :
1775 1075 2002 1145 ejusque

429 1176 627 1222 natura
690 1168 974 1237 proprium
1024 1177 1134 1231 est,
1189 1174 1250 1221 ut
1301 1182 1365 1221 ea
1422 1174 1826 1237 prosequantur
1884 1181 2002 1235 qut?

429 1259 637 1314 tuendo
664 1269 792 1314 sunt
820 1274 883 1314 ae
906 1259 1337 1319 incolumitatem
1370 1266 1648 1328 praestant,
1684 1257 2002 1328 fugiantque
2028 1330 2033 1333 Δ

429 1364 515 1416 ea,
550 1367 671 1422 qua:
702 1351 769 1406 ad
820 1352 1099 1406 interitum
1136 1359 1415 1420 spectant;
1459 1349 1626 1420 igitur
1658 1348 1822 1403 etiam
1856 1348 1999 1419 quod

430 1443 581 1499 omni
631 1444 868 1499 essentia
906 1444 1160 1513 superius
1195 1442 1469 1507 Verbum,
1507 1442 1744 1495 humana
1794 1442 2003 1496 ratione

430 1534 725 1590 essentiam
768 1532 967 1600 induit,
1006 1533 1171 1589 etiam
1207 1534 1326 1603 ejus
1357 1530 1502 1602 quod
1548 1539 1630 1586 est
1669 1545 1779 1586 suae
1812 1531 2005 1585 imma-

432 1626 621 1681 nitatis
650 1625 921 1681 retinendi
955 1633 1118 1695 atque
1146 1624 1336 1679 tuendi
1362 1624 1412 1677 vi
1450 1623 1711 1693 praeditus
1741 1622 1876 1691 fuit;
1911 1640 2004 1678 cu-

427 1717 518 1790 jus
562 1715 929 1786 prosequendi
965 1730 1028 1770 ac
1075 1714 1215 1785 fugze
1249 1724 1479 1779 motum,
1524 1714 1825 1769 voluntatis
1870 1722 2001 1767 nutu

434 1823 535 1878 per
580 1808 957 1878 operationem
1014 1805 1256 1860 ostendit
1304 1824 1315 1858 :
1363 1805 1735 1875 prosequendi
1784 1804 2000 1874 quidem

433 1907 667 1965 motum,
699 1914 765 1953 eo
810 1913 983 1968 usque
1015 1897 1360 1951 naturalibus
1394 1896 1599 1950 utendo
1633 1896 1891 1965 omnique
1923 1912 2001 1951 re-

2109 706 2238 770 Θεὸς
2264 709 2291 760 ὁ
2321 708 2481 771 αὐτὸς
2513 710 2857 779 καταλλὴλως
2886 714 2954 782 τῇ
2995 713 3159 766 αὑτοῦ
3212 712 3431 784 θεότητι
3468 712 3664 784 ἢθελεν,

2109 799 2244 852 ἀλλὰ
2272 800 2365 852 καὶ
2394 799 2467 863 ῶς
2493 800 2588 854 ἄνθ
2598 818 2777 871 ρωπος
2797 805 2825 857 ὀ
2850 803 3011 867 αὐτὸς
3036 804 3385 875 καταλλήλως
3413 808 3479 876 τῇ
3514 807 3669 861 αὐτοῦ

2108 890 2505 959 ἀνθρωπότητι.
2550 892 2609 943 Et
2635 892 2743 962 γὰρ
2779 893 2837 959 ἐξ
2869 893 2968 945 οὐκ
2991 893 3164 947 ὄντων
3190 893 3258 947 τὰ
3298 894 3427 947 ὄντα
3460 896 3671 965 γενόμε-

2110 993 2195 1038 να,
2223 977 2315 1028 καὶ
2343 976 2435 1029 τοῦ
2462 976 2632 1044 ὄντος,
2663 980 2722 1031 ού
2747 979 2839 1032 τοῦ
2865 981 2939 1052 μὴ
2970 981 3119 1046 ὄντος
3148 982 3332 1054 ἔχουσι
3354 983 3669 1056 ἀνθεκτικὴν

2109 1069 2338 1139 δύναμιν
2365 1086 2378 1099 ·
2412 1069 2617 1141 ταύτης
2646 1070 2703 1124 δὲ
2735 1073 2874 1128 κατὰ
2903 1074 3065 1144 φύσιν
3098 1074 3227 1130 [διον
3256 1080 3289 1148 ἡ
3327 1079 3465 1149 πρὸς
3490 1079 3556 1132 τὰ
3584 1096 3669 1131 συ-

2112 1160 2339 1211 στατικὰ
2363 1160 2408 1191 "
2436 1160 2600 1232 ὁρμὴ,
2637 1163 2731 1215 καὶ
2782 1163 2915 1236 πρὸς
2972 1166 3040 1219 τὰ
3093 1166 3367 1239 φθαρτικὰ
3416 1171 3667 1239 ἀφορμή’

2109 1251 2217 1323 ἄρα
2246 1253 2338 1304 καὶ
2376 1254 2404 1306 ὁ
2438 1254 2757 1323 ὑπερούσιος
2777 1257 2969 1325 Λόγος,
2990 1258 3351 1329 ἀνθρωπικῶς
3375 1261 3672 1325 ούσιωθεὶς,

2111 1343 2237 1414 ﬁala
2272 1345 2365 1398 xui.
2394 1346 2485 1399 τοῦ
2516 1347 2667 1411 ὄντος
2697 1348 2796 1418 τῆς
2822 1348 2985 1402 αὐτοῦ
3023 1349 3441 1423 ἀνθρωπότητος
3462 1352 3558 1422 τὴν
3586 1354 3671 1406 ἁν-

2111 1435 2363 1507 θεκτικὴν
2392 1436 2618 1508 δύναμιν
2646 1454 2659 1467 ·
2692 1435 2759 1511 ἧς
2783 1439 2880 1510 τὴν
2907 1440 3081 1512 ὁρμὴν
3114 1444 3203 1495 καὶ
3234 1443 3491 1515 ἀφορμὴν
3517 1443 3669 1497 θέλων

2106 1527 2175 1581 δι’
2204 1530 2480 1599 ἐνεργείας
2514 1529 2678 1595 ἔδειξε
2701 1548 2714 1562 ·
2749 1533 2847 1602 τὴν
2878 1532 2978 1602 μὲν
3004 1535 3177 1606 ὁρμὴν
3205 1535 3261 1589 ὲν
3282 1535 3360 1607 τῷ
3382 1539 3497 1600 τοῖς
3526 1554 3672 1606 φυσι-

2107 1621 2223 1683 κοῖς
2253 1618 2345 1672 κσὶ
2375 1619 2713 1691 semermi;
2737 1622 2988 1675 τοσοῦτον
3018 1625 3348 1695 χρήσασθαι,
3379 1626 3457 1690 ὡς
3486 1629 3577 1680 καὶ
3602 1627 3671 1698 μὴ

2108 1711 2239 1764 Θεὸν
2270 1713 2382 1775 τοῖς
2412 1713 2658 1777 ἀπίστοις
2679 1714 2993 1785 νομίζεσθαι
3022 1734 3034 1747 ·
3071 1715 3168 1788 τὴν
3212 1717 3269 1770 δὲ
3314 1719 3569 1790 ἀφορμὴν
3618 1722 3672 1772 ἐν

2106 1802 2183 1872 τῷ
2214 1803 2389 1874 καιρῷ
2425 1804 2517 1857 τοῦ
2552 1806 2777 1871 πάθους,
2810 1807 3072 1872 ἑκουσίως
3107 1809 3203 1880 τὴν
3234 1809 3370 1881 πρὸς
3394 1812 3486 1863 τὸν
3520 1812 3669 1865 θανα-

2108 1909 2198 1946 τον
2229 1895 2488 1964 συστολὴν
2519 1898 2869 1966 ποιήσασθαι.
2899 1898 2963 1950 Τί
2997 1895 3089 1952 οῦν
3116 1899 3222 1953 τῶν
3254 1900 3475 1953 ἀτόπων
3509 1901 3540 1971 ἡ
3584 1898 3671 1951 τοῦ

434 1989 801 2061 prehensione
846 1987 1183 2051 carentibus,
1223 1994 1282 2040 ut
1324 1994 1379 2041 et
1413 1985 1660 2041 inﬁdeles
1686 1987 1855 2041 Deum
1884 2000 2002 2041 esse

2112 1984 2242 2037 Θεοῦ
2292 1987 2575 2059 πέπρακεν
2617 1990 2940 2061 Ἐκκλησία,
2985 1991 3124 2061 μετὰ
3174 1993 3270 2064 τῆς
3333 1992 3672 2062 ἀνθρωπίνης

432 2096 547 2135 non
590 2080 877 2135 crederent
910 2097 921 2132 :
952 2078 1091 2149 fugae
1134 2087 1315 2132 autem
1361 2084 1572 2131 motum
1609 2086 1850 2146 tempore
1880 2092 1998 2147 pas-

433 2172 623 2238 sionis,
656 2187 779 2227 eum
816 2186 873 2226 se
905 2181 1097 2241 sponte
1134 2179 1281 2226 metu
1307 2171 1499 2226 mortis
1524 2171 1797 2225 contraxit
1828 2170 2004 2238 :Quid

434 2263 601 2335 igitur
644 2263 837 2317 absoni
886 2262 1014 2317 fecit
1047 2264 1140 2317 Dei
1191 2262 1457 2326 Ecclesia,
1488 2261 1634 2331 quod
1674 2276 1800 2317 cum
1837 2262 2005 2333 ipsius

432 2355 774 2409 humanitate
798 2364 854 2410 et
875 2362 1069 2410 natura
1096 2363 1299 2417 creata,
1325 2354 1426 2424 ipsi
1450 2368 1668 2423 quoque
1694 2370 1801 2424 qua
1824 2362 2005 2411 creata

432 2453 517 2501 est
544 2445 612 2500 ab
644 2460 710 2501 eo
742 2445 995 2509 insertas,
1031 2446 1181 2500 nullo
1213 2444 1452 2509 defectu,
1498 2444 1736 2499 rationes
1783 2444 2008 2502 conﬁte-

432 2544 546 2604 tur,
571 2537 692 2594 sine
719 2535 923 2608 quibus
949 2552 1053 2591 nec
1080 2546 1143 2591 ut
1167 2543 1367 2591 natura
1390 2534 1483 2602 sit,
1511 2532 1629 2589 ﬁeri
1657 2534 1868 2603 potest?

552 2636 555 2637 ν
1064 2633 1146 2689 Ea:
1176 2635 1378 2690 eadem.

495 2733 556 2790 Si
588 2746 651 2788 ea
697 2740 905 2787 tantum
958 2728 1207 2784 conﬁteri
1262 2734 1499 2796 oportet,
1557 2736 1729 2794 quam
1776 2721 2002 2795 synodis

422 2822 569 2881 dicta
594 2831 744 2887 sunt,
768 2836 871 2879 nec
922 2835 1031 2875 una
1083 2820 1173 2872 Dei
1232 2814 1397 2870 Verbi
1456 2826 1651 2869 natura
1709 2814 1991 2868 inearnata

421 2916 658 2973 dicenda
700 2916 796 2981 sit,
836 2932 957 2986 qua:
986 2931 1206 2971 omnem
1242 2915 1511 2987 mysterii
1555 2916 1818 2986 pietatem
1850 2932 2004 2972 eom-

422 3006 707 3077 plectitur,
729 3021 855 3060 cum
893 3007 1049 3062 nullo
1072 3006 1266 3077 synodi
1293 3007 1519 3063 decreto
1543 3008 1691 3064 edita
1714 3010 1804 3063 sit.
1833 3007 2005 3075 Quin-

424 3098 535 3153 imo
568 3099 648 3153 sic
677 3113 901 3169 quoque
936 3114 1061 3153 cum
1100 3099 1319 3153 naturis
1344 3115 1649 3171 earumque
1693 3099 2007 3170 proprieta-

424 3190 596 3256 tibus,
619 3190 785 3244 etiam
815 3190 1130 3245 voluntates
1157 3190 1415 3245 conﬁteri
1446 3207 1676 3247 necesse
1704 3192 2001 3248 habebitis.

2106 2077 2272 2131 αὑτοῦ
2314 2081 2407 2132 καὶ
2443 2082 2665 2152 κτιστῆς
2701 2083 2937 2153 φύσεως,
2972 2087 3066 2140 καὶ
3091 2102 3218 2148 τους
3273 2085 3674 2157 δημιουργικῶς

2108 2170 2245 2240 αὐτῇ
2297 2172 2429 2243 παρ’
2473 2174 2637 2227 αὑτοῦ
2693 2176 3007 2240 ἐντεθέντας
3056 2178 3113 2230 ἐν
3171 2178 3318 2248 αὐτῷ
3381 2178 3676 2241 ἀνελλιπῶς

2106 2259 2441 2329 ὁμολογοῦσα
2492 2263 2700 2333 λόγους,
2744 2258 2818 2319 ῶν
2874 2267 2968 2320 καὶ
3026 2266 3154 2323 ἄνευ
3204 2264 3475 2339 εἶναιτὴν
3520 2268 3673 2337 φύσιν

2105 2350 2361 2405 ἀδύνατον
2394 2369 2409 2419 ;

2652 2627 2749 2679 Vix
2783 2622 2891 2691 τῆς
2918 2625 3128 2691 αὐτῆς.

2181 2719 2241 2771 Et
2271 2718 2339 2773 τὰ
2391 2718 2688 2781 συνοδικῶς
2750 2718 2845 2771 καὶ
2875 2718 3039 2787 μόνον
3097 2719 3370 2791 εἰρημένα
3394 2722 3503 2794 χρὴ
3550 2724 3678 2793 ὁμο-

2107 2813 2310 2881 λογεῖν,
2373 2810 2499 2865 οὔτε
2561 2813 2660 2882 τὴν
2724 2812 2857 2883 μίαν
2925 2810 3020 2866 τοῦ
3072 2811 3212 2867 Θεοῦ
3273 2812 3458 2883 Λόγου
3518 2816 3679 2885 φύσιν

2106 2910 2562 2983 σεσαρκωμένην,
2604 2907 2965 2979 περιεκτικὴν
2991 2907 3176 2978 πάσης
3210 2906 3310 2977 τῆς
3338 2905 3439 2959 τοῦ
3473 2922 3681 2977 μυστη-

2109 3007 2223 3077 ρίου
2249 3000 2413 3058 οὖσαν
2446 3001 2751 3065 εὐσεϐείας,
2792 3000 2900 3071 χρὴ
2922 3000 2967 3031 ⁸⁸
2995 3000 3199 3068 λέγειν,
3248 2999 3544 3061 συνοδικῶς
3582 3001 3683 3052 οὐκ

2104 3096 2593 3169 ἑκπεφωνημένην.
2629 3094 2774 3163 Πλὴν
2808 3094 2889 3147 ὅτι
2925 3092 3019 3146 καὶ
3056 3090 3199 3144 οὕτω
3224 3092 3347 3153 ταῖς
3377 3090 3575 3159 φύσεσι
3590 3092 3684 3143 καὶ

2104 3195 2216 3256 τοῖς
2244 3191 2425 3245 αὐτῶν
2458 3188 2716 3259 ίδιώμασι
2752 3186 2848 3238 καὶ
2877 3185 2946 3238 τὰ
2977 3182 3267 3254 θελήματα
3298 3181 3687 3252 συνομολογεῖν

425 3281 484 3337 Si
531 3282 680 3336 enim
728 3296 850 3351 quae
907 3282 1237 3337 naturaliter
1277 3281 1488 3337 Christi
1521 3284 1737 3338 naturis
1785 3299 2002 3354 compe-

2112 3281 2493 3354 βιασθήσεσθε.
2550 3280 2613 3333 El
2668 3278 2781 3349 γὰρ
2837 3275 2905 3328 τὰ
2946 3273 3198 3344 φυσικῶς
3246 3273 3521 3366 προσόντα
3562 3274 3687 3334 ταῖς

427 3382 574 3439 ῑιιιιι,
606 3374 725 3429 haec
763 3388 955 3428 earum
984 3375 1359 3444 proprietates
1390 3391 1513 3430 esse
1545 3376 1774 3443 dicitis;
1806 3386 2002 3433 natura

2112 3375 2307 3445 φύσεσι
2338 3373 2434 3427 τοῦ
2469 3370 2731 3443 Χριστοῦ,
2770 3366 3037 3437 ἰδιώματα
3072 3364 3256 3418 αὐτῶν
3300 3360 3436 3416 εἶναι
3472 3363 3684 3431 λέγετε,

424 3482 558 3521 vero
592 3466 816 3535 utrique
851 3466 971 3537 ejus
994 3475 1208 3520 naturae
1250 3465 1475 3520 insitum
1508 3475 1593 3521 est
1625 3468 1800 3534 velle;
1839 3468 2002 3539 igitur

2112 3466 2355 3539 φυσικῶς
2380 3466 2435 3518 δὲ
2465 3464 2707 3533 ἑκατέρᾳ.
2738 3460 2903 3514 αὑτοῦ
2936 3459 3098 3529 φύσει
3127 3458 3188 3512 τὸ
3222 3457 3398 3511 θέλειν
3436 3457 3689 3526 ἐμπέφυ-

423 3572 651 3612 necesse
687 3559 846 3613 vobis
883 3558 991 3613 crit
1028 3573 1152 3612 cum
1175 3557 1298 3612 aliis
1328 3557 1676 3613 naturalibus
1695 3561 2002 3629 proprieta-

2112 3576 2225 3625 κεν,
2258 3559 2366 3628 ἄρα
2401 3556 2541 3625 μετὰ
2573 3554 2683 3609 τῶν
2712 3554 2890 3609 ἄλλων
2925 3551 3174 3622 φυσικῶν
3224 3550 3557 3620 ἰδιωμάτων,
3598 3549 3693 3601 καὶ

425 3650 595 3716 tibus,
629 3665 754 3708 cum
784 3651 1000 3706 naturis
1033 3649 1284 3705 conﬁteri
1311 3650 1521 3721 pariter
1552 3651 1890 3706 voluntates.

495 3828 789 3892 Praeterea,
814 3828 859 3881 si
886 3826 1079 3899 synodi
1116 3835 1343 3898 propter
1386 3840 1577 3881 vocem
1610 3828 1775 3882 unius
1816 3827 2003 3897 Apoli-

423 3920 643 3974 narium
666 3930 721 3974 et
744 3921 936 3974 Arium
959 3920 1566 3975 anathematizaverunt
1595 3920 1742 3990 (eum
1771 3929 2003 3988 uterque

425 4027 622 4066 eorum
656 4012 761 4066 hac
806 4026 943 4066 voce
995 4010 1063 4064 ad
1121 4009 1377 4063 hteresim
1443 4024 1598 4063 suam
1650 4009 2001 4063 statuendam

426 4103 750 4157 abuteretur
778 4119 791 4155 :
840 4101 1197 4171 Apolinarius
1243 4099 1489 4169 quidem,
1518 4109 1580 4155 ut
1605 4115 1826 4156 carnem
1854 4102 2003 4172 ejus-

427 4195 551 4250 dem
587 4194 915 4248 substantia:
955 4209 1081 4248 eum
1105 4192 1286 4248 Verbo
1310 4192 1629 4247 ostenderet
1653 4192 1851 4259 ;Arius
1873 4206 2007 4249 vero

428 4296 490 4342 ut
518 4287 717 4342 Filium
735 4287 936 4341 aPatre
965 4285 1196 4340 diversa:
1220 4284 1543 4339 substantia:
1570 4285 1999 4357 introduceret),

428 4375 709 4449 quomodo
748 4390 1046 4447 possumus
1090 4390 1193 4430 nos
1222 4375 1299 4445 pii
1332 4389 1476 4440 esse,
1511 4375 1605 4445 qui
1634 4392 1799 4431 voces
1828 4376 2007 4432 luere-

430 4469 556 4524 ticis
585 4466 898 4522 contrarias
949 4482 1060 4522 non
1124 4467 1532 4522 contiteamur?
1585 4467 1759 4522 Porro
1810 4469 2004 4537 quinta

429 4559 694 4633 synodus,
744 4569 804 4614 ut
828 4560 1012 4614 omnia
1050 4559 1213 4614 missa
1243 4558 1462 4623 faciam,
1507 4574 1632 4613 cum
1667 4558 1735 4612 ad
1769 4559 2000 4615 verbum

2101 3650 2170 3706 τὰ
2223 3647 2503 3718 θελήματα
2562 3647 2683 3708 ταῖς
2745 3644 2940 3713 φύσεσι
3004 3640 3391 3711 συνομολογεῖν
3446 3640 3692 3707 ἀναγκα-

2106 3738 2391 3810 σθήσεσθε.

2185 3830 2395 3893 Ἀλλως
2423 3847 2480 3882 τε
2510 3828 2589 3892 δὲ,
2624 3828 2672 3880 εί
2705 3827 2759 3882 αί
2791 3825 3001 3879 σύνοδοι
3032 3827 3125 3879 ἐπὶ
3152 3830 3219 3899 τῇ
3247 3824 3344 3879 τοῦ
3376 3825 3497 3886 ἑνὸς
3531 3823 3695 3893 θελή-

2111 3939 2279 3994 ματος
2309 3924 2458 3991 φωνῇ
2489 3920 2586 3974 καὶ
2624 3919 3001 3989 Ἀπολινὰριον
3028 3918 3122 3971 καὶ
3155 3919 3377 3987 Ἀρειον
3420 3916 3695 3984 ἀνεθεμεὶ·

2105 4030 2283 4078 τισαν,
2331 4012 2598 4081 ἑκατέρου
2648 4009 2833 4063 αὐτῶν
2875 4008 3050 4079 ταύτῃ
3102 4008 3240 4077 πρὸς
3284 4006 3548 4059 σύστασιν
3594 4005 3692 4072 τῆς

2110 4106 2247 4169 ιδίας
2278 4104 2543 4177 αἱρέσεως
2579 4102 3046 4173 ἀποχρησαμένου
3070 4118 3082 4132 υ
3115 4100 3209 4153 τοῦ
3245 4100 3369 4170 μὲν,
3396 4097 3696 4169 ὀμοούσιον

2104 4200 2183 4269 τῷ
2210 4198 2368 4267 Λόγῳ
2416 4196 2503 4251 διὰ
2548 4195 2741 4249 τούτου
2770 4194 2868 4264 τὴν
2898 4194 3077 4263 σάρκα
3114 4190 3445 4263 βουλομένου
3479 4190 3693 4255 δεῖξαι·

2104 4290 2197 4343 τοῦ
2228 4290 2304 4353 δὲ,
2330 4287 2668 4359 ὲτεροούσιον
2693 4287 2785 4340 τὸν
2811 4285 2939 4339 Υίὸν
2971 4286 3108 4357 πρὸς
3157 4285 3247 4338 τὸν
3300 4283 3520 4353 Πατέρα
3580 4284 3694 4333 εἰσ⁹

2104 4385 2331 4450 αγαγεῖν
2368 4379 2810 4450 ἁγωνιζωμένου,
2840 4379 2957 4440 πῶς
2985 4376 3233 4431 εὐσεϐεῖν
3270 4378 3417 4447 ἡμᾶς
3443 4375 3698 4433 δυνατὸν,

2106 4473 2208 4535 τὰς
2240 4473 2490 4535 ἐναντίας
2516 4474 2629 4533 τοῖς
2656 4471 2957 4540 αίρετικοῖς
2997 4470 3183 4539 φωνὰς
3221 4469 3319 4538 οὐχ
3361 4466 3699 4538 ὁμολογοῦν-

2104 4582 2239 4633 τας;
2284 4567 2347 4618 Ἠ
2376 4566 2432 4618 δὲ
2466 4565 2690 4634 πέμπτη
2726 4561 2966 4627 σύνοδος,
3008 4562 3096 4615 ἵνα
3138 4559 3317 4613 πάντα
3365 4558 3691 4630 παραλίπω,

432 4653 505 4706 ita
540 4652 742 4715 sanxit,
772 4650 1032 4721 Amplecti
1068 4666 1122 4704 se
1148 4651 1328 4703 omnia
1361 4658 1667 4703 sanctorum
1700 4648 2001 4716 Athanasii,

2112 4658 2417 4713 θεσπίσασα
2465 4655 2770 4721 αὐτολεξεὶ,
2799 4653 3001 4707 Πάντα
3030 4652 3103 4706 τὰ
3144 4652 3263 4707 τῶν
3290 4652 3481 4722 ἁγίων
3520 4651 3688 4704 Ἀθα-

431 4743 640 4806 Ρττδὶιξί,
661 4745 937 4813 utriusque
971 4743 1231 4813 Gregorii,
1251 4758 1316 4797 ac
1340 4740 1709 4811 quorumdam
1738 4742 2001 4809 aliorum,

429 4852 552 4887 cum
595 4833 903 4903 adjectione
953 4834 1105 4887 vocis
1142 4833 1469 4903 egregiorum
1517 4831 1814 4901 doctorum,
1846 4833 2004 4891 libros

438 4933 506 4974 ac
535 4919 965 4989 lucubrationes,
1001 4923 1055 4978 in
1106 4924 1308 4994 quibus
1341 4936 1393 4983 et
1435 4928 1557 4983 dua:
1593 4928 1714 4987 sita
1756 4940 1883 4988 sunt
1907 4945 2013 4987 vo-

437 5009 699 5067 luntates.

1073 5110 1156 5164 Ea:
1186 5112 1387 5167 eadem.

501 5194 562 5252 In
591 5197 762 5253 sacris
782 5199 1089 5270 Evangeliis
1113 5202 1315 5257 dictum
1343 5212 1428 5260 est
1453 5222 1466 5260 :
1497 5205 1564 5260 In
1593 5209 1883 5262 crastinum
1915 5225 2007 5263 va-

436 5288 536 5342 luit
583 5287 736 5344 Iesus
798 5291 1003 5360 ingredi
1055 5294 1110 5348 in
1169 5293 1491 5352 Galilwam:
1536 5300 1710 5368 palam
1755 5310 1860 5364 est,
1901 5316 1997 5355 vo-

434 5380 601 5437 luisse
643 5383 875 5452 ingredi,
933 5400 1037 5455 qua
1111 5389 1324 5444 ratione
1378 5404 1488 5443 non
1553 5399 1671 5444 erat
1727 5392 1822 5446 ibi.
1874 5392 1994 5448 Non

433 5482 551 5526 erat
617 5484 799 5529 autem
859 5475 1244 5534 humanitate:
1294 5495 1419 5532 nam
1476 5481 1681 5537 deitate
1719 5498 1989 5553 nusquam

432 5563 604 5619 abest.
643 5564 813 5636 Igitur
843 5575 902 5623 ut
936 5568 1118 5639 homo,
1142 5586 1250 5628 non
1286 5581 1343 5628 ut
1379 5572 1543 5644 Deus,
1585 5573 1793 5632 intrare
1826 5576 2003 5632 voluit

432 5669 497 5709 ac
524 5656 819 5726 proﬁcisci.

517 5938 530 5971 ¹
561 5939 717 5996 .luatt.
749 5958 785 6007 ι,
814 5943 902 5999 45.

2106 4753 2348 4812 νασίου,
2383 4749 2484 4803 καὶ
2513 4749 2859 4811 Βασιλείου,
2887 4746 3366 4815 καὶΓρητορΙων,
3389 4745 3489 4797 καὶ
3514 4742 3687 4797 ἄλλω

2105 4842 2267 4897 τινῶν
2311 4842 2833 4913 προσδιωρισμένως
2861 4839 3147 4909 ἐγκρίτων
3176 4836 3500 4903 [ἐκκρίτων]
3528 4834 3685 4890 διδαρ

2119 4944 2199 4982 me
2211 4928 2375 4982 άλων
2408 4928 2826 4997 συντάγματα,
2855 4929 2911 4981 ἐν
2939 4944 3020 4991 οις
3057 4927 3151 4981 καὶ
3181 4926 3250 4981 τὰ
3277 4926 3373 4980 δύο
3402 4926 3683 4996 ἔγκεινται

2115 5019 2418 5090 θελήματα,
2441 5019 2708 5091 δέχεσθαι.

2648 5112 2751 5165 Ἐκ
2782 5110 2894 5179 τῆς
2934 5111 3146 5180 αὐτῆς.

2180 5201 2277 5255 Ἐν
2324 5203 2435 5266 τοῖς
2469 5202 2642 5270 ἁγίοις
2700 5202 3049 5270 Εὑαγγελίοις
3106 5201 3321 5271 εἴρηται
3357 5200 3513 5269 ,περὶ
3571 5194 3672 5249 τοῦ

2102 5296 2330 5378 κυρίου,
2354 5294 2435 5347 ὃτι
2472 5292 2551 5361 Τῇ
2588 5294 2877 5361 ἐπαύριον
2899 5292 3203 5360 ἠθέλησεν
3232 5294 3265 5345 ὁ
3284 5291 3518 5359 Ἰησοῦς
3545 5292 3673 5343 εισ-

2099 5380 2303 5443 ελθεῗν
2359 5389 2448 5452 εις
2502 5385 2619 5454 τὴν
2675 5385 3047 5438 Fuluia/ar"
3123 5382 3386 5453 πρόδηλον
3438 5382 3524 5442 δὲ.
3584 5380 3668 5432 ὅτι

2106 5481 2231 5535 καθ’
2261 5480 2288 5533 ὃ
2318 5479 2417 5533 οὐκ
2444 5466 2511 5549 ἦν
2536 5480 2673 5543 ἐκεῖ,
2704 5479 2970 5547 ἠθέλησεν
2998 5476 3286 5529 εἰσελθεῖν·
3346 5475 3447 5528 οὐκ
3494 5468 3559 5540 ἦν
3608 5470 3666 5521 δὲ

2111 5573 2516 5645 ἀνθρωπότητι·
2550 5571 2766 5639 θεότητι
2809 5569 2917 5639 γὰρ
2966 5568 3177 5628 οὐδενὸς
3222 5567 3467 5621 ἄπεστιν.
3520 5564 3666 5630 ’Ᾱρα

2111 5664 2205 5718 οῦν
2235 5663 2357 5716 καθ’
2387 5663 2414 5716 ὃ
2442 5663 2749 5731 ἄνθρωπος.
2780 5661 2874 5715 καὶ
2914 5661 2972 5714 οὐ
3007 5659 3131 5713 καθ’
3159 5658 3187 5712 δ
3216 5658 3347 5720 Θεὸς
3403 5655 3667 5727 ἠθέλησεν

2102 5755 2387 5811 εἰσελθεῖνο
2432 5753 2526 5811 καὶ
2557 5753 2837 5822 θελητικδς
2861 5745 2927 5823 ἦν
2954 5749 3077 5805 καθ’
3105 5747 3134 5804 ὃ
3156 5748 3456 5818 ἄνθρωπος.
