3846 6564
221 422 342 488 1141

1136 420 1509 483 PANOPLIA
1543 420 1999 482 DOGMATICA.
2035 444 2104 456 -
2129 418 2277 482 ΤῐΤ.
2309 416 2466 480 XXI.

3336 406 3470 473 ibi?

281 569 389 622 Kal
416 556 652 636 ἀλλαχοῦ
703 563 900 619 πάλινο
937 562 1121 626 Θέλω,
1151 563 1251 617 ινα
1292 562 1446 617 ὅπου
1490 563 1604 631 εἰμὶ
1646 562 1780 632 ἐγὼ,

1952 551 2073 607 Alio
2099 553 2230 607 item
2255 553 2378 608 loco
2404 570 2418 606 :
2452 551 2598 618 Volo,
2629 552 2792 623 utubi
2813 568 2905 624 ego
2931 568 3068 618 sum,
3100 558 3148 605 et
3177 550 3258 606 illi
3289 554 3394 607 sint
3418 559 3458 620 ι,

212 660 306 714 καὶ
354 658 523 711 αὐτοὶ
555 652 722 711 ὦσιν.
757 655 819 708 Εἰ
853 654 975 707 καθ’
999 653 1028 706 6
1059 653 1191 716 Θεὸς
1220 654 1249 706 6
1288 653 1524 723 Χριστὸς
1552 651 1693 720 ὑπὲρ
1723 651 1784 704 τὸ

1904 642 2016 700 lum
2045 643 2297 699 Christus
2313 654 2586 714 quatenus
2605 639 2749 700 Deus
2771 660 2936 715 supra
2967 645 3060 700 ubi
3095 645 3186 708 sit,
3214 657 3461 699 omnem-

137 746 152 825 ξ
212 749 314 806 ποῦ
345 749 498 802 ἐστίν
521 765 534 779 ·
577 748 637 800 ob
675 745 782 818 γὰρ
815 747 871 798 ὲν
893 747 1042 816 τόπῳ
1071 744 1194 798 καθ’
1230 743 1258 796 6
1297 744 1448 806 Θεὸς*
1476 741 1616 812 ὑπὲρ
1639 742 1696 794 δὲ
1724 741 1784 794 τὸ

144 835 152 841 ’
212 845 312 899 ποῦ
343 844 604 898 ἀδύνατον
634 842 732 911 τὴν
763 840 991 910 κτιστὴν
1015 837 1176 910 φύσιν
1201 837 1492 908 ὑπάρχειν·
1524 836 1633 906 ἄρα
1663 835 1783 889 καθ’

221 938 249 990 6
280 935 571 1005 ἄνθρωπος
602 933 766 997 θέλει,
797 933 886 986 ἵνα
911 933 1043 985 ὅπου
1075 929 1193 983 ἐστὶ
1229 930 1324 984 καὶ
1350 929 1502 982 αὐτοὶ
1536 921 1655 982 ὧσι’
1693 929 1786 982 καὶ

211 1015 496 1100 θελητικὸς
526 1023 594 1081 ἦν
622 1029 649 1081 6
678 1026 838 1089 αὐτὸς
866 1025 987 1079 καθ’
1018 1023 1047 1077 6
1069 1023 1378 1094 ἅνθρωπος.
1463 1051 1467 1055 -

280 1207 396 1262 Καὶ
436 1203 672 1276 ἀλλαχοῦ
702 1203 883 1258 πάλιν·
915 1201 1024 1257 Kal
1070 1199 1263 1256 ἐλθὼν
1289 1201 1376 1266 εἰς
1397 1199 1606 1265 τόπον,
1634 1193 1786 1252 elus-

208 1298 382 1367 Διψῶ.
408 1296 519 1350 Kal
565 1294 800 1349 ἔδωκαν
841 1291 1002 1358 αὺτῷ
1039 1288 1210 1346 οἶνον
1256 1291 1408 1360 μετὰ
1460 1288 1654 1358 χολῆς
1677 1304 1784 1359 με-

201 1387 520 1458 μιγμένον-⁸
549 1385 649 1439 καὶ
677 1384 1068 1454 ¹γευσάμενος,
1091 1384 1204 1436 οὐκ
1224 1381 1405 1450 ἤθελε
1422 1379 1600 1436 πιεῖν,
1630 1378 1788 1434 Κατὰ

1883 750 1989 804 que
2023 734 2129 789 loci
2160 735 2730 806 circumscriptionem
2759 738 2893 805 (non
2917 737 3066 791 enim
3110 746 3196 792 cst
3230 736 3284 790 in
3316 736 3458 798 loco,

1883 841 1990 896 qua
2044 825 2258 880 ratione
2302 835 2388 880 est
2433 826 2626 898 Deus),
2664 827 2782 882 ﬁeri
2815 839 2997 882 autem
3038 843 3146 882 non
3177 835 3359 898 potest
3403 835 3464 879 ut

1884 929 2051 984 supra
2074 910 2171 969 ubi
2193 916 2421 970 exsistat
2444 922 2636 971 natura
2659 927 2877 983 creata;
2899 917 3032 988 er'go
3057 926 3116 971 ut
3137 917 3301 971 homo
3323 916 3460 979 vult,

1887 1014 1948 1060 ut
1978 1005 2071 1060 ubi
2097 1016 2203 1072 est,
2237 1007 2348 1061 sint
2375 1006 2514 1076 ipsi;
2547 1007 2802 1076 atqueita
2835 1007 2980 1062 idem
3004 1015 3276 1078 quatenus
3298 1007 3464 1060 homo

1887 1108 2005 1155 erat
2027 1099 2287 1155 facultate
2316 1099 2618 1154 voluntatis
2655 1099 2938 1169 praeditus.

2155 1191 2225 1246 Et
2271 1191 2404 1245 alias
2446 1206 2666 1245 rursum
2701 1209 2714 1244 :
2749 1191 2818 1245 Et
2862 1208 2980 1245 cum
3014 1193 3234 1246 venisset
3288 1191 3357 1244 ad
3391 1189 3466 1244 lo-

1888 1301 2031 1346 cum,
2071 1285 2255 1341 dixit:
2295 1284 2454 1340 Sitio.
2493 1285 2564 1338 Et
2608 1285 2866 1338 dederunt
2897 1286 2944 1338 ei
2989 1287 3168 1339 viuum
3197 1301 3312 1338 cum
3347 1283 3467 1352 felle

1888 1376 2129 1439 mistum,
2159 1383 2208 1428 et
2231 1391 2350 1428 cum
2375 1383 2657 1446 gustasset,
2695 1374 2864 1429 noluit
2893 1373 3063 1427 bibere
3087 1379 3128 1428 ¹.
3152 1372 3465 1428 Secundum

207 1483 365 1533 ποῖον
411 1476 577 1532 αὑτοῦ
625 1476 790 1548 μέρος
817 1476 1040 1547 διψῆσαι
1079 1474 1240 1527 αὐτὸν
1286 1474 1542 1542 λέγεται;
1589 1473 1652 1526 Ei
1688 1471 1788 1542 μὲν

1904 1480 2056 1536 tuam
2090 1465 2266 1536 ipsius
2286 1473 2522 1536 partem,
2545 1482 2669 1522 eum
2697 1466 2901 1521 sitiisse
2932 1465 3162 1520 dicitis?
3185 1464 3467 1534 Siquidem

206 1569 354 1622 κατὰ
402 1568 503 1639 τὴν
553 1567 804 1638 θεότητα,
843 1567 1098 1638 ἐμπαθὴς
1134 1565 1288 1620 ἔσται
1327 1565 1577 1638 ήθεότης
1600 1560 1787 1632 αὑτοῦ,

206 1658 424 1721 πόσεως
463 1658 614 1726 παρὰ
647 1657 808 1726 φύσιν
859 1658 1145 1729 ὲφιεμένη.
1183 1658 1245 1711 El
1289 1657 1346 1712 δὲ
1399 1656 1543 1711 κατὰ
1570 1656 1669 1728 τὴν
1697 1658 1792 1711 ἀν-

207 1751 539 1822 θρωπύτητα
565 1790 578 1814 ,
612 1751 720 1818 ἄρα
763 1749 883 1804 καθ’
908 1749 937 1803 6
968 1749 1208 1821 ἐδίψησε,
1234 1749 1351 1803 κατ’
1382 1751 1562 1804 ἐκεῖνο
1595 1752 1690 1804 καὶ
1729 1749 1791 1805 τὸ

97 1861 100 1864 ·
205 1841 588 1912 ἀκατάλληλον
617 1843 685 1911 τῇ
718 1840 878 1910 φύσει
904 1841 1004 1894 οὐκ
1031 1840 1264 1912 ἠθέλησε
1293 1843 1437 1896 πιεῖν
1459 1856 1475 1873 ⁶
1507 1841 1601 1896 καὶ
1628 1841 1789 1914 θελη-

205 1933 364 1998 τικὸς
389 1931 458 2004 ἦν
490 1933 520 1985 6
555 1933 717 1996 αὐτὸς
755 1933 852 1986 καὶ
899 1933 1021 1987 καθ’
1058 1933 1087 1988 6
1129 1933 1436 2004 ἄνθρωπος.

278 2110 399 2164 Kal
435 2109 668 2182 ἀλλαχοῦ
702 2125 860 2181 φησιν
911 2111 1018 2164 Kal
1077 2124 1418 2178 περιεπατει
1469 2112 1503 2165 ό
1554 2111 1792 2179 Ἰησοῦς

205 2203 281 2257 ἐν
322 2201 398 2271 τῇ
429 2204 745 2269 Γαλιλαίᾳο
789 2205 862 2256 οὐ
901 2201 1010 2272 γὰρ
1049 2202 1271 2271 ἤθελεν
1311 2202 1380 2256 ἐν
1405 2201 1480 2271 τῇ
1534 2203 1794 2270 Ἰουδαίᾳ

208 2292 594 2362 περιπατεῖν,
620 2292 710 2347 ὅτι
753 2290 1003 2359 ἐζήτουν
1029 2293 1218 2347 αὐτόν
1246 2294 1300 2346 οι
1341 2291 1618 2348 Ἰουδαῖοι
1649 2294 1794 2347 ἀπο-

207 2386 464 2438 κτεῖναι.
505 2385 568 2437 Εί
600 2384 702 2455 τῆς
739 2383 941 2464 σαρικὸς
970 2383 1132 2454 φύσει
1171 2385 1201 2436 6
1231 2385 1552 2455 περίπατος,
1587 2385 1700 2438 ἀλλ’
1730 2386 1792 2438 οὑ

208 2475 319 2547 τῆς
371 2476 490 2530 καθ’
523 2475 821 2530 ὑπόστασιν
853 2475 1137 2546 ἡνωμένης
1189 2477 1325 2547 αὐτῇ
1367 2476 1639 2547 θεότητος,
1686 2477 1794 2548 ἄρα

209 2568 339 2623 καθ’
358 2568 389 2622 6
421 2568 706 2639 ἄνθρωπος
733 2570 761 2622 6
799 2569 962 2633 αὐτὸς
987 2569 1046 2621 ὲν
1066 2571 1133 2640 τῇ
1166 2568 1426 2640 Γαλιλαίᾳ
1453 2569 1792 2640 περιπατῶν,

207 2661 320 2715 οὐκ
348 2661 540 2732 ἢθελεν
585 2662 644 2714 ὲν
686 2665 752 2733 τῇ
800 2661 1028 2733 Ἰουδαία
1077 2665 1422 2731 περιπατείνο
1457 2664 1550 2716 καὶ
1583 2662 1795 2734 θελητι-

209 2749 310 2813 κὸς
341 2750 370 2802 6
396 2751 559 2814 αὐτὸς
587 2752 683 2805 καὶ
716 2750 842 2806 καθ’
869 2751 898 2804 6
925 2751 1230 2822 ἄνθρωπος.

1891 1557 2040 1612 enim
2071 1557 2379 1612 secundum
2423 1557 2708 1624 deitatem,
2755 1557 2862 1613 erit
2898 1558 3022 1629 ejus
3070 1557 3246 1612 deitas
3279 1553 3467 1610 libidi-

1889 1664 2044 1715 nosa,
2079 1665 2202 1720 qua:
2235 1657 2438 1720 praeter
2487 1658 2740 1705 naturam
2784 1656 2979 1720 potum
3026 1647 3339 1719 expetierit.
3372 1647 3469 1703 Sin

1889 1749 2074 1797 autem
2101 1742 2403 1798 secundum
2431 1743 2854 1806 humanitatem,
2875 1741 3046 1812 igitur
3075 1757 3139 1797 ea
3167 1750 3319 1812 parte
3347 1741 3470 1797 siti-

1894 1835 1994 1901 vit,
2028 1851 2151 1905 quae
2179 1844 2236 1891 et
2257 1835 2404 1906 quod
2425 1843 2639 1890 natura:
2668 1834 3080 1891 dissentaneum
3116 1843 3254 1900 crat,
3278 1834 3471 1889 bibere

1890 1926 2068 1982 noluit
2101 1944 2114 1981 :
2137 1938 2300 1998 atque
2319 1927 2457 1982 adeo
2491 1927 2658 1983 etiam
2683 1936 2744 1982 ut
2760 1927 2946 1994 homo,
2966 1927 3269 1984 voluntatis
3296 1926 3470 1982 facul-

1893 2029 2000 2076 tate
2020 2029 2140 2074 erat
2168 2019 2450 2090 praeditus.

1964 2112 2031 2167 Et
2055 2111 2185 2166 alibi
2207 2111 2284 2165 ait
2323 2129 2335 2166 :
2372 2111 2439 2165 Et
2459 2109 2766 2165 ambulabat
2805 2110 2957 2165 Iesus
2985 2112 3038 2166 in
3070 2109 3296 2167 Galiltea
3321 2126 3340 2164 :
3365 2124 3471 2165 non

1890 2205 2029 2258 enim
2073 2204 2277 2259 volebat
2321 2204 2597 2258 ambulare
2644 2205 2700 2258 in
2749 2203 2959 2269 Iudaea,
3003 2203 3128 2273 quia
3167 2201 3472 2272 quaerebant

1890 2312 2008 2350 eum
2030 2296 2202 2352 Judaei
2231 2295 2529 2365 interﬁcere
2547 2301 2587 2350 ³.
2614 2294 2753 2351 Cum
2802 2293 3105 2350 ambulatio
3131 2302 3328 2348 natura
3352 2307 3473 2348 car-

1892 2393 1980 2446 nis
1997 2390 2088 2455 sit,
2115 2405 2225 2444 non
2251 2389 2471 2445 deitatis
2495 2389 2545 2445 ei
2573 2389 2741 2444 unita:
2768 2389 3073 2445 secundum
3100 2387 3469 2461 bypostasim;

1892 2495 2025 2551 ergo
2046 2495 2154 2549 qua
2195 2481 2363 2535 homo
2406 2488 2524 2535 erat
2549 2480 2604 2534 in
2633 2479 2852 2535 Galilzca
2883 2480 3205 2546 ambulans,
3251 2479 3474 2534 nolebat

1893 2571 1950 2625 in
2003 2571 2195 2628 Iudaea
2247 2572 2578 2627 ambulare:
2615 2579 2780 2642 atque
2824 2573 2940 2638 ita,
2995 2571 3142 2628 idem
3196 2573 3362 2628 etiam
3412 2579 3474 2626 ut

1894 2663 2059 2719 homo
2084 2663 2380 2720 voluntatis
2404 2661 2659 2718 facultate
2682 2662 2946 2733 przeditus
2991 2671 3128 2717 erat.

287 2842 404 2895 Kal
442 2842 668 2914 ἑτέρωθι
703 2842 884 2898 πάλιν·
925 2842 1218 2898 Κάκεῖθεν
1247 2843 1614 2911 ἐξελθόντες,
1653 2859 1793 2912 παρ-

1969 2857 2175 2909 Rursus
2206 2868 2424 2924 quoque
2448 2852 2556 2907 alio
2584 2853 2703 2907 loco
2739 2871 2750 2905 :
2788 2852 2855 2907 Et
2878 2852 3028 2906 illinc
3055 2852 3268 2923 egressi,
3293 2859 3472 2904 trans-

205 2932 580 3000 szopstiorto
623 2931 722 2986 διὰ
759 2931 868 3000 τῆς
893 2935 1246 3000 Γαλιλαίας·
1287 2933 1386 2989 καὶ
1413 2936 1525 2988 οὐκ
1554 2933 1793 3004 ἢθελεν,

209 3022 323 3077 ινα
352 3039 446 3088 τις
474 3023 618 3092 γνῷ.
657 3023 1017 3094 Ὠμολόγηται
1050 3024 1201 3096 παρὰ
1231 3025 1448 3079 πάντων
1473 3027 1506 3097 η
1537 3026 1798 3098 πόρευσις

209 3116 382 3185 φύσει
413 3116 512 3186 τῆς
538 3114 980 3188 ἄνθρωπόνητος,
1013 3117 1091 3182 ὡς
1122 3117 1358 3190 είρηται,
1391 3113 1533 3172 εἶναι
1558 3118 1652 3171 τοῦ
1682 3120 1796 3172 Κυ-

215 3206 365 3278 ρίου,
408 3207 527 3261 ἀλλ’
557 3207 618 3260 οὐ
654 3209 752 3278 τῆς
791 3209 958 3262 αὑτοῦ
987 3208 1261 3280 θεότητοςο
1290 3211 1339 3262 ει
1390 3210 1447 3263 δὲ
1489 3210 1612 3264 καθ’
1641 3210 1671 3264 6
1707 3212 1800 3266 ἇν-

211 3296 464 3368 θρωπσς,
497 3297 612 3352 ἀλλ’
649 3299 711 3352 οὐ
757 3298 881 3353 καθ’
905 3299 934 3352 6
958 3300 1089 3365 Θεὸς
1121 3300 1303 3370 φύσει,
1328 3301 1539 3372 προσῆν
1578 3301 1726 3372 αὐτῷ
1761 3303 1795 3374 ἡ

209 3388 507 3460 πόρευσις·
542 3389 649 3466 ἄρα
681 3390 778 3444 καὶ
810 3391 934 3445 καθ’
967 3392 996 3444 6
1025 3392 1314 3464 ἄνθρωπος
1345 3396 1800 3465 παραπορευόμε-

208 3499 308 3546 νος
343 3484 485 3553 μετὰ
510 3485 618 3537 τῶν
647 3483 926 3555 μαθητῶν,
953 3485 1053 3540 οὐκ
1081 3485 1272 3556 ἡθελεν
1305 3487 1392 3540 ἵνα
1419 3503 1504 3550 τις
1536 3486 1650 3558 γνῷ
1673 3501 1690 3518 ⁸
1708 3488 1800 3541 καὶ

212 3573 510 3643 θελητικὸς
536 3569 604 3645 ἦν
634 3576 661 3627 6
685 3574 848 3637 αὐτὸς
870 3575 964 3627 καὶ
988 3575 1112 3628 καθ’
1144 3575 1173 3628 6
1208 3575 1515 3647 ἄνθρωπος.

289 3667 408 3720 Kal
435 3665 665 3738 ἑτέρωθι
691 3667 876 3721 πάλιν·
910 3667 1196 3722 Κάκεῖθεν
1230 3669 1495 3736 ἀναστὰς
1528 3668 1803 3736 ἀπῆλθεν

209 3759 308 3821 εις
339 3759 414 3813 τὰ
450 3757 580 3827 ὅρια
613 3759 798 3826 Τύρου
821 3757 919 3813 καὶ
954 3759 1232 3826 Σιδῶνος.
1265 3759 1374 3816 Kal
1399 3763 1692 3817 εἰσελθὼν
1715 3766 1804 3830 είς

210 3848 444 3912 οὶκίαν,
487 3847 709 3902 οὐδένα
733 3848 911 3916 ἤθελε
944 3845 1185 3918 γνῶναι·
1229 3850 1331 3904 καὶ
1371 3853 1482 3904 οὐκ
1529 3850 1802 3920 ἠδυνήθη

208 3939 454 3996 λαϐεῖν.
482 3939 550 3994 Ei
569 3938 691 3992 καθ’
728 3938 757 3992 6
777 3938 908 4003 Θεὸς
931 3942 959 3994 6
981 3941 1212 4012 Χριστὸς
1235 3940 1460 4012 δύναμις
1476 3939 1542 4013 ἦν
1567 3942 1804 3998 αὐθυπό·

209 4045 440 4093 στατος*
493 4028 614 4082 καθ’
665 4029 695 4084 6
743 4029 801 4083 δὲ
859 4029 1168 4102 ἄνθρωπος,
1227 4031 1503 4084 ἀσθένεια⁸
1571 4033 1642 4085 El
1695 4034 1806 4102 γὰρ

209 4122 320 4176 καί
345 4119 720 4189 ἐσταυρώθη,
750 4121 958 4192 φησὶνὸ
982 4120 1126 4186 θεῖος
1163 4121 1506 4187 ’Δπόστολος,
1535 4123 1605 4186 ἐξ
1628 4123 1808 4178 ἀσθε-

1896 2941 2040 2996 ibant
2072 2958 2166 3012 per
2192 2941 2507 3008 Galila'am;
2564 2951 2612 2995 et
2666 2958 2769 2996 non
2823 2942 3033 2996 volebat
3081 2951 3138 2994 ut
3193 2943 3474 3012 quisquam

1895 3035 2046 3086 sciret
2075 3037 2114 3087 ⁵.
2143 3031 2410 3087 Omnibus
2440 3041 2652 3086 certum
2684 3040 2768 3087 est
2807 3033 2913 3086 iter
2933 3039 3128 3086 natura
3159 3029 3474 3084 humanita-

1899 3125 1968 3180 tis
2002 3124 2229 3188 Christi,
2249 3123 2329 3178 uti
2353 3124 2564 3179 dictum
2585 3131 2689 3187 est,
2724 3138 2832 3176 non
2858 3122 2978 3192 ejus
3005 3120 3308 3176 divinitatis
3335 3121 3474 3175 ess‘e.

1899 3214 1995 3270 Sin
2019 3225 2200 3270 autem
2233 3214 2309 3268 illi
2332 3222 2601 3284 quatenus
2634 3213 2820 3278 homo,
2854 3215 3031 3270 inerat
3062 3213 3276 3268 itineris
3302 3211 3479 3274 ratio;

1899 3305 2089 3375 utique
2115 3304 2286 3359 etiam
2310 3312 2586 3374 quatenus
2613 3303 2778 3360 homo
2821 3319 2946 3359 cum
2976 3301 3265 3374 discipulis
3296 3309 3479 3356 trans-

1899 3397 2019 3452 iens
2070 3397 2284 3467 iterque
2322 3395 2550 3461 habens,
2596 3396 2816 3451 nolebat
2855 3404 2914 3451 ut
2949 3395 3235 3466 quisquam
3285 3394 3478 3449 sciret:

1899 3496 2064 3558 atque
2119 3487 2258 3542 adeo
2293 3487 2460 3542 etiam
2511 3495 2573 3542 ut
2634 3487 2800 3542 homo
2863 3487 3120 3542 facultate
3183 3482 3473 3540 voluntatis

1901 3576 2168 3647 pra-ditus
2209 3584 2350 3631 erat.

1969 3669 2105 3724 Item
2138 3669 2275 3723 alias
2309 3686 2323 3722 :
2354 3669 2422 3724 Et
2445 3670 2567 3724 inde
2599 3685 2821 3740 surgens
2856 3669 2983 3723 abiit
3007 3668 3059 3720 in
3093 3665 3228 3736 ﬁnes
3261 3665 3384 3736 Tyri
3433 3675 3479 3718 et

1903 3758 2134 3815 Sidonis.
2161 3760 2230 3814 Et
2262 3761 2528 3829 ingressus
2561 3761 2796 3826 domum,
2831 3761 3089 3814 neminem
3112 3760 3244 3813 scire
3268 3758 3430 3812 voluit
3463 3772 3496 3809 :-

1905 3857 1954 3903 et
1971 3865 2074 3902 non
2106 3850 2274 3919 potuit
2301 3849 2470 3904 latere
2498 3848 2539 3902 '.
2557 3849 2841 3920 Siquidem
2867 3848 3191 3904 Christusin
3215 3855 3478 3920 quantum

1905 3941 2052 3996 Deus
2077 3950 2198 3997 erat
2225 3941 2412 3997 Virtus
2460 3942 2578 4013 ipsa
2619 3957 2746 3996 vere
2773 3943 3072 4008 exsistens;
3128 3942 3184 3996 in
3215 3951 3480 4012 quantum

1906 4041 2090 4088 autem
2119 4033 2320 4101 homo,
2364 4033 2673 4088 inﬁrmitas.
2709 4033 2825 4088 Etsi
2847 4035 3016 4101 enim,
3052 4034 3232 4104 inquit
3265 4034 3480 4088 divinus

1907 4122 2224 4193 Apostolus,
2252 4123 2535 4193 cruciﬁxus
2571 4133 2646 4178 est
2674 4140 2738 4178 ex
2765 4124 3098 4193 inﬁrmitate,
3134 4125 3227 4180 sed
3256 4126 3377 4180 vivit
3423 4141 3480 4178 ea

210 4214 412 4280 νείας,
463 4214 626 4269 ἀλλὰ
659 4213 727 4284 ζῇ
777 4215 846 4268 ἐκ
872 4213 1180 4284 δυνάμεως
1227 4214 1374 4268 Θεοῦ
1400 4229 1414 4244 ’
1457 4216 1565 4286 ἄρα
1613 4215 1736 4270 καθ’
1776 4217 1793 4269 ε

1908 4217 2100 4269 virtute
2156 4215 2250 4270 Dei
2271 4218 2331 4282 ⁶;
2360 4218 2520 4286 plane
2545 4225 2818 4287 quatenus
2850 4217 3038 4281 homo,
3072 4231 3183 4272 non
3233 4225 3294 4270 ut
3344 4217 3482 4271 Deus

210 4305 534 4374 ἄνθρωπος,
567 4306 662 4359 καὶ
690 4307 752 4360 οὑ
795 4307 919 4360 καθ’
953 4307 980 4360 6
1007 4307 1161 4372 Θεὸς,
1197 4306 1454 4360 εἰσελθὼν
1488 4309 1566 4372 είς
1603 4307 1802 4374 οἰκίαν,

209 4395 326 4447 οὐκ
363 4393 554 4464 ῆθελεν
605 4395 692 4449 ἵνα
739 4413 824 4458 τις
870 4395 1004 4466 γνῷ’
1035 4397 1128 4450 καὶ
1179 4397 1279 4450 οὐκ
1323 4397 1562 4468 ἠδυνήθη
1597 4397 1801 4452 λαθεῖνο

213 4487 324 4539 καὶ
362 4485 648 4554 θελητικὸς
678 4481 746 4558 ἦν
773 4489 801 4540 6
832 4487 1018 4553 αὐτὸς,
1055 4489 1149 4540 καὶ
1187 4487 1311 4541 καθ’
1335 4487 1364 4541 6
1391 4487 1700 4556 ἄνθρωπος.

295 4577 412 4630 Kal
441 4576 676 4647 ἀλλαχοῦ
706 4593 858 4649 φησι·
891 4580 1027 4647 Περὶ
1064 4579 1352 4648 τετάρτην
1382 4580 1668 4649 φυλακὴν
1695 4580 1806 4649 τῆς

209 4668 449 4733 νυκτὸς
476 4667 711 4736 ἔρχεται
737 4670 886 4736 πρὸς
927 4670 1170 4734 αὐτοὺς,
1197 4670 1538 4739 περιπατῶν
1560 4673 1658 4725 ἐπὶ
1693 4671 1800 4740 τῆς

211 4756 570 4824 θαλάσσης·
607 4757 706 4811 καὶ
756 4758 936 4826 ἤθελε
978 4762 1302 4829 παρελθεῖν
1326 4762 1569 4828 αὐτούς.
1612 4763 1674 4815 Ei
1706 4763 1802 4832 μὲν

210 4852 352 4906 καθ’
380 4851 408 4904 6
438 4851 592 4918 Θεὸς,
625 4852 782 4906 τοῦτό
810 4870 894 4915 τις
926 4853 1055 4924 περὶ
1087 4853 1252 4908 αὐτοῦ
1291 4853 1540 4924 εἰρῆσθαι
1573 4854 1801 4927 ἐκλάθῃ,

215 4941 430 5011 πέρασι
467 4944 823 5011 σωματικοῖς,
856 4942 933 5012 τῷ
958 4943 1068 4997 ἄνω
1099 4941 1262 5012 φημὶ,
1297 4941 1392 4994 καὶ
1419 4939 1496 5012 τῷ
1524 4942 1688 4996 κάτω
1725 4942 1803 5013 τῷ

213 5032 540 5102 ἔμπροσθεν
575 5033 671 5086 καὶ
711 5032 790 5104 τῷ
823 5033 1019 5087 ὀπίσω·
1059 5030 1136 5102 τῷ
1166 5031 1318 5097 δεξιὰ
1344 5032 1442 5087 καὶ
1473 5032 1552 5102 τῷ
1583 5034 1802 5103 ἀριστε-

227 5125 306 5196 ρὰ
329 5124 630 5194 διαλῆφθαι
653 5125 752 5196 τὴν
787 5125 1017 5196 θεότητα
1049 5125 1232 5192 λέγειν
1285 5124 1793 5195 ἀναγκασθήσεται.

227 5219 298 5270 Εἰ
326 5215 383 5269 δὲ
412 5216 536 5270 καθ’
566 5216 595 5270 6
643 5215 930 5286 ἄνθρωπος
966 5215 1136 5270 ταῦτα
1163 5216 1418 5286 εἰρῆσθαι
1443 5219 1571 5286 περὶ
1629 5215 1794 5269 αὐτοῦ

225 5307 405 5376 λέγει’
435 5307 544 5379 ἄρα
573 5306 850 5378 θελητικὸς
874 5303 942 5379 ἦν
971 5306 997 5357 6
1025 5308 1186 5372 αὐτὸς
1235 5310 1334 5362 καὶ
1382 5308 1504 5365 καθ’
1532 5307 1561 5363 6
1583 5309 1798 5380 ἄνθρω-

229 5416 354 5463 πος.

303 5492 416 5546 Kal
444 5493 678 5564 ἀλλαχοῦ
711 5509 866 5566 φησιο
917 5495 1026 5548 Kal
1074 5494 1426 5562 προσ-ἦλθον
1457 5497 1512 5550 ol
1538 5497 1799 5565 μαθηταὶ

223 5585 442 5649 αὑτοῦ,
477 5585 763 5654 λέγοντες
789 5585 965 5652 αὐτῷ·
1031 5586 1153 5640 Ποῦ
1183 5586 1397 5652 θέλεις,
1432 5586 1795 5652 ἀπελθόντες

223 5676 634 5748 ἐτοιμὰσομέν
667 5695 766 5734 σοι
789 5681 854 5734 τὸ
887 5679 1103 5750 Πάσχα
1129 5679 1341 5748 φαγεῖν
1359 5696 1380 5745 ;
1437 5680 1552 5751 Eii)
1588 5678 1791 5750 βρῶσις

313 5816 329 5847 ¹
355 5815 515 5870 Joan.
550 5833 682 5880 xvtt,
717 5815 806 5870 94.
921 5817 940 5847 ¹
972 5815 1159 5872 Matth.
1191 5832 1356 5880 xxvn,
1390 5817 1478 5870 53.

233 5901 356 5956 mi,
390 5885 442 5945 ι.
544 5887 563 5918 ⁷
592 5887 756 5946 Marc.
789 5902 862 5960 γι,
898 5887 985 5948 48.
1062 5892 1083 5923 ⁸
1113 5891 1248 5947 Luc.
1283 5903 1418 5952 mi.
1448 5888 1502 5947 8.

1581 5815 1602 5849 ³
1631 5814 1786 5878 Joau.
1821 5829 1916 5888 vn,
1952 5815 2006 5876 4.

1904 4315 2026 4362 erat
2057 4307 2343 4377 ingressus
2395 4309 2450 4362 in
2500 4309 2746 4374 domum,
2793 4310 3071 4363 neminem
3101 4310 3242 4365 scire
3291 4311 3482 4374 voluit,

1905 4406 1962 4452 et
1997 4412 2108 4451 non
2132 4398 2313 4467 potuit
2342 4399 2515 4453 latere
2550 4416 2563 4452 :
2605 4408 2771 4468 atque
2800 4399 2940 4453 adeo
2965 4401 3136 4454 etiam
3185 4409 3248 4455 ut
3296 4400 3483 4466 homo,

1905 4489 2226 4566 voluntatis
2236 4488 2494 4544 facultate
2528 4490 2792 4559 praeditus
2823 4489 2848 4543 ι’
2849 4489 2949 4544 uit.
3445 4505 3448 4508 ·

1974 4582 2042 4636 Ει
2062 4581 2194 4636 alibi
2228 4580 2364 4636 dicit
2388 4600 2400 4635 :
2425 4581 2580 4637 Circa
2604 4591 2855 4654 quartam
2880 4581 3117 4653 vigiliam
3164 4585 3328 4638 noctis
3351 4586 3483 4638 venit

1907 4672 1978 4726 ad
1999 4689 2106 4739 eos,
2132 4671 2410 4726 ambulans
2432 4689 2595 4743 supra
2614 4689 2761 4726 mare
2785 4687 2804 4726 :
2843 4679 2892 4725 et
2920 4672 3123 4726 volebat
3157 4675 3482 4743 perlransire

1909 4779 2016 4819 eos.
2039 4769 2058 4802 ⁷
2119 4763 2176 4818 Si
2215 4763 2342 4832 quis
2383 4763 2490 4818 hoc
2513 4763 2581 4818 de
2613 4763 2730 4827 illo,
2761 4779 2868 4832 qua
2905 4763 3116 4818 ratione
3165 4765 3308 4819 Deus
3345 4774 3484 4830 erat,

1908 4852 2118 4906 dictum
2147 4854 2447 4924 acceperit,
2473 4869 2699 4908 necesse
2732 4853 2960 4909 habebit
2980 4865 3040 4909 ut
3071 4856 3330 4911 deitatem
3362 4873 3483 4911 cor-

1909 4944 2194 5013 poralibus
2229 4945 2502 5010 terminis,
2525 4959 2746 4999 sursum
2773 4954 2937 5014 atque
2961 4945 3245 5011 deorsum,
3276 4958 3402 5002 ante
3432 4957 3482 5002 ct

1911 5045 2082 5098 retro,
2111 5037 2461 5093 dextrorsum
2501 5053 2568 5094 ac
2610 5037 2990 5092 sinistrorsum
3030 5036 3480 5105 comprehensam

1904 5131 2068 5185 dicat.
2099 5127 2252 5196 Quod
2292 5128 2339 5184 si
2366 5129 2432 5184 de
2459 5127 2552 5191 illo
2587 5134 2860 5198 quatenus
2893 5126 3057 5182 homo
3090 5135 3234 5192 erat,
3265 5126 3470 5183 dictum

1905 5222 2050 5287 velit,
2083 5235 2213 5290 ergo
2249 5219 2390 5275 idem
2431 5227 2489 5274 ut
2522 5220 2684 5274 homo
2721 5218 2971 5274 facultate
3000 5217 3293 5274 voluntatis
3327 5233 3468 5288 prae-

1906 5311 2052 5368 ditus
2085 5311 2204 5366 fuit.

1974 5493 2096 5548 Alio
2150 5494 2280 5550 item
2330 5494 2450 5550 loco
2500 5510 2517 5550 :
2562 5491 2633 5547 Et
2686 5501 3013 5548 accesserunt
3061 5492 3303 5562 discipuli
3352 5495 3468 5564 ejus

1906 5585 2133 5640 dicentes
2169 5587 2217 5640 ei
2245 5598 2264 5637 :
2297 5584 2393 5640 Ubi
2441 5585 2516 5640 vis
2567 5601 2769 5651 eamus,
2801 5594 2848 5638 et
2877 5599 3116 5637 mtremtts
3169 5584 3260 5637 tibi
3311 5602 3468 5642 man.»-

1903 5682 2100 5734 ducare
2155 5677 2405 5733 Pascha?
2443 5676 2578 5733 Cum
2629 5676 2835 5731 Pascha
2899 5675 3229 5736 manducare
3275 5697 3466 5735 coitum

2106 5816 2130 5848 ⁵
2157 5815 2319 5871 Mare.
2369 5831 2443 5876 ut.
2469 5812 2562 5875 ‘29.
2657 5813 2678 5844 ⁸
2705 5811 2869 5873 Marc.
2911 5833 3006 5884 vn,
3038 5817 3127 5874 24.
3205 5820 3226 5851 ⁸
3255 5818 3300 5873 ll
3334 5817 3462 5875 Cor.
