3952 6540
530 370 661 440 1⁸151

1765 385 2144 450 EUTllYMIl
2192 392 2544 457 ZlG.\DEN[

3627 415 3733 481 Ilii!

526 493 787 547 omnibus
813 495 1214 563 consideratur,
1245 508 1454 555 natura;
1483 509 1667 556 notam
1741 500 1797 556 in
1851 500 2078 573 subjecti

2215 505 2355 575 ρίζει
2393 508 2450 561 ἐν
2478 511 2588 574 τοῖς
2617 508 2710 564 ὑπ’
2736 512 2869 568 αὐτὸ
2897 513 3139 588 ἀτόμοις·
3184 516 3291 587 ἄρα
3331 518 3489 588 φύσει
3543 521 3724 596 Deiqu-

525 597 580 642 et
614 587 909 645 individuis
937 593 1228 662 exprimat,
1285 593 1451 650 homo
1508 594 1727 652 volendi
1780 593 2099 651 facultatem

527 679 712 738 habet.

595 778 673 830 Ac
703 793 913 847 rursus,
957 777 1002 834 si
1036 788 1228 834 natura
1265 795 1365 836 nec
1399 781 1592 852 magis,
1648 797 1752 838 nec
1795 783 1981 839 minus
2021 799 2104 839 re-

523 865 676 936 cipit,
706 884 838 925 sane
869 887 994 925 cum
1018 873 1274 927 omnibus
1292 889 1547 944 peraeque
1564 875 1700 930 velle
1727 876 1880 943 insit,
1907 893 1968 932 ac
1991 891 2100 932 non

523 960 646 1016 aliis
680 961 926 1028 uberius,
947 964 1070 1019 aliis
1092 965 1424 1036 parcius,ex
1465 979 1661 1023 natura
1720 985 1818 1025 sua
1863 970 2100 1040 proinde

521 1055 741 1117 volcndi
812 1056 1068 1112 facultate
1119 1059 1378 1127 praeditus
1433 1069 1518 1115 est
1569 1061 1735 1118 homo
1791 1081 1806 1117 :
1868 1078 1932 1119 ex
1989 1079 2099 1134 quo

519 1147 778 1214 eﬂicitur,
807 1158 867 1204 ut
921 1165 1044 1205 cum
1103 1151 1268 1206 homo
1322 1153 1525 1208 virtute
1585 1155 1810 1210 valendi.
1871 1157 2102 1228 polleat,

518 1253 584 1295 ea
613 1238 802 1295 itidem
857 1241 1184 1296 naturaliter
1209 1241 1410 1311 polleat
1440 1245 1726 1308 Dominus,
1773 1261 1886 1302 non
1935 1248 2097 1306 modo

518 1345 628 1401 qua
659 1329 805 1388 Deus
834 1340 940 1400 est,
968 1333 1062 1388 sed
1094 1335 1262 1388 etiam
1287 1351 1392 1405 qua
1425 1335 1608 1391 factus.
1633 1337 1818 1393 homo.

1015 1422 1099 1477 Ea:
1126 1423 1303 1478 eodem
1332 1419 1524 1494 capite.

583 1507 791 1564 Rerum
819 1509 1066 1565 omnium
1092 1509 1237 1565 Deus
1269 1520 1324 1564 et
1347 1511 1510 1566 Pater
1540 1512 1676 1577 vult,
1701 1513 1786 1568 vel
1819 1525 2097 1584 quatenus

513 1599 697 1665 Pater,
737 1600 820 1654 vel
851 1608 1123 1668 quatenus
1167 1600 1328 1656 Deus.
1363 1602 1422 1656 Si
1459 1611 1737 1674 quatenus
1777 1605 1952 1671 Pater,
1989 1609 2098 1664 alia

513 1690 621 1744 erit
658 1690 780 1759 ejus
815 1693 1090 1758 voluntas,
1133 1693 1237 1748 alia
1289 1693 1451 1756 Filii;
1487 1711 1670 1766 neque
1727 1699 1874 1752 enim
1935 1699 2097 1755 Pater

513 1777 686 1835 Filius
725 1788 828 1836 est.
861 1781 1164 1836 Sinantein
1207 1791 1483 1853 quatenus
1539 1784 1709 1851 Deus,
1760 1795 1909 1844 certe
1966 1805 2092 1844 cum

513 1869 686 1927 Filius
705 1887 922 1942 quoque
955 1870 1097 1927 Deus
1129 1873 1221 1938 sit,
1263 1876 1505 1946 itemque
1571 1875 1812 1947 Spiritus
1867 1893 2093 1938 sanctus

513 1960 679 2026 Deus,
706 1964 1042 2019 voluntatem
1069 1975 1278 2022 natura:
1300 1983 1447 2033 esse,
1485 1969 1882 2038 naturalcmve,
1915 1970 2093 2030 faten-

510 2053 642 2112 dum
664 2063 772 2110 est.

579 2146 829 2217 Insuper,
909 2147 957 2205 si
997 2164 1237 2220 quorum
1296 2151 1553 2208 voluntas
1600 2169 1706 2209 una
1749 2165 1854 2221 cst,
1894 2157 2091 2216 horum

508 2237 696 2304 etiam,
731 2246 789 2292 ut
811 2237 1001 2295 Patres
1028 2250 1346 2310 senserunt,
1366 2259 1471 2298 una
1503 2253 1588 2301 est
1615 2249 1857 2304 essentia
1890 2267 1905 2304 :
1933 2265 2091 2317 sane,

509 2330 558 2385 si
589 2345 694 2386 una
717 2330 1027 2389 divinitatis
1056 2335 1264 2390 Christi
1295 2345 1462 2406 atque
1496 2337 1860 2396 humanitatis
1884 2344 2085 2398 volun-

511 2430 598 2478 tas
637 2423 731 2488 sit,
785 2437 897 2480 una
953 2441 1174 2498 quoque
1226 2425 1496 2484 eteadem
1536 2444 1728 2486 earum
1781 2431 2093 2489 substantia

510 2511 636 2568 erit.
1074 2501 1077 2503 ’

575 2604 658 2659 Ac
692 2618 908 2672 rursus,
935 2606 1074 2666 side
1109 2607 1334 2666 Patrum
1394 2614 1694 2682 sententia,
1731 2623 1940 2672 natura:
1977 2617 2094 2676 dis-

507 2693 719 2750 crimen
739 2695 793 2750 in
826 2711 934 2751 una
969 2692 1265 2755 voluntate
1309 2716 1418 2756 non
1459 2703 1660 2770 elucet,
1696 2720 1925 2762 necesse
1983 2717 2089 2773 est,

507 2791 568 2838 ut
596 2784 680 2840 vel
710 2799 876 2842 unam
908 2786 1146 2842 dicendo
1186 2789 1556 2859 voluntatem,
1601 2795 1854 2852 naturale
1890 2796 2092 2853 discri-

505 2890 632 2932 men
685 2893 794 2933 non
845 2878 1116 2948 dicamus,
1148 2881 1234 2937 vel
1295 2895 1615 2941 naturarum
1679 2888 2089 2953 distinctionem

505 2969 896 3040 praedicantes,
927 2971 1272 3030 voluntatem
1302 2992 1466 3032 unam
1503 2994 1611 3034 non
1646 2987 1978 3039 statuamus.

573 3059 654 3115 Ac
691 3075 910 3126 rursus,
994 3066 1042 3118 si
1071 3070 1126 3116 ut
1155 3063 1210 3119 in
1239 3065 1429 3121 divino
1482 3065 1783 3139 Evangelio
1822 3072 2079 3136 habetur,

503 3148 788 3220 profectus
837 3149 1107 3208 Dominus
1140 3153 1193 3208 in
1238 3163 1422 3224 partes
1459 3155 1590 3228 Tyri
1627 3167 1682 3212 et
1741 3157 1988 3228 Sidonis,
2037 3173 2089 3218 et

2215 597 2309 662 κὸς
2341 601 2368 652 ὁ
2399 599 2712 672 ἅνθρωπος.

2279 785 2391 840 Καὶ
2418 784 2596 849 αὖθις·
2639 786 2687 840 εἰ
2733 786 2794 840 τὸ
2825 786 3025 858 μᾶλλον
3071 790 3163 844 καὶ
3208 785 3432 864 ἦττονὴ
3473 797 3616 864 φύσις
3651 800 3728 855 οὐκ
3811 798 3821 805 ⁷

2211 880 2539 951 ἐπιδέχεται,
2559 881 2752 952 ἐπίσης
2776 881 2832 934 δὲ
2854 883 3020 937 πᾶσιν
3041 885 3339 958 ἐνυπάρχει
3369 888 3429 942 τὸ
3458 888 3635 957 θέλειν,
3657 898 3729 948 καὶ

2208 967 2270 1020 ού
2297 970 2411 1031 τοῖς
2443 968 2544 1034 μὲν
2567 970 2751 1038 πλέον,
2788 974 2908 1038 τοῖς
2931 971 2992 1026 δὲ
3014 972 3255 1030 ἔλαττονο
3289 977 3398 1048 ἄρα
3429 979 3576 1047 φύσει
3605 982 3729 1054 θελη-

2203 1057 2356 1118 τικὸσ
2419 1059 2448 1110 ὁ
2485 1059 2798 1130 ἄνθρωπος’
2843 1060 2986 1116 ὥστε
3015 1067 3064 1118 εί
3097 1066 3258 1135 φύσει
3313 1068 3726 1137 θελητικὸςδᾶν-

2207 1146 2448 1218 θρωπος,
2473 1167 2564 1204 και
2585 1153 2613 1205 δ
2645 1153 2867 1226 Κύριος,
2895 1156 2965 1208 ού·
2982 1157 3146 1227 μόνον·
3171 1159 3310 1212 καθὸ
3334 1159 3486 1229 Θεὸς,
3519 1162 3637 1217 ἀλλὰ
3655 1166 3726 1219 ui

2202 1239 2341 1297 καθὸ
2368 1241 2659 1315 ἄνθρωπος
2689 1244 2905 1315 γέγονε,
2939 1247 3102 1319 φύσει
3132 1249 3418 1322 θελητικὸς
3443 1255 3597 1308 ἐστιν.

2564 1427 2662 1481 ἐκ
2712 1427 2822 1483 τοῦ
2844 1427 3035 1484 αὐτοῦ
3065 1431 3428 1499 κεφαλαίου.

2279 1518 2340 1573 '0
2372 1518 2482 1573 τῶν
2513 1517 2652 1574 δλων
2677 1519 2788 1590 γὰρ
2889 1519 3024 1584 Θεὸς
3056 1521 3150 1574 καὶ
3181 1519 3398 1590 Πατὴρ,
3425 1521 3458 1591 ἢ
3495 1520 3612 1577 καθὸ
3645 1524 3729 1580 Πι-

2195 1610 2300 1681 τὴρ
2333 1610 2504 1674 θέλει,
2550 1611 2582 1684 ἢ
2621 1611 2757 1665 καθὸ
2796 1611 2949 1676 Θεὸς.
2999 1610 3142 1667 Ἀλλ’
3177 1614 3225 1665 εί
3259 1613 3363 1684 μὲν
3405 1615 3532 1667 καθὸ
3558 1613 3725 1688 Πατὴρ.

2196 1703 2327 1760 ἄλλο
2362 1703 2529 1758 αὑτοῦ
2565 1703 2722 1758 ἔσται
2748 1704 2809 1757 τὸ
2832 1703 3052 1777 θέλημα
3079 1706 3229 1777 παρὰ
3285 1705 3354 1758 τὸ
3381 1704 3472 1760 τοῦ
3498 1704 3630 1759 Υίοῦ.
3671 1707 3726 1762 Οὐ

2196 1797 2306 1869 γὰρ
2341 1798 2578 1870 Πατὴριό
2607 1783 2766 1862 Υἱός,
2787 1798 2848 1852 Et
2873 1798 2931 1852 δὲ
2964 1797 3099 1851 καθὸ
3127 1797 3281 1863 Θεὸς,
3332 1798 3462 1862 Θεὸς
3488 1800 3539 1852 δι
3562 1801 3587 1852 ὁ
3609 1799 3723 1864 ηις,

2196 1889 2330 1954 Θεὸς
2359 1891 2457 1945 καὶ
2483 1889 2546 1945 τὸ
2581 1891 2807 1960 Πνεῦμα
2838 1889 2899 1945 τὸ
2954 1890 3144 1961 amv-
3175 1890 3287 1962 ἄρα
3333 1889 3395 1945 τὸ
3433 1891 3620 1964 θέλημα
3647 1895 3724 1964 φύ-

2197 2001 2357 2050 σεως,
2388 1985 2568 2055 ἤγουν»
2592 1984 2844 2054 φυσικόν.

2265 2165 2412 2229 Ἔτι,
2434 2163 2494 2216 εἶ’
2512 2161 2654 2218 κατὰ
2682 2162 2810 2226 τοὺς
2836 2161 3111 2232 Πατέρας,
3133 2149 3208 2216 ὧν
3230 2161 3298 2215 τὸ
3319 2160 3524 2232 θέλημα
3546 2159 3614 2225 ἓν,
3633 2159 3720 2214 τού-

2191 2273 2299 2312 των
2320 2256 2415 2310 καὶ
2442 2257 2478 2327 ἡ
2504 2254 2663 2310 οὐσία
2693 2253 2812 2326 μία,
2841 2254 2898 2306 ἓν
2925 2255 3021 2310 καὶ
3047 2253 3260 2324 θέλημα
3293 2257 3393 2334 τῆς
3413 2253 3636 2325 θεότητος
3651 2252 3718 2308 τοῦ

2191 2348 2460 2420 Χριστοῦ,
2493 2349 2720 2418 καὶτῆς
2768 2345 3190 2418 ἀνθρωπότητος
3241 2343 3415 2399 αὑτοῦ
3442 2361 3456 2377 ·
3505 2343 3602 2417 ἄρα
3647 2343 3718 2416 μία

2193 2441 2290 2495 καὶ
2316 2440 2350 2512 ἡ
2377 2438 2517 2512 αὑτὴ
2553 2437 2760 2494 τούτων
2789 2437 2946 2490 ἔσται
2977 2435 3074 2490 καὶ
3101 2437 3135 2506 ἡ
3172 2435 3370 2490 οὐσία..

2263 2616 2373 2669 Καὶ
2394 2613 2557 2668 πάλιν
2577 2628 2590 2642 ·
2626 2611 2700 2674 εί,
2732 2609 2874 2664 κατὰ
2903 2611 3029 2673 τοὺς
3056 2607 3334 2679 Πατέρας,
3383 2609 3415 2680 ἠ
3439 2606 3533 2678 τῆς
3553 2608 3718 2677 φύσεως

2191 2705 2428 2776 διαφορὰ
2461 2705 2541 2776 τῷ
2571 2705 2653 2758 ἑνὶ
2676 2703 2944 2774 θελήματι
2972 2701 3032 2760 οὐ
3072 2700 3441 2768 διαφαίνεται,
3466 2698 3664 2768 ἀνάγκη,
3692 2698 3716 2766 ἢ

2191 2802 2251 2855 ἓν
2283 2799 2499 2869 θέλημα
2525 2796 2785 2865 λέγοντας
2811 2793 3052 2864 φυσικὴν
3093 2795 3153 2846 ὲν
3193 2791 3425 2862 Χριστῷ
3469 2791 3537 2861 μὴ
3581 2791 3718 2858 λέγειν

2189 2887 2474 2958 διαφορὰν,
2503 2886 2538 2958 ἢ
2570 2883 2808 2956 φυσικὴν
2827 2881 3099 2949 λέγοντας
3135 2879 3429 2952 διαφορὰν,
3459 2878 3514 2932 ἓν
3554 2877 3718 2949 θέλημα

2195 2980 2270 3052 μὴ
2296 2979 2502 3048 λέγειν.

2264 3073 2373 3126 Καὶ
2399 3067 2554 3134 αὖθις
2576 3086 2590 3101 ·
2626 3069 2676 3123 εί
2703 3065 2888 3131 καθώς
2925 3083 3060 3138 φησι
3111 3064 3174 3118 τὸ
3219 3064 3370 3118 θεῖον
3421 3061 3716 3131 Εὐαγγέλιον,

2189 3163 2360 3220 ἐλθὼν
2381 3166 2409 3218 ὸ
2441 3162 2644 3236 Κύριος
2672 3161 2750 3223 είς
2785 3161 2854 3214 τὰ
2885 3158 3027 3230 μέρη
3049 3158 3228 3229 Τύρου
3256 3157 3358 3211 καὶ
3395 3157 3617 3220 Σιδῶνος,
3643 3153 3718 3207 καὶ

503 3241 1026 3310 ingressusdomum,
1061 3247 1318 3302 neminem
1342 3249 1478 3303 scire
1527 3250 1712 3317 voluit,
1769 3269 1860 3308 nec
1910 3263 2081 3310 tamen

2195 3257 2480 3314 εἰσελθὼν
2509 3259 2598 3324 εις
2626 3250 2818 3319 οἷκον,
2847 3251 3366 3342 οὐδένα-ἠθέλησε
3389 3249 3604 3342 πᾷηνι,
3643 3245 3716 3299 καί

503 3332 667 3387 latere
686 3336 860 3402 potuit
893 3335 939 3402 ‘,
971 3337 1220 3408 profecto
1255 3354 1378 3392 cum
1414 3339 1596 3395 divina
1624 3342 1798 3413 ipsius
1828 3345 2084 3405 volu-ntas

2195 3352 2296 3405 οὐκ
2321 3347 2592 3417 ἠδυνήθη
2614 3344 2852 3401 λαϐεῖν·
2880 3345 2928 3396 εί
2956 3343 3014 3396 τὸ
3039 3333 3183 3396 θεῖον
3208 3340 3380 3394 αὐτοῦ
3403 3340 3593 3410 θέλημα
3614 3353 3716 3388 παν-

504 3426 690 3479 omuia
755 3427 966 3496 possit,
1015 3430 1207 3486 volens
1246 3447 1377 3486 vero
1431 3433 1604 3489 latere
1655 3452 1764 3491 non
1823 3441 2084 3510 potuerit,

2182 3440 2506 3510 τοδύναμον,
2537 3436 2768 3508 θελήσας
2794 3434 2851 3490 δὲ
2879 3434 3063 3488 λαθεῖν
3084 3434 3146 3488 οὑ
3173 3431 3477 3502 δεδύνηται·
3499 3431 3594 3501 ἄρα
3615 3426 3718 3481 καθὸ

503 3513 774 3582 sequitur,
807 3523 867 3568 ut
921 3524 1201 3584 quatenus
1233 3519 1396 3574 homo
1443 3520 1494 3575 id
1543 3513 1800 3590 voluerit,
1835 3542 1937 3582 nec
1987 3544 2087 3599 po-

2195 3526 2474 3601 Ξνθρωπος
2533 3527 2768 3599 θελήσας
2823 3527 2924 3580 οὐκ
2970 3521 3237 3596 ἠδυνήθη,
3271 3522 3373 3577 καὶ
3399 3511 3718 3592 θελητικὸςῆν

503 3601 686 3667 tuerit,
719 3608 882 3672 atque
909 3604 1067 3671 adeo,
1099 3613 1156 3659 ut
1178 3617 1450 3676 quatenus
1477 3609 1640 3666 homo
1670 3612 1885 3668 volendi
1911 3614 2089 3673 facul-

502 3700 669 3748 tatem
701 3694 978 3751 habuerit.

757 3785 834 3840 Ac
859 3801 1050 3842 rursus
1083 3825 1098 3849 ,
1151 3787 1281 3843 Cum
1315 3803 1553 3859 venisset,
1580 3795 1774 3865 inquit,
1790 3797 1858 3850 ad
1889 3798 2080 3865 locum,

501 3868 636 3926 dixit
652 3887 671 3925 :
689 3873 844 3931 Sitio.
866 3875 932 3930 Et
954 3881 1204 3932 dederunt
1220 3881 1270 3933 ei
1292 3882 1464 3935 vinum
1481 3883 1602 3953 felle
1626 3887 1840 3940 mistum
1859 3900 1880 3940 .'
1902 3897 1950 3942 et
1967 3905 2084 3943 cum

500 3974 784 4036 gustasset,
820 3969 988 4022 noluit
1016 3969 1188 4025 bibere
1237 3967 1282 4024 '.
1313 3970 1485 4029 Porro
1514 3977 1586 4044 si,
1609 3988 1884 4048 quatenus
1915 3977 2083 4048 Deus,

499 4067 594 4124 siti
624 4077 914 4138 correptus
945 4077 1051 4134 est,
1081 4077 1137 4124 et
1159 4082 1282 4122 cum
1314 4077 1602 4139 gustasset,
1641 4069 1818 4127 noluit
1842 4069 2031 4126 bibere
2058 4087 2075 4137 ;

502 4174 637 4231 ergo
658 4159 824 4216 etiam
865 4171 1138 4230 quatenus
1199 4162 1345 4216 Deus
1393 4161 1736 4231 passionibus
1798 4160 2080 4216 obnoxius

507 4260 671 4307 erat:
700 4261 830 4309 sunt
851 4254 1023 4319 enim,
1053 4263 1164 4310 tum
1195 4255 1336 4322 sitis,
1374 4265 1486 4312 tum
1543 4257 1804 4327 gustatio,
1859 4257 2078 4328 passio-

500 4358 626 4399 nes.
690 4343 787 4400 Sin
835 4356 1016 4402 autem
1072 4339 1344 4418 quatenus
1397 4349 1564 4403 homo
1622 4347 1818 4414 sitivit,
1873 4348 2084 4421 utique

501 4445 776 4506 quatenus
803 4437 965 4494 bomo
998 4441 1281 4495 voluntate
1312 4434 1616 4497 instructus
1646 4449 1784 4496 erat.

567 4526 638 4583 At
672 4545 805 4586 vero
843 4531 1174 4588 sententiam
1228 4540 1284 4587 et
1337 4532 1664 4588 electionem
1715 4532 1770 4586 in
1829 4531 2066 4589 Domino

2186 3623 2283 3679 καὶ
2312 3621 2448 3677 καθὸ
2477 3619 2786 3693 ἄνθρωπος.

2263 3781 2373 3849 Καὶ
2404 3793 2568 3848 πάλιν
2589 3809 2604 3823 ·
2643 3793 2887 3859 Ἐλθὼν,
2921 3791 3108 3862 φησὶν,
3127 3773 3211 3858 είς
3247 3777 3714 3848 τὸν·τόπ“ον,εἶπε·

2191 3887 2374 3957 meo.
2413 3887 2520 3943 Kal
2554 3887 2786 3942 ἔδωκαν
2809 3881 3171 3953 αὺτῷόἷνον
3189 3884 3345 3955 μετὰ
3375 3879 3556 3954 χολῆς
3584 3890 3717 3946 μετα·

2187 3980 2434 4051 τμένον,
2475 3979 2574 4033 καὶ
2602 3979 2970 4050 γευσάμεῑεος
3004 3981 3115 4034 οὐκ
3141 3977 3327 4046 ἤθελε
3368 3973 3538 4029 πιεῖν.
3567 3967 3620 4022 Εἰ
3644 3963 3718 4034 μὲν

2191 4067 2288 4124 οὖν
2319 4072 2453 4128 καθὸ
2487 4073 2620 4137 Θεὸς
2652 4072 2898 4144 ἱδίψησε,
2954 4072 3051 4126 καὶ
3080 4071 3430 4142 γευσάμενος
3477 4069 3568 4124 οὐκ
3594 4065 3721 4137 me):

2189 4166 2358 4229 πιεῖν,
2387 4165 2642 4234 ἐμπαθὴς
2671 4167 2777 4234 ἄρα
2812 4166 2909 4219 καὶ
2939 4163 3073 4219 καθὸ
3117 4163 3273 4228 Θεὸς·
3328 4165 3495 4226 πάθος
3537 4161 3651 4230 γὰρ,
3695 4154 3721 4226 ἢ

2188 4273 2247 4309 τε
2277 4253 2427 4325 δίψα,
2459 4257 2606 4326 καὶὴ
2645 4256 2842 4326 (εὖσις.
2868 4255 2932 4311 Ei
2959 4256 3016 4310 δὲ
3040 4257 3101 4311 ού
3151 4257 3288 4311 καθὸ
3313 4257 3469 4320 Θεὸς,
3534 4253 3716 4310 πάντως

2195 4349 2330 4404 καθὸ
2359 4349 2455 4404 ἄνθ
2469 4349 2923 4422 ρωποςὲδίψησε,
2966 4349 3383 4424 καὶ-θελητικὸς
3412 4343 3482 4421 ἦν
3504 4345 3590 4400 καὶ
3615 4338 3721 4396 καθὸ

2195 4441 2505 4513 ἄνθρωπος.

2260 4534 2494 4606 Γνώμην
2522 4534 2578 4590 δὲ
2599 4538 2695 4590 καὶ
2725 4535 3056 4607 προαίρεσιν
3089 4535 3182 4591 ἐπὶ
3207 4527 3539 4605 τοῦκυρίου
3567 4527 3716 4594 λέγειν

498 4615 685 4676 dicere
712 4637 822 4678 non
851 4637 1182 4694 poswmus,
1203 4624 1246 4679 si
1279 4623 1502 4694 quidem
1534 4625 1754 4695 proprie
1774 4626 1922 4696 loqui
1961 4635 2076 4681 stu-

2195 4626 2472 4697 ἀδύνατον,
2519 4629 2678 4700 εἴπερ
2713 4630 3090 4700 κυριολεκτεῐν
3125 4627 3474 4698 βουλοίμεθα.
3515 4622 3577 4676 Ἣ
3615 4616 3722 4724 TW":

498 4711 751 4770 deamus.
786 4716 1070 4771 Sententia
1093 4715 1238 4770 enim
1279 4724 1403 4787 post
1433 4717 1631 4787 ignotae
1658 4717 1737 4772 rei
1771 4717 2076 4787 investiga-

498 4804 704 4861 tionem
729 4815 786 4862 et
818 4807 1293 4872 deliberationem,
1330 4808 2081 4882 consilinmvectjudicium,

497 4893 719 4950 aﬂectio
748 4907 801 4950 et
832 4896 1118 4966 dispositio
1153 4906 1238 4952 est
1263 4896 1318 4952 in
1347 4897 1402 4952 id
1445 4901 1590 4968 quod
1632 4899 1914 4956 decretum
1956 4899 2079 4956 fuit.

497 4985 670 5052 Quam
702 4987 925 5057 quidem
961 4988 1309 5045 affectionem
1373 4996 1625 5060 sequitur
1655 4993 1855 5048 electio
1878 5032 1894 5060 ,
1956 5009 2082 5062 quae

497 5078 740 5134 alterum
771 5093 884 5149 pra:
910 5079 1085 5136 altero
1106 5080 1261 5153 eligit
1287 5093 1342 5140 et
1371 5082 1742 5154 amplectitur.
1780 5085 1945 5156 Atqui
1978 5087 2083 5143 Do-

497 5171 703 5236 minus,
727 5185 851 5227 cum
887 5187 1058 5244 purus
1088 5173 1252 5231 homo
1277 5190 1386 5231 non
1435 5185 1600 5244 esset,
1667 5193 1858 5232 verum
1910 5181 2078 5235 etiam

497 5261 667 5331 Deus,
695 5265 989 5336 omniaque
1013 5274 1297 5338 perapecta
1327 5269 1579 5336 haberet,
1621 5283 1724 5325 nec
1751 5270 2078 5327 considera~

498 5356 671 5422 tione,
710 5373 813 5414 nec
847 5359 1228 5430 inquisitione,
1263 5377 1367 5420 nec
1405 5363 1804 5418 deliberatione
1861 5365 2078 5436 egebat,

495 5463 677 5518 neque
706 5450 872 5506 etiam
897 5451 1112 5522 judicio
1139 5469 1156 5520 ;
1183 5453 1544 5524 quamobrem
1582 5463 1776 5509 natura
1846 5470 2073 5526 compa"-

495 5553 650 5596 ratus
679 5551 820 5609 erat,
847 5553 909 5597 ut
939 5545 1351 5604 necessitudine
1398 5545 1637 5616 quadam
1697 5547 1842 5603 bono
1893 5550 2079 5606 adhae-

495 5642 667 5700 neret,
705 5650 770 5693 ac
800 5651 996 5692 rursus
1025 5639 1227 5693 a-malo
1275 5649 1639 5696 averteretur.
1674 5638 1765 5695 Sic
1819 5641 1967 5697 enim
2020 5652 2078 5702 et

494 5722 660 5782 Isaias
681 5729 951 5800 propheta
973 5729 1101 5786 ait:
1136 5731 1436 5804 Antequam
1494 5732 1630 5787 sciat
1684 5749 1814 5803 puer
1866 5734 2079 5804 ιιι-ωινίί-

568 5919 588 5955 ¹
616 5920 782 5981 Marc.
811 5940 910 5994 vn,
937 5927 1028 5982 ‘24.

1132 5927 1153 5959 '
1191 5925 1342 5984 loan.
1372 5941 1460 5982 xu
1487 5927 1591 5988 28'.
1619 5927 1811 5984 Matth.
1851 5943 2015 5982 xxv".
2051 5927 2140 5983 5i.

2196 4738 2272 4793 μη
2297 4722 2409 4795 γὰρ
2446 4722 2586 4794 μετὰ
2606 4721 2704 4793 τὴν
2728 4721 2975 4793 περΐτοῦ
3017 4718 3624 4792 ἀγνοουμένουζήτησιν
3646 4705 3720 4765 καὶ

2193 4814 2501 4887 βούλευσιν,
2531 4816 2653 4886 ἦτοι
2689 4815 2885 4885 βουλὴν
2914 4815 3010 4869 καὶ
3039 4813 3250 4886 κρίσιν,
3295 4812 3435 4881 πρὸς
3484 4809 3542 4863 τὸ
3564 4800 3716 4874 κριθέν

2189 4909 2308 4963 ἐστι
2347 4907 2607 4971 διάθεσις.
2649 4907 2790 4963 Μεθ’
2835 4908 2902 4979 ἣν
2947 4908 2982 4978 ἡ
3009 4905 3367 4977 προαίρεσις,
3403 4896 3716 4971 tamquam.

2191 5001 2290 5056 καὶ
2330 5001 2635 5072 αἱρουμένη
2693 4999 2801 5071 πρὸ
2849 4999 2944 5054 τοῦ
2997 5000 3188 5068 ἑτέρου
3243 4999 3304 5051 τὸ
3343 4998 3544 5066 ἕτερον.
3599 4984 3716 5042 Ὀδδ

2188 5091 2396 5164 Κύριος
2422 5093 2482 5146 ού
2522 5078 2677 5165 ψιλὸς
2711 5091 2788 5146 ὢν
2825 5091 3138 5163 ἄνθρωπος,
3191 5088 3450 5173 ἀλλὰκαὶ
3477 5085 3612 5147 Θεὸς,
3640 5077 3716 5173 καί

2188 5183 2371 5240 πάντα
2394 5185 2577 5250 εἰδὼς,
2615 5183 2871 5254 ἀνενδεὴς
2907 5183 3180 5254 σκέψεως,
3203 5169 3612 5253 καιζητήσεως,
3642 5166 3717 5224 καὶ

2190 5276 2391 5348 βουλῆς
2420 5277 2658 5348 ὑπῆρχε,
2707 5276 2804 5330 καὶ
2855 5276 3116 5347 κρίσεως,
3177 5275 3272 5329 καὶ
3302 5271 3536 5337 φυσικῶς
3558 5266 3643 5334 τήν
3669 5270 3715 5309 τε

2189 5369 2329 5438 πρὸς
2357 5369 2608 5424 τὸκαλὸν
2634 5363 2784 5440 εἶχεν
2812 5367 3116 5432 οίκείωσιν,
3152 5367 3245 5420 καὶ
3275 5365 3376 5434 τὴν
3408 5361 3533 5433 πρὸς
3569 5356 3622 5409 τὸ
3640 5366 3718 5406 ita-

2196 5458 2293 5511 κὸν
2329 5458 2710 5530 ἀλλοτρίωσιν.
2752 5455 2912 5511 Οὕτω
2942 5458 3051 5526 γὰρ
3076 5456 3171 5509 καὶ
3209 5455 3440 5516 Ἠσαίας
3471 5446 3716 5530 προφήτης

2187 5550 2375 5620 φησὶν.
2417 5529 2509 5604 ὅτε
2561 5551 2713 5620 Πρὶν
2768 5549 2806 5619 ἢ
2845 5548 3073 5618 γνῶναι
3121 5548 3190 5602 τὸ
3226 5545 3466 5602 παιδίον
3511 5529 3716 5608 προελέ-

2185 5647 2329 5698 σθαι
2360 5645 2613 5714 πονηρὰ,
2665 5644 2979 5708 ἐφιλέεεται
3042 5643 3110 5696 τὸ
3145 5642 3389 5712 ἀγαθόν’
3444 5637 3580 5690 διότι
3603 5625 3716 5695 πρδν

2183 5734 2405 5810 γνῶναι
2440 5737 2504 5792 τὸ
2544 5737 2786 5793 παιδίον
2809 5736 3042 5808 ἀγαθὸν-
3070 5735 3107 5805 ἢ
3159 5721 3715 5801 κακὸν,-ἀπειοεῐπο·
