3846 6550
135 394 255 459 1153

1033 379 1416 447 I’ANOPLIA
1457 372 1919 443 DOOMATiC'A.
1949 401 2018 415 -
2050 379 2195 444 rrr.
2240 383 2401 445 XXI.

3218 386 3360 453 1154

126 511 287 579 νηρίᾳ
314 509 414 564 τοῦ
464 506 833 571 ἐκλέξασθαι
863 505 931 557 τὸ
957 502 1185 571 ἀγαθόν
1204 517 1217 533 °
1252 499 1327 552 Τὸ
1352 497 1485 566 γὰρ,
1517 493 1681 561 πρὶν,

1803 507 1907 557 ναι-ε
1938 496 2106 562 mala,
2134 497 2288 569 eliget
2337 502 2529 555 bonum
2583 517 2603 557 :
2648 505 2900 572 quoniam
2944 508 3227 572 antequam
3274 518 3363 556 cu-

126 599 257 668 δηλοὶ
283 599 361 653 ὅτι
388 597 451 649 οὗ
493 596 617 649 καθ’
647 596 791 665 ἡμᾶς
825 594 1069 662 ζητήσας
1099 591 1191 642 καὶ
1219 584 1678 658 βουλευσάμενος,

126 694 244 748 ἀλλὰ
293 693 423 755 Θεὸς
466 690 564 754 ὣν,
598 690 693 742 καὶ
742 684 940 749 (kind);
997 683 1140 737 κατὰ
1189 682 1369 749 σάρκα
1417 675 1680 739 ὑποστὰς,

1783 597 2003 653 gnoscat
2050 607 2182 658 pater
2230 595 2421 649 bonum
2450 606 2498 649 et
2546 597 2766 657 nmium.
2801 595 3058 650 malitiam
3111 600 3365 663 reproba-

1784 681 1875 744 bit,
1923 681 2162 753 eligendo
2218 688 2427 741 bonum.
2528 688 2653 742 [huc
2700 704 2822 755 vox,
2892 696 3197 759 antequam.
3258 687 3364 741 hoc

134 787 363 842 τουτέστι
393 783 523 838 καθ’
552 781 858 837 ὑπόστασιν
892 775 1169 849 ἡνωμένος
1202 777 1269 845 τῇ
1320 772 1506 841 σαρκὶ,
1532 767 1681 836 αὑτῷ

1807 775 2009 841 ndicat,
2045 777 2190 845 quod
2221 794 2327 832 non
2349 795 2499 837 more
2555 790 2746 836 nostro
2798 796 2864 835 ex
2934 780 3359 852 investigatione

134 881 199 951 τῷ
223 876 380 941 εἶναι,
430 877 529 934 καί⁸
593 876 777 930 πάντα
811 873 1032 937 εἰδέναι,
1075 870 1137 926 τὸ
1169 870 1232 921 ὲκ
1290 866 1504 937 φύσεως
1538 860 1683 932 εἶχεν

126 972 328 1042 ἀγαθόν.

356 1240 468 1297 Τοῦ
496 1236 683 1294 αὐτοῦ
735 1234 805 1290 ἐκ
831 1234 939 1289 τοῦ
995 1233 1080 1287 σθ’
1108 1230 1463 1301 κεφαλαίου.

191 1338 395 1407 Ὠσπερ
447 1333 543 1387 ἐπὶ
594 1332 692 1399 τῆς
742 1326 1251 1397 πεπυρακτωμένης
1305 1323 1581 1395 μαχαίρας
1624 1323 1683 1375 al

123 1429 301 1502 φύσεις
329 1426 595 1491 σώζονται
658 1421 751 1475 τοῦ
790 1421 986 1491 πυρὸς,
1022 1421 1117 1471 καὶ
1166 1417 1261 1471 τοῦ
1297 1417 1543 1486 σιδήρου.
1585 1416 1683 1469 καὶ

121 1527 174 1579 αί
195 1525 283 1579 δύο
343 1522 641 1593 ἐνέργειαι,
687 1520 783 1573 καὶ
844 1520 915 1571 τὰ
964 1513 1172 1568 τούτων
1240 1510 1679 1578 ἀποτελέσματα·

122 1618 229 1687 ιχει
263 1616 359 1685 μὲν
387 1614 547 1683 γάρὸ
574 1610 792 1680 σίδηρος
848 1608 909 1661 τὸ
938 1604 1227 1676 τμητικὸν,
1278 1601 1339 1655 τὸ
1380 1601 1437 1654 δὲ
1464 1600 1577 1669 πῦρ
1621 1599 1684 1652 τὸ

123 1709 427 1765 καυστικόν·
460 1705 556 1759 καὶ
610 1705 643 1770 ἡ
673 1702 815 1772 τομὴ
865 1700 961 1765 μὲν
989 1699 1087 1768 τῆς
1128 1697 1221 1750 τοῦ
1274 1695 1499 1765 σιδήρου
1526 1693 1683 1763 ἐνέρ-

124 1819 271 1871 γειας
294 1800 443 1854 ἐστὶν
468 1798 841 1864 ἀποτέλεσμα,
866 1795 900 1865 ή
925 1792 981 1845 δὲ
1014 1792 1213 1853 καῦσις
1241 1789 1343 1858 τῆς
1370 1787 1465 1842 τὸῦ
1488 1785 1682 1855 πυρὸς.

122 1897 211 1950 καὶ
234 1893 459 1957 σώζεται
492 1890 553 1943 τὸ
583 1889 791 1942 τούτων
833 1886 1092 1955 διάφορον
1146 1884 1205 1936 ὲν
1258 1883 1327 1951 τῇ
1367 1877 1684 1949 κεκαυμένῃ

119 1989 274 2057 τομῇ,
303 1987 396 2039 καί⁵
425 1985 482 2038 ὲν
503 1986 568 2052 τῇ
593 1979 908 2049 τετμημένῃ
940 1975 1136 2030 καὺσει
1177 1974 1318 2027 οὕτω
1347 1973 1440 2026 καὶ
1476 1972 1570 2024 ἐπὶ
1594 1968 1688 2025 τοῦ

117 2073 373 2147 Χριστοῦ,
399 2072 500 2141 τῆς
544 2070 644 2141 μὲν
668 2068 921 2138 θεότητος
942 2063 1104 2118 αὑτοῦ
1133 2064 1167 2134 ή
1204 2062 1326 2115 θεία
1353 2061 1450 2113 καὶ
1489 2073 1689 2147 παντοέ

118 2146 349 2236 δῦναμος
398 2164 671 2233 ἐνέργεια,
724 2160 823 2229 τῆς
861 2158 918 2210 δὲ
965 2152 1389 2224 ἀνθρωπότητος
1433 2148 1603 2203 αὑτοῦ
1654 2146 1689 2217 ή

117 2258 240 2314 καθ’
266 2258 435 2328 ἡμᾶς.
474 2252 859 2321 ’Λποτὲλεσμα
882 2250 940 2303 δὲ
986 2249 1086 2318 τῆς
1134 2246 1233 2318 μὲν
1259 2241 1608 2313 ἀνθρωπίνης
1630 2242 1691 2295 τδ

119 2350 493 2423 κρατησθῆναι
513 2349 614 2418 τὴν
635 2347 793 2417 χεῖρα
824 2343 920 2397 τοῦ
948 2340 1160 2407 παιδὸς,
1197 2339 1290 2395 καὶ
1338 2336 1690 2405 ἑλκυσθῆναι,

116 2444 286 2513 τῆςδὲ
316 2441 469 2504 θείας
491 2440 560 2509 [ἡ
584 2438 937 2505 ζωοποίησις.
993 2432 1160 2486 Ἀλλο
1205 2430 1314 2501 γὰρ
1350 2427 1533 2491 τοῦτο,
1588 2426 1692 2479 κᾶν

118 2538 263 2590 κεῖνο
294 2534 504 2604 ἓτερον,
541 2531 590 2584 εί
627 2529 721 2583 καὶ
756 2528 1003 2596 ἀλλήλων
1035 2524 1328 2595 ἀχώριστοι
1354 2520 1694 2590 ὑπάρκουσιν

115 2632 178 2684 ὲν
208 2631 275 2698 τῇ
325 2624 616 2695 θεανδρικῇ
672 2623 950 2692 ἐνεργείᾳ.
1005 2620 1068 2672 Ei
1101 2616 1232 2686 μίαν
1285 2614 1567 2684 ἐνέργειαν
1600 2608 1694 2663 ἐπὶ

116 2720 213 2775 τοῦ
256 2718 461 2789 Κυρίου
515 2717 789 2785 εἴποιμεν,
825 2714 859 2782 ἢ
912 2711 1063 2765 θείαν
1114 2708 1341 2775 satith
1369 2705 1617 2770 λέξομεν,
1657 2700 1691 2773 ἢ

116 2813 491 2885 ἀνθρωπίνην,
524 2812 559 2882 ἦ
594 2810 653 2863 οὑ
680 2808 934 2876 δετέραν,
959 2802 1103 2860 Ἀλλ’
1127 2802 1176 2855 εί
1203 2800 1300 2870 μὲν
1330 2798 1501 2862 θείαν,
1532 2793 1696 2849 αὐτὸν

119 2907 280 2979 μόνον
306 2905 517 2974 γυμνὸν
581 2903 682 2972 τῆς
716 2899 841 2955 καθ’
871 2898 1021 2967 ἡμᾶς
1063 2894 1490 2963 ἀνθρωπότητος
1546 2887 1697 2953 λέξο-

120 3014 242 3068 μεν·
283 2998 332 3049 εί
360 2994 420 3050 δὲ
446 2992 831 3063 ἀνθρωπίνην.
854 2987 1012 3058 ψιλὸν
1033 2984 1194 3040 αὑτὸν
1226 2982 1697 3053 βλασφημήσομεν

116 3088 427 3159 ἄνθρωπονο
460 3086 512 3140 ει
538 3085 595 3138 δὲ
627 3083 689 3137 οὑ
755 3081 929 3145 θείαν,
987 3078 1108 3132 οὑδὲ
1144 3073 1520 3145 ἀνθρωπίνην,
1575 3071 1698 3127 οὐδὲ

1781 877 1839 922 et
1859 868 2255 925 deliberatione
2299 871 2518 941 praevia,
2548 875 2663 939 sed,
2720 882 2781 929 ut
2848 875 2940 944 qui
2989 875 3134 929 Deus
3190 883 3359 939 esset,

1786 963 2082 1036 divinoque
2112 966 2275 1021 modo
2308 967 2716 1023 subsistentiam
2751 971 2903 1024 carni
2939 971 3226 1032 tribueret,
3269 972 3359 1026 cui

1784 1057 2086 1113 secundum
2127 1059 2465 1131 hypostasim
2487 1068 2607 1115 erat
2667 1060 2875 1121 unitus.
2925 1076 2992 1116 eo
3041 1062 3159 1131 ipso
3212 1060 3361 1131 quod

1782 1161 1920 1218 erat,
1939 1152 2230 1220 omniaque
2251 1161 2431 1215 norat,
2448 1159 2640 1220 suapte
2662 1156 2860 1204 natura
2881 1152 3082 1207 bonum
3104 1151 3359 1207 habebat.

2190 1242 2445 1312 Eiusdem
2483 1259 2547 1297 ea:
2576 1244 2744 1311 capite
2772 1241 2863 1299 79.

1854 1338 2319 1407 Quemadmodum
2354 1340 2412 1392 in
2454 1339 2632 1409 gladio
2687 1338 2859 1409 ignito
2922 1336 3063 1406 ignis
3116 1345 3171 1392 et
3224 1337 3364 1393 ferri

1785 1442 1991 1487 natura:
2026 1443 2339 1497 servantur,
2376 1442 2429 1488 et
2460 1432 2703 1487 actiones
2736 1433 2874 1491 dum.
2901 1443 3203 1498 earumque
3231 1445 3363 1499 per-

1785 1522 2074 1591 fectiones,
2105 1539 2228 1579 nam
2261 1524 2463 1579 ferrum
2488 1524 2705 1595 quidem
2736 1523 2843 1579 vim
2886 1522 3049 1578 habet
3120 1521 3362 1588 secandi,

1786 1615 1925 1684 ignis
1955 1625 2134 1670 autem
2171 1616 2387 1678 urendi,
2425 1629 2486 1670 ac
2520 1616 2694 1672 sectio
2753 1614 2969 1685 quidem
3020 1612 3151 1668 ferri
3199 1612 3368 1668 actin-

1787 1706 1871 1760 n'vs
1900 1705 2159 1774 perfectio
2179 1714 2281 1771 est,
2309 1707 2452 1763 ustio
2489 1716 2667 1761 autem
2703 1706 2865 1776 ignis,
2890 1718 3190 1774 earumque
3214 1702 3369 1758 dill'e-

1789 1800 1962 1853 rentia
2002 1801 2053 1854 in
2090 1808 2209 1854 usta
2240 1802 2487 1857 sectione
2517 1808 2573 1855 et
2602 1802 2657 1855 in
2690 1800 2904 1857 ustione
2921 1808 3069 1855 secta
3096 1807 3365 1861 servatur,

1792 1890 1873 1946 sic
1923 1900 1979 1947 et
2013 1894 2063 1947 in
2085 1892 2327 1957 Christo,
2361 1892 2670 1949 divinitatis
2724 1894 2941 1963 quidem
3012 1892 3133 1960 ejus
3187 1890 3369 1945 divina

1788 1994 1954 2055 atque
2014 1988 2361 2056 Omnipotens
2385 1988 2539 2042 actio
2600 1995 2706 2051 est,
2782 1985 3139 2045 humanitatis
3185 1993 3368 2038 autem

1792 2077 2052 2132 humana.
2088 2077 2363 2134 Perfectio
2395 2095 2530 2135 vero
2563 2080 2796 2135 actionis
2828 2081 3080 2134 humanae
3124 2076 3369 2148 quidem,

1790 2172 1933 2240 quod
1966 2171 2136 2225 lenuit
2183 2171 2379 2239 puellae
2409 2188 2654 2241 manum,
2683 2180 2738 2226 et
2786 2170 2970 2233 traxit,
3024 2169 3219 2223 divinae
3276 2182 3373 2220 au-

1796 2269 1928 2329 tem,
1965 2264 2107 2333 quod
2158 2264 2305 2319 illam
2358 2268 2411 2318 in
2463 2264 2630 2318 vitam
2676 2264 2974 2319 revocavit.
3012 2260 3169 2316 Aliud
3222 2258 3369 2313 enim

1792 2362 1875 2409 est
1911 2354 2035 2420 hoc,
2074 2365 2128 2409 et
2158 2355 2303 2411 aliud
2331 2356 2499 2422 aliud,
2561 2356 2687 2411 licet
2749 2354 2891 2409 inter
2957 2368 3017 2409 se
3079 2352 3369 2423 conjuncta

1794 2446 1907 2501 sint
1962 2462 2027 2501 ac
2054 2447 2279 2502 minime
2316 2455 2562 2518 separata
2614 2449 2668 2502 in
2707 2447 2924 2501 actione
2978 2445 3161 2500 divina
3207 2441 3369 2498 simul

1795 2548 1962 2609 atque
1983 2538 2245 2595 humana.
2280 2540 2337 2595 Si
2370 2555 2537 2595 unam
2571 2541 2626 2595 in
2654 2538 2878 2595 Christo
2909 2538 3178 2594 actionem
3215 2537 3370 2590 dixe-

1796 2631 1990 2697 rimus,
2030 2640 2123 2685 aut
2151 2632 2352 2696 divina,
2385 2643 2475 2685 aut
2549 2631 2811 2695 humana,
2862 2639 2955 2683 aut
3005 2640 3193 2683 neutra
3241 2626 3369 2681 erit.

1797 2716 1854 2771 Si
1887 2718 2091 2784 divina,
2136 2734 2256 2775 eum
2286 2720 2547 2774 duntaxat
2610 2718 2779 2773 Deum
2839 2727 3043 2774 nostrae
3091 2726 3371 2787 expertem

1799 2808 2163 2865 humanitatis
2192 2824 2522 2865 asseremus.
2554 2809 2610 2865 Si
2643 2810 2903 2875 humana,
2932 2808 3136 2863 nudutn
3194 2806 3375 2861 homi-

1794 2916 1922 2957 nem
1954 2902 2121 2973 impie
2152 2900 2566 2959 aiiirmabimus.
2592 2903 2648 2957 Si
2704 2917 2884 2972 neque
2922 2901 3129 2966 divina,
3199 2911 3377 2968 neque

1794 2993 2057 3059 humana,
2116 3008 2219 3050 nec
2268 2994 2437 3049 Deum
2490 3009 2591 3050 nec
2641 2996 2918 3050 hominem
2980 2993 3223 3064 ejusdem
3280 2996 3379 3045 aut

1798 3100 1921 3141 cum
1954 3086 2143 3155 Patre,
2180 3097 2275 3143 aut
2336 3089 2619 3144 nobiscum
2673 3090 2928 3145 essentia:
2984 3087 3247 3143 dicemus.
3296 3086 3377 3140 Ex

115 3179 271 3245 Θεὸν,
303 3177 427 3241 οὐδὲ
458 3176 773 3246 ἄνθρωπον,
798 3171 920 3225 οὑδὲ
942 3170 1021 3240 τῷ
1054 3168 1231 3237 Πατρὶ
1260 3165 1382 3220 οὐδὲ
1410 3166 1543 3235 ἡμῖν
1568 3163 1689 3233 ὁμο-

1804 3177 2187 3249 eonjunetione
2210 3181 2355 3235 enim
2388 3196 2529 3237 unus
2601 3189 2764 3253 atque
2827 3180 2970 3236 idem
3027 3179 3081 3234 in
3141 3192 3376 3249 persons

115 3272 318 3326 ούσιον.
341 3270 442 3323 Ἐκ
468 3268 577 3339 γὰρ
602 3269 697 3337 τῆς
726 3264 972 3326 ἑνώσεως
1002 3264 1036 3333 ή
1066 3260 1187 3314 καθ’
1223 3258 1523 3319 ὑπόστασιν
1571 3272 1696 3313 ταυ-

112 3364 281 3435 τότης
330 3361 583 3431 γέγονεν,
625 3359 687 3414 οὑ
722 3360 820 3429 μὲν
867 3356 925 3410 δὲ
982 3357 1015 3425 ἡ
1047 3354 1282 3425 διαφορὰ
1317 3352 1427 3405 τῶν
1478 3350 1696 3419 φύσεων

109 3457 413 3528 ἀνῄρηται·
448 3455 565 3525 τῆςζ
584 3453 643 3507 δὲ
668 3452 938 3521 διαφορᾶς
964 3447 1286 3517 σωζομένης
1316 3444 1427 3498 τῶν
1455 3441 1695 3512 φύσεων,

112 3549 466 3620 σωθήσονται
499 3544 702 3617 δηλαδὴ
738 3542 838 3601 καὶ
870 3543 926 3598 al
946 3540 1153 3595 τούτων
1176 3537 1471 3607 ἐνέργειαν
1503 3534 1567 3590 οὑ
1589 3532 1698 3606 γὰρ

108 3639 281 3709 φύσις
309 3637 696 3707 ἀνενέργητος.

351 3730 465 3785 Τοῦ
492 3728 683 3783 αὐτοῦ
711 3727 781 3782 ἐκ
810 3725 921 3783 τοῦ
942 3731 1041 3785 aa’
1061 3724 1419 3795 κεφαλαίου.

194 3823 265 3881 Ἠ
303 3824 402 3879 τοῦ
436 3822 643 3893 Κυρίου
686 3820 822 3889 σὰρξ
867 3820 965 3889 τῆς
995 3818 1144 3880 θείας
1174 3816 1455 3887 ἐνεργείας
1500 3814 1698 3871 ἐπλού-

104 3933 250 3985 τησε
281 3916 372 3975 διὰ
397 3915 494 3985 τὴν
521 3914 659 3985 πρὸς
681 3914 773 3966 τὸν
797 3911 955 3980 λόγον
977 3910 1457 3982 ἀκραιφνεστάτην
1482 3908 1700 3971 ἕνωσιν,

102 4009 236 4077 frter.
268 4005 368 4075 τὴν
394 4004 523 4063 καθ’
568 4003 891 4067 ὑπόστασιν,
924 4001 1174 4071 οὐδαμῶς
1206 4000 1316 4054 τῶν
1360 3999 1501 4054 κατὰ
1534 4001 1699 4068 φύσιν

110 4098 269 4152 ἰδίων
335 4097 626 4151 ὑποστᾶσα
662 4095 958 4148 ἔκπτωσιν.
1008 4094 1087 4145 Οὐ
1144 4092 1253 4162 γὰρ
1305 4091 1428 4147 κατ’
1488 4090 1699 4145 οἰκείαν

100 4191 432 4260 ἐνέργειαν,
465 4188 605 4244 ἀλλὰ
638 4187 729 4241 διὰ
769 4185 861 4239 τὸν
895 4185 1179 4256 ἡνωμένον
1231 4184 1373 4252 αὑτῇ
1428 4183 1603 4250 Λόγον
1633 4183 1703 4236 τὰ

104 4288 241 4341 θεῖα
274 4285 523 4356 ἐνήργει,
552 4281 649 4335 τοῦ
680 4281 862 4350 Λόγου
895 4279 965 4335 δι’
1008 4279 1179 4349 αὐτῆς
1224 4277 1324 4348 τὴν
1351 4278 1561 4331 οἰκείαν
1609 4279 1700 4330 ἐν·

102 4379 476 4452 δεικνυμένου
529 4378 833 4448 ἐνέργειαν.
892 4377 1003 4431 Καὶ
1060 4375 1109 4428 εί
1159 4374 1260 4443 μὲν
1314 4372 1424 4443 γὰρ
1469 4373 1497 4425 ὀ
1531 4388 1706 4426 πεπυ-

106 4473 485 4547 ρακτωμένος
527 4472 769 4542 σίδηρος,
802 4474 864 4525 οὐ
909 4468 1129 4539 φυσικῷ
1154 4467 1214 4522 δὲ
1246 4467 1389 4539 λόγῳ
1433 4466 1535 4537 τὴν
1562 4482 1702 4520 καυ-

106 4566 323 4637 στικὴν
360 4567 698 4635 κεκτημένος
732 4564 1038 4634 ἐνέργειαν,
1069 4559 1186 4614 ἀλλ’
1235 4562 1300 4614 ὲκ
1335 4561 1433 4630 τῆς
1479 4558 1614 4630 πρὸς
1644 4556 1705 4610 τὸ

102 4659 236 4732 πῦρ
257 4658 511 4723 ινώσεως
538 4658 697 4713 τοῦτο
731 4657 1098 4729 κτησάμενος.
1139 4653 1205 4707 Ἦ
1238 4651 1376 4724 αὑτὴ
1405 4649 1704 4721 τοιγαροῦν

99 4755 297 4825 θνητή
330 4770 391 4807 τε
424 4748 493 4825 ἧν
535 4751 602 4806 δι’
637 4752 865 4822 ἑαυτὴν,
891 4750 987 4805 καὶ
1013 4749 1278 4815 ζωοποιδς
1305 4747 1394 4802 διὰ
1420 4747 1524 4817 τὴν
1569 4745 1709 4814 πρὸς

102 4846 209 4899 τὸν
236 4843 422 4913 Λόγον
451 4841 579 4901 καθ’
605 4840 905 4897 ὑπόστασιν
936 4840 1158 4895 ἕνωσιν.
1201 4838 1440 4909 Ὁμοίως
1482 4836 1583 4906 τήν
1612 4834 1709 4888 τοῦ

100 4938 437 5008 θελήματος
489 4936 707 4998 θέωσιν,
739 4936 841 5006 οὐχ
884 4934 962 4997 ὡς
1017 4930 1454 5003 μεταϐληθείσης
1478 4932 1580 5001 τῆς
1613 4945 1714 4999 φυ-

101 5021 292 5091 σικῆς
354 5021 624 5090 κινήσεως
680 5019 937 5087 λέγομεν,
994 5016 1110 5072 ἀλλ’
1161 5016 1239 5079 ὡς
1290 5017 1573 5086 ήνωμένου
1633 5014 1714 5086 τῷ

102 5104 287 5173 θείῳ,
318 5105 411 5157 καὶ
440 5103 837 5172 παντοδυνὰμῳ
883 5100 1049 5161 αὑτοῦ
1099 5101 1386 5169 θελήματι,
1424 5100 1523 5154 καὶ
1554 5116 1714 5174 γεγοέ

98 5191 285 5251 νότος
325 5187 460 5240 Θεοῦ
512 5185 1039 5255 ἐνανθρωπήσαντος
1095 5183 1332 5254 θέλημα,
1370 5183 1493 5236 ὅθεν
1540 5182 1712 5236 θέλων

103 5273 222 5344 μὲν
261 5270 455 5323 λαθεῖν
482 5271 583 5325 οὑκ
613 5268 880 5339 ἠδυνήθη,
921 5267 990 5321 δι’
1020 5269 1153 5322 αὑτὸ
1184 5257 1578 5337 εὑδοκήσαντος
1615 5267 1712 5320 τοῦ

100 5354 266 5409 Θεοῦ
302 5355 476 5421 Λόγου
523 5352 801 5424 δειχθῆναι
848 5354 905 5405 ὲν
937 5352 1088 5421 αὑτῴ
1135 5350 1353 5423 ἀληθῶς
1384 5353 1627 5419 ὑπάρχον
1654 5350 1716 5404 τὸ

97 5437 364 5500 ἀσθενὲς
396 5435 491 5489 τοῦ
540 5435 885 5504 ἀνθρωπίνου
920 5434 1250 5507 θελημάτος.
1288 5435 1470 5487 et.th
1514 5435 1571 5486 δὲ
1620 5434 1716 5505 τὴν

98 5520 218 5576 τοῦ
277 5521 495 5591 λεπροῦ
545 5521 821 5591 ἐνήργησε
870 5521 1156 5591 κάθαρσιν,
1203 5520 1290 5574 διὰ
1322 5521 1422 5590 τὴν
1470 5519 1607 5588 πρὸς
1656 5519 1717 5570 τὸ

97 5607 279 5661 θεῖον
325 5605 538 5676 θέλημα
584 5604 799 5659 ἕνωσιν.
846 5604 1043 5657 ’ἰστέον
1087 5604 1166 5669 δὲ,
1199 5603 1275 5665 ὡς
1324 5605 1358 5675 ή
1396 5603 1587 5666 θέωσις
1619 5603 1717 5671 τῆς

94 5706 172 5742 τε
235 5689 491 5759 φύσεως,
540 5690 635 5742 καὶ
684 5691 780 5741 τοῦ
833 5689 1163 5757 θελήματοτ,
1213 5686 1713 5757 ἐμφαντικώτατον,

98 5775 223 5827 καὶ
249 5772 685 5827 δεικτικώτατόν
712 5775 832 5826 ἐστι
856 5773 968 5825 τῶν
998 5789 1058 5825 τε
1088 5773 1183 5827 δύο
1210 5770 1448 5841 φύσεων,
1479 5770 1575 5824 καὶ
1608 5769 1718 5823 τῶν

197 5866 217 5896 ⁸
259 5864 376 5923 lsa.
410 5878 504 5923 vlt.
542 5866 623 5923 l5.
658 5880 772 5923 scc.
803 5863 965 5920 LXX.

1802 3268 1982 3325 iactus
2011 3280 2114 3332 est,
2142 3285 2249 3326 non
2294 3280 2475 3326 autem
2502 3270 2719 3327 sublata
2742 3280 2825 3327 est
2846 3268 3153 3326 dill‘erentia
3212 3276 3376 3322 natu-

1800 3376 2010 3417 rarum.
2064 3363 2376 3419 Dilierentia
2422 3373 2605 3419 autem
2684 3374 3002 3418 naturarum
3048 3373 3283 3427 servata,
3326 3370 3384 3417 ct

1801 3466 1990 3508 earum
2022 3457 2265 3511 actiones
2292 3457 2792 3513 conservabuntur.
2824 3454 3030 3510 Natura
3053 3456 3200 3512 enim
3262 3468 3380 3510 non

1802 3552 1883 3600 est
1914 3558 2113 3615 expers
2170 3549 2422 3603 actionis.

2237 3728 2494 3800 Ejusdem
2536 3748 2601 3787 ex
2628 3732 2801 3805 capite
2829 3732 2921 3789 8i.

1882 3824 2093 3880 Domini
2120 3841 2255 3881 caro
2303 3836 2529 3895 propter
2575 3826 2919 3881 verissimam
2955 3822 3113 3879 verbi
3151 3824 3385 3896 conjun-

1806 3920 2043 3974 ctiouem
2096 3917 2150 3971 iu
2204 3933 2443 3987 persona
2494 3916 2697 3972 divinm
2750 3918 2985 3973 actionis
3032 3918 3258 3973 divitias
3297 3926 3385 3973 est

1807 4022 2123 4076 consecuta,
2156 4012 2307 4067 nullo
2353 4010 2516 4066 modo
2575 4008 2834 4065 cxcidens
2882 4010 2951 4065 ab
2995 4009 3064 4063 iis
3120 4026 3242 4081 quae
3288 4026 3387 4065 na-

1811 4115 1950 4161 tura:
1980 4122 2093 4161 suae
2124 4114 2251 4160 sunt
2278 4104 2525 4175 propria.
2557 4101 2679 4158 Non
2718 4104 2862 4158 enim
2890 4104 3106 4158 actione
3132 4116 3251 4170 sua,
3288 4104 3385 4160 sed

1809 4204 2035 4267 prepter
2091 4196 2447 4266 conjunctum
2498 4194 2759 4259 Verbum,
2818 4210 2938 4265 quae
2994 4195 3180 4250 divina
3233 4204 3384 4261 sunt,

1812 4287 2071 4352 iaciebat,
2102 4301 2227 4341 cum
2266 4284 2508 4341 Verbum
2557 4302 2656 4356 per
2682 4288 2856 4357 ipsam
2900 4287 3182 4356 propriam
3218 4290 3391 4342 actio-

1811 4393 1935 4433 nem
1967 4377 2393 4432 demonstraret.
2428 4374 2552 4431 Urit
2580 4377 2726 4430 enim
2763 4376 2993 4447 ignitum
3024 4376 3251 4441 ferrum,
3279 4394 3388 4433 non

1816 4477 1997 4524 tamen
2026 4468 2239 4524 ratione
2263 4468 2519 4534 naturali,
2553 4467 2648 4521 sed
2680 4467 2821 4537 ignis
2852 4467 3243 4539 conjunctione
3276 4471 3387 4524 vim

1737 4540 1783 4596 D
1812 4561 1962 4616 illam
2012 4560 2254 4615 obtinuit
2303 4558 2686 4615 comburendi.
2730 4560 2916 4628 Itaque
2957 4574 3084 4614 cum
3139 4561 3390 4616 mortalis

1808 4662 1958 4710 esset
1981 4668 2078 4723 per
2102 4668 2186 4717 se,
2214 4663 2453 4725 propter-
2476 4650 2645 4708 Verbi
2686 4652 2740 4707 in
2781 4667 3017 4723 persona
3043 4654 3391 4725 conjunctio-

1810 4761 1958 4813 nem,
1978 4747 2105 4801 vitae
2129 4746 2433 4802 tribuendas
2460 4746 2696 4801 habebat
2726 4754 3079 4817 potestatem.
3119 4746 3392 4803 Similiter

1810 4847 1867 4895 et
1901 4839 2204 4893 voluntatis
2231 4837 2579 4903 divinitatem
2604 4837 2863 4905 dicimus,
2896 4854 3007 4894 non
3039 4839 3185 4909 quod
3223 4850 3385 4895 natu-

1812 4932 1944 4988 ralis
1972 4944 2155 4988 motus
2185 4940 2330 4989 esset
2379 4932 2719 4998 immutatus,
2759 4930 2855 4987 sed
2887 4933 3036 5004 quod
3076 4943 3225 4989 esset
3264 4950 3388 4989 cum

1813 5016 1998 5071 divina
2051 5025 2217 5086 atque
2278 5016 2641 5085 omnipotenti
2696 5017 2870 5085 ipsius
2928 5018 3207 5073 voluntate
3257 5033 3392 5073 con-

1809 5101 2024 5170 juncta,
2072 5099 2378 5170 ell‘ectaque
2413 5101 2665 5154 voluntas
2710 5101 2804 5155 Dei
2856 5102 3132 5155 hominem
3189 5101 3388 5156 induti.

1814 5183 2180 5249 Quamobrem
2230 5199 2353 5237 cum
2384 5184 2573 5247 vellet,
2603 5184 2771 5239 latere
2818 5200 2928 5239 non
2959 5186 3138 5253 potuit
3168 5193 3394 5254 prapter

1816 5269 2011 5337 ipsam,
2045 5282 2168 5322 cum
2200 5267 2310 5323 Deo
2338 5266 2517 5323 Verbo
2551 5269 2794 5336 placeret
2833 5270 3130 5324 ostendere
3159 5282 3288 5322 vero
3338 5269 3397 5322 in

1816 5367 1874 5406 se
1917 5366 2038 5406 esse
2084 5350 2333 5404 humana:
2381 5351 2682 5408 voluntatis
2739 5350 3140 5407 inﬁrmitatem.
3194 5351 3405 5407 Valens

1816 5449 2024 5495 autem.
2081 5436 2362 5504 leprosum
2415 5436 2627 5507 curavit
2675 5445 2899 5504 propter
2942 5435 3395 5504 coniunctionem

1817 5537 1942 5576 cum
1973 5520 2158 5573 divina
2205 5521 2511 5575 voluntate.
2544 5519 2838 5575 Sciendum
2868 5526 2955 5574 est
2978 5527 3163 5575 autem
3202 5532 3271 5573 ex
3302 5535 3409 5585 eo,

1818 5604 1961 5674 quod
1994 5614 2209 5667 natura,
2262 5603 2625 5672 voluntasque
2673 5601 2861 5655 divina
2910 5601 3125 5657 reddita
3153 5610 3257 5667 est,
3282 5602 3396 5656 cla-

1819 5687 2058 5748 rissitne,
2083 5695 2138 5742 et
2192 5687 2537 5755 apertissime
2569 5701 2705 5741 uuas
2751 5695 2998 5752 naturas,
3031 5692 3089 5745 et
3128 5683 3265 5739 duas
3306 5699 3397 5738 νος

1820 5771 2060 5826 lnntatcs
2124 5769 2416 5827 declarari.
2478 5769 2951 5837 Quemadmodum
2998 5769 3144 5827 enim
3199 5768 3395 5841 lgnitio
