3952 6584
551 396 689 463 1155

1762 391 2141 456 EUTHYMII
2183 394 2550 458 ZiGABENI

3656 398 3754 462 llSﬁ

548 521 659 561 non
702 512 876 561 mutat
911 503 1065 575 igniti
1088 513 1340 559 naturam
1374 503 1538 575 ignis,
1576 505 1669 560 sed
1697 506 1940 561 ostendit
1966 516 2019 561 et
2044 506 2119 574 id,

2236 508 2322 561 δύο
2357 510 2697 578 θελημάτων.
2724 510 2936 579 Ὠσπερ
2954 509 3064 580 γὰρ
3082 510 3113 571 ἡ
3141 509 3384 576 πύρωσις
3404 509 3460 561 οὐ
3487 508 3755 579 uertitis:

550 598 696 668 quod
726 598 953 667 ignitum
975 605 1079 659 est,
1109 606 1166 651 ct
1202 595 1251 649 id
1280 596 1425 665 quod
1457 596 1672 662 ianivit,
1705 609 1759 651 et
1788 614 1896 653 non
1929 615 2123 664 unum,

550 691 646 743 sed
683 690 795 744 duo
820 689 1183 751 demonstrat,
1204 689 1282 742 sic
1317 689 1481 744 etiam
1518 689 1795 745 deilicatio
1824 707 1929 746 non
1960 707 2124 747 uuam

549 782 716 837 eiiicit
766 791 1016 836 naturam
1049 781 1411 851 compositam
1436 822 1450 844 ,
1488 783 1580 837 sed
1608 784 1746 838 duas
1791 785 2015 845 indicat.
2071 794 2128 839 ct

549 875 994 944 conjunctionem
1032 875 1084 928 in
1122 890 1372 943 persona.
1410 876 1679 938 Quorum,
1712 876 1889 946 inquit
1919 876 2127 947 Grego-

551 967 664 1019 rius
715 965 805 1018 ille
858 964 1193 1035 Tlicologus,
1236 982 1404 1019 unum
1439 966 1624 1020 clTecit
1672 966 1939 1029 divinum.
1991 969 2125 1022 alte-

549 1069 669 1108 rum
706 1055 1249 1119 divinum,eﬂ‘cctum
1273 1066 1377 1111 est.
1406 1058 1479 1111 Ex
1504 1058 1614 1112 illis
1641 1059 1844 1113 verbis.
1865 1060 2123 1126 Quorum,

550 1156 597 1201 et
626 1162 784 1200 unum
808 1186 823 1207 ,
849 1156 897 1200 et
928 1147 1156 1203 alterum
1181 1188 1196 1212 ,
1231 1147 1340 1202 duo
1372 1164 1493 1203 esse
1530 1148 1949 1208 demonstravit.

1001 1238 1254 1311 Ejusdem
1288 1255 1352 1293 ea:
1375 1242 1549 1312 capite
1571 1241 1660 1298 82.

633 1339 891 1392 Voluntas
913 1339 1147 1392 humana
1184 1336 1387 1392 Christi
1433 1337 1626 1391 divina:
1657 1338 1890 1393 subdita.
1927 1370 1997 1381 —
2032 1340 2130 1398 At-

549 1433 643 1505 qui
669 1433 758 1485 ille
786 1429 1008 1501 quidem
1039 1429 1387 1492 naturaliter,
1411 1437 1466 1484 et
1492 1438 1551 1483 ut
1577 1429 1743 1495 Deus,
1765 1438 1818 1485 et
1853 1440 1911 1485 ut
1940 1432 2126 1500 homo,

551 1526 795 1581 habebat
827 1531 887 1577 ut
921 1523 1120 1578 vellet:
1150 1530 1407 1577 casterum
1443 1522 1686 1578 divinam
1722 1524 1901 1593 ipsius
1932 1526 2127 1581 volun-

554 1627 722 1672 tatem
761 1617 1000 1671 humana
1036 1615 1391 1686 sequebatur,
1426 1615 1591 1685 eique
1618 1616 1839 1671 subdita
1878 1625 2020 1681 erat,
2069 1624 2129 1672 ut

553 1728 673 1780 qum
709 1710 929 1780 propria
955 1709 1229 1765 sententia
1277 1724 1383 1764 non
1425 1717 1759 1771 moveretur,
1813 1723 2003 1763 verum
2061 1722 2127 1765 ea

552 1803 775 1857 demum
827 1802 1010 1861 vellet,
1048 1816 1174 1871 qtlae
1228 1800 1416 1856 divina
1467 1800 1589 1869 ejus
1636 1799 1893 1856 voluntas
1951 1801 2126 1871 ipsam

554 1894 768 1949 volebat
792 1893 947 1949 velle.
974 1891 1328 1947 Permittente
1385 1891 1660 1962 siquidem
1712 1892 1896 1945 divina
1928 1892 2126 1946 volun-

551 1996 663 2042 tate
699 2029 715 2054 ,
750 1986 1078 2041 naturaliter
1109 2000 1173 2040 ea
1198 2000 1319 2055 quae
1347 1985 1452 2040 sibi
1498 1985 1719 2054 propria
1776 1993 1935 2039 erant
1960 1984 2129 2054 patie-

553 2082 739 2135 batur.
853 2078 1067 2133 Etenim
1125 2064 1251 2131 cum
1311 2086 1543 2132 mortem
1601 2077 1957 2139 detrectaret,
1988 2076 2129 2131 lianc

552 2172 742 2225 divina
780 2170 955 2239 ipsius
980 2169 1265 2223 voluntate
1302 2168 1375 2223 ita
1415 2167 1622 2223 ferente
1650 2177 1703 2221 et
1762 2166 2127 2233 concedente;

551 2262 880 2317 naturaliter
933 2258 1296 2322 detrectabat,
1362 2269 1527 2327 atque
1591 2260 1643 2314 in
1694 2260 1889 2314 mortis
1932 2258 2128 2329 agonia

551 2363 691 2409 crat.
739 2355 954 2409 Rursus
987 2355 1173 2408 divina
1212 2352 1383 2422 ipsius
1451 2353 1735 2407 voluntate
1776 2353 2012 2417 volente,
2067 2359 2129 2408 ut

556 2446 795 2499 humana
830 2447 1091 2501 voluntas
1124 2453 1355 2499 mortem
1396 2445 1841 2514 amplecteretur,
1874 2446 2129 2499 volunta-

548 2539 629 2591 ria
666 2539 773 2608 ipsi
807 2539 992 2607 passio
1030 2537 1151 2593 fuit.
1196 2537 1311 2591 Non
1343 2538 1490 2591 enim
1527 2551 1635 2605 qua
1666 2535 1811 2593 Deus
1861 2537 2128 2593 duntaxat

549 2630 711 2682 morti
747 2644 805 2683 se
831 2637 1027 2698 sponte
1051 2628 1302 2695 tradidit,
1332 2629 1425 2683 sed
1452 2628 1614 2682 etiam
1648 2636 1921 2697 quatenus
1943 2629 2124 2683 homo.

559 2720 715 2777 Unde
746 2722 908 2778 nobis
931 2723 1097 2778 etiam
1137 2721 1308 2780 animi
1353 2721 1640 2776 audaciam
1682 2721 1949 2777 adversus
1979 2736 2128 2775 mor-

554 2820 665 2865 tem
701 2811 1065 2881 comparavit.
1094 2810 1172 2864 Ita
1201 2813 1405 2880 quippe
1439 2820 1569 2865 ante
1621 2810 1968 2865 salutiferam
2016 2824 2142 2878 pas-

552 2909 770 2966 sionem
807 2920 963 2959 snam
999 2904 1282 2975 loquitur:
1309 2903 1491 2970 Pater,
1514 2904 1561 2958 si
1582 2904 1701 2972 ﬁeri
1734 2911 1925 2973 potest,
1960 2912 2139 2956 trans-

553 3012 639 3057 eat
678 3017 712 3054 a
745 3014 826 3053 me
854 2997 1001 3052 catis:
1029 2998 1127 3052 iste
1169 2996 1208 3053 ¹.
1237 2994 1377 3051 illud
1402 3012 1569 3066 porro
1599 3002 1839 3058 constat,
1870 2988 2016 3064 quod
2080 3001 2140 3048 ut

559 3094 723 3147 homo
765 3090 992 3147 calicem
1020 3090 1299 3146 bibiturus
1332 3098 1484 3143 erat:
1517 3103 1627 3143 non
1665 3089 1814 3144 enim
1854 3096 1914 3143 ut
1969 3086 2137 3142 Deus.

2237 599 2334 667 τὴν
2366 599 2462 653 τοῦ
2492 600 2840 669 πυρωθέντος
2872 604 3033 670 φύσιν
3066 601 3147 663 είς
3174 600 3274 668 τὴν
3312 599 3408 652 τοῦ
3453 602 3627 669 πυρὸς,
3652 603 3754 658 am

2234 691 2387 758 δηλοῖ
2427 692 2489 745 τό
2515 709 2574 745 τε
2606 693 2860 763 πυρωθὲν
2892 695 2986 747 καὶ
3014 693 3079 745 τὸ
3108 693 3392 761 πυρῶσαν,
3423 694 3513 745 καὶ
3538 695 3625 762 οὐχ
3647 696 3753 759 ἑνὸς,

2233 783 2369 837 ἀλλὰ
2384 783 2529 838 δυοῖν
2544 786 2661 838 ἔστι
2694 784 3167 855 δηλωτικδν,οὓτω
3194 783 3289 838 καὶ
3322 786 3356 854 ὴ
3374 783 3558 847 θέωσις
3581 787 3635 838 οὐ
3655 788 3753 856 μίαν

2237 878 2400 945 φύσιν
2461 879 2719 931 ἀποτελεῖ
2749 878 3040 945 σύνθετον,
3077 878 3214 931 ἀλλὰ
3237 879 3339 941 τὰς
3368 876 3461 930 δύο
3499 878 3650 947 δηλοῖ,
3686 883 3754 933 καὶ

2234 971 2332 1039 τὴν
2391 970 2513 1023 καθ’
2566 971 2866 1024 ὑπόστασιν
2913 971 3127 1025 ἕνωσιν.
3175 971 3316 1041 Φησὶ
3341 971 3470 1039 γοῦν
3500 973 3527 1024 ὀ
3556 971 3753 1039 θεολότος

2234 1065 2554 1135 Γρηγόριος,
2584 1057 2659 1118 ὧν
2693 1065 2754 1118 τὸ
2780 1067 2879 1133 μὲν
2903 1064 3126 1128 ὲθέωσε,
3158 1064 3218 1118 τὸ
3238 1064 3296 1117 δὲ
3328 1062 3551 1135 ὲθεώθη.
3571 1059 3656 1118 Ὧν
3672 1068 3753 1138 γὰρ

2234 1157 2403 1211 εἰπὼν
2444 1156 2537 1210 καὶ
2586 1157 2648 1209 τὸ
2681 1156 2801 1225 μὲν,
2832 1157 2923 1209 καὶ
2959 1156 3019 1208 τὸ
3048 1156 3126 1219 δὲ,
3167 1156 3260 1209 δύο
3292 1155 3510 1221 ἔδειξεν.

2469 1246 2579 1302 Τοῦ
2612 1248 2800 1303 αὑτοῦ
2833 1248 2902 1302 ἐκ
2931 1246 3042 1303 τοῦ
3076 1247 3179 1312 πβ¹
3212 1250 3567 1317 Κεφαλαίου.

2296 1334 2425 1409 Εἶχε
2450 1340 2551 1408 μὲν
2579 1335 2675 1392 οὖν
2711 1339 2976 1407 φυσικῶς,
3006 1341 3099 1403 καὶ
3123 1341 3195 1403 ὡς
3214 1341 3370 1403 Θεὸς,
3397 1340 3488 1393 καὶ
3508 1341 3577 1401 ὡς
3594 1338 3747 1410 ἅνθρω-

2227 1445 2349 1494 πος,
2390 1429 2451 1482 τὸ
2496 1430 2674 1483 θέλειν
2694 1443 2709 1459 ⁸
2740 1432 2929 1485 εἵπετο
2950 1432 3006 1487 δὲ
3043 1433 3134 1486 καὶ
3166 1432 3507 1485 ὐπετάσσετο
3533 1430 3600 1501 τῷ
3624 1431 3744 1483 αὐτοῦ

2228 1519 2498 1590 θελήματι
2524 1521 2585 1574 τὸ
2608 1524 2706 1576 ἀνθ
2718 1523 2972 1594 ρώπινον.
3002 1525 3077 1595 μὴ
3106 1524 3431 1594 κινούμενον
3460 1520 3629 1593 γνώμῃ
3656 1521 3745 1591 ἰδίᾳ,

2228 1612 2363 1667 ἀλλὰ
2393 1614 2566 1667 ταῦτα
2595 1614 2787 1681 θέλων,
2820 1616 2857 1671 θ.
2901 1618 2962 1669 τὸ
3009 1617 3152 1670 θεῖον
3180 1616 3353 1670 αὐτοῦ
3386 1615 3536 1686 ἤθελε
3562 1614 3745 1684 θέλημα.

2232 1706 2677 1779 Παραχωρούσης
2703 1708 2812 1777 γὰρ
2843 1710 2945 1778 τῆς
2982 1711 3133 1773 θείας
3177 1710 3474 1779 θελήσεως,
3506 1706 3680 1775 ἔπασχε
3700 1706 3745 1757 τὰ

2233 1792 2339 1851 [δια
2380 1800 2649 1867 φυσικῶς.
2685 1802 2815 1856 Ὅτε
2843 1804 2940 1871 μὲν
2971 1801 3078 1875 γὰρ
3108 1804 3409 1874 παρῃτεῖτο
3430 1800 3513 1853 τὸν
3548 1799 3742 1854 θάνατον.

2232 1892 2477 1962 φυσικῶς
2500 1896 2601 1963 τῆς
2630 1894 2781 1958 θείας
2819 1893 2987 1948 αὐτοῦ
3037 1894 3352 1965 θελησὰσης
3403 1893 3647 1963 θελήσεως
3680 1891 3745 1943 καὶ

2230 1985 2736 2055 παραχωρησάσης,
2762 1987 3120 2057 παρῃτήσατο
3139 1987 3229 2038 τὸν
3254 1986 3501 2051 θάνατον,
3531 1983 3741 2053 ἡγωνίασέ

2229 2089 2291 2126 τε
2319 2074 2411 2126 καὶ
2443 2074 2704 2128 ὲδειλίασε
2727 2092 2741 2105 ⁸
2775 2079 2869 2130 καὶ
2900 2079 2988 2131 ὅτε
3018 2078 3210 2147 ἢθελεν
3248 2079 3281 2144 ὴ
3319 2076 3439 2128 θεία
3461 2074 3606 2128 αὐτοῦ
3631 2073 3745 2139 θέλη-

2234 2178 2320 2227 σις
2344 2164 2618 2236 αἱρεῖσθαι
2648 2164 2746 2235 τὴν
2775 2164 3127 2237 ἀνθρωπίνην
3152 2164 3324 2218 αὐτοῦ
3355 2162 3558 2233 θέλησιν
3585 2162 3659 2214 τὸν
3678 2161 3743 2213 ea.

2232 2274 2412 2322 νατον,
2446 2258 2693 2311 ἑκούσιον
2728 2258 2867 2329 αὐτῇ
3035 2257 3096 2309 τὸ
3126 2256 3303 2319 πάθος
3335 2256 3562 2322 ἐγένετο·
3593 2252 3642 2305 οὐ
3666 2252 3741 2318 γὰρ

2234 2349 2370 2404 καθὸ
2408 2350 2540 2413 Θεὸς
2572 2350 2729 2420 μόνον
2755 2349 3020 2413 ἑκουσίως
3042 2348 3237 2402 ἑαυτὸν
3272 2347 3571 2417 παρέδωκεν
3596 2345 3658 2405 είς
3678 2343 3740 2395 ϐά-

2234 2461 2415 2503 νατον,
2455 2442 2590 2496 ἀλλὰ
2614 2444 2708 2497 καὶ
2737 2444 2875 2496 καθὸ
2891 2443 3199 2513 ἄνθρωπος.
3231 2442 3399 2494 Ὅθεν
3424 2440 3551 2492 κατὰ
3574 2437 3740 2490 θανάτου

2235 2537 2440 2605 τόλμαν
2467 2536 2561 2588 καὶ
2587 2538 2723 2605 ἡμῖν
2757 2536 3074 2606 ἐχαρίσατο,
3104 2533 3250 2587 οὕτω
3289 2532 3431 2601 γοῦν
3460 2530 3554 2601 πρὸ
3578 2528 3650 2582 τοῦ
3670 2547 3738 2580 δω-

2236 2626 2427 2694 τηρίου
2458 2627 2665 2689 πάθους
2697 2627 2861 2697 φησί·
2895 2627 3106 2695 Πάτερ,
3142 2629 3194 2680 ει
3226 2620 3491 2679 δυνατὸν
3530 2620 3744 2689 παρελθέ-

2237 2733 2319 2770 τω
2342 2718 2443 2772 ἀπ’
2464 2718 2610 2788 ἐμοῦ
2632 2719 2699 2773 τὸ
2720 2717 3012 2787 ποτήριον
3034 2717 3213 2773 τοῦτο
3232 2735 3246 2746 ·
3276 2716 3508 2788 δηλονότι
3526 2714 3590 2776 ὠς
3605 2712 3747 2779 ἄνθρω-

2242 2825 2343 2873 πος
2372 2809 2432 2863 τὸ
2460 2810 2723 2881 ποτήριον
2781 2811 2959 2865 πίνειν
2988 2811 3248 2884 ἔμελλενο
3285 2812 3347 2866 οὐ
3392 2810 3495 2882 γὰρ
3541 2809 3605 2872 ὦς
3638 2809 3746 2870 966:-

2240 2900 2339 2963 -Ὢς
2371 2900 2661 2972 ἄνθρωπος
2700 2902 2885 2956 τοίνυν
2924 2903 3067 2957 θέλει
3101 2904 3162 2957 τδ
3197 2905 3457 2974 ποτήριον
3491 2900 3746 2973 παρελθεῖν·

2239 2991 2415 3045 ταῦτα
2445 2993 2541 3063 τῆς
2596 2994 2836 3065 φυσικῆς
2879 2994 3081 3058 δειλίας
3124 2994 3194 3048 τὰ
3253 2997 3499 3067 ρήματα’
3536 2991 3747 3059 Πλὴνμή

2238 3085 2307 3137 τὸ
2339 3084 2489 3153 ἐμὸν
2516 3085 2781 3155 γενέσθω
2818 3086 3069 3155 θέλημα,
3093 3087 3210 3157 ἢτοι
3260 3087 3384 3140 καθ’
3407 3086 3434 3139 ὃ
3464 3084 3546 3139 σοῦ
3565 3082 3747 3154 trema-

556 3185 740 3252 Quare
765 3191 1032 3253 tanquam
1073 3182 1235 3235 homo
1273 3180 1501 3236 calicem
1536 3180 1773 3236 transire
1810 3180 1945 3235 vult.
2010 3179 2132 3236 Haec

2244 3178 2360 3241 σιός
2386 3179 2526 3249 εἰμι,
2561 3178 2697 3233 ἀλλὰ
2722 3180 2784 3232 rb
2809 3178 2921 3244 σὺν,
2954 3180 3076 3250 ἦτοι
3107 3178 3170 3231 τὸ
3212 3178 3351 3250 ὲμδν
3381 3178 3470 3230 καὶ
3491 3176 3600 3235 σὺν,
3661 3157 3749 3224 καθ’

559 3286 743 3330 autem
775 3275 940 3330 verba
975 3289 1007 3328 a
1033 3272 1271 3327 naturali
1309 3279 1483 3340 metu,
1515 3281 1568 3327 et
1596 3272 1976 3329 imbecillitate
2012 3287 2139 3342 pro-

562 3364 701 3420 iecta
741 3373 891 3421 sunt.
935 3362 1332 3429 Verumtamen,
1367 3362 1570 3432 inquit,
1624 3379 1730 3418 non
1746 3379 1862 3417 mea
1892 3363 2138 3419 voluntas

558 3455 656 3527 ﬁat
686 3459 739 3521 ',
774 3461 879 3511 hoc
918 3465 1027 3521 est,
1064 3469 1172 3525 qua
1211 3455 1424 3510 ratione
1450 3455 1684 3511 diversae
1714 3470 1743 3509 a
1771 3461 1825 3510 te
1855 3471 1976 3510 sum
2007 3456 2140 3511 sub-

556 3550 817 3616 stantiae;
869 3549 961 3603 sed
1013 3558 1129 3613 tua,
1159 3549 1263 3603 hoc
1313 3555 1398 3602 est
1446 3562 1588 3612 mea,
1622 3554 1896 3617 quatenus
1944 3547 2137 3603 eadem

555 3643 688 3698 mihi
724 3658 789 3698 ac
821 3643 920 3697 tibi
944 3641 1255 3698 substantia
1274 3649 1379 3697 est.
1403 3639 1536 3707 Quae
1556 3641 1776 3711 quidem
1800 3640 1996 3697 iterum
2020 3640 2137 3695 ior-

556 3736 626 3791 tis
654 3736 822 3790 animi
861 3736 1025 3790 verba
1076 3746 1226 3792 sunt.
1427 3734 1645 3789 Etenim
1675 3733 1861 3788 anima
1894 3733 2138 3801 Domini,

554 3820 649 3891 qui
683 3819 916 3890 benigna
948 3834 1048 3874 sua
1090 3819 1377 3875 voluntate
1415 3817 1581 3872 homo
1615 3833 1744 3873 vere
1780 3818 1957 3874 factus
1990 3825 2139 3884 erat,

552 3928 678 3969 cum
732 3913 1037 3966 naturalem
1085 3912 1462 3966 inﬁrmitatem
1503 3919 1635 3966 ante
1684 3918 1911 3981 experta
1967 3918 2140 3979 esset,

552 4012 818 4076 percepto
850 4004 1066 4059 doloris
1136 4018 1302 4058 sensu
1337 4019 1403 4057 ex
1439 4004 1689 4072 corporis
1736 4002 2139 4072 disiunctione,

553 4096 741 4151 divina
797 4111 1023 4151 rursum
1070 4095 1359 4152 voluntate
1412 4093 1811 4158 corroborata,
1875 4094 2142 4152 adversus

554 4196 788 4242 mortem
818 4187 1109 4242 audaciam
1143 4185 1411 4257 concipit.
1480 4183 1615 4239 Nam
1673 4185 1803 4256 quia
1866 4194 1922 4240 et
1987 4194 2138 4242 totus

557 4275 706 4333 Deus
741 4285 861 4331 erat
890 4291 1014 4331 cum
1040 4292 1139 4330 sua
1170 4276 1539 4339 humanitate,
1571 4283 1624 4330 et
1646 4282 1794 4331 totus
1823 4275 1988 4331 homo
2010 4292 2138 4332 cum

562 4383 661 4428 sua
696 4369 1009 4436 divinitate,
1046 4370 1161 4440 ipse
1191 4377 1452 4439 tanquam
1485 4366 1653 4421 homo
1687 4367 1742 4422 in
1773 4383 1832 4424 se
1862 4378 1917 4423 et
1950 4384 2050 4439 per
2076 4384 2137 4426 se

2239 3270 2269 3324 ὃ
2307 3272 2392 3325 σοὶ
2419 3272 2643 3342 πέφυκα
2678 3270 2966 3344 ὁμοούσιος
2984 3288 2998 3302 ·
3029 3271 3208 3325 ταῦτα
3236 3272 3343 3341 τῆς
3364 3268 3620 3339 εὐτολμίας
3633 3263 3747 3319 πάλιν

2243 3364 2506 3434 ῥήματα·
2541 3363 2808 3435 πρότερον
2837 3363 2947 3433 γὰρ
2980 3363 3081 3432 τῆς
3130 3363 3374 3432 φυσικῆς
3400 3356 3645 3418 ἀσθενείας
3663 3371 3747 3407 πει-

2244 3455 2494 3524 ραθεϊσα,
2528 3455 2651 3507 κατ’
2684 3454 2940 3525 αἴσθησιν
2960 3453 3062 3523 τὴν
3096 3454 3191 3507 ἐπὶ
3218 3452 3301 3523 τῷ
3330 3449 3578 3524 χωρισμῷ
3599 3442 3747 3500 mira-3

2242 3543 2500 3616 σώματος
2546 3545 2640 3597 καὶ
2686 3545 2923 3616 φυσικὴν
2975 3543 3329 3615 συμπάθειαν
3372 3542 3595 3596 παθοῦσα
3636 3534 3746 3607 ἠτοῦ

2242 3637 2456 3708 Κυρίου
2488 3637 2659 3708 ψυχὴ,
2697 3636 2775 3700 ὼς
2803 3634 3024 3706 ἀληθῶς
3061 3635 3359 3709 ἀνθρώπου
3387 3632 3642 3704 γενομένου
3666 3624 3748 3681 κατ’

2242 3730 2497 3785 εὐδοκίαν
2522 3728 2691 3784 αὐτοῦ
2714 3746 2727 3759 ⁸
2750 3726 2911 3793 αὖθις
2927 3729 3009 3800 τῷ
3032 3729 3165 3801 θείῳ
3190 3729 3513 3803 νευρωθείσα
3529 3724 3746 3794 θελήματι.

2241 3825 2336 3879 τοῦ
2369 3824 2604 3879 θανάτου
2650 3823 3153 3897 καταθαρῤύνεται.
3198 3821 3419 3893 Ἐπειδὴ
3454 3820 3550 3891 γὰρ
3582 3820 3606 3871 ὁ
3634 3812 3748 3872 αὐτὸς

2241 3919 2361 3981 ὅλος
2390 3914 2459 3990 ἧν
2488 3918 2620 3981 Θεὸς
2640 3917 2780 3987 μετὰ
2796 3918 2895 3988 τῆς
2915 3916 3013 3970 ἀνθ
3023 3916 3347 3987 ρωπότητος
3374 3911 3546 3977 αὐτοῦ,
3571 3910 3647 3960 καὶ
3664 3904 3747 3964 ὅλος

2242 4010 2534 4080 ἄνθρωπος
2566 4010 2705 4079 μετὰ
2736 4008 2837 4078 τῆς
2883 4006 3053 4061 αὐτοῦ
3102 4006 3391 4074 θεότητος,
3434 4002 3577 4061 αὐτὸς
3601 3997 3661 4057 ὡς
3681 3992 3747 4045 ἄν·

2245 4101 2463 4171 θρωπος
2495 4103 2554 4154 ὲν
2587 4098 2769 4170 ἑαυτῷ
2801 4099 2898 4152 καὶ
2923 4099 2991 4152 δι’
3023 4097 3221 4152 ἑαυτοῦ
3256 4095 3484 4159 ὑπέταξε
3511 4092 3565 4144 τὸ
3594 4082 3747 4155 ἀνθρώ·

2243 4210 2401 4246 πινον
2422 4194 2501 4264 τῷ
2523 4192 2643 4264 Θεῷ
2672 4193 2764 4247 καὶ
2801 4192 3003 4262 “arpi,
3025 4190 3198 4243 τύπον
3230 4191 3367 4259 ἡμῖν
3395 4185 3568 4240 ἑαυτὸν
3586 4182 3746 4250 ἄριστον

2244 4286 2338 4338 καὶ
2373 4286 2741 4356 ὐπόγραμμον
2766 4282 2963 4350 διδοὺς,
3001 4281 3100 4337 καὶ
3134 4282 3377 4352 ὑπήκοος
3410 4279 3483 4350 τῷ
3513 4272 3655 4344 [largi
3680 4266 3745 4335 γέ-

2242 4393 2420 4446 γονεν.

560 4462 610 4518 id
641 4460 789 4532 quod
824 4463 1125 4517 humanum
1156 4468 1297 4527 erat,
1332 4460 1446 4517 Deo
1477 4468 1532 4517 et
1564 4458 1715 4514 Patri
1773 4460 2035 4531 subjecit,
2070 4472 2126 4519 et
2165 4465 2316 4524 Patri
2349 4469 2532 4525 factus
2590 4469 2878 4537 obediens,
2920 4465 3433 4540 praestantissimam
3481 4474 3587 4515 sese
3637 4449 3745 4507 ηθὺίί

555 4553 785 4609 formam
815 4563 870 4608 et
897 4555 1206 4624 exemplum
1244 4553 1496 4623 praebuit.

626 4645 859 4701 Frustra
911 4650 1051 4702 ratio
1081 4650 1133 4702 in
1166 4648 1398 4710 homine,
1426 4647 1473 4701 si
1502 4644 1637 4712 desit
1674 4644 1758 4699 illi
1802 4645 2045 4701 libertas.
2070 4677 2132 4688 —

2316 4648 2700 4714 Δύτεξουσίως
2756 4647 2813 4701 δὲ
2857 4646 3017 4719 ἡθελε
3060 4645 3141 4716 τῷ
3197 4645 3331 4715 θείῳ
3373 4642 3462 4696 καὶ
3496 4634 3742 4730 ἀνθρφπὲνφ

556 4740 757 4797 Libere
792 4755 954 4810 porro
1015 4740 1236 4795 volebat
1280 4746 1396 4792 tum
1431 4738 1653 4805 divinae,
1712 4748 1825 4792 tum
1886 4738 2132 4794 humana

2244 4738 2531 4810 θελήματι.
2564 4740 2722 4819 [idem
2746 4739 2854 4811 γὰρ
2890 4738 3084 4809 λογικῇ
3117 4736 3277 4807 φύσει
3304 4736 3511 4799 πάντως
3526 4728 3741 4800 ὲμπᾶφυκι

557 4835 863 4890 voluntatis
892 4833 1127 4887 ratione.
1161 4831 1326 4887 Omni
1374 4831 1578 4902 quippe
1628 4838 1841 4886 natura
1885 4831 2132 4888 rationali

2241 4831 2304 4885 τὸ
2334 4831 2687 4898 αὐτεξούσιον
2736 4833 2969 4907 θέλημα.
3003 4836 3099 4900 Et;
3131 4837 3185 4889 τί
3210 4836 3321 4909 γὰρ
3357 4834 3459 4901 ἕξει
3484 4834 3540 4886 τὸ
3567 4825 3738 4897 λογικὸν.

557 4925 728 4980 libera
758 4926 1015 4979 voluntas
1049 4939 1077 4977 a
1110 4935 1307 4979 natura
1340 4924 1506 4979 insita
1534 4931 1642 4978 est.
1679 4922 1957 4989 Quorsum
1991 4924 2132 4980 enim

2245 4922 2322 4994 μὴ
2358 4922 2729 4990 αὐτεξουσίως
2778 4923 3137 4997 Iordanem;
3193 4927 3419 4999 riprplv
3448 4925 3546 4995 γὰρ
3570 4914 3739 4989 φυπικῆν

557 5015 763 5085 alioqui
791 5023 999 5087 partem
1037 5017 1370 5070 rationalem
1412 5015 1661 5079 habebit,
1712 5016 1762 5071 si
1820 5032 1929 5071 non
1970 5016 2132 5072 libere

2239 5010 2422 5086 ὃρεξιν
2440 5014 2534 5068 καὶ
2560 5018 2675 5081 τοῖς
2700 5017 2919 5086 ἀλόγοις
2948 5017 3109 5083 ζώοις
3126 5022 3155 5073 ὁ
3176 5019 3502 5091 Δημιουργὺς
3529 5014 3738 5076 ἔνέσπειρε

556 5105 969 5162 ratiocinator?
1016 5105 1153 5161 Nam
1200 5108 1507 5163 naturalem
1547 5108 1769 5177 quidem
1826 5109 2132 5178 appetitum

2241 5104 2380 5175 πρὸς
2432 5104 2697 5160 σύστασιν
2740 5107 2844 5177 τῆς
2899 5108 3107 5171 οίκείας
3143 5108 3360 5178 φύσεως
3396 5096 3740 5176 ἡναγκιισμένως

557 5215 809 5256 summus
839 5199 1043 5270 Opifex
1089 5199 1271 5255 brutis
1302 5198 1473 5253 etiam
1510 5198 1730 5263 indidit,
1765 5213 1878 5268 quo
1927 5199 1993 5253 ad
2028 5214 2132 5255 sua

2238 5198 2377 5254 αὐτὰ
2406 5198 2667 5268 ἄγουσαν.
2705 5200 2884 5268 Λόγου
2924 5200 3035 5273 γὰρ
3069 5201 3405 5273 ἀμοιροῦντα
3436 5208 3456 5238 c
3492 5196 3544 5249 οὐ
3576 5190 3739 5244 δύναται

564 5301 779 5349 naturae
808 5292 1292 5348 conservationem
1323 5294 1651 5348 necessitate
1677 5292 1978 5347 ducuntur.
1999 5292 2132 5348 Cum

2243 5291 2420 5361 ἄγειν,
2470 5291 2586 5345 ἀλλ’
2616 5292 2812 5360 ἄγεται
2844 5292 2949 5344 ὑπὸ
2978 5292 3076 5363 τῆς
3110 5293 3347 5364 φυσικῆς
3367 5288 3588 5361 ὀρέξεως.
3622 5276 3739 5331 Ὅθεν

556 5384 705 5441 enim
740 5384 953 5441 ratione
978 5390 1225 5445 careant.
1269 5383 1473 5438 ducere
1512 5399 1621 5437 non
1663 5391 1915 5453 possunt,
1948 5399 2132 5438 verum

2246 5382 2363 5454 ἅμα
2402 5386 2435 5454 ἦ
2472 5383 2652 5454 ὄρεξις
2682 5384 2931 5455 γένηται,
2963 5384 3165 5450 εὐθέως
3196 5386 3291 5439 καὶ
3332 5388 3366 5456 ἡ
3397 5382 3515 5454 πρὸς
3539 5377 3618 5447 τὴν
3641 5368 3737 5440 api-

554 5476 797 5532 naturali
825 5475 1109 5531 ducuntur
1136 5476 1403 5546 appetitu.
1464 5473 1541 5527 Ex
1602 5489 1712 5544 quo
1748 5474 1825 5538 tit,
1884 5483 1941 5529 ut
1975 5474 2132 5530 simul

2249 5474 2328 5540 ειν
2351 5476 2533 5546 ὁρμή’
2566 5476 2627 5528 οὐ
2663 5476 2772 5548 γάρ
2801 5474 2966 5546 λόγῳ.
2997 5475 3028 5546 ἢ
3059 5475 3244 5548 βουλῇ,
3276 5477 3310 5547 ἢ
3347 5472 3534 5542 σκέψει.
3560 5467 3586 5537 ἡ
3610 5459 3737 5533 κρίσει

555 5570 726 5637 atque
765 5565 1039 5635 appetitus
1072 5565 1272 5630 oritur,
1305 5566 1493 5621 statim
1528 5564 1594 5617 ad
1640 5565 1909 5636 agendum
1953 5565 2132 5636 prusi-

2248 5567 2536 5639 κέκρηται·
2570 5566 2733 5619 Ὅθεν
2753 5565 2878 5620 οὔτε
2908 5569 2983 5631 ὡς
3005 5566 3203 5637 ἀρετὴν
3228 5568 3467 5639 μετιόντα
3492 5555 3733 5614 ἐπαινεῖται.

555 5657 716 5714 liant.
750 5657 938 5728 Neque
962 5658 1110 5712 enim
1134 5659 1355 5735 ratione
1382 5664 1479 5711 aut
1512 5657 1770 5723 consilio,
1797 5664 1893 5710 aut
1953 5657 2132 5712 cousi-

2241 5660 2338 5712 καὶ
2371 5658 2763 5729 μακαρίζεται,
2814 5657 2946 5733 οὐτε
2988 5659 3065 5721 ὼς
3095 5658 3292 5713 κακίαν
3323 5658 3592 5730 πράττοντα
3621 5640 3733 5697 κολά-

555 5747 864 5814 dcratione,
916 5760 1009 5806 aut
1055 5734 1269 5816 judicio
1328 5757 1579 5806 utuntur.
1639 5748 1717 5805 Ac
1764 5748 1997 5821 proinde
2040 5765 2132 5805 nec

2241 5747 2415 5815 ζεται.
2452 5749 2513 5803 'll
2546 5749 2600 5803 δὲ
2630 5749 2824 5819 λογικὴ
2860 5750 3021 5817 φύσις
3048 5752 3165 5820 ἔχει
3199 5750 3297 5820 μὲν
3330 5750 3422 5821 τὴν
3448 5739 3640 5816 φυσικὴν
3655 5733 3732 5801 δρ⁵⁴

642 5852 659 5883 ³
689 5850 879 5908 Matth.
911 5867 1056 5923 xxvn,
1084 5850 1152 5907 39
1184 5869 1199 5913 ;
1231 5850 1365 5907 Luc.
1396 5867 1530 5915 nu,
1559 5852 1649 5906 Η.
