3952 6552
179 377 311 441 1157
1165 370 1537 433 PANOPLIA
1574 369 2115 432 DOGMATICA.-
2146 369 2297 432 TIT.
2328 369 2490 431 XXI.
3307 371 3445 439 1158

177 494 261 561 ξιν
292 491 650 563 κινουμένην,
695 488 802 543 ὑπὸ
826 488 885 543 δὲ
920 486 1015 543 τοῦ
1045 487 1220 555 Λόγου
1260 485 1541 556 ἀγομένην
1578 501 1637 537 τε
1668 487 1763 536 καὶ
1797 531 1801 544 ς

1910 484 2021 540 eiut
2043 485 2230 540 virtuti
2264 487 2541 543 studentia
2574 486 2892 554 laudantur,
2922 502 2985 545 ae
3020 486 3181 545 beata
3211 502 3440 544 censen-

179 587 590 658 ῥυθμιζομὲνην
617 583 712 636 ἐπὶ
752 581 861 635 τῶν
891 579 1279 651 φυλασσόντων
1311 577 1370 630 τὸ
1401 575 1543 630 κατὰ
1565 574 1726 644 φύσιν
1747 590 1763 607 ο

1910 592 1999 647 1r;
2026 593 2128 634 nec
2157 590 2414 650 tanquam
2449 580 2653 636 malum
2677 583 2894 652 agentia
2957 584 3292 652 plectuntur.
3324 582 3448 637 Na-

182 679 278 733 τοῦ
315 679 427 749 γὰρ
458 677 634 746 Λόγου
677 674 1005 746 προτέρημα
1036 670 1192 726 τοῦτό
1220 673 1389 737 ἐστιν,
1424 671 1458 741 ή
1491 668 1753 733 αὐτεξού-

1910 688 1991 726 tra
2031 687 2163 728 vero
2196 673 2484 730 rationalis
2514 665 2685 729 habet
2710 673 2933 744 quidem
2966 673 3273 728 naturalem
3340 688 3443 742 ap-

182 788 297 834 σιος
332 771 575 841 θέλησις,
600 772 797 840 ἥντινα
834 766 1073 837 φυσικὴν
1128 766 1184 820 ὲν
1214 763 1294 835 τῷ
1324 763 1534 834 λογικῷ
1578 779 1765 833 φαμεν

1910 768 2128 833 etitum,
2163 768 2255 838 qui
2290 778 2612 834 moveatur;
2650 766 2918 837 ejusmodi
2956 777 3159 833 tamen,
3200 777 3261 821 ut
3289 766 3344 820 in
3382 766 3450 821 iis

183 863 425 931 κίνησιν·
460 862 544 915 διὸ
576 860 669 914 καὶ
694 860 768 923 ῶς
795 858 999 931 ἀρετὴν
1027 855 1291 929 μετιοῦσα
1334 857 1645 910 ἐπαινεῖται
1676 856 1768 910 καὶ

1910 875 1990 915 uae
2020 868 2231 914 naturae
2278 869 2704 915 consentaneam
2758 858 3146 914 rectitudinem
3205 868 3449 919 servant.

189 952 587 1022 μακαρίζεται,
626 951 719 1006 καὶ
752 950 829 1015 ῶς
851 951 1051 1003 κακίαν
1083 947 1346 1021 μετιοῦσα
1387 947 1695 1012 κολάζεται.

1934 951 2145 1006 ratione
2165 952 2502 1021 gubernetur
2528 966 2590 1005 ac
2611 960 2991 1020 componatur.
3023 950 3271 1005 Rationis
3297 951 3450 1007 enim

188 1043 561 1111 praecellentia
599 1042 714 1097 haec
749 1052 853 1106 est,
887 1040 1073 1097 liberae
1099 1039 1393 1111 potestatis
1436 1039 1697 1095 Voluntas
1733 1057 1746 1096 :
1787 1056 1947 1111 quam
1983 1041 2200 1110 quidem
2232 1042 2533 1097 naturalem
2585 1051 2793 1096 motum
2824 1042 2879 1097 in
2939 1043 3244 1099 substantia
3276 1042 3450 1097 ratio-

191 1137 305 1190 nali
343 1137 599 1192 dicimus.
631 1135 818 1205 anue
857 1135 925 1191 de
950 1151 1114 1193 causa
1149 1147 1206 1192 et
1239 1150 1366 1191 cum
1398 1135 1666 1191 virtutem
1692 1135 1843 1200 colit,
1868 1136 2082 1192 laudent
2118 1136 2349 1205 obtinet,
2389 1152 2456 1194 ac
2506 1136 2664 1192 beata
2693 1137 3064 1208 praedicatur;
3093 1146 3150 1192 et
3209 1152 3334 1193 eum
3391 1150 3453 1193 se

188 1229 331 1283 vitio
366 1227 537 1293 dedit,
574 1228 824 1298 punitur.

262 1324 427 1376 Ὠστε
452 1321 610 1392 ἢθελε
638 1321 738 1391 μὲν
755 1320 1123 1385 αὐτεξουσίως
1149 1319 1446 1391 κινουμένη
1484 1321 1519 1391 ή
1548 1319 1640 1373 τοῦ
1663 1318 1772 1371 Κυσ

1960 1317 2158 1375 Dirinre
2213 1328 2263 1374 et
2284 1318 2534 1375 humanm
2580 1320 2869 1375 voluntatis
2898 1320 3179 1376 disrrimen
3216 1321 3272 1376 in
3302 1323 3458 1379 Chri-

195 1413 313 1485 ρίου
347 1413 515 1483 ψυχὴ,
534 1412 649 1465 ἀλλ’
677 1412 859 1466 ἐκεῖνα
878 1412 1243 1477 αὐτεξουσίως
1266 1411 1481 1483 quem,
1514 1410 1552 1465 ἃ.
1592 1414 1623 1480 ὴ
1656 1410 1778 1466 θεία.

1911 1421 1983 1466 to.
2016 1441 2079 1452 —
2107 1412 2244 1483 Ergo
2278 1413 2494 1469 volebat
2524 1413 2749 1484 quidem
2783 1414 2998 1469 Domini
3042 1416 3224 1471 anima
3278 1415 3455 1471 libere

193 1505 365 1558 αὐτοῦ
393 1504 610 1575 θέλησις
634 1503 792 1575 ήθελε
834 1502 1008 1555 θέλειν
1054 1502 1248 1574 αὐτήν.
1285 1503 1360 1556 Ού
1394 1504 1505 1576 γὰρ
1547 1502 1777 1573 νεύματι

1910 1504 2140 1570 εχοίιοιο,
2169 1505 2263 1561 sed
2295 1520 2360 1560 ea
2388 1506 2561 1561 libere
2582 1505 2805 1561 demum
2846 1507 3085 1573 volebat,
3122 1522 3244 1578 quae
3268 1507 3455 1564 divina

194 1597 293 1650 τοῦ
341 1596 516 1664 Λόγου
575 1597 608 1666 ή
642 1595 780 1663 σὰρξ
811 1596 1063 1648 ὲκινεῖτο’
1118 1597 1215 1647 καὶ
1272 1595 1512 1666 Μωῦσης
1545 1596 1653 1667 γάρ
1682 1596 1779 1650 καὶ

1910 1596 2056 1666 psius
2085 1597 2337 1653 voluntas
2375 1599 2513 1653 velle
2548 1613 2665 1652 eam
2686 1598 2923 1654 volebat.
2959 1598 3077 1654 Non
3110 1599 3258 1655 enim
3291 1597 3460 1654 Verbi

195 1690 401 1753 πάντες
431 1689 480 1742 οἱ
510 1689 653 1756 ἅγιοι
672 1688 903 1757 νεύματι
930 1687 1062 1756 θείῳ
1093 1686 1394 1741 ὲκινοῦντο’
1425 1688 1541 1742 ἀλλ’
1563 1691 1591 1742 ὁ
1615 1688 1777 1751 αὐτὸς

1910 1695 2023 1738 tutu
2058 1701 2188 1741 caro
2219 1687 2561 1752 movebatur,
2578 1689 2730 1760 juxta
2780 1704 2845 1745 ac
2910 1689 3092 1745 Moses
3160 1698 3218 1744 et
3272 1688 3456 1745 sancti

195 1775 276 1844 εἷς
298 1780 373 1833 ῶν
397 1780 529 1842 Θεός
559 1796 619 1832 τε
648 1780 741 1833 καὶ
780 1777 876 1831 ἀνθ
888 1793 1091 1850 ρωπος,
1116 1776 1261 1831 κατά
1288 1793 1349 1829 τε
1377 1777 1477 1846 τήν
1506 1776 1658 1830 θείαν
1683 1776 1777 1829 καὶ

1910 1790 2073 1832 ιηηιοε
2103 1775 2289 1832 divino
2317 1789 2458 1831 nutu
2487 1780 2848 1834 movebantur
2881 1796 2897 1834 :
2928 1794 3121 1836 verum
3155 1778 3298 1834 idem
3339 1780 3459 1852 ipse

198 1875 301 1943 τὴν
325 1871 681 1941 ἀνθρωπίνην
703 1870 861 1941 ήθελε
883 1869 1126 1923 θέλησιν
1154 1869 1235 1922 διὸ
1272 1869 1333 1922 ού
1363 1868 1578 1940 γνώμῃ,
1615 1886 1777 1937 φυσι-

200 1968 274 2037 κῇ
306 1965 363 2019 δὲ
398 1964 598 2035 μᾶλλον
627 1963 883 2031 δυνάμει,
943 1963 997 2016 αί
1038 1961 1130 2014 δύο
1158 1960 1254 2014 τοῦ
1289 1958 1496 2031 Κυρίου
1525 1960 1776 2031 θελήσεις

202 2058 455 2126 διέφερον
476 2054 747 2126 ἀλλήλων.
786 2054 851 2107 Ἥ
899 2053 997 2124 μὲν
1032 2053 1140 2123 γάρ
1183 2052 1309 2106 θεία
1357 2051 1528 2106 αὐτοῦ
1559 2054 1777 2125 θέλησις

202 2154 309 2206 ᾶνα
320 2149 443 2220 ρχός
472 2165 530 2201 τε
566 2147 661 2201 καὶ
684 2147 1022 2216 παντουργὸς
1037 2141 1128 2216 ἦν,
1154 2144 1430 2215 ἑπομένην
1457 2146 1657 2216 ἔχουσα
1679 2147 1779 2217 τὴν

204 2242 466 2311 δύναμιν,
495 2243 592 2294 καὶ
628 2238 870 2307 ἀπαθής
892 2238 926 2307 ή
948 2236 1004 2291 δὲ
1017 2236 1335 2308 ἀνθρωπίνη
1358 2238 1525 2291 αὑτοῦ
1548 2238 1768 2309 θέλησις

207 2333 320 2388 ἀπὸ
346 2331 540 2402 χρόνου
578 2328 804 2401 ήρξατο,
832 2329 929 2382 καλ⁸
966 2328 1198 2400 αὑτήτά
1230 2330 1440 2398 φυσικά
1494 2334 1590 2387 καὶ
1630 2333 1781 2389 ἀδιά-

210 2423 387 2491 ϐλητα
411 2422 559 2493 πάθη
596 2421 881 2491 ὑπέμεινε,
916 2422 1010 2473 καὶ
1037 2420 1282 2488 φυσικῶς
1312 2422 1411 2492 μὲν
1430 2423 1490 2475 οὐ
1518 2422 1781 2477 παντοδύ·

209 2532 384 2586 ναμος
415 2511 505 2586 ἦν,
533 2514 611 2578 ῶς
641 2515 697 2568 δὲ
737 2514 831 2568 τοῦ
864 2511 999 2566 Θεοῦ
1053 2514 1232 2581 Λόγου
1265 2514 1484 2585 ἀληθῶς
1518 2517 1609 2572 καὶ
1638 2517 1782 2571 κατά

211 2612 377 2677 φύσιν
406 2607 696 2678 γενομένη,
724 2606 820 2662 καὶ
850 2605 1275 2676 παντοδύναμος.

1883 1882 2009 1923 cum
2039 1879 2095 1925 et
2119 1869 2265 1925 Deus
2292 1880 2350 1925 et
2377 1870 2539 1926 homo
2566 1882 2730 1938 esset,
2758 1880 2872 1926 tum
2913 1872 3121 1938 divina,
3178 1879 3295 1927 tum
3349 1872 3457 1929 ltu-

1884 1978 2044 2018 mana
2077 1963 2362 2018 voluntate
2390 1963 2628 2020 volebat.
2659 1963 2742 2021 Ob
2768 1978 2889 2020 eam
2920 1980 3145 2021 causam
3193 1980 3303 2019 non
3331 1979 3467 2020 con-

1884 2055 2009 2112 silio
2038 2070 2102 2110 ac
2129 2056 2424 2121 sententia,
2456 2057 2552 2112 sed
2613 2056 2886 2112 naturalis
2950 2058 3135 2126 potius
3183 2056 3465 2112 facultatis

1884 2148 2119 2213 ratione,
2151 2147 2271 2202 du:e
2327 2146 2545 2202 Domini
2569 2147 2879 2202 voluntates
2934 2147 3170 2202 interse
3229 2146 3467 2201 disside-

1885 2236 2041 2292 bant.
2081 2236 2296 2292 Etenim
2343 2235 2531 2291 divina
2583 2237 2703 2307 ejus
2752 2237 3008 2291 voluntas
3066 2234 3321 2309 principii
3361 2250 3464 2291 ex-

1884 2344 2014 2400 pers
2035 2330 2321 2401 omnisque
2346 2330 2425 2387 rei
2452 2330 2698 2386 effectrix
2736 2340 2855 2387 erat
2877 2342 2961 2398 ,ut
3024 2339 3154 2401 pote
3208 2331 3467 2387 comitem

1888 2422 2184 2493 potentiam
2221 2423 2451 2488 habens,
2482 2433 2538 2478 et
2565 2423 2674 2493 pati
2703 2424 2907 2479 nescia.
2936 2423 3004 2477 At
3035 2423 3275 2477 humana
3295 2421 3470 2491 ipsius

1887 2515 2164 2581 voluntas,
2200 2525 2313 2571 tum
2341 2516 2455 2587 ipsa
2486 2517 2542 2572 in
2583 2528 2829 2587 tempore
2860 2516 3078 2571 initium
3110 2514 3318 2581 habuit,
3348 2523 3464 2569 tum

1886 2622 1980 2663 eas
2005 2609 2287 2678 passiones
2320 2610 2597 2674 sustinuit,
2625 2625 2746 2680 quae
2784 2610 3062 2665 naturales
3101 2617 3155 2664 et
3218 2607 3470 2665 innocua:

208 2709 391 2759 erant.
418 2700 498 2756 Ac
523 2710 714 2756 natura
745 2700 966 2771 quidem
988 2702 1337 2772 omnipotens
1362 2716 1471 2756 non
1507 2713 1658 2770 erat;
1693 2709 1752 2758 ut
1785 2713 1970 2759 autem
2004 2704 2098 2759 Dei
2139 2702 2301 2759 Verbi
2352 2718 2479 2758 vere
2531 2718 2597 2759 ac
2652 2703 2920 2760 naturalis
2964 2703 3108 2759 facta
3159 2711 3296 2769 erat,
3326 2701 3467 2757 nihil
3524 2726 3525 2729 η

212 2805 435 2863 quoque
470 2789 587 2861 ipsa
620 2807 727 2846 non
752 2800 985 2862 poterat.

552 3015 685 3071 ’Τοῦ
710 3015 901 3071 αὐτοῦ
929 3017 1273 3087 Κεφαλαίον
1299 3015 1417 3089 πγί.

2416 3023 2664 3096 Ejusdem
2691 3035 2846 3095 caput
2882 3025 2971 3081 83.

305 3106 367 3162 '0
403 3107 675 3177 μακάριος
731 3108 1009 3173 Διονύσιος
1064 3112 1262 3172 καινήν
1292 3128 1414 3163 τινα
1457 3109 1787 3182 θεανδρικὴν

1971 3112 2106 3168 Cum
2134 3113 2327 3171 beatus
2352 3115 2642 3187 Dionysius
2664 3118 2941 3173 Christum
2965 3133 3159 3174 novam
3179 3119 3472 3191 quamdam

222 3202 512 3270 ἐνέργειαν
549 3201 730 3270 φήσας
756 3202 849 3254 τὸν
879 3202 1115 3272 Χριστὸν
1139 3204 1271 3270 ήμϊν
1304 3203 1789 3272 πεπολιτευμένον,

220 3294 326 3345 οὐκ
349 3292 592 3363 ἀναιρῶν
617 3292 718 3355 τὰς
752 3294 985 3360 φυσικὰς
1005 3294 1310 3364 ἐνεργείας,
1341 3296 1470 3363 μίαν
1501 3294 1785 3364 ἐνέργειαν

220 3384 285 3436 ἐκ
313 3400 375 3435 τε
400 3385 497 3453 τῆς
520 3383 871 3454 ἀνθρωπίνης
895 3385 992 3437 καὶ
1019 3382 1170 3448 θείας
1193 3387 1567 3457 γεγενημένην
1593 3385 1757 3456 φησίν
1780 3400 1795 3416 ·

219 3472 369 3527 οὕτω
406 3475 515 3543 γάρ
547 3474 615 3527 ἂν
652 3474 746 3527 καὶ
784 3476 917 3542 μίαν
961 3475 1126 3543 φύσιν
1170 3476 1425 3544 εῐποιμεν
1481 3476 1702 3543 καινὴν,
1734 3476 1799 3527 ὲκ

223 3566 379 3630 θείας
423 3584 485 3621 τε
530 3567 628 3620 καὶ
674 3566 1023 3636 ἀνθρωπίνης
1076 3566 1456 3636 γεγενημένην
1482 3580 1497 3595 ·
1558 3560 1634 3619 ὧν
1691 3566 1801 3637 γὰρ

222 3659 477 3729 ἐνέργεια
517 3659 639 3729 μία,
666 3656 873 3712 τούτων
925 3658 1023 3710 καὶ
1063 3659 1095 3728 ή
1128 3657 1284 3711 οὐσία
1316 3658 1437 3727 μία,
1472 3658 1620 3713 κατά
1674 3660 1802 3723 τοὺς

224 3754 420 3823 ἁγίους
440 3764 463 3788 ⁶
484 3754 737 3824 Πατέρας
756 3766 773 3784 ⁸
802 3752 940 3808 ἀλλά
971 3752 1142 3806 θέλων
1171 3752 1341 3817 δεῖξαι
1369 3753 1462 3807 τὸν
1488 3752 1683 3807 καινὸν
1707 3752 1804 3806 καὶ

225 3847 545 3917 ἀπόρρητον
576 3847 783 3917 τρόπον
840 3849 940 3915 τῆς
984 3845 1092 3898 τῶν
1142 3845 1392 3913 φυσικῶν
1425 3843 1520 3899 τοῦ
1558 3843 1802 3915 Χριστοῦ

229 3939 527 4009 ἐνεργειῶν
553 3940 890 4008 ὲκφάνσεως,
920 3937 999 4007 τῷ
1024 3938 1320 4009 ἀπορρήτῳ
1356 3938 1546 4006 τρόπῳ
1586 3936 1691 4007 τῆς
1721 3940 1804 4001 είς

228 4031 438 4100 ἀλληλα
450 4030 557 4084 τῶν
576 4028 671 4084 τοῦ
692 4031 932 4101 Χριστοῦ
951 4030 1169 4099 φύσεων
1190 4030 1617 4098 περιχωρήσεως
1638 4046 1809 4099 προσ-

229 4123 433 4194 φόρως,
461 4124 554 4176 καὶ
609 4121 711 4192 τήν
762 4121 905 4175 κατά
961 4120 1252 4189 ἄνθρωπον
1299 4119 1467 4172 αὑτοῦ
1524 4118 1806 4173 πολιτείαν

233 4214 396 4287 ξένην
451 4217 547 4269 καὶ
604 4214 926 4287 παράδοξον,
990 4213 1088 4267 καὶ
1141 4216 1209 4283 τῇ
1276 4210 1439 4281 φύσει
1461 4211 1571 4265 τῶν
1632 4212 1805 4267 ὄντων

229 4309 535 4379 ἄγνωστον,
561 4310 654 4364 τόν
681 4326 739 4362 τε
779 4308 982 4379 τρόπον
1029 4306 1130 4377 τῆς
1180 4304 1324 4358 κατά
1349 4304 1449 4375 τὴν
1483 4304 1805 4377 ἀπόρρητον

1905 3204 2303 3269 theandrieam,
2334 3222 2429 3261 seu
2462 3209 2554 3263 Dei
2582 3209 2820 3263 simulet
2873 3208 2999 3276 viri,
3056 3210 3330 3265 actionem
3373 3227 3475 3264 no-

1903 3295 2349 3353 biscutnobiisse
2379 3298 2536 3362 dicit,
2602 3315 2707 3354 non
2774 3309 2834 3354 ut
2889 3302 3171 3357 naturales
3226 3303 3474 3359 actiones

1907 3386 2081 3451 tollat,
2141 3403 2302 3442 unam
2362 3404 2429 3445 ex
2480 3390 2717 3446 humana
2798 3400 2854 3448 et
2919 3392 3106 3447 divina
3200 3394 3472 3448 actionem

1906 3477 2194 3533 conﬂatam
2222 3480 2381 3535 docet
2412 3482 2497 3552 (ad
2538 3484 2683 3539 hunc
2709 3485 2857 3539 enim
2888 3484 3109 3539 modum
3137 3500 3301 3539 unam
3339 3499 3481 3555 quo-

1911 3585 2017 3639 que
2045 3586 2243 3625 novam
2278 3584 2529 3628 naturam
2552 3591 2617 3630 ex
2641 3576 2826 3630 divina
2856 3586 2913 3631 et
2944 3575 3185 3631 humana
3226 3576 3480 3631 effectam

1906 3661 2250 3731 diceremus;
2307 3664 2433 3734 quia
2490 3680 2724 3735 quorum
2769 3668 2912 3721 actio
2958 3682 3067 3721 una
3118 3676 3223 3732 est,
3280 3665 3479 3721 horum

1909 3751 2099 3816 etiarn,
2130 3761 2191 3807 ut
2217 3754 2464 3809 sentiunt
2491 3755 2703 3821 Patres,
2742 3771 2847 3810 una
2898 3766 2984 3812 est
3041 3756 3327 3825 essentia),
3383 3771 3480 3812 ve-

1911 3859 2033 3897 rum
2066 3844 2139 3897 ita
2182 3845 2447 3916 loquitur,
2481 3857 2540 3900 ut
2566 3861 2768 3901 novum
2800 3846 2934 3901 illud
2966 3856 3024 3903 et
3052 3862 3313 3902 arcanum
3364 3862 3485 3901 mo-

1910 3935 2063 4001 dum,
2090 3951 2199 4005 quo
2223 3938 2498 3993 naturales
2522 3938 2735 3994 Christi
2759 3939 3008 3995 actiones
3067 3952 3126 3993 se
3180 3938 3482 4008 explicant,

1911 4044 2115 4084 arcano
2140 4031 2216 4086 illi
2245 4042 2449 4087 mutuae
2505 4042 2832 4088 naturarum
2890 4033 3064 4105 ipsius
3114 4032 3485 4089 imnteationis

1913 4124 2079 4178 modo
2117 4134 2530 4194 congruentem,
2581 4127 2881 4182 humanum
2942 4128 3071 4183 item
3121 4129 3245 4183 vitae
3312 4143 3485 4199 genus

1913 4230 2115 4269 novum
2145 4227 2200 4271 et
2239 4218 2583 4285 admirabile,
2638 4223 2805 4294 inque
2855 4239 3041 4278 rerum
3094 4233 3289 4279 natura
3338 4226 3490 4279 inco-

1914 4309 2173 4379 gnitum;
2237 4326 2298 4365 ac
2329 4310 2564 4379 denique
2613 4313 2838 4367 alternae
2903 4315 3053 4370 illius
3111 4318 3491 4371 communica-

217 4404 422 4458 ἕνωσιν
450 4407 807 4469 ἀντιδόσεως·
855 4408 917 4462 ού
957 4406 1068 4478 γὰρ
1114 4405 1455 4478 διῃρημένας
1487 4406 1671 4476 φαμὲν
1705 4405 1801 4472 τὰς

1912 4401 2086 4458 tionis
2110 4440 2126 4467 ,
2154 4419 2278 4473 quae
2312 4420 2376 4459 ex
2410 4405 2677 4459 ineffabili
2714 4405 2966 4459 unitione
2989 4404 3192 4465 oritur,
3227 4401 3498 4456 rationem

217 4495 528 4565 ἐνεργείας,
566 4496 688 4549 οὐδὲ
713 4497 1058 4570 διῃρημένως
1096 4496 1428 4567 ἐνεργούσας
1454 4496 1551 4560 τὰς
1590 4495 1804 4567 φύσεις,

219 4585 339 4638 ἀλλ’
354 4587 651 4657 ήνωμένως
689 4590 928 4658 ἑκάστην
964 4588 1102 4660 μετά
1127 4589 1225 4658 τῆς
1261 4588 1490 4658 θατέρου
1520 4588 1806 4651 κοινωνίας

219 4677 557 4748 ἐνεργοῦσαν
582 4678 730 4731 τοῦθ’
754 4681 890 4751 ὅπερ
941 4681 1073 4733 ἴδιον
1121 4680 1375 4749 ἔσχηκεν.
1425 4677 1565 4731 Οὔτε
1605 4678 1715 4751 γάρ
1738 4678 1807 4731 τά

221 4770 554 4841 ἀνθρώπινα
632 4771 990 4842 ἀνθρωπίνως
1046 4771 1349 4841 ἐνήργησεν
1372 4779 1389 4801 ⁸
1429 4769 1489 4823 οὐ
1515 4771 1626 4839 γὰρ
1655 4769 1809 4839 ψιλὸς

223 4860 295 4936 ἢν
333 4863 658 4935 ἄνθρωπος·
701 4863 826 4917 οὔτε
864 4863 937 4916 τὰ
981 4863 1105 4918 θεῖα
1142 4863 1286 4916 κατὰ
1328 4861 1461 4915 Θεὸν
1505 4863 1666 4932 μόνον
1691 4877 1704 4892 ·
1747 4861 1810 4915 ού

223 4956 338 5026 γάρ
373 4951 446 5026 ἦν
478 4955 685 5024 γυμνὸς
744 4956 898 5019 Θεὸς,
939 4954 1075 5008 ἀλλὰ
1126 4954 1259 5017 Θεὸς
1295 4953 1434 5023 ὁμοῦ
1557 4950 1818 5021 ὑπάρχων

224 5047 327 5100 καὶ
360 5047 668 5116 ἄνθρωπος.
702 5047 913 5118 Ὥσπερ
969 5026 1079 5119 γὰρ
1115 5044 1226 5099 τῶν
1287 5045 1528 5116 φύσεων,
1576 5044 1672 5097 καὶ
1715 5042 1815 5114 τὴν

224 5141 449 5202 ἒνωσιν,
505 5141 600 5193 καὶ
656 5139 755 5211 τὴν
816 5140 1053 5209 φυσικὴν
1118 5139 1383 5210 διαφορὰν
1449 5126 1815 5206 ἐπιστάμεθα,

223 5232 496 5287 οὕτωκαὶ
564 5231 677 5287 τῶν
733 5232 980 5301 φυσικῶν
1031 5231 1356 5302 θελημάτων
1404 5246 1465 5284 τε
1519 5229 1615 5282 καὶ
1657 5229 1815 5300 ὲνερ-

225 5327 422 5396 γειῶν.

316 5419 517 5473 Ἰστέον
552 5417 868 5490 τοιγαροῦν,
900 5417 975 5483 ῶς
1016 5416 1112 5471 ἐπὶ
1149 5414 1245 5469 τοῦ
1274 5414 1482 5486 Κυρίου
1512 5412 1669 5484 ήμῶν
1717 5411 1820 5482 Ἰη-

232 5513 331 5569 σοῦ
389 5512 651 5585 Χριστοῦ,
694 5512 826 5566 ποτὲ
878 5512 978 5582 μὲν
1026 5510 1101 5573 ῶς
1137 5507 1233 5563 ἐπὶ
1284 5508 1380 5562 δύο
1482 5505 1694 5576 φύσεων
1731 5505 1823 5559 τὸν

230 5609 396 5677 λόγον
421 5605 754 5676 ποιούμεθα,
796 5604 926 5658 ποτὲ
982 5602 1040 5657 δὲ
1068 5601 1143 5664 ῶς
1191 5603 1277 5669 ἐφ’
1326 5600 1447 5664 ἑνὸς
1498 5597 1822 5670 προσώπου,

232 5701 333 5754 καὶ
360 5698 519 5752 τοῦτο
542 5697 600 5752 δὲ
634 5698 856 5750 κάκεῖνο
878 5696 957 5758 είς
985 5693 1115 5765 μίαν
1138 5691 1473 5762 ἀναφέρεται
1503 5690 1737 5742 ἔννοιανο
1768 5688 1827 5742 αἱ

231 5794 347 5862 γὰρ
372 5791 469 5845 δύο
499 5790 690 5861 φύσεις
719 5784 800 5855 εἷς
844 5789 959 5843 ἐστι
996 5784 1252 5856 Χριστὸς,
1284 5783 1381 5839 καὶ
1420 5786 1451 5838 ό
1482 5778 1565 5847 είς
1591 5780 1827 5855 Χριστὸς

1914 4491 2208 4548 indicaret.
2268 4492 2385 4548 Non
2427 4496 2573 4550 enim
2617 4504 2712 4548 aut
2745 4494 3028 4562 sejunctas
3063 4492 3350 4553 actiones,
3406 4496 3497 4543 aut

1917 4592 2149 4639 naturas
2179 4583 2400 4640 divisim
2443 4585 2661 4653 Operari
2705 4583 2949 4638 dicimus
2974 4622 2989 4648 ,
3027 4582 3122 4635 sed
3158 4580 3499 4649 conjunctim

1918 4680 2214 4744 utramque
2259 4689 2384 4728 cum
2441 4675 2672 4729 alterius
2720 4676 3111 4728 communione
3160 4670 3299 4725 illud
3352 4668 3500 4739 quod

1919 4781 2156 4836 quaeque
2186 4767 2473 4838 prOprium
2512 4767 2677 4821 habet
2705 4781 2896 4837 agere.
3006 4763 3196 4836 Neque
3223 4764 3370 4818 enim
3401 4762 3501 4816 hu-

1922 4873 2087 4913 mana
2120 4860 2445 4916 humanitus
2476 4859 2786 4923 eﬂiciebat,
2821 4875 2946 4913 cum
2981 4874 3158 4929 purus
3193 4856 3358 4911 homo
3394 4870 3501 4910 non

1922 4958 2112 5015 esset;
2168 4967 2270 5007 nec
2304 4967 2497 5007 rursus
2531 4952 2716 5006 divina
2749 4952 2938 5006 divino
2983 4950 3256 5005 duntaxat
3306 4948 3503 5012 modo,

1924 5042 2375 5114 quandoquidem
2407 5061 2516 5099 non
2550 5047 2729 5101 solum
2762 5042 2909 5097 Deus
2939 5050 3058 5097 erat
3079 5081 3095 5103 ,
3129 5042 3223 5096 sed
3254 5040 3400 5095 Dens
3431 5044 3503 5094 si—

1925 5134 2039 5189 mul
2070 5143 2125 5190 et
2173 5134 2356 5191 homo.
2388 5135 2524 5189 Nam
2570 5138 2648 5190 uti
2686 5144 3010 5190 naturarum
3053 5144 3169 5188 tum
3209 5134 3504 5196 unionem,

1927 5233 2040 5280 tum
2081 5228 2385 5280 naturalem
2425 5228 2839 5282 distinctionem
2876 5226 3180 5292 habemus,
3228 5226 3299 5279 ita
3339 5224 3506 5278 etiam

1928 5320 2263 5374 naturalium
2296 5321 2644 5375 voluntatum
2677 5329 2731 5374 et
2764 5320 3164 5388 operationum.

2001 5411 2282 5464 Aelianum
2310 5410 2510 5466 Christi
2538 5413 2745 5465 alterna
2773 5409 3203 5465 communicatio.
3233 5437 3300 5451 -—
3320 5408 3509 5480 Itaque

1930 5503 2219 5559 sciendum
2249 5515 2370 5569 est,
2404 5505 2460 5559 in
2493 5504 2725 5558 Domino
2760 5512 2957 5558 nostro
2989 5501 3116 5559 Jesu
3152 5500 3380 5558 Christo
3411 5518 3510 5559 nos

1931 5595 2208 5651 interdum
2234 5635 2249 5660 ,
2293 5604 2556 5667 tanquam
2599 5595 2666 5651 de
2696 5594 2912 5651 duabus
2949 5597 3168 5651 naturis
3197 5610 3511 5650 sermonem

1928 5686 2173 5749 habere,
2213 5687 2494 5743 interdum
2530 5698 2793 5756 tanquam
2828 5685 2898 5741 de
2946 5702 3052 5741 una
3103 5703 3382 5757 persona:
3431 5694 3510 5741 at-

1931 5794 2040 5851 que
2068 5779 2175 5835 hoc
2200 5786 2255 5836 ct
2282 5776 2421 5835 illud
2450 5775 2517 5832 ad
2544 5776 2803 5834 eumdem
2837 5791 3060 5834 sensum
3088 5778 3347 5834 refertur.
3375 5776 3512 5832 Nam
