3952 6548
518 378 659 447 ιιω

1790 372 2172 438 EUTHYMII
2216 374 2604 441 ZiGABENI.

3643 376 3762 443 Ῑῖὃθ

512 528 563 581 εἰ
597 523 720 580 dua:
751 532 966 580 naturae
992 539 1137 580 unus
1169 522 1431 579 Christus
1465 529 1590 590 est;
1633 532 1686 578 et
1737 540 1882 579 unus
1925 522 2091 579 Chri-

2216 537 2285 591 ἱύο
2320 534 2512 605 φύσεις
2532 531 2649 587 ἐστί
2670 550 2683 563 ·
2714 532 2913 587 ταύτὸν
2959 526 3052 587 οῦν
3082 531 3228 585 ἔστιν
3270 532 3447 584 εἰπεῖν
3470 548 3482 561 ο
3518 531 3764 601 ἐνεργείό

513 622 669 681 stus,
705 617 827 673 dure
877 626 1107 672 naturae.
1161 615 1351 686 Itaque
1399 616 1627 672 dicere:
1664 616 1789 688 Agit
1838 617 2094 691 Christus

513 709 818 765 secundum
875 718 1169 779 utramque
1224 716 1518 777 naturam;
1571 709 1803 780 perinde
1857 719 1978 774 est,
2032 725 2096 765 ac

514 810 637 853 Cum
692 799 936 853 dicimus
974 817 986 853 :
1022 800 1148 869 Agit
1208 808 1445 870 utraque
1500 808 1698 855 natura
1768 800 1821 854 in
1872 800 2097 856 Christo

514 903 638 943 cum
682 888 913 945 alterius
958 892 1368 946 communione:
1417 891 1601 958 Quare
1644 891 1834 947 divina
1874 891 2095 963 quidem

514 986 713 1034 natura
743 996 809 1036 eo
842 982 1066 1036 nomine
1100 998 1226 1036 cum
1273 999 1440 1038 carne
1480 991 1745 1052 Operaute
1789 985 2100 1039 communi-

515 1079 639 1138 cat,
672 1072 819 1141 quod
850 1088 982 1128 caro
1011 1072 1214 1130 divinae
1243 1077 1543 1131 voluntatis
1576 1077 1945 1147 beneplacito,
1980 1090 2101 1147 qum

515 1163 621 1234 ipsi
666 1166 891 1236 pr0pria
922 1175 1101 1231 sunt,
1128 1168 1245 1237 pati
1279 1178 1331 1223 et
1367 1183 1531 1238 agere
1571 1170 1808 1235 sinatur,
1844 1169 2102 1240 quodque

515 1258 703 1337 carnis
734 1260 882 1333 actio
909 1275 1141 1329 prorsus
1175 1260 1463 1315 salutifera
1508 1261 1626 1325 sit;
1682 1261 1734 1315 id
1791 1263 1936 1331 quod
1991 1277 2099 1316 non

515 1352 812 1415 humanae,
855 1352 948 1406 sed
986 1352 1181 1408 divina:
1214 1354 1403 1423 potius
1440 1353 1686 1409 actionis
1720 1362 1821 1407 est.
1868 1354 1936 1406 At
1969 1368 2102 1407 caro

516 1444 767 1500 vicissim
797 1460 923 1500 cum
959 1455 1225 1517 operante
1252 1444 1419 1500 Verbi
1456 1446 1750 1500 divinitate
1790 1446 2104 1501 communi-

516 1532 685 1611 cabat
706 1574 720 1598 ,
752 1541 865 1588 tum
901 1536 1032 1603 quia
1066 1550 1165 1606 per
1195 1551 1403 1606 corpus
1433 1536 1605 1591 veluti
1634 1553 1729 1606 per
1765 1539 2105 1591 instrumen-

519 1630 635 1677 tum
668 1616 985 1694 quoddam,
1045 1625 1263 1681 divinas
1311 1626 1560 1681 actiones
1620 1626 1933 1693 emt-iebat;
1987 1639 2102 1683 tum

517 1714 653 1784 quia
680 1726 829 1773 unus
858 1714 1117 1788 idemque
1145 1727 1267 1773 erat
1290 1761 1303 1783 ,
1337 1721 1433 1790 qui
1480 1729 1533 1775 et
1565 1720 1753 1775 divino
1799 1722 2002 1787 simul,
2049 1729 2103 1776 et

520 1805 764 1863 humano
799 1809 962 1865 modo
996 1812 1353 1889 operabatur.

594 1896 747 1955 Mens
771 1900 1024 1964 humana,
1048 1916 1109 1957 ut
1138 1902 1307 1958 Verbo
1332 1907 1704 1964 communicet.
1727 1940 1795 1950 —
1819 1907 1977 1964 Scire
2009 1926 2104 1964 au-

519 1991 862 2045 temattinet
884 2032 897 2056 ,
934 2000 1188 2047 sanetam
1221 2007 1440 2066 quoque
1474 1998 1647 2068 ipsius
1869 2012 2102 2058 mentem

2194 628 2431 700 Χριστὸς
2492 627 2616 680 καθ’
2681 625 2951 697 ἑκατέραν
3012 625 3123 680 τῶν
3176 625 3341 680 αὑτοῦ
3400 624 3633 693 φύσεων,
3685 624 3765 676 καὶ

2196 721 2410 792 ἐνεργεῖ
2442 716 2679 789 ἑκατέρα
2718 717 2883 787 φύσις
2914 718 2970 772 ὲν
3004 715 3082 787 τῷ
3128 716 3353 787 Χριστῷ
3397 717 3536 782 μετὰ
3563 717 3657 785 τῆς
3682 716 3765 768 θα-

2196 814 2357 885 τέρου
2388 811 2692 871 κοινωνίας.
2762 810 3031 863 Κοινωνεί
3078 807 3260 863 τοίνυν
3289 810 3322 877 ἡ
3358 808 3457 878 μὲν
3478 808 3597 859 θεία
3626 805 3765 873 exist;

2197 908 2263 978 τῇ
2296 904 2459 975 σαρκὶ
2489 900 2790 973 ὲνεργούσῃ
2820 901 2910 954 διὰ
2950 900 3012 953 τὸ
3039 899 3258 971 εὐδοκία
3292 903 3390 970 τῆς
3444 899 3593 959 θείας
3623 898 3765 967 θελή-

2200 1012 2337 1058 σεως
2370 990 2819 1065 παραχωρεῖσθαι
2848 991 3080 1060 πάσχειν
3114 989 3209 1043 καὶ
3243 990 3508 1061 πράττειν
3535 988 3603 1041 τὰ
3645 987 3764 1053 fata,

2200 1086 2295 1140 καὶ
2321 1086 2410 1139 διὰ
2438 1085 2499 1139 τὸ
2524 1084 2621 1154 τὴν
2650 1083 2934 1153 ἐνέργειαν
2968 1082 3066 1153 τῆς
3100 1080 3307 1152 σαρκὸς
3347 1081 3569 1142 πάντως
3646 1076 3763 1134 εἶναι

2203 1179 2501 1248 σωτήριονσ
2536 1176 2674 1245 ὅπερ
2703 1174 2764 1226 οὐ
2796 1174 2896 1243 τῆς
2920 1172 3269 1243 ἀνθρωπίνης
3300 1172 3587 1244 ἐνεργείας
3615 1173 3759 1238 ἐστὶν,

2202 1268 2340 1321 ἀλλὰ
2368 1270 2483 1337 τῆς
2509 1265 2681 1327 θείας.
2724 1264 2791 1316 Ἦ
2840 1262 2897 1316 δὲ
2944 1262 3093 1333 σὰρξ
3119 1266 3186 1334 τῇ
3218 1262 3435 1332 θεότητι
3474 1262 3569 1315 τοῦ
3610 1263 3757 1330 Λόγου

2203 1356 2528 1428 ἐνεργούσῃ,
2551 1354 2641 1408 διὰ
2657 1373 2717 1408 τε
2751 1355 2811 1407 τὸ
2839 1354 2911 1418 ὡς
2943 1354 3009 1408 δι’
3032 1354 3267 1426 ὀργάνου
3294 1354 3387 1406 τοῦ
3416 1352 3661 1422 σώματος
3682 1356 3759 1417 τὰς

2204 1451 2351 1515 θείας
2410 1449 2749 1502 ἐκτελεῖσθαι
2798 1448 3123 1519 ἐνεργείας,
3182 1448 3276 1500 καὶ
3330 1447 3419 1500 διὰ.
3468 1446 3530 1498 τὸ
3574 1446 3664 1499 ἕνα
3695 1443 3758 1500 εί-

2205 1562 2293 1599 ναι
2348 1544 2441 1598 τὸν
2502 1540 2835 1614 ἐνεργοῦντα
2891 1540 3089 1604 θεῖκῶς
3130 1556 3194 1593 τε
3243 1539 3383 1611 ἅμα,
3430 1538 3528 1591 καὶ
3577 1537 3757 1609 ἀνθρω-

2206 1653 2400 1700 πινως.

2280 1900 2495 1956 Είδέναι
2538 1899 2595 1955 δὲ
2652 1898 2759 1969 χρὴ
2980 1896 3057 1961 ὡς
3097 1899 3125 1951 ό
3160 1895 3315 1964 ἆγιος
3352 1893 3521 1948 αὑτοῦ
3544 1892 3656 1957 νοῦς
3682 1890 3757 1946 καὶ

2207 1998 2305 2063 τὰς
2340 1993 2577 2066 φυσικὰς
2625 1990 2791 2044 αὐτοῦ
2834 1988 3051 2062 ἐνεργεῖ
3112 1987 3417 2058 ἐνεργείας,
3448 1987 3582 2040 νοῶν
3607 2004 3657 2038 τε
3681 1984 3755 2040 καὶ

522 2082 810 2137 naturales
843 2094 973 2138 suas
1005 2084 1257 2140 actiones
1308 2090 1558 2158 exsequi.
1606 2089 1742 2151 Nam
1794 2101 1848 2147 et
1902 2108 1961 2147 se
2010 2091 2105 2148 Dei

2216 2087 2493 2160 γινώσκων
2516 2079 2607 2138 ὅτι
2632 2084 2748 2138 ἔστι
2778 2080 2914 2136 Θεοῦ
2982 2076 3127 2145 νοῦς,
3185 2076 3280 2134 καὶ
3325 2082 3409 2135 ὅτι
3470 2079 3571 2134 ὑπὸ
3611 2080 3756 2149 πείσῃς

522 2180 761 2228 mentem
799 2186 963 2242 esse,
1006 2182 1174 2247 athe
1216 2179 1288 2233 ab
1337 2182 1598 2236 omnibus
1654 2183 1818 2239 rebus
1869 2185 2107 2243 conditis

2216 2182 2602 2256 προσκυνεῖται
2641 2177 2742 2247 τῆς
2774 2176 3032 2239 κτίσεως,
3059 2175 3155 2227 καὶ
3182 2174 3537 2245 μεμνημένος
3573 2173 3668 2226 τῶν
3685 2172 3755 2225 ἐπὶ

523 2260 746 2319 adorari
777 2266 990 2336 cogitat
1013 2277 1066 2323 et
1091 2271 1373 2340 agnoscit,
1403 2288 1465 2327 ac
1491 2288 1685 2328 eorum
1720 2292 1842 2344 qum
1871 2276 1923 2331 in
1962 2287 2107 2333 terra

2216 2272 2310 2346 τῆς
2338 2274 2441 2343 γῆς
2464 2268 2631 2324 αὑτοῦ
2656 2267 2953 2339 διατριϐῶν
2987 2284 3046 2319 τε
3089 2266 3185 2320 καὶ
3228 2262 3755 2341 παθῶν,γκοινωνεῖᾶι

526 2358 698 2426 gessit
731 2368 786 2412 et
828 2362 1090 2430 pertulit,
1127 2366 1472 2422 recordatur.
1507 2366 1779 2422 Caeterum
1811 2385 1937 2423 cum
1972 2388 2109 2443 ope-

2216 2366 2514 2439 ὲνεργούσῃ
2544 2365 2610 2435 τῇ
2659 2360 2754 2415 τοῦ
2809 2361 2985 2430 Λόγου
3014 2360 3251 2431 θεότητι,
3295 2360 3389 2414 καὶ
3415 2357 3661 2430 διε-δούσῃ
3683 2357 3753 2410 καὶ

526 2459 685 2505 rante
718 2448 881 2506 Verbi
918 2453 1159 2519 deitat‘e,
1197 2470 1307 2528 qua
1347 2466 1549 2512 cuncta
1595 2472 1864 2530 reguntur
1904 2471 1957 2517 et
2008 2479 2112 2534 gu-

528 2539 863 2617 bernantur,
913 2547 1326 2611 conununicat,
1381 2549 1569 2602 omnia
1622 2551 1978 2623 intelligens,
2015 2568 2113 2607 co-

528 2638 842 2699 gnoscens,
896 2639 952 2686 et
1006 2633 1448 2703 administrans,
1502 2654 1611 2694 non
1670 2648 1729 2694 ut
1781 2643 2013 2712 simplex
2060 2650 2113 2698 et

528 2718 675 2773 nuda
696 2722 851 2774 mens
888 2721 1149 2789 hominis,
1178 2723 1274 2779 sed
1308 2735 1367 2780 ut
1396 2743 1519 2798 quae
1552 2727 1661 2785 Deo
1695 2732 1996 2786 secundum
2019 2733 2115 2805 hy-

530 2812 806 2883 postasim
839 2815 993 2870 unita
1023 2817 1119 2884 sit,
1154 2817 1362 2888 Deique
1393 2836 1548 2877 mens
1580 2824 1829 2877 exsistat.

606 2902 940 2960 Theandrica
966 2906 1164 2962 Christi
1188 2910 1351 2965 actio.
1371 2910 1599 2965 —-Nihil
1631 2914 1795 2983 igitur
1820 2915 1965 2968 aliud
1993 2915 2116 2971 the-

532 2998 766 3054 andrica
799 3002 947 3056 actio
976 3001 1263 3071 declarat,
1292 3020 1460 3075 quam
1491 3006 1639 3077 quod
1668 3007 1777 3062 Deo
1805 3007 1953 3063 iacto
1976 3010 2116 3075 viro,

534 3090 643 3165 hoc
677 3098 763 3147 est
787 3132 802 3157 ,
835 3093 1129 3149 incarnato
1151 3132 1167 3156 .
1200 3096 1443 3152 humana
1475 3114 1709 3169 quaeque
1750 3100 1927 3169 ipsius
1971 3103 2118 3157 actio

2211 2456 2537 2529 κυϐερνώσῃ
2553 2455 2612 2508 τὸ
2649 2455 2781 2519 πᾶν,
2818 2451 2978 2519 νοῶν,
3014 2452 3108 2506 καὶ⁹
3132 2450 3557 2521 γινώσκων,κα“ι
3575 2450 3750 2511 διέπων,

2213 2553 2312 2622 οὑχ
2351 2551 2427 2613 ὼς
2493 2548 2648 2619 ψιλὸς
2696 2544 2989 2616 ἀνθρώπου
3049 2543 3196 2609 νοῦς,
3247 2540 3365 2598 ἀλλ’
3416 2542 3492 2607 ὡς
3523 2540 3630 2611 Θεῷ
3661 2538 3749 2594 καθ’

2217 2646 2519 2699 ὑπόστασιν
2555 2634 2856 2712 ἡνωμένος,
2887 2637 2983 2691 καὶ
3001 2634 3135 2691 Θεοῦ
3165 2635 3289 2700 νοῦς
3306 2634 3658 2708 χρηματίσας.

2288 2907 2464 2963 Τοῦτο
2485 2902 2577 2963 οὖν
2610 2906 2762 2978 δηλοῖ
2789 2907 2823 2976 ἡ
2859 2904 3151 2976 Οεανδρικὴ
3186 2903 3459 2973 ἐνέργεια,
3491 2905 3565 2958 ὅτι
3590 2902 3758 2974 ἁνδρω·

2220 3000 2406 3062 θέντος
2437 2998 2598 3062 Θεοῦ,
2630 2997 2799 3067 ἤγουν
2833 2995 3377 3066 ὲνανθρωπήσαντος,
3401 2996 3495 3047 καὶ
3523 2997 3554 3065 ἡ
3590 2993 3759 3063 ἀνθρω-

2222 3092 2355 3162 πίνη
2376 3090 2542 3145 αὐτοῦ
2571 3089 2822 3161 ἐνέργεια
2846 3087 2966 3141 θεία
2991 3083 3082 3155 ἦν,
3129 3087 3300 3156 ἧγουν
3342 3085 3661 3157 τεθεωμένη,
3689 3084 3763 3135 καὶ

532 3181 720 3238 divina
752 3192 904 3252 erat,
933 3186 1056 3241 sive
1082 3187 1341 3257 deiﬁcata
1361 3228 1380 3253 ,
1419 3205 1521 3247 nec
1547 3190 1747 3246 divinae
1780 3191 1957 3259 ipsius
1978 3207 2112 3261 .ope-

2223 3184 2323 3237 οὐκ
2347 3182 2574 3254 ἄμοιρος
2604 3181 2703 3251 τῆς
2731 3178 2883 3243 θείας
2924 3178 3092 3232 αὐτοῦ
3150 3178 3456 3249 ἐνεργείας,
3498 3182 3589 3231 καὶ
3616 3179 3646 3247 ἡ
3670 3175 3765 3227 Θεία

532 3275 767 3335 rationis
817 3291 1061 3346 expers:
1106 3293 1453 3350 rursumque
1503 3281 1693 3337 divina
1747 3282 1927 3351 ipsius
1976 3285 2112 3340 actio

2221 3274 2392 3341 αὑτοῦ
2419 3275 2671 3346 ἐνέργεια
2734 3273 2835 3349 οὐκ
2863 3272 3095 3342 ἄμοιρος
3125 3271 3229 3339 τῆς
3259 3270 3606 3340 ἀνθρωπίνης
3628 3266 3765 3321 αὑτοῦ

534 3363 792 3421 humanae
826 3368 1005 3438 ipsius
1040 3370 1284 3425 actionis
1319 3386 1518 3427 exsors
1557 3389 1666 3428 non
1706 3384 1868 3441 erat;
1920 3386 2111 3429 verum

530 3466 775 3529 utraque
831 3476 942 3516 una
994 3476 1122 3519 cum
1174 3462 1348 3519 altera
1400 3461 1886 3519 considerabatur.
1939 3461 2118 3520 Porro

528 3550 730 3611 modus
766 3550 860 3605 hic
904 3547 1169 3621 loquendi
1226 3546 1560 3617 περίφρασις
1623 3545 1845 3609 dicitur,
1893 3540 2116 3612 quando

526 3642 783 3717 quisduo
844 3640 1091 3713 quaedam
1178 3654 1287 3695 una
1362 3638 1604 3694 dictione
1688 3633 2104 3704 complectitur.

527 3733 1002 3806 Quemadmodum
1036 3732 1191 3795 enim
1244 3729 1612 3803 ignitilgiadii
1666 3726 1894 3783 incisam
1948 3738 2113 3780 unam

533 3830 828 3891 ustionem,
870 3836 1038 3898 atque
1094 3827 1330 3881 inustam
1385 3826 1689 3881 sectionem
1736 3820 1997 3883 dicimus,
2056 3824 2117 3871 et

534 3932 718 3977 tamen
747 3920 1049 3981 sectionem
1084 3917 1398 3973 distinctam
1431 3914 1499 3968 ab
1525 3912 1743 3969 ustione
1814 3924 1957 3975 esse,
1982 3922 2116 3964 uec-

531 3992 645 4079 non
674 4013 817 4068 alius
844 4010 1095 4079 aliusque
1126 4017 1335 4064 natura:
1360 4006 1660 4061 asserimus
1681 4020 1701 4072 ;
1738 4002 1878 4073 ignis
1912 4015 2115 4071 nempe

532 4105 832 4170 ustionem,
870 4117 936 4157 ac
971 4101 1098 4169 ferri
1128 4100 1424 4156 sectionem
1461 4114 1474 4152 :
1505 4098 1571 4152 ad
1598 4106 1853 4152 eumdem
1886 4094 2111 4151 modum

537 4193 915 4251 theandricam
936 4207 1099 4248 unam
1130 4190 1336 4248 Christi
1362 4188 1631 4246 actionem
1660 4187 1906 4243 dicentes
1926 4225 1944 4251 ,
1981 4187 2118 4253 duas

536 4286 822 4343 ambarum
861 4284 1034 4356 ipsius
1061 4293 1388 4339 naturarum
1442 4281 1689 4337 actiones
1720 4279 2114 4350 intelligimus;

536 4376 842 4436 divinitatis
893 4375 1153 4431 videlicet
1205 4374 1377 4443 ipsius
1438 4371 1703 4447 divinam,
1758 4370 2119 4427 humanitatis

532 4479 721 4532 autem
761 4469 1057 4535 humanam
1089 4468 1384 4524 actionem.

536 4673 679 4736 lunt
710 4674 960 4731 adversus
989 4671 1397 4798 Ιοηοιιιῖῑεῶω.
1457 4667 1543 4726 Ex
1574 4668 1698 4725 aliis
1761 4669 1984 4727 diuersis
2013 4668 2125 4725 Pa-

1244 4760 1269 4797 r
1328 4758 1412 4798 us.

1244 4758 1412 4798 ηωιε.

610 4930 881 5000 Quoniam
921 4945 1042 5001 quae
1061 4939 1187 4985 sunt
1221 4927 1429 4984 Christi
1462 4938 1694 4993 naturae,
1760 4930 1899 4983 duas
1960 4926 2127 4989 etiam

537 5025 716 5097 ipsius
747 5025 1024 5079 naturales
1054 5023 1386 5087 voluntates,
1408 5030 1463 5077 et
1485 5022 1622 5077 duas
1700 5019 1981 5076 naturales
2027 5035 2125 5075 ao-

543 5119 720 5173 tiones
744 5114 1009 5182 dicimus;
1043 5128 1278 5185 utraque
1318 5116 1462 5169 enim
1501 5115 1669 5184 ipsius
1701 5122 1894 5169 natura
1926 5122 1986 5169 et
2009 5113 2126 5169 vult

537 5220 597 5267 et
634 5210 767 5281 agit.
800 5208 956 5279 Quod
978 5208 1124 5264 enim
1160 5208 1372 5263 ratione
1404 5207 1843 5277 praediturtnest,
1877 5206 1929 5261 id
1993 5206 2129 5262 iibe-

544 5320 667 5359 ram
697 5303 867 5369 habet
893 5300 1105 5359 volendi
1160 5300 1465 5374 agendique
1526 5299 1864 5356 facultatem.
1926 5298 2124 5355 Verum

543 5396 809 5466 quoniam
881 5409 988 5448 una
1022 5402 1106 5450 est
1131 5400 1446 5448 naturarum
1494 5391 1612 5459 ejus
1642 5406 1899 5462 persona,
1957 5406 2121 5446 unum

541 5491 711 5547 etiam
741 5489 917 5560 ipsum
947 5502 1066 5543 esse
1082 5486 1342 5549 dicimus,
1368 5484 1461 5554 qui
1507 5499 1576 5540 ex
1634 5496 1869 5552 utraque
1930 5492 2122 5536 natura

542 5590 602 5638 et
641 5580 757 5636 vult
785 5589 840 5635 et
862 5579 979 5650 agit
1008 5578 1353 5634 naturaliter.
1403 5578 1484 5631 Ac
1537 5573 1996 5645 quemadmodum
2055 5588 2121 5628 ex

545 5672 738 5729 eadem
768 5670 889 5727 fidei
957 5670 1168 5727 ratione
1194 5685 1354 5725 unam
1399 5677 1454 5725 et
1500 5667 1747 5723 eamdem
1815 5666 1868 5720 iu
1939 5676 2125 5733 sancta

548 5764 820 5822 Trinitate
866 5772 983 5820 tum
1042 5764 1365 5827 voluntatis,
1409 5771 1521 5817 tum
1575 5759 1809 5815 actionis
1861 5761 2127 5814 rationem

557 5856 794 5916 dicimus
827 5874 844 5917 :
876 5856 955 5916 sic
980 5865 1032 5915 et
1067 5856 1124 5915 in
1151 5856 1334 5914 divina
1368 5852 1729 5910 immanitatis
1753 5850 2129 5923 assumptione

2151 4576 2199 4635 D

2214 3370 2528 3438 ἐνεργείας,
2560 3366 2680 3421 ἀλλ’
2705 3364 2945 3437 ἑκατέρα
2990 3364 3089 3417 σὺν
3135 3367 3201 3434 τῇ
3237 3364 3402 3435 ἑτέρᾳ
3431 3360 3766 3432 θεωρουμένη.

2222 3461 2462 3529 Λέγεται
2492 3462 2551 3515 δὲ
2581 3464 2610 3515 ὁ
2637 3460 2839 3532 τρόπος
2866 3453 3023 3522 οὗτος
3055 3456 3409 3528 περίφρασις,
3440 3456 3571 3510 ὅταν
3599 3470 3675 3517 τις
3698 3450 3771 3504 δύο

2211 3559 2343 3614 τινὰ
2376 3558 2469 3613 ὕιὰ
2502 3559 2637 3629 μιᾶς
2693 3558 2968 3631 περιλάϐῃ
2994 3565 3222 3624 λέξεως,
3270 3557 3487 3627 Ὠσπερ
3531 3556 3625 3609 καὶ
3663 3555 3770 3622 μίαν

2208 3650 2325 3724 τὴν
2346 3652 2705 3722 τετμημένην
2753 3647 2950 3705 καῦσιν
2992 3650 3251 3721 λέγομεν,
3276 3650 3372 3704 καὶ
3399 3647 3501 3718 τὴν
3530 3643 3775 3714 κεκαυμέ-

2216 3762 2317 3815 νην
2365 3745 2542 3816 τομὴν
2592 3745 2693 3812 τῆς
2730 3738 3252 3813 πεπυρακτωμένης
3280 3742 3591 3813 μαχαίρας,
3632 3740 3774 3807 ἄλλην

2212 3836 2274 3891 δὲ
2302 3836 2584 3907 ἐνέργειαν
2609 3853 2791 3906 φαμεν
2807 3836 2905 3906 τὴν
2924 3835 3121 3906 τομὴν,
3143 3836 3238 3888 καὶ
3257 3833 3427 3903 ἄλλην
3452 3832 3553 3903 τὴν
3575 3830 3769 3891 καῦσιν,

2223 3930 2320 3983 καὶ
2349 3929 2518 4001 ἄλλης
2565 3930 2660 3982 καὶ
2694 3928 2867 3999 ἄλλης
2901 3928 3143 3997 φύσεως,
3191 3926 3289 3980 τοῦ
3319 3927 3422 3996 μὲν
3477 3924 3645 3997 πυρός
3692 3923 3777 3990 τὴν

2222 4019 2445 4086 καῦσιν,
2485 4020 2580 4072 τοῦ
2635 4020 2695 4073 δὲ
2722 4020 2953 4091 σιδήρου
3001 4019 3326 4089 τὴνντομὴν,
3376 4016 3524 4071 οὕτω
3555 4016 3645 4070 καὶ
3668 4014 3777 4084 μίαν

2212 4112 2317 4166 τοῦ
2340 4112 2580 4182 Χριστοῦ
2598 4111 2926 4182 θεανδρικὴν
2952 4110 3242 4182 ἐνέργειαν
3270 4108 3552 4179 λέγοντες,
3583 4107 3672 4162 δύο
3694 4107 3775 4166 τὰς

2212 4203 2513 4274 ἐνεργείας
2540 4202 2777 4272 νοοῦμεν
2803 4204 2914 4257 τῶν
2964 4204 3062 4257 δύο
3085 4204 3305 4273 φύσεων
3351 4201 3547 4264 αὐτοῦ.
3572 4201 3664 4268 τῆς
3693 4197 3773 4267 μὲν

2225 4294 2486 4363 θεότητος
2538 4293 2730 4355 αὑτοῦ,
2779 4294 2881 4365 τὴν
2914 4293 3087 4359 θείαν,
3127 4294 3229 4363 τῆς
3280 4293 3339 4347 δὲ
3372 4291 3774 4364 ἁνθρωπότητσς

2218 4384 2415 4451 αὐτοῦ,
2451 4385 2553 4456 τὴν
2582 4383 2937 4455 ἀνθρωπίνην
2962 4385 3275 4455 ἐνέργειαν.

2231 4675 2367 4731 Ἔτι
2411 4675 2565 4732 κατὰ
2598 4673 3042 4799 Mor-003.111?
3097 4672 3317 4744 ἐτέρων
3358 4671 3637 4742 Πατέρωγ
3676 4669 3779 4723 δια-

2916 4763 2958 4799 ω
2995 4763 3136 4799 οων.

2916 4763 3136 4816 smper.

2314 4922 2468 4977 Ἐπεὶ
2501 4920 2602 4981 δύο
2623 4921 2821 4991 φύσεις
2857 4919 2953 4973 τοῦ
2989 4916 3252 4990 Χριστοῦ,
3293 4917 3389 4972 δύο
3414 4917 3586 4972 αὐτοῦ
3612 4916 3700 4971 καὶ
3725 4911 3779 4966 τὰ

2232 5016 2445 5083 φυσικὰ
2485 5015 2796 5085 θελήματα,
2839 5012 2937 5068 καὶ
2975 5012 3076 5076 τὰς
3109 5010 3349 5079 φυσικὰς
3384 5009 3665 5081 ἐνεργείας
3712 5005 3784 5059 λέ-

2232 5122 2423 5176 γομεν.
2484 5106 2759 5176 Ἐκατέρα
2783 5103 3078 5173 γὰραὺτοῦ
3124 5103 3288 5171 φύσις
3344 5101 3607 5171 θελητική
3626 5116 3681 5153 τε
3707 5097 3787 5152 καὶ

2232 5200 2585 5269 ὲνεργητική.
2648 5197 2764 5251 Πᾶν
2793 5198 2895 5268 μὲν
2923 5196 3034 5268 γὰρ
3063 5195 3282 5264 λογικὸν
3313 5193 3685 5269 αὐτεξούσιον,
3715 5190 3788 5243 θεν

2232 5294 2457 5364 λητικόν
2484 5311 2542 5345 τε
2571 5292 2665 5345 καὶ
2692 5291 3072 5363 ἐνεργητικόν.
3114 5290 3272 5344 Ἐπεὶ
3293 5289 3349 5342 δὲ
3380 5290 3482 5359 μία
3511 5289 3617 5342 τῶν
3644 5282 3789 5339 αὑτοῦ

2234 5387 2453 5457 φύσεων
2489 5388 2522 5457 ἠ
2552 5386 2875 5450 ὑπόστασις,
2907 5385 3004 5440 ἕνα
3034 5385 3130 5437 καὶ
3175 5384 3268 5438 τὸν
3317 5382 3483 5436 αὐτόν
3518 5397 3691 5450 φαμεν
3718 5377 3791 5429 θέο

2233 5481 2397 5536 λοντά
2440 5496 2499 5533 τε
2554 5478 2651 5533 καὶ
2709 5477 3038 5549 ἐνεργοῦντα
3094 5476 3342 5545 φυσικῶς
3388 5474 3513 5530 καθ’
3546 5472 3791 5537 ἑκατέραν

2232 5571 2343 5624 τῶν
2368 5573 2607 5640 φύσεων.
2643 5570 2859 5639 ’Ὠσπερ
2884 5570 2943 5623 δὲ
2994 5570 3089 5622 ἐπὶ
3115 5568 3215 5638 τῆς
3242 5566 3411 5635 ἁγίας
3441 5564 3665 5637 Τριάδος
3706 5558 3788 5628 τὴν

2234 5664 2543 5733 ταυτότητα
2579 5662 2675 5716 τοῦ
2706 5678 2766 5715 τε
2800 5662 3110 5731 θελήματος
3138 5663 3234 5713 καὶ
3264 5662 3364 5731 τῆς
3417 5655 3688 5728 ἐνεργείας
3733 5650 3783 5701 ἐκ

2232 5755 2332 5827 τῆς
2372 5754 2704 5826 ταυτότητος
2758 5757 2857 5825 τῆς
2891 5753 3109 5823 φύσεως
3154 5749 3614 5819 ὲπιγινώσκομεν·
3660 5740 3779 5796 οὕτω

2235 5850 2327 5905 καὶ
2360 5849 2455 5902 ἐπὶ
2512 5849 2614 5918 τῆς
2648 5849 2797 5914 θείας
2858 5847 3331 5919 ἐνανθρωπήσεως
3400 5844 3503 5912 τὴν
3544 5830 3812 5909 διαφορῖιν’
