3952 6556
226 385 357 450 lilii

1186 386 1569 450 PANOPLIA
1610 386 2149 453 DOGMATICA.-
2187 393 2334 455 TIT.
2370 395 2531 459 XXI.

3361 400 3495 465 ill-2

220 499 321 551 τοῦ
352 513 412 549 τε
445 496 750 567 θελήματος
767 498 863 551 καὶ
892 497 994 565 τῆς
1023 497 1306 570 ἐνεργείας
1325 502 1389 553 ἐκ
1413 502 1510 571 τῆς
1541 502 1782 572 διαφορᾶ.

1912 505 2212 561 voluntatis
2280 517 2337 564 et
2396 508 2630 565 actionis
2695 508 3060 566 dill'erentiam
3097 527 3165 568 ex
3236 514 3492 571 diﬂcrcn-

217 591 331 642 τῶν
367 590 584 657 φύσεων
618 590 978 660 γνωρίζομεν
1006 584 1082 645 ὧν
1110 592 1218 662 γὰρ
1248 595 1280 663 ἡ
1308 594 1444 665 αὑτὴ
1469 594 1655 663 φύσις,
1684 595 1802 648 τούς

218 700 329 736 των
363 684 457 736 καὶ
486 684 519 752 ή
559 683 695 750 αὑτὴ
733 682 972 753 θέλησις,
1009 684 1103 736 καὶ
1133 685 1406 755 ἐνέργεια.
1466 681 1567 739 Ὧν
1604 687 1660 740 δὲ
1690 687 1802 740 διά-

220 789 389 843 φορος
422 776 456 842 ἡ
490 772 674 842 φύσις,
704 772 913 827 τούτων
951 775 1212 845 διάφορος
1264 778 1358 830 καὶ
1416 778 1663 849 θέλησις,
1703 781 1800 833 καὶ

224 865 728 933 ἑνέργεια.Φυσικὰ
754 866 835 930 δὲ,
862 866 958 921 καὶ
978 868 1076 938 οὐχ
1109 870 1471 935 ὑποστατικὰ,
1497 871 1615 924 οὐδὲ
1638 888 1802 941 προσ-

220 957 411 1008 ωπικὰ
438 957 559 1010 οὐδὲ
588 958 844 1029 γιωμικά
878 976 1062 1028 φαμεν
1082 963 1240 1013 ταυτὶ
1265 962 1331 1013 τὰ
1369 961 1648 1032 θελήματα
1706 966 1800 1017 καὶ

217 1049 319 1111 τὰς
348 1048 651 1118 ἐνεργείας.
682 1049 841 1117 Λέγω
863 1050 919 1102 δὲ
946 1050 1077 1121 μίαν
1118 1052 1214 1121 τὴν
1248 1050 1541 1123 θελητικήν
1591 1070 1650 1106 τε
1704 1056 1800 1107 καὶ

216 1140 585 1211 ἐνεργητικὴν
604 1140 858 1211 δύναμιν,
885 1141 977 1195 ἐπὶ
1004 1143 1103 1212 μὲν
1127 1145 1223 1212 τῆς
1246 1144 1407 1212 ἁγίας
1438 1144 1688 1214 Τριάδος,
1713 1147 1799 1200 ἵνα

219 1233 297 1303 μὴ
348 1234 683 1304 ἑτεροθελεῖς
711 1235 801 1286 καὶ
835 1235 1236 1308 ἐτεροενεργεϊς
1258 1238 1357 1300 τὰς
1387 1241 1538 1308 τρεῖς
1563 1240 1801 1294 ὑποστά-

216 1339 333 1384 σεις
394 1325 572 1376 εἰπεῖν
602 1325 1060 1394 ἀναγκασθῶμεν,
1111 1328 1206 1380 ἐπὶ
1237 1327 1294 1380 δὲ
1326 1329 1423 1399 τῆς
1458 1328 1611 1393 θείας
1641 1331 1799 1384 ἐναν-

215 1412 559 1484 θρωπήσεως
588 1414 805 1484 διπλῆν,
838 1414 926 1468 ἵνα
952 1416 1028 1487 μὴ
1058 1417 1525 1486 ἑτερτιῦπόςτατον
1546 1420 1605 1472 τὸ
1624 1423 1799 1490 πρόσ-

224 1505 427 1574 λημμα
483 1504 667 1573 λέγειν
696 1505 959 1576 δόξωμεν,
994 1510 1088 1560 καὶ
1125 1509 1220 1561 δύο
1263 1510 1797 1582 συνομολογήσωμεν

212 1597 548 1660 ὑποστάσεις
575 1599 633 1650 ἐν
658 1598 737 1668 τῷ
768 1600 848 1651 ἑνὶ
874 1600 1120 1671 Χριστῷ.
1156 1602 1228 1654 Τὸ
1258 1603 1366 1673 γὰρ
1396 1604 1795 1673 ὑποστατικὸν,

209 1688 245 1759 ἤ
267 1688 689 1759 προσωπικδν,ἢ
716 1692 985 1761 γνωμικὸν
1000 1692 1213 1763 θέλημα
1230 1695 1631 1750 ίδιοῦποστάτου
1652 1698 1796 1750 ἐστὶν

214 1781 446 1848 ἀτόμου.
478 1781 535 1833 Ὀ
555 1782 796 1849 δὲΛόγος
828 1785 924 1837 καὶ
952 1784 1085 1848 Θεὸς
1118 1785 1281 1853 φύσιν
1317 1788 1417 1857 μὲν
1452 1788 1666 1843 τελείαν
1699 1792 1793 1843 ἀν·

211 1872 439 1941 θρώπου
478 1874 870 1943 προσελάϐετο,
910 1877 1213 1941 ὑπόστασις
1269 1880 1329 1931 δὲ
1372 1880 1534 1943 αὐτὸς
1573 1881 1792 1950 ἐγένετο

205 1964 286 2033 τῷ
336 1964 755 2035 προσλήμμοιτι.
818 1967 1087 2040 Καθάπερ
1130 1970 1186 2023 δὲ
1237 1970 1297 2023 τὸ
1347 1973 1643 2043 πρόϐλημα
1698 1973 1792 2026 καὶ

208 2057 498 2122 τεθέωται,
537 2059 632 2112 καὶ
689 2059 990 2130 μεταϐολὴν
1017 2062 1079 2114 οὐ
1115 2064 1351 2116 πέπονθε
1385 2065 1483 2135 τῆς
1520 2065 1657 2128 ἰδίας
1685 2067 1790 2133 φύ-

206 2164 373 2211 σεως
432 2148 579 2202 οὕτω
626 2151 719 2202 καὶ
749 2151 811 2204 τὸ
844 2151 1058 2222 θέλημα
1113 2156 1205 2207 καὶ
1245 2156 1277 2226 ὴ
1308 2156 1564 2226 ἐνέργεια
1597 2156 1788 2210 τούτου

204 2240 305 2293 καὶ
345 2240 657 2309 τεθέωνται,
687 2242 921 2297 καὶτῶν
963 2244 1107 2299 ἰδίων
1148 2246 1246 2300 οὐκ
1274 2248 1575 2319 ἐξέστησαν
1618 2251 1785 2321 ὅρων.

285 2379 455 2432 Ἀλλο
498 2378 723 2449 θέλησις
769 2381 999 2451 κυρίως,
1058 2383 1153 2435 καὶ
1210 2382 1339 2437 ἄλλο
1387 2384 1665 2455 βούλησις,
1694 2387 1788 2439 καὶ

202 2471 334 2525 ἄλλο
369 2471 614 2542 θελητὸν,
647 2474 742 2526 καὶ
767 2473 894 2527 ἄλλο
927 2474 1239 2545 θελητικὸν,
1287 2475 1381 2528 καὶ
1424 2476 1614 2545 ἕτερον
1640 2478 1667 2529 ό
1696 2476 1785 2529 θέ-

202 2563 336 2616 λων.
369 2563 602 2634 Θέλησις
633 2565 732 2634 μὲν
755 2566 863 2634 γὰρ
895 2568 928 2636 ή
954 2566 1049 2617 τοῦ
1102 2566 1286 2630 ἁπλῶς
1322 2567 1496 2620 θέλειν
1531 2569 1785 2635 δύναμις,

202 2656 347 2726 ὅπερ
388 2656 506 2709 ἐστὶ
551 2656 768 2725 φύσεως
821 2656 916 2709 καὶ
979 2657 1289 2712 καθολικόν.
1332 2658 1571 2729 Θελητὸν
1613 2659 1671 2713 δὲ
1721 2661 1786 2714 τὸ

204 2751 275 2818 τῇ
310 2746 532 2818 θελήσει
583 2748 896 2802 ὑποπίπτον
952 2750 1208 2821 πρᾶγμα,
1266 2750 1562 2820 Θελητικδν
1612 2752 1670 2805 δὲ
1727 2755 1787 2806 τὸ

203 2840 331 2907 ἔχον
374 2840 473 2908 τὴν
523 2840 814 2911 θελητικὴν
840 2838 1092 2910 δύναμιν,
1156 2837 1269 2895 οἷον
1299 2843 1327 2895 ό
1355 2844 1544 2907 ἁπλῶς
1569 2844 1783 2916 ἄνθρω-

202 2945 329 2988 πος.
360 2928 547 2982 Θέλων
598 2930 657 2982 δὲ
688 2932 717 2983 ό
743 2929 949 2983 τοιόσδε
981 2930 1291 3002 ἄνθρωπος,
1326 2934 1352 2984 ὁ
1385 2934 1669 3004 χρώμενος
1715 2937 1781 3004 τῇ

198 3020 383 3090 τοιᾷδε
423 3019 663 3092 θελήσει.

280 3309 350 3362 Ἢ
375 3309 615 3382 θέλησις,
636 3313 805 3384 ἤγουν
828 3315 888 3369 τὸ
907 3315 1034 3386 θέλη
1046 3332 1145 3383 μοι,
1164 3317 1293 3369 ποτὲ
1326 3319 1424 3384 μὲν
1453 3318 1549 3389 τήν
1566 3318 1782 3389 θελητι-

201 3400 306 3471 κὴν
338 3401 570 3471 δύναμιν
594 3404 771 3475 δηλοῖ,
836 3409 932 3461 καὶ
984 3408 1201 3476 λέγεται
1258 3408 1472 3477 θέλημα
1552 3412 1784 3477 φυσικὸν

198 3495 296 3546 καὶ
330 3495 639 3550 καθολικόγ*
693 3500 825 3551 ποτὲ
872 3499 929 3552 δὲ
976 3500 1036 3552 τὸ
1089 3500 1337 3571 θελητὸν,
1390 3503 1483 3555 καὶ
1534 3501 1780 3556 καλεῖται

195 3585 410 3656 θέλημα
438 3590 717 3659 γνωμικόν
739 3608 798 3644 τε
836 3593 931 3645 καὶ
962 3593 1150 3647 ίδικόν.

285 3724 414 3777 ’Ertl.
447 3728 545 3795 μὲν
567 3727 676 3780 τῶν
704 3727 1008 3800 ἀνθρώπων
1042 3730 1139 3801 μία
1179 3731 1279 3801 μὲν
1317 3734 1350 3804 ή
1381 3733 1585 3804 φυσικὴ
1625 3733 1779 3804 θέλη-

198 3831 311 3878 σις,
343 3817 479 3870 διότι
542 3820 638 3872 καὶ
666 3819 768 3890 μία
805 3822 1011 3875 τούτων
1057 3826 1089 3892 η
1123 3823 1305 3892 φύσις⁸
1355 3825 1548 3877 πολλαὶ
1593 3825 1649 3877 δὲ
1684 3827 1780 3879 καὶ

192 3908 442 3978 διάφοροι
472 3912 525 3964 ai
551 3915 848 3982 γνωμικαὶ,
881 3916 1062 3968 εῐτουν
1097 3917 1478 3971 ὑποστατικαί’
1514 3918 1648 3972 διότι
1682 3920 1778 3972 καὶ

194 4000 398 4055 πολλαὶ
454 4004 546 4056 καὶ
595 4004 844 4075 διάφοροι
876 4009 1081 4061 τούτων
1109 4010 1165 4061 αἱ
1221 4010 1546 4074 ὑποστάσεις
1595 4013 1687 4065 xui.
1716 4014 1772 4066 αἱ

198 4092 439 4164 γνῶμαι·
479 4095 571 4148 ἐπὶ
593 4096 651 4150 δὲ
680 4098 775 4150 τοῦ
806 4099 1065 4170 Χριστοῦ,
1086 4090 1274 4173 ἐπειδὴ
1314 4104 1415 4171 μὲν
1439 4105 1686 4173 διάφοροι
1716 4107 1771 4159 αἱ

199 4187 398 4255 φύσεις
448 4192 546 4260 τῆς
582 4209 641 4266 τε
677 4192 933 4264 θεότητος
978 4196 1142 4249 αὑτοῦ
1185 4200 1278 4250 καὶ
1331 4199 1772 4270 ἁνθρωπότητοε,

197 4276 450 4348 διάφοροι
484 4282 577 4333 καὶ
606 4285 659 4335 αἱ
709 4286 936 4352 φυσικαὶ
960 4284 1213 4355 θελήσεις
1253 4288 1454 4339 αὐτῶν·
1494 4289 1684 4359 ἐπειδὴ
1717 4289 1773 4341 δὲ

206 4370 309 4436 μξα
342 4372 549 4425 τούτων
580 4374 613 4443 ἡ
648 4375 968 4440 ὑπόστασις·
1004 4378 1099 4431 καὶ
1123 4372 1202 4441 εἷς
1228 4380 1256 4431 ὀ
1287 4379 1478 4444 θέλων,
1505 4379 1562 4433 ἓν
1587 4383 1682 4433 καὶ
1714 4380 1775 4433 τὸ

196 4461 413 4531 θέλημα
439 4464 667 4531 τούτων,
729 4467 825 4524 ἅτε
859 4470 950 4523 τοῦ
994 4471 1303 4540 κρείττονος
1359 4474 1770 4543 ὲκνικήσαντος,

1914 598 1985 652 tia
2018 599 2326 669 colligimus
2356 611 2693 657 naturarum.
2728 603 2971 669 Quorum
3014 608 3158 661 enim
3231 623 3338 661 nna
3399 618 3487 664 est

1913 699 2128 757 natura,
2175 707 2362 746 eorum
2402 709 2506 749 una
2542 704 2628 750 est
2681 706 2737 751 et
2797 696 3049 752 voluntas
3105 708 3157 753 et
3213 699 3357 754 actio
3392 710 3486 765 ;et

1911 796 2140 849 quorum
2178 793 2262 838 est
2297 791 2492 840 natura
2520 786 2760 854 diversa,
2790 802 2977 844 eorum
3017 800 3072 843 et
3120 789 3377 843 voluntas
3429 802 3487 844 et

1909 873 2051 927 actio
2082 872 2296 928 diversa
2333 884 2438 929 est.
2496 874 2819 933 Voluntates
2869 890 3048 933 autent
3117 889 3171 934 et
3238 881 3483 936 actiones

1914 981 2018 1020 non
2048 967 2115 1019 ad
2150 967 2518 1038 hypostasitn,
2551 981 2647 1024 aut
2677 986 2987 1038 personam,
3050 988 3342 1029 sensumve
3400 990 3483 1030 re-

1910 1057 2157 1115 ferimus.
2185 1059 2360 1114 Unam
2392 1077 2517 1119 vcro
2544 1063 2597 1118 in
2629 1075 2819 1119 sancta
2852 1065 3121 1122 Trinitate
3143 1068 3484 1123 voluntatem

1905 1154 1959 1198 et
1996 1144 2265 1200 actionem
2304 1147 2447 1212 dico,
2495 1164 2563 1203 ne
2595 1163 2855 1217 cogamur
2894 1152 3074 1206 dicere
3099 1162 3207 1207 tres
3232 1167 3490 1221 personas

1906 1235 2124 1291 diversa
2160 1237 2296 1292 velle
2347 1249 2509 1307 atque
2533 1254 2722 1311 agerc;
2759 1242 3027 1310 duplicem
3059 1254 3239 1299 autem
3266 1244 3319 1300 in
3355 1246 3493 1299 divi-

1907 1342 1979 1395 na
2007 1328 2360 1382 humanitatis
2412 1331 2807 1401 assumptione,
2867 1348 2937 1390 ne
2994 1338 3238 1392 diversas
3272 1339 3329 1392 in
3381 1355 3489 1393 υειο

1906 1415 2127 1473 Christo
2151 1421 2470 1488 hypostases
2511 1430 2564 1476 et
2605 1437 2871 1489 personas
2910 1428 3047 1482 duas
3103 1430 3486 1483 eonllteamur.

1910 1506 2170 1563 Voluntas
2194 1511 2363 1573 enim,
2393 1526 2514 1580 quae
2556 1512 2624 1568 ad
2674 1514 3036 1586 hypostasim,
3092 1527 3148 1574 et
3193 1535 3489 1590 personan.

1907 1613 2237 1669 sensumque
2262 1602 2516 1669 refertur,
2546 1608 2767 1676 propria
2810 1618 2896 1664 est
2947 1611 3178 1680 subjecti
3200 1613 3485 1673 individui.

1913 1688 2152 1745 Verbum
2189 1704 2370 1747 autem
2400 1705 2454 1749 et
2510 1695 2657 1752 Deus
2696 1709 2943 1756 naturam
2974 1703 3197 1773 quidem
3250 1707 3488 1766 hominis

1906 1782 2203 1851 perfectam
2234 1789 2570 1857 assumpsit,
2625 1790 2725 1846 sed
2754 1793 2802 1848 ei
2836 1793 2952 1862 ipse
2991 1811 3220 1866 persona
3259 1799 3383 1856 fuit.
3412 1788 3485 1860 At

1827 1863 1871 1918 Β
1903 1878 2359 1945 quemadmodum
2386 1892 2669 1945 assumpta
2704 1884 3017 1945 humanitas
3049 1890 3127 1945 sic
3179 1894 3352 1949 evasit
3381 1896 3477 1950 di-

1904 1969 2054 2031 vina,
2088 1977 2144 2020 nt
2169 1972 2401 2038 propriae
2420 1982 2627 2028 natura:
2655 1992 2762 2031 non
2790 1984 3026 2037 senserit
3081 1986 3435 2043 mutationem
3459 2006 3476 2043 :

1900 2062 1979 2115 sic
2021 2062 2138 2131 ejus
2168 2074 2223 2117 et
2252 2064 2503 2122 voluntas
2528 2077 2583 2124 et
2608 2072 2752 2128 actio
2777 2073 2847 2128 ita
2906 2089 3203 2135 evaserunt
3253 2082 3475 2150 divinae,

1902 2161 2011 2206 uta
2052 2156 2288 2225 propriis
2341 2160 2590 2217 terminis
2630 2178 2737 2219 non
2770 2170 3120 2228 recesserint.

1966 2379 2127 2436 Aliud
2159 2389 2243 2438 est
2267 2382 2542 2450 voluntas,
2562 2395 2617 2441 et
2671 2388 2821 2445 aliud
2876 2401 2962 2448 est
3024 2394 3369 2465 deliberatio,
3421 2412 3477 2456 et

1898 2472 2042 2527 aliud
2069 2483 2154 2529 est
2188 2489 2297 2540 res,
2339 2491 2511 2544 quam
2545 2479 2750 2550 aliquid
2794 2484 2927 2550 vult,
2951 2494 3006 2540 et.
3037 2487 3111 2553 id,
3138 2492 3285 2557 quod
3337 2496 3472 2559 vult,

1896 2572 1952 2619 et
1983 2566 2027 2618 is
2055 2565 2306 2633 quivult.
2369 2568 2631 2625 Voluntas
2670 2574 2813 2628 enim
2858 2576 3176 2646 simpliciter
3229 2592 3312 2637 est
3376 2600 3474 2639 vo-

1895 2655 2036 2711 lendi
2079 2659 2180 2724 vis,
2216 2674 2335 2728 qua
2360 2671 2567 2717 naturae
2588 2674 2670 2719 est
2716 2677 2769 2721 et
2791 2672 3116 2725 communis.
3142 2672 3472 2729 Deliberatio

1895 2760 2075 2802 autem
2111 2758 2196 2805 est
2231 2753 2350 2807 talis
2406 2762 2461 2808 et
2492 2755 2618 2810 talis
2647 2757 2919 2825 voluntas,
2953 2770 3009 2816 et
3052 2762 3120 2817 ad
3181 2779 3468 2835 personam

1895 2842 2153 2909 refertur,
2208 2855 2262 2899 et
2299 2847 2595 2915 singularis
2647 2861 2749 2905 est.
2784 2850 2892 2908 Res
2927 2866 3106 2910 autem
3155 2873 3317 2927 quam
3368 2860 3472 2915 ali-

1893 2933 2023 3001 quid
2049 2938 2187 3000 vult,
2222 2944 2306 2992 est
2343 2939 2607 2995 voluntati
2637 2942 2901 3011 subjecta;
2936 2946 2992 3002 id
3028 2954 3309 3019 veroquod
3332 2955 3470 3016 vult,

1891 3036 1975 3081 est
2004 3026 2146 3094 quod
2173 3028 2336 3083 habet
2367 3029 2577 3086 volendi
2612 3033 2949 3104 facultatem,
3015 3041 3248 3112 exempli
3295 3031 3481 3114 gratia'

1893 3118 2080 3173 homo.
2107 3126 2157 3175 ts
2188 3135 2373 3189 porro,
2406 3125 2499 3193 qui
2542 3126 2657 3180 vult
2699 3137 2781 3183 est
2816 3129 3014 3201 aliquis
3072 3131 3236 3190 homo
3280 3134 3478 3214 singu-j

1810 3214 1857 3276 α
1892 3206 2041 3275 laris,
2084 3210 2178 3280 qui
2210 3211 2392 3281 aliqua
2423 3215 2685 3285 singulari
2714 3219 2885 3274 utitur
2953 3223 3252 3281 voluntate.

1960 3341 2224 3401 Voluntas
2257 3348 2549 3417 aliquando
2587 3351 2856 3422 signiﬁcat
2886 3356 3098 3413 volendi
3130 3360 3475 3431 facultatem,“

1888 3443 1945 3488 et
1995 3435 2195 3489 dicitur
2242 3438 2491 3495 voluntas
2543 3444 2809 3499 naturalis
2880 3455 2935 3501 et
2966 3450 3470 3522 universalis;ali-

1886 3528 2107 3595 quando
2157 3540 2338 3583 autem
2373 3530 2448 3595 id,
2485 3534 2629 3600 quod
2665 3535 2934 3604 volumus,
2982 3550 3039 3595 et
3058 3543 3310 3602 voluntas
3333 3563 3471 3619 sena

1886 3618 2071 3672 tentiae
2102 3630 2264 3688 atque
2323 3620 2618 3691 singularis
2648 3627 2972 3696 appellatur.

1956 3753 2075 3808 Una
2121 3754 2174 3808 in
2222 3754 2538 3815 hominibus
2589 3762 2840 3819 voluntas
2883 3775 2963 3822 est
3014 3773 3295 3841 naturalis,
3329 3792 3466 3846 quo-

1886 3846 2034 3898 niam
2067 3848 2260 3903 horum
2288 3864 2392 3903 una
2435 3852 2565 3906 item
2600 3864 2685 3910 est
2714 3867 2934 3914 natura.
2974 3862 3152 3920 Multa:
3183 3878 3365 3925 autem
3401 3883 3463 3928 et

1884 3937 2114 3994 diversa:
2152 3942 2453 4006 sementim,
2486 3948 2742 4015 quoniam
2787 3951 2971 4008 multae
3010 3970 3137 4012 sunt
3168 3960 3333 4018 etiam
3369 3952 3465 4018 va?

1880 4029 2082 4099 rituque
2117 4047 2379 4100 personae.
2406 4036 2478 4090 At
2539 4037 2592 4093 in
2647 4039 2867 4098 Christo
2901 4047 3024 4114 quia
3079 4053 3309 4108 diversa:
3366 4034 3469 4111 nti--2

1884 4132 2016 4197 turre
2051 4132 2179 4178 sunt
2205 4125 2503 4184 divinitatis
2529 4138 2582 4185 et
2619 4131 2971 4194 humanitatis
3010 4140 3201 4210 ipsius,
3231 4145 3460 4206 diversa:

1878 4223 2006 4266 sunt
2065 4215 2231 4269 etiam
2291 4219 2566 4275 naturales
2617 4236 2803 4278 earum
2860 4230 3189 4290 voluntates.
3263 4236 3458 4295 Verum

1876 4301 2002 4369 quia
2035 4316 2136 4354 una
2185 4313 2266 4357 est
2294 4304 2509 4360 illarum
2557 4324 2811 4379 persona,
2855 4325 2910 4370 et
2976 4333 3113 4376 unus
3178 4324 3268 4392 qui
3326 4327 3459 4392 vult,

1880 4408 1985 4447 una
2044 4395 2204 4447 etiam
2228 4395 2474 4452 voluntas
2503 4407 2666 4469 atque
2694 4408 2962 4461 sententia
3020 4422 3122 4476 est,
3172 4430 3294 4470 cum
3364 4420 3453 4475 illa

1877 4497 1998 4551 qua:
2025 4484 2372 4551 praestantior
2399 4498 2484 4541 est
2530 4489 2716 4544 vincat
2759 4504 2813 4549 et
2842 4497 3175 4568 dominetur,
3218 4507 3453 4563 humana

194 4555 369 4625 ἤγουν
422 4557 704 4628 ἄρχοντος,
761 4564 856 4615 καὶ
911 4561 1004 4615 τοῦ
1063 4562 1405 4633 ἀνθρωπίνου
1469 4565 1772 4636 θελήματος

1897 4586 2057 4631 tutem
2099 4578 2354 4635 voluntas
2409 4582 2648 4638 divinam
2716 4598 2998 4658 sequatur,
3068 4603 3121 4647 et
3185 4612 3250 4652 ea
3327 4601 3456 4656 veht

192 4648 465 4718 ἑπομένου
496 4652 576 4721 τῷ
607 4652 755 4723 θείῳ,
814 4656 909 4709 καὶ
960 4655 1139 4709 ταῦτα
1187 4656 1460 4721 θέλοντος,
1495 4656 1532 4711 ἃ
1595 4662 1771 4712 ἐκεῖνο

193 4738 363 4795 θέλει.

279 4851 405 4904 Ἐπὶ
432 4854 566 4909 Θεοῦ
601 4858 818 4930 θέλησιν
845 4863 944 4933 μὲν
974 4864 1228 4938 λέγομεν,
1283 4868 1376 4921 καὶ
1405 4868 1622 4939 βουλὴν,
1649 4870 1769 4939 ήτοι

195 4942 478 5013 βούλησιν.
531 4949 759 5021 γνώμην
809 4956 866 5007 δὲ
945 4958 977 5028 ἢ
1025 4962 1345 5031 προαίρεσιν
1401 4963 1462 5015 οὐ
1511 4963 1765 5031 λέγομεν.

189 5034 393 5105 Γνώμη
420 5039 517 5106 μὲν
546 5043 653 5111 γὰρ
703 5045 895 5113 ἡμετὰ
933 5049 1031 5121 τὴν
1067 5054 1197 5123 περὶ
1244 5052 1337 5105 τοῦ
1397 5054 1765 5123 ἀγνοουμένου

188 5125 417 5196 ζήτησιν
462 5131 556 5182 καὶ
586 5133 765 5205 κρίσιν
791 5138 928 5207 πρὸς
957 5140 1015 5192 τὸ
1044 5142 1235 5211 κριθὲν
1267 5143 1530 5211 διάθεσις,
1557 5145 1678 5214 μεθ’
1697 5146 1764 5216 ἢν

185 5220 219 5286 ἠ
247 5217 571 5287 προαίρεσις
628 5222 967 5298 ὲκλεγομένη
1017 5232 1111 5283 καὶ
1147 5233 1447 5303 αἱρουμένη
1504 5233 1612 5298 πρὸ
1644 5234 1763 5286 ἑτέ-

186 5324 288 5379 ρου
318 5308 381 5361 τὸ
410 5309 621 5380 ἕτερον.
680 5311 737 5365 '0
760 5315 817 5367 δὲ
851 5317 982 5381 Θεὸς
1034 5321 1287 5395 ἀνενδεὴς
1340 5324 1439 5378 καὶ
1490 5324 1761 5393 σκέψεως,

182 5400 281 5452 καὶ
343 5399 628 5472 ζητήσεως
665 5443 681 5469 ,
758 5407 852 5459 καὶ
920 5410 1154 5483 ἐκλογῆς
1187 5454 1201 5480 ,
1272 5417 1446 5470 πάντα
1517 5416 1763 5486 φυσικῶς

180 5493 363 5557 εἰδώς.

252 5610 343 5662 Διὸ
372 5610 491 5663 οὐδὲ
518 5612 732 5686 βουλὴν,
774 5617 894 5688 ήτοι
921 5620 1227 5689 βούλευσιν,
1263 5623 1354 5677 ἐπὶ
1384 5624 1519 5680 Θεοῦ
1556 5645 1757 5699 φαμεν,

175 5701 225 5751 εί
274 5702 372 5753 καὶ
427 5702 924 5778 ἀνθρωποπρεπῶς
980 5710 1373 5784 βουλευόμενον
1429 5719 1758 5794 πολλάκιςή

176 5792 299 5845 θεία
340 5794 532 5865 Γραφὴ
580 5799 769 5853 τοῦτον
821 5804 1150 5873 ὑπογράφειο
1216 5808 1567 5882 Ποιήσωμεν
1624 5792 1755 5887 γὰρ,

458 5893 728 5957 ΡΑτιιοι.
768 5899 889 5963 GR.
928 5901 1170 5965 CXXX.

1875 4684 1996 4737 qua:
2031 4670 2229 4726 divinas
2271 4674 2485 4741 placent
2533 4675 2819 4733 voluntati.

1944 4877 2287 4935 Volnntatem
2331 4879 2538 4938 in'Deo
2570 4884 2823 4949 dicimus.
2865 4893 3190 4948 sententiam
3265 4906 3446 4955 autem

1871 4979 1963 5025 aut
2026 4972 2341 5027 electionem
2377 4990 2479 5030 non
2525 4976 2776 5035 dicimus.
2820 4981 3101 5041 Sententia
3168 4990 3313 5045 enim
3369 5002 3455 5051 est

1869 5070 1992 5131 post
2050 5064 2124 5117 rei
2181 5065 2442 5132 ignorata:
2508 5072 2864 5137 quaestionem
2944 5086 3107 5146 atque
3157 5080 3448 5151 judicium,

1870 5153 2081 5208 aﬂectio
2112 5170 2239 5226 erga
2273 5157 2401 5212 illud
2427 5162 2570 5229 quod
2602 5161 2657 5230 ju
2675 5164 2905 5220 iicatum
2967 5179 3073 5235 est,
3123 5186 3286 5239 quant
3358 5189 3451 5230 se-

1830 5300 1831 5303 η
1869 5244 2056 5311 quitur
2089 5245 2307 5312 electio,
2331 5263 2452 5316 quae
2483 5252 2726 5327 secernit
2786 5263 2838 5307 et
2871 5270 3039 5310 unum
3082 5258 3235 5314 alteri
3293 5270 3450 5317 ante-

1867 5338 2034 5405 ponit.
2076 5337 2184 5391 Dco
2216 5351 2394 5393 autem
2428 5356 2532 5396 non
2565 5353 2649 5399 est
2706 5359 2846 5415 opus
2877 5358 2936 5400 ut
2989 5351 3318 5417 consideret,
3353 5366 3449 5409 aut

1865 5425 2125 5496 inquirat,
2156 5438 2248 5484 aut
2280 5432 2462 5502 eligat,
2490 5448 2615 5487 cum
2673 5436 2854 5489 omnia
2910 5438 3048 5494 sciat
3103 5442 3443 5499 naturaliter.

1937 5630 2297 5696 Quamoorem
2330 5647 2430 5687 nec
2482 5636 2940 5694 consultationem
3017 5641 3070 5696 in
3136 5642 3241 5697 Deo
3288 5648 3447 5716 poni-

1864 5737 2003 5786 mus,
2048 5723 2174 5779 licet
2204 5738 2325 5778 eum
2352 5741 2492 5795 saepe
2516 5727 2809 5799 Scriptura:
2846 5732 3084 5789 humano
3118 5750 3271 5791 more
3310 5753 3445 5794 conv

1865 5817 2127 5875 sulentcm
2186 5818 2494 5876 describant
2533 5840 2545 5876 :
2580 5822 2868 5883 Faciamus
2897 5829 3061 5894 enim,
3100 5831 3295 5903 inquit,
3352 5835 3445 5889 ho-

2957 5925 3033 5982 37
