3846 6550
124 411 261 476 1165

1008 410 1382 470 PANOPLIA
1423 404 1881 467 DOGMATICA.
1923 428 1991 440 -
2027 404 2174 467 ΤΙΤ.
2219 404 2416 468 XXII.

3245 403 3380 470 1166

119 533 209 585 τοῦ
229 531 635 599 ὲντυπουμένου
664 527 725 580 τὺ
744 522 884 591 εἶδος
912 527 1001 580 διὰ
1037 528 1135 595 τῆς
1160 524 1463 596 ὲμφερείας
1497 525 1693 577 ἐναπο-

1822 518 1913 574 ιίιιε
1946 520 2175 575 formam
2219 535 2315 589 per
2346 516 2577 588 elligiem
2611 532 2924 589 expressam
2947 518 3001 573 ln
3021 532 3081 574 se
3114 520 3380 586 continet,

122 625 452 696 ματτομένη,
481 622 559 691 τῷ
582 622 828 691 διαφόρῳ
854 622 957 689 τῆς
989 620 1181 681 οὐσίας
1228 619 1376 672 κατὰ
1424 617 1525 688 τὴν
1554 615 1693 684 ὓλην

125 715 286 782 μόνον
344 712 807 781 παραλλάττουσα
843 725 857 740 ⁶
893 712 925 780 ἦ
956 712 1188 779 μίμησις
1215 708 1551 779 ἀρχετύπου,
1607 705 1702 759 καὶ

121 791 519 873 ἀπείκασμα,ἢ
551 802 748 873 τέχνης
773 801 1125 870 ἀποτέλεσμα
1166 800 1308 854 κατὰ
1341 799 1575 869 μίμησιν
1606 797 1699 849 τοῦ

121 894 429 967 ἀρχετύπου
457 894 892 965 είδοποιούμενον
927 897 991 964 τῇ
1019 894 1177 965 οὐσία
1199 891 1480 961 διαφέρον.

188 987 368 1041 Εξκὼν
379 989 600 1057 λέγεται
615 988 767 1058 παρά
781 988 840 1040 τὸ
858 988 1115 1041 ἐοικέναι.
1138 986 1300 1039 ’Ἄλλο
1318 984 1520 1053 φυσικὴ
1535 982 1703 1035 εἰκὼ-ι

128 1079 359 1132 καὶᾶλλο
379 1079 725 1149 μιμητικήοὴ
749 1078 848 1146 μὲν
868 1078 927 1130 οὐ
954 1076 1192 1147 φυσικὴν
1212 1076 1477 1145 διαφορὰν
1502 1074 1703 1143 ἔχουσα

131 1170 265 1241 πρὸς
292 1170 353 1223 τὸ
394 1169 593 1235 αἴτιον,
620 1168 1284 1237 ἀλλ’ύποστατικὴν,ὠςὸ
1304 1168 1431 1229 Υἰὸς
1454 1166 1589 1233 πρὸς
1614 1165 1705 1215 τὸν

126 1265 344 1334 Πατέρα
364 1279 378 1293 ⁸
412 1262 512 1332 μία
542 1262 641 1332 μὲν
664 1262 773 1331 γὰρ
826 1260 1034 1313 τούτων
1051 1259 1235 1328 φύσις,
1258 1258 1351 1311 δύο
1378 1258 1435 1310 δὲ
1463 1255 1703 1309 ὑποστά-

126 1377 238 1423 σεις
276 1376 289 1389 °
330 1360 363 1427 ἡ
398 1358 455 1411 δὲ
508 1355 817 1409 τούναντίον
876 1354 975 1423 οὐχ
1022 1350 1392 1419 ὑποστατικὴν
1438 1348 1700 1419 διαφορὰν

124 1454 320 1522 ἔχουσα
344 1451 483 1521 πρὸς
514 1448 575 1502 τὸ
604 1449 937 1518 ἀρχέτυπον,
964 1446 1103 1499 ἀλλά
1148 1446 1409 1514 φυσικὴν,
1465 1443 1540 1505 ὡς
1565 1443 1598 1511 ἡ
1625 1441 1704 1492 εἰ·

126 1546 236 1597 κὼν
262 1544 355 1597 τοῦ
393 1540 636 1613 Χριστοῦ
669 1540 812 1610 πρὸς
837 1538 932 1590 τὸν
960 1538 1219 1609 Χριστόν.
1279 1536 1393 1590 Μία
1468 1538 1566 1604 μὲν
1595 1534 1701 1603 γὰρ

124 1637 328 1691 τούτων
365 1637 700 1698 ὑπόστασις,⁴
725 1633 820 1685 δύο
846 1632 903 1685 δὲ
929 1631 1140 1701 φύσεις.
1193 1629 1360 1699 ’Ἄλλη
1393 1630 1502 1698 γὰρ
1541 1628 1704 1697 φύσις

126 1727 483 1799 ὑλογραφὶας,
512 1726 606 1779 καὶ
647 1724 781 1793 ἄλλη
840 1721 1089 1793 Χριστοῦ
1144 1723 1287 1776 κατὰ
1324 1722 1382 1777 τὸ
1420 1719 1701 1791 ἀνθρώπια

126 1837 235 1883 νον,
262 1819 387 1872 καο⁹
415 1817 444 1871 ὃ
483 1817 577 1871 καὶ
606 1817 1038 1887 περιγράφεται,
1100 1814 1193 1868 καὶ
1226 1814 1534 1884 ἀρχέτυπον
1563 1812 1707 1865 εἰκό-

125 1930 213 1973 νος
240 1910 585 1964 καθίσταται.
631 1908 754 1961 Ἐπὶ
815 1907 914 1980 μὲν
975 1906 1075 1974 τῆς
1137 1906 1445 1976 μιμητικῆς
1497 1903 1707 1965 εἰκόνος

126 2007 266 2058 κατά
284 2003 384 2072 τὴν
410 2003 576 2067 ἰδέαν,
607 2002 723 2072 ἦτοι
761 2000 973 2070 μορφὴν
1001 2002 1033 2069 ἡ
1078 2000 1365 2068 ὁμοίωσιςο
1396 1997 1489 2050 ἐπὶ
1525 1997 1582 2049 δὲ
1608 1995 1708 2064 τῆς

126 2097 367 2165 φυσικῆς
386 2096 527 2148 κατά
553 2096 648 2163 τὴν
679 2094 894 2158 οὐσίαν,
919 2094 1038 2164 ἢτοι
1083 2091 1312 2160 θεότητα
1336 2091 1369 2159 ἡ
1396 2089 1664 2155 ταυτότης
1690 2099 1705 2115 ⁸

127 2189 223 2240 καὶ
252 2190 347 2241 ἐπὶ
401 2188 501 2256 μὲν
535 2187 635 2254 τῆς
684 2188 946 2254 φυσικῆς,
1004 2183 1139 2236 διότι
1193 2182 1293 2252 μία
1351 2180 1517 2249 φύσις
1572 2178 1707 2231 Υίοῦ

127 2280 219 2332 καὶ
264 2276 496 2347 Πατρὸς,
541 2276 629 2330 διὰ.
674 2275 831 2329 τοῦτο
887 2290 986 2344 μια
1034 2275 1131 2328 καὶ
1171 2274 1540 2345 προσκύνησις
1582 2269 1711 2324 τού·

125 2388 270 2435 των,
332 2369 452 2424 ἀλλ’
505 2368 565 2421 ού
620 2368 715 2420 δύο
779 2369 921 2421 κατά
975 2367 1037 2418 τὸ
1089 2366 1349 2435 διάφορον
1413 2364 1523 2416 τῶν
1573 2363 1709 2415 ὐπο-

128 2463 370 2516 στάσεων
420 2477 435 2492 ο
516 2460 609 2513 ἐπὶ
669 2458 727 2512 δὲ
799 2459 899 2528 τῆς
980 2457 1329 2529 μιμητικῆς,
1388 2456 1526 2508 διότι
1611 2454 1709 2524 μία

126 2555 427 2615 ὑπόστασις
482 2551 691 2612 εἰκόνος
756 2548 998 2621 Χριστοῦ
1033 2590 1049 2615 ,
1086 2547 1183 2601 καὶ
1238 2547 1405 2600 αὐτοῦ
1444 2546 1707 2616 Χριστοῦ,

128 2644 229 2714 μία
308 2643 405 2695 καί.
485 2641 864 2714 προσκύνησις
945 2639 1184 2701 τούτων,
1284 2637 1399 2693 ἀλλ’
1472 2640 1536 2691 οὐ
1615 2639 1711 2693 δύο

126 2734 272 2789 κατὰ
306 2735 364 2787 τὸ
392 2734 649 2804 διάφορον
675 2733 782 2784 τῶν
808 2730 1045 2799 φύσεων.
1076 2730 1152 2782 Ού
1175 2730 1281 2799 γὰρ
1303 2729 1712 2788 ἰδιοῡπόστατός

129 2832 283 2881 ἐστιν
328 2828 361 2896 ἡ
410 2826 685 2896 μιμητικὴ
721 2822 906 2887 εἰκὼν,
942 2821 1080 2875 ἀλλὰ
1113 2822 1207 2873 τοῦ
1247 2822 1560 2890 ἀρχετύπου
1611 2821 1710 2890 τὴν

129 2921 429 2974 ὑπόστασιν
486 2917 663 2986 φέρει,
720 2917 813 2969 καὶ
861 2914 1004 2969 κατά
1036 2914 1242 2982 ταύτην
1304 2912 1472 2965 εἰκὼν
1538 2911 1708 2965 αὐτοῦ

128 3015 305 3064 ἐστιν.
340 3010 673 3063 ’Υπόστασιν
709 3008 765 3062 δὲ
790 3008 885 3061 νῦν
916 3008 1150 3077 λέγομεν
1184 3006 1245 3058 ού
1270 3006 1329 3057 τὸ
1358 3004 1549 3066 ἁπλῶς
1582 3006 1712 3072 ὑφε-

130 3101 296 3164 στὼς,
324 3099 634 3154 ἁλλόὑσίαν
673 3100 797 3154 τινὰ
830 3099 969 3166 μετὰ
1004 3099 1336 3167 ἰδιωμάτων,
1369 3096 1495 3149 καθ’
1516 3096 1554 3151 ὃ.
1579 3098 1711 3151 διας

1806 620 1861 668 et
1879 613 2130 673 essentia:
2162 612 2465 667 differentia
2498 626 2594 680 per
2624 612 2906 665 materiam
2931 619 3139 665 tantum
3171 613 3384 668 discre-

1807 719 1922 779 pat,
1962 706 2080 762 sive
2117 705 2443 774 exemplaris
2478 691 2720 759 imitatio.
2745 712 2799 759 et
2857 706 3227 771 adumbratio,
3267 707 3385 763 sive

1815 804 1951 855 artis
1988 814 2123 869 opus
2158 800 2299 867 quod
2336 799 2401 852 ad
2434 797 2764 864 exemplaris
2789 796 3150 854 imitationem
3166 813 3387 867 expres-

1808 904 1927 943 sum
1967 891 2202 944 rs:entia
2228 888 2426 941 dill'et't.

1880 980 2059 1052 Imago
2082 980 2297 1043 dicitur,
2319 980 2460 1048 quod
2490 982 2751 1043 imitetur.
2774 991 2827 1038 et
2852 981 3263 1047 similitudinem
3289 998 3385 1038 cx-

1807 1072 2028 1142 primat.
2057 1071 2239 1139 Imago
2270 1071 2527 1124 naturalis
2556 1070 2736 1126 diﬂ'ert
2761 1072 2829 1128 ab
2856 1072 3093 1143 imagine
3126 1091 3245 1145 qua:
3269 1086 3388 1130 arte

1808 1166 2053 1220 confecta
2083 1172 2199 1219 est:
2227 1163 2489 1218 naturalis
2520 1162 2665 1217 enim
2699 1178 2727 1216 a
2756 1178 2923 1220 causa
2950 1164 3114 1219 distat
3139 1181 3387 1234 persona:

1808 1256 2139 1322 differentia,
2174 1267 2232 1309 ut
2264 1254 2432 1310 Filius
2460 1271 2487 1307 ιι
2527 1253 2707 1321 Patre,
2741 1269 2976 1323 quorum
3014 1272 3118 1311 una
3185 1266 3385 1312 natura

1808 1364 1933 1404 cum
1985 1348 2074 1412 sit,
2115 1349 2235 1401 duae
2273 1358 2401 1402 sunt
2436 1361 2700 1417 personae.
2758 1348 2962 1402 Contra
3021 1364 3159 1405 vero
3209 1350 3389 1421 imago

1807 1450 1926 1497 arte
1955 1439 2208 1495 confecta
2240 1440 2513 1509 discrepat
2540 1440 2610 1493 ab
2642 1439 2938 1507 exemplari
3000 1454 3108 1495 non
3142 1456 3389 1508 persona:

1810 1531 2132 1595 differentia,
2170 1532 2261 1586 sed
2291 1539 2520 1596 natura,
2551 1547 2609 1586 ut
2641 1533 2817 1603 imago
2843 1532 3048 1587 Christi
3079 1548 3108 1587 a
3144 1531 3385 1589 Christo.

1811 1623 1928 1679 Una
1956 1623 2101 1678 enim
2132 1632 2218 1678 est
2250 1624 2486 1693 ipsorum
2524 1638 2778 1694 persona,
2838 1623 2933 1679 sed
2982 1632 3189 1679 natura:
3249 1625 3388 1680 dure.

1807 1719 1943 1774 Nam
1997 1718 2103 1774 alia
2136 1729 2220 1773 est
2287 1727 2480 1773 natura
2546 1719 2785 1776 materia:
2842 1719 3044 1776 ChriSIi
3102 1720 3391 1792 imaginem

1740 1849 1779 1903 Β
1808 1810 2119 1877 referentis,
2154 1810 2257 1866 alia
2286 1809 2489 1865 ChriSti
2521 1820 2788 1880 quatenus
2828 1811 2992 1867 homo
3014 1820 3119 1878 est,
3150 1821 3206 1868 et
3256 1828 3393 1881 quae

1813 1910 1974 1956 tenus
2001 1901 2350 1963 describitur,
2384 1909 2437 1954 et
2462 1900 2743 1969 exemplar
2789 1900 3043 1969 imaginis
3098 1904 3393 1959 constitui-

1814 2004 1921 2048 tur.
1956 1993 2136 2062 Atque
2171 1991 2425 2061 imaginis
2481 1990 2701 2059 quidem
2735 2000 2852 2046 arte
2879 1990 3145 2047 confecta:
3196 1993 3394 2048 simili-

1813 2087 1942 2140 tudo
1976 2086 2030 2138 in
2059 2084 2241 2155 specie
2281 2082 2525 2137 formave
2552 2081 2830 2137 consistit.
2862 2080 3134 2140 Naturalis
3200 2093 3386 2139 autem

1812 2179 1865 2233 in
1898 2177 2085 2233 eadem
2110 2174 2347 2232 essentia
2384 2188 2477 2228 seu
2541 2174 2870 2229 divinitate:
2925 2182 2979 2229 et
3036 2174 3089 2228 in
3158 2176 3395 2231 naturali

1810 2274 2055 2343 quidem,
2088 2268 2342 2340 quoniam
2378 2283 2482 2321 una
2510 2276 2593 2322 est
2650 2266 2770 2329 Eilii
2841 2267 3121 2338 Patrisque
3176 2278 3392 2335 natura,

1814 2362 2014 2418 idcirco
2040 2376 2145 2416 una
2172 2370 2254 2415 est
2288 2359 2456 2413 etiam
2495 2358 2688 2413 horum
2717 2360 2988 2426 adoratio,
3042 2376 3146 2414 non
3207 2372 3391 2429 autem

1811 2454 1932 2511 duae
1957 2463 2179 2523 prepter
2206 2451 2568 2515 dilIerentiam
2599 2467 2980 2521 personarum.
3053 2452 3112 2508 In
3145 2469 3207 2509 ea
3241 2469 3391 2520 vero,

1812 2560 1932 2614 qua:
1961 2545 2029 2599 ab
2064 2553 2181 2598 arte
2210 2543 2450 2611 profecta
2480 2550 2587 2605 est,
2619 2541 2872 2607 quoniam
2937 2558 3044 2597 una
3079 2552 3163 2597 est
3200 2542 3396 2613 imagi-

1814 2634 1898 2687 nis
1952 2631 2157 2686 Christi
2205 2639 2262 2686 et
2320 2630 2490 2700 ipsius
2542 2630 2750 2685 Christi
2792 2646 3043 2702 persona,
3115 2633 3235 2689 ideo
3287 2652 3394 2691 una

1812 2735 1897 2776 εει
1966 2723 2202 2789 ipsorum
2261 2722 2527 2785 adoratio,
2593 2737 2697 2777 non
2756 2733 2937 2781 autem
2999 2725 3119 2779 duae
3168 2737 3395 2797 propter

1812 2814 2168 2871 diﬂcrentiam
2207 2808 2547 2871 naturarum.
2576 2816 2762 2884 Imago
2790 2818 2936 2871 enim
2989 2830 3108 2875 arte
3141 2819 3392 2877 confecta

1814 2907 2018 2961 nullam
2067 2907 2230 2961 habet
2260 2908 2531 2975 propriam
2568 2922 2880 2976 personam,
2910 2910 3004 2966 sed
3059 2914 3394 2983 exemplaris

1814 3014 2098 3067 personam
2128 3000 2288 3068 gerit,
2324 3008 2543 3067 propter
2584 3016 2745 3069 quam
2806 3001 2983 3073 imago
3052 3004 3223 3074 ipsius
3286 3018 3392 3062 est.

1813 3091 2107 3145 Personam
2139 3090 2225 3144 hic
2264 3090 2569 3155 accipimus
2635 3107 2743 3148 non
2777 3108 2899 3162 qua:
2931 3095 3254 3165 simpliciter
3301 3113 3397 3166 per

126 3191 428 3263 χωρξζεται
484 3192 595 3243 τῶν
651 3189 940 3260 ὁμοειδῶν.
1008 3188 1082 3240 Τὸ
1118 3187 1249 3257 γοῦν
1303 3186 1706 3239 ἰδιοῦπόστατον

1822 3196 1876 3237 se
1907 3190 2140 3244 constat,
2187 3181 2282 3236 sed
2313 3184 2602 3237 essentiam
2640 3184 2930 3252 quamdam
2961 3200 3083 3241 cum
3148 3190 3398 3258 proprie-

124 3284 230 3337 οὐκ
264 3283 453 3349 εἰκὼν,
479 3283 595 3335 ἀλλ’
621 3276 954 3356 ἀρχέτυπον.

215 3556 285 3608 Ἦ
317 3555 416 3622 τῆς
439 3553 646 3615 εἰκόνος
684 3552 814 3621 τιμὴ
866 3552 960 3605 ἐπὶ
1008 3553 1069 3605 τὸ
1104 3553 1460 3622 πρωτότυπον
1490 3552 1709 3607 διαϐαί-

124 3666 233 3710 νει,
266 3647 361 3699 καὶ
408 3645 524 3698 ἐστι
557 3644 767 3697 τούτων
824 3642 926 3713 μία
976 3644 1355 3714 προσκύνησις
1408 3644 1497 3698 διὰ
1524 3644 1616 3698 τὸν
1651 3645 1709 3697 ὲν

122 3745 335 3813 ἀμφοῖν
362 3739 457 3792 ἕνα
495 3737 844 3809 χαρακτῆρα.

202 3830 411 3893 Παντὸς
432 3827 749 3899 μιμητικῶς
774 3827 1184 3897 εἰκονιζομὲνου
1201 3827 1297 3897 οὐχ
1319 3829 1350 3897 ἡ
1375 3829 1558 3898 φύσις,
1590 3829 1708 3882 ἀλλ’

124 3925 161 3993 ὴ
200 3919 501 3980 ὑπόστασις
531 3916 879 3979 εἰκονίζεται,
910 3919 1008 3969 καὶ
1050 3916 1139 3969 διὰ
1193 3917 1355 3970 τοῦτο
1390 3920 1589 3971 ταυτὸν
1631 3917 1708 3987 τῷ

102 4014 429 4082 ἀρχετύπῳ
476 4011 510 4077 ὴ
558 4008 723 4061 εἰκὼν
767 4006 933 4059 αὐτοῦ
980 4008 1041 4059 ού
1084 4011 1151 4077 τῇ
1225 4009 1409 4077 φύσει,
1451 4012 1587 4065 ἀλλὰ
1641 4014 1707 4081 τῇ

123 4087 454 4164 ὑποστάσει,
481 4098 649 4167 ἡγουν
676 4100 741 4166 τῇ
773 4099 1004 4167 μιμήσει
1034 4099 1134 4168 τῆς
1159 4100 1534 4165 ὑποστάσεως.

215 4192 309 4243 Ἐν
334 4192 400 4262 τῇ
431 4188 603 4241 εἰκόνι
633 4189 666 4257 ἡ
695 4186 1074 4257 είκονιζομένη
1103 4189 1199 4241 τοῦ
1234 4191 1546 4259 ἀρχετύπου
1573 4193 1709 4245 ὑπό.

125 4299 331 4345 στασις
358 4280 772 4351 προσκυνεῖται,
804 4278 898 4331 καὶ
928 4280 1029 4348 οὐχ
1068 4281 1101 4349 ἡ
1134 4280 1234 4349 ὖλη
1263 4282 1366 4350 τῆς
1402 4283 1611 4346 εἰκόνος
1633 4299 1644 4313 ·
1679 4287 1707 4337 ὁ

120 4371 675 4442 ἐναποσφρατισθεὶς
720 4373 860 4441 αὐτῇ
906 4372 1222 4443 χαρακτὴρ,
1261 4375 1356 4427 καὶ
1404 4377 1504 4444 οὑχ
1540 4377 1572 4444 ἡ
1608 4377 1707 4444 τῆς

120 4469 343 4531 εἰκόνος
376 4466 557 4518 οὐσία.

206 4562 342 4614 Ὅτε
378 4560 479 4627 μὲν
510 4559 646 4625 προς
677 4557 776 4627 τὴν
806 4559 909 4626 τῆς
934 4560 1142 4621 είκόνος
1177 4559 1341 4629 φύσιν
1384 4561 1570 4617 ἀπίδοι
1602 4579 1707 4625 τις,

120 4654 191 4709 οὐ
225 4654 388 4722 μόνον
414 4652 476 4704 οὐ
505 4651 762 4719 Χριστὸν,
785 4650 904 4702 ἀλλ’
930 4651 1052 4703 οὐδὲ
1082 4654 1268 4705 εἰκόνα
1294 4653 1535 4721 Χριστοῦ
1567 4654 1709 4707 εἴποι

117 4746 199 4799 ἂν
232 4745 297 4797 τὸ
331 4742 646 4812 ὁρώμενονο
678 4741 796 4793 ἔστι
824 4740 934 4811 γὰρ
985 4742 1144 4807 ξύλον
1174 4742 1360 4812 τυχὸν,
1415 4744 1447 4813 ἢ
1483 4747 1706 4813 χρυσὸς,

116 4839 157 4908 ἢ
197 4836 467 4907 ἄργυρος,
497 4834 530 4904 ἦ
557 4851 611 4885 τι
643 4833 753 4887 τῶν
781 4833 959 4887 ἄλλων
995 4833 1141 4886 ὑλῶν
1175 4850 1188 4863 °
1220 4836 1309 4886 ὅτε
1337 4835 1396 4891 δὲ
1442 4836 1581 4902 πρὸς
1608 4835 1709 4906 τὴν

114 4929 197 4983 δι’
228 4926 635 4994 ἐκτυπώματος
671 4926 936 4995 ὁμοίωσιν
959 4926 1054 4979 τοῦ
1076 4926 1414 4997 ἀρχετύπου,
1447 4927 1544 4980 καὶ
1574 4926 1710 4996 Χρι-

118 5020 286 5086 στὸν,
322 5022 417 5073 καὶ
448 5018 713 5089 Χριστοῦ,
767 5019 905 5073 ἀλλὰ
942 5022 1178 5088 Χριστὸν
1215 5022 1312 5091 μὲν
1342 5020 1465 5075 καθ’
1495 5024 1710 5091 ὁμωνυ-

118 5115 289 5186 μίαν,
317 5111 558 5182 Χριστοῦ
585 5112 642 5165 5;.-
668 5113 809 5165 κατὰ
837 5112 899 5164 τὸ
937 5114 1073 5183 πρός
1100 5130 1175 5168 τι.

212 5289 284 5340 Ἢ
321 5287 488 5341 εἰκὼν
521 5286 707 5356 σχέσιν
737 5284 850 5354 ἔχει
878 5286 1015 5353 πρδς
1049 5285 1108 5336 τδ
1141 5285 1474 5353 ἀρχέτυπον,
1504 5288 1594 5339 καὶ
1622 5289 1710 5341 αἰ-

111 5382 249 5437 τίου
284 5380 434 5432 ἐστὶν
463 5379 723 5433 αἰτιατόν.
768 5378 1009 5445 Ἀνάγκη
1035 5376 1129 5429 οῦν
1170 5377 1260 5429 διὰ
1288 5378 1448 5431 τοῦτο
1479 5381 1573 5433 καί
1604 5381 1712 5433 τῶν

123 5475 280 5545 πρός
305 5490 357 5525 τι
385 5467 526 5525 εἶναι
569 5471 777 5538 ταύτην
837 5472 930 5523 καὶ
974 5470 1251 5538 λέγεσθαι.
1313 5471 1435 5525 Τῶν
1469 5473 1606 5543 πρός
1660 5489 1713 5525 τι

110 5570 241 5638 γὰρ
264 5569 301 5637 ἠ
340 5566 554 5636 σχέσις,
594 5566 661 5619 τὰ
689 5564 745 5619 δὲ
778 5565 916 5633 πρός
944 5582 995 5616 τι
1026 5565 1168 5619 αύτά
1220 5566 1366 5638 ἅπερ
1411 5568 1559 5619 ἐστὶν
1592 5567 1712 5620 ἑτέ-

124 5677 248 5731 ρων
278 5656 421 5712 εἶναι
451 5660 690 5727 λέγεται,
726 5660 820 5712 καὶ
843 5660 1196 5728 ἀντιστρέφει
1228 5661 1326 5731 τὴν
1360 5664 1545 5730 σχέσιν
1578 5660 1713 5732 πρὸς

114 5753 363 5824 ᾰλὶηλα.
411 5752 749 5821 Ἀρχέτυπον
810 5753 919 5822 γὰρ
964 5753 1179 5815 εἰκόνος
1230 5754 1542 5824 ἀρχέτυπον
1570 5770 1584 5783 '
1618 5755 1712 5807 καὶ

116 5850 300 5906 εἰκὼν
329 5849 643 5919 ἀρχετύπου
670 5847 856 5901 εἰκών.
891 5848 997 5899 Καὶ
1019 5849 1119 5899 οὐκ
1149 5848 1215 5901 ἄν
1245 5866 1328 5912 τις
1357 5848 1589 5918 ἄσχετον
1637 5850 1715 5901 ei-

1816 3275 2039 3339 tatihus,
2072 3289 2168 3343 per
2188 3287 2329 3342 quas
2357 3272 2426 3327 ab
2476 3272 2597 3327 aliis
2629 3272 2810 3328 ditlert
2869 3275 3110 3341 ejusdem
3154 3280 3393 3346 generis.

1813 3366 2174 3433 Quamobrem
2220 3369 2342 3433 ;non
2388 3364 2594 3432 imago,
2631 3364 2727 3419 sed
2781 3366 3064 3435 exemplar
3117 3370 3394 3439 propriam

1813 3458 1974 3514 habet
1995 3461 2002 3467 ’
2017 3472 2209 3528 person
2218 3473 2324 3511 am.

1905 3550 2157 3617 lmagiais
2203 3550 2373 3603 honor
2423 3549 2474 3603 in
2538 3552 2816 3621 exemplar
2871 3553 3104 3617 recidit,
3153 3564 3208 3611 et
3286 3571 3393 3613 una

1812 3649 1895 3696 est
1938 3642 2222 3708 utriusque
2278 3641 2560 3705 adoratio,
2621 3643 2875 3711 quoniam
2919 3660 3022 3699 una
3054 3655 3140 3703 est
3191 3648 3398 3718 elligiee

1815 3734 2116 3802 utriusque.

1883 3826 2148 3895 Quidquid
2206 3826 2274 3879 ab
2322 3834 2438 3879 arte
2489 3826 2834 3892 describitur,
2889 3828 3009 3896 ejus
3042 3845 3146 3885 non
3177 3843 3393 3897 natura,

1813 3920 1905 3973 sed
1921 3932 2146 3986 persona
2172 3916 2517 3971 describitur.
2545 3916 2604 3969 Et
2628 3918 2832 3973 idcirco
2858 3919 3032 3989 imago
3059 3922 3228 3990 ipsius
3252 3924 3392 3979 idem

1811 4025 2034 4068 cstcum
2078 4012 2391 4081 exeuiplari,
2451 4028 2557 4066 non
2606 4024 2822 4079 natura,
2868 4019 2961 4071 sed
3009 4032 3265 4086 persona,
3299 4035 3392 4076 seu

1812 4120 2059 4175 personae
2085 4104 2465 4159 similitudine.

1884 4196 2138 4264 Exempla
2150 4198 2219 4249 ris
2233 4211 2459 4268 persona
2483 4198 2714 4267 imagine
2732 4214 3127 4272 expressamnu
3144 4204 3395 4274 imagin's

1814 4284 2343 4351 snateriaﬁadoratur,
2374 4302 2476 4339 non
2510 4288 2755 4356 imaginis
2778 4295 3032 4359 essentia,
3068 4311 3097 4352 s
3129 4294 3161 4349 d
3194 4293 3392 4358 forma.

1813 4394 1932 4448 quae
1962 4378 2012 4433 in
2048 4380 2159 4447 ipsa
2191 4378 2457 4445 descripta
2495 4388 2597 4435 est.

1887 4562 2018 4617 Cum
2050 4562 2171 4630 quis
2190 4561 2254 4614 ad
2280 4561 2526 4630 imaginis
2553 4571 2799 4616 naturam
2842 4563 3079 4633 respicit,
3106 4580 3208 4618 neri
3233 4568 3396 4624 modo

1812 4651 2108 4714 Christum,
2130 4650 2222 4704 sed
2248 4665 2315 4703 ne
2334 4648 2535 4704 Christi
2564 4650 2777 4719 quidem
2808 4652 3095 4720 imaginem
3126 4665 3281 4709 vocat
3313 4657 3390 4722 id,

1812 4744 1951 4812 quod
1974 4743 2136 4805 videt;
2173 4752 2253 4797 est
2275 4742 2417 4797 enim
2447 4742 2913 4813 lignumfortasse,
2941 4757 3034 4800 aut
3064 4762 3276 4817 aurum,
3301 4759 3395 4804 aut.

1813 4846 2115 4906 argentum,
2152 4836 2436 4905 autaliqua
2467 4838 2571 4891 alia
2608 4839 2854 4893 materia.
2889 4840 2959 4897 At
2989 4855 3111 4896 cum
3131 4842 3395 4900 adexrtn-

1814 4930 1980 4999 plaris
2002 4929 2410 4985 simiiitulinem
2443 4929 2674 5001 imagine
2705 4946 3015 4999 eitpressam
3068 4945 3125 4989 te
3156 4932 3307 5004 picit,
3339 4941 3394 4990 σι

1814 5021 2111 5083 Christum,
2151 5028 2204 5071 et
2230 5018 2430 5073 Christi
2489 5019 2777 5089 imaginem
2806 5020 3039 5090 appellat
3070 5039 3084 5077 :
3119 5022 3393 5078 Christum

1815 5114 2031 5183 quidem
2060 5112 2351 5180 a-quivoce,
2406 5110 2606 5166 Christi
2639 5122 2817 5167 autem
2862 5129 2928 5169 ex
2951 5129 3014 5169 eo
3037 5115 3177 5184 quod
3209 5115 3274 5168 ad
3296 5114 3392 5170 ali~

1816 5205 1942 5273 quid
1980 5202 2230 5258 refertur.

1890 5298 2066 5367 Imago
2105 5296 2423 5349 relationem
2469 5297 2627 5349 habet
2671 5296 2739 5352 ad
2785 5298 3085 5367 exemplar,
3134 5308 3188 5355 et
3233 5301 3300 5356 ab
3329 5316 3396 5357 eo

1814 5397 2068 5456 tanquam
2097 5402 2127 5441 a
2153 5403 2315 5442 causa
2346 5388 2631 5455 dependat,
2662 5387 2846 5457 Itaque
2875 5404 3098 5449 necesse
3121 5398 3205 5447 est
3249 5400 3305 5444 ut
3329 5406 3395 5445 ex

1817 5496 2001 5536 eorum
2046 5480 2118 5537 sit
2146 5480 2463 5548 dicaturque
2492 5494 2735 5546 numero,
2777 5495 2895 5547 quae
2919 5479 2988 5534 ad
3019 5482 3218 5552 aliquid
3255 5482 3397 5539 refe-

1821 5580 2030 5626 runtur.
2064 5572 2197 5636 Quae
2223 5581 2399 5624 autem
2437 5569 2502 5625 ad
2534 5570 2732 5639 aliquid
2772 5571 2861 5625 ref
2882 5585 3096 5638 runtur,
3143 5589 3229 5640 ea,
3257 5591 3396 5646 qua-

1823 5677 1975 5720 tenus
2008 5676 2157 5728 sunt,
2212 5664 2439 5718 aliorum
2472 5663 2722 5719 dicuntur
2754 5679 2899 5731 esse,
2952 5677 3245 5737 mutuoque
3277 5685 3399 5724 sese

1823 5754 2133 5823 τρδιιὶοἱυιιι.
2164 5754 2449 5820 Exemplar
2478 5755 2622 5809 enim
2646 5754 2893 5826 imaginis
2921 5758 3200 5827 exemplar
3214 5771 3318 5819 est.
3343 5769 3400 5815 ot

1829 5853 2006 5917 imago
2050 5860 2135 5903 est
2193 5849 2515 5919 cxcuiplaris
2545 5852 2743 5920 imago.
2784 5847 2893 5903 Nec
2945 5851 3227 5922 quisquam
3258 5852 3395 5908 ima-
