3846 6542
468 392 602 458 1167

1696 393 2085 455 ΕΗΤΗΥΜΙΙ
2128 396 2487 458 ZIGABENI

3579 404 3703 469 1153

460 513 636 581 ginem
667 524 697 564 α
722 508 867 564 nulla
888 524 945 564 re
963 508 1375 579 dependentem,
1404 506 1481 564 rei
1505 506 1734 580 alicujus
1760 510 2027 579 imaginen

2157 512 2293 565 κόνα
2333 512 2433 581 τὴν
2465 510 2610 575 τινὸς
2639 511 2824 565 εἰκόνα
2866 511 3024 583 φαίη.
3064 511 3212 580 ’Δμα
3247 513 3353 583 γὲρ
3411 521 3705 585 σοιεισάγε-

456 604 678 659 dixerit.
739 601 909 657 Simul
964 601 1107 657 enim
1139 600 1431 680 _inducunt
1495 616 1635 667 sese,
1690 600 2046 671 'vicirsimque

457 694 889 750 considerantur.

527 788 671 855 Quot
686 785 995 841 nominibus
1009 783 1285 853 exemplar
1300 792 1546 849 vocatur,
1575 782 1794 837 totidem
1816 796 2044 839 vocatur

454 890 510 937 et
536 884 711 949 lmago
737 877 930 949 ipsius.
948 876 1053 931 Sed
1073 873 1202 929 illud
1223 874 1437 944 quidem
1458 882 1516 927 ut
1549 876 1848 944 exemplar,
1878 886 1927 927 et
1948 888 2044 941 per

453 988 532 1038 se,
562 980 616 1026 et
655 970 892 1041 proprie;
915 968 1030 1023 haec
1064 973 1242 1020 autem
1277 975 1337 1019 ut
1374 964 1491 1035 ejus
1510 965 1709 1034 imago,
1744 976 1797 1019 et
1825 976 2043 1035 propter

453 1067 652 1137 ipsum,
677 1072 732 1119 et
767 1063 1081 1133 improprie.

524 1156 658 1212 Cum
691 1155 950 1210 aduratur
976 1155 1173 1224 imago,
1195 1154 1454 1209 adorator
1476 1151 1746 1214 Christus,
1769 1150 1927 1218 cujus
1950 1149 2038 1203 illa

449 1248 856 1306 similitudinem
906 1248 1069 1318 gerit,
1126 1262 1230 1301 non
1276 1256 1456 1300 autem
1512 1242 1759 1304 materia.
1818 1242 1871 1296 in
1929 1257 2038 1312 qua

448 1344 746 1403 similitudo
769 1342 1031 1411 impressa
1055 1348 1157 1394 est.
1187 1337 1251 1391 Et
1270 1335 1723 1408 quemadmodum
1754 1335 1804 1387 in
1820 1334 2039 1404 speculo

446 1451 677 1508 persona
710 1431 1110 1504 quodammodo
1128 1431 1458 1485 describitur
1487 1429 1664 1499 ipsum
1694 1428 2038 1492 intuentis,ct

447 1538 632 1584 manet
671 1542 700 1581 a
729 1524 955 1580 materia
1000 1531 1273 1593 separata,
1321 1536 1385 1576 ac
1413 1522 1457 1575 si
1513 1520 1635 1590 quis
1682 1520 1951 1588 propriam
1984 1520 2036 1573 in

445 1620 661 1690 speculo
686 1616 1032 1686 conspicuam
1074 1614 1201 1669 velit
1253 1613 1541 1683 imaginem
1573 1612 1833 1677 osculari,
1872 1621 2036 1665 male.

444 1728 538 1769 rue
564 1710 780 1781 quidem
815 1709 1066 1772 inhaeret,
1123 1706 1219 1761 sed
1276 1704 1564 1773 imaginem
1624 1702 1926 1765 osculatur,
1982 1712 2037 1756 et

442 1805 559 1873 ipso
586 1801 894 1866 recedente,
917 1796 1077 1855 simul
1107 1797 1272 1853 etiam
1307 1795 1483 1850 avolat
1542 1796 1739 1863 imago,
1774 1793 2030 1864 quoniam

440 1911 469 1950 a
494 1893 697 1963 speculi
731 1890 952 1946 materia
1006 1890 1124 1961 ipsa
1178 1904 1409 1959 persona
1473 1898 1757 1956 separatur
1789 1904 1803 1943 :
1842 1888 2029 1943 eadem

439 1986 649 2041 ratione
677 1982 768 2052 qui
799 1982 1109 2037 Servatoris
1145 1989 1238 2035 aut
1270 1979 1365 2035 Dei
1398 1978 1718 2042 Genitricis,
1752 1979 2032 2033 autalicu-

437 2080 525 2147 ius
577 2086 889 2133 sanctorum
947 2075 1241 2143 imaginem
1305 2074 1603 2137 osculatur,
1639 2071 1761 2125 licet
1792 2072 2033 2128 materia

437 2169 721 2228 inhaereat.
774 2164 1085 2232 imaginem,
1117 2177 1225 2216 non
1268 2161 1553 2216 materiam
1616 2158 1907 2213 osculatur.
1966 2158 2031 2212 Et

437 2259 674 2329 imagine
697 2256 893 2321 deleta,
928 2262 1148 2325 propter
1178 2267 1340 2321 quam
1378 2250 1735 2312 exhibebatur
1760 2250 2027 2319 adoratio,

437 2350 667 2407 materia
692 2357 934 2403 remanet
964 2361 1069 2401 non
1103 2344 1333 2413 amplius
1360 2344 1655 2407 adoranda,
1685 2341 1885 2411 quippe
1908 2357 2029 2411 quae

436 2456 721 2500 commune
746 2455 870 2497 eum
900 2438 1256 2493 similitudine
1288 2435 1420 2490 nihil
1457 2437 1642 2491 habet.

503 2534 672 2589 Detur
694 2532 951 2595 annulus,
975 2532 1029 2585 in
1047 2544 1153 2599 quo
1182 2528 1360 2598 imago
1388 2527 1460 2583 sit
1486 2527 1653 2596 regia.
1681 2527 2026 2597 lmprimatur

435 2628 487 2682 in
530 2640 676 2690 cera.
709 2635 762 2680 ct
797 2626 850 2679 in
887 2624 1029 2693 pice,
1079 2631 1135 2675 et
1183 2621 1236 2675 in
1266 2620 1401 2675 luto.
1460 2619 1520 2674 In
1557 2619 1643 2675 his
1672 2618 1888 2689 quidem
1922 2622 2026 2677 erit

434 2720 673 2789 signum,
706 2716 866 2787 idque
894 2714 1038 2768 nulla
1069 2715 1277 2768 ratione
1321 2710 1599 2777 dill'erens,
1637 2711 1762 2765 licet
1785 2712 2025 2767 materia:

433 2811 661 2864 diversa:
695 2808 824 2862 sint.
880 2806 1016 2861 Cum
1051 2805 1137 2860 his
1185 2804 1328 2859 enim
1394 2804 1608 2872 signum
1671 2801 1802 2855 nihil
1863 2803 2022 2857 habet

434 2915 744 2963 commune.
775 2900 867 2955 sed
897 2899 963 2952 ab
997 2898 1127 2963 ipsis
1154 2905 1484 2967 separatum,
1516 2905 1571 2949 et
1591 2894 1643 2947 in
1675 2895 1879 2949 annulo
1904 2910 2022 2949 ma-

435 3008 570 3049 nens
600 2992 780 3045 animo
816 2988 1245 3060 cogitationeque
1300 2986 1795 3056 comprehenditur.
1855 2984 1946 3041 Sie
1966 2994 2023 3041 et

432 3083 644 3139 Christi
676 3081 1000 3145 similitudo,
1034 3077 1286 3149 quamvis
1340 3092 1462 3133 eam
1524 3075 1763 3131 materia:
1794 3076 2021 3131 diversae

432 3174 672 3230 referant
731 3186 1042 3241 expressam
1074 3209 1091 3235 ,
1152 3168 1288 3224 nihil
1310 3168 1472 3223 habet
1505 3175 1686 3220 tamen
1721 3178 2013 3221 commune
2041 3208 2085 3267 ϐ

432 3278 553 3319 cum
579 3262 709 3328 illis,
731 3263 826 3317 sed
854 3262 909 3316 in
928 3259 1132 3316 Christi
1170 3269 1350 3314 manet
1383 3272 1647 3328 persona.

509 3356 701 3409 Sacras
719 3354 983 3423 imagines
1006 3352 1410 3414 constituimus,
1435 3359 1514 3415 ut,
1535 3364 1627 3405 eas
1644 3347 2015 3419 contemplan-

434 3458 537 3514 tes,
572 3448 809 3517 ipsarum
836 3443 1161 3512 exemplaria
1188 3442 1345 3498 nobis
1376 3441 1659 3497 videamur
1687 3440 1903 3505 intueri,
1923 3455 2014 3495 eo-

441 3552 669 3609 rumque
696 3536 850 3591 nobis
874 3544 988 3590 tum
1020 3536 1335 3591 memoriam
1359 3542 1640 3599 renovent,
1662 3543 1774 3589 tum
1798 3532 2012 3588 deside-

431 3632 570 3686 rium
599 3628 822 3685 leniant.

496 3997 677 4052 Beata:
724 3992 977 4049 Trinitati
1007 3993 1076 4047 ab
1123 3991 1440 4046 orthodoxis
1468 3990 1626 4044 latria
1667 3988 1925 4045 tribuitur
1956 3992 2011 4046 in

425 4089 624 4158 spiritu
672 4094 729 4141 ct
760 4085 1024 4151 veritate;
1092 4085 1297 4139 sanctis
1339 4090 1517 4137 autem
1558 4084 1880 4152 imaginibus
1906 4099 2010 4140 non

426 4177 583 4232 latria
613 4174 857 4239 omnino,
874 4172 968 4227 sed
985 4172 1249 4237 adoratio,
1267 4182 1322 4227 et
1350 4172 1711 4247 deosculatio,
1737 4183 1791 4229 et
1818 4174 2009 4230 honor.

424 4268 575 4323 Licet
602 4265 747 4321 enim
780 4264 1032 4332 imaginis
1059 4265 1222 4319 etiam
1262 4266 1438 4321 honor
1477 4274 1719 4322 transeat
1740 4266 1806 4321 ad
1829 4280 2013 4321 exem-

2148 620 2259 668 ται,
2296 608 2389 657 καὶ
2422 606 2914 675 συνεπιοεωρεῖται
2946 606 3163 677 θατέρῳ
3191 608 3440 677 θάτερον.

2236 775 2420 840 Ὀσοις
2453 778 2685 848 ὀνόμασι
2714 780 2775 831 τὸ
2802 780 3115 849 ἀρχέτυπον
3149 779 3422 846 καλεῖται,
3452 783 3707 848 τοαοιῖτοις

2148 866 2243 919 καὶ
2272 869 2299 936 ἡ
2341 869 2504 922 εἰκὼν
2539 870 2731 926 αὑτοῦ.
2786 870 2949 923 Ἀλλὰ
2974 871 3037 923 τὸ
3065 871 3165 939 μὲν
3194 871 3269 933 ὡς
3294 874 3594 942 ἀρχέτυπον
3614 875 3708 927 καὶ

2143 956 2210 1011 δι’
2246 959 2431 1026 ἑαυτὸ,
2488 962 2584 1013 κα)⁵
2621 962 2855 1033 κυρίως·
2891 964 2923 1034 ὴ
2958 964 3014 1016 δὲ
3071 963 3147 1027 ὡς
3193 962 3360 1017 εἰκὼν
3396 965 3576 1029 αὐτοῦ,
3614 971 3706 1019 καὶ

2141 1047 2210 1100 δι’
2249 1050 2446 1115 ἐκεῖνο,
2480 1053 2573 1103 καὶ
2601 1052 3086 1124 καταχρηστικῶς.

2210 1142 2706 1215 Ιῐροσκυνονμένης
2738 1146 2837 1215 τῆς
2870 1146 3100 1209 εἰκόνος,
3136 1147 3164 1199 ό
3194 1145 3438 1216 Χριστὸς
3476 1165 3701 1215 προτίο-

2141 1235 2335 1301 νεῖται,
2368 1230 2431 1289 οὗ
2463 1238 2614 1289 ἐστιν
2641 1238 2926 1307 ὁμοίωσις,
2976 1238 3072 1291 καὶ
3104 1239 3203 1309 οὐχ
3258 1240 3291 1308 ἡ
3341 1239 3705 1311 ὑποδεξαμένη

2140 1326 2240 1394 τὴν
2271 1326 2533 1397 ὁμοίωσιν
2567 1328 2689 1399 ὕλη.
2747 1329 2855 1382 Καὶ
2888 1329 3076 1399 ὧσπερ
3121 1330 3218 1383 ἐπὶ
3258 1329 3351 1383 τοῦ
3411 1333 3701 1401 κατόπτρου

2138 1417 2500 1489 διαγράφεται
2530 1424 2738 1489 τρόπον
2762 1423 2885 1474 τινὰ
2925 1422 2984 1473 τὸ
3024 1423 3319 1492 πρόσωπον
3359 1422 3455 1475 τοῦ
3498 1423 3703 1491 βλέποκε

2137 1528 2230 1574 τος
2264 1511 2420 1578 αὐτὸ,
2476 1514 2570 1567 καὶ
2607 1514 2763 1583 μένει
2801 1512 2902 1583 τῆς
2940 1512 3072 1585 ὕλης
3117 1517 3560 1585 κεχωρισμένον·
3604 1518 3703 1569 κᾶν

2142 1601 2391 1673 θελήσειέ
2438 1622 2523 1669 τις
2560 1605 2917 1661 ἀσπάσασθαι
2968 1606 3068 1676 τὴν
3110 1606 3519 1677 ἐμφαινομένην
3576 1609 3703 1661 ἰδίαν

2138 1693 2345 1759 εἰκόνα,
2379 1698 2448 1767 τῇ
2485 1697 2583 1766 μὲν
2614 1696 2717 1770 ῦλῃ
2754 1698 3026 1768 προσέφυ,
3052 1698 3153 1768 τὴν
3193 1697 3382 1751 εἰκόνα
3439 1698 3492 1750 δὲ
3520 1716 3697 1769 περιε-

2139 1786 2401 1853 πτύξατο,
2455 1788 2550 1841 καὶ
2598 1791 2980 1860 μεταστάντος
3034 1791 3227 1857 αὑτοῦ,
3266 1793 3575 1863 συναπέπτη
3610 1795 3704 1847 καὶ

2134 1879 2195 1929 τὸ
2231 1876 2464 1946 ίνδαλμα
2489 1879 2578 1933 διὰ
2606 1880 2667 1934 τὸ
2702 1880 3039 1952 κεχωρῖσθαι
3078 1883 3179 1951 τῆς
3232 1883 3370 1953 ῦλης
3398 1885 3493 1937 τοῦ
3543 1887 3700 1938 κατό-

2136 1988 2309 2040 πτρου
2342 1988 2356 2003 ο
2391 1972 2482 2026 τὸν
2500 1974 2663 2027 αὐτὸν
2696 1976 2897 2045 τρόπον
2920 1976 2948 2027 ὁ
2980 1974 3079 2044 τὴν
3104 1976 3293 2030 εἰκόνα
3318 1977 3413 2030 τοῦ
3435 1978 3700 2045 Σωτῆρος,

2133 2064 2166 2135 ἢ
2206 2065 2309 2135 τῆς
2344 2064 2709 2137 Θεομήτορος,
2736 2067 2769 2137 ἡ
2800 2084 2944 2129 τινος
2972 2068 3082 2120 τῶν
3110 2066 3284 2135 ἁγίων
3314 2068 3702 2139 ἀσπαζόμενος,

2132 2159 2181 2212 εἰ
2211 2159 2305 2212 καὶ
2339 2158 2683 2229 προσφύεται
2732 2162 2799 2231 τῇ
2851 2159 2973 2233 ὕλῃ,
3017 2160 3116 2230 τὴν
3162 2161 3373 2226 εἰκόνα,
3398 2166 3490 2215 καὶ
3515 2164 3575 2215 οὖ
3606 2164 3701 2232 τὴν

2139 2253 2271 2321 ὓλην
2311 2251 2644 2317 ἀσπάζεται,
2681 2255 2776 2306 καὶ
2803 2254 3200 2322 ἀφανισθέντος
3248 2254 3345 2308 τοῦ
3380 2256 3699 2326 ἑκτυπὼμα-

2131 2360 2247 2406 τος,
2276 2344 2364 2412 ἐφ’
2398 2338 2442 2411 ᾧ
2467 2346 2503 2415 ἡ
2534 2345 2932 2415 προσκύνησις,
2961 2346 3181 2416 ἔμεινεν
3219 2347 3624 2417 ἀπροσκύνητος
3667 2352 3697 2418 ἡ

2136 2434 2258 2503 ὕλη,
2295 2437 2463 2506 μηδέν
2492 2453 2544 2490 τι
2582 2437 2916 2491 κοινωνοῦσα
2942 2438 3022 2508 τῷ
3061 2437 3398 2507 ὁμοιώματι.

2204 2531 2387 2583 Ἔστω
2416 2529 2701 2591 δακτύλιος
2734 2529 3220 2600 ἐγκεχαραγμένος
3265 2531 3452 2582 εἰκόνα
3499 2529 3695 2599 βασιλι·

2128 2621 2258 2691 κὴν,
2286 2616 2405 2675 εἰτα
2443 2620 2763 2675 ὲκτυπούτω
2796 2622 2855 2673 εν
2887 2621 3067 2691 κηρῷ,
3098 2620 3194 2673 καὶ
3218 2622 3274 2674 ὲν
3299 2622 3490 2690 πίσσῃ,
3520 2624 3611 2673 καὶ
3643 2624 3694 2674 ὲν

2126 2712 2305 2783 πηλῷ.
2349 2712 2411 2767 ’11
2455 2714 2554 2783 μὲν
2583 2712 2677 2766 οὖν
2711 2712 2950 2783 σφραγίς
2980 2712 3080 2782 μία
3142 2714 3236 2765 καί
3285 2714 3693 2783 ἀπαράλλακτος

2124 2804 2184 2857 ἐν
2209 2805 2439 2870 τούτοις,
2500 2806 2651 2859 αἰδὲ
2688 2805 2807 2859 ὕλαι
2869 2805 3145 2875 διάφοροι,
3196 2805 3286 2858 διὰ
3343 2806 3403 2857 re
3450 2806 3612 2874 μηξέν
3644 2821 3694 2856 τι

2123 2897 2244 2959 ταῖς
2272 2895 2426 2959 ὕλαις
2459 2896 2558 2967 τὴν
2588 2897 2859 2967 σφραγῖδα
2884 2899 3183 2962 κοινωνεῖν,
3212 2896 3332 2949 ἀλλ’
3355 2893 3493 2949 εἶναι
3528 2894 3695 2965 αὐτὴν

2124 2992 2190 3060 τῇ
2223 2990 2438 3061 ἐπινοίᾳ
2466 2992 2677 3045 τούτων
2733 2992 3155 3061 κεχωρισμένην
3211 2994 3268 3045 ὲν
3298 2992 3378 3059 τῷ
3428 2992 3696 3060 δακτυλίῳ

2126 3082 2416 3151 μένουσαν.
2452 3081 2640 3145 Οὕτως
2663 3081 2755 3137 οῦν
2782 3083 2877 3136 καὶ
2916 3084 2979 3136 τδ
3016 3083 3111 3135 τοῦ
3140 3083 3383 3152 Χριστοῦ
3424 3083 3697 3153 ὁμοίωμα.

2121 3176 2170 3227 εἰ
2216 3176 2308 3227 καὶ
2346 3176 2405 3228 ἐν
2450 3174 2732 3247 διαφόροις
2774 3174 2927 3237 ῦλαις
2983 3176 3305 3246 ἐκτυπωθῇ,
3336 3176 3700 3243 ἀκοινώνητόν

2118 3266 2235 3318 ἐστι
2269 3266 2379 3320 τῶν
2411 3266 2551 3320 ὑλῶν
2579 3268 2638 3320 ἐν
2677 3272 2743 3337 τῇ
2773 3268 2867 3321 τοῦ
2904 3269 3143 3337 Χριστοῦ
3177 3271 3344 3339 μένον
3376 3267 3693 3321 ὑποστάσει.

2190 3356 2514 3428 Τὰς›ἰερὰς
2581 3360 2797 3422 εἰκόνας
2844 3359 3282 3430 ἀναστηλοῦμεν,
3356 3361 3442 3412 ἵνα
3486 3358 3694 3421 ταύτας

2116 3445 2351 3516 ὁρῶντες
2384 3447 2455 3500 δι’
2478 3448 2660 3502 αὐτῶν
2684 3450 2931 3519 δοκῶμεν
2986 3453 3120 3521 όρᾷν
3160 3452 3229 3503 τὰ
3285 3450 3492 3503 τοίτων
3526 3450 3694 3519 ἀρχέ-

2120 3553 2293 3602 τυπα,
2334 3537 2426 3590 καὶ
2457 3539 2700 3605 γίνονται
2729 3540 2859 3609 ἡμῖν
2886 3541 3292 3609 ὑπομνήματα,
3314 3542 3411 3592 καὶ
3445 3557 3693 3610 παρηγο·

2118 3630 2210 3699 ρία
2236 3628 2331 3683 τοῦ
2367 3630 2534 3683 πόθου
2564 3631 2659 3683 τοῦ
2690 3632 2825 3703 πρὸς
2853 3635 2923 3685 τὰ
2964 3632 3168 3685 τούτων
3199 3632 3565 3700 πρωτότυπα.

2184 3723 2349 3776 Ὅσον
2402 3723 2642 3793 συνεχῶς
2682 3727 2736 3779 αἰ
2786 3725 2995 3788 εἰκόνες
3046 3725 3304 3795 ὁρῶνται,
3340 3725 3605 3778 τοσοῦτον
3645 3726 3691 3777 οἰ

2112 3817 2315 3880 ταύτας
2356 3820 2592 3888 ὁρῶντες
2617 3820 2991 3874 διανίστανται
3024 3821 3158 3891 πρὸς
3184 3821 3283 3892 τὴν
3309 3821 3425 3873 τῶν
3451 3820 3691 3891 ἀρχετύ-

2115 3926 2235 3963 πων
2270 3912 2497 3982 μνήμην
2532 3912 2627 3965 καὶ
2660 3912 3012 3984 ἐπιπόθησιν.

2200 4001 2263 4054 Ἦ
2278 4003 2378 4073 μὲν
2395 4005 2453 4058 ὲν
2474 4004 2743 4074 πνεύματι
2761 4006 2856 4058 καὶ
2870 4005 3099 4078 ἀληθείᾳ
3114 4007 3337 4077 λατρεία
3357 4010 3423 4078 τῇ
3442 4009 3713 4091 μακαρῆ

2114 4095 2305 4165 Τριὰδι
2345 4096 2497 4163 παρὰ
2531 4096 2639 4150 τῶν
2674 4096 2972 4166 όρθοδόξων
3002 4098 3441 4167 ἀπονενέμηται·
3476 4101 3606 4161 ταῖς
3640 4100 3694 4151 δὲ

2112 4188 2297 4255 ἁγίαις
2317 4189 2527 4242 εἰκόσιν
2558 4189 2620 4243 οὐ
2653 4188 2885 4259 λατρεία
2916 4190 3156 4256 πάντως,
3201 4190 3336 4243 ἀλλὰ
3372 4192 3693 4261 προσκύνηο

2114 4300 2219 4345 σις,
2248 4283 2342 4337 καὶ
2373 4283 2689 4354 ἀσπασμὸς,
2746 4286 2843 4339 καὶ
2876 4286 3033 4355 τιμή.
3067 4284 3130 4339 Εἰ
3166 4285 3274 4355 γὰρ
3318 4284 3418 4337 καὶ
3468 4286 3508 4354 ὴ
3560 4286 3693 4353 τιμὴ

3821 4278 3823 4311 l

320 5736 323 5737 ⁷
403 5744 573 5808 enim,
605 5753 665 5796 ut
690 5743 891 5797 dictum
921 5753 1027 5809 est,
1054 5744 1206 5798 latria
1234 5747 1481 5801 debetur.

3818 4340 3821 4405 l

425 4361 562 4430 plar,
582 4358 735 4413 latria
753 4367 928 4411 tamen
949 4370 1054 4410 non
1069 4356 1295 4411 debetur
1320 4357 1643 4411 venerandis
1661 4358 2010 4425 imaginibus,

2144 4372 2210 4442 ἧς
2270 4373 2481 4438 εἰκόνος
2532 4375 2626 4428 ἐπὶ
2676 4375 2738 4429 τὸ
2773 4376 3129 4447 πρωτότυπον
3181 4375 3470 4439 διαϐαίνει,
3511 4376 3693 4445 anui

424 4452 517 4509 sed
544 4449 641 4507 soli
670 4449 844 4504 beatae
900 4447 1175 4514 'l‘rinitati,
1235 4463 1301 4504 ne
1326 4450 1488 4504 rebus
1533 4449 1827 4518 procreatis
1855 4459 1908 4504 et
1940 4464 2008 4506 ex

2145 4463 2339 4535 ατρεία
2374 4465 2470 4535 τῆς
2523 4467 2796 4537 μακαρίας
2837 4467 2952 4519 ἐστὶ
3014 4467 3183 4537 μόνης
3212 4466 3475 4536 Τριάδος,
3515 4471 3614 4520 καὶ
3634 4469 3691 4520 οὐ

422 4540 648 4596 materia
678 4538 1057 4594 constantibus
1085 4537 1259 4593 latria:
1298 4537 1502 4595 cultum
1535 4537 1773 4594 tribuere
1819 4537 1998 4594 videa-

2145 4560 2222 4613 ῶν
2264 4562 2482 4613 σεπτῶν
2528 4562 2777 4625 εἰκόνων,
2819 4562 2907 4615 ἵνα
2954 4560 3031 4630 μὴ
3066 4560 3553 4633 κτισματολάτραι
3602 4564 3691 4615 καὶ

420 4647 564 4687 mur.
2110 4654 2403 4727 ὑλολάτραι
2441 4656 2577 4721 δόξω
2585 4673 2705 4725 μεν.

494 4747 550 4802 In
564 4747 682 4817 ipso
704 4744 921 4800 Christo
940 4751 1025 4801 est
1042 4744 1465 4801 adoratioiatrim
1484 4756 1538 4801 et
1565 4748 1846 4816 naturalis;
1865 4764 2006 4805 unus

2190 4747 2310 4801 Ἐπ’
2339 4747 2506 4802 αὑτοῦ
2538 4748 2638 4818 μὲν
2671 4747 2766 4801 τοῦ
2802 4748 3040 4818 Χριστοῦ
3078 4749 3403 4820 λατρευτικὴ
3443 4752 3484 4820 ἡ
3525 4767 3688 4819 προσ-

418 4839 563 4896 enim
578 4844 873 4893 estsanctae
887 4833 1171 4891 Trinitatis
1188 4851 1279 4906 per
1298 4836 1532 4891 divinam
1550 4838 1714 4908 ipsius
1734 4848 2002 4895 naturam.

2146 4839 2335 4910 ύνησις
2385 4840 2481 4894 καὶ
2537 4842 2741 4912 φυσική
2767 4856 2782 4872 ο
2804 4835 2883 4903 εἷς
2939 4843 3052 4911 γάρ
3084 4842 3199 4894 ἐστι
3230 4840 3326 4911 τῆς
3365 4842 3541 4909 ἁγίας
3570 4843 3687 4909 Τρι-

419 4932 473 4984 Ιιι
504 4929 741 4985 imainne
769 4942 897 4983 vero
925 4927 1126 4983 Christi
1153 4938 1236 4983 est
1265 4928 1488 4983 relativa
1521 4940 1576 4984 et
1608 4931 1918 5000 tequivoca:
1949 4933 2002 4987 in

2141 4933 2232 4997 ,δος
2254 4934 2393 4987 κατὰ
2415 4935 2515 5003 τὴν
2545 4934 2700 4988 θείαν
2724 4934 2894 4987 αὐτοῦ
2939 4935 3105 5003 φύσιν
3131 4952 3145 4964 ·
3177 4936 3270 4986 ἐπὶ
3306 4934 3366 4986 δὲ
3397 4935 3508 5003 τῆς
3554 4934 3685 4987 εἰκόο

416 5024 532 5093 ipsa
567 5021 709 5077 enim
739 5020 904 5076 adoro
930 5018 1227 5086 Christum,
1260 5020 1350 5089 qui
1378 5021 1632 5090 quoniam
1664 5037 1883 5077 carnem
1921 5025 2002 5078 in.

2141 5039 2192 5087 ος
2217 5022 2311 5077 τοῦ
2342 5023 2580 5095 Χριστοῦ
2615 5026 2839 5095 σχετικὴ
2866 5027 2959 5078 καὶ
2989 5024 3343 5094 όμωνυμική.
3381 5023 3686 5093 Προσκονῶ

412 5111 549 5173 duit,
612 5110 846 5179 hnagine
873 5107 1223 5177 exprimitur,
1281 5121 1541 5177 quantum
1566 5111 1634 5165 ad
1681 5126 2001 5182 corporeum

2144 5117 2214 5184 ἀρ
2241 5116 2333 5168 τὸν
2365 5120 2424 5169 ὲν
2448 5118 2588 5186 αὐτῇ
2613 5116 2873 5187 Χριστὸν,
2907 5117 2997 5169 τὸν
3020 5117 3108 5169 διὰ
3140 5118 3199 5168 τὸ
3222 5116 3598 5185 σαρκωθῆναι
3623 5118 3685 5167 εἰ.

408 5200 527 5268 ejus
555 5209 830 5268 aspectum
855 5196 1069 5260 attinet,
1095 5211 1217 5266 qua:
1234 5198 1452 5268 quidem
1479 5199 1723 5257 adoratio
1748 5213 1830 5257 est
1859 5203 1999 5259 rela-

2141 5207 2452 5277 ονιζόμενον
2481 5208 2624 5262 κατὰ
2647 5210 2748 5279 τὴν
2779 5209 3122 5280 σωματοειδῆ
3153 5209 3281 5261 θέαν
3319 5210 3524 5272 αὑτοῦ,
3556 5211 3685 5279 ὅπερ

408 5288 571 5345 liOIIiS
624 5298 789 5358 atque
820 5301 1083 5358 ρετεοιιεεο
2101 5299 2218 5351 ἐστὶ
2244 5300 2468 5369 σχετικὴ
2490 5300 2862 5370 προσκύνησις
2910 5302 3005 5353 καὶ
3028 5302 3393 5369 ὑποστατική.

477 5377 947 5445 Quemadmodum
969 5377 1120 5445 fides,
1144 5377 1223 5433 sic
1264 5388 1319 5435 et
1337 5379 1493 5435 latria
1526 5390 1725 5436 sanctte
1748 5383 1999 5438 tribuitur

2174 5388 2387 5459 Ὥσπερ
2438 5390 2704 5459 ἠπίστις,
2761 5388 2905 5443 οὓτω
2954 5392 3110 5459 καὶὴ
3170 5389 3401 5456 λατρεία
3457 5392 3679 5461 τῇάγίᾳ

406 5470 683 5525 Trinitati.
728 5468 907 5534 Quare
954 5470 1047 5538 qui
1090 5470 1291 5525 Christi
1350 5472 1568 5541 imagini
1602 5472 1769 5527 latriae
1792 5475 1992 5528 cultum

2141 5482 2295 5551 ’ριὰδι
2326 5482 2808 5551 ἀποκεκλήρωται.
2850 5482 2909 5536 Ὀ
2933 5483 3066 5551 γοῦν
3089 5482 3374 5552 λατρεύων
3400 5486 3476 5553 τῇ
3521 5486 3676 5537 suo:

404 5561 645 5627 exhibet,
675 5561 720 5614 is
739 5563 1155 5629 qualernitatem
1182 5563 1336 5617 latria
1362 5565 1536 5618 colere
1554 5565 1991 5633 deprehenditur,

2152 5571 2335 5642 ριστοῦ
2374 5571 2733 5643 εὑρεθήσεται
2758 5574 2973 5644 τετράδι
3005 5574 3307 5643 λατρεύων,
3331 5574 3428 5628 καὶ
3480 5591 3675 5627 συνειτ·

406 5654 533 5708 etin
562 5664 748 5707 saneta
782 5650 1049 5706 Trinitate
1083 5654 1371 5724 imaginem
1400 5656 1699 5711 collocare:
1740 5647 1989 5713 Trinitati

2141 5663 2302 5733 ρίνων
2365 5666 2432 5733 τῇ
2478 5665 2610 5734 ἁγίᾳ
2642 5661 2831 5735 Τριάδι
2867 5671 2957 5717 καὶ
2986 5668 3085 5734 τὴν
3113 5668 3317 5717 εἰιόνα.
3356 5665 3483 5732 Τῆς
3519 5666 3667 5734 Τρια-

2095 5754 2182 5816 δος
2213 5754 2343 5822 γὰρ,
2367 5754 2439 5817 ὼς
2474 5756 2711 5824 εἰρηται,
2748 5759 2807 5809 τὸ
2837 5756 3216 5825 λατρεύεσθαι.

476 5832 535 5887 Si
557 5834 801 5901 corporis
825 5833 1012 5887 umbra
1034 5836 1269 5903 separari
1295 5850 1401 5891 non
1424 5846 1619 5916 potest,
1638 5854 1759 5895 cum
1777 5856 1989 5914 semper

2168 5846 2228 5898 Ei
2254 5847 2508 5915 σώματος
2551 5849 2709 5901 σκιὰν
2752 5849 3079 5919 μερισθῆναι
3115 5850 3217 5918 οὐχ
3246 5844 3361 5901 οἷόν
3409 5866 3479 5901 τε
3542 5865 3665 5916 παρ-
