3952 6572
209 482 353 544 1169

1122 479 1498 541 PANOPLIA
1541 478 1992 541 DOGMATICA.
2026 502 2092 511 -
2124 478 2279 540 ΤΙΤ.
2324 479 2515 542 XXII.
2570 509 2595 530 α

3336 475 3476 546 1170

210 588 542 658 υφεστῶσαν
571 587 721 659 αὑτῷ
749 589 1002 654 πάντοτε,
1025 587 1126 641 κᾶν
1159 588 1235 657 μὴ
1257 586 1519 656 φαίνοιτο,
1552 587 1672 640 οὐδὲ
1695 588 1793 655 τὴν

1931 583 2036 639 dsit
2087 600 2207 639 cum
2258 600 2514 657 corpore,
2566 587 2692 642 licet
2722 601 2827 641 non
2867 588 3153 652 addentur,
3178 603 3246 643 ne
3300 589 3479 659 imago

209 681 400 734 εἰκόνα
436 679 674 750 Χριστοῦ
726 680 954 734 δυνατὸν
1009 680 1352 749 διαιρεθῆναι
1409 679 1599 740 αῦτοῦ.
1646 677 1786 733 Ἀλλ’

206 772 405 841 ὥσπερ
438 773 471 841 ἡ
505 774 634 824 σκιὰ
657 773 722 842 τῇ
757 771 850 824 τοῦ
880 771 1042 841 κὴλίου
1104 771 1269 840 βολίδι
1329 772 1603 839 φαίνεται,
1646 771 1790 824 οὕτω

211 864 308 915 καὶ
336 865 367 930 ἡ
397 862 635 932 Χριστοῦ
674 862 839 915 εἰκὼν
867 866 932 933 τῇ
954 863 1287 916 διατυπώσει
1320 864 1421 933 τῆς
1455 864 1609 935 ὕλης.

292 957 400 1009 Δύο
427 955 634 1009 τούτων
667 956 838 1009 ὄντων
870 956 999 1025 περὶ
1025 955 1088 1009 τὸ
1128 956 1312 1026 σῶμα,
1345 961 1501 1022 σκιᾶς
1532 959 1625 1011 καὶ
1649 957 1793 1011 είκόυ

214 1058 331 1104 νος,
367 1043 401 1111 ἡ
457 1042 558 1105 μὲν
601 1042 730 1095 σκιὰ
775 1042 1056 1113 σημασίαν
1091 1044 1338 1114 ἀμυδρὰν
1393 1063 1517 1099 τινα
1559 1045 1653 1098 τοῦ
1693 1046 1789 1100 ἁν-

213 1132 443 1202 θρώπου
474 1134 767 1199 δείκνυσιν,
801 1137 833 1204 ὴ
865 1135 922 1187 δὲ
954 1135 1122 1189 είκὼν
1155 1136 1568 1207 ἀριδηλοτέραν.
1603 1136 1666 1190 Ei
1697 1137 1791 1192 οῦν

210 1224 277 1277 τὸ
307 1224 397 1276 ἀεὶ
426 1224 519 1277 τοῦ
561 1227 718 1289 ποτὲ,
773 1226 868 1279 καὶ
916 1227 977 1280 τὺ
1028 1229 1151 1281 καθ’
1211 1228 1445 1299 ὕπαρξιν
1492 1231 1587 1285 τοῦ
1650 1233 1793 1286 κατὰ

210 1317 494 1386 στέρησιν,
529 1318 623 1371 καί⁷
655 1317 716 1370 τὸ
741 1318 1015 1389 τηλαυγὲς
1038 1320 1135 1373 τοῦ
1160 1322 1403 1392 ἀμυδροῦ
1434 1324 1666 1394 βέλτιον,
1695 1326 1792 1379 καὶ

217 1408 251 1476 ὴ
274 1409 442 1460 εἰκὼν
468 1409 575 1477 ἄρα
617 1408 844 1478 βελτίων
875 1411 976 1480 τῆς
1007 1414 1185 1476 σκιᾶς.
1250 1413 1413 1467 Ἀλλὰ
1463 1416 1570 1486 μὴν
1603 1416 1793 1471 αἰτῶν

218 1498 399 1564 ἁγίων
430 1499 581 1552 σκιαὶ
618 1499 715 1551 καὶ
754 1502 909 1568 ἅγιαι
947 1502 1041 1554 καὶ
1080 1504 1435 1574 ὀνησιφόροι·
1476 1508 1535 1560 αἱ
1586 1507 1793 1572 είκύνες

213 1589 403 1641 αὐτῶν
438 1590 545 1660 ἄρα
579 1590 757 1661 πολλῷ
795 1591 1000 1661 μᾶλλον
1031 1595 1332 1666 ἀγιώτεραι
1359 1597 1453 1649 καὶ
1486 1596 1795 1668 σεϐασμιὼ-

215 1696 277 1732 τε
285 1696 399 1750 ραι.

308 1772 367 1824 '0
398 1773 496 1841 μὲν
528 1773 766 1844 Χριστὸς
799 1776 993 1846 ὁρᾶται
1032 1776 1088 1830 ὲν
1111 1780 1178 1849 τῇ
1224 1779 1391 1834 εἰκόνι
1429 1780 1621 1847 αὑτοῦ,
1658 1781 1797 1853 αὑτὴ

214 1859 278 1915 δὲ
306 1863 600 1930 ὑφίσταται
624 1868 681 1919 έν
715 1868 885 1937 αὐτῷ.

1893 678 2108 747 quidem
2143 680 2343 735 Christi
2376 682 2440 736 ab
2467 683 2583 750 ipso
2617 682 3025 754 sejungijpotest
3046 724 3061 747 ,
3093 685 3187 739 sed
3216 684 3479 753 quemad-

1892 765 2109 818 modum
2174 766 2360 822 umbra
2410 767 2539 824 solis
2592 784 2817 825 accessu
2891 772 3239 844 perspicitur,
3294 772 3374 829 sic
3424 782 3479 830 et

1894 854 2071 925 imago
2091 854 2289 912 Christi
2315 860 2553 914 materiae
2600 861 2976 929 impressione.

1962 946 2093 1000 Cum
2130 947 2239 1003 duo
2282 951 2427 1005 circa
2482 967 2679 1022 corpus
2726 955 3159 1022 considerentur,
3205 958 3393 1012 umbra
3425 964 3481 1013 et

1895 1036 2095 1107 imago,
2144 1040 2331 1095 umbra
2376 1042 2591 1111 quidem
2622 1041 2895 1099 hominem
2951 1046 3254 1111 obscurius,
3298 1048 3478 1117 imago
3556 1046 3559 1049 λ

1894 1137 2075 1182 autem
2098 1129 2297 1185 clarius
2321 1130 2515 1197 refert;
2541 1132 2723 1201 itaque
2751 1133 2794 1186 si
2814 1132 2867 1187 id
2882 1136 3022 1204 quod
3052 1150 3265 1204 semper
3292 1146 3481 1201 est,eo

1894 1221 2037 1287 quod
2062 1231 2147 1275 est
2177 1221 2501 1292 aliquando;
2533 1233 2588 1279 et
2610 1224 2662 1279 id
2693 1226 2834 1294 quod
2859 1240 2957 1295 per
2974 1227 3265 1280 essentiam
3291 1235 3397 1290 est,
3416 1242 3482 1281 eo

1894 1311 2033 1377 quod
2064 1322 2145 1366 est
2170 1329 2265 1380 per
2297 1315 2681 1384 privationem;
2715 1327 2768 1372 et
2801 1317 2851 1371 id
2878 1318 3020 1387 quod
3056 1328 3138 1373 est
3166 1318 3392 1383 clarum,
3417 1323 3482 1373 eo

1895 1402 2035 1469 quod
2049 1405 2452 1472 estobseurum,
2474 1411 2814 1478 praestantius
2832 1420 2912 1465 est
2941 1427 2955 1463 :
2980 1419 3284 1465 sanctorum
3305 1419 3482 1465 autem

1896 1495 2099 1548 umbra:
2122 1506 2173 1549 et
2203 1506 2402 1552 sauctte
2440 1507 2565 1553 sunt
2619 1508 2671 1555 et
2718 1498 3030 1567 salutiferas,
3093 1500 3356 1568 imagines
3402 1501 3483 1570 ip-

1894 1603 2077 1643 sorum
2100 1592 2281 1661 utique
2311 1592 2608 1648 sanctiores
2648 1601 2809 1648 erunt
2840 1591 3008 1647 nmlto
3036 1601 3089 1646 et
3122 1590 3487 1646 venerabilio-

1905 1692 1992 1732 res
2000 1717 2015 1732 ο

1966 1768 2222 1825 Christus
2244 1770 2407 1826 insua
2439 1771 2611 1843 ipsius
2637 1771 3149 1843 cerniturimagine;
3186 1771 3364 1842 imago
3393 1787 3490 1827 au-

1899 1870 2006 1918 tem
2041 1863 2094 1917 in
2121 1863 2238 1933 ipso
2268 1864 2541 1920 consistit.

295 1954 409 2024 Οὐχ
440 1953 515 2017 ὡς
565 1955 721 2020 θεοὺς
752 1958 853 2022 τὰς
900 1960 1117 2025 εἰκόνας
1178 1962 1623 2034 προσκυνοῦμεν,
1668 1965 1792 2019 οὐδὲ

1966 1953 2229 2023 Imagines
2254 1969 2359 2009 non
2380 1955 2670 2010 adoramus
2698 1964 2757 2010 ut
2781 1955 2933 2021 deos,
2962 1968 3063 2009 nec
3105 1954 3295 2011 salutis
3338 1969 3488 2023 spem

219 2044 321 2106 τὰς
361 2045 584 2108 ἐλπίδας
618 2047 718 2115 τῆς
763 2052 1042 2121 σωτηρίας
1088 2055 1146 2104 ὲν
1198 2054 1390 2116 αὑταῖς
1418 2054 1640 2124 ἔχομεν,
1671 2056 1795 2109 aest

220 2136 283 2187 τὸ
324 2137 467 2188 θεῖον
496 2136 658 2200 σέϐας
686 2140 1059 2211 άπονέμομεν·
1096 2141 1258 2195 τοῦτο
1292 2144 1400 2212 γὰρ
1427 2145 1477 2195 οἱ
1500 2144 1760 2209 ’Έλληνες
1779 2161 1793 2175 ⁶

222 2227 363 2279 ἀλλὰ
399 2229 561 2299 μόνον
611 2227 708 2299 τὴν
740 2230 927 2300 σχέσιν
956 2233 1047 2285 καὶ
1094 2233 1195 2303 τὴν
1236 2234 1458 2302 ἀγάπην
1508 2236 1605 2304 τῆς
1639 2235 1798 2305 ἡμῶν

224 2318 427 2389 ψυχῆς,
474 2320 541 2390 ἢν
581 2320 779 2391 ἔχομεν
830 2324 968 2392 πρὸς
1018 2326 1086 2378 τὰ
1129 2327 1490 2395 πρωτότυπα,
1549 2328 1641 2381 διὰ
1694 2330 1797 2400 τῆς

225 2410 487 2481 τοιαύτης
536 2418 969 2483 προσκυνήσεως
1024 2418 1419 2488 ὲμφανίζομεν.
1493 2420 1656 2473 Ὅθεν
1705 2420 1800 2474 τοῦ

228 2505 580 2572 χαρακτῆρος
620 2503 982 2573 λειανθέντος,
1016 2507 1093 2571 ὼς
1140 2507 1295 2572 ξύλον
1331 2509 1499 2579 ἀργὸν
1532 2512 1630 2580 τήν
1664 2527 1800 2564 ποτε

229 2592 614 2661 κατακαίομεν
656 2595 864 2652 εἰκόνα.

300 2684 406 2735 Τὸν
427 2685 521 2737 τοῦ
568 2689 805 2754 σταυροῦ
840 2689 1008 2742 τύπον
1041 2692 1104 2744 ἐκ
1142 2690 1237 2744 δύο
1278 2690 1454 2757 ξύλων
1493 2692 1799 2747 συνάπτον-

230 2792 346 2841 τες,
379 2777 544 2846 ἡνίκα
569 2796 650 2842 τις
691 2782 822 2849 ἡμῖν
869 2782 979 2834 τῶν
1028 2784 1279 2837 ἀπίστων
1321 2785 1695 2852 ἐγκαλέσειεν,
1728 2786 1805 2850 ὡς

233 2869 395 2932 ξύλον
422 2872 810 2939 προσκυνοῦσι,
842 2873 1123 2943 δυνάμεθα
1147 2876 1215 2929 τὰ
1247 2875 1340 2929 δύο
1371 2877 1501 2941 ξύλα
1532 2880 1806 2948 χωρίσαν-

230 2979 347 3026 τες,
375 2963 469 3014 xa‘t
496 2962 589 3016 τὸν
627 2964 800 3017 τύπον
827 2963 920 3017 τοῦ
955 2965 1194 3036 σταυροῦ
1237 2966 1606 3032 διαλύσαντες,
1636 2968 1809 3023 ταῦτα

233 3052 484 3120 νομίζειν
516 3053 662 3123 ἀργὰ
690 3053 844 3119 ξύλα,
880 3057 977 3107 καὶ
1011 3057 1101 3107 τὸν
1144 3057 1373 3110 ἄπιστον
1403 3057 1806 3127 ἐπιστομίζειν,

232 3142 319 3195 ὅτι
349 3143 411 3195 ού
444 3143 506 3196 τὸ
546 3143 723 3209 ξύλον,
768 3145 903 3199 ἀλλὰ
945 3146 1036 3199 τὸν
1076 3146 1169 3200 τοῦ
1226 3146 1465 3220 σταυροῦ
1496 3151 1669 3203 τύπον
1714 3165 1810 3202 σε·

234 3233 473 3302 εόμεθα.
772 3294 785 3299 Ὦ

309 3326 418 3379 Σὺν
449 3325 599 3396 φόϐῳ
627 3328 717 3380 καὶ
750 3326 981 3399 ἀληθείᾳ
1005 3330 1320 3399 προσιτέον,
1350 3336 1446 3385 καὶ
1486 3350 1800 3404 προσκυνη-

236 3415 362 3467 τέον
385 3418 482 3478 τὰς
506 3417 665 3485 ἁγίας
689 3419 931 3483 εἰκόνας,
967 3422 1063 3473 καὶ
1098 3423 1418 3477 πιστευτέον
1461 3424 1622 3494 χάριν
1650 3425 1804 3479 θείαν

235 3507 529 3577 ἐπιφοιτᾷν
560 3508 749 3571 αὑταῖς
780 3509 1061 3579 ἁγιασμοῦ
1105 3513 1493 3583 μεταδοτικήν.

314 3599 528 3669 Ὥσπερ
578 3601 720 3653 κατὰ
785 3602 949 3670 φύσιν
1017 3604 1322 3675 ἀχωρίστου
1378 3606 1650 3678 μενούσης
1706 3608 1807 3677 τῆς

240 3688 409 3754 ἁγίας
427 3686 677 3756 Τριάδος,
704 3690 937 3761 ἐπειδὴὸ
962 3686 1091 3755 Υἱὸς
1116 3694 1430 3766 ὲσαρκὼθη,
1463 3698 1524 3749 οὔ
1548 3696 1634 3750 διὰ
1651 3696 1812 3751 τοῦτο

240 3780 409 3846 φήσει
445 3795 528 3839 τις
559 3780 654 3831 καὶ
683 3779 773 3831 τὸν
806 3782 1042 3851 Πατέρα,
1081 3784 1256 3837 καὶτὸ
1282 3787 1504 3857 Πνεῦμα
1528 3790 1814 3859 σεσαρκῶο

245 3871 390 3923 σθαι*
441 3869 583 3924 οὕτω
617 3871 740 3923 καθ’
765 3873 1062 3928 ὑπόστασιν
1096 3876 1396 3948 ὲνωθσίσης
1415 3880 1514 3949 τῆς
1559 3879 1813 3950 θεότητος

243 3967 311 4033 τῇ
346 3965 731 4035 ἀνθρωπότητι
764 3966 859 4018 τοῦ
886 3967 1037 4033 Υίοῦ,
1066 3971 1159 4021 καὶ
1189 3970 1495 4040 ἀδιαιρέτου
1524 3974 1811 4043 μενούσης,

218 4056 348 4107 δὀὐκ
371 4055 561 4125 ἐπειδὴ
593 4058 655 4110 τὸ
685 4057 1028 4126 ἀνθρώπινον
1058 4062 1223 4113 αὑτοῦ
1262 4065 1688 4133 περιγράφεται,
1717 4068 1813 4119 καὶ

244 4146 520 4215 γράφεται
549 4148 605 4200 ὲν
631 4149 818 4215 είκόνι,
842 4149 931 4203 διὰ
958 4151 1117 4204 τοῦτο
1141 4152 1237 4206 καὶ
1257 4153 1356 4221 τὴν
1399 4153 1628 4222 θεότητα
1648 4157 1815 4210 αὐτοῦ

248 4235 687 4305 περιγράψεσθαι
738 4241 833 4292 καὶ
869 4241 1179 4310 γράφεσθαι
1228 4244 1391 4312 φήσει
1428 4262 1532 4309 τις,
1561 4247 1676 4297 ἐκεῖ
1717 4249 1817 4315 μὲν

248 4326 347 4394 τῆς
373 4327 515 4379 κατὰ
550 4330 712 4395 φύσιν
748 4334 1045 4400 συναφείας
1072 4333 1145 4403 μὴ
1178 4336 1517 4406 συγχεούσης
1549 4337 1645 4400 τὰς
1684 4338 1819 4391 ὑπο.

253 4417 502 4484 στάσεις,
533 4419 769 4473 ἐνταῦθα
798 4423 854 4474 δὲ
904 4425 1003 4493 τῆς
1034 4424 1159 4476 καθ’
1212 4427 1510 4480 ὑπόστασιν
1572 4427 1819 4493 ἑνώσεως

253 4505 332 4576 μὴ
369 4507 664 4578 ἐξιστὼσηι,
693 4510 801 4562 τῶν
849 4511 1067 4564 οἰκείων
1104 4514 1244 4584 ὅρων
1273 4515 1371 4578 τὰς
1398 4515 1610 4583 φύσεις.
1654 4517 1820 4588 Ὅρος

1906 2046 1965 2100 in
1992 2045 2317 2115 imaginibus
2364 2047 2594 2117 positam
2649 2055 2704 2100 et
2732 2046 3048 2101 collocatam
3078 2046 3357 2113 habemus,
3392 2062 3493 2101 nec

1899 2136 2141 2206 gentium
2173 2151 2323 2192 more
2353 2138 2589 2192 divinum
2619 2138 2728 2194 illis
2774 2137 3033 2192 honorem
3059 2136 3366 2202 tribuimus;
3390 2140 3485 2191 sed

1899 2243 1991 2282 eas
2024 2238 2349 2283 venerantes
2378 2230 2540 2283 animi
2583 2230 2753 2285 nostri
2780 2228 3118 2284 adactionem
3163 2238 3217 2284 et
3244 2228 3491 2283 charita-

1903 2327 2010 2373 tem
2040 2335 2164 2387 erga
2191 2319 2515 2389 exemplaria
2541 2321 2998 2375 demonstremus.
3043 2321 3100 2375 id
3124 2336 3188 2375 ex
3218 2335 3282 2375 eo
3306 2320 3491 2389 colligi

1902 2418 2099 2478 potest.
2134 2413 2273 2479 quod
2304 2412 2535 2481 imagine
2566 2428 2597 2466 e
2626 2411 2769 2482 ligno
2796 2452 2810 2477 ,
2845 2413 2989 2484 quod
3021 2427 3141 2466 eam
3198 2412 3492 2479 aliquando

1904 2501 2341 2570 gerebatdeleta,
2406 2503 2607 2575 lignum
2645 2504 2818 2573 ipsum
2876 2512 2936 2560 ut
2967 2504 3160 2560 inutile
3205 2504 3257 2557 in
3311 2502 3488 2573 ignem

1904 2600 2247 2667 conjicimus.

1976 2688 2109 2742 Cum
2143 2689 2322 2744 crucis
2363 2691 2571 2760 signum
2606 2689 2818 2745 duobus
2849 2705 2879 2744 e
2902 2688 3062 2759 lignis
3114 2690 3491 2757 conficiatnus,

1906 2782 2125 2849 quando
2148 2795 2249 2834 nos
2290 2780 2592 2835 inﬁdelium
2619 2782 2818 2851 aliquis
2840 2781 3209 2849 reprehendit,
3245 2784 3388 2852 quod
3424 2783 3493 2836 li-

1907 2884 2068 2941 gnum
2099 2872 2407 2937 adoremus,
2449 2871 2591 2941 ligna
2625 2878 2961 2945 separantes,
2987 2879 3041 2926 et
3067 2872 3245 2928 crucis
3272 2871 3499 2940 signum

1908 2961 2287 3027 dissolventes,
2320 2976 2383 3016 ea
2410 2977 2694 3031 possumus
2719 2972 2776 3018 ut
2802 2963 2945 3033 ligna
2996 2964 3206 3018 inutilia
3266 2964 3493 3018 demono

1910 3061 2124 3118 strare;
2154 3062 2315 3121 atque
2356 3053 2430 3106 ita
2484 3067 2545 3107 os
2579 3051 2875 3144 inﬁdelium
2914 3051 3153 3120 ipsorum
3185 3054 3495 3115 obstruere,

1912 3157 2035 3198 cum
2072 3144 2250 3199 crucis
2287 3145 2522 3214 signum,
2548 3160 2659 3201 non
2703 3157 2881 3201 autem
2917 3145 3121 3216 lignum
3153 3159 3495 3201 veneremur.

1979 3325 2116 3382 Cum
2169 3326 2363 3384 timore
2404 3335 2460 3383 et
2510 3327 2737 3383 veritate
2787 3335 2993 3382 sanctae
3055 3327 3316 3396 imagines
3377 3335 3505 3382 sunt

1913 3418 2170 3475 adeundae
2204 3420 2596 3483 etadorandze,
2648 3429 2701 3475 et
2752 3419 3079 3474 credendum
3138 3426 3223 3473 est
3265 3416 3501 3472 divinam

1914 3512 2144 3581 gratiam
2159 3512 2462 3568 sanctitatis
2479 3512 2806 3581 largitricem
2838 3513 3110 3566 assiduam
3145 3511 3199 3564 in
3232 3510 3337 3565 illis
3358 3523 3501 3564 esse.

1987 3603 2445 3669 Quemadmodum
2480 3619 2602 3658 cum
2653 3614 2839 3658 saneta
2894 3604 3177 3657 Trinitatis
3208 3612 3399 3656 natura
3430 3603 3505 3656 sit

1917 3693 2313 3762 inseparabilis,
2342 3694 2479 3748 Filio
2506 3708 2722 3749 carnem
2758 3695 2966 3759 induto,
3007 3709 3165 3749 nemo
3198 3694 3411 3747 Patrem
3450 3705 3507 3750 et

1920 3784 2183 3854 Spiritum
2212 3799 2428 3840 carnem
2469 3784 2667 3840 dixerit
2702 3786 2964 3851 induisse,
3006 3786 3081 3840 ita
3104 3785 3383 3840 divinitate
3410 3800 3509 3853 per

1921 3889 2205 3944 personam
2240 3873 2362 3929 Filii
2388 3874 2708 3929 humanitati
2740 3876 3053 3945 conjuncta,
3086 3885 3141 3931 et
3190 3874 3504 3929 iudivisibili

1922 3979 2295 4039 permanente,
2339 3969 2589 4038 quamvis
2612 3968 2922 4024 humanitas
2944 3969 3065 4038 ejus
3084 3967 3506 4022 circumscriba-

1924 4068 2013 4114 tur
2064 4069 2116 4114 et
2140 4061 2476 4128 exprimatur
2499 4061 2753 4130 imagine,
2785 4077 2893 4116 non
2924 4070 3105 4116 tamen
3142 4059 3345 4114 ideirco
3369 4057 3510 4111 αἰτία

1926 4152 2067 4207 nitas
2096 4153 2259 4223 etiam
2294 4152 2461 4220 ipsius
2515 4153 2888 4207 circumscribi
2924 4162 2980 4207 et
3008 4152 3244 4222 imagine
3272 4149 3521 4218 exprimi

1926 4255 2121 4315 poteSt.
2154 4245 2267 4300 Illic
2291 4244 2433 4299 enim
2465 4244 2775 4313 conjunct'to
2799 4244 3063 4299 naturalis
3093 4242 3510 4297 noncoul‘undit

1928 4350 2222 4406 personas;
2258 4335 2344 4387 hic
2388 4341 2569 4387 autem
2620 4334 2747 4387 unio
2775 4348 2872 4402 per
2912 4348 3197 4403 personam
3234 4342 3520 4386 uaturase

1929 4426 2164 4495 propriis
2192 4424 2434 4478 terminis
2458 4439 2569 4478 non
2592 4424 2853 4478 excludit.
2887 4424 3198 4477 Divinitatis
3223 4424 3368 4477 enim
3403 4432 3517 4476 ter»

1930 4518 2106 4573 minus
2134 4525 2236 4581 est,
2268 4524 2323 4570 ut
2347 4516 2447 4569 sub
2475 4524 2753 4583 aspectum
2779 4529 2884 4569 non
2913 4513 3092 4580 cadat,
3124 4528 3222 4568 nec
3277 4516 3512 4566 circum.

249 4602 364 4667 γὰρ
398 4598 655 4668 θεότητος
685 4602 781 4670 μὲν
804 4603 866 4654 τὸ
894 4604 1126 4674 ἀόρατόν
1157 4622 1217 4657 τε
1258 4610 1352 4658 καὶ
1374 4609 1798 4678 ἁπερίγραπτον

1929 4608 2199 4663 scribatur
2232 4625 2249 4661 :
2283 4606 2634 4662 humanitatis
2662 4614 2867 4673 autem,
2901 4616 2960 4661 ut
2996 4615 3052 4659 et
3083 4604 3312 4674 perspici
3340 4603 3515 4672 possit

251 4690 666 4759 ἁνθρωπότητος
694 4690 749 4743 δὲ
781 4691 841 4743 τὸ
868 4693 1063 4763 ὁρατὸν
1088 4695 1184 4747 καὶ
1214 4697 1613 4767 περιγραπτόν.

329 4783 511 4835 Εἰδιὰ
569 4783 627 4835 τὸ
669 4784 757 4836 τὸν
812 4785 1046 4855 Χριστὸν
1100 4789 1266 4857 σαρκὶ
1328 4789 1711 4861 ἐσταυρῶσθαι
1767 4793 1828 4845 τὸ

254 4876 707 4940 συμπεπονθέναι
737 4877 832 4929 καὶ
861 4880 962 4947 τὴν
990 4877 1220 4949 θεότητα
1251 4880 1433 4947 λέγειν
1466 4885 1683 4947 άσεεὲς,
1717 4889 1827 4955 ἄρα

254 4965 356 5018 καὶ
390 4966 479 5019 διὰ
503 4967 564 5018 τὸ
594 4967 761 5038 σαρκὶ
788 4970 1227 5040 περιγράφεσθαι
1255 4973 1419 5028 αὐτὸν
1445 4976 1506 5028 τὸ
1547 4993 1826 5046 συμπερι-

254 5056 568 5126 γράφεσθαι
593 5058 686 5111 καὶ
730 5058 826 5129 τὴν
875 5060 1104 5132 θεότητα
1163 5063 1344 5131 λέγειν
1380 5067 1579 5136 ὁμοίως
1609 5070 1826 5136 άσεὸὲς,

258 5148 486 5201 κάκεῖνο
517 5149 615 5218 μὲν
640 5148 1051 5221 Θεοπασχιτῶν,
1083 5152 1238 5207 τοῦτο
1259 5154 1316 5208 δὲ
1347 5156 1753 5228 Είκονομάχων.

388 5256 415 5265 -ε

336 5411 416 5481 Τῇ
449 5410 620 5480 πολλῇ
648 5411 742 5464 καὶ
776 5412 1045 5483 ἀφράστῳ
1072 5413 1208 5483 πρὸς
1229 5415 1318 5467 τὸν
1365 5417 1600 5488 Χριστὸν
1625 5424 1829 5494 στοργῇ

263 5504 563 5574 σεϐόμεθα,
597 5504 689 5555 καὶ
722 5505 1138 5577 προσκυνοῦμεν
1164 5507 1257 5560 καὶ
1288 5508 1414 5571 τοὺς
1466 5509 1664 5574 τόπους
1704 5510 1832 5567 ἔνθα

261 5596 698 5666 περιεπάτησεν,
724 5597 756 5664 ἢ
784 5598 1062 5660 ἐκάθισεν,
1096 5598 1158 5650 οὐ
1196 5600 1322 5663 τοὺς
1355 5601 1555 5666 τόπους
1589 5619 1834 5674 προσκυ-

263 5687 485 5747 νοῦντες
509 5684 715 5747 ἁπλῶς,
745 5685 880 5739 ἀλλὰ
906 5687 975 5740 δι’
1020 5688 1200 5742 αὐτῶν
1229 5690 1323 5743 τὸν
1358 5693 1415 5745 ὲν
1464 5692 1649 5757 αὐτοῖς
1702 5696 1833 5748 ἀνα.

267 5775 608 5843 στραφέντα,
652 5774 747 5827 καὶ
791 5773 876 5830 διὰ
924 5777 1031 5832 τῶν
1063 5778 1239 5833 τόπων
1272 5780 1469 5851 ἐκείνῳ
1524 5783 1622 5853 τὴν
1666 5788 1833 5857 τιμὴν

268 5866 659 5935 ἀναφέροντες.

1929 4709 1980 4754 et
2012 4697 2415 4752 circumscribi.

2001 4790 2085 4854 Si,
2105 4788 2231 4857 quia
2252 4787 2499 4842 Christus
2518 4785 2810 4843 cruciﬁxus
2839 4795 2924 4842 est
2960 4800 3142 4848 carne.
3173 4785 3518 4841 divinitatem

1930 4879 2270 4935 simuletiam
2312 4892 2523 4948 passam
2549 4894 2671 4934 esse
2697 4878 2878 4934 dicere
2902 4878 3125 4948 impium
3153 4887 3259 4945 est,
3286 4878 3519 4947 impium.

1932 4971 2058 5023 item
2109 4980 2193 5024 est
2222 4970 2400 5024 dicere
2430 4969 2772 5025 divinitatem
2830 4971 3223 5043 circumscribi,
3252 4971 3510 5040 queniam

1934 5063 2046 5130 ipse
2080 5076 2241 5117 carne
2268 5061 2758 5119 circumscribitur.
2806 5062 2940 5116 Illud
2973 5063 3115 5117 enim
3150 5061 3226 5116 illi
3270 5061 3513 5116 sentiunt

1934 5152 2197 5217 haeretici,
2224 5152 2317 5222 qui
2349 5152 2513 5205 Deum
2542 5153 2814 5222 patibilem
2844 5159 3115 5213 asserunt,
3144 5161 3200 5206 et
3226 5160 3510 5221 propterea

1933 5254 2195 5300 vocantur
2227 5240 2655 5312 TheOpaschitae.
2692 5243 2809 5297 Hoc
2846 5252 3026 5297 autem
3047 5241 3289 5296 sentiunt
3320 5242 3513 5311 imagi-

1933 5348 2058 5386 num
2090 5340 2510 5400 oppugnatores,
2544 5330 2633 5401 qui
2673 5329 3011 5385 lconomaclti
3034 5330 3415 5385 nominantur.

2001 5421 2191 5492 Magna
2215 5434 2373 5493 atque
2393 5422 2691 5478 incredibili
2710 5437 2835 5490 erga
2853 5421 3124 5477 Christum
3144 5421 3514 5476 benevolentia

1934 5514 2147 5567 adducti
2182 5528 2499 5568 veneramur
2521 5522 2576 5568 et
2605 5513 2897 5567 adoramus
2932 5511 3100 5567 etiam
3140 5512 3281 5576 loca,
3307 5512 3361 5565 in
3390 5513 3512 5579 qui-

1934 5604 2034 5659 bus
2072 5603 2186 5673 ipse
2236 5604 2527 5659 ambulavit
2580 5616 2635 5659 et
2680 5605 2848 5670 sedit,
2897 5613 3218 5659 nontamen
3263 5618 3327 5657 ea
3394 5602 3519 5657 loca

1934 5698 2246 5768 simpliciter
2271 5698 2578 5763 adorantes,
2629 5697 2727 5753 sed
2747 5712 2840 5768 per
2864 5698 2974 5766 ipsa
3003 5711 3127 5752 eum
3157 5696 3249 5765 qui
3304 5696 3358 5751 in
3383 5695 3513 5764 ipsis

1936 5798 2180 5847 versatus
2198 5795 2301 5849 est.
2332 5791 2507 5862 Atque
2529 5792 2598 5847 ita
2629 5806 2723 5861 per
2753 5792 2867 5847 loca
2908 5789 3167 5846 honorem
3188 5788 3291 5859 ipsi
3325 5788 3515 5843 tribui-

1939 5899 2056 5935 lllllS
2072 5916 2081 5928 -
