3952 6544
255 390 389 454 1173
500 364 505 368 ἡ
1165 398 1546 461 PANOPLIA
1586 400 2140 466 DOGMATICAz—
2178 406 2331 467 TIT.
2364 405 2590 471 XXIII.
2796 389 2805 401 ’
3380 402 3517 466 1174

252 509 347 558 καὶ
380 505 475 561 ἐπὶ
501 505 602 576 τῆς
632 506 1009 578 Θεομήτορος.
1051 507 1117 562 Ἢ
1146 511 1256 582 γὰρ
1286 512 1367 575 εἰς
1400 512 1572 583 αὐτὴν
1592 513 1729 585 τιμὴ
1750 514 1829 578 εἰς

1954 514 2198 571 Similiter
2224 526 2278 572 et
2305 532 2391 573 res
2427 532 2455 571 a
2479 516 2679 573 sanctis
2706 514 2914 572 fortiter
2957 526 3137 585 gestas
3191 514 3518 585 imaginibus

251 598 345 650 τὶν
365 598 427 662 ἐξ
457 598 633 669 αὐτῆς
666 601 1025 671 σαρκωθέντα
1062 603 1352 671 ἀνάγεται.
1394 604 1633 674 Ὁμοίως
1655 604 1712 658 δὲ
1733 605 1830 659 καὶ

1954 607 2293 677 :xplicamus,
2314 618 2425 663 tum
2454 619 2512 662 ut
2542 623 2639 664 nos
2673 606 2738 662 ad
2767 592 3136 662 fortitudinem
3181 614 3235 662 et
3261 606 3515 661 virtutem

255 692 325 740 τὰ
358 689 532 758 ἁγίων
558 691 1036 764 ἀνδραγαθήμασι-α
1067 697 1434 767 εἰκονίζομεν,
1468 697 1837 767 ἑπαλείφοντα

1958 713 2177 769 psorum
2236 701 2591 754 aetnulandam
2654 710 2815 770 atque
2869 698 3191 754 imitandam
3268 699 3520 762 incitent,

254 783 406 850 ημᾶς
462 783 602 855 πρὸς
636 785 884 856 ἀνδρίαν,
935 790 1030 842 καὶ
1076 790 1263 858 ζῆλον,
1310 792 1406 844 καὶ
1459 792 1694 861 μίμησιν
1727 791 1831 861 τῆς

1960 807 2047 845 um
2076 792 2140 846 ad
2171 792 2397 863 gloriam
2436 793 2549 850 Dei.
2582 791 2716 848 Nam
2756 793 2949 860 honor,
2981 802 3039 846 ut
3066 791 3327 857 diximus,
3355 804 3518 861 quem

251 874 439 928 αὐτῶν
471 877 695 948 ἀρετῆς,
727 880 824 934 καὶ
852 878 1014 946 δόξαν
1043 882 1201 936 Θεοῦ.
1256 882 1346 945 Ὦς
1390 883 1500 953 γὰρ
1524 883 1758 954 ἔφημεν.
1797 885 1831 955 ἡ

1954 882 2102 948 gratis
2131 882 2222 937 Dei
2262 884 2539 939 conservis
2564 884 2849 952 habemus,
2907 884 3111 940 amoris
3125 897 3251 954 erga
3273 898 3520 938 cominus

254 966 394 1032 πρὸς
421 966 547 1031 τοὺς
584 968 939 1041 εὐγνώμονας
969 973 1079 1026 τῶν
1102 972 1410 1044 ὁμοδούλων
1443 974 1581 1044 τιμὴ
1610 975 1833 1029 ἀπόδει-

253 1056 339 1120 ξιν
373 1059 489 1131 ἔχει
515 1062 618 1130 τῆς
650 1065 789 1132 πρὸς
810 1066 904 1119 τὸν
934 1066 1118 1120 κοινὸν
1144 1067 1427 1137 Δεσπότην
1448 1067 1689 1131 εὐνοίας.
1722 1067 1834 1120 Kal.

254 1152 289 1220 ἡ
326 1155 423 1224 τῆς
448 1156 661 1219 είκόνος
690 1158 829 1230 τιμὴ
875 1160 956 1221 εἰς
1002 1159 1066 1214 τὸ
1122 1162 1487 1231 πρωτότυπον
1538 1160 1832 1216 διαϐαίνει.

258 1247 423 1300 Ἔστι
460 1248 520 1301 δὲ
548 1250 801 1320 ἄγραφος
832 1252 864 1321 ἡ
892 1253 1219 1322 παράδοσις,
1250 1254 1439 1325 ὥσπερ
1465 1256 1563 1309 καὶ
1603 1253 1663 1307 τὸ
1691 1252 1837 1307 κατὰ

253 1337 532 1403 ἀνατολὰς
564 1346 924 1410 προσκυνεῖν,
959 1345 1056 1396 καὶ
1089 1344 1151 1397 τὸ
1176 1348 1509 1417 προσκυνεῖν
1542 1344 1637 1400 τὸν
1669 1362 1833 1398 σταυο

256 1422 372 1501 ρδν,
411 1434 506 1487 καὶ
541 1434 705 1502 ἕτερα
732 1435 962 1490 πλεῖστα
992 1437 1205 1500 τούτοις
1227 1440 1409 1509 ὅμοια.

326 1524 557 1595 Φέρεται
586 1526 641 1580 δὲ
662 1539 754 1579 και
781 1544 870 1591 τις
904 1529 1133 1599 ίστορία,
1177 1529 1252 1595 ώς
1282 1530 1312 1582 ό
1358 1530 1585 1600 Κύριος,
1646 1531 1835 1598 Αὐτα-

257 1631 356 1681 ρου
386 1615 482 1670 τοῦ
515 1616 615 1687 τῆς
667 1616 1243 1691 Ἐδεσσηνῶνπόλεως
1284 1622 1689 1692 βασιλεύοντος,
1727 1625 1837 1689 ζω-

252 1709 473 1778 γράφον
527 1712 956 1777 ἀποστείλαντος
1004 1715 1107 1786 τὴν
1148 1714 1244 1769 τοῦ
1296 1715 1508 1784 Κυρίου
1543 1718 1837 1787 ὁμοιογρα-

253 1800 431 1869 φῆσαι
465 1802 677 1867 εἰκόνα,
712 1806 789 1875 μὴ
813 1804 1138 1874 δυνηθέντος
1162 1803 1259 1858 τοῦ
1300 1804 1597 1875 ζωγράφου
1619 1805 1708 1859 διὰ
1736 1806 1839 1875 τὴν

258 1892 708 1949 ἀποστίλϐουσαν
755 1895 851 1949 τοῦ
911 1896 1212 1967 προσώπου
1260 1896 1645 1968 λαμπρότητα,
1676 1898 1839 1961 αὐτὸς

256 1984 485 2053 ἰμάτιον
518 1986 596 2057 τῷ
625 1987 813 2057 οἰκείῳ
844 1989 1149 2060 προσώπῳ,
1178 1988 1259 2060 τῷ
1299 1989 1428 2059 θείῳ
1463 1992 1559 2044 καὶ
1590 1990 1838 2060 ζωοποιῷ

254 2076 493 2143 ἐπιθεὶς,
524 2078 911 2149 ὲναπεμάξατο
938 2080 1016 2151 τῷ
1048 2082 1253 2152 ίματίῳ
1284 2081 1345 2136 τὸ
1376 2082 1575 2136 ἑαυτοῦ
1606 2084 1838 2136 ἀπεικό-

254 2186 449 2239 νισμα,
483 2171 578 2224 καὶ
609 2171 783 2235 οὕτως
810 2172 1099 2227 ἀπέστειλε
1136 2175 1292 2229 τοῦτο
1319 2174 1576 2229 ποθοῦντι
1604 2175 1682 2246 τῷ
1734 2178 1838 2229 Αὑ-

258 2270 445 2332 γαρῳ.
481 2263 609 2316 Ὀτι
646 2264 703 2317 δὲ
737 2265 833 2318 καὶ
877 2266 1107 2321 πλεῖστα
1146 2269 1196 2321 οἰ
1238 2268 1528 2323 ἀπόστολοι
1572 2269 1841 2340 ἀγράφως

258 2355 708 2426 παραδεδώκασι,
734 2357 944 2428 γράφει
971 2358 1180 2424 Παῦλος
1204 2361 1234 2414 ὁ
1264 2361 1385 2414 τῶν
1404 2361 1574 2414 ἐθνῶν
1607 2362 1842 2417 ἀπόστο-

256 2448 523 2518 λο;·Ἀρα
542 2446 682 2517 οὖν,
717 2452 993 2521 ἀδελφοὶ,
1016 2452 1273 2520 στήκετε
1292 2454 1539 2521 ἑδραῖοι,
1577 2457 1676 2510 καί
1696 2471 1840 2523 κρα-

256 2538 417 2593 τεῖτε
445 2543 553 2606 τὰς
579 2543 951 2610 παραδόσεις
997 2544 1190 2613 ἡμῶν,
1225 2544 1299 2610 ἃς
1336 2545 1690 2615 ἐδιδάχθητε
1718 2548 1841 2602 εἴτε

256 2627 359 2683 διὰ
383 2631 573 2700 λόγου
601 2631 721 2686 εἴτε
742 2632 1161 2705 δι’ὲπιστολης
1187 2634 1380 2703 ἡμῶν.
1410 2638 1524 2691 Καὶ
1559 2639 1697 2709 πρὸς
1730 2639 1841 2692 Ko-

260 2723 540 2792 ρινθίουςνῖ
555 2727 812 2783 Ἐπαινῶ
834 2728 904 2781 δὲ
926 2729 1381 2799 ύμᾶς,ἀδελφοί,
1400 2730 1489 2784 ὅτι
1508 2732 1705 2786 πάντα
1725 2750 1841 2800 μου

254 2815 589 2884 μέμνησθε,
620 2821 719 2873 καὶ
760 2820 959 2887 καθὼς
986 2821 1303 2890 παρέδωκα
1346 2821 1490 2891 ὑμῖν
1519 2823 1625 2889 τὰς
1657 2840 1846 2892 παρα-

256 2906 489 2974 δόσεις,
523 2910 827 2980 κατέχετε.

914 3003 1175 3072 Ἐτέρου.

333 3094 457 3147 Τῶν
478 3096 576 3163 μὲν
604 3095 913 3165 βδελυκτῶν
938 3096 1174 3154 εἰδώλων
1203 3099 1271 3156 τὰ
1295 3100 1629 3169 πρωτότυπα
1644 3099 1838 3169 ψευδῆ.

1940 989 2063 1028 nem
2120 976 2406 1030 Dominum
2465 976 2723 1031 indicium
2780 986 2886 1032 est.
2941 975 3005 1031 Et
3043 973 3297 1045 imaginis
3348 975 3521 1031 honor

1940 1065 2132 1120 transit
2164 1068 2230 1120 ad
2255 1067 2551 1137 exemplar.
2579 1065 2672 1122 Est
2699 1075 2873 1121 autem
2900 1067 3203 1122 institutum
3239 1080 3345 1120 non
3384 1066 3522 1121 sori-

1940 1168 2111 1225 ptnm.
2142 1158 2238 1213 sed
2273 1174 2369 1228 per
2410 1174 2604 1215 manus
2643 1162 2944 1224 traditum;
2976 1160 3429 1230 quemadmodum
3468 1168 3524 1213 et

1940 1249 2091 1313 illud,
2114 1252 2256 1319 quod
2280 1252 2345 1305 ad
2363 1251 2638 1306 'orieutem
2662 1253 2913 1307 conversi
2946 1266 3247 1319 precamur,
3273 1251 3526 1322 quodque

1940 1354 2159 1396 erucem
2196 1343 2573 1409 adoramus,et
2611 1343 2715 1399 alia
2749 1342 2979 1414 plurima
3016 1344 3099 1399 his
3126 1344 3347 1399 similia.

2015 1520 2332 1591 Quanquam
2372 1534 2423 1577 et
2451 1523 2678 1579 historia
2703 1525 2937 1595 quadam
2984 1526 3251 1595 proditum
3276 1535 3379 1590 est,
3404 1540 3527 1581 cum

1943 1610 2339 1670 Edessenorum
2374 1616 2612 1673 civitatis
2649 1633 2741 1673 rex
2779 1619 3027 1689 Angarus
3049 1618 3307 1688 pietorcm
3351 1618 3529 1672 misis-

1944 1717 2049 1769 set,
2076 1706 2167 1775 qui
2195 1706 2409 1763 Doniini
2463 1707 2752 1778 imaginem
2803 1710 3076 1779 pingeret,
3096 1709 3252 1777 isque
3307 1716 3529 1777 propter

1941 1793 2230 1866 fulgentem
2283 1797 2463 1850 vultus
2510 1797 2848 1866 splendorem
2880 1796 2933 1851 id
2953 1798 3166 1867 assequi
3196 1811 3300 1851 non
3330 1805 3530 1867 posset,

1943 1884 2229 1940 Dominum
2264 1887 2439 1957 ipsum
2468 1887 2549 1941 ori
2579 1901 2678 1941 suo
2708 1887 2894 1942 divino
2941 1896 3106 1954 atque
3135 1889 3277 1941 almo
3310 1886 3529 1956 pallium

1937 1978 2266 2044 admovisse,
2287 1978 2340 2032 in
2379 1993 2555 2048 eoque
2570 1979 2844 2049 propriam
2870 1981 3160 2049 imaginem
3213 1991 3531 2048 espressam

1938 2070 2006 2123 ad
2034 2070 2311 2139 Angarum
2346 2070 2580 2135 misisse,
2609 2070 2701 2138 qui
2755 2068 2898 2123 illius
2924 2070 3194 2125 desiderio
3222 2071 3528 2124 tenebatur.

1938 2161 2093 2228 Quod
2128 2173 2308 2216 autem
2375 2162 2544 2215 multa
2609 2164 2679 2216 ab
2738 2162 3000 2231 apostolis
3036 2177 3143 2216 non
3176 2164 3397 2227 scripta,
3433 2165 3531 2217 sed

1939 2268 2035 2322 per
2061 2267 2255 2307 manus
2286 2253 2483 2307 tradita
2540 2253 2670 2317 sint,
2720 2254 2918 2308 Paulus
2963 2255 3199 2323 gentium
3260 2254 3534 2323 apostolus

1938 2343 2127 2398 scribit
2157 2361 2170 2397 :
2202 2343 2407 2414 Itaque,
2428 2344 2641 2412 fratres.
2668 2345 2935 2414 inquiens,
2960 2355 3094 2399 state
3115 2354 3163 2399 et
3182 2353 3345 2399 tenete
3368 2343 3535 2398 tradi-

1942 2435 2107 2489 tiones
2136 2446 2367 2502 nostras,
2391 2452 2521 2506 quas
2545 2436 2806 2490 didicistis
2829 2439 2933 2491 sine
2984 2455 3077 2505 per
3096 2454 3409 2502 sermonem,
3432 2438 3535 2492 sive

1940 2546 2031 2598 per
2068 2530 2345 2598 epistolam
2379 2533 2680 2584 nostram‘.
2706 2531 2774 2585 Ει
2802 2533 2867 2584 ad
2896 2531 3211 2586 ϐοτὶιιιίιίυε
3259 2548 3273 2585 :
3326 2530 3534 2594 Laudo,

1940 2623 2134 2691 inqut,
2166 2640 2273 2688 vos,
2297 2624 2435 2692 quod
2451 2638 2542 2692 per
2561 2625 2736 2675 omnia
2766 2625 2865 2676 mei
2882 2640 3129 2677 memores
3156 2625 3299 2687 estis,
3330 2635 3376 2678 et
3400 2625 3535 2677 sicut

1943 2714 2142 2769 tradidi
2171 2714 2336 2781 vobis,
2371 2713 2688 2769 traditiones
2713 2729 2857 2769 meas
2899 2716 3083 2769 tenetis
3114 2714 3156 2767 '.

2614 3006 2867 3061 Alterius.

2017 3092 2423 3152 Detestabilium
2454 3096 2720 3152 idolorum
2753 3097 3078 3168 exemplaria
3103 3108 3225 3152 sunt
3257 3098 3388 3153 falsa
3414 3115 3428 3155 :
3460 3097 3536 3153 dii

260 3185 379 3239 θ-οὶ
435 3188 532 3255 μὲν
562 3187 968 3258 ὀνομαζόμενα,
1024 3192 1282 3262 δαίμονες
1323 3192 1382 3246 δὲ
1418 3192 1587 3246 ὄνταο
1628 3193 1737 3246 τῶν
1789 3192 1846 3247 δὲ

1954 3188 2096 3245 enim
2157 3201 2442 3257 vocantur,
2497 3206 2620 3246 cum
2667 3191 2938 3247 daemones
2970 3190 3098 3245 sint.
3136 3189 3539 3245 Venerabilium

261 3281 482 3334 σεπτῶν
511 3282 736 3336 εἰκόνων
764 3284 939 3355 ἀληθῆ
983 3285 1052 3338 τὰ
1083 3286 1397 3356 ἀρχέτυπα.
1432 3288 1548 3355 Τῆς
1584 3288 1685 3356 μὲν
1730 3288 1846 3358 γὰρ

256 3373 293 3428 ὁ
323 3374 556 3443 Χριστὸς
580 3375 723 3428 κατά
760 3376 819 3428 τὸ
848 3376 1217 3446 ἀνθρώπινον,
1266 3379 1365 3448 τῆς
1397 3379 1454 3432 δὲ
1491 3381 1524 3450 ἠ
1555 3379 1847 3447 Θεοτὸκος,

259 3469 361 3521 καὶ
390 3468 498 3520 τῶν
526 3467 701 3521 ἄλλων
728 3470 959 3523 εἰκόνων
1013 3474 1061 3524 οἰ
1103 3471 1333 3535 ταύταις
1375 3472 1844 3543 ἐπιφημιζόμενοι

261 3557 435 3624 ἅγιοι.
462 3557 573 3610 Καὶ
603 3552 768 3613 αὗται
806 3559 906 3629 μὲν
941 3560 1157 3614 ἐοίκασι
1186 3562 1299 3624 τοῖς
1331 3562 1741 3631 πρωτοτύποις,
1764 3564 1847 3617 διὸ

260 3656 362 3703 καὶ
402 3649 611 3715 εἰκόνες
643 3651 721 3714 ὡς
763 3650 1092 3722 ὁμοιώματα
1114 3668 1132 3685 ο
1167 3655 1356 3707 ἐκεῖνα
1408 3653 1467 3708 δὲ
1497 3655 1849 3711 παντάπασιν

261 3745 537 3808 ἁνοίκεια,
571 3740 649 3799 ῶν
681 3742 823 3799 εἰναι
870 3744 1146 3813 λέγονται,
1201 3748 1298 3802 καὶ
1333 3747 1635 3819 ἀμέθεκτα.
1687 3749 1847 3802 Ποῖον

263 3835 379 3904 γὰρ
408 3834 502 3889 τοῦ
539 3836 614 3907 μὴ
661 3836 814 3901 ὄντος
864 3839 1122 3906 είδωλονς
1176 3839 1390 3895 Εἰδωλα
1430 3836 1524 3895 οὖν
1555 3842 1631 3904 ώς
1661 3841 1849 3894 εἰκότα

260 3930 448 3983 δλλειν
502 3933 596 3986 καὶ
650 3934 988 4006 διαφθείρειν
1030 3939 1157 3998 τοὺς
1194 3937 1481 4007 τιμῶντας
1522 3940 1683 3993 αὐτὰ.
1739 3940 1847 3994 Καὶ

262 4020 338 4070 τὰ
373 4018 475 4087 μὲν
520 4021 716 4075 εἴδωλα
749 4024 872 4076 ὗλαι
906 4025 1089 4095 μόνον,
1136 4027 1192 4079 αἰ
1220 4028 1279 4080 δὲ
1309 4029 1519 4092 εἰκόνες
1571 4030 1696 4083 ὖλαι
1749 4037 1849 4097 μὲν

268 4115 367 4168 καὶ
423 4108 608 4181 αὗται,
682 4118 1013 4188 ἡγιασμέναι
1072 4120 1131 4174 δὲ
1192 4123 1306 4184 τοῖς
1356 4124 1830 4193 ὲντετυπωμένοις

265 4209 584 4278 ὁμοιώμασι
608 4212 716 4264 τῶν
742 4212 933 4281 ἁγίων.

872 4391 1125 4445 ΤΙΤΛΟΣ
1159 4392 1287 4449 Kl".

788 4481 953 4535 Κατὰ
992 4482 1323 4547 Ἀρμενίων.

343 4574 501 4628 Μετὰ
527 4573 628 4642 τὴν
665 4574 708 4626 δ’
745 4575 804 4626 ὲν
834 4537 1147 4644 Χαλκηδόνι
1181 4574 1407 4628 σύνοδον
1437 4576 1850 4645 ἀπορρήξαντες
1883 4537 1925 4591 D

270 4668 503 4731 ἑαυτοὺς
541 4667 643 4735 τῆς
697 4667 998 4737 καθολικῆς
1070 4666 1404 4738 Ἐκκλησίας
1448 4668 1501 4721 οἰ
1570 4669 1852 4739 Ἀρμένιοι

269 4760 363 4813 διά
394 4777 540 4823 τινος
587 4760 838 4829 Ἐχανίου
866 4760 961 4812 τοῦ
991 4760 1085 4813 καὶ
1107 4761 1476 4830 Μαντακουνῆ
1508 4776 1853 4831 προσονομα-

272 4850 537 4922 (enimn,
566 4853 659 4905 καὶ
689 4852 795 4904 τῶν
823 4852 921 4905 σὺν
950 4850 1100 4921 αὐτῷ
1127 4851 1370 4923 βεϐήλων
1402 4853 1615 4921 ἰερέων,
1646 4853 1739 4905 καὶ
1754 4854 1854 4921 τὴν

272 4944 580 5013 Ιεὶύτυχοῦς,
610 4946 708 4997 καὶ
732 4946 1048 5014 Διοσκόρου,
1104 4948 1201 4997 καὶ
1237 4946 1346 4997 τῶν
1381 4945 1558 4999 ἄλλων
1604 4948 1856 5014 Μονοφυ-

275 5037 447 5090 σιτῶν
475 5037 799 5102 κακοδοξίαν
833 5037 1234 5107 εἰσδεξάμενοι,
1269 5039 1615 5108 προσθήκαις
1637 5038 1855 5093 ἀσεϐῶν

272 5130 566 5198 δογμάτων
615 5131 934 5200 ἐπηύξησαν
995 5131 1191 5201 αὐτὴν,
1240 5132 1336 5183 καὶ
1380 5132 1856 5202 περιφανεστέραν

276 5221 631 5290 εἰργάσαντο.
668 5224 806 5275 Φασὶ
842 5224 949 5293 γὰρ
976 5223 1051 5293 μὴ
1086 5224 1461 5278 ἀναλαϐέσθαι
1495 5224 1587 5276 τὸν
1616 5224 1856 5295 Χριστὸν

275 5313 571 5381 δμαῡύαιον
598 5316 730 5384 ἡμῖν
759 5315 942 5385 σῶμα,
974 5316 1088 5367 ἀλλ’
1139 5316 1418 5385 ἄφθαρτόν
1455 5333 1530 5379 τι,
1564 5318 1659 5369 καὶ
1708 5317 1855 5370 ἀπα-

277 5406 395 5470 θὲς,
429 5406 524 5459 καὶ
549 5405 767 5474 λεπτὸν,
799 5410 892 5461 καὶ
913 5408 1191 5468 ἀκτιστον,
1217 5410 1314 5463 καὶ
1358 5409 1633 5479 ούράνιον·
1685 5409 1856 5462 όπτὰ-

276 5496 472 5550 νεσθαι
500 5496 579 5563 δὲ,
610 5500 702 5551 καὶ
735 5499 937 5563 ἐσθίον,
970 5499 1065 5552 καὶ
1098 5498 1275 5565 πίνον,
1304 5501 1400 5553 καλ.
1430 5499 1599 5552 τᾶλλα
1628 5498 1741 5550 τῶν
1766 5500 1858 5551 ἀν-

279 5586 576 5656 θρωπίνων
603 5590 778 5641 ποιεῖν
794 5589 935 5642 κατά
954 5588 1279 5655 φαντασίαν.
1299 5588 1471 5642 Πάλιν
1495 5589 1551 5643 δὲ
1582 5589 1854 5656 λέγουσιν,

278 5680 366 5732 ὅτι
413 5677 506 5731 καὶ
559 5678 699 5749 αὐτὴ
742 5681 773 5750 ή
830 5681 1133 5751 δηλωθιῖσα
1174 5682 1314 5751 σὰρξ
1348 5682 1510 5737 αὐτοῦ
1568 5684 1649 5747 εἰς
1692 5682 1856 5753 φύσιν

355 5867 373 5897 ³
399 5863 441 5919 ll
477 5862 670 5921 Thess.
699 5880 755 5928 ιι,
790 5864 871 5919 Μ.
948 5862 1004 5916 ³1
1035 5862 1157 5918 Cor.
1194 5878 1265 5929 ιιι,
1296 5864 1346 5917 ‘2.

1946 3290 2128 3336 autem
2161 3281 2457 3350 imaginum
2488 3295 2613 3336 vera
2646 3291 2775 3335 sunt
2803 3280 3164 3351 exemplaria.
3198 3280 3373 3349 Hujus
3392 3280 3536 3333 enim

1944 3374 2212 3437 Christus,
2235 3383 2503 3442 quatenus
2528 3375 2687 3427 homo
2716 3384 2832 3437 est;
2867 3373 3008 3427 illius
3036 3381 3214 3427 autem
3249 3372 3339 3427 Dei
3375 3372 3539 3427 Geni-

1950 3467 2098 3534 trlx';
2130 3467 2359 3521 aliarum
2392 3467 2709 3536 imaginum,
2738 3464 2831 3536 qui
2864 3480 2964 3535 per
3028 3464 3147 3521 illas
3198 3465 3541 3521 celebrantur

1947 3565 2147 3618 sancti.
2179 3562 2542 3629 Quamobrem
2579 3573 2633 3617 et
2675 3561 2941 3632 imagines
2990 3570 3117 3615 smn
3171 3570 3427 3629 tanquam
3463 3558 3542 3614 si-

1947 3656 2316 3723 militudines;
2352 3655 2492 3710 idola
2520 3670 2647 3710 vero
2679 3670 2805 3709 cum
2842 3654 2971 3718 illis,
3028 3667 3263 3721 quorum
3293 3666 3413 3707 esse
3457 3651 3541 3705 di-

1949 3758 2146 3805 cuntur
2205 3748 2399 3814 simile,
2461 3756 2512 3802 et
2561 3761 2847 3802 commune
2886 3745 3016 3800 nihil
3071 3743 3271 3800 habent
3295 3742 3539 3798 omnino.

1951 3843 2118 3909 Quale
2158 3843 2300 3897 enim
2344 3842 2423 3897 rei
2486 3857 2590 3898 non
2639 3840 2952 3897 exsistentis
3015 3837 3368 3894 simulacrum
3431 3835 3544 3891 sit?

1952 3932 2161 3986 Εἴδωλα
2219 3932 2382 4003 igitur
2443 3933 2589 3988 dicta
2625 3943 2789 3996 sunt,
2840 3932 2996 4004 quasi
3049 3930 3305 3985 dicantur
3354 3928 3540 3983 εἰκότα

1949 4024 2145 4090 mm,
2181 4039 2301 4089 qua:
2342 4039 2538 4093 nempe
2567 4038 2660 4077 eos
2690 4022 2918 4093 perdere
2972 4022 3265 4077 videantur
3295 4019 3385 4090 qui
3446 4018 3542 4074 ad-

1952 4129 2114 4172 orant
2149 4131 2234 4169 ea.
2270 4115 2415 4169 idola
2452 4116 2677 4170 materia
2708 4124 2916 4169 tantum
2950 4125 3100 4180 sunt;
3128 4113 3389 4183 imagines
3415 4126 3543 4165 vero

1954 4212 2176 4266 materia
2198 4212 2412 4278 quidem
2436 4220 2489 4263 et
2514 4211 2643 4277 ipsa:
2665 4216 2812 4275 sunt,
2838 4212 2929 4262 sed
2950 4224 3068 4275 quae
3093 4220 3277 4261 sancta
3309 4207 3399 4271 sit,
3420 4219 3546 4275 pro-

1954 4311 2069 4372 pter
2108 4305 2400 4372 impressas
2447 4311 2757 4355 sanctorum
2816 4300 3222 4354 similitudines.

2480 4390 2782 4447 TITULUS
2820 4390 3007 4448 XXI”.

2449 4490 2712 4540 Adversus
2752 4486 3050 4540 Armenios.

2028 4582 2154 4636 Post
2191 4589 2444 4649 quartum
2479 4578 2763 4633 concilium
2824 4578 3263 4632 Chalcedonense
3302 4574 3547 4628 Armenii

1956 4672 2178 4728 Echanii
2211 4671 2511 4738 cujusdam,
2554 4670 2645 4738 qui
2673 4678 2726 4721 et
2760 4665 3119 4721 Mandacunes
3154 4663 3547 4735 appellabatur,

1957 4773 2010 4819 et
2035 4764 2406 4834 profanorum,
2438 4762 2528 4832 qui
2553 4775 2675 4815 cum
2709 4761 2824 4829 ipso
2844 4766 3021 4822 erant,
3050 4759 3391 4811 sacerdotum
3420 4768 3547 4810 sua-

1959 4872 2019 4909 su
2053 4856 2119 4908 ab
2150 4852 2393 4908 Ecclesia
2442 4852 2712 4907 catholica
2765 4848 3100 4915 deﬁcientes,
3159 4856 3212 4901 et
3247 4847 3548 4917 improbam

1959 4947 2244 5017 Eutychis,
2284 4955 2443 5015 atque
2495 4944 2755 5009 Dioscuri,
2784 4955 2837 4996 et
2864 4940 3093 4995 aliorum
3145 4938 3549 5010 MonOphysita-

1960 5059 2099 5106 rum,
2138 5042 2225 5111 qui
2253 5056 2411 5093 unam
2468 5048 2673 5094 tantum
2709 5040 2759 5091 in
2806 5037 3024 5093 Christo
3062 5047 3307 5088 naturam
3340 5034 3549 5092 dicunt.

1960 5136 2267 5203 opinionem
2315 5131 2510 5197 secuti,
2561 5132 2847 5201 impiorum
2897 5132 3202 5197 dogmatnm
3236 5125 3550 5181 accessione

1964 5227 2106 5280 illaut
2136 5224 2544 5279 cumulatiorent
2576 5231 2623 5275 et
2653 5222 2999 5274 illustriorem
3036 5218 3405 5272 reddiderunt.
3456 5214 3547 5267 Di—

1962 5330 2089 5375 cunt
2121 5318 2263 5372 enint
2289 5316 2563 5373 Christum
2612 5315 2918 5380 suscepisse
2950 5325 3145 5379 corpus
3167 5324 3271 5363 non
3306 5307 3546 5374 ejusdem

1962 5410 2236 5472 essentim,
2266 5408 2421 5478 cujus
2465 5414 2647 5461 nostra
2679 5412 2805 5458 sunt
2855 5417 3104 5472 corpora,
3167 5401 3261 5456 sed
3302 5401 3550 5454 incorru-

1964 5500 2168 5569 ptibile,
2193 5508 2246 5554 et
2270 5497 2581 5566 impatiliile,
2609 5506 2659 5549 et
2680 5505 2857 5557 tenue,
2890 5500 2942 5547 et
2968 5492 3286 5557 increatum,
3322 5502 3377 5545 et
3399 5491 3554 5545 coale-

1963 5604 2067 5657 ste,
2097 5592 2235 5661 quod
2258 5600 2311 5647 et
2341 5590 2549 5648 videre.
2582 5596 2637 5644 et
2665 5587 2970 5648 comedere.
2996 5595 3049 5642 et
3078 5586 3260 5639 bibere
3282 5584 3551 5649 videatur,

1964 5696 2017 5741 ct
2053 5684 2172 5741 aliis
2200 5682 2511 5738 muneribus
2542 5680 2792 5735 humanis
2828 5679 2999 5749 iungi,
3055 5691 3177 5732 cum
3211 5686 3388 5733 tamen
3418 5677 3553 5732 nihil
