3846 6542
438 385 573 450 11ῖ5

1663 389 2047 449 EUTllYMlI
2097 392 2461 452 ZIGABENI

3583 382 3664 444 176

432 497 623 567 horum
659 494 840 549 faciat.
874 493 1139 550 Prreterea
1170 495 1377 561 dicunt,
1400 512 1617 552 carnem
1648 498 1817 567 ipsius
1846 500 1897 551 in
1928 501 2012 553 di-

2153 504 2370 574 εάτητος
2425 503 2637 573 ἐτράπη
2684 501 2777 556 καὶ
2820 500 3110 571 ὁμοούσιος
3162 498 3303 567 αὐτῇ
3342 494 3546 563 γέγονε.
3574 496 3668 547 Καὶ

433 589 483 642 vi
526 588 545 643 i
571 604 599 641 a
628 604 711 643 em
747 602 867 643 esse
892 604 1233 651 conversam,
1258 600 1310 644 et
1342 590 1578 656 eiusdem
1614 592 1807 645 tactam
1838 606 2016 646 essen-

437 680 545 745 tim,
608 682 762 750 cujus
817 688 901 734 est
939 680 1050 750 ipsa
1114 680 1389 737 divinitas.
1444 681 1504 736 Et
1565 684 2015 749 quemadnn-dnm

437 773 612 830 mellis
663 773 870 828 acetive
902 782 1077 841 gutta,
1117 774 1236 829 siin
1287 790 1437 830 mare
1490 776 1856 845 demergatur,
1909 791 2015 830 non

437 863 665 931 amplius
694 866 955 925 cernitur,
991 880 1091 918 nec
1142 867 1405 930 subsistit,
1462 868 1539 923 sic
1590 870 1754 924 etiam
1818 882 2020 936 corpus

440 954 569 1010 illul
603 957 654 1009 in
697 954 995 1010 divinitatis
1020 956 1204 1027 pelago
1236 959 1576 1014 commistum
1618 971 1778 1028 atque
1810 963 2019 1014 demer-

438 1063 556 1102 sum
574 1062 683 1101 non
706 1048 932 1117 amplius
952 1064 1103 1105 suam
1134 1048 1302 1119 ipsius
1324 1058 1593 1114 naturam,
1612 1062 1701 1105 aut
1722 1052 2021 1120 proprieta-

438 1153 547 1196 tem
578 1154 927 1207 conservare,
959 1152 1014 1196 et
1035 1143 1240 1199 idcirco
1264 1159 1372 1197 non
1401 1160 1524 1199 esse
1557 1145 1691 1199 duas
1715 1145 1769 1199 in
1796 1146 2019 1200 Christo

437 1243 677 1295 naturas,
696 1231 785 1287 sed
824 1247 1004 1292 unum.
1046 1245 1099 1287 et
1129 1239 1370 1288 eamdem
1392 1245 1556 1288 totam
1576 1250 1694 1304 quae
1724 1236 2019 1291 divinitatis

438 1331 542 1375 est.
564 1322 641 1375 Ex
663 1336 769 1391 quo
786 1323 1113 1377 sacrificium
1140 1325 1301 1378 etiam
1321 1326 1476 1392 panis
1504 1326 1680 1380 carnis
1704 1328 1901 1382 Christi
1927 1343 2022 1383 ne-

439 1422 562 1479 gant
592 1427 712 1467 esse
729 1428 924 1481 corpus
944 1414 1168 1480 Christi,
1193 1418 1285 1469 sed
1327 1414 1631 1473 divinitatis
1655 1433 1849 1485 corpus
1901 1433 2022 1472 esse

440 1505 646 1562 dirttnt.
671 1504 825 1572 Quod
866 1507 909 1560 si
936 1506 1233 1562 rationibus
1269 1508 1393 1561 victi
1425 1509 2019 1576 eoactiquc,Chri5tum

440 1613 559 1651 esse
581 1598 744 1653 Deum
796 1609 957 1669 atque
976 1600 1250 1654 hominem
1280 1600 1573 1666 fateantur,
1603 1601 1651 1665 id
1677 1601 2022 1655 simulatione

441 1697 625 1757 agunt.
655 1686 933 1753 Quomodo
984 1690 1127 1743 enim
1182 1691 1455 1746 hominem
1500 1706 1618 1746 esse
1650 1706 1774 1746 vere
1825 1702 2025 1761 qneattt

443 1780 758 1845 concedere,
782 1780 935 1849 cujus
962 1782 1277 1846 essentiam,
1299 1789 1357 1835 ut
1387 1782 1647 1846 diximus.
1675 1798 1705 1836 a
1733 1795 1912 1839 nostra
1943 1786 2023 1838 di-

444 1886 652 1925 versam
680 1887 800 1928 esse
839 1874 1213 1929 contendunt?
1238 1872 1434 1929 Verum
1467 1889 1588 1943 quae
1612 1890 1641 1927 a
1691 1878 1893 1931 sanctis
1926 1878 2024 1931 Pa-
2052 1847 2099 1907 Β

444 1964 619 2020 tribus
672 1966 870 2019 nostris
920 1966 1178 2023 adversus
1256 1964 1660 2036 Monophysitas
1723 1969 2026 2037 excogitata

443 2068 655 2121 sunt.ea
686 2075 783 2114 nos
809 2061 942 2115 ineo
966 2061 1120 2131 hujus
1148 2061 1327 2130 operis
1352 2060 1528 2121 titulo,
1553 2075 1659 2127 quo
1688 2059 2032 2131 Monopliysi-

445 2160 529 2206 tas
552 2150 971 2218 conl‘u'avimus,
994 2152 1228 2207 breviter
1248 2151 1640 2207 recensnimus.
1664 2152 2031 2217 Quamobrem

444 2255 507 2293 ex
565 2256 631 2293 eo
678 2240 841 2295 titulo
893 2241 1138 2309 petendae
1188 2252 1314 2295 sunt
1368 2242 1608 2297 rationes
1656 2242 1819 2296 varia:
1876 2252 2036 2311 atque

2119 596 2375 664 καθάπερ
2407 596 2625 664 σταγὼν
2666 594 2882 666 μέλιτος
2914 594 2946 664 ἦ
2975 593 3156 660 ὄξους,
3188 587 3668 645 καταποντισθεῐσσ

2117 689 2196 759 τῷ
2248 690 2479 758 πελάγει
2526 692 2623 755 τῆς
2674 688 2973 755 Θαλάσσης,
3031 689 3133 739 οὐκ
3180 685 3261 737 ἐτι
3304 684 3521 754 ὁρᾶται.
3563 678 3669 731 οὗτε

2121 776 2433 844 ὑφίσταται·
2477 777 2621 829 οὓτω
2647 776 2741 829 καὶ
2766 775 2827 827 τὸ
2886 776 3048 845 σῶμα
3076 776 3255 827 ἐκεῖνο
3289 769 3673 837 συνανακραθὲν

2122 871 2215 921 καὶ
2278 868 2707 923 καταποντισθὲν
2771 870 2829 920 ὲν
2865 868 2943 937 τῷ
2988 866 3223 932 πελάγει
3278 864 3379 931 τῆς
3443 862 3671 928 θεότητος

2120 960 2219 1012 οὐκ
2245 960 2324 1012 ἔτι
2355 960 2519 1025 σώζει
2542 960 2638 1029 τὴν
2662 959 2859 1013 ἑαυτοῦ
2888 960 3074 1026 φύσιν,
3107 955 3235 1009 οὔτε
3297 952 3557 1021 φυλάττει
3590 951 3671 1019 τὴν

2122 1051 2333 1103 οἰκείαν
2396 1052 2659 1117 ἰδιότητα,
2712 1052 2808 1104 καὶ
2858 1051 2948 1103 διὰ
2992 1047 3153 1101 τοῦτο
3197 1048 3299 1099 οὐκ
3334 1046 3475 1097 εἰσὶν
3512 1047 3564 1096 ἐν
3608 1045 3671 1111 τῷ

2123 1146 2344 1216 Χριστῷ
2368 1147 2460 1200 δῦο
2487 1148 2698 1215 φύσεις,
2720 1146 2857 1200 ἀλλὰ
2880 1145 2978 1211 μία
3008 1145 3105 1197 καὶ
3126 1141 3267 1211 αὑτὴ
3298 1141 3395 1208 ὅλη
3425 1136 3671 1198 62611110;

2136 1238 2300 1292 Ἀλλὰ
2351 1240 2608 1307 Θεότητος
2641 1239 2804 1309 σῶμα
2826 1238 3100 1305 λέγουσιν,
3130 1236 3219 1288 ὅτι
3244 1234 3302 1286 δὲ
3323 1233 3435 1290 τοῖς
3464 1228 3673 1295 ἐλέγχοις

2126 1331 2443 1402 βαλλόμενοι
2484 1329 3035 1399 καταναγκασθῶσιν,
3080 1322 3407 1396 ὁμολογοῦσι
3455 1320 3549 1387 μὲν
3566 1318 3673 1399 Θερν

2124 1422 2221 1474 καὶ
2244 1421 2529 1490 ἄνθρωπον
2588 1421 2678 1473 τὸν
2711 1418 2967 1486 Χριστὸν,
2994 1419 3054 1470 ἐν
3104 1414 3394 1484 ὑποκρίσει
3454 1412 3510 1463 δὲ
3547 1407 3675 1460 τοῦτο

2125 1512 2450 1583 πράττουσι.
2472 1512 2591 1576 Πῶς
2607 1511 2716 1583 γὰρ
2732 1511 3018 1581 ἄνθρωπον
3043 1512 3099 1562 ὲν
3123 1505 3350 1576 ἀληθείᾳ
3362 1499 3676 1571 λέγουσιν,ὖν

2126 1604 2471 1673 ἑτεροούσιον
2505 1604 2685 1673 ἡμῶν,
2732 1602 2807 1666 ὡς
2842 1592 3195 1673 προείρηται,
3234 1593 3673 1665 δογματίζουσινς

2138 1696 2279 1749 Ἀλλ’
2308 1697 2410 1749 ὅσα
2452 1696 2552 1765 μὲν
2595 1696 2736 1749 κατὰ
2773 1694 2888 1749 τῶν
2932 1690 3334 1762 Μονοφυσιτῶν
3381 1690 3494 1749 τοῖς
3530 1684 3676 1751 ἁγίοις

2126 1788 2285 1858 ήμῶν
2329 1787 2610 1856 Πατράσιν
2657 1786 2920 1855 ἐπονήθη,
2977 1782 3377 1853 κεφαλαιωδῶς
3423 1776 3675 1846 προεγρά-

2128 1897 2308 1950 φησαν
2343 1880 2400 1931 ὲν
2426 1878 2502 1948 τῷ
2535 1878 2679 1932 κατὰ
2703 1880 2812 1931 τῶν
2839 1875 3227 1946 Μονοφυσιτῶν
3258 1873 3422 1940 τίτλῳ
3444 1868 3532 1921 τοῦ
3558 1884 3675 1936 παρα

2126 1976 2277 2036 ὄντος
2344 1974 2749 2041 συντάγματοςσ
2798 1972 2894 2025 καὶ
2947 1970 3211 2040 ζητητέον
3255 1968 3314 2019 ἐν
3370 1962 3555 2029 ἐκείνῳ
3592 1961 3675 2021 τὰς

2130 2064 2435 2126 πολυειδεῖς
2492 2064 2587 2114 καὶ
2620 2063 2869 2122 ποικίλας
2912 2059 3224 2128 ἀνατροπὰς
3273 2055 3371 2108 καὶ
3412 2051 3507 2121 τῆς
3538 2049 3677 2115 αὐτῆς

2132 2156 2418 2227 αἱρέσεως·
2447 2154 2679 2224 ἐροῦμεν
2712 2153 2769 2205 δὲ
2798 2154 2894 2205 καὶ
2920 2151 3015 2205 νῦν
3049 2150 3227 2217 ὀλίγα,
3280 2146 3382 2199 καί
3424 2140 3678 2201 παντελῶς

2135 2247 2531 2318 ἀναντίρῤητα.

447 2335 791 2403 multiplices,
827 2335 1027 2404 quibus
1081 2334 1195 2389 brec
1249 2336 1470 2392 haeresis
1519 2347 1813 2392 evertatur.
1865 2336 2041 2396 Pauca
2087 2350 2268 2396 tamen
2334 2342 2583 2410 quaedam
2634 2339 2724 2394 hic
2773 2339 2936 2395 etiam
2990 2332 3550 2395 commemorabimus,
3593 2339 3679 2395 quo

447 2432 660 2500 penitus
688 2428 1004 2497 profligetur
1035 2439 1086 2483 et
1114 2430 1488 2484 cenvineatur.

522 2522 576 2574 Si
605 2522 699 2575 Dei
732 2520 889 2575 Verbi
947 2530 999 2573 et
1029 2522 1209 2575 carnis
1241 2522 1409 2589 ipsius
1444 2538 1549 2576 una
1584 2532 1779 2578 natura
1806 2535 1909 2589 cst,
1944 2526 2038 2581 Dei

449 2624 627 2668 autem
658 2610 817 2668 Verbi
839 2624 890 2665 et
916 2612 1094 2667 Patris
1123 2628 1223 2666 una
1251 2623 1335 2667 est
1362 2626 1572 2680 natura,
1599 2618 1687 2686 qui
1723 2616 1835 2671 ﬁeri
1863 2628 2039 2686 potest

450 2718 509 2761 ut
538 2724 640 2762 non
674 2723 778 2760 una
809 2707 879 2761 sit
930 2704 1132 2771 Patris,
1164 2714 1217 2759 et
1248 2703 1429 2772 Verhi,
1464 2718 1516 2762 et
1564 2711 1743 2764 carnis
1797 2713 2038 2766 natura?

525 2884 581 2939 Si
642 2884 892 2941 Christus
945 2894 1067 2955 post
1098 2885 1533 2956 coniunctionem
1579 2894 1659 2941 est
1712 2903 1815 2941 una
1845 2896 2036 2942 natura

451 2979 768 3045 composita,
802 2977 962 3031 Pater
995 2986 1174 3031 autem
1216 2993 1319 3031 non
1358 2986 1443 3032 est
1470 2981 1625 3032 unius
1661 2986 1864 3039 naturae
1891 2997 2039 3033 COtlI-

454 3071 665 3137 positae,
688 3069 958 3138 quomodo
984 3067 1237 3125 Christus
1270 3081 1391 3139 post
1425 3070 1860 3136 coniunctionem
1892 3070 2037 3140 ejus-

456 3164 575 3217 dem
603 3162 673 3216 sit
706 3162 954 3217 essentia:
982 3177 1104 3217 eum
1127 3160 1332 3217 Patre?

531 3252 587 3307 Si
641 3254 889 3308 Christus
940 3262 1059 3323 post
1110 3254 1545 3322 conjunctionem
1612 3253 1752 3310 Dens
1782 3264 1837 3310 et
1882 3256 2043 3311 homo

457 3360 578 3400 esse
598 3346 930 3410 conceditur,
973 3362 1079 3400 non
1106 3357 1285 3400 autem
1311 3361 1414 3415 qua
1447 3356 1640 3399 natura
1670 3346 1809 3401 Deus
1841 3358 1944 3412 est,
1981 3363 2043 3403 ea

462 3448 546 3491 est
578 3437 759 3499 homo,
803 3438 1069 3507 qttotizodo
1114 3454 1216 3492 non
1273 3440 1392 3493 dua:
1428 3448 1633 3492 naturae
1681 3438 1751 3493 sit
1777 3439 2045 3507 Christus,

462 3528 667 3599 quibus
703 3529 839 3583 Dens
868 3541 949 3584 est
973 3537 1027 3583 et
1055 3531 1215 3585 homo
1239 3530 1262 3583 ?

535 3618 593 3674 Si
623 3636 724 3674 una
755 3620 1002 3676 Christus
1028 3632 1219 3676 natura
1250 3633 1355 3689 est,
1378 3634 1429 3678 et
1461 3625 1573 3679 htec
1602 3635 1807 3681 cstlots
1850 3625 2048 3680 divini-

469 3720 572 3773 tas,
601 3711 795 3766 Christi
829 3723 1005 3767 autem
1054 3722 1243 3768 natura
1276 3732 1302 3767 a
1337 3717 1497 3771 Patre
1549 3718 1789 3787 separari
1818 3733 1919 3772 non
1952 3732 2049 3783 po—

470 3809 630 3864 terat,
656 3803 1007 3871 perspicuum
1034 3813 1117 3857 est
1171 3819 1391 3859 carnem
1446 3806 1607 3859 etiam
1662 3807 1884 3870 Christi,
1919 3820 2044 3859 eum

466 3904 611 3948 esset
644 3911 807 3949 unum
865 3910 984 3951 cum
1042 3895 1260 3951 Christo
1313 3908 1528 3966 natura,
1574 3900 1761 3953 mortis
1812 3910 2052 3964 tempore

464 4002 570 4041 non
600 3985 763 4042 fuisse
817 3998 1123 4057 separatam
1151 4004 1180 4042 a
1215 3989 1391 4044 Patre.
1446 3992 1723 4056 Quomodo
1765 3991 1929 4059 igitur
1964 3991 2053 4046 hic

469 4079 859 4149 comprehensa
916 4080 1036 4144 fuit,
1074 4090 1129 4134 et
1180 4082 1483 4146 verberata,
1519 4091 1572 4136 et
1604 4082 1840 4143 concisa,
1877 4093 1931 4137 et
1951 4088 2052 4137 bu-

472 4183 867 4226 manzruaturae
892 4172 1043 4240 signa
1073 4172 1388 4240 sanguinem
1436 4182 1491 4227 et
1524 4188 1718 4243 aquam
1772 4174 2007 4243 profudit
2036 4214 2052 4235 .

465 4274 521 4320 et
570 4281 693 4318 vere
727 4275 934 4318 mortua
995 4276 1093 4328 est,
1123 4266 1256 4324 etin
1302 4266 1552 4336 sepulcro
1588 4281 1820 4335 mortua,
1889 4278 2053 4339 atque

468 4358 763 4414 immobilis
808 4365 860 4409 et
899 4358 1306 4428 circumscripta
1327 4358 1551 4426 jacuit?

538 4538 591 4593 Si
629 4537 828 4593 Christi
883 4554 1011 4593 caro
1070 4538 1324 4593 divinitas
1358 4538 1495 4593 facta
1527 4548 1630 4602 est.
1663 4541 1934 4610 quomodo
1976 4541 2058 4596 di—

465 4634 543 4687 xit
573 4633 687 4701 ipse
716 4632 966 4687 Christus
998 4649 1011 4686 :
1047 4632 1181 4685 Deus
1213 4648 1376 4689 meus.
1413 4631 1549 4686 Deus
1604 4649 1767 4698 meus,
1795 4650 1888 4686 cur
1906 4635 2052 4688 derc-

467 4726 669 4795 liquisti
725 4742 804 4778 me
834 4726 848 4756 ¹
873 4726 897 4777 ?
927 4724 1204 4789 Quomodo
1251 4740 1463 4779 rursum
1515 4724 1651 4779 dixit
1684 4730 1747 4778 ad
1786 4727 2005 4781 Mariam
2040 4747 2056 4785 :

470 4816 553 4870 Νι
581 4831 662 4870 me
695 4816 944 4883 tetigeris,
986 4814 1218 4869 nondum
1272 4819 1404 4870 enim
1466 4818 1678 4871 escendi
1724 4818 1792 4871 ad
1847 4818 2060 4875 Patrem

471 4922 641 4959 meum
699 4907 771 4960 ’ἲ
831 4905 937 4959 Aut
994 4906 1265 4975 quomodo
1322 4906 1459 4960 dixit
1508 4908 1573 4961 ad
1624 4908 1893 4977 apostolos
1944 4919 2064 4979 post

474 4997 935 5051 resurrectionem
986 4996 1253 5065 :Palpale
1317 5013 1419 5059 me,
1459 5006 1508 5051 et
1560 5002 1745 5065 videte,
1814 5004 2062 5069 quoniam

471 5089 688 5155 spiritus
712 5103 922 5142 carnem
946 5098 990 5140 et
1020 5103 1141 5141 assa
1168 5102 1268 5139 non
1292 5088 1466 5151 habet,
1496 5089 1627 5142 sicut
1655 5105 1734 5143 me
1755 5091 1936 5144 videtis
1960 5093 2059 5144 ha-

472 5184 587 5237 bere
612 5183 655 5247 ⁸,
704 5191 758 5236 et
790 5181 891 5234 alia
936 5178 1205 5249 eiusmodi
1261 5178 1695 5247 innumerabilia,
1751 5184 2063 5251 quibushu-

478 5277 709 5328 munitas
733 5275 943 5341 abipso
996 5280 1273 5339 assumpta
1322 5272 1606 5342 perspicue
1660 5284 1715 5328 et
1784 5275 1901 5328 sine
1953 5275 2059 5327 ulla

475 5367 847 5421 controversia
891 5366 1223 5426 declaratur,
1258 5365 1395 5431 apud
1432 5380 1526 5419 eos
1568 5365 1779 5433 quidem
1814 5368 1901 5435 qui
1932 5382 2063 5436 pru—

476 5459 663 5512 dentes
686 5467 830 5524 sunt,
869 5471 973 5511 non
1001 5464 1181 5511 autem
1220 5456 1377 5525 plane
1409 5456 1605 5510 stulti?

547 5568 805 5639 lstiﬁqui
836 5569 1039 5624 Christi
1090 5578 1271 5626 ortum
1327 5572 1378 5622 in
1416 5583 1606 5631 carne,
1666 5583 1913 5637 vereque
1964 5569 2063 5623 bu-

482 5663 756 5717 manitatis
786 5674 1079 5732 assumpta
1115 5661 1433 5733 mysterium
1488 5660 1760 5730 rejieiunt,
1793 5674 2067 5715 commen-

556 5826 575 5858 ⁸
613 5823 802 5879 Matth.
841 5838 1009 5889 χχιιι,
1052 5822 1140 5876 46.

2093 4589 2138 4644 D

2213 2530 2277 2582 Ei
2325 2528 2423 2597 μίι
2479 2529 2641 2595 φύσις
2681 2522 2773 2577 τοῦ
2805 2522 2941 2575 Θεοῦ
2990 2519 3184 2586 Λόγου.
3230 2517 3325 2568 καὶ
3375 2515 3474 2583 τῆς
3511 2518 3683 2584 σαρκὸς

2139 2622 2330 2688 αὑτοῦ,
2366 2620 2462 2689 μία
2492 2619 2547 2671 δὲ
2578 2616 2738 2685 φύσις
2754 2613 2849 2667 τοῦ
2885 2611 3021 2664 Θεοῦ
3064 2611 3264 2675 Λόγου,
3328 2608 3429 2659 καὶ
3476 2606 3564 2657 τοῦ
3594 2608 3685 2658 Πα-

2136 2715 2266 2785 τρός
2293 2731 2309 2748 ο
2336 2712 2451 2774 πῶς
2482 2713 2543 2763 οὔ
2575 2709 2671 2779 μία
2718 2707 2881 2774 φύσις
2913 2703 3008 2757 τοῦ
3063 2701 3300 2770 Πατρὸς,
3336 2698 3431 2751 καὶ
3469 2698 3555 2751 τοῦ
3596 2700 3684 2751 A6-

2138 2823 2263 2868 γου,
2293 2804 2389 2856 καὶ
2419 2801 2517 2870 τῆς
2547 2796 2751 2867 σαρκός
2776 2812 2794 2862 ;

2154 2872 2159 2877 ἢ
2213 2896 2277 2948 Εἰ
2312 2894 2409 2963 μία
2434 2890 2597 2959 φύσις
2626 2887 2881 2947 σύνθετος
2912 2887 2940 2936 6
2964 2880 3199 2946 Χριστὸς
3223 2876 3367 2947 μετὰ
3386 2878 3483 2946 τὴν
3497 2875 3687 2940 ἕνωσιν,

2144 2990 2207 3042 οὐ
2246 2988 2373 3052 μιᾶς
2420 2985 2476 3037 δὲ
2508 2982 2766 3036 συνθέτου
2802 2976 3066 3046 φύσεωςὸ
3118 2972 3331 3042 Πατὴρ,
3386 2971 3502 3032 πῶς
3560 2969 3692 3021 ἔσται

2143 3078 2431 3150 ὀμοσῦσιος
2460 3075 2537 3145 τῷ
2570 3073 2747 3143 [lath
2791 3069 2931 3140 μετὰ
2962 3067 3059 3138 τὴν
3091 3066 3287 3117 ἕνωσιν
3318 3062 3348 3114 6
3376 3063 3627 3132 Χριστόςς

2222 3260 2283 3312 Εἰ
2311 3256 2443 3318 Θεὸς
2474 3254 2572 3309 καὶ
2617 3252 2905 3323 ἄνθρωπος
2937 3249 2965 3300 6
3000 3243 3238 3315 Χριστὸς
3286 3240 3429 3311 μετὰ
3461 3238 3551 3308 τὴν
3577 3238 3696 3291 tvo»

2149 3370 2235 3406 σιν
2263 3350 2634 3421 ὁμολογεῖται,
2664 3346 2726 3397 οὑ
2776 3346 2841 3412 τῇ
2884 3342 3022 3409 αὑτῇ
3056 3338 3111 3391 δὲ
3144 3338 3328 3405 φύσει,
3426 3336 3536 3385 ἐστι
3561 3330 3698 3421 8e65,

2152 3418 2325 3513 ταῦτῂ
2369 3442 2487 3492 ἐστὶ
2519 3437 2614 3491 καὶ
2648 3435 2955 3506 ἄνθρωπος’
3011 3430 3126 3492 πῶς
3164 3428 3225 3481 οὗ
3250 3428 3345 3480 δύο
3379 3426 3589 3494 φύσεις,
3624 3418 3702 3485 αἷς

2149 3535 2277 3593 Θεὸς
2303 3533 2395 3585 καὶ
2424 3529 2709 3599 ἄνθρωπος
2747 3528 2774 3578 6
2812 3522 3046 3593 Χριστός
3073 3537 3089 3580 ;

2226 3628 2288 3679 Et
2322 3625 2421 3695 μία
2452 3623 2614 3690 φύσις
2638 3623 2665 3672 ὁ
2710 3616 2964 3687 Χριστὸς,
2993 3615 3089 3667 καὶ
3130 3613 3271 3680 αὕτη
3304 3610 3400 3679 ὅλη
3448 3608 3647 3676 θεότης,
3677 3607 3709 3674 ἡ

2150 3720 2208 3773 δὲ
2237 3718 2331 3770 τοῦ
2382 3712 2622 3785 Χριστοῦ
2674 3710 2834 3778 φύσις
2883 3707 2980 3760 τοῦ
3037 3708 3250 3775 Harpe;
3290 3702 3596 3772 ἁχώριστος
3630 3695 3705 3768 ἦν·

2154 3809 2443 3883 πρόδηλον,
2497 3807 2580 3858 ὅτι
2631 3803 2726 3857 καὶ
2761 3803 2795 3872 ἡ
2836 3799 2972 3867 σὰρξ
3015 3800 3108 3851 τοῦ
3165 3795 3408 3867 Χριστοῦ
3460 3795 3603 3846 κατὰ
3631 3792 3711 3843 τὸν

2155 3902 2349 3972 καιρὸν
2376 3899 2469 3953 τοῦ
2522 3896 2730 3957 πάθους
2779 3893 2836 3946 ἓν
2875 3890 3012 3946 οὖσα
3043 3891 3175 3961 πρὸς
3211 3890 3314 3957 τὴν
3354 3887 3450 3939 τοῦ
3494 3884 3713 3954 Χριστοῦ

2158 3996 2341 4067 φύσιν,
2378 3992 2679 4060 ἀχώριστος
2712 3983 2779 4055 ἦν
2804 3982 2899 4037 τοῦ
2943 3982 3178 4050 Πατρός.
3219 3981 3333 4033 Καὶ
3356 3980 3475 4041 πῶς
3527 3978 3715 4041 ἔπασχε

2158 4092 2309 4147 κάτω
2362 4082 2737 4156 κρατουμένη,
2778 4080 2871 4131 καὶ
2933 4075 3334 4147 μαστιζομένη,
3394 4072 3496 4124 καὶ
3540 4086 3721 4138 τεμνο·

2164 4182 2321 4253 μένη,
2382 4178 2478 4230 καὶ
2535 4174 2605 4226 τὰ
2654 4169 2901 4240 σύμϐολα
2937 4168 3036 4235 τῆς
3092 4163 3443 4234 ἀνθρωπίνης
3502 4160 3725 4228 φύσεως,

2159 4252 2222 4330 τὸ
2275 4269 2418 4343 αἷμα
2477 4270 2570 4321 καὶ
2615 4266 2675 4319 τὸ
2719 4263 2863 4332 ὓδωρ
2899 4260 3266 4331 ἀπορρέουσα,
3307 4257 3405 4308 καὶ
3436 4253 3573 4306 κατᾶ
3604 4252 3725 4321 ἁλή-

2160 4372 2313 4424 θειαν
2345 4364 2790 4431 ἀποθνῄσκουσα,
2838 4356 2931 4409 καὶ
2979 4356 3037 4407 ὲν
3096 4353 3175 4421 τῷ
3222 4351 3380 4419 τάφῳ
3427 4347 3727 4417 νεκρᾶ,καὶ

2160 4460 2445 4529 ἀκίνητος,
2474 4456 2573 4509 καὶ
2606 4450 2965 4521 περιγραπτη
2987 4444 3250 4513 κειμένης

2239 4552 2412 4620 Εἴπερ
2464 4550 2497 4617 ἡ
2530 4544 2669 4615 σὰρξ
2697 4540 2789 4595 τοῦ
2818 4536 3050 4609 Χριστοῦ
3098 4534 3294 4600 Θεὸτης
3343 4531 3568 4601 γέγονε,
3623 4529 3726 4589 πῶς

2164 4643 2326 4705 αὐτὸς
2387 4640 2416 4692 6
2471 4635 2707 4706 Χριστὸς
2766 4633 2938 4699 ἔλεγεο
3007 4628 3112 4681 Θεέ
3197 4642 3339 4695 μου,
3425 4624 3538 4676 8εέ
3603 4639 3730 4690 μου.

2159 4735 2318 4792 (rat!
2338 4749 2413 4803 με
2438 4728 2865 4800 ἐγκατέλιπες;
2915 4721 3036 4784 Πῶς
3067 4720 3124 4773 δὲ
3162 4722 3255 4772 καὶ
3302 4718 3444 4787 πρδς
3498 4716 3601 4784 τὴν
3632 4715 3734 4767 M2-

2165 4830 2285 4898 ρίαν
2311 4825 2471 4880 πάλιν
2498 4823 2676 4888 ἔλεγε,
2706 4816 2799 4884 Μή
2817 4834 2931 4885 μου
2966 4814 3180 4869 ἄπτοψ
3229 4811 3401 4865 οὔπω
3447 4810 3562 4877 γὰρ
3605 4808 3735 4861 dra-

2163 4923 2381 4985 σέϐηκα
2416 4917 2565 4984 πρὸς
2597 4913 2702 4967 τὸν
2739 4910 2971 4977 Πατέρα
2995 4923 3156 4976 μους
3184 4905 3305 4966 Πῶς
3355 4904 3416 4955 δὲ
3468 4903 3572 4955 καὶ
3622 4901 3737 4968 πρὸς

2162 5014 2292 5073 τοὺς
2314 5008 2646 5069 ἀποστόλους
2682 5006 2820 5073 μετὰ
2858 5001 2957 5070 τὴν
2986 4997 3289 5050 ἀνάστασιν
3326 4992 3517 5060 ἔλεγε,
3550 4993 3738 5056 Ψηλα-

2163 5101 2401 5175 φήσατέ
2438 5118 2533 5170 με,
2597 5098 2696 5152 καὶ
2748 5095 2926 5159 ἴδετε,
2989 5092 3079 5145 ὅτι
3134 5088 3371 5157 πνεῦμα
3415 5103 3622 5153 σαρκο
3658 5083 3740 5135 καὶ

2164 5194 2350 5249 ὀστέα
2386 5194 2499 5245 οὐκ
2534 5190 2682 5258 ἔχει,
2728 5185 2923 5250 καθὼς
2966 5182 3071 5252 ἐμὲ
3139 5180 3411 5247 θεωρεῖτε
3488 5179 3738 5245 ἔχοντα,

2164 5291 2259 5343 καὶ
2316 5285 2488 5357 μυρία
2515 5280 2741 5335 τοιαῦτα
2766 5280 2866 5349 τὴν
2913 5274 3331 5346 ὲνανῦρώπησιν
3360 5270 3541 5322 αὑτοῦ
3592 5286 3743 5337 πραγ-

2164 5379 2422 5452 ματικῶς
2504 5373 2863 5447 παριστῶντα
2941 5372 3039 5423 καὶ
3123 5364 3573 5435 ἀναμφισϐήτως
3640 5363 3743 5416 ὅσον

2165 5471 2302 5541 πρὸς
2330 5468 2634 5529 συνιέντας.
2664 5464 2759 5518 καὶ
2788 5462 2863 5532 μὴ
2899 5460 3074 5527 πάντη
3107 5453 3499 5547 μωραίνοντας
3532 5468 3549 5515 ς
3724 5536 3739 5547 .

2244 5558 2587 5621 ’Λοετοῦντες
2608 5551 2753 5611 οῦτοι
2794 5553 2892 5622 τὴν
2944 5549 3086 5603 κατὰ
3129 5548 3307 5616 σάρκα
3351 5543 3627 5614 γέννησιν
3670 5543 3742 5592 τοῦ

2174 5654 2438 5725 Χριστοῦ,
2468 5652 2563 5709 καὶ
2593 5650 2656 5704 τὸ
2697 5648 2795 5717 τῆς
2820 5641 3053 5716 ἀληθοῦς
3102 5639 3599 5707 ὲνανθρωπήσεως
3670 5652 3745 5705 μι-

1239 5824 1260 5852 ¹
1285 5819 1420 5876 Joan
1476 5837 1563 5889 τι,
1610 5820 1695 5874 17.
1764 5819 1782 5850 ³
1817 5817 1948 5873 Luc.
1980 5831 2130 5885 sxw,
2158 5816 2247 5872 59.
