3846 6564
165 410 293 486 1m

1048 424 1426 483 PANOPLIA
1464 420 1923 482 DOGMATICA.
1959 445 2027 456 -
2067 421 2218 483 TlT.
2259 420 2487 479 XXIII.

3265 410 3401 473 1278

160 539 398 607 στήριον,
433 538 526 590 καὶ
554 536 924 606 φαντασιῶδες
962 539 1242 604 γεγονέναι
1264 537 1420 590 τοῦτο
1448 537 1713 603 λέγοντες,

1830 532 2114 603 liliumque
2139 547 2201 585 ac
2233 530 2544 585 simulatum
2590 525 2757 581 fuisse
2788 525 2995 578 dicunt.
3028 535 3130 574 non
3187 519 3397 576 codem,

159 630 250 699 οὐχ
277 631 361 681 ὅτε
395 631 556 698 ἡμεῖς
608 628 700 681 τὸν
759 629 1168 698 Εὐαγγελισμὸν
1219 631 1320 697 τῆς
1366 627 1715 696 Θεομήτορος

159 721 503 791 ἑορτάζομεν,
554 720 933 790 ἑορτάζουσιν,
995 723 1113 789 ἦτοι
1166 723 1307 773 κατὰ
1356 720 1456 790 τὴν
1495 716 1575 771 κε’
1620 719 1715 769 τοῦ

160 812 396 880 Μαρτίου
439 812 630 881 μηνὸς,
677 812 752 873 ὡς
792 813 839 863 oi
895 811 1144 879 θεοφόροι
1192 811 1436 879 Πατέρες
1483 807 1718 878 παραδε-

158 905 403 971 δώκασιν,
432 908 459 958 ὁ
501 906 675 975 μέγας
714 905 1051 969 Ἀθανάσιος,
1083 907 1179 958 καὶ
1227 904 1482 972 Ἰωάννης
1515 905 1541 954 ὁ
1568 903 1716 969 Χρυ-

161 996 434 1068 σὸστομος,
467 997 561 1050 καὶ
586 997 637 1049 οἱ
686 998 807 1051 κατ’
852 997 1112 1060 ἐκείνους,
1161 997 1255 1049 καὶ
1299 995 1711 1065 μετ’ὲκείνους

158 1088 269 1143 ἀλλ’
327 1090 382 1141 ὲν
414 1093 480 1159 τῇ
537 1095 579 1142 ε’
620 1090 715 1142 τοῦ
780 1089 1114 1159 Ίανουαρίου
1180 1089 1347 1158 μγινδς
1414 1089 1472 1140 ὲν
1527 1087 1718 1157 βραχεῖ

158 1181 292 1233 πάνυ
317 1179 495 1251 καιρῷ
542 1182 933 1244 φαντασιωδῶς
988 1199 1048 1234 τε
1099 1182 1194 1233 καὶ
1229 1180 1488 1249 ἀμυδρῶς
1532 1178 1625 1230 τόν
1655 1195 1713 1230 τε

157 1272 575 1341 Εὑαγγεὶιτμὸν,
606 1275 699 1326 καὶ
713 1273 811 1344 τὴν
834 1271 1069 1340 Χριστοῦ
1094 1274 1186 1340 γέν
1219 1289 1253 1342 η
1272 1289 1362 1337 τιν,
1384 1272 1477 1324 καὶ
1500 1269 1595 1338 τὴν
1622 1266 1715 1338 βάς

158 1381 338 1418 πτισιν
369 1365 648 1434 ἑορτάζειν
698 1366 1079 1435 ὑποκρίνονται
1115 1366 1249 1434 πρὸς
1295 1353 1571 1431 ὲξηιιπάτῆν
1608 1362 1716 1415 τῶν

156 1455 573 1525 ἀκεραιοτέρων,
611 1458 702 1507 καὶ
747 1458 808 1508 οὐ
842 1457 985 1510 κατὰ
1028 1457 1311 1525 ἀλήθειχν.
1354 1456 1480 1507 Ὅτι
1518 1454 1574 1507 δὲ
1614 1454 1714 1506 οὐκ

156 1534 213 1612 ἐξ
260 1549 487 1616 οὐρανοῦ
531 1549 631 1618 τὴν
681 1549 859 1618 σάρκα
902 1551 930 1602 ὁ
998 1551 1259 1618 Χριστος,
1315 1548 1430 1602 ἀλλ’
1479 1551 1543 1601 ὲκ
1608 1548 1717 1600 τῶν

154 1638 331 1704 ἁγνῶν
351 1641 446 1692 καὶ
460 1641 807 1709 παρθενικῶν
826 1640 1071 1710 αἱμάτων
1090 1641 1307 1711 Μαρίοις
1320 1640 1418 1711 τῆς
1439 1641 1714 1709 πανάγνου

155 1728 492 1800 Θεομήτορος
537 1732 928 1802 προσελάϐετο,
977 1732 1324 1786 διδάσκουσιν
1374 1734 1423 1784 οἱ
1482 1736 1716 1799 εὐαγγε-

154 1822 331 1875 λισταὶ
364 1824 634 1894 φανερῶς,
663 1826 943 1887 Ματθαῖος
970 1826 1068 1894 μὲν
1093 1827 1286 1892 λέγων·
1344 1820 1461 1877 Τοῦ
1496 1823 1563 1875 δὲ
1608 1824 1713 1888 ⁸1η-

1819 639 1928 692 quo
1965 640 2085 688 nos,
2119 625 2205 677 die
2238 623 2329 675 Dei
2396 619 2687 676 Genitricis
2745 613 3205 670 annuntiationem
3257 608 3402 662 cele-

1819 715 1981 769 brant
2014 731 2029 768 :
2072 730 2169 769 nos
2200 714 2341 768 enim
2368 729 2508 775 eam,
2537 723 2595 765 ut
2622 708 2965 765 tradiderunt
3002 701 3168 757 divini
3213 700 3402 753 [‘atres

1822 820 2047 871 magnus
2095 805 2422 859 Athanasius
2468 813 2522 858 et
2556 801 2786 856 Joannes
2854 797 3287 867 Chrysostoutus,
3349 799 3404 843 et

1818 896 2123 961 quieodem
2178 906 2439 963 tempore,
2514 894 2715 962 quique
2775 899 2962 959 postea
3004 887 3239 948 luerunt,
3306 897 3402 935 vut

1819 984 1935 1038 Kal.
1972 986 2170 1054 Aprilis
2201 986 2569 1049 celebramus;
2599 984 2671 1036 illi
2712 996 2836 1035 vero
2864 978 3025 1033 Nonis
3053 975 3316 1039 Januarii,
3346 973 3403 1027 in

1820 1077 1968 1131 brevi
2002 1092 2134 1132 sane
2190 1086 2431 1147 tempore
2486 1076 2736 1128 simulate
2797 1082 2958 1139 atque
2998 1069 3229 1122 obscure
3288 1076 3399 1117 tum

1818 1170 2301 1233 annuntiationem,
2336 1178 2445 1221 tum
2474 1166 2677 1220 Christi
2709 1170 2907 1228 ortum,
2964 1170 3019 1215 et
3074 1157 3400 1227 baptismum

1819 1260 2091 1315 celebrare
2126 1274 2184 1315 se
2222 1260 2449 1331 lingunt,
2483 1273 2587 1312 non
2624 1255 2766 1325 quod
2796 1268 2921 1308 vere
2956 1253 3007 1306 id
3037 1249 3259 1312 faciant,
3305 1249 3399 1302 sed

1783 1353 1786 1356 ’
1819 1363 1878 1407 ιιι
1912 1353 2178 1421 decipiant
2212 1352 2585 1422 simpliciores.
2606 1348 2761 1415 Quod
2792 1354 2969 1400 autem
3022 1358 3125 1396 non
3181 1356 3212 1395 e
3241 1340 3402 1402 cmlo.

1820 1443 1913 1497 sed
1945 1459 2007 1498 cx
2040 1445 2188 1512 puris
2227 1444 2546 1498 castissimae
2572 1439 2812 1509 Virginis
2841 1437 3022 1490 Maria-
3051 1435 3139 1488 Dei
3168 1432 3406 1486 Gcnitri-

1818 1536 1897 1591 cis
1920 1536 2270 1603 sanguinibns
2292 1550 2510 1588 carnem
2542 1533 2791 1587 Christus
2820 1525 3195 1594 assumpserit,
3221 1530 3405 1589 aperte

1819 1627 2012 1680 docent
2044 1625 2409 1695 evangelistam
2433 1624 2716 1675 Matthtrus
2755 1620 2919 1684 enim,
2961 1614 3161 1669 Christi
3205 1621 3403 1675 autem,

1820 1714 2014 1784 inquit,
2051 1716 2317 1785 generatio
2384 1717 2459 1769 sic
2504 1721 2617 1766 erat
2648 1727 2666 1764 :
2708 1709 2839 1762 Cum
2895 1717 3023 1761 esset
3093 1706 3405 1772 desponsata

1820 1818 1987 1860 mater
2016 1809 2127 1876 ejus
2188 1806 2363 1860 Maria
2385 1805 2599 1874 Ioseph,
2628 1812 2905 1871 antequam
2933 1798 3285 1859 convenirent,
3320 1794 3406 1846 in-

154 1915 266 1969 σοῦ
322 1917 579 1985 Χριστοῦ
628 1921 667 1986 ἡ
716 1874 999 1987 remum;
1040 1874 1229 1983 οὕτως
1256 1914 1335 1987 ἦν
1365 1960 1377 1971 .
1405 1921 1713 1983 Μνηστευ-

1821 1909 1971 1952 venta
2008 1909 2083 1951 est
2116 1901 2169 1951 in
2210 1912 2353 1952 utero
2387 1899 2580 1949 habens
2600 1897 2660 1948 de
2692 1895 2901 1961 Spiritu
2932 1899 3117 1946 sancto
3140 1888 3180 1953 ¹,
3201 1897 3253 1941 et
3284 1901 3406 1955 qua:

153 2009 356 2076 θεισης
394 2009 525 2078 γὰρ,
553 2012 707 2081 φησὶ,
760 2010 868 2078 τῆς
900 2013 1126 2080 μητρὸς
1152 2012 1339 2066 αὑτοῦ
1377 2014 1607 2078 Μαρίας
1638 2009 1718 2074 τῷ

165 2099 403 2167 Ἰωσὴφ,
428 2100 570 2169 πρὶν
595 2102 632 2168 ἢ
653 2102 975 2155 συνελθεῖν
997 2102 1218 2167 αὐτοὺς
1240 2141 1255 2166 ,
1284 2103 1496 2169 εὑρέθη
1525 2102 1594 2152 ἐν
1620 2116 1717 2168 γα-

150 2192 279 2259 στρὶ
306 2193 537 2260 ἔχουσα
564 2192 634 2246 ἐκ
663 2194 1009 2260 Πνεύματος
1065 2193 1261 2262 ἁγίου,
1306 2195 1402 2246 καὶ
1453 2192 1524 2245 τὰ
1564 2192 1712 2260 ἑξῆς.

152 2279 280 2335 Εἶτα
313 2283 599 2347 διςξελθὼν
630 2287 697 2337 τὰ
737 2287 864 2353 περὶ
922 2286 1020 2351 τῆς
1051 2272 1357 2353 γεννήσεως
1409 2284 1573 2336 αὐτοῦ
1626 2284 1713 2335 λε-

65 2424 73 2430 .
152 2377 439 2445 πτομερῶς
469 2377 599 2447 ἄχρι
621 2378 722 2446 τῆς
739 2378 848 2429 τῶν
871 2378 1061 2446 μάγων
1086 2379 1403 2447 ἐπιδημίας,
1434 2377 1582 2445 λέγει
1615 2377 1717 2428 πά-

149 2469 250 2530 λιν,
283 2470 361 2521 ὅτι
386 2468 492 2522 Καὶ
521 2468 801 2534 ἐλθόντες
818 2472 904 2534 εἰς
934 2469 1049 2535 τὴν
1074 2472 1271 2523 οὶκίαν
1301 2467 1462 2523 εἶδον
1491 2468 1557 2521 τὸ
1586 2485 1717 2520 παι-

147 2560 277 2614 δίον
298 2562 443 2628 μετὰ
473 2564 699 2629 Μαρίας
737 2561 844 2628 τῆς
868 2564 1089 2629 μητεὸς
1119 2563 1328 2627 αὑτοῦ,
1368 2562 1466 2616 καὶ
1494 2562 1717 2615 πεσόν·

147 2669 242 2718 τες
281 2656 749 2723 προσεκύνησαν
786 2658 966 2723 αὐτῷ.
1001 2659 1215 2719 Λουκᾶς
1244 2657 1299 2709 δὲ
1340 2655 1538 2726 μικρὸν
1575 2658 1717 2708 ἀνω-

142 2747 291 2818 τέρω
339 2748 431 2799 τὸν
483 2747 641 2816 λόγον
691 2750 936 2818 ἀγαγὼν,
1000 2748 1254 2817 Ἐξῆλθε
1295 2750 1507 2818 δόγμα,
1556 2750 1713 2818 φησὶ,

144 2839 307 2905 παρὰ
367 2839 669 2907 Καίσαρος
700 2844 1054 2910 Αὐγούστου
1110 2843 1560 2911 ἁπογίάερεσθαι
1599 2841 1715 2896 πᾶ-

144 2944 268 2981 σαν
290 2929 405 2997 τὴν
445 2932 828 3001 οἰκουμένην,
873 2934 1032 3001 Αὕτη
1067 2935 1104 3001 ἠ
1150 2934 1471 3003 ἀποκραςρὴ
1512 2935 1712 3003 πρώτη

143 3022 405 3091 ἐγένετο,
448 3026 927 3093 ἡγεμονεύοντος
974 3027 1085 3094 τῆς
1118 3029 1338 3096 Συρίας
1387 3028 1709 3096 Κυρηνίου,

143 3115 241 3167 καὶ
292 3116 653 3184 ἐπορεύοντο
694 3118 916 3185 πάντες
957 3120 1413 3189 ἀπογράφεσθαι
1457 3123 1546 3185 εις
1596 3122 1712 3187 τὴν

144 3207 303 3261 ἰδίαν
350 3212 551 3264 πόλιν.
642 3212 849 3280 ’Δνέὁη
897 3212 964 3265 δὲ
1018 3215 1116 3267 καὶ
1175 3214 1388 3282 Ἰωσὴφ
1427 3215 1546 3268 ἀπὸ
1600 3213 1710 3281 τῆς

141 3304 470 3370 Γαλιλαίας
500 3305 568 3358 ἐκ
592 3306 825 3372 πόλεως
853 3306 1113 3375 Ναζαρὲτ
1139 3310 1225 3373 εἰς
1256 3307 1373 3375 τὴν
1416 3308 1710 3362 Ἰουδαίαν

139 3398 225 3460 εις
252 3399 438 3449 πόλιν
487 3398 663 3453 Δαϐὶδ
710 3399 842 3466 ἣτις
874 3399 1138 3452 καλεῖται
1182 3401 1472 3468 Βηθλεέμ,
1522 3401 1620 3453 διὰ
1648 3401 1713 3454 τὸ

138 3480 293 3538 εἶναι
319 3487 507 3539 αὐτὸν
533 3488 601 3551 ἐξ
622 3489 796 3542 οικυυ
819 3477 923 3541 καί
942 3487 1196 3556 πατριᾶς
1230 3489 1427 3554 Δαϐὶδ,
1456 3490 1708 3559 ἀποχρα-

137 3578 374 3643 ψασθαι
428 3580 553 3631 σὺν
603 3583 842 3648 Μαριὰμ
899 3580 974 3648 τῇ
1011 3581 1512 3653 μεμνηστευμένῃ
1555 3580 1715 3646 αὐτῷ

136 3669 403 3735 γυναικὶ,
446 3669 601 3737 οὔσῃ
632 3670 845 3737 ἐγκύῳ.
890 3670 1160 3738 Ἐγένετο
1216 3670 1287 3723 δὲ
1330 3672 1400 3722 ἐν
1440 3670 1520 3735 τῷ
1560 3667 1713 3724 εἶναι

134 3758 364 3823 αὐτοὺς
387 3758 960 3827 ἐκεῒ,ἐπλήσυησαν
1003 3762 1061 3813 al
1108 3760 1320 3829 ἡμέραι
1372 3761 1478 3814 τοῦ
1520 3760 1715 3814 τεκεῖν

133 3850 357 3916 αὐτὴν,
383 3850 484 3904 καὶ
507 3852 674 3904 ἔτεκε
694 3853 799 3905 τὸν
829 3852 962 3905 υιὸν
976 3850 1167 3919 αὐτῆς
1191 3858 1298 3906 τὸν
1313 3855 1711 3920 πρωτότοκον,

132 3944 235 3995 καὶ
277 3943 756 4012 ἐσπαργάνωσεν
779 3943 988 4012 αὐτὸν,
1015 3944 1115 3997 καὶ
1162 3943 1480 3997 ἀνέκλινεν
1527 3946 1717 3999 αὐτὸν

132 4035 205 4087 ἐν
229 4034 306 4100 τῇ
338 4034 561 4102 φάτνῃ,
594 4035 681 4086 ὅτι
708 4036 817 4088 οὐκ
847 4030 925 4103 ἦν
957 4034 1164 4098 αὐτοῖς
1193 4036 1379 4099 τόπος
1408 4035 1478 4088 ὲν
1500 4036 1580 4099 τῷ
1614 4053 1714 4089 κα-

132 4128 454 4195 ταλύματι.
508 4126 685 4178 Πολλὰ
742 4126 799 4179 δὲ
855 4126 950 4178 καὶ
996 4125 1131 4178 ἄλλα
1180 4127 1459 4195 μαρτύρια
1514 4127 1611 4194 τῆς
1649 4129 1714 4179 ἐκ

131 4218 424 4288 Παρθένου
457 4221 763 4286 γεννήσεως
785 4218 880 4270 τοῦ
909 4217 1114 4287 Κυρίου
1145 4218 1240 4269 καὶ
1274 4217 1529 4287 Σωτῆρος
1556 4218 1712 4287 ἡμῶν

129 4311 197 4362 ἐκ
226 4327 290 4363 τε
311 4310 423 4362 τῶν
444 4308 814 4377 εὐαγγελικῶν
829 4309 1050 4379 βίϐλων,
1071 4308 1295 4361 καὶτῶν
1312 4309 1711 4373 ἁποστολικῶν,

129 4408 235 4457 καὶ
258 4403 374 4455 τῶν
403 4402 579 4455 ἄλλων
604 4400 981 4454 Θεοπνεύστων
1008 4401 1267 4470 Γραφῶν.
1312 4401 1485 4463 Αὐτός
1515 4418 1575 4453 τε
1604 4402 1712 4471 γὰρ

126 4496 156 4546 ὁ
210 4493 414 4563 Σωτὴρ
445 4494 600 4563 ἡμῶν
639 4491 916 4560 πανταχοῦ
945 4490 1039 4543 τοῦ
1091 4490 1426 4557 Εὑαγγε).ίου
1456 4490 1584 4543 Υῐὸν
1620 4492 1714 4543 ἀν-

126 4584 368 4655 Θρώπου
418 4584 613 4638 ἑαυτὸν
665 4584 926 4651 ὀνομάζει
975 4580 1064 4635 διὰ
1114 4581 1213 4653 τὴν
1247 4583 1517 4652 ἄχραντον
1546 4580 1711 4634 αὐτοῦ

127 4677 511 4749 μητέρα.Καὶ
545 4679 573 4730 ὁ
605 4677 745 4738 Gaio;
775 4675 1008 4739 Παῦλος,
1047 4674 1497 4739 Ἐξαπὲστειλε,
1522 4675 1714 4742 φησὶν,

121 4776 161 4827 ό
200 4772 358 4836 Θεὸς
391 4771 497 4824 τὸν
532 4771 671 4825 Υὶὸν
713 4771 900 4824 αὐτου
945 4768 1272 4839 γενόμενον
1290 4770 1358 4822 ἐκ
1408 4766 1714 4836 γυναικὸς,

90 4852 93 4853 ν
122 4864 222 4917 ἵνα
261 4862 437 4916 τᾶλλα
462 4864 737 4931 ἐάσωμεν.
770 4862 832 4915 Ei
861 4862 920 4914 δὲ
950 4861 1206 4929 οὐράνιον
1233 4857 1301 4927 ἦν
1346 4861 1406 4912 τὸ
1437 4860 1599 4929 σῶμα
1622 4861 1717 4915 τοῦ

119 4954 408 5026 Χριστοῦ,
439 4955 541 5007 οὐκ
564 4954 629 5007 ἂν
661 4953 1151 5021 τοίςάνθρωπίνοις
1206 4951 1463 5003 ὑπέκειτο
1494 4951 1713 5017 πάθεσι,

116 5052 249 5110 τοῖς
278 5047 629 5116 ἀδιαόλήτοις
662 5045 827 5111 λέγω,
876 5044 1059 5114 πείνῃ,
1112 5044 1204 5096 καὶ
1236 5042 1390 5111 δίψῃ,
1423 5044 1517 5095 καὶ
1542 5043 1711 5112 πόνῳ,

116 5142 233 5194 καὶ
302 5140 477 5210 ὕπνῳ,
548 5138 642 5194 καὶ
698 5137 867 5208 λύπῃ,
949 5138 1046 5191 καὶ
1110 5138 1363 5207 δάκρυσι.
1450 5142 1559 5191 καὶ
1621 5139 1722 5191 ὅσα

113 5232 395 5287 τοιαῦτα.
475 5234 538 5285 El
605 5232 856 5300 οὐράνιος
938 5230 1228 5300 ἄνθρωπος
1313 5225 1425 5299 ἦν,
1484 5224 1525 5297 ᾧ
1596 5231 1719 5285 καθ’

112 5328 448 5378 ὑπςῑστασιν
478 5328 505 5378 ὁ
536 5325 710 5391 Λόγος
740 5324 946 5394 ήνώοη,
979 5324 1080 5375 οὐκ
1131 5323 1195 5377 ἂν
1221 5318 1291 5393 ἦν
1328 5323 1567 5393 φθαρτὸς
1622 5326 1719 5377 καὶ

1818 2000 2139 2057 sequuntur.
2203 1987 2408 2040 Deinde
2456 2001 2577 2040 cum
2612 2001 2673 2040 ea
2742 1983 3103 2038 recensuisset
3155 1988 3406 2032 accurate

1820 2093 1940 2147 qua:
1979 2077 2043 2131 ad
2072 2077 2189 2146 ejus
2225 2078 2492 2147 pertinent
2523 2076 2926 2145 generationem
2964 2087 3133 2139 usque
3168 2073 3233 2123 ad
3296 2069 3407 2121 Ma-

1817 2187 2004 2239 gorum
2040 2172 2357 2224 adventum:
2380 2169 2672 2230 latrantes,
2701 2166 2894 2235 inquit,
2922 2164 3164 2227 domum,
3196 2162 3403 2214 invene.

1820 2273 1939 2314 runt
1962 2277 2181 2330 puerum
2236 2276 2351 2313 cum
2389 2258 2564 2312 Maria
2608 2271 2773 2311 matre
2824 2257 3028 2325 ejus,et
3080 2253 3402 2323 procidentes

1817 2357 2169 2406 adorat-erunt
2199 2368 2317 2404 eum
2348 2353 2390 2402 ¹.
2428 2350 2604 2405 Lucas
2634 2357 2809 2403 autem
2842 2348 3001 2415 paulo
3038 2346 3197 2399 altius
3240 2357 3402 2395 exor-

1817 2444 1990 2509 diens,
2055 2442 2220 2507 Exiit,
2260 2441 2451 2510 inquit,
2488 2442 2714 2493 edictum
2756 2456 2785 2491 a
2816 2438 3023 2491 Ca'sare
3056 2437 3313 2502 Augusto,
3347 2441 3401 2483 ut

1816 2536 2192 2587 describeretur
2222 2535 2494 2586 universus
2532 2532 2695 2584 orbis.
2728 2533 2855 2583 Ila’c
2910 2527 3190 2594 descriptio
3247 2524 3402 2591 [acta

1816 2627 2140 2694 estprimum
2174 2642 2207 2677 a
2236 2624 2455 2693 prwside
2487 2622 2656 2693 Syria:
2683 2622 2921 2689 Cyrino;
2950 2629 2996 2672 et
3028 2618 3173 2672 ibant
3203 2631 3400 2677 omnes,

1820 2726 1872 2769 ut
1900 2715 2290 2784 proﬁterentur,
2319 2714 2515 2783 singuli
2544 2716 2597 2764 in
2636 2712 2902 2764 civitatem
2933 2725 3106 2763 suam.
3156 2705 3402 2762 Ascendit

1816 2818 1991 2861 autent
2029 2818 2073 2861 et
2102 2807 2290 2874 Ioseph
2320 2823 2351 2858 a
2386 2804 2613 2859 Galilwa
2660 2806 2722 2856 de
2755 2804 2961 2856 civitate
3015 2797 3286 2852 Nazareth
3348 2796 3404 2850 in

1815 2898 2079 2965 Judwam,
2113 2900 2167 2952 in
2207 2899 2463 2951 civitatem
2502 2894 2666 2948 David
2705 2910 2821 2963 qum
2852 2900 3069 2945 vocatur
3114 2888 3403 2950 Bethleem,

1814 3009 1873 3046 eo
1906 2991 2042 3060 quod
2072 3002 2204 3045 esset
2232 2990 2296 3043 de
2330 2991 2485 3042 domo
2541 2998 2588 3042 et
2641 2988 2852 3056 familia
2911 2984 3098 3047 David,
3154 2991 3209 3034 nt
3237 2980 3402 3048 proﬁ-

1815 3093 2009 3137 teretur
2036 3099 2153 3136 cum
2184 3083 2353 3135 Maria
2388 3082 2696 3149 desponsata
2720 3078 2822 3131 sibi
2855 3092 3020 3130 uxore
3080 3078 3405 3141 prmgnante.

1741 3206 1787 3268 Ο
1820 3175 2042 3228 Factum
2061 3185 2133 3228 est
2148 3182 2340 3235 atttent,
2370 3188 2485 3224 cum
2515 3181 2680 3223 essent
2716 3169 2803 3232 ibi,
2839 3166 3034 3232 impleti
3063 3173 3182 3217 sunt
3213 3163 3320 3215 dies
3349 3168 3405 3211 ut

1816 3275 2105 3332 pareret,et
2125 3267 2317 3334 peperit
2345 3265 2517 3333 ﬁlium
2548 3278 2700 3315 suum
2724 3260 3184 3329 primogenitumet
3220 3252 3405 3319 pannis

1814 3375 1931 3410 eum
1950 3358 2181 3422 involvit,
2208 3365 2256 3410 et
2290 3356 2564 3409 reclinavit
2592 3356 2645 3405 in
2674 3352 2948 3421 prazsepio,
3002 3348 3127 3416 quia
3161 3363 3260 3397 non
3292 3354 3405 3396 erat

1815 3450 1887 3502 eis
1917 3450 2062 3502 locus
2104 3450 2159 3502 in
2223 3447 2509 3501 diversorio
2547 3446 2587 3500 ³.
2657 3444 2795 3497 Sunt
2828 3452 2881 3495 et
2914 3441 3015 3492 alia
3072 3439 3230 3490 multa
3258 3435 3409 3487 testi-

1818 3541 1995 3594 monia
2026 3550 2132 3593 tam
2159 3556 2220 3595 ex
2260 3540 2414 3594 lihris
2450 3538 2798 3607 evangelicis,
2827 3550 2987 3604 quam
3020 3547 3083 3584 ex
3145 3528 3406 3596 apostoli-

1813 3632 1911 3693 cis,
1943 3640 2103 3699 atque
2130 3629 2252 3683 aliis
2295 3628 2492 3682 divinis
2557 3624 2799 3694 scriptis,
2830 3622 3025 3691 quibus
3086 3618 3296 3671 Domini
3353 3616 3410 3669 el

1814 3723 2119 3776 Scrvatoris
2167 3722 2335 3774 nostri
2402 3727 2552 3773 ortus
2597 3731 2664 3771 ex
2724 3714 2941 3782 Virgine
3004 3709 3408 3780 comprobatur

1813 3812 1946 3866 Nam
1972 3821 2026 3866 et
2059 3813 2172 3880 ipse
2230 3810 2486 3864 Dominus
2516 3817 2698 3862 noster
2725 3806 2921 3873 ubique
2944 3803 3000 3858 in
3034 3799 3327 3868 Evangelio
3348 3811 3408 3851 se

1813 3903 2007 3957 Filium
2071 3903 2311 3957 hominis
2374 3901 2613 3956 nominat
2668 3905 2885 3968 pr0pter
2946 3908 3127 3946 veram
3177 3901 3405 3943 matrem

1814 4012 1992 4051 suam.
2013 3995 2078 4048 Et
2115 3995 2270 4049 divus
2300 3993 2607 4062 Apostolus,
2641 4002 2699 4042 ut
2725 3989 2827 4042 alia
2858 3987 3199 4045 omittamus,
3229 3982 3403 4051 Misit,

1815 4088 2009 4156 inquit,
2032 4087 2170 4141 Deus
2198 4086 2396 4140 Filium
2429 4100 2581 4138 suum
2611 4084 2812 4150 factum
2844 4095 2907 4132 ex
2930 4078 3146 4130 muliere
3168 4074 3209 4128 ⁵.
3253 4071 3407 4138 Quod

1813 4182 1856 4235 si
1892 4180 2092 4233 Christi
2132 4195 2332 4247 corpus
2364 4176 2821 4238 luissetcualeste,
2858 4187 2968 4225 non
3018 4169 3209 4221 fuisset
3236 4166 3407 4219 obno-

1813 4272 1958 4325 xium
1998 4272 2249 4325 humanis
2286 4268 2685 4330 aﬂ'ectionibus,
2729 4280 2821 4320 eas
2846 4263 3082 4330 intelligo
3105 4275 3223 4329 qua:
3251 4258 3405 4326 culpa

1814 4372 2000 4421 carent
2054 4371 2107 4416 et
2136 4360 2570 4429 reprehensione,
2630 4357 2804 4426 qualis
2862 4363 2943 4408 est
2968 4353 3158 4415 latnes,
3189 4360 3241 4405 et
3265 4350 3409 4404 sitis:

1816 4464 1870 4510 et
1920 4467 2164 4512 somnus,
2194 4461 2247 4504 et
2278 4448 2561 4513 lassitudo,
2613 4454 2667 4499 et
2694 4458 2913 4505 mceror,
2956 4453 3009 4495 et
3033 4441 3305 4509 lacrymm,
3354 4448 3410 4491 et

1752 4539 1793 4593 Ι)
1823 4562 1942 4616 qua!
2005 4551 2130 4597 sunt
2168 4543 2251 4595 his
2308 4538 2527 4592 similia.
2575 4536 2630 4591 Si
2678 4537 2858 4597 homo,
2934 4533 3017 4585 cui
3072 4530 3306 4582 Verbum
3356 4528 3409 4580 in

1820 4612 2050 4705 persona
2080 4630 2426 4699 conjunctum
2453 4633 2554 4690 cst,
2608 4621 2842 4677 caelestis
2877 4626 3014 4681 erat,
3043 4612 3410 4681 corruptibilis

1831 4736 1886 4781 et
1934 4723 2181 4779 mortalis
2209 4736 2314 4774 non
2351 4719 2451 4771 fuit
2512 4716 2654 4771 sicut
2687 4711 2888 4767 terreni
2924 4708 3193 4763 homines.
3234 4705 3411 4757 Carle-

1827 4830 1938 4874 stes
2004 4817 2146 4871 enim
2204 4824 2367 4881 atque
2432 4810 2674 4862 viventes
2731 4818 2920 4859 omnes
2970 4791 3434 4865 incorruptibiles

1821 4918 1947 4968 sunt
2006 4918 2059 4963 et
2112 4903 2467 4960 immortales.
2522 4901 2721 4956 Verum
2782 4898 2881 4950 hac
2932 4894 2999 4947 de
3031 4907 3088 4945 re
3153 4889 3323 4943 fusius
3356 4886 3411 4940 in

1828 5000 2077 5070 sequenti
2117 4998 2272 5051 titulo
2335 4993 2723 5063 disputabitur,
2774 5003 2934 5057 quem
2990 4984 3249 5038 adversus
3277 4980 3406 5032 Pau-

1825 5094 2054 5148 licianos
2101 5087 2526 5158 composuimus,
2571 5084 2626 5138 in
2688 5080 2866 5150 capite
2896 5079 2961 5131 de
2998 5076 3088 5130 Dei
3117 5071 3412 5134 Gcnitrice,

1821 5197 1873 5243 et
1907 5187 1958 5239 in
2006 5200 2070 5239 eo
2121 5183 2296 5251 capite
2340 5180 2481 5248 quod
2538 5176 2785 5245 proxime
2857 5168 3119 5238 sequitur.
3172 5163 3417 5229 Namque

1820 5278 1897 5337 illi
1961 5290 2082 5332 cum
2111 5272 2232 5328 aliis
2288 5270 2491 5326 morbis
2535 5274 2648 5320 tum
2684 5264 2785 5318 hoc
2816 5260 2979 5315 etiam
3010 5257 3286 5310 laborant.

112 5419 340 5488 Ονητδς
359 5418 556 5486 ἐπίσης
581 5388 693 5481 τοῖς
715 5388 1003 5484 chaste“.
1028 5419 1089 5471 Ol
1120 5388 1281 5482 φύσει
1321 5388 1455 5487 fap'
1481 5419 1745 5488 οὐράνιοι,
1790 5418 1886 5475 καὶ
1920 5416 2122 5481 ζῶντες
2153 5411 2350 5471 πάντες
2390 5405 2660 5474 ἄφθαρτοι
2704 5400 2800 5452 καὶ
2859 5394 3140 5449 ἀθάνατοι.
3173 5388 3414 5488 Εἱρήσιί

105 5532 219 5566 ται
259 5513 321 5564 δὲ
349 5514 481 5582 περὶ
513 5512 705 5566 τούτου
770 5515 1110 5583 πλατύτερον
1142 5515 1200 5565 ὲν
1254 5511 1335 5564 τῶ
1377 5512 1577 5581 ἐφεξῆς
1616 5513 1783 5586 τίτλῳ
1816 5513 1896 5583 τῷ
1929 5510 2068 5565 κατὰ
2097 5509 2208 5579 τῷν
2248 5497 2741 5571 ὲπονομαξομένων
2790 5488 3180 5546 Παυλικιάνων
3246 5484 3309 5534 ὲν
3335 5479 3416 5549 τῷ

108 5626 185 5660 πε
197 5605 266 5675 pi.
301 5575 696 5673 τῆς-Θεοτόκοη
745 5575 1045 5675 κεφαλαίω,
1103 5605 1197 5659 καὶ
1223 5606 1298 5675 τῷ
1357 5575 1471 5674 μετ’
1496 5575 1715 5662 έκεῖνο.
1755 5575 2016 5662 Κάκεῖνοι
2048 5575 2159 5673 γὰρ
2192 5596 2329 5670 μετὰ
2380 5594 2489 5653 τῶν
2544 5589 2725 5645 ἄλλων
2784 5583 2973 5641 κακῶν
3011 5580 3107 5634 καὶ
3141 5579 3207 5649 τῇ
3263 5575 3415 5644 λύμη

56 5758 59 5759 ,
108 5713 230 5780 τῆς
267 5708 433 5761 νόσου
466 5710 674 5778 ταύτης
703 5708 1002 5777 ἐνέχονται.

192 5854 211 5883 ¹
254 5851 453 5904 Mulli.
492 5867 524 5914 t,
560 5848 639 5903 l8.
716 5849 937 5902 ’Matlh.
971 5862 1027 5912 tt,
1059 5852 1140 5898 ll.

1224 5847 1240 5871 ³
1276 5846 1402 5899 an.
1442 5862 1499 5907 ti,
1539 5845 1645 5899 l-7.
1707 5843 1721 5872 ‘
1759 5837 1934 5893 Galat.
1966 5850 2037 5895 tv,
2068 5832 2118 5887 ιι.
