3952 6612
327 460 463 524 1181

1250 465 1626 524 maiorut
1664 464 2126 527 DOGMATICA.
2158 492 2224 503 —-
2254 466 2397 531 TlT.
2446 444 2673 527 XXIII.

3434 458 3569 531 “92

322 578 747 650 προεδρεύοντες
770 580 912 645 ἆγιοι
945 566 1184 647 Πατέρες
1214 576 1317 647 ἀρτ
1350 594 1378 629 ν
1411 578 1491 641 εἰς
1514 577 1703 630 θυσίαν
1728 592 1867 628 ποοσ

2004 592 2197 646 panem
2229 578 2535 635 oll‘erimus.
2588 576 2752 634 Multa
2792 574 2897 632 alia
2936 588 3153 648 quoque
3182 577 3431 635 Christus
3464 583 3572 635 alio

320 672 540 740 έφερον,
580 662 662 732 οἷς
694 670 788 723 καὶ
813 671 973 739 ἡμεῖς
1010 668 1520 732 ἐπακολουθοῦντες,
1543 670 1708 739 ἄρτον
1731 684 1899 737 προσ-

322 762 552 833 άγομεν.
608 761 783 815 Πολλά
827 762 884 815 δὲ
926 762 1018 814 καὶ
1046 761 1180 817 ἄλλα
1219 763 1247 815 δ
1290 762 1388 831 μὲν
1430 763 1661 831 Χριστὸς
1697 762 1898 831 ἑτέρως

318 851 729 920 παραδέδωκεν,
757 850 809 902 οι
837 850 1127 904 ἀπόστολοι
1184 851 1240 903 δέ
1272 851 1365 905 καὶ
1399 851 1517 919 μετ’
1545 851 1790 913 ἐκείνους
1842 849 1892 902 οἱ

315 938 554 1008 διάδοχοι
580 938 785 992 τούτων
815 940 1017 1010 ἑτέρως
1040 939 1354 1003 διετάξαντο
1393 940 1566 994 ταῦτα
1621 938 1892 1007 γίνεσθαι,

315 1031 420 1083 οὐκ
439 1029 842 1099 ἐναντιούμενοι
862 1030 942 1101 τῷ
968 1030 1213 1102 Χριστῷ,
1239 1032 1356 1095 πῶς
1385 1032 1491 1102 γάρ
1518 1048 1533 1097 ;
1571 1031 1706 1085 ἁλλά
1758 1031 1895 1083 πλαο

312 1121 621 1193 τυνομένης
648 1124 751 1194 ἤδη
803 1126 898 1178 καὶ
918 1124 1291 1194 αὐξανομένης
1338 1125 1438 1192 τῆς
1488 1124 1747 1189 πίστεως,
1791 1123 1888 1177 αῦ-

316 1214 503 1280 ξοντες
557 1218 652 1268 καὶ
706 1216 858 1269 αὐτοὶ
913 1218 1056 1270 κατά
1118 1219 1304 1271 πᾶσαν
1340 1218 1523 1270 ἄδειαν
1554 1220 1621 1270 τὰ
1652 1215 1889 1287 Χριστοῦ

312 1308 595 1377 μυστήρια
631 1308 767 1378 πρὸς
789 1309 947 1372 δόξαν
977 1308 1071 1361 καὶ
1104 1309 1496 1379 μεγαλωσῦνην
1527 1307 1693 1360 αὐτοῦ
1723 1322 1736 1337 ο
1772 1305 1887 1361 οἷον

314 1396 342 1445 δ
369 1395 468 1463 μὲν
493 1398 727 1464 Χριστὸς
759 1398 1124 1467 βαπτισθῆναι
1148 1398 1338 1459 θέλων,
1366 1398 1425 1450 οὗ
1482 1398 1618 1466 πρὸς
1674 1399 1887 1467 δυσμὰς

312 1486 666 1557 ἀπεστράφη,
698 1489 774 1558 τῷ
807 1490 1021 1559 Σατανᾷ
1050 1490 1138 1543 διὰ
1165 1488 1415 1560 γλώσσης
1455 1491 1885 1559 ἀποταξάμενος,

309 1575 433 1628 οὶδὲ
466 1578 602 1649 πρὸς
626 1580 887 1642 ἀνατολὰς
918 1582 1266 1652 ἀπεστράφη,
1288 1581 1366 1651 τῷ
1412 1581 1528 1652 Θεῷ
1567 1584 1885 1648 συνδοξαζό-

313 1681 479 1732 μενος
501 1684 517 1698 ⁸
548 1669 669 1722 οὐδὲ
696 1670 755 1722 τὸ
784 1671 1063 1741 Σύμϐολον
1093 1673 1196 1741 τῆς
1251 1674 1483 1736 πίστεως
1539 1675 1883 1746 ἀνήγγειλεν,

305 1757 433 1811 οὐδὲ
458 1761 558 1823 τάς
587 1762 751 1831 εὐχὰς
772 1763 1071 1831 ὑπεδέξατο
1102 1764 1197 1816 τοῦ
1222 1764 1617 1834 βαπτίσματος,
1672 1767 1791 1819 οὐδὲ
1826 1770 1883 1820 ἐν

304 1848 663 1923 κολυμϐήθρᾳ
694 1854 1017 1927 ἐϐαπτίσθη,
1070 1856 1191 1910 οὐδὲ
1245 1858 1469 1928 ἐχρίσθη
1520 1858 1704 1929 ἐλαίῳ,
1762 1861 1882 1915 οὐδὲ

308 1937 493 2009 μύρῳ,
526 1941 646 1995 οὐδὲ
680 1943 840 2005 εὐθὺς
863 1944 1186 2013 βαπτισθεὶς
1207 1945 1300 1998 τοῦ
1344 1948 1675 2001 Δεσποτικοῦ
1725 1953 1883 2017 μετέ-

302 2029 436 2082 λαϐε
469 2031 719 2100 σώματος
742 2034 836 2087 καὶ
861 2036 1110 2105 αἵματος.
1172 2036 1364 2107 Ἦμείς
1413 2038 1469 2089 δὲ
1523 2040 1592 2092 τὰ
1646 2040 1881 2110 ρηθέντα

299 2120 483 2174 πάντα
509 2124 575 2175 τα
608 2123 706 2191 μὲν
735 2124 973 2195 δρῶμεν,
1002 2128 1070 2179 τὰ
1098 2127 1155 2179 δὲ
1210 2128 1494 2198 πάσχομεν
1548 2128 1875 2199 βαπτιζόμε-

299 2227 406 2265 νοι.
430 2214 542 2266 Καὶ
573 2214 733 2269 πάλιν
754 2216 781 2266 δ
812 2215 1161 2287 μένΧριστδς
1190 2218 1251 2271 τὸ
1281 2220 1578 2289 μυστήριον
1599 2222 1696 2289 τῆς
1720 2238 1882 2274 πνευ-

301 2303 542 2373 ματικῆς
569 2304 780 2372 θυσίας,
811 2307 931 2377 ἦτοι
954 2308 1048 2361 τοῦ
1094 2310 1427 2364 Δεσποτικοῦ
1489 2311 1738 2381 σώματος
1783 2314 1879 2366 καὶ

296 2392 534 2464 αἵματος
550 2398 608 2450 ἐν
639 2396 933 2469 Ἐκκλησία
951 2401 1012 2453 οὑ
1047 2401 1387 2471 παρέδωκεν,
1410 2402 1544 2455 ἀλλά
1569 2406 1628 2456 ἐν
1647 2404 1877 2475 ὑπερῴῳ

296 2488 487 2557 κοινῷ,
516 2492 608 2542 καὶ
636 2491 693 2545 ἐν
719 2492 971 2565 τραπέζῃ
994 2496 1168 2563 κοινῇ,
1209 2495 1304 2549 καὶ
1356 2497 1657 2566 προφαγὼν
1710 2497 1876 2567 ἕτερα

295 2575 700 2646 βρώματα,καὶ
732 2582 1110 2651 ἀνακείμενος,
1139 2583 1235 2637 καὶ
1271 2583 1394 2638 οὔτε
1429 2587 1620 2657 στολὴν
1670 2587 1877 2659 ίερατι-

292 2668 403 2738 κὴν
450 2671 814 2741 ἐνδεδυμένος,
850 2674 974 2727 οὔτε
1017 2677 1082 2746 τῇ
1123 2677 1412 2747 ἀκολουθίᾳ
1453 2678 1553 2748 τῆς
1600 2682 1875 2751 ἡμετέρας

294 2761 611 2833 ἱερουργίας
669 2767 1012 2836 χρησάμενος
1068 2770 1126 2821 ἐν
1185 2769 1442 2840 ψαλμοῖς,
1498 2774 1590 2825 καὶ
1659 2772 1872 2844 ὕμνοις,

289 2854 391 2907 καὶ
420 2854 585 2925 ᾠδαῖς
612 2863 1039 2928 πνευματικαῖςο
1072 2863 1232 2932 ἡμεῖς
1258 2864 1315 2916 δὲ
1370 2866 1429 2916 ἐν
1495 2866 1765 2937 ἐκκλησίᾳ
1811 2883 1869 2919 τε

288 2947 396 3017 τὴν
437 2950 749 3022 ἱερουργίαν
782 2953 1156 3022 ἐπιτελοῦμεν,
1184 2957 1278 3008 καὶ
1308 2957 1401 3009 ἐπὶ
1424 2957 1519 3010 τοῦ
1569 2976 1873 3029 πνευματι-

290 3039 395 3091 κοῦ
449 3039 855 3113 θυσιαστηρίου,
909 3045 1006 3115 τῆς
1065 3045 1215 3116 ἱερᾶς
1260 3064 1406 3117 φημι
1437 3048 1744 3119 τραπέζης,
1774 3050 1867 3103 καὶ

286 3132 532 3201 νήστεις,
555 3134 648 3187 καὶ
671 3136 1036 3201 έστῶτες,και
1062 3139 1677 3212 τὴνίερατικὴν’στο).ὴν
1706 3159 1869 3211 περι-

2006 669 2171 723 modo
2207 671 2455 735 tradidit,
2492 670 2728 739 apostoli
2771 685 2901 725 vero
2933 684 3236 740 eorumque
3284 688 3568 728 successo-

2000 772 2091 813 res
2121 759 2228 813 alio
2256 759 2418 813 modo
2452 759 2568 823 ﬁeri
2617 761 2733 813 lucc
2783 761 3087 830 jusserunt,
3133 776 3241 816 non
3288 762 3569 816 contradi-

2001 860 2192 905 centes
2231 849 2492 917 Christo;
2523 851 2616 920 qui
2646 852 2790 905 enim
2833 852 2938 906 hoc
2968 850 3083 905 ﬁeri
3126 851 3332 921 possit?
3354 880 3425 892 -—
3452 852 3569 919 sed,

1998 952 2289 1011 postquam
2328 942 2587 1012 ﬁdesyam
2626 952 2919 1013 propagata
2953 942 3391 1012 ampliﬁcataque
3427 954 3566 1008 erat,

1996 1025 2384 1102 aIanilicat'uri
2442 1043 2494 1087 et
2526 1035 2635 1104 ipsi
2669 1035 2921 1104 mysreria
2967 1035 3167 1090 Christi
3199 1036 3264 1089 ad
3299 1036 3418 1103 ejus
3448 1036 3566 1103 glo—

1995 1121 2131 1175 riam
2190 1130 2359 1190 atque
2413 1123 2909 1193 magniﬁcentiam.
2970 1123 3082 1189 Sic,
3124 1138 3176 1179 e.
3205 1140 3282 1194 3.,
3312 1123 3566 1179 Christus

1994 1226 2117 1264 cum
2171 1211 2534 1279 baptizandus
2581 1223 2748 1278 esset,
2800 1229 2908 1267 non
2940 1214 3005 1267 ad
3066 1216 3424 1278 occidentem,
3482 1223 3566 1267 ut-

1993 1313 2119 1370 pote
2138 1303 2354 1358 Satanaa
2387 1305 2712 1360 renuntiatis
2739 1306 2885 1359 clara
2917 1322 3068 1369 voce,
3098 1321 3274 1375 neque
3292 1307 3357 1359 ad
3382 1307 3565 1361 orien-

1993 1401 2101 1444 tem
2123 1409 2427 1448 conversus
2452 1404 2561 1459 est,
2590 1395 2763 1450 Deum
2791 1412 2984 1465 nempe
3011 1397 3353 1466 gloriﬁcans;
3388 1412 3565 1465 neque

1995 1483 2122 1537 ﬁdei
2171 1487 2477 1555 symbolum
2550 1490 2951 1558 pronuntiavit,
3017 1503 3192 1555 neque
3256 1488 3561 1541 orationem

1990 1575 2367 1643 baptismalem
2431 1579 2591 1642 dixit,
2654 1596 2834 1650 neque
2887 1581 2939 1634 in
2981 1581 3297 1649 baptisteria
3328 1580 3565 1647 baptiza-

1989 1673 2124 1732 tus,
2234 1685 2411 1738 neque
2493 1671 2617 1725 oleo
2698 1682 3046 1741 unguentove
3123 1678 3207 1724 est
3282 1669 3563 1733 intinctus,

1986 1773 2091 1811 nec
2154 1761 2340 1813 statim
2410 1770 2532 1830 post
2614 1762 2946 1831 baptismum
3025 1776 3227 1831 corpus
3308 1769 3365 1814 et
3437 1775 3567 1814 san-

1985 1853 2205 1917 guinem
2261 1851 2607 1908 Dominicum
2661 1854 2912 1922 sumpsit.
2960 1852 3072 1907 Nos
3106 1861 3290 1905 autem
3339 1848 3564 1918 quando

1986 1944 2332 2017 baptizamur
2388 1966 2511 2019 quas
2563 1948 2725 2003 modo
2758 1956 3056 2002 memorata
3090 1952 3219 1999 sunt
3256 1943 3442 1997 omnia
3476 1940 3559 1994 vel

1986 2047 2247 2109 facimus,
2301 2043 2386 2100 vel
2416 2045 2675 2113 patimur.
2715 2043 2887 2096 Porro
2938 2040 3192 2095 Christus
3238 2038 3556 2110 mysterium

1982 2138 2236 2193 sacriﬁcii
2292 2137 2623 2207 spiritualis,
2678 2136 2729 2189 id
2782 2143 2864 2188 est
2898 2133 3166 2187 Dominiei
3219 2131 3468 2200 corporis
3501 2139 3557 2183 et

1980 2227 2261 2295 sanguinis
2288 2242 2396 2279 non
2432 2225 2658 2279 tradidit
2683 2226 2735 2277 iu
2770 2222 3033 2284 Ecclesia,
3066 2223 3148 2277 vel
3182 2222 3235 2275 in
3266 2219 3554 2274 cmuaculo

1979 2319 2249 2388 superiori
2278 2317 2645 2381 communi,et
2682 2320 2735 2371 in
2768 2330 2952 2370 mensa
2977 2314 3278 2376 communi,
3312 2320 3367 2365 et
3399 2320 3553 2379 post-

1979 2427 2142 2481 quam
2196 2412 2336 2466 alios
2391 2412 2542 2464 cibos
2582 2411 2933 2472 comedisset,
2996 2415 3051 2460 et
3100 2404 3453 2467 accumbens,
3496 2410 3553 2456 et

1978 2520 2154 2573 neque
2184 2504 2320 2558 stola
2369 2501 2697 2557 sacerdotali
2751 2499 2996 2561 indutus,
3031 2512 3210 2566 neque
3264 2510 3359 2565 per
3403 2493 3550 2563 psal-

1978 2609 2095 2651 Inos
2137 2605 2192 2650 et
2228 2596 2461 2666 hymnos
2490 2605 2541 2650 et
2577 2604 2774 2648 cantus
2811 2591 3128 2662 spirituales
3156 2599 3340 2642 nostra
3372 2585 3548 2641 sancti

1978 2687 2140 2741 oﬁicil
2177 2687 2395 2743 ratione
2426 2701 2578 2744 usus.
2620 2684 2728 2740 Nos
2765 2695 2954 2739 contra
2990 2690 3048 2737 et
3078 2685 3129 2734 in
3168 2679 3394 2735 ecclesia
3420 2692 3551 2731 san-

1976 2788 2125 2834 ctum
2169 2778 2407 2834 cilicium
2447 2780 2777 2849 peragimus,
2804 2786 2859 2830 et
2895 2778 2949 2831 in
2982 2775 3136 2829 altari
3167 2770 3456 2840 spirituali,
3489 2770 3544 2823 in

1974 2887 2127 2927 sacra
2159 2871 2419 2925 nimirum
2454 2885 2664 2933 mensa,
2699 2880 2752 2923 et
2772 2870 2964 2940 jejuni,
2996 2879 3045 2921 et
3073 2876 3296 2929 stantes,
3322 2876 3378 2919 et
3406 2862 3543 2917 stola

1973 2965 2294 3019 sacerdotali
2331 2964 2536 3028 amicti,
2574 2971 2629 3016 et
2664 2961 2892 3030 psalmis
2932 2970 2988 3013 et
3017 2958 3232 3029 hymnis
3272 2968 3328 3010 et
3363 2954 3543 3010 canti-

1973 3053 2076 3108 bus
2100 3053 2481 3122 spiritualibus
2516 3051 2802 3105 adhibitis.
2835 3051 3167 3118 Temporum
3199 3046 3347 3099 enitn
3379 3043 3548 3099 vicis-

1972 3145 2243 3200 situdines
2271 3158 2359 3199 res
2389 3143 2924 3213 smpiusimmutare,
2982 3150 3037 3194 et
3090 3138 3335 3194 obSoIeta
3386 3136 3547 3190 iuno-

288 3224 642 3296 ϐεϐλημένοι,
684 3231 777 3283 καὶ
829 3233 1085 3301 ψαλμοῖς,
1156 3233 1251 3287 καὶ
1298 3232 1509 3303 ὕμνοις,
1567 3235 1660 3289 καὶ
1706 3236 1866 3306 ᾠδαῖς

1976 3253 2103 3292 vare
2135 3238 2332 3302 solent,
2392 3251 2502 3289 non
2552 3234 2773 3304 quidem
2808 3248 2917 3302 quo
2944 3232 3032 3284 illa
3066 3229 3413 3293 aboleantur,
3447 3226 3544 3281 sed
3648 3240 3649 3243 ‘

287 3320 691 3396 πνευματικαῖς
729 3320 1023 3391 χρώμενοι.
1049 3324 1111 3376 Al
1170 3325 1536 3387 καταστάσεις
1602 3325 1712 3395 γὰρ
1756 3326 1866 3379 τῶν

285 3409 500 3480 καιρῶν
526 3410 750 3465 εἰώθασι
810 3413 1067 3478 πολλάκις
1118 3416 1369 3483 ἀμείὸειν
1410 3417 1481 3469 τά
1534 3420 1862 3488 πράγματα,

283 3504 385 3555 καὶ
436 3502 505 3556 τὰ
568 3504 903 3577 παλαιότερα
925 3511 1294 3577 καινοτομεῖν,
1322 3511 1423 3562 οὐκ
1470 3511 1547 3573 εἷς
1579 3511 1862 3578 ἀναίρεσιν

280 3592 536 3660 ἐκείνων,
570 3596 683 3650 ἀλλ’
717 3598 797 3661 εἰς
836 3599 1281 3669 εὐπρεπεστέραν
1307 3600 1479 3667 τάξιν,
1537 3601 1629 3655 διὰ
1681 3603 1782 3672 τὴν
1806 3604 1863 3666 ἐς

284 3685 517 3757 ὕστερον
538 3688 848 3760 ἐλευθερίαν
872 3692 965 3744 καὶ
993 3691 1055 3744 τὸ
1085 3692 1184 3762 τῆς
1213 3693 1585 3763 προαιρέσεως
1615 3694 1862 3764 ἀνεμπό-

281 3777 486 3833 διστον.
526 3782 589 3834 Ol
618 3782 725 3853 γὰρ
758 3784 1063 3849 ἀπόστολοι,
1094 3787 1190 3838 καὶ
1220 3788 1269 3839 oi
1317 3786 1434 3856 μετ’
1489 3787 1687 3851 αὐτοὺς
1730 3788 1863 3857 ἀλη-

280 3868 402 3930 θεῖς
426 3872 703 3941 ποιμένες,
736 3875 832 3929 καὶ
863 3875 1015 3946 ὀρθοὶ
1035 3876 1345 3932 διδάσκαλοι
1386 3878 1498 3932 τῶν
1551 3880 1857 3950 ἐκκλησιῶν

280 3960 562 4030 Πνεῦματι
592 3964 727 4017 Θεοῦ
759 3967 977 4032 πάντως
1031 3968 1310 4038 ἀγόμενοι,
1351 3971 1446 4024 καὶ
1499 3970 1598 4042 τὴν
1649 3972 1861 4027 ἐκεῖθεν

278 4050 550 4123 ελλαμψιν
580 4054 819 4126 ἔχοντες,
845 4058 916 4110 τὰ
948 4059 1047 4129 μὲν
1074 4060 1334 4129 ἧμειψαν,
1375 4062 1445 4115 τά
1478 4062 1536 4116 δὲ
1589 4063 1856 4134 ηὔξησαν,

277 4144 490 4199 ἀνωθεν
534 4145 818 4218 δεξάμενοι
860 4148 957 4217 τὴν
1007 4153 1264 4222 τοιαύτην
1306 4152 1489 4223 χάριν,
1532 4156 1627 4207 καὶ
1682 4157 1859 4210 πάντα

280 4235 422 4305 πρδς
452 4236 512 4288 τὸ
545 4239 823 4309 συμφέρον
851 4240 1223 4310 ἐνεργοῦντες,
1251 4242 1343 4295 καὶ
1386 4244 1654 4312 θεοςριλῶς
1678 4248 1860 4313 δριζέ-

279 4344 453 4397 μενοι,
487 4332 578 4382 καὶ
603 4330 1012 4395 διατυποῦντες.
1042 4332 1103 4386 El
1134 4332 1189 4387 δὲ
1224 4335 1467 4406 ἀκριϐῶς
1519 4340 1854 4410 κατανοήσο-

280 4436 403 4489 μεν,
437 4421 556 4474 οὐδὲ
579 4421 789 4490 ἄζυμον
818 4418 885 4492 ἦν
910 4424 1093 4502 ἄρτος,
1116 4420 1177 4478 οὗ
1197 4427 1501 4494 μετέδωκεν
1544 4429 1571 4481 ὁ
1620 4429 1855 4499 Χριστὸς

273 4514 389 4574 τοῖς
413 4513 750 4576 ἀποστόλοις.
796 4512 855 4566 ὐ
886 4515 994 4586 γὰρ
1019 4517 1146 4585 περὶ
1175 4515 1269 4568 τοῦ
1306 4517 1496 4588 Πάσχα
1519 4519 1682 4587 νόμος
1710 4519 1853 4571 οὕτω

1974 3331 2159 3400 potius
2185 3331 2328 3384 utin
2359 3328 2641 3383 meliorem
2680 3326 2999 3395 redigantur
3031 3321 3281 3377 ordinem
3307 3320 3542 3375 libertati

1972 3437 2039 3475 ac
2070 3421 2237 3476 certis
2283 3420 2572 3491 principiis
2602 3418 2775 3488 magis
2823 3417 3265 3471 convenientem.
3299 3412 3543 3481 Namque

1965 3511 2201 3581 apostoli
2264 3522 2321 3564 ct
2390 3512 2505 3565 veri
2562 3520 2683 3579 post
2764 3511 2889 3563 illos
2964 3518 3213 3578 pastores
3294 3505 3540 3572 rectique

1966 3603 2333 3657 Ecciesiarum
2366 3604 2633 3671 magistri,
2662 3602 2867 3670 Spiritu
2900 3601 2991 3655 Dei
3030 3601 3256 3654 omnino
3292 3596 3440 3650 ducti
3468 3596 3539 3650 ab

1960 3706 2139 3761 eoque
2164 3692 2475 3755 illuminati,
2505 3691 2605 3744 alia
2638 3690 3022 3753 immutarunt,
3046 3687 3148 3742 alia
3168 3686 3540 3756 ampliﬁcare-

1963 3792 2120 3849 Iunt,
2158 3782 2429 3837 divinitus
2460 3781 2603 3836 nacti
2641 3781 2804 3835 talem
2837 3779 3089 3848 gratiam,
3122 3787 3176 3832 et
3202 3778 3257 3831 in
3278 3775 3539 3830 omnibus

1964 3874 2187 3929 utilitati
2243 3873 2647 3944 prospicientes
2704 3880 2757 3925 et
2807 3885 2994 3924 amore
3025 3869 3116 3922 Dci
3154 3868 3538 3938 praecipientes

1961 3977 2159 4022 cuncta
2194 3978 2248 4021 et
2284 3967 2631 4022 ordinantes.
2678 3964 2783 4019 Ubi
2832 3970 3016 4017 autem
3076 3960 3382 4015 accuratius
3418 3973 3533 4012 rem

1961 4058 2507 4129 investigaverimus,
2566 4071 2743 4126 neque
2776 4068 3000 4125 azymus
3045 4052 3140 4105 fuit
3180 4050 3335 4119 panis
3371 4063 3534 4115 quem

1958 4151 2212 4205 Christus
2270 4149 2533 4217 apostolis
2587 4146 3040 4202 communicavit.
3110 4142 3222 4195 Lex
3265 4139 3414 4193 enim
3466 4137 3536 4191 de

1960 4242 2222 4296 Paschatc
2277 4241 2607 4295 celebrando
2643 4242 2725 4293 sic
2760 4239 2878 4293 ait:
2917 4234 3327 4300 Quartodecimo
3376 4230 3535 4300 primi

1959 4335 2153 4385 mensis
2189 4350 2220 4385 a
2265 4348 2473 4401 vespere
2507 4329 2893 4383 manducabitis
2924 4342 3132 4397 azyma,
3166 4339 3326 4393 usque
3357 4323 3428 4375 ad
3460 4322 3536 4375 vi-

1958 4426 2211 4478 cesimum
2244 4425 2475 4493 primum
2508 4418 2697 4473 mensis
2724 4421 2791 4471 ad
2835 4434 3126 4487 vesperam.
3171 4418 3386 4484 Septem
3424 4414 3533 4467 dies

1966 4516 2292 4585 fermentum
2342 4530 2447 4567 non
2496 4514 2783 4581 reperietur
2822 4512 2877 4563 in
2903 4509 3139 4562 domibus
3174 4507 3374 4561 vestris.
3409 4505 3534 4561 Πίσα

272 4603 499 4671 διέξεισι
524 4620 540 4634 ο
578 4603 658 4673 Τῇ
681 4606 1311 4677 τεσσαρεσκαιδεκάτῃ
1350 4609 1459 4663 τοῦ
1484 4611 1681 4678 μηνὸς
1742 4612 1853 4665 τοῦ

1976 4622 2049 4661 ex
2098 4606 2321 4676 quidem
2365 4604 2611 4676 prtecipit
2641 4620 2655 4658 :
2685 4603 2937 4659 Christus
2988 4610 3170 4656 autem
3216 4610 3343 4655 ante
3367 4615 3533 4669 quar-

273 4702 326 4748 a'
356 4695 455 4765 tig'
487 4695 749 4764 ἑσπέρας
770 4698 980 4751 ἕδεσθε
1005 4697 1213 4769 ἄζυμα,
1271 4701 1382 4767 ἕως
1435 4703 1661 4769 ἡμέρας
1710 4703 1854 4772 μιᾶς

272 4789 514 4856 εἰκάδος
544 4791 649 4844 τοῦ
690 4793 884 4858 μηνὸς
925 4792 1035 4859 ἓως
1062 4792 1345 4863 ἑσπέρας.
1385 4795 1570 4848 Ἑπτὰ
1627 4797 1853 4865 ἡμέρας

273 4881 420 4951 ζῢμη
449 4884 561 4950 οὐχ
589 4884 974 4949 εὑρεθήσεται
1001 4885 1071 4938 ἐν
1108 4886 1237 4951 ταῖς
1282 4888 1499 4953 οἰκίαις
1526 4887 1709 4958 ὑμῶν.
1769 4891 1853 4945 Τὰ

275 4974 377 5044 μὲν
402 4968 495 5026 οὖν
525 4973 619 5026 τοῦ
652 4974 834 5043 Νόμου
860 4976 1115 5028 τοιαῦταο
1144 4979 1170 5029 ὁ
1193 4978 1249 5029 δὲ
1294 4978 1529 5047 Χριστὸς
1581 4979 1687 5048 πρὸ
1750 4982 1851 5050 τῆς

268 5065 867 5135 τεσσαρεσκαιδεκάτης
897 5067 1129 5136 ἡμέρας,
1164 5069 1331 5138 ἦγουν
1379 5070 1517 5123 κατά
1572 5071 1672 5140 τὴν
1700 5088 1851 5143 τρισ-

271 5157 609 5225 καιδεκάτην
658 5158 717 5209 τὸ
744 5159 965 5226 νομικόν
998 5176 1054 5209 τε
1094 5159 1282 5228 Πάσχα
1308 5161 1575 5225 τετέλεκε,
1610 5165 1706 5216 καὶ
1757 5164 1849 5217 τὸν

269 5247 530 5315 μυστικὸν
558 5247 841 5316 παρέδωκε
864 5249 1093 5313 δεῖπνον,
1117 5251 1235 5303 καθ’
1267 5251 1332 5321 ἢν
1363 5253 1575 5320 ἡμέραν
1595 5252 1849 5322 ζυμίταις

265 5341 452 5409 ἄρτοις
485 5338 781 5402 ἀκωλύτως
811 5341 1007 5403 πάντες
1037 5343 1355 5412 ἐκέχρηντο.
1387 5344 1447 5395 Ei
1474 5343 1530 5396 δέ
1562 5362 1644 5405 τις
1676 5346 1842 5408 εἴποι,

266 5429 377 5480 Καὶ
398 5427 507 5499 μὴν
532 5428 592 5480 τι
622 5429 844 5497 νομικὸν
881 5430 1184 5498 τηνικαῦτα
1228 5432 1419 5502 Πάσχα
1451 5433 1622 5486 τελῶν
1662 5434 1846 5502 ἄζυμα.

262 5519 356 5582 ἐπὶ
390 5521 656 5588 πικρίδων
686 5518 886 5589 ἔφαγεν
921 5521 1082 5584 αὐτός
1117 5538 1176 5573 τε
1215 5524 1309 5575 καὶ
1341 5525 1388 5576 οἱ
1420 5522 1661 5593 μαθηταί
1684 5542 1697 5554 ο
1755 5527 1849 5578 πό-

1965 4698 2359 4752 tumdecimum
2384 4696 2550 4761 diem,
2594 4695 2854 4749 nimirum
2891 4692 3054 4747 tertio
3077 4692 3291 4746 decimo
3322 4689 3531 4744 Pascha

1963 4790 2141 4860 legale
2169 4788 2486 4848 celebravit,
2510 4796 2565 4842 et
2597 4786 2886 4856 mysticam
2912 4798 3125 4839 coenam
3154 4781 3533 4837 communica-

1966 4883 2064 4946 vit,
2100 4896 2210 4951 quo
2253 4880 2340 4934 die
2371 4880 2698 4934 fermentato
2737 4892 2871 4946 pane
2902 4878 2976 4930 uti
3019 4876 3275 4929 omnibus
3305 4874 3530 4928 omnino

1962 4973 2139 5028 licuit.
2186 4972 2242 5027 Si
2299 4973 2423 5041 quis
2479 4986 2610 5024 vero
2668 4970 2869 5024 dixerit
2916 4968 3121 5037 :Atqui
3163 4976 3293 5020 tunc
3322 4965 3531 5020 Pascha

1962 5064 2134 5132 legale
2190 5063 2474 5118 celebrans
2527 5077 2713 5133 azyma
2755 5077 2880 5116 cum
2914 5060 3103 5115 herbis
3131 5059 3330 5112 amaris
3371 5072 3529 5109 Inan-

1962 5156 2185 5210 ducavit
2211 5156 2327 5225 ipse
2360 5166 2522 5223 atque
2546 5155 2666 5224 ejus
2690 5152 2941 5221 discipuli
2967 5170 2981 5217 ;
3017 5151 3159 5205 unde
3205 5150 3371 5218 igitur
3398 5158 3530 5201 tunc

1960 5249 2272 5302 habuerunt
2303 5246 2532 5318 azyma?
2560 5246 2689 5299 huic
2715 5242 3202 5313 respondebimus:
3238 5236 3526 5292 Probabile

1961 5351 2048 5395 est
2081 5341 2169 5393 illa
2214 5341 2324 5408 jam
2353 5348 2509 5391 antea
2545 5345 2845 5406 prteparata
2880 5334 3047 5387 fuisse
3080 5330 3378 5386 Salvatoris
3405 5329 3527 5394 jus-

1958 5450 2045 5501 su,
2079 5443 2173 5487 aut
2202 5432 2585 5486 benevolentia
2617 5429 3024 5500 patrisfamilias
3049 5427 3141 5495 qui
3172 5427 3363 5494 ctipsc.
3393 5424 3529 5480 lide-

1958 5527 2032 5579 lis
2070 5534 2207 5580 erat.

262 5602 356 5664 θεν
387 5611 479 5663 οῦν
510 5611 665 5681 ἔσχον
702 5613 822 5665 τότε
848 5613 915 5665 τὰ
938 5611 1165 5682 ἄζυμα;
1223 5613 1456 5683 ἐροῦμεν
1490 5617 1624 5686 πρὸς
1652 5616 1835 5683 αὑτὸν,
1892 5618 1974 5671 ὃτι
2033 5617 2177 5678 εἰκὸς
2210 5612 2279 5687 ἦν
2316 5612 2811 5684 προετοιμασθῆναι
2875 5610 3046 5664 ταῦτα
3092 5610 3214 5662 κατ’
3256 5610 3527 5677 ἐπιταγὴν

262 5702 355 5753 τοῦ
382 5702 712 5774 Σίυτῆροςιῆ
745 5703 885 5755 κατὰ
930 5704 1239 5771 πρόγνωσιν
1276 5704 1369 5757 τοῦ
1424 5707 1825 5772 οἰκοδεσπότου,
1884 5709 2076 5759 πιστοῦ
2119 5708 2210 5759 καὶ
2239 5707 2404 5760 αὐτοῦ
2426 5706 2806 5775 τυγχάνλντος.

352 5792 438 5843 Ἐν
467 5794 583 5854 ταῖς
619 5793 634 5843 ί
671 5793 952 5863 ρουργίαις
982 5794 1143 5846 πάλιν
1178 5794 1237 5846 οὐ
1268 5797 1669 5866 προσφέρουσιν
1699 5796 1840 5851 οἶνον

262 5883 420 5937 ῦῦαςι
455 5884 812 5954 μεμιγμένον,
840 5884 955 5937 ἀλλ’
992 5886 1247 5954 ἄκρατον,
1282 5887 1372 5939 καὶ
1411 5889 1585 5958 ἀμιγῆ
1634 5893 1837 5945 παντά-

2031 5798 2293 5859 Porroin
2347 5813 2502 5853 sacra
2540 5806 2697 5851 caena
2719 5811 2827 5850 non
2856 5796 3099 5851 offerunt
3144 5796 3332 5849 vinum
3380 5811 3520 5865 aqua

1951 5900 2335 5961 temperatum,
2376 5892 2475 5948 sed
2508 5906 2719 5946 merum
2752 5906 2929 5962 neque
2970 5890 3074 5947 ulla
3102 5891 3327 5947 omnino
3364 5906 3509 5960 aqua
