3952 6520
434 374 570 440 1183

1672 376 2057 443 EUTHYMII
2096 376 2455 438 ZIGABENI

3551 385 3687 448 1134

434 491 809 557 eummistum,
861 508 1026 548 unam
1099 493 1264 551 etiam
1314 510 1417 565 per
1474 495 1581 550 hoc
1647 506 1897 551 naturam
1952 493 2006 546 in

2130 505 2275 545 τασιν
2310 491 2520 558 ὕδατος,
2552 495 2680 563 μίαν
2712 495 2803 549 καὶ
2832 496 2919 551 διὰ
2950 496 3138 551 τούτου
3174 499 3335 567 φύσιν
3359 502 3417 554 ἐν
3446 501 3525 570 τῷ
3560 502 3685 570 Χρισ

437 581 658 639 Christo
721 585 1047 649 indicantes,
1087 595 1141 640 ct
1186 588 1498 655 producunt
1551 589 2002 659 Chrysostomum

436 675 534 741 qui
595 690 791 743 aquam
850 678 1093 731 vetuerit
1167 680 1220 733 iu
1283 680 1656 750 Explicatione
1727 676 2005 746 Evangelii

440 767 697 822 Malthaei.
742 768 849 823 Nos
892 785 1020 823 vero
1071 770 1258 826 vinum
1298 788 1443 842 aqua
1481 782 1873 842 temperantes,
1906 771 2007 826 ad-

441 860 813 915 ministramus
843 872 897 916 et
926 864 1333 933 participamus,
1377 866 1721 921 deelarantes
1747 867 1825 920 sic
1851 865 2008 919 unio-

444 966 568 1005 nem
638 951 869 1007 duarum
939 957 989 1008 in
1051 958 1270 1013 Christo
1322 966 1668 1017 naturarum.
1758 956 2008 1027 Namque

440 1041 607 1094 etiam
642 1041 935 1112 Gregorius
965 1045 1277 1116 Theologus
1310 1050 1442 1103 dicit
1475 1049 1751 1118 :Sanguis
1775 1060 1830 1104 et
1869 1065 2009 1118 aqua

440 1145 565 1197 quae
596 1133 875 1199 proﬂuunt
917 1136 1167 1203 elatere,
1223 1138 1313 1193 ille
1365 1141 1583 1208 quidem
1641 1151 1700 1194 ut
1750 1142 2010 1204 hOminis,

446 1222 560 1277 hinc
592 1238 775 1279 autem
826 1229 980 1296 quasi
1014 1245 1175 1298 supra
1230 1231 1532 1287 hominem.
1586 1234 2011 1305 Chrysostomus

447 1328 611 1380 porro
651 1315 840 1371 videns
896 1316 1188 1374 Marcionis
1226 1322 1437 1377 Pontici
1487 1324 1784 1393 discipulos
1815 1342 2011 1393 aquam

446 1404 792 1459 solummodo
809 1408 1005 1462 oll'erre
1032 1427 1046 1461 τ
1071 1420 1354 1479 propterea
1374 1414 1517 1467 enim
1540 1414 2014 1485 llyd'rOparastatze

448 1499 707 1565 appellati
744 1508 871 1554 sunt
921 1519 933 1552 :
980 1502 1152 1555 vetuit
1201 1518 1397 1573 aquam
1465 1505 1682 1567 oﬂerre.
1721 1509 2018 1576 prohibens

449 1604 560 1642 non
612 1592 722 1645 vini
786 1603 841 1646 et
879 1608 1032 1660 aqum
1072 1594 1437 1656 oblationem,
1502 1597 1595 1650 sed
1647 1614 1802 1667 aqua:
1847 1600 2017 1653 solius

446 1682 841 1738 aulhihitionem
874 1686 1174 1740 secundum
1207 1687 1421 1741 illorum
1461 1691 1797 1758 exemplum.
1835 1691 2015 1759 Ipsum

446 1778 630 1823 autem
668 1770 851 1824 vinum
887 1781 942 1825 et
966 1788 1162 1842 aquam
1194 1774 1505 1843 temperata
1544 1789 1707 1847 atque
1740 1780 1818 1833 sic
1845 1779 2018 1832 admi-

451 1862 686 1915 nistrata
731 1864 1141 1934 comprobasse,
1191 1868 1497 1924 luculenter
1529 1873 1792 1933 ostendit,
1840 1873 1929 1927 ubi
1963 1873 2015 1925 in

454 1953 824 2019 Explicatione
854 1955 1130 2026 Evangelii
1160 1958 1405 2027 Joannis,
1430 1963 1682 2029 Quando,
1713 1965 1908 2032 inquit,
1953 1963 2019 2017 ad

452 2051 625 2099 altare
672 2047 887 2102 accedis
940 2058 997 2104 et
1052 2052 1369 2121 participas.
1400 2056 1721 2124 sanguinem
1750 2057 1953 2111 Christi
1991 2072 2021 2110 e

449 2136 664 2204 culice,
717 2147 908 2206 reputa
970 2148 1022 2195 te
1080 2155 1143 2195 os
1197 2152 1348 2196 tuum
1400 2144 1557 2197 lateri
1602 2145 1803 2199 Christi
1834 2147 2021 2199 admo-

454 2228 639 2292 visse,
689 2237 852 2298 atque
906 2244 971 2285 ex
1035 2230 1153 2301 ejus
1206 2232 1377 2289 latere
1427 2244 1479 2289 te
1534 2235 1744 2290 bibere.
1780 2236 1821 2290 E
1868 2236 2027 2291 Chri-

452 2321 523 2373 sti
562 2321 729 2375 latere
787 2331 970 2375 autem
1030 2338 1141 2377 non
1198 2325 1375 2379 solum
1420 2327 1667 2396 sanguis,
1706 2328 1803 2382 sed
1852 2327 2017 2382 etiam

454 2427 594 2478 aqua
636 2412 896 2480 proﬂuxit
929 2416 994 2468 ad
1044 2418 1517 2472 conﬁrmationem
1578 2421 1810 2474 duarum
1865 2422 1918 2475 in
1960 2437 2025 2476 eo

458 2512 801 2569 naturarum,
854 2507 1318 2575 quemadmodum
1361 2524 1526 2578 supra
1577 2510 1833 2566 diximus.
1884 2511 2026 2567 Cali-

457 2613 577 2652 cem
604 2607 788 2653 autem
829 2615 895 2654 ex
919 2616 1029 2669 quo
1083 2602 1339 2658 Christus
1386 2605 1645 2672 apostolis
1677 2606 2011 2674 pr0pinavit,

455 2692 588 2745 vino
624 2700 682 2746 et
737 2708 876 2760 aqua
912 2701 1275 2762 temperatum
1318 2695 1491 2749 fuisse
1549 2705 1781 2751 testatur
1810 2698 2027 2751 Domini

456 2787 627 2837 lrater
660 2784 898 2839 Jacobus
923 2785 1206 2853 apostolus
1249 2796 1415 2855 atque
1448 2786 1665 2841 Marcus
1694 2789 2028 2857 evangelista

460 2876 515 2928 in
569 2875 806 2945 liturgiis
866 2877 1111 2945 ipsorum
1154 2878 1237 2931 sic
1270 2878 1517 2932 dicentes
1552 2896 1567 2934 :
1608 2877 1832 2949 Sumpta
1863 2879 2030 2933 calice

459 2975 615 3037 atque
679 2969 796 3021 tino
858 2985 997 3037 aqua
1049 2978 1361 3036 temperato,
1405 2972 1605 3038 gratias
1656 2987 1816 3041 agens
1849 2988 1908 3024 ac
1945 2972 2029 3024 be-

459 3060 722 3122 nedicens,
757 3060 897 3113 dedit
930 3060 1064 3125 illis,
1107 3059 1301 3123 Bibite,
1334 3061 1597 3131 inquiens,
1630 3078 1695 3116 ea:
1728 3078 1786 3115 eo
1823 3078 2026 3128 omnes,

2111 581 2221 649 στῷ
2256 584 2740 651 καταγγέλλοντες,
2774 590 2865 640 καὶ
2896 589 3289 659 προϐάλλονται
3325 592 3418 643 τὸν
3475 593 3681 660 Χρυσό-

2112 691 2309 743 στομον
2331 675 2607 728 κωλύοντα
2634 678 2694 729 τὸ
2728 678 2874 749 ὕδωρ
2904 680 2960 731 ὲν
2984 684 3049 750 τῇ
3086 683 3354 752 ἑρμηνείᾳ
3396 682 3493 735 τοῦ
3547 682 3689 734 κατὰ

2109 767 2387 819 Ματθαῖον
2450 768 2807 836 Εὐαγγελίου.
2874 770 3064 841 Ἡμεῖς
3111 773 3168 824 δὲ
3214 774 3305 825 τὸν
3353 770 3493 826 οἶνον
3537 773 3688 827 ὕδατι

2111 859 2422 927 κιρνῶντες,
2459 862 2853 931 ίερουργοῦμέν
2915 881 2975 916 τε
3038 864 3135 917 καὶ
3177 865 3689 935 μεταλαμϐάνομεν,

2110 950 2463 1019 ἐμφαίνοντες
2498 953 2596 1023 τὴν
2634 953 2826 1007 ’ἐνωσιν
2845 955 2952 1007 τῶν
2982 957 3039 1008 ὲν
3064 957 3285 1025 Χριστῷ
3314 957 3407 1009 δύο
3452 958 3688 1025 φύσεων.

2110 1044 2245 1112 Φησὶ
2280 1044 2387 1111 γὰρ
2414 1045 2507 1097 καὶ
2528 1047 2554 1098 6
2582 1045 2837 1113 Θεολόγος
2870 1047 3189 1118 Γρηγόριος,
3219 1044 3365 1117 Αἷμα
3421 1050 3515 1101 καὶ
3548 1050 3688 1117 ὕδωρ

2110 1136 2211 1203 τῆς
2248 1136 2485 1205 πλευρᾶς
2510 1138 2789 1206 χεόμενον,
2826 1138 2886 1190 τὸ
2922 1142 3021 1208 μὲν
3048 1140 3120 1202 ὡς
3152 1140 3469 1210 ἀνθρώπου,
3520 1142 3584 1194 τὸ
3634 1141 3685 1194 δὲ

2111 1224 2186 1286 ὡς
2219 1225 2358 1293 ὑπὲρ
2390 1226 2696 1293 ἄνθρωπον.
2740 1227 2797 1279 '0
2822 1227 2877 1279 δὲ
2933 1228 3345 1296 Χρυσόστομος,
3376 1229 3520 1299 δρῶν
3566 1231 3687 1293 τοὺς

2115 1314 2438 1385 Μαρκίωνος
2462 1314 2554 1367 τοῦ
2589 1316 2853 1369 Ποντικοῦ
2881 1318 3127 1387 μαθητὰς
3151 1318 3297 1389 ὕδωρ
3330 1321 3493 1387 μόνον
3524 1338 3685 1389 προσ-

2115 1407 2346 1473 άγοντας
2380 1406 2468 1474 (δι’
2495 1406 2630 1459 αὐτὸ
2659 1407 2764 1475 γὰρ
2784 1407 2942 1461 τοῦτο
2975 1410 3490 1479 ’Υδροπαραστὰται
3521 1427 3685 1477 προσ-

2115 1498 2557 1567 ωνομάσθησαν),
2594 1500 2831 1551 ἐκώλυσε
2856 1501 2918 1552 τὸ
2948 1503 3279 1571 προσφέρειν
3304 1501 3471 1572 ὕδωρ,
3505 1503 3687 1555 ἀποδο-

2118 1589 2360 1656 κιμάσας
2392 1590 2451 1641 ού
2476 1589 2536 1640 τὸ
2568 1589 2863 1659 προσάγειν
2897 1586 3039 1644 οἶνον
3079 1592 3174 1645 καλ¹
3228 1592 3395 1661 ὕδωρ,
3446 1594 3585 1645 ἀλλὰ
3631 1596 3685 1647 τὸ

2074 1746 2079 1753 η
2120 1680 2452 1750 προσφέρειν
2486 1680 2629 1749 ὕδωρ
2660 1681 2818 1749 μόνον
2850 1682 2992 1735 κατὰ
3024 1683 3123 1752 τὴν
3148 1682 3376 1736 ἐκείνων
3406 1686 3684 1751 ὁμοίωσιν.

2126 1774 2245 1825 Ὅτι
2271 1773 2326 1824 δὲ
2353 1772 2446 1825 τὸν
2473 1769 2613 1824 οἶνον
2643 1775 2734 1825 καὶ
2749 1773 2809 1825 τὸ
2830 1773 2973 1843 ὕδωρ
3001 1773 3304 1844 μιγνύμενα
3360 1779 3453 1829 καὶ
3483 1779 3685 1847 ἱερουρο

2121 1864 2364 1931 γούμενα
2395 1865 2710 1935 ἀπεδέχετο,
2752 1865 2940 1933 σαφῶς
2974 1866 3244 1935 ἐδήλωσεν
3292 1870 3350 1920 ὲν
3405 1872 3471 1939 τῇ
3522 1872 3685 1940 ἑρμηο

2123 1958 2241 2028 νείᾳ
2292 1957 2387 2011 τοῦ
2445 1958 2582 2010 κατὰ
2651 1956 2902 2027 Ἰωάννην
2975 1958 3308 2026 Εὐαγγελίου
3360 1959 3553 2026 λέγων,
3611 1963 3685 2013 ὅτι

2136 2049 2329 2101 Ἠνίκα
2365 2052 2648 2122 προσέρχῃ
2675 2050 2754 2120 τῷ
2778 2052 3173 2123 θυσιαστηρίῳ,
3214 2054 3309 2106 καὶ
3350 2053 3687 2122 μεταλαμϐἆσ

2124 2159 2235 2204 νεις
2259 2144 2353 2195 τοῦ
2385 2142 2616 2212 αῐματος
2638 2144 2731 2197 τοῦ
2761 2145 2998 2216 Χριστοῦ
3026 2146 3091 2199 ὲκ
3117 2144 3210 2198 τοῦ
3270 2146 3555 2215 ποτηρίου,
3604 2147 3683 2197 νόο

2127 2236 2249 2303 μιξε
2290 2236 2374 2287 ὅτι
2424 2236 2486 2288 τὸ
2539 2236 2714 2305 στόμα
2777 2254 2875 2289 σου
2933 2240 2998 2307 τῇ
3054 2238 3266 2307 πλευρᾷ
3316 2237 3415 2289 τοῦ
3465 2237 3684 2307 Χριστοῦ

2126 2325 2494 2395 προσέθηκας,
2526 2327 2621 2379 καὶ
2650 2329 2713 2379 ὲκ
2744 2327 2842 2395 τῆς
2875 2328 3124 2394 πλευρᾶς
3171 2327 3336 2380 αὑτοῦ
3374 2329 3567 2390 πίνεις.
3604 2328 3686 2380 Ἐκ

2125 2415 2181 2468 δὲ
2212 2418 2309 2483 τῆς
2338 2417 2575 2484 πλευρᾶς
2600 2418 2837 2487 Χριστοῦ
2865 2419 2963 2487 οὐχ
2996 2413 3137 2487 αἷμα
3193 2418 3374 2487 μόνον.
3414 2419 3551 2477 ἀλλὰ
3607 2420 3686 2470 καὶ

2129 2506 2273 2575 ὕδωρ
2312 2507 2540 2561 ἔϐλυσεν
2561 2510 2643 2571 είς
2666 2509 2931 2561 πίστωσιν
2964 2510 3072 2561 τῶν
3090 2511 3149 2563 ὲν
3180 2509 3329 2578 αὒτῴ
3352 2509 3445 2562 δύο
3468 2510 3685 2576 φύσεων,

2128 2599 2313 2662 καθὼς
2370 2600 2798 2670 προδεδήλωται.
2863 2601 2984 2654 Ὀτι
3014 2601 3073 2653 δὲ
3100 2604 3195 2655 καὶ
3247 2601 3311 2655 τὸ
3345 2604 3619 2671 ποτήριον,
3636 2602 3687 2664 ἐξ

2129 2686 2189 2746 οὗ
2217 2694 2523 2761 μετέδωκεν
2545 2694 2574 2746 6
2616 2693 2849 2763 Χριστὸς
2885 2695 2996 2755 τοῖς
3027 2693 3369 2755 ἀποστόλοις,
3404 2692 3690 2761 σύγκρατον

2128 2782 2195 2856 ἦν
2239 2786 2297 2852 ἐξ
2326 2787 2470 2839 οἴνου
2519 2787 2612 2839 καὶ
2644 2786 2858 2849 ὓδατος,
2893 2788 3161 2856 μαρτυρεῖ
3184 2788 3212 2839 6
3235 2785 3555 2852 ἀδελφόθεος
3599 2784 3690 2837 Ἰά-

2133 2877 2305 2938 κωϐος
2328 2879 2356 2929 6
2380 2878 2700 2941 ἀπόστολος,
2730 2878 2823 2930 καὶ
2854 2878 3082 2947 Μάρκος
3125 2878 3152 2930 6
3206 2876 3601 2943 εὐαγγελιστὴς
3641 2876 3691 2925 ἐν

2131 2971 2251 3031 ταῖς
2277 2968 2642 3038 λειτουργίαις
2668 2968 2871 3033 αὐτῶν,
2900 2968 3152 3037 ἑκάτεροι
3208 2966 3464 3037 λέγοντες
3513 2965 3693 3031 οὕτως,

2133 3061 2237 3125 ὅτι,
2265 3060 2479 3114 Λαϐὼν
2512 3061 2821 3129 ποτήριον,
2854 3060 2955 3113 καὶ
2980 3059 3244 3129 κεράσας
3277 3059 3345 3124 ἐξ
3384 3060 3557 3113 οινου
3609 3057 3695 3111 καὶ

460 3149 546 3201 hic
600 3158 676 3203 est
712 3152 926 3219 sanguis
981 3166 1126 3203 meus
1168 3152 1258 3214 qui
1299 3166 1396 3218 pro
1445 3150 1585 3205 vobis
1639 3161 1792 3221 atque
1843 3152 2024 3206 multis

2134 3151 2349 3216 ὕδατος
2377 3152 2855 3224 εὐχαριστήσας,
2904 3152 3275 3220 εὐλογήσας,
3326 3151 3554 3204 ἔδωκεν
3598 3151 3695 3203 αὑ-

456 3240 823 3307 profunditur.
862 3240 1096 3295 Prorsus
1127 3242 1274 3295 enim
1309 3242 1580 3297 mendacii
1612 3259 1809 3313 expers
1830 3254 1883 3297 et
1909 3253 2026 3299 tan-

458 3345 622 3400 quam
686 3331 832 3385 Deus
878 3332 1172 3398 prwsciens
1216 3332 1397 3400 qualis
1446 3333 1701 3402 profundi
1762 3335 2020 3402 debebat,

462 3422 625 3475 talem
654 3430 711 3475 et
739 3421 1029 3491 discipulis
1059 3423 1509 3478 communicavit.
1569 3426 1748 3495 Atque
1791 3429 2031 3497 synodus

465 3513 825 3583 Carthagena:
856 3513 1044 3568 habita
1074 3515 1340 3580 decrevit,
1375 3525 1434 3569 ut
1468 3515 1520 3570 in
1547 3532 1704 3572 sacra
1737 3534 1896 3574 creua
1948 3520 2030 3572 ni-

461 3603 539 3658 hil
571 3605 804 3674 amplius
836 3604 1121 3671 oll'eratur,
1155 3606 1259 3660 nisi
1283 3620 1346 3660 ea
1371 3609 1741 3664 tantummodo
1786 3626 1908 3679 quae
1932 3612 2036 3665 Do-

469 3696 650 3750 minus
689 3696 1132 3764 communicavit,
1162 3696 1213 3750 id
1244 3706 1327 3752 est
1359 3698 1519 3767 panis
1546 3714 1611 3755 ac
1661 3700 1848 3755 vinum
1895 3716 2037 3771 aqua

472 3797 857 3856 temperatum.

535 3969 793 4026 Dominus
827 3976 1008 4023 noster
1037 3965 1194 4023 Iesus
1241 3967 1486 4023 Christus
1520 3970 1833 4025 animalium
1877 3970 2047 4025 sacri-

467 4071 607 4127 ﬁciis
639 4069 798 4122 (luem
836 4060 1111 4131 imposuit,
1149 4074 1269 4113 cum
1298 4060 1579 4127 mysticam
1605 4060 1888 4129 discipulis
1937 4078 2048 4117 cce-

467 4176 592 4218 nam
626 4158 792 4221 dedit,
835 4163 891 4207 et
928 4151 1101 4205 dixit:
1144 4148 1258 4203 Hoc
1316 4149 1474 4217 facile
1500 4149 1555 4203 in
1605 4166 1772 4203 meum
1825 4168 2049 4207 comme-

2134 3242 2255 3307 τοῖς
2281 3242 2485 3306 εἰπὼν,
2522 3243 2693 3297 Hiera
2720 3242 2789 3305 ἐξ
2818 3242 2999 3296 αὑτοῦ
3049 3242 3291 3307 πάντες,
3353 3241 3532 3295 τοῦτό
3580 3241 3699 3292 ἐστι

2133 3333 2199 3387 τὸ
2226 3329 2369 3402 αἷμα
2391 3351 2511 3402 μου
2534 3334 2600 3387 τὸ
2630 3332 2782 3403 ὑπὲρ
2816 3332 2985 3403 ὑμῶν
3010 3334 3109 3387 καὶ
3160 3332 3413 3386 πολλῶν
3460 3331 3699 3400 ἐκκυνόο

2131 3444 2343 3496 μενον.
2394 3428 2621 3492 Πάντως
2646 3429 2757 3498 γὰρ
2799 3428 2874 3492 ὼς
2921 3427 3158 3497 ἀψευδὴς
3212 3428 3307 3479 καὶ
3357 3426 3698 3496 προγνώστης

2137 3519 2269 3584 Θεὸς
2299 3517 2410 3574 οἷον
2433 3521 2655 3592 ἔμελλεν
2684 3520 3005 3591 ἐκχυθῆναι,
3034 3517 3280 3571 τοιούτου
3310 3518 3408 3570 καὶ
3439 3516 3700 3587 μετεδίδου

2138 3615 2252 3676 τοῖς
2289 3614 2579 3684 μαθηταῖς.
2616 3614 2724 3667 Καὶ
2746 3615 2780 3683 ἡ
2801 3613 2857 3666 ὲν
2886 3612 3217 3682 Καρθαγένῃ
3249 3611 3308 3663 δὲ
3359 3609 3579 3670 σύνοδος
3622 3607 3702 3660 οὔ·

2140 3706 2593 3772 τωςέὲκανόνισεν,
2622 3706 2708 3758 ῐνα
2735 3706 2792 3757 ἐν
2816 3706 2928 3767 τοῖς
2960 3704 3135 3771 ἁγίοις
3167 3702 3335 3772 μηδὲν
3354 3700 3521 3753 πλέον
3553 3716 3703 3767 προσ·

2142 3797 2343 3864 ἀγηται
2372 3796 2403 3865 ἢ
2444 3796 2601 3864 μόνα,
2633 3797 2776 3866 ἆπερ
2804 3798 2832 3850 6
2863 3795 3068 3865 Κύριος
3092 3793 3405 3865 παρέδωκε,
3444 3791 3704 3845 τουτέστιν

2144 3888 2311 3956 ἄρτον
2349 3886 2445 3939 καὶ
2478 3884 2622 3939 οἶνον
2652 3885 2807 3941 ὕδατι
2851 3885 3215 3956 μεμιγμένον.

2219 3978 2327 4031 Τοῦ
2356 3978 2562 4043 Κυρίου
2595 3976 2750 4046 ἡμῶν
2796 3974 2972 4045 Ἰησοῦ
2994 3972 3233 4044 Χριστοῦ
3262 3971 3359 4035 τὰς
3414 3968 3705 4035 ζωοουσίας

2150 4068 2459 4130 παύσαντος
2480 4068 2537 4119 ἐν
2566 4064 2642 4134 τῷ
2669 4063 2992 4133 μεταδοῦναι
3026 4065 3137 4125 τοῖς
3174 4060 3447 4130 μαθηταῖς
3478 4058 3573 4110 τοῦ
3621 4074 3709 4125 μυο

2153 4160 2340 4216 στικοῦ
2369 4161 2605 4220 δείπνου,
2633 4159 2730 4211 καὶ
2759 4158 2952 4222 εἰπεῖν,
2985 4156 3168 4209 Τοῦτο
3200 4154 3429 4208 ποιεῖτε
3484 4155 3575 4217 εις
3607 4152 3710 4216 τὴν

469 4251 813 4307 morationem
838 4244 883 4308 ⁸,
915 4243 969 4298 id
1007 4251 1112 4305 est.
1163 4256 1271 4296 non
1300 4241 1604 4307 Judaieum,
1637 4245 1729 4297 sed
1760 4246 1902 4313 quod
1928 4257 2026 4299 tun

2152 4250 2309 4320 ἐμὴν
2373 4248 2756 4316 ἀνάμνησιν,
2823 4247 3102 4300 τουτέστιν
3181 4246 3240 4297 οὐ
3284 4246 3347 4298 τὸ
3416 4244 3710 4306 Ίουδσῖκδν,

470 4344 698 4415 mystice
740 4338 997 4393 traditum
1025 4333 1148 4400 fuit;
1185 4334 1428 4388 Armenii
1454 4343 1628 4387 tamen
1661 4335 1803 4388 cultu
1826 4334 2026 4391 Judaicl

2155 4341 2289 4395 ἀλλὰ
2317 4340 2379 4394 τὸ
2403 4338 2707 4409 τηνικαῦτα
2753 4338 3034 4408 μυστικῶς
3084 4336 3548 4407 παραδεδομένον,
3604 4334 3712 4386 τοῦ-

471 4444 655 4501 ι),νες,
695 4445 749 4488 ει
779 4446 965 4499 agnos,
1007 4438 1061 4482 et
1087 4441 1216 4482 oves
1248 4426 1577 4489 sacriﬁcant,
1618 4438 1673 4480 et
1711 4428 2026 4482 vietimaruu

2156 4433 2372 4487 ναντίον
2403 4434 2451 4484 οἱ
2494 4431 2773 4501 Ἀρμένιοι
2801 4431 3244 4500 διαπράττονται,
3278 4429 3433 4497 βόας,
3477 4427 3572 4479 καὶ
3615 4426 3710 4493 ἀμ-

469 4528 729 4601 sanguine
754 4526 937 4580 limina
967 4521 1250 4586 inungunt,
1282 4515 1473 4571 salutis
1493 4530 1641 4586 spem
1670 4517 1721 4571 in
1752 4518 1833 4573 his
1878 4522 2026 4587 magi:

2130 4526 2300 4590 Νοῦς,
2333 4524 2425 4578 καὶ
2460 4523 2704 4593 πρόϐατα
2726 4521 2943 4591 θύοντες
2967 4521 3109 4574 κατὰ
3148 4520 3246 4589 τὴν
3308 4519 3609 4586 Ἰουδαῖκὴν
3631 4518 3713 4568 λα-

469 4627 820 4680 colloeantes.
861 4614 1222 4681 Quamobrem
1261 4624 1362 4664 nec
1401 4609 1452 4662 in
1488 4608 1768 4663 Paschalis
1826 4611 2024 4665 celebri

2154 4616 2366 4688 τρείαν,
2404 4616 2499 4669 καὶ
2522 4614 2622 4676 τὰς
2657 4612 2816 4682 φλιὰς
2845 4614 2960 4673 τοῖς
2990 4612 3098 4665 τῶν
3160 4610 3481 4678 τεθυμένων
3537 4610 3712 4677 αἵμασι

470 4725 580 4771 tate
610 4726 807 4779 corpus
848 4717 902 4763 et
927 4703 1243 4773 sanguinem
1277 4700 1613 4755 Dominicum
1664 4709 1905 4764 sumunt,
1964 4718 2022 4756 se

2157 4706 2427 4777 χρίοντες,
2464 4704 2558 4757 καὶ
2590 4704 2687 4766 τὰς
2723 4702 2945 4763 ἐλπίδας
2974 4702 3073 4770 τῆς
3116 4701 3389 4769 σωτηρίας
3451 4698 3640 4767 μᾶλλον
3666 4697 3712 4745 ἐν

470 4818 691 4875 agnum,
731 4814 888 4871 quem
930 4794 1211 4851 immolant
1268 4806 1419 4846 more
1466 4790 1717 4853 Judaieo,
1777 4800 1833 4845 et
1878 4808 2026 4845 assnr

2156 4798 2365 4861 τούτοις
2398 4797 2636 4867 ἔχοντες.
2668 4794 2831 4847 Ὅθεν
2862 4792 2955 4847 κοιλ⁸
2983 4795 3039 4846 ὲν
3085 4795 3151 4863 τῇ
3184 4794 3347 4862 ἑορτῇ
3397 4790 3495 4843 τοῦ
3544 4790 3713 4855 Πάσχα

473 4897 585 4968 igni
627 4892 939 4953 comedunt,
989 4897 1151 4956 atque
1187 4891 1259 4939 ita
1293 4883 1616 4938 sanctiﬁcari
1650 4898 1708 4937 se
1737 4890 1975 4949 sperant,
2007 4899 2026 4936 ε

2157 4890 2219 4942 οὐ
2250 4888 2343 4941 τοῦ
2378 4886 2710 4939 Δεσποτικοῦ
2766 4883 3019 4952 σώματος
3060 4884 3155 4936 καλ⁸
3197 4882 3430 4951 αἵματος
3469 4880 3717 4948 μεταλαμ-

474 4997 817 5058 peccatorum
857 4981 1070 5036 veniam
1104 4978 1370 5047 accipere.
1408 4975 1559 5039 Quod
1584 4986 1764 5029 autem
1791 4973 2026 5042 cjusmod

2163 4979 2439 5042 ϐἀνουσιν,
2470 4977 2601 5028 ἀλλὰ
2634 4974 2727 5028 τοῦ
2760 4973 2958 5042 ἀμνοῦ,
2996 4973 3213 5033 θύοντες
3237 4970 3403 5022 αὑτὸν
3430 4968 3717 5023 ἰουδαῑκῶς,

471 5052 755 5135 sacrificiis
775 5076 846 5129 sit
867 5072 988 5127 linis
1014 5070 1322 5139 impositus.
1344 5068 1581 5138 reperies
1611 5068 1661 5120 in
1687 5080 1749 5121 eo
1771 5065 1923 5121 titulo
1960 5082 2026 5135 qu

2161 5071 2256 5123 καὶ
2281 5070 2422 5124 ὀπτὰ
2454 5067 2588 5137 πυρὶ
2620 5064 2921 5128 ποιοῦντες,
2956 5063 3049 5115 καὶ
3074 5062 3132 5125 ἐξ
3181 5060 3360 5113 αὐτῶν
3426 5052 3719 5152 ἁγιάζεσθιι

473 5172 733 5228 adversus
768 5165 1021 5220 llebrzeos
1049 5162 1281 5231 scriptus
1309 5171 1410 5215 est.

2158 5159 2521 5233 προσδοκῶσι,
2574 5160 2665 5210 καλ
2693 5157 2891 5223 ἄφεσιν
2943 5152 3244 5222 λαμϐάνειν
3294 5153 3719 5219 ἁμαρτημάτων.

478 5259 687 5317 ὐτιδὲ
722 5258 831 5311 τῶν
868 5254 1128 5309 τοιούτων
1155 5253 1357 5307 θυσιῶν
1399 5252 1720 5321 ἐπαύθησαν
1766 5253 1822 5305 αἱ
1868 5232 2255 5322 προσαγωγαλ,
2302 5250 2542 5323 ζητήσας
2612 5248 2865 5317 εὑρήσεις
2922 5246 2981 5297 ὲν
3017 5242 3094 5314 τῷ
3117 5243 3257 5296 κατὰ
3288 5240 3397 5294 τῶν
3482 5232 3721 5305 Ἐϐραίων

476 5351 659 5422 τίτλῳ.

549 5445 800 5505 Crucem,
829 5440 1120 5511 quamvise
1138 5440 1362 5494 materia
1405 5445 1638 5502 constet,
1665 5451 1769 5491 non
1798 5437 1945 5506 prius
1976 5454 2070 5492 vc-

481 5544 741 5594 ncrantur
791 5540 884 5587 aut
914 5531 1163 5598 adorant,
1191 5545 1353 5599 quam
1370 5544 1488 5585 eam
1519 5538 1769 5598 tanquam
1798 5529 2067 5583 hominem

484 5626 777 5689 abluerint,
807 5632 862 5677 et
897 5622 951 5676 in
990 5621 1103 5689 ejus
1136 5623 1313 5677 medio
1352 5622 1558 5675 clavum
1623 5619 1858 5682 ﬁxeriut,
1898 5632 1952 5674 et
1982 5637 2068 5675 sa-

485 5717 674 5773 crilicii
714 5714 977 5782 sanguine
1018 5714 1190 5783 ipsam
1214 5713 1558 5779 inunxeriut,
1613 5726 1734 5767 cum
1787 5721 1967 5767 tamen
2011 5713 2064 5768 iu

2248 5437 2351 5488 Τὸν
2382 5433 2615 5500 σταυρὸν
2672 5430 2997 5499 οἱασδήποτε
3034 5426 3165 5494 ’ύλης
3218 5424 3351 5476 ὅντα
3386 5422 3447 5473 οὐ
3487 5420 3723 5491 πρότερον

2174 5527 2428 5596 τιμῶσιν,
2470 5524 2591 5577 οὐδὲ
2622 5517 3041 5592 προσκυνοῦσιν,
3071 5516 3119 5567 εί
3160 5513 3236 5585 μὴ
3273 5511 3592 5584 βαπτίσουσι
3617 5507 3723 5558 105-

2173 5637 2264 5673 τον
2292 5618 2366 5679 ὡς
2385 5615 2689 5686 ἄνθρωπον,
2720 5612 2813 5665 καὶ
2842 5610 3103 5680 πήξουσιν
3129 5602 3257 5675 ἧλον
3277 5606 3335 5656 ὲν
3361 5605 3513 5671 μέσῳ
3537 5597 3720 5656 τούτου.

2174 5712 2269 5764 καὶ
2305 5709 2586 5779 χρίσουσιν
2614 5703 2776 5759 αὑτὸν
2813 5702 3007 5771 αἵματι
3039 5698 3250 5765 θυσίας,
3292 5695 3471 5751 καίτοι
3501 5691 3583 5746 διὰ
3631 5704 3720 5757 χιιι

565 5833 582 5864 ¹
608 5832 735 5885 Luc.
767 5846 899 5895 un,
930 5830 1011 5885 ω.
