3952 6560
241 394 381 460 1185

1109 403 1487 467 PANOPLIA
1532 401 2093 469 DOGMATICAE-
2127 407 2272 472 ΤΙΤ.
2322 412 2549 474 XXIII.

3364 418 3503 485 1186

236 504 334 573 ρὸς
356 503 654 570 τυποῦντες
688 507 779 562 τὸν
830 513 1067 583 σταυρὸν
1094 515 1186 568 ἐπὶ
1228 516 1322 570 τοῦ
1380 517 1655 586 μετώπου,
1723 517 1810 569 καί

1924 516 2097 572 fronte
2126 533 2341 574 crucem
2378 538 2541 576 manu
2582 521 2887 593 designent,
2934 534 2988 579 et
3019 527 3071 581 in
3120 527 3405 598 baptismo,
3447 533 3502 588 οἱ

232 596 331 648 ἐπὶ
360 596 454 649 τοῦ
478 597 874 670 βαπτίσματος,
930 609 1022 659 καὶ
1058 608 1149 660 ἐπὶ
1185 609 1282 677 τῆς
1340 611 1670 679 ἱερουργίας,
1717 609 1812 662 καὶ

232 688 293 740 ἐν
325 689 507 753 ἄλλοις
540 692 774 756 πολλοῖς.
809 693 1025 764 Ἀλλ’,ὧ
1045 700 1265 766 μάταιοι
1292 702 1385 755 καὶ
1404 703 1808 772 φρενοϐλαὸεῖς,

232 779 405 849 φαίην
446 781 512 834 ἂν
538 783 675 851 πρὸς
708 786 926 850 αὐτοὺς,
961 791 1119 861 εῐπῖρ
1172 795 1200 845 0
1239 792 1328 846 διὰ
1382 796 1565 864 χειρὸς
1630 795 1811 856 ἀύλως

231 870 575 943 τυπούμενος
610 879 847 947 σταυρὸς
889 881 1136 948 ἁγιάζειν
1180 886 1378 949 πάντα,
1415 882 1496 950 οἷς
1525 886 1813 940 ἐπιϐάλλε-

230 977 347 1028 ται,
376 963 437 1016 τὸ
470 964 613 1037 ὕδωρ
642 968 786 1037 λέγω
813 971 906 1022 τοῦ
944 974 1342 1046 βαπτίσματος,
1389 980 1479 1032 καὶ
1511 980 1573 1032 τὸ
1607 980 1807 1046 ἔλαιον,

230 1054 413 1107 καὶτὸ
442 1057 634 1128 μύρον,
668 1062 761 1114 καὶ
791 1064 859 1116 τὰ
882 1066 1151 1134 πρόσωπα
1176 1069 1286 1121 τῶν
1333 1071 1639 1141 ἀνθρώπων
1701 1074 1811 1126 τῶν

231 1148 625 1213 πιστευόντων,
653 1156 746 1206 καὶ
774 1156 865 1209 τὸν
899 1163 1165 1223 μυστικὸν
1194 1162 1381 1231 ἄρτον,
1417 1166 1512 1218 καὶ
1557 1166 1617 1219 τὸ
1668 1168 1811 1237 ἱερὸν

232 1242 515 1308 ποτήριον,
550 1245 644 1297 καὶ
671 1248 864 1309 τᾶλλα,
896 1251 983 1305 ἵνα
1014 1254 1089 1323 μὴ
1122 1254 1246 1307 καθ’
1269 1256 1505 1310 ἕκαστον
1565 1262 1802 1329 ἀπαριθο

232 1330 508 1399 μούμενος
548 1337 783 1408 μηκύνω’
797 1340 900 1394 "10v
930 1343 1110 1411 λόγον,
1146 1349 1263 1410 πῶς
1286 1351 1314 1402 0
1340 1350 1429 1405 διὰ
1467 1352 1567 1421 τῆς
1590 1353 1810 1424 οἱασδή-

230 1439 365 1475 ποτε
409 1425 540 1495 ὕλης
574 1432 747 1493 τύπος
783 1434 879 1486 τοῦ
927 1439 1180 1508 σταυροῦ,
1207 1440 1281 1503 ὼς
1306 1444 1483 1497 κοινόν
1508 1462 1561 1497 τι
1599 1447 1690 1499 καὶ
1717 1446 1810 1515 βέ-

230 1514 396 1579 ϐηλον
418 1517 507 1571 διά
530 1537 589 1572 τε
614 1521 1015 1594 βαπτίσματος,
1041 1531 1136 1584 καὶ
1154 1531 1283 1601 ἦλου
1311 1537 1404 1589 καὶ
1428 1536 1661 1607 αἵματος
1685 1514 1809 1594 καθ’

231 1605 378 1671 ὑμᾶς
416 1609 740 1682 ἁγιάζεται;
771 1618 895 1680 ῐίὦς
925 1619 982 1672 δὲ
1007 1623 1033 1674 0
1060 1622 1152 1676 καὶ
1184 1620 1245 1678 τδ
1285 1605 1569 1698 βάπτισμα
1587 1632 1681 1684 καὶ
1711 1632 1810 1702 τὴν

226 1697 419 1752 οὐσὲαν
438 1703 682 1769 ἁγιάζων
714 1714 1068 1781 σταυρὸςιὺπὸ
1084 1718 1194 1771 τῶν
1219 1721 1593 1793 ἀγιαζομὲνων
1604 1697 1811 1780 τούτων

226 1791 557 1864 ἀγιὰζεται;
586 1798 798 1872 Ὥσπερ
830 1805 937 1874 γὰρ
969 1809 1072 1877 πρὸ
1128 1811 1223 1863 τοῦ
1268 1791 1659 1886 σταυρωθῆναι
1717 1819 1809 1872 τὸν

1919 604 1969 658 in
2004 609 2289 675 sacriﬁcio,
2312 621 2366 665 et
2389 613 2506 667 aliis
2532 615 2713 669 multis
2736 617 2790 670 irt
2821 617 3001 671 rebus.
3034 618 3251 684 Verum,
3272 638 3304 675 ο
3351 626 3500 679 stulti

1915 705 1967 749 et
1998 707 2174 753 mente
2199 703 2361 771 capti,
2390 704 2467 758 sic
2496 707 2638 759 enint
2668 721 2762 761 ens
2779 709 3060 778 alloquar,
3099 712 3141 765 si
3171 728 3302 767 crux
3339 732 3502 769 manu

1917 788 2197 857 designata
2244 808 2330 847 res
2366 809 2552 851 omnes
2600 798 2902 854 sanctiﬁcat
2937 802 3133 869 quibus
3192 805 3502 871 adhibetur,

1916 886 1972 929 ut
2004 893 2196 948 aquam
2239 884 2509 953 baptismi,
2534 895 2587 941 ct
2616 889 2820 954 oleum,
2848 900 2902 944 et
2931 902 3278 961 unguentum,
3306 906 3361 949 et
3385 899 3501 948 Vttl-

1917 976 2003 1023 tus
2034 972 2307 1027 hominum
2344 976 2702 1047 credentium,
2736 989 2790 1032 et
2842 996 3032 1049 panem
3066 987 3380 1055 mysticum,
3446 1000 3501 1042 et

1914 1074 2127 1115 sacrum
2188 1067 2526 1135 sanguinem,
2561 1080 2615 1122 et
2656 1072 2883 1141 reliqua,
2927 1087 3045 1142 quae
3098 1091 3202 1129 non
3240 1093 3503 1133 enumera

1914 1153 2209 1221 sigillatim,
2239 1172 2303 1211 ne
2336 1158 2546 1228 longior
2572 1161 2700 1226 sim,
2742 1179 2838 1216 cur
2877 1169 3018 1232 apud
3052 1181 3147 1221 vos
3178 1168 3339 1238 ﬁgura
3378 1185 3504 1231 cru-

1914 1244 1993 1296 cis
2027 1260 2093 1297 ex
2133 1248 2323 1313 quavis
2363 1252 2581 1304 materia
2616 1254 2881 1317 confecta,
2912 1265 3162 1325 tanquam
3197 1275 3282 1314 res
3319 1263 3500 1330 aliqua

1913 1339 2212 1390 communis
2240 1353 2304 1392 ac
2340 1340 2591 1408 profana,
2626 1345 2900 1399 ablutione
2933 1358 2986 1400 et
3012 1349 3167 1401 clavo
3197 1360 3251 1404 et
3278 1356 3497 1420 sangui-

1914 1439 1981 1478 ne
2001 1429 2370 1484 sanctiﬁcatur
2398 1473 2411 1495 ,
2442 1445 2534 1487 aut
2556 1439 2824 1504 quomodo
2845 1452 2999 1503 crux,
3056 1454 3173 1509 quae
3209 1452 3262 1495 et
3297 1444 3501 1513 baptis-

1915 1531 2081 1584 mum,
2134 1530 2188 1573 et
2249 1523 2577 1578 sacriﬁcium
2628 1529 2949 1594 sanctiﬁcat,
3006 1534 3075 1586 ab
3121 1533 3326 1587 eisdem
3385 1535 3497 1604 ipsa

1912 1610 2282 1666 sanctiﬁcetur
2304 1614 2326 1667 ?
2348 1615 2809 1681 Quemodmodum
2832 1625 2973 1675 enim
3024 1634 3312 1692 antequam
3336 1623 3501 1679 Chri-

1911 1709 2026 1756 stus
2057 1701 2109 1754 in
2145 1717 2361 1758 crucem
2398 1716 2671 1776 ageretur,
2714 1712 2828 1780 ipsa
2894 1716 3085 1767 mortis
3129 1727 3243 1769 erat
3295 1716 3497 1771 instru-

1914 1800 2155 1844 mentum
2181 1797 2528 1860 exsecrabile,
2561 1809 2614 1853 ct
2639 1801 2754 1869 ejus
2777 1800 2941 1870 ﬁgura
2975 1803 3225 1872 fugienda
3284 1821 3347 1859 ac
3402 1808 3497 1863 de-

225 1885 467 1954 Χριστὸν
496 1863 797 1965 ὁσταυρὸς
833 1863 1067 1968 θργανον
1096 1896 1165 1974 ἦν
1214 1863 1449 1960 Gai/0:106
1493 1863 1810 1982 xaimpapé-

1919 1883 2180 1945 testauda,
2232 1884 2305 1936 ita
2371 1898 2717 1955 posteaquam
2753 1892 2999 1946 Christus
3057 1896 3105 1948 ei
3146 1895 3245 1948 fuit
3277 1896 3487 1964 afﬁxus,

224 1993 340 2039 vov,
375 1982 468 2033 καὶ
505 1984 533 2034 0
559 1984 729 2050 τύπος
757 1990 920 2044 αὑτοῦ
948 1997 1182 2060 φευκτός
1203 2015 1263 2051 τε
1296 2001 1390 2051 καὶ
1420 2002 1812 2072 ἀποτρόπαιοςο

223 2068 370 2122 οὕτω
402 2074 537 2141 μετὰ
562 2078 623 2129 τὸ
659 2083 1083 2154 προσηλωθῆναι
1121 2088 1213 2142 τὸν
1244 2093 1477 2161 Χριστὸν
1505 2068 1674 2166 αὐτῷ,
1720 2101 1815 2151 καὶ

224 2164 678 2236 καταρρανθῆναι
722 2172 911 2225 τοῦτον
961 2176 1038 2243 τῷ
1097 2180 1415 2252 Δεσποτικῷ
1478 2186 1668 2255 αἵματι
1721 2190 1815 2243 καὶ

227 2250 406 2317 ὕδατι,
443 2256 604 2319 αὐτός
634 2276 694 2312 τε
717 2262 976 2333 ἡγιάσθη,
1002 2270 1093 2322 καὶ
1114 2271 1142 2322 0
1162 2271 1330 2335 τύπος
1359 2250 1523 2328 αὐτοῦ
1542 2250 1816 2349 αγιαστή-

229 2359 347 2412 ριον
372 2347 502 2398 πᾶσι
533 2350 643 2412 τοῖς
671 2355 884 2415 πιστοῖς
914 2358 1171 2427 κατέστη,
1196 2364 1460 2431 πρότερον
1481 2366 1576 2432 μὲν
1608 2347 1819 2437 ἀνθρώ-

227 2451 367 2496 πους
400 2436 766 2507 ἀναιροῦντος,
796 2441 1021 2515 ὕστερον
1065 2448 1120 2501 δὲ
1150 2452 1273 2515 τοὺς
1305 2454 1581 2524 δαίμονας.
1626 2461 1686 2512 Εἰ
1723 2458 1815 2514 οῦν

225 2525 290 2577 τὸ
316 2530 668 2596 πρωτότυπον
690 2535 914 2602 γέγονεν
948 2537 1124 2607 ἅγιον,
1158 2543 1232 2606 ὡς
1259 2545 1493 2615 εἴρηται,
1530 2552 1815 2622 προσηλω-

228 2616 421 2682 Θέντος
450 2623 597 2691 αὐτῷ
627 2626 719 2678 τοῦ
753 2630 1055 2695 Δεσπότου,
1084 2635 1268 2700 καθὼς
1288 2639 1315 2690 0
1369 2641 1534 2693 Δαδιδ
1576 2616 1813 2710 arata.

228 2710 423 2774 εἰπὼν,
451 2715 555 2767 Καὶ
590 2722 989 2784 προσκυνεῖτε
1022 2724 1102 2789 τῷ
1132 2729 1443 2795 ὑποποδίῳ
1464 2731 1582 2786 τῶν
1613 2734 1814 2789 ποδῶν·

228 2804 441 2866 αὐτοῦ,
473 2807 561 2859 ὅτι
619 2809 792 2878 ἅγιόν
833 2813 963 2866 ἐστι
997 2833 1013 2848 ο
1046 2817 1204 2871 τοῦτο
1240 2821 1348 2890 γὰρ
1392 2824 1485 2875 νῦν
1535 2825 1813 2895 ὠνόμασεν

229 2896 522 2949 ὑποπόδιον
544 2900 630 2953 διὰ
664 2902 723 2954 τὸ
739 2907 1125 2976 προσπαγῆναι
1155 2911 1325 2979 τούτῳ
1351 2916 1471 2979 τοὺς
1506 2935 1813 2990 προσκυνηο

226 2988 359 3050 τοὺς
386 2989 552 3044 αὐτοῦ
579 2993 775 3058 πόδας·
805 2996 961 3064 ἅγιος
1008 3001 1114 3070 ἄρα
1153 3006 1249 3056 καὶ
1282 3009 1388 3070 πᾶς
1428 3008 1595 3072 τύπος
1626 3012 1810 3078 αὐτοῦ,

229 3079 337 3131 κᾶν
375 3081 460 3133 διὰ
484 3086 661 3155 χειρὸς
679 3087 857 3152 ἁΰλως
880 3094 1179 3167 τυπωθείη,
1207 3098 1312 3150 κᾶν
1349 3099 1416 3153 δι’
1459 3100 1589 3172 ὕλης
1648 3106 1810 3170 τινός.

228 3171 454 3235 Εἰκὸνες
477 3174 584 3246 γάρ
610 3179 716 3230 εἰσι
737 3195 750 3207 ·
771 3179 943 3235 ταῦτα
967 3184 1060 3237 τοῦ
1088 3189 1471 3257 πρωτοτύπου,
1508 3197 1601 3248 καὶ
1625 3198 1771 3250 ὥσπε
1781 3216 1812 3269 ρ
1838 3213 1881 3272 α

227 3262 263 3331 ἡ
288 3262 380 3314 τοῦ
414 3264 647 3333 Χριστοῦ
685 3269 850 3325 εἰκὼν
876 3274 1007 3341 ἁγία
1029 3276 1197 3342 ἐστὶν,
1225 3280 1285 3333 οὐ
1316 3282 1403 3336 διὰ
1430 3284 1530 3355 τὴν
1557 3287 1711 3340 ύποδε
1723 3262 1815 3353 ξαζ

228 3354 401 3423 μένην
435 3356 570 3429 αὐτῇ
600 3358 753 3429 ὓλην,
777 3363 911 3417 ἀλλὰ
933 3366 1021 3419 διὰ
1059 3368 1153 3422 10v
1200 3354 1534 3446 χαρακτῆρα
1584 3380 1677 3431 καὶ
1719 3382 1816 3449 τὴν

229 3445 446 3517 μορφὴν
474 3449 566 3501 τοῦ
598 3452 831 3519 Χριστοῦ
860 3470 873 3484 ·
899 3456 1039 3509 οὕτω
1062 3463 1157 3514 καὶ
1181 3462 1210 3513 0
1254 3464 1347 3517 106
1394 3468 1627 3538 σταυροῦ
1650 3472 1817 3534 τύπος

225 3537 398 3592 εἰκών
422 3541 537 3592 ἐστι
588 3544 681 3595 τοῦ
713 3549 1070 3612 πρωτοτύπου
1114 3554 1202 3607 διὰ
1246 3556 1304 3609 τὸ
1330 3559 1512 3629 σχῆμα
1564 3564 1658 3615 καὶ
1719 3565 1820 3633 τὴν

225 3627 512 3695 ὁμοίωσιν,
543 3632 639 3684 καὶ
667 3633 754 3687 διὰ
783 3636 941 3690 τοῦτο
972 3643 1166 3704 σεπτὸς
1190 3645 1281 3697 καὶ
1304 3627 1503 3715 τίμιος.
1582 3651 1644 3702 'll
1709 3627 1815 3722 γάρ

224 3720 365 3789 τιμὴ
405 3721 505 3788 τῆς
535 3724 742 3788 εἰκόνος
767 3728 860 3779 ἐπὶ
888 3728 949 3781 τὸ
996 3734 1348 3802 πρωτότυπον
1402 3739 1684 3808 διαϐαίνει,
1740 3720 1819 3799 διὸ

226 3812 329 3864 καὶ
350 3812 379 3863 0
401 3810 541 3875 θεῖος
561 3814 858 3886 Γρηγόριος
886 3822 913 3873 0
936 3822 1034 3891 τῆς
1056 3825 1315 3896 Μεγάλης
1366 3830 1654 3901 Ἀρμενίας
1711 3838 1816 3909 πρὸ

228 3903 452 3957 πάντων
481 3909 744 3977 σταυροὺς
783 3910 1028 3977 ξυλίνους
1088 3917 1146 3969 ὲν
1200 3918 1384 3983 τόποις
1427 3924 1537 3975 τισί
1589 3903 1812 3997 στήσας,

226 3995 450 4049 ἐκέλευε
481 4005 823 4067 προσκυνεῖν,
850 4004 944 4055 καὶ
977 4009 1347 4078 καταφεύγειν
1376 4014 1468 4065 ἐπὶ
1497 4017 1714 4083 τούτους
1738 4020 1813 4083 ὡς

225 4087 596 4158 ἁγιαστήρια,
628 4092 802 4145 καίτοι
838 4096 911 4164 μή
946 4114 1030 4148 πω
1058 4104 1456 4171 χειροτονηθεὶς
1498 4109 1813 4181 ἀρχιερεὺς,

230 4179 374 4248 μήτε
401 4182 511 4232 τινὶ
544 4181 902 4252 βαπτίσματι,
930 4187 961 4258 ἢ
985 4188 1119 4258 ἥλῳ,
1153 4191 1185 4260 ἥ
1245 4193 1437 4264 αἵματι
1473 4179 1811 4267 καθοσιώσας

226 4265 450 4327 αὐτούς.
488 4267 891 4337 Ἐμπηγνύουσι
923 4274 979 4327 δὲ
1020 4276 1109 4329 τὸν
1136 4274 1264 4348 ἦλον
1311 4284 1388 4351 τῷ
1452 4288 1671 4357 σταυρῷ
1728 4265 1810 4354 εἰς

226 4357 401 4421 ὄνομα
435 4359 527 4410 τοῦ
557 4361 814 4428 Χριστοῦ,
850 4363 1161 4434 δηλοῦντες,
1189 4371 1271 4423 ὅτι
1317 4368 1399 4435 εἷς
1432 4375 1532 4444 τῆς
1581 4379 1806 4447 Τριάδος

227 4444 575 4515 ἐσταυρώθη,
610 4449 885 4504 τουτέστιν
934 4452 1112 4521 ἡθεία
1147 4457 1306 4525 φύσις
1332 4462 1517 4518 αὑτοῦ.
1569 4444 1719 4519 Ἐπεὶ
1748 4444 1805 4521 δέ

1917 1972 2178 2039 sanguine
2208 1982 2261 2026 et
2290 1989 2427 2042 aqua
2464 1976 2673 2031 Domini
2725 1982 3053 2053 sanctiﬁcata
3110 1998 3205 2051 per
3263 1985 3490 2053 ﬁguram

1916 2075 2068 2114 suam
2129 2066 2341 2119 cunctis
2402 2066 2650 2123 ﬁdelibus
2707 2072 2925 2128 exhibet
2993 2078 3495 2136 sanctiﬁcationem.

1916 2153 2094 2221 Atque
2128 2153 2198 2207 ita
2222 2170 2377 2221 crux,
2406 2172 2523 2227 quae
2555 2162 2704 2227 prius
2747 2165 2991 2219 homines
3019 2167 3259 2232 tollebat,
3310 2180 3496 2239 postea

1918 2241 2190 2299 daemones
2222 2246 2381 2312 ejecit
2440 2259 2602 2315 atque
2640 2252 2863 2321 expulit.
2900 2255 2953 2308 Si
2988 2255 3149 2323 igitur
3178 2260 3350 2327 prima
3405 2260 3497 2314 illa

1917 2350 2071 2402 crux,
2101 2352 2222 2405 ηυδε
2262 2340 2361 2392 fuit
2387 2343 2681 2408 exemplar,
2723 2344 2864 2400 faeta
2917 2358 3000 2403 est
3037 2362 3248 2414 saneta,
3305 2363 3363 2406 nt
3416 2354 3496 2406 di-

1917 2441 2061 2481 c:um
2083 2439 2186 2492 est,
2212 2433 2466 2499 quoniam
2490 2436 2538 2487 iu
2563 2449 2625 2487 ea
2651 2438 2899 2494 conﬁxus
2929 2440 3190 2496 Dominus
3220 2446 3493 2512 pependit,

1918 2529 1974 2571 ut
2006 2518 2170 2571 David
2207 2522 2490 2587 ostendit,
2544 2524 2792 2591 Adomte,
2852 2531 3121 2598 inquiens,
3212 2534 3495 2587 scabellum

1916 2608 2103 2675 pedum
2157 2611 2291 2679 eius,
2330 2615 2575 2682 quoniam
2606 2628 2845 2672 sanctum
2873 2635 2949 2675 est
2982 2621 3019 2682 ⁸,
3054 2636 3171 2675 eam
3201 2624 3342 2676 enim
3396 2625 3499 2681 huc

1916 2698 2031 2752 loco
2055 2699 2345 2753 scabellum
2386 2703 2698 2771 appellavit,
2729 2708 2855 2774 quia
2887 2708 3047 2773 pedes
3074 2709 3240 2778 ipsius
3265 2712 3499 2763 adoran-

1915 2789 1966 2841 di
2008 2789 2060 2842 in
2092 2805 2209 2843 cam
2233 2790 2402 2845 suillxi
2437 2803 2585 2859 sunt;
2609 2805 2795 2850 sancta
2834 2798 3088 2851 nimirum
3126 2807 3211 2854 est
3235 2811 3289 2853 et
3318 2802 3497 2855 Omnis

1915 2880 2085 2949 ﬁgura
2143 2882 2310 2948 illius,
2352 2886 2466 2938 sive
2496 2900 2679 2948 tnanu,
2720 2887 2833 2942 sive
2888 2891 3111 2943 materia
3160 2890 3493 2959 designetur,

1914 2973 2031 3027 sive
2062 2987 2127 3027 ex
2194 2977 2417 3028 materia
2456 2976 2633 3044 aliqua
2672 2979 3007 3033 conﬁciatur.
3043 2980 3166 3035 llwc
3195 2984 3336 3036 enim
3369 2993 3497 3036 sunt

1915 3064 2176 3133 imagines
2196 3067 2611 3133 exctnplaris.Et
2629 3071 3074 3136 quemadmodum
3096 3072 3273 3143 imago
3288 3072 3495 3128 Citriin

1914 3164 2101 3208 sancta
2167 3165 2294 3219 est,
2365 3172 2469 3210 non
2531 3169 2745 3228 propter
2810 3164 3089 3213 materiam
3149 3177 3276 3231 qua:
3342 3164 3491 3216 illam

1920 3245 2185 3315 suscepit,
2218 3248 2310 3301 sed
2338 3258 2556 3318 promer
2593 3250 2869 3319 exemplar
2914 3250 3247 3323 formamque
3272 3254 3494 3322 Christi,

1917 3337 1995 3391 sic
2018 3347 2071 3391 et
2110 3339 2288 3392 crucis
2327 3340 2492 3407 ﬁgura
2536 3342 2712 3407 imago
2757 3350 2840 3394 cst
2895 3342 3217 3409 exemplaris
3278 3355 3497 3413 propter

1916 3429 2145 3498 eﬂigicnt
2198 3440 2253 3484 et
2312 3432 2741 3485 similitudinem.
2797 3432 2863 3486 Et
2926 3433 3128 3487 idcirco
3178 3436 3497 3489 venerabilis

1918 3531 2001 3575 est
2037 3531 2091 3575 et
2152 3523 2404 3590 pretiosa.
2451 3523 2628 3577 ll0nor
2691 3526 2834 3577 enim
2899 3524 3109 3580 habitus
3162 3526 3403 3595 imagini,
3438 3536 3496 3581 ut

1921 3629 2150 3682 magnus
2179 3614 2253 3666 ait
2299 3614 2552 3677 Basilius,
2586 3616 2651 3669 ad
2711 3616 2990 3685 exemplar
3044 3618 3255 3671 transit.
3308 3618 3495 3685 Itaque

1920 3707 2079 3762 divus
2113 3705 2272 3760 etiam
2291 3706 2602 3773 Gregorius,
2625 3706 2826 3775 Magna:
2849 3708 3040 3775 pracsul
3057 3708 3350 3776 Armeniae,
3370 3722 3495 3762 antu

1921 3798 2307 3867 omnesjnssit.
2339 3813 2530 3851 cruces
2565 3798 2779 3866 ligneas
2824 3800 3142 3865 quihusdam
3188 3801 3239 3854 in
3301 3802 3432 3854 iOClS
3460 3816 3493 3855 a

1918 3906 1977 3947 se
2007 3890 2295 3945 collocatas
2330 3890 2567 3951 adorari,
2603 3892 2666 3943 ad
2707 3906 2905 3959 easque
2935 3900 3193 3961 tauquam
3230 3894 3296 3946 ad
3337 3908 3491 3947 sacra

1919 3984 2165 4054 profugia
2207 3984 2480 4047 concurri,
2546 3984 2706 4052 idque
2733 3999 2856 4038 cum
2902 3984 3136 4039 nondum
3175 3996 3317 4040 esset
3356 4001 3490 4054 pott-

1920 4077 2052 4132 tifex
2096 4078 2425 4141 declaratus,
2502 4091 2705 4145 easque
2732 4092 2828 4130 nec
2862 4076 3154 4141 ablutione,
3190 4092 3288 4131 nec
3313 4078 3487 4139 clavo.

1919 4181 2020 4223 nec
2057 4169 2319 4233 sanguine
2357 4167 2657 4235 expiasset.
2700 4167 2965 4221 Caeterum
3013 4167 3130 4220 ideo
3192 4168 3398 4222 clavum
3438 4170 3491 4223 in

1917 4272 2081 4312 cruce
2117 4258 2284 4327 ﬁgunt
2321 4257 2371 4309 in
2410 4257 2613 4311 Christi
2646 4259 2880 4321 nomine,
2909 4268 2967 4312 ut
2998 4260 3288 4313 ostendant
3328 4276 3490 4314 unum

1916 4357 2120 4403 sanctae
2158 4346 2440 4402 Trinitatis
2468 4364 2590 4403 esse
2619 4350 2960 4414 cruciﬁxum,
3020 4352 3071 4403 id
3096 4361 3201 4415 est,
3256 4352 3491 4407 divinam

1914 4440 2033 4509 ejus
2093 4448 2359 4494 naturam.
2391 4439 2576 4509 Itaque
2609 4456 2728 4495 cum
2796 4441 2974 4494 divina
3028 4440 3229 4495 Christi
3280 4456 3489 4507 natura,

227 4539 263 4607 ἡ
298 4537 389 4588 τοῦ
418 4537 653 4605 Χριστοῦ
681 4540 800 4593 θεία
829 4542 1010 4610 φύσις,
1042 4548 1137 4599 καὶ
1166 4550 1259 4602 τοῦ
1303 4553 1536 4622 Πατρὸς,
1575 4558 1667 4609 καὶ
1714 4561 1806 4612 τοῦ

1916 4532 2085 4587 Patris
2116 4532 2300 4593 etiam,
2334 4541 2388 4586 et
2412 4532 2582 4586 sancti
2639 4531 2871 4601 Spiritus
2913 4544 3102 4586 natura
3127 4536 3217 4598 sit,
3276 4534 3490 4591 Patrem

228 4627 390 4694 ἁγίου
452 4628 769 4699 ΙΙνεύματός
826 4632 941 4685 ἐστι
990 4635 1171 4702 φύσις,
1204 4643 1597 4712 συσταυροῦσιν
1641 4649 1812 4718 αὐτῷ,

227 4717 336 4770 κᾶν
368 4718 443 4788 μὴ
470 4720 721 4790 φανερῶς
744 4721 1075 4792 ὁμολογῶσι,
1106 4729 1200 4780 καὶ
1228 4731 1320 4783 τὸν
1352 4733 1568 4805 Πατέρα
1606 4739 1701 4791 καὶ
1753 4717 1814 4793 τὸ

227 4808 387 4876 ἅγιον
416 4810 660 4880 Πνεῦμα.
693 4814 962 4885 Εὑρήσεις
999 4816 1055 4869 δὲ
1086 4823 1332 4888 περὶτοῦ
1380 4829 1617 4897 σταυροῦ
1674 4832 1811 4885 πλα-

225 4900 455 4970 τύτερον
500 4904 557 4955 ὲν
588 4904 666 4974 τῷ
718 4907 913 4977 ἐφεξῆς
963 4911 1124 4982 τίτλῳ
1169 4916 1307 4968 κατὰ
1336 4915 1396 4968 τὸ
1428 4919 1738 4987 κεφάλαιον,
1767 4919 1812 4992 ᾧ

228 4992 638 5061 ἐπιγέγραπται
668 4997 803 5066 Περὶ
835 4999 925 5051 τοῦ
954 5004 1215 5071 σταυροῦ.
1722 5022 1727 5029 ‘

306 5085 582 5155 Σταυροῦς
607 5092 753 5157 τρεῖς
792 5090 1033 5156 ξυλίνους
1080 5097 1427 5166 ποιήσαντες,
1478 5101 1572 5155 καὶ
1623 5103 1813 5167 συζεύ-

232 5176 423 5239 ξαντες
450 5177 699 5249 ἀλλήλοις
728 5182 891 5250 ἁγίαν
925 5185 1131 5255 Τριάδα
1162 5189 1388 5253 τούτους
1428 5192 1809 5261 ὀνομάζουσιν,

230 5269 293 5319 οὐ
324 5267 643 5338 φρίττοντες
684 5275 1119 5340 κατασκευάζειν
1150 5280 1365 5344 εἰκόνας
1403 5281 1501 5350 τῆς
1541 5287 1811 5354 μακαρίας

232 5360 465 5430 Τριάδος
489 5363 587 5431 τῆς
618 5364 783 5435 μόνης
805 5366 1083 5433 ἁκτίστου,
1120 5371 1213 5423 καὶ
1246 5372 1496 5442 ἀπείρου,
1535 5377 1627 5427 καὶ
1662 5377 1810 5445 ἀορί-

233 5469 387 5516 στου,
416 5454 509 5506 καὶ
537 5454 676 5518 ὅλως
705 5458 1046 5528 ἀνεννοήτου.
1081 5461 1147 5513 Δί
1196 5463 1305 5530 γὰρ
1348 5465 1551 5527 εἰκόνες
1599 5469 1806 5537 ὁρατῶν

232 5543 328 5595 καὶ
358 5546 788 5615 πεπερασμένων
835 5564 973 5602 εισιν
1016 5550 1247 5615 εἰκόνες.
1286 5553 1408 5618 Πῶς
1447 5556 1491 5608 δ’
1521 5556 1587 5610 ἄν
1623 5575 1703 5621 τις
1733 5561 1807 5612 εἰ·

232 5633 367 5686 κόνα
419 5638 896 5704 κατασκευάσειεν,
935 5634 995 5694 οὗ
1053 5641 1113 5696 τὸ
1175 5645 1528 5714 πρωτότυπον
1578 5647 1804 5707 ὰθέατόν

310 5810 328 5841 ⁸
363 5809 504 5866 Psal.
556 5827 742 5878 xcvrn,
775 5816 828 5872 5.

1912 4624 2097 4687 etiam,
2128 4633 2184 4677 et
2242 4622 2501 4691 Spiritum
2559 4636 2837 4689 sanetum,
2868 4624 2993 4680 licet
3050 4627 3100 4680 id
3147 4637 3332 4695 aperte
3384 4642 3492 4684 non

1910 4714 2207 4775 fateantur,
2242 4728 2346 4767 una
2379 4728 2498 4767 cum
2531 4714 2647 4781 ipso
2675 4713 3016 4782 cruciﬁguut.
3058 4712 3250 4768 Verum
3281 4719 3346 4770 de
3367 4732 3492 4771 crn-

1909 4822 1971 4862 ce
2001 4807 2161 4861 latins
2181 4806 2508 4860 disseremus
2542 4805 2594 4859 iu
2626 4810 2871 4875 sequenti
2900 4806 3080 4871 titulo,
3109 4808 3161 4862 in
3216 4824 3282 4862 eo
3313 4811 3492 4878 capite

1908 4898 2050 4969 quod
2076 4898 2388 4966 inscriptum
2422 4908 2506 4953 est
2532 4898 2605 4952 De
2636 4914 2809 4953 cruce.

1980 5098 2114 5154 Tres
2142 5098 2343 5167 ligneas
2385 5103 2721 5157 constituunt
2776 5120 2985 5170 cruces,
3021 5120 3219 5176 easque
3244 5106 3382 5160 inter
3432 5118 3491 5160 se

1910 5192 2227 5262 conjunctas
2256 5194 2576 5250 Trinitatem
2618 5208 2857 5253 sanctam
2897 5200 3192 5269 appellant.
3241 5200 3349 5255 Nec
3396 5216 3492 5254 ex»

1914 5285 2238 5340 horrescunt
2298 5286 2469 5341 beata;
2512 5287 2793 5342 Trinitatis
2852 5291 3141 5359 imaginem
3198 5291 3489 5361 conﬁcere,

1914 5389 2033 5444 quae
2078 5377 2191 5430 sola
2223 5378 2459 5434 increata
2490 5387 2592 5447 est,
2632 5391 2686 5434 et
2719 5380 2950 5443 inﬁnita.
3011 5394 3062 5439 ct
3089 5381 3389 5451 indeﬁnita,
3438 5396 3493 5438 et

1913 5482 2136 5538 prorsus
2166 5469 2457 5538 incognita.
2492 5469 2695 5523 Rerum
2752 5471 2914 5535 enim,
2961 5487 3079 5541 qua:
3139 5471 3306 5525 ﬁnita:
3345 5484 3490 5537 sunt,
3572 5501 3579 5508 -

1915 5559 2175 5629 imagines
2225 5562 2606 5616 conﬁciuntur.
2648 5561 2816 5631 Cujus
2865 5572 3043 5617 autem
3103 5564 3178 5618 rei
3218 5566 3493 5633 exemplar

1912 5652 2010 5708 sub
2029 5661 2310 5723 aspectum
2332 5654 2801 5726 cognitionemque
2822 5670 3043 5727 prorsus
3062 5672 3165 5713 non
3190 5657 3353 5723 cadit,
3371 5656 3495 5729 ejus
3560 5694 3567 5701 ι
