3960 6536
491 394 626 460 1151

1716 370 2103 437 EUTHYMII
2144 363 2505 425 ZIGABENI

3620 350 3747 416 1183

489 508 568 563 rei
602 502 871 575 quomodo
906 502 1029 573 quis
1059 497 1346 567 imaginem
1398 490 1697 547 c0nficiat?
1749 486 1865 553 Quo
1912 482 2075 552 igitur

2184 477 2294 530 ἐστι
2326 475 2638 529 παντάπασι
2674 476 2766 525 καὶ
2798 470 3207 541 άκατανόητονς
3257 468 3381 528 Πῶς
3416 466 3511 521 οῦν
3536 468 3749 531 τούτους

491 574 711 650 nomine
765 597 863 647 hos
904 588 1316 661 appellabimus,
1362 584 1651 653 lignorum,
1683 594 1751 631 an
1805 574 2068 629 idolorum

488 685 777 743 cultores?
834 683 1133 751 Utrumque
1185 679 1329 735 enim
1382 690 1581 730 nomen
1631 671 1741 725 illis
1796 666 2069 735 congruit.

493 781 663 848 Atque
687 780 786 832 hac
818 778 943 832 item
978 776 1187 830 ratione
1231 770 1546 827 crucifixam
1610 767 1776 821 fuisse
1840 762 2075 817 Trinita-

490 880 596 924 tem
630 851 979 931 conﬁtentur,
1024 880 1146 919 cum
1177 874 1288 918 tres
1316 863 1386 915 ita
1449 874 1640 915 cruces
1700 862 1971 923 conplent,
2020 864 2074 907 et

487 978 552 1016 eo
582 962 723 1015 facto
756 962 807 1014 id
849 960 1163 1030 praedicent.
1194 956 1333 1023 Quid
1367 954 1469 1009 hoc
1496 964 1682 1007 errore
1712 948 1953 1011 stultius,
1983 957 2076 999 aut

490 1055 660 1123 magis
696 1053 921 1122 impiutn
954 1050 1070 1105 sit?

558 1144 738 1210 Quid?
777 1144 917 1212 quod
991 1156 1114 1196 cum
1182 1150 1313 1205 tres,
1348 1144 1406 1193 ut
1468 1136 1669 1191 dictum
1707 1142 1813 1196 est,
1862 1143 2074 1195 cruces,

489 1245 745 1301 tanquam
780 1232 919 1285 idola
952 1231 1310 1295 constituant,
1332 1239 1388 1283 et
1448 1223 1813 1281 venerandum
1864 1222 2078 1275 incom-

488 1324 767 1388 prehensa;
806 1322 1089 1376 Trinitatis
1127 1337 1317 1374 nomen
1356 1318 1460 1372 illis
1490 1318 1789 1386 imponant,
1825 1328 1930 1366 non
1955 1326 2080 1364 eru-

497 1414 729 1468 bescunt
787 1423 967 1469 tamen
1031 1414 1301 1481 appellare
1339 1425 1440 1464 nos
1509 1407 1843 1470 idololatras,
1932 1404 2077 1471 quod

487 1505 706 1568 Christi,
739 1506 828 1574 qui
859 1506 1245 1559 humanitatem
1272 1501 1586 1571 assumpsit,
1615 1508 1671 1555 et
1699 1497 1870 1553 videri
1918 1510 2075 1551 com-

489 1594 857 1663 prehendique
920 1608 983 1648 ac
1006 1592 1379 1649 circumscribi
1442 1590 1632 1654 voluit,
1663 1598 1921 1656 quantum
1954 1599 2080 1654 pcr-

490 1682 625 1735 tinet
664 1682 729 1735 ad
761 1683 1181 1749 humanitatem,
1224 1678 1738 1751 DeiqueGenitricis
1762 1685 1816 1731 ct
1865 1685 2080 1730 sancto-

491 1786 631 1834 rum,
660 1787 886 1840 quorum
907 1787 1137 1843 corpora
1165 1788 1269 1827 non
1294 1772 1466 1825 solum
1496 1768 1787 1837 conspicua
1818 1776 1872 1820 et
1897 1763 2074 1829 linita,

490 1876 674 1915 verum
701 1865 865 1917 etiam
923 1864 1171 1917 mortalia
1217 1861 1565 1921 exstiterunt.
1616 1857 1882 1926 imagines
1940 1870 2072 1909 con-

490 1951 753 2008 ficiemus.
850 1952 1049 2009 Verum
1114 1954 1179 2007 de
1239 1951 1445 2006 sanctis
1509 1946 1833 2016 imaginibus
1892 1945 1943 1999 iu
2009 1957 2076 1998 eo

490 2042 662 2108 titulo,
714 2060 874 2113 quem
935 2047 1198 2100 adversus
1241 2059 1430 2098 earum
1479 2037 1880 2111 oppugnatores
1941 2052 2073 2091 con-

488 2136 826 2202 scripsimus,
892 2136 1055 2192 latius
1088 2137 1416 2207 disputatur.
1479 2134 1610 2189 Inde
1638 2133 1801 2203 igitur
1845 2138 2062 2201 petatur

489 2225 752 2282 idolorum
781 2236 835 2283 et
898 2228 1195 2299 imaginum
1238 2227 1574 2283 dill'ereutia.

568 2407 947 2463 Armeniorum
980 2416 1039 2460 ut
1066 2406 1366 2462 adulterina
1396 2412 1561 2473 atque
1595 2407 1758 2474 impia
1799 2404 1929 2461 fides
1971 2413 2075 2469 est,

490 2502 571 2557 sic
595 2500 757 2555 etiam
780 2500 1102 2568 baptismus,
1127 2510 1179 2554 et
1200 2498 1378 2554 omnis
1404 2497 1636 2551 initiatio
1662 2508 1714 2552 et
1733 2497 2075 2567 mysterium.

491 2589 630 2643 Mala
657 2590 801 2644 enim
824 2589 987 2644 arbor
1016 2590 1186 2643 bonos
1211 2587 1418 2643 fructus
1449 2603 1553 2641 non
1584 2589 1686 2643 fert
1712 2590 1777 2654 ¹⁸,
1806 2596 1865 2642 ut
1891 2587 2073 2641 Domi-

492 2697 593 2736 nus
621 2682 1012 2751 pronuntiavit.

566 2858 622 2913 Si
654 2862 721 2913 ab
748 2860 1022 2916 Armeniis
1071 2872 1351 2931 quaeratur
1391 2862 1660 2932 quodnam
1692 2863 1763 2918 sit
1787 2862 2076 2934 jejunium,

491 2950 847 3014 Artzliurtzi,
880 2953 1228 3020 respondent,
1263 2952 1435 3023 Sergii
1482 2954 1761 3021 cujusdam
1810 2955 2076 3017 Armenii,

492 3043 584 3110 qui
626 3042 756 3095 illud
793 3044 1100 3098 testimonio
1124 3060 1222 3099 suo
1253 3045 1307 3098 in
1343 3046 1580 3113 ipsorum
1614 3048 1833 3115 regione
1882 3062 2077 3115 appro-

2175 564 2689 638 προσαγορεύσομεν
2716 604 2732 629 ,
2797 563 3173 635 ξυλολάτρας,
3233 561 3267 630 ἢ
3319 562 3748 632 είδωλαλάτριςς

2175 658 2463 729 ἀμφότερα
2490 659 2596 727 γὰρ
2625 657 2802 719 αὐτοῖς
2833 654 3089 725 ἁρμόζει.
3117 653 3256 707 Καθ’
3286 654 3472 725 ἕτερον
3500 655 3562 708 δὲ
3598 654 3752 721 λόγον

2177 750 2557 821 σταυρωθῆναι
2594 750 2691 819 τὴν
2733 748 2939 819 Τριάδα
2983 746 3436 817 καθομολογοῦσι,
3491 748 3748 818 occupa);

2175 846 2325 915 τρεῖς
2376 843 2628 915 ἀλλήλοις
2680 843 3069 909 συνάπτοντες,
3122 841 3217 894 καὶ
3249 840 3317 895 δι’
3365 840 3550 911 ἐργων
3599 839 3749 893 τοῦτο

2176 934 2556 1005 κηρύττοντες.
2584 935 2650 987 Τί
2680 935 2777 1004 τῆς
2818 933 3026 1004 πλάνης
3066 933 3270 1003 ταύτης
3312 930 3666 1002 ἀνοητότερόν
3694 948 3749 984 τε

2177 1026 2273 1079 καὶ
2302 1026 2610 1096 ἀθεώτερον
2630 1040 2645 1090 ;

2248 1115 2388 1179 Τοὺς
2430 1117 2601 1185 τρεῖς,
2652 1115 2725 1178 ὡς
2778 1116 3017 1185 εῐρηται,
3061 1114 3328 1185 σταυροὺς
3360 1112 3750 1167 εἰδωλοποιοῦνο

2176 1225 2291 1271 τες,
2327 1210 2424 1262 καὶ
2454 1208 2515 1263 τὸ
2541 1210 2767 1278 φρικτὸν
2790 1208 2960 1278 ὗνομσ.
2985 1205 3084 1277 τῆς
3116 1205 3505 1276 ἀκατάληπτον
3536 1205 3751 1273 Τριάδος

2178 1302 2387 1365 τούτοις
2418 1300 2721 1367 ἐπιθέντες,
2752 1302 2852 1354 οὐκ
2885 1300 3234 1370 αἰσχύνονται
3259 1297 3750 1370 προσαγορεύοντες

2177 1396 2328 1465 ἡμᾶς
2372 1395 2573 1466 μᾶλλον
2605 1394 3000 1465 είδωλολάτρας
3053 1394 3144 1448 διὰ
3175 1394 3277 1465 τὴν
3320 1393 3529 1460 σεπτὴν
3575 1392 3749 1445 εἰκόνα

2176 1486 2273 1540 τοῦ
2294 1486 2815 1557 ὲνανθρωπήσαντος
2856 1484 3030 1557 Ἰησοῦ
3059 1483 3320 1555 Χριστοῦ,
3349 1484 3448 1537 καὶ
3468 1480 3749 1552 όριθέντος

2180 1581 2272 1633 καὶ
2304 1578 2709 1651 κρατηθέντος,
2765 1579 2860 1633 καὶ
2913 1576 3331 1649 πεπερασμένου
3382 1574 3530 1629 κατὰ
3580 1574 3751 1644 σάρκα

2178 1673 2559 1742 τυγχάνοντος,
2612 1672 2692 1726 ἔτι
2735 1672 2791 1725 δὲ
2828 1671 2920 1725 καὶ
2965 1671 3057 1724 διὰ
3104 1669 3205 1741 τὴν
3255 1671 3355 1739 τῇς
3391 1669 3750 1738 θεομήτορος,

2179 1766 2276 1819 καὶ
2311 1764 2411 1827 τὰς
2438 1764 2547 1816 τῶν
2575 1762 2765 1830 ἁγίων,
2800 1756 2883 1825 οἷς
2911 1762 2971 1815 οὐ
3003 1762 3161 1832 μόνον
3187 1761 3359 1831 ὁρατὰ
3414 1761 3514 1812 καὶ
3539 1758 3751 1829 περιληο

2177 1855 2307 1917 πτά.
2343 1855 2479 1907 ἀλλὰ
2514 1855 2603 1907 καὶ
2639 1854 2810 1925 θνητά
2840 1853 2909 1908 τὰ
2936 1852 3184 1921 σώματα.
3214 1850 3521 1923 Εἴρηταιδὲ
3554 1851 3747 1903 πλατύ-

2175 1966 2335 2017 τερον
2362 1949 2625 2018 περὶτῶν
2655 1948 2827 2015 ἁγίων
2867 1946 3094 2000 εἰκόνων
3124 1947 3182 1999 ὲν
3219 1945 3299 2015 τῷ
3334 1945 3477 1999 κατὰ
3516 1943 3625 1998 τῶν
3666 1943 3746 1995 ΕΞ.

2177 2042 2500 2111 κονομάχων
2546 2041 2742 2111 ντίτλῳ,
2783 2042 2875 2096 καὶ
2921 2040 3160 2111 ζήτησον
3201 2040 3319 2093 ἐκεῖ
3347 2037 3449 2109 τὴν
3496 2037 3746 2107 διαφορὰν

2178 2132 2285 2186 τῶν
2317 2132 2553 2189 εἰδώλων
2584 2133 2678 2186 καὶ
2706 2131 2815 2186 τῶν
2846 2132 3097 2188 είκόνων.

2252 2399 2374 2454 Τῶν
2423 2400 2724 2472 Ἀρμενίων
2782 2400 2972 2470 ὥσπερ
3021 2398 3276 2470 κίϐδηλος
3329 2398 3426 2452 καὶ
3465 2396 3741 2467 θεοστυγὴς

2180 2494 2214 2563 ἡ
2248 2497 2446 2557 πίστις,
2482 2492 2626 2546 οὕτω
2676 2495 2769 2548 καὶ
2806 2493 2864 2546 τὸ
2897 2493 3179 2562 βάπτισμα
3224 2492 3454 2559 τούτων,
3491 2493 3587 2546 καὶ
3612 2494 3743 2545 πάσα

2178 2587 2392 2655 τελετὴ,
2430 2587 2523 2639 καὶ
2570 2586 2715 2638 ἆπαν
2754 2587 3075 2657 μυστήριον.
3125 2584 3342 2655 Σκπρδν
3389 2585 3499 2655 γὰρ
3549 2584 3743 2655 δένδρον

2180 2682 2430 2749 καρποὺς
2466 2679 2662 2742 καλοὺς
2704 2679 2766 2732 ού
2814 2680 2974 2747 ποιεῖ,
3023 2678 3203 2742 καθὼς
3233 2681 3263 2733 ὁ
3290 2678 3496 2748 Κύριος
3544 2676 3741 2746 ἀπεφή-

2181 2790 2330 2827 νατο.

2266 2866 2641 2935 Ἐρωτώμενοι
2672 2868 2802 2937 παρ’
2846 2866 3003 2937 ήμῶν
3036 2867 3084 2918 οἱ
3130 2862 3404 2934 Ἀρμένιοι
3430 2864 3517 2926 τίς
3548 2863 3685 2915 ἔστιν
3714 2862 3739 2928 η

2182 2959 2403 3029 νηστεία
2432 2958 2527 3012 τοῦ
2572 2958 2988 3031 Ἀρτζιὸούτξη,
3019 2958 3170 3026 φασὶ,
3202 2957 3433 3025 Σεργίου
3457 2954 3601 3017 τινὸς
3637 2954 3743 3022 Ἀρ·

2185 3051 2371 3121 μενίου
2409 3054 2857 3123 μαρτυρήσαντος
2895 3056 2952 3106 ὲν
2979 3054 3044 3123 τῇ
3068 3054 3273 3104 τούτων
3298 3049 3479 3120 χώρᾳ.
3505 3049 3642 3119 Πρὸς
3663 3047 3745 3110 οἷς

492 3136 652 3189 ιλιι-ξι.
693 3134 801 3187 Nos
840 3145 1016 3190 autem
1046 3136 1277 3191 dicimus
1316 3155 1329 3191 :
1363 3138 1642 3202 Quomodo
1672 3148 1903 3205 conStat,
1947 3142 2071 3195 Scr-

2184 3145 2342 3213 ημείς
2370 3162 2382 3175 ·
2418 3145 2529 3197 Καὶ
2559 3148 2643 3209 τίς
2678 3148 2708 3213 ἡ
2748 3144 3046 3211 ἀπόδειξις,
3098 3145 3193 3199 καὶ
3252 3142 3419 3197 πόθεν
3466 3142 3641 3211 δῆλον,
3674 3143 3745 3193 ὅτι

491 3225 641 3295 gium
670 3226 820 3279 iitum
854 3226 1019 3281 fuisse
1051 3227 1437 3291 orthodoxnm,
1468 3232 1766 3297 praesertim
1815 3246 1935 3284 cum
1961 3248 2081 3299 pra-

491 3318 574 3371 vis
608 3319 955 3386 opinionibus
994 3329 1049 3373 et
1111 3320 1370 3375 institutis
1426 3323 1735 3387 abundetis,
1768 3340 1866 3379 nec
1920 3326 2079 3381 ullius

492 3411 910 3480 prophetze,aut
955 3412 1204 3480 apostoli,
1252 3423 1344 3467 aut
1397 3416 1668 3484 martyris,
1724 3426 1815 3468 ant
1851 3416 2077 3470 aliorum

491 3512 807 3556 sanctorum
883 3505 1199 3558 memoriam
1257 3506 1564 3568 celebretis,
1630 3522 1696 3561 ue
1750 3509 1953 3563 sanctis
1987 3509 2078 3563 ἰιιιὶ

490 3596 704 3660 quidem
733 3594 873 3648 illius
931 3595 1198 3665 Gregorii,
1262 3596 1354 3665 qui
1412 3598 1614 3669 Magna:
1668 3599 1766 3653 fuit
1812 3602 2081 3656 Armenia:

491 3686 757 3755 pontifex?
780 3687 843 3740 At
866 3686 940 3740 illi
960 3686 1117 3741 aliter
1143 3702 1202 3742 se
1220 3686 2078 3759 defendcntesﬁhdt'tnjejnnium

493 3788 610 3829 csse
639 3777 842 3828 dicunt.
864 3775 970 3830 Nos
991 3785 1171 3830 autem
1190 3776 1256 3829 ad
1280 3791 1403 3831 eos:
1433 3778 1627 3847 Ecquis
1660 3780 1810 3833 vobis
1830 3780 2077 3847 gentium

490 3866 754 3936 jejunium
820 3870 988 3935 jussit
1044 3869 1357 3932 observare,
1420 3871 1572 3937 cujus
1630 3887 1729 3925 nec
1768 3885 2078 3929 sanctorum

492 3961 858 4028 apostolorum
907 3960 1065 4024 ullus,
1133 3975 1232 4013 nec
1302 3960 1467 4013 ullum
1516 3972 1824 4015 sanctorum
1860 3962 2078 4020 Patrum

493 4051 779 4104 concilium
813 4051 1135 4104 mentionem
1171 4050 1338 4105 fecit?
1388 4052 1530 4120 quod
1562 4054 1743 4107 multis
1771 4067 1893 4108 ante
1923 4062 2080 4113 annis

493 4142 616 4205 fuit,
652 4158 811 4211 quam
843 4142 1093 4196 Christus
1127 4143 1417 4197 humanam
1470 4157 1687 4198 carnem
1726 4160 2029 4203 assumeret
2058 4151 2081 4204 ε

496 4235 648 4300 Quod
686 4239 730 4289 si
781 4235 1090 4291 Jndworum
1148 4235 1349 4306 jejunia
1384 4253 1413 4291 a
1473 4238 1617 4294 Mose
1670 4239 1763 4295 Dei
1826 4244 2080 4300 mandato

495 4328 791 4381 constituta
846 4328 1001 4382 vobis
1038 4327 1285 4396 jejunare
1312 4344 1418 4383 non
1459 4331 1604 4397 licet,
1673 4334 1839 4388 multo
1899 4338 2080 4393 minus

2180 3236 2463 3308 ὀρθόδοξος
2496 3234 2565 3310 ἦν
2607 3240 2816 3302 ἐκεῖνος
2870 3240 2897 3290 ό
2941 3240 3186 3308 Σέργιος,
3250 3236 3407 3305 ὑμῶν
3459 3233 3747 3299 κακοδόξων

2180 3328 2370 3393 ὄντων,
2414 3328 2509 3384 καὶ
2542 3330 2682 3399 μήτε
2722 3330 3003 3399 προφήτου
3048 3330 3215 3392 τινὸς,
3252 3328 3392 3397 μήτε
3438 3324 3745 3389 ἀποστόλου,

2184 3423 2325 3491 μήτε
2360 3423 2652 3493 μάρτυρος,
2684 3424 2823 3493 μήτε
2863 3423 3033 3485 ὁσίου,
3066 3421 3196 3491 μήθ’
3224 3421 3362 3482 ὅλως
3405 3420 3553 3483 τινος
3591 3419 3748 3486 ἁγίων

2185 3513 2409 3583 μνήμην
2441 3511 2830 3583 ἑορταζόντων,
2863 3513 2999 3566 ἀλλὰ
3039 3512 3174 3580 μηδὲ
3205 3510 3369 3564 αὐτοῦ
3400 3510 3497 3562 τοῦ
3531 3511 3749 3579 παμμά-

2185 3624 2347 3676 καρος
2382 3607 2683 3677 Γρηγορίου
2713 3606 2804 3659 τοῦ
2838 3607 2937 3675 τῆς
2956 3607 3215 3675 Μεγάλης
3258 3605 3553 3673 ’Δρμενίας
3582 3608 3751 3673 ἀρχιε-

2187 3695 2364 3764 ρέως;
2402 3698 2512 3749 Καὶ
2549 3697 3008 3767 μεταϐαλλόμενοι
3044 3697 3312 3765 λέγουσιν,
3344 3697 3426 3750 ὅτι
3452 3700 3555 3767 τῆς
3576 3696 3753 3749 Νινευῖ

2183 3788 2329 3841 ἐστιν
2361 3790 2394 3858 ἡ
2440 3789 2684 3857 νηστεία.
2722 3789 2831 3842 Καὶ
2862 3788 3025 3842 πάλιν
3059 3789 3221 3857 ἡμεῖς
3254 3804 3458 3857 φαμεν,
3486 3790 3572 3841 ὃτι
3602 3788 3747 3858 Mirr:

2181 3878 2288 3931 τῶν
2313 3878 2484 3945 ἁγίων
2539 3876 2873 3942 ἀποστόλων,
2928 3879 3068 3947 μήτε
3120 3879 3339 3931 συνόδου
3379 3878 3529 3941 τινὸς
3586 3876 3747 3945 ἁγίων

2185 3971 2443 4038 Πατέρων
2475 3969 2967 4040 μνημονευσάντων
3003 3971 3197 4039 αὐτῆς,
3241 3970 3324 4031 τίς
3372 3973 3401 4024 ό
3450 3968 3752 4040 προστάξας

2181 4062 2464 4133 νηστεύειν
2516 4062 2659 4131 ὑμᾶς
2719 4063 2969 4132 νηστείαν
3003 4062 3171 4114 ὲθνῶν
3225 4063 3331 4130 πρὸ
3372 4062 3587 4115 πολλῶν
3628 4063 3752 4116 ἐτῶν

2183 4154 2281 4222 τῆς
2313 4151 2777 4222 ἐνανθρωπήσεως
2809 4150 2904 4207 τοῦ
2945 4151 3185 4219 Χριστοῦ
3230 4154 3642 4222 γεγενημένην;
3694 4153 3754 4205 Ei

2181 4241 2276 4299 οῦν
2321 4245 2417 4306 τὰς
2457 4245 2759 4307 Ἰουδαῖκάς
2807 4245 3061 4313 νηστείας
3100 4244 3199 4306 τὰς
3236 4244 3324 4297 διὰ
3357 4245 3606 4307 Μωσέως
3647 4247 3754 4314 ὀριο

2185 4342 2403 4403 σθείςας
2435 4340 2541 4395 ὑπὸ
2570 4339 2663 4393 τοῦ
2696 4339 2831 4392 Θεοῦ
2861 4339 3142 4409 νηστεύειν
3176 4338 3557 4409 ἐκωλύθημεν,
3583 4336 3751 4406 πολλῴ

488 4419 694 4489 jejunia
726 4422 982 4488 gentium,
1016 4421 1269 4491 qntelege
1296 4434 1503 4478 carent.
1549 4422 1685 4479 Hinc
1712 4428 1875 4496 igitur
1922 4430 2076 4487 facile

2185 4432 2385 4502 μᾶλλον
2414 4432 2514 4494 τὰς
2543 4432 2651 4485 τῶν
2697 4431 2917 4500 ἀνόμων
2953 4429 3147 4483 ἐθνῶν.
3179 4428 3335 4482 Οῦτω
3382 4430 3442 4482 δὲ
3474 4429 3748 4501 προδήλως

493 4514 695 4568 exclusi
726 4528 790 4567 eo
816 4514 1152 4585 confugiunt,
1185 4525 1244 4569 ut
1272 4516 1473 4580 dicant,
1502 4518 1629 4572 illud
1664 4495 1783 4574 esse
1805 4520 2072 4591 jejunium

2184 4495 2526 4595 ἐλεγχόμενοι
2575 4522 2740 4576 πάλιν
2801 4495 3221 4589 ⁷ἀποκρίνονται,
3272 4495 3600 4588 φάσκοντες,
3633 4495 3747 4589 ,τὴν

492 4602 683 4667 Atiam,
724 4604 866 4669 quod
902 4604 1010 4670 egit
1045 4619 1169 4658 cum
1218 4621 1248 4657 e
1282 4608 1534 4673 paradiso
1570 4606 1669 4659 fuit
1698 4608 1923 4676 cjectus.
1970 4614 2076 4671 Nos

2184 4614 2272 4667 τοῦ
2326 4613 2498 4681 Ἀδὰμ
2541 4612 2794 4681 νηστείαν
2819 4604 2957 4665 εἶναι
2993 4611 3222 4681 ταύτην,
3252 4611 3340 4664 ὅτε
3373 4612 3472 4679 τῆς
3512 4614 3605 4665 τοῦ
3649 4629 3747 4665 πα·

495 4701 671 4745 autem
710 4695 776 4745 ad
809 4692 1115 4747 Itmc:Cum
1153 4694 1329 4750 Mosae
1389 4698 1440 4751 in
1476 4698 1658 4752 mundi
1692 4704 2076 4766 procreationis

2184 4706 2432 4776 ραδείσου
2464 4704 2675 4776 τρυφῆς
2716 4704 2967 4769 ἐξέπεσε.
2999 4703 3109 4755 Καὶ
3160 4702 3315 4764 αὖθις
3355 4704 3522 4772 ἡμεῖς
3556 4720 3745 4773 φαμεν,

493 4783 859 4851 descriptione
886 4785 1086 4839 nullam
1120 4788 1343 4842 omnino
1376 4788 1444 4843 de
1484 4790 1591 4845 isto
1618 4792 1823 4859 jejunio
1849 4800 2076 4854 mentio.

2184 4796 2260 4848 ὅτι
2320 4798 2457 4865 Περὶ
2486 4795 2587 4864 τῆς
2631 4793 3023 4861 κοσμογενείας
3069 4792 3163 4846 καὶ
3211 4793 3430 4846 πάντων
3478 4794 3589 4847 τῶν
3619 4792 3751 4847 κατὰ

497 4889 618 4928 nem
651 4876 859 4942 fecerit,
888 4878 1158 4944 quomodo
1184 4879 1407 4945 potestis
1435 4881 1614 4935 dicere
1670 4900 1790 4941 esse
1810 4888 2075 4955 jejunium

2184 4890 2271 4941 τὸν
2312 4887 2489 4956 Ἀδὰμ
2533 4887 2561 4939 ό
2603 4886 2843 4955 Μωῦσῆς
2876 4884 3353 4954 συγγραψάμενος,
3394 4885 3551 4938 οὐδὲν
3607 4886 3751 4938 οὐδα-

495 4967 666 5019 Adam
698 4966 719 5018 ?
745 4967 880 5019 Tum
912 4967 986 5020 illi
1014 4967 1121 5020 alio
1147 4983 1205 5021 se
1231 4969 1539 5033 cOnferunt.
1562 4983 1613 5026 ct
1637 4976 1907 5032 Armeniae
1936 4980 2076 5051 Mag-

2184 4981 2283 5051 μοῦ
2314 4980 2572 5049 περὶτῆς
2602 4980 2853 5046 νηστείας
2893 4977 3098 5047 ταύτης
3144 4978 3397 5046 ἐνέφηνε.
3448 4980 3558 5032 Καὶ
3598 4980 3750 5031 πόθεν

498 5072 580 5110 ua:
609 5054 878 5126 jejunium
911 5072 1030 5113 esse
1057 5068 1331 5121 asserunt,
1370 5061 1511 5128 quod
1543 5063 1860 5128 jejunabaot
1889 5072 2076 5126 Arme-

2184 5074 2334 5142 Εχετε
2375 5070 2555 5138 λεγειν
2583 5069 2679 5124 τοῦ
2729 5069 2903 5138 ’Λδάμ
2938 5062 3078 5121 εἶναι
3126 5070 3364 5138 ταύτηνς
3400 5070 3632 5125 Ἔπειτα
3664 5088 3750 5139 με·-

497 5147 594 5212 nii,
634 5161 756 5203 cum
789 5163 817 5200 a
842 5164 1035 5219 magno
1065 5148 1324 5217 Gregorio
1369 5165 1552 5208 essent
1588 5155 1917 5225 baptizandi.
1983 5164 2076 5218 Ve-

2184 5165 2529 5219 ταϐαίνουσιν
2557 5162 2644 5231 ἐφ’
2684 5162 2893 5232 ἕτερον,
2917 5161 3000 5214 ὅτι
3036 5161 3138 5230 τῆς
3159 5161 3423 5230 Μεγάλης
3464 5164 3747 5235 Ἀρμενίας

496 5254 616 5292 rum
671 5241 758 5292 hic
817 5255 1033 5309 quoque
1102 5242 1438 5298 mendacium
1498 5262 1683 5302 eorum
1748 5254 2083 5323 coarguitur.

497 5327 629 5382 Cum
665 5330 811 5383 enim
844 5344 873 5381 a
901 5330 1238 5385 daemonibus
1283 5340 1406 5387 ante
1457 5333 1779 5403 baptismum
1818 5343 2085 5409 agitaren-

502 5429 607 5485 tur,
632 5420 985 5476 decrcverunt
1006 5422 1254 5492 jejuuarc
1286 5427 1562 5495 sexaginta
1587 5427 1721 5482 dies.
1739 5431 1937 5488 Deinde
1959 5452 2079 5492 cum

499 5521 645 5567 esset
675 5526 770 5567 eos
798 5513 1193 5581 baptizaturus,
1221 5515 1441 5587 triginta
1457 5519 1663 5573 dierum
1685 5518 1951 5590 jejunium
1972 5528 2082 5585 illis

501 5603 846 5672 ιιτωεετξρδίι,
882 5616 941 5657 ιιι
972 5606 1025 5658 in
1064 5606 1194 5678 ipsis
1239 5622 1454 5679 quoque
1492 5610 1875 5672 Armeniorum
1930 5619 2082 5678 libris

573 5764 588 5794 ⁸
614 5763 806 5819 Matth.
836 5780 930 5828 vn,
961 5765 1044 5819 18.

2186 5259 2220 5327 ἡ
2251 5258 2475 5327 νηστεία
2507 5254 2647 5325 αῦτη
2693 5256 2860 5318 ἐστὶν,
2911 5254 2981 5325 ἢν
3026 5255 3359 5323 ἑνήστευσαν
3388 5258 3439 5308 οί
3482 5258 3747 5327 ’Δρμὲνιοι

2186 5349 2547 5420 βαπτισθῆναι
2577 5347 2861 5417 μέλλοντες
2894 5348 3000 5401 ὑπὸ
3030 5347 3124 5399 τοῦ
3160 5348 3397 5417 μεγάλου
3434 5350 3742 5421 Γρηγορίου.

2196 5441 2536 5512 Ἐλέγχονται
2580 5440 2639 5493 δὲ
2678 5438 2958 5492 κάνταῦθα
2999 5439 3344 5510 ψευδόμενοι.
3381 5442 3744 5510 Ἐλαυνόμενοι

2183 5535 2291 5603 γὰρ
2330 5533 2435 5586 ὑπὸ
2482 5532 2591 5585 τῶν
2635 5531 2906 5601 δαιμόνων
2960 5532 3067 5603 πρὸ
3101 5532 3192 5585 τοῦ
3226 5533 3596 5603 βαπτίσματος
3617 5534 3740 5601 dipl-

2190 5630 2397 5699 σθησαν
2460 5626 2671 5696 ἡμέρας
2719 5627 2983 5696 ἐξήκοντα
3054 5626 3380 5695 νηστεῦσαιο
3432 5627 3648 5697 ὕστερον
3686 5624 3737 5675 δὲ
