3960 6568
204 426 348 492 1189

1146 427 1531 488 PANOPLIA
1574 424 2032 488 DOGMATICA.
2078 452 2145 465 --
2184 426 2333 492 TIT.
2373 425 2585 486 XXIV.

3345 422 3485 485 1190

204 542 422 612 μέλλων
489 540 685 603 αὐτοὺς
751 540 1014 610 βαπτίσαι
1083 541 1559 612 τριακονθήμερον
1616 542 1789 603 αὐτοί,

1909 540 2182 595 memoriae
2240 541 2511 608 proditum
2564 548 2669 593 est.
2709 534 2970 590 Neutrum
3019 543 3200 589 autem
3261 534 3492 594 istorum

199 631 444 695 ἐπέταξε
473 632 752 699 νηστείαν,
791 633 866 695 ὡς
896 634 999 685 κᾶν
1026 633 1144 695 ταῖς
1191 632 1545 703 ’Δρμενικαῖς
1589 633 1789 699 ἁναγὲ-

1896 630 2584 701 [ejuniorum’Artziburtzi
2612 637 2866 683 vocatum
2896 635 3002 681 est.
3063 626 3203 682 llinc
3230 625 3358 681 item
3395 624 3494 678 de-

200 740 450 794 γραπται
486 723 713 792 βίϐλοις,
748 724 843 776 καὶ
873 723 1101 793 οὐδεμία
1134 723 1342 777 τούτων
1384 724 1537 795 ήτοῦ
1577 724 1792 796 Ἀρτζι-

202 814 449 887 δούρτζη
500 816 671 869 ἐστίν.
718 815 1180 885 ’.ἀνατρεπόμενοι
1242 817 1298 869 δὲ
1349 818 1646 872 κάντεῦθεν
1698 817 1790 871 τοῦ

206 907 456 976 μεγάλου
491 907 910 959 Κωνσταντίνου
940 906 1144 976 ταύτην
1182 905 1321 963 εἷναί
1351 926 1535 978 φασιν,
1568 912 1633 981 ἣν
1665 910 1792 979 ἐνή-

204 1014 404 1050 στευσε
439 996 804 1067 βαπτισθῆναι
864 998 1097 1068 μέλλων.
1146 1002 1257 1053 Καὶ
1308 1001 1465 1055 τοῦτο
1512 1003 1567 1055 δὲ
1616 1004 1791 1075 πάντη

203 1087 429 1156 ψευδές.
464 1086 533 1140 Τί
581 1089 690 1157 γὰρ
724 1088 860 1157 πρὸς
889 1088 1021 1157 ὃλην
1062 1088 1161 1161 τὴν
1209 1092 1534 1163 οἰκουμένην
1565 1095 1598 1162 ἡ
1638 1092 1793 1164 βασι-

206 1180 349 1242 λέως
385 1180 504 1243 ἑνὸς
542 1178 800 1247 morata;
835 1179 959 1242 Πῶς
984 1180 1041 1232 δὲ
1074 1184 1168 1233 καὶ
1200 1182 1377 1242 οὐδεὶς
1404 1184 1512 1236 τῶν
1542 1186 1680 1254 μετὰ
1703 1184 1794 1239 τὸν

206 1272 407 1340 Μέγαν
450 1271 855 1325 Κωνσταντῖνον
910 1273 943 1343 ἢ
997 1274 1295 1342 συνόδωνῆ
1334 1275 1595 1345 Πατέρων
1635 1275 1796 1339 ἄλλος

213 1364 385 1429 ἁγίων
420 1362 611 1430 μνείαν
646 1362 817 1432 αὐτῆς
845 1363 1177 1431 ὲποιήσατο;
1217 1361 1417 1416 Τοῦτον
1455 1364 1510 1417 δὲ
1549 1364 1640 1417 τὸν
1669 1366 1796 1434 τρό-

212 1470 317 1506 πον
344 1453 534 1507 ἄλλοτε
576 1451 709 1504 ἄλλα
743 1452 1016 1520 λέγοντες,
1072 1456 1166 1506 καὶ
1207 1457 1484 1524 πανταχοῦ
1540 1473 1795 1527 περιτρε-

210 1546 468 1615 πόμενοι,
531 1544 627 1596 καὶ
683 1543 879 1612 στῆναι
945 1543 1175 1614 βεεαίως
1222 1546 1284 1598 οὐ
1331 1548 1793 1617 συγχωρούμενοι,

207 1635 452 1689 διδόασιν
474 1635 609 1704 ἡμῖν
633 1634 856 1697 ἐννοεῖν,
875 1634 955 1687 ὅτι
985 1632 1216 1705 βδελυρά
1242 1635 1323 1699 τίς
1344 1636 1545 1708 ἐστινὴ
1570 1639 1792 1710 τοιαύτη

208 1725 441 1795 νηστεία
493 1726 590 1778 καὶ
634 1724 836 1787 ἀναξία
867 1727 1261 1799 Χριστιανικῆς
1311 1731 1503 1801 ἀκοῆς.
1560 1730 1704 1799 Ἐγὼ
1737 1733 1794 1787 δὲ

206 1816 454 1870 τοιοῦτόν
502 1834 555 1869 τι
602 1820 731 1888 περὶ
762 1819 969 1888 ταύτης
1016 1819 1256 1891 ἀκήκοα,
1309 1822 1391 1875 ὅτι
1441 1824 1667 1893 Σέργιός
1711 1842 1796 1887 τις

202 1906 530 1970 διδάσκαλος
545 1906 645 1976 τῆς
682 1905 1019 1977 Ἀρμενικῆς
1048 1908 1314 1977 αἱρέσεως
1331 1910 1644 1980 γενόμενος,
1677 1908 1790 1982 εἶχε

207 1998 351 2051 κύνει
382 1996 721 2068 καλούμενον
761 1995 937 2061 οὕτως
994 1997 1463 2069 Ἀρτζιϐούρτζην
1496 2016 1510 2031 ⁶
1550 2001 1702 2071 δηλοῖ
1737 2003 1793 2055 δὲ

205 2091 243 2159 ἡ
277 2087 427 2154 λέξις
454 2089 546 2141 τὸν
599 2088 1028 2158 Προμιτάτωρα.
1065 2089 1254 2160 Τούτῳ
1305 2095 1519 2163 μηνυτῇ
1571 2094 1663 2146 καὶ
1696 2111 1792 2163 ση-

210 2183 446 2251 μάντορι
494 2180 593 2250 τῆς
638 2179 933 2251 ἐπιδημίας
984 2181 1149 2234 αὐτοῦ
1202 2183 1465 2248 πολλάκις
1495 2188 1522 2238 6
1565 2186 1792 2255 Σέργιος

202 2274 477 2343 ἐκέχρητο
524 2273 679 2343 παρὰ
712 2272 966 2341 δαίμονος
997 2274 1397 2343 ἐνεργουμένη),
1431 2277 1646 2347 μέλλων
1670 2280 1792 2332 ἐπι-

200 2362 453 2433 δημῆσαί
487 2380 594 2416 τινι
627 2362 739 2416 τῶν
772 2363 1099 2433 πολυχνίων,
1136 2365 1193 2434 ﬁt
1216 2366 1442 2434 κωμῶν,
1495 2368 1527 2438 ἢ
1573 2370 1791 2439 χωρίων

200 2456 263 2507 ἐν
295 2450 380 2519 οἷς
431 2454 608 2525 ᾠκουν
663 2456 711 2508 οί
772 2456 1015 2525 μαθηταὶ
1049 2456 1145 2508 καὶ
1201 2458 1420 2527 μέτοχοι
1475 2459 1574 2529 τῆς
1609 2462 1789 2533 λύμης

200 2546 397 2600 αὐτοῦ.
453 2546 564 2599 Καὶ
598 2547 688 2599 ὅτε
742 2547 835 2599 τὸν
883 2546 1019 2600 κύνα
1072 2548 1263 2601 τοῦτον
1306 2546 1469 2616 εἶδον,
1511 2552 1791 2623 ἐξεχέοντο

206 2640 348 2708 μετὰ
387 2638 516 2708 μίαν
547 2639 759 2709 ἡμέραν
789 2638 894 2708 πρὸ
927 2639 1125 2705 μιλίαν
1165 2641 1329 2695 τινῶν
1374 2645 1451 2707 εἰς
1484 2645 1789 2718 declamem

200 2731 301 2784 τοῦ
330 2731 676 2785 διδασκάλου.
731 2732 869 2785 Ποτὲ
919 2732 977 2785 δὲ
1027 2735 1164 2804 πρὸς
1213 2736 1310 2806 τὴν
1347 2738 1555 2809 συνήθη
1584 2742 1790 2811 ταύτην

202 2823 555 2903 λειτουργίαν
580 2826 608 2877 ὁ
632 2824 785 2876 κύων
819 2825 1162 2893 ἐκπεμφθεὶς
1192 2826 1296 2880 ὑπὸ
1328 2828 1509 2883 λύκων
1545 2831 1787 2903 ἐϐρώθη,

204 2916 303 2968 καὶ
348 2915 489 2984 μετὰ
532 2914 633 2984 τὴν
661 2913 923 2967 ἐπιοῦσαν
969 2916 1187 2985 ἡμέραν
1226 2918 1475 2975 ἑὸἀδισεν
1507 2925 1534 2974 6
1566 2924 1789 2994 Σέργιος

200 3005 293 3075 ἐφ’
333 3005 428 3070 οὓς
476 3005 769 3058 ἀπέστειλε
801 3007 893 3058 τὸν
927 3006 1086 3061 κύνα.
1135 3009 1384 3079 Μηδενὸς
1431 3013 1489 3065 δὲ
1525 3017 1667 3070 κατὰ
1698 3017 1790 3070 τὸν

201 3098 382 3150 τύπον
426 3099 976 3169 προϋπαντήσαντος,
1007 3099 1418 3173 ἐδεινοπὰθησε,
1466 3107 1558 3159 καὶ
1595 3111 1786 3181 ἐπιδη.

1897 723 2034 792 pulsi
2066 721 2253 777 dicunt
2305 735 2424 775 esse
2472 720 2736 790 jejunium
2791 716 3157 783 Constantini,
3220 715 3361 783 quod
3401 712 3495 769 ille

1895 814 2128 870 servavit
2157 829 2276 868 cum
2337 821 2481 867 esset
2511 811 2835 880 baptismum
2884 820 3259 879 suscepturus.
3295 806 3357 861 Et
3388 808 3495 861 hoc

1896 906 2057 976 plane
2086 905 2281 960 falsum
2310 913 2391 959 est
2416 921 2429 958 :
2460 903 2591 973 quid
2619 902 2763 957 enim
2792 902 2952 956 unius
2980 902 3330 970 imperatoris
3351 898 3492 969 jeju-

1899 1000 2044 1052 nium
2078 999 2310 1067 pertinet
2343 998 2410 1050 ad
2441 994 2748 1049 universam
2800 993 3099 1050 Ecclesium
3130 993 3154 1046 ἰ
3217 993 3489 1048 Praeterea

1898 1094 1940 1146 si
1964 1093 2034 1146 ita
2068 1105 2153 1145 res
2185 1100 2289 1156 est,
2319 1104 2418 1144 cur
2445 1087 2607 1158 hujus
2627 1086 2820 1157 jejunii
2846 1101 2948 1142 nec
2978 1086 3145 1140 ullum
3175 1084 3490 1150 concilium,

1897 1200 1999 1240 nec
2049 1192 2361 1237 sanctorum
2397 1182 2618 1236 Patrum
2648 1178 2915 1250 quispiam
2950 1179 3276 1233 mentionem
3319 1177 3492 1233 fecit?

1897 1277 2030 1332 Cum
2063 1275 2227 1345 igitur
2253 1276 2323 1329 ita
2362 1288 2421 1329 se
2449 1280 2658 1343 gerant,
2684 1281 2738 1327 et
2779 1271 2941 1325 modo
2976 1271 3099 1336 huc,
3141 1269 3301 1326 modo
3364 1270 3494 1324 illac

1898 1383 2017 1423 sese
2044 1375 2388 1431 convertant,
2430 1381 2530 1420 nec
2566 1366 2867 1419 consistere
2905 1363 3136 1428 valeant,
3177 1361 3355 1416 facere
3378 1377 3487 1416 non

1898 1477 2211 1532 possumus,
2244 1458 2371 1528 quin
2404 1458 2745 1527 suspicemur
2780 1456 3048 1526 jejunium
3107 1454 3251 1509 istud
3324 1468 3488 1507 exse-

1898 1552 2157 1606 crandum
2191 1564 2316 1605 esse
2345 1558 2400 1604 et
2426 1547 2756 1604 Christianis
2785 1546 3007 1601 auribus
3050 1546 3353 1616 indignuu'.
3382 1545 3492 1613 Ego

1898 1651 2077 1697 autem
2101 1639 2182 1696 sic
2210 1640 2277 1694 de
2312 1639 2403 1694 illo
2433 1638 2642 1708 accepi,
2674 1637 2847 1693 fuisse
2877 1637 3127 1706 Sergium
3177 1637 3491 1707 quemdam,

1895 1735 2199 1789 Armcuirae
2230 1732 2453 1787 hteresis
2479 1731 2781 1793 doctorem,
2813 1729 2902 1799 qui
2954 1743 3077 1785 cum
3137 1727 3364 1783 haberet
3394 1740 3491 1781 ca-

1901 1844 2045 1894 nem,
2095 1826 2177 1881 cui
2216 1840 2408 1881 nomen
2442 1825 2545 1877 hoc
2572 1821 2903 1877 Artziburtzi
2933 1821 3305 1890 imposuisset,
3360 1834 3485 1874 eum

1896 1935 1928 1976 a
1962 1919 2205 1974 daemone
2264 1927 2471 1972 rectum
2519 1915 2729 1970 itineris
2757 1912 2841 1969 sui
2886 1912 3076 1968 ducem
3108 1921 3163 1968 et
3231 1920 3490 1981 tanquam

1897 2010 2268 2068 consiliarium
2291 2010 2549 2074 habebat,
2601 2007 2818 2079 quoties
2859 2008 2927 2063 ad
2955 2007 3237 2078 oppidum,
3274 2015 3367 2060 aut
3395 2019 3494 2074 pa-

1895 2121 2042 2175 gum,
2078 2111 2171 2157 aut
2206 2101 2391 2157 urbem
2426 2101 2660 2171 aliquam
2707 2107 2826 2156 erat
2854 2100 3220 2170 profecturus,
3254 2100 3307 2152 in
3362 2100 3489 2168 qni-

1894 2200 1994 2253 bus
2030 2196 2291 2251 doctrinte
2318 2210 2428 2249 sua:
2478 2193 2749 2264 pestiferae
2776 2192 3025 2263 discipuli
3074 2193 3408 2260 habitabant,
3435 2201 3493 2247 et

1894 2307 2014 2349 cum
2054 2290 2202 2345 illum
2237 2304 2426 2344 canem
2461 2286 2786 2356 aspicerent,
2828 2293 2949 2356 post
2977 2284 3117 2339 diem
3161 2299 3329 2338 unum
3392 2284 3493 2339 ali-

1893 2393 2022 2455 quot
2041 2394 2295 2453 passuum
2320 2378 2552 2433 millibus
2574 2377 2788 2432 obviam
2812 2376 3071 2447 magistro
3093 2376 3482 2447 procedebant.

1898 2472 2096 2529 Verum
2132 2486 2252 2525 cum
2288 2468 2578 2539 aliquando
2605 2468 2672 2522 ad
2708 2467 2835 2521 illud
2867 2482 3063 2521 munus
3108 2467 3262 2522 canis
3303 2467 3495 2520 mitte-

1896 2579 2068 2632 retur,
2106 2582 2131 2618 a
2164 2564 2302 2633 lupis
2332 2563 2624 2617 devoratus
2654 2571 2777 2626 est;
2837 2558 3101 2629 postridie
3156 2568 3332 2612 autem
3364 2573 3486 2612 cum

1894 2662 1959 2715 ad
1993 2673 2086 2713 eos
2116 2655 2339 2726 Sergius
2359 2653 2823 2723 prolicisceretur,
2849 2650 2913 2703 ad
2948 2664 3085 2719 quos
3114 2664 3300 2704 canem
3321 2650 3487 2703 mise-

1896 2761 1997 2815 rat,
2029 2759 2084 2804 ct
2116 2762 2272 2801 nemo
2321 2747 2387 2799 de
2426 2759 2578 2798 more
2612 2744 2820 2803 veniret
2875 2742 3111 2805 obviam,
3181 2739 3490 2809 indignatus

1892 2854 1995 2908 cst,
2031 2854 2259 2911 cumque
2293 2839 2358 2892 ad
2410 2838 2532 2892 illos
2589 2836 2947 2904 pervenisset,
2996 2832 3487 2902 intellexissetquv,

1892 2951 2079 2993 canem
2115 2945 2509 3005 prarcnrsorem
2558 2943 2715 2982 suum
2768 2927 2834 2982 ad
2880 2941 2974 2983 eos
3000 2942 3109 2982 non
3162 2928 3486 2994 accessiss',

1893 3029 2061 3093 nnsit,
2096 3025 2184 3094 qui
2244 3022 2393 3079 illum
2427 3028 2755 3089 quaererent,
2808 3019 2900 3073 sed
2952 3033 3073 3073 cum
3135 3033 3201 3072 ex
3267 3017 3487 3072 ossilms

1896 3119 2127 3176 inventis
2159 3114 2491 3188 agnovisset,
2517 3127 2640 3166 cum
2672 3126 2702 3165 a
2764 3110 2903 3180 lupis
2934 3110 3101 3164 fuisse
3140 3108 3485 3176 dilaniatum,

203 3193 395 3262 μήσας
421 3194 623 3257 αὐτοῖς,
650 3190 837 3261 ἐπειδὴ
870 3191 1221 3262 μεμάθηκεν,
1243 3196 1327 3248 ὅτι
1358 3198 1418 3250 οὐ
1452 3204 1789 3270 παρεγένετο

1901 3212 2097 3267 indixit
2136 3206 2393 3264 omnibus
2426 3203 2697 3257 Armeniis
2726 3201 2990 3272 jejunium
3015 3216 3112 3269 pro
3139 3201 3287 3255 canis
3309 3201 3488 3266 obitu,

199 3286 344 3357 πρὸς
385 3286 588 3350 αὐτοὺς
623 3287 650 3338 6
682 3284 995 3354 πρόδρομος
1024 3285 1191 3338 αὑτοῦ
1223 3288 1391 3355 κύων,
1429 3290 1680 3363 ἔπεμψεν
1710 3298 1790 3359 εἰς

198 3382 567 3453 ἀναζήτησιν,
595 3385 687 3433 καὶ
708 3377 958 3445 διαγνοὺς
988 3379 1151 3431 αὑτὸν
1175 3381 1282 3434 ἀπὸ
1312 3384 1412 3452 τῆς
1449 3385 1557 3438 τῶν
1586 3387 1790 3445 ὀστέων

200 3475 480 3544 εὑρέσεως
536 3472 879 3542 λυκόϐρωτον
931 3473 1239 3542 γεγονότα,
1296 3477 1597 3544 προσέταξε
1636 3458 1787 3537 ’πᾶσι

1893 3302 2189 3373 jussitque,
2222 3310 2277 3353 ut
2307 3296 2570 3365 praeﬁnito
2601 3294 2806 3348 dierum
2838 3293 3013 3362 Spatio
3054 3292 3280 3360 singulis
3331 3294 3491 3346 anuis

1898 3399 1951 3450 in
1976 3396 2119 3450 luctu
2154 3402 2206 3447 (ιι
2240 3390 2492 3460 squalore
2540 3396 2911 3442 versarentur.
2955 3386 3018 3439 Et
3038 3385 3307 3455 jejunium
3358 3384 3490 3441 illud

1893 3486 2219 3542 Artzihurtzi
2275 3484 2706 3553 appellaverunt.

200 3572 323 3631 τοῖς
377 3568 688 3638 Ἀρμενίοις
715 3571 1002 3641 νηστεύειν
1063 3571 1202 3638 ὑπὲρ
1232 3570 1333 3639 τῆς
1368 3570 1625 3646 τελευτῆς
1667 3581 1831 3635 αὑτοῦ
1875 3584 1970 3637 καὶ
2005 3583 2299 3652 κατηφιᾷν,
2370 3579 2464 3631 καὶ
2497 3573 2919 3646 σκυθρωπάζειν
2955 3576 3021 3642 ἐφ
3077 3574 3310 3645 ἡμέραις
3355 3576 3489 3644 ὡρι-

205 3664 442 3734 σμέναις
486 3664 610 3714 κατ’
658 3665 928 3728 ἐνιαυτὸν,
987 3666 1081 3718 καὶ
1135 3664 1233 3734 τὴν
1286 3668 1543 3734 νηστείαν
1592 3675 1795 3745 ταύτην
1850 3674 2310 3750 Ἀρτζιΰούρτζην
2336 3671 2610 3740 ὠνόμασε.

791 3782 1041 3835 ΤΙΤΛΟΣ
1080 3784 1205 3836 KA'.

198 3869 366 3950 Kutt'l
396 3868 1337 3950 2(5)”..187‘0pérw7"Htlvlmtdr'tpr
1391 3877 1459 3931 ἐκ
1504 3878 1619 3931 τῶν
1672 3884 1791 3934 Φω-

274 3942 412 3994 τίου
446 3940 1026 4015 τοιῦμιικαριωτάτου
1060 3944 1432 4015 πατριάρχου
1465 3953 1791 4005 Κωνσταν-

274 4013 707 4075 τινουπόλεως.

274 4119 571 4188 Σαμόσατα
595 4118 745 4181 πόλις
776 4120 892 4171 ἐστὶ
929 4121 1026 4189 τῆς
1066 4122 1285 4191 Συρίας,
1323 4125 1446 4178 καθ’
1507 4121 1572 4195 ἦς
1625 4129 1792 4185 πάλαι

197 4212 262 4263 τὸ
285 4209 604 4280 Μανιχαίων
630 4211 971 4280 εἰσεκώμασε
999 4212 1275 4284 φρόνημα.
1322 4216 1463 4288 Γυνὴ
1500 4219 1554 4271 δέ
1592 4237 1675 4283 τις
1728 4225 1787 4276 ἐν

197 4307 377 4376 ταύτῃ
403 4306 702 4375 Καὶλινίκη
734 4306 972 4377 τοῦνομα
1001 4309 1094 4361 τὸν
1150 4311 1406 4382 βόρϐορον
1449 4315 1548 4385 τῆς
1610 4319 1786 4372 Μανι..

196 4399 400 4469 χαῖκῆς
426 4398 692 4467 αἱρέσεως
719 4399 837 4451 ὅλον
882 4400 1165 4463 ὲκπιοῦσα,
1214 4404 1308 4455 δύο
1350 4405 1522 4459 τίκτει
1570 4410 1785 4479 παῖδας,

198 4489 418 4544 Παῦλον
450 4490 544 4541 καί⁵
590 4484 1032 4558 Ἰωάννην.οὗτοι
1059 4494 1157 4561 τὴν
1184 4495 1398 4565 μητέρα
1424 4495 1785 4568 ζηλώσαντες,

2428 3782 2730 3840 TITULUS
2762 3781 2955 3837 XXIV.

1888 3885 2146 3939 Adversus
2181 3878 2547 3938 Paulict‘anor,
2579 3892 2643 3931 ea:
2671 3875 2879 3942 scriptis
2943 3873 3124 3929 Pltotit'
3161 3877 3485 3943 patriarcha:

2387 3944 2985 4013 Constantinopolitani.

1967 4133 2244 4189 Samosata
2280 4143 2362 4185 εει
2421 4130 2675 4198 oppidum
2706 4127 2895 4199 Syriae,
2967 4127 3150 4199 inqua
3206 4124 3497 4198 quondam

1896 4224 2066 4293 viguit
2092 4238 2246 4277 error
2300 4221 2742 4277 Manichreorum.
2795 4224 2853 4276 In
2883 4224 2982 4279 hoc
3038 4225 3234 4293 oppido
3292 4224 3483 4277 mulier

1896 4314 2139 4381 quaalam
2179 4310 2281 4365 fuit
2339 4313 2560 4365 nomine
2611 4310 2894 4368 Callinice.
2963 4313 3087 4368 Hazc
3143 4330 3263 4368 cum
3308 4324 3480 4369 totum

1899 4402 2317 4458 Manichmorum
2348 4402 2515 4455 lutum
2573 4404 2858 4467 hausisset,
2910 4408 3043 4459 duos
3073 4406 3280 4474 peperit
3338 4407 3480 4463 tilios

1897 4494 2121 4549 Paulum
2154 4504 2206 4549 et
2256 4494 2542 4559 Joannem,
2600 4495 2689 4562 qui
2731 4503 2958 4549 matrem
3020 4496 3211 4551 imitati
3272 4511 3479 4551 merum

196 4580 441 4649 ἄκρατον
466 4582 562 4646 τῆς
594 4579 931 4643 ἁποστασίας
961 4580 1162 4649 ταύτης
1195 4586 1287 4636 τὸν
1320 4584 1398 4639 ἰὸν
1422 4588 1779 4657 εἰσεδέξαντο.

1896 4587 2048 4642 istius
2087 4586 2367 4655 apostasia
2402 4601 2663 4639 venenum
2715 4584 2986 4642 biberunt.
3012 4585 3120 4641 Hos
3163 4586 3353 4655 reliqui
3389 4603 3482 4640 ve-

199 4671 543 4739 Θεασάμενοι
565 4671 621 4722 δὲ
650 4669 874 4733 τούτους
906 4673 954 4724 οἱ
992 4674 1391 4727 συναποστάται
1432 4678 1789 4751 διαφέροντας

197 4765 294 4817 ἐπὶ
316 4766 381 4834 τῇ
404 4762 692 4834 δυσσεϐείᾳ
716 4765 811 4816 κοιί
836 4764 1220 4836 δραστηρίους,
1254 4768 1503 4837 κήρυκας
1550 4773 1788 4842 προϐάλ-

198 4858 385 4910 λονται
446 4856 533 4909 καὶ
569 4860 982 4927 μυσταγωγούς.
1011 4853 1171 4913 Οὗτοι
1203 4861 1379 4917 δὲκαὶ
1430 4864 1562 4917 ἄλλα
1603 4885 1790 4938 προσε-

199 4948 561 5017 πινοήσαντες
589 4949 788 5015 ἄτοπα,
814 4951 907 5004 καὶ
944 4953 1137 5023 μιαρὰ,
1173 4954 1264 5005 καὶ
1294 4953 1511 5025 ὀλέθρια
1545 4958 1790 5027 δόγματα

198 5041 301 5109 τὴν
332 5040 440 5093 τῶν
479 5040 852 5094 Παυλικιὰνων
883 5043 1092 5112 αἵρεσιν
1121 5048 1541 5115 συνεστήσαντο,
1595 5053 1791 5120 μοῖραν

201 5131 306 5199 μὲν
332 5130 434 5197 τῆς
459 5132 771 5201 Μανιχαίων
801 5134 996 5201 μανίας
1026 5130 1214 5195 οὖσαν.
1252 5136 1362 5188 τισὶ
1379 5137 1435 5189 δὲ
1454 5139 1791 5209 προσθήκαις

201 5222 653 5290 συναυξηθεῖσαν.
686 5223 819 5276 Ἀπὸ
846 5226 1050 5277 τούτων
1079 5225 1135 5278 δὲ
1162 5226 1268 5279 τῶν
1292 5226 1404 5293 δύο,
1442 5230 1652 5283 Παύλου
1695 5235 1791 5285 καὶ

208 5314 485 5379 Ἰωάννου,
521 5318 631 5376 τοῖς
665 5317 931 5385 μαθηταῖς
962 5317 1139 5370 αὐτῶν
1193 5321 1225 5390 ἡ
1285 5324 1640 5393 προσωνυμία
1682 5324 1790 5379 τῶν

196 5404 858 5475 Παυλικιάνωνέπετέθη,
913 5408 1229 5463 συντεθεῖσα
1287 5411 1788 5486 βαρϐαρικώτερον,

196 5498 296 5550 καὶ
320 5496 443 5549 ἀντὶ
468 5497 559 5549 τοῦ
614 5497 1017 5552 Παυλοῖωέινναι
1074 5500 1427 5557 Παυλικιοὶνοι
1490 5508 1779 5577 κατονομά-

197 5589 405 5654 ζονται.
438 5589 644 5658 Χρόνου
691 5590 746 5642 δὲ
797 5590 1170 5662 διαρῤυέντος,
1228 5595 1416 5666 ἕτερον
1465 5598 1675 5663 ἑαυτοῖς
1725 5600 1786 5653 τὸ

191 5684 296 5750 τῆς
323 5681 658 5745 ἁποστασίας
705 5682 977 5751 συνέδριον
1024 5688 1388 5755 χειροτονοῦσι
1446 5690 1781 5756 διδάσκαλον,

195 5771 255 5833 ὃς
292 5772 692 5833 Κωνστὰντῖνος
719 5772 1119 5843 ὀνομαζόμενος
1146 5778 1226 5840 εἰς
1253 5780 1546 5833 Σιλουανδν
1590 5783 1782 5837 ἑαυτὸν

197 5863 573 5933 μετωνόμασε,
606 5865 696 5919 καί
723 5882 784 5933 γε
828 5865 1013 5921 τοῦτον
1044 5868 1224 5938 πολλῷ
1283 5871 1390 5926 τῶν
1448 5874 1779 5943 Καλλινίκης

1896 4678 2074 4732 ritatls
2108 4680 2406 4731 desertores
2434 4678 2726 4746 conspicati
2769 4678 3049 4749 impietate
3100 4680 3351 4746 eximios,
3401 4692 3482 4734 at-

1895 4784 1998 4838 que
2028 4777 2366 4839 praestantes,
2407 4783 2468 4821 ac
2496 4777 2768 4834 strenuos,
2803 4769 3200 4825 constituerunt
3223 4785 3317 4827 eos
3340 4786 3477 4841 pra:-

1894 4878 2058 4917 cones
2082 4870 2137 4915 et
2166 4860 2356 4914 duces.
2387 4860 2475 4913 Isti
2499 4875 2619 4912 cum
2646 4859 2746 4913 alia
2772 4860 3004 4915 absurda
3052 4871 3108 4917 et
3146 4864 3476 4919 exsecranda

1894 4970 1956 5008 ac
1988 4956 2286 5023 perniciosa
2308 4955 2580 5024 dogmata,
2603 4962 2711 5005 tum
2742 4952 3177 5008 Paulicianorum
3203 4955 3478 5023 haeresim,

1895 5061 2011 5114 quae
2053 5045 2470 5100 Maniclueorum
2528 5046 2751 5098 insani-,1;
2782 5061 2905 5115 pars
2938 5057 3041 5110 cst,
3074 5058 3127 5101 et
3155 5048 3476 5116 quibusdam

1893 5138 2055 5187 etiam
2114 5136 2515 5190 accessionibus
2552 5137 2903 5202 cumulatior,
2953 5138 3347 5206 excogitarnnt.
3404 5140 3477 5193 Ex

1894 5224 2100 5277 duobus
2126 5234 2303 5277 autem
2340 5226 2457 5278 istis
2494 5226 2811 5279 nominibus
2839 5226 3005 5281 Paulo
3033 5238 3086 5282 et
3112 5228 3316 5282 Joanne
3344 5228 3479 5282 i’au-

1892 5319 2208 5372 licianorum
2240 5320 2555 5375 vocabulum
2578 5322 2808 5376 barbare
2830 5336 2959 5375 sane
2986 5327 3343 5392 compOsitum
3372 5336 3477 5390 est,

1896 5420 1953 5466 ut
1986 5427 2106 5467 cum
2139 5411 2562 5469 Pauli-Joannes
2591 5414 2853 5484 appellari
2890 5415 3142 5481 debeant,
3179 5415 3480 5474 Pauliciani

1894 5504 2257 5560 nominentur.
2292 5505 2395 5560 Sed
2424 5507 2679 5573 temporis
2698 5521 2980 5577 progressu
3007 5507 3168 5563 aliam
3216 5510 3318 5566 sibi
3351 5528 3479 5581 apo-

1895 5597 2077 5650 stasiae
2110 5598 2313 5651 socium
2358 5606 2411 5653 ct
2444 5599 2759 5669 magistrum
2791 5601 3179 5669 adhibuerunt,
3234 5605 3322 5675 qui
3351 5621 3477 5662 cum

1893 5702 2178 5745 vocaretur
2205 5691 2624 5757 Constantinus,
2664 5692 2834 5748 voluit
2875 5694 3144 5764 Sylvanus
3193 5699 3473 5767 appellari.

1892 5782 1958 5837 Et
1989 5783 2129 5837 hunc
2158 5781 2374 5851 quidem
2417 5783 2702 5851 apostasia:
2744 5784 3005 5841 sa'ellites
3048 5786 3319 5843 Callinica:
3353 5789 3402 5840 [il
3432 5804 3477 5844 ιε

1893 5879 2046 5944 longe
2067 5886 2420 5946 anteponunt.
2451 5874 2659 5946 Quippe
2683 5878 2776 5947 qui
2814 5887 2870 5934 ut
2894 5881 3263 5937 astutissimus
3291 5882 3357 5937 ad
3386 5897 3471 5945 ea,
