3960 6544
488 393 623 460 1131

1717 382 2106 446 EUTHYMII
2149 381 2516 442 ZlGABENI

3615 374 3752 439 1192

485 531 605 584 qua:
636 509 920 571 sentiebat,
943 502 1308 576 propaganda,
1347 516 1447 555 non
1478 510 1560 555 est
1591 514 1757 553 ausus
1786 497 2068 567 opiuioaes

2186 495 2378 547 παίδων
2424 496 2472 545 oi
2510 494 2607 561 τῆς
2657 490 2995 554 ἀποστασίας
3042 490 3379 561 ὑπασπισταὶ
3422 490 3751 559 ἐπίπροσθεν

486 603 764 661 ιιυιιειίοιιε
799 597 1158 653 monumentis
1191 594 1426 656 tradere,
1468 594 1558 645 sed
1588 606 1685 643 usu
1735 598 1789 642 et
1844 588 2059 642 assidua

483 697 726 753 doctrina
767 691 1057 751 discipulos
1090 700 1215 742 suos
1248 682 1521 746 erudiens,
1565 680 1856 748 impietatis
1910 676 2062 729 insti-

484 799 595 839 tuta
636 784 702 837 ab
731 780 1129 851 oppugnatione
1162 783 1272 830 tuta
1318 786 1537 827 servare
1570 779 1792 824 conatus
1831 776 1932 820 est.
1965 764 2059 817 At-

482 892 586 945 que
618 874 962 945 Evangelium
998 870 1210 938 quidem
1242 874 1300 920 et
1330 862 1665 932 Apostolum,
1719 875 1840 930 qua:
1892 860 2062 913 liilelis

481 972 645 1022 etiam
687 966 1117 1021 Cln-istianorunt
1157 958 1389 1028 populus
1424 955 1801 1023 complectitur
1834 963 1885 1005 ct
1910 953 2059 1017 colit,

480 1063 677 1127 κοτὶμιίι
713 1056 1011 1126 proposuit,
1052 1053 1184 1107 nihil
1218 1050 1500 1104 admodum
1535 1058 1789 1115 quantum
1819 1047 1882 1098 ad
1941 1060 2062 1099 ver-

482 1155 548 1207 ba
584 1152 837 1222 pertinet,
864 1157 1096 1207 imitans,
1115 1158 1237 1207 nec,
1260 1141 1710 1209 quemadmodum
1736 1140 1842 1205 egit
1871 1138 2064 1190 Valeti-

482 1258 627 1299 llltllS
680 1251 732 1295 et
792 1241 909 1305 alii,
975 1236 1240 1290 sermonis
1302 1234 1523 1301 figuram
1586 1240 1914 1299 perverti-tis,
1968 1228 2063 1281 sed

482 1338 653 1405 ipsum
687 1334 901 1403 pietatis
941 1344 1161 1383 sensum
1225 1329 1550 1391 detorquens
1616 1331 1777 1388 atque
1835 1319 2067 1384 perfrin-

482 1444 631 1497 gens,
657 1436 709 1479 et
747 1426 812 1476 ad
849 1420 1126 1489 apostasia:
1161 1431 1270 1470 sua:
1298 1413 1607 1482 Opinionem
1648 1419 1968 1464 convertens
2009 1420 2063 1461 et

484 1520 725 1575 trahens.
752 1516 829 1569 Ac
858 1514 1017 1567 verba
1047 1508 1284 1578 quidem,
1326 1516 1382 1559 ut
1405 1504 1658 1563 diximus.
1684 1500 1849 1556 divini
1883 1498 2062 1553 Evano

481 1610 603 1680 gehi
628 1616 683 1661 et
712 1603 975 1673 Apostoli,
1003 1599 1293 1659 concessit,
1324 1604 1380 1646 ut
1408 1592 1748 1653 habereut,et
1806 1586 1936 1641 nihil
1964 1587 2065 1640 im-

480 1676 742 1771 pudenter
794 1692 1061 1749 subtraxit
1119 1697 1211 1742 aut
1263 1685 1542 1755 adiunxit;
1602 1696 1785 1735 verum
1857 1692 1949 1731 cos
1988 1676 2064 1729 illi

480 1766 677 1845 sensus
707 1783 952 1840 attribuit
1002 1792 1057 1832 et
1091 1774 1544 1836 accommodavit,
1579 1770 1776 1839 quibus
1804 1766 1945 1821 nulla
1973 1781 2064 1820 sa-

484 1897 577 1934 era
603 1879 763 1932 verba
797 1873 1143 1928 conveniunt.
1179 1870 1426 1935 Pugnant
1455 1866 1596 1919 enim
1635 1868 1775 1917 inter
1809 1876 1887 1925 se,
1954 1875 2073 1912 mu-

484 1983 682 2039 tuoque
716 1982 777 2020 se
808 1971 1075 2025 evertunt,
1108 1971 1165 2014 ut
1200 1959 1331 2012 nihil
1367 1957 1493 2012 inde
1534 1954 1789 2023 consequi
1841 1967 2069 2006 consen-

482 2071 698 2117 taneum
732 2059 917 2128 possit.
952 2054 1077 2108 "me
1106 2052 1193 2107 ille
1244 2053 1343 2105 hoc
1380 2049 1538 2102 modo
1593 2044 1891 2108 constituit,
1954 2042 2071 2096 nul-

484 2157 701 2223 lumque
725 2155 914 2221 dogma
957 2148 1061 2202 illis
1120 2155 1310 2216 prmter
1344 2140 1692 2209 Evangelium
1730 2148 1783 2193 et
1847 2135 2070 2191 Paulum

487 2249 667 2316 legere
693 2242 959 2312 permisit.
1001 2238 1199 2293 Verum
1242 2246 1293 2289 et
1341 2236 1441 2287 iste
1470 2242 1589 2302 post
1617 2230 1829 2300 aliquod
1864 2239 2072 2295 tempus

489 2339 718 2401 interiit,
779 2344 833 2390 et
860 2334 1038 2388 anima
1104 2329 1319 2399 quidem
1381 2326 1547 2392 magis
1603 2338 1765 2391 quam
1823 2333 2071 2387 corpore.

489 2435 615 2487 Post
646 2432 936 2499 Sylvanum
968 2424 1183 2477 Simeou
1212 2419 1302 2486 qui
1344 2432 1402 2471 se
1435 2417 1613 2470 Titum
1644 2413 1827 2468 vocari
1866 2411 2073 2476 maluit,

491 2524 595 2578 illis
661 2520 836 2588 impia:
876 2513 1135 2570 doctrinae
1189 2511 1447 2579 magister
1479 2508 1599 2560 fuit.
1659 2504 1860 2558 Deinde
1888 2502 2076 2555 Arme-

494 2618 613 2667 nius
648 2611 863 2679 quidam
894 2607 1113 2660 nomine
1139 2601 1424 2661 Genesius,
1472 2599 1561 2667 qui
1605 2611 1761 2651 suum
1799 2594 1850 2648 in
1892 2593 2076 2646 Timo-

495 2708 672 2761 tliemn
701 2715 892 2758 rietiien
921 2695 1291 2754 commutavit.
1317 2691 1451 2747 Tum
1478 2689 1702 2759 Josepli,
1734 2688 1823 2759 qui
1858 2689 1911 2741 in
1943 2686 2078 2755 Epa-

497 2798 804 2867 phroditum
844 2801 1078 2847 mutatus
1109 2798 1212 2843 est.
1279 2787 1404 2841 Post
1435 2785 1751 2847 Zacharias,
1788 2796 1944 2849 quem
1969 2793 2075 2832 non

499 2894 718 2945 minima
785 2886 1004 2941 haeresis
1050 2897 1178 2953 pars
1238 2879 1633 2935 mercenarium
1686 2874 1980 2936 existimat,
2028 2880 2081 2925 et

496 2976 793 3047 indignum,
829 2974 916 3042 qui
942 2968 1167 3026 docendi
1199 2983 1391 3021 munus
1417 2966 1557 3036 apud
1599 2966 1744 3034 ipsos
1764 2962 2078 3017 obtinuerit.

498 3069 677 3121 Manes
715 3075 971 3133 praetcrea
1010 3061 1171 3115 homo
1201 3058 1450 3113 sordidus
1476 3055 2082 3111 accessit.P0stremum

2176 587 2418 652 ἄγουσιν.
2452 578 2618 646 Οὗτος
2650 582 2714 652 δὴ
2745 576 2897 645 οὗτος
2935 584 2962 634 ὁ
3013 582 3318 641 δεινότατος
3371 582 3750 651 κακουργῆσαι

2172 677 2243 728 τὰ
2285 676 2583 745 ἀτόλμητα,
2621 676 2686 726 τὰ
2740 674 2837 742 μὲν
2887 673 3139 743 αἱρετικὶ
3182 673 3505 742 φρονήματα
3568 674 3749 742 γραφῇ

2175 767 2511 838 παραδοῦναι
2541 767 2639 819 οὐκ
2671 766 2987 835 ἐτόλμησεν,
3013 765 3123 819 ἔθει
3160 766 3215 818 δὲ
3254 769 3347 817 καὶ
3409 768 3623 833 συνεχεῖ
3678 765 3751 816 δι-

2177 860 2443 929 δασκαλίᾳ
2474 858 3044 926 κατασφαλισάμενος,
3094 860 3203 919 τοῖς
3265 856 3749 927 μυσταγωγηθείσε

2174 954 2425 1019 κατέχειν
2456 949 2828 1019 ἀπαράτρωτα
2870 949 2937 1000 τά
2978 947 3076 1017 τῆς
3123 948 3374 1011 ἀσεϐείας
3436 965 3749 1013 παρακατα-

2174 1042 2385 1111 τίοησιν
2412 1042 2589 1111 ὄργια.
2616 1043 2642 1092 Ὶ
2662 1042 2689 1093 δ
2724 1041 2907 1111 μέντοι
2937 1041 3264 1109 Εὑαγγέλιον
3328 1042 3422 1094 καὶ
3454 1042 3544 1094 τὸν
3598 1040 3749 1093 ’Λπό-

2178 1134 2380 1196 στολον,
2418 1134 2452 1185 δι
2483 1134 2572 1184 καὶ
2603 1134 2662 1185 τὸ
2686 1132 2827 1185 θεῖον
2847 1134 3278 1202 περιπτύσσεται
3312 1133 3407 1186 καὶ⁸
3455 1136 3591 1203 τιμᾷ
3647 1134 3747 1189 τῶν

2177 1222 2518 1293 Χριστιανῶν
2547 1223 2852 1292 σύνταγμα,
2881 1224 3170 1295 ἐγγράφως
3198 1224 3406 1287 τούτοις
3461 1226 3744 1295 παρέθετο,

2175 1318 2286 1377 τοῖς
2320 1318 2385 1385 ρή
2396 1332 2525 1383 μασι
2554 1316 2653 1383 μὲν
2681 1316 2775 1367 καὶ
2803 1316 3059 1385 ὀνόμασιν
3091 1317 3242 1369 οὐδὲν
3270 1318 3417 1384 μέγα
3445 1317 3746 1387 παραλλάτ-

2176 1425 2306 1471 των,
2366 1406 2490 1460 οὐδὲ
2548 1407 3022 1475 κατακιϐδηλεύων
3079 1408 3173 1461 τοῦ
3225 1408 3385 1476 λόγου
3430 1411 3493 1461 τὸ
3549 1409 3743 1479 σχῆμα,

2177 1500 2426 1569 καθάπερ
2457 1499 2801 1562 Οὑαλεντῖνος
2819 1502 2913 1554 καὶ
2944 1500 3142 1571 ἕτεροι,
3162 1501 3282 1553 ὅλον
3305 1502 3359 1553 δὲ
3384 1502 3475 1552 τὸν
3501 1501 3623 1554 νοῦν
3658 1502 3747 1570 τῆς

2177 1590 2453 1652 εὐσεϐείας
2476 1590 2834 1661 διαστρέφων,
2866 1591 2960 1643 καὶ
2992 1590 3373 1660 καταθραύων,
3433 1592 3528 1643 καὶ
3582 1592 3749 1643 πάντα

2181 1685 2371 1745 ποιῶν,
2399 1684 2492 1736 καὶ
2522 1684 2828 1754 περιέλκων
2857 1683 2993 1752 πρὸς
3020 1683 3080 1734 τὸ
3107 1682 3204 1752 τῆς
3232 1681 3567 1742 ἀποστασίας
3596 1680 3749 1733 αὑτοῦ

2180 1778 2458 1847 φρόνημα.
2492 1778 2597 1829 Καὶ
2626 1776 2692 1829 τὰ
2719 1778 2817 1844 μὲν
2860 1777 3102 1845 ῥήματα,
3151 1774 3226 1837 ὡς
3282 1775 3524 1843 εἴρηται,
3576 1773 3749 1826 δίδωσι

2177 1871 2427 1938 κατέχειν
2452 1868 2543 1921 τοῦ
2568 1885 2623 1920 τε
2647 1868 2789 1920 θείου
2819 1868 3152 1935 Εὑαγγελίου
3174 1868 3267 1920 καί
3294 1865 3386 1918 τοῦ
3422 1864 3749 1925 Ἀποστόλου,

2179 1962 2320 2031 μήτε
2356 1961 2695 2029 προσθήκαις
2733 1959 2871 2027 μήτε
2902 1958 3254 2027 ὑφαιρέσεσιν
3300 1958 3526 2027 ἀναίδην
3570 1958 3751 2025 λυμαι-

2174 2056 2396 2124 νόμενος
2419 2069 2432 2084 ·
2460 2052 2766 2122 προσάπτει
2800 2051 2857 2104 δὲ
2891 2050 3101 2113 τούτοις
3153 2052 3247 2103 καὶ
3300 2050 3595 2105 ὑποϐάλλει
3644 2053 3751 2120 νοή-

2178 2164 2343 2214 ματα,
2371 2141 2451 2207 οἷς
2487 2145 2718 2215 ἁρμόζει
2754 2144 2852 2213 μὲν
2894 2144 3045 2197 οὐδὲν
3100 2143 3208 2196 τῶν
3269 2144 3431 2213 ἱερῶν
3484 2143 3750 2213 ῥημάτων,

2175 2240 2400 2308 οὐδεμία
2428 2238 2481 2291 δὲ
2514 2238 2725 2300 τούτοις
2774 2237 3065 2289 ἀκολουθία
3101 2238 3376 2307 ἐνορᾶται,
3438 2240 3665 2307 μάχεται
3704 2238 3751 2289 δὲ

2177 2331 2313 2398 πρὸς
2337 2328 2560 2398 ἄλληλα,
2597 2328 2688 2380 καὶ
2709 2328 3179 2382 ἀντικαθίσταται.
3209 2327 3394 2380 Ταῦτα
3430 2327 3561 2395 γοῦν
3584 2345 3750 2397 παρα-

2175 2422 2544 2491 καταθέμενος
2572 2420 2739 2491 μηδὲν
2762 2418 2950 2490 ἕτερον
2971 2419 3150 2473 αὐτῶν
3175 2419 3577 2487 ἀναγινώσκειν
3609 2421 3748 2489 παρά

2176 2532 2235 2567 τε
2266 2515 2325 2567 τὸ
2354 2515 2688 2582 Εύαγγέλιον
2710 2515 2805 2567 καὶ
2838 2514 2931 2567 τὸν
2977 2513 3298 2566 Ἀπόστολον
3332 2514 3511 2583 δόγμα
3534 2513 3749 2582 τίθησιν.

2189 2607 2330 2660 Ἀλλ’
2363 2608 2390 2658 ὁ
2428 2607 2528 2675 μὲν
2562 2608 2700 2675 μετὰ
2737 2607 2925 2674 χρόνον
2944 2605 3239 2675 ἀπεφθάρη
3270 2606 3368 2672 τὴν
3401 2606 3580 2675 ψυχὴν
3607 2605 3750 2658 πλέον

2179 2699 2272 2752 τοῦ
2308 2698 2586 2768 σώματος,
2629 2698 2770 2768 μετὰ
2801 2699 2857 2751 δὲ
2895 2699 2985 2750 τὸν
3010 2698 3296 2752 Σιλουανδν
3332 2698 3559 2767 Συμεὼν
3590 2697 3753 2751 αὐτῶν

2179 2792 2273 2847 τοῦ
2313 2792 2606 2855 δυσσεϐοῦς
2668 2790 3045 2844 διδασκαλείου
3096 2792 3439 2862 προΐσταται,
3481 2792 3754 2862 Τῖτον-καὶ

2181 2886 2342 2947 αὐτὸς
2375 2885 2566 2939 ἑαυτὸν
2599 2855 3151 2953 μετονομασέιμενος.-
3173 2882 3333 2949 Ἑξῆς
3390 2880 3449 2933 δὲ
3486 2855 3753 2951 Ἀρμένιος

2183 2978 2429 3039 Γενέσιος
2486 2974 2741 3044 τοῦνομα,
2792 2972 3150 3042 μετακληθεὶς
3201 2971 3283 3032 εἰς
3342 2971 3629 3041 Τιμόθεον,
3672 2971 3756 3022 καὶ

2185 3070 2443 3139 τέταρτος
2486 3068 2682 3136 Ἰωσὴφ
2714 3068 2742 3118 ὁ
2770 3068 2850 3129 εἰς
2912 3064 3303 3135 Ἐπαφρόδιτον
3362 3063 3757 3134 μεταϐεϐλημέ-

502 3156 699 3211 malum
730 3153 947 3221 Sergius
982 3149 1180 3212 attulit,
1208 3148 1299 3216 qui
1331 3148 1435 3202 sibi
1469 3145 1687 3215 Tycbici
1722 3159 1917 3198 nomen
1947 3142 2079 3196 asci-

2189 3178 2297 3225 νος.
2336 3158 2467 3214 Εἶτα
2500 3159 2794 3229 Ζαχαρίας,
2826 3158 2883 3209 ὃν
2912 3158 3012 3209 οὐκ
3041 3157 3301 3226 ἐλαχίστη
3350 3157 3519 3225 μοῖρα
3556 3154 3653 3224 τῆς
3681 3154 3758 3204 αἱ·

502 3252 599 3302 vit.
643 3247 723 3301 Ac
777 3243 1092 3297 deiectionis
1147 3241 1363 3310 quidem
1407 3240 1644 3309 ipsorum
1692 3238 1954 3304 magistri;
2021 3251 2089 3289 ex

501 3354 609 3409 quo
633 3338 849 3391 haeresis
887 3336 987 3390 ista
1021 3350 1052 3387 a
1099 3332 1265 3387 Paulo
1300 3342 1353 3385 et
1379 3329 1587 3385 Joanne
1646 3344 1943 3398 cognomen
2005 3336 2091 3382 est

503 3439 815 3492 consecuta,
839 3428 903 3480 ad
937 3431 1037 3480 hoc
1062 3439 1233 3492 usque
1264 3433 1476 3490 tempus
1539 3432 1615 3476 tot
1641 3423 1991 3476 exstiterunt.
2022 3420 2089 3472 ll-

505 3524 595 3575 lud
634 3529 813 3574 autem
849 3518 1124 3573 sciendum
1153 3527 1258 3579 est,
1285 3530 1377 3569 eos
1401 3514 1488 3583 qui
1522 3513 1746 3568 haeresis
1774 3512 1930 3568 istius
1963 3523 2081 3566 stu-

501 3615 641 3668 diosi
672 3620 823 3676 sunt,
861 3610 904 3666 si
932 3610 1053 3679 quis
1078 3621 1249 3679 petat,
1269 3615 1327 3662 ut
1348 3618 1602 3661 auctores
1646 3608 1761 3678 ejus
1794 3605 2089 3675 nugatoria:

502 3717 661 3760 sectae
692 3703 975 3772 repudient
1012 3711 1172 3771 atque
1200 3701 1521 3770 improbent,
1586 3698 1743 3753 facile
1791 3698 2088 3761 Manetem,

503 3808 557 3851 et
596 3796 842 3860 Paulum,
883 3803 935 3848 et
963 3793 1224 3847 Joannem
1257 3800 1309 3845 et
1356 3790 1615 3861 quosdam
1646 3790 1779 3845 alios
1810 3790 2088 3852 detestari,

505 3892 913 3948 Constantinum
936 3901 1138 3952 autem,
1164 3903 1320 3957 quem
1350 3898 1403 3940 et
1458 3885 1751 3955 Sylvanum
1782 3895 2004 3949 vocant,
2037 3894 2094 3941 et

506 3984 811 4040 Simeonem
859 3998 954 4037 seu
968 3981 1170 4043 Titum,
1187 3991 1239 4034 et
1253 3979 1538 4033 Genesium
1554 3977 2093 4041 siveTimotheum,et

505 4078 796 4145 Josephutu
832 4090 925 4128 seu
966 4070 1416 4140 Epaphroditum,
1447 4078 1500 4124 et
1537 4070 1813 4124 sordidum
1858 4070 2089 4124 Baauem

508 4180 562 4223 et
616 4165 865 4236 Sergium
888 4163 1189 4233 Tychicum
1221 4162 1365 4216 nullo
1407 4162 1566 4216 modo
1598 4161 1793 4231 adduci
1828 4176 1987 4230 posse
2034 4172 2093 4217 ut

510 4262 875 4321 detestentur;
912 4256 1042 4324 quin
1079 4255 1242 4309 etiam
1281 4255 1403 4310 illos
1437 4263 1495 4308 ut
1546 4254 1751 4309 Christi
1817 4256 2092 4325 apostolos

509 4350 846 4412 existimare,
904 4357 961 4401 et
985 4357 1240 4413 tanquam
1268 4346 1370 4414 pia:
1387 4346 1645 4399 doctrinae
1672 4348 1959 4415 magistros
1975 4362 2090 4398 am-

512 4442 671 4513 plecti
727 4449 887 4507 atque
950 4438 1254 4505 suscipere.
1322 4436 1432 4490 Nec
1474 4437 1711 4490 universi
1766 4446 1944 4490 tamen
1999 4452 2092 4491 eos

2194 3253 2395 3324 ρέσεως
2430 3251 2700 3322 μισθωτόν
2731 3267 2788 3301 τε
2839 3250 3075 3317 ἡγεῖται,
3117 3246 3211 3299 καὶ
3238 3248 3335 3315 τῆς
3384 3242 3759 3310 διδασκαλικῆς

2193 3345 2353 3398 αὐτὸν
2390 3344 2680 3414 προεδρίας
2720 3340 2959 3403 ἀνάξιον.
3002 3340 3201 3401 Ἕκτος
3246 3338 3428 3400 αὐτοῖς
3476 3337 3760 3403 ἐπιγίνεται

2194 3436 2407 3505 Batavi};
2444 3438 2471 3488 ὁ
2503 3435 2777 3501 ῥυπαρὸς,
2808 3433 2893 3500 ἐφ’
2922 3427 3004 3494 οἷς
3050 3431 3277 3503 ἕϐδομον
3323 3431 3418 3483 καὶ
3467 3428 3762 3481 τελευταῖον

2194 3526 2362 3579 κακὸν
2394 3526 2618 3596 Σέργιος
2656 3525 2953 3591 ἀναφύεται
2980 3540 2993 3554 ·
3022 3523 3110 3584 εἰς
3132 3520 3369 3591 Τυχικδν
3390 3521 3447 3573 δὲ
3472 3538 3568 3573 και
3625 3516 3763 3581 οὗτος

2194 3620 2386 3673 ἑαυτὸν
2413 3618 2797 3687 μετεκάλεσεν.
2864 3614 3009 3669 Ἀλλ’
3054 3616 3102 3667 οἱ
3142 3613 3243 3683 μὲν
3292 3612 3391 3682 τῆς
3437 3613 3763 3673 ἀποστασίας

2194 3710 2375 3764 αὐτῶν
2397 3709 2733 3773 διδάσκαλοι,
2766 3707 2858 3775 ἀφ’
2895 3701 2955 3760 οὗ
2996 3706 3094 3775 τῆς
3127 3705 3338 3758 Παύλου
3375 3706 3472 3758 καὶ
3533 3707 3764 3758 Ἰωάννου

2198 3804 2542 3874 μετωνυμίας
2561 3801 2719 3869 ἔλαχε
2748 3800 2809 3852 τὸ
2834 3798 3194 3852 ἀποστατικὸν
3222 3798 3384 3850 τοῦτο
3411 3797 3507 3849 καὶ
3532 3798 3765 3867 μισόχριο

2196 3916 2317 3951 στον
2351 3896 2634 3964 σύνταγμα
2671 3895 2830 3963 μέχρι
2860 3892 2953 3945 τοῦ
2982 3890 3102 3944 καθ’
3131 3892 3273 3961 ἡμᾶς
3295 3892 3525 3961 ἥκοντος
3552 3892 3762 3961 χρόνον,

2193 3991 2285 4042 ἐπὶ
2315 3989 2568 4041 τοσοῦτον
2603 3986 2980 4057 προήχθησαν.
3018 3982 3226 4036 Ἐκεῖνο
3267 3983 3323 4033 δὲ
3352 3982 3433 4033 δεῖ
3462 3981 3762 4048 γινώσκειν,

2194 4082 2269 4145 ὡς
2298 4082 2346 4134 οἱ
2373 4079 2467 4134 νῦν
2493 4082 2592 4148 τῆς
2631 4079 2984 4137 ἀποστάσεως
3042 4073 3244 4141 ταύτης
3303 4072 3514 4135 παῖδες,
3556 4071 3765 4124 ἐπειδὰν

2194 4173 2390 4235 αὐτούς
2414 4188 2496 4234 τις
2522 4170 2778 4237 ἀπαιτοίη
2810 4168 2935 4228 τοὺς
2962 4164 3224 4235 ὲξάρχους
3244 4165 3343 4233 τῆς
3372 4164 3628 4233 τοιαύτης
3644 4167 3767 4217 ἀπο-

2194 4259 2505 4331 πέμπεσθαι
2537 4257 2838 4326 βδελυρίας,
2872 4255 3125 4307 Μάνεντα
3161 4255 3281 4321 μὲν,
3306 4257 3397 4307 καὶ
3424 4253 3651 4317 Παῦλον,
3680 4254 3766 4305 καὶ

2207 4353 2482 4418 Ἰωάννην,
2532 4349 2627 4401 καί
2672 4364 2825 4407 τινας
2866 4346 3058 4406 ἄλλους
3101 4343 3397 4413 προθύμως
3451 4341 3766 4412 ἀναθεματί-

2197 4443 2349 4506 ζουσι
2377 4459 2389 4472 °
2423 4442 2828 4494 Κωνσταντίνον
2856 4439 2912 4490 δὲ
2945 4438 3004 4491 ὂν
3058 4441 3149 4492 καὶ
3180 4438 3468 4491 Σιλουανὸν
3528 4436 3759 4495 καλοῦσι,

511 4549 648 4603 quos
685 4531 1252 4595 commemoravimus,
1278 4529 1482 4597 pariter
1507 4528 1964 4600 complectuntur,
1994 4532 2079 4583 sed

2196 4534 2288 4584 καὶ
2318 4533 2581 4600 Συμεῶνα
2606 4530 2693 4582 τὸν
2730 4530 2909 4595 Τῖτον,
2942 4530 3030 4582 καὶ
3066 4530 3311 4582 Γενέσιον
3346 4526 3439 4579 τὸν
3488 4527 3760 4596 Τιμόθεον,

510 4625 687 4681 cuncti
715 4636 966 4693 tanquam
999 4621 1129 4676 deos
1157 4620 1636 4676 veneranturillos
1667 4634 1837 4689 usque
1863 4620 1931 4674 ad
1955 4622 2088 4675 Baa-

514 4731 634 4770 nem
664 4724 719 4769 et
764 4714 1035 4782 Sergium.
1063 4710 1190 4765 Post
1221 4720 1399 4765 autem
1434 4710 1487 4762 in
1513 4709 1651 4764 duas
1706 4720 1888 4779 partes
1955 4726 2088 4764 con-

516 4807 709 4861 trarias
734 4804 918 4867 divisi,
953 4803 1044 4857 alii
1081 4800 1440 4863 Baanem,alii
1480 4800 1728 4870 Sergium
1757 4801 1811 4854 in
1841 4803 2086 4855 divorum

515 4911 798 4951 numerum
840 4894 1102 4961 referunt,
1140 4908 1245 4963 qua
1273 4893 1489 4961 quidem
1522 4891 1576 4944 in
1612 4893 1963 4946 contentione
2025 4908 2089 4946 eo

516 5002 687 5055 usque
710 4985 1145 5054 progrediuntur,
1175 4991 1234 5035 ut
1262 4982 1329 5036 ad
1360 4996 1508 5034 arma
1542 4981 1823 5050 cmdesque
1849 4984 2088 5037 veniant.

517 5078 625 5131 Sex
661 5084 837 5129 autem
875 5074 1147 5128 Eeclesias
1176 5083 1455 5128 recensent
1480 5088 1629 5135 suas,
1670 5089 1901 5142 quarum
1927 5090 2089 5128 unam

516 5166 883 5222 Macedoniam
903 5174 1120 5230 vocant,
1153 5163 1379 5218 alteram
1410 5164 1695 5228 Achaiam,
1727 5166 1944 5218 tertiam
1969 5165 2092 5218 Plii-

518 5258 862 5327 lippeusium,
888 5265 1139 5326 quartam
1168 5254 1603 5321 Laodicensium,
1637 5256 1880 5324 quintam
1914 5258 2092 5326 Ephe-

515 5352 741 5417 siorum,
778 5347 1179 5404 Colossensium
1223 5358 1547 5402 extremam.
1593 5344 1789 5401 Verum
1828 5353 1942 5403 lucc
1971 5359 2096 5403 sunt

519 5442 734 5496 urbium
776 5443 1013 5508 nomina,
1057 5442 1123 5496 de
1157 5442 1355 5511 quibus
1383 5450 1493 5494 tum
1517 5448 1672 5494 vetus
1700 5441 1944 5507 historia,
1981 5450 2094 5495 tum

520 5532 723 5587 Paulus
750 5533 1020 5588 meminit.
1059 5532 1153 5587 Isti
1182 5547 1334 5597 vero,
1391 5532 1481 5600 qui
1532 5531 1665 5584 nihil
1717 5532 1834 5585 sine
1870 5534 1992 5587 dolo
2046 5543 2099 5587 et

519 5637 729 5694 quaestu
760 5635 1027 5680 conantur
1059 5638 1241 5694 agere,
1268 5638 1333 5679 ne
1360 5624 1448 5677 illa
1496 5624 1738 5693 quidem,
1764 5638 1884 5691 quae
1926 5625 2098 5679 oculis

521 5727 1174 5786 coarguuntur,verentur
1202 5714 1491 5771 allirmare.
1518 5716 1885 5770 Macedoniam
1918 5718 2099 5786 appel-

524 5809 896 5887 latttilolqnize
919 5808 1259 5890 oppidulum,
1306 5810 1403 5890 cui
1448 5802 1647 5890 nomen
1680 5817 1759 5864 est
1819 5809 2091 5879 Cimossa,

2192 4627 2285 4676 καὶ
2319 4622 2515 4690 Ἰωσὴφ
2543 4623 2634 4674 τὸν
2672 4622 3079 4690 Ἐπαφρόδιτον,
3113 4622 3207 4674 καὶ
3234 4620 3325 4673 τὸν
3366 4621 3432 4689 ῥυ
3446 4620 3614 4689 παρὸν
3660 4619 3760 4670 Bx-

2193 4716 2348 4785 ἀνην,
2382 4717 2475 4767 καὶ
2506 4714 2729 4785 Σέργιον
2774 4713 2863 4765 τὸν
2913 4713 3147 4782 Τυχικδν
3187 4712 3440 4781 οὐδαμῶς
3500 4713 3762 4781 ἀναθεμα-

2191 4809 2339 4861 τίσαι
2372 4808 2781 4878 καταδέχονται,
2809 4809 2923 4862 ἀλλ’
2953 4804 3041 4861 οἷα
3078 4808 3143 4878 δὴ
3174 4807 3409 4877 Χριστοῦ
3451 4808 3764 4867 ἀποστόλους

2194 4902 2287 4950 καὶ
2333 4900 2428 4967 τῆς
2483 4898 3147 4967 εύσεϐείαςκδιδασκάλους
3194 4897 3535 4961 ἀσπάζονταί
3578 4914 3636 4948 τε
3686 4898 3764 4948 καὶ

2194 4988 2565 5057 ἀποδέχονται.
2600 4989 2677 5041 Οὐ
2710 4989 2913 5051 πάντες
2971 4989 3051 5052 δὲ,
3096 4989 3218 5042 οὐδὲ
3272 4990 3397 5051 τοὺς
3459 4988 3764 5058 είρημὲνους

2197 5080 2403 5143 πάντας
2434 5080 2634 5149 ὁμοίως
2668 5079 3045 5147 περιέπουσιν,
3094 5080 3230 5132 ἀλλά
3279 5081 3404 5142 τοὺς
3467 5082 3568 5149 μὲν
3621 5079 3763 5149 μέχρι

2196 5172 2405 5224 Βαάνου
2441 5171 2533 5222 καὶ
2568 5170 2794 5240 Σεργίου
2828 5171 3237 5239 καταγομένους
3290 5171 3350 5235 ἐξ
3390 5170 3505 5222 ἴσου
3536 5169 3764 5233 θειάζουο

2198 5282 2303 5328 σιν,
2336 5262 2542 5316 ἐκεῖθεν
2571 5263 2626 5314 δὲ
2664 5262 2923 5331 ραγέντες
2954 5264 3035 5325 εἰς
3064 5261 3391 5325 ἀντιπάλους
3425 5262 3519 5314 δύο
3535 5261 3764 5331 μερίδας,

2196 5358 2245 5411 οἱ
2279 5357 2375 5427 μὲν
2402 5355 2493 5408 τὸν
2532 5354 2770 5424 Βαάνην,
2795 5356 2844 5407 οἱ
2871 5355 2926 5407 δὲ
2954 5354 3261 5408 θεοποιοῦσι
3296 5356 3385 5407 τδν
3429 5354 3649 5424 Σέργιον
3684 5352 3765 5403 ἐπὶ

2197 5450 2449 5503 τοσοῦτον
2481 5451 2580 5517 τὴν
2610 5447 2728 5499 κατ’
2758 5448 3003 5517 ἀλλήλων
3033 5448 3148 5516 ἔριν
3187 5448 3282 5500 καὶ
3334 5447 3527 5499 στάσιν
3571 5442 3763 5515 κρατύο

2199 5558 2403 5605 νοντες,
2460 5540 2535 5603 ὡς
2574 5542 2667 5592 καὶ
2722 5540 2886 5608 μέχρι
2914 5541 3126 5608 σφαγῆς
3163 5540 3345 5599 αὐτοῖς
3389 5539 3683 5608 προχωρεῖν
3716 5534 3765 5586 τὸ

2202 5633 2525 5702 φιλόνεικον.
2564 5631 2661 5693 Ἓξ
2691 5631 2746 5681 δὲ
2772 5630 2951 5683 αὐτῶν
2992 5630 3414 5699 ἀνομολογοῦσιν
3467 5626 3759 5695 ἐκκλησίας,

2203 5720 2277 5777 ὧν
2308 5724 2407 5791 τὴν
2462 5723 2558 5793 μὲν
2606 5721 2943 5775 Μακεδονίαν
2986 5722 3265 5786 καλοῦσιν,
3332 5722 3555 5791 Ἀχαΐαν
3602 5720 3651 5771 5‘s
3679 5718 3761 5783 τὴν

2205 5814 2479 5883 δευτέραν,
2511 5813 2602 5866 καὶ
2631 5813 2820 5882 τρίτην
2848 5813 2945 5881 τὴν
2993 5815 3391 5881 Φιλιππησίων,
3440 5815 3525 5880 ἐφ’
3567 5808 3640 5875 οἷς
3678 5809 3757 5871 τὴν
