3960 6556
256 415 396 476 1193

1176 413 1558 473 PANOPLIA
1595 405 2051 469 DOGMATICA.
2095 429 2160 437 —-
2204 401 2346 462 ΤΙΤ.
2396 402 2603 460 XXIV.

3369 404 3389 465 1
3409 403 3504 466 itit

248 522 581 577 Λαοδικέιιιν.
619 524 710 574 καὶ
736 523 995 591 πέμπτην
1030 525 1125 589 τὴν
1155 523 1261 574 τῶν
1304 522 1588 587 Ἐφεσίων,
1646 519 1832 570 τελευ-

1959 531 1987 564 n
2047 531 2154 579 quo
2215 513 2533 568 defectionis
2590 512 2889 567 doctrinam
2948 512 3213 584 Sylvanus
3267 516 3505 568 tradidit.

246 622 409 666 ταίαν
442 614 495 665 δὲ
520 612 617 681 τὴν
647 612 753 664 τῶν
783 612 1154 665 Κολοσσαέων.
1185 612 1343 664 Ἀλλά
1375 612 1443 664 τὰ
1464 613 1561 681 μέν
1595 612 1835 679 ὀνόματά

246 710 365 758 ἐστι
423 707 651 769 πόλεων,
714 699 789 757 ὧν
842 707 935 758 καὶ
984 706 1254 775 ἠπαλαιὲ
1308 706 1406 773 τὴν
1457 706 1658 774 γνῶσιν
1692 702 1834 775 εἶχεν

250 800 485 868 ἱστορία,
523 799 669 851 καὶὸ
700 799 840 861 θεῖος
867 798 1239 868 ἐμνημόνευσε
1273 798 1481 860 Παῦλος
1509 813 1523 828 ·
1548 799 1595 851 ol
1632 798 1689 851 δέ
1732 815 1835 869 μη-

249 890 340 941 δὲν
361 889 546 943 ἄδολον
596 890 715 960 μηδ’
764 890 1140 959 ἀκαπηλευτον
1191 888 1622 958 φιλονεικοῦντες
1669 907 1837 944 κατα-

248 984 449 1045 λιπεῖν,
486 981 610 1051 μηδ’
637 982 736 1034 ὅσα
789 981 909 1050 ὄψει
958 980 1316 1051 διελέγχεται,
1349 981 1483 1051 μηδέ
1516 979 1687 1034 ταῦτα
1718 981 1839 1034 δυσο

249 1070 563 1140 ωπούμενοι
625 1070 960 1124 Μακεδονίαν
1023 1071 1122 1140 μὲν
1184 1070 1507 1137 ὀνομάζουσι
1569 1071 1840 1142 πολίχνιόν

252 1182 310 1216 τι
338 1163 642 1225 Κολωνείας
688 1162 1019 1232 καλούμενον
1066 1164 1328 1228 Κίϐοσαν,
1356 1167 1413 1216 ἐν
1460 1160 1492 1237 ᾖ
1553 1166 1841 1218 Κωνσταν-

254 1259 397 1317 τίνος
432 1257 459 1307 ό
489 1254 773 1317 Σιληυανὸς
800 1254 899 1322 τὴν
928 1253 1263 1307 ἀποστασίαν
1302 1255 1525 1320 ἐδίδαξε.
1581 1255 1755 1324 Κώμη
1785 1257 1841 1309 δέ

254 1348 593 1415 Σαμοσάτων
625 1346 773 1399 ἐστὶν
808 1349 841 1417 ἠ
877 1347 1147 1410 Μάναλις,
1170 1348 1292 1416 ἥτις
1332 1348 1433 1416 τῆς
1464 1348 1716 1401 Γενεσίου
1747 1348 1841 1401 τοῦ

234 1428 650 1511 ξκαὶτιμοοέου
673 1437 1020 1500 διδασκαλίας
1050 1439 1420 1508 ἐχρημάτισεν
1456 1441 1841 1511 ἐργαστήριον.

228 1496 533 1605 ίταύτῃδέ
562 1532 661 1601 τὴν
685 1531 913 1599 Ἀχαΐαν
943 1496 1390 1598 ἐπιφημίξουσιν.
1433 1496 1588 1585 ’ὀσόι
1620 1496 1844 1586 δὲΗΊω-

259 1623 369 1691 σὴφ
395 1623 490 1675 τοῦ
535 1622 927 1693 Ἐπαφροδίτου
949 1665 964 1686 ,
993 1625 1085 1676 καὶ
1118 1622 1387 1693 Ζαχαρίου
1426 1624 1519 1677 τοῦ
1576 1624 1844 1694 μισθωτοῦ

258 1713 384 1765 κατ’
446 1712 643 1772 αὐτοὺς
701 1712 955 1781 ποιμένος
1014 1712 1249 1782 μαθηταὶ
1290 1714 1690 1782 ἐχρημάτισαν,
1726 1714 1849 1767 τού-

255 1816 374 1862 τοις
430 1800 529 1868 τὴν
580 1801 688 1852 τῶν
732 1800 1115 1869 Φιλιππησίων
1168 1801 1552 1870 ἐπιγράφουσι.
1605 1804 1727 1865 Τοῖς
1790 1803 1847 1856 δέ

1938 602 2109 670 Pagus
2132 615 2213 658 cst
2236 605 2694 659 Samosatensium
2719 604 2964 666 Manalis,
2992 607 3078 657 ubi
3107 604 3396 669 Genesius,
3416 576 3545 673 quil

1937 706 1991 749 et
2026 694 2363 763 Timotheus,
2409 697 2635 750 docendi
2659 695 2843 750 ludum
2878 696 3110 759 aperuit.
3144 697 3343 764 Pagnm
3368 696 3513 748 hunc.

1938 787 2026 841 isti
2054 789 2315 842 Achaiam
2342 798 2558 843 vocant.
2598 789 2699 854 Qui
2752 803 2883 843 vero
2934 787 3175 856 Iosephi,
3223 804 3317 844 seu
3374 787 3515 856 Epa-

1939 878 2199 946 phroditi,
2235 887 2289 932 et
2320 879 2597 932 Zachariae
2632 879 2952 933 mercenarii
2990 882 3129 947 apud
3156 879 3303 947 ipsos
3332 890 3513 943 pasto-

1942 969 2018 1023 ris
2052 968 2297 1038 discipuli
2345 967 2587 1033 fuerunt,
2636 970 2687 1022 hi
2732 970 2832 1024 sibi
2863 970 3289 1038 Philippensium
3328 968 3513 1021 Eccle-

1942 1058 2073 1111 sium
2103 1071 2376 1128 armgunt.
2407 1060 2471 1112 At
2504 1060 2578 1114 illi
2606 1060 2701 1130 qui
2734 1059 2786 1113 in
2841 1061 3003 1129 Argai
3044 1059 3298 1126 oppidulo
3353 1060 3514 1111 habi-

1943 1148 2513 1214 tant,Laodicensium
2551 1152 2848 1206 Ecclesiam
2911 1152 3012 1205 sibi
3077 1155 3376 1205 vindicant.
3410 1151 3512 1216 Qui

1944 1253 2124 1297 autem
2188 1245 2240 1298 in
2294 1244 2641 1313 Mopsuestia,
2707 1245 2758 1297 in
2811 1244 3166 1311 Ephesiorum
3221 1242 3514 1296 Ecclesium

1944 1334 2284 1403 rediguntur.
2321 1339 2549 1389 lstarum
2591 1336 2753 1388 trium
2817 1334 3182 1389 Ecclesiarum
3226 1350 3519 1403 congrega-

1944 1424 2144 1478 tionem
2189 1427 2817 1509 doctrinatnqueﬁergio
2851 1427 2981 1480 item
3007 1442 3102 1481 seu
3128 1427 3364 1496 Tychicn
3418 1427 3517 1479 tri.

1947 1515 2135 1572 buunt.
2197 1518 2373 1588 Atque
2406 1519 2494 1572 isti
2529 1519 2744 1588 quidem
2775 1536 2962 1574 eorum
2999 1519 3243 1589 magistri
3307 1528 3359 1570 et
3414 1518 3521 1571 Er-

1947 1607 2126 1663 clesia:
2156 1609 2411 1662 dicuntur
2443 1624 2587 1675 esse,
2620 1610 2894 1679 multiplex
2925 1619 3105 1662 autem
3134 1608 3373 1676 ipsormn
3407 1608 3521 1659 luc-

1949 1701 2086 1754 resis
2120 1718 2223 1755 non
2251 1717 2314 1753 ex
2354 1718 2462 1754 uno
2520 1716 2727 1765 errore,
2758 1703 2849 1754 sed
2903 1716 2968 1753 ex
3028 1700 3208 1751 multis
3250 1700 3523 1764 variisque

1950 1803 2181 1848 constat.
2211 1791 2344 1846 Nam
2368 1793 2475 1848 duo
2494 1793 2734 1846 fatentur
2758 1791 3041 1861 principia,
3067 1790 3520 1859 quemadmodum

259 1892 321 1944 ἐν
348 1891 547 1959 ’Λργαϊ
573 1892 638 1961 τῇ
672 1893 911 1961 πολύχνῃ
938 1891 1035 1962 τὴν
1063 1893 1368 1946 Λαοδικέων
1394 1895 1842 1965 ἐπικηρύττουσι,

1957 1896 2005 1941 et
2029 1884 2538 1955 Manichei.Atque
2593 1886 2827 1938 alterum
2892 1882 3111 1954 quidem
3164 1881 3355 1935 dicunt
3401 1896 3523 1935 esse

257 1984 354 2035 καὶ
380 1985 506 2046 τοὺς
535 1985 591 2036 ἐν
618 1982 960 2054 Μοψουεστία
991 1986 1069 2046 εἰς
1096 1984 1192 2053 τὴν
1223 1985 1487 2054 Ἐφεσίων
1516 1986 1830 2054 μεταττλάτ⁴

257 2090 469 2139 τουσιν,
498 2078 687 2147 ὥσπερ
719 2079 810 2129 καὶ
836 2078 961 2139 τοὺς
988 2077 1316 2147 λεγομένους
1344 2079 1728 2150 Κυνοχωρίτας
1756 2080 1835 2142 εἰς

258 2166 362 2236 τὴν
401 2169 512 2221 τῶν
557 2169 917 2222 Κολοσσαέων
959 2170 1317 2239 ἀναφέρουσι.
1363 2170 1584 2223 Τούτων
1626 2171 1681 2222 δὲ
1728 2170 1837 2224 τῶν

263 2260 433 2329 τριῶν
464 2260 773 2331 ἐκκλησιῶν
800 2264 895 2314 καὶ⁵
923 2262 983 2313 τὸ
1015 2262 1295 2332 σύστημα,
1329 2264 1423 2315 καὶ
1451 2262 1548 2333 τὴν
1577 2262 1835 2314 διδασκα-

263 2351 388 2403 λίαν
427 2352 639 2422 Σεργίῳ
682 2353 761 2424 τῷ
800 2353 898 2405 καὶ
938 2352 1162 2425 Τυχικῷ
1206 2353 1578 2408 ἀνατιθέασιν.
1621 2354 1759 2406 Ἀλλ’
1791 2355 1840 2406 oi

269 2445 372 2513 μὲν
406 2445 742 2510 διδάσκαλοι,
780 2446 877 2498 καὶ
913 2447 969 2498 al
1001 2446 1295 2515 λεγόμεναι
1329 2446 1512 2499 αὐτῶν
1549 2446 1839 2515 ἐκκλησίαι

266 2536 328 2586 ἐν
361 2535 573 2598 τούτοις
599 2552 614 2567 ·
656 2538 754 2589 οὐκ
797 2540 859 2588 ἐκ
904 2538 1034 2607 μιᾶς
1082 2537 1140 2589 δέ
1180 2554 1325 2600 τινος
1366 2536 1595 2606 πλάνης,
1636 2536 1748 2590 ἀλλ’
1778 2540 1842 2590 ἐκ

268 2630 485 2681 πολλῶν
511 2630 603 2683 καὶ
632 2630 896 2683 ποικίλων
924 2630 984 2682 τδ
1014 2629 1355 2683 πολύπλοκον
1383 2628 1543 2681 τοῦτο
1571 2628 1669 2697 τῆς
1697 2631 1845 2700 alpi-

270 2736 413 2783 σεως
450 2723 748 2792 συνέστηκε
784 2723 1061 2790 φρόνημα.
1091 2724 1195 2773 Δύο
1232 2722 1331 2791 μὲν
1362 2722 1469 2792 γὰρ
1503 2722 1679 2791 ἀρχὰς
1712 2724 1842 2791 ὀμο-

269 2811 555 2877 λογοῦσιν,
581 2813 653 2875 ὡς
683 2814 732 2865 οί
761 2815 1056 2883 Μανιχαῖοι
1076 2828 1090 2843 ·
1124 2812 1257 2881 φασὶ
1281 2814 1337 2866 δέ
1363 2814 1553 2881 ἕτερον
1582 2815 1681 2882 μὲν
1707 2810 1848 2866 εἷναι

271 2903 409 2956 Θεὸν
442 2905 533 2956 τὸν
569 2905 894 2971 ἐπουράνιον
929 2904 1178 2973 Πατέρα,
1213 2904 1272 2958 ὃν
1306 2907 1398 2958 κα)⁸
1431 2905 1531 2975 τῆς
1566 2905 1719 2959 τοῦδε
1752 2908 1846 2960 τοῦ

276 2999 479 3060 παντὸς
510 2999 762 3063 ἐξουσίας
793 2999 1212 3069 ὑπερορίζουσι,
1245 2997 1340 3050 τοῦ
1376 2997 1661 3069 μέλλοντος
1690 3000 1850 3070 μόνον

278 3091 344 3140 τὸ
385 3090 586 3157 κράτος
630 3088 780 3157 αὐτῷ
821 3088 1262 3157 ἐγχειρίζοντεςο
1308 3087 1498 3161 ἕτερον
1534 3089 1590 3142 δέ
1630 3094 1721 3143 τὸν
1758 3093 1853 3159 δη-

280 3181 542 3250 μιουργὸν
571 3180 667 3232 τοῦ
701 3182 909 3248 κόσμου
930 3221 943 3245 ,
973 3176 1016 3248 ᾧ
1048 3182 1141 3233 καὶ
1169 3180 1229 3233 τὸ
1262 3182 1431 3252 κῦρος
1460 3180 1555 3234 τοῦ
1588 3184 1853 3254 παρόντος

277 3273 475 3335 αἰῶνος
504 3272 837 3344 χαρίζονται.
867 3273 977 3325 Καὶ
1003 3276 1130 3337 τοὺς
1162 3278 1262 3343 μὲν
1288 3275 1503 3343 ἀληθῶς
1529 3274 1688 3338 ὄντας
1718 3278 1854 3347 Χρι-

282 3363 533 3425 στιανοὺς
570 3361 876 3434 Ῥωμαίους
922 3364 970 3415 οἱ
1013 3364 1415 3434 τρισαλιτήριοι
1464 3365 1854 3432 ὀνομάζουσιν,

277 3454 496 3515 ἑαυτοῖς
523 3454 579 3507 δέ
607 3456 707 3522 τὴν
738 3455 954 3522 κλησιν,
984 3455 1050 3525 ἧς
1081 3456 1352 3524 ἀλλότριοι
1383 3457 1664 3519 παντελῶς
1696 3457 1857 3510 καθε-

280 3553 552 3617 στήκασι,
586 3550 692 3601 τῶν
725 3548 1071 3619 Χριστιανῶν
1108 3550 1493 3618 περιάπτουσι.
1530 3549 1764 3616 Λέγουσι
1799 3549 1855 3601 δὲ

280 3640 525 3708 Πατέρα,
568 3640 663 3692 καὶ
709 3640 855 3705 Υίδν,
900 3641 995 3693 καὶ
1042 3641 1198 3709 ᾶγιον
1246 3640 1491 3710 Πνεῦμα,
1536 3639 1709 3704 λέξεις
1758 3641 1857 3709 μέν

281 3730 529 3792 εὐσεϐεῖς
549 3769 564 3792 ,
596 3730 961 3784 ὑποϐάλλουσι
994 3732 1051 3784 δὲ
1082 3735 1305 3794 ταύταις
1335 3732 1432 3803 τὴν
1463 3734 1699 3805 ἐσχάτην
1728 3734 1855 3785 άσέ-

281 3819 462 3874 ϐειαν.
494 3821 569 3872 Οὐ
599 3823 709 3890 γὰρ
739 3822 813 3885 ὡς
844 3824 876 3893 ἡ
906 3823 1002 3874 τοῦ
1037 3822 1173 3875 Θεοῦ
1208 3824 1466 3893 καθολικη
1500 3826 1595 3876 καὶ
1624 3826 1861 3877 ἀποστο-

284 3911 412 3981 λικὴ
438 3912 757 3981 Ἐκκλησία,
782 3912 928 3966 οὕτω
955 3913 1049 3966 καὶ
1071 3906 1217 3967 οὗτοι
1242 3915 1567 3985 φρονοῦντες
1589 3915 1860 3984 λέγουσιν,

284 4002 424 4056 ἀλλὰ
456 4004 555 4067 τὰς
587 4005 766 4069 λέξεις
799 4007 1009 4059 ἐκεῖθεν
1041 4006 1570 4075 ἀποσπαράξαντες,
1602 4008 1862 4062 δυσσεϐε-

286 4096 517 4158 οτάταις
562 4098 797 4161 ἐννοίαις
840 4096 1047 4160 ταύτας
1098 4099 1531 4169 ἐπιφημίζουσι,
1583 4102 1679 4154 καί
1726 4118 1860 4172 φασι

288 4187 610 4257 προθύμως,
644 4190 720 4253 ὠς
750 4189 1224 4261 ἀνάθεμιΐείησαν
1253 4192 1368 4245 ὅσοι
1403 4192 1480 4262 μὴ
1512 4194 1863 4248 πιστεύουσιν

288 4280 372 4342 εις
403 4282 645 4351 Πατέρα,
677 4284 772 4336 καὶ
800 4283 950 4347 Υίὸν,
979 4284 1073 4338 καὶ
1102 4285 1256 4352 ἅγιον
1286 4284 1532 4355 Πνεῦμα,
1561 4287 1777 4357 Πατέρα
1803 4288 1864 4342 ού

290 4373 386 4426 τὸν
429 4377 865 4445 παντοκράτορα,
912 4376 1005 4427 καὶ
1053 4377 1280 4447 ποιητὴν
1325 4379 1551 4447 ούρανοῦ
1601 4381 1695 4432 καὶ
1742 4382 1864 4451 γῆς,

289 4467 508 4534 ὁρατῶν
552 4484 610 4519 τε
667 4470 884 4521 πάντων
934 4468 1029 4521 καὶ
1080 4469 1329 4537 ἀοράτων
1378 4472 1864 4541 ἁνακηρύττοντες,

1942 1975 2135 2040 Deum,
2161 1978 2432 2032 cwlestem
2470 1976 2705 2043 Patrem,
2738 1992 2899 2045 quem
2924 1984 2978 2029 et
3006 1976 3164 2045 hujus
3196 1989 3373 2029 rerum
3407 1977 3524 2029 uui—

1937 2069 2207 2123 versitatis
2238 2078 2504 2138 potestate
2555 2069 2982 2139 praestantiorem
3048 2083 3336 2133 asserunt;
3368 2069 3521 2122 alteri

1940 2163 2125 2216 mundi
2161 2162 2404 2216 tribuunt
2434 2162 2737 2232 opiﬁcium.
2765 2162 2841 2217 Illi
2878 2174 3082 2217 tantum
3113 2162 3281 2215 futuri
3353 2161 3523 2235 impe-

1940 2251 2087 2305 rium
2107 2252 2407 2316 ascribunt,
2434 2252 2560 2306 huic
2622 2253 2806 2307 mundi
2861 2254 3041 2322 opiﬁci
3093 2254 3375 2322 praesentis
3416 2270 3521 2305 sm-

1945 2345 2054 2398 culi
2100 2354 2423 2414 potestatem
2458 2346 2783 2400 concedunt.
2818 2345 2881 2398 Et
2922 2360 3016 2399 eos
3046 2347 3137 2414 qui
3198 2360 3323 2400 vere
3362 2347 3523 2398 Chri-

1942 2438 2106 2493 stiani
2138 2447 2284 2499 sunt.
2306 2438 2581 2493 Romanos
2610 2438 2902 2505 appellant,
2928 2438 3179 2493 homines
3208 2438 3378 2505 impii,
3418 2436 3521 2491 sibi

1943 2541 2123 2585 autem
2148 2529 2584 2587 Christianorum
2622 2540 2877 2601 arrogant
2920 2545 3139 2594 nomen,
3180 2546 3302 2584 cum
3358 2532 3425 2585 ab
3457 2548 3526 2585 co

1946 2621 2148 2676 distent
2210 2636 2369 2689 quam
2415 2620 2749 2691 longissime.
2808 2622 3000 2676 Dicunt
3043 2619 3117 2675 illi
3156 2622 3374 2689 quidem
3420 2622 3524 2675 Pa-

1951 2722 2109 2777 trem,
2142 2724 2195 2766 et
2223 2712 2442 2775 Filium,
2478 2725 2528 2765 et
2559 2712 2814 2780 Spiritum
2845 2724 3121 2774 sanctum,
3148 2730 3267 2782 qua:
3294 2714 3513 2782 quidem

1950 2821 2108 2861 voces
2137 2814 2264 2859 sunt
2292 2805 2413 2875 piae,
2451 2806 2544 2859 sed
2581 2804 2686 2858 illis
2718 2815 3016 2859 extremam
3071 2806 3280 2859 addunt
3329 2806 3527 2873 impie-

1950 2911 2139 2956 tatem.
2162 2896 2281 2953 Non
2307 2897 2450 2951 enim
2494 2897 2685 2952 eodem
2738 2912 2928 2963 sensu,
2966 2913 3073 2967 quo
3124 2899 3399 2954 catholica
3471 2912 3529 2952 «ιι

1953 2992 2247 3063 apostolica
2279 2992 2544 3057 Ecclesia,
2582 3008 2674 3046 eas
2709 2992 3083 3058 pronuntiant,
3114 2993 3205 3047 sed
3238 2991 3527 3047 admodum

1954 3086 2167 3138 diverso
2189 3099 2251 3137 ac
2274 3083 2614 3137 detestanda.
2658 3081 2791 3138 Cum
2847 3089 2992 3137 enim
3058 3086 3349 3140 anathema
3407 3104 3533 3143 esse

1957 3179 2161 3243 dicant,
2190 3178 2498 3248 quicunque
2534 3194 2636 3232 non
2671 3178 2846 3232 credit
2901 3182 2951 3232 in
2989 3180 3201 3235 Patrem
3231 3192 3283 3236 et
3336 3181 3529 3237 Filium

1958 3283 2011 3326 et
2044 3271 2303 3342 Spiritum
2327 3285 2595 3336 sanctum,
2635 3271 2848 3326 Patrem
2882 3291 2985 3328 non
3014 3278 3365 3343 pr0nuntiant
3413 3292 3533 3329 om-

1963 3365 2319 3435 nipotentem,
2356 3364 2618 3420 factorem
2677 3366 2800 3419 coali
2834 3373 2892 3420 'ct
2946 3376 3123 3427 terrae.
3164 3367 3450 3421 visibilium
3479 3373 3535 3421 et

1964 3457 2337 3522 invisibilium,
2364 3457 2457 3512 sed
2478 3472 2598 3511 cum
2630 3456 2844 3511 Patrem
2863 3457 3116 3525 dixerint,
3145 3460 3328 3513 statim
3361 3460 3533 3529 subji—

1961 3549 2131 3614 ciunt,
2161 3548 2458 3612 ctnlestem,
2493 3550 2578 3603 cui
2616 3552 2758 3602 nullo
2782 3553 2937 3602 modo
2960 3550 3082 3603 cwli
3115 3562 3377 3605 eteorum
3413 3567 3533 3620 qut!

1964 3641 2084 3694 εωΙί
2119 3640 2324 3693 ambitu
2379 3641 2745 3706 continentur,
2794 3643 3129 3697 dominatum
3187 3644 3431 3698 tribuunt
3480 3656 3535 3699 et

1966 3740 2306 3801 potestatem.
2347 3732 2574 3798 Quidam
2641 3743 2819 3788 tamen
2847 3735 2967 3788 cteli
3025 3735 3192 3787 etiam
3241 3736 3531 3804 imperium

1964 3825 2234 3887 tribuunt,
2271 3840 2456 3877 corum
2485 3840 2609 3878 vero
2634 3814 2759 3894 quae.
2818 3826 2956 3880 caelo
2996 3828 3534 3895 comprehenduntur

1967 3934 2071 3971 non
2105 3919 2251 3971 item.
2297 3906 2372 3972 Ac
2434 3918 2667 3986 primum
2711 3919 2929 3987 quidem
2984 3929 3066 3973 est
3094 3920 3196 3972 hoc
3236 3919 3535 3989 impietatis

1967 4008 2213 4077 ipsorum
2242 4018 2423 4078 Caput.
2458 4008 2514 4061 lu
2563 4008 2968 4064 sanctissimam
3014 4019 3194 4063 autem
3249 4008 3533 4063 Dominam

1968 4100 2207 4153 nostram
2229 4101 2318 4154 Dei
2349 4098 2676 4156 Genitricem
2703 4116 2765 4155 ea
2800 4100 3085 4155 maledicta
3117 4100 3537 4171 conjiciuntho-

1970 4190 2144 4244 mines
2175 4190 2537 4261 uclarii,qua3
2562 4208 2660 4246 nec
2718 4194 2981 4257 scribere,
3062 4209 3161 4247 nec
3210 4195 3395 4249 audire
3454 4192 3539 4249 fas

1970 4290 2072 4334 εει.
2101 4280 2409 4348 Credimus,
2446 4284 2717 4353 inquiunt,
2750 4286 2799 4337 in
2836 4296 3082 4341 sanctam
3152 4286 3245 4340 Dei
3298 4284 3537 4341 Genitri-

1970 4389 2113 4437 cem,
2142 4375 2192 4426 in
2224 4390 2383 4444 quam
2412 4376 2695 4445 ingressus
2747 4388 2853 4440 est,
2897 4386 2951 4430 et
2993 4392 3056 4430 ex
3114 4392 3221 4444 qua
3280 4378 3541 4434 Dominus

1971 4481 2223 4534 egressus
2270 4476 2374 4529 est,
2426 4480 2478 4521 et
2540 4468 2621 4520 his
2665 4469 2845 4520 verbis
2900 4467 3181 4521 coalestem
3234 4468 3542 4537 intelligunt

291 4558 433 4610 ἀλλὰ
462 4560 679 4627 Πατέρα
707 4560 937 4628 φάμενοι
965 4560 1055 4612 τὸν
1082 4562 1403 4630 ἐπουράνιον
1429 4562 1587 4625 εὐθὺς
1617 4566 1853 4619 ἐπισυνά-

1974 4552 2298 4617 Jerusalem,
2332 4555 2383 4608 in
2409 4571 2566 4625 quam
2589 4570 2890 4624 prrecursor
2936 4570 3032 4625 pro
3092 4558 3245 4610 nobis
3289 4556 3542 4615 Christus

292 4669 546 4716 πτουσιν,
650 4653 745 4705 καὶ
778 4652 874 4722 τὴν
906 4653 1225 4722 κυριότητα,
1254 4656 1344 4706 καὶ
1377 4654 1473 4724 τὴν
1502 4656 1750 4719 ἐξουσίαν
1776 4656 1871 4712 τοῦ

293 4742 530 4811 οὐρανοῦ
565 4760 622 4794 τε
662 4744 752 4795 καὶ
787 4744 894 4795 τῶν
927 4745 985 4795 ἐν
1020 4742 1170 4811 αὐτῷ
1207 4744 1418 4814 οὐδαμῆ
1461 4745 1710 4816 οὐδαμῶς
1751 4748 1873 4799 ἐπι-

274 4808 584 4905 Ῐτρέπουσι.
617 4836 772 4897 Τινὲς
806 4836 861 4887 δὲ
892 4828 990 4887 ¹τοῦ
1031 4835 1129 4903 μέν
1161 4834 1391 4905 ούρανοῦ
1424 4836 1522 4905 τὴν
1558 4837 1875 4889 ἐπιστασίαν

299 4926 453 4995 αὐτῷ
484 4926 877 4994 ἐγχειρίζουσι,
908 4926 1017 4978 τῶν
1046 4926 1102 4977 δέ
1133 4926 1614 4995 ἐμπεριεχομένων
1644 4926 1742 4978 οὐκ
1771 4926 1873 4981 ἔτι.

305 5020 418 5071 Καὶ
447 5018 507 5070 τὸ
540 5019 636 5085 μὲν
668 5019 885 5087 πρῶτον
913 5014 1095 5069 αὐτῶν
1125 5017 1222 5085 τῆς
1252 5016 1571 5081 δυσσεϐείας
1599 5018 1837 5071 τοιοῦτον
1858 5033 1872 5047 ·

298 5108 755 5179 βλασφημοῦντες
799 5107 856 5160 δέ
894 5107 993 5175 τὴν
1031 5108 1339 5175 ὑπεραγίαν
1375 5107 1677 5161 Δέσποιναν
1715 5110 1876 5178 ἡμῶν

298 5201 588 5265 Θεοτόκον,
620 5199 657 5254 ἀ
695 5200 831 5270 μήτε
866 5199 1055 5269 γραφῇ
1096 5199 1235 5269 μήτε
1271 5199 1408 5269 ἀκοῇ
1446 5196 1666 5267 θεμιτὸν
1700 5214 1875 5267 παρα.

297 5293 506 5357 δοῦναι,
541 5294 601 5345 ού
640 5292 972 5362 πεφρίκασιν
1004 5291 1054 5343 οἱ
1087 5291 1490 5360 τρισαλιτήριοι
1526 5290 1738 5358 λέγειν’
1777 5293 1876 5344 ll:-

304 5389 572 5455 στεύομεν
599 5390 678 5450 είς
705 5386 802 5457 τὴν
830 5386 1103 5456 παναγίαν
1128 5386 1412 5449 Θεοτόκον,
1436 5387 1515 5450 εἰς
1541 5385 1608 5456 ἢν
1633 5386 1868 5455 εἰσῆλθε,

303 5482 403 5534 καὶ
437 5479 658 5549 ἐξῆλθεν
686 5479 715 5530 ὁ
748 5478 973 5548 Κύριος.
1007 5478 1120 5529 Καὶ
1147 5478 1259 5539 τοῖς
1293 5478 1500 5545 ῥήμασι
1531 5476 1741 5539 τούτοις
1768 5475 1870 5544 τὴν

302 5572 420 5626 ἄνω
448 5571 841 5624 ὑποϐάλλονται
869 5566 1249 5638 Ἰερουσαλὴμ,
1281 5566 1373 5618 καί
1405 5582 1569 5635 φασιν
1599 5567 1678 5628 είς
1706 5564 1874 5635 αὐτὴν

302 5662 615 5733 πρόδρομον
640 5661 781 5730 ὑπὲρ
806 5659 965 5731 ἡμῶν
990 5656 1254 5711 εἰσελθεῖν
1279 5656 1369 5711 τὸν
1397 5655 1649 5727 Χριστὸν,
1676 5656 1751 5720 ὡς
1780 5656 1876 5710 καὶ

275 4709 284 4743 l

394 5839 617 5897 ’Matth.
648 5855 798 5901 XXVI,
824 5837 914 5902 26,
938 5837 1026 5892 27.

593 5940 864 6003 ΓΔῙἪΟΙ..
901 5939 1019 5998 Gtt.
1058 5934 1294 5996 CXXX.

1974 4644 2290 4706 introiverit,
2310 4645 2759 4716 quemadmodum
2776 4648 2937 4699 etiam
2963 4646 3209 4699 divusait
3226 4647 3543 4715 Apostolus.

1974 4738 2278 4807 Aliquando
2302 4740 2475 4794 coacti
2506 4741 2748 4793 contiteri
2776 4755 2837 4793 es
2874 4736 3095 4809 Virgine
3115 4740 3386 4795 Christum
3414 4757 3543 4813 pro-

1975 4832 2161 4895 diisse,
2194 4846 2389 4900 corpus
2421 4846 2451 4885 e
2478 4830 2617 4886 creto
2648 4832 2954 4901 suscepisse
2977 4832 3189 4896 dicunt,
3214 4848 3309 4904 per
3341 4835 3544 4906 ipsam-

1974 4937 2079 4991 que
2114 4933 2365 4994 tanquam
2405 4938 2501 4992 per
2530 4924 2776 4978 canalem
2809 4924 3114 4979 transiisse.
3149 4922 3213 4978 Et
3272 4925 3543 4981 immacu-

1978 5016 2137 5068 latam
2170 5027 2223 5070 et
2246 5016 2604 5071 castissimam
2634 5014 2913 5086 Virginem
2971 5017 3108 5073 alios
3142 5019 3303 5073 etiam
3336 5034 3401 5073 ex
3458 5017 3551 5073 Jo-

1977 5108 2106 5178 seph
2134 5110 2332 5164 liberos
2356 5121 2476 5178 post
2512 5119 2724 5178 partum
2770 5109 2915 5163 illum
2943 5110 3232 5164 salutarem
3273 5110 3549 5179 peperisse

1978 5202 2329 5254 contendunt.
2378 5202 2639 5255 Similiter
2691 5212 2746 5255 et
2815 5201 3247 5255 communionem
3321 5198 3547 5268 pretiosi

1978 5291 2295 5358 carporiset
2327 5292 2607 5359 sanguinis
2647 5290 2847 5347 ChriSti
2888 5289 2979 5344 Dei
3015 5290 3182 5343 nostri
3232 5290 3549 5343 innumera-

1981 5381 2180 5434 bilibus
2208 5381 2559 5434 contumeliis
2588 5379 2885 5433 allicientes
2918 5395 2975 5432 se
2998 5378 3187 5432 dicunt
3239 5377 3545 5445 suscipere,

1979 5486 2100 5525 cum
2116 5486 2313 5540 corpus
2328 5481 2380 5525 et
2397 5471 2707 5539 sanguinem
2726 5470 2907 5523 dicant
2924 5485 3042 5524 esse
3058 5469 3213 5523 verba
3234 5467 3548 5535 illa,Donttni

1981 5579 2099 5633 qua:
2151 5578 2273 5616 cum
2332 5562 2611 5631 discipulis
2659 5564 2936 5629 traderet,
2993 5562 3181 5617 dicunt.
3239 5561 3552 5632 protulisse,

1982 5668 2200 5726 nempe:
2232 5654 2485 5723 Accipite,
2525 5653 2802 5721 comedite,
2845 5663 2893 5708 et
2937 5653 3095 5708 bibite
3121 5655 3137 5685 ¹
3165 5671 3180 5721 ;
3207 5669 3381 5723 neque
3407 5653 3552 5709 enim

3146 5924 3221 5987 38
