3930 6588
451 353 586 417 1ι95

1692 356 2081 415 EUTIIYMII
2122 358 2482 419 ZIGABENI

3590 366 3610 421 1
3626 360 3714 426 196

444 484 638 539 panem
658 476 749 522 aut
772 468 953 523 vinum
971 466 1300 524 adhibuisse.
1324 466 1552 523 Crucem
1573 470 1725 535 item,
1746 484 1908 539 quam
1924 470 2024 524 ado

2153 474 2181 525 ό
2220 475 2364 539 θεῖος
2401 473 2696 536 ἀπόστολος
2732 472 2857 544 ἔφη.
2887 471 3038 524 Ἐσθ’
3062 473 3148 526 ὅτε
3182 472 3237 524 δὲ
3275 474 3717 543 συνελαυνόμενοι

446 573 565 611 rare
596 572 655 612 se
682 556 890 621 dicunt,
928 556 1165 610 alliciunt.
1229 556 1548 624 ignominia.
1581 555 1811 612 Crucem
1873 559 2018 613 enim

444 650 695 703 homines
747 648 1073 702 frauduleuti
1137 658 1189 701 et
1248 650 1572 717 impostores
1630 648 1842 720 lingunt
1900 665 2021 703 esse

444 743 744 795 Christum.
778 740 900 810 Ipse
931 740 1097 805 enim,
1168 740 1437 808 inquiunt.
1495 755 1685 794 manus
1742 742 1794 794 in
1841 742 2021 795 crucis

446 836 668 898 lignrazn
697 831 958 885 extendit.
992 830 1183 884 Veram
1220 840 1394 885 autem
1428 846 1642 886 crucem
1671 831 1873 902 lignum
1923 847 2016 900 ap-

442 924 663 991 pellant,
680 932 730 974 et
747 922 1135 976 sceleratorum
1156 922 1573 976 instrumentum
1590 923 1840 992 supplicii
1870 936 2017 977 exse-

440 1018 777 1073 crationibus
827 1017 1138 1081 obnoxium,
1169 1026 1222 1070 et
1255 1016 1459 1072 idcirco
1494 1032 1600 1071 non
1630 1033 1749 1072 esse
1780 1016 2013 1070 adoran-

444 1113 587 1174 dam,
615 1124 711 1163 nec
744 1108 1167 1177 suspiciendam.
1206 1109 1400 1163 Sacros
1429 1109 1557 1177 quin
1588 1110 1749 1163 etiam
1783 1107 2015 1176 prophe-

443 1215 526 1257 tas
552 1214 602 1257 et
635 1218 853 1257 onmem
901 1202 1182 1270 antiquam
1248 1200 1616 1269 Scripturam.
1668 1210 1722 1255 et
1782 1198 2018 1263 reliquos

442 1305 663 1350 sanctos
702 1294 978 1364 rejiciunt,
1005 1302 1059 1347 et
1103 1292 1340 1347 latrones
1396 1308 1460 1346 ac
1519 1292 1668 1346 fures
1721 1290 2013 1360 appellant.

440 1386 502 1440 In
530 1386 717 1454 primis
740 1395 916 1438 autem
958 1383 1321 1452 aposmlorum
1360 1383 1657 1452 principem
1685 1380 1900 1435 Petrum
1924 1396 2020 1434 ex-

442 1487 750 1540 secrantur,
779 1477 920 1545 quod
950 1476 1107 1529 tijem
1141 1474 1193 1528 in
1231 1474 1551 1542 magistrum
1601 1472 1876 1527 Christum
1911 1471 2011 1525 ab-

452 1570 687 1638 negavit.
743 1567 1000 1633 Quamvis
1044 1565 1234 1620 doetor
1287 1563 1526 1634 ipsorum
1590 1562 1773 1617 Manes
1832 1573 2019 1631 aperte

445 1662 642 1714 clamet
675 1676 738 1715 ac
767 1658 912 1714 dicat
945 1673 961 1711 :
991 1656 1106 1712 Non
1138 1671 1257 1709 sum
1289 1669 1389 1724 ego
1420 1669 1449 1708 a
1480 1652 1852 1708 misericordia
1887 1652 2019 1706 alie-

448 1768 570 1811 nus.
601 1748 1055 1821 quemadmodum
1116 1744 1368 1801 Christus
1420 1745 1603 1797 dixit:
1642 1743 1888 1813 Quisquis
1941 1756 2021 1794 me

2130 567 2467 637 διυμολογεῖν
2498 572 2558 619 ἐκ
2585 568 2680 636 τῆς
2717 565 2993 634 Παρθένου
3027 565 3314 633 προελθεῖν
3342 567 3434 617 τὸν
3463 565 3714 637 Χρ;στδν,

2134 658 2353 711 ἐπειδὰν
2378 659 2512 721 ὅλως
2541 657 3085 725 συναναγκασθῶσιν,
3112 657 3318 709 ἄνωθεν
3349 658 3450 721 μὲν
3477 659 3539 708 τὸ
3567 659 3717 728 σῶμα

2136 751 2593 818 συγκατενεγκεῖν
2618 748 2780 800 αὐτὸν
2803 746 3243 818 τερατολογοῦσι,
3270 746 3337 800 δι’
3362 748 3535 817 αὐτῆς
3565 748 3622 801 δὲ
3650 750 3717 813 ὡς

2130 834 2221 887 διὰ
2261 834 2497 905 σωλῆνος
2536 834 2947 905 διεληλυθέναι,
2984 836 3083 887 καὶ
3114 835 3323 905 ταύτην
3357 836 3459 907 τὴν
3492 836 3714 890 ἄσπιλον

2133 929 2227 982 καὶ
2256 927 2504 999 καθαρὰν
2532 928 2807 998 Παρθένον
2834 930 2976 998 μετά
2996 930 3088 982 τὸν
3115 931 3389 1000 σωτήριον
3414 930 3579 983 τόκον
3604 931 3714 984 ἑτέ·

2135 1036 2260 1089 ρους
2304 1019 2457 1082 υἱοὺς
2496 1020 2560 1071 ὲκ
2598 1018 2693 1071 τοῦ
2734 1019 2934 1089 Ἰωσὴφ
2980 1021 3401 1091 παιδοποιῆσαι.
3446 1022 3715 1085 Ὡσαύτως

2134 1108 2231 1163 καὶ
2259 1109 2360 1181 τὴν
2394 1111 2682 1163 κοινωνίαν
2715 1110 2809 1164 τοῦ
2845 1110 3033 1179 τιμίου
3070 1111 3323 1180 σώματος
3360 1114 3459 1164 καὶ
3492 1112 3714 1181 αἵματος

2133 1200 2372 1271 Χριστοῦ
2406 1202 2499 1256 τοῦ
2532 1202 2668 1256 Θεοῦ
2700 1203 2861 1274 ήμῶν
2896 1205 3125 1274 μυρίαις
3158 1202 3351 1275 ὔὸρεσι
3388 1205 3712 1267 πλύνοντες,

2130 1292 2493 1363 ἀποδέχεσθαί
2535 1312 2669 1365 φασι
2714 1296 2877 1366 σῶμα
2916 1298 3010 1349 καὶ
3052 1290 3194 1366 αἷμα
3230 1296 3714 1366 τερατολογοῦντες

2131 1384 2201 1434 τὰ
2233 1384 2529 1437 δεσποτικὰ
2561 1387 2783 1456 ῥήματα
2805 1429 2817 1449 ,
2852 1384 2888 1439 ἀ
2920 1386 3013 1439 καί
3044 1403 3178 1455 φασι
3215 1387 3579 1456 μεταδιδόντα
3611 1392 3713 1450 τοῖς

2133 1473 2457 1537 ἀποστόλοις
2513 1477 2727 1529 εἰπεῖν’
2773 1476 3015 1541 Λάϐετε,
3075 1478 3317 1548 φάγετε,
3372 1478 3478 1532 καὶ
3524 1481 3710 1532 πίητε

2132 1564 2247 1618 ἀλλ’
2265 1566 2367 1619 οὐκ
2390 1567 2554 1637 ἄρτον
2578 1568 2744 1621 ποθὲν
2761 1610 2775 1634 ,
2800 1569 2832 1638 ἦ
2857 1564 3001 1621 οἶνον
3026 1572 3479 1640 προσαγαγόντα.
3506 1572 3617 1623 Καὶ
3636 1572 3716 1622 τὸν

2134 1656 2399 1722 ζωοποιδν
2445 1659 2503 1711 δὲ
2558 1660 2791 1731 σταυρὸν
2838 1660 3292 1731 δυσφημοῦντες,
3348 1662 3517 1730 φασὶν
3564 1663 3717 1714 αὑτὸν

2132 1738 2464 1821 προσκυνεῖν
2483 1790 2497 1817 ,
2527 1752 2621 1805 καὶ
2649 1751 3010 1821 ἀποδέχεσθαι
3040 1753 3307 1824 σταυρὸν,
3336 1754 3387 1805 οἱ
3414 1753 3608 1805 πλάνοι
3633 1755 3717 1805 καὶ

443 1845 701 1916 negaverit
732 1859 910 1897 coram
940 1840 1259 1903 hominibus,
1304 1839 1502 1908 negabo
1530 1838 1699 1906 ipsum
1750 1849 1798 1890 et
1846 1852 1939 1904 ego
1984 1833 2024 1888 ί.

2133 1842 2361 1911 γόητες,
2396 1842 2557 1894 αὐτὸν
2590 1842 3025 1905 ἀναπλάττοντες
3055 1844 3146 1896 τὸν
3176 1843 3441 1914 Χριστόν.
3477 1844 3589 1896 Καὶ
3615 1844 3715 1913 γὰρ

447 1940 552 1993 Sed
612 1953 710 2008 ego
738 1938 861 1992 dico
900 1945 916 1990 ξ
956 1934 1216 2003 Quisquis
1264 1947 1351 1986 me
1381 1932 1684 2000 negaverit,
1721 1945 1843 1983 eum
1900 1943 2022 1983 cum

445 2032 641 2101 gaudio
675 2030 991 2100 suscipiam,
1022 2036 1076 2081 et
1104 2024 1441 2095 negationem
1479 2025 1647 2093 ipsius
1674 2032 1837 2091 atque
1866 2036 2017 2075 men-

446 2120 657 2175 dacium
686 2129 940 2188 tanquam
966 2114 1266 2171 custodiam
1296 2122 1349 2167 et
1377 2113 1821 2167 observationem
1887 2123 2023 2164 mea:

444 2209 802 2280 professionis
850 2206 1193 2263 existimabo.
1252 2202 1618 2270 Quamobrem
1677 2218 1803 2257 cum
1861 2201 1934 2255 ita
1966 2215 2025 2255 se

448 2314 664 2373 gerant,
692 2301 1004 2370 milliesque
1038 2314 1192 2355 suam
1228 2298 1470 2370 ipsorum
1518 2297 1676 2351 [idem
1729 2296 2020 2364 abnegeut,

448 2396 667 2453 Petrum
704 2405 906 2456 tamen,
940 2394 1031 2464 qui
1063 2392 1248 2446 multis
1286 2390 1474 2446 eodem
1545 2398 1789 2459 tempore
1845 2397 2015 2442 terro-

448 2504 562 2543 rem
598 2486 969 2551 merentibus,
1005 2482 1518 2539 humanum'nescio
1549 2483 1676 2551 quid
1708 2494 2021 2554 perpessus,

447 2584 500 2635 in
524 2579 865 2650 negationem
896 2576 1182 2646 prolapsus
1204 2584 1309 2641 est,
1343 2572 1672 2643 rejiciuntet
1695 2572 2005 2639 repudiant,

448 2682 611 2744 atque
641 2681 983 2732 aversantur,
1010 2684 1115 2723 non
1143 2683 1262 2722 eam
1294 2667 1363 2721 ob
1394 2681 1614 2721 causam
1650 2680 1811 2733 quam
1852 2664 2023 2717 simu-

449 2768 581 2830 lant,
617 2764 711 2820 sed
735 2763 803 2818 ob
832 2776 952 2818 eam
989 2774 1149 2831 quam
1183 2758 1345 2814 silent
1377 2769 1432 2812 et
1462 2758 1674 2812 celant:
1705 2756 1829 2826 quia
1866 2755 2025 2807 nimi-

448 2875 568 2915 rum
602 2859 668 2913 de
695 2858 934 2926 ipsorum
963 2853 1266 2908 defectione
1301 2861 1427 2905 ante
1452 2849 1667 2904 loeutus
1699 2857 1782 2903 est
1812 2865 1824 2902 :
1862 2846 2027 2901 Sata-

448 2954 573 3024 gite,
606 2951 800 3021 inquit,
852 2947 1182 3003 immaculati
1213 2956 1260 2999 et
1292 2941 1773 3009 irreprehensibiles
1802 2940 1848 2994 ei
1880 2940 2025 2993 inve-

450 3046 552 3099 uiri
579 3046 629 3096 in
662 3057 827 3112 pace;
858 3049 907 3093 et
950 3038 1161 3093 Domini
1200 3037 1365 3090 nostri
1424 3034 1874 3104 Iongantmitatem
1940 3047 2028 3083 sa-

2131 1932 2298 1996 αύτδς
2320 1971 2337 1997 ,
2375 1934 2581 2001 φασιν,
2619 1934 2699 1995 είς
2739 1934 2978 2003 σταυροῦ
3019 1935 3206 2005 σχῆμα
3239 1935 3343 1997 τὰς
3378 1938 3571 2007 χεῖρας
3602 1936 3714 2005 €513-

2130 2024 2337 2079 πλωσε.
2371 2025 2476 2078 Τδν
2508 2024 2728 2095 ἀληθῶς
2758 2025 2813 2077 δὲ
2851 2029 3107 2095 σταυρὸν,
3143 2025 3239 2079 ἅτε
3272 2027 3339 2096 δὴ
3372 2027 3531 2091 ξύλον
3562 2032 3710 2095 φασὶ,

2126 2118 2226 2173 καὶ
2273 2116 2598 2188 κακούργων
2626 2117 2876 2188 δργανον,
2904 2119 2998 2171 καὶ
3035 2119 3140 2172 ὑπὸ
3173 2120 3315 2189 ἀράν
3351 2122 3626 2187 κείμενον,
3655 2122 3710 2172 οὗ

2124 2204 2206 2259 δεῖ
2235 2208 2562 2272 προσκυνεῖν
2590 2207 2684 2259 καὶ
2740 2206 3104 2271 ἀσπάζεσθαι.
3141 2209 3307 2261 am
3334 2213 3434 2263 καὶ
3463 2214 3574 2282 γὰρ
3599 2215 3712 2272 τοὺς

2131 2297 2310 2366 ἱεροὺς
2342 2297 2635 2367 προφήτας
2656 2335 2672 2361 ,
2705 2298 2799 2349 καὶ
2831 2298 3015 2351 πᾶσαν
3044 2299 3141 2370 τὴν
3171 2301 3418 2356 παλαιὰν
3453 2303 3672 2373 Γραφὴν
3692 2347 3705 2367 ,

2129 2389 2224 2440 καὶ
2254 2388 2379 2451 τοὺς
2410 2386 2607 2452 ἀλλους
2640 2389 3081 2460 ἀποστρέφονται
3109 2393 3304 2460 ἁγίους
3326 2432 3343 2457 ,
3374 2393 3585 2465 λῃστὰς
3616 2400 3706 2446 αὑ-

2126 2479 2254 2543 τοὺς
2296 2482 2388 2533 καὶ
2433 2481 2680 2543 κλέπτας
2726 2482 3156 2546 ἀποκαλοῦντες.
3200 2485 3463 2539 Μάλιστα
3504 2487 3562 2537 δὲ
3609 2486 3705 2536 τῶν

2127 2572 2441 2626 ἀποστόλων
2475 2573 2566 2627 τὸν
2602 2576 2901 2645 κορυφαῖον
2940 2575 3145 2644 Πέτρον
3177 2575 3600 2647 δυσφημοῦσιν,
3632 2577 3709 2629 ὅτι

2129 2665 2352 2733 γέγονεν
2384 2664 2607 2734 ἔξαρνος
2638 2666 2735 2736 τῆς
2766 2667 2846 2729 είς
2875 2666 2968 2720 τόν
2996 2667 3321 2721 διδάσκαλον
3356 2670 3453 2721 καὶ
3482 2670 3710 2739 Χριστὸν

2130 2758 2390 2821 πίστεως,
2426 2758 2604 2810 καίτοι
2635 2774 2697 2826 γε
2728 2758 2824 2811 τοῦ
2853 2759 3185 2813 διδασκάλου
3216 2761 3405 2813 αὐτῶν
3436 2762 3705 2823 Μάνεντος

2126 2846 2463 2917 διαπρυσίως
2493 2847 2677 2911 αὐτοῖς
2710 2848 3039 2918 ἐμϐοῶντος,
3070 2852 3165 2904 καὶ
3198 2851 3457 2919 λέγοντος
3489 2853 3565 2915 ὡς
3596 2854 3703 2905 Οὐκ

2128 2939 2244 3007 είμι
2278 2939 2386 3007 ἐγὼ
2422 2938 2792 3009 ἄσπλαγχνος,
2827 2939 2904 3004 ὡς
2938 2944 2967 2994 ό
3003 2943 3257 3013 Χριστὸς,
3294 2946 3324 2997 ό
3361 2944 3557 3009 εἰπὼν,
3580 2945 3715 2997 '00-

2129 3046 2220 3095 τις
2244 3044 2322 3098 με
2351 3028 2692 3097 ἀρνήσηται
2722 3030 3067 3100 ἔμπροσθεν
3090 3033 3208 3086 τῶν
3228 3034 3586 3102 ἀνθρώπων,
3615 3037 3715 3102 ἀρ-

451 3142 608 3192 tutem
650 3133 1012 3195 arbitramini,
1046 3140 1180 3184 sicut
1212 3140 1256 3182 et
1290 3128 1631 3182 charissimus
1659 3127 1823 3196 frater
1854 3132 2024 3177 noster

2133 3120 2389 3190 νήσομαι
2420 3123 2608 3175 αὑτὸν
2638 3122 2821 3192 κάγώ.
2863 3123 3005 3176 Ἀλλ’
3031 3124 3143 3193 ἐγὼ
3158 3125 3326 3193 λέγω,
3350 3126 3459 3179 Τὸν
3476 3128 3715 3198 ἀρνησα-

452 3226 652 3283 Paulus
696 3223 980 3279 secundum
1041 3223 1220 3274 datam
1290 3219 1392 3273 sibi
1447 3220 1763 3285 sapientiam
1818 3217 2022 3286 scripsit

458 3320 620 3382 vobis,
645 3320 780 3371 sicut
803 3325 851 3369 et
879 3317 934 3369 in
963 3313 1202 3386 omnibus
1224 3309 1454 3381 epistolis
1489 3310 1702 3378 loquens
1731 3309 1785 3362 in
1850 3310 1923 3361 eis
1973 3317 2021 3360 et

451 3414 512 3467 de
536 3413 636 3475 liis,
667 3410 722 3464 in
754 3408 941 3480 quibus
988 3413 1111 3460 sunt
1164 3405 1407 3475 quoniam
1452 3403 1685 3474 diﬁicilia
1729 3402 2022 3463 intellectu,

451 3520 566 3575 qua:
584 3503 781 3557 indocti
807 3509 856 3554 et
878 3497 1151 3553 instabiles
1173 3496 1479 3565 depravant,
1509 3494 1645 3547 sicut
1693 3502 1743 3547 et
1808 3502 2025 3546 cwtcras

456 3596 757 3666 Scripturas
815 3592 884 3647 ad
942 3607 1094 3646 suain
1134 3591 1363 3657 ipsorum
1422 3587 1771 3656 perditionem
1803 3586 1846 3639 '.
1904 3583 2026 3637 llaec

453 3692 597 3744 enim
630 3686 887 3757 principis
917 3683 1283 3752 apostolorum
1309 3679 1529 3734 oracula
1564 3678 1827 3733 adversus
1887 3680 2019 3731 isto-

456 3800 573 3838 rum
602 3782 881 3835 audaciam
910 3788 965 3831 et
994 3779 1321 3846 impietatem
1350 3774 1605 3843 praedicta
1630 3780 1774 3837 sunt,
1798 3769 1886 3839 qui
1920 3780 2027 3823 tam

455 3874 668 3931 Domini
723 3869 911 3935 verba,
945 3883 1104 3936 quam
1161 3866 1554 3935 apostolorum,
1588 3872 1642 3917 et
1684 3863 1823 3915 alias
1881 3861 2029 3914 Scri-

450 3980 658 4039 pturas,
686 3976 743 4017 ut
776 3963 908 4016 Acta
940 3959 1333 4029 apostolorum,
1357 3965 1411 4010 et
1459 3971 1595 4026 quas
1643 3968 1897 4009 vocamus
1936 3967 2029 4007 cae

452 4059 685 4112 tholicas
713 4053 1001 4122 Epistolas,
1045 4050 1283 4119 exceptis
1342 4047 1448 4102 illis
1506 4061 1624 4116 qua:
1678 4054 1804 4100 sunt
1860 4043 2028 4110 Petri,

455 4163 590 4219 quas
621 4160 687 4200 ne
718 4145 882 4199 verbo
919 4143 1158 4212 quidem,
1193 4151 1249 4193 ιιι
1284 4140 1546 4204 diximus,
1610 4137 1909 4205 accipiunt,
1957 4137 2024 4191 ad

458 4240 730 4309 proprium
763 4250 1001 4305 ipsorum
1032 4234 1309 4288 interitum
1360 4232 1677 4300 depravant.
1711 4230 2029 4299 Quanquam

456 4340 512 4385 et
537 4332 666 4383 Acta
690 4328 1061 4395 apostolorum
1098 4336 1151 4380 ct
1170 4326 1407 4396 reliquas
1435 4324 1732 4384 catholicas
1754 4338 1862 4378 non
1916 4338 2033 4377 om-

460 4439 557 4478 nes
594 4422 877 4490 recipiunt,
947 4418 1166 4491 quidam
1225 4429 1405 4473 tamen
1464 4433 1526 4472 ea
1587 4417 1879 4485 recipiunt.
1938 4416 2033 4470 sed

458 4530 646 4569 omnes
678 4529 787 4567 uno
821 4525 1091 4567 consensu
1130 4509 1383 4578 rejiciunt
1410 4507 1727 4578 prophetas,
1766 4518 1820 4562 et
1864 4505 2033 4562 Vetus
2064 4538 2110 4594 Β

458 4606 891 4670 Testamentum,
933 4613 987 4659 et
1032 4605 1313 4658 universos
1357 4611 1593 4668 sanctos,
1646 4600 1732 4668 qui
1798 4594 1851 4653 in
1920 4599 2033 4668 ipso

458 4700 662 4755 fuerint
692 4700 955 4761 illustres,
983 4703 1037 4749 et
1088 4694 1388 4765 principem
1459 4691 1851 4761 apostolorum.
1896 4690 2038 4746 Con-

459 4808 642 4849 sessus
667 4806 792 4846 suos
838 4788 1157 4843 catholicam
1213 4785 1486 4855 appellant
1544 4782 1862 4847 Ecclesiam,
1900 4800 2040 4853 pne.

461 4891 647 4939 svrtim
675 4899 795 4938 eum
826 4884 891 4935 ad
924 4879 1256 4951 precandum
1309 4885 1363 4930 et
1392 4876 1456 4928 ad
1486 4892 1574 4937 ea,
1618 4891 1739 4944 qua:
1777 4880 1843 4929 ad
1913 4878 2038 4930 reli-

461 4984 671 5052 gionem
721 4979 1011 5048 pertinent,
1064 4975 1387 5043 inquirenda
1420 4984 1859 5043 congregantur;
1919 4989 2039 5043 pre-

465 5077 704 5131 catoiues
734 5072 875 5127 enim
914 5082 1040 5121 suas
1067 5080 1356 5121 consessus
1423 5073 1636 5118 vocant.
1675 5064 1815 5131 Quin
1873 5067 2039 5119 etiam

463 5186 581 5223 eum
614 5163 760 5231 bapti
795 5176 939 5215 mum
980 5165 1366 5224 aspernentur,
1396 5153 1521 5208 illud
1549 5162 1727 5208 tamen
1750 5170 1805 5208 se
1834 5153 2043 5226 ﬁngunt

460 5259 775 5327 suscipere;
811 5268 934 5306 nam
965 5242 1237 5319 Evangelii
1269 5252 1431 5301 verba
1489 5246 1822 5315 baptismum
1856 5248 2042 5303 existi-

461 5362 625 5409 inaut,
650 5347 901 5418 quoniam
966 5342 1246 5405 Dominus,
1316 5337 1425 5409 Ego
1478 5354 1617 5403 sum,
1663 5339 1855 5409 inquit,
1897 5358 2033 5408 aqua

461 5447 573 5497 viva
596 5443 635 5503 ξ.
668 5442 919 5492 Attamen
953 5452 1071 5490 cum
1102 5438 1151 5487 in
1185 5432 1489 5503 graviorem
1512 5430 1747 5498 aliquem
1779 5434 2025 5484 morbum

461 5533 781 5596 inciderint,
815 5530 976 5584 etiam
1012 5527 1299 5596 pretiosam
1339 5538 1421 5599 ac,
1455 5523 1747 5579 sa'lmarem
1814 5538 2028 5576 crucem

457 5645 519 5684 ex
552 5628 699 5698 ligno
735 5622 1034 5679 confectam
1063 5619 1166 5674 sibi
1199 5617 1327 5687 ipsis
1367 5618 1673 5685 imponunt.
1719 5614 1915 5668 Deinde
1982 5618 2026 5670 si

2136 3212 2297 3283 μενόν
2329 3229 2394 3283 με
2429 3214 2569 3283 μετά
2599 3216 2777 3283 χαρᾶς
2810 3214 3205 3286 προσδέχομαι,
3234 3217 3335 3271 καὶ
3361 3218 3464 3288 τὴν
3493 3222 3717 3289 ἄρνησιν

2132 3303 2297 3357 αὑτοῦ
2320 3345 2335 3369 ,
2372 3306 2466 3358 καὶ
2497 3305 2557 3357 τὸ
2587 3304 2783 3374 ψεῦδος
2805 3346 2819 3369 ,
2854 3307 2931 3370 ὠς
2965 3308 3219 3379 φυλακὴν
3253 3310 3350 3362 καὶ
3384 3313 3719 3381 συντήρησιν

2132 3400 2231 3463 τῆς
2264 3397 2405 3468 ἐμῆς
2434 3398 2734 3469 ὁμολογίας
2763 3400 3065 3471 ἡγήσομαι.
3095 3401 3236 3454 ‘AD.’
3257 3399 3354 3456 οὖν
3378 3402 3557 3467 οὕτως
3584 3405 3720 3473 ἔχοι-

2132 3508 2250 3569 τες,
2288 3500 2381 3544 και
2418 3493 2686 3561 μυριάκις
2720 3493 2817 3563 τὴν
2854 3494 3066 3548 ἑαυτῶν
3100 3494 3502 3567 ἐξαρνούμενοι
3541 3499 3719 3551 πίστιν

2133 3584 2289 3637 αὐτοὶ
2316 3586 2409 3637 τὸν
2441 3585 2579 3654 πρὸς
2615 3586 2792 3657 βραχύ
2825 3604 2877 3639 τι
2912 3588 3183 3642 τοσούτων
3218 3590 3402 3659 φόϐων
3436 3608 3718 3662 περιεστη-

2134 3676 2308 3728 κότων
2334 3673 2681 3745 ἀνθρώπινόν
2713 3693 2759 3728 τι
2792 3676 3036 3731 παθόντα
3068 3680 3295 3749 Πέτρον,
3329 3684 3428 3734 uolt
3460 3684 3599 3752 πρὸς
3632 3685 3717 3752 ἀρ·

2135 3784 2292 3838 νησιν
2325 3767 2765 3839 ὑπολισθήσαντα
2799 3770 3109 3839 ἀπόὸλητον
3139 3774 3432 3837 παντελῶς
3468 3777 3569 3828 καὶ
3598 3777 3717 3828 ἀπο-

2135 3864 2396 3934 τρόπαιον
2437 3863 2700 3931 τίθενται,
2743 3865 2804 3916 ού
2857 3864 2924 3916 δι’
2956 3865 2983 3916 ὅ
3034 3867 3505 3935 προφασίζονται,
3552 3870 3663 3921 ἀλλ’
3689 3869 3715 3921 ὃ

2138 3954 2334 4024 σιγῶσι
2365 3956 2459 4009 καὶ
2488 3956 2939 4026 ἀποκρύπτονται
2960 3973 2974 3987 '
3029 3957 3167 4011 διότι
3199 3960 3334 4030 περὶ
3361 3963 3465 4031 τῆς
3494 3965 3717 4014 ἀποστι-

2140 4047 2260 4112 σίας
2318 4050 2500 4104 αὐτῶν
2558 4052 2979 4122 πρωνεκὴρυξε
3036 4053 3213 4119 λέγων
3244 4068 3259 4085 ο
3325 4054 3716 4109 Σπουδάσατσ

2138 4141 2387 4196 ἄσπιλοι
2420 4142 2518 4196 καὶ
2553 4143 2779 4212 ἄμωμοι
2814 4144 3327 4212 αὑτῷαεὺρεθῆναι
3368 4148 3446 4199 ἐν
3477 4148 3713 4216 εἰρήνη.

2140 4234 2238 4287 καὶ
2263 4235 2377 4302 τὴν
2402 4235 2508 4288 τοῦ
2537 4237 2757 4304 Κυρίου
2785 4236 2955 4305 ἡμῶν
2971 4241 3397 4306 μακροθυμίαν
3422 4242 3721 4307 σωτηρίαν

2140 4324 2407 4394 ἡγεῖσθε,
2451 4326 2647 4392 καθὼς
2690 4326 2791 4380 καὶ
2834 4330 2867 4382 ό
2913 4328 3223 4397 ἀγαπητὸς
3264 4330 3441 4399 ἡμῶν
3486 4333 3719 4395 Παῦλος

2142 4417 2290 4471 κατὰ
2324 4418 2437 4486 τὴν
2472 4418 2755 4472 δοθεῖσαν
2788 4420 2951 4484 αὐτῷ
2993 4422 3222 4488 σοφίαν
3253 4421 3535 4489 ἔγραψεν
3565 4422 3715 4491 ὑμῖν,

2142 4509 2243 4564 καὶ
2277 4510 2345 4563 ἐν
2379 4508 2605 4576 πάσαις
2636 4510 2767 4577 ταῖς
2804 4511 3155 4578 ἐπιστολαῖς
3188 4510 3377 4568 αὑτοῦ
3416 4515 3629 4568 λαλῶν
3655 4516 3719 4567 ἐν

2137 4602 2347 4667 αὐταῖς
2376 4604 2508 4669 περὶ
2542 4604 2788 4667 τούτων,
2821 4604 2890 4656 ἐν
2918 4599 3009 4669 οἷς
3038 4606 3171 4657 ἐστι
3202 4604 3526 4672 δυσνόητά
3556 4624 3677 4659 τινα
3697 4645 3715 4669 ,

2134 4697 2172 4750 d
2199 4698 2252 4750 οι
2281 4694 2519 4764 ἀμαθεῖς
2554 4696 2652 4749 καὶ
2680 4696 3033 4764 ἀστήρικτοι
3058 4697 3494 4764 στρεϐλοῦσιν,
3520 4700 3601 4763 ὡς
3625 4699 3713 4749 καὶ

2135 4787 2243 4851 τὰς
2275 4785 2495 4851 ,λοιπὰς
2516 4786 2762 4854 Γραφὰς
2796 4789 2946 4854 πρὸς
2981 4786 3095 4856 τὴν
3128 4788 3292 4839 ἰδίαν
3326 4787 3533 4841 αὐτῶν
3564 4789 3719 4840 ἁ.τὼ-

2136 4885 2328 4933 λειαν.
2358 4880 2439 4932 Τὰ
2473 4879 2579 4950 γὰρ
2607 4879 2702 4931 τοῦ
2734 4880 3039 4949 κορυφαίου
3068 4877 3242 4931 ταῦτα
3270 4879 3435 4947 λόγια
3467 4883 3721 4951 ἄντικρυς

2135 4974 2235 5043 τὴν
2277 4972 2454 5025 αὐτῶν
2503 4969 2982 5043 προανακηρύττει
3027 4972 3233 5040 τόλμαν
3277 4988 3339 5023 τε
3388 4973 3489 5024 καὶ
3536 4974 3723 5025 δυσσέο

2138 5067 2313 5132 δειαν,
2341 5066 2391 5119 οἳ
2419 5065 2559 5119 αύτά
2583 5080 2641 5116 τε
2670 5065 2738 5116 τὰ
2767 5064 3026 5133 Κυριακά
3056 5062 3238 5130 λόγια,
3271 5063 3372 5116 καὶΙ
3400 5065 3469 5116 τὰ
3498 5068 3726 5118 ἀποπο-

2136 5159 2284 5223 λικά,
2317 5158 2413 5211 καὶ
2444 5156 2542 5219 τὰς
2579 5155 2745 5217 ἄλλας
2780 5155 3038 5224 Γραφάς,
3072 5156 3223 5226 φημὶ
3253 5154 3321 5223 δὴ
3351 5156 3455 5218 τας
3485 5172 3543 5207 τε
3579 5156 3725 5221 Πρὰ⁹

2134 5252 2247 5319 ξεις
2277 5250 2387 5303 τῶν
2417 5247 2759 5311 ἀποστόλων,
2791 5249 2883 5299 καὶ
2914 5248 3013 5309 τὰς
3047 5245 3363 5308 Καθολικάς
3398 5246 3724 5313 λεγομένας,

2138 5343 2280 5411 πλὴν
2324 5341 2429 5394 τῶν
2457 5339 2887 5409 ἀναφερομένων
2926 5337 3005 5400 είς
3030 5336 3120 5389 τὸν
3146 5340 3482 5407 κορυφαῖον,
3510 5336 3730 5398 ὲκείνας

2140 5434 2246 5502 γὰρ
2282 5432 2404 5483 οὐδὲ
2436 5434 2544 5491 τοῖς
2585 5432 2797 5501 ῥήμασι
2836 5429 3242 5500 παραδέχονται
3269 5468 3286 5494 ,
3325 5429 3725 5498 στρεὸλοῦσιν,

2138 5527 2212 5587 ὡς
2250 5524 2503 5595 εἴρηται,
2537 5526 2631 5575 καὶ
2667 5522 3062 5591 διαστρέφουσι
3097 5525 3236 5592 πρὸς
3268 5524 3366 5592 τὴν
3402 5523 3541 5575 ἰδίαν
3572 5521 3728 5573 ἀπώ-

2139 5617 2310 5669 λειαν.
2346 5616 2453 5668 Καὶ
2483 5613 2579 5676 τὰς
2618 5612 2853 5684 Πράξεις
2886 5612 2943 5664 δὲ
2974 5614 3084 5668 τῶν
3112 5616 3474 5684 ἀποστόλων,
3507 5617 3595 5669 καὶ
3626 5616 3727 5676 τὰς

528 5809 543 5840 ¹
586 5806 834 5871 Μδιιιμκ,
863 5804 951 5857 55.
1029 5800 1048 5832 ²
1090 5799 1303 5856 llPetr.
1342 5817 1425 5867 ιιι,
1460 5802 1641 5856 ιτι-ιιῖ.
1724 5802 1741 5831 ⁸
1767 5800 1922 5858 Juun.
1957 5816 2024 5869 tvI

2142 5819 2156 5867 ;
2203 5817 2297 5864 vti,
2336 5802 2425 5856 58.
