3960 6618
186 508 207 566 l
223 502 323 568 197

1114 502 1494 563 PANOPLIA
1538 499 1999 561 DOGMATICA.
2032 524 2100 533 --
2141 502 2286 560 ΤΙΤ.
2337 501 2538 562 XXIV.

3302 502 3436 568 1198

182 621 497 681 Καθολικάς
533 618 592 671 ού
628 618 830 681 πάντες
866 617 1047 671 αὐτῶν
1083 616 1487 687 συναρμόζουσι
1522 618 1631 675 τοῖς
1670 614 1762 667 ἆλ-

1871 613 2419 677 convaluerint,ea'n
2454 615 2816 683 porfiinguut,
2871 627 2961 671 aut
3016 617 3340 673 conculcant
3389 634 3442 676 et

180 716 313 777 λοις,
357 712 465 765 είσὶ
505 712 563 764 δὲ
607 710 655 763 οἳ
700 710 797 763 καὶ
843 709 1249 763 συντάττουσιν.
1284 708 1447 761 Ἀλλὰ
1494 712 1620 777 περὶ
1668 706 1766 774 μὲν

175 806 286 858 τῶν
319 802 637 874 προφητῶν,
675 803 768 855 καὶ
795 802 895 870 τῆς
926 802 1167 863 παλαιᾶς
1203 801 1505 869 Διαθήκης,
1535 797 1629 851 καὶ
1657 798 1765 850 τῶν

176 898 298 950 κατ’
323 894 493 964 αὐτὴν
524 890 731 946 λοιπῶν
760 894 930 960 ἁγίων
956 891 1404 961 διαλαμψάντων,
1436 892 1528 944 καὶ
1554 890 1649 943 τοῦ
1678 907 1765 943 xo-

178 990 413 1061 ρυφαίου
443 988 553 1040 τῶν
584 985 903 1040 ἀποστόλων
936 985 1082 1038 οὕτω
1114 986 1393 1054 μεμήνασι
1416 1000 1429 1013 ’
1465 982 1765 1052 καθολικὴν

171 1081 228 1133 δὲ
261 1077 591 1148 Ἐκκλησίαν
632 1076 702 1129 τὰ
746 1076 960 1128 ἑαυτῶν
1002 1076 1229 1129 καλοῦσι
1281 1075 1559 1145 συνέδρια,
1604 1074 1765 1145 ἡνίκα

174 1172 416 1242 μάλιστα
452 1169 588 1238 πρὸς
619 1169 745 1232 τοὺς
781 1167 1029 1231 εὐσεϐεῖς
1062 1167 1259 1235 λόγους
1303 1167 1397 1219 καὶ
1431 1167 1765 1236 συζητήαεις

170 1263 405 1316 κινοῦσι.
442 1262 583 1316 Καθ’
609 1262 838 1323 ἑαυτοὺς
876 1264 984 1331 γὰρ
1024 1260 1334 1330 προσευχὰς
1372 1258 1634 1312 καλοῦσιν
1666 1259 1765 1310 αύ-

166 1354 275 1406 τῶν
302 1353 371 1407 τά
406 1352 682 1423 συνέδρια.
713 1352 788 1405 Οὐ
825 1352 935 1422 μὴν
966 1350 1103 1404 ἀλλά
1136 1351 1232 1403 καὶ
1262 1351 1322 1402 τὸ
1355 1352 1623 1419 σωτήριον
1648 1348 1763 1400 δια-

169 1447 434 1509 πτύοντες
488 1445 805 1515 βάπτισμα,
856 1443 1301 1497 ὑποπλάττονται
1352 1441 1761 1511 παραδέχεσθαι

168 1540 303 1592 αὐτὸ
324 1578 339 1601 ,
372 1540 443 1592 τά
475 1537 567 1592 τοῦ
609 1537 947 1606 Εὑαγγελίου
987 1537 1213 1607 ῥήματα
1247 1535 1537 1605 βάπτισμα
1570 1533 1760 1587 νοοῦν-

166 1650 282 1695 τες.
331 1633 441 1686 Καὶ
484 1631 619 1703 γὰρ,
664 1632 852 1698 φασὶν,
896 1633 924 1683 ὁ
967 1630 1171 1699 Κύριος
1198 1628 1337 1699 ἔφη·
1370 1625 1517 1696 Ἐγώ
1555 1630 1670 1697 ειμι
1696 1626 1762 1679 τὸ

164 1723 328 1790 ὕδωρ
355 1722 421 1775 τὸ
451 1718 584 1781 ζῶν.
618 1721 764 1789 Πλὴν
795 1718 1020 1771 ἐπειδὰν
1053 1716 1403 1788 σφοδροτὲρῳ
1434 1716 1541 1767 τινὶ
1573 1730 1763 1783 σωμα-

162 1815 308 1884 τικῷ
337 1816 608 1883 νοσήματι
638 1810 1005 1882 περιπέσωσι,
1039 1810 1136 1861 καὶ
1166 1808 1255 1860 τὸν
1285 1808 1470 1875 τίμιον
1501 1804 1598 1858 καὶ
1629 1805 1762 1869 ζωο-

162 1907 324 1961 ποιὸν
352 1905 586 1975 σταυρὸν
611 1904 701 1956 τὸν
725 1904 789 1956 ὲκ
816 1901 911 1955 τοῦ
948 1900 1108 1965 ξύλου
1141 1900 1520 1970 πεποιημένον
1548 1899 1762 1960 ἑαυτοῖς

1873 702 2152 771 abjiciunt.
2192 705 2416 760 Liberos
2449 708 2611 761 etiam
2651 724 2780 763 suos
2815 709 2883 763 ab
2920 710 3173 764 Ecclesia:
3226 712 3446 782 presby-
3487 714 3508 753 ί

1872 798 2003 852 teris
2038 798 2260 852 salutari
2293 800 2564 868 baptismo
2605 801 2791 854 volunt
2838 803 3130 869 aliquando
3175 804 3397 859 lustrari
3434 822 3450 860 :

1869 891 2185 945 existimant
2245 894 2388 945 enim
2459 909 2677 946 crucem
2739 906 2791 946 ct
2850 898 3179 965 baptismum
3236 902 3451 963 corpori

1870 982 2127 1050 prodesse
2160 982 2403 1036 homines
2428 984 2575 1037 omni
2608 983 2920 1051 adjnmento
2981 985 3208 1054 indigni.
3243 984 3448 1040 Horum

1872 1082 2052 1124 tamen
2093 1072 2195 1124 vim
2234 1071 2300 1124 ad
2330 1073 2523 1126 animm
2570 1075 2943 1141 purgationem
2996 1077 3278 1143 pervenire
3342 1091 3449 1129 non

1870 1173 2085 1231 putant,
2122 1181 2219 1217 nec
2255 1165 2415 1218 ullam
2449 1166 2610 1219 alium
2669 1166 2871 1221 afferre
2930 1170 3239 1223 utilitatem.
3300 1169 3452 1223 Non-

1869 1254 1999 1308 nulli
2031 1258 2193 1309 etiam
2260 1256 2524 1325 lpSnl‘ttm,
2577 1274 2682 1327 quo
2731 1259 3094 1329 simpliciores
3157 1262 3450 1331 decipiant,

1870 1346 2089 1415 pretiosi
2118 1349 2360 1415 corporis
2388 1361 2440 1403 et
2465 1352 2748 1417 sanguinis
2776 1350 2983 1403 Domini
3008 1355 3446 1408 communionem

1869 1438 2202 1515 suscipiunt.
2240 1440 2317 1492 Ad
2362 1440 2479 1494 lure
2511 1444 2915 1497 neccatbolicaa
2978 1442 3244 1499 Ecclesia:
3296 1460 3452 1513 pres-

1869 1528 2108 1599 byteros.
2142 1546 2242 1584 nec
2312 1533 2551 1601 reliquos
2605 1536 2918 1589 sacerdotes
2962 1550 3002 1587 τι
3023 1535 3266 1604 cipiunt,
3323 1552 3456 1607 quo-

1866 1624 2008 1675 niam
2045 1622 2246 1677 Christi
2293 1639 2611 1678 consessum
2667 1628 2980 1682 sacerdotes
3035 1638 3089 1682 et
3151 1631 3452 1698 presbyteri

1864 1714 2042 1783 populi
2066 1716 2423 1771 constituunt.
2462 1716 2564 1771 Eos
2588 1730 2764 1773 autem
2802 1721 2889 1789 qui
2920 1721 3059 1789 apud
3097 1721 3245 1791 ipsos
3265 1736 3452 1776 sacer-

1863 1806 2049 1861 dotum
2088 1809 2331 1864 ordinem
2350 1810 2616 1874 obtinent,
2648 1826 2755 1865 non
2778 1813 3115 1878 sacerdotes,
3141 1824 3234 1866 sed
3262 1814 3449 1869 socios

1863 1909 1918 1956 et
1949 1900 2191 1955 notarios
2221 1912 2438 1956 vocant.
2473 1903 2649 1972 Atque
2683 1905 2733 1957 bi
2756 1919 2855 1958 nec
2895 1904 3110 1969 habitu,
3147 1920 3246 1960 nec
3285 1905 3454 1971 victu,

161 1971 531 2056 ἐπιτιθέασιν.
567 1999 801 2050 Ἔπειτα
842 1995 1210 2064 τυγχάνοντες
1251 1995 1352 2064 τῆς
1398 1993 1597 2053 ίάσεως
1639 1991 1758 2044 δια-

1867 2007 1965 2046 nec
1995 1991 2099 2047 ulla
2141 1992 2244 2045 alia
2282 1994 2500 2048 ratione
2537 1994 2750 2049 vivendi
2783 1997 2998 2048 modum
3021 1994 3323 2063 graviorem
3365 2010 3455 2049 os-

163 2094 339 2148 θλῶσι
386 2093 603 2157 τοῦτον,
650 2090 684 2161 ἢ
737 2089 1085 2160 συμπατούσι
1135 2087 1235 2140 καὶ
1283 2085 1751 2156 ἀπορρίπτουσιν.

173 2183 342 2241 ’Δλλὰ
368 2184 464 2236 καὶ
485 2184 609 2244 τοὺς
638 2178 838 2242 παῖδας
864 2178 1045 2231 αὐτῶν
1069 2177 1174 2230 ὑπὸ
1198 2177 1308 2229 τῶν
1329 2176 1429 2246 τῆς
1458 2175 1763 2244 ἐκκλησίας.

160 2275 561 2345 πρεσϐυτέρων
601 2272 865 2334 πολλάκις
910 2270 989 2340 τῷ
1033 2270 1291 2339 σωτηρίῳ
1334 2267 1549 2332 ἀξιοῦσι
1594 2285 1760 2336 φωτι-

163 2370 368 2438 οθήναι
417 2367 779 2438 βαπτίσματι,
823 2362 1129 2417 λυσιτελεῖν
1168 2361 1248 2432 τῷ
1298 2360 1515 2431 σώματι
1558 2362 1649 2412 τόν
1697 2376 1757 2411 τε

161 2460 404 2531 σταυρὸν
438 2460 531 2511 καὶ
561 2458 621 2510 τὸ
659 2457 945 2527 βάπτισμα
979 2454 1031 2505 οἱ
1073 2454 1255 2521 πάσης
1291 2452 1565 2520 ὠφελείας
1601 2450 1758 2519 λογο-

160 2552 450 2613 ποιοῦντες
480 2550 691 2615 άνάξιοι
711 2588 724 2613 ,
758 2548 835 2619 μὴ
869 2546 1051 2618 μέντοι
1082 2562 1144 2613 γε
1176 2544 1477 2599 διαϐαίνειν
1505 2545 1604 2614 τὴν
1635 2543 1759 2595 τού-

156 2662 270 2697 των
314 2642 598 2712 ἐνέργειαν
646 2645 725 2703 εἰς
770 2640 947 2709 ψυχῆς
1001 2636 1295 2706 κάθαρσιν,
1344 2636 1378 2706 ἡ
1425 2654 1546 2689 τινα
1592 2636 1760 2701 ἀλλην

157 2736 372 2806 ταύτην
395 2734 687 2803 ὠφέλειαν.
715 2731 904 2784 Πολλοὶ
930 2731 987 2783 δὲ
1014 2729 1195 2782 αὐτῶν
1226 2730 1318 2781 καὶ
1344 2730 1445 2798 τῆς
1474 2728 1759 2789 κοινωνίας

154 2830 257 2883 τοῦ
290 2828 479 2897 τιμίου
520 2827 773 2895 σώματος
814 2824 909 2877 καὶ
943 2823 1177 2893 αἵματος
1220 2821 1460 2891 Χριστοῦ
1492 2822 1587 2873 τού
1626 2821 1759 2872 Θεοῦ

156 2920 327 2992 ἡμῶν
369 2920 855 2991 μεταλαμϐάνουσι
899 2917 1036 2987 πρὸς
1082 2914 1365 2983 ἐξαπάτην
1406 2915 1514 2965 τῶν
1557 2914 1758 2965 ἁπλου-

158 3019 402 3088 στέρων.
438 3016 563 3068 Ἐπὶ
593 3016 650 3068 δέ
677 3017 789 3077 τοῖς
816 3014 1134 3084 εἰρημένοις
1166 3011 1289 3063 οὐδὲ
1316 3009 1442 3070 τοὺς
1470 3009 1569 3078 τῆς
1600 3008 1759 3059 καθο-

156 3111 326 3179 λικῆς
368 3108 697 3176 Ἐκκλησίας
734 3102 1148 3174 πρεσϐυτέρους
1171 3143 1185 3167 ,
1223 3100 1345 3153 ούδέ
1378 3101 1503 3161 τοὺς
1538 3098 1762 3159 λοιποὺς

158 3203 340 3272 lapsi;
381 3199 776 3269 ἀποδέχονταιο
825 3196 983 3260 διότι,
1027 3195 1184 3264 φασὶ,
1228 3194 1289 3247 τὸ
1336 3195 1482 3247 κατὰ
1524 3189 1762 3261 Χριστοῦ

158 3295 452 3364 συνέδριον
484 3293 534 3345 οί
568 3293 734 3361 ἱερεῖς
771 3290 867 3342 καὶ
901 3288 1266 3359 πρεσϐύτεροι
1299 3285 1394 3338 τοῦ
1431 3282 1564 3337 λαοῦ
1603 3300 1764 3336 συνε-

155 3388 462 3456 στήσαντο.
487 3384 623 3446 Τοὺς
654 3382 837 3453 μέντοι
865 3380 997 3449 παρ’
1021 3380 1204 3441 αὐτοῖς
1237 3378 1431 3447 ἱερέων
1460 3376 1613 3441 τάξιν
1638 3378 1765 3427 ἐπέο

152 3493 363 3549 χοντας
396 3477 495 3544 οὐχ
527 3477 695 3546 ἱερεῖς
717 3514 731 3537 ,
765 3473 903 3526 ἀλλὰ
935 3472 1313 3539 συνεκδήμους
1345 3469 1441 3521 καὶ
1473 3467 1764 3537 νοταρίους

150 3569 621 3639 ἐπονομάζουσιν.
657 3562 815 3621 Οὗτοι
846 3566 901 3617 δὲ
934 3564 1058 3618 οὒτε
1096 3565 1366 3632 σχήματι,
1397 3558 1523 3613 οὔτε
1557 3562 1764 3630 διαίτῃ,

151 3666 291 3718 οὔτε
329 3664 439 3716 τινὶ
478 3662 626 3731 ἄλλῳ
661 3661 848 3731 τρόπῳ
890 3657 1006 3729 βίον
1044 3658 1375 3726 σεμνότερον
1410 3655 1763 3723 χαρακτηρί-

151 3760 333 3823 (avra.
358 3758 419 3808 τὸ
443 3756 702 3824 διάφορον
727 3752 906 3806 αὐτῶν
933 3751 1069 3821 πρὸς
1098 3749 1158 3801 τὸ
1188 3746 1395 3817 πλῆθος
1421 3745 1763 3825 ἐπιδείκνυν-

149 3869 273 3905 ται.
312 3849 388 3901 T0
424 3848 481 3899 δὲ
516 3848 644 3916 παρ’
672 3847 805 3915 ἡμῖν
839 3843 1177 3912 Εὐαγγέλιον
1210 3841 1310 3893 οὐκ
1347 3836 1763 3902 ἐπιδιστὰζουσι

152 3944 543 4015 προσκυνεῖν,
594 3941 656 3991 οὑ
716 3937 824 4008 μὴν
872 3936 1006 3991 ἔνθα
1056 3934 1152 3988 τοῦ
1205 3932 1387 4003 τιμίου
1444 3928 1683 4000 σταυροῦ
1737 3931 1764 3981 ὁ

146 4037 335 4096 τύπος
375 4032 809 4101 ἐγκεχάρακται,
845 4028 961 4082 ἀλλ’
987 4030 1045 4079 ὲν
1079 4025 1158 4093 τῷ
1197 4024 1372 4093 λοιπῷ
1411 4021 1507 4076 τοῦ
1547 4021 1757 4092 βιϐλίου

151 4127 350 4199 μέρει,
381 4129 440 4176 ἐν
470 4117 515 4191 ᾧ
542 4125 604 4175 τὸ
637 4123 1007 4191 ἁπεικόνισμα
1039 4119 1133 4173 τοῦ
1176 4115 1416 4186 σταυροῦ
1461 4116 1537 4185 μὴ
1571 4114 1765 4183 διαση-

150 4223 448 4289 μαίνεται.
493 4216 630 4267 Φασὶ
674 4215 732 4268 δὲ
768 4214 830 4267 τὸ
876 4213 1084 4284 βιϐλίον
1122 4212 1479 4283 προσκυνεῖν,
1522 4209 1599 4272 ὡς
1637 4209 1764 4270 τοὺς

143 4315 527 4372 δεσποτικους
562 4309 818 4379 περιέχον
850 4307 1066 4374 λόγους.
1092 4306 1233 4360 Ἀλλ’
1256 4306 1355 4359 ὅσα
1397 4304 1497 4375 μὲν
1529 4303 1608 4364 είς
1644 4301 1769 4369 δογ-

146 4408 356 4477 μάτων
406 4406 604 4471 ἀνήκει
660 4401 854 4469 λόγον,
903 4400 1079 4462 οὓτως
1128 4399 1238 4452 είσὶ
1287 4396 1615 4462 δυσσεϐεῖς,
1668 4401 1768 4453 καὶ

146 4497 299 4566 πρὸς
353 4497 457 4564 τὴν
509 4493 804 4561 ἀλήθειαν,
858 4493 954 4545 καὶ
1006 4491 1145 4562 πρὸς
1196 4490 1426 4552 ἑαυτοὺς
1482 4485 1765 4549 παντελῶς

144 4587 515 4656 ἀσύμφωνοι.
554 4584 619 4634 Ἢ
662 4582 719 4635 δὲ
762 4581 1006 4634 πολιτεία
1043 4581 1253 4632 τούτων
1288 4584 1451 4649 γέμει
1498 4580 1598 4648 μὲν
1630 4578 1763 4630 ἀκο-

1867 2084 2246 2153 tendunt,quo
2277 2101 2306 2138 a
2358 2085 2554 2155 populo
2610 2086 3040 2157 distinguantur.
3101 2086 3453 2153 Evnngelium

1864 2187 2107 2230 nostrum
2139 2191 2246 2229 non
2274 2175 2522 2230 dubitant
2552 2178 2802 2243 adorare,
2845 2179 2932 2231 ubi
2965 2179 3214 2247 pretiosa:
3272 2180 3453 2231 crucis

1864 2269 2033 2338 figura
2069 2284 2175 2323 non
2216 2280 2299 2322 est
2330 2269 2618 2338 impressa,
2655 2283 2759 2323 non
2831 2279 3012 2324 autem
3068 2272 3123 2324 in
3184 2286 3245 2324 ea
3301 2279 3456 2338 parte

1864 2360 2010 2424 libri,
2045 2362 2097 2415 in
2131 2377 2235 2431 qua
2262 2364 2441 2417 crucis
2490 2364 2666 2432 imago
2686 2362 2778 2417 sit.
2818 2361 3015 2417 Dicunt
3044 2376 3225 2418 autem
3285 2381 3343 2418 se
3394 2365 3454 2419 Ii-

1864 2458 2020 2512 brum
2052 2460 2283 2513 adorare
2316 2469 2570 2529 tanquam
2610 2458 2823 2513 Domini
2859 2474 3142 2515 sermones
3164 2464 3451 2516 continen-

1867 2562 1997 2605 tem.
2031 2552 2211 2621 Atqne
2243 2552 2312 2605 ita
2338 2554 2553 2622 quidem
2586 2552 2738 2621 impii
2771 2553 3255 2622 deprehenduntur
3295 2558 3350 2610 in
3384 2558 3450 2609 iis

1864 2661 1983 2714 qum
2013 2644 2078 2697 ad
2113 2645 2425 2715 dugniatum
2465 2646 2728 2700 rationem
2751 2647 3044 2713 pertinent,
3066 2656 3124 2699 ut
3158 2657 3212 2701 et
3255 2663 3283 2700 a
3312 2650 3455 2702 veri-

1868 2751 1975 2793 tate
1997 2750 2050 2793 et
2084 2740 2225 2793 inter
2247 2755 2306 2791 se
2332 2738 2552 2792 omnino
2577 2739 2921 2793 dissentiant.
2943 2737 3069 2793 Vita
3106 2752 3288 2793 autem
3316 2742 3458 2809 ἰριο-

1869 2848 1986 2885 rum
2022 2832 2179 2900 plena
2204 2841 2290 2886 est
2324 2830 2777 2897 intemperantiae,
2823 2833 2978 2900 plena
3014 2832 3341 2897 ﬂagitiorum
3402 2840 3458 2885 et

1866 2921 2152 2983 scelerum,
2171 2935 2289 2989 qua:
2312 2935 2409 2973 nec
2442 2920 2547 2973 dici
2568 2931 2816 2988 possunt,
2842 2936 2941 2974 nec
2964 2922 3213 2987 cogitari.
3238 2920 3455 2977 Utrius-

1865 3028 1973 3081 que
2024 3014 2170 3066 enim
2227 3024 2435 3067 natura:
2488 3013 2871 3067 commistione
2928 3016 3047 3067 sine
3094 3015 3203 3068 ullo
3258 3016 3457 3069 rubore

1868 3103 1934 3156 ad
1971 3104 2235 3158 nefariam
2254 3118 2469 3157 omnem
2500 3104 2872 3171 impuritatem
2941 3105 3263 3173 abutuntur,
3317 3106 3457 3161 adeo

1868 3204 1929 3251 ut
1966 3197 2210 3268 ipsorum
2244 3198 2461 3267 quidam
2502 3197 2666 3251 etiam
2696 3212 2819 3252 cum
2857 3198 3123 3252 matribus
3158 3213 3458 3254 consuetu-

1790 3305 1835 3367 ο
1868 3289 2050 3343 dinem
2083 3288 2286 3344 habere
2320 3289 2596 3343 dicantur.
2633 3287 2894 3344 Ebrietali
2930 3297 2983 3343 et
3012 3290 3242 3348 luxuria:
3292 3300 3459 3344 totum

1870 3384 2036 3437 vitam
2061 3382 2262 3437 habent
2283 3382 2598 3449 obnoxiam,
2633 3393 2685 3436 et
2744 3382 2905 3438 aliam
2962 3398 3181 3438 onmem
3245 3392 3398 3438 mor‘u
3424 3403 3457 3435 ιι

1868 3476 2238 3545 corruptelam
2278 3475 2739 3543 complectuntur.
2768 3476 2924 3541 Quod
2952 3486 3135 3530 autem
3170 3478 3235 3531 de
3260 3477 3460 3532 infelici

1870 3568 1959 3622 illo
1989 3568 2229 3637 Tycbico
2283 3568 2566 3637 vulgatum
2623 3576 2729 3631 est,
2789 3584 2934 3623 nunc
2986 3571 3456 3625 commemorabo.

1869 3663 1966 3717 llic
1990 3678 2048 3716 se
2068 3660 2363 3732 Tychicum
2419 3662 2569 3713 illum
2624 3674 2748 3716 esse
2798 3661 3054 3729 fingebat,
3086 3660 3176 3727 qui
3226 3662 3278 3714 in
3314 3660 3458 3729 Apu-

1867 3756 1995 3810 stoli
2022 3753 2281 3825 Epistolis
2309 3768 2452 3823 sape
2484 3762 2839 3820 memoratur,
2871 3761 2926 3807 et
2950 3754 3017 3808 de
3047 3768 3156 3823 quo
3184 3754 3368 3811 multis
3403 3757 3454 3810 in

1868 3848 2002 3903 locis
2027 3862 2149 3902 cuin
2200 3846 2357 3901 laude
2386 3846 2591 3901 mentio
2643 3846 2723 3900 ﬁt.
2775 3845 3003 3916 Sibique
3028 3863 3057 3900 a
3087 3845 3254 3902 Paulo
3315 3866 3458 3901 unn-

1868 3942 2000 3995 tium
2032 3939 2200 3994 fuisse
2231 3939 2457 3993 missum
2484 3937 2798 4002 simulabat,
2832 3949 2889 3992 ut
2915 3952 3260 4007 quaecunque
3307 3937 3459 3993 dice-

1868 4047 1950 4089 ret
1980 4044 2030 4089 et
2073 4032 2440 4095 denuntiaret.
2469 4047 2531 4085 ea
2565 4045 2668 4084 non
2713 4032 2998 4098 sapientiae
3050 4047 3186 4093 sua).
3216 4034 3307 4085 sed
3359 4035 3457 4087 do-

1868 4127 2042 4183 centis
2073 4137 2129 4180 et
2162 4125 2473 4180 mandantis
2504 4124 2656 4179 Pauli
2693 4134 2962 4194 priPCl’pla
3023 4139 3141 4179 esse
3203 4125 3458 4179 videreu-

1870 4227 1978 4281 tur,
2008 4234 2129 4273 cum
2181 4227 2360 4272 tamen
2390 4217 2704 4287 quingentis
2757 4218 2915 4271 annis
2966 4226 3086 4286 post
3129 4212 3355 4270 Paulum
3404 4224 3461 4270 et.

1868 4310 2166 4382 'l‘ycbicum
2200 4320 2359 4363 natus
2392 4319 2555 4364 esset.
2587 4307 2606 4360 l
2634 4308 2723 4361 Ind
2754 4310 3033 4363 sciendum
3074 4319 3177 4371 est,
3220 4324 3326 4371 inc,
3366 4309 3459 4377 qui

1870 4402 2050 4470 capita
2085 4402 2199 4454 hinc
2226 4414 2347 4469 quae
2379 4401 2432 4454 in
2458 4400 2561 4455 hoc
2594 4400 2750 4454 titulo
2803 4400 3171 4463 continentur,
3240 4400 3457 4465 collegi,

1868 4495 2064 4563 partim
2115 4494 2325 4560 integra
2383 4492 2653 4560 posuisse,
2699 4491 2895 4559 partim
2964 4500 3021 4543 ut
3066 4490 3456 4559 longitudinem

1868 4587 2153 4650 evitarem,
2187 4585 2511 4653 compendio
2542 4582 3044 4652 comprehendisse,
3075 4592 3129 4635 et
3158 4598 3221 4636 ex
3282 4584 3459 4652 patri-

144 4682 358 4743 λασίας
380 4720 397 4742 ,
432 4678 596 4746 γέμει
627 4678 683 4729 δὲ
720 4674 976 4742 μιασμῶν
1011 4675 1289 4744 ἀρρήτων,
1327 4670 1427 4723 κα)⁸
1463 4666 1762 4740 ρυπασμά-

1868 4683 2071 4744 arcbae,
2103 4695 2260 4747 quem
2290 4688 2418 4734 ante
2441 4681 2887 4740 counnemoravi,
2917 4677 3139 4746 scriptis
3192 4690 3256 4730 ea
3317 4691 3453 4744 prae‘

114 4756 124 4841 ξ
148 4795 266 4829 των
287 4774 692 4839 ἀνεπινοήτων.
714 4769 973 4839 Χρῶνται
1000 4770 1102 4837 μὲν
1122 4770 1233 4837 γὰρ
1256 4764 1472 4836 μίξεσιν
1494 4763 1764 4834 ἑκατέρας

112 4856 388 4933 lecticam;
429 4863 565 4931 πρὸς
604 4850 825 4915 ἅπασαν
860 4860 1277 4930 ἀρρητουργίαν
1316 4856 1766 4926 ἀνερυθριὰστως

142 4965 415 5030 ἔχοντες·
458 4955 594 5026 πλὴν
623 4954 801 5014 ἐνίους
834 4954 1013 5005 αὐτῶν
1048 4968 1185 5021 φασι
1214 4951 1312 5020 τὴν
1342 4951 1482 5019 πρὸς
1512 4950 1612 5013 τάς
1641 4966 1765 5017 γεν-

142 5058 485 5129 νησαμένας
516 5052 832 5107 ἀποκλίνειν
864 5052 1184 5119 συνάφειαν.
1216 5049 1374 5118 Μέθῃ
1401 5048 1459 5099 δὲ
1492 5046 1590 5099 καὶ
1618 5047 1763 5098 ἀσω-

136 5150 284 5217 τείᾳ
312 5148 412 5199 τὸν
446 5144 561 5214 βίον
592 5143 711 5195 ὅλον
742 5141 958 5193 ἔκδοτον
989 5140 1175 5209 ἔχουσι
1201 5179 1215 5201 ,
1249 5143 1343 5191 καὶ
1377 5139 1563 5191 πᾶσαν
1594 5136 1764 5205 ἄλλην

132 5245 314 5314 ἠθῶν
344 5240 617 5305 διαφορὰν
653 5237 1030 5304 περιέπουσιν.
1063 5236 1126 5286 Ὃ
1158 5234 1213 5285 δὲ
1246 5235 1375 5301 περὶ
1402 5231 1495 5282 τοῦ
1530 5228 1766 5298 ἀτυχοῦς

132 5340 360 5393 τούτου
402 5330 643 5401 Τυχικοῦ
689 5330 941 5399 παρῆκεν
979 5331 1007 5379 ὁ
1049 5326 1231 5393 λόγος,
1268 5325 1427 5378 τοῦτο
1468 5322 1766 5392 προσθήσω

128 5431 276 5483 νῦν.
322 5420 497 5486 Οὗτος
542 5422 652 5491 γάρ
700 5422 908 5472 ἐκεῖνον
955 5417 1150 5469 ἑαυτὸν
1195 5414 1577 5483 ὲτερατολόιίει
1628 5406 1767 5463 εἶναι

128 5525 249 5576 τὸν
277 5523 338 5571 ἐν
365 5520 485 5579 ταῖς
516 5512 829 5574 ἐπιστολαῖς
857 5511 950 5562 τοῦ
988 5509 1321 5562 Ἀποστόλου
1353 5506 1655 5576 φερόμενόν
1681 5520 1763 5567 τε,

124 5614 258 5669 καὶ
293 5606 568 5677 πολλαχοῦ
603 5606 827 5675 μνήμης
860 5602 1259 5671 ἐπαινουμένης
1292 5598 1634 5664 ἀξιούμενον,
1665 5598 1766 5660 κή-

132 5707 312 5779 ρυκά
342 5721 403 5754 τε
442 5701 592 5771 παρὰ
619 5700 714 5751 τοῦ
749 5696 963 5749 Παύλου
999 5696 1133 5763 πρὸς
1167 5695 1365 5755 αὐτοὺς
1397 5691 1761 5745 ἀπεστάλθαι.

126 5777 274 5852 Καὶ
304 5796 341 5849 5t
367 5794 675 5861 διαγγέλει,
704 5791 800 5843 καὶ
827 5788 978 5856 λέγει
1008 5790 1084 5857 μὴ
1109 5787 1205 5848 τῆς
1235 5784 1430 5837 ἑαυτοῦ
1463 5784 1653 5850 σοφίας
1687 5777 1761 5833 εἴ·

1866 4774 2187 4838 termisisse,
2221 4787 2341 4841 qua:
2369 4770 2453 4825 vel
2480 4771 2859 4839 profundiora,
2894 4769 2979 4822 vel
3042 4768 3451 4835 imperfectiora

1864 4867 2048 4935 paucis
2080 4874 2259 4920 essent
2291 4864 2601 4933 profutura,
2656 4870 2752 4915 aut
2816 4860 3098 4930 placitura.
3138 4858 3453 4914 Sententiae

1866 4972 2042 5015 tamen
2099 4955 2640 5019 easdem.licetaliis
2699 4954 2904 5020 verbis,
2963 4953 3193 5023 aliisque
3239 4953 3452 5008 dicendi

1864 5051 2168 5105 rationibus
2200 5049 2416 5103 retinui.
2445 5048 2779 5117 Argumenta
2800 5061 2929 5101 vero
2963 5054 3074 5099 tum
3113 5060 3181 5101 ex
3204 5044 3453 5113 Evange-

1865 5144 1975 5210 liis,
2013 5154 2127 5199 tum
2152 5159 2220 5197 ex
2252 5142 2401 5196 Pauli
2431 5141 2661 5210 apostoli
2696 5140 2878 5194 verbis
2910 5140 3231 5208 deprompta
3294 5149 3442 5191 sunt.

1864 5236 2028 5291 Istius
2060 5235 2206 5290 enim
2242 5234 2466 5287 haeresis
2498 5231 2815 5285 defensores
2851 5232 2964 5283 baac
3014 5229 3127 5283 sola
3185 5243 3452 5282 veneran-

1867 5338 1956 5381 tur
1979 5337 2033 5381 et
2068 5326 2319 5396 probant.
2353 5322 2551 5377 Verum
2580 5325 2688 5376 duo
2722 5338 2827 5375 non
2860 5335 2981 5375 esse
3015 5320 3302 5388 principia,
3327 5320 3453 5374 licet

1869 5415 1922 5469 in
1957 5415 2113 5467 titulo
2134 5422 2321 5466 contra
2356 5411 2690 5465 Manichmos
2721 5411 3157 5464 demonstratum
3218 5408 3311 5472 sit,
3372 5418 3454 5461 ta—

1878 5524 1999 5561 men
2026 5506 2081 5559 in
2113 5504 2368 5573 praesenti
2422 5504 2586 5558 etiam
2651 5501 3135 5561 demonstrabitur,
3202 5501 3295 5553 sed
3347 5500 3454 5568 pri-

1876 5615 2020 5653 mum
2056 5598 2121 5651 de
2151 5596 2291 5650 malo
2324 5595 2613 5650 dicendum
2648 5603 2755 5658 est,
2787 5598 2927 5661 quod
2972 5592 3293 5661 principium
3339 5608 3455 5645 ma-

1872 5697 2003 5758 lum,
2026 5702 2078 5746 et
2106 5705 2293 5745 eorum
2325 5690 2587 5753 omnium,
2629 5702 2751 5754 qua:
2793 5688 2844 5739 in
2900 5686 3102 5739 mundo
3153 5697 3303 5748 sunt,
3357 5703 3454 5738 att-

1870 5798 2075 5838 ('toretn
2096 5781 2262 5849 impia
2291 5782 2394 5835 ista
2420 5777 2544 5833 mali
2576 5778 2862 5846 progenies
2891 5775 3170 5829 confinxit.

121 5916 273 5959 ναι,
302 5893 402 5947 τοῦ
433 5893 490 5944 δὲ
519 5888 830 5952 διδάξαντος
858 5888 954 5940 καὶ
982 5884 1386 5947 ἀπεσταλκότος
1452 5881 1668 5935 Παύλου
1735 5878 2202 5952 παραγγέλματα,
2231 5876 2411 5929 καίτοι
2441 5872 2819 5927 πεντακοσίων
2880 5869 3017 5921 ἐτῶν
3064 5872 3327 5938 μεταγενέ
3342 5886 3455 5922 στε-

132 6010 257 6063 po;
292 5988 517 6043 Παύλου
546 5986 641 6036 καὶ
667 5980 909 6051 Τυχικοῦ
937 5978 1200 6049 γεγονώς.
1227 5978 1351 6048 Χρὴ
1377 5976 1431 6029 δὲ
1498 5975 1815 6043 γινώσκειν,
1858 5975 1931 6037 ὡς
1973 5974 2001 6024 δ
2040 5971 2431 6041 ἐπιλεξάμενος
2472 5968 2582 6037 ἐγὼ
2630 5969 2696 6021 τά
2730 5985 2787 6019 τε
2830 5968 2933 6036 ἡῗη
2977 5964 3209 6035 ρηθέντα
3258 5971 3345 6019 καὶ
3384 5967 3450 6021 τὰ
