3960 6576
223 508 357 573 1201

1140 511 1514 572 PANOPLIA
1557 512 2012 575 DOGMATICA.
2054 538 2125 552 -
2160 515 2312 574 '“IT.
2352 515 2561 578 XXIV.

3344 512 3484 578 1202

226 634 319 686 ρον
342 618 437 670 καὶ
459 616 548 671 τὸν
573 619 791 688 Πατέρα
813 619 905 674 τοῦ
930 620 1127 694 Κυρίου
1161 624 1317 695 ἡμῶν
1356 625 1531 694 Ἰιησοῦ
1554 624 1790 696 Χριστοῦ

1913 625 1962 677 Id
1993 629 2316 683 obstruenda
2352 629 2635 697 impiorum
2681 630 2907 683 istarum
2937 644 3030 684 ora
3061 629 3152 700 qui
3182 644 3209 685 a
3245 630 3483 688 veritate

225 708 560 779 δημιουργὸν
591 710 687 763 καὶ
711 710 917 781 Κύριον
942 715 1290 786 παραστῆσαι
1320 716 1413 771 τοῦ
1446 720 1665 782 παντὸς,
1700 720 1795 772 καὶ

221 800 282 851 τὸ
324 799 590 869 θεομάχον
627 803 721 869 τῆς
747 803 1086 867 ἀποστασίας
1122 808 1399 879 ἐμφράξαι
1436 810 1610 876 στόμα
1642 828 1655 876 ;
1689 810 1795 862 Καὶ

219 891 299 959 τῷ
336 892 529 961 Πέτρῳ
564 892 619 946 δέ
648 911 813 963 φησιν
843 895 870 946 6
904 897 1095 968 Σωτήρ
1122 916 1137 930 υ
1170 902 1346 954 Δώσω
1373 917 1472 954 σοι
1505 900 1608 966 τὰς
1631 902 1797 967 κλεῖς

223 979 335 1046 τῆς
361 982 686 1049 ,Βασιλείας
726 985 844 1039 τῶν
876 987 1171 1055 οὐρανῶν,
1193 991 1288 1044 καὶ
1320 992 1385 1044 τὰ
1416 990 1563 1059 ἑξῆς.
1580 992 1721 1062 Ὀρα
1740 992 1795 1044 δὲ

222 1071 493 1124 καὶτοῦτο
509 1089 522 1103 ·
542 1076 901 1143 Βαπτισθείς
922 1082 954 1131 ὀ
971 1078 1205 1147 Ἰησοῦς
1221 1081 1458 1136 ἄνεισιν
1474 1084 1653 1149 εὐθὺς
1679 1084 1796 1138 ἀπὸ

223 1162 329 1217 τοῦ
352 1163 569 1232 ὕδατος
598 1181 613 1197 ⁶
646 1166 761 1232 πῶς
797 1169 855 1220 ὲν
883 1169 959 1239 τῷ
989 1171 1265 1243 πλάσματι
1297 1175 1389 1226 τοῦ
1414 1174 1672 1245 πονηροῦ,
1705 1177 1797 1228 καὶ

222 1254 318 1306 τοῦ
354 1256 559 1324 ἀγαθοῦ
596 1258 807 1330 Πατρός
829 1260 1034 1328 ἀγαθὸς
1066 1263 1194 1327 Υίὸς
1232 1266 1549 1334 βαπτισθεὶς
1584 1269 1796 1321 ἐκεῖθεν

223 1344 434 1411 avem;
484 1349 602 1415 καὶ,
644 1350 802 1405 Ἰδοὺ
843 1351 1242 1421 ἀνεῴχθησαν
1262 1360 1316 1410 ol
1338 1359 1603 1425 οὐρανοί.
1635 1359 1798 1410 ’Άλλο

227 1437 391 1489 πάλιν
417 1439 643 1507 πλάσμα
676 1446 921 1515 πονηρᾶς
952 1448 1132 1516 χειρὸς
1164 1448 1284 1501 κατ’
1315 1449 1532 1511 αὐτούς’
1572 1450 1713 1503 διατί
1742 1452 1797 1504 δὲ

225 1530 613 1601 ἀνεῴχθησαν,
656 1535 750 1588 καί⁸
770 1537 916 1600 τίνος
951 1540 1140 1609 χάρινς
1167 1536 1305 1595 Εἷὸε
1326 1542 1392 1596 τὸ
1422 1544 1662 1613 Πνεῦμα
1691 1545 1798 1599 τοῦ

224 1620 396 1708 θεοῦ,
429 1627 583 1693 φησι,
615 1628 980 1682 καταϐαῖνον
1003 1631 1147 1685 ὡσεὶ
1184 1636 1548 1703 περιστεράν
1570 1654 1584 1669 ο
1617 1638 1799 1708 τρίτος

220 1705 376 1777 οὗτος
408 1716 507 1787 τῆς
524 1718 779 1784 ἀσεϐείας
812 1721 869 1775 ὲν
902 1723 1102 1791 ὀλίγοις
1128 1718 1333 1797 ῥήμασι
1358 1705 1801 1798 θρίαμϐος-Πῶς

224 1805 337 1874 γὰρ
396 1808 452 1861 ὲν
501 1810 579 1881 τῷ
631 1812 913 1883 πλάσματι
965 1816 1057 1869 τοῦ
1116 1820 1355 1889 πονηροῦ
1400 1823 1461 1874 τὸ
1513 1822 1607 1875 τοῦ
1666 1823 1798 1876 Θεοῦ

227 1898 455 1969 Πνεῦμα
488 1904 781 1971 τυποῦται,
818 1908 912 1961 καὶ
952 1910 1191 1965 κάτεισιν
1241 1915 1306 1965 ἐκ
1340 1914 1450 1967 τῶν
1498 1916 1674 1986 ἔργων
1705 1918 1799 1970 τοῦ

1903 714 2236 780 deiecerunt,
2266 718 2495 771 validius
2551 734 2715 787 quam
2769 718 2915 773 locus
2986 719 3093 786 hic,
3148 734 3256 787 quo
3321 718 3481 776 Pater

1905 805 2118 861 Domini
2151 810 2317 861 uestri
2352 808 2479 862 Jesu
2506 809 2704 863 Christi
2744 810 2921 878 opifex
2948 822 3003 865 et
3072 811 3335 865 Dominus
3395 828 3480 865 re—

1906 914 2024 952 rum
2060 900 2297 951 omnium
2334 902 2861 954 declaratur‘ll‘etro
2893 903 3152 956 Dominus
3183 904 3297 957 ait:
3332 903 3481 956 Dabo

1903 988 1993 1041 tibi
2033 988 2198 1042 claves
2223 992 2365 1059 regni
2391 991 2637 1044 carlorum
2678 996 2717 1056 ',
2753 1003 2803 1045 et
2834 1008 2952 1060 qua
2983 1004 3300 1060 sequuntur.
3326 996 3479 1049 Adde

1904 1090 1956 1133 et
1997 1081 2175 1137 illud:
2233 1082 2548 1149 Baptizatus
2600 1085 2754 1139 Jews
2801 1085 3075 1154 confestim
3126 1087 3360 1139 ascendit
3419 1089 3482 1140 (l8

1905 1189 2040 1242 aqua
2061 1176 2105 1227 ¹.
2132 1175 2409 1240 Quomodo
2444 1177 2496 1229 in
2539 1191 2596 1230 re
2625 1193 2654 1230 a
2685 1178 2823 1230 mulo
2842 1177 3088 1232 confecta
3121 1179 3243 1231 boni
3269 1180 3357 1231 ille
3378 1179 3479 1231 Pa-

1904 1266 2001 1319 tris
2032 1265 2198 1322 Filius
2230 1270 2401 1321 b0nus
2424 1270 2726 1336 haptimtus
2755 1270 2876 1323 inde
2907 1269 3186 1323 aSCendil?
3220 1270 3314 1322 Et:
3350 1270 3483 1323 Ecce

1904 1361 2070 1426 aperti
2103 1368 2225 1412 sunt
2254 1360 2369 1413 cmli
2399 1359 2440 1420 ³,
2485 1377 2568 1413 res
2605 1362 2730 1413 item
2773 1377 2802 1415 a
2836 1362 2973 1414 mala
3010 1363 3246 1431 perfecta
3297 1379 3480 1425 mzmu,

1906 1457 1965 1502 ut
2004 1450 2088 1505 isti
2123 1450 2323 1509 volunt.
2361 1451 2585 1521 Propter
2628 1453 2753 1521 quid
2819 1464 3027 1515 autem,
3078 1465 3131 1507 et
3203 1456 3359 1525 cujus
3408 1460 3482 1509 rei

1907 1544 2077 1611 gratia
2110 1544 2281 1612 aperti
2320 1545 2584 1600 suntcceli
2609 1546 2632 1599 ?
2660 1547 2794 1599 Audi
2832 1562 2845 1597 :
2879 1546 3025 1600 Vidit
3057 1546 3317 1616 Spiritum
3358 1549 3475 1613 Dei,

1908 1634 2104 1703 inquit,
2135 1635 2523 1689 descendentem
2577 1644 2826 1705 tauquam
2862 1637 3158 1691 columbam
3191 1639 3230 1692 δ.
3270 1638 3486 1693 Tertius

1910 1735 1993 1781 est
2024 1726 2110 1781 hic
2142 1728 2328 1797 paucis
2358 1729 2532 1782 verbis
2566 1732 2858 1784 conclusus
2921 1733 3184 1786 adversus
3237 1731 3484 1799 impieta-

1914 1831 2015 1873 tem
2053 1821 2377 1888 triumphus.
2416 1820 2695 1888 Quomodo
2720 1823 2935 1878 enimiu
2969 1823 3137 1890 ﬁgura
3175 1825 3246 1876 rei
3276 1840 3302 1875 a
3340 1825 3483 1876 malo

1911 1911 2169 1966 confecta:
2211 1909 2447 1981 Spiritus
2482 1913 2573 1967 Dei
2603 1914 2934 1979 declaratur,
2996 1923 3047 1966 et
3078 1915 3357 1969 descendit
3417 1931 3481 1967 ex

226 1990 445 2059 ἐχθροῦ,
466 1995 723 2049 κάκεῖθεν
745 1999 932 2053 κατιὸν
954 2001 1175 2071 ἔρχεται
1197 2005 1289 2058 ἐπὶ
1309 2005 1399 2059 τὸν
1437 1982 1675 2079 Ἰησοῦνς
1707 2008 1801 2061 καὶ

1913 2004 2161 2071 operibus
2194 2004 2397 2058 inimici
2427 2042 2442 2068 ,
2480 2014 2535 2057 et
2567 2006 2711 2060 venit
2764 2012 2929 2076 super
2956 2006 3135 2061 Jesum
3161 2006 3189 2060 ?‘
3247 2006 3484 2072 Quartus

226 2085 460 2157 τετάρτη
499 2089 670 2159 στήλη
704 2092 800 2161 τῆς
836 2095 1125 2158 ἀσεϐείας,
1167 2098 1321 2169 φωνὴ
1359 2099 1559 2153 δίδοται
1597 2102 1659 2156 ὲκ
1692 2102 1800 2156 τῶν

224 2177 504 2261 οὐρανῶν·
545 2176 734 2247 Οὗτός
766 2183 935 2237 ἐστιν
974 2188 1007 2240 ό
1054 2188 1186 2254 Υἱός
1224 2206 1343 2258 μου
1392 2194 1425 2245 ό
1474 2192 1799 2261 ἀγαπητὸς.

225 2266 298 2318 ἐν
335 2258 384 2333 ᾧ
431 2267 758 2339 εὐδόκησα.
823 2272 1144 2331 Ἐπισκόπει
1193 2296 1307 2348 μοι,
1359 2258 1633 2352 ἀγαπητὲ,
1662 2258 1802 2337 ⁷καθ’

227 2358 465 2429 ἑκάστην
494 2361 640 2427 λέξιν
669 2366 817 2429 ὅπως
846 2368 1038 2433 αὐταῖς
1071 2372 1430 2441 συμπρόεισιν
1469 2377 1495 2427 ό
1526 2376 1668 2429 κατὰ
1704 2377 1804 2447 τῆς

228 2450 490 2517 ἀσεϐείας
532 2453 775 2524 ἄφυκτος
825 2458 1067 2531 ἐλεγχος.
1104 2457 1293 2529 οὗτός
1350 2465 1504 2531 ἐστι,
1541 2467 1737 2538 φησιν,
1772 2471 1806 2523 ό

225 2543 359 2609 Υἱός
381 2561 502 2613 μου
537 2548 570 2601 ό
598 2548 925 2618 ἀγαπητὸς,
956 2552 1026 2607 ἐν
1052 2547 1100 2621 ᾧ
1119 2555 1449 2624 εὐδόκησα.
1482 2558 1609 2627 Τίς;
1634 2553 1803 2626 Οὗτος

226 2635 254 2687 6
284 2638 342 2688 ὲν
378 2636 531 2693 ὕδατι
567 2640 988 2713 βαπτιζόμενος,
1023 2639 1066 2715 ᾧ
1099 2647 1451 2720 ἠνεῴχθησαν
1480 2654 1527 2706 oi
1557 2654 1801 2722 οὐρανοὶ,

229 2725 317 2795 ἐφ’
345 2726 403 2780 ὅν
434 2729 494 2781 τὺ
524 2730 750 2803 Πνεῦμα
778 2734 837 2787 τὸ
869 2735 1002 2806 ὲμὸν
1032 2739 1087 2791 ὲν
1124 2742 1309 2809 μορφῇ
1342 2747 1672 2814 περιστερᾶς
1703 2763 1805 2799 xa-

230 2818 486 2875 ταδαῖνον
542 2825 607 2877 ἐκ
661 2824 770 2881 τῶν
828 2828 1074 2899 οὐρανῶν
1120 2835 1661 2906 συνεπιμαρτύρεται
1711 2839 1804 2892 τοῦ

236 2911 637 2984 βαπτιζομένου
662 2919 761 2989 τὴν
798 2920 1043 2992 υίότητα.
1070 2924 1252 2978 Πάντα
1283 2928 1390 2996 ἐμά
1417 2928 1505 2982 διὰ
1528 2928 1638 2983 τῶν
1658 2931 1807 3000 ἐμῶν

230 3006 567 3075 κτισμάτων.
614 3009 670 3063 '0
700 3012 831 3081 ἐμὸς
852 3012 1000 3076 Υἱὸς,
1026 3016 1087 3068 τὸ
1108 3016 1321 3087 θέλημα
1344 3021 1568 3092 πληρῶν
1585 3023 1644 3075 τὸ
1670 3025 1804 3095 ἐμὸν

228 3097 331 3168 τὴν
362 3102 637 3171 σωτηρίαν
660 3106 1103 3175 καταπράττεται
1131 3110 1225 3163 τοῦ
1244 3111 1477 3183 κόσμου,
1512 3115 1680 3188 μόνης
1707 3119 1804 3186 τῆς

230 3190 327 3242 τοῦ
366 3192 685 3262 Πνεύματος
718 3197 965 3262 ἐξουσίας
998 3199 1076 3271 τῷ
1110 3202 1342 3273 ὁμοφυεῖ
1373 3208 1801 3280 συμπαρούσης,

233 3281 331 3387 καλ
374 3284 859 3362 ἀνακηρυττούσης
902 3292 979 3362 τῷ
1017 3294 1303 3365 πράγματι
1348 3299 1409 3352 τὸ
1449 3301 1670 3372 γνήσιον
1707 3302 1807 3373 τῆς
1839 3331 1880 3387 c

233 3376 505 3445 υίότητος.

306 3466 371 3522 El
399 3469 587 3542 θρόνον
611 3473 702 3527 τοῦ
723 3475 857 3529 Θεοῦ
885 3476 975 3531 τὸν
999 3477 1225 3549 οὐρανὸν
1251 3482 1410 3535 καλεῖ
1435 3485 1462 3535 6
1481 3485 1680 3553 μᾶλλον
1702 3485 1809 3539 τῶν

229 3558 411 3614 ἄλλων
442 3563 530 3615 τὸν
566 3565 783 3636 Πατέρα
810 3568 903 3620 καὶ
928 3571 995 3622 τά
1032 3569 1124 3622 τοῦ
1157 3572 1369 3642 Πατρός
1399 3574 1574 3642 εἰδὼς,
1606 3577 1810 3630 ὑποπό-

229 3653 344 3707 διον
377 3655 434 3708 δὲ
476 3657 575 3727 τὴν
613 3660 747 3729 γῆν,
787 3662 879 3713 καὶ
918 3662 1073 3716 πόλιν
1114 3664 1278 3717 αὐτοῦ
1312 3666 1380 3719 τὰ
1422 3667 1805 3738 Ἱεροσόλυμα·

232 3745 354 3808 πῶς
374 3746 473 3800 οὐκ
500 3749 734 3821 ἐσχάτης
761 3753 1040 3819 ἀσεϐείας,
1066 3748 1141 3810 ὧν
1166 3754 1374 3827 μάρτυς
1401 3760 1428 3810 6
1456 3759 1603 3825 Υίὸς,
1638 3759 1812 3814 ταῦτά

230 3855 391 3906 τινας
422 3841 772 3909 περικόπτειν
797 3845 980 3908 αὐτοῦ,
1008 3850 1105 3900 καὶ
1128 3846 1312 3919 ἕτερον
1341 3849 1447 3903 τλίν
1483 3853 1811 3922 περικοπέν-

231 3950 342 3987 των
377 3936 550 3987 ποιεῖν
588 3938 819 4006 ποιητήν
849 3954 864 4004 ;
915 3938 973 3991 Ὀ
1005 3939 1114 4010 γὰρ
1150 3939 1329 3995 πάντα
1362 3942 1499 4010 πρὸς
1534 3945 1810 4015 σωτηρίαν

231 4028 394 4096 ἡμῶν
411 4030 504 4080 καὶ
526 4028 803 4097 πράττων,
824 4030 921 4083 καὶ
945 4032 1139 4099 ποιῶν,
1157 4034 1249 4086 καὶ
1274 4037 1554 4104 παραινῶν
1578 4039 1810 4109 Χριστὸς

232 4119 261 4170 6
292 4118 424 4183 Θεὸς
456 4120 546 4172 τὸν
583 4121 743 4191 ὅρκον
767 4120 840 4185 ὡς
882 4122 1013 4175 ὄντα
1042 4124 1140 4193 τῆς
1181 4125 1465 4196 ἐπιορκίας
1504 4129 1681 4198 πύλην
1712 4133 1811 4201 τῆς

234 4210 590 4283 ἀνθρωπίνης
634 4213 939 4267 ἀποκλείων
985 4215 1262 4277 πολιτείας
1304 4220 1500 4289 φησιν’
1561 4221 1708 4291 Ἐγὼ
1748 4223 1816 4277 δὲ

233 4307 392 4375 λέγω
428 4308 573 4375 ὑμῖν
600 4308 685 4377 μὴ
720 4310 934 4379 ὀμόσαι
964 4310 1112 4373 ὅλως
1136 4311 1290 4380 μήτε
1318 4315 1388 4369 ἐν
1426 4315 1504 4379 τῷ
1543 4315 1776 4383 οὐρανῷ
1798 4359 1813 4380 ,

234 4395 328 4448 ὅτι
358 4395 569 4462 θρόνος
590 4396 720 4450 ἐστὶ
742 4397 848 4452 τοῦ
880 4398 1049 4459 Θεοῦ,
1068 4401 1221 4467 μήτε
1242 4402 1311 4455 ἐν
1337 4402 1411 4469 τῆ
1431 4403 1530 4472 γῆ,
1556 4404 1642 4458 ὅτι
1670 4407 1816 4460 ὐπο-

232 4488 453 4541 “eam
483 4489 603 4542 τῶν
631 4488 834 4542 ποδῶν
855 4491 1044 4544 αὐτοῦ
1076 4492 1227 4557 ἐστι,
1259 4494 1409 4562 μήτε
1436 4499 1523 4562 εις
1564 4497 1817 4563 Ἰεροσό-

230 4586 423 4650 λυμα,
450 4582 537 4634 ὅτι
566 4583 741 4646 πόλις
773 4582 903 4634 ἐστὶ
924 4583 1031 4635 τοῦ
1042 4583 1350 4651 βασιλέως
1378 4587 1483 4641 τοῦ
1507 4588 1775 4657 μεγάλου
1800 4606 1810 4619 ·

1909 2094 2165 2147 adversus
2196 2094 2525 2163 impietatem
2561 2098 2886 2164 triumphus,
2913 2111 3014 2150 vox
3041 2112 3072 2150 e
3110 2095 3247 2150 coelo
3276 2096 3479 2149 editur:

1913 2184 2013 2237 llic
2041 2193 2119 2237 est
2149 2183 2320 2239 Filius
2357 2202 2498 2238 meus
2533 2186 2775 2249 dilectus,
2812 2188 2865 2240 in
2894 2203 2993 2254 quo
3023 2187 3152 2239 mihi
3181 2188 3304 2240 bene
3345 2202 3489 2237 com-

1906 2275 2081 2345 placui
2117 2277 2160 2332 ⁸.
2198 2276 2514 2343 Considera,
2548 2292 2754 2347 quaeso,
2776 2277 2969 2341 amice,
2999 2276 3273 2346 quomodo
3303 2278 3487 2345 singu-

1909 2370 1957 2421 la
1996 2376 2309 2438 argumenta
2343 2380 2638 2438 coarguunt
2672 2369 3000 2436 impietatem
3037 2380 3199 2437 atque
3252 2370 3477 2422 convin-

1908 2473 2040 2517 cunt
2074 2478 2087 2516 :
2123 2462 2226 2515 Hic
2255 2473 2354 2529 est,
2387 2463 2588 2532 inquit,
2623 2460 2801 2519 Filius
2833 2479 2977 2517 meus
3032 2462 3276 2527 dilectus,
3313 2462 3369 2515 in
3386 2475 3488 2530 quo

1910 2553 2037 2606 mihi
2113 2554 2237 2606 bene
2289 2554 2581 2622 complacui
2612 2554 2652 2607 ⁸.
2712 2552 2884 2619 Quis?
2940 2551 3039 2609 llic
3092 2554 3184 2623 qui
3223 2553 3276 2607 in
3330 2551 3490 2621 aquis

1908 2647 2208 2716 baptizatus
2233 2657 2336 2712 est,
2363 2649 2446 2703 cui
2468 2648 2647 2716 aperti
2673 2655 2799 2700 sunt
2824 2646 2967 2712 cmli,
2994 2662 3158 2714 super
3177 2661 3338 2717 quem
3366 2646 3488 2713 Spi-

1912 2740 2046 2793 ritus
2080 2754 2228 2795 meus
2257 2741 2309 2793 in
2345 2738 2608 2794 columba:
2662 2737 2834 2791 forma
2893 2737 3170 2791 descendit
3225 2751 3255 2790 e
3305 2738 3481 2798 ctelis,

1913 2842 2246 2901 testaturque
2309 2830 2456 2886 illum
2477 2845 2596 2886 esse
2639 2844 2823 2884 verum
2849 2829 3048 2883 Filium
3077 2844 3258 2884 suum.
3292 2827 3486 2883 Omnia

1914 2939 2029 2979 mea
2063 2938 2157 2991 per
2184 2939 2271 2977 res
2300 2938 2328 2976 a
2360 2938 2444 2976 me
2479 2931 2811 2993 procreatas.
2850 2920 3018 2976 Filius
3052 2936 3201 2975 tueus
3231 2920 3480 2974 volunta-

1913 3028 2022 3072 tem
2061 3032 2231 3071 meam
2262 3030 2570 3083 exsequens
2603 3014 2786 3069 mundi
2818 3014 3047 3071 salutem
3077 3014 3308 3083 peragit,
3371 3012 3486 3069 sola

1915 3107 2151 3178 Spiritus
2185 3117 2451 3177 potestate
2475 3106 2638 3161 simul
2676 3121 2797 3160 cum
2822 3106 2939 3169 illo,
2970 3106 3061 3174 qui
3115 3113 3200 3159 est
3237 3106 3483 3175 ejusdem

1915 3211 2140 3265 naturae,
2169 3199 2484 3263 exsisteute,
2527 3208 2582 3254 et
2610 3198 2784 3266 reipsa
2812 3211 3127 3269 germanum
3168 3198 3339 3262 ipsum
3367 3212 3492 3253 esse

1915 3290 2110 3344 Filium
2147 3290 2473 3345 declarante.

1988 3470 2044 3525 Si
2080 3470 2127 3525 is
2152 3469 2240 3538 qui
2270 3469 2504 3523 maxime
2540 3468 2785 3523 omnium
2805 3469 3043 3533 Patrem,
3078 3477 3133 3524 et
3158 3485 3278 3540 quae
3308 3468 3490 3526 Patris

1913 3572 2058 3627 Stml,
2094 3563 2265 3624 novit,
2301 3561 2393 3616 Dei
2426 3564 2680 3616 thronum
2710 3563 2905 3617 caelum
2966 3564 3223 3633 appellat,
3284 3575 3485 3629 terram

1914 3668 2094 3713 autem
2128 3655 2443 3720 scabellum,
2484 3666 2539 3708 et
2566 3654 2846 3709 civitatem
2878 3654 3052 3724 ipsius
3088 3650 3533 3728 Hierosolyma-,'

1914 3763 2092 3804 nonne
2117 3764 2340 3804 summa:
2389 3748 2672 3802 dementiae
2735 3755 2840 3811 est,
2901 3761 3132 3816 quorum
3182 3748 3338 3803 testis
3398 3760 3486 3804 est

1910 3843 2103 3912 Filius,
2132 3857 2191 3897 ea
2224 3842 2484 3911 quosdam
2521 3840 2594 3895 illi
2632 3842 2891 3907 adimere,
2926 3853 3181 3896 eteorum
3211 3850 3491 3897 auctorem

1914 3938 2075 3991 alium
2106 3932 2477 3989 constituere?
2512 3931 2760 3987 Christus
2783 3931 2927 3986 enim
2968 3931 3124 3998 Deus,
3154 3931 3312 4000 cujus
3372 3948 3492 3987 om-

1912 4030 2001 4083 nia
2056 4029 2199 4081 facta
2239 4026 2491 4096 dictaque
2522 4025 2794 4094 pertinent
2825 4024 2891 4078 ad
2943 4024 3171 4079 salutem
3224 4032 3490 4085 nostram,

1913 4135 2034 4174 cum
2062 4119 2128 4172 ab
2160 4119 2391 4171 humana
2430 4114 2930 4185 vitajusjurandum
2961 4155 2976 4180 ,
3006 4125 3262 4219 tanquam
3291 4116 3493 4169 aditum

1915 4211 1980 4262 ad
2008 4208 2326 4277 periurium,
2367 4219 2667 4262 removeret
2706 4225 2717 4261 :
2750 4205 2863 4276 Ego
2895 4216 3095 4278 autem,
3121 4205 3320 4276 inquit,
3379 4208 3496 4259 dico

1914 4301 2079 4366 vobis,
2117 4316 2180 4353 ne
2204 4300 2395 4367 juretis
2432 4300 2671 4361 omnim,
2695 4315 2859 4368 neque
2886 4314 2977 4365 per
2999 4299 3185 4353 caelum
3213 4300 3303 4367 qui
3350 4301 3499 4352 Hiro-

1917 4408 2013 4445 uus
2053 4401 2129 4445 est
2156 4390 2457 4460 Dei,neque
2507 4404 2600 4455 per
2642 4398 2861 4452 terram,
2898 4391 3026 4459 quia
3074 4391 3363 4443 scabellum
3412 4403 3490 4442 est

1917 4483 2105 4552 pedum
2136 4482 2271 4551 ejus,
2310 4496 2473 4551 neque
2499 4497 2590 4550 per
2615 4481 3012 4551 Hierosolyma,
3043 4482 3167 4550 quia
3193 4483 3376 4536 civitas
3427 4492 3504 4536 est

1922 4577 2061 4647 regis
2093 4575 2310 4643 magni;
2337 4589 2499 4642 neque
2520 4588 2612 4641 per
2636 4581 2792 4639 caput
2822 4582 2992 4635 tuum,
3025 4574 3151 4638 quia
3203 4588 3304 4624 non
3357 4584 3501 4641 potes

232 4674 399 4728 ἀλλὰ
422 4672 570 4740 μηδὲ
600 4672 668 4726 ἐν
695 4671 769 4741 τῇ
789 4673 1026 4742 κεφαλῇ
1052 4691 1191 4740 σου,
1216 4677 1398 4746 φησὶν,
1423 4678 1511 4731 ότι
1535 4681 1607 4735 οὐ
1632 4679 1806 4736 δύνα·

1919 4684 2078 4721 unum
2101 4665 2351 4733 capillum
2377 4664 2556 4717 album
2607 4662 2778 4732 facere
2802 4673 2891 4716 aut
2926 4664 3156 4733 nigrum.
3209 4660 3404 4732 Caput,
3454 4673 3503 4715 et

232 4780 343 4820 σαι
366 4766 512 4833 μίαν
536 4765 707 4834 τρίχα
737 4763 989 4832 λευκὴν,
1026 4764 1063 4832 ἢ
1091 4766 1387 4834 μέλαιναν
1414 4768 1687 4838 ποιῆσαι,
1720 4789 1812 4824 κε-

220 4857 438 4930 φαλὴν,
475 4858 568 4909 καὶ
616 4856 984 4925 Ἱεροσόλυμα,
1027 4861 1122 4911 καὶ
1168 4859 1294 4926 γῆν,
1343 4862 1439 4915 καὶ⁸
1470 4862 1697 4932 οὐρανὸν
1745 4865 1813 4919 τὰ

234 4948 472 5014 αἰσθητά
505 4948 574 5000 τά
602 4946 723 5015 ὄψει
762 4948 1058 5017 κρινόμενα
1091 4946 1285 5014 λέγων,
1317 4947 1352 5001 ἃ
1384 4951 1496 5008 τοῖς
1537 4950 1811 5015 Ἰουδαίοις

1912 4755 2299 4824 Hierosolyma,
2326 4761 2376 4808 et
2412 4762 2629 4819 terram,
2662 4764 2710 4806 et
2741 4753 2925 4807 malum
2958 4755 3207 4809 sensibus
3232 4769 3354 4807 esse
3403 4754 3499 4808 ob-

1912 4848 2071 4903 noxia
2120 4849 2294 4917 reipsa
2331 4847 2624 4911 cernimus,
2657 4860 2778 4916 qua:
2834 4842 3007 4900 Judaei
3058 4845 3307 4912 jurantes
3362 4846 3504 4900 sole-

1908 4940 2353 4996 bantnmuinare.
2386 4938 2464 4992 Ac
2493 4952 2559 4992 ne
2591 4953 2802 4993 rursum
2822 4938 2886 4993 ad
2912 4937 3123 4993 fabulas
3146 4950 3199 4993 et
3222 4956 3393 5009 nugas
3417 4955 3506 4992 ca-

232 5039 307 5111 ἦν
335 5040 454 5103 ἔθος
479 5043 640 5109 ὅρκον
672 5039 1025 5109 ποιῆσαι.Μὴ
1056 5041 1119 5109 δὴ
1158 5040 1319 5093 πάλιν
1348 5042 1429 5104 είς
1453 5041 1679 5111 μύθους,
1716 5045 1806 5098 καὶ

1913 5040 1999 5093 Put
2023 5042 2070 5084 et
2097 5029 2480 5099 Hierosolyma,
2500 5040 2548 5083 et
2566 5043 2760 5084 terram
2780 5040 2827 5083 et
2846 5031 3029 5085 uelum
3049 5031 3255 5085 insania
3280 5030 3497 5091 referat,

235 5134 439 5203 λήρους
480 5134 580 5204 τὴν
627 5132 888 5201 κεφαλὴν,
924 5133 1014 5185 καὶ
1050 5132 1118 5183 τὰ
1168 5132 1538 5202 Ἱεροσόλυμα,
1582 5136 1675 5188 καὶ
1713 5136 1812 5206 τὴν

237 5226 347 5292 γῆν
369 5266 381 5287 ,
426 5226 519 5275 καὶ
552 5224 641 5274 τὸν
677 5223 903 5292 οὐρανὸν
932 5223 964 5291 ἡ
995 5223 1161 5291 μανία
1200 5223 1617 5289 παρατρεπέτω,
1648 5225 1722 5286 ὡς
1755 5229 1815 5278 ὲν

241 5313 460 5375 πολλοῗς
484 5311 672 5365 εἴωθεν
709 5311 767 5376 ἐξ
796 5312 1028 5379 ἀπορίας
1059 5312 1249 5363 ποιεῖν.
1279 5311 1381 5363 Τὸν
1407 5313 1513 5382 γὰρ
1543 5313 1816 5382 ὁρώμενον

240 5410 397 5473 οὐρα·
421 5404 498 5463 δν.
533 5403 628 5456 καὶ
654 5404 750 5474 τὴν
784 5402 1045 5473 αἰσθητὴν
1083 5401 1187 5471 γῆν
1216 5402 1306 5454 καὶ
1339 5404 1407 5455 τὰ
1448 5402 1815 5474 Ἱεροσόλυμα,

244 5498 283 5551 ἃ
319 5498 484 5549 πάλαι
514 5496 611 5565 μὲν
640 5494 979 5566 ᾠκοδόμητο,
1016 5494 1229 5562 γενεαῖς
1261 5490 1316 5546 δὲ
1352 5491 1574 5563 ὕστερον
1604 5493 1632 5544 6
1657 5494 1821 5547 Δαόὶδ

244 5586 620 5655 ἀνοικοίομεί,
654 5584 749 5638 καὶ
778 5583 981 5646 πολίζει
1016 5582 1214 5647 ταῦτα,
1248 5581 1339 5633 τὸν
1375 5582 1476 5650 μὲν
1508 5582 1694 5652 θρόνον
1719 5600 1819 5636 κα-

243 5679 346 5743 λεῖ,
378 5678 476 5749 τὴν
502 5678 559 5729 δὲ
588 5676 896 5739 ὑποπόδιον,
930 5674 998 5727 τά
1026 5675 1081 5726 δὲ
1107 5674 1259 5726 πόλιν
1279 5672 1372 5725 τοῦ
1399 5673 1634 5742 μεγάλου
1666 5674 1819 5744 βασις

247 5770 404 5834 λέως,
441 5770 594 5822 ποίου
621 5769 676 5821 δὲ
699 5768 963 5840 βασιλέως
988 5809 1003 5834 ,
1042 5765 1201 5828 αὐτὸς
1228 5764 1456 5835 ἑτέρωθι
1490 5766 1819 5835 σαφέστερον

1913 5133 1971 5179 ut
1998 5138 2140 5192 smpe
2174 5122 2223 5176 in
2266 5122 2426 5176 rebus
2468 5122 2646 5177 dubiis
2698 5121 2878 5177 facere
2940 5126 3244 5183 consuevit,
3303 5122 3499 5177 cmlum

1915 5219 2038 5281 hoc,
2064 5216 2209 5284 quod
2239 5215 2411 5269 oculis
2445 5215 2738 5280 cernimus,
2775 5224 2829 5269 et
2860 5224 3061 5268 terram
3123 5216 3283 5277 hanc,
3338 5231 3500 5281 quam

1916 5310 2203 5368 calcamus,
2247 5317 2304 5362 et
2344 5306 2733 5377 Hierosolyma,
2781 5323 2900 5376 qua:
2923 5308 3139 5376 quidem
3191 5307 3318 5358 urbs
3379 5323 3500 5357 eum

1917 5401 2044 5455 olim
2076 5409 2220 5456 esset
2246 5400 2529 5465 :edilicata,
2566 5400 2744 5452 multis
2774 5408 2957 5468 postea
3001 5398 3213 5452 saeculis
3240 5412 3266 5450 a
3300 5396 3502 5449 Duvide

1928 5492 2228 5546 instaurata
2253 5500 2335 5546 est
2362 5500 2415 5544 et
2449 5490 2712 5553 habitata,
2743 5490 2858 5543 haec
2890 5491 3167 5551 thronum,
3197 5496 3252 5542 et
3292 5488 3504 5541 srabel-

1926 5580 2058 5645 lum,
2099 5591 2152 5635 et
2185 5580 2457 5635 civitatem
2486 5579 2665 5647 magni
2698 5579 2839 5646 regis
2870 5579 3148 5649 appellat;
3188 5578 3343 5650 cujus
3407 5596 3508 5629 au-

1930 5681 2033 5726 tem
2082 5672 2242 5741 regis,
2287 5672 2405 5741 ipse
2433 5670 2634 5725 clarius
2664 5669 2791 5726 alibi
2844 5670 3226 5727 demonstrat:
3299 5668 3502 5735 Nolite,

1928 5764 2200 5835 inquiens,
2234 5761 2406 5832 facere
2434 5762 2648 5818 domum
2680 5763 2861 5818 Patris
2893 5764 2994 5819 mei
3028 5765 3241 5818 domum
3272 5764 3505 5836 negotia-

321 5939 339 5971 ⁸
371 5936 563 5991 Matth.
592 5950 702 6001 ινι,
749 5932 828 5993 l9,
908 5931 926 5960 '
965 5927 1157 5982 Matth.
1204 5941 1283 5990 ιιι,
1338 5924 1419 5979 ιο.
1498 5923 1517 5955 ³
1546 5924 1673 5978 ibid.
1716 5926 1799 5979 17.

1940 5924 2093 5977 ίοιιι.
2130 5939 2167 5986 ι,
2196 5920 2281 5977 οε.
2362 5921 2381 5952 ⁸
2412 5921 2600 5977 Matth.
2632 5939 2712 5989 ιιι,
2748 5923 2831 5978 l7.
