3960 6558
313 502 452 580 1205

1245 511 1619 571 PANOPLIA
1664 511 2119 571 DOGMATICA.
2144 530 2210 544 -
2247 510 2399 573 ΤῙΤ.
2440 510 2652 573 XXIV.

3440 506 3577 572 nos

306 625 466 674 εἰσιν
489 623 542 674 οι
565 622 682 676 vlo!
707 619 811 677 τοῦ
832 619 1130 690 πονηροῦ.
1166 620 1231 674 '0
1255 619 1323 673 δὲ
1342 620 1556 689 ἐχθρὸς
1577 621 1609 672 ὁ
1631 617 1885 685 σπείρας

2019 624 2069 669 st
2091 616 2330 670 diabolus
2368 619 2411 672 ¹.
2471 619 2637 683 Audis
2706 620 2978 688 quomodo
3032 617 3291 672 mundum
3344 620 3579 689 appellet

306 712 462 765 αὐτά
491 715 666 765 ἐστιν
699 718 731 767 ό
761 713 1065 780 διάϐολος.
1113 712 1355 775 Ἀκούεις
1397 712 1516 774 πῶς
1552 712 1647 764 τὸν
1682 712 1885 779 κόσμον

312 807 415 875 μὲν
444 805 638 858 ἐαυτοῦ
668 805 837 872 λέγει,
870 806 966 858 καὶ
997 805 1217 875 σπέρμα
1249 805 1412 858 πάλιν
1444 804 1639 857 ἐαυτοῦ
1672 804 1797 865 τοὺς
1828 804 1886 854 ἐν

312 897 463 967 αὐτῷ
489 940 502 962 ,
542 898 636 959 οὓς
667 898 760 950 καὶ
793 897 941 955 υἱοὺς
970 899 1069 967 τῆς
1100 896 1381 967 βασιλείας
1410 895 1560 963 λέγει
1585 937 1599 959 ,
1639 896 1798 963 μόνον
1830 892 1887 945 δὲ

309 992 411 1062 τὴν
456 992 565 1044 τῶν
615 991 870 1055 ζιζανίων
914 991 1218 1062 ἐπισπορᾶν
1259 990 1337 1052 είς
1383 988 1475 1040 τὸν
1524 988 1716 1057 ἐχθρδν
1752 986 1889 1038 ἀπο·

315 1088 547 1155 πέμπει.
594 1086 681 1138 Ἐν
711 1085 766 1137 δὲ
789 1086 901 1147 τοῖς
935 1082 1133 1152 ἐφεξῆς
1163 1081 1480 1154 περιφανῶς
1508 1080 1702 1133 ἑαυτοῦ
1737 1080 1891 1148 βασι-

313 1174 466 1228 λείαν
500 1173 869 1244 ἁνακηρύττει
902 1174 993 1226 τὸν
1026 1173 1251 1243 κόσμον.
1290 1173 1450 1235 Πῶς;
1498 1172 1602 1224 Ἐν
1636 1169 1710 1238 τῇ
1740 1186 1891 1223 συν-

317 1269 542 1334 τελείᾳ,
586 1269 742 1336 φησὶ,
782 1267 892 1321 τεῦ
945 1266 1164 1332 αἰῶνος
1211 1267 1450 1329 τούτου,
1490 1265 1604 1317 ἀλλ’
1639 1265 1759 1333 οὐχὶ
1797 1260 1892 1315 τοῦ

321 1358 630 1424 μέλλοντος,
672 1355 1003 1410 ἀποστελεῖ
1028 1358 1059 1409 ό
1100 1355 1235 1416 Υἱὸς
1278 1354 1386 1407 τοῦ
1410 1352 1724 1420 ἀνθρώπου
1755 1352 1894 1415 τοὺς

318 1447 615 1515 ἀγγέλους
643 1446 861 1509 αὑτοῦ,
896 1445 995 1497 καὶ
1027 1444 1447 1507 συλλέξουσιν
1475 1443 1544 1497 ἐκ
1574 1442 1684 1509 τῆς
1712 1441 1893 1505 βασι-

336 1540 490 1604 ιειάς
528 1537 737 1601 αὑτοῦ,
794 1536 1034 1605 δηλονότι
1088 1536 1213 1589 τοιΤ
1236 1536 1502 1606 παρόντος
1538 1536 1766 1603 κόσμου,
1821 1534 1895 1587 τὰ

320 1629 659 1684 σκάνδαλα.
708 1630 781 1683 Οὐ
822 1628 932 1699 γὰρ
978 1630 1035 1681 ἐν
1078 1631 1144 1698 τῇ
1197 1627 1483 1697 μελλούσῃ.
1538 1628 1631 1682 καὶ
1669 1627 1894 1682 ἀτελευ-

317 1725 484 1790 τήτῳ.
538 1720 787 1791 οὕμενον,
841 1719 965 1772 οὔτε
1002 1718 1234 1783 ,ζιζάνια
1289 1719 1590 1791 σπείρεται,
1623 1720 1717 1771 καὶ
1766 1717 1895 1787 φύε-

318 1831 434 1875 ται,
469 1812 594 1865 οὕτε
650 1812 965 1865 συνίσταται
1018 1812 1313 1876 σκάνδαλα,
1348 1810 1434 1864 ἵνα
1483 1811 1547 1862 ἐκ
1590 1810 1792 1879 ταύτης
1845 1810 1895 1862 οί

317 1905 541 1971 ἄγγελοι
585 1905 679 1958 τοῦ
729 1905 859 1957 Υίοῦ
892 1905 987 1958 τοῦ
1034 1903 1324 1974 ἀνθρώπου
1359 1902 1687 1967 συλλέξωσιν
1734 1902 1891 1956 αὑτά.

1993 722 2172 771 suum,
2217 718 2271 762 et
2314 724 2497 762 semen
2542 709 2669 765 item
2705 724 2884 771 suum,
2926 722 3022 764 eos
3055 710 3143 777 qui
3200 712 3251 761 in
3301 710 3393 763 illo
3430 720 3576 774 sunt,

1991 812 2128 866 quos
2153 808 2207 851 et
2233 800 2380 867 regni
2414 801 2549 854 tllios
2577 808 2759 866 vocat,
2785 809 2837 855 et
2875 802 3043 855 solam
3087 800 3307 855 inimico
3344 802 3579 855 zizanio-

1995 904 2109 941 rum
2140 892 2401 944 sationem
2457 892 2699 945 tribuat?
2730 892 2896 946 Porro
2932 893 2983 946 in
3018 892 3082 946 iis
3110 908 3228 962 quae
3251 904 3576 963 sequuntur,

1995 995 2212 1049 regnum
2242 996 2397 1035 Suum
2431 994 2614 1051 aperte
2649 985 2905 1037 mundum
2965 1001 3085 1039 esse
3137 985 3402 1040 declarat.
3432 986 3579 1050 Quo-

1998 1070 2195 1124 modo?
2228 1070 2293 1125 In
2319 1076 2787 1139 consummatione,
2826 1075 3021 1144 inquit.
3050 1077 3233 1131 swculi
3263 1077 3444 1145 hujus,
3471 1094 3576 1131 non

1996 1174 2174 1218 autem
2201 1164 2383 1229 futuri,
2400 1168 2568 1219 mittet
2586 1165 2759 1221 Filius
2776 1169 3003 1222 hominis
3019 1169 3228 1237 angelos
3243 1187 3387 1233 suos,
3407 1180 3456 1222 et
3475 1172 3584 1223 rol-

1996 1255 2150 1326 ligent
2175 1274 2201 1310 e
2223 1273 2377 1326 regno
2398 1275 2513 1321 suo,
2540 1274 2732 1329 nempe
2759 1274 2825 1313 ex
2861 1261 2966 1314 hoc
2995 1262 3215 1327 mundo,
3255 1263 3505 1314 scandala
3537 1266 3579 1325 ',

1998 1364 2169 1415 neque
2196 1352 2337 1403 enim
2373 1352 2424 1404 in
2454 1352 2631 1405 futuro
2681 1364 2935 1407 seruntur
2962 1366 3326 1408 nascunturre
3348 1356 3580 1417 zizanin,

1999 1456 2173 1509 neque
2193 1444 2491 1495 consistunt
2522 1445 2794 1507 scandala,
2830 1456 2890 1497 ut
2911 1446 3084 1510 angeli
3113 1444 3234 1498 Filii
3256 1446 3492 1498 hominis
3521 1462 3583 1497 ea

1995 1532 2271 1585 callet-turi
2323 1532 2467 1598 sint;
2528 1536 2620 1588 sed
2665 1548 3014 1603 posteaquam
3082 1536 3309 1591 collecta
3357 1535 3583 1600 fuerint,

1994 1626 2283 1696 conjicieut
2324 1625 2411 1679 illa
2440 1628 2491 1680 in
2522 1628 2792 1682 caminum
2848 1631 3008 1699 ignis,
3068 1639 3123 1684 et
3164 1640 3290 1683 tunc
3332 1629 3462 1698 justi
3518 1630 3575 1683 in

1997 1733 2158 1787 regno
2184 1717 2363 1771 Patris
2395 1720 2475 1772 sui
2502 1718 2798 1788 fulgebunt,
2842 1730 2897 1775 ut
2929 1722 3030 1775 sol.
3062 1720 3203 1787 Quid
3241 1721 3326 1775 his
3368 1720 3579 1775 Domini

1996 1807 2174 1861 verbis
2203 1807 2426 1872 clarius,
2476 1816 2569 1861 aut
2620 1811 2860 1879 gravius,
2893 1810 3091 1880 quibus
3121 1821 3176 1865 et
3236 1809 3489 1872 mundus,
3528 1819 3583 1861 et

1996 1915 2115 1970 quae
2149 1900 2201 1954 in
2263 1899 2462 1954 mundo
2498 1909 2625 1954 sunt
2658 1902 2860 1967 omnia,
2919 1901 3123 1957 Christi
3172 1911 3227 1956 et
3277 1900 3584 1956 Servatoris

334 1996 484 2048 Ἐπεὶ
548 1996 644 2048 καὶ
724 1995 864 2066 μετὰ
910 1993 1006 2064 τὴν
1076 1993 1141 2045 ἐκ
1210 1991 1304 2044 τοῦ
1362 1990 1569 2059 κόσμου
1634 1989 1895 2059 συλλογὴν

2016 1993 2167 2046 nostri
2220 2007 2340 2047 esse
2374 1994 2746 2059 declarantur,
2817 2002 2871 2049 et
2911 1994 3025 2065 ipse
3076 1995 3336 2050 Dominus
3376 2005 3431 2049 et
3494 2008 3584 2049 rex
3647 2005 3653 2012 ·

320 2088 501 2142 αὐτῶν
546 2087 719 2143 ταῦτα
751 2087 849 2157 μὲν
883 2089 962 2150 είς
1009 2086 1109 2156 τὴν
1153 2085 1384 2155 κάμινον
1414 2082 1506 2134 τοῦ
1548 2082 1717 2152 πυρὸς
1762 2081 1895 2151 βάλ-

2008 2092 2115 2138 tam
2168 2084 2331 2139 futuri
2366 2102 2526 2156 quam
2556 2087 2836 2157 praesentis
2866 2089 3014 2158 regni
3053 2087 3413 2157 praedicatur?

320 2181 529 2243 λονται,
563 2180 685 2233 τότε
723 2178 779 2231 δὲ
832 2177 928 2231 καλ⁵
956 2180 1005 2231 οί
1036 2176 1233 2230 δίκαιοι
1262 2178 1319 2229 ἐν
1367 2176 1434 2244 τῇ
1471 2174 1719 2244 βασιλείᾳ
1778 2173 1873 2226 τοῦ
1915 2174 2127 2246 [ἰατρὸς
2192 2176 2370 2229 αὐτῶν
2429 2178 2798 2248 ἐκλάμψουσιν
2834 2178 2907 2241 ὡς
2939 2179 2985 2249 ὁ,
3012 2178 3182 2248 ἥλιος.
3248 2176 3313 2229 Τί
3376 2174 3590 2257 τούτων

317 2275 428 2329 τῶν
469 2274 764 2345 Κυριακῶν
824 2273 1021 2341 φωνῶν
1054 2268 1435 2339 λαμπρότερον
1473 2266 1505 2337 ἢ
1572 2266 1979 2335 δυνατώτερον,
2014 2268 2080 2321 δι’
2108 2261 2182 2321 ὧν
2212 2270 2240 2321 ό
2265 2269 2472 2341 κόσμος
2519 2288 2575 2324 τε
2639 2272 2734 2324 καί⁸
2775 2271 2845 2323 τὰ
2877 2273 2935 2325 ἐν
2998 2272 3147 2341 αὐτῷ
3204 2268 3301 2322 τοῦ
3352 2261 3593 2339 Χριστου

319 2374 414 2427 καὶ
468 2371 723 2441 Σωτῆρος
779 2370 937 2440 ἡμῶν
982 2366 1455 2438 άνακηρύττεται;
1491 2364 1769 2434 Δεσπότης
1818 2364 1874 2417 δὲ
1942 2368 2035 2421 καὶ
2092 2366 2345 2436 βασιλεὺς
2395 2368 2587 2439 ὥσπερ
2648 2369 2745 2439 τῆς
2811 2368 3141 2440 μελλούσης,
3191 2365 3336 2422 οὕτω
3370 2364 3594 2433 καὶτῆς

319 2464 607 2536 παρούσης
636 2461 1032 2533 ἀναγορεύεται
1063 2459 1357 2530 βασιλείας.

404 2558 608 2626 Ἐδόθη
635 2575 757 2628 μοι,
788 2558 943 2627 φησι,
970 2554 1138 2612 πᾶσα
1169 2551 1423 2617 ἐξουσία
1449 2552 1517 2605 ὲν
1539 2550 1776 2620 οὐρανῷ
1805 2550 1903 2604 καὶ

322 2651 424 2706 ἐπί
446 2650 579 2721 τῆς.
612 2647 737 2711 Πῶς
767 2645 860 2701 οὖν
892 2646 1047 2717 παρὰ
1075 2643 1168 2699 τοῦ
1200 2644 1414 2714 Πατρδς
1440 2642 1632 2695 ἐλαϐεν
1661 2641 1908 2708 ἐξουσίαν

321 2745 417 2797 τοῦ
456 2741 688 2814 ούρανοῦ
726 2740 819 2793 καὶ
853 2739 953 2808 τῆς
991 2740 1120 2808 γῆς,
1164 2731 1240 2791 ὧν
1274 2736 1373 2788 οὐκ
1406 2731 1474 2807 ἦν
1517 2733 1708 2807 κύριος
1748 2737 1775 2787 ὁ
1830 2734 1909 2787 δι-

323 2836 470 2900 δοὺς,
505 2834 580 2897 ὡς
616 2833 771 2888 αὐτοὶ
802 2830 1063 2903 ληροῦσι;
1097 2829 1206 2883 Καὶ
1236 2830 1287 2882 εί
1319 2830 1369 2881 oi
1403 2829 1585 2899 άγροί,
1624 2828 1716 2880 καὶ
1744 2828 1800 2881 αἱ
1832 2828 1910 2880 0t-

327 2928 445 2980 κίαι
476 2929 573 2995 τῆς
597 2925 778 2996 χειρός
804 2926 909 2978 είσι
937 2922 1033 2975 τοῦ
1061 2921 1326 2991 πονηροῦ,
1356 2921 1472 2985 πῶς
1495 2921 1523 2973 ό
1549 2920 1751 2989 ἀγαθὸς
1774 2920 1905 2983 Θεδς

328 3020 441 3082 τοῖς
481 3017 781 3089 προθύμως
814 3015 1247 3086 ἡκολουθηκόσιν
1281 3013 1430 3083 αὒτῷ
1464 3012 1602 3084 μετὰ
1630 3012 1739 3065 τῶν
1771 3014 1904 3066 αίω-

328 3111 456 3164 νίων
485 3110 709 3181 ἀγαθῶν
736 3112 828 3163 καὶ
858 3110 1064 3180 ἀγροὺς
1084 3108 1178 3161 κα)⁸
1202 3106 1383 3169 οἰκίας
1410 3105 1776 3175 ἐπηγγείλατο
1810 3122 1908 3158 πα-

2077 2549 2217 2604 Data
2243 2560 2318 2604 est
2348 2551 2496 2616 mihi,
2534 2552 2725 2623 inquit,
2752 2553 2918 2607 omnis
2944 2552 3249 2619 potestasin
3272 2550 3406 2609 callo.
3446 2559 3495 2605 et
3533 2550 3593 2604 in

2005 2651 2145 2696 terra
2171 2641 2216 2695 ⁸.
2242 2640 2520 2709 Quomodo
2546 2644 2750 2713 accepit
2801 2659 2832 2698 a
2888 2642 3052 2700 Patre
3098 2652 3419 2713 potestatem
3467 2642 3591 2703 εαξη

2007 2741 2062 2786 et
2089 2742 2267 2798 terrae,
2296 2748 2521 2800 quorum
2544 2733 2681 2803 ipse,
2708 2736 2800 2805 qui
2827 2735 2991 2801 dedit,
3025 2751 3129 2788 non
3153 2745 3271 2789 erat
3302 2734 3589 2797 Dominus,

2008 2834 2065 2878 ut
2092 2825 2179 2878 isti
2212 2825 2514 2895 uagantur!
2543 2826 2603 2880 Et
2638 2826 2681 2881 si
2718 2827 2829 2897 agri
2865 2838 2919 2883 et
2946 2829 3141 2885 domus
3180 2839 3305 2881 sunt
3334 2842 3365 2883 e
3425 2842 3591 2880 manu

2014 2919 2161 2985 mali,
2191 2923 2463 2991 quomodo
2521 2921 2699 2975 bonus
2760 2920 2899 2976 Deus
2942 2923 3009 2976 iis
3056 2921 3147 2993 qui
3199 2921 3362 2975 alacri
3407 2919 3593 2973 aninto

2012 3013 2187 3082 ipsum
2223 3015 2391 3068 secuti
2430 3013 2653 3080 fuerint,
2685 3024 2877 3085 praeter
2896 3024 3097 3070 {eterna
3138 3016 3387 3081 bona,_et
3436 3029 3597 3085 agros

2020 3115 2073 3161 et
2102 3107 2288 3160 domos
2314 3122 2371 3161 se
2418 3108 2741 3167 tributurum
2797 3108 3064 3175 promisit,
3097 3109 3140 3164 si
3187 3107 3327 3163 mala
3363 3117 3510 3173 sunt,
3541 3114 3597 3161 et

334 3205 582 3273 ρασχεῖν,
623 3201 660 3256 ἃ
690 3200 870 3271 φαῦλά
898 3200 958 3254 τέ
993 3201 1135 3266 ἐστι,
1165 3198 1261 3251 καὶ
1290 3197 1497 3267 φαύλου
1528 3197 1776 3268 ποιητοῦ,
1818 3201 1907 3254 καὶ

2018 3200 2233 3269 opiﬁcis,
2254 3200 2399 3265 mali,
2433 3210 2487 3254 et
2510 3217 2733 3268 quorum
2772 3216 2869 3257 nec
2898 3202 3013 3272 ipse
3051 3209 3230 3271 potest
3259 3216 3380 3256 esse
3424 3200 3601 3260 domi-

329 3287 406 3348 ὧν
456 3293 580 3346 οὔτε
624 3294 812 3364 κύριος
871 3292 1031 3359 αὐτὸς
1078 3292 1243 3362 ἔχειν,
1294 3288 1417 3342 οὔτε
1466 3288 1644 3354 ἄλλοις
1725 3307 1903 3361 παρα-

334 3391 479 3459 σχεῖν
508 3406 523 3445 2

410 3481 475 3532 Ὀ
498 3480 665 3544 αὐτὸς
709 3481 1059 3541 ’Δπόστολος,
1103 3478 1397 3548 κηρύσσων
1432 3478 1657 3545 κτίστην
1695 3476 1912 3531 πάντων

331 3579 426 3631 τόν
448 3594 507 3629 τε
537 3578 758 3647 Πατέρα
786 3575 880 3629 τοῦ
910 3575 1117 3645 Κυρίου
1142 3575 1300 3645 ἡμῶν
1342 3573 1518 3646 Ἰησοῦ
1551 3572 1788 3643 Χριστοῦ
1820 3572 1913 3624 καὶ

333 3672 496 3725 αὑτὸν
545 3669 637 3724 τὸν
683 3670 937 3738 ἀληθινὸν
981 3669 1139 3733 Υίὸν,
1178 3668 1330 3721 οὐδὲν
1352 3662 1515 3739 ἦττον
1552 3665 1913 3735 καταγγέλλει

334 3764 494 3815 τοῦτο
518 3764 613 3816 καὶ
640 3764 697 3815 ἐν
726 3757 807 3824 οἷς
836 3762 995 3831 ὑμνεῖ
1024 3760 1123 3831 τὴν
1153 3760 1312 3830 χάριν
1344 3762 1445 3830 τὴν
1472 3759 1722 3812 δοθεῖσαν
1741 3755 1910 3826 αὐτῷ,

334 3855 432 3907 καλ⁸
443 3853 536 3906 τοῦ
555 3852 1080 3915 καταπιστευθὲντος
1107 3850 1415 3921 μυστηρίου
1438 3851 1534 3921 τὴν
1551 3850 1803 3918 δύναμιν.
1825 3850 1914 3902 EL-

334 3948 455 4001 πὼν
472 3949 581 4017 γάρ
595 3948 691 4013 ὡς,
710 3946 874 4013 Ἐμοί
907 3945 987 4010 τῷ
1010 3945 1457 4013 ἐλαχιστοτέρῳ
1472 3947 1716 3997 πάντων
1735 3943 1914 4009 ἐδόθη

334 4042 373 4107 ἡ
402 4039 576 4109 χάρις
601 4038 751 4104 αὕτη
772 4038 842 4093 ἐν
866 4036 995 4106 τοῖς
1013 4036 1254 4091 ἔθνεσιν
1273 4035 1785 4104 εὐαγγελίσασθαι
1813 4034 1918 4088 τὸν

334 4132 808 4200 ἀνεξιχνίαστον
824 4129 1095 4184 πλοῦτον
1112 4126 1219 4182 τοῦ
1243 4126 1525 4196 Χριστοῦ,
1542 4126 1637 4180 καί
1660 4126 1809 4195 φωτί
1813 4142 1917 4185 σαι

334 4222 586 4291 πάντας.
605 4221 748 4291 τίςή
764 4221 1075 4289 οἰκονομία
1091 4217 1198 4273 τοῦ
1205 4218 1547 4288 μυστηρίου
1571 4217 1677 4271 τοῦ
1699 4216 1917 4269 ἀποκεο

333 4312 682 4382 ψυμμένου
739 4314 860 4368 ἀπὸ
901 4312 1017 4365 τῶν
1045 4314 1274 4364 αίώνων
1307 4311 1375 4363 ἐν
1416 4308 1494 4374 τῷ
1536 4308 1678 4373 Θεῷ,
1718 4310 1919 4364 αὐτίκα

337 4408 621 4470 συνάπτει,
654 4405 735 4470 τῷ
765 4409 838 4458 τὰ
864 4404 1063 4458 πάντα
1094 4406 1370 4457 κτίσαντι
1402 4402 1500 4456 διὰ
1537 4401 1743 4469 Ἰησοῦ
1778 4403 1917 4469 Χρι-

2014 3306 2134 3356 nus,
2171 3307 2265 3348 nec
2299 3278 2435 3348 alios
2459 3291 2823 3350 constituere?

2086 3466 2230 3522 [dem
2264 3467 2576 3536 Apostolus,
2610 3480 2732 3521 cum
2764 3480 2944 3520 rerqu
2998 3466 3244 3525 omnium
3292 3473 3605 3533 procreato-

2016 3572 2129 3611 retn
2179 3558 2499 3627 praedicaret
2554 3557 2772 3613 Patrem
2806 3557 3020 3613 Domini
3080 3558 3247 3610 nostri
3287 3555 3416 3612 Jesu
3447 3555 3604 3610 Chri-

2017 3649 2108 3715 sti,
2138 3660 2191 3704 et
2222 3650 2397 3718 ipsum
2429 3665 2612 3704 verum
2646 3648 2864 3713 Filium,
2894 3659 3075 3703 tamen
3096 3649 3198 3704 hoc
3228 3648 3395 3703 ctiam
3421 3658 3605 3703 osten-

2018 3740 2095 3794 dit
2131 3741 2182 3794 in
2212 3742 2279 3794 iis
2309 3741 2363 3796 in
2395 3741 2594 3811 quibus
2624 3742 2850 3812 gratiam
2885 3741 3152 3808 celebrat,
3190 3742 3290 3796 sibi
3325 3741 3511 3795 datam
3547 3752 3605 3795 et

2019 3834 2280 3888 creditam
2325 3834 2565 3907 mysterii
2598 3844 2946 3905 potestatem.
2980 3834 3116 3889 Cum
3150 3836 3293 3888 enim
3320 3834 3547 3887 dixisset
3587 3852 3601 3887 :

2020 3925 2156 3980 Mihi
2191 3936 2367 3980 autent
2402 3928 2631 3980 omnium
2663 3928 2879 3982 minimo
2912 3926 3040 3981 data
3062 3936 3137 3979 est
3162 3928 3337 3996 gratia
3383 3932 3515 3985 hwc,
3549 3926 3604 3978 in

2020 4020 2257 4089 gentibus
2284 4020 2645 4095 euangelizare
2674 4020 3170 4091 impervestigabiles
3201 4021 3411 4073 divitias
3443 4018 3604 4073 Chri-

2020 4114 2112 4177 sti,
2153 4128 2200 4168 et
2235 4114 2541 4169 illuminare
2584 4131 2783 4181 ontnes,
2810 4132 2927 4185 qua:
2974 4115 3043 4169 sit
3072 4114 3391 4185 dispensatio
3428 4130 3611 4167 sacra-

2022 4206 2490 4260 mentiabsconditi
2531 4223 2563 4259 a
2619 4209 2828 4261 swculis
2860 4208 2915 4260 in
2965 4208 3306 4271 Dem-statim
3339 4205 3558 4275 subjicit
3593 4222 3605 4257 :

2020 4301 2109 4369 qui
2151 4300 2327 4355 omnia
2376 4302 2568 4354 creavit
2628 4316 2719 4369 per
2772 4300 2949 4355 Jesum
3012 4301 3283 4356 Christum
3319 4298 3362 4353 ⁵.
3421 4296 3606 4366 Itaque

2024 4406 2203 4445 rerum
2259 4392 2502 4445 omnium
2556 4402 2869 4462 procreator
2922 4402 3007 4445 est
3050 4390 3228 4456 Pater,
3286 4399 3341 4443 et
3424 4405 3605 4443 rerum

305 4496 512 4583 ἱστοῦ.
542 4496 708 4549 Ὥστε
733 4495 947 4547 πάντων
977 4494 1076 4563 μὲν
1109 4492 1332 4562 κτίστης
1367 4493 1395 4544 ὁ
1430 4492 1619 4561 Πατὴρ
1639 4529 1653 4553 ,
1695 4492 1907 4545 πάντων

2024 4485 2150 4540 item
2202 4484 2444 4538 omnium
2498 4493 2810 4553 procreator
2869 4494 2952 4537 est
3032 4483 3225 4537 Filius.
3281 4482 3612 4536 Communes

344 4869 523 4938 ράτων
549 4868 790 4930 πάντων,
825 4868 919 4921 καὶ
948 4868 1008 4933 ἐξ
1033 4867 1135 4919 οὐκ
1164 4866 1335 4919 ὄντων
1366 4865 1447 4928 είς
1481 4865 1541 4917 τὸ
1573 4862 1716 4918 εἶναι
1747 4882 1920 4936 προα-

298 4954 317 4974 ⁹
342 4958 498 5027 γωγὴ
528 4961 621 5011 καὶ
652 4958 932 5022 ούσίωσις.

428 5050 518 5101 Ἐν
556 5049 738 5112 ἄλλοις
769 5049 1039 5117 θεολογῶν
1071 5051 1098 5103 ὀ
1131 5048 1344 5112 Παῦλός
1386 5066 1555 5120 φησιν
1582 5065 1594 5079 ·
1634 5044 1739 5116 Εἷς
1774 5049 1917 5117 Θεὸς

345 5141 442 5193 καί
461 5140 663 5209 Πατὴρ
681 5140 943 5206 πάντων,
967 5140 1113 5196 daal
1134 5139 1397 5209 πάντων,
1422 5142 1517 5195 καί
1534 5142 1631 5197 διὰ
1654 5128 1917 5210 πάντων,

343 5232 443 5285 καί
474 5232 543 5285 ἐν
578 5230 770 5288 πᾶσιν
796 5232 963 5302 ἡμῖν.
1008 5233 1353 5289 Ἀδιάστατον
1382 5234 1437 5288 δὲ
1490 5237 1585 5289 καί⁵
1619 5236 1921 5307 ἀμέριστον

343 5320 533 5389 ὥσπερ
564 5320 659 5391 τὴν
690 5321 854 5390 φύσιν
888 5322 983 5376 καὶ
1018 5323 1080 5375 τὸ
1109 5323 1343 5395 θέλημα,
1395 5324 1539 5378 οὕτω
1568 5328 1664 5380 καὶ
1692 5327 1789 5396 τὴν
1818 5328 1917 5398 δη-

347 5414 639 5483 μιουργίαν
667 5417 759 5467 καὶ
794 5416 853 5467 τὸ
891 5415 1092 5485 κράτος
1119 5418 1275 5481 είδὼς
1304 5417 1399 5471 τοῦ
1434 5419 1647 5489 Πατρδς
1700 5421 1796 5472 καὶ
1823 5421 1917 5474 τοῦ

348 5506 500 5570 Υίοῦ,
559 5506 631 5559 τὰ
676 5506 820 5559 αὐτὰ
872 5510 969 5561 καὶ
1016 5510 1145 5579 περὶ
1196 5511 1291 5563 τοῦ
1342 5510 1597 5580 Σωτῆρος
1638 5515 1923 5584 πεπαρρη-

342 5599 620 5669 σιασμένῃ
667 5600 862 5669 κράζει
916 5605 1067 5671 φωνῇ
1108 5616 1123 5631 ⁸
1166 5602 1270 5657 Ἐν
1317 5602 1479 5668 αὐτῷ
1533 5602 1673 5674 γὰρ,
1728 5608 1923 5674 φησὶν,

339 5690 593 5755 ἐκτίσθη
634 5692 705 5744 τὰ
750 5690 968 5755 πάντα,
1012 5692 1082 5745 τὰ
1121 5694 1177 5746 ἐν
1216 5696 1328 5757 τοῖς
1359 5695 1609 5764 οὐρανοῖς
1653 5695 1916 5766 δηλονότι,

340 5782 436 5830 καὶ
468 5782 538 5831 τὰ
565 5784 655 5831 ἐπὶ
688 5782 787 5851 τῆς
817 5782 942 5853 γῆς.
972 5784 1091 5837 Ἵνα
1125 5785 1200 5853 μὴ
1232 5786 1265 5855 ἡ
1298 5786 1466 5854 μανία
1495 5786 1693 5857 λήρου,
1725 5787 1921 5850 ἄλλους

300 4537 407 4658 ἒδὲ.
426 4589 652 4658 κτίστης
683 4591 710 4640 ὁ
737 4586 885 4649 Υἱός.
918 4537 1112 4640 Κᾶνὺν
1139 4584 1248 4653 γὰρ
1279 4537 1373 4637 ἐξιι
1401 4537 1693 4652 ἀδιάφορον
1725 4582 1907 4655 ὥσπερ

2022 4576 2165 4630 enim
2216 4584 2269 4629 et
2329 4573 2699 4629 indiﬂ'erentes
2750 4584 2859 4627 tum
2896 4585 3107 4639 natura,
3144 4582 3201 4628 et
3253 4582 3514 4642 potestas,
3555 4584 3613 4626 et.

339 4682 376 4749 ἡ
405 4681 591 4749 φύσις,
624 4682 723 4734 κα)⁸
750 4682 784 4750 ή
816 4679 1059 4746 ἐξουσία,
1092 4680 1188 4730 καὶ
1215 4679 1248 4747 ή
1280 4676 1551 4746 βασιλεία,
1578 4677 1671 4728 καὶ
1700 4679 1732 4747 ἡ
1765 4676 1923 4731 δύνα-

309 4769 320 4834 ῖ
343 4790 457 4843 μις,
489 4771 632 4825 οὕτω
661 4774 757 4825 καὶ
793 4773 827 4843 ή
856 4769 1189 4841 δημιουργία
1219 4769 1327 4821 τῶν
1358 4769 1570 4839 ὁρατῶν
1602 4786 1662 4821 τε
1689 4771 1784 4821 καὶ
1829 4769 1924 4822 ἀο-

2023 4681 2274 4738 regnum,
2304 4674 2358 4721 et
2384 4666 2578 4731 virtus,
2614 4674 2726 4720 tum
2773 4666 2934 4720 etiam
2961 4680 3142 4719 rerum
3192 4666 3459 4731 omnimn,
3493 4682 3613 4733 qua:

2024 4761 2293 4824 videntur,
2320 4768 2374 4813 et
2403 4774 2524 4830 qua:
2563 4773 2669 4813 non
2697 4759 2972 4823 videntur,
2992 4759 3327 4827 procreatio,
3346 4768 3400 4810 et
3422 4773 3612 4813 earum

2022 4866 2086 4904 ex
2117 4851 2287 4905 nihilo
2343 4850 2593 4909 deductio
2620 4860 2675 4906 et
2707 4850 3085 4919 conformatio.

2094 5050 2233 5106 Alibi
2295 5052 2493 5106 Paulus
2535 5050 2603 5110 de
2666 5052 2831 5107 rebus
2872 5052 3069 5108 divinis
3118 5054 3286 5109 verba
3350 5054 3556 5113 faciens
3598 5094 3612 5117 ,

2022 5140 2192 5209 Unus,
2226 5143 2419 5213 inquit,
2452 5142 2589 5198 Deus
2617 5154 2665 5198 et
2694 5144 2853 5199 Pater
2884 5147 3139 5209 omnium,
3169 5147 3259 5214 qui
3316 5163 3473 5215 super
3502 5164 3619 5201 ont-

2020 5236 2130 5299 nia,
2151 5244 2199 5289 et
2231 5251 2322 5304 per
2344 5235 2540 5300 omnia,
2573 5248 2619 5290 et
2638 5238 2942 5292 inomnibus
2976 5238 3123 5292 nobis
3148 5237 3193 5292 ⁸.
3233 5237 3424 5292 Verum
3491 5256 3614 5294 cunt

2020 5328 2204 5394 sciret,
2243 5336 2302 5382 ut
2352 5339 2602 5383 naturam
2647 5340 2701 5383 et
2736 5330 3090 5396 voluntatem,
3137 5331 3217 5385 sic
3277 5334 3445 5389 etiam
3491 5350 3619 5402 pro-

2020 5422 2351 5476 creationem
2415 5432 2470 5477 et
2523 5422 2809 5490 imperium
2873 5423 3052 5479 Patris
3097 5434 3149 5477 et
3182 5422 3305 5479 Filii
3358 5440 3462 5479 non
3492 5442 3617 5480 esse

2021 5511 2267 5581 seiuncta
2324 5524 2417 5567 aut
2481 5524 2753 5581 separata,
2816 5514 2958 5568 idem
2993 5516 3155 5569 etiam
3190 5515 3259 5571 de
3324 5515 3616 5573 Servatore

2029 5607 2286 5658 audacter
2320 5605 2635 5675 pronuntiat
2681 5622 2694 5659 :
2732 5605 2796 5660 In
2840 5609 2951 5675 ipso
2991 5608 3151 5673 enim,
3202 5609 3399 5679 inquit,
3436 5619 3618 5663 creata

2030 5703 2151 5748 sunt
2188 5696 2363 5749 omnia
2394 5696 2435 5759 ⁸,
2465 5710 2659 5765 nempe
2692 5712 2811 5766 qute
2835 5698 2889 5751 in
2921 5698 3097 5762 cmlis,
3126 5710 3180 5753 et
3213 5716 3334 5770 qua:
3377 5701 3432 5755 in
3475 5712 3618 5757 terra

2030 5797 2174 5842 sunt.
2207 5790 2282 5841 Ac
2315 5804 2382 5840 ne
2422 5788 2649 5841 istorum
2676 5791 2884 5842 insania
2921 5791 3005 5845 bis
3028 5792 3209 5848 verbis
3256 5795 3390 5849 alias
3443 5808 3618 5857 nugas

405 5964 421 5994 ⁸
467 5964 658 6022 Matth.
681 5982 799 6032 sm,
827 5970 914 6034 ΞΠ,
936 5970 1023 6029 39.
1070 5970 1088 6000 '
1116 5970 1246 6028 ibid.
1266 5971 1353 6038 .50,
1378 5971 1465 6028 Η.
1545 5974 1565 6007 ⁸
1593 5972 1780 6027 Matth.
1800 5988 1986 6041 uvnt,
2014 5974 2095 6029 18.
2152 5974 2168 6004 ⁸
2204 5973 2397 6044 Ephes.
2418 5977 2568 6041 tn,8,
2588 5978 2638 6033 9.
2696 5978 2715 6007 ⁸
2739 5976 2936 6047 Ephes.
2962 5991 3033 6042 Iv,
3054 5977 3107 6033 6.
3189 5979 3209 6010 ⁸
3233 5980 3424 6037 Goloss
3467 5997 3503 6049 t,
3529 5982 3610 6041 l6.
