3930 6550
466 450 488 513 l
499 452 603 515 207

1689 458 2070 521 EUTIIYMIl
2111 464 2468 530 ZlGABENi
2541 414 2547 421 ἡ

3588 479 3710 544 1208

450 545 699 639 amngat,
757 570 1008 637 sequitur
1033 571 1308 641 explicans
1338 570 1428 627 illa
1453 587 1571 642 qum
1607 574 1659 627 in
1686 575 1839 631 oculis
1864 584 2039 631 terra-

2150 584 2265 644 ταῖς
2315 585 2490 654 ἱεραῖς
2539 588 2745 653 φωναῖς
2778 588 3074 662 ὐποὸἀλλῃ,
3105 591 3209 657 ,ἔτι
3252 592 3396 647 κατὰ
3444 594 3714 661 συνέχειαν

461 679 566 723 nuc
594 672 741 718 sunt:
771 663 989 730 Ethice,
1016 665 1210 733 inquit,
1233 666 1409 721 omnia
1439 668 1492 721 in
1522 669 1634 736 ipso
1669 681 1848 722 creata
1892 681 2034 735 sunt,

460 766 504 802 et
530 768 624 820 per
659 754 851 819 ipsum,
880 765 930 809 et
980 755 1036 809 in
1092 758 1262 825 ipsum
1295 760 1333 812 ¹.
1374 757 1653 824 Quomodo
1703 762 1863 830 igitur
1893 761 2039 815 defe-

461 854 672 897 ctorum
692 844 918 899 istorum
945 847 1122 902 rabies
1147 848 1313 903 alium
1339 866 1514 904 rerum
1537 853 1848 917 visibilium,
1875 854 2037 911 alium
2084 864 2101 870 ‘

461 934 809 988 invisibilium
870 946 1147 993 auctorem
1209 942 1672 998 comminiscitur?

523 1110 815 1166 Inrisibilia
857 1114 977 1177 Dei.
1010 1117 1181 1185 inquit
1213 1120 1367 1174 divus
1428 1121 1642 1187 Paulus,
1703 1139 1734 1174 ιι
1802 1136 2042 1177 creatura

457 1205 640 1259 mundi
650 1223 744 1275 per
758 1223 817 1260 ea
834 1224 950 1278 qua:
967 1210 1109 1270 facta
1123 1220 1267 1278 sunt,
1292 1213 1547 1266 intellecta
1567 1214 1954 1281 conspiciuntur
1978 1216 1998 1245 ¹
2026 1233 2040 1280 ;

455 1313 516 1348 ea
541 1312 661 1359 qua
678 1296 823 1351 facta
866 1310 1012 1362 sunt,
1059 1302 1245 1355 orbem
1276 1301 1588 1369 signiﬁcant
1618 1304 1946 1367 universum,
1989 1316 2045 1359 et

455 1398 789 1451 quaeruntque
820 1386 919 1439 sub
945 1402 1163 1442 sensum
1183 1390 1399 1441 cadunt.
1427 1385 1702 1442 ilmcenim
1734 1390 1837 1443 nisi
1862 1400 2045 1445 essent

457 1476 605 1537 Iumi,
636 1477 729 1530 sed
784 1478 931 1541 mali,
987 1481 1256 1549 quomodo
1316 1478 1672 1549 ﬁeri‘posset,
1733 1492 1793 1535 ut
1823 1497 1915 1550 per
1957 1483 2041 1536 illa

456 1576 808 1619 cernerentur
848 1569 1135 1623 invisibilia
1171 1572 1280 1637 Dei,
1315 1580 1368 1624 et
1405 1583 1731 1641 sempiterna
1770 1572 1891 1640 ejus
1929 1575 2043 1627 vir-

462 1666 547 1709 tus
576 1671 638 1710 ac
687 1656 987 1712 divinitas?

525 1830 580 1887 Si
608 1847 692 1888 res
723 1844 967 1900 terrenae,
1008 1846 1066 1889 ut
1118 1836 1374 1892 maledica
1422 1850 1584 1909 atque
1637 1840 1797 1909 impia
1862 1840 2040 1910 lingua

455 1922 615 1977 audet
662 1926 866 1986 dicere,
925 1934 1065 1987 sunt,
1111 1927 1259 1992 mali,
1314 1931 1585 1997 quomodo
1624 1931 1874 1984 dicuntur
1923 1946 2043 1986 esse
2076 1937 2117 1993 Β

454 2017 756 2069 communis
792 2016 1001 2071 Domini
1036 2034 1099 2072 ac
1136 2017 1440 2075 Servatnris
1472 2023 1674 2076 nostri?
1709 2020 1774 2074 In
1807 2024 2023 2093 propria

451 2107 612 2169 enim,
653 2107 845 2176 inquit,
905 2111 1061 2174 venit,
1104 2120 1152 2163 et
1213 2113 1297 2165 sui
1346 2129 1463 2166 eum
1522 2130 1626 2168 non
1669 2116 2041 2182 receperunt‘.

453 2198 677 2263 Quodsi
711 2200 1016 2255 desertores
1037 2201 1290 2267 dixerint,
1346 2218 1440 2273 per
1494 2206 1708 2275 propria
1766 2221 2046 2261 sermones

453 2290 797 2358 propheticos
836 2292 1083 2362 intelligi,
1123 2294 1185 2347 ad
1230 2309 1427 2363 eosque
1456 2294 1728 2350 Christum
1755 2298 1961 2361 venire,
1992 2306 2047 2351 et

454 2382 522 2435 ab
553 2383 658 2436 illis
682 2400 786 2437 non
816 2386 1001 2455 recipi,
1028 2387 1444 2442 animadvertite
1463 2389 2043 2459 singularemipsorum

454 2476 741 2529 stultitiam
810 2490 865 2532 et
942 2480 1355 2548 impudentiam.
1455 2482 1695 2537 Primum
1774 2485 2045 2553 quomodo

454 2581 735 2621 sermones
784 2571 1125 2637 propheticos
1155 2572 1342 2626 dicunt
1388 2588 1510 2629 esse
1537 2575 1737 2629 Chriin
1772 2579 2039 2646 proprios,

454 2669 578 2707 cum
634 2657 923 2726 prophetas
956 2660 1099 2726 ipsos
1131 2660 1314 2714 dicant
1368 2678 1490 2716 esse
1522 2664 1649 2716 muli
1685 2664 1956 2731 ﬁgmenta,
1989 2678 2043 2721 et

455 2749 523 2799 ah
551 2749 667 2818 ipso
693 2749 1104 2819 inspirationem
1130 2754 1442 2823 accepisse?
1469 2756 1668 2810 Deinde
1689 2762 1961 2827 quomodo
1990 2761 2042 2814 in

454 2855 733 2898 Sermones
780 2845 1127 2913 propheticus
1186 2848 1332 2901 venit
1383 2847 1669 2903 Christus?
1703 2850 1780 2903 Ad
1839 2851 2044 2906 alienos

453 2936 620 2997 enim,
652 2946 709 2990 ut
750 2936 852 3007 ipsi
882 2937 1145 3004 sentiunt,
1178 2939 1439 3006 venisset,
1492 2957 1615 2994 cum
1682 2943 1891 2998 alienos
1923 2959 2044 3000 esse

454 3027 636 3082 dicant
663 3041 945 3084 sermones
980 3031 1349 3100 propbeticos,
1382 3041 1437 3087 et
1476 3034 1543 3087 ab
1598 3033 1776 3087 alieno
1811 3034 2044 3103 inspira-

455 3128 559 3184 tos,
586 3132 693 3173 non
731 3131 909 3175 autem
944 3135 975 3176 α
1004 3122 1148 3177 bono
1195 3122 1324 3177 Deo.
1372 3121 1638 3178 Praeterea
1671 3126 1865 3195 quibus
1898 3136 2045 3195 pote-

457 3219 656 3265 statem
684 3210 832 3265 dedit
860 3210 1024 3279 Deus,
1056 3225 1115 3269 ut
1139 3214 1233 3269 lilii
1267 3215 1357 3269 Dei
1390 3214 1609 3269 ﬁerint?
1630 3214 2041 3286 Propheticisne

452 3304 837 3359 sermonibus?
864 3303 997 3371 Quae
1023 3322 1174 3375 nugae
1203 3318 1329 3362 sunt
1359 3307 1512 3362 istm?
1552 3306 1846 3363 Sermones
1892 3307 2035 3362 enim
2067 3279 2113 3340 θ

451 3397 494 3448 si
524 3410 590 3449 ex
623 3394 732 3450 Deo
766 3404 916 3465 sunt,
950 3398 1017 3452 ab
1047 3397 1140 3452 illo
1186 3399 1406 3465 habent,
1443 3409 1500 3453 ut
1547 3400 1657 3454 sint
1690 3400 1858 3469 ipsius
1913 3414 2039 3469 pro-

450 3489 553 3559 prii
584 3506 600 3556 ;
627 3489 713 3544 sin
744 3505 808 3545 ex
839 3489 1000 3556 malo,
1030 3492 1298 3561 quomodo
1334 3492 1448 3547 ﬁeri
1503 3500 1728 3561 possunt
1768 3492 1860 3548 lilii
1911 3490 2040 3547 Dei?

451 3584 718 3639 Praaterea
747 3584 869 3656 quis
895 3600 1074 3640 sermo
1107 3586 1451 3659 propheticus
1495 3599 1559 3639 ex
1587 3583 1957 3653 sanguinibus,
1987 3592 2041 3637 et

452 3694 515 3732 ex
553 3678 832 3735 voluntate
859 3677 985 3744 viri,
1020 3687 1073 3732 et
1101 3693 1165 3733 ex
1201 3676 1483 3733 voluntate
1521 3678 1704 3731 carnis
1733 3686 1890 3731 natus
1921 3676 2042 3731 est?

454 3770 686 3841 Subjicit
734 3770 925 3824 enim:
976 3768 1081 3834 Qui
1132 3785 1234 3823 non
1286 3785 1350 3823 ex
1410 3766 1780 3838 sanguinibus,
1840 3781 1929 3819 nec
1975 3780 2040 3819 ea:

452 3864 717 3920 voluntate
740 3864 855 3927 viri,
888 3880 981 3916 nec
1017 3879 1082 3917 ex
1133 3864 1401 3918 voluntate
1435 3862 1630 3927 carnis,
1685 3861 1774 3913 sed
1820 3875 1883 3912 ea:
1931 3858 2038 3913 Deo

454 3957 564 4015 uati
586 3965 706 4009 sunt
738 3954 783 4010 ⁸.
819 3954 1052 4025 Quinam
1088 3954 1250 4025 igitur
1281 3970 1345 4007 ex
1381 3952 1733 4021 sanguiuibus
1770 3952 1879 4005 nati
1922 3964 2038 4005 ser-

456 4061 667 4115 mones,
702 4055 755 4099 et
784 4047 872 4115 qui
911 4045 1056 4099 non?
1113 4043 1300 4099 Restat
1351 4057 1503 4117 ergo,
1568 4051 1628 4095 ut
1672 4056 1767 4111 per
1820 4042 2042 4111 propria

455 4140 684 4195 mundus
717 4139 1076 4208 intelligatur;
1110 4134 1563 4207 quemadmodum
1621 4144 1676 4188 et
1724 4134 1847 4190 alibi
1875 4136 2042 4188 disci-

453 4230 607 4302 pulos
640 4230 931 4299 alloquitur
963 4248 977 4283 :
1010 4227 1167 4294 Ecca,
1211 4227 1402 4298 inquit,
1445 4228 1583 4280 venit
1614 4227 1765 4292 liora,
1822 4236 1877 4280 ut
1932 4226 2043 4281 dis-

452 4323 773 4393 pergamini,
806 4321 1164 4391 unusquisque
1211 4320 1282 4373 ad
1331 4319 1546 4389 propria
1579 4317 1622 4371 '.
1657 4319 1911 4386 Qumnatn
1954 4319 2041 4372 hic

455 4414 687 4485 appellat
760 4413 1015 4483 propria?
1087 4412 1514 4482 Propheticosne
1593 4410 1910 4465 sermones?
1971 4426 2041 4465 an

453 4509 827 4576 possessiones
853 4518 905 4561 et
933 4509 1120 4562 domos
1167 4508 1499 4575 singulorum
1522 4504 1545 4557 ?
1575 4502 2040 4569 Quemadmodum

2152 675 2501 745 ὲπεξηγεῖται
2519 679 2641 732 τίνα
2668 682 2776 734 εἰσὶ
2805 682 2875 735 τὰ
2901 684 2959 735 ὲν
2979 686 3090 746 τοῖς
3117 684 3391 753 οὐρανοῖς,
3418 685 3516 738 καὶ
3538 686 3603 737 τὰ
3630 688 3714 740 ἐπὶ

2150 763 2249 831 τῆς
2294 767 2418 833 γῆς,
2461 767 2540 819 ὅτι
2577 769 2647 821 τὰ
2668 769 2839 840 ὁρατά
2877 772 2971 824 καὶ
3016 772 3086 825 τὰ
3120 773 3351 841 ἀόρατα.
3396 774 3511 828 Καὶ
3551 775 3713 828 ταῦτα

2151 854 2330 907 πάντα
2356 857 2411 906 ὲν
2436 856 2586 925 αὐτῷ
2609 874 2777 928 φησιν
2803 860 3071 925 ἐκτίσθαι,
3095 862 3188 914 καὶ
3212 862 3281 915 δι’
3304 861 3497 926 αὐτοῦ,
3531 866 3622 916 καὶ
3642 867 3712 923 είς

2153 944 2339 999 αὐτόν.
2379 946 2500 1007 Πῶς
2542 946 2633 1003 οὖν
2669 950 2696 1017 ὴ
2727 949 3069 1020 ἀποστατικὴ
3104 952 3280 1006 λύσσα
3308 953 3420 1005 τῶν
3464 955 3566 1023 μὲν
3594 957 3709 1024 ὁρα-

2151 1035 2260 1089 τῶν
2284 1037 2442 1091 ἀλλον
2473 1040 2701 1094 πλάττει
2748 1046 2998 1112 ποιητὴν,
3034 1045 3195 1098 ἄλλον
3221 1045 3276 1098 δὲ
3306 1046 3417 1097 τῶν
3446 1046 3704 1115 ἀοράτωνς

2221 1130 2388 1197 Φησὶν
2414 1132 2442 1182 ὁ
2464 1133 2605 1193 θεῖος
2629 1132 2858 1197 Παῦλος,
2878 1136 2958 1188 ὅτι
2984 1135 3059 1189 Τὰ
3087 1136 3311 1204 ἀόρατα
3337 1136 3550 1200 αὑτοῦ,
3574 1154 3708 1191 τουτ-

2152 1220 2267 1272 έστι
2292 1221 2383 1273 τοῦ
2432 1222 2637 1290 ἀγαθοῦ
2683 1224 2857 1288 Θεοῦ,
2897 1228 3017 1281 ἀπὸ
3051 1229 3306 1295 κτίσεως
3345 1231 3578 1296 κόσμου
3601 1231 3707 1295 τοῖς

2150 1312 2439 1380 ποιήμασι
2458 1316 2756 1384 νοούμενα
2777 1318 3119 1386 καθορᾶται,
3139 1321 3428 1389 ποιήματα
3448 1319 3618 1387 λέγων
3628 1321 3705 1371 τὸν

2158 1405 2396 1474 παρόντα
2427 1407 2630 1473 κόσμον
2651 1448 2665 1471 ,
2709 1409 2803 1460 καὶ
2829 1409 2930 1461 ὅσα
2960 1410 3065 1461 ὑπὸ
3094 1411 3193 1479 τὴν
3226 1410 3505 1481 αἴσθησιν.
3538 1411 3697 1467 Ταῦτα

2152 1498 2257 1565 γὰρ
2287 1500 2335 1550 εί
2365 1498 2440 1569 μὴ
2467 1498 2559 1551 τοῦ
2593 1499 2797 1568 ἀγαθοῦ
2826 1496 2987 1572 ἦσαν,
3020 1502 3157 1556 ἀλλά
3188 1501 3283 1556 τοῦ
3318 1502 3557 1572 πονηροῦ
3578 1543 3592 1566 ,
3617 1504 3700 1555 οὐκ

2152 1592 2218 1644 ἂν
2250 1593 2307 1642 ὲν
2360 1595 2473 1655 τοῖς
2516 1594 2609 1645 τοῦ
2666 1596 2902 1664 πονηροῦ
2940 1597 3211 1665 ποιήμασι
3250 1596 3320 1647 τὰ
3367 1596 3576 1664 ἀόρατα
3623 1596 3702 1647 τοῦ

2152 1680 2359 1747 ἀγαθοῦ
2405 1682 2792 1752 καθεωρῶντο,
2816 1686 2851 1755 ἧ
2887 1701 2945 1736 τε
2980 1686 3149 1747 ἀΐδιος
3173 1684 3339 1739 αὑτοῦ
3366 1686 3591 1755 δύναμις
3624 1688 3705 1739 καὶ

2152 1770 2360 1842 θεότης.

2223 1864 2395 1933 Εἴπερ
2416 1902 2432 1927 ,
2458 1863 2535 1927 ὡς
2558 1867 2593 1935 ἡ
2630 1865 2953 1938 βλάσφημος
2984 1869 3076 1922 καὶ
3103 1870 3372 1941 δυσσεϐὴς
3402 1871 3706 1940 θρασύνεται

2145 1956 2386 2024 γλῶσσα,
2414 1959 2482 2012 τὰ
2516 1960 2734 2025 ἐπίγεια
2762 1960 2856 2013 τοῦ
2886 1962 3123 2032 πονηροῦ
3142 2003 3157 2025 ,
3195 1963 3313 2026 πῶς
3355 1964 3597 2029 λέγονται
3623 1964 3705 2015 τοῦ

2148 2048 2327 2102 κοινοῦ
2360 2049 2519 2120 ἡμῶν
2563 2051 2836 2104 Δεσπότου
2878 2054 2973 2105 καὶ
3019 2054 3311 2123 Σωτῆρος;
3349 2053 3455 2120 Εἰς
3500 2056 3569 2107 τὰ
3602 2053 3710 2105 idm

2146 2141 2255 2210 γὰρ
2276 2138 2441 2211 ἦλθε.
2477 2143 2632 2214 φησὶ,
2667 2144 2764 2196 καὶ
2795 2146 2850 2198 oi
2882 2144 3022 2199 ἴδιοι
3046 2147 3234 2199 αὐτόν
3261 2148 3333 2199 οὺ
3364 2145 3708 2213 παρέλαϐον.

2146 2232 2207 2284 Ei
2234 2232 2289 2283 δὲ
2324 2231 2536 2299 λέγοιεν
2561 2233 2610 2285 ai
2643 2232 2950 2286 ἀποστάται
2981 2234 3103 2287 ῑδια
3130 2237 3228 2304 μὲν
3256 2232 3398 2290 εἶναι
3434 2237 3559 2298 τοὺς
3588 2253 3713 2305 προ-

2146 2322 2410 2391 φητικοὺς
2445 2322 2659 2390 λόγους,
2697 2323 2875 2377 ἐλθεῖν
2898 2324 2954 2378 δὲ
2986 2327 3065 2388 εἰς
3095 2328 3295 2386 αὐτοὺς
3329 2327 3423 2379 τὸν
3450 2329 3675 2394 Χριστὸν
3694 2370 3708 2393 ,

2145 2411 2392 2474 ἐκείνους
2425 2412 2482 2464 δὲ
2528 2412 2720 2467 τοῦτον
2762 2418 2898 2484 μήτε
2944 2416 3391 2484 παραδέξασθαι’
3434 2419 3598 2491 ὁρᾶτε
3628 2418 3713 2487 τὴν

2146 2503 2591 2572 ὑπερϐάλλουσαν
2638 2506 2818 2558 αὐτῶν
2885 2506 3070 2561 ἄνοιαν
3132 2508 3224 2560 καὶ
3294 2508 3708 2577 ἀναισχυντίανς

2146 2595 2369 2663 Πρῶτον
2403 2596 2503 2665 μὲν
2539 2598 2654 2660 πῶς
2697 2596 2915 2667 λέγουσι
2952 2600 3079 2662 τοὺς
3125 2602 3501 2670 προφητικῶς
3539 2599 3710 2667 λόγους

2148 2688 2255 2739 [δια
2301 2683 2442 2741 εἶναι
2490 2688 2585 2741 τοῦ
2624 2690 2863 2760 Χριστοῦ
2888 2731 2902 2755 ,
2937 2690 3135 2754 αὐτοὺς
3163 2693 3286 2754 τοῦς
3322 2693 3613 2761 προφήτας
3640 2691 3711 2742 λέ-

2145 2796 2335 2847 γοντες
2382 2781 2676 2850 πλάσματα
2725 2776 2865 2834 εἶναι
2905 2781 3001 2835 τοῦ
3058 2783 3320 2853 πονηροῦ,
3383 2784 3561 2857 καίτοι
3608 2781 3710 2834 ἐπί-

2148 2887 2338 2923 πνοιαν
2369 2870 2497 2940 παρ’
2533 2870 2695 2923 αὑτοῦ
2729 2871 3021 2937 δέξασθαι;
3086 2872 3351 2941 Δεύτερον
3400 2872 3456 2923 δὲ
3504 2871 3617 2933 πῶς
3643 2874 3711 2931 εἰς

2145 2964 2272 3023 τοὺς
2305 2963 2677 3031 προφητικοὺς
2711 2964 2901 3031 λόγους
2936 2961 3099 3035 ἦλθεν
3127 2964 3156 3015 ό
3190 2964 3467 3032 Χριστός;
3508 2960 3710 3031 Πρῶτον

2149 3055 2248 3120 μὲν
2302 3055 2406 3125 γὰρ
2454 3056 2534 3117 είς
2582 3054 2892 3125 ἀλλοτρίους
2964 3051 3122 3125 ἦλθε,
3177 3056 3320 3107 κατὰ
3373 3054 3466 3106 τὸν
3505 3054 3710 3107 ἐκείνων

2145 3147 2339 3215 λόγον·
2395 3147 2668 3217 ἀλλότριοι
2706 3149 2815 3217 γὰρ
2864 3148 2918 3199 οι
2968 3149 3301 3218 προφητικοὶ
3347 3148 3529 3215 λόγοι,
3564 3146 3714 3212 ὠςὲξ

2147 3239 2429 3310 ἀλλοτρίου
2485 3241 2887 3311 ὲμπνεόμενοι,
2942 3241 3038 3294 καὶ
3086 3242 3185 3293 ούκ
3244 3242 3307 3293 ὲκ
3367 3238 3461 3292 τοῦ
3518 3237 3714 3306 ἀγαθοῦ

2143 3330 2301 3383 Θεοῦο
2352 3330 2547 3385 ἔπειτα
2592 3331 2647 3383 δὲ
2682 3330 2824 3385 τίσιν
2873 3330 3074 3383 ἔδωκεν
3121 3331 3147 3383 ὁ
3190 3330 3426 3399 Χριστὸς
3474 3329 3714 3393 ἐξουσίαν

2142 3424 2319 3479 τέκνα
2345 3422 2481 3476 Θεοῦ
2514 3423 2801 3491 γενέσθαις
2830 3419 2939 3494 ἆρα
2972 3425 3083 3484 τοῖς
3117 3425 3483 3493 προφητικοῖς
3512 3423 3714 3489 λόγοις;

2142 3514 2253 3569 Καὶ
2297 3515 2412 3578 πῶς
2453 3516 2513 3566 οὐ
2550 3514 2760 3586 μακρὸς
2799 3515 2963 3584 λῆρος
3004 3514 3203 3581 τοῦτο;
3248 3516 3309 3567 οι
3355 3514 3506 3581 λόγοι
3542 3515 3645 3584 γὰρ
3673 3516 3715 3566 ει

2145 3607 2243 3677 μὲν
2295 3608 2358 3658 ὲκ
2408 3605 2502 3658 τοῦ
2555 3606 2691 3659 Θεοῦ
2747 3606 2905 3670 εἰσιν,
2959 3606 3187 3661 αὐτόθεν
3238 3606 3424 3676 ἔχουσι
3476 3606 3539 3659 τὸ
3589 3601 3717 3658 εἶναι

2141 3699 2330 3750 οἰκεῖοι
2365 3696 2534 3750 Θεοῦ’
2566 3698 2614 3749 εἰ
2645 3697 2702 3751 δὲ
2747 3696 2811 3751 ὲκ
2850 3695 2943 3749 τοῦ
2980 3697 3241 3767 πονηροῦ,
3275 3696 3393 3759 πῶς
3435 3696 3506 3750 ἂν
3537 3713 3717 3749 τεκνω-

2143 3790 2286 3843 θείεν
2340 3786 2500 3858 Θεῷ;
2560 3788 2680 3842 Ἔτι
2736 3787 2792 3840 δὲ
2850 3789 3001 3851 ποῖος
3054 3786 3211 3855 λόγος
3274 3786 3619 3858 προφητικὸς
3667 3785 3719 3849 ἐξ

2143 3881 2391 3951 αἱμάτων
2437 3880 2533 3933 καὶ
2571 3881 2634 3932 ἑκ
2682 3879 2984 3951 θελήματος
3034 3879 3262 3949 ἀνδρὸς,
3327 3879 3426 3931 καὶ
3480 3878 3545 3931 ἐκ
3577 3878 3721 3945 θελή-

2146 3988 2317 4042 ματος
2361 3971 2565 4040 σαρκδς
2603 3970 2900 4041 ὲγεννήθη;
2944 3970 3169 4039 Ἐπάγει
3199 3969 3307 4040 γὰρ
3334 4009 3349 4031 ,
3384 3969 3457 4021 ΟΣ
3503 3970 3612 4023 οὐκ
3659 3969 3721 4031 ἐξ

2143 4061 2445 4131 αἱμάτων,
2497 4060 2641 4115 οὐδὲ
2691 4062 2760 4117 ἐκ
2803 4060 3140 4130 θελήματος
3171 4060 3424 4127 σαρκὸς,
3479 4059 3620 4113 ἀλλ’
3660 4060 3723 4111 ἐκ

2145 4155 2293 4210 Θεοῦ
2318 4155 2757 4225 ἐγεννήθησαν.
2780 4154 2937 4217 Τίνες
2960 4152 3053 4206 οῦν
3079 4155 3125 4205 οἱ
3147 4152 3480 4222 ἑξαίμάτων
3502 4169 3725 4219 γεγενηο

2149 4243 2299 4314 μένοι
2345 4244 2540 4312 λόγοι,
2579 4244 2674 4297 καὶ
2717 4243 2862 4306 τίνες
2919 4244 2968 4295 oi
3036 4243 3147 4313 μή;
3201 4244 3406 4295 Λοιπδν
3458 4241 3553 4295 οὖν
3608 4242 3725 4293 Io'm

2146 4336 2302 4390 καλεῖ
2342 4336 2433 4389 τὸν
2465 4335 2669 4406 κόσμον
2696 4374 2711 4401 ,
2750 4334 2824 4398 ὥς
2871 4352 2977 4387 που
3019 4336 3112 4388 καὶ
3146 4333 3383 4405 ἀλλαχδῦ
3416 4351 3553 4403 φησι
3599 4333 3729 4403 πρὶς

2144 4430 2270 4492 τοὺς
2306 4427 2590 4500 μαθητὰς,
2641 4427 2795 4481 Ἰδοὺ
2828 4427 3061 4497 ἔρχεται
3091 4425 3209 4494 ὥρα
3236 4467 3251 4492 ,
3290 4428 3392 4478 καὶ
3432 4426 3554 4479 νῦν
3591 4424 3727 4492 ἐλή-

2145 4522 2372 4587 λυθεν,
2410 4521 2511 4573 ira
2557 4517 2968 4589 σκορπισθῆτε
3014 4517 3271 4584 ἕκαστος
3322 4520 3409 4582 εὶς
3462 4517 3535 4569 τὰ
3590 4516 3725 4568 ἴδια.

454 4599 617 4669 igitur
645 4599 732 4654 hic
762 4614 889 4661 non,
916 4606 971 4650 ut
1003 4599 1284 4650 dementes
1316 4595 1401 4648 isti
1432 4602 1722 4662 negantur,
1750 4606 2029 4647 sermones

2150 4612 2273 4666 [Ιοῖα
2303 4606 2395 4664 οῦν
2430 4610 2536 4663 ίδια
2572 4611 2720 4679 λέγει
2773 4610 3046 4675 ἑνταῦθα;
3121 4610 3243 4678 Αρα
3288 4608 3417 4671 τοὺς
3463 4624 3727 4678 προφητισ

457 4691 802 4760 propheticos
824 4689 1083 4760 appellat,
1113 4690 1206 4743 sed
1244 4688 1516 4755 propriam
1558 4687 1821 4755 cujusque
1843 4699 2056 4751 posses.

456 4786 663 4838 sionem
698 4793 750 4837 et
774 4783 1015 4845 domum,
1065 4781 1146 4836 sic
1177 4780 1338 4835 etiam
1369 4779 1584 4847 quando
1612 4778 1747 4832 dixit
1787 4795 1801 4832 :
1839 4776 1902 4829 In
1927 4792 2052 4843 pra-

454 4877 574 4939 pria
613 4875 771 4938 venit,
808 4882 856 4927 et
904 4874 989 4927 sui
1030 4889 1149 4926 eum
1179 4886 1283 4924 non
1331 4878 1653 4939 receperunt,
1713 4883 1807 4937 per
1840 4867 2052 4936 propria

457 4967 715 5019 mundmn
744 4967 1055 5027 sensibilem
1084 4963 1363 5028 intellexit,
1392 4964 1480 5033 qui
1515 4962 1731 5032 propria
1762 4970 1845 5015 est
1886 4960 2052 5028 ipsius

459 5057 733 5125 possessio
783 5068 945 5125 atque
969 5068 1123 5122 Opus.
1156 5055 1418 5109 Similiter
1450 5064 1505 5110 et
1526 5055 1616 5123 qui
1640 5055 1691 5108 in
1744 5055 1858 5124 ipso
1891 5063 2039 5118 sunt,

456 5162 691 5220 quorum
719 5148 806 5202 alii
856 5147 1078 5217 quidem
1130 5148 1428 5201 doctrinam
1489 5146 1604 5216 ejus
1659 5152 2042 5214 susceperunt,

458 5241 548 5299 alii
603 5228 757 5295 non.’
793 5240 857 5294 Et
922 5239 1102 5295 alibi:
1165 5238 1287 5294 Non
1324 5238 1496 5303 habet,
1550 5239 1745 5308 inquit,
1798 5239 2046 5292 honorem

457 5334 707 5403 propheta
732 5335 787 5387 in
824 5334 1035 5402 prapria
1069 5334 1248 5403 patria
1282 5334 1323 5385 °.
1363 5330 1517 5396 Quod
1576 5341 1752 5385 autem
1790 5345 1884 5398 per
1928 5346 2051 5396 pro-

454 5427 573 5494 pria
610 5428 867 5479 mundum
898 5425 1187 5492 signiﬁcet,
1246 5439 1307 5476 ex
1341 5425 1422 5476 his
1479 5422 1655 5476 verbis
1699 5421 1861 5490 plane
1910 5420 2041 5473 licet

457 5518 779 5589 intelligere.
816 5519 949 5574 Erat
983 5519 1139 5580 enim,
1196 5517 1391 5586 inquit,
1440 5516 1529 5569 lux
1557 5529 1697 5577 vera,
1752 5530 1868 5580 qua:
1916 5512 2045 5564 illu-

458 5613 626 5663 minat
651 5627 854 5666 omnem
878 5613 1140 5666 hominem
1163 5610 1448 5663 venientem
1476 5610 1525 5660 in
1560 5608 1696 5658 hunc
1730 5602 1979 5658 mundum
2005 5604 2047 5675 7,

461 5702 628 5769 hunc,
663 5704 909 5773 inquam,
944 5705 1191 5759 sensibus
1228 5702 1555 5773 expositum.
1588 5698 1814 5763 (1'13"le
1866 5706 2047 5748 ειυίοηι

536 5868 551 5895 ¹
588 5867 793 5918 Cntoss.
830 5884 867 5927 ι,
909 5866 992 5920 l6.
1072 5868 1091 5897 ⁸
1124 5865 1281 5919 Rom.
1328 5879 1366 5924 ι.
1417 5863 1505 5921 20.
1587 5862 1605 5891 ³
1659 5859 1815 5914 Joau.
1864 5877 1898 5920 ι,
1946 5859 2028 5912 10.

2177 5853 2331 5908 Joan.
2368 5869 2405 5921 ι,
2438 5854 2521 5907 l5.

452 5938 483 6011 ,⁷
518 5936 672 5997 Joau.
718 5952 756 6003 ι,
793 5936 846 5989 9.

2153 4702 2283 4764 κους
2310 4701 2501 4772 λόγους
2531 4699 2702 4768 λέγει,
2749 4699 2781 4769 ἢ
2829 4699 3069 4766 δηλονότι
3112 4698 3205 4767 τὴν
3235 4699 3527 4751 κατοικίαν
3558 4698 3729 4750 καὶτὸ

2153 4797 2339 4864 κτῆμα
2396 4792 2665 4855 ἑκάστους
2730 4790 2944 4859 Ὠσπερ
2998 4784 3093 4843 οὖν
3149 4789 3384 4841 ἐνταῦθα
3444 4790 3555 4842 rem
3618 4788 3732 4857 οὐχὶ

2153 4886 2292 4940 κατὰ
2319 4885 2408 4939 τὸν
2442 4884 2724 4954 μεμηνότα
2754 4882 2921 4953 λῆρον
2958 4883 3083 4944 τοὺς
3127 4882 3507 4951 προφητικοὺς
3543 4880 3731 4948 λόγους

2152 4980 2321 5047 λέγει,
2343 4977 2480 5029 ἀλλὰ
2512 4976 2571 5029 τὸ
2613 4977 2845 5030 ἑκάστου
2880 4973 3065 5042 κτῆμα
3095 4975 3187 5025 καὶ
3215 4975 3314 5042 τὴν
3356 4974 3497 5025 ἰδίαν
3532 4974 3729 5026 οἰκίαν·

2148 5071 2288 5125 οῦτω
2316 5071 2407 5123 καὶ
2432 5068 2651 5120 ἐπειδὰν
2688 5067 2846 5137 λέγῃ,
2878 5064 2991 5119 Καὶ
3019 5068 3107 5131 εις
3143 5067 3214 5118 τὰ
3241 5065 3365 5118 ῖδια
3402 5062 3557 5135 ἦλθε
3578 5105 3593 5128 ,
3639 5066 3729 5116 και

2142 5166 2196 5217 οι
2222 5162 2359 5216 ἴδιοι
2376 5160 2565 5215 αὐτόν
2589 5163 2661 5214 οὐ
2683 5160 3046 5226 παρέλαϐον,
3074 5157 3193 5211 ἴδια
3228 5158 3327 5227 μὲν
3356 5158 3450 5210 τὸν
3479 5156 3731 5226 αἰσθητὸν

2145 5255 2347 5323 κόσμον
2370 5252 2538 5319 λέγει’
2573 5252 2756 5320 κτῆμα
2789 5249 2894 5318 γὰρ
2925 5247 3091 5302 αὐτοῦ
3137 5250 3230 5301 καὶ
3287 5247 3504 5317 ποίημα
3555 5242 3727 5309 οὗτος

2147 5347 2411 5409 ὡσαύτως
2439 5344 2494 5398 δὲ
2530 5344 2580 5396 οι
2605 5345 2665 5395 ὲν
2696 5340 2866 5412 αὐτῷ,
2901 5335 2976 5393 ὧν
3008 5343 3055 5393 oi
3088 5340 3187 5410 μὲν
3223 5341 3543 5409 παρέλαϐον
3576 5339 3730 5393 αὑτοῦ

2152 5440 2251 5508 τὴν
2305 5435 2728 5506 μυσταγωγίαν,
2785 5436 2834 5486 oi
2882 5434 2939 5486 δὲ
2985 5432 3071 5487 οὗ.
3128 5433 3236 5485 Καὶ
3277 5432 3515 5502 ἀλλαχοῦ
3578 5434 3735 5486 πάλιν

2158 5531 2354 5600 φησὶν,
2406 5531 2489 5583 ὅτι
2526 5528 2845 5597 Προφήτης
2890 5527 2959 5579 ἐν
2998 5522 3075 5594 τῇ
3125 5524 3242 5592 ιδίᾳ
3289 5524 3535 5591 πατρίδι
3563 5526 3735 5593 τιμὴν

2156 5623 2266 5674 οὐκ
2309 5620 2455 5689 ἔχει.
2512 5617 2636 5669 Ὅτι
2689 5616 2746 5669 δὲ
2790 5615 2911 5669 lata
2961 5617 3051 5667 τὸν
3092 5615 3293 5682 κόσμον
3340 5613 3515 5680 φησι,
3554 5618 3649 5666 καὶ
3677 5616 3734 5664 ὲκ

2157 5712 2360 5764 τούτων
2395 5712 2510 5763 ἐστὶ
2557 5709 2740 5776 σαφῶς
2793 5706 3042 5776 συνορᾷν.
3096 5701 3215 5759 Ἦν
3256 5705 3401 5773 γὰρ,
3443 5709 3626 5774 φησὶ,
3676 5706 3733 5757 τὸ

2629 5852 2649 5883 ⁵
2676 5851 2834 5906 Joan.
2866 5866 2973 5904 xw.
3003 5850 3093 5904 32.
3169 5852 3187 5881 ⁸
3226 5848 3415 5901 Matth.
3464 5864 3595 5912 χιιι,
3653 5849 3729 5902 57.
