3930 6552
161 467 176 525 l
189 463 290 526 2139

1067 455 1447 517 PANOPLIA
1492 452 1953 515 DOGMATICA.
1995 482 2061 490 —
2096 458 2247 517 TIT.
2285 459 2496 519 XXIV.

3280 455 3417 524 1210

153 580 272 651 φῶς
305 576 369 629 τὸ
394 574 711 642 ἀληθινὸν,
736 572 768 628 ὁ
799 571 1029 643 φωτίζει
1051 574 1250 627 πάντα
1284 568 1600 641 ἄνθρωπον
1632 570 1724 638 ἐρ-

1831 570 2191 627 illuminavit?
2217 575 2441 643 Quando
2473 582 2633 631 natus
2662 582 2747 632 est
2790 573 2844 629 in
2881 573 2991 629 illo.
3017 572 3243 640 Quando
3272 576 3414 629 enim

153 672 407 737 χόμενον
454 668 540 729 είς
583 665 692 718 τὸν
721 665 976 732 κόσμον.
1011 666 1170 718 Ποῖον
1200 664 1437 732 κόσμον;
1468 662 1721 731 Δηλονότι

150 759 235 810 τὸν
254 755 534 825 αἰσθητόν.
560 755 666 807 Καὶ
695 753 825 806 πότε
855 753 1121 821 ἐφώτισεν
1146 771 1160 819 ;
1193 752 1323 805 Ὅτε
1346 752 1722 824 παραγέγονεν

152 854 203 903 ιν
232 848 399 912 αὐτῷ.
450 848 585 900 Πότε
616 845 671 897 δὲ
713 845 1062 913 παραγέγονε
1086 886 1099 905 ,
1134 844 1195 897 τὸ
1224 844 1560 912 Εὑαγγέλιον
1601 843 1720 912 βοᾷ.

162 941 258 991 Ἐγ
298 935 377 999 τῷ
424 936 629 1002 κόσμῳ
654 937 764 1001 γὰρ
797 929 895 1001 ἦν,
946 933 1098 1002 φησί.
1148 933 1375 996 Πάντως
1405 936 1514 1003 γὰρ
1541 935 1597 986 ἐν
1641 932 1721 1003 τῷ

155 1045 186 1080 α
213 1024 394 1093 σθητῷ
426 1024 616 1093 κόσμῳ
654 1023 750 1087 ὢν,
782 1024 872 1077 τὸν
902 1024 1199 1093 ἐρχόμενον
1228 1025 1309 1086 είς
1337 1024 1429 1077 τὸν
1465 1024 1721 1093 αἰσθητὸν

150 1130 347 1185 κόσμον
382 1118 670 1184 ἐφώτιζεν.
716 1112 850 1171 Εἶτα
893 1118 1037 1179 τίνος
1076 1113 1143 1187 ἦν
1185 1120 1213 1171 ό
1245 1119 1450 1187 κόσμος
1482 1120 1718 1191 ποίημα,

1832 671 1990 715 natus
2013 664 2104 725 sit,
2131 664 2477 735 Evangelium
2519 668 2755 721 clamat:
2786 665 2853 720 In
2889 667 3102 730 mundo,
3142 664 3415 733 inquiens,

1830 762 1965 806 erat.
1998 752 2231 809 Omnino
2255 754 2399 810 enim
2428 756 2477 810 in
2512 758 2616 812 hoc
2643 757 2845 812 mundo
2878 756 3123 811 sensibili
3150 754 3417 810 exsistcns

1830 847 2134 901 venientem
2168 848 2220 901 in
2260 850 2515 903 mundum
2536 850 2842 904 sensibilem
2861 848 3218 904 illuminabat.
3244 848 3413 901 Porro

1829 938 1984 1003 cujus
2017 939 2128 1007 ipse
2158 939 2391 994 mundus
2414 940 2659 1010 sit0pus,
2684 940 2738 994 in
2772 953 2947 1009 quoet
2980 942 3066 994 ille
3097 948 3413 1003 erat,etvc-

1827 1031 2063 1084 nientcm
2083 1030 2140 1085 in
2192 1046 2311 1086 eum
2356 1029 2716 1096 illuminabat,
2752 1048 2855 1085 non
2903 1033 3141 1095 aliunde,
3205 1031 3297 1084 sed
3346 1044 3410 1080 (ιτ

1820 1119 1954 1190 ipsis
1984 1120 2458 1192 Evangeliiverbis
2484 1123 2807 1193 percipitur:
2842 1121 2911 1175 Et
2933 1124 3177 1187 uitandus,
3216 1122 3407 1184 inquit,

152 1202 271 1275 ἐνῷ
304 1225 363 1260 τε
409 1207 571 1269 αὐτὸς
605 1202 673 1275 ἦν
701 1246 717 1271 ,
778 1210 870 1261 καὶ
922 1207 1013 1261 τὸν
1067 1211 1371 1279 ἐρχόμενον
1422 1211 1501 1273 είς
1560 1210 1724 1263 αὑτὸν

1831 1229 1908 1266 oer
1938 1213 2107 1281 ipsum
2131 1215 2303 1285 factus
2332 1225 2429 1281 est,
2462 1228 2511 1271 et
2539 1214 2765 1268 mundus
2814 1232 2929 1268 eum
2976 1232 3076 1268 non
3104 1212 3341 1281 cognovit
3369 1212 3407 1247 ‘-

150 1297 431 1367 ἐφώτιζεν,
492 1300 593 1351 οὐκ
618 1298 842 1352 ἄλλοθεν
872 1300 988 1351 ἔστι
1027 1302 1219 1367 μαθεῖν
1248 1300 1364 1353 ἀλλ’
1390 1302 1421 1369 ἢ
1457 1299 1516 1364 ἐξ
1545 1301 1724 1355 αὐτῶν

150 1391 249 1448 τών
302 1390 678 1457 εὐαγγελικῶν
733 1391 1023 1460 ῥημάτων.
1087 1392 1189 1444 Kal
1229 1396 1261 1445 ό
1313 1393 1545 1460 κόσμος
1590 1395 1720 1463 γὰρ,

1821 1303 1977 1370 Quod
2005 1306 2144 1361 idem
2180 1308 2322 1362 valet
2365 1318 2527 1377 atque
2572 1307 2661 1361 illa
2689 1306 2852 1363 verba
2878 1322 2891 1359 :
2921 1303 2988 1357 In
3012 1304 3225 1375 prapria
3252 1302 3409 1358 venit.

1824 1409 1879 1448 et
1916 1398 2001 1450 sui
2036 1414 2155 1452 eum
2186 1415 2289 1454 non
2326 1402 2655 1468 receperunt:
2926 1406 2929 1409 ⁷

152 1486 297 1556 φησι,
329 1484 404 1536 δι’
438 1486 626 1539 αὑτοῦ
647 1486 920 1554 ἐγένετο,
959 1484 1057 1538 καί
1084 1488 1117 1539 ό
1142 1486 1372 1554 κόσμος
1417 1486 1604 1541 αὑτὸν
1649 1490 1763 1543 οὐκ
1824 1486 2014 1558 ἔγνω,
2046 1489 2075 1543 θ
2120 1490 2234 1544 τσον
2288 1492 2405 1545 ἐστὶ
2433 1490 2544 1560 τῷ,
2580 1490 2686 1558 Εἰς
2720 1490 2795 1545 τὰ
2842 1486 2965 1543 ἴδια
3000 1481 3151 1557 ἦλθε
3172 1524 3189 1551 ,
3221 1483 3319 1537 καί
3357 1486 3411 1538 οι

150 1583 279 1633 ῖδιοι
303 1582 497 1634 αὐτὸν
524 1581 595 1633 οὐ
623 1582 993 1648 παρέλαϐον.

219 1670 279 1722 Εἰ
314 1672 385 1723 τὰ
426 1671 647 1738 ἐπίγειά
703 1672 821 1722 ἐστι
871 1670 966 1723 τοῦ
1012 1670 1273 1741 πονηροῦ,
1308 1673 1423 1735 πῶς
1469 1674 1724 1742 ἠνέσχετο

1904 1677 1959 1734 Si
1992 1693 2076 1735 res
2132 1688 2361 1734 terrenae
2415 1688 2543 1734 sunt
2597 1678 2745 1742 mali,
2778 1691 2875 1729 cur
2930 1672 3217 1736 fructibus,
3278 1682 3414 1740 quos

149 1763 229 1819 διὰ
259 1762 372 1816 τῶν
403 1764 631 1833 καρπῶν
652 1803 665 1826 ,
721 1760 757 1817 ἃ
806 1763 1008 1831 ἔφυσεν
1038 1765 1070 1832 ἡ
1104 1765 1173 1835 γῆ
1202 1802 1218 1828 ,
1268 1764 1328 1817 τὸ
1365 1766 1599 1834 ποίημαι
1625 1762 1719 1816 τοῦ

150 1855 386 1925 πονηροῦ
422 1856 581 1909 τοῦτο
615 1856 714 1925 μὲν
762 1856 857 1909 καὶ
900 1857 965 1909 ἐκ
998 1856 1161 1909 πέντε
1193 1857 1411 1927 ἄρτων,
1463 1857 1621 1910 τοῦτο
1664 1858 1720 1911 δὲ

149 1948 199 2009 ἐξ
240 1945 385 1996 ἑπτὰ
433 1945 633 2006 πολλάς
677 1945 945 2015 μυριάδας
980 1947 1245 2015 χορτάσαι
1274 1963 1289 2011 ;
1324 1948 1479 2017 Πόσῳ
1511 1948 1618 2016 γὰρ
1652 1943 1719 2016 ἧν

148 2036 366 2103 ἄμεινον
406 2036 502 2085 καὶ
546 2034 1018 2105 θεοπρεπέστερον
1052 2035 1126 2105 μὴ
1158 2037 1217 2100 ἐξ
1258 2036 1552 2107 ἀλλοτρίων
1588 2054 1721 2107 καρ-

148 2126 292 2192 πῶν,
336 2125 459 2180 ἀλλ’
493 2125 547 2192 ἐξ
573 2125 788 2179 οικέίων
817 2126 1317 2197 δημιουργημάτων
1346 2128 1566 2197 τρέφειν
1597 2130 1720 2191 τοὺς

150 2219 715 2289 μυσταγωγουμένους
756 2219 942 2288 abi-qi;
972 2219 1184 2271 Μᾶλλον
1213 2219 1269 2271 δὲ
1306 2219 1421 2282 πῶς
1448 2221 1567 2273 ὅλον
1599 2237 1722 2289 τρο-

148 2312 246 2379 φὴν
269 2347 285 2373 ,
342 2308 379 2378 ἢ
416 2309 579 2360 ποτὸν
610 2308 772 2371 αὐτὸς
820 2309 1234 2378 προσηνέγκατο
1257 2349 1270 2373 ,
1311 2309 1347 2362 ἃ
1381 2311 1594 2377 καρπὸς
1652 2307 1721 2381 ἦν

146 2402 248 2452 τῶν
296 2399 482 2469 ἔργων
516 2398 609 2450 τοῦ
644 2397 881 2469 πονηροῦ
909 2416 922 2464 ;
962 2402 1083 2463 Πῶς
1119 2400 1164 2451 δ’
1194 2400 1258 2453 ἂν
1289 2402 1353 2453 ἐκ
1381 2398 1476 2452 τοῦ
1512 2402 1720 2468 ἀγαθοῦ

147 2490 355 2560 Πατρός
412 2489 686 2543 αίτεῖσθαι
745 2490 837 2542 τὸν
889 2489 1054 2559 ἄρτον
1105 2492 1195 2544 τὸν
1252 2493 1530 2546 ἐπιούσιον
1589 2496 1720 2563 ἡμῖν

146 2582 487 2646 ἐνετείλατος
524 2583 617 2635 καὶ
659 2583 772 2642 πῶ,
812 2581 976 2634 πάλιν
1024 2583 1337 2653 ὀφθαλμοᾏς
1372 2585 1723 2655 δημιουργῶν

146 2674 215 2744 τῷ
262 2673 455 2743 τυφλῷ
514 2673 625 2725 οὐκ
674 2673 731 2740 ἐξ
781 2672 946 2742 ἄλλης
991 2672 1157 2742 ὕλης,
1218 2674 1333 2727 ἀλλ’
1364 2677 1425 2728 ἐκ
1474 2676 1576 2744 γῆς
1630 2677 1724 2729 καὶ

150 2768 365 2831 ὓδατος,
406 2766 549 2837 άπερ
577 2762 644 2837 ἦν
674 2767 766 2819 τοῦ
797 2766 1059 2838 πονηροῦ,
1090 2768 1189 2837 τὴν
1213 2768 1337 2838 ὄψιν
1366 2770 1721 2831 ἐκαινοποίει,

149 2859 435 2929 μονονουχὶ
481 2858 956 2929 συμμεριζόμενυς
994 2859 1068 2928 τῷ
1112 2861 1290 2930 ἐχθρῷ
1314 2902 1327 2925 ,
1386 2863 1482 2914 καὶ
1514 2861 1590 2931 τῷ
1624 2862 1724 2931 μὲν

147 2961 297 3026 ἀφεὶς
336 2960 399 3010 τὸ
426 2957 588 3011 πλέον
623 2960 816 3021 ποιεῖν,
845 2956 1007 3017 αὐτὸς
1035 2956 1089 3008 δὲ
1113 2956 1172 3007 τὸ
1201 2958 1362 3025 μέρος
1393 2955 1726 3023 ἀναπληρῶν

145 3052 200 3118 ἐξ
243 3051 540 3119 ἀλλοτρίας
598 3048 731 3118 ’ὕλης
758 3088 772 3113 ,
814 3047 1005 3118 ὥσπερ
1045 3047 1265 3115 ἀπορῶν
1323 3046 1493 3111 ίδὶας;
1532 3046 1724 3099 Καίτοι

1829 1778 1993 1835 terra,
2026 1785 2143 1840 qua!
2172 1772 2293 1825 mali
2351 1785 2483 1839 opus
2541 1780 2650 1832 est,
2707 1768 2847 1833 tulit,
2904 1766 3070 1822 multa
3132 1765 3408 1817 hominum

1830 1860 1995 1913 millia
2051 1860 2306 1925 satiavit;
2357 1859 2520 1914 semel
2573 1858 2790 1927 quidem
2866 1857 3095 1925 panibus
3147 1853 3411 1921 quinque,

1822 1949 2017 2003 iterum
2050 1960 2230 2004 autem
2265 1949 2513 2019 septem?
2550 1948 2764 2015 Quanto
2795 1948 2935 1999 enim
2968 1946 3180 2003 melius,
3220 1954 3273 1997 et
3305 1940 3416 1995 Deo

1822 2040 2036 2112 dignius
2084 2049 2226 2108 erat,
2264 2057 2367 2095 non
2414 2040 2605 2095 alienis
2661 2039 2947 2101 fructibus,
3000 2035 3093 2092 sed
3158 2035 3412 2105 propriis.

1820 2146 1913 2187 eos
1942 2147 2079 2202 quos
2139 2130 2476 2193 instituebat,
2529 2126 2811 2184 saturare?
2864 2126 2977 2181 lmo
3025 2141 3153 2180 vero
3204 2140 3300 2179 cur
3358 2124 3413 2177 in

1820 2227 1997 2281 cibum
2042 2235 2095 2282 et
2156 2234 2337 2294 potum
2391 2224 2632 2278 adhibuit
2678 2236 2741 2275 ea
2793 2235 2913 2289 qua:
2977 2218 3186 2272 fructus
3258 2226 3414 2270 erant

1821 2334 2041 2385 operum
2075 2317 2237 2371 mali?
2269 2317 2375 2370 Aut
2418 2331 2513 2368 cur
2570 2314 2826 2383 praecepit
2867 2310 3042 2373 nobis,
3095 2319 3152 2361 ut
3188 2323 3219 2362 a
3272 2308 3415 2361 bono

1822 2412 1982 2464 Patre
2027 2426 2221 2480 panem
2288 2408 2666 2479 quotidianum
2730 2402 3082 2474 peteremus?
3140 2400 3416 2454 Praeterea

1824 2520 1919 2557 cur
1951 2503 2078 2557 caici
2109 2501 2296 2557 oculos
2326 2515 2543 2565 curans,
2574 2513 2678 2553 non
2717 2513 2785 2554 ex
2816 2497 2919 2551 alia
2954 2494 3197 2559 materia,
3224 2492 3317 2547 sed
3347 2506 3413 2546 ex

1825 2608 1962 2649 terra
1998 2605 2053 2649 et
2081 2608 2240 2662 aqua,
2274 2608 2392 2661 qute
2431 2592 2557 2646 mali
2597 2599 2742 2656 sunt,
2801 2603 2993 2643 novam
3050 2584 3259 2640 videndi
3308 2584 3413 2636 vim

1826 2685 2047 2739 tribuit?
2081 2694 2333 2753 tanquam
2364 2698 2483 2737 cum
2538 2681 2759 2736 inimico
2801 2680 2873 2733 ita
2926 2690 3038 2730 rem
3092 2674 3410 2744 partiretur,

1826 2792 1881 2833 ut
1922 2777 2175 2847 majorem
2236 2775 2284 2828 ei
2342 2784 2545 2843 partem
2605 2773 2950 2842 relinqueret,
3004 2770 3116 2832 ipse
3186 2767 3414 2819 alteram

1824 2871 2155 2939 etplcretex
2179 2867 2353 2921 aliena
2385 2864 2630 2932 materia,
2685 2873 2939 2932 tanquam
2996 2859 3213 2929 propria
3266 2856 3409 2910 imii-

1825 2960 2009 3032 geret?
2037 2960 2354 3028 Quanquam
2388 2955 2432 3011 si
2466 2956 2597 3010 nihil
2626 2954 2769 3008 aliud
2802 2952 3043 3005 infelices
3072 2950 3205 3003 istos
3244 2948 3415 3000 haere-

1828 3055 1962 3109 ticos
2000 3062 2262 3115 moveret,
2327 3050 2429 3104 hac
2487 3049 2600 3102 sola
2663 3046 2889 3114 hujusce
2942 3044 3014 3096 rei
3079 3040 3417 3095 admiranda}

146 3145 191 3195 si
239 3142 313 3212 μή
381 3158 432 3194 τι
464 3140 615 3203 ἀλλο,
650 3138 765 3192 ἀλλ’
809 3140 942 3193 αὐτό
991 3155 1053 3208 γε
1108 3137 1266 3189 τοῦτο
1314 3137 1441 3201 τοὺς
1506 3137 1724 3198 ἀθλίους

1831 3143 2257 3202 consideratione
2299 3143 2554 3196 deberent
2608 3137 2944 3207 resipiscere,
2994 3134 3131 3202 quod
3161 3132 3251 3201 qui
3287 3143 3415 3181 vere

143 3234 245 3287 ἔδει
292 3235 731 3307 δυσωπηθῆναι,
780 3236 879 3289 καὶ
935 3236 1305 3304 κατανοῆσαι,
1357 3235 1439 3287 ὅτι
1497 3234 1663 3297 ὅντως
1697 3236 1724 3287 ό

1831 3236 1983 3292 ﬁnxit
2009 3236 2222 3291 oculum
2254 3249 2318 3288 ex
2348 3232 2481 3297 luto,
2516 3230 2604 3285 ille
2639 3231 2754 3299 ipse
2784 3236 2889 3291 est,
2913 3224 3002 3295 qui
3038 3225 3103 3277 ab
3137 3221 3289 3275 initio
3314 3220 3412 3272 ho-

144 3327 357 3390 πλάσας
409 3329 502 3381 τὸν
555 3328 832 3397 ὀφθαλμὸν
894 3331 959 3381 ἐκ
1019 3327 1211 3397 πηλοῦ.
1247 3328 1386 3392 Οἴας
1422 3329 1533 3400 γὰρ
1593 3327 1724 3395 ὕλης

1831 3332 2027 3383 minem
2058 3343 2121 3381 ex
2154 3327 2266 3382 luto
2306 3323 2576 3378 formavit.
2615 3319 2783 3389 Cujus
2838 3317 2980 3370 enim
3016 3313 3256 3367 materia!
3288 3324 3416 3379 pars

144 3422 255 3473 ἐστὶ
279 3421 344 3473 τὸ
379 3422 542 3490 μέρος
564 3460 577 3485 ,
609 3421 706 3491 τῆς
735 3419 902 3489 αὐτῆς
943 3420 1039 3474 καὶ
1079 3421 1137 3473 τὸ
1166 3420 1285 3473 ὅλον
1309 3461 1324 3487 ,
1376 3422 1469 3475 καὶ
1504 3420 1562 3473 ὃν
1603 3422 1726 3489 ξσχε

142 3515 199 3567 τὺ
242 3514 371 3567 ὅλον
421 3512 795 3586 δημιουργὸν,
838 3513 929 3567 τὸν
972 3515 1137 3569 αὑτὸν
1181 3515 1275 3567 καὶ
1310 3515 1369 3565 τὸ
1406 3514 1590 3585 μέρος.

222 3717 280 3770 Ὀ
316 3714 539 3787 Κύριος
588 3717 745 3787 ἡμῶν
795 3716 1005 3783 Ἰησοῦς
1051 3716 1288 3788 Χριστὸς
1335 3716 1427 3767 ἐπὶ
1460 3714 1518 3766 τὸ
1559 3714 1729 3777 πάθος

144 3810 589 3880 παραγινόμενος
652 3811 861 3881 Κύριον
918 3811 1113 3865 ἑαυτὸν
1151 3810 1249 3878 τῆς
1302 3808 1426 3861 ὄνου
1481 3807 1577 3861 καὶ
1629 3806 1723 3860 τοῦ

145 3898 329 3953 πώλου
385 3899 633 3970 ἀπέφηνε
680 3900 815 3970 πρὸς
868 3900 996 3963 τοὺς
1045 3899 1319 3969 μαθητάς.
1353 3897 1461 3950 Καὶ
1489 3899 1598 3968 γάρ
1636 3896 1731 3965 δη-

145 3991 562 4061 μιουργήματα,
616 3994 708 4045 καὶ
752 3992 853 4062 τῆς
880 3992 1079 4045 ἑαυτοῦ
1129 3991 1454 4061 κυριότητος
1499 3990 1593 4042 καὶ
1652 3989 1737 4041 δε-

142 4084 405 4144 σποτείας
447 4082 638 4152 ὥσπερ
676 4087 703 4136 ό
757 4089 984 4153 κόσμος,
1037 4086 1131 4136 καὶ⁵
1183 4085 1252 4136 τὰ
1284 4084 1341 4134 ἐν
1390 4081 1558 4150 αὐτῷ,
1594 4079 1735 4134 οὕτω

143 4172 235 4225 καὶ
297 4173 505 4227 ταῦτα.
561 4174 653 4227 Διό
705 4191 899 4246 φησιν,
941 4174 1085 4231 Ἐάν
1141 4191 1230 4239 τις
1291 4171 1437 4240 ὑμῖν
1470 4172 1609 4239 εἴπῃ
1660 4190 1735 4235 τι,

140 4262 327 4329 ἐρεῖτε
365 4264 453 4316 ὅτι
510 4264 574 4318 '0
618 4266 838 4333 Κύριος
883 4265 1081 4321 αὐτῶν
1133 4268 1343 4335 χρείαν
1385 4265 1531 4333 ἔχει.
1567 4266 1634 4318 Ἦ
1675 4266 1732 4318 δὲ

140 4360 458 4411 ἀποστασία
488 4360 587 4412 οὐκ
618 4361 868 4429 ἀνέχεται
913 4359 1072 4412 τοῦτο
1091 4398 1105 4423 ,
1142 4358 1278 4411 ἀλλά
1306 4358 1405 4426 τῆς
1452 4358 1617 4410 αὐτοῦ
1646 4357 1733 4424 ἐξ-

141 4450 334 4513 ουσίας
372 4450 694 4520 ἀρπάζουσα
725 4450 831 4503 ὑπὸ
860 4451 961 4518 τὴν
1000 4450 1367 4520 δημιουργίαν
1406 4450 1590 4502 τάττει
1636 4449 1730 4501 τοῦ

148 4560 280 4612 πονη
288 4559 392 4610 ρου
402 4580 416 4594 .

210 4635 402 4703 Ὅπερ
459 4633 505 4684 οι
558 4632 777 4696 ἀσεϐεῖς
834 4634 915 4697 είς
985 4632 1326 4702 παράστασιν
1375 4633 1469 4685 τοῦ
1519 4633 1722 4685 οἰκείου

143 4726 550 4797 προὸἀλλονται
624 4726 1079 4796 δυσσεσήματος,
1151 4726 1344 4794 ὅτιπερ
1396 4724 1555 4794 ἄρχει
1616 4726 1723 4779 τῶν

137 4816 411 4884 ἐπιγείων
459 4817 487 4867 ό
537 4814 791 4885 πονηρὸς,
848 4815 1213 4885 πλανηθέντες
1261 4817 1369 4868 ἀπὸ
1398 4816 1492 4869 τοῦ
1545 4819 1721 4869 εἰπεῖν

137 4911 310 4963 αὐτὸν
364 4909 455 4960 ὅτε
507 4907 585 4975 τῷ
637 4906 858 4979 Χριστῷ
910 4908 1005 4968 τὰς
1056 4907 1334 4974 ἐπιγείους
1388 4906 1567 4968 πάσας
1626 4908 1723 4969 βα-

138 5000 354 5063 σιλείας
412 4999 711 5065 ὑπέδειξεν,
757 5000 838 5053 ὅτι
895 4998 1091 5053 Ταῦτα
1138 5000 1335 5053 πάντα
1380 5015 1480 5053 σοι
1526 5000 1719 5063 δώσω,

139 5094 253 5146 ἐὰν
308 5092 519 5144 πεσὼν
565 5091 1008 5160 προσκυνήσῃς
1033 5108 1137 5160 μοι
1161 5132 1176 5157 ,
1230 5091 1388 5145 τοῦτο
1426 5092 1606 5153 αὐτοῖς
1647 5095 1727 5154 είς

140 5183 202 5235 τὸ
232 5182 469 5253 μηδενὸς
494 5183 674 5235 αὐτῶν
692 5184 885 5252 ἄρχειν
913 5183 1003 5235 τὸν
1036 5183 1271 5252 πονηρὸν
1296 5182 1723 5251 ἀντέστραπται.

142 5276 412 5346 Ψεύστης
449 5276 555 5345 γὰρ
605 5275 702 5343 ὢν,
752 5276 845 5328 καὶ
900 5274 1127 5343 ψεύδους
1162 5275 1401 5345 ἀρχηγὸς
1427 5312 1442 5339 ,
1498 5276 1595 5328 καὶ
1633 5276 1728 5326 οὐ·

140 5369 347 5420 ἱέποτε
381 5370 440 5420 ἐν
468 5370 534 5437 τῇ
568 5366 797 5438 ἀληθείᾳ
827 5366 1108 5436 ἑστηκὼς,
1151 5366 1226 5430 ὡς
1264 5369 1292 5419 ό
1323 5366 1528 5435 Κύριος
1571 5368 1730 5435 ἡμῶν

142 5461 430 5524 ἐδίδαξεν,
476 5463 636 5525 αὐτὸς
683 5462 879 5513 ἐαυτὸν
912 5462 1135 5513 ἀνεῖπεν
1166 5460 1405 5530 ἀρχοντα
1450 5460 1558 5513 τῶν
1606 5462 1730 5512 ἐπι-

142 5570 345 5619 γειων.

1755 4540 1810 4603 D

1827 3433 1930 3483 est,
1965 3421 2106 3476 illius
2124 3430 2293 3474 totum
2316 3426 2419 3472 est.
2449 3416 2513 3469 Et
2539 3428 2700 3483 quem
2734 3421 2905 3465 totum
2928 3408 3119 3463 habuit
3141 3404 3414 3475 opificem,

1830 3514 1977 3569 illum
2014 3513 2203 3567 habuit
2239 3521 2293 3567 et
2324 3524 2470 3580 pars.

1906 3716 2166 3769 Dominus
2198 3722 2383 3766 noster
2410 3709 2569 3764 Jesus
2614 3706 2883 3767 Christus,
2919 3716 3041 3756 cum
3074 3700 3139 3753 ad
3187 3706 3414 3750 mortem

1832 3807 2307 3879 appropinquaret,
2363 3816 2422 3856 se
2474 3801 2613 3854 asini
2671 3808 2724 3851 et
2774 3793 2904 3865 pulli
2958 3793 3240 3846 Dominum
3295 3803 3416 3841 esse

1831 3900 2109 3967 discipulis
2165 3894 2484 3953 declaravit.
2553 3890 2762 3945 Etenim
2857 3902 3020 3957 opera
3089 3884 3231 3936 illius
3291 3890 3417 3934 sunt

1834 3991 2231 4052 dominationis
2268 4000 2321 4043 et
2342 3986 2622 4059 potentiae,
2676 3992 2738 4038 ut
2769 3981 3017 4041 mundus,
3074 3988 3129 4030 et
3183 3989 3303 4043 qua:
3362 3973 3417 4025 in

1835 4084 2035 4141 mundo
2065 4090 2214 4147 sunt,
2248 4082 2327 4136 sic
2367 4080 2528 4134 etiam
2582 4077 2716 4131 haec.
2782 4072 3139 4140 Quamobrem
3192 4067 3268 4119 ait
3304 4083 3316 4117 :
3357 4064 3417 4117 Si

1833 4179 1951 4248 quis
1997 4177 2139 4232 vobis
2220 4172 2421 4244 aliquid
2484 4171 2697 4233 dixerit,
2766 4164 3093 4235 respondete,
3157 4160 3418 4214 Dominus

1834 4272 2019 4324 horum
2051 4285 2178 4336 opus
2229 4268 2380 4320 habet
2418 4268 2462 4319 '.
2494 4268 2565 4318 At
2615 4262 2839 4318 hteresis
2879 4262 3102 4315 istorum
3155 4260 3257 4313 lt0c
3312 4254 3417 4323 pati

1834 4377 1940 4416 non
1972 4369 2167 4427 potest,
2200 4359 2292 4412 sed
2345 4358 2458 4411 hinc
2517 4356 2681 4423 ipsius
2735 4356 2973 4406 adimens
3026 4350 3300 4418 potestati,
3355 4364 3418 4398 ea

1840 4452 1965 4509 mali
1987 4451 2235 4506 attribuit
2260 4448 2495 4518 Opiﬁcio.

1904 4612 2056 4681 Quod
2089 4610 2236 4678 impii
2264 4607 2356 4661 isti
2383 4607 2447 4661 ad
2485 4620 2637 4660 suam
2687 4602 3118 4659 conﬁrmandam
3183 4598 3419 4653 alierum

1826 4707 2183 4775 impietatem,
2220 4716 2324 4769 qua
2358 4698 2557 4752 malum
2611 4710 2789 4750 rerum
2824 4696 3162 4749 terrestrium
3214 4691 3419 4759 princi-

1826 4814 1941 4867 pem
1965 4810 2085 4849 esse
2110 4792 2456 4853 contendunt,
2490 4806 2553 4843 ea
2603 4804 2659 4843 re
2680 4788 2909 4855 decepti,
2940 4785 3084 4854 quod
3124 4786 3239 4851 ipse
3267 4783 3421 4836 Chri-

1824 4901 1907 4941 sto
1938 4884 2317 4940 demonstratis
2335 4883 2585 4936 omnibus
2616 4881 2799 4934 mundi
2826 4879 3003 4946 regnis
3023 4876 3222 4929 dixerit
3248 4894 3261 4929 :
3293 4875 3419 4927 llaec

1824 4980 1999 5032 omnia
2030 4978 2121 5030 tibi
2150 4978 2305 5042 dabo,
2342 4976 2387 5028 si
2417 4984 2711 5043 prostratus
2768 4971 3068 5024 adoraveris
3109 4985 3189 5021 me
3222 4970 3263 5033 ³,
3292 4968 3419 5022 illud

1827 5071 2002 5137 ipsum
2032 5069 2252 5123 deberet
2280 5066 2382 5120 illis
2409 5064 2669 5127 iudicare,
2703 5063 2902 5116 malum
2936 5058 3137 5115 nullius
3165 5060 3408 5127 ipsorum

1829 5179 1949 5217 85:6
1980 5162 2277 5217 dominum.
2313 5158 2450 5212 Cum
2485 5157 2627 5210 enim
2668 5156 2892 5209 mendax
2939 5154 3029 5213 sit,
3062 5162 3116 5205 et
3144 5150 3411 5202 mendacii

1830 5257 2101 5324 princeps,
2126 5268 2354 5320 cumque
2385 5264 2658 5317 nunquam
2688 5247 2901 5300 steterit
2951 5248 3001 5298 in
3042 5245 3285 5303 veritate,
3348 5249 3404 5292 ut

1837 5349 2095 5404 Dominus
2126 5356 2308 5399 noster
2332 5343 2517 5397 docuit
2548 5344 2590 5405 ⁵,
2622 5341 2736 5410 ipse
2765 5354 2822 5394 se
2854 5353 3034 5393 rerum
3068 5334 3407 5391 terrestrium

1841 5437 2054 5506 negavit
2085 5449 2205 5490 esse
2226 5434 2547 5503 principem.

216 5738 233 5768 ¹
268 5735 612 5805 Joau.t,10.
690 5739 709 5767 ‘
738 5735 926 5792 Matth.
982 5750 1093 5801 ut,
1146 5736 1198 5792 3.
1276 5734 1307 5803 ’_
1344 5733 1534 5789 Matth.
1587 5750 1659 5799 tv,
1714 5732 1767 5786 9.
1846 5732 1868 5764 ‘
1901 5731 2057 5787 Joan.
2096 5747 2217 5799 vnn,
2250 5731 2338 5788 Η.
