3960 6556
514 472 649 540 1211

1170 664 1437 718 videlicet.

587 774 665 840 Si,
692 784 751 827 ut
787 784 1031 830 amentes
1063 776 1149 831 isti
1184 778 1445 841 sentiunt,
1476 778 1650 833 bonus
1682 793 1919 833 animam
1955 779 2102 843 facit,

515 883 711 934 corpus
746 878 927 922 autem
954 870 1151 931 malus,
1184 873 1459 939 quomodo
1509 873 1708 940 patitur
1762 873 1935 925 bonus
1980 887 2102 924 cum

520 962 645 1015 nali
708 977 873 1030 opere
919 978 1054 1031 opus
1113 978 1271 1017 suum
1336 962 1625 1031 coniungi,
1684 974 1776 1016 aut
1834 964 2106 1030 quomodo

517 1055 750 1108 sustinet
810 1054 984 1107 tnalus
1048 1056 1187 1109 hanc
1236 1054 1725 1122 conjunctioueut?
1783 1054 2106 1119 Conjuuctio

516 1148 661 1200 enim
698 1158 790 1199 aut
837 1162 1034 1215 corpus
1060 1146 1260 1200 bonum
1290 1146 1505 1210 efﬁciet,
1552 1161 1674 1198 cum
1728 1161 1942 1213 aequum
2000 1161 2105 1198 non

519 1240 612 1303 sit,
649 1250 706 1290 ut
735 1244 905 1291 bonus
943 1237 1066 1290 mali
1106 1253 1240 1305 opus
1272 1238 1469 1290 bonum
1500 1238 1710 1301 reddat,
1749 1246 1841 1290 aut
1870 1238 2105 1290 animant

520 1332 742 1397 malam,
776 1332 918 1400 quod
955 1332 1128 1398 magis
1159 1330 1325 1405 etiam
1379 1330 1675 1384 absurdum
1726 1339 1829 1393 est,
1881 1342 1939 1382 ut
1982 1331 2103 1384 boni

518 1443 656 1495 opus
683 1426 753 1480 ab
780 1439 941 1492 opere
973 1425 1095 1477 mali
1138 1425 1480 1491 depravetur.
1539 1425 1666 1490 Qua:
1693 1440 1851 1493 porro
1878 1424 2109 1479 societas

520 1520 623 1572 luci
655 1536 777 1572 cum
824 1519 1077 1581 tenebris,
1130 1526 1224 1570 aut
1279 1531 1398 1586 quae
1447 1517 1758 1587 conjunctio
1819 1517 1931 1572 Deo
1985 1534 2108 1573 cum

519 1611 687 1665 Belial
720 1629 839 1666 esse
865 1619 1029 1681 queat
1061 1611 1118 1666 ‘?

599 1704 638 1761 S
682 1707 850 1757 malus
883 1715 1058 1774 potest
1090 1707 1246 1760 nobis
1276 1705 1500 1760 insidias
1552 1703 1749 1767 moliri,
1794 1718 1892 1758 nos
1926 1714 2107 1757 autem

520 1814 809 1866 possumus
833 1814 924 1852 eas
954 1810 1005 1852 et
1028 1800 1207 1852 anima
1231 1807 1286 1852 et
1320 1812 1547 1866 corpore
1566 1797 1862 1861 declinare,
1888 1812 2110 1865 corpus,

420 1932 431 1943 .
521 1889 663 1958 quod
691 1902 744 1944 et
795 1891 1021 1947 insidias
1075 1892 1192 1961 ejus
1249 1906 1461 1956 cavere,
1516 1900 1570 1944 et
1634 1905 1891 1961 superare
1945 1891 2107 1944 etiam

522 1996 687 2052 atque
716 1986 949 2053 dejicere
978 1999 1192 2039 omnem
1228 1983 1369 2038 illius
1425 1984 1683 2054 impetum
1718 1994 1918 2053 potest,
1964 1983 2107 2039 illius

520 2088 655 2141 opus
690 2089 795 2127 non
834 2082 936 2137 est,
978 2089 1077 2128 nec
1126 2076 1242 2144 ipse
1271 2074 1468 2139 malus,
1498 2076 1543 2130 si
1578 2090 1776 2145 corpus
1826 2075 1893 2130 ab
1930 2090 1994 2131 eo
2029 2075 2110 2130 fa-

521 2174 668 2217 ctum
724 2172 892 2227 esset,
929 2163 1191 2218 adversus
1250 2165 1423 2232 ipsum
1477 2175 1847 2233 consurgeret.
1901 2164 2110 2221 Anima:

522 2257 690 2323 igitur
717 2265 772 2309 et
819 2258 1066 2325 corporis
1118 2257 1391 2328 Opiﬁcium
1432 2259 1499 2313 ad
1535 2259 1809 2314 contraria
1843 2262 2111 2331 principia

522 2348 715 2404 referri
751 2366 857 2404 non
896 2361 1144 2420 possunt.

493 2656 500 2665 .
600 2612 652 2668 Si
685 2628 883 2684 corpus
905 2630 933 2668 a
970 2616 1112 2670 malo
1144 2616 1451 2672 confectum
1476 2626 1580 2684 est,
1616 2621 1894 2689 quomodo
1927 2622 2107 2676 maxi-

524 2722 608 2757 ma
638 2718 732 2775 per
764 2706 893 2759 illud
923 2708 1058 2761 bona
1086 2708 1415 2779 peregimus,
1445 2711 1859 2780 temperatique,
1890 2722 1945 2767 et
1974 2729 2111 2768 con-

524 2797 783 2861 tinentes,
836 2806 890 2852 et
938 2798 1245 2867 vigilantes,
1290 2807 1344 2854 et
1401 2801 1468 2855 ad
1534 2802 1777 2871 pericula
1830 2804 2109 2860 subeunda

525 2890 882 2959 martyriique
917 2891 1132 2949 labores
1149 2893 1502 2963 perferendos
1544 2895 1713 2951 fortes
1734 2897 1959 2951 sumus?
1981 2898 2112 2963 Qua:

520 2980 737 3047 quidem
760 2982 942 3037 omnia
994 3000 1115 3037 eum
1172 2985 1417 3053 corporis
1479 2986 1663 3056 potius
1702 3002 1864 3056 quam
1918 2990 2113 3044 animm

523 3074 653 3139 sint,
694 3076 761 3128 ad
798 3075 1171 3132 Procreatoris
1200 3076 1427 3148 gloriam
1461 3076 1795 3133 referuntur.
1827 3079 2112 3147 Quomodo

524 3168 691 3236 igitur
719 3182 855 3238 opus
888 3169 1012 3223 mali
1042 3169 1173 3224 facit
1198 3184 1259 3225 ea
1293 3185 1415 3240 quae
1445 3173 1587 3225 bona
1618 3182 1773 3239 sunt,
1797 3186 1964 3243 seque
1994 3173 2113 3229 ani-

526 3278 627 3314 nne
655 3262 863 3315 socium
920 3262 1125 3331 praebet
1177 3262 1244 3315 ad
1298 3277 1361 3315 ea
1419 3263 1770 3333 perﬁcienda,
1833 3280 1952 3335 qua:
2006 3267 2109 3323 nisi

524 3353 698 3420 ipsum
729 3355 968 3418 adesset,
994 3355 1253 3422 perﬁcere
1283 3371 1387 3408 non
1411 3356 1729 3425 iudicaturi

595 3445 653 3500 Si
683 3460 880 3516 corpus
912 3446 1223 3516 ﬁgmentum
1256 3455 1338 3502 est
1370 3446 1517 3513 mali,
1567 3448 1838 3517 quomodo
1862 3450 1953 3520 qui
1999 3468 2113 3505 ma-

522 3538 633 3591 lum
663 3536 922 3606 pmclare
951 3546 1252 3608 oppugnat,
1286 3536 1485 3592 Paulus
1515 3538 1687 3607 ipsum
1715 3540 1948 3610 appellat
1988 3558 2118 3597 san-

521 3631 704 3683 etum‘l
741 3628 997 3700 lnnupta,
1028 3630 1220 3699 inquit,
1249 3630 1438 3700 quierit
1465 3647 1583 3696 qua:
1613 3642 1736 3686 sunt
1780 3632 2013 3699 Domini,
2059 3644 2117 3688 ut

521 3727 591 3777 sit
624 3736 803 3778 sancta
830 3736 879 3778 et
920 3740 1137 3795 corpore
1156 3736 1201 3778 et
1249 3727 1437 3795 spiritu
1461 3725 1505 3779 ⁸.
1550 3724 1707 3791 Quod
1757 3726 1805 3781 si
1859 3735 2106 3782 sanctum

1765 485 2151 546 EUTIIYMII
2194 486 2549 546 ZIGVBENI

516 586 688 642 Unum
738 606 849 646 esse
898 591 1133 661 corporis
1171 592 1466 662 animmque
1520 594 1837 662 e/feclorcm,
1878 594 2101 649 hominis
2138 597 2177 653 Α

3656 479 3786 544 ηιξ

2275 593 2396 647 ’ωτι
2445 589 2532 658 εἷς
2587 591 2950 658 δημιουργὸς
2996 593 3102 645 τοῦ
3149 594 3423 661 σώματος
3474 591 3716 660 καὶτῆς

2510 661 2759 731 ψυχῆς,
2815 662 2948 730 ἤτοι
2994 664 3101 717 τοῦ
3146 664 3486 733 ἀνθρώπου.

2281 776 2345 827 Et
2402 778 2429 828 ὁ
2483 777 2687 842 ἀγαθὸς
2736 777 2835 845 μὲν
2892 777 2991 848 τὴν
3045 776 3228 848 ψυχὴν
3283 778 3610 849 δημιουργεῖ
3650 784 3785 835 κατὰ

2208 868 2333 927 τοὺς
2372 868 2657 935 ἀνοήτους,
2689 870 2716 918 ὁ
2746 868 2803 920 δὲ
2827 868 3064 938 πονηρὸς
3087 872 3147 921 τὸ
3169 871 3349 938 σῶμα,
3386 872 3501 933 πῶς
3529 874 3785 941 ἠνέσχετο

2207 963 2234 1013 ὁ
2281 960 2482 1026 ἀγαθὸς
2527 961 2795 1028 ἑνωθῆναι
2835 961 2898 1012 τὸ
2928 961 3158 1029 πλάσμα
3192 962 3361 1013 αὑτοῦ
3397 964 3476 1029 τῷ
3514 963 3785 1033 πλάσματι

2208 1051 2304 1104 τοῦ
2343 1052 2617 1121 πονηροῦς
2672 1052 2791 1114 Πῶς
2838 1053 2894 1104 δὲ
2939 1057 3033 1105 καὶ
3079 1054 3339 1123 ὑπέμεινε
3383 1054 3483 1125 τὴν
3530 1056 3725 1108 ἕνωσιν
3760 1061 3784 1110 ὁ

2209 1146 2467 1215 πονηρὸςς
2511 1144 2576 1198 Ἥ
2611 1146 2718 1215 γὰρ
2760 1146 2956 1209 ἐνωσις
2984 1147 3018 1217 ἢ
3049 1147 3445 1217 ἁγαθοποιήσει
3494 1147 3554 1199 τὸ
3591 1150 3743 1217 σῶμα
3767 1190 3780 1211 ,

2208 1238 2269 1289 ού
2321 1238 2427 1308 χρὴ
2476 1238 2530 1290 δὲ
2593 1240 2653 1290 τὸ
2708 1240 2914 1302 ἀγαθὸν
2957 1239 3053 1292 τοῦ
3086 1241 3260 1291 κακοῦ
3293 1240 3354 1291 τὸ
3392 1240 3557 1309 ἔργον
3592 1243 3779 1308 ἀγαθὸν

2211 1334 2383 1381 ποιεῖν
2406 1371 2421 1392 ,
2455 1330 2485 1395 ἢ
2517 1332 2873 1400 κακοποιὴσει
2902 1331 3000 1402 τὴν
3023 1331 3222 1402 ψυχὴν,
3256 1334 3392 1401 ὅπερ
3425 1333 3775 1402 ἀτοπώτερον,

2212 1420 2541 1491 βλάπτεσθαι
2575 1423 2631 1474 τ’)
2667 1423 2872 1488 ἀγαθὸν
2896 1423 3295 1493 δημιούργημα
3324 1424 3479 1493 παρὰ
3514 1425 3608 1476 τοῦ
3635 1442 3777 1495 now,-

2214 1511 2308 1581 ροῦ
2335 1511 2671 1581 πλάσματος.
2697 1514 2906 1578 Ἄλλως
2926 1531 2984 1567 τε
3011 1514 3068 1567 δὲ
3096 1516 3179 1577 τίς
3200 1516 3454 1568 κοινωνία
3485 1516 3627 1583 φωτὶ
3662 1519 3777 1585 πρὸς

2215 1602 2445 1668 σκότος;
2489 1603 2571 1655 τίς
2617 1604 2674 1657 δὲ
2723 1605 3079 1674 συμφώνησις
3114 1606 3232 1675 Θεῷ
3270 1606 3405 1676 πρὸς
3444 1604 3676 1675 Βελίαρ,

2296 1692 2353 1745 ὐ
2392 1696 2490 1763 μὲν
2518 1697 2751 1765 πονηρὸς
2778 1696 3005 1751 δύναται
3044 1698 3191 1768 ἡμᾶς
3222 1697 3462 1767 ἐνοχλεῖν
3482 1740 3499 1762 ,
3547 1701 3704 1767 ἡμεῖς
3734 1699 3781 1751 δὲ

2213 1784 2497 1857 δυνάμεθα
2539 1788 2926 1858 διακρούεσθαι
2973 1791 3073 1859 τὴν
3126 1790 3348 1859 ὄχλησιν
3397 1791 3561 1843 αὑτοῦ
3602 1792 3687 1844 διά
3730 1811 3781 1845 τε

2213 1876 2393 1946 ψυχῆς
2443 1880 2538 1930 καὶ
2586 1878 2861 1950 σώματος.
2913 1881 2975 1934 Εί
3024 1881 3081 1934 δὲ
3115 1882 3175 1934 τὸ
3216 1882 3377 1949 σῶμα
3411 1884 3569 1953 ἡμῶν
3626 1885 3781 1953 ἰσχύει

2214 1970 2512 2024 διώσασθαι
2574 1974 2678 2043 τὴν
2737 1974 3044 2045 προσϐολὴν
3107 1974 3314 2038 αὐτοῦ,
3376 1977 3469 2028 καὶ
3526 1978 3587 2029 οὖ
3644 1979 3783 2030 τοῦτο

2217 2063 2421 2133 μόνον,
2490 2064 2627 2118 ἀλλὰ
2690 2067 2784 2119 καὶ
2835 2068 3264 2137 περιγενέσθαι,
3326 2070 3421 2121 καὶ
3471 2070 3782 2122 καταϐαλεῖν

2214 2154 2378 2210 αὑτοῦ
2413 2158 2594 2209 πᾶσαν
2625 2158 2877 2227 μηχανήν
2900 2173 2915 2188 ·
2969 2157 3083 2220 πῶς
3116 2161 3262 2211 ἐστιν
3305 2160 3514 2221 ἐκεῖνος
3557 2161 3782 2228 πλάστης

2213 2246 2423 2313 αὐτοῦς
2484 2250 2605 2311 πῶς
2663 2248 2709 2301 δ’
2758 2248 2825 2301 ἂν
2884 2250 2913 2301 ὀ
2968 2251 3203 2320 πονηρὸς
3263 2251 3406 2304 κατᾶ
3454 2253 3546 2304 τοῦ
3598 2255 3780 2304 οἰκείου

2214 2341 2538 2405 πλάσματος
2568 2341 2961 2412 πονηρεύοιτος
3010 2343 3294 2396 Ἀδύνατον
3326 2344 3419 2397 οῦν
3449 2348 3529 2407 είς
3562 2347 3784 2398 ἀντικει-

2216 2435 2383 2504 μένας
2418 2434 2792 2506 ἀναφέρεσθαι
2824 2435 2923 2504 τὴν
2952 2434 3321 2506 δημιουργίαν
3350 2440 3449 2508 τῆς
3492 2438 3672 2509 ψυχῆς
3703 2441 3781 2492 καὶ

2211 2525 2306 2578 τοῦ
2339 2526 2619 2596 σώματος.

2284 2618 2345 2670 Ei
2384 2618 2445 2671 τὸ
2478 2619 2637 2689 σῶμά
2667 2619 2783 2674 ἐστι
2837 2619 2932 2673 τοῦ
2980 2621 3216 2691 πονηροῦ
3276 2623 3507 2693 κτίσμα,
3562 2623 3679 2685 πῶς
3724 2624 3780 2677 δι’

2212 2708 2380 2762 αὐτοῦ
2413 2710 2481 2763 τὰ
2529 2710 2762 2780 μέγιστα
2794 2711 2907 2764 τῶν
2953 2712 3400 2782 κατορθωμάτων
3455 2717 3777 2785 πράττομεν,

2214 2800 2592 2871 σωφροσύνην,
2629 2801 2979 2872 ἐγκράτειαν.
3029 2804 3336 2873 ἀγρυπνίαν
3360 2844 3375 2869 ,
3419 2806 3628 2870 στάσιν,
3663 2808 3780 2876 προς

2212 2893 2283 2945 τά
2323 2893 2476 2947 δεινὰ
2530 2895 2870 2966 καρτερίαν,
2927 2896 3237 2966 μαρτυρίου
3272 2898 3497 2962 πόνους,
3546 2898 3579 2951 ἃ
3624 2900 3781 2951 πάντα

2215 2988 2469 3054 σώματος
2514 2986 2721 3057 μᾶλλον
2752 2987 2882 3040 ὄντα
2920 2988 2953 3057 ἢ
2983 2988 3185 3058 ψυχῆς,
3217 2990 3299 3052 είς
3341 2989 3501 3055 δόξαν
3532 2991 3783 3061 ἀναφέρε-

2215 3090 2305 3126 ται
2331 3075 2423 3127 τοῦ
2445 3076 2809 3147 δημιουργοῦ;
2842 3075 2967 3139 Πῶς
2994 3073 3086 3129 οῦν
3114 3079 3177 3129 τὸ
3197 3077 3410 3146 ποίημα
3434 3076 3527 3131 τοῦ
3562 3079 3783 3149 πονηροῦ

2217 3167 2449 3236 πράττει
2487 3168 2553 3220 τὰ
2602 3167 2806 3237 ἀγαθὰ,
2855 3170 2950 3223 καὶ
2997 3170 3251 3239 συνεργεῖ
3290 3171 3358 3245 τῇ
3398 3169 3544 3240 ψυχῇ
3596 3188 3783 3241 κατηρ-

2217 3259 2421 3323 θῶσαι,
2475 3259 2533 3325 ἃ,
2597 3260 2675 3331 μὴ
2743 3261 3051 3330 παρόντος,
3108 3259 3376 3331 οῠμενουν
3431 3262 3494 3314 οὐ
3548 3263 3783 3331 κρίνεται

2219 3351 2623 3421 κατορθώματα
2648 3368 2664 3417 ;

2292 3446 2355 3497 Ei
2400 3445 2461 3496 τὸ
2510 3445 2671 3512 σῶμα
2712 3443 2935 3512 πλάσμα
2986 3442 3080 3497 τοῦ
3140 3445 3422 3515 πονηροῦ,
3464 3446 3580 3509 πῶς
3633 3449 3659 3498 ὁ
3704 3447 3787 3498 τοῦ

2220 3536 2462 3606 πονηροῦ
2526 3536 2797 3606 λαμπρῶς
2842 3540 3312 3607 καταστρατηγῶν
3373 3540 3587 3601 Παῦλος
3649 3541 3786 3607 ἅγιον

2219 3630 2351 3683 αὐτὸ
2377 3630 2535 3681 καλεῖ
2559 3646 2575 3691 ς
2618 3628 2687 3681 'll
2713 3629 2941 3697 ἄγαμος
2963 3630 3098 3697 γὰρ,
3144 3634 3297 3700 φησὶ,
3322 3632 3578 3701 μεριμνᾷ
3606 3634 3675 3686 τὰ
3697 3635 3787 3686 τοῦ

2220 3719 2475 3785 Κυρίου,
2523 3718 2625 3770 ἵνα
2655 3711 2696 3787 ᾖ
2725 3717 2865 3785 ἁγία
2898 3718 2997 3771 καί
3030 3718 3259 3787 σώματι
3317 3722 3417 3773 καὶ
3485 3724 3785 3789 πνεύματι.

522 3829 605 3869 est
635 3832 855 3884 corpus,
880 3817 1150 3885 quomodo
1183 3817 1407 3880 malum,
1435 3827 1524 3870 aut
1555 3832 1584 3870 a
1619 3818 1763 3871 malo
1802 3818 2108 3873 confectum

2223 3810 2286 3862 Εί
2312 3810 2369 3861 δὲ
2405 3809 2560 3875 ἅγιον
2582 3809 2641 3861 τὸ
2677 3808 2858 3876 σῶμα,
2891 3809 3007 3873 πῶς
3043 3811 3301 3879 πονηρὸν,
3332 3811 3425 3863 καὶ
3455 3810 3620 3863 πόθεν
3645 3811 3788 3879 ἔργον

524 3906 760 3973 op.ﬁce?
793 3908 1052 3961 Actiones
1084 3908 1228 3960 enim
1264 3906 1416 3959 mala:
1474 3907 1788 3975 ﬁgmentum
1840 3907 1965 3961 boni
2022 3908 2108 3963 Dei

2223 3901 2583 3974 δημιόυργίας
2642 3906 2931 3973 πονηρᾶς;
2993 3907 3225 3975 ιῐράξεις
3275 3908 3373 3974 μὲν
3426 3908 3538 3976 γὰρ
3570 3908 3791 3976 πονηραὶ

529 4008 910 4069 depravantes,
947 4000 1239 4068 subjiciunt
1274 4000 1401 4054 illud
1423 4000 1587 4065 malo,
1630 4010 1690 4053 ut
1721 4002 1793 4055 sit
1841 4004 2108 4071 proprium

2223 3997 2646 4063 κιδδηλεύουσαι
2686 3996 2745 4048 τὸ
2771 3998 2998 4067 πλάσμα
3035 3997 3131 4050 τοῦ
3160 3999 3369 4065 ἀγαθοῦ
3400 3998 3536 4050 Θεοῦ
3567 4000 3790 4051 ὑποτασ-

524 4092 717 4158 ipsius.
749 4092 818 4145 At
847 4092 891 4145 si
918 4093 970 4145 iu
996 4092 1207 4159 opiﬁcis
1235 4091 1317 4145 sui
1347 4091 1558 4157 legibus
1588 4092 1973 4159 permanserit,
2006 4094 2108 4146 vim

2225 4106 2411 4142 σουσιν
2444 4088 2599 4153 αὐτὸ,
2653 4089 2747 4141 καὶ
2794 4088 3059 4141 οίκειοῦσι
3090 4088 3168 4158 τῷ
3209 4090 3465 4160 πονηρῴο
3510 4094 3567 4143 ἐν
3595 4092 3650 4144 δὲ
3692 4095 3792 4154 τοῖς

527 4185 693 4236 habet
721 4187 917 4251 potius,
942 4196 998 4237 ut
1022 4184 1219 4237 malum
1246 4191 1611 4252 persequatur
1634 4191 1687 4238 et
1714 4193 2108 4255 superel,quam

2224 4181 2415 4249 νόμοις
2490 4180 2586 4232 τοῦ
2655 4180 2903 4233 πλάστου
2977 4180 3405 4251 διατηρούμενον
3477 4184 3629 4251 ἰσχὺν
3691 4184 3790 4251 εχει

526 4285 587 4330 ut
609 4276 661 4330 in
689 4279 806 4347 ejus
838 4276 1119 4348 redigatur
1146 4277 1489 4332 servitutem.

2229 4274 2431 4342 μᾶλλον
2470 4274 2668 4327 διῶκον
2705 4273 2800 4326 τὸν
2841 4273 3109 4343 πονηρὸν,
3146 4273 3263 4327 ἀλλ’
3297 4274 3399 4327 οὐκ
3428 4275 3591 4340 αὐτὸς
3634 4278 3790 4329 ἐκεῖνο

2226 4365 2586 4433 δουλαγωγετ.

604 4456 661 4513 Si
687 4471 887 4527 corpus
906 4473 936 4511 a
970 4458 1112 4513 malo
1140 4458 1426 4513 conﬂatum
1446 4459 1548 4521 esl,
1571 4472 1670 4512 cur
1695 4465 1918 4527 propter
1939 4456 2108 4512 Laza-

2299 4460 2363 4511 Εί
2405 4459 2466 4511 τὸ
2505 4459 2665 4528 σῶμά
2695 4459 2845 4511 ἔστιν
2876 4460 2941 4511 ἐκ
2986 4459 3081 4511 τοῦ
3114 4460 3390 4530 πονηροῦ,
3434 4462 3552 4524 πῶς
3587 4463 3676 4514 ἐπὶ
3704 4461 3786 4512 τοῦ

526 4548 570 4603 ri
599 4562 815 4619 corpus,
846 4550 986 4618 quod
1035 4549 1337 4612 interierat,
1388 4547 1521 4603 luxit
1552 4547 1843 4604 Christus?
1870 4564 1967 4603 cur
1998 4550 2104 4605 mal

2228 4551 2483 4623 Λαζάρου
2524 4550 2982 4620 διαφθειρομένου
3028 4550 3125 4603 τοῦ
3174 4551 3428 4618 σώματος
3471 4554 3725 4606 ἔκλαυσεν
3763 4553 3789 4603 ὁ

526 4656 661 4709 opus
687 4641 1006 4696 dissolutum
1034 4642 1431 4712 constringere,
1458 4652 1512 4696 et
1552 4644 1815 4709 excitare,
1855 4643 2031 4713 atque‘
2068 4644 2108 4698 it

2228 4642 2498 4713 Χριστόςς
2554 4642 2650 4696 καὶ
2701 4642 2819 4705 πῶς
2858 4642 3092 4713 ἠθέλησε
3148 4642 3501 4712 διαλυόμενον
3540 4646 3599 4698 τὸ
3649 4647 3788 4713 ἔργον

526 4740 694 4793 vitam
726 4752 979 4793 revocare
1009 4738 1208 4792 voluit?
1245 4738 1407 4807 idque
1439 4739 1599 4792 Patre
1635 4739 1857 4807 proprio
1902 4740 2108 4793 invocat

2226 4725 2320 4779 τοῦ
2355 4725 2599 4796 πονηροῦ
2636 4726 2930 4794 συσφίγξαι
2951 4765 2967 4789 ,
3014 4727 3109 4778 καὶ
3140 4726 3483 4796 ζωοποιῆσαι
3504 4768 3520 4791 ,
3555 4731 3646 4781 καὶ
3677 4730 3795 4807 ἀνα-ί

529 4841 603 4896 to,
645 4840 704 4885 ut
731 4832 853 4885 mali
883 4834 1192 4902 ﬁgmentum
1250 4831 1388 4885 bene
1443 4841 1760 4899 corruptum
1809 4832 1925 4901 ipse
1966 4847 2108 4886 revo‘

2228 4820 2459 4891 στῆσαι,
2500 4820 2596 4872 καὶ
2642 4820 2765 4871 τότε
2808 4818 2900 4872 τὸν
2934 4819 3066 4872 ἴδιον
3102 4819 3539 4890 ἐπικαλούμενος
3573 4822 3786 4891 Πατέρα,

527 4936 683 4977 caret
706 4923 757 4977 in
792 4923 997 4976 vitam?
1032 4922 1311 4987 Quomodo
1339 4931 1394 4975 et
1424 4920 1560 4978 alios
1606 4933 1849 4977 mortuos
1874 4926 2108 4978 suscita-

2225 4913 2312 4965 ἵνα
2353 4913 2412 4965 τὸ
2450 4913 2678 4982 πλάσμα
2721 4912 2813 4966 τοῦ
2843 4913 3087 4982 πονηροῦ
3130 4914 3313 4977 καλῶς
3357 4915 3787 4984 διαφθειρόμενον

531 5020 627 5083 vit,
662 5026 716 5069 et
743 5026 936 5070 caetera
963 5015 1139 5069 divina
1163 5015 1315 5083 signa
1344 5014 1569 5084 peregit,
1594 5016 1791 5085 quibus
1829 5017 2108 5071 hominum

2223 5007 2385 5068 αὐτὸς
2434 5004 2779 5079 ἀναζωῶσῃ⁹;
2836 5006 2959 5070 Πῶς
3014 5007 3072 5060 δὲ
3128 5008 3223 5060 καὶ
3264 5007 3461 5069 ἄλλους
3513 5007 3788 5067 τεθνεῶτας

528 5122 755 5177 corpora
786 5107 995 5162 curavit
1031 5107 1433 5175 aagrotantium?
1459 5108 1633 5173 Quid?
1660 5106 1880 5177 Leprusi
1907 5149 1922 5174 ,
1958 5124 2108 5179 para-

2223 5099 2525 5169 ὰνέστησε;
2563 5098 2689 5163 Πῶς
2726 5098 2782 5151 δὲ
2818 5098 2915 5151 καὶ
2947 5099 3047 5161 τὰς
3077 5099 3247 5161 ἄλλας
3269 5099 3619 5168 θεοσημείας,
3657 5102 3790 5159 ὅσαις

528 5201 701 5273 lytici,
734 5201 933 5265 claudi,
966 5201 1141 5264 surdi,
1170 5199 1818 5264 caeci,etinnumerabilia
1842 5201 2108 5270 aegritudi

2223 5191 2291 5243 τὰ
2316 5191 2425 5242 τῶν
2448 5189 2754 5259 ἀνθρώπων
2785 5191 3126 5261 εύηργέτηκε
3160 5189 3412 5259 σώματα,
3445 5188 3788 5261 διεπράξατος

532 5312 658 5350 num
699 5297 1122 5365 morborumque
1143 5309 1365 5365 genera,
1386 5296 1579 5363 quibus
1596 5309 1821 5362 corpora
1852 5293 2100 5349 liberavit

2224 5284 2286 5338 Οί
2324 5285 2381 5337 δὲ
2417 5283 2644 5352 λεπροὶ,
2694 5284 2743 5335 οξ
2791 5284 3128 5352 παράλυτοι,
3166 5285 3216 5336 οί
3252 5283 3442 5353 χωλοὶ,
3484 5284 3579 5335 καὶ
3613 5282 3789 5347 κωφοὶ,

518 5384 711 5443 nonne
738 5387 1320 5442 convincuutistorum
1352 5387 1765 5456 impudentiam,
1820 5387 1911 5456 qui
1950 5387 2127 5439 homi-
2222 5380 2322 5431 καὶ
2375 5377 2573 5444 τυφλοὶ
2602 5417 2618 5441 ν

530 5494 659 5532 num
700 5493 927 5547 corpora
962 5495 991 5532 a
1024 5480 1169 5534 malo
1221 5478 1361 5534 facta
1412 5494 1531 5534 esse
1582 5479 1808 5534 dicunt?
1840 5479 2108 5544 Quomodc

2223 5471 2569 5540 νοσημάτων,
2606 5462 2681 5520 ὧν
2711 5469 2967 5522 ἁπάντων
2999 5470 3241 5539 καθαρὸν
3272 5468 3331 5520 τὸ
3360 5469 3522 5537 σῶμα
3555 5467 3791 5525 ἀπέλυεν,

529 5574 675 5626 enim
738 5570 942 5626 inimici
1013 5572 1326 5641 ﬁgmentum
1376 5578 1693 5640 corruptum
1749 5572 1924 5626 bonus
1981 5569 2108 5625 Deut

2232 5564 2331 5631 οὐχ
2377 5562 2541 5616 ἱκανά
2586 5561 2950 5630 καταισχῦναι
3004 5562 3132 5624 τοὺς
3170 5560 3430 5628 λέγοντας
3467 5560 3534 5613 τὰ
3568 5560 3671 5612 τῶν
3712 5559 3792 5609 ἁν-

533 5667 914 5731 instaurasset,
950 5681 1049 5719 nec
1079 5668 1249 5720 solum
1283 5674 1526 5720 curasset
1585 5664 1904 5719 accedentes
1946 5663 2013 5716 ad
2041 5678 2108 5727 se1

2232 5657 2470 5728 θρώπων
2502 5656 2733 5727 σώματα
2767 5655 3063 5725 πλάσματα
3091 5652 3228 5708 εἶναι
3255 5653 3347 5707 τοῦ
3372 5652 3647 5723 πονηροῦ,
3684 5649 3790 5708 Πῶς

533 5759 628 5816 sed
650 5758 766 5829 ipse
796 5759 860 5813 ad
907 5774 1002 5815 eos
1049 5759 1414 5815 accessisset?
1464 5758 1741 5815 Circuibat
1782 5755 1925 5812 enim
1959 5754 2108 5811 Jesu:

2230 5754 2339 5822 γὰρ
2374 5750 2435 5803 τὸ
2467 5749 2695 5818 πλάσμα
2733 5747 2829 5801 τοῦ
2868 5745 3063 5817 ἐχθροῦ
3094 5748 3123 5800 ὁ
3163 5744 3367 5813 ἀγαθὸς
3400 5746 3535 5808 Θεὸς
3570 5741 3789 5810 διαφθει-

2702 5378 2798 5428 xui.
2844 5377 2912 5428 τά
2954 5376 3125 5445 μυρία
3181 5378 3289 5429 τῶν
3320 5375 3510 5429 παθῶν
3564 5377 3652 5428 καὶ
3695 5373 3792 5426 τῶν

618 5931 705 5988 ιιι
735 5933 861 5989 Cor.
902 5948 971 6000 ιι,
1006 5932 1092 5998 ιι,
1138 5932 1219 5987 ιδ.
1298 5935 1317 5963 ι
1348 5910 1530 5986 (cur.
1582 5946 1617 5994 ι,
1662 5930 1747 5984 ιι.
