3960 6562
243 522 380 585 12l3
1161 515 1537 575 PANOPLIA
1580 508 2040 571 DOGMATICA.
2076 531 2145 541 —
2185 506 2335 567 TlT.
2374 505 2585 566 XXIV.
3382 490 3516 552 i‘21i

243 641 475 710 ρόμενον
506 634 840 697 ἀνεκαίνιζε.
875 633 935 685 ού
969 631 1293 701 προσιόντας
1337 630 1521 699 μόνον,
1558 626 1692 679 ἀλλά
1727 624 1821 679 καὶ
1851 670 1858 686 λ

1968 626 2173 679 ivrtates
2257 636 2445 678 omnes
2502 630 2557 675 et
2612 619 2797 683 vicos,
2864 614 3062 669 docens
3129 609 3183 664 in
3237 605 3523 678 synagOgis

240 706 411 793 eos;
440 727 673 790 ἐκείνοις
709 726 907 795 φοιτῶν
956 725 1049 777 καὶ
1078 724 1550 791 παραγενόμενος;
1582 718 1821 788 Περιῆγε

1968 732 2186 783 ιεοτυω,
2237 725 2291 771 et
2343 729 2539 769 curans
2592 725 2780 766 omnes
2834 706 3196 765 inﬁrmitates,
3239 709 3524 755 etomnem

241 823 355 891 γὰρ
392 790 435 872 'e
475 818 683 887 Ἰησοῦς
721 790 830 880 ⁷τὰς
894 814 1077 877 πόλεις
1112 790 1319 876 πάσαςο
1340 814 1435 865 καὶ
1474 813 1573 874 τὰς
1609 810 1823 878 κώμας,

1968 824 2265 879 ιιιευοιειυ.
2293 806 2484 876 Neque
2510 819 2638 858 vero
2702 802 2801 855 bos
2871 798 3119 859 curabat,
3182 790 3521 846 curationem

244 914 342 966 καὶ
370 913 643 965 διῗάσκων
673 910 729 961 ὲν
759 910 881 968 ταῖς
913 908 1257 974 συναγωγαῖς
1294 904 1469 956 αὐτῶν
1489 942 1504 967 ,
1540 904 1633 955 καὶ
1663 902 1827 970 θερα-

1968 913 2105 956 utcm
2157 902 2368 965 silebat,
2402 900 2495 952 sed
2520 911 2661 967 sape
2709 894 2951 962 jubebat,
3016 898 3072 941 ut
3122 885 3521 941 enuntiarent:

241 1004 429 1058 πεύων
485 1005 666 1055 πᾶσαν
739 1002 893 1054 νόσον
952 1000 1045 1053 καὶ
1125 999 1309 1051 πᾶσαν
1365 995 1659 1066 μαλακίαν.
1715 993 1829 1045 Οὐκ

1968 993 2357 1061 .‘untes,inquit,
2377 992 2675 1045 renuntiate
2698 985 2896 1039 Joanni
2921 982 3093 1037 :Ca’ci
3122 980 3318 1041 vident,
3347 974 3526 1027 claudi

242 1096 560 1165 ἐθεράπευε
606 1090 707 1162 μὲν
740 1090 1002 1155 τούτους,
1050 1088 1209 1157 ἐσίγα
1253 1087 1309 1140 δὲ
1348 1087 1447 1155 τὴν
1488 1084 1787 1155 θεραπείαν
1815 1121 1829 1145 ,

1971 1089 2224 1150 mbulant,
2243 1087 2434 1154 leprosi
2459 1079 2962 1145 utundantur,surdi
2988 1076 3235 1137 audiunt,
3253 1084 3297 1125 et
3325 1067 3524 1123 mortui

245 1189 389 1243 ἀλλὰ
460 1186 722 1247 πολλάκις
795 1184 889 1236 καὶ
968 1182 1312 1252 προσέτασσε
1392 1176 1833 1247 διαγγέλλεσθαι.

1968 1194 2240 1237 evocantur
2270 1186 2324 1235 in
2357 1180 2517 1234 vitam
2550 1181 2591 1230 ι.
2619 1174 2756 1241 Quin
2784 1174 2944 1226 etiam
2975 1167 3251 1236 discipulis
3280 1166 3526 1224 virtutis,

2213 1274 2218 1275 ,
2469 1271 2479 1275 -
2864 1263 2875 1275 ο
3084 1259 3135 1275 ’11
3199 1260 3209 1275 l
3279 1255 3334 1275 ,I-
3360 1255 3412 1275 12.
3470 1262 3526 1275 --Α

246 1272 651 1350 Πορευθέντες
687 1280 818 1347 γὰρ,
850 1279 1015 1346 φησὶν
1035 1316 1049 1339 ,
1089 1271 1497 1342 ἀπαγγείλατε
1544 1267 1794 1335 Ἰωάννῃ
1818 1286 1833 1300 ·

1973 1274 2294 1343 ιρωοιιιὶε.
2344 1271 2641 1340 gratiaeque
2668 1281 2782 1321 sua:
2833 1263 3045 1330 signum
3084 1259 3211 1312 illud
3272 1255 3440 1311 dcdit.
3470 1262 3531 1305 ut

252 1345 476 1441 1'tv::p.lol
511 1345 944 1431 ἀναϐλέπουσι,
965 1367 1148 1434 χωλοὶ
1179 1364 1598 1433 περιπατοῦσι,
1624 1361 1835 1429 λεπροὶ

1971 1380 2100 1433 uper
2135 1379 2308 1430 aegros
2342 1376 2530 1414 manus
2560 1360 2901 1428 imponerent
2929 1361 2985 1407 et
3027 1358 3372 1404 curarentur.
3425 1345 3532 1399 Cu-

249 1463 688 1530 καθαρίζονται,
719 1461 901 1529 κωφοί
937 1460 1266 1520 ἀκούουσι,
1304 1456 1400 1509 καὶ
1445 1454 1647 1522 νεκροί
1685 1454 1837 1522 ἐγεί-

1969 1471 2053 1508 am
2074 1455 2235 1523 igitur
2259 1454 2474 1520 gerebat
2506 1447 2744 1519 ﬁgmenti
2769 1443 3122 1500 suiCbristus
3159 1439 3299 1493 Deus
3325 1445 3529 1497 noster,

242 1573 457 1624 portat
532 1558 640 1609 Καὶ
683 1559 796 1618 τοῖς
830 1554 1098 1624 μαθηταῖς
1140 1551 1196 1603 δὲ
1256 1552 1478 1619 σημεῖον
1518 1549 1619 1617 τῆς
1667 1546 1832 1600 αὐτοῦ

1968 1549 2139 1616 ιιιίρρε
2169 1547 2261 1614 qui
2296 1554 2521 1599 venerat
2578 1552 2638 1594 ut
2670 1540 2906 1593 animam
2939 1546 2991 1591 et
3023 1548 3221 1601 corpus
3264 1537 3528 1585 servaret.

249 1618 573 1716 δυνάμεως,
609 1649 703 1700 καὶ
740 1618 922 1716 ἰσχύος
965 1618 1079 1697 ’καὶ
1134 1618 1355 1713 χάριτος
1405 1641 1464 1693 τὸ
1518 1640 1610 1692 ἐπὶ
1655 1637 1833 1711 appos-

1968 1638 2122 1706 leque
2154 1637 2266 1705 ipse
2295 1638 2468 1689 solum
2516 1631 2670 1687 nobis
2711 1628 3106 1689 benefaciebat,
3164 1622 3259 1677 sed
3288 1618 3533 1674 eamdem

253 1758 417 1801 στους
460 1743 648 1810 χεῖρας
679 1740 977 1803 ἐπιθεῖναι,
1008 1739 1102 1789 καὶ
1131 1735 1315 1789 ἰᾶσθαι
1351 1734 1592 1787 δίδωσιν.
1643 1731 1833 1793 Ούτως

1968 1730 2216 1797 liscipulis
2246 1741 2464 1797 quoque
2495 1721 2865 1779 benefaciendi
2896 1717 3057 1774 dabat
3088 1714 3420 1770 facultatem.

252 1835 333 1896 ὡς
367 1835 572 1887 οἰκείου
610 1832 928 1903 πλάσματος
992 1834 1235 1885 ἐποιεῖτο
1263 1831 1363 1898 τὴν
1407 1830 1693 1898 πρόνοιαν,
1755 1829 1782 1879 ό
1821 1824 1915 1878 καὶ
1951 1825 2051 1894 τὴν
2091 1822 2269 1893 ψυχὴν
2307 1824 2400 1874 καὶ
2434 1818 2495 1872 τί,
2524 1819 2684 1887 σῶμα
2720 1808 3120 1885 παραγεγονὼς
3170 1807 3342 1858 σῶσαι
3396 1801 3535 1869 Χρι-

3095 1902 3101 1903 ,
3228 1900 3248 1903 __
3381 1893 3391 1903 ι
3439 1894 3459 1903 ι.
3524 1880 3535 1897 ί

257 1926 386 1989 στὺς
416 1928 442 1978 ὅ
485 1928 618 1990 θεὸς
652 1872 832 1995 ἡμῶν.
885 1925 994 1979 Καὶ
1030 1926 1090 1976 ού
1127 1872 1330 1993 μὲχρις⁸
1357 1872 1522 1977 αὑτοῦ
1561 1872 2030 1990 τὴνέὑεργεσίαῦ
2070 1872 2455 1988 πτερθίγρὰφων,
2495 1872 2630 1968 ἀλλά
2695 1872 2817 1962 καὶ.
2855 1872 2968 1969 τοῖς
3004 1900 3278 1972 μαθηταῖς
3337 1893 3406 1947 τὰ
3439 1872 3553 1945 iam,

258 2020 438 2072 ποιεῖν
467 2016 645 2078 διδοὺς
682 2016 955 2082 ἐξουσίαν.

336 2113 394 2164 Ei
426 2111 486 2164 τὸ
527 2073 686 2180 σῶμα
722 2073 790 2178 ζῆν
824 2107 917 2159 τοῦ
948 2105 1186 2177 πονηροῦ
1210 2145 1225 2166 ,
1272 2121 1386 2168 πως
1416 2105 1443 2156 ὁ
1482 2102 1689 2166 Παῦλος
1722 2102 1841 2154 ὲλυο

2026 2095 2081 2150 Si
2107 2110 2306 2163 corpus
2338 2100 2419 2147 est
2459 2089 2603 2153 tnali,
2635 2104 2750 2142 cur.
2779 2092 3077 2155 aegrotante
3107 2075 3371 2145 diSripulo
3398 2073 3539 2126 Pan-

259 2206 439 2267 πεῖτο,
477 2203 763 2263 νοσοῦντος
784 2198 876 2251 τοῦ
914 2198 1185 2268 μαθητοῦ,
1218 2198 1311 2251 καὶ
1335 2195 1491 2259 αὖθις
1521 2197 1841 2264 ύγιάναντος

1973 2206 2033 2245 us
2066 2191 2381 2259 angebatur,
2441 2198 2612 2251 eoque
2659 2178 3073 2234 convalescente
3115 2172 3361 2226 dicebat:
3398 2169 3534 2221 Deus

260 2297 475 2363 ἔλεγεν,
516 2293 598 2346 ὅτι
634 2290 923 2357 Ὴλέησεν
962 2290 1148 2343 αὐτὸν
1191 2290 1223 2342 ό
1260 2287 1427 2352 Θεὸς,
1470 2288 1579 2340 οὐκ
1610 2284 1844 2338 ἐκεῖνον

1968 2283 2190 2335 nisertus
2223 2288 2299 2332 est
2334 2278 2433 2339 tui,
2471 2291 2560 2328 nec
2616 2273 2692 2325 tui
2742 2269 2934 2329 solum,
2986 2281 3163 2321 verum
3217 2263 3373 2317 etiam
3413 2263 3535 2324 mei,

265 2389 334 2440 δὲ
352 2354 566 2454 λιόνέον,
601 2384 763 2437 ἀλλὰ
791 2354 893 2436 βίαι
926 2381 1053 2450 ἐμὲ,
1079 2379 1283 2450 ἵναμὴ
1310 2381 1520 2445 λύπην
1549 2379 1647 2431 ἐπὶ
1678 2376 1843 2443 λύπῃ

1968 2390 2007 2426 te
2052 2369 2320 2424 tristitiam
2350 2382 2505 2437 super
2544 2364 2815 2417 tristitiam
2850 2358 3069 2412 habeam
3095 2356 3161 2409 ’τ
3195 2354 3361 2420 .Quid
3394 2354 3537 2407 enim

265 2476 433 2548 σχῶ;
463 2477 558 2547 [Ti
597 2474 705 2545 γὰρ
737 2474 844 2526 ἔδει
887 2472 1179 2525 λυπεῖσθαι
1234 2472 1324 2525 τὸν
1372 2470 1584 2524 Παῦλον
1632 2468 1847 2539 ὁρῶντα

267 2571 530 2638 λυόμενον
558 2567 617 2619 τὸ
652 2566 881 2636 πλάσμα
907 2564 1000 2618 τοῦ
1032 2563 1299 2634 πονηροῦ;
1330 2562 1450 2625 Πῶς
1475 2561 1529 2614 δὲ
1556 2558 1845 2613 ἐπέστελλε

269 2662 523 2733 Τιμοθέῳ
555 2662 799 2731 γράφων,
842 2660 996 2725 Οἷνῳ
1049 2660 1232 2727 ὀλίγῳ
1259 2655 1383 2727 χρῶ
1421 2657 1519 2709 διὰ
1561 2655 1666 2708 τὸν
1712 2654 1850 2708 στό-

267 2759 471 2825 μαχόν
493 2771 608 2808 σου
645 2754 741 2806 καί
771 2754 878 2819 τὰς
900 2752 1137 2819 πυκνάς
1158 2769 1275 2805 σου
1309 2750 1663 2815 άσθενείας;
1701 2747 1847 2800 Ἔδει

273 2852 384 2914 γὰρ
412 2845 725 2899 τούναντίον
770 2845 1028 2914 γράφειν,
1073 2843 1209 2913 Μηδ⁹
1242 2843 1379 2905 ὅλως
1413 2843 1651 2913 κέχρησο
1684 2840 1847 2909 οἴνῳ,

278 2939 367 2991 ἵνα
396 2938 589 2990 θᾶττον
621 2938 763 3008 ραγῇ
793 2935 854 2989 τὸ
890 2935 1119 3005 πλάσμα
1143 2934 1236 2987 τοῦ
1280 2933 1549 3003 πονηροῦ,
1581 2930 1675 2986 καὶ
1701 2930 1851 2982 ἐλευ-

279 3030 525 3101 θερωθῇς
551 3029 646 3082 τοῦ
682 3027 883 3101 βάρους
913 3027 1100 3082 αὐτοῦ.

354 3122 419 3175 El.
445 3122 506 3174 τὸ
538 3119 701 3191 σῶμά
735 3123 851 3173 ἐστι
878 3120 973 3173 τοῦ
1017 3118 1260 3191 πονηροῦ
1283 3160 1297 3184 ,
1342 3118 1459 3181 πῶς
1484 3118 1854 3187 ἐμεγαλύνετο

280 3213 517 3281 Χριστὸς
560 3215 619 3266 ἐν
664 3211 743 3282 τῷ
783 3212 878 3266 τοῦ
906 3212 1119 3264 Παύλου
1165 3210 1412 3281 σώματι;
1447 3211 1568 3273 Πῶς
1602 3210 1660 3264 δὲ
1691 3211 1854 3266 πάλιν

280 3303 442 3365 αὐτὸς
476 3306 503 3354 ό
535 3302 768 3366 Παῦλος,
807 3302 967 3372 εἴπερ
992 3302 1092 3355 οὐκ
1122 3297 1190 3371 ἦν
1213 3302 1274 3353 τὸ
1312 3302 1473 3371 σῶμα
1503 3302 1731 3372 πλάσμα
1759 3301 1853 3355 τοῦ

281 3390 493 3456 ἀγαθοῦ
549 3390 726 3455 Θεοῦ,
786 3390 1083 3461 ἐπεύχεται
1140 3390 1541 3461 διατηρηθῆναι
1597 3392 1736 3444 σῶον
1794 3391 1856 3443 τὸ

282 3483 445 3550 σῶμα
475 3483 567 3536 καὶ
599 3485 720 3535 τότε
751 3483 809 3535 ὲν
838 3485 903 3553 τῇ
936 3485 1216 3553 παρουσία
1243 3482 1335 3534 τοῦ
1370 3483 1597 3552 Κυρίου,
1634 3483 1811 3551 λέγων
1835 3498 1849 3513 ’

291 3578 666 3644 Ὀλόκληρον
696 3575 865 3643 ὑμῶν
892 3576 958 3628 τὸ
987 3575 1188 3644 σῶμα,
1218 3574 1318 3628 καὶ
1351 3576 1388 3644 ἡ
1412 3574 1610 3643 ψυχὴ,
1648 3576 1743 3630 καί
1792 3577 1859 3630 τὸ

280 3667 517 3732 πνεῦμα
556 3666 875 3737 ἀμέμπτως
916 3667 987 3720 ἐν
1031 3666 1107 3734 τῇ
1151 3669 1455 3736 παρουσίᾳ
1493 3669 1597 3723 τοῦ
1636 3671 1858 3738 Κυρίου

277 3758 447 3829 ἡμῶν
483 3759 689 3826 Ἰησοῦ
718 3759 976 3826 Χριστοῦ
1011 3759 1434 3828 ὃιατηρηθείης

353 3853 413 3905 Ei
449 3851 614 3920 ἄλλης
657 3854 755 3920 μὲν
796 3846 865 3922 ἧν
895 3853 1068 3922 ἀρχῆς
1099 3852 1258 3922 ἔργον
1286 3856 1319 3923 ὴ
1359 3853 1539 3924 ψυχὴ,
1572 3853 1765 3923 ἐτέρας
1804 3854 1861 3908 δὲ

278 3946 338 4000 τὸ
376 3944 572 4012 σῶμα,
623 3944 741 4006 πῶς
794 3946 821 3996 ὁ
866 3944 1072 4013 ἀληθὴς
1124 3944 1281 4016 ἡμῶν
1314 3946 1561 4013 πλάστης
1607 3948 1700 3999 καὶ
1732 3947 1860 4011 Θεὸς

279 4036 730 4108 ἀπερισπάστους
758 4032 901 4088 εἶναι
934 4035 1260 4107 βουλόμενος
1292 4040 1419 4102 τοὺς
1443 4039 1609 4093 αὐτοῦ
1637 4040 1864 4111 λατρεύ-

276 4131 375 4191 τὰς
413 4130 677 4198 παραινεί
714 4129 847 4197 περὶ
875 4128 1141 4199 ἐκατέρου
1182 4129 1378 4195 λέγων,
1412 4130 1507 4198 Μὴ
1541 4132 1863 4201 μεριμνᾶτε

279 4220 353 4288 τῇ
386 4219 560 4289 ψυχῇ
594 4219 763 4289 ὑμῶν
791 4220 849 4275 τί
883 4222 1138 4291 φάγητε,
1176 4221 1212 4290 ἢ
1251 4223 1309 4275 τι
1346 4225 1560 4290 πίητε,
1601 4224 1758 4293 μηδὲ
1786 4225 1864 4288 τῷ

278 4312 507 4381 σώματι
567 4313 737 4382 ὑμῶν
805 4314 863 4370 τί
922 4312 1308 4381 ἐνδύσησθε;
1362 4311 1497 4367 Εἶτα
1550 4316 1646 4369 καὶ
1703 4318 1863 4369 πλέον

280 4407 428 4475 ἡμᾶς
460 4406 537 4474 τῷ
579 4406 989 4476 παραδείγματι
1033 4408 1169 4478 πρὸς
1206 4408 1305 4478 τὴν
1345 4409 1628 4462 νουθεσίαν
1664 4409 1862 4474 ἕλκων,

293 4498 699 4568 Ἐμϐλέψατε,
738 4501 924 4569 φησὶν,
956 4501 1045 4565 εις
1072 4500 1142 4553 τὰ
1174 4500 1417 4555 πετεινὰ
1445 4501 1551 4555 τοῦ
1578 4501 1862 4571 οὐρανοῦ,

279 4591 370 4643 ὅτι
401 4595 470 4645 οὺ
507 4592 867 4660 σπείρουσιν
893 4634 909 4659 ,
964 4591 1108 4646 οὐδὲ
1147 4592 1441 4660 θερίζουσι
1464 4635 1480 4660 ,
1537 4592 1637 4647 καί
1679 4595 1866 4648 πόθεν

278 4684 483 4749 αὐτοῖς
513 4685 549 4752 ἠ
582 4683 730 4752 (tori;
760 4685 813 4736 Ὀ
846 4684 1049 4751 Πατὴρ
1084 4684 1253 4753 ὑμῶν
1282 4688 1313 4738 ὁ
1343 4685 1621 4754 οὐράνιος
1664 4687 1862 4754 τρέμει

1949 2463 2069 2532 angi
2134 2461 2359 2516 Paulum
2422 2456 2726 2527 oportebat,
2783 2468 2905 2507 cum
2960 2463 3098 2519 opus
3144 2448 3267 2503 ntali
3320 2441 3541 2499 dissolvi

1950 2551 2319 2624 perspiceret?
2352 2549 2460 2605 Cur
2494 2549 2621 2602 item
2676 2543 2927 2615 praecepit
2954 2537 3221 2610 discipulo
3256 2554 3269 2591 :
3301 2534 3536 2598 Modico,

1950 2646 2221 2715 inquiens.
2260 2645 2375 2697 vino
2400 2650 2543 2695 utere
2560 2649 2771 2708 propter
2790 2635 3118 2689 stomachum
3147 2641 3316 2694 tuum,
3343 2638 3391 2681 et
3428 2627 3538 2695 {rc-

1949 2748 2158 2807 quentes
2181 2732 2511 2803 infirmitates
2538 2732 2592 2801 ⁸ιῖ
2611 2733 2807 2784 Contra
2835 2726 3015 2796 potius
3032 2722 3377 2778 scribendum
3415 2712 3538 2774 fuit.

1954 2841 2019 2879 ne
2055 2841 2272 2894 prorsus
2296 2833 2535 2876 uteretur
2568 2823 2711 2876 vim»,
2744 2833 2850 2886 quo
2884 2814 3043 2868 citius
3070 2813 3191 2865 mali
3218 2813 3530 2878 ligtneututu

1952 2926 2309 2976 everteretur,
2340 2926 2395 2970 et
2423 2911 2720 2982 discipulus
2756 2912 2820 2963 ab
2848 2908 2965 2976 ejus
2994 2919 3161 2959 Onere
3192 2902 3540 2957 liberaretur.

2027 3123 2085 3178 Si
2119 3135 2316 3190 corpus
2341 3129 2424 3174 est
2460 3117 2605 3178 mali,
2664 3107 2937 3183 quomodo
2978 3108 3226 3164 Christus
3270 3108 3323 3160 in
3382 3102 3538 3158 Pauli

1955 3230 2184 3287 corpore
2254 3208 2734 3283 ntagnilicabatur?
2810 3205 3092 3272 Quomodo
3134 3214 3347 3257 rursum
3425 3199 3540 3265 ipse

1956 3312 2177 3377 Paulus,
2208 3308 2254 3364 si
2280 3320 2478 3375 corpus
2511 3317 2616 3357 non
2638 3305 2723 3356 est
2754 3300 3064 3369 ﬁgmentum
3088 3294 3214 3350 boni
3243 3291 3360 3358 Dei,
3384 3302 3536 3360 optat

1962 3415 2021 3460 ut
2079 3404 2345 3471 integrum
2410 3408 2604 3465 corpus
2628 3403 2996 3454 conservetur,
3028 3388 3186 3457 idque
3218 3384 3272 3438 in
3310 3384 3546 3435 adventu

1967 3496 2215 3550 Domini?
2243 3492 2474 3561 Integer,
2508 3488 2703 3557 inquit,
2736 3485 2954 3551 spiritus
3004 3490 3194 3544 vester,
3254 3487 3302 3530 et
3334 3475 3541 3537 anima,

1961 3601 2007 3645 et
2035 3604 2221 3655 corpus
2252 3586 2364 3639 sine
2385 3580 2592 3653 querela
2617 3581 2673 3632 in
2701 3580 2922 3630 adventu
2959 3571 3165 3625 Domini
3209 3568 3372 3621 nostri
3415 3564 3545 3619 Jesu

1963 3683 2161 3739 Christi
2202 3687 2532 3734 conservetur
2558 3674 2602 3726 ⁸.

2035 3860 2091 3915 Si
2119 3862 2185 3914 ab
2204 3858 2308 3912 alio
2330 3853 2595 3926 principio
2621 3850 2822 3912 anima,
2845 3846 2913 3901 ab
2939 3844 3046 3899 alio
3070 3855 3269 3912 corpus
3301 3837 3550 3907 proﬁcis-

1964 3949 2127 4013 citur,
2153 3962 2248 4000 cur
2275 3957 2437 3998 verus
2479 3952 2667 3995 uoster
2722 3944 3037 4009 procreator
3090 3943 3144 3987 et
3182 3931 3327 3985 Deus
3367 3927 3553 3979 volens

1964 4041 2283 4094 adoratores
2316 4049 2446 4089 suos
2475 4047 2596 4086 esse
2624 4031 2738 4085 sine
2781 4024 3164 4087 sollicitudine,
3216 4020 3285 4076 de
3318 4028 3553 4087 utroque

1966 4137 2385 4189 admoneteos:
2449 4126 2651 4188 Nolite,
2697 4123 2969 4192 inquiens,
3009 4118 3219 4172 solliciti
3270 4130 3403 4176 esse,
3463 4127 3555 4163 nec

1967 4227 2157 4279 anima:
2207 4231 2412 4283 vestrae,
2463 4218 2589 4287 quid
2644 4215 2838 4279 edatis,
2890 4222 2977 4264 aut
3019 4209 3142 4279 quid
3193 4207 3405 4267 bibatis,
3465 4216 3556 4255 nec

1968 4313 2173 4383 corpori
2202 4318 2397 4368 vestro,
2454 4307 2579 4374 quid
2631 4300 3015 4357 induamitti'?
3071 4299 3275 4351 Deinde
3309 4293 3558 4348 admoni-

1971 4408 2169 4461 tionem
2196 4417 2350 4456 suatu
2375 4397 2621 4465 exemplo
2650 4395 2982 4449 conlirmaus
3012 4408 3024 4444 :
3049 4390 3329 4457 Respicite,
3355 4386 3555 4454 inquit,

1968 4497 2203 4554 volatilia
2244 4493 2381 4557 caeli,
2404 4491 2526 4560 quia
2561 4504 2663 4541 non
2684 4495 2886 4550 serunt,
2910 4500 3073 4552 neque
3103 4490 3325 4546 metunt,
3349 4492 3394 4534 et
3421 4479 3557 4532 unde

1968 4591 2072 4644 illis
2103 4587 2326 4656 suppetit
2347 4584 2506 4636 victus
2528 4581 2553 4633 .9
2582 4578 2744 4633 Pater
2765 4586 2931 4629 vester
2954 4572 3174 4627 caelestis
3190 4572 3360 4639 pascit
3382 4568 3478 4622 illa
3512 4569 3555 4621 ⁸.

1970 4681 2026 4737 Si
2061 4680 2304 4735 veritatis
2357 4675 2478 4729 fons
2534 4674 2745 4726 l’atrem
2808 4679 3049 4723 nostrum
3101 4668 3374 4722 coalestem
3435 4662 3558 4717 caeli

279 4775 457 4831 αὑτά.
500 4777 561 4828 Εἰ
594 4772 686 4829 οὖν
717 4777 934 4847 Πατέρα
979 4777 1134 4848 ἡμῶν
1164 4777 1415 4845 οὐράνιον
1449 4779 1540 4830 τὸν
1583 4778 1855 4848 τρέφοντα

1968 4782 2207 4831 volucres
2226 4786 2449 4841 pascere
2476 4778 2526 4821 et
2552 4768 2702 4819 novit
2730 4776 2781 4818 et
2807 4765 2957 4828 dicit,
2978 4762 3234 4830 additque
3277 4768 3332 4813 et
3356 4758 3559 4811 frenum

278 4871 349 4921 ei
391 4868 616 4922 πετεινὰ
663 4868 756 4922 τοῦ
800 4869 1031 4939 ούρανοῦ
1084 4872 1179 4923 καὶ
1236 4865 1344 4923 οἶδε
1409 4872 1504 4923 καὶ
1558 4871 1704 4939 λέγει
1763 4872 1863 4940 τῆς

277 4961 541 5030 ἀληθείας
592 4960 864 5031 ήπτιγὴ,
916 4962 1065 5029 λέγει
1126 4962 1184 5014 δὲ
1244 4962 1339 5015 καὶ
1365 4963 1457 5016 τὸν
1514 4964 1708 5034 χόρτον
1766 4962 1861 5017 τοῦ

276 5052 454 5123 ἀγροῦ
507 5053 601 5106 τὸν
650 5055 730 5116 είς
776 5053 869 5106 τὸν
918 5055 1174 5107 κλίϐανον
1239 5055 1569 5125 βαλλόμενον
1607 5056 1711 5109 ὑπὸ
1768 5055 1860 5109 τοῦ

279 5144 450 5197 αὐτοῦ
477 5145 611 5198 Θεοῦ
645 5145 839 5208 κάλλος
868 5146 1292 5213 ἀμφιέννυσθαι,
1321 5141 1432 5200 οἷον
1459 5148 1579 5200 οὐδὲ
1607 5146 1862 5216 Σολομὼν

282 5241 343 5292 ὲν
365 5239 463 5309 ὅλη
486 5238 652 5291 αὐτοῦ
684 5238 1068 5306 περιεϐάλλετο
1086 5243 1152 5309 τῇ
1177 5239 1304 5311 δόξῃ
1328 5255 1342 5271 ο
1362 5240 1476 5302 πῶς
1506 5240 1571 5292 τὰ
1600 5239 1862 5292 άπύλωτα

281 5331 382 5392 τῆς
428 5329 683 5393 ἀσεϐείας
735 5330 978 5399 στόματα
1023 5331 1181 5384 ἄλλον
1220 5332 1318 5400 μὲν
1359 5331 1450 5383 τοῦ
1497 5332 1727 5401 χόρτου,
1770 5330 1864 5383 καὶ

280 5420 394 5473 τῶν
429 5421 711 5485 πετεινῶν,
746 5420 963 5474 καὶτοῦ
1005 5421 1287 5490 σώματος,
1323 5425 1414 5475 καὶ
1443 5423 1550 5475 τῶν
1590 5423 1865 5492 αίσθητῶν

285 5510 552 5563 ἁπάντων
605 5510 972 5580 χειροτονοῦσι
1019 5510 1399 5582 δημιουργὸν,
1447 5514 1617 5584 ἑτέρῳ
1668 5514 1724 5566 δὲ
1767 5516 1866 5579 τὴν

285 5603 557 5674 ἡμίτομον
588 5602 906 5672 χαρίζονται
938 5602 1147 5673 άρχήν;
1190 5604 1311 5657 Ὅτι
1346 5604 1401 5657 δὲ
1439 5606 1466 5658 ό
1508 5606 1667 5668 αὑτός
1709 5605 1861 5658 ἐστιν

284 5698 315 5747 ό
347 5694 441 5747 καὶ
470 5693 640 5746 ταῦτα
668 5694 737 5745 τὰ
767 5694 1082 5763 πρόσκαιρα
1112 5694 1284 5758 διδοὺς
1312 5698 1409 5748 καὶ
1454 5696 1550 5765 τὴν
1576 5696 1857 5766 βασιλείαν

285 5784 397 5835 τῶν
446 5781 714 5851 οὐρανῶν,
754 5781 1258 5852 λεπτομερέστερον
1309 5782 1540 5854 βεϐαιῶν
1575 5783 1635 5835 τὸ
1685 5783 1857 5852 δόγμα

360 5903 372 5931 ¹
432 5899 621 5953 Matth.
659 5916 734 5959 tu.
766 5899 819 5951 ι.
896 5902 915 5929 ¹
940 5897 1170 5969 Philipp.
1207 5916 1262 5963 tt,
1288 5900 1375 5955 27.

287 5973 306 6003 ⁷
335 5976 463 6027 tlttd.
493 5974 584 6037 2b,
658 5970 678 6000 ⁸
712 5971 840 6024 ibid.
869 5970 957 6035 52,
992 5971 1078 6028 ὃὸ.

1482 5904 1500 5933 ³
1526 5904 1543 5954 1
1573 5904 1711 5958 Tim.
1747 5921 1797 5969 ι’,
1842 5903 1931 5957 23.

1962 4870 2099 4938 agri,
2129 4866 2269 4935 quod
2304 4864 2356 4917 in
2392 4861 2660 4915 clibannm
2693 4855 3000 4923 conjicitur,
3048 4854 3115 4907 ab
3143 4855 3260 4920 ipso
3295 4849 3403 4905 Deo
3455 4849 3562 4903 tale

1964 4955 2384 5030 pulchritudinis
2421 4952 2800 5006 vesumentum
2840 4947 3111 5014 accipere,
3139 4943 3300 5014 quale
3333 4959 3398 4996 ne
3442 4942 3549 4995 Se-

1965 5052 2145 5104 lomon
2178 5046 2398 5117 quidem
2419 5042 2680 5097 induebat
2704 5040 2757 5092 in
2790 5038 2933 5092 omni
2964 5036 3134 5107 gloria
3180 5050 3297 5098 sua,
3328 5046 3557 5102 quomo-

1963 5143 2031 5195 do
2058 5140 2315 5193 eﬂ‘renata
2344 5135 2637 5203 impietatis
2661 5148 2756 5185 ora
2790 5130 2953 5183 alium
2982 5127 3135 5191 foeni,
3162 5136 3215 5179 et
3248 5127 3561 5186 volucrum,

1963 5244 2016 5287 et
2071 5231 2320 5300 corporis
2403 5238 2456 5281 et
2510 5225 2838 5292 reliquarum
2896 5234 3072 5273 rerum
3140 5232 3257 5284 quae
3313 5214 3565 5268 sensibus

1964 5324 2345 5393 percipiuntur
2396 5331 2520 5371 esse
2585 5320 2984 5381 procreatoretn
3034 5304 3356 5359 adﬁrmant?
3410 5303 3564 5368 Quod

1963 5430 2142 5467 autem
2173 5414 2311 5464 idem
2350 5412 2438 5469 sit.
2478 5405 2567 5473 qui
2596 5413 2651 5457 et
2679 5400 3005 5466 temporaria
3056 5397 3190 5460 haec,
3249 5406 3302 5448 et
3341 5410 3563 5459 regnum

1975 5508 2239 5560 caelorum
2262 5500 2472 5560 tribuit,
2494 5495 2806 5549 accuratius
2829 5490 3031 5545 iudicat
3064 5505 3077 5541 :
3114 5486 3252 5548 Scit,
3290 5488 3559 5554 inquiens,

1968 5598 2132 5651 Pater
2160 5606 2323 5649 vester
2346 5592 2586 5655 caelestis,
2608 5605 2697 5641 vos
2727 5586 2810 5639 Itis
2838 5584 3080 5638 omnibus
3119 5582 3373 5650 indigere.
3407 5582 3566 5643 Quir-

1968 5695 2064 5745 rite
2100 5702 2270 5743 autem
2294 5690 2522 5755 primum
2571 5698 2785 5753 regnum
2813 5679 2905 5732 Dei
2956 5676 3294 5746 etjustitiam
3343 5675 3479 5742 ejus,
3513 5681 3560 5725 et

1970 5789 2079 5837 htec
2113 5782 2290 5835 omnia
2319 5778 2639 5849 adjicientur
2670 5773 2810 5828 vobis
2845 5772 2888 5825 ⁷.

2037 5902 2055 5932 ⁸
2091 5900 2107 5953 l
2137 5900 2329 5954 Tbess.
2364 5911 2441 5962 ιιι,
2478 5894 2563 5949 l3.
2673 5893 2692 5925 ³
2721 5891 2906 5945 Mattb.
2949 5906 3020 5951 γι,
3052 5888 3141 5941 ‘35.
3222 5887 3239 5915 ⁸
3276 5886 3382 5940 ib.d
3451 5885 3544 5939 25.
