3930 6616
288 400 424 463 1217

1211 394 1587 456 PANOPLIA
1633 391 2095 455 DUGMATICA.
2137 416 2205 426 -·-
2243 393 2388 454 ΤΙΤ.
2436 393 2645 455 XXIV.

3412 394 3548 462 1218

284 508 500 581 γαστρὶ
562 510 799 579 ἔχουσα
854 508 923 562 ὲκ
974 506 1320 575 Πνεύματος
1399 505 1594 575 ἁγίου,
1635 505 1729 556 καὶ
1788 505 1856 556 τὰ

1988 517 2067 555 nr.
2139 501 2273 556 Cum
2362 504 2506 558 enim
2584 504 2788 567 omnia,
2870 519 2989 574 quae
3074 506 3140 559 ad
3218 509 3545 578 ortnmejus

284 603 430 670 ἑξῆς.
476 594 609 653 Εῖτα
642 597 935 662 διεξελθὼν
960 596 1031 652 τὰ
1056 597 1187 667 περὶ
1219 595 1319 663 τῆς
1349 595 1658 664 γεννήσεως
1689 594 1855 648 αὑτοῦ

284 689 640 759 λεπτομερῶς
667 688 796 758 ἄχρι
834 689 934 757 τῆς
978 688 1085 740 τῶν
1120 686 1311 756 μάγων
1358 685 1682 753 ἐπιδημίας,
1708 684 1859 751 λέγει

282 784 471 846 πάλιν,
511 784 594 835 ὅτι
628 784 736 836 Kal
783 782 1063 847 ἐλθόντες
1112 783 1198 846 εις
1232 780 1350 847 τὴν
1378 780 1573 833 οὶκίαν
1600 775 1766 831 εἶδον
1796 778 1860 829 τὸ

282 875 533 928 παιδίον
590 873 735 936 μετὰ
779 873 1012 940 Μαρίας
1045 871 1156 940 τῆς
1207 872 1448 940 μητρὸς
1495 870 1706 933 αὐτοῦ,
1762 869 1861 923 καὶ

281 969 582 1033 πεσόντες
602 967 1080 1034 προσεκύνησαν
1111 966 1278 1019 αὐτό.
1321 965 1382 1016 '0
1414 965 1471 1016 δὲ
1522 963 1694 1031 μέγας
1725 964 1865 1015 Λου-

283 1063 390 1122 κᾶς
423 1058 687 1129 ἀνωτέρω
714 1057 805 1110 τὸν
851 1058 1008 1125 λόγον
1038 1055 1290 1126 ἀγαγὼν,
1351 1055 1608 1123 Ἐξῆλθε
1644 1053 1860 1122 δόγμα,

283 1153 448 1221 φησὶ,
497 1149 660 1219 παρὰ
717 1151 1023 1217 Καίσαρος
1059 1149 1419 1218 Αὐγούστου
1448 1147 1553 1201 τοῦ
1605 1144 1866 1213 ἀπογρά-

281 1248 503 1312 φεσθαι
523 1242 734 1297 πᾶσαν
757 1241 870 1305 τὴν
890 1239 1282 1309 οἰκουμένην.
1297 1240 1458 1305 Αὕτη
1482 1239 1520 1305 ἡ
1544 1236 1863 1306 ἀπογραφὴ

279 1335 484 1405 πρώτη
508 1334 766 1404 ἐγένετο,
788 1335 1261 1403 ἡγεμονεύοντος
1288 1330 1397 1399 τῆς
1420 1331 1641 1397 Συρίας
1666 1329 1862 1395 Κυρηο

278 1430 443 1483 νίου.
503 1428 610 1482 Καὶ
686 1427 1049 1493 ἐπορεύοντο
1116 1424 1340 1489 πάντες
1414 1422 1867 1490 ἀπογράφεσθαι

279 1521 543 1586 ἕκαστος
576 1523 661 1585 εὶς
682 1521 797 1587 τὴν
830 1520 994 1572 ἰδίαν
1034 1518 1240 1570 πόλιν.
1283 1514 1490 1581 Ἀνέϐη
1518 1514 1587 1566 δὲ
1616 1515 1713 1566 καὶ
1759 1515 1871 1567 ἰων

279 1614 417 1681 σὴρ
452 1612 571 1667 ἀπὸ
604 1611 715 1680 τῆς
749 1611 1092 1676 Γαλιλαίας
1110 1611 1178 1663 ἐκ
1208 1611 1444 1676 πόλεως
1478 1608 1745 1675 Ναζαρὲτ
1786 1611 1870 1671 εὶς

279 1706 402 1772 τὴν
436 1703 760 1765 Ἰουδαίαν,
818 1705 905 1767 εἱς
958 1703 1143 1755 πόλιν
1192 1702 1392 1766 Δαϐὶδ,
1430 1701 1565 1768 ἥτις
1599 1699 1868 1754 καλεῖται

278 1796 586 1865 Βηθλεὲμ,
618 1795 717 1848 διὰ
763 1795 833 1847 τὸ
872 1790 1028 1847 εἶναι
1083 1794 1273 1847 αὑτὸν
1299 1793 1367 1857 ἐξ
1391 1794 1562 1847 οἴκου
1604 1793 1705 1846 καὶ
1754 1807 1864 1843 πα-

1963 594 2258 663 pertinent,
2335 595 2621 664 diligenter
2701 611 2870 666 usque
2948 597 3015 651 ad
3101 596 3374 666 Magorum
3445 604 3546 655 ad-

1960 695 2178 739 ventum
2240 700 2557 753 persecutus
2612 697 2803 744 esset:
2873 689 2943 744 Et
2992 691 3273 754 intrantes,
3346 693 3541 761 inquit,

1962 773 2175 827 domum
2257 776 2493 829 uiderunt
2583 792 2805 844 puerum
2895 793 3017 830 cum
3099 776 3280 830 Maria
3378 789 3548 832 matre

1962 864 2102 934 ejus,
2171 875 2218 919 et
2300 868 2624 934 procidentes
2706 870 3060 923 adoraverunt
3144 872 3336 923 eum‘.
3432 869 3548 924 Ma-

1965 973 2103 1027 gnus
2155 970 2335 1012 autem
2387 958 2583 1026 Lucas,
2635 962 2796 1016 altius
2849 962 3118 1017 sermonis
3188 964 3399 1017 initium
3451 965 3551 1016 du-

1964 1067 2136 1107 cens:
2166 1050 2336 1115 Exiit,
2367 1052 2559 1121 inquit,
2600 1055 2829 1107 edictum
2863 1072 2894 1108 a
2931 1054 3141 1109 Ca'sare
3196 1054 3454 1124 Augusto,
3492 1065 3548 1107 ut

1968 1142 2354 1195 describeretur
2389 1144 2666 1196 universus
2696 1144 2854 1197 orbis.
2881 1144 3011 1197 Hice
3033 1155 3209 1198 autem
3266 1147 3549 1214 descriptio

1965 1229 2135 1296 prima
2169 1228 2311 1294 facta
2348 1239 2420 1281 est
2450 1246 2483 1282 a
2516 1232 2743 1297 praeside
2783 1229 2953 1299 Syria:
3020 1232 3237 1302 Cyrino,
3298 1244 3347 1287 et
3401 1235 3548 1286 ibant

1967 1333 2165 1380 armies,
2219 1323 2276 1368 ut
2304 1317 2729 1372 describerentur
2769 1320 2968 1387 singuli
3012 1324 3065 1374 in
3114 1325 3385 1391 propriam
3427 1324 3554 1375 civi-

1966 1419 2147 1465 tatem.
2176 1411 2421 1463 Ascendit
2452 1421 2625 1464 autem
2653 1422 2700 1465 et
2730 1410 2925 1479 Ioseph
2974 1430 2999 1467 e
3050 1411 3274 1466 Caliiwa
3304 1430 3367 1467 ex
3425 1416 3556 1467 civi-

1968 1510 2076 1554 tate
2104 1500 2369 1554 Nazarelh
2408 1503 2462 1555 in
2519 1500 2768 1557 Judwam
2801 1504 2853 1558 in
2874 1505 3142 1558 civitatem
3189 1504 3385 1569 David,
3439 1524 3557 1576 qua:

1970 1604 2192 1645 vocatur
2223 1591 2506 1656 Bethleem,
2539 1610 2598 1647 eo
2622 1596 2760 1662 quod
2819 1605 2955 1649 esset
3016 1599 3124 1664 ipse
3186 1598 3251 1649 de
3288 1598 3440 1649 domo
3507 1607 3557 1651 et

1972 1685 2151 1750 pa!ria
2189 1682 2374 1745 David,
2410 1692 2468 1735 ut
2498 1685 2891 1739 describeretur
2921 1704 3038 1740 cum
3094 1687 3278 1741 Maria
3338 1690 3556 1755 despon-

1974 1787 2089 1828 sata
2122 1776 2224 1827 sibi
2258 1792 2422 1829 uxore
2449 1788 2781 1845 pra’gnante.
2824 1777 3047 1833 Factum
3075 1792 3151 1833 est
3187 1792 3384 1844 autem,
3440 1798 3558 1832 cum

279 1855 455 1956 τριᾶς
475 1855 674 1951 Auditi,
702 1886 1172 1954 ἀπογράψασθαι
1210 1885 1333 1939 σὺν
1349 1855 1592 1953 Μαριὰμ
1629 1883 1703 1952 τῇ
1725 1901 1869 1953 μεμ-

1979 1877 2151 1919 essent
2185 1867 2280 1932 ibi,
2328 1868 2530 1937 impleti
2562 1880 2681 1922 sunt
2711 1856 2840 1934 dies,
2877 1881 2931 1922 ut
2968 1883 3194 1939 pareret,
3250 1881 3299 1925 et
3362 1875 3560 1942 peperit

277 1980 671 2050 νηστευμένῃ
700 1977 890 2031 αὑτοῦ
930 1974 1193 2047 γυναικὶ,
1240 1976 1401 2044 οὔσῃ
1434 1976 1655 2045 ἐγκύῳ.
1716 1974 1874 2043 Ἐγέ-

280 2090 429 2127 νετο
457 2071 527 2124 δὲ
553 2071 622 2124 ἐν
666 2069 746 2135 τῷ
770 2066 927 2124 εἶναι
954 2068 1178 2135 αὐτοὺς
1203 2068 1347 2134 ἐκεῖ,
1375 2069 1782 2137 ἐπλήσθησαν
1812 2071 1871 2122 αἱ

282 2162 504 2231 ⁴ἡμέραι
549 2159 654 2214 τοῦ
705 2161 903 2213 τεκεῖν
939 2158 1157 2226 αὐτὴν,
1221 2159 1319 2211 καὶ
1360 2160 1530 2212 ἔτεκε
1589 2159 1699 2212 τὸν
1735 2157 1872 2212 Υὶὸν

277 2253 481 2322 αὐτῆς
530 2255 639 2307 τὸν
669 2253 1078 2321 πρωτότοκον.
1119 2252 1218 2305 καὶ
1254 2252 1733 2321 ἐσπαργάνωσεν
1763 2254 1873 2306 αὑ-

282 2348 422 2411 τὸν,
456 2346 554 2399 καὶ
578 2344 905 2399 ἀνέκλινεν
927 2344 1116 2397 αὐτὸν
1143 2344 1212 2397 ἐν
1239 2344 1311 2409 τῇ
1333 2345 1554 2412 φάτνῃ.
1586 2344 1738 2398 διότι
1759 2347 1870 2400 οὐκ

282 2435 369 2510 ἦν
404 2438 611 2503 αὐτοῖς
646 2438 832 2504 τόπος
862 2439 933 2491 ἐν
956 2438 1034 2503 τῷ
1057 2439 1454 2506 καταλύματι.
1484 2437 1661 2490 Πολλὰ
1694 2438 1748 2490 δὲ
1777 2440 1873 2492 καὶ

283 2533 428 2588 ἄλλα
463 2531 745 2603 μαρτύρια
773 2531 867 2584 τοῦ
896 2530 995 2603 τὴν
1019 2532 1295 2599 πάναγνον
1354 2530 1626 2602 παρθένον
1651 2532 1873 2604 Μαρίαν

284 2629 555 2697 γεννῆσαι
625 2626 796 2692 κατὰ,
826 2626 1006 2697 σάρκα
1040 2627 1131 2679 τὶν
1187 2625 1394 2697 Κύριον
1452 2626 1612 2697 ἡμῶν
1660 2626 1872 2696 Ἰησοῦν

286 2719 528 2789 Χριστὸν
568 2717 658 2771 τὸν
693 2717 822 2771 Υἱὺν
851 2717 948 2771 τοῦ
975 2718 1110 2770 Θεοῦ
1129 2719 1226 2770 καὶ
1251 2719 1383 2771 Θεὸν
1412 2718 1475 2770 ἔκ
1506 2736 1565 2771 τε
1586 2719 1687 2789 τῆς
1710 2720 1876 2788 εὐαγ-

290 2810 525 2879 γελικῆς
556 2810 740 2880 βίϐλου
766 2810 861 2862 καὶ
889 2810 988 2879 τῆς
1011 2810 1403 2880 ἀποστολικῆς,
1436 2810 1663 2874 ἅστινας
1706 2811 1874 2880 μόνας

289 2903 612 2969 ἀσπάζεσθέ
673 2921 735 2956 τε
788 2903 886 2956 καὶ
933 2902 1327 2972 καταδέχεσθε,
1354 2903 1462 2955 τῶν
1488 2904 1665 2957 ἄλλων
1706 2922 1875 2957 κατα-

292 2993 652 3065 φρονοῦντες.
690 2994 861 3057 Αὑτός
892 3011 952 3047 τε
978 2996 1086 3064 γὰρ
1114 2995 1143 3046 ὁ
1172 2995 1363 3065 Σωτὴρ
1394 2996 1558 3066 ἡμῶν
1591 2995 1873 3066 πανταχοῦ

290 3085 392 3139 τοῦ
421 3085 757 3153 Εὒαγγεὶλου
788 3085 919 3139 Υῐδν
951 3086 1242 3156 ανθρώπου
1271 3087 1465 3140 ἑαυτὸν
1493 3088 1754 3157 ὀνομάζει
1785 3088 1875 3141 διὰ

291 3178 399 3248 τὴν
429 3178 701 3249 ἄχραντον
736 3178 901 3231 αὑτοῦ
933 3180 1184 3249 Μητέρα,
1235 3180 1333 3232 καὶ
1392 3182 1420 3232 ὁ
1452 3180 1596 3243 θεῖος
1637 3180 1871 3242 Παῦλος,
1902 3194 1944 3250 c

304 3267 762 3331 Ἐεαπέστειλε,
802 3269 990 3338 φησιν,
1025 3271 1057 3322 ό
1080 3270 1225 3334 Θεὸς
1248 3270 1355 3323 τὸν
1398 3272 1533 3323 Flor
1559 3269 1751 3323 αὐτοῦ
1780 3286 1877 3338 γε·

288 3358 557 3426 νόμενον
588 3358 655 3410 ἐκ
705 3358 1017 3425 γυναικὸς,
1064 3359 1151 3412 ἵνα
1200 3358 1371 3412 τᾶλλα
1422 3360 1693 3430 ἐάσωμεν.
1727 3362 1792 3413 Et
1820 3360 1878 3414 δὲ

292 3448 801 3520 στενοχωρούμενοι
834 3449 1049 3513 τούτοις
1090 3450 1298 3505 ἀνωθεν
1324 3453 1385 3503 τὸ
1416 3453 1577 3520 σῶμα
1608 3470 1877 3520 συγκατεο

297 3544 526 3610 νεγκεῖν
563 3542 653 3594 τὸν
683 3542 921 3613 Χριστὸν
949 3542 1429 3611 τερατολογοῦσιν,
1480 3545 1878 3614 ἀπαντήσομεν

293 3637 487 3698 αὐτοῖς
521 3633 718 3697 οὕτως·
754 3635 816 3687 ΕΙ
842 3630 935 3688 οὖν
964 3634 1216 3705 οὐράνιον
1246 3631 1312 3706 ἦν
1334 3636 1394 3687 τὸ
1433 3635 1592 3704 σῶμα
1620 3636 1711 3689 τοῦ
1742 3638 1880 3707 Χρι-

298 3726 457 3794 στοῦ,
492 3728 591 3780 οὐκ
626 3727 691 3780 ἂν
708 3730 821 3790 τοῖς
846 3726 1208 3797 ἀνθρωπίνοις
1237 3727 1497 3780 ὑπέκειτο
1520 3728 1740 3794 πάθεσι,
1766 3732 1881 3791 τοῖς

294 3820 671 3890 ἀδιαδλήτοις,
695 3819 860 3887 λέγω,
890 3819 1074 3889 πείνῃ,
1111 3821 1208 3872 καὶ
1254 3819 1404 3893 δίψῃ,
1442 3820 1539 3874 καὶ
1577 3820 1752 3890 ὕπνῳ,
1785 3820 1881 3873 καὶ¹

296 3910 483 3978 κόπῳ,
509 3910 605 3963 καὶ
631 3909 799 3980 λύπῃ,
835 3912 929 3961 καὶ
954 3910 1210 3980 δάκρυσι,
1245 3913 1340 3964 καὶ
1374 3912 1475 3965 ὅσα
1522 3914 1771 3965 τοιαῦτα.
1819 3912 1881 3965 El

295 4002 560 4071 οὓράνιος
608 4002 895 4073 ἄνθρωπος
925 3999 1014 4073 ἦν,
1055 3996 1099 4071 ᾧ
1147 4004 1271 4055 καθ’
1305 4004 1603 4057 ὑπόστασιν
1632 4007 1659 4058 ὁ
1709 4007 1883 4073 Λόγος

298 4092 517 4163 ὴνώθη.
547 4092 648 4145 οὑκ
679 4092 745 4145 ἂν
776 4088 842 4161 ἦν
870 4092 1112 4161 φθαρτὸς
1172 4093 1267 4144 καὶ
1297 4093 1489 4161 θνητὸς
1522 4092 1721 4163 ἐπίσης
1772 4094 1885 4154 τοῖς

296 4184 597 4254 ἐπιγείοις.
628 4186 691 4237 Οἱ
721 4184 882 4252 φύσει
903 4186 1010 4254 γὰρ
1035 4184 1279 4253 οὐράνιοι
1312 4184 1408 4236 καὶ
1445 4184 1650 4247 ζῶντες
1680 4186 1882 4247 πάντις

297 4278 575 4347 ἄφθαρτοι
604 4277 700 4329 καὶ
730 4276 1016 4332 ἀθάνατοι.
1049 4277 1140 4339 Τίς
1171 4276 1227 4328 δὲ
1259 4276 1419 4346 χρεία
1443 4276 1542 4344 τῆς
1574 4278 1638 4328 ἐκ
1676 4276 1887 4344 napae-

297 4389 400 4425 νου
428 4371 755 4440 γεννήσεως,
786 4370 833 4421 εἰ
892 4369 1031 4438 μηδὲ
1061 4370 1123 4420 ἐκ
1167 4369 1375 4438 ταύτης
1415 4368 1754 4438 προσέλαϐεν
1803 4372 1883 4433 εἰς

297 4464 405 4532 τὴν
436 4462 531 4528 τῆς
561 4460 909 4531 ἀνθρωπίνης
938 4460 1153 4529 φύσεως
1189 4460 1490 4522 σύστασιν;
1524 4461 1647 4523 Πῶς
1677 4462 1733 4513 δὲ
1756 4463 1884 4524 τοὺς

1975 1958 2144 2025 ﬁlium
2170 1974 2325 2011 suum
2358 1961 2761 2028 primogenitum
2829 1972 2876 2014 et
2902 1967 3091 2031 pannis
3158 1981 3274 2016 cuin
3323 1967 3557 2028 involvit,

1977 2061 2025 2105 et
2054 2051 2332 2104 reclinavit
2364 2051 2420 2105 in
2448 2054 2730 2122 pra'sepio,
2765 2055 2890 2124 quia
2937 2072 3040 2107 non
3089 2066 3205 2110 erat
3246 2058 3351 2110 illis
3413 2057 3558 2110 locus

1972 2144 2026 2196 in
2050 2143 2340 2197 diversorio
2374 2147 2419 2197 ¹.
2483 2144 2618 2199 Sunt
2655 2147 2817 2199 etiam
2850 2147 2953 2199 alia
2992 2148 3157 2201 multa
3228 2150 3559 2209 testimoaia.

1976 2234 2173 2301 quibus
2263 2242 2483 2289 constat
2532 2236 2937 2291 sanetissimam
3009 2238 3274 2306 Virginem
3331 2239 3556 2293 Mariam

1974 2328 2225 2396 genuisse
2290 2329 2589 2383 secundum
2663 2345 2880 2385 carnem
2973 2332 3259 2388 Dominum
3318 2346 3560 2389 nostrum

1976 2418 2160 2474 Jesmu
2190 2421 2467 2476 Christum
2502 2421 2697 2477 Filium
2722 2425 2817 2480 Dei
2848 2437 2903 2479 et
2936 2425 3126 2491 Deum,
3171 2438 3365 2483 tamex
3399 2444 3565 2483 evan.

1977 2513 2187 2584 gel’cis,
2214 2529 2372 2580 quam
2411 2529 2473 2567 ex
2500 2517 2817 2582 apostolicis
2849 2518 3023 2581 libris,
3051 2535 3187 2588 quos
3247 2522 3391 2577 solos
3441 2536 3565 2576 sus-

1987 2605 2187 2673 cipitis,
2220 2605 2457 2673 reliquos
2484 2607 2872 2671 improbantes.
2908 2609 3044 2664 Nam
3076 2620 3132 2666 et
3153 2611 3269 2682 ipse
3304 2612 3565 2671 Servator

1978 2709 2161 2753 noster
2187 2700 2385 2767 ubique
2411 2715 2469 2754 se
2503 2705 2557 2754 in
2588 2700 2879 2768 Evangelio
2906 2701 3101 2759 Filium
3132 2705 3367 2760 hominis
3388 2717 3565 2769 vocat.

1976 2791 2161 2846 habita
2214 2790 2423 2847 ratione
2460 2807 2599 2847 vera:
2632 2796 2823 2848 matris
2853 2810 2984 2850 suae.
3031 2798 3093 2851 Et
3125 2799 3283 2854 divus
3332 2801 3564 2868 Apostoo

1979 2882 2063 2936 lus
2095 2900 2111 2939 ι
2137 2882 2301 2951 Misit,
2333 2885 2527 2954 inquit,
2554 2886 2698 2941 Deus
2724 2886 2925 2941 Filium
2950 2906 3103 2943 suum
3133 2891 3331 2959 factum
3358 2910 3423 2947 ea:
3448 2909 3569 2946 mu-

1979 2973 2105 3027 liere
2127 2975 2169 3038 ³,
2199 2984 2256 3027 ιιι
2306 2986 2501 3030 calera
2564 2978 2896 3033 omittamus.
2927 2981 3079 3046 Quod
3109 2986 3154 3038 si
3197 2984 3283 3037 his
3326 2986 3568 3053 oppressi

1981 3066 2310 3121 testimoniis
2335 3068 2612 3123 Christum
2643 3083 2674 3122 e
2712 3070 2855 3124 caelo
2884 3087 3085 3139 corpus
3120 3073 3377 3130 detulisse
3437 3091 3569 3131 con-

1980 3159 2203 3229 tingent,
2236 3161 2341 3215 illis
2397 3176 2749 3217 occurremus
2840 3164 2907 3217 ad
2962 3166 3103 3219 hunc
3173 3170 3392 3221 mOdum
3455 3169 3569 3223 :Si

1980 3252 2183 3306 Christi
2219 3267 2417 3321 corpus
2450 3252 2645 3308 fuissa
2684 3255 2927 3319 caeleste,
2989 3256 3242 3312 humanis
3271 3257 3574 3313 affectioni-

1982 3347 2080 3398 bus
2111 3345 2266 3412 culpa
2289 3354 2467 3397 tamen
2487 3345 2797 3399 carentibus
2812 3347 3104 3402 obnoxium
3131 3351 3568 3416 nonesstitisset,

1982 3435 2035 3490 id
2061 3446 2143 3490 est
2172 3436 2320 3501 fami,
2364 3447 2419 3492 et
2472 3439 2582 3502 siti,
2647 3447 2702 3492 et
2761 3455 2975 3506 somno,
3019 3452 3075 3495 et
3142 3443 3463 3509 lassitudini,
3515 3454 3570 3499 et

1983 3528 2228 3592 mmrori,
2269 3538 2323 3582 et
2350 3530 2626 3599 Iacrymis,
2652 3539 2707 3583 et
2756 3535 2972 3585 creteris
3021 3533 3270 3600 ejusdem
3323 3537 3565 3603 generis.

1984 3619 2040 3672 Si
2072 3619 2307 3674 cmlestis
2343 3620 2503 3674 homo
2534 3622 2724 3676 fuisset
2755 3622 2865 3685 ille,
2897 3624 2987 3678 cui
3036 3625 3089 3678 in
3146 3640 3376 3692 persona
3433 3643 3570 3683 con-

1982 3711 2227 3783 junctum
2269 3720 2351 3768 est
2409 3712 2667 3777 Verbum,
2701 3730 2807 3770 non
2862 3716 3055 3772 fuisset
3110 3720 3480 3788 corruptibilis
3513 3732 3569 3777 et

1988 3804 2250 3871 mortalis,
2303 3807 2759 3873 quemadmodum
2850 3818 3062 3863 terrena
3127 3824 3254 3865 sunt
3317 3830 3565 3883 corpora.

1984 3901 2114 3965 Quae
2155 3900 2300 3953 enim
2353 3900 2599 3955 cmlestia
2634 3902 2864 3968 vivaque
2913 3913 3062 3966 sunt,
3114 3918 3176 3957 ea
3227 3918 3326 3959 nec
3383 3922 3571 3959 corru-

1985 3995 2244 4063 ptionem.
2273 4007 2371 4046 nec
2398 4004 2626 4046 mortem
2663 3995 2925 4048 sentiunt.
2963 3993 3232 4051 Praeterea
3268 3998 3393 4066 quid
3433 4015 3570 4070 opus

1986 4085 2150 4140 inite
2205 4084 2429 4153 Virgine
2466 4088 2635 4149 nasci,
2678 4088 2720 4140 si
2784 4086 2915 4141 nihil
2964 4104 3026 4141 ex
3080 4105 3143 4143 ea
3201 4089 3268 4144 ad
3322 4090 3570 4143 humana:

1986 4188 2192 4232 natura
2222 4179 2660 4233 constitutionem
2698 4180 2953 4248 accepit?
3008 4181 3089 4235 Ad
3151 4182 3265 4235 haec
3294 4196 3389 4235 cur
3442 4197 3564 4235 cum

1986 4269 2256 4337 apostolos
2302 4270 2578 4325 docuisset
2626 4286 2686 4327 se
2742 4287 2862 4327 esse
2910 4272 3155 4327 hominis
3199 4272 3417 4339 Filium,
3446 4289 3572 4342 pro-

1985 4375 2110 4432 pter
2146 4378 2328 4415 veram
2366 4372 2592 4417 matrem
2642 4380 2796 4417 suam
2824 4375 2875 4418 et
2903 4365 2998 4418 Dei
3029 4367 3376 4433 genitricem,
3429 4369 3575 4420 misit

1990 4470 2082 4508 eos
2106 4469 2384 4522 priscones
2418 4456 2468 4507 in
2499 4456 2812 4510 universum
2879 4457 3067 4511 orbem
3128 4468 3419 4524 terrarum,
3479 4461 3569 4527 qui

302 4553 645 4613 ἀποστόλους
670 4551 907 4616 διδάξας,
930 4552 1013 4603 ὅτι
1044 4551 1164 4613 Υἱός
1190 4554 1339 4605 ἐστιν
1363 4552 1652 4621 ἀνθρώπου
1683 4553 1769 4605 διὰ
1789 4553 1877 4623 τὴν

1993 4547 2119 4601 illud
2150 4548 2326 4616 ipsum
2360 4548 2737 4614 przedicarent,
2768 4563 2960 4615 nempe
2990 4564 3050 4602 se
3090 4564 3308 4602 carnem
3384 4552 3573 4604 huma-

306 4643 588 4711 ἄχραντον
620 4640 787 4693 αὐτοῦ
822 4641 1051 4710 Μητέρα
1086 4643 1182 4694 καὶ
1207 4644 1491 4709 Θεοτόκσν,
1535 4646 1887 4710 ἐξαπέστειλε

307 4737 562 4805 κήρυκας
590 4735 668 4796 εἰς
702 4732 802 4803 τὴν
848 4735 1199 4804 οἰκουμένην,
1236 4736 1368 4789 αὐτὸ
1417 4736 1578 4789 τοῦτο
1625 4737 1885 4807 βοῶντας,

304 4826 393 4878 ὅτι
426 4823 849 4895 ἑνηνθρὼπησεν
873 4828 937 4880 ὲκ
960 4827 1241 4898 Παρθένου
1267 4828 1548 4898 γεννηθείς
1578 4846 1593 4893 ;
1623 4829 1892 4897 Εὑρίσκε-

306 4932 403 4967 ται
433 4914 560 4985 γὰρ,
584 4916 727 4967 κατὰ
760 4918 886 4981 τοὺς
911 4919 1170 4971 τάναντία
1199 4918 1657 4988 δογματίζοντας,
1683 4919 1745 4971 οὐ
1780 4919 1894 4972 Σω-

310 5006 418 5077 τὴρ
448 5006 634 5076 ἡμῶν,
664 5007 799 5060 ἀλλὰ
836 5009 1126 5078 πολέμιος,
1149 5010 1258 5063 οὐδ’
1280 5010 1602 5082 εὐεργέτης,
1630 5011 1768 5064 ἀλλὰ
1789 5010 1892 5064 λοι·

317 5100 438 5169 μδς,
470 5098 665 5168 ψευδὲς
703 5101 836 5169 ἡμῖν
874 5100 1099 5164 ὑποθεὶς
1119 5101 1182 5154 τὸ
1207 5101 1461 5170 Θεμέλιον
1492 5102 1594 5172 τῆς
1629 5103 1888 5165 πίστεως,

313 5192 437 5261 ἦτοι
467 5192 567 5263 τὴν
610 5192 673 5244 ἐκ
700 5192 809 5245 τῶν
866 5194 1050 5262 ἁγνῶν
1102 5196 1198 5248 καὶ
1246 5195 1596 5265 παρθενικῶν
1642 5197 1893 5264 αἱμάτων

316 5283 738 5354 ὲνανθρώπησιν
758 5284 947 5347 αὑτοῦ,
992 5287 1086 5338 καὶ
1116 5288 1229 5349 τοῖς
1269 5284 1581 5356 ἀνθρώποις
1613 5287 1890 5356 ὁμοίωσιν.

329 5375 471 5429 Ἀλλ’
490 5376 647 5440 ἵλεως
664 5379 796 5447 ἡμῖν
819 5380 904 5448 εἴη
923 5378 1125 5449 Κύριος
1144 5379 1492 5450 ἀνεχομένοις
1515 5378 1650 5442 ὅλως
1675 5379 1894 5433 ἀκούειν

320 5468 418 5538 τῆς
454 5469 791 5541 τηλικαύτης
844 5470 1219 5541 βλασφημίας,
1276 5472 1351 5543 μὴ
1414 5473 1497 5525 ὅτι
1544 5488 1606 5539 γε
1657 5474 1752 5525 καὶ
1807 5473 1897 5525 διὰ

322 5554 571 5626 γλώττης
614 5557 818 5629 ταύτην
854 5559 1171 5629 προφέρειν,
1223 5560 1349 5613 ἐπεὶ
1378 5560 1474 5612 καὶ
1511 5558 1637 5621 τοὺς
1658 5560 1895 5611 ἀποστό-

322 5647 452 5711 λους
485 5649 655 5713 αὐτὸς·
681 5650 1042 5724 πληροφορῶν
1072 5652 1099 5703 ὁ
1136 5652 1329 5723 Σωτὴρ
1363 5651 1501 5723 μετὰ
1531 5650 1630 5721 τὴν
1663 5650 1898 5703 ἀνάστα-

395 5812 413 5843 ί
454 5812 636 5867 Matth.
674 5829 732 5878 ιι,
767 5813 849 5867 tt.

1993 4654 2117 4692 nam
2150 4653 2215 4691 cx
2251 4636 2469 4706 Virgine
2516 4638 2819 4706 suscepisse
2850 4649 3012 4707 atque
3032 4639 3305 4692 hominem
3370 4639 3569 4693 factum

1990 4732 2155 4787 esse?
2209 4730 2286 4783 Ex
2334 4730 2576 4785 doctrina
2647 4732 2791 4785 enim
2846 4731 3072 4785 istorum
3128 4732 3220 4800 qui
3301 4735 3572 4787 contraria

1992 4823 2216 4889 docent,
2264 4820 2695 4890 deprehenditur
2725 4836 2831 4875 non
2892 4821 3152 4875 Servatur
3215 4833 3422 4886 noster,
3476 4822 3573 4876 sed

1990 4916 2275 4983 inimicus,
2308 4933 2414 4971 non
2455 4917 2614 4983 bene,
2649 4917 2740 4971 sed
2790 4917 2933 4971 male
2984 4919 3051 4972 de
3100 4919 3258 4973 nobis
3324 4922 3573 4985 tllPl‘lllh,

1990 5013 2082 5082 qui
2136 5013 2332 5066 falsum
2409 5014 2564 5067 nobis
2594 5013 2715 5069 fidei
2790 5014 3199 5070 fundamentum
3254 5015 3571 5083 subjecerit,

1990 5119 2141 5158 suam
2168 5105 2418 5159 nimirum
2445 5107 2626 5159 carnis
2655 5122 2718 5159 ex
2770 5109 2938 5162 castis
2986 5109 3343 5176 sanguinibus
3386 5122 3576 5161 susce-

1993 5197 2228 5263 ptionem
2310 5197 2712 5268 humanamque
2781 5200 3206 5254 similitudinem.
3265 5198 3368 5251 Sed
3423 5198 3577 5251 nobis

1994 5288 2264 5355 propitius
2289 5290 2358 5342 sit
2392 5287 2553 5352 Deus,
2587 5292 2630 5344 si
2662 5301 2769 5345 tam
2814 5291 3147 5346 exsecranda
3176 5291 3459 5344 maledicta
3494 5290 3578 5344 vel

2001 5380 2213 5444 audire,
2236 5383 2427 5435 nedum
2461 5382 2638 5450 lingua
2671 5382 2916 5451 proferre
2943 5382 3329 5437 sustineamus.
3397 5382 3580 5449 Quan-

2003 5471 2289 5538 doquidem
2332 5481 2385 5527 et
2413 5473 2674 5541 apostolis
2706 5475 2867 5529 fidem
2923 5474 3127 5529 faciens
3158 5476 3271 5543 ipse
3323 5472 3581 5529 Servatur

2001 5573 2123 5632 post
2153 5566 2628 5630 resurrectionem,
2666 5579 2735 5621 ne
2765 5580 2825 5621 se
2855 5576 3127 5636 spectrum
3180 5567 3577 5633 existimarent,

2003 5653 2098 5708 scd
2124 5654 2299 5724 ipsum
2374 5671 2562 5712 verum
2616 5655 2811 5722 Deum,
2861 5657 2950 5727 qui
3012 5673 3079 5713 ex
3135 5668 3308 5714 matre
3356 5658 3579 5729 Virgine
3676 5646 3691 5657 ’

947 5815 967 5844 ¹
1002 5812 1131 5869 Luc.
1197 5829 1257 5879 ιι,
1301 5814 1430 5867 1-
1492 5814 1543 5867 7.
1621 5813 1642 5845 ³
1696 5812 1872 5868 Galat.
1905 5828 1977 5876 tv,
2046 5815 2101 5868 ι.
