3960 6550
231 294 368 361 1221

1163 298 1533 357 PANOPLIA
1576 300 2036 361 DOUM.\'l‘lCA.
2082 325 2149 335 -
2190 301 2339 364 ΤΙΤ.
2382 303 2594 365 XXIV.
3358 311 3492 373 1222

226 414 377 478 ζωὴν
427 416 523 480 τὴν
570 409 788 463 αἰώνιον
833 410 1261 481 ὑποκρινόμενον
1312 414 1519 483 ζητεῖν,
1578 415 1657 477 είς
1714 414 1805 465 τὸν

1918 410 2079 476 labat,
2133 413 2200 467 ad
2243 412 2413 484 legem
2477 415 2624 468 illam
2662 415 2861 485 rejicit,
2945 425 3109 488 atque
3167 425 3287 478 inde
3348 430 3495 495 quod

226 509 392 577 νόμον
418 509 625 559 ἐκεῖνον
654 500 1047 576 παραπέμπει,
1084 506 1343 559 κάκεῖθεν
1390 508 1569 576 εὑρεῖν
1606 508 1667 558 τὸ
1704 508 1805 576 ζη-

1918 505 2198 570 quterebat
2225 520 2407 573 petere
2455 520 2655 574 monet,
2698 524 2930 579 cumque
2962 513 3066 568 duo
3122 519 3293 582 prima
3354 536 3495 585 pra:-

225 595 489 666 τούμενον
512 595 840 658 ὑποδάλλει;
875 596 970 649 τοῦ
999 596 1228 665 νομικοῦ
1254 597 1311 648 δὲ
1334 597 1434 660 τὰς
1464 596 1558 649 δύο
1588 597 1805 667 πρώτας

1918 606 2068 662 cepta
2111 597 2199 651 ille
2231 599 2297 651 ad
2327 601 2545 654 verbum
2582 606 2967 671 recensuisset,
3004 612 3204 665 veritas
3224 623 3278 665 et
3316 615 3491 682 ipsum

228 693 413 752 αὐτοῖς
432 692 639 761 ῥήμασι
656 689 955 753 διελθόντος
968 691 1209 756 ἐντολὰς,
1225 690 1404 752 καλῶς
1421 690 1657 767 τεαῦτὸν
1675 692 1805 742 ἀπο-

1918 688 1989 741 ait
2041 699 2189 743 recte
2245 693 2612 760 respondisse,
2651 706 2704 751 et
2757 713 2920 768 quam
2961 707 3259 770 quaerebat,
3303 723 3490 762 eorum

226 784 485 854 κριθῆναι
522 787 553 853 ἡ
602 786 832 854 ἀλήθεια
854 786 985 855 ἔφη,
1019 786 1114 839 καὶ
1152 787 1202 838 εί
1242 787 1383 839 κατὰ
1407 785 1612 848 ταύτας
1656 788 1805 838 πολιι

1918 781 2293 836 observatione
2327 783 2489 838 vitam
2530 799 2909 846 assecuturum
2937 798 3327 865 sempiternam
3366 800 3387 853 l

225 897 281 932 τε
292 879 458 943 bona,
480 880 577 949 τὴν
604 879 944 950 ζητουμένην
964 879 1181 932 αἰώνιον
1199 879 1607 950 κληρονομῆσαι
1626 879 1802 949 ζωήνς
2414 930 2423 941 ,

310 974 701 1043 Ἐρωτώμενος
736 977 764 1027 6
800 975 993 1045 Σωτὴρ
1038 975 1171 1046 περὶ
1226 977 1336 1027 τῶν
1371 974 1613 1044 νομικῶν
1658 976 1805 1025 ἐντο-

1982 962 2265 1031 Servator,
2304 982 2426 1022 cum
2468 969 2537 1024 ab
2573 971 2688 1040 ipso
2722 972 2911 1029 fuisset
2959 980 3244 1046 quaesitum
3315 985 3491 1050 quod-

225 1070 356 1132 λῶν,
388 1068 612 1139 πρώτην
638 1067 775 1121 εἷναί
802 1085 986 1138 φησιν,
1022 1070 1260 1133 Ἄκουε,
1292 1066 1560 1136 Ἰσραὴλ,
1588 1068 1804 1133 Κύριος

1918 1069 2037 1108 nam
2072 1059 2461 1124 essetprimum
2495 1062 2545 1116 in
2574 1064 2687 1131 lege
2742 1068 3077 1133 mandatum,
3133 1076 3413 1141 respondit
3472 1095 3488 1131 :

224 1165 256 1215 ὀ
294 1162 441 1228 Θεός
478 1180 618 1227 σου,
659 1163 871 1230 Κύριος
910 1156 997 1227 εἷς
1024 1162 1181 1224 ἐστι,
1236 1160 1332 1214 καὶ
1388 1163 1455 1213 τὰ
1487 1160 1637 1229 ἑξῆς.
1693 1160 1803 1210 Καὶ

1918 1146 2072 1209 Audi,
2103 1146 2295 1215 Israel,
2322 1151 2575 1207 Dominus
2600 1154 2737 1209 Deus
2772 1167 2891 1211 tuus
2922 1160 3173 1215 Dominus
3200 1181 3333 1217 unus
3351 1170 3489 1231 est‘,

222 1257 316 1308 τὸν
371 1255 734 1326 ἐπερωτῶντα
789 1255 848 1308 δὲ
910 1238 1205 1325 σύμψηφον
1249 1254 1449 1324 εὑρὼν,
1489 1255 1549 1305 οὐ
1584 1252 1803 1323 μακρὰν

1918 1248 1962 1289 ει
2022 1253 2142 1308 quae
2204 1253 2525 1309 sequuntur.
2582 1246 2824 1316 Cumque
2876 1250 2984 1314 ille,
3029 1253 3118 1318 qui
3172 1256 3486 1324 quasiet-at,

221 1342 380 1399 εῐπεν
412 1346 557 1399 εἶναι
613 1346 715 1415 τῆς
750 1344 1031 1414 βασιλείας
1068 1347 1161 1399 τοῦ
1190 1346 1348 1401 Θεοῦ.
1413 1346 1538 1408 Πῶς
1601 1345 1697 1399 οῦν
1744 1346 1798 1397 αί

1918 1341 2161 1382 assensus
2216 1340 2384 1396 esset,
2419 1334 2553 1388 dixit
2615 1352 2739 1389 eum
2800 1338 2939 1392 baud
2965 1344 3149 1409 procul
3212 1345 3403 1401 abesse
3461 1366 3489 1400 a

191 1441 507 1510 ’,μωσαῖκαὶ
539 1439 887 1509 νομοθεσίαι,
924 1439 1084 1509 είπερ
1117 1435 1259 1510 ἦσαν
1284 1437 1376 1492 τοῦ
1434 1437 1656 1507 ἐχθροῦ,
1705 1440 1799 1491 ἕνα

1918 1431 2073 1485 regno
2119 1416 2235 1473 Dei.
2262 1420 2541 1485 Quomodo
2577 1423 2744 1492 igitur
2783 1424 2930 1494 leges
3003 1426 3253 1484 Mosaicae
3313 1433 3359 1485 si
3425 1433 3493 1485 ab

532 1489 740 1603 Πῦριον
782 1489 1167 1599 νομοθετοῦσιν
1203 1530 1439 1595 είδέναις
1465 1489 1560 1582 “Ei
1611 1489 1667 1583 δὲ
1702 1529 1800 1584 ἕνα

1918 1506 2130 1561 mimico
2161 1520 2344 1563 essent
2372 1510 2513 1574 latae,
2547 1526 2714 1566 unum
2754 1514 2919 1568 Deum
2959 1531 3021 1570 ac
3060 1517 3349 1573 Dominum
3398 1538 3495 1574 no-

198 1593 354 1677 ΙΘεόν
392 1626 486 1677 καὶ
544 1593 752 1694 Κύνριον
795 1593 1171 1694 ἀνακηρύττει
1222 1593 1448 1693 Μωσῆς,
1496 1623 1589 1676 καὶ
1644 1622 1797 1694 παρὰ

1918 1599 1995 1653 bis
2058 1603 2454 1670 agnoscendum
2511 1605 2948 1674 praescriberent,
2989 1618 3039 1663 et
3095 1621 3290 1679 prrcter
3343 1613 3490 1666 illum

218 1716 413 1770 τοῦτον
444 1717 589 1786 ἄλλῳ
619 1717 758 1786 μήτε
788 1716 1093 1786 λατρεύειν,
1140 1717 1278 1786 μήτε
1308 1718 1657 1785 προσκυνεῖν.
1690 1713 1794 1770 ποῦ

1918 1709 2008 1747 ton
2042 1710 2160 1748 esse
2213 1698 2517 1765 quempiam
2566 1699 2849 1754 colendum
2881 1712 2934 1755 et
2963 1704 3294 1758 adorandum
3326 1705 3350 1757 τ
3400 1708 3490 1761 ubi

218 1808 363 1860 εἰσιν
394 1808 444 1860 oi
497 1807 597 1876 τὴν
657 1812 907 1879 πονηρὰν
953 1806 1127 1877 ἀρχὴν
1188 1810 1640 1877 παρεισάγοντες,
1703 1809 1796 1861 καὶ

1918 1795 2045 1848 mnt,
2087 1788 2176 1855 qui
2212 1787 2407 1841 malum
2428 1786 2741 1856 confingunt
2768 1791 3115 1861 principium,
3146 1796 3304 1864 eique
3322 1793 3491 1852 Vutus

218 1898 396 1969 ταύτῃ
433 1900 533 1968 τὴν
574 1876 818 1954 παλαιὰν
853 1876 1181 1969 νομοθεσίαν
1210 1876 1605 1963 ἀνατιθέντεςς
1900 1876 2203 1929 δίίήδυυυί
2291 1876 2696 1943 Τθδίδεηθηωω
2728 1879 2752 1933 ⁷

290 1991 355 2044 Τί
392 1991 458 2045 ἂν
488 1992 692 2044 είποιεν
722 1992 771 2043 οἱ
802 1992 1101 2061 κατήγοροι
1162 1994 1262 2061 τῆς
1290 1991 1530 2054 παλαιᾶς
1564 1991 1799 2061 νομοθε-

1971 1989 2109 2055 Quid
2143 1990 2347 2057 dicent,
2381 1994 2471 2061 qui
2529 1991 2691 2048 Vetus
2745 1992 3147 2051 Testamentum
3219 1999 3489 2066 ineusant,

220 2083 385 2146 σίας,
446 2083 683 2152 ὁρῶντες
746 2082 835 2137 διὰ
882 2082 977 2136 τοῦ
1042 2082 1379 2150 Εὐαγγελίου
1427 2084 1519 2135 τὸν
1563 2083 1799 2154 Χριστὸν

1918 2096 2025 2134 :um
2052 2098 2118 2136 ex
2160 2084 2459 2153 Evangelio
2486 2086 2760 2140 Christum
2796 2088 3028 2143 viderint
3060 2088 3488 2161 Hierosolymam

218 2176 495 2243 ἀγόμενον
545 2175 647 2245 μὲν
684 2177 761 2237 είς
784 2176 854 2228 τὰ
894 2174 1266 2245 Ἰεροσόλυμα,
1316 2174 1576 2227 τελοῦντα
1610 2176 1667 2228 δὲ
1732 2176 1802 2229 τὰ

221 2265 520 2328 Mancini,
551 2267 644 2319 καὶ
668 2268 902 2337 φέροντα
932 2265 1143 2331 θυσίαν,
1164 2264 1305 2318 κατὰ
1333 2266 1390 2317 τδ
1420 2266 1708 2337 εἰρημένον
1740 2269 1799 2319 ἐν

221 2357 377 2427 νόμῳ
403 2358 607 2428 Κυρίου
645 2374 661 2425 ;

299 2451 472 2503 Πάλιν
509 2451 537 2501 6
564 2451 755 2520 Σωτὴρ
787 2450 886 2521 τὴν
915 2449 1023 2504 τῶν
1070 2451 1381 2519 ὀμνυόντων
1430 2452 1800 2520 ἄπιστομίζων

223 2542 634 2613 ματαιολογίαν,
662 2544 880 2610 Μωροί,
902 2544 1057 2611 φησὶ,
1089 2542 1190 2596 καί
1225 2543 1462 2611 τυφλοί,
1484 2544 1578 2609 τίς
1594 2543 1804 2607 μείζων

220 2636 420 2700 ἐστίν,
455 2638 487 2688 ό
517 2639 750 2703 χρυσὸς
785 2635 822 2703 ἢ
860 2638 893 2688 ὀ
933 2638 1082 2700 ναὸς
1143 2638 1176 2689 ό
1205 2634 1456 2704 ἁγιάζων
1494 2638 1603 2689 τὸν
1652 2653 1800 2705 χρυ-

222 2730 345 2782 σόν
374 2742 393 2791 ;
430 2727 640 2780 Οὐκοῦν
670 2730 698 2780 6
760 2728 859 2796 τῆς
892 2727 1138 2790 Παλαιᾶς
1186 2728 1313 2789 ναὸς
1343 2728 1404 2781 οὐ
1456 2728 1620 2795 μόνον
1647 2728 1803 2795 ἅγιος

221 2818 314 2891 ἦν,
356 2820 490 2873 ἀλλὰ
536 2821 628 2872 καὶ
661 2818 911 2887 ἀγάζειν
973 2816 1121 2891 εἶχεν
1170 2819 1347 2889 ίσχύν.
1381 2818 1491 2872 Καὶ
1524 2819 1705 2884 πάλιν,
1743 2819 1806 2872 Τί

215 2912 444 2983 μεῖζον,
475 2914 542 2969 τὸ
565 2912 757 2981 δῶρον
792 2913 833 2982 ἢ
882 2914 948 2967 τὸ
978 2913 1416 2981 θυσιαστήριον
1465 2912 1533 2966 τὸ
1564 2912 1804 2982 ἁγιάζον

221 3006 290 3059 τὸ
326 3005 562 3074 ὄῶρον;
609 3005 798 3074 σαφῶς
828 3004 1112 3059 κάνταῦθα
1144 3005 1380 3071 δεικνὺς,
1407 3006 1487 3059 ὄτι
1518 3007 1578 3058 τὸ
1610 3006 1803 3060 θυσια·

1903 2174 2231 2242 ingressum,
2269 2193 2329 2231 ea
2355 2193 2475 2246 qua:
2507 2177 2679 2233 Moses
2705 2181 3145 2251 jussitpendere,
3185 2194 3239 2235 et.
3286 2182 3493 2237 sacriﬁ-
3566 2214 3571 2217 -

1902 2266 2067 2331 cium,
2093 2278 2152 2321 ut
2181 2269 2439 2345 scriptum
2465 2280 2549 2325 est
2577 2272 2627 2325 in
2654 2271 2768 2353 lege
2804 2270 3041 2338 Domini,
3074 2275 3276 2329 otferre
3310 2276 3333 2327 ?

1981 2438 2235 2494 Servator
2277 2458 2493 2496 rursum
2526 2459 2647 2498 cum
2682 2445 2984 2514 jurantium
3046 2449 3339 2504 stultitiam
3405 2467 3492 2506 reo

1908 2532 2270 2601 prebenderet
2303 2552 2315 2588 :
2352 2534 2540 2599 Stulti,
2567 2538 2757 2607 inquit,
2778 2551 2826 2592 et
2859 2542 3007 2605 cwci,
3030 2544 3157 2611 quid
3179 2556 3254 2596 est
3292 2547 3489 2614 majus,

1905 2637 2114 2687 aurum,
2180 2640 2249 2675 an
2318 2628 2588 2693 templum,
2635 2631 2775 2698 quod
2842 2635 3141 2701 sanctiﬁcat
3197 2653 3381 2688 aurum
3420 2641 3492 2693 Ῥ

1910 2711 2054 2781 Ergo
2111 2715 2323 2770 Veteris
2358 2717 2698 2774 Testamenti
2733 2725 2989 2791 templum
3019 2740 3122 2778 non
3175 2732 3334 2779 modo
3370 2740 3489 2781 erat

1905 2816 2173 2871 sanctum,
2196 2811 2287 2863 sed
2324 2812 2555 2865 habebat
2582 2817 2744 2868 etiam
2777 2816 3147 2871 sattclilicandi
3184 2822 3313 2877 vim.
3343 2820 3491 2874 Prac-

1909 2912 2053 2955 terea
2082 2921 2096 2956 :
2140 2904 2282 2969 Quid
2311 2905 2501 2973 majus,
2533 2908 2727 2977 inquit,
2764 2909 2959 2962 donum
3016 2926 3086 2964 an
3119 2912 3306 2969 altare.
3344 2916 3485 2981 quod

1906 2996 2200 3062 sanctiﬁcat
2269 3000 2465 3051 donum
2506 2997 2574 3053 ’ἲ
2637 2999 2800 3056 Plane
2860 3004 2949 3057 ltic
3004 3006 3168 3057 etiam
3225 3010 3485 3071 ostendit,

224 3098 446 3167 σεήριον
495 3096 651 3163 ἆτιόν
684 3113 744 3148 τε
767 3091 857 3166 ἦν,
899 3095 994 3148 καὶ
1030 3095 1113 3155 τὰν
1141 3095 1198 3148 ὲν
1229 3096 1379 3165 αὐτῷ
1432 3096 1803 3166 ἀνατιθέμενα

1918 3089 2085 3143 altare
2130 3088 2294 3145 fuisse
2322 3102 2592 3157 sanctum,
2616 3102 2669 3147 et
2694 3108 2813 3163 qua:
2844 3095 2895 3149 in
2953 3097 3071 3165 ipso
3099 3097 3487 3166 ollerebantur,

221 3188 358 3255 ἆγια
386 3186 589 3241 ἐποίει.
1430 3224 1435 3227 τ

290 3281 466 3351 Φησὶν
497 3283 523 3334 6
557 3280 772 3344 Παῦλος
827 3280 888 3334 τὸ
916 3281 1092 3350 στόμα
1121 3279 1218 3333 τοῦ
1264 3280 1527 3350 Χριστοῦ,
1564 3280 1649 3333 ὅτι
1683 3282 1807 3349 Οὐχ

219 3378 274 3427 ot
305 3373 594 3440 ἀκροαταί
652 3374 760 3427 τοῦ
807 3376 996 3443 νόμου
1049 3373 1269 3427 δίκαιοι
1312 3372 1477 3440 παρὰ
1525 3371 1607 3437 τῷ
1662 3372 1804 3440 Θεῷ,

221 3467 365 3521 ἀλλ’
398 3470 451 3521 οί
490 3466 728 3534 ποιηταί
752 3467 860 3521 τοῦ
890 3468 1080 3535 νόμου
1133 3466 1657 3531 δικαιωθήσονται.
1700 3464 1807 3519 Kal

226 3563 345 3626 πῶς
381 3562 480 3614 οὐκ
513 3561 659 3614 ἐστιν
687 3562 716 3613 6
741 3562 904 3631 νόμος
938 3564 1001 3615 ἐκ
1032 3560 1125 3613 τοῦ
1155 3562 1309 3622 δντος
1347 3559 1507 3625 Θεοῦ,
1537 3559 1595 3623 ὃς
1627 3558 1805 3613 δικαί-

224 3674 320 3718 ους
351 3657 645 3724 ἀποφαίνει
677 3656 803 3717 τοὺς
832 3654 1121 3715 ποιοῦντας
1152 3653 1357 3719 αὐτόνς

301 3750 425 3802 Ὀτι
452 3749 507 3800 δὲ
541 3750 568 3799 6
594 3747 822 3809 παλαιὸς
856 3747 1019 3815 νόμος
1046 3745 1187 3807 θεῖός
1218 3747 1356 3811 ἔστι,
1394 3744 1487 3797 καὶ
1513 3744 1606 3797 τοῦ
1642 3745 1808 3797 ἐπου-

228 3842 417 3913 ρανίου
450 3840 611 3900 Θεοῦ,
655 3837 753 3906 βοᾷ
786 3836 995 3897 Παῦλος
1025 3838 1053 3888 6
1083 3837 1181 3904 τῆς
1216 3834 1476 3905 ἀληθείας
1511 3834 1690 3904 κῆρυξ
1713 3834 1805 3887 λὲο

225 3950 361 4001 γων,
404 3933 463 3985 Τί
495 3925 608 3984 οὖν
636 3928 911 3997 ἐροῦμεν,
948 3930 982 3982 ό
1021 3928 1208 3996 νόμος
1247 3928 1544 3996 ἁμαρτίας
1577 3926 1673 3994 Μὴ
1706 3925 1803 3996 γέ-

221 4035 412 4073 νοιτο.
454 4018 755 4083 Καιπαλιν,
795 4012 939 4069 Οἶδα
1002 4015 1132 4085 τὰρ,
1193 4015 1280 4068 ὅτι
1327 4019 1360 4069 ό
1405 4016 1591 4083 νόμος
1621 4033 1805 4069 πνευ-

218 4113 470 4181 ματικός
501 4111 654 4174 ἐστι,
698 4110 795 4162 καὶ
815 4107 1157 4175 συνήδομαι
1200 4105 1282 4170 τῷ
1332 4107 1493 4175 νόμῳ
1520 4106 1625 4161 τοῦ
1653 4106 1805 4161 Θεοῦ

225 4208 377 4258 κατά
411 4208 520 4257 τὸν
562 4204 683 4255 ἔσω
707 4203 1044 4269 ἄνθρωπον.
1078 4201 1188 4253 Καὶ
1233 4199 1415 4265 πάλιν,
1454 4202 1593 4268 'Apa
1622 4201 1805 4265 αὐτὸς

222 4298 339 4368 ἐγὼ
368 4297 446 4363 τῷ
458 4297 574 4365 μὲν
598 4295 694 4349 νοτ
716 4295 1026 4349 δουλεύων
1055 4293 1218 4361 νόμῳ
1237 4291 1407 4354 Θεοῦ,
1445 4290 1515 4359 τῇ
1530 4291 1597 4343 δὲ
1621 4292 1803 4359 σαρκὶ

224 4395 387 4460 νόμῳ
437 4390 745 4460 ἁμαρτίας,
786 4389 881 4441 καὶ
911 4388 979 4440 τὰ
1014 4385 1161 4454 ἑξῆς.
1198 4385 1377 4438 Ὥστε
1406 4386 1440 4438 ό
1470 4384 1587 4453 μὲν
1618 4387 1802 4454 νόμος

224 4485 415 4550 ἅγιος,
446 4484 598 4553 φησὶ,
631 4482 727 4533 καὶ
760 4482 798 4549 ἠ
835 4476 1055 4546 ἐντολὴ
1079 4477 1236 4546 ἁγία,
1284 4476 1382 4531 καί
1420 4476 1645 4542 δικαία,
1700 4478 1798 4530 καὶ

224 4576 441 4646 ἀγαθή.
480 4574 589 4627 Καὶ
617 4573 795 4643 δῆλον,
830 4572 905 4635 ὡς
940 4571 1041 4623 οὐκ
1086 4570 1225 4639 ἄλλη
1258 4570 1357 4639 μὲν
1400 4571 1434 4640 η
1467 4570 1621 4637 ἁγία,
1667 4570 1800 4641 ἄλλη

224 4670 280 4722 δὲ
314 4671 343 4737 ἡ
374 4667 578 4731 δικαία,
612 4665 746 4735 ἄλλη
782 4665 840 4716 δὲ
870 4665 903 4733 η
933 4662 1138 4732 ἀγαθὴ,
1170 4661 1286 4715 ἀλλ’
1335 4664 1369 4731 ἡ
1404 4661 1542 4733 αὑτὴ
1586 4661 1683 4714 τοῦ
1714 4662 1803 4714 νό-

231 4779 337 4831 μου
376 4759 585 4827 ὲντολὴ,
610 4758 707 4811 καὶ
735 4757 832 4811 τοῦ
864 4755 1027 4809 αὐτοῦ
1061 4755 1225 4820 Θεοῦ,
1264 4756 1358 4808 καὶ
1390 4755 1569 4823 ἁγίου,
1598 4755 1694 4808 καὶ
1732 4755 1810 4807 δι·

227 4853 412 4915 καίου,
465 4850 561 4905 καὶ
594 4849 828 4918 ἀγαθοῦ.
873 4849 966 4913 Ἐξ
993 4841 1055 4900 οὗ
1084 4848 1194 4917 γὰρ
1227 4848 1384 4917 βρύει
1419 4848 1478 4900 τὺ
1504 4848 1681 4915 ἅγιον,
1716 4848 1811 4901 καὶ

222 4946 459 5010 δίκαιον,
481 4945 576 4996 καὶ
592 4942 817 5010 ἀγαθὸν,
844 4940 1081 5011 χορηγὸς
1119 4939 1221 5007 μέν
1251 4940 1368 4991 ἐστι
1394 4936 1601 4991 τούτων
1627 4937 1813 5003 αὐτὸς,

228 5042 326 5094 καὶ
346 5038 531 5109 δοτὴρ,
552 5037 694 5090 κατὰ
708 5036 769 5088 τὸ
786 5035 958 5087 αίτιον
973 5033 1031 5086 δὲ
1049 5033 1155 5103 πρὸ
1171 5032 1410 5096 πάντων,
1428 5026 1504 5084 ὧν
1530 5031 1709 5094 ἄλλοις
1732 5048 1827 5099 με·

227 5136 453 5201 τασχεῑν
478 5132 772 5201 παρέσχεν,
792 5128 955 5189 αὐτὸς
979 5126 1215 5197 ὑπάρχει
1234 5123 1408 5177 ταῦτα
1425 5123 1485 5175 οῦ
1512 5122 1816 5192 μετασχών.

301 5226 429 5287 Πῶς
476 5223 542 5276 ἂν
575 5222 727 5289 ἅγια,
757 5223 851 5273 καὶ
896 5220 1071 5287 ἁγίων
1129 5218 1300 5285 Ἀγια
1324 5216 1393 5270 τὰ
1430 5216 1529 5285 τῆς
1580 5214 1817 5279 Παλαιᾶς

223 5322 525 5388 Διαθὴκης,
562 5319 610 5368 εί
636 5316 879 5384 πονηρᾶς
928 5311 1256 5382 νομοθεσίας
1284 5306 1352 5383 ἦν
1385 5326 1401 5377 ;
1436 5310 1603 5378 Λέγει
1638 5308 1746 5379 γὰρ
1774 5311 1803 5361 6

224 5416 387 5477 αὐτὸς
436 5410 780 5471 Ἀπόστολος.
812 5404 1052 5474 Εἷχενή
1079 5405 1281 5473 πρώτη
1315 5405 1519 5472 σκηνὴ
1558 5402 1797 5456 δικαιώ-

222 5524 379 5578 ματα
410 5504 711 5569 λατρείας,
736 5501 803 5552 τό
817 5516 879 5552 τε
908 5498 1079 5569 ἅγιον
1109 5498 1419 5567 κοσμικόν.
1446 5496 1559 5552 Kal
1590 5494 1795 5564 σκηνὴ

339 5688 352 5716 ι
408 5684 559 5735 υσιιιι.
618 5697 689 5744 \‘I,
774 5685 826 5739 4,
937 5686 956 5713 ²
1013 5682 1198 5737 Matth.
1262 5699 1413 5746 mu,
1486 5682 1569 5735 ΓΙ.

207 5758 244 5830 ,ν
280 5757 416 5811 ibid.
454 5769 581 5809 ων.
658 5758 677 5785 ιι
714 5752 847 5808 ibid.
886 5754 967 5807 ιε.

1686 5680 1707 5711 ³
1752 5678 1886 5734 Ibid.
1943 5678 2029 5734 19.

1837 3166 1879 3222 (ἶ
1912 3181 2305 3237 sanetilicasse.

1986 3270 2060 3324 Os
2119 3270 2320 3325 Christi
2355 3270 2552 3328 Paulus
2586 3290 2601 3328 :
2640 3273 2763 3329 Non
2783 3278 3076 3347 auditores,
3106 3280 3303 3350 inquit,
3362 3283 3490 3353 legis

1908 3359 2048 3428 justi
2084 3371 2205 3415 sunt
2234 3366 2375 3432 apud
2405 3364 2593 3430 Deum,
2647 3370 2737 3422 sed
2768 3371 2992 3440 factores
3031 3374 3484 3442 justi/icubuutur.

1909 3452 2191 3518 Quomodo
2213 3456 2372 3523 igitur
2411 3456 2497 3511 lex
2526 3474 2555 3511 a
2580 3474 2707 3515 vero
2742 3462 2848 3517 Deo
2883 3480 2990 3517 non
3031 3466 3125 3530 sit,
3161 3483 3281 3535 qua:
3344 3469 3487 3534 illos,

1908 3542 2000 3612 qui
2032 3542 2136 3597 sibi
2168 3543 2567 3615 obtemperant,
2610 3550 2791 3619 justus
2850 3556 3135 3610 declarat?

1977 3725 2274 3795 Antiquam
2308 3728 2482 3799 legem
2512 3745 2631 3785 esse
2651 3732 2911 3799 divinam,
2944 3744 2997 3787 et
3021 3748 3049 3786 a
3109 3734 3313 3790 caelein
3378 3737 3487 3791 Deo

1908 3818 2073 3871 latam
2098 3820 2343 3874 veritatis
2373 3836 2547 3890 praeco
2569 3821 2767 3876 Paulus
2796 3826 2938 3877 clara
2969 3841 3099 3878 voce
3120 3830 3436 3895 pronuntiat
3468 3850 3483 3887 :

1915 3908 2056 3975 Quid
2090 3912 2274 3981 igitur,
2306 3913 2581 3982 inquiens,
2646 3916 2876 3968 dicemus
2927 3918 2952 3971 ἲ
2998 3916 3105 3971 Lex
3160 3923 3491 3987 peccatum?

1909 4001 2059 4054 Absit
2090 4001 2138 4055 ⁸.
2192 4003 2259 4056 Ει
2321 4020 2538 4058 rursum
2584 4022 2599 4058 :
2663 4004 2839 4069 Novi,
2897 4016 3033 4077 quod
3085 4009 3168 4061 lex
3230 4012 3488 4077 spiritalis

1905 4105 1980 4146 est
2014 4093 2055 4146 '.
2101 4095 2164 4149 Et
2200 4113 2215 4150 :
2247 4095 2529 4151 Consentio
2585 4097 2685 4168 legi
2724 4097 2817 4152 Dei
2856 4106 3142 4155 secundum
3183 4105 3489 4161 interiorem

1912 4187 2193 4242 hominem.
2227 4190 2293 4243 Et
2356 4206 2569 4245 rursum
2610 4191 2767 4262 :Ego
2828 4196 3037 4262 quidem
3105 4210 3273 4253 mente
3321 4205 3488 4255 servio

1878 4328 1879 4331 η
1907 4276 2007 4345 legi
2042 4278 2159 4342 Dei,
2208 4297 2365 4335 carne
2395 4294 2570 4337 autem
2601 4285 2700 4355 legi
2756 4291 2979 4355 peccati,
3009 4303 3061 4342 et
3091 4308 3211 4359 qua:
3250 4309 3488 4362 sequun-

1909 4378 1996 4423 tur
2014 4372 2056 4425 ⁸.
2091 4373 2265 4436 Quare
2310 4375 2393 4429 lex
2415 4379 2647 4445 quidem,
2673 4381 2869 4447 inquit,
2891 4395 3095 4444 sancta,
3114 4399 3158 4438 et
3180 4392 3489 4442 munt/alunt

1906 4478 2168 4531 sanctum,
2195 4477 2243 4521 et
2284 4471 2510 4538 justum,
2555 4483 2603 4525 et
2651 4477 2838 4528 bonum
2872 4478 2910 4529 ⁷.
2939 4476 3047 4530 Nec
3094 4479 3237 4532 aliud
3270 4485 3489 4549 quidem
3524 4512 3531 4517 ο

1906 4566 2177 4622 sanctum,
2202 4562 2345 4614 aliud
2372 4564 2603 4633 justum,
2640 4566 2783 4619 aliud
2818 4570 3015 4621 bonum
3040 4610 3054 4634 ,
3090 4570 3182 4623 sed
3242 4571 3382 4625 idem
3417 4578 3494 4629 le-

1906 4647 1990 4714 gis
2019 4653 2354 4719 mandatum,
2389 4666 2441 4709 ct
2465 4656 2711 4725 ejusdem
2755 4658 2875 4722 Dei,
2905 4672 2957 4713 et
2997 4663 3191 4725 sancti,
3222 4673 3275 4715 et
3330 4666 3487 4734 thsii,

1904 4749 1959 4792 et
1996 4741 2142 4797 boni.
2174 4744 2248 4798 Ex
2282 4763 2387 4817 quo
2435 4752 2577 4805 enim
2618 4754 2879 4806 sanctitas
2912 4752 3050 4818 ﬂuit,
3086 4766 3141 4807 et
3170 4756 3405 4829 justitia.
3438 4772 3493 4815 et

1906 4831 2145 4903 bonitas,
2191 4838 2382 4894 harum
2445 4856 2530 4897 est
2590 4844 2704 4911 ipse
2752 4846 3034 4914 elargitor.
3094 4847 3225 4902 Cum
3281 4864 3489 4918 autem,

1916 4933 1972 4978 ιιι
2000 4942 2185 4996 causa,
2214 4944 2341 4989 autc
2366 4937 2546 4989 omnia
2611 4938 2701 5001 sit,
2728 4938 2840 4992 haec
2908 4939 3028 4994 aliis
3076 4940 3338 5009 impertit,
3386 4962 3489 4999 nun

1923 5039 2103 5082 autem
2130 5030 2241 5098 ipse
2267 5030 2535 5099 particeps
2568 5033 2645 5083 tit.

1992 5208 2271 5275 Quomodo
2293 5219 2479 5264 sancta
2515 5221 2637 5265 sunt
2687 5221 2741 5264 et
2785 5211 2983 5265 Sancta
3008 5224 3322 5268 sanctorum
3390 5214 3493 5267 Ve-

1920 5302 2050 5356 teris
2082 5299 2446 5363 Testamenti,
2493 5301 2594 5354 sia
2639 5302 2783 5355 malo
2813 5315 2936 5356 sunt
2960 5304 2983 5355 ἲ
3010 5304 3146 5358 Dicit
3176 5306 3318 5359 enim
3376 5307 3493 5375 ipse

1906 5393 2203 5461 Apostolus
2239 5411 2252 5447 :
2282 5392 2520 5447 Habebat
2552 5395 2783 5460 primum
2838 5397 3239 5449 tabernaculum
3294 5398 3495 5466 justiﬁ-

1905 5491 2137 5544 catioues
2164 5492 2409 5554 cultum,
2433 5499 2478 5540 et
2496 5496 2736 5540 sanctum
2773 5487 3059 5539 steccttlare
3098 5488 3163 5540 Et
3189 5490 3497 5543 tabernacu-

2719 5672 2739 5703 '
2772 5670 2904 5728 lbid.
2948 5671 3035 5726 ll.

2142 5678 2347 5732 ‘Bom.
2396 5690 2491 5737 vn,
2550 5674 2603 5727 7.
2719 5672 2739 5703 '
2772 5670 2904 5728 lbid.
2948 5671 3035 5726 ll.
3153 5674 3172 5705 ⁸
3204 5670 3336 5727 Ibid.
3402 5672 3487 5728 l6.
