3960 6572
202 396 344 461 1233
1176 405 1545 466 PANOPLIA
1585 408 2037 470 DOGMATICA.
2070 435 2139 445 -
2172 409 2319 468 Tl'l‘.
2357 408 2562 472 XXIV.
3320 402 3455 465 1234

199 510 383 564 ταῦτα
424 511 729 581 πανδήμοις
764 513 1008 584 ὄμμασιν
1043 514 1257 584 ἑωρᾶτο
1287 515 1627 584 τελούμενας
1662 516 1786 580 Πῶς

1914 517 2137 570 :erdotes
2171 516 2357 577 mittit,
2390 510 2585 584 juliens
2641 523 2697 569 ut
2745 519 2874 565 eant
2948 519 3005 565 et
3052 509 3341 564 ostendant
3396 526 3457 565 se

199 602 257 654 δὲ
307 601 335 653 6
380 603 574 674 Σωτὴρ
610 604 768 673 ἡμῶν
813 605 941 667 τοὺς
983 604 1219 675 λεπροὺς
1257 607 1467 677 ῥήματι
1506 607 1784 678 καθαίρων

1917 608 2020 671 llis,
2045 608 2186 661 sicut
2218 606 2303 660 lex
2328 606 2593 674 praecipit,
2630 614 2682 657 et
2721 602 2863 671 quod
2915 600 3132 671 gravius
3168 607 3270 663 est,
3325 599 3459 655 οσο-

211 693 349 763 τιρὸς
377 695 501 758 τοὺς
536 696 594 747 ἐν
633 696 782 765 νόμῳ
809 698 975 768 ἱερεῖς
1002 696 1225 763 τούτους
1250 699 1572 763 ἀπέστελλε,
1617 717 1783 766 προσο

1914 710 2021 755 ὀιιι
2049 715 2265 765 munus,
2297 710 2356 752 ut
2384 698 2561 754 Moses
2587 698 2818 752 instituit
2842 696 2866 749 ?

196 792 411 843 τάττων
448 791 698 855 ἀπιέναι,
734 792 828 845 καὶ
868 792 1232 848 ἐπιδεικνύναι
1263 795 1474 860 τούτοις
1507 797 1769 860 ἑαυτοὺς,
1827 795 1903 858 ὡς
1934 798 1961 850 6
1995 798 2159 869 νόμος
2215 796 2435 849 ἐκέλευε
2464 834 2480 860 ,
2536 793 2632 848 καὶ
2660 793 2720 846 τὸ
2754 794 3130 866 ἰσχυρότερον,
3167 809 3466 865 προσενεγ-

204 886 323 937 κεῖν
354 885 413 935 τὸ
441 881 638 952 δῶρον,
663 883 736 947 ὡς
767 885 794 936 6
827 883 1025 955 Μωσῆς
1054 886 1337 952 διετάξατο
1361 904 1377 954 ;

290 972 351 1023 '0
395 971 681 1034 θεσπέσιος
726 973 938 1034 Παῦλος
972 975 1071 1038 τὰς
1111 976 1460 1045 προφητικὰς
1493 975 1783 1046 διαγορεύ-

1955 973 2119 1029 Divus
2150 973 2347 1028 l’aulus
2385 974 2729 1043 propheticas
2763 973 3140 1042 praedictiones
3198 974 3251 1029 in
3309 977 3467 1032 testi-

202 1082 322 1125 σεις
351 1066 431 1128 εἰς
465 1065 772 1137 μαρτυρίαν
797 1066 1147 1137 ἐκτιθέμενος
1171 1086 1361 1138 φησιν,
1402 1068 1551 1123 Ἰδοὺ
1570 1070 1784 1137 ἡμέραι

1914 1066 2122 1119 aonium
2154 1063 2425 1117 adducens
2463 1077 2476 1115 :
2547 1061 2700 1127 Ecce,
2751 1063 2948 1130 inquit,
2993 1065 3206 1117 veniunt
3248 1065 3379 1128 dies.
3417 1075 3466 1120 et

199 1156 505 1224 ἔρχονται,
541 1157 705 1226 λέγει
743 1158 977 1225 Κύριος,
1016 1158 1114 1212 καὶ
1150 1161 1503 1214 συντελέσω
1544 1161 1643 1213 ἐπὶ
1681 1160 1785 1214 τὸν

1914 1153 2252 1208 ousummabo
2279 1169 2434 1221 super
2464 1153 2681 1207 domum
2713 1153 2904 1217 Israel,
2927 1164 2976 1208 et
3019 1172 3176 1225 super
3246 1158 3461 1212 domum

200 1246 374 1302 οἷκον
412 1249 651 1316 Ἰσραὴλ
675 1251 768 1301 καὶ
804 1252 904 1304 ἐπὶ
929 1251 1034 1304 τὸν
1054 1248 1222 1305 οἷκον
1271 1255 1457 1307 Ἰούδα
1487 1254 1781 1320 Διαθήκην

1914 1245 2073 1299 )αυὶιι’
2100 1245 2684 1313 ιεειοηιεηιιηκζιιουυηι
2720 1260 2822 1298 non
2840 1243 3000 1312 juxta
3056 1256 3423 1303 testamentum
3452 1291 3466 1314 ,

202 1337 445 1405 καινὴν,
480 1341 550 1392 οὺ
579 1341 728 1393 κατὰ
762 1340 876 1407 τὴν
904 1342 1224 1409 Διαθήκην,
1264 1341 1342 1410 ἣν
1377 1344 1633 1410 ἐποίησα
1664 1344 1787 1409 τοῖς

1914 1341 2019 1390 uad
2063 1336 2160 1396 feci
2190 1338 2425 1401 patribus
2450 1352 2627 1390 eorum
2655 1338 2707 1389 in
2729 1336 2967 1397 die.cum
2999 1340 3317 1406 apprehendi
3351 1357 3467 1394 ma-

202 1434 507 1497 πατράσιι·
526 1432 725 1486 αὐτῶν
746 1435 815 1486 ἐν
846 1436 1036 1503 ἡμέρᾳ
1070 1437 1506 1507 ἐπιλαϐομένου
1526 1457 1645 1508 μου
1677 1439 1787 1507 τῆς

1914 1444 2009 1477 Iunt
2034 1427 2295 1494 ipsorum,
2329 1437 2375 1479 et
2405 1426 2563 1479 eduxi
2615 1442 2697 1480 eos
2737 1441 2800 1478 ea:
2830 1424 3027 1496 At‘gyto
3058 1428 3098 1482 ¹.
3154 1427 3304 1493 Quod
3347 1429 3468 1497 Ieci,

204 1524 405 1591 χειρὸς
428 1523 625 1578 αὐτῶν
650 1525 965 1594 ἐξαγαγεῖν
992 1530 1217 1594 αὐτοὺς
1248 1529 1315 1593 ἐξ
1336 1530 1661 1598 Αἰγύπτου.
1688 1531 1790 1584 Ἦν

1914 1520 2085 1583 nquit,
2128 1532 2227 1586 ego
2267 1518 2548 1578 nimirum.
2597 1533 2700 1570 non
2732 1526 2911 1573 autem
2943 1518 3137 1584 malus,
3177 1528 3234 1572 ut
3277 1532 3344 1573 tu.
3385 1521 3472 1573 di-

204 1616 466 1685 ἐποίησα,
506 1619 692 1686 φησὶν,
726 1617 841 1671 ἀλλ’
872 1620 971 1688 οὐχ
1014 1619 1321 1690 ὁπονηρὸς,
1355 1621 1428 1683 ὡς
1474 1623 1538 1674 σὺ
1588 1622 1791 1692 λέγεις.

1914 1609 1989 1662 :is.
2021 1609 2262 1664 Deinde:
2293 1611 2403 1678 Ipsi
2426 1628 2531 1664 non
2563 1622 2867 1665 manserunt
2900 1613 2953 1665 in
2980 1622 3289 1665 testamento
3335 1629 3474 1679 meo,

208 1709 366 1777 Εἶτα,
411 1712 588 1766 Αὐτοὶ
619 1716 731 1766 οὐκ
762 1713 1076 1781 ἐνέμειναν
1121 1716 1192 1769 ἐν
1230 1716 1301 1784 τῇ
1353 1718 1619 1787 Διαθήκῃ
1649 1737 1790 1787 μου,

1914 1709 1938 1749 τι
1969 1716 2060 1769 ego
2088 1701 2289 1770 neglexi
2319 1716 2427 1760 eos.
2449 1700 2583 1767 Quis
2616 1703 2700 1756 hic
2721 1702 2996 1771 loquitur?
3050 1702 3337 1768 Dominus,
3404 1720 3472 1758 an

207 1803 375 1870 κάγὼ
417 1803 698 1873 ἠμέλησα
736 1805 955 1859 αὐτῶν.
1003 1808 1096 1870 Τίς
1145 1810 1172 1859 6
1210 1808 1415 1877 λέγωνς
1474 1809 1532 1863 '0
1585 1811 1790 1879 Κύριός

1914 1794 2112 1849 'ualns?
2141 1794 2396 1850 Dominus
2423 1796 2626 1863 utique.
2649 1794 2811 1849 Addit
2841 1796 2982 1849 enim
3016 1813 3030 1849 :
3056 1795 3167 1849 Hoc
3195 1804 3477 1850 testamen-

209 1914 402 1964 φησιν,
458 1898 573 1952 ἁλλ’
625 1900 722 1969 οὐχ
767 1902 796 1952 6
845 1903 1102 1971 πονηρός.
1164 1902 1393 1971 Ἐπάγει
1449 1905 1581 1973 γὰρ,
1625 1906 1787 1973 Αὕτη

1914 1886 2171 1954 ‘um,quod
2193 1901 2385 1953 ponam
2414 1886 2592 1939 domui
2632 1884 2850 1939 Israelis
2882 1895 2992 1954 post
3014 1887 3124 1939 dies
3155 1885 3271 1940 illos
3293 1926 3308 1949 ,
3348 1885 3477 1938 dicit

207 1988 248 2051 ἡ
278 1986 541 2053 Διιιθήκη
576 1987 653 2055 ἣν
676 1989 1039 2059 διαθήσομαι
1068 1992 1147 2058 τῷ
1182 1994 1326 2059 οἴκῳ
1370 1996 1619 2063 Ἰσραὴλ
1639 1999 1790 2066 μετὰ

1914 1976 2179 2032 Dominus.
2236 1976 2444 2031 Ponant
2469 1994 2584 2048 ego,
2609 1990 2654 2031 et
2685 1995 2789 2032 non
2812 1978 2979 2047 potius.
3014 1977 3216 2030 Ponant
3238 1993 3329 2045 ego
3382 1993 3477 2031 no-

208 2077 316 2141 τὰς
368 2079 588 2146 ἡμέρας
638 2081 893 2147 ἐκείνας,
941 2086 1103 2152 λέγει
1155 2086 1390 2155 Κύριος.
1423 2090 1729 2158 Διαθήσομ
1748 2107 1792 2143 ιι

1914 2068 2312 2136 :um,quiposui
2339 2078 2384 2121 et
2420 2074 2560 2121 vetus
2612 2071 2656 2122 ⁸.
2690 2069 2870 2127 Vides.
2901 2066 3175 2136 quomodo
3211 2082 3369 2135 supra
3422 2076 3478 2119 et

207 2166 348 2234 ἐγὼ,
390 2172 500 2223 οὐκ
527 2170 736 2237 ἄλλος.
772 2177 1134 2243 Διαθήσομαι
1161 2177 1277 2245 ἐγὼ
1308 2180 1421 2246 τὴν
1443 2181 1693 2248 Καινὴν,
1726 2183 1794 2248 ὃς

211 2259 496 2329 διεθέμην
546 2266 640 2317 καὶ
680 2266 793 2329 τὴν
833 2271 1125 2322 Παλαιὰν.
1179 2271 1339 2340 Ὁρᾷς
1380 2272 1494 2333 πῶς
1542 2272 1654 2325 ἄνω
1701 2276 1794 2326 καὶ

214 2355 376 2423 κάτω
404 2356 496 2407 τὸν
529 2358 689 2410 αὑτὸν
720 2360 814 2411 καὶ
843 2359 944 2430 τῆς
976 2361 1233 2423 παλαιᾶς,
1268 2363 1361 2416 καὶ
1390 2367 1490 2435 τῆς
1520 2368 1643 2427 νέας
1672 2371 1797 2419 Δια-

211 2435 391 2514 θήκης
426 2448 726 2518 νομοθέτην
761 2451 789 2503 6
829 2452 1041 2517 Παῦλος
1072 2455 1347 2524 ἀνυμνεῖ;

290 2536 442 2603 Μηδὲ
474 2537 573 2609 τὴν
604 2540 802 2594 ἄθυτον
836 2544 931 2596 καὶ
962 2544 1280 2615 θαυμασίαν
1322 2548 1573 2620 Ἀϐραὰμ
1604 2551 1797 2606 θυσίαν

215 2626 626 2703 παραδράμῃς,
663 2632 803 2685 Θεοῦ
844 2635 943 2704 μὲν
990 2637 1395 2706 ὲκζητήσαντος
1427 2641 1667 2711 ταῦτην.
1701 2645 1796 2697 καὶ

214 2718 318 2788 τὴν
343 2720 572 2790 γνώμην
590 2724 1020 2795 ἀποδεξαμένου.
1043 2728 1138 2782 τοῦ
1158 2729 1215 2783 δὲ
1236 2708 1532 2801 προθὺμοῖς
1557 2708 1799 2788 πεισθέν-

216 2824 335 2871 τος,
373 2810 466 2862 καὶ
494 2811 555 2863 οὐ
586 2815 901 2879 πεισθέντος
938 2818 1102 2886 μόνον
1125 2859 1138 2881 ,
1179 2821 1317 2873 ἀλλὰ
1348 2822 1439 2875 καὶ
1470 2824 1798 2877 πιστεύσαν-

220 2915 339 2963 τος,
374 2902 455 2967 ὃτι
486 2903 712 2967 δυνατός
755 2906 901 2959 ἐστιν
927 2908 955 2960 6
985 2910 1116 2973 Θεὸς
1162 2913 1253 2964 καὶ
1288 2914 1515 2981 νεκροὺς
1565 2916 1795 2986 ἐγεῖραι.

222 2990 325 3043 Διά
351 2991 510 3046 τοῦτο
532 2994 807 3063 λογίζεται
834 2999 984 3069 αὑτῷ
1006 3002 1085 3063 εἰς
1107 3000 1475 3073 δικαιοσύνην.
1506 3004 1580 3058 Τὸ
1608 3023 1801 3079 πατρι-

222 3085 320 3136 κὸν
350 3085 405 3138 δὲ
437 3086 656 3156 ἀξίωμα
703 3090 764 3142 οῦ
794 3091 936 3144 κατὰ
961 3093 1063 3161 τῆς
1082 3094 1202 3146 τότε
1242 3095 1399 3161 μόνον
1422 3099 1638 3164 γενεᾶς,
1665 3099 1801 3153 ἀλλὰ

1901 2156 2041 2212 intra
2068 2156 2318 2212 eumdem
2368 2167 2481 2212 tum
2526 2156 2761 2224 Veteris,
2824 2168 2935 2212 tum
2978 2157 3114 2211 Novi
3170 2156 3477 2211 testamenti

1903 2249 2099 2341 Paulus
2122 2258 2398 2304 auctorem
2428 2249 2698 2305 celebret?

1976 2539 2161 2608 Neque
2193 2554 2320 2594 vero
2347 2540 2719 2596 admirabilem
2752 2540 2987 2596 Alit-alia:
3050 2542 3326 2596 victimam
3371 2556 3475 2597 non

1906 2630 2238 2686 immolatam
2267 2630 2483 2686 silentio
2536 2632 2884 2699 praeterieris.
2933 2629 3082 2686 Hanc
3133 2630 3275 2707 enim
3338 2631 3497 2687 Deus.

1907 2721 2218 2789 postulavit,
2245 2732 2299 2776 et
2331 2723 2567 2775 animam
2600 2721 2878 2778 oderentis
2906 2712 3225 2791 complexus
3257 2731 3356 2775 est.
3387 2721 3477 2777 ille

1906 2824 2082 2871 autem
2133 2831 2237 2870 non
2308 2817 2480 2870 solum
2548 2817 2746 2887 paruit,
2798 2830 2981 2870 verum
3016 2817 3179 2870 etiam
3225 2816 3475 2878 credidit,

1907 2906 2071 2960 Deum
2129 2906 2291 2961 etiam
2352 2920 2509 2976 posse
2564 2916 2804 2961 mortuos
2851 2905 2902 2959 in
2964 2905 3129 2959 vitam
3201 2920 3491 2963 revocare-

1906 2998 2112 3052 Idcirco
2144 3005 2450 3067 reputatum
2484 3006 2564 3052 est
2597 2997 2669 3051 illi
2734 2998 2801 3053 ad
2853 2998 3142 3066 justitiam,
3204 3000 3478 3066 patrisque

1909 3104 2105 3144 nomen
2129 3090 2355 3160 accepit,
2398 3105 2502 3144 non
2531 3090 2674 3147 illius
2712 3099 2920 3145 tantum
2952 3091 3342 3161 generationis,
3378 3093 3471 3147 sed

222 3176 323 3229 καὶ
345 3178 455 3230 τῶν
482 3180 619 3248 μετὰ
643 3179 815 3235 ταῦτα
838 3181 1129 3252 λαμϐάνει,
1155 3185 1337 3250 καθὼς
1357 3186 1689 3258 γέγραπται,
1722 3192 1803 3245 ὅτι

1914 3178 2133 3231 aliarum
2166 3179 2349 3244 etiam,
2378 3193 2498 3246 qua:
2522 3186 2650 3231 sunt
2674 3188 3000 3244 consecutae,
3038 3176 3178 3231 sicut
3216 3180 3500 3245 scriptum

224 3268 461 3336 Πατέρα
488 3271 734 3325 πολλῶν
770 3272 961 3326 ἐθνῶν
1013 3276 1243 3329 τέθεικά
1281 3295 1375 3341 σε,
1412 3281 1698 3335 κατέναντι
1745 3276 1805 3336 οὗ

226 3360 519 3415 ἐπίστευσε
549 3364 705 3417 θεοῦ.
746 3366 851 3418 Καὶ
919 3366 1159 3436 πρόσχες
1207 3369 1450 3438 ἀκριϐῶς
1487 3372 1633 3435 τίνος
1662 3373 1807 3441 λέγει

227 3449 391 3505 Θεοῦ.
435 3452 661 3521 Ἐπάγει
692 3456 801 3527 γὰρ
824 3456 1094 3510 διδάσκων
1116 3462 1142 3512 ὁ
1169 3459 1401 3523 Παῦλος,
1429 3462 1509 3513 ὅτι
1539 3463 1642 3517 τοῦ
1673 3462 1805 3524 ζωο-

230 3541 562 3610 ποιοῦντος
625 3548 767 3612 τοὺς
821 3548 1112 3615 νεκροὺς,
1179 3553 1278 3603 καὶ
1344 3554 1681 3618 καλοῦντος
1740 3556 1808 3609 τὰ

222 3634 313 3700 μὴ
346 3634 491 3688 ὄντα
520 3636 598 3700 ὡς
626 3636 792 3692 ὄντα.
827 3639 938 3691 Καὶ
970 3638 1156 3706 πάλιν,
1193 3642 1296 3705 Εἰς
1324 3641 1390 3695 δὲ
1422 3643 1534 3713 τὴν
1561 3645 1808 3715 ἐπαγγε-

228 3726 376 3779 λίαν
398 3727 504 3781 τοῦ
533 3730 681 3783 Θεοῦ
699 3732 768 3784 οὐ
787 3732 1054 3799 διεκρίθη
1081 3732 1150 3801 τῇ
1174 3734 1585 3802 ἁπιστίςι,ἀλλ’
1607 3738 1809 3793 ἐνεδυ-

230 3817 473 3885 ναμώθη
507 3818 582 3887 τῇ
607 3822 826 3889 πίστει,
857 3821 1004 3889 δοὺς
1033 3822 1224 3888 δόξαν
1255 3824 1336 3889 τῷ
1365 3826 1504 3892 Θεῷ.
1533 3828 1697 3900 Ὁρᾷς
1726 3832 1806 3895 τίς

227 3901 299 3975 ἦν
329 3909 357 3960 6
387 3909 444 3961 ἐν
480 3910 630 3981 νόμῳ
664 3912 758 3966 καὶ
782 3917 1093 3983 προφήταις
1117 3917 1381 3988 λαλήσας,
1412 3920 1493 3971 ὅτι
1523 3921 1623 3973 οὐκ
1652 3922 1810 3985 ἄλλος

231 4000 386 4070 παρὰ
418 4002 509 4055 τὸν
539 4005 913 4075 χαρισάμενον
950 4010 1083 4079 ἡμῖν
1111 4009 1212 4079 τὴν
1243 4004 1444 4080 χάριν,
1479 4012 1595 4065 ἀλλ’
1620 4014 1805 4079 αὑτός.

228 4092 462 4162 Ἐπάγει
482 4096 611 4165 γὰρ,
638 4099 759 4151 Οὐκ
780 4099 1006 4170 ἐγράφη
1025 4100 1093 4155 δὲ
1110 4102 1186 4155 δι’
1203 4104 1393 4157 αὑτὸν
1408 4107 1620 4173 μόνον,
1650 4108 1810 4163 ἀλλὰ

230 4184 330 4237 καὶ
352 4184 425 4238 δι’
452 4185 629 4255 ἡμᾶς,
651 4184 740 4255 οἷς
755 4187 967 4259 μέλλει
995 4190 1331 4260 λογίζεσθαι
1353 4194 1477 4259 τοῖς
1494 4201 1811 4253 πιστεύου-

231 4291 339 4329 σιν
386 4277 486 4331 ἐπὶ
523 4279 630 4332 τὸν
675 4282 894 4348 Κύριον
936 4282 1106 4352 ἡμῶν
1159 4285 1395 4351 Ἰησοῦν
1432 4289 1691 4355 Χριστὸν
1739 4291 1808 4344 ἐκ

234 4370 487 4436 ιηἐκρῶιν.
533 4372 745 4425 Οὐκοῦν
783 4364 827 4428 δ
860 4376 1077 4447 Πατέρα
1121 4377 1331 4431 πολλῶν
1367 4378 1536 4433 ἐθνῶν
1583 4381 1807 4451 θέμενος

232 4462 326 4513 τὸν
365 4462 636 4533 Ἀϐραὰμ,
669 4468 697 4516 6
725 4466 812 4518 τὸν
842 4466 1004 4536 ὅρκον
1039 4468 1292 4538 ὑποσχὼν
1323 4471 1494 4541 αὐτῷ,
1531 4474 1559 4525 6
1592 4476 1650 4527 ὲν
1684 4478 1806 4540 ταῖς

1910 3278 1993 3321 est
2027 3285 2040 3321 :
2068 3267 2206 3333 Quia
2236 3270 2433 3336 pairem
2461 3270 2748 3322 multarum
2780 3268 3009 3338 gentium
3032 3270 3186 3338 posui
3222 3281 3270 3323 te
3322 3266 3363 3331 τ,
3384 3285 3479 3323 an,

1909 3366 1961 3411 te
1994 3358 2183 3425 Deum,
2236 3359 2323 3413 cui
2382 3358 2703 3414 credidit.Et
2753 3361 3122 3414 animadverte
3176 3359 3479 3429 diligenter,

1909 3450 2118 3504 cuinam
2144 3451 2271 3505 Deo.
2298 3449 2552 3519 Sequitur
2582 3452 2723 3505 enim
2773 3450 2973 3506 Paulus
3029 3461 3083 3506 et
3129 3452 3331 3506 docet:
3378 3452 3480 3516 Qui

1909 3542 2132 3609 viviﬁcat
2162 3553 2396 3597 mortuos
2418 3554 2463 3596 et
2493 3555 2641 3596 vocat
2668 3562 2728 3597 ea
2759 3561 2876 3613 qme
2910 3561 3012 3597 non
3051 3554 3192 3608 sunt,
3231 3554 3479 3613 tanquam

1908 3635 2010 3686 sint
2066 3632 2107 3688 ⁸.
2145 3634 2207 3687 Et
2237 3650 2449 3688 rursum
2490 3653 2505 3689 ε
2541 3633 2604 3688 1η
2645 3637 3048 3703 repromissione
3081 3638 3175 3690 Dei
3217 3655 3319 3690 non
3373 3638 3479 3691 Itw-

1908 3727 2080 3779 sitavit
2100 3726 2407 3795 difﬁdentia,
2430 3732 2518 3780 sed
2550 3728 2889 3796 conﬁrmatus
2915 3737 2990 3781 est
3031 3728 3156 3795 ﬁde,
3186 3730 3317 3781 dans
3369 3730 3479 3797 glop

1912 3822 2045 3873 riam
2080 3818 2185 3872 Deo
2235 3820 2277 3873 '.
2314 3818 2492 3886 Vides,
2526 3820 2646 3888 quis
2682 3819 2752 3874 sit
2787 3820 2852 3883 is,
2888 3821 2979 3888 qui
3019 3820 3230 3874 locutus
3291 3830 3374 3876 est
3427 3823 3480 3875 in

1911 3914 2026 3983 lege
2055 3925 2111 3966 et
2127 3913 2438 3984 prophetis?
2471 3928 2628 3967 nemo
2660 3914 2802 3966 enim
2839 3913 2997 3977 alius,
3055 3913 3153 3967 nisi
3216 3912 3326 3976 ille,
3390 3917 3481 3981 qui

1911 4006 2134 4077 largitus
2160 4015 2241 4061 est
2264 4007 2416 4061 nobis
2437 4007 2691 4074 gratiam.
2726 4005 2985 4076 Sequitur
3016 4010 3160 4061 enim
3191 4024 3205 4058 :
3241 4007 3363 4060 Non
3407 4017 3481 4062 est

1911 4097 2162 4163 scriptum
2189 4106 2367 4149 autem
2398 4105 2607 4165 propter
2648 4095 2816 4158 ipsum
2872 4094 3085 4161 solum,
3160 4095 3249 4149 sed
3325 4098 3489 4148 etiam.

1909 4195 2121 4255 propter
2152 4203 2268 4253 nos,
2299 4188 2487 4256 quibus
2520 4187 2845 4257 reputabitur
2872 4189 3195 4243 credentibus
3238 4205 3292 4241 in
3342 4204 3481 4253 eum,

1910 4280 1999 4348 qui
2027 4279 2300 4332 suscitavit
2325 4276 2505 4333 Jcsum
2542 4279 2807 4331 Christum
2840 4278 3116 4331 Dominum
3165 4292 3402 4335 nostrum
3454 4302 3482 4335 ο

1911 4370 2131 4423 mortuis
2159 4369 2202 4424 '.
2232 4369 2321 4423 Ille
2354 4369 2541 4439 igitur,
2565 4371 2655 4438 qui
2685 4383 2891 4438 patrem
2922 4370 3207 4423 multarum
3241 4373 3482 4441 gentium

1910 4459 2180 4515 Abraham
2214 4460 2527 4525 constituit,
2568 4461 2660 4529 qui
2688 4460 3042 4529 jurejurando
3087 4463 3136 4515 ei
3199 4465 3483 4530 promisit,

234 4555 600 4621 ἐπαγγελίαις
633 4557 1023 4626 ἀδιάψευστος,
1063 4561 1091 4612 6
1130 4562 1197 4615 τὰ
1234 4563 1308 4634 μὴ
1346 4564 1475 4618 ὄντα
1512 4567 1693 4621 καλῶν
1728 4569 1803 4633 ὡς

1914 4554 2002 4624 qui
2028 4553 2080 4607 in
2109 4551 2401 4622 praemissis
2430 4552 2659 4605 mendax
2691 4568 2795 4605 non
2814 4560 2895 4605 est
2914 4590 2929 4614 ,
2958 4552 3048 4619 qui
3074 4552 3309 4608 viviiicat
3334 4572 3489 4609 mor...

231 4644 385 4705 ὄντα,
417 4647 443 4697 6
477 4646 762 4709 ζωοποιῶν
793 4651 921 4712 τοὺς
956 4653 1209 4720 νεκροὺς,
1243 4656 1402 4720 αὐτός
1425 4660 1573 4712 ἐστιν
1600 4661 1626 4713 6
1662 4661 1807 4728 ἐγείς

238 4750 342 4803 ρας
368 4735 460 4789 τὸν
509 4737 716 4806 Κύριον
758 4741 916 4810 ήμῶν
956 4743 1168 4807 Ἰησοῦν
1198 4743 1437 4813 Χριστὸν
1466 4750 1530 4802 ὲκ
1563 4752 1772 4819 νεκρῶν
1792 4793 1807 4818 ,

235 4828 343 4882 κᾶν
366 4829 427 4881 τὸ
451 4830 551 4899 τῆς
580 4834 921 4897 ἀποστασίας
950 4835 1194 4904 ὀλέθριον
1226 4840 1484 4909 φρόνημα
1518 4843 1599 4904 εἰς
1633 4844 1809 4914 ἀρχὰς

231 4919 330 4973 δύο
362 4922 709 4997 καταμερίζῃ
741 4924 838 4994 τὴν
865 4927 1158 4995 ἀμέριστον
1184 4928 1277 4981 καὶ
1310 4928 1445 4997 μίαν
1474 4932 1674 5002 ἀρχήν.

319 5093 470 5156 Ἕνὸς
498 5094 634 5147 Θεοῦ
663 5098 764 5165 τήν
809 5115 867 5151 τε
908 5100 1154 5156 Παλαιὰν
1183 5104 1277 5157 καὶ
1302 5105 1399 5173 τὴν
1430 5106 1633 5179 Καινὴν
1674 5111 1806 5164 ἀνα-

234 5186 525 5255 κηρύττων
547 5190 575 5241 6
598 5188 829 5251 Παῦλος,
855 5191 949 5244 καὶ
974 5191 1049 5254 ὡς
1075 5195 1138 5246 ὲκ
1166 5195 1323 5265 ῥίζης
1353 5199 1566 5269 ἐκείνης
1597 5201 1805 5271 ταύτην

234 5277 557 5344 προελθεῖν,
590 5278 686 5331 καὶ
719 5280 1007 5351 ἁγιότητος
1043 5285 1311 5357 ἑκατέραν
1344 5294 1633 5360 μετασχεῖν
1665 5294 1806 5349 οὕτω

233 5371 423 5439 φησίν
454 5372 521 5457 Et
550 5370 618 5423 δὲ
642 5371 680 5437 ἠ
713 5372 956 5440 ἀπαρχὴ
983 5376 1141 5443 ἁγία,
1180 5377 1279 5432 καὶ
1308 5379 1374 5432 t6
1404 5384 1663 5451 φύραμα.
1697 5384 1805 5438 Καὶ

228 5464 284 5514 εὶ
311 5461 349 5529 ἠ
378 5459 508 5528 pitu
547 5463 704 5530 ἁγία,
735 5463 835 5516 καὶ
864 5467 917 5517 οὶ
951 5466 1179 5523 κλάδοι.
1220 5472 1326 5523 Καὶ
1356 5474 1430 5525 οὐ
1469 5474 1549 5526 σὺ
1579 5475 1691 5542 τὴν
1713 5477 1804 5543 ῥί-

231 5554 339 5614 ζαν
374 5553 712 5620 βαστάζεις,
759 5552 891 5609 ἀλλ’
936 5559 973 5623 ἡ
996 5558 1128 5624 ῥίζα
1175 5562 1270 5616 σά.
1318 5564 1448 5633 Καὶ,
1484 5571 1549 5621 El
1592 5570 1625 5622 ό
1660 5570 1803 5635 Θεὸς

228 5645 354 5699 τῶν
390 5647 537 5700 κατὰ
585 5648 774 5718 φύσιν
830 5650 1071 5704 κλάδων
1115 5656 1226 5708 οὐκ
1268 5656 1550 5725 ἐφείσατο
1617 5662 1797 5733 (ἔπεσε

307 5761 321 5791 ¹
359 5759 519 5812 lleiir.
554 5776 668 5820 vui,
695 5762 747 5821 8,
792 5760 846 5812 9.

237 5847 314 5892 vt,
372 5830 449 5883 16.
556 5831 731 5886 “ibid.
831 5832 850 5861 ’
879 5833 1006 5888 ibid.
1035 5836 1117 5891 l8.

952 5763 1128 5841 "ibid.
1170 5770 1247 5826 l0.
1274 5772 1338 5825 15
1427 5774 1447 5806 ⁸
1475 5773 1831 5841 ϐειι.ινιι,4.

1916 4655 2057 4709 tuos,
2086 4652 2141 4699 et
2163 4652 2319 4698 vocat
2345 4658 2408 4697 ea
2440 4658 2557 4710 quae
2591 4658 2693 4696 non
2745 4653 2869 4697 sunt
2914 4655 3165 4712 tanquam
3195 4643 3329 4711 sint,
3370 4646 3481 4713 ipsc

1912 4745 2016 4802 est,
2050 4734 2137 4804 qui
2167 4734 2444 4789 suscitavit
2478 4732 2757 4787 Dominum
2785 4742 3092 4788 nostruma
3118 4736 3343 4790 mortuis
3366 4776 3380 4801 ,
3413 4737 3481 4791 li-

1913 4838 1998 4883 cet
2024 4827 2312 4898 perniciosi
2344 4828 2650 4882 desertores
2676 4827 2760 4881 isti
2784 4827 2941 4881 aliter
2966 4829 3219 4890 sentiant,
3248 4837 3300 4883 et
3334 4830 3482 4897 prin-

1915 4921 2115 4990 cipium
2138 4936 2343 4989 unum,
2384 4920 2523 4990 quod
2576 4921 2737 4975 dividi
2773 4937 2876 4975 non
2920 4928 3119 4990 potest,
3146 4920 3200 4973 in
3233 4921 3336 4976 duo
3377 4922 3482 4977 dis-

1913 5014 2149 5067 trahant.

1986 5098 2156 5154 Unius
2185 5112 2303 5156 csse
2324 5099 2412 5153 Dei
2452 5098 2610 5156 Vetus
2649 5101 2926 5156 etNovum
2948 5109 3325 5157 testamentum
3347 5104 3483 5157 Pau.

1912 5190 1996 5246 lus
2035 5191 2258 5256 docens,
2294 5205 2458 5262 atque
2490 5198 2589 5249 huc
2633 5209 2697 5248 ex
2752 5194 2894 5248 illius
2944 5193 3126 5249 radice
3178 5194 3479 5262 profectum

1912 5285 2040 5339 dicit
2079 5284 2197 5343 :Et
2227 5287 2272 5338 si
2297 5287 2542 5354 primitiae
2570 5296 2786 5349 sancite,
2829 5296 2877 5339 et
2933 5302 3105 5339 massa
3159 5287 3200 5341 ⁷.
3257 5288 3321 5341 Ει
3355 5304 3369 5341 :
3425 5288 3482 5343 Si

1911 5389 2069 5432 radix
2091 5388 2294 5443 saucia,
2326 5389 2373 5432 et
2402 5380 2533 5431 rami
2590 5380 2631 5432 ⁸.
2666 5376 2727 5430 Et
2756 5393 2769 5429 ι
2800 5376 2876 5430 Tu
2899 5378 3122 5430 radicem
3151 5394 3249 5431 non
3280 5390 3481 5448 portas,

1910 5474 2002 5528 sed
2032 5473 2190 5527 radix
2222 5484 2269 5526 te
2304 5476 2346 5527 ’.
2382 5473 2445 5527 Et
2476 5491 2487 5526 :
2536 5472 2596 5526 Si
2632 5472 2772 5526 Deus
2804 5472 3135 5527 naturalibus
3182 5478 3341 5531 ramis
3378 5494 3480 5531 non

1911 5568 2135 5638 pepercit
2158 5566 2651 5639 (cecideruntenim
2680 5567 2998 5620 tentantium
3030 5568 3190 5635 pedes
3216 5568 3267 5621 in
3292 5569 3481 5624 desero

1909 5669 1982 5725 to,
2042 5665 2096 5711 et
2124 5658 2304 5712 multa
2329 5656 2448 5711 aliae
2495 5655 2828 5710 calamitates
2858 5657 3045 5711 noxios
3090 5658 3409 5715 invaserunt
3436 5663 3477 5731 ).

1932 5777 1951 5808 ⁸
1978 5776 2136 5831 “om.
2167 5791 2241 5840 tv,
2275 5775 2358 5829 l7.
2458 5773 2478 5803 ⁸
2502 5770 2631 5827 ibid.
2665 5768 2754 5825 ΞΟ.
2856 5769 2877 5802 ⁸
2911 5771 3038 5827 ibid.
3068 5773 3159 5829 ΞΗ.
3260 5776 3277 5807 ⁷
3314 5775 3475 5833 Rom.
