3930 6552
528 394 664 458 1943

1764 396 2138 457 EU'l‘llYMIl
2188 398 2357 456 ZlGA
2370 398 2540 458 BENI

3650 395 3754 463 13H

524 512 762 579 ipsorum
796 511 861 563 ab
909 528 1092 567 errore
1147 515 1467 583 principium
1524 516 1840 583 sumpserit,
1896 516 1947 568 in
1984 530 2084 568 om.

2204 514 2314 582 Τῆς
2346 515 2457 583 γὰρ
2483 514 2723 575 πίστεως
2762 512 2945 566 αὐτῶν
2977 512 3298 583 ἀρξαμένης
3329 513 3395 563 ὲκ
3422 510 3650 578 πλάνης,
3676 514 3757 565 am

524 604 683 656 nibus
729 604 986 673 deinceps
1033 606 1439 660 abcrraverunt.
1494 608 1682 676 Capita
1734 616 1913 661 tamen
1987 610 2096 661 bte-

524 700 810 747 reticarum
859 696 1171 763 opinionum
1209 706 1263 751 et
1311 697 1683 763 fundamenta,
1729 708 1781 754 et
1839 700 2093 764 radicem,

519 793 577 837 et
606 783 811 838 fontem
839 785 1239 855 quodammodo
1262 788 1767 845 demonstrabimus.
1800 791 1930 857 Quae
1971 791 2097 845 reli-

519 877 697 944 gionis
752 887 805 932 et
862 879 1077 948 pietatis
1130 881 1372 935 doctrina
1422 882 1491 937 ab
1525 883 1678 937 initio
1748 886 1817 937 ab
1867 886 1967 941 hoc
2002 900 2094 941 us-

517 982 626 1035 que
667 978 879 1038 tempus
933 970 1227 1041 redarguit,
1280 981 1333 1027 et
1380 982 1633 1043 tanquam
1693 989 1905 1030 araneae
1961 976 2095 1032 telas

518 1057 724 1123 disiecit
770 1073 934 1131 atque
995 1062 1265 1129 dissolvit,
1305 1074 1359 1119 et
1420 1066 1660 1133 ipsorum
1694 1065 1933 1121 tenebris
1981 1066 2094 1121 dis—

517 1151 694 1204 cussis
738 1154 1022 1207 veritatem
1084 1154 1342 1209 ostendit.
1386 1155 1516 1222 Quae
1547 1171 1675 1209 vero
1729 1161 2091 1223 praetermissa

517 1250 662 1305 sunt,
696 1240 854 1297 facile
900 1244 1107 1299 eisdem
1151 1246 1449 1300 rationibus
1480 1248 1674 1316 quibus
1708 1248 1909 1317 reliqua
1960 1264 2091 1303 con-

516 1332 812 1388 futavimus
840 1344 1175 1390 evertentur.
1218 1336 1275 1391 Si
1307 1339 1449 1391 enim
1483 1340 1573 1406 qui
1606 1340 1825 1393 lneresis
1888 1355 2093 1395 veneno

515 1432 643 1475 sunt
712 1424 923 1489 infecti,
970 1427 1309 1494 resipiscam,
1368 1442 1433 1482 ex
1490 1430 1795 1497 graviorum
1856 1432 2089 1501 capitum

513 1514 879 1569 confutatione
931 1516 1133 1585 reliqua
1194 1530 1541 1587 cognoscent.
1593 1519 1724 1575 Nam
1770 1521 1822 1576 in
1884 1530 2089 1579 rectam

512 1605 733 1659 deducti
762 1607 921 1671 viam,
952 1607 1112 1662 facile
1151 1610 1297 1663 omni
1324 1610 1601 1667 mendacio
1627 1621 1883 1683 tauquam
1918 1615 2089 1670 oﬂen-

514 1697 690 1752 diculo
750 1710 802 1752 et
860 1699 1246 1768 impedimento
1276 1702 1490 1759 sublato
1513 1705 1819 1775 rejectoque
1866 1706 1919 1760 in
1975 1723 2093 1763 om-

515 1805 634 1843 nem
671 1790 885 1846 venient
913 1794 1218 1851 veritatem.
1242 1796 1392 1862 Quod
1424 1798 1470 1852 si
1497 1799 1624 1853 czeci
1650 1814 1771 1855 esse
1797 1800 2085 1867 voluerint,

2197 604 2404 667 λούθως
2459 607 2518 658 ὲν
2568 605 2773 659 ἅπασιν
2819 604 3228 675 ἐπλανήθησαν.
3272 605 3353 657 Τά
3404 603 3591 673 μέντοι
3614 620 3758 671 κεφα-

2195 694 2561 765 λαιωδέστερα
2622 695 2730 748 τῶν
2764 698 2822 748 ἐν
2868 695 3053 758 αὐτοῖς
3115 694 3411 764 αἱρετικῶν
3466 693 3755 761 δογμάτων,

2194 787 2289 842 καὶ
2313 789 2412 842 ὅσα
2440 788 2711 857 θεμέλιος,
2733 789 2828 841 καὶ
2854 789 3002 857 ῥίζα,
3034 788 3128 841 καὶ
3149 783 3263 841 οἷον
3295 786 3447 857 πηγὴ
3478 787 3755 855 πεφύκασι,

2192 877 2366 932 ταῦτά
2397 880 2558 944 είσιν,
2594 877 2697 930 ὅσα
2738 876 3031 949 προλαϐὼν
3062 877 3191 946 άχρι
3220 876 3316 929 τοῦ
3344 876 3611 947 παρόντος
3637 879 3663 930 6
3686 879 3756 929 εὑ-

2194 969 2357 1040 σεόὴς
2385 969 2545 1035 λόγος
2584 970 2807 1040 ήλεγξε,
2837 970 2933 1023 καὶ
2960 969 3037 1031 ὡς
3077 969 3324 1039 ἀράχνης
3357 968 3510 1023 ίστδν
3537 969 3750 1032 διέλυσε,

2192 1063 2287 1116 καὶ
2324 1061 2387 1114 τὸ
2412 1064 2602 1125 σκότος
2636 1062 2823 1115 αὐτῶν
2852 1060 3212 1122 διασκεδάσας
3234 1060 3485 1124 ὑπέδειξε
3515 1062 3614 1131 τὴν
3633 1062 3745 1130 ἀλή-

2193 1152 2367 1207 θειαν.
2398 1154 2581 1208 Τάλλα
2610 1153 2667 1207 δὲ
2697 1152 3098 1223 παρειάθησαν,
3128 1151 3204 1215 ὡς
3232 1151 3484 1221 εὐχερῶς
3512 1152 3619 1205 ἀπὺ
3660 1152 3748 1205 τῶν

2192 1242 2615 1311 ἀνατραπέντων
2649 1242 2876 1313 λυθῆναι
2910 1244 3005 1298 καὶ
3043 1242 3186 1295 αὐτὰ
3226 1243 3527 1310 δυνάμενα.
3569 1243 3626 1295 Ei
3666 1247 3744 1312 μιν

2191 1334 2300 1403 γὰρ
2329 1332 2579 1386 πείσουσι
2606 1336 2737 1397 τοὺς
2765 1335 2864 1404 τῆς
2895 1334 3167 1403 αἱρέσεως
3187 1335 3239 1386 oi
3275 1334 3388 1386 τῶν
3410 1334 3741 1403 κεφαλαιωδξ-

2192 1425 2400 1497 στέρων
2431 1427 2716 1496 δογμάτων
2745 1426 2980 1497 ἔλεγχοι,
3019 1426 3252 1497 περιττὴ
3279 1425 3391 1479 τῶν
3422 1426 3739 1493 ὖπολειφθένι

2190 1534 2297 1572 των
2322 1520 2355 1587 ή
2393 1518 2535 1571 κατὰ
2594 1519 2758 1588 μέρος
2792 1518 3041 1584 ιξὲτασις
3067 1534 3082 1548 ο
3134 1516 3461 1587 ἑναχθέντες
3524 1519 3629 1585 γὰρ
3676 1520 3738 1579 είς

2189 1610 2289 1678 τὴν
2315 1609 2532 1663 εὐθεῖαν
2561 1610 2681 1664 ὁδὸν
2714 1611 2913 1681 ῥᾳδίως
2945 1610 3163 1663 ἔσονται
3202 1608 3517 1679 βαδίζοντες
3541 1609 3627 1660 ἐπὶ
3652 1610 3735 1662 πᾶ-

2192 1720 2291 1758 σαν
2320 1704 2601 1775 ἀλήθειαν,
2642 1706 2751 1758 πᾶν
2770 1704 2969 1774 ψεῦδος
2994 1704 3247 1775 καθάπερ
3283 1704 3620 1772 πρόσκομμα
3664 1705 3737 1756 καὶ

2192 1795 2397 1849 σκῶλον
2458 1798 2523 1849 ἐκ
2558 1797 2727 1864 μέσου
2769 1796 3051 1859 ποιοῦντες
3080 1797 3175 1849 καὶ
3207 1794 3616 1866 διαῤῥίπτοντες
3638 1810 3653 1825 ·
3698 1796 3737 1848 si

514 1881 890 1937 claudicabunt
926 1884 1108 1939 adhuc
1170 1888 1559 1959 tnendacioque
1633 1893 1856 1959 protecti
1903 1904 2084 1946 contra

2190 1886 2236 1939 δ’
2265 1886 2821 1954 ὲθολοτυφλώττοντες
2864 1886 3093 1957 μυοῦσιν
3126 1890 3208 1939 ἔτι
3241 1888 3376 1955 πρὸς
3409 1886 3472 1938 τὸ
3508 1885 3635 1953 φῶς,
3662 1888 3735 1940 καὶ

512 1973 827 2041 semetipsos
899 1974 1109 2031 fortiter
1169 1988 1349 2047 agent,
1392 1988 1446 2034 et
1478 1980 1544 2033 ad
1596 1983 1799 2038 erroris
1844 1983 2089 2050 spiritum

512 2057 741 2119 deficere
770 2068 1111 2123 recusabunt.
1133 2070 1307 2139 Atque
1331 2070 1402 2124 ita
1452 2087 1664 2127 rursum
1692 2088 2091 2142 supervacanea

510 2154 614 2206 erit
638 2155 890 2209 subtilior
920 2174 1104 2212 eorum
1131 2174 1251 2228 qua:
1296 2170 1502 2216 restant
1523 2162 1833 2231 explicatio.
1858 2165 2093 2220 Putridis

511 2247 653 2298 enim
689 2247 1054 2306 fundamentis
1099 2253 1149 2306 in
1180 2268 1395 2310 cassum
1425 2255 1630 2325 aliquid
1663 2258 2092 2325 superstruxeris

512 2337 875 2410 inutilemque
916 2342 1152 2399 laborem
1183 2348 1510 2416 susceperis.

1040 2522 1342 2582 TITULUS
1366 2527 1531 2587 XXV.

583 2607 658 2662 De
688 2626 861 2677 cruce,
906 2613 969 2667 de
1021 2626 1204 2669 sancto
1255 2619 1515 2683 baptismo
1551 2633 1598 2678 et
1648 2624 1712 2678 de
1758 2624 2089 2680 eucharistia:

1154 2690 1415 2759 mysterio.

582 2792 774 2846 Verum
797 2797 1052 2863 quoniam
1071 2808 1124 2854 et
1148 2816 1364 2856 crucem
1390 2807 1746 2862 venerabilem
1759 2809 2083 2878 despiciunt,

507 2891 564 2935 et
580 2885 820 2940 divinmn
834 2890 1157 2958 baptismum
1176 2904 1601 2963 contemnunt,et
1614 2914 1826 2956 sacram
1848 2906 2087 2971 mystica:

508 2990 677 3031 caena:
711 2984 1241 3053 traussumptionem;
1274 2986 1529 3054 irrident,
1554 2999 1609 3045 et
1637 2993 1703 3046 de
1737 2993 1821 3048 bis
1870 3011 2085 3067 quoque

508 3066 711 3135 aliquid
743 3087 808 3124 ex
840 3072 1117 3129 beatorum
1168 3075 1388 3132 Patrum
1442 3079 1592 3136 libris
1615 3066 2080 3155 depromptumin

510 3165 744 3220 medium
792 3166 1098 3225 afferemus.

1003 3308 1315 3365 Damasceni
1355 3312 1417 3366 de
1442 3329 1611 3367 cruce.

581 3447 773 3503 Rerum
826 3453 942 3521 ipsa
999 3454 1199 3507 creatio
1232 3454 1477 3511 humanis
1528 3459 1820 3515 rationibus
1849 3479 2085 3532 comme-

512 3540 664 3592 hendi
700 3559 802 3593 non
852 3552 1040 3610 potest.
1107 3543 1268 3599 Fides
1314 3549 1558 3602 universa
1594 3556 1906 3608 necessaria.
1946 3556 2086 3622 Quid

510 3632 662 3696 ﬁdes.
702 3660 771 3671 -—
812 3632 1033 3687 Verbum
1102 3638 1273 3690 crucis
1333 3640 1671 3705 pereuntibus
1706 3644 1913 3711 quidem
1951 3646 2086 3699 stul-

515 3723 635 3775 titia
668 3733 746 3776 est
777 3742 795 3779 :
827 3727 894 3779 iis
920 3735 1093 3779 autem
1128 3730 1219 3795 qui
1245 3730 1381 3781 salvi
1408 3730 1562 3798 ﬁunt,
1582 3733 1635 3784 id
1665 3746 1742 3788 est
1770 3738 1946 3799 nobis,
1984 3739 2083 3794 Dei

511 3812 678 3866 virtus
710 3822 785 3866 est
822 3813 864 3865 ι.
894 3812 1026 3867 Nam
1058 3818 1357 3884 spiritualis
1389 3820 1598 3889 quidem
1617 3826 1829 3891 judicat
1859 3832 2036 3883 omnia
2065 3849 2084 3885 :

510 3904 759 3969 animalis
788 3913 961 3956 autem
984 3904 1137 3959 homo
1156 3924 1255 3958 non
1281 3912 1498 3979 percipit
1524 3929 1585 3966 ea
1607 3930 1723 3982 qua:
1749 3916 1843 3969 Dei
1872 3931 1995 3972 sunt
2039 3924 2079 3975 ’.

510 3994 755 4049 Stultitia
784 3996 933 4049 enim
972 3996 1079 4051 illis
1112 4007 1218 4060 est,
1247 4001 1338 4068 qui
1372 4017 1434 4056 ea
1483 4006 1815 4075 suscipiunt,
1849 4027 1949 4066 nec
1990 4011 2082 4068 Dei

508 4085 805 4138 bonitatem
828 4093 880 4139 et
896 4087 1340 4155 omnipotentiam
1363 4094 1741 4164 considerant;
1766 4114 1952 4155 verum
1995 4119 2084 4158 res

506 4175 721 4229 divinas
752 4176 1002 4231 humanis
1025 4181 1474 4253 naturalibusque
1515 4187 1822 4246 rationibus
1861 4193 2083 4249 iuves-ti-

509 4273 661 4334 gant.
678 4263 891 4320 Etenim
915 4283 1037 4337 quae
1067 4268 1156 4324 Dei
1185 4282 1335 4337 sunt,
1358 4285 1606 4330 naturam
1625 4286 1676 4332 et
1692 4280 2009 4338 Sermonem
2030 4295 2085 4341 et

508 4354 887 4424 cogitationem
938 4372 1224 4429 superant.
1260 4362 1393 4417 Nam
1429 4366 1473 4421 si
1510 4368 1633 4435 quis
1695 4370 1880 4427 animo
1905 4376 2086 4430 volvat

508 4462 748 4515 quonam
805 4462 985 4519 pacto,
1019 4462 1073 4507 et
1111 4469 1211 4508 cur
1254 4454 1394 4513 Deus
1433 4460 1615 4513 omnia
1650 4476 1714 4517 ex
1759 4465 1931 4520 nihilo
1959 4483 2084 4537 pro-

506 4540 759 4604 duxerit,
834 4544 1295 4617 naturalibusque
1360 4551 1670 4610 rationibus
1744 4556 1796 4609 iil
1862 4562 2080 4629 assequi

505 4632 819 4694 contendat.
841 4650 1181 4707 nequaquam
1224 4642 1326 4697 hoc
1348 4648 1789 4715 comprehendet.
1815 4652 2082 4711 Animalis

2194 1976 2316 2029 καθ’
2342 1976 2550 2029 ἑαυτῶν
2578 1977 2921 2047 ἀνδρίξονται
2963 1977 3042 2047 τῷ
3075 1976 3259 2047 ψεύδει
3302 1977 3640 2044 σκεπόμενα,
3663 1980 3734 2030 καὶ

2196 2066 2272 2139 μὴ
2300 2068 2542 2131 θέλοντες
2601 2069 2909 2139 ἀποστῆναι
2968 2069 3064 2121 τοῦ
3127 2068 3509 2136 πλανήσαντος
3573 2068 3735 2131 αὐτοὺς

2193 2161 2525 2229 πνεύματος,
2560 2161 2655 2213 καὶ
2700 2160 2843 2212 οὕτω
2868 2160 3029 2213 πάλιν
3069 2159 3305 2231 περιττὴ
3356 2159 3467 2211 τῶν
3504 2160 3636 2210 κατὰ
3658 2162 3734 2228 μὲ-

2192 2253 2353 2320 ροςή
2389 2251 2708 2321 συζήτησις.
2774 2250 3005 2321 Σαθροῖς
3068 2254 3177 2322 γάρ
3243 2252 3520 2321 θεμελίοις
3588 2252 3732 2319 μάτην

2084 2374 2105 2387 ς
2192 2341 2605 2411 ὲποικοδομήσει
2628 2361 2730 2410 τις,
2756 2344 2851 2397 καὶ
2877 2344 3137 2414 ἀνόνητον
3161 2346 3534 2413 ὑποστήσεται
3553 2343 3638 2395 τὸν
3660 2344 3735 2394 πό-

2194 2450 2304 2487 νον.

2755 2550 3003 2603 ΤΙΤΛΟΣ
3054 2548 3176 2606 κε’.

2189 2636 2328 2704 Περί
2369 2638 2477 2712 τοῦ
2503 2641 2793 2712 σταυροῦ,
2822 2642 2956 2709 περὶ
2986 2642 3092 2695 τοῦ
3125 2641 3301 2712 ᾀγίου
3324 2630 3735 2712 βαπτίσματος,

2291 2710 2385 2760 καὶ
2423 2712 2555 2776 περὶ
2598 2711 2699 2764 τοῦ
2718 2713 3058 2780 μυστηρίου
3084 2710 3193 2781 τῆς
3228 2710 3635 2783 εὐχαριστίας.

2273 2818 2425 2873 Ἐπεὶ
2453 2821 2511 2875 δὶ
2558 2824 2650 2875 τόν
2700 2840 2757 2875 τε
2803 2824 2986 2891 τίμιον
3037 2823 3273 2894 σταυρὸν
3316 2824 3669 2893 ἀτιμάζουσιν
3697 2824 3741 2875 cl

2186 2910 2563 2980 Παυλικιάνοι,
2601 2913 2696 2966 καὶ
2727 2915 2787 2967 τὸ
2809 2914 2951 2968 θετον
2990 2914 3273 2985 βάπτισμα
3307 2914 3641 2978 διαπτύουσι,
3663 2915 3745 2968 καὶ

2184 3001 2282 3073 τὴν
2316 3002 2471 3073 ίερὰν
2491 3004 2794 3074 μετάληψιν
2812 3005 2905 3057 τοῦ
2937 3005 3199 3074 μυστικοῦ
3224 3005 3446 3058 δείπνου
3470 3005 3746 3075 χλευάζου-

2189 3110 2267 3159 σι,
2304 3095 2737 3165 προστεθήσεται
2766 3098 2859 3150 καὶ
2888 3098 2958 3149 τά
2987 3098 3117 3169 περὶ
3146 3099 3354 3150 τούτων
3382 3098 3489 3151 ἀπὸ
3517 3096 3623 3150 τῶν
3650 3098 3747 3161 τοῖς

2111 3219 2154 3278 c
2190 3186 2485 3255 μακαρίοις
2515 3188 2753 3257 πατράσι
2789 3188 3206 3257 πεπονημένων.

2409 3320 2518 3373 Τοῦ
2545 3322 2943 3392 Δαμασκηνοῦ
2974 3320 3107 3391 περὶ
3133 3319 3239 3375 τοῦ
3263 3321 3557 3387 σταυροῦ.

2269 3466 2332 3521 '0
2358 3468 2541 3537 λόγος
2569 3471 2601 3523 ό
2622 3468 2727 3523 τοῦ
2754 3470 3041 3539 σταυροῦ,
3080 3471 3205 3537 τοῖς
3238 3472 3358 3542 μὲν
3400 3472 3749 3540 ἀπολλυμέ-

2186 3573 2315 3623 νοις
2341 3560 2530 3626 μωρία
2558 3558 2708 3623 ἐστι,
2735 3560 2859 3626 τοῖς
2884 3561 2952 3613 δὲ
2982 3561 3345 3632 σωζομένοις
3378 3564 3544 3632 ἡμῖν,
3580 3565 3749 3618 deira-

2180 3667 2281 3717 μις
2309 3650 2457 3704 Θεοῦ
2507 3652 2695 3705 ἐστιν.
2739 3652 2802 3705 Ὀ
2839 3653 2953 3721 μὲν
2981 3653 3088 3724 γάρ
3137 3656 3539 3723 πνευματικὸς
3565 3656 3748 3709 πάντα

2184 3741 2515 3809 ἀνακρίνει,
2546 3743 2809 3810 ψυχικὸς
2846 3742 2915 3796 δὲ
2970 3744 3280 3812 ἄνθρωπος
3313 3747 3386 3799 οὐ
3424 3745 3661 3813 δέχεται
3685 3748 3746 3798 τὰ

2184 3834 2291 3887 τοῦ
2352 3836 2715 3903 Πνεύματος.
2786 3836 2982 3905 Μωρία
3037 3838 3143 3908 γάρ
3172 3840 3287 3889 ἐστι
3323 3840 3439 3899 τοῖς
3473 3838 3548 3907 μὴ
3580 3840 3746 3890 πίστει

2183 3927 2519 3997 δεχομένοις,
2570 3930 2663 3981 καὶ
2716 3930 2778 3982 τὸ
2833 3930 3035 3998 ἀγαθὸν
3068 3933 3160 3983 καὶ
3203 3934 3618 4001 παντοδῦναμον
3661 3933 3743 3985 τοῦ

2184 4017 2319 4071 Θεοῦ
2362 4018 2754 4089 λογιζομένοις,
2821 4022 2935 4075 ἀλλ’
2970 4022 3333 4093 ἀνθρωπίνοις
3378 4026 3476 4076 καὶ
3506 4028 3746 4091 φυσικοῖς

2183 4110 2459 4179 λογισμοῖς
2496 4111 2819 4183 ἐξερευνῶσι
2870 4124 2894 4165 P
2937 4116 3006 4169 τά
3039 4115 3190 4168 οεῖαο
3226 4117 3404 4170 πάντα
3431 4117 3542 4187 γὰρ
3565 4118 3631 4169 τά
3660 4118 3745 4170 τοῦ

2185 4200 2319 4253 Θεοῦ
2345 4201 2485 4273 ὑπὲρ
2521 4204 2682 4271 φύσιν
2717 4205 2844 4268 εἰσὶ,
2897 4209 2991 4258 καὶ
3028 4205 3205 4272 λόγον,
3255 4207 3354 4260 καλ⁵
3403 4206 3635 4260 ἔννοιαν.
3693 4209 3747 4260 ΕΞ

2186 4291 2294 4361 γάρ
2326 4309 2410 4355 τις
2436 4294 2721 4364 λογίσηται
2753 4296 2901 4357 ὅπως
2933 4297 2997 4348 ἐκ
3017 4294 3107 4349 τοῦ
3124 4298 3205 4366 μὴ
3222 4297 3377 4360 ὄντος
3401 4300 3483 4360 είς
3512 4298 3574 4350 τδ
3595 4295 3745 4362 εἶναι,

2182 4383 2327 4448 τίνος
2384 4402 2443 4437 τε
2475 4385 2663 4439 ἕνεκεν
2697 4388 3017 4458 παρήγαγεν
3062 4388 3090 4439 δ
3130 4388 3263 4450 Θεὸς
3326 4388 3393 4440 τὰ
3428 4390 3629 4451 πάντα,
3662 4392 3748 4441 καὶ

2184 4478 2430 4543 φυσικοῖς
2454 4476 2735 4547 λογισμοῖς
2792 4480 2992 4547 φθάσαι
3039 4479 3328 4551 ἐϐουλήθη,
3366 4482 3431 4533 οὔ
3469 4480 3743 4549 καταλαμ·

2182 4566 2353 4621 δάνει.
2386 4568 2606 4640 Ψυχικὴ
2640 4571 2746 4640 γάρ
2780 4572 2925 4623 ἐστιν
2955 4572 2986 4641 ἡ
3019 4571 3219 4639 γνῶσις
3251 4573 3392 4640 αῦτη
3425 4574 3519 4625 καὶ
3563 4572 3743 4641 δαιμο-

2182 4654 2397 4725 νιώδης.
2435 4658 2493 4709 Εἰ
2517 4657 2572 4709 δέ
2602 4674 2687 4721 τις
2723 4659 2903 4710 πίστει
2948 4663 3488 4730 χειραγωγούμενος,
3523 4662 3743 4729 ἀγαθὸν,

2182 4749 2275 4800 καὶ
2306 4748 2736 4818 παντοδύναμον,
2789 4753 2884 4804 καὶ
2928 4752 3145 4819 ἀληθὲς,
3177 4754 3271 4804 καὶ
3318 4755 3501 4820 σοφὸν,
3555 4756 3646 4806 καὶ
3677 4753 3748 4804 δίο

1964 4836 2079 4904 ipo-
2180 4855 2333 4891 καιον
2374 4838 2435 4889 τὸ
2464 4838 2619 4892 Θεῖον
2672 4840 2978 4910 λογίσηται,
3017 4843 3241 4911 εὑρήσει
3291 4845 3472 4896 πάντα
3504 4845 3624 4896 λεῖα
3660 4844 3746 4893 καὶ

504 4910 730 4969 tentem,
764 4912 818 4958 et
859 4923 1071 4975 verum,
1107 4919 1161 4965 et
1188 4915 1510 4980 sapientem,
1540 4919 1815 4987 etjustum
1852 4928 2075 4996 cogitat,

504 4993 687 5044 omnia
730 4995 889 5062 plana
935 5011 987 5055 et
1016 5004 1329 5072 aequabilia,
1384 5007 1645 5079 viamque
1681 5024 1882 5068 rectam
1925 4993 2078 5071 inve-

504 5083 636 5138 niet.
664 5083 796 5139 Nam
835 5090 950 5144 fieri
990 5109 1096 5147 non
1123 5107 1299 5164 potest
1327 5108 1385 5153 ut
1423 5102 1546 5170 quis
1578 5103 1697 5159 sine
1721 5106 1821 5162 lide
1841 5112 2072 5167 salutetn

501 5186 873 5244 consequatur
915 5180 958 5232 ³.
995 5179 1128 5236 Fide
1155 5186 1421 5253 siquidem
1453 5199 1565 5245 tum
1597 5193 1835 5251 humana
1866 5202 2074 5265 omnia,

502 5274 615 5317 tum
687 5268 995 5335 spiritualia
1044 5284 1321 5330 constant.
1358 5278 1542 5350 Neque
1588 5287 1731 5342 enim
1764 5292 2003 5358 agricola
2051 5292 2075 5323 ⁸

501 5355 618 5408 sine
675 5357 778 5411 fide
818 5374 1007 5413 arvum
1054 5364 1373 5431 proscindit,
1416 5386 1516 5426 nec
1560 5355 1835 5431 mercator
1867 5383 2065 5450 exiguo

501 5440 646 5510 ligno
682 5455 870 5502 vectus
901 5448 1140 5504 animam
1165 5468 1320 5510 suam
1346 5457 1663 5518 furentibus
1711 5467 1875 5522 maris
1910 5440 2071 5527 undis

499 5534 813 5602 committit,
855 5552 957 5592 nec
993 5543 1339 5600 matrimonia
1370 5553 1799 5619 contrahuntur,
1839 5574 1942 5614 nec
1979 5562 2071 5615 de-

498 5622 662 5693 nique
683 5627 830 5682 aliud
867 5630 1164 5702 quidquam
1206 5652 1396 5694 eorum
1440 5658 1562 5712 qua:
1591 5645 1702 5700 vita
1736 5648 1859 5713 fert,
1893 5655 2070 5709 susci-

572 5794 588 5825 ⁸
632 5793 650 5849 l
683 5794 868 5861 Cor.t,
894 5798 983 5852 25.
1100 5802 1119 5831 ²
1156 5800 1325 5855 ltior.
1365 5817 1426 5870 tt,
1464 5804 1540 5858 lii.
1656 5807 1675 5837 ³
1708 5807 1873 5885 llcbr.
1906 5827 1981 5876 XI,
2018 5810 2069 5865 6.

2179 4931 2379 4999 ὁμαλά,
2407 4933 2501 4983 καὶ
2549 4932 2667 4983 ὁδὸν
2712 4932 2946 4985 εὐθεῖαν.
2992 4933 3179 4995 Ἐκτὸς
3209 4934 3320 5003 γάρ
3360 4934 3597 4995 πίστεως
3626 4934 3747 4986 ἀδέ-

2178 5040 2335 5077 νατον
2391 5024 2665 5093 σωθῆναι·
2728 5024 2905 5075 πίστει
2959 5024 3069 5094 γαρ
3110 5025 3310 5090 πάντα,
3344 5025 3417 5078 τά
3447 5041 3505 5075 τε
3541 5022 3747 5093 ἀνθρώο

2178 5134 2329 5178 πινα,
2386 5116 2455 5171 τά
2500 5134 2559 5169 τε
2603 5118 2949 5186 πνευματικά
3026 5117 3394 5170 συνίστανται.
3456 5118 3592 5171 Οῦτε
3642 5118 3745 5186 γὰρ

2176 5207 2420 5277 γεωργὸς
2473 5209 2627 5271 ἐκτὸς
2677 5209 2912 5272 πίστεως
2967 5210 3157 5279 τέμνει
3207 5209 3313 5278 γῆς
3364 5209 3615 5263 αὖλακα·
3645 5210 3741 5263 οῦκ

2177 5292 2414 5365 ἔμπορος
2451 5295 2631 5366 μικρῷ
2679 5294 2818 5367 ξύλῳ
2870 5297 2970 5369 τὴν
3025 5298 3220 5351 ἑαυτοῦ
3282 5298 3467 5369 ψυχὴν
3514 5299 3591 5369 τῷ
3620 5317 3741 5369 μαι-

2174 5385 2386 5455 νομένῳ
2406 5387 2506 5456 τῆς
2536 5387 2812 5458 θαλάσσης
2840 5388 3069 5457 πελάγει
3107 5388 3481 5459 παραδίδωσιν
3500 5406 3514 5419 ·
3548 5391 3605 5441 οὐ
3643 5389 3740 5455 γάρ

2178 5492 2267 5546 μοι
2298 5476 2666 5543 συνίστανται,
2696 5480 2797 5532 οὐκ
2834 5480 2964 5534 ἀλλο
2989 5497 3043 5532 τι
3073 5479 3181 5531 τῶν
3215 5481 3272 5530 ὲν
3301 5478 3379 5548 τῷ
3406 5478 3529 5549 βίῳ.
3561 5480 3740 5531 Πίστει

2172 5566 2401 5637 νοοῦμεν
2432 5570 2496 5622 ὲκ
2518 5568 2612 5621 τοῦ
2684 5570 2760 5641 μὴ
2796 5570 2952 5634 δντος
3000 5572 3079 5633 είς
3105 5570 3166 5623 τὸ
3215 5564 3452 5623 εἶναιτὰ
3481 5571 3656 5623 πάντα
3681 5573 3737 5639 τῇ

2172 5658 2265 5712 τοῦ
2295 5659 2429 5713 Θεοῦ
2461 5661 2689 5731 δυνάμει
2754 5662 3033 5734 παρῆχθαι
3061 5678 3075 5693 ·
3110 5663 3289 5718 πάντα
3326 5664 3397 5719 τά
3419 5682 3478 5718 τε
3504 5664 3621 5718 θεῖα
3654 5664 3739 5716 καὶ

2184 5813 2203 5844 ⁸
2240 5814 2404 5874 Basil.
2432 5820 2483 5874 in
2516 5822 2648 5890 pSaI.
2688 5837 2813 5878 cxv.
