3960 6556
219 433 383 500 ,Ῑὲᾁῦ

1233 440 1606 502 PANOPLIA
1642 438 2182 502 DOGMATICA.-
2216 444 2368 507 TIT.
2401 446 2600 510 XXIV.

3358 445 3498 508 1256

239 561 311 609 τὰ
342 554 658 624 ἀνθρώπινα
690 558 870 610 πίστει
909 556 1316 628 κατορθοῦμεν.
1353 559 1544 621 Πίστις
1587 558 1643 611 δὲ
1672 560 1816 612 ἐστὶν

1933 559 2082 624 pitur.
2142 559 2272 615 Fide
2343 560 2698 632 intelligimus
2753 558 2846 614 Dei
2911 560 3150 629 potentia
3179 568 3372 612 cuncta
3431 577 3496 616 ex

242 647 818 720 ἀπολυπραγμόνητος
850 651 1276 719 συγκατάθεσις.

221 867 236 895 ι

318 927 478 981 Πᾶσα
521 926 621 998 μὲν
685 927 778 980 οῦν
836 928 1039 999 πρᾶξις
1089 927 1186 982 καὶ
1239 928 1665 999 θαυματουργία
1724 927 1820 981 τοῦ

240 1015 488 1088 Χριστοῦ
547 1016 808 1087 μεγίστη,
862 1018 958 1071 κα)⁸
1001 1017 1141 1082 θεία,
1195 1021 1290 1073 καὶ
1335 1019 1651 1090 θαυμαστή’
1689 1019 1823 1074 ἀλλὰ

210 1145 212 1147 μ
240 1108 462 1161 πάντων
477 1109 593 1160 ἐστὶ
617 1106 1061 1178 θαυμαστότερον
1096 1109 1125 1160 6
1160 1109 1341 1179 τίμιος
1367 1108 1534 1162 αὐτοῦ
1566 1110 1822 1179 σταυρός.

240 1197 325 1251 Δι’
350 1198 563 1263 οὐδενὸς
587 1200 694 1270 γὰρ
725 1199 918 1270 ἑτέρου
953 1198 1226 1264 όθάνατος
1256 1202 1633 1273 κατήργηται,
1662 1203 1695 1272 ἡ
1727 1201 1822 1254 τοῦ

244 1291 590 1361 προπάτορος
633 1290 880 1362 ἁμαρτία
941 1291 1177 1355 λέλυται,
1217 1293 1245 1344 6
1276 1291 1411 1363 ᾅδης
1461 1293 1816 1362 ἑσκύλευται,

244 1384 280 1452 ὴ
307 1383 606 1447 ἀνάστασις
628 1383 953 1455 δεδώρηται,
983 1383 1212 1452 δύναμις
1235 1385 1366 1451 ἡμῖν
1415 1385 1512 1438 τοῦ
1547 1403 1817 1456 καταφρο-

242 1483 355 1534 νεῖν
384 1479 495 1532 τῶν
528 1481 812 1552 παρόντων
843 1483 938 1537 κα)⁸
985 1482 1152 1537 αὑτοῦ
1196 1484 1291 1537 τοῦ
1325 1485 1556 1538 θανάτου
1587 1484 1819 1549 δέδοται,

244 1575 280 1643 ἡ
313 1572 450 1644 πρὸς
475 1573 571 1642 τὴν
603 1573 840 1645 ἀρχαίαν
899 1576 1274 1646 μακαριότητα
1309 1577 1571 1640 ἐπάνοδος
1603 1577 1820 1648 κατώρ-

247 1663 438 1728 θωται,
471 1664 638 1719 πύλαι
668 1667 999 1737 παραδείσου
1012 1665 1370 1740 ἠνοίχθησαν,
1425 1669 1632 1738 ἡφύσις
1660 1667 1821 1740 ἡμῶν

245 1754 312 1804 ὲκ
348 1752 539 1817 δεξιῶν
567 1754 663 1808 τοῦ
692 1755 828 1810 Θεοῦ
872 1758 1157 1822 κεκάθικε,
1199 1759 1363 1812 τέκνα
1391 1759 1528 1813 Θεοῦ
1568 1761 1661 1812 καὶ
1688 1761 1821 1832 κλη-

1926 650 2096 706 nihilo
2143 653 2406 720 producta
2453 669 2599 709 esse.
2635 651 2769 707 Fide
2804 652 2986 706 omnia
3019 663 3165 706 recte
3233 652 3496 722 gerimus,
3563 673 3584 698 κ

1925 751 2037 798 tum
2072 744 2330 805 humana.
2362 754 2472 798 tum
2497 745 2701 799 divina.
2746 744 2909 800 Fides
2933 759 3098 814 porro
3130 752 3213 799 est
3240 758 3498 800 assensus

1926 834 2074 887 omni
2113 834 2334 904 curiosa
2360 835 2717 904 inquisilione
2745 851 2962 892 vacans.

1997 900 2195 978 Chrisii
2217 940 2391 977 rerum
2433 900 2581 979 nulla
2609 925 2908 982 mirabilior
2933 943 3104 983 cruce.
3137 925 3271 998 Ejus
3303 929 3497 998 beneﬁ-

1927 1013 2031 1068 cia.
2056 1044 2124 1055 —
2148 1012 2472 1084 Quanquam
2508 1027 2686 1071 autem
2711 1019 2890 1073 omnis
2917 1020 3120 1075 Christi
3151 1021 3292 1075 actio
3322 1033 3374 1074 et
3401 1023 3499 1073 mi-

1926 1106 2233 1161 raculorum
2296 1107 2482 1174 editio,
2546 1110 2828 1180 praeclara,
2879 1111 3061 1167 divina
3117 1127 3182 1166 ac
3227 1112 3498 1167 mirabilis

1929 1209 2052 1255 est:
2090 1198 2226 1253 nihil
2258 1211 2440 1255 tamen
2485 1213 2569 1257 est
2609 1219 2673 1258 ex
2739 1205 2995 1259 omnibus
3053 1206 3200 1275 quod
3261 1205 3499 1259 admira-

1927 1291 2077 1346 tione
2105 1292 2321 1362 dignius
2351 1293 2446 1358 sit,
2483 1309 2644 1362 quam
2670 1294 2975 1348 veneranda
3011 1297 3182 1364 ipsius
3216 1313 3369 1351 crux.
3396 1296 3502 1352 Ne-

1931 1398 2036 1452 que
2095 1385 2240 1437 enim
2271 1384 2374 1438 alia
2435 1384 2541 1439 ulla
2591 1401 2650 1440 re
2681 1387 2955 1441 destructa
2990 1403 3134 1441 mors
3181 1387 3304 1453 fuit,
3338 1390 3498 1459 primi

1925 1478 2170 1546 parentis
2196 1487 2481 1547 peccatum
2514 1479 2873 1542 exstinctum,
2929 1478 3178 1532 infernus
3213 1480 3500 1548 spoliatus,

1924 1570 2262 1623 resurrectio
2320 1567 2544 1634 donata,
2579 1571 2663 1625 vis
2703 1578 2819 1624 tttm
2853 1570 3161 1639 praesentia,
3196 1578 3310 1623 tum
3351 1586 3502 1624 mor-

1925 1672 2033 1716 tem
2071 1661 2246 1730 ipsam
2282 1661 2669 1716 contemnendi
2702 1662 2860 1718 nobis
2879 1676 3166 1725 concessa,
3200 1662 3411 1718 reditus
3435 1663 3503 1717 ad
3585 1733 3592 1740 _

1922 1755 2204 1823 antiquam
2236 1755 2624 1810 beatitudinem
2656 1765 2901 1824 paratus,
2933 1753 3176 1824 paradisi
3212 1753 3502 1824 patefactae

251 1845 466 1914 ρονόμοι
487 1846 815 1916 γεγόναμεν,
843 1850 892 1900 εί
930 1849 1006 1918 μὴ
1033 1849 1125 1903 διὰ
1175 1849 1265 1902 τοῦ
1315 1849 1556 1920 σταυροῦ
1582 1849 1675 1903 τοῦ
1703 1852 1819 1902 Κυ-

1933 1845 2120 1910 lanuaa,
2169 1855 2368 1899 natura
2415 1856 2602 1901 nostra
2655 1847 2721 1900 ad
2779 1848 2870 1902 Dei
2892 1846 3174 1902 dexteram
3210 1848 3500 1914 collocata,

249 1933 367 2004 ρίου
393 1935 548 2004 ἡμῶν
592 1937 764 2006 Ἰησοῦ
792 1938 1052 2008 Χριστοῦ.
1093 1941 1190 1992 Διὰ
1209 1941 1445 2012 σταυροῦ
1515 1942 1621 2013 γὰρ
1643 1942 1821 1995 πάντα

248 2024 641 2095 κατώρθωταιο
691 2027 863 2081 Ὅσοι
907 2029 1016 2096 γὰρ
1065 2030 1509 2098 ἐϐαπτίσθημεν
1555 2034 1643 2095 είς
1688 2035 1819 2101 Χρι-

247 2115 418 2180 στὸν,
452 2117 618 2186 φησὶν
641 2119 670 2172 6
707 2118 1050 2184 Ἀπόστολος,
1087 2121 1175 2184 εἰς
1217 2120 1322 2173 τὸν
1355 2121 1611 2176 θάνατον
1630 2121 1816 2176 αὐτοῦ

244 2205 690 2277 ἐϐαπτίσθημεν
710 2225 724 2238 ο
785 2209 918 2263 ὅσοι
947 2210 1015 2261 δὲ
1057 2212 1145 2274 εἰς
1168 2212 1427 2279 Χριστὸν
1455 2213 1816 2280 ἐϐαπτίσθηο

241 2313 378 2364 μεν,
413 2299 669 2366 Χριστὸν
691 2299 1118 2370 ἐνεδυσὰμεθα.
1149 2303 1402 2373 Χριστὸς
1441 2303 1497 2356 δέ
1524 2306 1638 2357 ἐστι
1669 2306 1818 2359 Θεοῦ

245 2387 500 2459 δύναμις
539 2389 636 2444 καὶ
660 2390 809 2463 Θεοῦ
847 2394 1053 2460 σοφία.
1097 2393 1224 2446 ἰδοὺ
1247 2395 1275 2446 6
1307 2394 1536 2458 θάνατος
1555 2394 1649 2448 τοῦ
1684 2397 1815 2467 Χρι-

1920 1950 2022 1992 nos
2053 1936 2291 2006 denique
2323 1937 2420 1992 ﬁlii
2478 1937 2568 1992 Dei
2598 1945 2763 2022 aaqtte
2802 1938 3044 1993 hat-edes
3077 1938 3233 2000 facti,
3275 1939 3380 1993 nisi
3407 1955 3504 2008 per

1918 2041 2136 2081 crucem
2165 2025 2376 2081 Domini
2403 2029 2574 2083 nostri
2605 2027 2733 2083 Jesu
2757 2029 2983 2084 Christi.
3087 2027 3364 2099 Siquidem
3390 2030 3502 2083 haec

1919 2117 2103 2172 omnia
2134 2132 2268 2170 crux
2299 2120 2546 2187 praestitit
2577 2135 2591 2170 ε
2633 2118 2938 2189 Quicunque
2963 2121 3121 2180 enim,
3155 2120 3328 2187 inquit
3356 2121 3505 2188 Apo-

1919 2208 2118 2272 stolus,
2143 2210 2193 2261 in
2220 2206 2488 2263 Christum
2512 2208 2772 2274 baptizari
2797 2226 2998 2275 sumus,
3021 2209 3073 2262 in
3097 2221 3311 2261 mortem
3336 2209 3502 2276 ipsius

1919 2298 2175 2367 baptizati
2207 2316 2390 2353 sumus
2437 2304 2477 2354 '.
2499 2301 2806 2369 Quicunque
2834 2312 3006 2355 autem
3033 2303 3086 2354 in
3107 2299 3368 2354 Christum
3409 2301 3504 2354 ba-

1915 2393 2318 2458 ptizatisumus,
2339 2390 2607 2446 Christum
2622 2392 2888 2446 induimus
2918 2395 2956 2450 '.
2985 2392 3224 2446 Christus
3251 2401 3504 2460 porroest

250 2478 400 2544 στοῦ,
441 2482 559 2551 ἢτοι
602 2485 630 2536 6
681 2483 932 2550 σταυρὸς,
978 2484 1075 2554 τὴν
1125 2485 1490 2540 ὲνυπόστατον
1537 2485 1631 2539 τοῦ
1681 2486 1815 2539 Θεοῦ

1933 2481 2016 2536 Dei
2056 2485 2222 2537 virtus
2260 2491 2308 2536 et
2337 2483 2598 2549 sapientia
2635 2482 2762 2538 ’.En
2780 2499 2888 2551 quo
2913 2491 3071 2552 pacto
3104 2483 3304 2537 Christi
3337 2499 3503 2547 mors,

248 2574 442 2642 σοφίαν
491 2575 585 2626 καὶ
639 2574 870 2644 δύναμιν
917 2577 1064 2644 ἡμᾶς
1122 2576 1434 2646 περιέϐαλε.
1474 2577 1713 2647 Δύναμις
1756 2578 1814 2631 δὲ

1933 2573 2034 2628 sive
2062 2589 2196 2626 crux
2247 2575 2568 2629 subsistenti
2593 2573 2682 2629 Dei
2712 2575 2979 2643 sapientia
3001 2589 3101 2629 nos
3137 2574 3374 2629 vestivit.
3411 2573 3506 2628 Dei

244 2662 381 2724 Θεοῦ
413 2664 560 2715 ἐστιν
587 2664 615 2715 6
639 2664 812 2731 Λόγος
860 2667 888 2717 ὁ
932 2663 1026 2717 τοῦ
1055 2665 1362 2738 σταυροῦ,ἢ
1393 2667 1475 2722 ὅτι
1501 2667 1564 2719 τὸ
1593 2668 1820 2726 δυνατὸν

1933 2673 2104 2719 autem
2164 2668 2342 2721 virtus
2395 2663 2622 2720 verbum
2660 2666 2842 2721 crucis
2873 2667 3097 2729 dicitur,
3136 2666 3219 2718 vel
3250 2666 3376 2734 quia
3410 2664 3506 2719 Dei

244 2750 340 2804 τοῦ
362 2751 518 2814 Θεοῦ,
548 2753 666 2822 ἦτοι
701 2754 733 2822 ἠ
774 2754 913 2807 κατὰ
961 2753 1056 2807 τοῦ
1119 2753 1352 2810 θανάτου
1385 2756 1530 2827 νίκη,
1555 2757 1623 2810 δι’
1655 2759 1821 2816 αὑτοῦ

1933 2756 2007 2810 vis
2035 2772 2098 2811 ac
2136 2757 2404 2828 potentia,
2435 2759 2539 2814 hoc
2561 2771 2665 2824 est,
2697 2759 2927 2813 victoria
2954 2757 3220 2813 adversus
3252 2770 3504 2826 mortem,

245 2844 378 2913 ἡμῖν
410 2842 814 2914 πεφανέρωται,
847 2843 880 2914 ἢ
910 2845 1013 2908 ὅτι,
1069 2844 1260 2915 ῶσπερ
1287 2846 1356 2898 τὰ
1400 2850 1648 2918 τέσσαρα
1677 2849 1824 2920 ἂκρα

1933 2859 2025 2916 per
2051 2859 2170 2898 eam
2204 2845 2366 2899 nobis
2393 2846 2748 2900 manifestata
2777 2855 2892 2913 est;
2927 2844 3010 2899 vel
3032 2845 3182 2914 quia,
3203 2845 3347 2899 sicut
3373 2858 3509 2914 qua-

244 2932 340 2986 τοῦ
367 2933 598 3005 σταυροῦ
629 2933 719 2990 διὰ
750 2934 843 2989 τοῦ
881 2935 1051 3004 μέσου
1083 2936 1308 3008 κέντρου
1352 2938 1683 3008 κρατοῦνται
1729 2941 1825 2993 καὶ

249 3023 642 3092 συσφίγγονται
667 3058 682 3084 .
759 3023 936 3087 οὕτως
965 3025 1054 3077 διὰ.
1081 3025 1184 3095 τῆς
1212 3026 1309 3079 τοῦ
1344 3027 1480 3080 Θεοῦ
1516 3027 1822 3099 δυνάμεως,

245 3116 308 3168 τό
355 3131 414 3166 τε
476 3113 609 3184 ὕψος
663 3114 759 3173 καὶ
806 3115 868 3168 τὸ
901 3115 1085 3186 βάθος,
1139 3117 1311 3188 μῆκός
1351 3135 1408 3170 τε
1453 3119 1548 3171 καὶ
1597 3120 1822 3184 πλάτος,

1926 2943 2053 2989 tuor
2107 2942 2368 2988 extrema:
2401 2935 2585 2990 crucis
2622 2945 2807 3006 partes
2843 2950 2937 3005 per
2968 2936 3208 2990 medium
3254 2947 3506 2991 centrum

1926 3026 2068 3079 inter
2111 3041 2172 3081 se
2211 3026 2493 3080 cohaerent
2524 3035 2579 3081 et
2615 3028 3101 3096 constringuntur,
3163 3027 3234 3080 ita
3276 3043 3372 3096 per
3415 3028 3508 3081 Dei

1925 3117 2220 3186 potentiam
2260 3098 2575 3173 sublimitas
2631 3126 2685 3172 et
2716 3118 3083 3188 profunditas,
3143 3119 3426 3189 longitudo
3454 3128 3509 3172 et

246 3205 368 3274 ἦτοι.
439 3206 588 3258 πᾶσα
653 3206 824 3278 ὁρατή
898 3224 958 3260 τε
1020 3208 1116 3262 καὶ
1179 3209 1410 3280 ἀόρατος
1458 3210 1634 3274 κτίσις
1696 3228 1824 3264 συν-

1933 3208 2187 3270 latitudo,
2238 3208 2342 3263 hoc
2391 3218 2498 3274 est,
2553 3209 2736 3264 omnis
2771 3220 2884 3264 tam
2953 3210 3187 3266 visibilis
3220 3225 3382 3281 quam
3422 3210 3509 3263 in-

247 3294 454 3366 ἐχεται.

318 3382 486 3452 Οὗτος
511 3388 646 3460 ἡμῖν
678 3392 904 3459 σημεῖον
1068 3391 1280 3449 δέδοται
1311 3393 1402 3445 ἐπὶ
1425 3393 1518 3446 τοῦ
1547 3394 1821 3464 μετώπου,

243 3476 304 3529 δν
331 3476 532 3547 τρόπον
551 3477 628 3549 τῷ
643 3480 678 3533 Ἰ
689 3479 913 3553 spati-{Ai}
938 3483 1203 3551 περιτομή
1225 3497 1236 3510 ·
1257 3482 1324 3535 δι’
1348 3482 1511 3535 αὑτοῦ
1535 3483 1644 3556 γὰρ
1658 3485 1709 3537 οἱ
1731 3501 1824 3542 πι-

248 3569 366 3621 στοὶ
393 3569 503 3622 τῶν
537 3571 783 3624 ἀπίστων
814 3572 1250 3643 ἀποδιιστάμεθα
1299 3576 1393 3628 καὶ
1416 3576 1822 3647 γνωριζόμεθα.

248 3653 418 3723 Οὗτος
450 3659 644 3730 θυρεὸς
670 3663 765 3714 καὶ
790 3663 953 3715 ὅπλον
989 3665 1084 3718 καὶ
1111 3664 1371 3733 τρόπαιον
1407 3668 1547 3721 κατὰ
1597 3668 1692 3721 τοῦ
1713 3669 1827 3722 δια-

248 3751 430 3805 ϐόλου.
454 3747 622 3816 Οὗτος
641 3755 900 3824 σφραγὶς,
926 3755 1011 3808 ἵνα
1031 3757 1106 3826 μὴ
1130 3756 1254 3828 θίγῃ
1275 3758 1308 3828 ἡ
1317 3756 1433 3827 μῶν
1451 3760 1478 3811 ό
1499 3758 1824 3830 ὀλοθρεύων,

246 3843 323 3906 ὡς
351 3845 383 3912 ἡ
415 3843 606 3916 Γραφή
643 3862 832 3916 φησιν.
865 3840 1032 3910 Οὗτος
1067 3847 1177 3900 τῶν
1201 3849 1468 3919 κειμένων
1506 3851 1823 3924 ἀνάστασις,

247 3936 358 3989 τῶν
385 3937 636 3990 ἑστώτων
678 3941 980 4010 στήριγμα,
1007 3939 1248 3994 ἀσθενῶν
1271 3941 1569 4014 βακτηρία,
1602 3961 1826 4014 ποιμαι-

248 4029 493 4097 νομένων
533 4030 749 4100 ῥάϐδος,
778 4031 1219 4102 ἐπιστρεφόντων
1271 4035 1636 4104 χειραγωγία,
1689 4053 1826 4107 προ-

249 4120 565 4172 κοπτόντων
598 4120 904 4186 τελείωσις,
934 4121 1112 4192 ψυχῆς
1152 4125 1397 4194 σωτηρία
1421 4125 1517 4177 καὶ
1553 4125 1826 4194 σώματος,

248 4208 469 4262 πάντων
499 4209 609 4264 τῶν
638 4212 820 4264 κακῶν
844 4213 1236 4283 ἀποτρόπαιον,
1272 4213 1490 4266 πάντων
1530 4215 1642 4267 τῶν
1687 4217 1828 4282 ἀγα-

248 4299 362 4366 θῶν
395 4300 670 4374 πρόξενος,
707 4302 980 4373 ἁμαρτίας
1035 4301 1334 4374 ἀναίρεσις,
1385 4303 1550 4372 φυτὸν
1590 4305 1828 4360 ἀναστά-

250 4407 414 4456 σεως,
440 4389 598 4456 ξύλον
626 4389 772 4462 ζωῆς
810 4391 1056 4449 αἰωνίου.

322 4565 463 4619 Αὐτὸ
504 4565 603 4636 μὲν
634 4560 727 4618 οῦν
775 4565 838 4618 τὸ
885 4564 1067 4636 τίμιον
1116 4564 1274 4631 ξύλον

251 4657 348 4710 καὶ
380 4657 702 4726 σεϐάσμιον,
735 4657 794 4710 ἐν
817 4650 862 4724 ᾧ
883 4657 1075 4710 ἑαυτὸν
1096 4657 1177 4720 εἰς
1225 4655 1415 4711 θυσίαν
1440 4659 1582 4734 ὑπὲρ
1603 4661 1763 4731 ἡμῶν
1800 4666 1828 4717 6

249 4745 486 4815 Χριστὸς
538 4748 939 4817 προσενήνοχεν
966 4787 981 4811 ,
1044 4748 1120 4810 ῶς
1171 4746 1428 4815 ἀγιασθὶν
1468 4754 1539 4823 τῇ
1575 4752 1686 4824 ἀφῇ
1729 4753 1825 4806 τοῦ

249 4837 411 4905 ἁγίου
440 4837 698 4910 σώματός
744 4858 803 4896 τε
834 4844 928 4897 καὶ
967 4843 1202 4914 αἵματος
1243 4843 1664 4916 προσκυνητέον,
1708 4845 1834 4899 τοὺς

251 4930 420 5000 ἥλους
448 4969 465 4996 ,
533 4932 636 5002 τὴν
663 4931 892 5004 λόγχην,
922 4934 995 4987 τὰ
1035 4933 1328 5004 ἐνδύματα,
1361 4935 1456 4989 καὶ
1483 4934 1551 4988 τὰ
1585 4934 1709 5006 ἱερὰ
1731 4935 1832 4988 αὐ-

251 5017 349 5070 τοῦ
384 5020 720 5092 σκηνώματα
742 5039 757 5053 ·
789 5023 948 5090 ἅτινά
984 5025 1121 5078 εἰσιν
1155 5025 1189 5096 ή
1225 5027 1424 5098 φάτνη,
1455 5025 1516 5078 τὸ
1545 5025 1834 5096 σπήλαιον,

252 5110 282 5165 6
313 5109 610 5181 Γοργοθᾶς,
639 5113 668 5165 6
693 5114 960 5184 σωτήριος
993 5139 1032 5175 ,-
1071 5116 1099 5167 6
1131 5115 1394 5181 ζωοποιδς
1421 5115 1610 5182 τάφος,
1645 5111 1836 5185 ⁴ίιΣιὼν

253 5200 366 5267 τῶν
407 5201 745 5272 Ἐκιιλησιῶν
783 5205 1230 5275 ἀκρόπολις,-καὶ
1256 5208 1324 5260 τὰ
1352 5209 1516 5277 ὅμοια
1532 5223 1546 5237 ⁸
1572 5207 1648 5269 ῶς
1667 5222 1833 5276 φησιν

252 5292 284 5360 6
317 5291 598 5368 θεοπάτωρ
621 5296 785 5351 Δαϐίδ
816 5311 832 5325 ⁸
985 5299 1472 5368 Εἱσελευσόμεθα
1498 5300 1584 5364 εὶς
1599 5297 1671 5350 τὰ
1684 5312 1834 5363 σκη-

253 5380 498 5450 νώματα
554 5384 762 5450 αὐτοῦ,
816 5387 1330 5458 προσκυνήσομεν
1365 5391 1453 5455 είς
1507 5389 1614 5441 τὸν
1650 5388 1836 5441 τόκον

255 5467 331 5528 οὗ
362 5476 636 5542 ἔστησαν
673 5481 726 5531 οἱ
749 5477 930 5542 πόδες
954 5479 1162 5533 αὐτοῦ.
1184 5480 1306 5532 Ὅτι
1324 5480 1378 5533 δὲ
1403 5479 1637 5548 σταυρὸν
1665 5477 1834 5545 λέγει,

254 5564 410 5634 δηλοῖ
431 5566 492 5618 τὸ
521 5568 788 5638 ἑπόμενον
808 5583 822 5600 ⁸
854 5569 1184 5645 Ἀνάστηθι,
1218 5571 1412 5638 Κύριε,
1437 5573 1524 5638 είς
1547 5569 1663 5636 τὴν
1689 5569 1835 5626 ἀνά-

255 5658 494 5725 παυσίν
520 5674 658 5714 σου,
696 5661 928 5720 "Enecat
951 5662 1060 5730 γὰρ
1089 5661 1169 5732 τῷ
1209 5662 1425 5732 σταυρῷ
1453 5664 1487 5730 ἡ
1519 5662 1836 5724 ἀνάστασις.

1927 3295 2161 3351 visibilis
2192 3305 2470 3360 creatura,
2505 3297 2836 3351 continetur.

2005 3384 2193 3438 Crucis
2219 3387 2431 3458 signum
2465 3389 2644 3456 ﬁdeles
2679 3389 2816 3444 inter
2835 3398 2882 3442 et
2905 3389 3143 3458 inﬁdeles
3169 3390 3512 3446 discernit.—

1926 3473 2056 3529 llaec
2097 3476 2261 3532 nobis
2303 3478 2446 3547 signi
2477 3479 2598 3535 loco
2649 3479 2703 3532 in
2735 3479 2917 3534 fronte
2965 3481 3089 3534 data
3120 3491 3226 3544 est,
3256 3483 3399 3537 haud
3425 3499 3512 3537 se-

1927 3583 2028 3625 cus
2065 3581 2129 3621 ac
2160 3568 2512 3622 circumcisio
2545 3567 2756 3622 lsraeli.
2779 3570 2886 3624 Per
2923 3571 3065 3624 hanc
3091 3587 3190 3625 nos
3217 3573 3404 3626 fideles
3443 3575 3512 3629 ab

1926 3659 2243 3714 inﬁdelibus
2298 3661 2693 3730 distinguimur
2741 3671 2908 3730 atque
2956 3664 3332 3733 agnoscitnur.
3382 3663 3513 3719 Haec

1927 3751 2175 3822 clypeus,
2223 3761 2528 3817 armatura,
2581 3760 2745 3821 atque
2795 3762 3057 3822 tropaeum
3112 3762 3196 3809 est
3247 3753 3513 3813 adversus

1927 3842 2226 3901 diabolum.
2269 3840 2392 3896 llaec
2425 3843 2768 3912 signaculum
2797 3852 2905 3910 est,
2936 3859 3004 3903 ne
3041 3859 3144 3899 nos
3181 3847 3514 3902 extermina-

1928 3941 2014 3988 tor
2065 3937 2295 4005 angelus
2371 3942 2580 4006 tangat,
2635 3946 2691 3990 ut
2716 3937 3002 4008 Scriptura
3043 3939 3286 4009 loquitur
3316 3943 3352 3996 ⁸.
3386 3939 3514 3996 Haec

1927 4022 2230 4092 iacentium
2266 4029 2470 4080 erectio
2533 4036 2636 4093 est,
2677 4027 2946 4080 stantium
2989 4026 3391 4094 fulcimentum,
3426 4032 3512 4084 in-

1934 4116 2217 4171 firmorum
2280 4117 2536 4183 baculus,
2595 4117 2780 4172 ovium
2843 4120 3020 4189 virga,
3071 4120 3512 4190 resipiscentium

1932 4207 2354 4268 adminiculum,
2429 4209 2846 4277 proﬁcientium
2901 4212 3189 4280 perfectio,
3241 4213 3436 4267 anima:
3462 4221 3516 4268 et

1931 4297 2178 4366 corporis
2217 4298 2392 4361 salus,
2451 4300 2720 4352 malorum
2749 4301 2996 4353 omnium
3045 4303 3320 4374 depulsio,
3345 4303 3516 4358 bono-

1930 4402 2053 4440 rum
2087 4387 2329 4439 omnimn
2364 4401 2554 4450 causa,
2586 4388 2795 4455 peccati
2824 4388 3136 4458 exstinctio,
3157 4396 3516 4451 resurrectio-

1935 4477 2022 4532 nis
2057 4477 2259 4546 planta,
2294 4477 2416 4532 vitze
2443 4485 2658 4532 aeternae
2688 4478 2913 4553 lignum.

1479 4570 1556 4631 ῶς
1608 4571 1824 4641 ἀληθῶς

2006 4568 2158 4640 Ligni
2215 4571 2386 4623 crucis
2423 4569 2688 4635 adoratio,
2730 4585 2793 4623 ac
2830 4570 3061 4624 aliorum
3113 4589 3230 4642 qua:
3272 4573 3516 4634 Christus

1933 4670 2179 4716 contactu
2209 4676 2306 4714 suo
2335 4663 2711 4731 sanctiﬁcavit.
2742 4691 2815 4702 —
2846 4661 2961 4718 lloc
2987 4664 3170 4734 itaque
3201 4669 3510 4735 pretiosum

1934 4768 2066 4809 sane
2091 4768 2156 4808 ac
2187 4755 2504 4810 venerabile
2535 4755 2761 4823 lignum,
2797 4754 2851 4808 in
2885 4770 2995 4826 quo
3017 4770 3077 4809 se
3119 4755 3380 4814 Christus
3415 4777 3516 4830 pro

1937 4837 2102 4894 nobis
2131 4837 2371 4892 hostiam
2408 4837 2626 4903 obtulit,
2650 4841 2730 4894 uti
2778 4843 3112 4898 sanctissimi
3147 4845 3402 4914 corporis
3426 4855 3514 4899 at-

1939 4943 2047 4998 que
2074 4929 2356 4998 sanguinis
2381 4935 2528 4984 tactu
2569 4929 2994 4996 sanctiﬁcatum,
3025 4935 3145 5003 iure
3201 4935 3358 4990 debet
3390 4936 3514 4991 ado-

1941 5019 2052 5072 rari
2081 5035 2094 5071 :
2122 5019 2376 5089 clavique
2393 5021 2616 5084 item,et
2635 5020 2847 5089 lancea,
2875 5033 2929 5078 et
2960 5025 3308 5088 indumenta,
3339 5034 3392 5080 et
3432 5041 3522 5080 sa-

1943 5127 2049 5168 crae
2077 5113 2198 5179 ejus
2228 5115 2562 5180 mansiones,
2610 5115 2714 5172 hoc
2741 5125 2848 5179 est,
2891 5133 3150 5188 praisepe,
3187 5135 3406 5189 specus.
3431 5133 3522 5174 sa-

1944 5201 2137 5257 lutaris
2158 5200 2447 5272 Golgotha,
2485 5206 2760 5260 viviﬁcum
2787 5207 3125 5274 sepulcrum,
3169 5207 3302 5261 Sion
3330 5207 3520 5262 Eccle-

1943 5295 2154 5349 siarum
2186 5309 2305 5356 arx,
2335 5311 2399 5349 ac
2431 5298 2656 5360 similia,
2693 5297 3150 5367 quemadmodum
3193 5297 3288 5354 Dei
3323 5315 3522 5369 parens
3593 5320 3596 5324 ·

1954 5385 2122 5438 David
2147 5385 2359 5442 aiebat:
2393 5384 2737 5446 Introibimus
2769 5389 2823 5441 in
2853 5388 3195 5444 tabernacula
3209 5390 3322 5458 ejus
3347 5406 3365 5444 :
3393 5390 3524 5446 ado-

1948 5475 2182 5529 rabimus
2205 5477 2260 5529 in
2289 5477 2427 5542 loco,
2456 5477 2810 5531 ubisteterunt
2838 5479 2991 5548 pedes
3023 5479 3137 5547 ejus
3161 5484 3204 5533 '.
3238 5479 3394 5545 Quod
3425 5496 3525 5533 an-

1951 5575 2056 5622 tem
2095 5567 2184 5622 hic
2215 5582 2434 5627 crucem
2480 5568 2771 5636 intelligat,
2807 5578 3138 5638 argumento
3163 5578 3270 5634 est,
3297 5571 3348 5624 id
3377 5570 3524 5638 quod

1948 5660 2231 5726 sequitur:
2263 5659 2454 5723 Sume,
2488 5657 2725 5724 Domine,
2756 5658 2812 5712 in
2843 5660 3070 5725 requiem
3096 5668 3242 5714 tuam
3261 5662 3300 5718 '.
3328 5661 3526 5717 Comes

342 5829 361 5875 ι
398 5830 657 5901 noun”,
689 5833 743 5888 5.
819 5838 838 5868 θ
870 5833 990 5893 Gal.
1037 5851 1116 5901 ιιι,
1145 5835 1235 5889 ‘27.
1313 5836 1332 5866 ³
1374 5837 1538 5895 lCor.
1570 5854 1608 5904 ι,
1638 5836 1728 5894 24.
1806 5835 1827 5867 ⁸
1855 5833 2126 5904 Exod.ix,
2153 5835 2239 5894 ιε’..
2312 5835 2333 5866 ³
2376 5835 2515 5895 Psal.
2541 5849 2722 5908 cexxr,
2759 5839 2811 5899 7.
2891 5841 2912 5874 ⁸
2943 5839 3079 5902 ibid.
3107 5841 3164 5904 8.
3248 5904 3256 5918 ,
