3960 6558
276 434 411 499 liti!)

1267 430 1639 494 PANOPLIA
1678 429 2136 490 DOGMATICA.
2164 452 2234 463 --
2256 428 2405 492 ΤΙΤ.
2440 422 2614 492 XXV.

3376 432 3507 498 1250

267 553 343 623 μὴ
393 551 602 605 ἄνωθεν
661 550 1022 621 γεννηθέντας
1054 548 1195 603 κατὰ
1233 548 1327 602 106
1372 548 1582 616 Κυρίου
1628 548 1834 618 φωνήν,

1940 546 2030 615 qui
2061 546 2127 601 de
2166 546 2414 614 supernis
2447 547 2560 600 nati
2592 553 2740 609 sunt,
2778 553 2836 601 ut
2882 545 3141 604 Dominus
3194 551 3309 606 ait:
3356 569 3508 622 rege-

270 643 477 715 Ἠ-γὰρ
504 642 915 711 παλιγγενεσία,
944 642 1017 705 ὡς
1052 642 1145 694 καὶ
1174 640 1306 693 αὐτὸ
1355 640 1508 710 δηλοῖ
1547 640 1607 691 τὺ
1641 641 1832 708 ὄνομα,

262 735 519 804 δευτέρου
574 733 688 802 βίου
735 732 886 784 ἐστὶν
925 732 1091 800 ἀρχή.
1130 731 1293 783 Ὥστε
1321 730 1377 783 δὲ
1424 730 1694 800 ἄρξασθαι
1741 730 1835 782 106

262 823 544 895 δευτέρου,
582 822 753 891 πέρας
776 822 882 891 χρὴ
916 821 1099 874 δοῦναι
1122 821 1199 890 τῷ
1226 821 1571 891 προλαϐόντι.
1614 821 1700 882 Ὠς
1730 822 1838 890 γὰρ

265 916 360 968 ἐπὶ
392 917 497 967 τῶν
523 915 614 966 τὸν
642 913 859 966 δίαυλον
894 914 1363 981 ἁνακαμπτόντων
1397 912 1585 973 στάσις
1634 928 1718 974 τις
1744 913 1838 963 καὶ

265 1006 612 1077 ὲτζηρέμησις
641 1005 741 1068 τὰς
763 1004 1007 1066 ἐναντίας
1038 1004 1281 1073 κινήσεις
1305 1003 1840 1073 δια).αμ6ἀνει,οὕτω

264 1099 361 1151 καὶ
390 1099 485 1149 ἐπὶ
507 1096 608 1166 τῆς
630 1096 742 1150 τῶν
787 1095 919 1165 βίων
964 1094 1269 1165 μεταϐολῆς
1319 1098 1619 1160 ἀναγκαῖον
1667 1095 1837 1164 ἐφάνη

265 1189 499 1242 θάνατον
550 1188 888 1258 ἀμφοτέροις
932 1186 1252 1257 μεσιτεῦσαι
1303 1189 1415 1250 τοῖς
1466 1187 1624 1257 βίοις,
1663 1203 1837 1256 περα-

263 1280 461 1333 τοῦντα
494 1281 590 1350 μὲν
638 1280 708 1333 τὰ
746 1279 1077 1350 προάγοντα,
1147 1279 1320 1349 ἀρχὴν
1355 1278 1411 1331 δὲ
1461 1279 1674 1332 διδόντα
1726 1279 1839 1340 10!;

263 1370 485 1440 ἐφεξῆς.
522 1371 646 1433 Πῶς
687 1366 781 1423 οὖν
827 1370 1207 1440 κατορθοῦμεν
1257 1374 1357 1439 τὴν
1401 1370 1480 1431 είς
1514 1369 1643 1439 ᾅδου
1674 1369 1839 1420 κατά-

265 1467 447 1528 εασιν,
483 1464 809 1532 μιμούμενοι
868 1462 968 1525 τὴν
1011 1462 1191 1532 ταφὴν
1223 1461 1319 1514 τοῦ
1351 1460 1624 1531 Χριστοῦ;
1659 1461 1836 1512 Οίονεὶ

261 1555 370 1623 γὰρ
392 1555 725 1609 ἐνθάπτεται
750 1553 827 1624 τῷ
861 1553 1013 1605 ὕδατι
1049 1552 1158 1603 τῶν
1189 1551 1605 1621 βαπτιζομένων
1629 1551 1700 1601 τὰ
1735 1548 1836 1600 σὼ-

266 1664 434 1716 ματα.
467 1647 757 1699 Ἀπόθεσιν
787 1646 881 1698 οὖν
909 1646 1018 1697 τῶν
1046 1645 1222 1714 ἔργων
1254 1645 1351 1711 τῆς
1383 1644 1587 1713 σαρκὸς
1633 1641 1833 1710 συμϐο-

257 1739 430 1800 λικῶς
461 1738 754 1806 ὑποφαίνει
779 1738 841 1789 τὸ
870 1737 1175 1806 βάπτισμα,
1208 1737 1348 1789 κατὰ
1387 1737 1476 1788 τδν
1508 1734 1834 1788 Ἀπόστολον

260 1830 509 1899 λέγοντα,
543 1831 627 1883 ὅτι
681 1830 1113 1899 Περιετμήθητε
1177 1829 1465 1898 περιτομῇ
1498 1830 1835 1898 ἀχειροποιο
1872 1880 1909 1934 Β

258 1930 383 1990 ητῳ
409 1922 478 1976 ἐν
514 1922 590 1991 τῇ
638 1924 968 1978 ἀπεκδύσει
1016 1922 1122 1977 τοῦ
1159 1922 1437 1991 σώματος
1470 1920 1576 1987 τῆς
1610 1921 1833 1988 σαρκός

258 2015 329 2067 ἐν
365 2013 441 2082 τῇ
474 2014 763 2083 περιτομῇ
808 2014 913 2067 τοῦ
935 2015 1212 2081 Χριστοῦ,
1245 2012 1647 2079 συνταφέντες
1677 2008 1836 2073 αὐτῷ

258 2104 425 2169 ἐντῷ
442 2105 766 2175 βαπτισμῷ
792 2123 807 2137 ·
837 2105 930 2158 καὶ
948 2106 1110 2157 οἱονεὶ
1136 2104 1430 2175 καθάρσιόν
1453 2106 1567 2157 ἐστι
1594 2106 1659 2173 τῇ
1686 2102 1834 2175 ψυχῇ

257 2194 353 2246 106
380 2194 487 2247 ἀπὸ
514 2195 609 2246 106
662 2194 927 2263 σαρκικοῦ
975 2195 1323 2265 φρονήματος
1374 2194 1511 2263 αὐτῇ
1543 2209 1833 2263 προσγινον

263 2287 428 2353 μένου
464 2286 638 2358 ῥύπου
662 2326 677 2351 ,
723 2288 864 2338 κατὰ
914 2286 975 2337 τὸ
1000 2286 1409 2355 γεγραμμένον,
1460 2286 1542 2337 ὅτι
1578 2285 1838 2351 Πλυνεῖς

254 2392 352 2445 με,
381 2376 477 2428 καί
508 2376 662 2442 ὑπὲρ
691 2377 866 2443 χιόνα
893 2375 1404 2444 λευκανθήσομαι.
1430 2376 1528 2428 Διὰ
1550 2374 1705 2427 10610
1736 2377 1837 2428 οὐκ

263 2465 549 2528 ἰουδαῖκῶς
587 2467 674 2535 ἐφ’
698 2466 914 2536 ἑκάστῳ
946 2467 1255 2536 μολύσματι
1283 2467 1690 2534 ἁπολουόμεθα,
1717 2468 1835 2521 ἀλλ’

260 2558 320 2610 ἓν
351 2557 571 2626 οἴδαμεν
598 2556 659 2609 τὸ
694 2560 960 2629 σωτήριον
993 2558 1299 2627 βάπτισμα,
1338 2560 1527 2629 ἐπειδὴ
1563 2554 1643 2623 εἷς
1688 2562 1836 2613 ἐστιν

259 2649 289 2699 ό
316 2648 458 2717 ὑπὲρ
485 2647 582 2699 106
608 2647 814 2717 κόσμου
851 2649 1103 2711 θάνατος,
1136 2650 1229 2701 καὶ
1262 2649 1363 2718 μία
1392 2651 1457 2702 ὲκ
1477 2650 1689 2719 νεκρῶν
1720 2650 1837 2714 ἐξα-

260 2739 540 2804 νάστασις,
566 2733 641 2792 ὧν
671 2739 841 2802 τύπος
868 2741 984 2792 ἐστὶ
1009 2742 1070 2792 τὸ
1097 2740 1398 2811 βάπτισμα.
1434 2741 1639 2794 Τούτου
1678 2743 1837 2811 χάριν

259 2832 288 2882 ὁ
316 2832 414 2899 τὴν
440 2829 583 2901 ζωὴν
603 2831 761 2900 ἡμῶν
812 2832 1116 2900 οἰκονομῶν
1160 2833 1364 2902 Κύριος
1395 2832 1493 2902 τὴν
1520 2832 1613 2884 τοῦ
1648 2833 1837 2902 βαπτί-

262 2938 467 2989 σματος
521 2923 652 2992 ἡμῖν
701 2922 854 2975 ἔθετο
898 2922 1187 2993 διαθήκην,
1237 2923 1471 2976 θανάτου
1511 2924 1685 2976 τύπον
1742 2925 1836 2977 καὶ

260 3011 408 3080 ζωῆς
436 3013 821 3082 περιέχουσαν,
853 3012 953 3083 τὴν
984 3014 1082 3082 μὲν
1112 3012 1206 3066 τοῦ
1233 3012 1466 3067 θανάτου
1517 3013 1704 3066 εἰκόνα
1740 3014 1833 3066 τοῦ

261 3101 455 3167 ὓδατος
506 3103 930 3175 ὲκπληροῢντος,
982 3106 1073 3158 τὸν
1110 3106 1168 3157 δὲ
1223 3106 1322 3175 τῆς
1367 3105 1511 3173 ζωῆς
1536 3105 1834 3176 ἀρραϐῶνα

1941 636 2149 690 neratio
2183 639 2348 701 enim,
2382 649 2440 692 ut
2469 638 2577 706 ipsa
2602 653 2699 691 vox
2733 637 2953 705 indicat,
2984 641 3209 696 alterius
3248 645 3369 698 vitm
3404 646 3511 699 ini-

1941 729 2073 782 tium
2104 736 2207 782 est.
2250 727 2610 793 Quamobrem
2656 739 2713 781 ut
2737 729 2958 784 alteram
2986 733 3235 803 incipias,
3258 738 3422 803 priori
3450 739 3510 789 5-

1939 820 2324 889 nemimponas
2350 834 2572 874 necesse
2593 831 2695 874 est.
2726 822 3187 887 Quemadmodum
3206 826 3346 879 enim
3369 828 3419 880 in
3442 828 3509 881 iis
3546 850 3552 865 ι

1940 910 2028 977 qui
2058 925 2275 964 cursum
2307 913 2611 975 reﬂectunt,
2638 921 2812 967 status
2843 915 3060 981 quidam
3092 926 3144 969 et
3170 920 3321 985 quies
3376 933 3507 972 cou-

1942 1002 2134 1056 trarios
2169 1012 2346 1057 motus
2380 1004 2667 1071 intercipit.
2715 1007 2794 1058 sic
2827 1017 2876 1060 et
2909 1009 2958 1059 in
3026 1010 3317 1064 mutdiunc
3353 1013 3508 1065 «vita:

1941 1092 2304 1144 necessarium
2330 1093 2563 1153 videtur,
2590 1102 2657 1149 ,ιιι
2678 1107 2824 1145 mors
2854 1095 2994 1147 inter
3023 1109 3307 1167 utramque
3341 1100 3504 1152 vitam

1941 1183 2278 1237 intercedens
2330 1183 2758 1251 prtecedcntibus
2810 1184 2966 1237 linem
3030 1188 3267 1254 imponat
3322 1200 3375 1243 et
3425 1207 3509 1244 se-

1939 1272 2228 1339 quentibus
2310 1272 2631 1341 principium
2687 1275 2964 1329 exhibeat.
3023 1276 3298 1340 Quomodo
3345 1278 3507 1345 igitur

1940 1366 2258 1418 descensum
2287 1365 2351 1419 ad
2381 1364 2585 1418 inferos
2616 1366 2914 1435 dirigemus
2942 1366 2966 1418 ?
2994 1365 3268 1421 lmitantes
3325 1367 3507 1435 sepul-

1942 1464 2113 1506 turam
2133 1454 2356 1507 Christi.
2385 1455 2581 1507 Eurum
2597 1454 2738 1507 enim
2769 1455 2858 1522 qui
2890 1456 3227 1523 liaptizantur
3280 1470 3505 1524 corpora

1940 1543 1994 1596 in
2028 1560 2165 1613 aqua
2198 1547 2594 1613 quodammodo
2619 1547 2971 1613 sepeliuntur.
3008 1547 3189 1616 Itaque
3212 1547 3509 1615 ltaptistnns

1941 1634 2161 1702 ﬁgurate
2190 1651 2411 1704 operum
2469 1638 2650 1690 carnis
2695 1638 3083 1704 depositionem
3119 1639 3505 1706 signiticat,ex

1937 1726 2172 1793 Ap0stoli
2194 1728 2460 1780 sententia
2480 1728 2707 1782 dicentis
2738 1747 2751 1781 :
2787 1729 3104 1783 Circumcisi
3137 1732 3258 1784 estis
3287 1732 3508 1783 circum-

1939 1817 2132 1869 cisione
2184 1835 2286 1869 non
2333 1835 2492 1870 manu
2540 1820 2680 1887 facta
2728 1820 2781 1871 in
2847 1821 3229 1888 exspolintione
3271 1824 3507 1889 corporis

1941 1912 2134 1974 carnis,
2164 1911 2217 1963 in
2259 1910 2456 1964 Christi
2493 1913 2886 1966 circumcisione
2916 1914 3205 1979 consepti/ti
3246 1930 3361 1967 cum
3394 1916 3505 1983 ipso

1940 2001 1995 2053 in
2025 2002 2278 2067 baptimio
2308 2005 2347 2056 ι.
2386 2003 2451 2056 Et
2473 2012 2555 2057 est
2592 2015 2844 2072 tauquam
2874 2006 3195 2073 expurgalio
3236 2006 3428 2060 animat
3476 2023 3505 2058 a

1941 2096 2190 2149 sordibus
2207 2110 2324 2160 quin
2343 2097 2414 2149 illi
2433 2097 2631 2149 adsunt
2650 2113 2713 2149 ex
2735 2100 2915 2151 carnis
2931 2097 3360 2165 sapientia,sicut
3379 2098 3509 2153 scri-

1940 2197 2088 2254 ptum
2108 2197 2189 2239 est
2210 2203 2221 2238 :
2245 2184 2469 2238 Lavabis
2492 2200 2639 2247 me,et
2653 2203 2805 2250 super
2822 2187 2985 2238 nivem
3004 2188 3285 2241 dealbabor
3302 2188 3513 2243 ’.ωριτ-

1939 2291 2002 2331 c0
2031 2293 2133 2331 non
2167 2291 2319 2330 more
2348 2274 2658 2330 Judaeorum
2686 2278 2954 2329 abluimur
2974 2278 3039 2330 ad
3070 2279 3307 2347 singulas
3338 2280 3514 2349 inqui-

1939 2370 2204 2431 nationes,
2239 2368 2332 2420 sed
2368 2384 2528 2420 unum
2569 2370 2811 2421 novimus
2837 2370 3161 2436 baptismum
3192 2370 3508 2437 salutarem,

1938 2459 2189 2528 quoniam
2224 2474 2328 2511 una
2359 2468 2440 2511 est
2470 2473 2565 2526 pro
2606 2459 2806 2512 mundo
2834 2474 2999 2523 mors,
3025 2470 3079 2514 et
3114 2464 3511 2520 unaamortuis

1938 2551 2285 2613 resurrectio,
2316 2564 2541 2617 quarum
2576 2548 2798 2615 ﬁguram
2826 2551 3124 2617 baptismus
3142 2553 3317 2621 gerit;
3362 2556 3513 2622 cujus

1941 2640 2015 2692 rci
2045 2641 2214 2708 gratia
2241 2640 2331 2706 qui
2358 2642 2519 2691 vitam
2540 2650 2785 2692 nostram
2811 2641 2945 2709 regit
2970 2639 3230 2697 Dominus
3261 2644 3515 2712 baptismi

1939 2730 2113 2785 fatuus
2146 2732 2304 2785 nobis
2333 2732 2699 2799 instituit,quo
2723 2733 2910 2786 mortis
2936 2733 3164 2801 vitaeque
3189 2734 3355 2802 figura
3384 2751 3513 2790 con-

1941 2824 2165 2875 tinetur.
2196 2822 2380 2875 Mortis
2415 2823 2556 2875 cnim
2602 2839 2738 2889 aqua
2773 2823 2952 2892 explet
2987 2825 3320 2894 imaginem;
3387 2829 3511 2883 vita

1936 2924 2113 2967 autem
2139 2916 2332 2984 pignus
2362 2915 2595 2982 Spiritus
2620 2917 3041 2988 piwliet.‘Quare
3055 2922 3199 2987 quod
3230 2922 3511 2988 quaereba-

1939 3012 2049 3065 tur,
2106 3018 2202 3056 cur
2245 3018 2384 3070 aqua
2431 3020 2552 3057 cum
2596 3002 2800 3071 Spiritu
2842 2985 3232 3072 assumeretur,
3279 3025 3346 3063 ex
3421 3011 3507 3064 his

1937 3093 2260 3162 patefactum
2282 3103 2382 3147 est.
2409 3092 2543 3147 Cum
2577 3097 2721 3148 enim
2750 3096 2858 3149 duo
2878 3097 2929 3150 iu
2955 3098 3217 3165 baptismo
3243 3103 3510 3171 proposita

262 3196 635 3265 παρεχομένου
658 3196 750 3249 τοῦ
769 3195 1107 3266 Πνεύματος,
1132 3195 1273 3250 ὥστε
1303 3196 1473 3263 σαφὲς
1504 3197 1636 3265 ἡμῖν
1657 3194 1834 3247 ὲντεῦ-

1940 3187 2065 3251 sint,
2118 3195 2178 3241 ut
2232 3186 2480 3241 deleatur
2510 3201 2705 3254 corpus
2738 3189 2943 3256 peccati
2977 3205 3043 3244 ne
3092 3193 3327 3260 amplius
3357 3196 3510 3249 morti

260 3284 352 3340 θεν
381 3287 572 3355 γέγονε
603 3287 666 3340 τὸ
719 3287 1052 3357 ζητούμενον
1077 3325 1091 3346 ,
1147 3286 1291 3339 διατί
1341 3285 1420 3356 τῷ
1456 3287 1733 3354 ΙΙνεύματι
1766 3285 1828 3340 τὸ

260 3378 405 3448 ὓδωρ
437 3378 896 3450 συμπαρελήφθη,
925 3381 1031 3441 ὅτι,
1061 3378 1155 3430 δύο
1190 3376 1409 3431 σκοπῶν
1439 3378 1496 3428 ὲν
1523 3376 1601 3445 τῷ
1631 3376 1826 3445 βαπτί-

260 3485 427 3537 οματι
457 3470 859 3538 προκειμένων,
893 3470 1241 3537 καταργῆσαι
1292 3465 1394 3534 μὲν
1422 3466 1482 3517 τὸ
1532 3466 1693 3536 σῶμα
1725 3468 1825 3535 τῆς

258 3561 536 3630 ἁμαρτίας
568 3560 661 3613 τοῦ
685 3560 882 3630 μηκέτι
908 3561 1279 3630 καρποφορεῖν
1309 3557 1443 3611 αὐτὸ
1486 3556 1564 3627 τῷ
1590 3557 1828 3627 θανάτῳ,

259 3654 360 3720 ζῇν
392 3652 449 3707 δὲ
480 3652 557 3721 τῷ
582 3651 883 3721 Πνεύματι,
914 3653 1009 3704 καὶ⁵
1043 3652 1253 3720 καρπὸν
1285 3650 1434 3720 ἔχειν
1457 3652 1515 3704 ὲν
1540 3649 1828 3719 ἁγιασμῷ,

258 3745 319 3795 τὺ
351 3742 448 3812 μὲν
476 3742 620 3813 ὕδωρ
646 3743 739 3795 τοῦ
765 3740 998 3796 θανάτου
1034 3742 1132 3813 τὴν
1156 3742 1343 3794 εἰκόνα
1358 3740 1609 3810 παρέχει,
1641 3739 1831 3810 ὥσπερ

259 3837 318 3887 ἐν
346 3837 488 3904 ταφῇ
519 3835 577 3887 τὸ
607 3833 768 3903 σῶμα
800 3834 1260 3905 παραδεχόμενον.
1298 3832 1373 3884 Τδ
1403 3832 1459 3884 δὲ
1485 3830 1709 3901 Πνεῦμα
1733 3832 1831 3900 τὴν

261 3929 525 3994 ζωοποιὸν
550 3930 727 3999 ἐνίησι
755 3930 1006 4000 δύναμιν,
1030 3930 1138 3983 ἀπὸ
1153 3929 1253 3998 τῆς
1280 3928 1420 3982 κατὰ
1438 3928 1535 3998 τὴν
1555 3926 1832 3998 ἁμαρτίαν

262 4021 588 4091 νεκρότητος
620 4021 699 4083 εἰς
730 4022 831 4089 τὴν
862 4018 921 4084 ἐξ
953 4019 1132 4089 ἀρχῆς
1162 4018 1309 4088 ζωὴν
1347 4018 1444 4082 τὰς
1468 4019 1643 4087 ψυχὰς
1674 4019 1832 4088 ήμῶν

260 4114 629 4179 ἀνακαινίζον.
663 4112 839 4168 Τοῦτο
880 4111 973 4163 οὖν
1000 4111 1117 4163 ἔστι
1163 4109 1224 4161 τὸ
1253 4109 1459 4162 ἄνωθεν
1504 4108 1832 4176 γεννηθῆναι

260 4206 319 4272 ἐξ
349 4204 536 4267 ὓδατος
598 4204 695 4258 καὶ
741 4203 1082 4273 Πνεύματος,
1115 4199 1190 4261 ὡς
1230 4200 1329 4267 τῆς
1361 4196 1464 4265 μὲν
1512 4197 1834 4265 νεκρὼσεως

260 4299 318 4347 ἐν
356 4295 433 4366 τῷ
464 4296 619 4349 ὕδατι
644 4293 1111 4365 τελουμένης,τῆς
1142 4289 1201 4344 δὲ
1223 4288 1367 4358 ζωῆς
1393 4287 1554 4357 ἡμῶν
1583 4289 1835 4357 ἐνεργου-

263 4389 433 4457 μένης
464 4388 553 4441 διὰ
592 4388 688 4440 τοῦ
743 4384 1085 4451 Πνεύματος.
1141 4382 1230 4435 Ἐν
1258 4380 1439 4451 τρισὶν
1469 4375 1565 4433 οὖν
1592 4379 1830 4433 καταδύ-

1936 3281 2173 3338 l'ructum
2200 3281 2355 3341 ferat.
2390 3290 2444 3334 et
2468 3280 2672 3348 Spiritu
2697 3282 2842 3334 vivat
2883 3296 2945 3334 ac
2978 3281 3208 3337 fructum
3234 3285 3426 3341 habeat
3459 3289 3511 3342 in

1936 3376 2385 3443 sanctitate,aqua
2410 3372 2599 3426 mortis
2623 3372 2908 3442 imaginem
2946 3375 3230 3439 gerit,cum
3258 3387 3515 3447 tanquam

1939 3466 1991 3518 in
2029 3464 2278 3533 sepulcro
2301 3477 2497 3531 corpus
2518 3464 2769 3530 accipiat,
2797 3462 3029 3531 Spiritus
3055 3476 3234 3520 autem
3298 3469 3515 3524 vitalem

1937 3559 2191 3610 virtutem
2228 3554 2421 3623 injicit,
2454 3556 2579 3607 dum
2613 3567 2643 3606 a
2674 3555 3004 3610 mortalitate
3021 3570 3086 3610 ex
3115 3568 3341 3625 peccato
3392 3577 3502 3629 pro

1933 3651 2183 3704 veniente
2205 3650 2412 3702 animas
2432 3655 2642 3701 nostras
2667 3647 2731 3700 ad
2763 3647 2926 3700 vitam
2946 3649 3226 3716 pristinam
3266 3663 3509 3709 renovat.

1936 3742 2049 3796 lloc
2089 3739 2254 3807 igitur
2281 3749 2365 3791 est
2400 3738 2467 3790 de
2500 3737 2751 3804 supernis
2784 3738 2929 3791 nasci
2954 3746 3007 3790 ct
3031 3755 3167 3809 aqua
3201 3751 3255 3795 et
3284 3742 3507 3811 Spiritu,

1935 3845 2055 3883 cum
2076 3830 2130 3881 in
2160 3841 2297 3894 aqua
2328 3826 2639 3893 perﬁciatur
2694 3824 3055 3889 rnortilicatio,
3101 3836 3156 3881 et
3184 3831 3290 3884 vita
3325 3842 3511 3887 nostra

1938 3907 2034 3988 per
2092 3917 2350 3988 Spiritum
2400 3917 2754 3971 instauretur.
2814 3917 3007 3973 Ternis
3068 3920 3231 3989 igitur
3292 3924 3513 3979 innuer-

1938 4011 2204 4073 sionibus,
2226 4007 2499 4074 ternisque
2520 4007 2968 4076 appellatimtibus
2996 4026 3245 4079 magnum
3261 4015 3509 4083 baptismi

1939 4103 2247 4172 mysterium
2270 4099 2561 4168 peragitur,
2600 4113 2655 4154 ut
2679 4110 2733 4154 et
2766 4104 2955 4155 mortis
2973 4106 3141 4171 ligura
3160 4107 3509 4175 exprimatur,

1935 4202 1989 4247 et
2013 4193 2204 4245 divina:
2219 4191 2541 4258 cognitionis
2567 4192 2812 4247 doctrina
2832 4207 3020 4249 eorum
3055 4197 3145 4263 qui
3169 4196 3513 4267 baptizantur

1937 4288 2132 4342 anima:
2165 4287 2526 4340 illustrentur.
2550 4287 2915 4351 Quamobrem
2952 4293 2998 4346 si
3024 4307 3129 4360 qua
3150 4296 3321 4363 gratia
3351 4297 3514 4352 estin

1938 4394 2099 4444 aqua,
2117 4392 2177 4430 ea
2207 4391 2313 4430 non
2331 4390 2392 4431 ex
2413 4392 2565 4445 aqua:
2585 4388 2799 4443 natura,
2818 4382 2913 4434 sed
2939 4396 3008 4436 ex
3028 4382 3263 4451 Spiritus
3279 4402 3513 4456 prmsem

261 4496 402 4543 σεσι,
431 4482 526 4532 καὶ
559 4479 866 4549 ἰσαρίθμοις
899 4478 1019 4537 ταῖς
1060 4472 1384 4540 ἐπικλήσεσι
1420 4472 1483 4524 τὸ
1530 4474 1831 4541 μυστήριον

1940 4473 2011 4524 tia
2046 4466 2320 4538 provenit.

259 4570 361 4633 τοῦ
402 4572 780 4644 βαπτίσματος
829 4567 1155 4631 τελειοῦται,
1197 4564 1285 4618 ἴνα
1306 4566 1397 4616 καὶ
1419 4564 1451 4616 ό
1472 4563 1567 4616 106
1597 4563 1827 4617 θανάτου
1851 4563 2022 4624 τύπος
2049 4558 2411 4628 ὲξεικονισθῇ,
2446 4560 2543 4613 καὶ
2573 4562 2638 4629 τῇ
2700 4562 3006 4629 παραδόσει
3027 4566 3130 4634 τῆς
3177 4566 3517 4635 θεογνωσιας

263 4670 366 4731 τὰς
386 4646 397 4655 ⁸
419 4666 598 4735 ψυχὰς
622 4661 983 4733 φωισθῶμεν
1009 4661 1059 4714 οἱ
1086 4658 1504 4729 βαπτιζόμενοι.
1523 4660 1686 4712 ’Ὥστε
1709 4660 1761 4710 ιτ
1785 4661 1868 4723 τίς
1898 4660 2047 4711 ἐστιν
2078 4657 2136 4709 ὲν
2167 4653 2251 4724 τῷ
2306 4652 2463 4709 ὕδατι
2493 4654 2678 4725 χάρις,
2733 4657 2836 4710 οὐκ
2882 4660 2946 4711 ἑκ
2982 4659 3085 4729 τῆς
3116 4660 3337 4729 φύσεώς
3391 4664 3516 4716 ἐστι

257 4762 353 4816 106
414 4758 644 4818 ὓδατος,
700 4752 816 4805 ἀλλ’
863 4753 928 4805 ὲκ
984 4749 1083 4818 τῆς
1141 4748 1239 4801 τοῦ
1290 4746 1608 4817 Πνεύματος
1630 4747 1958 4817 παρουσίας.

260 4914 592 4986 Γρηγορίςυ
619 4912 723 4966 τοῦ
758 4912 1056 4986 Θεορόπου
1088 4909 1292 4986 caelat}
1325 4909 1512 4977 λόγου
1537 4906 1644 4961 τοῦ
1685 4922 1829 4975 προ-

574 4980 892 5052 τρεπτικοῦ
931 4982 1012 5041 είς
1040 4978 1107 5033 τὸ
1138 4979 1479 5049 βάπτισμα.

334 5117 530 5175 Διττῶι
567 5116 619 5171 δὲ
646 5116 817 5169 όντων
871 5112 1057 5184 ἡμῶν,
1100 5114 1164 5166 ὲκ
1203 5110 1386 5181 ψυχῆς
1418 5111 1565 5179 λέγω
1604 5112 1701 5163 καὶ
1732 5109 1843 5163 aib-

263 5229 458 5276 ματος,
489 5213 585 5262 καὶ
608 5210 707 5277 τῆς
739 5205 840 5276 μὲν
861 5204 1091 5274 ὁρατῆς,
1110 5203 1207 5273 τῆς
1233 5203 1292 5256 δδ
1320 5204 1556 5273 ἀοράτου
1596 5201 1835 5270 φύσεως,

256 5304 417 5374 διττὴ
442 5303 538 5357 καὶ
568 5302 602 5371 ἡ
641 5299 934 5368 κάθαρσις,
967 5296 1037 5350 δι’
1062 5296 1258 5360 ὕδατός
1286 5298 1345 5351 τέ
1371 5313 1515 5365 φημι
1540 5294 1641 5349 καὶ
1665 5294 1836 5349 Ilvati-

1971 4903 2216 4975 Thcologi
2239 4921 2302 4960 ex
2327 4906 2566 4965 oratione
2597 4923 2704 4979 qua
2720 4909 2788 4968 ad
2808 4909 3119 4979 baptismum
3150 4916 3479 4975 cohortatur.

2007 5126 2139 5181 Cum
2166 5136 2341 5180 autem
2360 5127 2601 5196 duplices
2619 5130 2809 5193 simus.
2838 5133 2938 5187 hoc
2961 5145 3136 5196 est,ex
3167 5137 3353 5189 anima
3396 5147 3520 5192 corr

1940 5232 2181 5288 pureque
2210 5229 2519 5274 constemus
2554 5258 2571 5284 .
2609 5234 2836 5291 quorum
2887 5224 3109 5279 alterius
3165 5237 3363 5279 natura
3417 5229 3522 5282 sub

1937 5324 2014 5377 as.
2036 5320 2214 5364 cetum
2255 5311 2421 5377 cadit,
2449 5312 2674 5368 alterius
2704 5327 2813 5366 non
2841 5315 3009 5380 cadit,
3039 5316 3233 5383 duplex
3267 5318 3392 5372 item
3431 5332 3517 5374 est

264 5412 460 5465 ματος,
493 5391 592 5445 τοῦ
616 5390 717 5460 μὲν
749 5387 1043 5458 θεωρητῶς
1074 5402 1136 5439 τε
1170 5387 1264 5440 καὶ
1316 5385 1648 5455 σωματικῶς
1687 5384 1832 5454 λαμ-

1940 5397 2189 5467 expiatio,
2224 5414 2323 5468 per
2359 5415 2554 5469 aquam
2585 5402 2839 5455 nimirum
2881 5415 2928 5457 et
2960 5402 3249 5473 Spiritum,
3285 5422 3519 5476 quarum

261 5488 590 5557 ϐανομένου,
623 5482 719 5537 τοῦ
745 5481 803 5534 δὲ
847 5479 1157 5549 ἁσωμάτως
1184 5481 1282 5532 καὶ
1339 5479 1671 5549 ἀθεωρήτως
1713 5494 1834 5530 συν-

1940 5489 2103 5543 altera
2136 5491 2348 5546 ratione
2373 5506 2633 5561 corporea
2673 5493 2983 5565 visibilique
3014 5498 3338 5567 percipitur,
3368 5501 3511 5556 alter

256 5580 549 5650 τρέχοντος
573 5593 587 5609 ·
624 5576 718 5629 καὶ
760 5574 855 5626 106
901 5572 998 5643 μὲν
1036 5570 1294 5638 τυπικοῦ,
1345 5570 1441 5625 106
1468 5570 1525 5626 δὲ
1551 5569 1833 5643 ἀληθινοῦ.

1940 5583 2144 5637 ratione
2220 5584 2541 5653 incorporea
2608 5594 2773 5654 atque
2842 5587 3100 5643 invisibili
3200 5594 3506 5646 concurrit.

260 5671 359 5724 καὶ
377 5670 445 5723 τά
494 5667 633 5739 βάθη
664 5665 1042 5737 καθαίροντος,
1075 5664 1105 5717 ὃ
1149 5665 1248 5734 τῆς
1299 5666 1523 5736 πρώτης
1567 5666 1834 5735 γενέσεως

1940 5669 2029 5726 illa
2064 5673 2317 5743 ﬁgurate,
2341 5674 2427 5730 hic
2452 5687 2579 5729 vere
2605 5676 2769 5731 etiam
2798 5678 3062 5747 profunda
3090 5693 3373 5752 expurgat.
3405 5682 3511 5750 Qui

337 5835 357 5865 '
379 5832 589 5888 Culoss.
619 5846 655 5886 ιι
679 5830 765 5886 ιο.
843 5831 862 5859 ²
888 5828 1029 5884 Psal.
1064 5844 1093 5881 ι.
1126 5828 1182 5883 9.
