3960 6574
476 406 609 471 1251
1685 403 2061 467 EUTIIYMll
2106 405 2465 467 ZIGABENI

3602 413 3625 475 ι
3638 408 3751 469 253

466 538 592 579 cum
640 522 827 592 primae
873 514 1236 592 generaltouts
1278 520 1495 586 adjutot‘
1530 516 1715 583 fuerit,
1757 530 1928 570 novos
1985 528 2046 567 ex

2156 502 2449 587 ἐπικουρία
2481 520 2770 591 τυγχάνον,
2806 518 3026 582 καινοὺς
3050 520 3167 573 ἀντὶ
3195 518 3459 581 παλαιῶν,
3492 520 3590 572 καὶ
3613 518 3754 572 οε)-

467 615 766 679 veteribus,
806 621 862 666 et
911 612 1121 665 divinos
1170 626 1235 664 ex
1265 610 1355 663 illo
1377 608 1523 678 quod
1548 625 1758 675 sumus,
1786 610 1904 663 sine
1928 609 2050 678 igne

364 734 369 737 <
467 711 739 778 retlngens
761 717 815 762 ct
835 708 952 762 sine
974 705 1352 761 contractione
1370 720 1646 761 recreans.
1664 702 1824 764 Nam,
1852 714 1908 756 ut
1939 716 2049 756 rem

467 802 704 855 breviter
734 798 1166 866 conplectamnr,
1188 796 1442 866 baptismi
1461 799 1633 850 virtus
1656 794 1787 850 nihil
1804 794 1948 848 aliud
1970 800 2053 848 est

467 892 573 948 nisi
595 893 813 946 alterius
841 892 962 945 sitae
996 891 1340 960 puriorisqne
1372 889 1584 945 vivendi
1615 888 1843 943 rationis
1877 886 2052 941 foedus

465 988 611 1053 quod
648 986 847 1038 inimus
903 1000 1023 1037 cum
1068 984 1197 1048 Deo,
1229 982 1375 1053 quod
1436 983 1490 1036 in
1558 981 1749 1050 primis
1806 988 2053 1035 metucu-

464 1076 593 1130 dum
634 1084 735 1138 est,
766 1083 819 1127 et
857 1073 1534 1153 omnicura'cnstodienda
1575 1082 1658 1128 est
1708 1071 1887 1127 anima
1936 1070 2053 1124 cui-

466 1183 572 1237 que
596 1184 690 1222 sua
722 1182 788 1221 ne
810 1167 859 1220 in
888 1168 987 1221 hoc
1010 1170 1152 1235 quod
1181 1165 1408 1237 professi
1438 1181 1644 1229 sumus,
1662 1164 2051 1219 mendacesre-

467 1260 907 1331 periamnr.Nam
924 1259 965 1313 si
986 1269 1139 1327 pacta
1158 1273 1274 1327 qua:
1292 1273 1412 1311 cum
1434 1257 1742 1311 hominibus
1779 1255 2049 1322 faciimus,

467 1354 610 1408 Deus
643 1354 854 1408 medius
888 1351 1165 1406 adhibitus
1206 1360 1321 1404 rata
1356 1349 1519 1404 habet
1544 1356 1709 1418 atque
1738 1348 2047 1409 continuat.

463 1453 727 1514 quantum
784 1444 1010 1498 instabit
1058 1440 1362 1510 periculum
1414 1440 1461 1494 si
1514 1455 1577 1494 ea
1634 1454 1754 1509 quae
1802 1438 1901 1507 ipsi
1943 1439 2050 1492 Deo

466 1536 690 1606 polliciti
749 1550 935 1589 smnus
1002 1535 1370 1595 violahimus,
1430 1546 1638 1602 nosque
1692 1546 1794 1585 non
1873 1530 2048 1585 solum

464 1628 587 1681 aliis
621 1624 960 1688 criminibus,
1023 1626 1115 1678 sed
1152 1624 1254 1678 hoc
1276 1624 1437 1677 etiam
1476 1622 1778 1686 mendacio,
1816 1620 2054 1675 obstrin—

463 1733 653 1787 gemus
703 1716 962 1771 veritati?
1029 1716 1330 1770 Praesertim
1397 1729 1518 1768 cum
1563 1714 1667 1767 alia
1723 1729 1827 1767 non
1893 1712 2050 1766 detur

463 1810 806 1879 regeneratio
872 1822 1046 1877 neque
1090 1807 1337 1867 refectio.
1411 1821 1589 1875 neque
1642 1805 1934 1874 pristinum
1993 1804 2047 1857 in

462 1911 660 1956 statum
695 1900 1127 1960 restitntio,licet
1148 1914 1266 1953 eam
1298 1899 1533 1954 maxime
1556 1898 1738 1951 multis
1761 1898 2049 1967 gemitibus

464 2002 518 2048 et
547 1992 825 2060 lacryniis,
855 2008 919 2046 ex
951 1992 1167 2059 quibus,
1219 1999 1278 2043 ut
1303 2004 1402 2058 ego
1435 1989 1652 2060 quidem
1686 1990 1861 2044 sentin
1890 1998 2053 2058 atque

464 2092 764 2158 statuo,vix
797 2091 1068 2145 cicatricis
1104 2088 1357 2143 obductio
1390 2086 1660 2155 sequitur,
1692 2087 2050 2155 inquiramus.

464 2186 720 2253 Sequitur
735 2184 877 2237 enim
899 2183 1054 2250 idque
1077 2181 1368 2235 credimus.
1398 2178 1552 2245 Quod
1578 2180 1621 2234 si
1646 2179 1934 2233 cicatrices
1958 2179 2055 2232 de-

467 2277 702 2343 Ieantur,
750 2275 1012 2346 praeclare
1051 2274 1333 2329 nobiscum
1356 2274 1568 2343 agitur,
1615 2273 2049 2343 quandoquidem

464 2379 518 2424 et
563 2374 677 2439 ipse
704 2368 1057 2423 humanitatis
1098 2366 1332 2437 indigeo.

464 2484 705 2555 Gregorii
742 2480 932 2552 Nysam
1000 2478 1264 2555 ponti/iris
1300 2495 1383 2555 ex_
1416 2478 1656 2533 oratione
1691 2479 2007 2532 calerhetira
2033 2517 2049 2543 ,

993 2553 1116 2603 item
1146 2554 1211 2603 de
1242 2550 1516 2616 baptismo.

535 2644 731 2699 Verum
763 2645 888 2714 quia
951 2640 1188 2711 mysticae
1260 2640 1519 2696 doctrina:
1582 2656 1707 2709 pars
1757 2650 1839 2695 est
1889 2640 2049 2694 etiam

462 2736 663 2791 lavacri
693 2733 978 2797 institutio,
1005 2734 1109 2787 hoc
1144 2740 1199 2784 tu
1233 2731 1317 2783 vel
1341 2729 1675 2800 baptismum
1700 2732 1779 2785 vel
1812 2731 2053 2785 illustra-

462 2832 662 2884 tioneui
711 2829 792 2881 vel
854 2826 1327 2897 regenerationem
1383 2826 1623 2895 appelles
1688 2824 1849 2879 licet:
1905 2824 2049 2878 nulla

460 2920 605 2972 enim
654 2919 794 2972 inter
837 2931 938 2971 nos
972 2916 1036 2970 de
1070 2916 1292 2969 nomine
1326 2915 1437 2971 erit
1472 2915 1778 2969 dill‘erentia
1819 2933 1833 2969 :
1872 2930 2051 2984 operae

460 3012 693 3080 pretium
742 3012 865 3073 erit,
914 3018 972 3061 ut
1001 3009 1068 3062 de
1101 3010 1202 3061 hoc
1237 3009 1397 3062 etiam
1430 3021 1597 3076 pauca
1642 3023 2048 3076 percurramus.

457 3102 595 3158 Cum
642 3103 786 3157 enim
829 3116 856 3151 a
886 3099 1043 3153 nobis
1095 3098 1427 3165 audiverint,
1462 3100 1588 3168 quia
1626 3102 1768 3169 quod
1822 3100 2051 3154 mortale

2154 610 2311 673 ειδεῖς
2340 611 2461 664 ἀντὶ
2488 613 2597 665 τῶν
2630 614 2724 667 νῦν
2755 613 2927 668 ὄντων
2981 614 3300 685 ἐργάζεται,
3357 614 3526 683 χωρὶς
3557 612 3755 683 πυρὸς

2154 701 2519 771 ἀναχωνεῦον,
2553 705 2646 757 καὶ
2669 705 2959 770 ἀνακτίζον
2986 706 3108 775 δίχα
3132 704 3493 773 συντρίψεως,
3531 704 3589 758 Εἰ
3626 705 3755 775 γὰρ

2157 790 2442 866 συντόμως
2466 796 2549 850 δεῖ
2574 798 2774 861 εἰπεῖν,
2817 797 3095 867 συνθήκας
3136 800 3276 867 πρὸς
3308 798 3438 851 Θεὸν
3468 798 3754 866 δευτέρου

2156 886 2294 957 βίου.
2342 890 2440 943 καὶ
2495 890 2779 955 πολιτείας
2832 892 3229 961 καθαρωτέρας
3264 891 3602 958 ὑποληπτέον
3639 891 3755 958 τὴν

2154 977 2249 1032 τοῦ
2283 979 2670 1052 βαπτίσματος
2699 982 2954 1053 δύναμιν,
3004 984 3032 1036 ὃ
3056 984 3121 1056 δὴ
3161 986 3257 1038 καὶ
3293 986 3531 1055 μάλιστα
3562 984 3753 1053 φοϐη-

2154 1071 2299 1136 τέον,
2329 1073 2426 1126 καὶ
2472 1074 2621 1146 πάσῃ
2655 1076 2872 1147 φυλακῇ
2898 1079 3168 1147 τηρητέον
3198 1080 3299 1147 τὴν
3324 1078 3518 1131 ἑαυτοῦ
3548 1078 3754 1147 ψυχὴν

2155 1164 2415 1229 ἕκαστον,
2457 1166 2532 1235 μὴ
2566 1166 2800 1236 ψεῦσται
2823 1169 2920 1237 τῆς
2955 1169 3252 1239 ὁμολογίας
3306 1171 3508 1240 ταύτης
3535 1170 3755 1239 φαινώ-

2158 1256 2325 1324 μεθα.
2374 1254 2437 1309 Ei
2459 1257 2569 1328 γὰρ
2591 1259 2690 1321 τὰς
2723 1258 2859 1328 πρὸς
2888 1259 3210 1329 ἀνθρώπους
3239 1262 3530 1331 ὁμολογίας
3555 1265 3754 1330 ἐμπεο

2153 1347 2234 1400 δοῖ
2266 1348 2424 1412 Θεὸς,
2451 1350 2615 1418 μέσος
2668 1350 3071 1421 παραληφθεὶς,
3117 1353 3282 1417 πόσος
3307 1354 3336 1404 ό
3384 1355 3629 1415 κίνδυνος
3665 1347 3752 1407 ὧν

2157 1441 2296 1509 πρὸς
2330 1442 2493 1494 αὑτὸν
2516 1443 2754 1512 ἐθέμεθα
2813 1446 2905 1499 τὸν
2963 1446 3097 1499 Θεδν
3156 1445 3460 1514 συνθηκῶν,
3521 1446 3752 1498 τούτων

2158 1534 2485 1602 παραϐάτας
2539 1536 2917 1607 εὑρίσκεσθαι,
2960 1538 3056 1591 καὶ
3103 1538 3179 1610 μὴ
3212 1540 3371 1606 μόνον
3402 1538 3511 1592 τῶν
3551 1539 3753 1593 ἄλλων

2154 1626 2596 1696 ἁμαρτημάτων,
2631 1629 2767 1683 ἀλλὰ
2803 1632 2896 1683 καὶ
2929 1629 3094 1683 αὐτοῦ
3134 1630 3230 1683 τοῦ
3286 1630 3513 1699 ψεύδους
3548 1632 3756 1695 ὑποδεε-

2158 1735 2290 1781 κους
2322 1718 2463 1773 εἶναι
2495 1724 2561 1793 τῇ
2594 1722 2843 1795 ἀληθείᾳ,
2876 1724 2973 1778 καὶ
3002 1722 3176 1778 ταῦτα
3211 1723 3311 1777 οὐκ
3364 1722 3529 1793 οὔσης
3548 1722 3755 1777 δευτέο

2156 1826 2255 1879 ρας
2318 1812 2752 1884 ἀναγεννήσεως,
2808 1816 2927 1869 οὐδὲ
2969 1816 3354 1880 ἀναπλάσεως,
3392 1816 3515 1869 οὐδὲ
3562 1818 3652 1878 είς
3686 1816 3757 1869 τὺ

2158 1896 2386 1967 ἀρχαῖον
2420 1903 2943 1969 ἀποκαταστάσεως,
2998 1906 3102 1959 κᾶν
3133 1906 3217 1959 ὅτι
3268 1905 3504 1975 μάλιστα
3538 1904 3758 1977 ἐπιζη-

2155 1989 2341 2058 τῶμεν
2368 1992 2579 2063 ταύτην
2606 1996 2663 2048 ὲν
2691 1996 2908 2059 πολλοῖς
2936 1999 3268 2066 στεναγμοῖς
3302 2014 3360 2050 τε
3393 1999 3485 2050 καὶ
3522 1998 3755 2066 δάκρυ-

2155 2097 2264 2145 σιν,
2306 2082 2365 2149 έξ
2388 2076 2464 2136 ὧν
2502 2085 2832 2150 συνούλωσις
2861 2087 2962 2157 μὲν
3010 2087 3230 2158 ἔρχεται
3280 2089 3458 2158 μόγις,
3498 2090 3651 2141 κατὰ
3679 2104 3755 2157 γε

2153 2172 2245 2225 τὸν
2285 2175 2418 2241 ἐμὸν
2442 2176 2568 2248 ὅρον
2592 2179 2686 2231 καὶ
2715 2181 2882 2250 νόμον
2911 2197 2925 2211 ·
2957 2180 3176 2251 ἔρχεται
3202 2182 3329 2252 γὰρ,
3361 2183 3451 2233 καὶ
3473 2182 3752 2234 πιστεύο-

2156 2282 2255 2335 μεν
2278 2282 2292 2297 ’
2329 2268 2379 2319 εἰ
2413 2268 2468 2321 δέ
2497 2271 2591 2322 καὶ
2616 2271 2714 2335 τὰς
2740 2272 2905 2333 οὐλὰς
2930 2273 3313 2343 ὲξαλείφομεν,
3344 2272 3618 2344 ἀγαπῴην
3652 2275 3747 2340 ἂν,

2153 2362 2344 2432 ἐπειδὴ
2377 2364 2473 2416 καὶ
2508 2364 2669 2428 αὐτὸς
2706 2363 2893 2437 χρῄζω
2923 2364 3357 2437 φιλανθρωπίας.

2217 2478 2327 2532 Τοῦ
2360 2478 2618 2548 Νύσσης
2647 2478 2855 2551 ἐκίτοῦ
2884 2479 3289 2549 κατηχητικοῦ
3313 2482 3499 2550 λόγου
3540 2482 3686 2551 περὶ

2641 2550 2749 2606 τοῦ
2790 2552 3238 2620 Βαπτίσματοςο

2237 2639 2381 2695 Ἀλλ’
2414 2644 2606 2715 ἐπειδὴ
2638 2644 2807 2714 μέρος
2852 2660 2902 2695 τι
2929 2642 3054 2695 τῶν·
3070 2642 3353 2713 μυστικῶν
3374 2643 3745 2713 διδαγμιὶτων

2154 2734 2248 2785 καὶ
2282 2736 2313 2803 ἡ
2373 2736 2513 2790 κατὰ
2548 2738 2607 2788 τὸ
2652 2736 2876 2805 λουτρόν
2910 2737 3061 2788 ἐστιν
3090 2736 3397 2806 οἰκονομία,
3431 2736 3461 2789 δ
3487 2740 3603 2791 εἴτε
3640 2738 3749 2807 βὰο

2154 2841 2387 2893 πτισμα,
2424 2826 2534 2878 εἴτε
2565 2825 2849 2896 φώτισμα,
2883 2828 2994 2879 εἴτε
3026 2826 3456 2894 παλιγγενεσίαν
3486 2825 3749 2896 βούλοιτό

2152 2932 2232 2977 τις
2260 2914 2569 2984 ὀνομάζειν,
2601 2916 2755 2969 οὐδὲν
2802 2916 2939 2986 πρὸς
2968 2918 3068 2985 τὴν
3120 2917 3423 2985 ὀνομασίαν
3471 2917 3747 2986 διαοερό-

2156 3005 2318 3074 μεθα,
2353 3007 2537 3069 καλῶς
2565 3006 2631 3062 ἂν
2661 3007 2775 3079 ἔχοι
2805 3008 3012 3079 βραχέα
3040 3009 3171 3079 περὶ
3195 3010 3387 3062 τούτου
3422 3008 3745 3075 ἰεξελθεῖν.

2166 3098 2421 3152 Ἐπειδὰν
2451 3100 2561 3170 γὰρ
2586 3098 2715 3171 παρ’
2735 3102 2767 3171 ὴ
2778 3101 2896 3171 μῶν
2922 3101 2982 3154 τὸ
3000 3102 3251 3154 τοιοῦτον
3272 3100 3437 3156 ἀκούι
3451 3111 3605 3163 bow,
3628 3104 3750 3167 ὅτι,

459 3204 585 3256 est,
647 3194 712 3247 ad
771 3191 939 3243 vitam
999 3191 1239 3255 transit,
1282 3204 1401 3244 esse
1462 3201 1922 3254 consentaneum.
1993 3201 2046 3246 ut

2155 3191 2251 3243 τοῦ
2292 3192 2490 3262 θνητοῦ
2527 3194 2665 3262 πρὸς
2718 3194 2867 3264 ζωὴν
2922 3194 3377 3263 μεταϐαίνοντος,
3434 3195 3753 3249 ἀκόλουθον

460 3301 584 3339 cum
626 3285 799 3353 prima
860 3284 1139 3351 generatio
1189 3284 1254 3335 ad
1313 3282 1478 3335 vitam
1512 3284 1797 3337 mortalem
1856 3284 2043 3349 ducat,

460 3375 632 3427 altera
691 3374 971 3442 generatio
1052 3371 1376 3438 reperiatur,
1458 3385 1579 3438 qua:
1660 3387 1761 3425 nec
1826 3372 2047 3441 incipiat

462 3486 491 3523 a
526 3467 901 3535 corruptione,
946 3478 1121 3527 neque
1173 3463 1226 3518 in
1261 3462 1536 3516 interitum
1571 3464 1802 3529 desinat,
1832 3465 1926 3519 sed
1950 3481 2044 3533 ge-

460 3562 632 3615 nitum
654 3562 719 3612 ad
739 3559 905 3610 vitam
926 3558 1088 3611 ducat
1116 3556 1562 3622 immortalem,ut
1582 3559 2043 3624 quemadmodum

461 3669 527 3709 ex
561 3651 774 3707 mortali
800 3651 1153 3720 generatione
1177 3651 1488 3705 necessario
1518 3655 1764 3706 nascitur
1788 3654 1932 3721 quod
1963 3663 2046 3708 est

464 3740 713 3809 mortale,
743 3746 824 3799 sic
849 3744 994 3812 quod
1034 3760 1101 3798 ex
1156 3744 1506 3813 generatione
1552 3759 1669 3812 qua:
1720 3760 1825 3799 non
1879 3745 2046 3801 sentit

464 3841 740 3895 interitum
772 3839 1017 3892 nascitur
1046 3838 1398 3904 praestantius
1420 3837 1664 3905 sitquam
1682 3847 1740 3890 ut
1770 3836 2043 3891 interitum

460 3948 531 3986 ex
557 3945 734 3986 morte
757 3930 1024 4000 patiatur,
1060 3930 1177 3983 haec
1206 3937 1259 3983 et
1285 3929 1483 3982 similia
1523 3943 1645 3983 cum
1678 3928 2049 3984 intellexerint

463 4024 793 4091 modumque
810 4019 1120 4084 didicerint,
1154 4032 1345 4087 nempe
1369 4020 1740 4087 precationem
1774 4019 1840 4073 ad
1878 4017 2044 4072 Deum

457 4126 515 4172 et
540 4115 731 4185 gratize
758 4110 997 4166 caelestis
1028 4109 1424 4164 invocationem
1453 4120 1508 4164 et
1555 4126 1749 4179 aquam
1806 4120 1860 4165 et
1886 4112 2044 4167 [idem

459 4221 583 4263 esse
631 4206 830 4275 quibus
858 4204 1282 4274 regenerationis
1333 4204 1650 4274 mysterium
1736 4204 2043 4274 expleatur,

462 4300 605 4354 haud
684 4297 846 4352 facile
919 4299 1260 4351 adducuntur
1312 4306 1373 4352 ut
1422 4298 1695 4353 credant:
1753 4300 2047 4369 respiciunt

459 4388 607 4443 enim
638 4389 705 4443 ad
752 4388 803 4441 id
830 4386 976 4456 quod
1002 4388 1267 4452 cernitur,
1304 4400 1403 4441 nec
1452 4387 1798 4455 promissioni
1855 4399 2047 4457 putant

463 4476 790 4545 respondere
817 4476 959 4545 quod
995 4477 1206 4531 ratione
1237 4490 1503 4545 corporea
1547 4479 1843 4548 peragitur.
1900 4479 2046 4545 Quo-

2151 3276 2243 3350 ἦν,
2266 3280 2365 3351 τῆς
2397 3280 2624 3351 πρώτης
2654 3282 2923 3349 γενέσεως
2964 3284 3058 3335 ἐπὶ
3085 3282 3174 3336 τὸν
3216 3282 3411 3351 θνητὸν
3445 3285 3754 3352 παραγού-

2154 3387 2254 3441 σης
2286 3369 2423 3440 βίον,
2471 3372 2668 3440 έτέραν
2711 3374 2969 3443 γέννησιν
3013 3373 3393 3444 ἐξευρεθῆναι,
3455 3376 3594 3444 μήτε
3630 3376 3754 3428 ἀπὸ

2153 3464 2364 3533 φθορᾶς
2401 3464 2738 3536 ἀρχομένην,
2774 3465 2914 3535 μήτε
2947 3466 3027 3528 είς
3060 3466 3268 3535 φθορὰν
3290 3467 3751 3537 καταλήγουσιν,

2154 3556 2269 3610 ἀλλ’
2292 3558 2375 3617 είς
2400 3556 2670 3610 ἀθάνατον
2696 3557 2841 3627 ζωὴν
2872 3558 2962 3610 τὸν
3006 3560 3409 3629 γεγεννημένον
3453 3560 3755 3629 separau-

2156 3666 2277 3714 σαν,
2307 3649 2375 3702 ἵν’
2403 3648 2595 3719 ὥσπερ
2616 3651 2678 3702 ὲκ
2702 3648 2904 3719 θνητῆς
2930 3650 3240 3721 γεννήσεως
3272 3650 3467 3719 θνητὸν
3485 3650 3547 3713 te
3570 3650 3750 3717 ἀνάγ-

2153 3756 2260 3809 κης
2294 3739 2353 3793 τὸ
2384 3739 2792 3810 γεγεννημένον
2827 3740 3062 3811 ὑπέστη,
3090 3739 3267 3804 οὕτως
3298 3742 3481 3810 έκλτῆς
3519 3742 3597 3811 μὴ
3634 3760 3753 3793 πα-

2156 3833 2531 3904 ραδεχομένης
2551 3832 2761 3902 φθορὰν
2772 3834 2833 3885 τὸ
2856 3832 3203 3903 γεννώμενον
3227 3834 3477 3903 κρεῖττον
3502 3834 3751 3902 γένηται

2151 3924 2253 3993 τῆς
2276 3927 2351 3977 Ἐκ
2380 3924 2475 3976 τοῦ
2518 3923 2753 3978 θανάτου
2807 3924 3020 3994 φθορᾶς
3054 3941 3070 3958 ο
3125 3924 3347 3979 ἐπειδὰν
3378 3920 3471 3978 οὖν
3526 3925 3751 3979 τούτων

2153 4019 2250 4071 καὶ
2281 4015 2390 4069 τῶν
2418 4015 2681 4069 τοιούτων
2712 4016 3013 4081 ἀκούσωσι,
3048 4018 3147 4072 καὶ
3178 4017 3620 4087 προσδιδαχθῶσι
3646 4019 3750 4071 τὸν

2152 4110 2381 4180 τρόπον,
2404 4110 2489 4162 ὅτι
2517 4109 2652 4179 εὐχὴ
2680 4114 2817 4180 πρὸς
2845 4110 3003 4174 Θεδν,
3033 4110 3133 4164 καὶ
3187 4111 3411 4180 χάριτος
3463 4112 3748 4180 οὐρανίας

2152 4200 2467 4276 έπίκλησις,
2497 4202 2593 4256 καὶ
2625 4200 2791 4273 ὕδωρ,
2827 4203 2925 4258 καὶ
2958 4203 3146 4267 πίστις
3181 4204 3322 4267 ἐστὶ,
3352 4203 3421 4257 δι’
3444 4197 3521 4259 ὧν
3549 4205 3610 4257 τὸ
3633 4206 3750 4273 τῆς

2152 4296 2571 4366 ἁναγεννήσεως
2628 4293 2933 4364 πληροῦται
3016 4295 3340 4365 μυστήριον,
3422 4295 3749 4359 δυσπειθῶς

2154 4384 2345 4455 ἔχουσι
2379 4386 2518 4456 πρὸς
2549 4388 2607 4439 τὸ
2643 4385 2975 4465 φαινόμενον
3008 4385 3323 4455 βλέποντες,
3360 4386 3437 4450 ὡς
3482 4388 3545 4439 οὐ
3591 4403 3747 4458 συμ-

2153 4476 2340 4532 ϐαῖνον
2380 4481 2447 4550 τῇ
2474 4479 2781 4550 ἐπαγγελία
2812 4478 2874 4531 τὸ
2924 4479 3262 4549 σωματικῶς
3306 4481 3741 4551 ὲνεργούμενσν.

460 4568 620 4621 modo
642 4567 811 4629 enim.
831 4566 1105 4636 inquiunt,
1133 4565 1247 4621 ﬂeri
1265 4574 1439 4636 potest
1460 4576 1516 4621 ut
1536 4582 1724 4636 preces
1741 4579 1799 4622 et
1846 4569 2041 4624 divina:

2155 4567 2273 4627 Πῶς
2297 4568 2426 4639 γὰρ,
2456 4596 2461 4603 ~
2487 4569 2678 4639 φησὶν,
2730 4569 2864 4640 εὐχὴ
2922 4570 3023 4624 καὶ
3078 4569 3361 4641 δυνάμεως
3402 4571 3554 4634 θείας
3607 4572 3742 4625 lati-

458 4658 680 4711 virtntis
730 4657 1002 4711 invocatio
1028 4658 1079 4710 in
1114 4671 1252 4725 aqua
1284 4656 1448 4722 facta,
1488 4657 1612 4713 vita;
1670 4658 1741 4713 sit
1767 4674 1930 4714 causa
1975 4660 2041 4713 iis

457 4749 549 4818 qui
606 4748 885 4801 initiantur
912 4747 936 4799 Υ
968 4747 1047 4800 Ad
1079 4761 1240 4813 quos,
1269 4747 1372 4803 nisi
1420 4748 1707 4803 admodum
1766 4750 2043 4806 obstinate

456 4852 518 4892 se
551 4840 769 4905 habent,
800 4853 897 4907 pro
938 4839 1170 4894 instituti
1238 4839 1402 4910 hujus
1451 4840 1843 4911 approbatione
1909 4844 2037 4898 sim-

459 4930 582 4997 plex
616 4931 750 4983 satis
782 4930 887 4984 erit
921 4931 1226 4999 responsio.
1289 4930 1398 4986 Nos
1426 4933 1569 4987 enim
1601 4932 1837 4988 vicissim
1891 4949 2042 5004 qua:-

460 5028 647 5075 remus‘
670 5021 940 5090 quomodo
979 5024 1071 5075 ﬁat
1103 5023 1157 5075 in
1180 5035 1346 5076 carne
1377 5024 1677 5093 generatio.
1713 5024 1852 5079 Nam
1914 5041 2039 5081 cum

456 5112 710 5167 omnibus
740 5112 1087 5168 manifestum
1116 5114 1189 5168 sit
1240 5113 1369 5167 illud
1406 5114 1681 5171 hmninem
1718 5114 1859 5179 ﬁeri,
1897 5118 2042 5186 quod

455 5205 820 5261 constituendi
853 5205 1100 5261 animalis
1130 5205 1307 5274 gratia
1347 5208 1614 5276 injicitur,
1677 5210 1825 5264 nulla
1855 5220 2039 5264 tamen

458 5298 643 5353 alferri
672 5299 810 5353 ratio
838 5307 1036 5367 potest,
1070 5313 1176 5366 qua
1202 5299 1251 5352 id
1287 5309 1344 5352 ut
1396 5298 1660 5353 eﬂiciatur
1693 5300 2045 5368 probabiliter

454 5391 773 5461 persuaderi
792 5400 974 5459 queat.
993 5391 1131 5456 Quid
1153 5391 1296 5445 enim
1320 5406 1609 5445 connnune
1630 5393 1793 5447 habet
1810 5396 2045 5449 hominis

454 5482 720 5547 deﬁnitio,
735 5482 780 5536 si
801 5497 925 5536 cum
956 5482 1071 5547 illa,
1103 5497 1225 5551 qua:
1254 5482 1499 5537 cernitur
1520 5484 1779 5552 qualitate
1813 5500 2033 5555 compa-

455 5575 651 5629 retur?
679 5574 850 5629 Homo
879 5575 1023 5628 enim
1058 5576 1271 5629 ratione
1302 5574 1559 5643 praeditus
1576 5584 1679 5639 est,
1709 5585 1764 5630 et
1794 5579 2043 5647 cogitati-

452 5669 505 5722 di
525 5667 631 5721 vim
652 5665 833 5720 habet.
852 5665 988 5720 lllud
1010 5676 1189 5718 autem
1218 5666 1269 5718 iu
1297 5666 1515 5719 humida
1536 5666 1769 5734 quadam
1793 5669 2042 5723 consistit

454 5760 731 5826 qualitate.
767 5756 877 5812 Nec
907 5757 1143 5825 amplius
1172 5758 1471 5828 quidquam
1516 5773 1580 5811 eo
1614 5760 1759 5828 quod
1792 5762 2041 5816 cernitur

451 5850 777 5918 c0gitatione
839 5849 1170 5919 pracipilur.
1230 5849 1382 5930 Quod
1414 5850 2034 5934 igitur‘cousentaueum

2148 4661 2342 4731 κλησις
2391 4665 2487 4716 ἐπὶ
2539 4663 2634 4717 τοῦ
2696 4663 2885 4727 ὓδατος
2953 4664 3221 4735 γενομένη
3283 4665 3427 4735 ζωῆς
3484 4654 3739 4735 ἀρχηγὸς

2146 4755 2260 4814 τοῖς
2319 4754 2574 4826 μυηθεῖσι
2637 4755 2880 4823 γίνεταις
2928 4756 3073 4827 Πρὸς
3128 4755 3244 4819 οὓς,
3296 4757 3459 4826 ειπερ
3490 4758 3571 4827 μὴ
3611 4757 3741 4812 λίαν

2149 4844 2326 4916 ἔχοιεν
2362 4847 2697 4913 ἀντιτύπως,
2746 4848 2953 4912 ἁπλοῦς
2981 4849 3206 4920 έξαρκεῖ
3238 4849 3398 4918 λόγος
3444 4852 3587 4920 πρὸς
3632 4853 3741 4920 τὴν

2149 4937 2244 4990 τοῦ
2274 4937 2544 5007 δόγματος
2574 4942 2802 5009 ἀγαγεῖν
2826 4940 3257 5009 συγκατάθεσιν.
3322 4942 3742 5014 ’Δντερωτήσο-

2154 5047 2275 5100 μεν.
2310 5029 2407 5083 τοῦ
2447 5032 2652 5100 τρόπου
2708 5031 2810 5101 τῆς
2840 5032 2984 5086 κατὰ
3042 5032 3223 5102 σάρκα
3262 5034 3533 5100 γενέσεως
3568 5036 3740 5088 πᾶσιν

2149 5122 2302 5185 ὄντος
2326 5122 2620 5193 προδήλου,
2656 5125 2781 5187 Πῶς
2803 5125 3093 5196 ἄνθρωπος
3119 5127 3298 5180 ἐκεῖνο
3332 5125 3550 5194 γίνεται
3574 5131 3631 5180 τὸ
3656 5130 3740 5188 εἰς

2151 5212 2411 5283 ἀφορμὴν
2440 5214 2539 5283 τῆς
2572 5216 2885 5279 συστάσεως
2914 5216 3008 5269 τοῦ
3041 5216 3182 5281 ζὼου
3212 5219 3736 5289 καταϐαλλόμενονς

2163 5303 2327 5355 Ἀλλὰ
2350 5305 2457 5373 μὴν
2479 5305 2656 5367 οὐδεὶς
2695 5304 2783 5358 tn’
2809 5307 3019 5359 ἐκείνου
3052 5307 3205 5375 λόγος
3238 5311 3393 5361 ἐστὶν
3431 5313 3461 5362 ὀ
3485 5312 3740 5381 λογισμῷ

2150 5408 2262 5445 τινι
2290 5392 2352 5444 τὸ
2393 5394 2622 5446 πιθανὸν
2645 5394 3006 5465 ἐξευρίσκων.
3037 5395 3102 5450 Τί
3125 5398 3233 5467 γὰρ
3263 5396 3444 5452 κοινὸν
3472 5401 3585 5469 ἔχει
3610 5402 3739 5471 ὄρος

2152 5484 2447 5555 ἀνθρώπου
2468 5486 2608 5556 πρὸς
2628 5486 2727 5557 τὴν
2753 5490 2813 5540 έν
2836 5490 3036 5559 ἐκείνῳ
3052 5490 3435 5561 θεωρουμένην
3471 5492 3737 5561 ποιότητα

2155 5580 2629 5650 συγκρινόμενος;
2689 5580 3023 5652 ’Δνθρωπος
3082 5585 3182 5653 μὲν
3239 5588 3349 5655 γὰρ
3403 5570 3621 5652 λογικόν
3684 5605 3736 5639 τι

2152 5671 2341 5740 χρῆμα
2386 5672 2482 5723 καλ⁵
2534 5672 2878 5743 διανοητικόν
2931 5678 3102 5735 ἐστιν,
3157 5678 3338 5729 έκεῖνο
3381 5677 3439 5729 δὲ
3479 5682 3537 5730 ἐν
3592 5678 3735 5748 ὑγρᾷ

2151 5780 2260 5815 τινι
2295 5762 2583 5831 θεωρεῖται
2637 5767 2912 5838 ποιότητι,
2957 5768 3054 5820 καὶ
3085 5770 3249 5820 πλέον
3276 5770 3432 5822 οὐδὲν
3485 5771 3579 5823 τοῦ
3609 5770 3732 5825 κατ’

2152 5855 2405 5926 αἴσθησιν
2432 5858 2714 5928 ὁρωμένου
2750 5860 3167 5929 καταλαμϐάνει
3194 5864 3225 5927 ἡ
3251 5864 3455 5919 ἔννοια.
3494 5867 3595 5919 Ἷιν
3621 5866 3731 5916 τοί-
