  <div class='ocr_page' id='page_1' title='image "/cluster/home/n/w/nwhite01/storage/ocr_20150623/130/hvd.32044019208255/634.png"; bbox 0 0 3960 6566; ppageno 0'>
   <div class='ocr_carea' id='block_1_1' title="bbox 196 372 334 431">
    <p class='ocr_par' dir='ltr' id='par_1_1' title="bbox 196 372 334 431">
     <span class='ocr_line' id='line_1_1' title="bbox 196 372 334 431; baseline 0.029 -3"><span class='ocrx_word' id='word_1_1' title='bbox 196 377 217 428; x_wconf 79' lang='lat'><em>1</em></span> <span class='ocrx_word' id='word_1_2' title='bbox 230 372 334 431; x_wconf 61' lang='lat'>“£53</span> 
     </span>
    </p>
   </div>
   <div class='ocr_carea' id='block_1_2' title="bbox 1085 380 2466 453">
    <p class='ocr_par' dir='ltr' id='par_1_2' title="bbox 1085 380 2466 453">
     <span class='ocr_line' id='line_1_2' title="bbox 1085 380 2466 453; baseline 0.014 -19"><span class='ocrx_word' id='word_1_3' title='bbox 1085 380 1451 438; x_wconf 74' lang='lat' dir='ltr'>PANUPIJA</span> <span class='ocrx_word' id='word_1_4' title='bbox 1499 384 1955 447; x_wconf 78' lang='lat' dir='ltr'>DOGMATICA.</span> <span class='ocrx_word' id='word_1_5' title='bbox 1999 411 2071 422; x_wconf 88' lang='grc'><strong>-·</strong></span> <span class='ocrx_word' id='word_1_6' title='bbox 2104 387 2252 451; x_wconf 89' lang='grc' dir='ltr'>ΤΙΤ.</span> <span class='ocrx_word' id='word_1_7' title='bbox 2291 392 2466 453; x_wconf 79' lang='lat' dir='ltr'><strong>XXV.</strong></span> 
     </span>
    </p>
   </div>
   <div class='ocr_carea' id='block_1_3' title="bbox 3246 401 3459 464">
    <p class='ocr_par' dir='ltr' id='par_1_3' title="bbox 3246 401 3459 464">
     <span class='ocr_line' id='line_1_3' title="bbox 3246 401 3459 464; baseline -0.009 -1"><span class='ocrx_word' id='word_1_8' title='bbox 3246 412 3255 419; x_wconf 82' lang='lat'>&#39;</span> <span class='ocrx_word' id='word_1_9' title='bbox 3325 401 3459 464; x_wconf 71' lang='grc'>1254</span> 
     </span>
    </p>
   </div>
   <div class='ocr_carea' id='block_1_4' title="bbox 186 478 1742 576">
    <p class='ocr_par' dir='ltr' id='par_1_4' title="bbox 186 478 1742 560">
     <span class='ocr_line' id='line_1_4' title="bbox 186 478 1742 560; baseline 0.008 -31"><span class='ocrx_word' id='word_1_10' title='bbox 186 494 285 530; x_wconf 88' lang='grc' dir='ltr'>νυν</span> <span class='ocrx_word' id='word_1_11' title='bbox 316 478 617 551; x_wconf 83' lang='grc' dir='ltr'>ἀπόκρισιν</span> <span class='ocrx_word' id='word_1_12' title='bbox 644 481 793 547; x_wconf 81' lang='grc' dir='ltr'>εἰκός</span> <span class='ocrx_word' id='word_1_13' title='bbox 825 494 974 538; x_wconf 73' lang='grc' dir='ltr'>ἐστιν</span> <span class='ocrx_word' id='word_1_14' title='bbox 1013 486 1148 555; x_wconf 78' lang='grc' dir='ltr'>ἡμῖν</span> <span class='ocrx_word' id='word_1_15' title='bbox 1178 486 1426 554; x_wconf 80' lang='grc' dir='ltr'>γίνεσθαι</span> <span class='ocrx_word' id='word_1_16' title='bbox 1479 490 1633 560; x_wconf 82' lang='grc' dir='ltr'>παρὰ</span> <span class='ocrx_word' id='word_1_17' title='bbox 1662 489 1742 542; x_wconf 51' lang='grc' dir='ltr'>τῶπ</span> 
     </span>
    </p>
   </div>
   <div class='ocr_carea' id='block_1_5' title="bbox 1850 478 3434 576">
    <p class='ocr_par' dir='ltr' id='par_1_5' title="bbox 1875 496 3434 576">
     <span class='ocr_line' id='line_1_5' title="bbox 1875 496 3434 576; baseline 0.012 -29"><span class='ocrx_word' id='word_1_18' title='bbox 1875 502 1979 559; x_wconf 86' lang='lat' dir='ltr'><strong>est,</strong></span> <span class='ocrx_word' id='word_1_19' title='bbox 2003 505 2060 549; x_wconf 91' lang='lat' dir='ltr'><strong>ut</strong></span> <span class='ocrx_word' id='word_1_20' title='bbox 2080 496 2154 549; x_wconf 85' lang='lat' dir='ltr'>illi</span> <span class='ocrx_word' id='word_1_21' title='bbox 2176 499 2329 553; x_wconf 92' lang='lat' dir='ltr'><strong>uobis</strong></span> <span class='ocrx_word' id='word_1_22' title='bbox 2354 498 2736 567; x_wconf 81' lang='lat' dir='ltr'><strong>respondeant,</strong></span> <span class='ocrx_word' id='word_1_23' title='bbox 2763 502 2886 556; x_wconf 85' lang='lat' dir='ltr'>dum</span> <span class='ocrx_word' id='word_1_24' title='bbox 2909 504 2975 557; x_wconf 89' lang='lat' dir='ltr'>ab</span> <span class='ocrx_word' id='word_1_25' title='bbox 2993 504 3123 574; x_wconf 80' lang='lat' dir='ltr'>ipsis</span> <span class='ocrx_word' id='word_1_26' title='bbox 3139 508 3434 576; x_wconf 78' lang='lat' dir='ltr'><strong>quterimus</strong></span> 
     </span>
    </p>
   </div>
   <div class='ocr_carea' id='block_1_6' title="bbox 189 571 1771 642">
    <p class='ocr_par' dir='ltr' id='par_1_6' title="bbox 189 571 1771 642">
     <span class='ocr_line' id='line_1_6' title="bbox 189 571 1771 642; baseline 0.008 -21"><span class='ocrx_word' id='word_1_27' title='bbox 189 571 605 640; x_wconf 84' lang='grc' dir='ltr'>ἐρωτηθέντων,</span> <span class='ocrx_word' id='word_1_28' title='bbox 636 575 720 629; x_wconf 75' lang='grc' dir='ltr'>ὅτι</span> <span class='ocrx_word' id='word_1_29' title='bbox 763 576 882 639; x_wconf 87' lang='grc' dir='ltr'>πῶς</span> <span class='ocrx_word' id='word_1_30' title='bbox 928 577 1078 632; x_wconf 85' lang='grc' dir='ltr'>ἐστιν</span> <span class='ocrx_word' id='word_1_31' title='bbox 1113 578 1173 642; x_wconf 81' lang='grc' dir='ltr'>ἐξ</span> <span class='ocrx_word' id='word_1_32' title='bbox 1212 580 1423 632; x_wconf 85' lang='grc' dir='ltr'>ἐκείνου</span> <span class='ocrx_word' id='word_1_33' title='bbox 1454 581 1646 635; x_wconf 77' lang='grc' dir='ltr'>πιστὸν</span> <span class='ocrx_word' id='word_1_34' title='bbox 1681 599 1771 634; x_wconf 85' lang='grc' dir='ltr'>συ-</span> 
     </span>
    </p>
   </div>
   <div class='ocr_carea' id='block_1_7' title="bbox 188 663 1769 741">
    <p class='ocr_par' dir='ltr' id='par_1_7' title="bbox 188 663 1769 741">
     <span class='ocr_line' id='line_1_7' title="bbox 188 663 1769 741; baseline 0.008 -28"><span class='ocrx_word' id='word_1_35' title='bbox 188 663 387 731; x_wconf 76' lang='grc' dir='ltr'>στῆναι</span> <span class='ocrx_word' id='word_1_36' title='bbox 415 665 730 737; x_wconf 78' lang='grc' dir='ltr'>ἄνθρωπον,</span> <span class='ocrx_word' id='word_1_37' title='bbox 757 668 915 724; x_wconf 90' lang='grc' dir='ltr'>τοῦτο</span> <span class='ocrx_word' id='word_1_38' title='bbox 944 670 1041 725; x_wconf 76' lang='grc' dir='ltr'>καὶ</span> <span class='ocrx_word' id='word_1_39' title='bbox 1072 672 1200 740; x_wconf 74' lang='grc' dir='ltr'>περὶ</span> <span class='ocrx_word' id='word_1_40' title='bbox 1225 673 1324 741; x_wconf 81' lang='grc' dir='ltr'>τῆς</span> <span class='ocrx_word' id='word_1_41' title='bbox 1356 672 1427 724; x_wconf 85' lang='grc' dir='ltr'>δι’</span> <span class='ocrx_word' id='word_1_42' title='bbox 1454 671 1648 734; x_wconf 79' lang='grc' dir='ltr'>ὓδατος</span> <span class='ocrx_word' id='word_1_43' title='bbox 1674 673 1769 727; x_wconf 84' lang='grc' dir='ltr'>καὶ</span> 
     </span>
    </p>
   </div>
   <div class='ocr_carea' id='block_1_8' title="bbox 188 755 1769 835">
    <p class='ocr_par' dir='ltr' id='par_1_8' title="bbox 188 755 1769 835">
     <span class='ocr_line' id='line_1_8' title="bbox 188 755 1769 835; baseline 0.007 -29"><span class='ocrx_word' id='word_1_44' title='bbox 188 755 512 825; x_wconf 85' lang='grc' dir='ltr'>Πνεύματος</span> <span class='ocrx_word' id='word_1_45' title='bbox 562 761 860 830; x_wconf 76' lang='grc' dir='ltr'>γενομένης</span> <span class='ocrx_word' id='word_1_46' title='bbox 924 765 1339 833; x_wconf 85' lang='grc' dir='ltr'>ἀναγεννήσεως</span> <span class='ocrx_word' id='word_1_47' title='bbox 1396 765 1769 835; x_wconf 76' lang='grc' dir='ltr'>ἐρωτηθέντες</span> 
     </span>
    </p>
   </div>
   <div class='ocr_carea' id='block_1_9' title="bbox 185 848 1767 929">
    <p class='ocr_par' dir='ltr' id='par_1_9' title="bbox 185 848 1767 929">
     <span class='ocr_line' id='line_1_9' title="bbox 185 848 1767 929; baseline 0.006 -30"><span class='ocrx_word' id='word_1_48' title='bbox 185 848 661 919; x_wconf 78' lang='grc' dir='ltr'>ἀποκρινούμεθα.</span> <span class='ocrx_word' id='word_1_49' title='bbox 704 852 859 907; x_wconf 83' lang='grc' dir='ltr'>Ἐκεῖ</span> <span class='ocrx_word' id='word_1_50' title='bbox 889 857 999 927; x_wconf 70' lang='grc' dir='ltr'>γάρ</span> <span class='ocrx_word' id='word_1_51' title='bbox 1023 856 1317 927; x_wconf 85' lang='grc' dir='ltr'>πρόχειρόν</span> <span class='ocrx_word' id='word_1_52' title='bbox 1370 858 1520 911; x_wconf 87' lang='grc' dir='ltr'>ἐστιν</span> <span class='ocrx_word' id='word_1_53' title='bbox 1551 859 1767 929; x_wconf 79' lang='grc' dir='ltr'>ἑκάστῳ</span> 
     </span>
    </p>
   </div>
   <div class='ocr_carea' id='block_1_10' title="bbox 183 939 1763 1020">
    <p class='ocr_par' dir='ltr' id='par_1_10' title="bbox 183 939 1763 1020">
     <span class='ocr_line' id='line_1_10' title="bbox 183 939 1763 1020; baseline 0.008 -32"><span class='ocrx_word' id='word_1_54' title='bbox 183 939 296 989; x_wconf 81' lang='grc' dir='ltr'>τῶν</span> <span class='ocrx_word' id='word_1_55' title='bbox 333 940 708 1010; x_wconf 74' lang='grc' dir='ltr'>ἠρωτημένων</span> <span class='ocrx_word' id='word_1_56' title='bbox 737 946 942 1010; x_wconf 77' lang='grc' dir='ltr'>εἰπεῖν,</span> <span class='ocrx_word' id='word_1_57' title='bbox 1001 949 1084 1000; x_wconf 85' lang='grc' dir='ltr'>δτι</span> <span class='ocrx_word' id='word_1_58' title='bbox 1128 947 1250 1020; x_wconf 81' lang='grc' dir='ltr'>θείᾳ</span> <span class='ocrx_word' id='word_1_59' title='bbox 1310 948 1545 1018; x_wconf 79' lang='grc' dir='ltr'>δυνάμει</span> <span class='ocrx_word' id='word_1_60' title='bbox 1585 951 1763 1003; x_wconf 82' lang='grc' dir='ltr'>ἐκεῖνο</span> 
     </span>
    </p>
   </div>
   <div class='ocr_carea' id='block_1_11' title="bbox 182 1029 1768 1110">
    <p class='ocr_par' dir='ltr' id='par_1_11' title="bbox 182 1029 1768 1110">
     <span class='ocr_line' id='line_1_11' title="bbox 182 1029 1768 1110; baseline 0.008 -29"><span class='ocrx_word' id='word_1_61' title='bbox 182 1029 472 1100; x_wconf 71' lang='grc' dir='ltr'>ἄνθρωπος</span> <span class='ocrx_word' id='word_1_62' title='bbox 499 1035 732 1098; x_wconf 85' lang='grc' dir='ltr'>γίνεται,</span> <span class='ocrx_word' id='word_1_63' title='bbox 758 1030 824 1106; x_wconf 82' lang='grc' dir='ltr'>ἦς</span> <span class='ocrx_word' id='word_1_64' title='bbox 874 1038 948 1107; x_wconf 83' lang='grc' dir='ltr'>μὴ</span> <span class='ocrx_word' id='word_1_65' title='bbox 996 1039 1281 1110; x_wconf 80' lang='grc' dir='ltr'>παρούσης</span> <span class='ocrx_word' id='word_1_66' title='bbox 1328 1041 1586 1110; x_wconf 86' lang='grc' dir='ltr'>ἀκίνητόν</span> <span class='ocrx_word' id='word_1_67' title='bbox 1618 1043 1768 1094; x_wconf 86' lang='grc' dir='ltr'>ἐστιν</span> 
     </span>
    </p>
   </div>
   <div class='ocr_carea' id='block_1_12' title="bbox 182 1120 1762 1201">
    <p class='ocr_par' dir='ltr' id='par_1_12' title="bbox 182 1120 1762 1201">
     <span class='ocr_line' id='line_1_12' title="bbox 182 1120 1762 1201; baseline 0.009 -29"><span class='ocrx_word' id='word_1_68' title='bbox 182 1120 367 1175; x_wconf 77' lang='grc' dir='ltr'>ἐκεῖνο</span> <span class='ocrx_word' id='word_1_69' title='bbox 392 1123 488 1175; x_wconf 73' lang='grc' dir='ltr'>καὶ</span> <span class='ocrx_word' id='word_1_70' title='bbox 516 1126 903 1197; x_wconf 80' lang='grc' dir='ltr'>ἁνενὲργητον.</span> <span class='ocrx_word' id='word_1_71' title='bbox 940 1131 1000 1181; x_wconf 84' lang='grc' dir='ltr'><strong>Εἰ</strong></span> <span class='ocrx_word' id='word_1_72' title='bbox 1028 1130 1123 1184; x_wconf 79' lang='grc' dir='ltr'>οὖν</span> <span class='ocrx_word' id='word_1_73' title='bbox 1150 1133 1267 1184; x_wconf 82' lang='grc' dir='ltr'>ἐκεῖ</span> <span class='ocrx_word' id='word_1_74' title='bbox 1286 1132 1346 1184; x_wconf 84' lang='grc' dir='ltr'>ού</span> <span class='ocrx_word' id='word_1_75' title='bbox 1371 1132 1432 1185; x_wconf 79' lang='grc' dir='ltr'>τὸ</span> <span class='ocrx_word' id='word_1_76' title='bbox 1467 1134 1762 1201; x_wconf 80' lang='grc' dir='ltr'>ὑποκείμε-</span> 
     </span>
    </p>
   </div>
   <div class='ocr_carea' id='block_1_13' title="bbox 180 1200 1763 1298">
    <p class='ocr_par' dir='ltr' id='par_1_13' title="bbox 180 1200 1763 1298">
     <span class='ocr_line' id='line_1_13' title="bbox 180 1200 1763 1298; baseline 0.011 -34"><span class='ocrx_word' id='word_1_77' title='bbox 180 1230 273 1265; x_wconf 81' lang='grc' dir='ltr'>νον</span> <span class='ocrx_word' id='word_1_78' title='bbox 303 1220 452 1268; x_wconf 85' lang='grc' dir='ltr'>ποιεῖ</span> <span class='ocrx_word' id='word_1_79' title='bbox 486 1218 577 1270; x_wconf 72' lang='grc' dir='ltr'>τὸν</span> <span class='ocrx_word' id='word_1_80' title='bbox 615 1219 928 1290; x_wconf 83' lang='grc' dir='ltr'>ἄνθρωπον,</span> <span class='ocrx_word' id='word_1_81' title='bbox 964 1222 1083 1275; x_wconf 79' lang='grc' dir='ltr'>ἀλλ’</span> <span class='ocrx_word' id='word_1_82' title='bbox 1116 1224 1148 1295; x_wconf 77' lang='grc' dir='ltr'>ἡ</span> <span class='ocrx_word' id='word_1_83' title='bbox 1193 1223 1317 1278; x_wconf 89' lang='grc' dir='ltr'>θεία</span> <span class='ocrx_word' id='word_1_84' title='bbox 1345 1200 1584 1297; x_wconf 61' lang='grc' dir='ltr'>δύύαμις</span> <span class='ocrx_word' id='word_1_85' title='bbox 1623 1228 1763 1298; x_wconf 75' lang='grc' dir='ltr'>πρὸς</span> 
     </span>
    </p>
   </div>
   <div class='ocr_carea' id='block_1_14' title="bbox 178 1306 1765 1389">
    <p class='ocr_par' dir='ltr' id='par_1_14' title="bbox 178 1306 1765 1389">
     <span class='ocr_line' id='line_1_14' title="bbox 178 1306 1765 1389; baseline 0.01 -32"><span class='ocrx_word' id='word_1_86' title='bbox 178 1306 477 1375; x_wconf 83' lang='grc' dir='ltr'>ἀνθρώπου</span> <span class='ocrx_word' id='word_1_87' title='bbox 504 1311 667 1379; x_wconf 81' lang='grc' dir='ltr'>φύσιν</span> <span class='ocrx_word' id='word_1_88' title='bbox 698 1317 988 1381; x_wconf 83' lang='grc' dir='ltr'>μεταποιεῖ</span> <span class='ocrx_word' id='word_1_89' title='bbox 1020 1316 1078 1369; x_wconf 80' lang='grc' dir='ltr'>τὸ</span> <span class='ocrx_word' id='word_1_90' title='bbox 1102 1317 1455 1387; x_wconf 86' lang='grc' dir='ltr'>φαινόμενον,</span> <span class='ocrx_word' id='word_1_91' title='bbox 1487 1320 1585 1389; x_wconf 85' lang='grc' dir='ltr'>τῆς</span> <span class='ocrx_word' id='word_1_92' title='bbox 1607 1320 1765 1389; x_wconf 85' lang='grc' dir='ltr'>ἐσχά-</span> 
     </span>
    </p>
   </div>
   <div class='ocr_carea' id='block_1_15' title="bbox 177 1398 1763 1479">
    <p class='ocr_par' dir='ltr' id='par_1_15' title="bbox 177 1398 1763 1479">
     <span class='ocr_line' id='line_1_15' title="bbox 177 1398 1763 1479; baseline 0.01 -32"><span class='ocrx_word' id='word_1_93' title='bbox 177 1413 279 1467; x_wconf 89' lang='grc' dir='ltr'>της</span> <span class='ocrx_word' id='word_1_94' title='bbox 306 1398 372 1449; x_wconf 82' lang='grc' dir='ltr'>ἂν</span> <span class='ocrx_word' id='word_1_95' title='bbox 388 1399 474 1467; x_wconf 80' lang='grc' dir='ltr'>εἴη</span> <span class='ocrx_word' id='word_1_96' title='bbox 491 1400 853 1473; x_wconf 81' lang='grc' dir='ltr'>ἀγνωμοσύνη</span> <span class='ocrx_word' id='word_1_97' title='bbox 868 1423 908 1468; x_wconf 76' lang='grc' dir='ltr'>ς,</span> <span class='ocrx_word' id='word_1_98' title='bbox 929 1407 1045 1458; x_wconf 85' lang='grc' dir='ltr'>ἐκεῖ</span> <span class='ocrx_word' id='word_1_99' title='bbox 1063 1407 1338 1470; x_wconf 80' lang='grc' dir='ltr'>τοσαύτην</span> <span class='ocrx_word' id='word_1_100' title='bbox 1356 1408 1432 1478; x_wconf 79' lang='grc' dir='ltr'>τῷ</span> <span class='ocrx_word' id='word_1_101' title='bbox 1454 1408 1572 1478; x_wconf 83' lang='grc' dir='ltr'>Θεῷ</span> <span class='ocrx_word' id='word_1_102' title='bbox 1594 1426 1763 1479; x_wconf 84' lang='grc' dir='ltr'>προσ-</span> 
     </span>
    </p>
   </div>
   <div class='ocr_carea' id='block_1_16' title="bbox 178 1487 1759 1568">
    <p class='ocr_par' dir='ltr' id='par_1_16' title="bbox 178 1487 1759 1568">
     <span class='ocr_line' id='line_1_16' title="bbox 178 1487 1759 1568; baseline 0.005 -29"><span class='ocrx_word' id='word_1_103' title='bbox 178 1487 601 1557; x_wconf 80' lang='grc' dir='ltr'>μαρτυροῦντας</span> <span class='ocrx_word' id='word_1_104' title='bbox 627 1489 859 1562; x_wconf 80' lang='grc' dir='ltr'>δύναμιν</span> <span class='ocrx_word' id='word_1_105' title='bbox 892 1494 1101 1548; x_wconf 85' lang='grc' dir='ltr'>ἀτονεῖν</span> <span class='ocrx_word' id='word_1_106' title='bbox 1150 1498 1206 1548; x_wconf 87' lang='grc' dir='ltr'>ἐν</span> <span class='ocrx_word' id='word_1_107' title='bbox 1254 1496 1332 1567; x_wconf 79' lang='grc' dir='ltr'>τῷ</span> <span class='ocrx_word' id='word_1_108' title='bbox 1388 1497 1552 1567; x_wconf 82' lang='grc' dir='ltr'>μέρει</span> <span class='ocrx_word' id='word_1_109' title='bbox 1583 1499 1759 1568; x_wconf 80' lang='grc' dir='ltr'>τούτῳ</span> 
     </span>
    </p>
   </div>
   <div class='ocr_carea' id='block_1_17' title="bbox 175 1580 1759 1662">
    <p class='ocr_par' dir='ltr' id='par_1_17' title="bbox 175 1580 1759 1662">
     <span class='ocr_line' id='line_1_17' title="bbox 175 1580 1759 1662; baseline 0.009 -31"><span class='ocrx_word' id='word_1_110' title='bbox 175 1580 243 1632; x_wconf 81' lang='grc' dir='ltr'>τὸ</span> <span class='ocrx_word' id='word_1_111' title='bbox 276 1581 439 1633; x_wconf 79' lang='grc' dir='ltr'>Θεῐον</span> <span class='ocrx_word' id='word_1_112' title='bbox 463 1580 673 1637; x_wconf 80' lang='grc' dir='ltr'>οἴεσθαι</span> <span class='ocrx_word' id='word_1_113' title='bbox 708 1585 845 1655; x_wconf 78' lang='grc' dir='ltr'>πρὸς</span> <span class='ocrx_word' id='word_1_114' title='bbox 872 1586 972 1658; x_wconf 82' lang='grc' dir='ltr'>τὴν</span> <span class='ocrx_word' id='word_1_115' title='bbox 1007 1587 1366 1659; x_wconf 75' lang='grc' dir='ltr'>ἐκπλήρωσιν</span> <span class='ocrx_word' id='word_1_116' title='bbox 1394 1591 1492 1643; x_wconf 86' lang='grc' dir='ltr'>τοῦ</span> <span class='ocrx_word' id='word_1_117' title='bbox 1515 1590 1759 1662; x_wconf 84' lang='grc' dir='ltr'>θελήμα-</span> 
     </span>
    </p>
   </div>
   <div class='ocr_carea' id='block_1_18' title="bbox 174 1673 1752 1751">
    <p class='ocr_par' dir='ltr' id='par_1_18' title="bbox 174 1673 1752 1751">
     <span class='ocr_line' id='line_1_18' title="bbox 174 1673 1752 1751; baseline 0.006 -26"><span class='ocrx_word' id='word_1_118' title='bbox 174 1689 293 1735; x_wconf 87' lang='grc' dir='ltr'>τος.</span> <span class='ocrx_word' id='word_1_119' title='bbox 323 1673 389 1725; x_wconf 83' lang='grc' dir='ltr'>Τί</span> <span class='ocrx_word' id='word_1_120' title='bbox 418 1674 619 1739; x_wconf 78' lang='grc' dir='ltr'>κοινὸν,</span> <span class='ocrx_word' id='word_1_121' title='bbox 671 1677 857 1745; x_wconf 70' lang='grc' dir='ltr'>φησὶν,</span> <span class='ocrx_word' id='word_1_122' title='bbox 885 1676 1037 1731; x_wconf 76' lang='grc' dir='ltr'>ὕδατι</span> <span class='ocrx_word' id='word_1_123' title='bbox 1073 1680 1167 1731; x_wconf 70' lang='grc' dir='ltr'>καὶ</span> <span class='ocrx_word' id='word_1_124' title='bbox 1197 1679 1347 1751; x_wconf 74' lang='grc' dir='ltr'>ζωῇς</span> <span class='ocrx_word' id='word_1_125' title='bbox 1382 1682 1527 1734; x_wconf 87' lang='grc' dir='ltr'>Τίδέ</span> <span class='ocrx_word' id='word_1_126' title='bbox 1553 1682 1752 1748; x_wconf 86' lang='grc' dir='ltr'>κοινὸν,</span> 
     </span>
    </p>
   </div>
   <div class='ocr_carea' id='block_1_19' title="bbox 177 1762 1751 1838">
    <p class='ocr_par' dir='ltr' id='par_1_19' title="bbox 177 1762 1751 1838">
     <span class='ocr_line' id='line_1_19' title="bbox 177 1762 1751 1838; baseline 0.006 -24"><span class='ocrx_word' id='word_1_127' title='bbox 177 1762 319 1828; x_wconf 79' lang='grc' dir='ltr'>πρὸς</span> <span class='ocrx_word' id='word_1_128' title='bbox 373 1765 570 1828; x_wconf 81' lang='grc' dir='ltr'>αὐτοὺς</span> <span class='ocrx_word' id='word_1_129' title='bbox 622 1765 884 1838; x_wconf 78' lang='grc' dir='ltr'>ἐροῦμεν,</span> <span class='ocrx_word' id='word_1_130' title='bbox 918 1768 1180 1837; x_wconf 80' lang='grc' dir='ltr'>ὑγρότητι</span> <span class='ocrx_word' id='word_1_131' title='bbox 1230 1772 1324 1823; x_wconf 76' lang='grc' dir='ltr'>καὶ</span> <span class='ocrx_word' id='word_1_132' title='bbox 1378 1770 1548 1825; x_wconf 74' lang='grc' dir='ltr'>εἰκόνι</span> <span class='ocrx_word' id='word_1_133' title='bbox 1580 1772 1751 1838; x_wconf 76' lang='grc' dir='ltr'>Θεοῠ;</span> 
     </span>
    </p>
   </div>
   <div class='ocr_carea' id='block_1_20' title="bbox 1872 586 3459 667">
    <p class='ocr_par' dir='ltr' id='par_1_20' title="bbox 1872 586 3459 667">
     <span class='ocr_line' id='line_1_20' title="bbox 1872 586 3459 667; baseline 0.011 -30"><span class='ocrx_word' id='word_1_134' title='bbox 1872 586 1967 653; x_wconf 82' lang='lat' dir='ltr'>qui</span> <span class='ocrx_word' id='word_1_135' title='bbox 2011 586 2127 641; x_wconf 81' lang='lat' dir='ltr'><strong>iieri</strong></span> <span class='ocrx_word' id='word_1_136' title='bbox 2158 591 2327 659; x_wconf 86' lang='lat' dir='ltr'><strong>possit</strong></span> <span class='ocrx_word' id='word_1_137' title='bbox 2359 601 2416 644; x_wconf 91' lang='lat' dir='ltr'>ut</span> <span class='ocrx_word' id='word_1_138' title='bbox 2444 606 2511 646; x_wconf 86' lang='lat' dir='ltr'>ex</span> <span class='ocrx_word' id='word_1_139' title='bbox 2546 607 2607 648; x_wconf 91' lang='lat' dir='ltr'>ea</span> <span class='ocrx_word' id='word_1_140' title='bbox 2630 596 2791 650; x_wconf 85' lang='lat' dir='ltr'><strong>homo</strong></span> <span class='ocrx_word' id='word_1_141' title='bbox 2822 599 3204 667; x_wconf 73' lang='lat' dir='ltr'>constituatur,</span> <span class='ocrx_word' id='word_1_142' title='bbox 3242 601 3294 655; x_wconf 93' lang='lat' dir='ltr'>id</span> <span class='ocrx_word' id='word_1_143' title='bbox 3328 603 3459 657; x_wconf 90' lang='lat' dir='ltr'><strong>item</strong></span> 
     </span>
    </p>
   </div>
   <div class='ocr_carea' id='block_1_21' title="bbox 1874 681 3460 763">
    <p class='ocr_par' dir='ltr' id='par_1_21' title="bbox 1874 681 3460 763">
     <span class='ocr_line' id='line_1_21' title="bbox 1874 681 3460 763; baseline 0.012 -33"><span class='ocrx_word' id='word_1_144' title='bbox 1874 691 1971 731; x_wconf 91' lang='lat' dir='ltr'><strong>nos</strong></span> <span class='ocrx_word' id='word_1_145' title='bbox 2028 681 2502 748; x_wconf 82' lang='lat' dir='ltr'>respondebimus,</span> <span class='ocrx_word' id='word_1_146' title='bbox 2545 701 2666 739; x_wconf 85' lang='lat' dir='ltr'>cum</span> <span class='ocrx_word' id='word_1_147' title='bbox 2727 702 2792 742; x_wconf 83' lang='lat' dir='ltr'><strong>ex</strong></span> <span class='ocrx_word' id='word_1_148' title='bbox 2863 691 3016 744; x_wconf 92' lang='lat' dir='ltr'><strong>nobis</strong></span> <span class='ocrx_word' id='word_1_149' title='bbox 3063 702 3311 759; x_wconf 72' lang='lat' dir='ltr'><strong>quaerunt</strong></span> <span class='ocrx_word' id='word_1_150' title='bbox 3352 712 3460 763; x_wconf 81' lang='lat' dir='ltr'>quo</span> 
     </span>
    </p>
   </div>
   <div class='ocr_carea' id='block_1_22' title="bbox 1870 770 3503 855">
    <p class='ocr_par' dir='ltr' id='par_1_22' title="bbox 1870 770 3503 855">
     <span class='ocr_line' id='line_1_22' title="bbox 1870 770 3503 855; baseline 0.013 -34"><span class='ocrx_word' id='word_1_151' title='bbox 1870 780 2027 837; x_wconf 85' lang='lat' dir='ltr'><strong>pacto</strong></span> <span class='ocrx_word' id='word_1_152' title='bbox 2050 770 2140 825; x_wconf 84' lang='lat' dir='ltr'><strong>liat</strong></span> <span class='ocrx_word' id='word_1_153' title='bbox 2161 787 2254 840; x_wconf 87' lang='lat' dir='ltr'>per</span> <span class='ocrx_word' id='word_1_154' title='bbox 2275 790 2466 843; x_wconf 86' lang='lat' dir='ltr'><strong>aquam</strong></span> <span class='ocrx_word' id='word_1_155' title='bbox 2487 781 2974 848; x_wconf 79' lang='lat' dir='ltr'><strong>regeneratio.lllic</strong></span> <span class='ocrx_word' id='word_1_156' title='bbox 2993 785 3129 837; x_wconf 70' lang='lat' dir='ltr'><strong>enim</strong></span> <span class='ocrx_word' id='word_1_157' title='bbox 3151 798 3455 855; x_wconf 84' lang='lat' dir='ltr'><strong>promptum</strong></span> <span class='ocrx_word' id='word_1_158' title='bbox 3494 838 3503 851; x_wconf 83' lang='lat'>,</span> 
     </span>
    </p>
   </div>
   <div class='ocr_carea' id='block_1_23' title="bbox 1868 863 3457 937">
    <p class='ocr_par' dir='ltr' id='par_1_23' title="bbox 1868 863 3457 937">
     <span class='ocr_line' id='line_1_23' title="bbox 1868 863 3457 937; baseline 0.013 -23"><span class='ocrx_word' id='word_1_159' title='bbox 1868 871 1948 914; x_wconf 92' lang='lat' dir='ltr'>est</span> <span class='ocrx_word' id='word_1_160' title='bbox 1981 863 2273 934; x_wconf 86' lang='lat' dir='ltr'><strong>unicuique</strong></span> <span class='ocrx_word' id='word_1_161' title='bbox 2301 872 2647 937; x_wconf 83' lang='lat' dir='ltr'><strong>respondere,</strong></span> <span class='ocrx_word' id='word_1_162' title='bbox 2678 874 2860 927; x_wconf 83' lang='lat' dir='ltr'><strong>divina</strong></span> <span class='ocrx_word' id='word_1_163' title='bbox 2903 880 3101 930; x_wconf 86' lang='lat' dir='ltr'><strong>virtute</strong></span> <span class='ocrx_word' id='word_1_164' title='bbox 3130 879 3256 932; x_wconf 84' lang='lat' dir='ltr'><strong>illud</strong></span> <span class='ocrx_word' id='word_1_165' title='bbox 3284 881 3457 934; x_wconf 80' lang='lat' dir='ltr'><strong>liomi-</strong></span> 
     </span>
    </p>
   </div>
   <div class='ocr_carea' id='block_1_24' title="bbox 1870 956 3453 1036">
    <p class='ocr_par' dir='ltr' id='par_1_24' title="bbox 1870 956 3453 1036">
     <span class='ocr_line' id='line_1_24' title="bbox 1870 956 3453 1036; baseline 0.012 -33"><span class='ocrx_word' id='word_1_166' title='bbox 1870 969 1989 1007; x_wconf 84' lang='lat' dir='ltr'>nem</span> <span class='ocrx_word' id='word_1_167' title='bbox 2033 956 2170 1023; x_wconf 89' lang='lat' dir='ltr'><strong>licri,</strong></span> <span class='ocrx_word' id='word_1_168' title='bbox 2226 960 2367 1026; x_wconf 90' lang='lat' dir='ltr'><strong>quod</strong></span> <span class='ocrx_word' id='word_1_169' title='bbox 2405 960 2644 1030; x_wconf 76' lang='lat' dir='ltr'>alioquin</span> <span class='ocrx_word' id='word_1_170' title='bbox 2708 968 2979 1021; x_wconf 86' lang='lat' dir='ltr'><strong>immobile</strong></span> <span class='ocrx_word' id='word_1_171' title='bbox 3031 978 3085 1023; x_wconf 87' lang='lat' dir='ltr'>et</span> <span class='ocrx_word' id='word_1_172' title='bbox 3158 971 3307 1026; x_wconf 86' lang='lat' dir='ltr'><strong>iners</strong></span> <span class='ocrx_word' id='word_1_173' title='bbox 3360 974 3453 1036; x_wconf 76' lang='lat' dir='ltr'><strong>sit,</strong></span> 
     </span>
    </p>
   </div>
   <div class='ocr_carea' id='block_1_25' title="bbox 1867 1046 3454 1128">
    <p class='ocr_par' dir='ltr' id='par_1_25' title="bbox 1867 1046 3454 1128">
     <span class='ocr_line' id='line_1_25' title="bbox 1867 1046 3454 1128; baseline 0.013 -31"><span class='ocrx_word' id='word_1_174' title='bbox 1867 1046 1973 1100; x_wconf 87' lang='lat' dir='ltr'><strong>nisi</strong></span> <span class='ocrx_word' id='word_1_175' title='bbox 2013 1048 2101 1100; x_wconf 84' lang='lat' dir='ltr'><strong>illa</strong></span> <span class='ocrx_word' id='word_1_176' title='bbox 2139 1048 2298 1104; x_wconf 74' lang='lat' dir='ltr'><strong>adsit.</strong></span> <span class='ocrx_word' id='word_1_177' title='bbox 2349 1051 2711 1117; x_wconf 78' lang='lat' dir='ltr'>Quamobrem</span> <span class='ocrx_word' id='word_1_178' title='bbox 2745 1058 2786 1111; x_wconf 89' lang='lat' dir='ltr'>si</span> <span class='ocrx_word' id='word_1_179' title='bbox 2831 1058 2940 1111; x_wconf 83' lang='lat' dir='ltr'><strong>illic</strong></span> <span class='ocrx_word' id='word_1_180' title='bbox 2989 1075 3088 1112; x_wconf 90' lang='lat' dir='ltr'><strong>non</strong></span> <span class='ocrx_word' id='word_1_181' title='bbox 3131 1065 3271 1128; x_wconf 83' lang='lat' dir='ltr'><strong>quod</strong></span> <span class='ocrx_word' id='word_1_182' title='bbox 3323 1064 3454 1117; x_wconf 90' lang='lat' dir='ltr'><strong>sub-</strong></span> 
     </span>
    </p>
   </div>
   <div class='ocr_carea' id='block_1_26' title="bbox 1862 1136 3455 1210">
    <p class='ocr_par' dir='ltr' id='par_1_26' title="bbox 1862 1136 3455 1210">
     <span class='ocr_line' id='line_1_26' title="bbox 1862 1136 3455 1210; baseline 0.012 -19"><span class='ocrx_word' id='word_1_183' title='bbox 1862 1136 2064 1205; x_wconf 84' lang='lat' dir='ltr'><strong>jectum</strong></span> <span class='ocrx_word' id='word_1_184' title='bbox 2092 1152 2173 1194; x_wconf 89' lang='lat' dir='ltr'>est</span> <span class='ocrx_word' id='word_1_185' title='bbox 2206 1142 2478 1196; x_wconf 79' lang='lat' dir='ltr'>hominem</span> <span class='ocrx_word' id='word_1_186' title='bbox 2515 1146 2663 1210; x_wconf 79' lang='lat' dir='ltr'><strong>facit,</strong></span> <span class='ocrx_word' id='word_1_187' title='bbox 2698 1148 2790 1202; x_wconf 88' lang='lat' dir='ltr'>sed</span> <span class='ocrx_word' id='word_1_188' title='bbox 2824 1150 3001 1203; x_wconf 84' lang='lat' dir='ltr'><strong>divina</strong></span> <span class='ocrx_word' id='word_1_189' title='bbox 3066 1152 3236 1208; x_wconf 84' lang='lat' dir='ltr'><strong>virtus</strong></span> <span class='ocrx_word' id='word_1_190' title='bbox 3269 1153 3319 1205; x_wconf 93' lang='lat' dir='ltr'><strong>in</strong></span> <span class='ocrx_word' id='word_1_191' title='bbox 3352 1155 3455 1209; x_wconf 88' lang='lat' dir='ltr'>ho-</span> 
     </span>
    </p>
   </div>
   <div class='ocr_carea' id='block_1_27' title="bbox 1866 1221 3454 1297">
    <p class='ocr_par' dir='ltr' id='par_1_27' title="bbox 1866 1221 3454 1297">
     <span class='ocr_line' id='line_1_27' title="bbox 1866 1221 3454 1297; baseline 0.011 -25"><span class='ocrx_word' id='word_1_192' title='bbox 1866 1221 2025 1275; x_wconf 79' lang='lat' dir='ltr'><strong>minis</strong></span> <span class='ocrx_word' id='word_1_193' title='bbox 2046 1233 2290 1277; x_wconf 88' lang='lat' dir='ltr'><strong>naturam</strong></span> <span class='ocrx_word' id='word_1_194' title='bbox 2313 1238 2485 1281; x_wconf 88' lang='lat' dir='ltr'><strong>mutat</strong></span> <span class='ocrx_word' id='word_1_195' title='bbox 2507 1230 2556 1281; x_wconf 92' lang='lat' dir='ltr'>id</span> <span class='ocrx_word' id='word_1_196' title='bbox 2581 1233 2721 1295; x_wconf 88' lang='lat' dir='ltr'><strong>quod</strong></span> <span class='ocrx_word' id='word_1_197' title='bbox 2754 1234 3204 1297; x_wconf 87' lang='lat' dir='ltr'><strong>cernitur,nonne</strong></span> <span class='ocrx_word' id='word_1_198' title='bbox 3226 1253 3454 1291; x_wconf 77' lang='lat' dir='ltr'><strong>summa:</strong></span> 
     </span>
    </p>
   </div>
   <div class='ocr_carea' id='block_1_28' title="bbox 1864 1302 3453 1384">
    <p class='ocr_par' dir='ltr' id='par_1_28' title="bbox 1864 1302 3453 1384">
     <span class='ocr_line' id='line_1_28' title="bbox 1864 1302 3453 1384; baseline 0.014 -30"><span class='ocrx_word' id='word_1_199' title='bbox 1864 1302 2089 1358; x_wconf 72' lang='lat' dir='ltr'><strong>inscitia:</strong></span> <span class='ocrx_word' id='word_1_200' title='bbox 2145 1306 2216 1360; x_wconf 88' lang='lat' dir='ltr'>sit</span> <span class='ocrx_word' id='word_1_201' title='bbox 2260 1318 2465 1363; x_wconf 84' lang='lat' dir='ltr'><strong>tantam</strong></span> <span class='ocrx_word' id='word_1_202' title='bbox 2527 1313 2579 1365; x_wconf 91' lang='lat' dir='ltr'><strong>in</strong></span> <span class='ocrx_word' id='word_1_203' title='bbox 2638 1328 2700 1366; x_wconf 81' lang='lat' dir='ltr'>ea</span> <span class='ocrx_word' id='word_1_204' title='bbox 2754 1330 2845 1384; x_wconf 55' lang='lat' dir='ltr'>rei</span> <span class='ocrx_word' id='word_1_205' title='bbox 2878 1315 2969 1370; x_wconf 87' lang='lat' dir='ltr'>Dei</span> <span class='ocrx_word' id='word_1_206' title='bbox 3028 1320 3280 1373; x_wconf 81' lang='lat' dir='ltr'><strong>virtutem</strong></span> <span class='ocrx_word' id='word_1_207' title='bbox 3331 1336 3453 1376; x_wconf 87' lang='lat' dir='ltr'><strong>esse</strong></span> 
     </span>
    </p>
   </div>
   <div class='ocr_carea' id='block_1_29' title="bbox 1863 1389 3455 1471">
    <p class='ocr_par' dir='ltr' id='par_1_29' title="bbox 1863 1389 3455 1471">
     <span class='ocr_line' id='line_1_29' title="bbox 1863 1389 3455 1471; baseline 0.009 -31"><span class='ocrx_word' id='word_1_208' title='bbox 1863 1389 2189 1451; x_wconf 61' lang='lat' dir='ltr'><strong>coniiterijn</strong></span> <span class='ocrx_word' id='word_1_209' title='bbox 2215 1394 2315 1447; x_wconf 85' lang='lat' dir='ltr'><strong>hoc</strong></span> <span class='ocrx_word' id='word_1_210' title='bbox 2329 1403 2508 1449; x_wconf 87' lang='lat' dir='ltr'><strong>autem</strong></span> <span class='ocrx_word' id='word_1_211' title='bbox 2527 1398 2770 1452; x_wconf 89' lang='lat' dir='ltr'><strong>eumdem</strong></span> <span class='ocrx_word' id='word_1_212' title='bbox 2797 1415 2919 1454; x_wconf 83' lang='lat' dir='ltr'><strong>esse</strong></span> <span class='ocrx_word' id='word_1_213' title='bbox 2967 1410 3073 1454; x_wconf 90' lang='lat' dir='ltr'>tam</span> <span class='ocrx_word' id='word_1_214' title='bbox 3097 1402 3455 1471; x_wconf 74' lang='lat' dir='ltr'><strong>imbecillum,</strong></span> 
     </span>
    </p>
   </div>
   <div class='ocr_carea' id='block_1_30' title="bbox 1864 1475 3449 1553">
    <p class='ocr_par' dir='ltr' id='par_1_30' title="bbox 1864 1475 3449 1553">
     <span class='ocr_line' id='line_1_30' title="bbox 1864 1475 3449 1553; baseline 0.013 -32"><span class='ocrx_word' id='word_1_215' title='bbox 1864 1479 1921 1523; x_wconf 92' lang='lat' dir='ltr'>ut</span> <span class='ocrx_word' id='word_1_216' title='bbox 1948 1475 2092 1541; x_wconf 90' lang='lat' dir='ltr'><strong>quod</strong></span> <span class='ocrx_word' id='word_1_217' title='bbox 2120 1477 2231 1530; x_wconf 83' lang='lat' dir='ltr'><strong>vult</strong></span> <span class='ocrx_word' id='word_1_218' title='bbox 2287 1478 2506 1547; x_wconf 82' lang='lat' dir='ltr'><strong>explere</strong></span> <span class='ocrx_word' id='word_1_219' title='bbox 2534 1495 2639 1534; x_wconf 82' lang='lat' dir='ltr'><strong>non</strong></span> <span class='ocrx_word' id='word_1_220' title='bbox 2690 1483 2909 1550; x_wconf 64' lang='lat' dir='ltr'><strong>possit?</strong></span> <span class='ocrx_word' id='word_1_221' title='bbox 2950 1485 3090 1550; x_wconf 90' lang='lat' dir='ltr'><strong>Quid</strong></span> <span class='ocrx_word' id='word_1_222' title='bbox 3140 1501 3449 1553; x_wconf 84' lang='lat' dir='ltr'>commune,</span> 
     </span>
    </p>
   </div>
   <div class='ocr_carea' id='block_1_31' title="bbox 1862 1567 3451 1643">
    <p class='ocr_par' dir='ltr' id='par_1_31' title="bbox 1862 1567 3451 1643">
     <span class='ocr_line' id='line_1_31' title="bbox 1862 1567 3451 1643; baseline 0.01 -26"><span class='ocrx_word' id='word_1_223' title='bbox 1862 1567 2310 1633; x_wconf 86' lang='lat' dir='ltr'><strong>inquiunt,habet</strong></span> <span class='ocrx_word' id='word_1_224' title='bbox 2329 1585 2465 1640; x_wconf 81' lang='lat' dir='ltr'><strong>aqua</strong></span> <span class='ocrx_word' id='word_1_225' title='bbox 2493 1589 2615 1627; x_wconf 87' lang='lat' dir='ltr'><strong>cum</strong></span> <span class='ocrx_word' id='word_1_226' title='bbox 2639 1576 2811 1643; x_wconf 79' lang='lat' dir='ltr'><strong>gratia</strong></span> <span class='ocrx_word' id='word_1_227' title='bbox 2837 1576 3082 1641; x_wconf 85' lang='lat' dir='ltr'><strong>?Quibus</strong></span> <span class='ocrx_word' id='word_1_228' title='bbox 3116 1593 3214 1632; x_wconf 93' lang='lat' dir='ltr'><strong>nos</strong></span> <span class='ocrx_word' id='word_1_229' title='bbox 3238 1589 3451 1641; x_wconf 88' lang='lat' dir='ltr'><strong>contra,</strong></span> 
     </span>
    </p>
   </div>
   <div class='ocr_carea' id='block_1_32' title="bbox 1859 1653 3453 1744">
    <p class='ocr_par' dir='ltr' id='par_1_32' title="bbox 1859 1653 3453 1744">
     <span class='ocr_line' id='line_1_32' title="bbox 1859 1653 3453 1744; baseline 0.011 -38"><span class='ocrx_word' id='word_1_230' title='bbox 1859 1653 1998 1719; x_wconf 86' lang='lat' dir='ltr'><strong>Quid</strong></span> <span class='ocrx_word' id='word_1_231' title='bbox 2025 1657 2182 1711; x_wconf 86' lang='lat' dir='ltr'><strong>habet</strong></span> <span class='ocrx_word' id='word_1_232' title='bbox 2234 1674 2520 1716; x_wconf 87' lang='lat' dir='ltr'><strong>commune</strong></span> <span class='ocrx_word' id='word_1_233' title='bbox 2548 1664 2839 1719; x_wconf 84' lang='lat' dir='ltr'><strong>humiditas</strong></span> <span class='ocrx_word' id='word_1_234' title='bbox 2874 1681 2997 1721; x_wconf 91' lang='lat' dir='ltr'>cum</span> <span class='ocrx_word' id='word_1_235' title='bbox 3034 1668 3268 1744; x_wconf 79' lang='lat' dir='ltr'><strong>imagine</strong></span> <span class='ocrx_word' id='word_1_236' title='bbox 3308 1668 3453 1723; x_wconf 80' lang='lat' dir='ltr'><strong>Dei?</strong></span> 
     </span>
    </p>
   </div>
   <div class='ocr_carea' id='block_1_33' title="bbox 1857 1747 3452 1821">
    <p class='ocr_par' dir='ltr' id='par_1_33' title="bbox 1857 1747 3452 1821">
     <span class='ocr_line' id='line_1_33' title="bbox 1857 1747 3452 1821; baseline 0.011 -22"><span class='ocrx_word' id='word_1_237' title='bbox 1857 1747 2064 1800; x_wconf 80' lang='lat' dir='ltr'><strong>Acillic</strong></span> <span class='ocrx_word' id='word_1_238' title='bbox 2089 1749 2284 1805; x_wconf 87' lang='lat' dir='ltr'><strong>mirum</strong></span> <span class='ocrx_word' id='word_1_239' title='bbox 2324 1768 2430 1806; x_wconf 92' lang='lat' dir='ltr'><strong>non</strong></span> <span class='ocrx_word' id='word_1_240' title='bbox 2468 1764 2572 1821; x_wconf 66' lang='lat' dir='ltr'><strong>est,</strong></span> <span class='ocrx_word' id='word_1_241' title='bbox 2606 1756 2651 1810; x_wconf 91' lang='lat' dir='ltr'><strong>si</strong></span> <span class='ocrx_word' id='word_1_242' title='bbox 2686 1755 2779 1811; x_wconf 90' lang='lat' dir='ltr'><strong>Dei</strong></span> <span class='ocrx_word' id='word_1_243' title='bbox 2834 1757 3113 1813; x_wconf 76' lang='lat' dir='ltr'><strong>voluntate</strong></span> <span class='ocrx_word' id='word_1_244' title='bbox 3157 1762 3210 1813; x_wconf 87' lang='lat' dir='ltr'><strong>in</strong></span> <span class='ocrx_word' id='word_1_245' title='bbox 3246 1761 3452 1818; x_wconf 82' lang='lat' dir='ltr'><strong>animal</strong></span> 
     </span>
    </p>
   </div>
   <div class='ocr_carea' id='block_1_34' title="bbox 184 1838 1742 1935">
    <p class='ocr_par' dir='ltr' id='par_1_34' title="bbox 184 1854 1742 1935">
     <span class='ocr_line' id='line_1_34' title="bbox 184 1854 1742 1935; baseline 0.008 -28"><span class='ocrx_word' id='word_1_246' title='bbox 184 1854 334 1908; x_wconf 82' lang='grc' dir='ltr'>Ἀλλ’</span> <span class='ocrx_word' id='word_1_247' title='bbox 362 1856 517 1910; x_wconf 76' lang='grc' dir='ltr'>οὐδὲν</span> <span class='ocrx_word' id='word_1_248' title='bbox 548 1860 668 1912; x_wconf 81' lang='grc' dir='ltr'>ἐκεῖ</span> <span class='ocrx_word' id='word_1_249' title='bbox 693 1859 753 1912; x_wconf 83' lang='grc' dir='ltr'>τὸ</span> <span class='ocrx_word' id='word_1_250' title='bbox 785 1860 1110 1931; x_wconf 78' lang='grc' dir='ltr'>παράδοξον,</span> <span class='ocrx_word' id='word_1_251' title='bbox 1136 1865 1205 1927; x_wconf 82' lang='grc' dir='ltr'>εί,</span> <span class='ocrx_word' id='word_1_252' title='bbox 1232 1862 1368 1917; x_wconf 84' lang='grc' dir='ltr'>Θεοῦ</span> <span class='ocrx_word' id='word_1_253' title='bbox 1402 1864 1742 1935; x_wconf 81' lang='grc' dir='ltr'>βουλομένου.</span> 
     </span>
    </p>
   </div>
   <div class='ocr_carea' id='block_1_35' title="bbox 1850 1838 3446 1935">
    <p class='ocr_par' dir='ltr' id='par_1_35' title="bbox 1862 1838 3446 1908">
     <span class='ocr_line' id='line_1_35' title="bbox 1862 1838 3446 1908; baseline 0.011 -18"><span class='ocrx_word' id='word_1_254' title='bbox 1862 1838 2344 1906; x_wconf 72' lang='lat' dir='ltr'><strong>praeclarissimum</strong></span> <span class='ocrx_word' id='word_1_255' title='bbox 2427 1844 2718 1900; x_wconf 88' lang='lat' dir='ltr'><strong>humiditas</strong></span> <span class='ocrx_word' id='word_1_256' title='bbox 2771 1858 3156 1905; x_wconf 80' lang='lat' dir='ltr'><strong>commutatur.</strong></span> <span class='ocrx_word' id='word_1_257' title='bbox 3243 1852 3310 1906; x_wconf 87' lang='lat' dir='ltr'><strong>Et</strong></span> <span class='ocrx_word' id='word_1_258' title='bbox 3355 1854 3446 1908; x_wconf 87' lang='lat' dir='ltr'><strong>hic</strong></span> 
     </span>
    </p>
   </div>
   <div class='ocr_carea' id='block_1_36' title="bbox 172 1947 1755 2027">
    <p class='ocr_par' dir='ltr' id='par_1_36' title="bbox 172 1947 1755 2027">
     <span class='ocr_line' id='line_1_36' title="bbox 172 1947 1755 2027; baseline 0.006 -27"><span class='ocrx_word' id='word_1_259' title='bbox 172 1947 315 2019; x_wconf 73' lang='grc' dir='ltr'>πρὸς</span> <span class='ocrx_word' id='word_1_260' title='bbox 340 1947 400 2001; x_wconf 78' lang='grc' dir='ltr'>τὸ</span> <span class='ocrx_word' id='word_1_261' title='bbox 428 1950 767 2019; x_wconf 83' lang='grc' dir='ltr'>τιμιώτατον</span> <span class='ocrx_word' id='word_1_262' title='bbox 797 1952 939 2017; x_wconf 84' lang='grc' dir='ltr'>ζῶον</span> <span class='ocrx_word' id='word_1_263' title='bbox 979 1953 1040 2007; x_wconf 85' lang='grc' dir='ltr'>τὸ</span> <span class='ocrx_word' id='word_1_264' title='bbox 1092 1956 1262 2027; x_wconf 65' lang='grc' dir='ltr'>ύγρδν</span> <span class='ocrx_word' id='word_1_265' title='bbox 1301 1957 1642 2025; x_wconf 80' lang='grc' dir='ltr'>μεταϐαίνει.</span> <span class='ocrx_word' id='word_1_266' title='bbox 1679 1958 1755 2011; x_wconf 85' lang='grc' dir='ltr'>Τὸ</span> 
     </span>
    </p>
   </div>
   <div class='ocr_carea' id='block_1_37' title="bbox 172 2036 1749 2116">
    <p class='ocr_par' dir='ltr' id='par_1_37' title="bbox 172 2036 1749 2116">
     <span class='ocr_line' id='line_1_37' title="bbox 172 2036 1749 2116; baseline 0.007 -28"><span class='ocrx_word' id='word_1_267' title='bbox 172 2036 295 2090; x_wconf 69' lang='grc' dir='ltr'>1ἴσον</span> <span class='ocrx_word' id='word_1_268' title='bbox 322 2038 418 2090; x_wconf 74' lang='grc' dir='ltr'>καὶ</span> <span class='ocrx_word' id='word_1_269' title='bbox 452 2040 546 2093; x_wconf 78' lang='grc' dir='ltr'>ἐπὶ</span> <span class='ocrx_word' id='word_1_270' title='bbox 571 2041 761 2095; x_wconf 88' lang='grc' dir='ltr'>τούτου</span> <span class='ocrx_word' id='word_1_271' title='bbox 794 2044 1001 2113; x_wconf 83' lang='grc' dir='ltr'>φαμὲν,</span> <span class='ocrx_word' id='word_1_272' title='bbox 1037 2045 1202 2115; x_wconf 80' lang='grc' dir='ltr'>μηδὲν</span> <span class='ocrx_word' id='word_1_273' title='bbox 1234 2040 1377 2099; x_wconf 83' lang='grc' dir='ltr'>εἶναι</span> <span class='ocrx_word' id='word_1_274' title='bbox 1408 2046 1749 2116; x_wconf 81' lang='grc' dir='ltr'>θαυμαστὸν,</span> 
     </span>
    </p>
   </div>
   <div class='ocr_carea' id='block_1_38' title="bbox 167 2129 1753 2208">
    <p class='ocr_par' dir='ltr' id='par_1_38' title="bbox 167 2129 1753 2208">
     <span class='ocr_line' id='line_1_38' title="bbox 167 2129 1753 2208; baseline 0.006 -27"><span class='ocrx_word' id='word_1_275' title='bbox 167 2130 218 2182; x_wconf 82' lang='grc' dir='ltr'>εί</span> <span class='ocrx_word' id='word_1_276' title='bbox 250 2129 372 2183; x_wconf 79' lang='grc' dir='ltr'>θεία</span> <span class='ocrx_word' id='word_1_277' title='bbox 405 2131 687 2201; x_wconf 84' lang='grc' dir='ltr'>δυνάμεως</span> <span class='ocrx_word' id='word_1_278' title='bbox 729 2134 1009 2205; x_wconf 80' lang='grc' dir='ltr'>παρουσία</span> <span class='ocrx_word' id='word_1_279' title='bbox 1045 2137 1184 2206; x_wconf 79' lang='grc' dir='ltr'>πρὸς</span> <span class='ocrx_word' id='word_1_280' title='bbox 1214 2137 1529 2206; x_wconf 77' lang='grc' dir='ltr'>ἀφθαρσίαν</span> <span class='ocrx_word' id='word_1_281' title='bbox 1583 2155 1753 2208; x_wconf 83' lang='grc' dir='ltr'>μετα·</span> 
     </span>
    </p>
   </div>
   <div class='ocr_carea' id='block_1_39' title="bbox 167 2224 1752 2298">
    <p class='ocr_par' dir='ltr' id='par_1_39' title="bbox 167 2224 1752 2298">
     <span class='ocr_line' id='line_1_39' title="bbox 167 2224 1752 2298; baseline 0.006 -25"><span class='ocrx_word' id='word_1_282' title='bbox 167 2224 433 2287; x_wconf 70' lang='grc' dir='ltr'>σκευάζει</span> <span class='ocrx_word' id='word_1_283' title='bbox 463 2224 523 2276; x_wconf 81' lang='grc' dir='ltr'>τὸ</span> <span class='ocrx_word' id='word_1_284' title='bbox 558 2227 615 2278; x_wconf 81' lang='grc' dir='ltr'>ἐν</span> <span class='ocrx_word' id='word_1_285' title='bbox 640 2229 705 2296; x_wconf 86' lang='grc' dir='ltr'>τῇ</span> <span class='ocrx_word' id='word_1_286' title='bbox 738 2225 954 2298; x_wconf 81' lang='grc' dir='ltr'>φθαρτῇ</span> <span class='ocrx_word' id='word_1_287' title='bbox 1008 2227 1174 2296; x_wconf 82' lang='grc' dir='ltr'>φύσει</span> <span class='ocrx_word' id='word_1_288' title='bbox 1226 2230 1543 2297; x_wconf 87' lang='grc' dir='ltr'>γενόμενον.</span> <span class='ocrx_word' id='word_1_289' title='bbox 1590 2230 1752 2283; x_wconf 82' lang='grc' dir='ltr'>Ἀλλὰ</span> 
     </span>
    </p>
   </div>
   <div class='ocr_carea' id='block_1_40' title="bbox 167 2314 1751 2391">
    <p class='ocr_par' dir='ltr' id='par_1_40' title="bbox 167 2314 1751 2391">
     <span class='ocr_line' id='line_1_40' title="bbox 167 2314 1751 2391; baseline 0.004 -24"><span class='ocrx_word' id='word_1_290' title='bbox 167 2314 433 2384; x_wconf 85' lang='grc' dir='ltr'>ζητοῦσιν</span> <span class='ocrx_word' id='word_1_291' title='bbox 465 2318 745 2383; x_wconf 83' lang='grc' dir='ltr'>ἀπόδειξιν</span> <span class='ocrx_word' id='word_1_292' title='bbox 780 2318 874 2372; x_wconf 90' lang='grc' dir='ltr'>τοῦ</span> <span class='ocrx_word' id='word_1_293' title='bbox 913 2323 1169 2391; x_wconf 89' lang='grc' dir='ltr'>παρεῖναι</span> <span class='ocrx_word' id='word_1_294' title='bbox 1196 2321 1256 2373; x_wconf 80' lang='grc' dir='ltr'>τὸ</span> <span class='ocrx_word' id='word_1_295' title='bbox 1283 2321 1439 2374; x_wconf 82' lang='grc' dir='ltr'>Θεῖον</span> <span class='ocrx_word' id='word_1_296' title='bbox 1466 2323 1559 2374; x_wconf 85' lang='grc' dir='ltr'>ἐπί</span> <span class='ocrx_word' id='word_1_297' title='bbox 1592 2323 1751 2390; x_wconf 82' lang='grc' dir='ltr'>ἁγια-</span> 
     </span>
    </p>
   </div>
   <div class='ocr_carea' id='block_1_41' title="bbox 167 2403 1748 2481">
    <p class='ocr_par' dir='ltr' id='par_1_41' title="bbox 167 2403 1748 2481">
     <span class='ocr_line' id='line_1_41' title="bbox 167 2403 1748 2481; baseline 0.006 -26"><span class='ocrx_word' id='word_1_298' title='bbox 167 2403 299 2474; x_wconf 83' lang='grc' dir='ltr'>σμῷ</span> <span class='ocrx_word' id='word_1_299' title='bbox 332 2406 443 2457; x_wconf 75' lang='grc' dir='ltr'>τῶν</span> <span class='ocrx_word' id='word_1_300' title='bbox 473 2408 777 2477; x_wconf 84' lang='grc' dir='ltr'>γινομένων</span> <span class='ocrx_word' id='word_1_301' title='bbox 805 2408 1165 2479; x_wconf 82' lang='grc' dir='ltr'>καλούμενον.</span> <span class='ocrx_word' id='word_1_302' title='bbox 1216 2411 1280 2463; x_wconf 87' lang='grc' dir='ltr'><strong>Ἦ</strong></span> <span class='ocrx_word' id='word_1_303' title='bbox 1304 2411 1621 2481; x_wconf 87' lang='grc' dir='ltr'>κατασκευὴ</span> <span class='ocrx_word' id='word_1_304' title='bbox 1653 2411 1748 2464; x_wconf 91' lang='grc' dir='ltr'>τοῦ</span> 
     </span>
    </p>
   </div>
   <div class='ocr_carea' id='block_1_42' title="bbox 164 2497 1749 2574">
    <p class='ocr_par' dir='ltr' id='par_1_42' title="bbox 164 2497 1749 2574">
     <span class='ocr_line' id='line_1_42' title="bbox 164 2497 1749 2574; baseline 0.006 -26"><span class='ocrx_word' id='word_1_305' title='bbox 164 2497 271 2568; x_wconf 77' lang='grc' dir='ltr'>τὴν</span> <span class='ocrx_word' id='word_1_306' title='bbox 307 2497 395 2551; x_wconf 84' lang='grc' dir='ltr'>διὰ</span> <span class='ocrx_word' id='word_1_307' title='bbox 429 2500 630 2569; x_wconf 78' lang='grc' dir='ltr'>σαρκὸς</span> <span class='ocrx_word' id='word_1_308' title='bbox 662 2502 793 2571; x_wconf 79' lang='grc' dir='ltr'>ἡμῖν</span> <span class='ocrx_word' id='word_1_309' title='bbox 826 2503 1189 2572; x_wconf 74' lang='grc' dir='ltr'>ἐπιφανεῖσαν</span> <span class='ocrx_word' id='word_1_310' title='bbox 1239 2503 1474 2573; x_wconf 88' lang='grc' dir='ltr'>δύναμιν</span> <span class='ocrx_word' id='word_1_311' title='bbox 1530 2503 1749 2574; x_wconf 79' lang='grc' dir='ltr'>ἀληθῶς</span> 
     </span>
    </p>
   </div>
   <div class='ocr_carea' id='block_1_43' title="bbox 164 2586 1746 2666">
    <p class='ocr_par' dir='ltr' id='par_1_43' title="bbox 164 2586 1746 2666">
     <span class='ocr_line' id='line_1_43' title="bbox 164 2586 1746 2666; baseline 0.006 -26"><span class='ocrx_word' id='word_1_312' title='bbox 164 2588 325 2642; x_wconf 88' lang='grc' dir='ltr'>θείαν</span> <span class='ocrx_word' id='word_1_313' title='bbox 355 2586 496 2644; x_wconf 80' lang='grc' dir='ltr'>εἶναι</span> <span class='ocrx_word' id='word_1_314' title='bbox 528 2590 624 2645; x_wconf 86' lang='grc' dir='ltr'>τοῦ</span> <span class='ocrx_word' id='word_1_315' title='bbox 655 2593 921 2661; x_wconf 82' lang='grc' dir='ltr'>παρόντος</span> <span class='ocrx_word' id='word_1_316' title='bbox 957 2594 1119 2661; x_wconf 83' lang='grc' dir='ltr'>λόγου</span> <span class='ocrx_word' id='word_1_317' title='bbox 1173 2595 1476 2666; x_wconf 84' lang='grc' dir='ltr'>συνηγορία</span> <span class='ocrx_word' id='word_1_318' title='bbox 1510 2599 1746 2664; x_wconf 86' lang='grc' dir='ltr'>γίνεται.</span> 
     </span>
    </p>
   </div>
   <div class='ocr_carea' id='block_1_44' title="bbox 161 2680 1746 2755">
    <p class='ocr_par' dir='ltr' id='par_1_44' title="bbox 161 2680 1746 2755">
     <span class='ocr_line' id='line_1_44' title="bbox 161 2680 1746 2755; baseline 0.005 -24"><span class='ocrx_word' id='word_1_319' title='bbox 161 2680 486 2751; x_wconf 81' lang='grc' dir='ltr'>Δειχθέντος</span> <span class='ocrx_word' id='word_1_320' title='bbox 518 2684 626 2755; x_wconf 78' lang='grc' dir='ltr'>γὰρ</span> <span class='ocrx_word' id='word_1_321' title='bbox 656 2683 749 2738; x_wconf 89' lang='grc' dir='ltr'>τοῦ</span> <span class='ocrx_word' id='word_1_322' title='bbox 808 2686 942 2738; x_wconf 84' lang='grc' dir='ltr'>Θεὸν</span> <span class='ocrx_word' id='word_1_323' title='bbox 995 2680 1136 2738; x_wconf 79' lang='grc' dir='ltr'>εἴναι</span> <span class='ocrx_word' id='word_1_324' title='bbox 1168 2686 1259 2738; x_wconf 82' lang='grc' dir='ltr'>τὸν</span> <span class='ocrx_word' id='word_1_325' title='bbox 1291 2689 1347 2738; x_wconf 90' lang='grc' dir='ltr'>ἐν</span> <span class='ocrx_word' id='word_1_326' title='bbox 1375 2686 1543 2755; x_wconf 68' lang='grc' dir='ltr'>σαρκὶ</span> <span class='ocrx_word' id='word_1_327' title='bbox 1578 2704 1746 2753; x_wconf 83' lang='grc' dir='ltr'>φανε-</span> 
     </span>
    </p>
   </div>
   <div class='ocr_carea' id='block_1_45' title="bbox 162 2775 1747 2848">
    <p class='ocr_par' dir='ltr' id='par_1_45' title="bbox 162 2775 1747 2848">
     <span class='ocr_line' id='line_1_45' title="bbox 162 2775 1747 2848; baseline 0.003 -22"><span class='ocrx_word' id='word_1_328' title='bbox 162 2775 442 2843; x_wconf 84' lang='grc' dir='ltr'>ρωθέντα,</span> <span class='ocrx_word' id='word_1_329' title='bbox 488 2777 596 2828; x_wconf 78' lang='grc' dir='ltr'>καὶ</span> <span class='ocrx_word' id='word_1_330' title='bbox 639 2776 727 2830; x_wconf 76' lang='grc' dir='ltr'>διὰ</span> <span class='ocrx_word' id='word_1_331' title='bbox 782 2777 890 2831; x_wconf 84' lang='grc' dir='ltr'>τῶν</span> <span class='ocrx_word' id='word_1_332' title='bbox 948 2779 1251 2848; x_wconf 80' lang='grc' dir='ltr'>γινομένων</span> <span class='ocrx_word' id='word_1_333' title='bbox 1307 2776 1606 2845; x_wconf 81' lang='grc' dir='ltr'>θαυμάτων</span> <span class='ocrx_word' id='word_1_334' title='bbox 1647 2778 1747 2848; x_wconf 85' lang='grc' dir='ltr'>τὴν</span> 
     </span>
    </p>
   </div>
   <div class='ocr_carea' id='block_1_46' title="bbox 161 2867 1749 2941">
    <p class='ocr_par' dir='ltr' id='par_1_46' title="bbox 161 2867 1749 2941">
     <span class='ocr_line' id='line_1_46' title="bbox 161 2867 1749 2941; baseline 0.003 -22"><span class='ocrx_word' id='word_1_335' title='bbox 161 2869 332 2935; x_wconf 75' lang='grc' dir='ltr'>φύσιν</span> <span class='ocrx_word' id='word_1_336' title='bbox 374 2867 569 2921; x_wconf 82' lang='grc' dir='ltr'>ἐαυτοῦ</span> <span class='ocrx_word' id='word_1_337' title='bbox 594 2868 870 2935; x_wconf 79' lang='grc' dir='ltr'>δείξαντα,</span> <span class='ocrx_word' id='word_1_338' title='bbox 910 2869 1309 2941; x_wconf 80' lang='grc' dir='ltr'>συναπεδείχθη</span> <span class='ocrx_word' id='word_1_339' title='bbox 1342 2871 1401 2923; x_wconf 85' lang='grc' dir='ltr'>τὸ</span> <span class='ocrx_word' id='word_1_340' title='bbox 1445 2872 1558 2933; x_wconf 85' lang='grc' dir='ltr'>τοῖς</span> <span class='ocrx_word' id='word_1_341' title='bbox 1596 2887 1749 2939; x_wconf 83' lang='grc' dir='ltr'>γινο-</span> 
     </span>
    </p>
   </div>
   <div class='ocr_carea' id='block_1_47' title="bbox 161 2952 1748 3028">
    <p class='ocr_par' dir='ltr' id='par_1_47' title="bbox 161 2952 1748 3028">
     <span class='ocr_line' id='line_1_47' title="bbox 161 2952 1748 3028; baseline 0.004 -24"><span class='ocrx_word' id='word_1_342' title='bbox 161 2952 356 3018; x_wconf 78' lang='grc' dir='ltr'>μένοις</span> <span class='ocrx_word' id='word_1_343' title='bbox 386 2956 645 3019; x_wconf 77' lang='grc' dir='ltr'>παρεῖναι</span> <span class='ocrx_word' id='word_1_344' title='bbox 676 2956 839 3008; x_wconf 82' lang='grc' dir='ltr'>αὑτὸν</span> <span class='ocrx_word' id='word_1_345' title='bbox 877 2959 1021 3010; x_wconf 81' lang='grc' dir='ltr'>κατὰ</span> <span class='ocrx_word' id='word_1_346' title='bbox 1053 2959 1229 3011; x_wconf 80' lang='grc' dir='ltr'>πάντα</span> <span class='ocrx_word' id='word_1_347' title='bbox 1288 2958 1482 3026; x_wconf 74' lang='grc' dir='ltr'>καιρὸν</span> <span class='ocrx_word' id='word_1_348' title='bbox 1518 2960 1748 3028; x_wconf 83' lang='grc' dir='ltr'>ἐπικλή-</span> 
     </span>
    </p>
   </div>
   <div class='ocr_carea' id='block_1_48' title="bbox 159 3044 1746 3116">
    <p class='ocr_par' dir='ltr' id='par_1_48' title="bbox 159 3044 1746 3116">
     <span class='ocr_line' id='line_1_48' title="bbox 159 3044 1746 3116; baseline 0.004 -21"><span class='ocrx_word' id='word_1_349' title='bbox 159 3061 327 3108; x_wconf 87' lang='grc' dir='ltr'>σεως.</span> <span class='ocrx_word' id='word_1_350' title='bbox 365 3044 580 3116; x_wconf 74' lang='grc' dir='ltr'>Ὠσπερ</span> <span class='ocrx_word' id='word_1_351' title='bbox 605 3053 713 3116; x_wconf 66' lang='grc' dir='ltr'>γὰρ</span> <span class='ocrx_word' id='word_1_352' title='bbox 749 3048 986 3099; x_wconf 76' lang='grc' dir='ltr'>ἑκάστου</span> <span class='ocrx_word' id='word_1_353' title='bbox 1022 3047 1131 3101; x_wconf 81' lang='grc' dir='ltr'>τῶν</span> <span class='ocrx_word' id='word_1_354' title='bbox 1168 3047 1341 3101; x_wconf 77' lang='grc' dir='ltr'>ὄντων</span> <span class='ocrx_word' id='word_1_355' title='bbox 1379 3048 1497 3101; x_wconf 78' lang='grc' dir='ltr'>ἐστι</span> <span class='ocrx_word' id='word_1_356' title='bbox 1528 3067 1611 3111; x_wconf 84' lang='grc' dir='ltr'>τις</span> <span class='ocrx_word' id='word_1_357' title='bbox 1650 3051 1746 3102; x_wconf 84' lang='grc' dir='ltr'>ἰδι-</span> 
     </span>
    </p>
   </div>
   <div class='ocr_carea' id='block_1_49' title="bbox 68 3134 1738 3209">
    <p class='ocr_par' dir='ltr' id='par_1_49' title="bbox 68 3134 1738 3209">
     <span class='ocr_line' id='line_1_49' title="bbox 68 3134 1738 3209; baseline 0.005 -25"><span class='ocrx_word' id='word_1_358' title='bbox 68 3174 71 3177; x_wconf 78' lang='lat'>.</span> <span class='ocrx_word' id='word_1_359' title='bbox 155 3137 291 3205; x_wconf 82' lang='grc' dir='ltr'>ότης</span> <span class='ocrx_word' id='word_1_360' title='bbox 318 3136 356 3205; x_wconf 78' lang='grc' dir='ltr'>ἡ</span> <span class='ocrx_word' id='word_1_361' title='bbox 385 3134 483 3208; x_wconf 81' lang='grc' dir='ltr'>τὴν</span> <span class='ocrx_word' id='word_1_362' title='bbox 508 3136 668 3205; x_wconf 84' lang='grc' dir='ltr'>φύσιν</span> <span class='ocrx_word' id='word_1_363' title='bbox 706 3138 1080 3208; x_wconf 76' lang='grc' dir='ltr'>γνωρίζουσα,</span> <span class='ocrx_word' id='word_1_364' title='bbox 1107 3138 1280 3202; x_wconf 73' lang='grc' dir='ltr'>οὕτως</span> <span class='ocrx_word' id='word_1_365' title='bbox 1312 3140 1442 3193; x_wconf 72' lang='grc' dir='ltr'>ἴδιον</span> <span class='ocrx_word' id='word_1_366' title='bbox 1464 3140 1562 3209; x_wconf 79' lang='grc' dir='ltr'>τῆς</span> <span class='ocrx_word' id='word_1_367' title='bbox 1589 3140 1738 3203; x_wconf 87' lang='grc' dir='ltr'>θείας</span> 
     </span>
    </p>
   </div>
   <div class='ocr_carea' id='block_1_50' title="bbox 156 3227 1739 3305">
    <p class='ocr_par' dir='ltr' id='par_1_50' title="bbox 156 3227 1739 3305">
     <span class='ocr_line' id='line_1_50' title="bbox 156 3227 1739 3305; baseline 0.007 -26"><span class='ocrx_word' id='word_1_368' title='bbox 156 3227 382 3295; x_wconf 70' lang='grc' dir='ltr'>φύσεώς</span> <span class='ocrx_word' id='word_1_369' title='bbox 412 3233 560 3283; x_wconf 87' lang='grc' dir='ltr'>ἐστιν</span> <span class='ocrx_word' id='word_1_370' title='bbox 584 3231 619 3302; x_wconf 79' lang='grc' dir='ltr'>ἡ</span> <span class='ocrx_word' id='word_1_371' title='bbox 648 3231 899 3301; x_wconf 79' lang='grc' dir='ltr'>ἀλήθεια.</span> <span class='ocrx_word' id='word_1_372' title='bbox 938 3233 1101 3286; x_wconf 84' lang='grc' dir='ltr'>Ἀλλὰ</span> <span class='ocrx_word' id='word_1_373' title='bbox 1130 3234 1239 3305; x_wconf 82' lang='grc' dir='ltr'>μὴν</span> <span class='ocrx_word' id='word_1_374' title='bbox 1271 3234 1358 3288; x_wconf 78' lang='grc' dir='ltr'>ἀεὶ</span> <span class='ocrx_word' id='word_1_375' title='bbox 1394 3236 1739 3304; x_wconf 77' lang='grc' dir='ltr'>παρέσεσθαι</span> 
     </span>
    </p>
   </div>
   <div class='ocr_carea' id='block_1_51' title="bbox 153 3319 1740 3395">
    <p class='ocr_par' dir='ltr' id='par_1_51' title="bbox 153 3319 1740 3395">
     <span class='ocr_line' id='line_1_51' title="bbox 153 3319 1740 3395; baseline 0.006 -25"><span class='ocrx_word' id='word_1_376' title='bbox 153 3321 268 3381; x_wconf 84' lang='grc' dir='ltr'>τοῖς</span> <span class='ocrx_word' id='word_1_377' title='bbox 326 3319 784 3388; x_wconf 79' lang='grc' dir='ltr'>ἐπικαλουμένοις</span> <span class='ocrx_word' id='word_1_378' title='bbox 823 3322 1183 3393; x_wconf 78' lang='grc' dir='ltr'>ἐπήγγελται,</span> <span class='ocrx_word' id='word_1_379' title='bbox 1223 3324 1318 3377; x_wconf 72' lang='grc' dir='ltr'>καὶ</span> <span class='ocrx_word' id='word_1_380' title='bbox 1347 3325 1405 3376; x_wconf 91' lang='grc' dir='ltr'>ἐν</span> <span class='ocrx_word' id='word_1_381' title='bbox 1447 3325 1601 3395; x_wconf 87' lang='grc' dir='ltr'>μέσῳ</span> <span class='ocrx_word' id='word_1_382' title='bbox 1630 3328 1740 3380; x_wconf 84' lang='grc' dir='ltr'>τῶν</span> 
     </span>
    </p>
   </div>
   <div class='ocr_carea' id='block_1_52' title="bbox 152 3406 1740 3489">
    <p class='ocr_par' dir='ltr' id='par_1_52' title="bbox 152 3406 1740 3489">
     <span class='ocr_line' id='line_1_52' title="bbox 152 3406 1740 3489; baseline 0.006 -29"><span class='ocrx_word' id='word_1_383' title='bbox 152 3410 530 3464; x_wconf 76' lang='grc' dir='ltr'>πιστευόντων</span> <span class='ocrx_word' id='word_1_384' title='bbox 562 3406 726 3479; x_wconf 77' lang='grc' dir='ltr'>εἶναι,</span> <span class='ocrx_word' id='word_1_385' title='bbox 766 3413 862 3466; x_wconf 76' lang='grc' dir='ltr'>καὶ</span> <span class='ocrx_word' id='word_1_386' title='bbox 894 3414 953 3464; x_wconf 88' lang='grc' dir='ltr'>ἐν</span> <span class='ocrx_word' id='word_1_387' title='bbox 982 3415 1118 3465; x_wconf 80' lang='grc' dir='ltr'>πᾶσι</span> <span class='ocrx_word' id='word_1_388' title='bbox 1152 3415 1362 3483; x_wconf 82' lang='grc' dir='ltr'>μένειν,</span> <span class='ocrx_word' id='word_1_389' title='bbox 1394 3416 1489 3468; x_wconf 79' lang='grc' dir='ltr'>καὶ</span> <span class='ocrx_word' id='word_1_390' title='bbox 1522 3418 1740 3489; x_wconf 80' lang='grc' dir='ltr'>ἑκάστῳ</span> 
     </span>
    </p>
   </div>
   <div class='ocr_carea' id='block_1_53' title="bbox 153 3498 1740 3577">
    <p class='ocr_par' dir='ltr' id='par_1_53' title="bbox 153 3498 1740 3577">
     <span class='ocr_line' id='line_1_53' title="bbox 153 3498 1740 3577; baseline 0.007 -27"><span class='ocrx_word' id='word_1_391' title='bbox 153 3501 422 3553; x_wconf 83' lang='grc' dir='ltr'>συνεῖναι.</span> <span class='ocrx_word' id='word_1_392' title='bbox 509 3502 623 3556; x_wconf 74' lang='grc' dir='ltr'>Οὐκ</span> <span class='ocrx_word' id='word_1_393' title='bbox 709 3498 804 3557; x_wconf 74' lang='grc' dir='ltr'>οὖν</span> <span class='ocrx_word' id='word_1_394' title='bbox 862 3504 1058 3574; x_wconf 78' lang='grc' dir='ltr'>ἐτέρας</span> <span class='ocrx_word' id='word_1_395' title='bbox 1110 3507 1192 3568; x_wconf 87' lang='grc' dir='ltr'>είς</span> <span class='ocrx_word' id='word_1_396' title='bbox 1250 3505 1313 3560; x_wconf 84' lang='grc' dir='ltr'>τὸ</span> <span class='ocrx_word' id='word_1_397' title='bbox 1362 3510 1619 3577; x_wconf 86' lang='grc' dir='ltr'>παρεῖναι</span> <span class='ocrx_word' id='word_1_398' title='bbox 1678 3510 1740 3561; x_wconf 81' lang='grc' dir='ltr'>τὸ</span> 
     </span>
    </p>
   </div>
   <div class='ocr_carea' id='block_1_54' title="bbox 150 3591 1739 3671">
    <p class='ocr_par' dir='ltr' id='par_1_54' title="bbox 150 3591 1739 3671">
     <span class='ocr_line' id='line_1_54' title="bbox 150 3591 1739 3671; baseline 0.008 -28"><span class='ocrx_word' id='word_1_399' title='bbox 150 3591 311 3644; x_wconf 83' lang='grc' dir='ltr'>Θεῖον</span> <span class='ocrx_word' id='word_1_400' title='bbox 341 3596 454 3656; x_wconf 81' lang='grc' dir='ltr'>τοῖς</span> <span class='ocrx_word' id='word_1_401' title='bbox 484 3597 800 3663; x_wconf 83' lang='grc' dir='ltr'>γινομένοις</span> <span class='ocrx_word' id='word_1_402' title='bbox 829 3596 1163 3665; x_wconf 78' lang='grc' dir='ltr'>ἀποδείξεως</span> <span class='ocrx_word' id='word_1_403' title='bbox 1220 3599 1642 3671; x_wconf 86' lang='grc' dir='ltr'>προσδεοίμεθα,</span> <span class='ocrx_word' id='word_1_404' title='bbox 1676 3602 1739 3655; x_wconf 83' lang='grc' dir='ltr'>τὸ</span> 
     </span>
    </p>
   </div>
   <div class='ocr_carea' id='block_1_55' title="bbox 152 3677 1736 3752">
    <p class='ocr_par' dir='ltr' id='par_1_55' title="bbox 152 3677 1736 3752">
     <span class='ocr_line' id='line_1_55' title="bbox 152 3677 1736 3752; baseline 0.01 -23"><span class='ocrx_word' id='word_1_405' title='bbox 152 3678 253 3746; x_wconf 82' lang='grc' dir='ltr'>μὲν</span> <span class='ocrx_word' id='word_1_406' title='bbox 286 3678 425 3732; x_wconf 80' lang='grc' dir='ltr'>Θεὸν</span> <span class='ocrx_word' id='word_1_407' title='bbox 456 3677 601 3734; x_wconf 85' lang='grc' dir='ltr'>εἶναι</span> <span class='ocrx_word' id='word_1_408' title='bbox 630 3682 717 3736; x_wconf 84' lang='grc' dir='ltr'>διὰ</span> <span class='ocrx_word' id='word_1_409' title='bbox 750 3684 858 3736; x_wconf 85' lang='grc' dir='ltr'>τῶν</span> <span class='ocrx_word' id='word_1_410' title='bbox 889 3684 1186 3752; x_wconf 87' lang='grc' dir='ltr'>θαυμάτων</span> <span class='ocrx_word' id='word_1_411' title='bbox 1222 3689 1387 3741; x_wconf 83' lang='grc' dir='ltr'>αὐτὸν</span> <span class='ocrx_word' id='word_1_412' title='bbox 1434 3702 1736 3745; x_wconf 81' lang='grc' dir='ltr'>πεπιστευ-</span> 
     </span>
    </p>
   </div>
   <div class='ocr_carea' id='block_1_56' title="bbox 152 3767 1738 3854">
    <p class='ocr_par' dir='ltr' id='par_1_56' title="bbox 152 3767 1738 3854">
     <span class='ocr_line' id='line_1_56' title="bbox 152 3767 1738 3854; baseline 0.014 -36"><span class='ocrx_word' id='word_1_413' title='bbox 152 3767 336 3843; x_wconf 76' lang='grc' dir='ltr'>κότες,</span> <span class='ocrx_word' id='word_1_414' title='bbox 383 3770 512 3824; x_wconf 76' lang='grc' dir='ltr'>ἴδιον</span> <span class='ocrx_word' id='word_1_415' title='bbox 542 3771 598 3824; x_wconf 84' lang='grc' dir='ltr'>δὲ</span> <span class='ocrx_word' id='word_1_416' title='bbox 651 3774 753 3843; x_wconf 77' lang='grc' dir='ltr'>τῆς</span> <span class='ocrx_word' id='word_1_417' title='bbox 797 3775 1065 3847; x_wconf 84' lang='grc' dir='ltr'>Θεότητος</span> <span class='ocrx_word' id='word_1_418' title='bbox 1115 3778 1176 3832; x_wconf 83' lang='grc' dir='ltr'>τὸ</span> <span class='ocrx_word' id='word_1_419' title='bbox 1222 3781 1474 3851; x_wconf 86' lang='grc' dir='ltr'>ἀμίκτως</span> <span class='ocrx_word' id='word_1_420' title='bbox 1510 3777 1647 3854; x_wconf 75' lang='grc' dir='ltr'>πρὸς</span> <span class='ocrx_word' id='word_1_421' title='bbox 1675 3787 1738 3840; x_wconf 81' lang='grc' dir='ltr'>τὸ</span> 
     </span>
    </p>
   </div>
   <div class='ocr_carea' id='block_1_57' title="bbox 146 3859 1735 3951">
    <p class='ocr_par' dir='ltr' id='par_1_57' title="bbox 146 3859 1735 3951">
     <span class='ocr_line' id='line_1_57' title="bbox 146 3859 1735 3951; baseline 0.014 -40"><span class='ocrx_word' id='word_1_422' title='bbox 146 3859 351 3926; x_wconf 67' lang='grc' dir='ltr'>ψεῦδος</span> <span class='ocrx_word' id='word_1_423' title='bbox 386 3863 531 3933; x_wconf 76' lang='grc' dir='ltr'>ἔχειν</span> <span class='ocrx_word' id='word_1_424' title='bbox 558 3865 781 3932; x_wconf 84' lang='grc' dir='ltr'>εἰδότες,</span> <span class='ocrx_word' id='word_1_425' title='bbox 816 3871 875 3921; x_wconf 87' lang='grc' dir='ltr'>ἐν</span> <span class='ocrx_word' id='word_1_426' title='bbox 911 3870 968 3923; x_wconf 84' lang='grc' dir='ltr'>δέ</span> <span class='ocrx_word' id='word_1_427' title='bbox 997 3871 1076 3941; x_wconf 84' lang='grc' dir='ltr'>τῷ</span> <span class='ocrx_word' id='word_1_428' title='bbox 1103 3872 1331 3943; x_wconf 73' lang='grc' dir='ltr'>ἀψευδεῖ</span> <span class='ocrx_word' id='word_1_429' title='bbox 1362 3876 1461 3945; x_wconf 80' lang='grc' dir='ltr'>τῆς</span> <span class='ocrx_word' id='word_1_430' title='bbox 1499 3879 1735 3951; x_wconf 86' lang='grc' dir='ltr'>ὑποσχέ-</span> 
     </span>
    </p>
   </div>
   <div class='ocr_carea' id='block_1_58' title="bbox 148 3958 1729 4039">
    <p class='ocr_par' dir='ltr' id='par_1_58' title="bbox 148 3958 1729 4039">
     <span class='ocr_line' id='line_1_58' title="bbox 148 3958 1729 4039; baseline 0.015 -34"><span class='ocrx_word' id='word_1_431' title='bbox 148 3970 291 4018; x_wconf 89' lang='grc' dir='ltr'>σεως</span> <span class='ocrx_word' id='word_1_432' title='bbox 326 3959 585 4026; x_wconf 82' lang='grc' dir='ltr'>παρεῖναι</span> <span class='ocrx_word' id='word_1_433' title='bbox 603 3958 662 4011; x_wconf 85' lang='grc' dir='ltr'>τὺ</span> <span class='ocrx_word' id='word_1_434' title='bbox 686 3961 1101 4033; x_wconf 77' lang='grc' dir='ltr'>ἐπηγγελμένον</span> <span class='ocrx_word' id='word_1_435' title='bbox 1131 3966 1231 4018; x_wconf 82' lang='grc' dir='ltr'>οὐκ</span> <span class='ocrx_word' id='word_1_436' title='bbox 1266 3968 1729 4039; x_wconf 80' lang='grc' dir='ltr'>ἅμφιὸάλλοντες.</span> 
     </span>
    </p>
   </div>
   <div class='ocr_carea' id='block_1_59' title="bbox 192 4083 1698 4175">
    <p class='ocr_par' dir='ltr' id='par_1_59' title="bbox 192 4083 1698 4175">
     <span class='ocr_line' id='line_1_59' title="bbox 192 4083 1698 4175; baseline 0.017 -38"><span class='ocrx_word' id='word_1_437' title='bbox 192 4083 311 4139; x_wconf 83' lang='grc' dir='ltr'>τοῦ</span> <span class='ocrx_word' id='word_1_438' title='bbox 352 4086 758 4159; x_wconf 77' lang='grc' dir='ltr'>Δαμασκηνοῦ</span> <span class='ocrx_word' id='word_1_439' title='bbox 802 4095 891 4149; x_wconf 78' lang='grc' dir='ltr'>ἔτι</span> <span class='ocrx_word' id='word_1_440' title='bbox 923 4099 1057 4166; x_wconf 79' lang='grc' dir='ltr'>περὶ</span> <span class='ocrx_word' id='word_1_441' title='bbox 1106 4099 1217 4155; x_wconf 88' lang='grc' dir='ltr'>τοῦ</span> <span class='ocrx_word' id='word_1_442' title='bbox 1251 4103 1698 4175; x_wconf 79' lang='grc' dir='ltr'>βαπτίσματος.</span> 
     </span>
    </p>
   </div>
   <div class='ocr_carea' id='block_1_60' title="bbox 225 4222 1735 4326">
    <p class='ocr_par' dir='ltr' id='par_1_60' title="bbox 225 4222 1735 4326">
     <span class='ocr_line' id='line_1_60' title="bbox 225 4222 1735 4326; baseline 0.02 -54"><span class='ocrx_word' id='word_1_443' title='bbox 225 4222 637 4294; x_wconf 80' lang='grc' dir='ltr'>Ὀμολογοῦμεν</span> <span class='ocrx_word' id='word_1_444' title='bbox 667 4228 723 4281; x_wconf 78' lang='grc' dir='ltr'>δὲ</span> <span class='ocrx_word' id='word_1_445' title='bbox 758 4230 817 4283; x_wconf 81' lang='grc' dir='ltr'>ἓν</span> <span class='ocrx_word' id='word_1_446' title='bbox 854 4231 1141 4304; x_wconf 81' lang='grc' dir='ltr'>βάπτισμα</span> <span class='ocrx_word' id='word_1_447' title='bbox 1172 4240 1252 4303; x_wconf 83' lang='grc' dir='ltr'>είς</span> <span class='ocrx_word' id='word_1_448' title='bbox 1303 4241 1499 4326; x_wconf 72' lang='grc' dir='ltr'>ἄφεσιν</span> <span class='ocrx_word' id='word_1_449' title='bbox 1551 4246 1735 4319; x_wconf 78' lang='grc' dir='ltr'>ἁμαρ-</span> 
     </span>
    </p>
   </div>
   <div class='ocr_carea' id='block_1_61' title="bbox 108 4315 1729 4409">
    <p class='ocr_par' dir='ltr' id='par_1_61' title="bbox 108 4315 1729 4409">
     <span class='ocr_line' id='line_1_61' title="bbox 108 4315 1729 4409; baseline 0.021 -46"><span class='ocrx_word' id='word_1_450' title='bbox 108 4382 119 4387; x_wconf 23' lang='grc' dir='ltr'>δ</span> <span class='ocrx_word' id='word_1_451' title='bbox 143 4315 278 4367; x_wconf 76' lang='grc' dir='ltr'>τιιῖιν</span> <span class='ocrx_word' id='word_1_452' title='bbox 303 4317 399 4369; x_wconf 74' lang='grc' dir='ltr'>καὶ</span> <span class='ocrx_word' id='word_1_453' title='bbox 429 4320 511 4381; x_wconf 84' lang='grc' dir='ltr'>είς</span> <span class='ocrx_word' id='word_1_454' title='bbox 540 4320 685 4393; x_wconf 83' lang='grc' dir='ltr'>ζωὴν</span> <span class='ocrx_word' id='word_1_455' title='bbox 712 4323 950 4382; x_wconf 73' lang='grc' dir='ltr'>αἰώνιον.</span> <span class='ocrx_word' id='word_1_456' title='bbox 969 4329 1045 4382; x_wconf 76' lang='grc' dir='ltr'>Τὸ</span> <span class='ocrx_word' id='word_1_457' title='bbox 1072 4338 1179 4404; x_wconf 79' lang='grc' dir='ltr'>γάρ</span> <span class='ocrx_word' id='word_1_458' title='bbox 1214 4316 1495 4409; x_wconf 73' lang='grc' dir='ltr'>βάπτισμα</span> <span class='ocrx_word' id='word_1_459' title='bbox 1520 4341 1611 4395; x_wconf 78' lang='grc' dir='ltr'>τὸν</span> <span class='ocrx_word' id='word_1_460' title='bbox 1637 4315 1729 4396; x_wconf 78' lang='grc' dir='ltr'>τοῦ</span> 
     </span>
    </p>
   </div>
   <div class='ocr_carea' id='block_1_62' title="bbox 146 4408 1731 4507">
    <p class='ocr_par' dir='ltr' id='par_1_62' title="bbox 146 4408 1731 4507">
     <span class='ocr_line' id='line_1_62' title="bbox 146 4408 1731 4507; baseline 0.018 -47"><span class='ocrx_word' id='word_1_461' title='bbox 146 4408 358 4477; x_wconf 80' lang='grc' dir='ltr'>Κυρίου</span> <span class='ocrx_word' id='word_1_462' title='bbox 389 4410 618 4467; x_wconf 84' lang='grc' dir='ltr'>θάνατον</span> <span class='ocrx_word' id='word_1_463' title='bbox 640 4415 807 4487; x_wconf 82' lang='grc' dir='ltr'>δηλοῖ.</span> <span class='ocrx_word' id='word_1_464' title='bbox 833 4420 1270 4494; x_wconf 84' lang='grc' dir='ltr'>Συνθαπτόμεθα</span> <span class='ocrx_word' id='word_1_465' title='bbox 1298 4408 1433 4497; x_wconf 83' lang='grc' dir='ltr'>γοῦν</span> <span class='ocrx_word' id='word_1_466' title='bbox 1452 4431 1528 4502; x_wconf 85' lang='grc' dir='ltr'>τῷ</span> <span class='ocrx_word' id='word_1_467' title='bbox 1542 4435 1731 4507; x_wconf 69' lang='lat' dir='ltr'>Kuth</span> 
     </span>
    </p>
   </div>
   <div class='ocr_carea' id='block_1_63' title="bbox 142 4499 1807 4592">
    <p class='ocr_par' dir='ltr' id='par_1_63' title="bbox 142 4499 1807 4592">
     <span class='ocr_line' id='line_1_63' title="bbox 142 4499 1807 4592; baseline 0.017 -42"><span class='ocrx_word' id='word_1_468' title='bbox 142 4499 230 4554; x_wconf 81' lang='grc' dir='ltr'>διὰ</span> <span class='ocrx_word' id='word_1_469' title='bbox 256 4501 352 4553; x_wconf 86' lang='grc' dir='ltr'>τοῦ</span> <span class='ocrx_word' id='word_1_470' title='bbox 390 4502 789 4592; x_wconf 70' lang='grc' dir='ltr'>βαπτίσματος,</span> <span class='ocrx_word' id='word_1_471' title='bbox 815 4509 887 4575; x_wconf 83' lang='grc' dir='ltr'>ὥς</span> <span class='ocrx_word' id='word_1_472' title='bbox 910 4512 1099 4584; x_wconf 78' lang='grc' dir='ltr'>,’ςρησιν</span> <span class='ocrx_word' id='word_1_473' title='bbox 1124 4521 1151 4570; x_wconf 78' lang='grc' dir='ltr'><strong><em>ὁ</em></strong></span> <span class='ocrx_word' id='word_1_474' title='bbox 1189 4519 1331 4584; x_wconf 83' lang='grc' dir='ltr'>θεῖος</span> <span class='ocrx_word' id='word_1_475' title='bbox 1380 4499 1727 4592; x_wconf 57' lang='grc' dir='ltr'>Ἀπόστολοξ.</span> <span class='ocrx_word' id='word_1_476' title='bbox 1764 4523 1807 4578; x_wconf 87' lang='lat' dir='ltr'><strong>D</strong></span> 
     </span>
    </p>
   </div>
   <div class='ocr_carea' id='block_1_64' title="bbox 145 4590 1722 4684">
    <p class='ocr_par' dir='ltr' id='par_1_64' title="bbox 145 4590 1722 4684">
     <span class='ocr_line' id='line_1_64' title="bbox 145 4590 1722 4684; baseline 0.02 -44"><span class='ocrx_word' id='word_1_477' title='bbox 145 4591 363 4662; x_wconf 72' lang='grc' dir='ltr'>Ὠσπερ</span> <span class='ocrx_word' id='word_1_478' title='bbox 388 4590 480 4648; x_wconf 88' lang='grc' dir='ltr'>οῦν</span> <span class='ocrx_word' id='word_1_479' title='bbox 527 4598 674 4664; x_wconf 78' lang='grc' dir='ltr'>ἆπαξ</span> <span class='ocrx_word' id='word_1_480' title='bbox 704 4601 960 4674; x_wconf 85' lang='grc' dir='ltr'>ἐτελέσθη</span> <span class='ocrx_word' id='word_1_481' title='bbox 1000 4608 1028 4660; x_wconf 81' lang='grc' dir='ltr'>ὁ</span> <span class='ocrx_word' id='word_1_482' title='bbox 1068 4607 1161 4660; x_wconf 89' lang='grc' dir='ltr'>τοῦ</span> <span class='ocrx_word' id='word_1_483' title='bbox 1202 4612 1411 4681; x_wconf 80' lang='grc' dir='ltr'>Κυρίου</span> <span class='ocrx_word' id='word_1_484' title='bbox 1469 4590 1722 4684; x_wconf 79' lang='grc' dir='ltr'>θάνατος,</span> 
     </span>
    </p>
   </div>
   <div class='ocr_carea' id='block_1_65' title="bbox 143 4681 1724 4772">
    <p class='ocr_par' dir='ltr' id='par_1_65' title="bbox 143 4681 1724 4772">
     <span class='ocr_line' id='line_1_65' title="bbox 143 4681 1724 4772; baseline 0.019 -39"><span class='ocrx_word' id='word_1_485' title='bbox 143 4681 339 4747; x_wconf 74' lang='grc' dir='ltr'>οὕτως.</span> <span class='ocrx_word' id='word_1_486' title='bbox 376 4690 467 4737; x_wconf 76' lang='grc' dir='ltr'>καὶ</span> <span class='ocrx_word' id='word_1_487' title='bbox 495 4686 645 4753; x_wconf 74' lang='grc' dir='ltr'>ἅπαξ</span> <span class='ocrx_word' id='word_1_488' title='bbox 688 4692 770 4744; x_wconf 84' lang='grc' dir='ltr'>δεῖ</span> <span class='ocrx_word' id='word_1_489' title='bbox 818 4692 1217 4762; x_wconf 77' lang='grc' dir='ltr'>βαπτίζεσθαι·</span> <span class='ocrx_word' id='word_1_490' title='bbox 1274 4702 1643 4772; x_wconf 82' lang='grc' dir='ltr'>βαπτίζεσθαι</span> <span class='ocrx_word' id='word_1_491' title='bbox 1666 4681 1724 4763; x_wconf 76' lang='grc' dir='ltr'>δέ</span> 
     </span>
    </p>
   </div>
   <div class='ocr_carea' id='block_1_66' title="bbox 143 4776 1724 4872">
    <p class='ocr_par' dir='ltr' id='par_1_66' title="bbox 143 4776 1724 4872">
     <span class='ocr_line' id='line_1_66' title="bbox 143 4776 1724 4872; baseline 0.017 -46"><span class='ocrx_word' id='word_1_492' title='bbox 143 4776 289 4827; x_wconf 84' lang='grc' dir='ltr'>κατὰ</span> <span class='ocrx_word' id='word_1_493' title='bbox 317 4776 409 4828; x_wconf 82' lang='grc' dir='ltr'>τὸν</span> <span class='ocrx_word' id='word_1_494' title='bbox 428 4776 520 4829; x_wconf 87' lang='grc' dir='ltr'>τοῦ</span> <span class='ocrx_word' id='word_1_495' title='bbox 552 4780 756 4851; x_wconf 83' lang='grc' dir='ltr'>Κυρίου</span> <span class='ocrx_word' id='word_1_496' title='bbox 789 4784 984 4853; x_wconf 87' lang='grc' dir='ltr'>Λόγον,</span> <span class='ocrx_word' id='word_1_497' title='bbox 1019 4791 1099 4853; x_wconf 78' lang='grc' dir='ltr'>είς</span> <span class='ocrx_word' id='word_1_498' title='bbox 1124 4793 1183 4844; x_wconf 87' lang='grc' dir='ltr'>τὸ</span> <span class='ocrx_word' id='word_1_499' title='bbox 1199 4792 1369 4863; x_wconf 77' lang='grc' dir='ltr'>ὄνομα</span> <span class='ocrx_word' id='word_1_500' title='bbox 1386 4798 1480 4850; x_wconf 86' lang='grc' dir='ltr'>τοῦ</span> <span class='ocrx_word' id='word_1_501' title='bbox 1510 4802 1724 4872; x_wconf 78' lang='grc' dir='ltr'>Πατρὸς</span> 
     </span>
    </p>
   </div>
   <div class='ocr_carea' id='block_1_67' title="bbox 143 4866 1719 4963">
    <p class='ocr_par' dir='ltr' id='par_1_67' title="bbox 143 4866 1719 4963">
     <span class='ocr_line' id='line_1_67' title="bbox 143 4866 1719 4963; baseline 0.02 -47"><span class='ocrx_word' id='word_1_502' title='bbox 143 4866 362 4919; x_wconf 77' lang='grc' dir='ltr'>καὶτοῦ</span> <span class='ocrx_word' id='word_1_503' title='bbox 397 4867 553 4935; x_wconf 84' lang='grc' dir='ltr'>Υίοῦ,</span> <span class='ocrx_word' id='word_1_504' title='bbox 586 4874 679 4925; x_wconf 77' lang='grc' dir='ltr'>καὶ</span> <span class='ocrx_word' id='word_1_505' title='bbox 706 4875 797 4928; x_wconf 81' lang='grc' dir='ltr'>τοῦ</span> <span class='ocrx_word' id='word_1_506' title='bbox 831 4879 988 4947; x_wconf 79' lang='grc' dir='ltr'>ἁγίου</span> <span class='ocrx_word' id='word_1_507' title='bbox 1018 4882 1354 4953; x_wconf 84' lang='grc' dir='ltr'>Πνεύματος,</span> <span class='ocrx_word' id='word_1_508' title='bbox 1393 4866 1719 4963; x_wconf 79' lang='grc' dir='ltr'>διδασκομέ-</span> 
     </span>
    </p>
   </div>
   <div class='ocr_carea' id='block_1_68' title="bbox 142 4962 1711 5057">
    <p class='ocr_par' dir='ltr' id='par_1_68' title="bbox 142 4962 1711 5057">
     <span class='ocr_line' id='line_1_68' title="bbox 142 4962 1711 5057; baseline 0.018 -46"><span class='ocrx_word' id='word_1_509' title='bbox 142 4977 267 5025; x_wconf 81' lang='grc' dir='ltr'>νους</span> <span class='ocrx_word' id='word_1_510' title='bbox 294 4962 393 5032; x_wconf 69' lang='grc' dir='ltr'>τὴν</span> <span class='ocrx_word' id='word_1_511' title='bbox 416 4964 494 5026; x_wconf 83' lang='grc' dir='ltr'>είς</span> <span class='ocrx_word' id='word_1_512' title='bbox 513 4965 734 5037; x_wconf 82' lang='grc' dir='ltr'>Πατέρα</span> <span class='ocrx_word' id='word_1_513' title='bbox 771 4972 863 5024; x_wconf 80' lang='grc' dir='ltr'>καὶ</span> <span class='ocrx_word' id='word_1_514' title='bbox 884 4972 1010 5028; x_wconf 83' lang='grc' dir='ltr'>Υἱὸν</span> <span class='ocrx_word' id='word_1_515' title='bbox 1031 4980 1125 5029; x_wconf 78' lang='grc' dir='ltr'>καὶ</span> <span class='ocrx_word' id='word_1_516' title='bbox 1145 4979 1301 5043; x_wconf 72' lang='grc' dir='ltr'>ἅγιον</span> <span class='ocrx_word' id='word_1_517' title='bbox 1329 4983 1558 5053; x_wconf 77' lang='grc' dir='ltr'>Πνεῦμα</span> <span class='ocrx_word' id='word_1_518' title='bbox 1580 4962 1711 5057; x_wconf 84' lang='grc' dir='ltr'>ὀμο-</span> 
     </span>
    </p>
   </div>
   <div class='ocr_carea' id='block_1_69' title="bbox 142 5052 1720 5146">
    <p class='ocr_par' dir='ltr' id='par_1_69' title="bbox 142 5052 1720 5146">
     <span class='ocr_line' id='line_1_69' title="bbox 142 5052 1720 5146; baseline 0.021 -43"><span class='ocrx_word' id='word_1_519' title='bbox 142 5052 357 5121; x_wconf 82' lang='grc' dir='ltr'>λογίαν.</span> <span class='ocrx_word' id='word_1_520' title='bbox 418 5055 573 5146; x_wconf 72' lang='grc' dir='ltr'>Ὅσοι</span> <span class='ocrx_word' id='word_1_521' title='bbox 639 5058 818 5113; x_wconf 89' lang='grc' dir='ltr'>τοίνυν</span> <span class='ocrx_word' id='word_1_522' title='bbox 879 5067 958 5129; x_wconf 81' lang='grc' dir='ltr'>εἰς</span> <span class='ocrx_word' id='word_1_523' title='bbox 1010 5069 1252 5141; x_wconf 86' lang='grc' dir='ltr'>Πατέρα,</span> <span class='ocrx_word' id='word_1_524' title='bbox 1291 5077 1385 5128; x_wconf 79' lang='grc' dir='ltr'>καὶ</span> <span class='ocrx_word' id='word_1_525' title='bbox 1441 5052 1720 5146; x_wconf 42' lang='lat' dir='ltr'><strong>riam-mi</strong></span> 
     </span>
    </p>
   </div>
   <div class='ocr_carea' id='block_1_70' title="bbox 144 5142 1721 5239">
    <p class='ocr_par' dir='ltr' id='par_1_70' title="bbox 144 5142 1721 5239">
     <span class='ocr_line' id='line_1_70' title="bbox 144 5142 1721 5239; baseline 0.018 -44"><span class='ocrx_word' id='word_1_526' title='bbox 144 5142 308 5209; x_wconf 82' lang='grc' dir='ltr'>ἆγιον</span> <span class='ocrx_word' id='word_1_527' title='bbox 361 5144 584 5217; x_wconf 84' lang='grc' dir='ltr'>Πνεῦμα</span> <span class='ocrx_word' id='word_1_528' title='bbox 616 5148 1026 5222; x_wconf 76' lang='grc' dir='ltr'>βαπτισθέντες,</span> <span class='ocrx_word' id='word_1_529' title='bbox 1072 5159 1203 5228; x_wconf 86' lang='grc' dir='ltr'>μίαν</span> <span class='ocrx_word' id='word_1_530' title='bbox 1230 5162 1395 5232; x_wconf 81' lang='grc' dir='ltr'>φύσιν</span> <span class='ocrx_word' id='word_1_531' title='bbox 1434 5169 1535 5239; x_wconf 83' lang='grc' dir='ltr'>τῆς</span> <span class='ocrx_word' id='word_1_532' title='bbox 1576 5142 1721 5225; x_wconf 34' lang='grc' dir='ltr'>’θεό-</span> 
     </span>
    </p>
   </div>
   <div class='ocr_carea' id='block_1_71' title="bbox 144 5235 1717 5325">
    <p class='ocr_par' dir='ltr' id='par_1_71' title="bbox 144 5235 1717 5325">
     <span class='ocr_line' id='line_1_71' title="bbox 144 5235 1717 5325; baseline 0.024 -42"><span class='ocrx_word' id='word_1_533' title='bbox 144 5248 309 5303; x_wconf 72' lang='grc' dir='ltr'>τητος</span> <span class='ocrx_word' id='word_1_534' title='bbox 338 5235 397 5287; x_wconf 88' lang='grc' dir='ltr'>ἐν</span> <span class='ocrx_word' id='word_1_535' title='bbox 427 5242 605 5308; x_wconf 76' lang='grc' dir='ltr'>τρισὶν</span> <span class='ocrx_word' id='word_1_536' title='bbox 643 5242 973 5299; x_wconf 81' lang='grc' dir='ltr'>ὑποστάσεσι</span> <span class='ocrx_word' id='word_1_537' title='bbox 991 5249 1352 5325; x_wconf 77' lang='grc' dir='ltr'>διδαχθέντες,</span> <span class='ocrx_word' id='word_1_538' title='bbox 1395 5235 1554 5323; x_wconf 77' lang='grc' dir='ltr'>αὖθις</span> <span class='ocrx_word' id='word_1_539' title='bbox 1578 5265 1717 5319; x_wconf 80' lang='grc' dir='ltr'>ἀνα-</span> 
     </span>
    </p>
   </div>
   <div class='ocr_carea' id='block_1_72' title="bbox 145 5324 1712 5424">
    <p class='ocr_par' dir='ltr' id='par_1_72' title="bbox 145 5324 1712 5424">
     <span class='ocr_line' id='line_1_72' title="bbox 145 5324 1712 5424; baseline 0.024 -48"><span class='ocrx_word' id='word_1_540' title='bbox 145 5324 526 5398; x_wconf 74' lang='grc' dir='ltr'>εαπτίζονται,</span> <span class='ocrx_word' id='word_1_541' title='bbox 550 5349 693 5387; x_wconf 89' lang='grc' dir='ltr'>ουτοι</span> <span class='ocrx_word' id='word_1_542' title='bbox 747 5336 1150 5411; x_wconf 83' lang='grc' dir='ltr'>ἀνασταυροῦσι</span> <span class='ocrx_word' id='word_1_543' title='bbox 1217 5350 1308 5401; x_wconf 71' lang='grc' dir='ltr'>τὸν</span> <span class='ocrx_word' id='word_1_544' title='bbox 1347 5353 1606 5423; x_wconf 77' lang='grc' dir='ltr'>Χριστὸν,</span> <span class='ocrx_word' id='word_1_545' title='bbox 1634 5359 1712 5424; x_wconf 87' lang='grc' dir='ltr'>ὦς</span> 
     </span>
    </p>
   </div>
   <div class='ocr_carea' id='block_1_73' title="bbox 145 5420 1698 5520">
    <p class='ocr_par' dir='ltr' id='par_1_73' title="bbox 145 5420 1698 5520">
     <span class='ocr_line' id='line_1_73' title="bbox 145 5420 1698 5520; baseline 0.026 -53"><span class='ocrx_word' id='word_1_546' title='bbox 145 5432 314 5486; x_wconf 75' lang='grc' dir='ltr'>φησιν</span> <span class='ocrx_word' id='word_1_547' title='bbox 368 5420 396 5471; x_wconf 81' lang='grc' dir='ltr'>ὁ</span> <span class='ocrx_word' id='word_1_548' title='bbox 430 5420 569 5486; x_wconf 83' lang='grc' dir='ltr'>θεῖος</span> <span class='ocrx_word' id='word_1_549' title='bbox 624 5424 964 5494; x_wconf 76' lang='grc' dir='ltr'>Ἀπόστολος.</span> <span class='ocrx_word' id='word_1_550' title='bbox 1011 5434 1335 5496; x_wconf 82' lang='grc' dir='ltr'>Ἀδύνατον</span> <span class='ocrx_word' id='word_1_551' title='bbox 1382 5420 1493 5516; x_wconf 65' lang='grc' dir='ltr'>γὰρ</span> <span class='ocrx_word' id='word_1_552' title='bbox 1556 5420 1698 5520; x_wconf 69' lang='grc' dir='ltr'>τοὺς</span> 
     </span>
    </p>
   </div>
   <div class='ocr_carea' id='block_1_74' title="bbox 145 5506 1706 5603">
    <p class='ocr_par' dir='ltr' id='par_1_74' title="bbox 145 5506 1706 5603">
     <span class='ocr_line' id='line_1_74' title="bbox 145 5506 1706 5603; baseline 0.028 -46"><span class='ocrx_word' id='word_1_553' title='bbox 145 5506 313 5603; x_wconf 50' lang='grc' dir='ltr'>(ἔπιτε</span> <span class='ocrx_word' id='word_1_554' title='bbox 332 5515 766 5584; x_wconf 73' lang='grc' dir='ltr'>φωτισθέντας,</span> <span class='ocrx_word' id='word_1_555' title='bbox 788 5524 880 5575; x_wconf 80' lang='grc' dir='ltr'>καὶ</span> <span class='ocrx_word' id='word_1_556' title='bbox 912 5527 980 5578; x_wconf 77' lang='grc' dir='ltr'>τὰ</span> <span class='ocrx_word' id='word_1_557' title='bbox 1004 5527 1153 5599; x_wconf 78' lang='grc' dir='ltr'>ἑξῆς,</span> <span class='ocrx_word' id='word_1_558' title='bbox 1188 5530 1360 5603; x_wconf 85' lang='grc' dir='ltr'>αὖθις</span> <span class='ocrx_word' id='word_1_559' title='bbox 1393 5506 1706 5600; x_wconf 59' lang='grc' dir='ltr'>ἀνακαινί-</span> 
     </span>
    </p>
   </div>
   <div class='ocr_carea' id='block_1_75' title="bbox 143 5595 1706 5702">
    <p class='ocr_par' dir='ltr' id='par_1_75' title="bbox 143 5595 1706 5702">
     <span class='ocr_line' id='line_1_75' title="bbox 143 5595 1706 5702; baseline 0.029 -54"><span class='ocrx_word' id='word_1_560' title='bbox 143 5595 263 5657; x_wconf 76' lang='grc' dir='ltr'>ζειν</span> <span class='ocrx_word' id='word_1_561' title='bbox 290 5603 374 5667; x_wconf 78' lang='grc' dir='ltr'>εἰς</span> <span class='ocrx_word' id='word_1_562' title='bbox 396 5606 744 5677; x_wconf 77' lang='grc' dir='ltr'>μετάνοιαν,</span> <span class='ocrx_word' id='word_1_563' title='bbox 768 5613 1303 5695; x_wconf 82' lang='grc' dir='ltr'>ἀνασταυροῦντας</span> <span class='ocrx_word' id='word_1_564' title='bbox 1334 5630 1572 5702; x_wconf 78' lang='grc' dir='ltr'>ἑαυτοῖς</span> <span class='ocrx_word' id='word_1_565' title='bbox 1601 5641 1706 5693; x_wconf 79' lang='grc' dir='ltr'>τὸν</span> 
     </span>
    </p>
   </div>
   <div class='ocr_carea' id='block_1_76' title="bbox 1857 1932 3449 2007">
    <p class='ocr_par' dir='ltr' id='par_1_76' title="bbox 1857 1932 3449 2007">
     <span class='ocr_line' id='line_1_76' title="bbox 1857 1932 3449 2007; baseline 0.01 -24"><span class='ocrx_word' id='word_1_566' title='bbox 1857 1946 1956 1986; x_wconf 88' lang='lat' dir='ltr'><strong>nos</strong></span> <span class='ocrx_word' id='word_1_567' title='bbox 1994 1932 2121 1985; x_wconf 87' lang='lat' dir='ltr'><strong>item</strong></span> <span class='ocrx_word' id='word_1_568' title='bbox 2178 1934 2409 1990; x_wconf 81' lang='lat' dir='ltr'><strong>dicimus</strong></span> <span class='ocrx_word' id='word_1_569' title='bbox 2459 1951 2567 1989; x_wconf 89' lang='lat' dir='ltr'><strong>non</strong></span> <span class='ocrx_word' id='word_1_570' title='bbox 2615 1953 2736 1992; x_wconf 88' lang='lat' dir='ltr'><strong>esse</strong></span> <span class='ocrx_word' id='word_1_571' title='bbox 2765 1941 2983 2007; x_wconf 86' lang='lat' dir='ltr'><strong>mirum,</strong></span> <span class='ocrx_word' id='word_1_572' title='bbox 3019 1943 3066 1997; x_wconf 87' lang='lat' dir='ltr'><strong>si</strong></span> <span class='ocrx_word' id='word_1_573' title='bbox 3106 1943 3301 1999; x_wconf 83' lang='lat' dir='ltr'><strong>divinae</strong></span> <span class='ocrx_word' id='word_1_574' title='bbox 3338 1946 3449 1999; x_wconf 87' lang='lat' dir='ltr'><strong>vir-</strong></span> 
     </span>
    </p>
   </div>
   <div class='ocr_carea' id='block_1_77' title="bbox 1863 2022 3436 2104">
    <p class='ocr_par' dir='ltr' id='par_1_77' title="bbox 1863 2022 3436 2104">
     <span class='ocr_line' id='line_1_77' title="bbox 1863 2022 3436 2104; baseline 0.01 -31"><span class='ocrx_word' id='word_1_575' title='bbox 1863 2022 1998 2077; x_wconf 91' lang='lat' dir='ltr'><strong>tutis</strong></span> <span class='ocrx_word' id='word_1_576' title='bbox 2027 2026 2314 2090; x_wconf 70' lang='lat' dir='ltr'><strong>praesentia</strong></span> <span class='ocrx_word' id='word_1_577' title='bbox 2341 2028 2409 2078; x_wconf 87' lang='lat' dir='ltr'>ad</span> <span class='ocrx_word' id='word_1_578' title='bbox 2450 2027 2909 2096; x_wconf 71' lang='lat' dir='ltr'><strong>incorruptionem</strong></span> <span class='ocrx_word' id='word_1_579' title='bbox 2941 2031 3133 2101; x_wconf 71' lang='lat' dir='ltr'><strong>redigit</strong></span> <span class='ocrx_word' id='word_1_580' title='bbox 3168 2034 3217 2086; x_wconf 92' lang='lat' dir='ltr'>id</span> <span class='ocrx_word' id='word_1_581' title='bbox 3294 2037 3436 2104; x_wconf 88' lang='lat' dir='ltr'><strong>quod</strong></span> 
     </span>
    </p>
   </div>
   <div class='ocr_carea' id='block_1_78' title="bbox 1853 2113 3436 2188">
    <p class='ocr_par' dir='ltr' id='par_1_78' title="bbox 1853 2113 3436 2188">
     <span class='ocr_line' id='line_1_78' title="bbox 1853 2113 3436 2188; baseline 0.008 -19"><span class='ocrx_word' id='word_1_582' title='bbox 1853 2113 1910 2170; x_wconf 84' lang='lat' dir='ltr'><strong>in</strong></span> <span class='ocrx_word' id='word_1_583' title='bbox 1948 2126 2139 2170; x_wconf 88' lang='lat' dir='ltr'><strong>natura</strong></span> <span class='ocrx_word' id='word_1_584' title='bbox 2180 2119 2519 2186; x_wconf 82' lang='lat' dir='ltr'><strong>corruptibili</strong></span> <span class='ocrx_word' id='word_1_585' title='bbox 2551 2130 2731 2174; x_wconf 89' lang='lat' dir='ltr'><strong>uatum</strong></span> <span class='ocrx_word' id='word_1_586' title='bbox 2763 2132 2867 2176; x_wconf 90' lang='lat' dir='ltr'><strong>est.</strong></span> <span class='ocrx_word' id='word_1_587' title='bbox 2900 2123 3157 2188; x_wconf 67' lang='lat' dir='ltr'><strong>Qumrunt</strong></span> <span class='ocrx_word' id='word_1_588' title='bbox 3218 2142 3436 2182; x_wconf 89' lang='lat' dir='ltr'><strong>rursum</strong></span> 
     </span>
    </p>
   </div>
   <div class='ocr_carea' id='block_1_79' title="bbox 1853 2207 3439 2282">
    <p class='ocr_par' dir='ltr' id='par_1_79' title="bbox 1853 2207 3439 2282">
     <span class='ocr_line' id='line_1_79' title="bbox 1853 2207 3439 2282; baseline 0.007 -22"><span class='ocrx_word' id='word_1_589' title='bbox 1853 2217 1909 2261; x_wconf 91' lang='lat' dir='ltr'>ut</span> <span class='ocrx_word' id='word_1_590' title='bbox 1934 2207 2371 2261; x_wconf 77' lang='lat' dir='ltr'><strong>demonstremus</strong></span> <span class='ocrx_word' id='word_1_591' title='bbox 2408 2208 2573 2261; x_wconf 85' lang='lat' dir='ltr'><strong>Deum</strong></span> <span class='ocrx_word' id='word_1_592' title='bbox 2621 2211 2711 2279; x_wconf 79' lang='lat' dir='ltr'>qui</span> <span class='ocrx_word' id='word_1_593' title='bbox 2738 2213 3050 2266; x_wconf 86' lang='lat' dir='ltr'><strong>-invocatur</strong></span> <span class='ocrx_word' id='word_1_594' title='bbox 3085 2224 3285 2282; x_wconf 69' lang='lat' dir='ltr'><strong>praesto</strong></span> <span class='ocrx_word' id='word_1_595' title='bbox 3317 2231 3439 2271; x_wconf 83' lang='lat' dir='ltr'><strong>esse</strong></span> 
     </span>
    </p>
   </div>
   <div class='ocr_carea' id='block_1_80' title="bbox 1851 2300 3439 2373">
    <p class='ocr_par' dir='ltr' id='par_1_80' title="bbox 1851 2300 3439 2373">
     <span class='ocr_line' id='line_1_80' title="bbox 1851 2300 3439 2373; baseline 0.007 -20"><span class='ocrx_word' id='word_1_596' title='bbox 1851 2301 2009 2354; x_wconf 80' lang='lat' dir='ltr'><strong>adea</strong></span> <span class='ocrx_word' id='word_1_597' title='bbox 2047 2314 2168 2368; x_wconf 61' lang='lat' dir='ltr'><strong>qua</strong></span> <span class='ocrx_word' id='word_1_598' title='bbox 2236 2300 2372 2354; x_wconf 81' lang='lat' dir='ltr'><strong>ﬁunt</strong></span> <span class='ocrx_word' id='word_1_599' title='bbox 2411 2302 2821 2357; x_wconf 85' lang='lat' dir='ltr'><strong>sanetilicanda.</strong></span> <span class='ocrx_word' id='word_1_600' title='bbox 2891 2303 3302 2373; x_wconf 80' lang='lat' dir='ltr'><strong>Respondemus</strong></span> <span class='ocrx_word' id='word_1_601' title='bbox 3370 2311 3439 2364; x_wconf 81' lang='lat' dir='ltr'>ad</span> 
     </span>
    </p>
   </div>
   <div class='ocr_carea' id='block_1_81' title="bbox 1852 2392 3443 2466">
    <p class='ocr_par' dir='ltr' id='par_1_81' title="bbox 1852 2392 3443 2466">
     <span class='ocr_line' id='line_1_81' title="bbox 1852 2392 3443 2466; baseline 0.007 -20"><span class='ocrx_word' id='word_1_602' title='bbox 1852 2392 1954 2446; x_wconf 84' lang='lat' dir='ltr'><strong>hoc</strong></span> <span class='ocrx_word' id='word_1_603' title='bbox 1976 2393 2457 2448; x_wconf 85' lang='lat' dir='ltr'><strong>demonstrandum</strong></span> <span class='ocrx_word' id='word_1_604' title='bbox 2489 2395 2539 2448; x_wconf 93' lang='lat' dir='ltr'>id</span> <span class='ocrx_word' id='word_1_605' title='bbox 2564 2408 2686 2451; x_wconf 89' lang='lat' dir='ltr'><strong>esse</strong></span> <span class='ocrx_word' id='word_1_606' title='bbox 2710 2398 2863 2461; x_wconf 87' lang='lat' dir='ltr'><strong>satis,</strong></span> <span class='ocrx_word' id='word_1_607' title='bbox 2899 2401 3044 2466; x_wconf 90' lang='lat' dir='ltr'><strong>quod</strong></span> <span class='ocrx_word' id='word_1_608' title='bbox 3078 2414 3292 2457; x_wconf 88' lang='lat' dir='ltr'><strong>constet</strong></span> <span class='ocrx_word' id='word_1_609' title='bbox 3333 2405 3443 2457; x_wconf 58' lang='lat' dir='ltr'><strong>vir-</strong></span> 
     </span>
    </p>
   </div>
   <div class='ocr_carea' id='block_1_82' title="bbox 1850 2487 3443 2560">
    <p class='ocr_par' dir='ltr' id='par_1_82' title="bbox 1850 2487 3443 2560">
     <span class='ocr_line' id='line_1_82' title="bbox 1850 2487 3443 2560; baseline 0.008 -22"><span class='ocrx_word' id='word_1_610' title='bbox 1850 2494 2019 2539; x_wconf 87' lang='lat' dir='ltr'><strong>tutem</strong></span> <span class='ocrx_word' id='word_1_611' title='bbox 2073 2500 2192 2555; x_wconf 74' lang='lat' dir='ltr'><strong>qua:</strong></span> <span class='ocrx_word' id='word_1_612' title='bbox 2224 2487 2375 2540; x_wconf 91' lang='lat' dir='ltr'><strong>nobis</strong></span> <span class='ocrx_word' id='word_1_613' title='bbox 2406 2501 2498 2555; x_wconf 87' lang='lat' dir='ltr'>per</span> <span class='ocrx_word' id='word_1_614' title='bbox 2528 2503 2748 2544; x_wconf 82' lang='lat' dir='ltr'><strong>carnem</strong></span> <span class='ocrx_word' id='word_1_615' title='bbox 2796 2492 3068 2560; x_wconf 78' lang='lat' dir='ltr'><strong>apparuit,</strong></span> <span class='ocrx_word' id='word_1_616' title='bbox 3129 2508 3252 2549; x_wconf 83' lang='lat' dir='ltr'><strong>vere</strong></span> <span class='ocrx_word' id='word_1_617' title='bbox 3305 2497 3443 2551; x_wconf 84' lang='lat' dir='ltr'><strong>divi-</strong></span> 
     </span>
    </p>
   </div>
   <div class='ocr_carea' id='block_1_83' title="bbox 1851 2578 3435 2642">
    <p class='ocr_par' dir='ltr' id='par_1_83' title="bbox 1851 2578 3435 2642">
     <span class='ocr_line' id='line_1_83' title="bbox 1851 2578 3435 2642; baseline 0.006 -10"><span class='ocrx_word' id='word_1_618' title='bbox 1851 2592 1975 2632; x_wconf 83' lang='lat' dir='ltr'><strong>nam</strong></span> <span class='ocrx_word' id='word_1_619' title='bbox 2008 2592 2148 2631; x_wconf 77' lang='lat' dir='ltr'><strong>esse.</strong></span> <span class='ocrx_word' id='word_1_620' title='bbox 2184 2578 2318 2632; x_wconf 89' lang='lat' dir='ltr'><strong>Cum</strong></span> <span class='ocrx_word' id='word_1_621' title='bbox 2378 2581 2519 2633; x_wconf 90' lang='lat' dir='ltr'><strong>enim</strong></span> <span class='ocrx_word' id='word_1_622' title='bbox 2568 2581 2996 2638; x_wconf 81' lang='lat' dir='ltr'><strong>demonstratum</strong></span> <span class='ocrx_word' id='word_1_623' title='bbox 3046 2584 3210 2639; x_wconf 84' lang='lat' dir='ltr'><strong>fuerit</strong></span> <span class='ocrx_word' id='word_1_624' title='bbox 3269 2587 3435 2642; x_wconf 88' lang='lat' dir='ltr'><strong>Deum</strong></span> 
     </span>
    </p>
   </div>
   <div class='ocr_carea' id='block_1_84' title="bbox 1847 2672 3427 2745">
    <p class='ocr_par' dir='ltr' id='par_1_84' title="bbox 1847 2672 3427 2745">
     <span class='ocr_line' id='line_1_84' title="bbox 1847 2672 3427 2745; baseline 0.004 -20"><span class='ocrx_word' id='word_1_625' title='bbox 1847 2680 1992 2736; x_wconf 82' lang='lat' dir='ltr'><strong>esse,’</strong></span> <span class='ocrx_word' id='word_1_626' title='bbox 2027 2672 2119 2740; x_wconf 90' lang='lat' dir='ltr'>qui</span> <span class='ocrx_word' id='word_1_627' title='bbox 2152 2673 2204 2724; x_wconf 84' lang='lat' dir='ltr'><strong>in</strong></span> <span class='ocrx_word' id='word_1_628' title='bbox 2246 2687 2407 2726; x_wconf 78' lang='lat' dir='ltr'><strong>carne</strong></span> <span class='ocrx_word' id='word_1_629' title='bbox 2438 2674 2744 2729; x_wconf 83' lang='lat' dir='ltr'><strong>declaratus</strong></span> <span class='ocrx_word' id='word_1_630' title='bbox 2770 2685 2874 2739; x_wconf 86' lang='lat' dir='ltr'><strong>est,</strong></span> <span class='ocrx_word' id='word_1_631' title='bbox 2924 2677 3119 2745; x_wconf 76' lang='lat' dir='ltr'><strong>quique</strong></span> <span class='ocrx_word' id='word_1_632' title='bbox 3151 2679 3427 2733; x_wconf 83' lang='lat' dir='ltr'><strong>miraculis</strong></span> 
     </span>
    </p>
   </div>
   <div class='ocr_carea' id='block_1_85' title="bbox 1848 2761 3433 2832">
    <p class='ocr_par' dir='ltr' id='par_1_85' title="bbox 1848 2761 3433 2832">
     <span class='ocr_line' id='line_1_85' title="bbox 1848 2761 3433 2832; baseline 0.006 -15"><span class='ocrx_word' id='word_1_633' title='bbox 1848 2761 2143 2818; x_wconf 78' lang='lat' dir='ltr'><strong>eﬂiciendis</strong></span> <span class='ocrx_word' id='word_1_634' title='bbox 2194 2775 2439 2817; x_wconf 86' lang='lat' dir='ltr'><strong>naturam</strong></span> <span class='ocrx_word' id='word_1_635' title='bbox 2469 2781 2621 2820; x_wconf 82' lang='lat' dir='ltr'><strong>suam</strong></span> <span class='ocrx_word' id='word_1_636' title='bbox 2652 2767 2907 2832; x_wconf 77' lang='lat' dir='ltr'><strong>ostendit,</strong></span> <span class='ocrx_word' id='word_1_637' title='bbox 2936 2771 3093 2821; x_wconf 80' lang='lat' dir='ltr'><strong>simul</strong></span> <span class='ocrx_word' id='word_1_638' title='bbox 3121 2772 3281 2824; x_wconf 78' lang='lat' dir='ltr'><strong>etiam</strong></span> <span class='ocrx_word' id='word_1_639' title='bbox 3341 2772 3433 2826; x_wconf 81' lang='lat' dir='ltr'><strong>de-</strong></span> 
     </span>
    </p>
   </div>
   <div class='ocr_carea' id='block_1_86' title="bbox 1850 2858 3433 2934">
    <p class='ocr_par' dir='ltr' id='par_1_86' title="bbox 1850 2858 3433 2934">
     <span class='ocr_line' id='line_1_86' title="bbox 1850 2858 3433 2934; baseline 0.006 -23"><span class='ocrx_word' id='word_1_640' title='bbox 1850 2868 2209 2911; x_wconf 76' lang='lat' dir='ltr'><strong>monsmuum</strong></span> <span class='ocrx_word' id='word_1_641' title='bbox 2243 2867 2348 2922; x_wconf 79' lang='lat' dir='ltr'><strong>est,</strong></span> <span class='ocrx_word' id='word_1_642' title='bbox 2377 2872 2497 2911; x_wconf 89' lang='lat' dir='ltr'>eum</span> <span class='ocrx_word' id='word_1_643' title='bbox 2533 2858 2600 2912; x_wconf 91' lang='lat' dir='ltr'>iis</span> <span class='ocrx_word' id='word_1_644' title='bbox 2632 2876 2750 2927; x_wconf 64' lang='lat' dir='ltr'>qum</span> <span class='ocrx_word' id='word_1_645' title='bbox 2788 2863 2941 2926; x_wconf 86' lang='lat' dir='ltr'><strong>lium,</strong></span> <span class='ocrx_word' id='word_1_646' title='bbox 2975 2864 3183 2929; x_wconf 73' lang='lat' dir='ltr'><strong>adt&#39;SSt&quot;,</strong></span> <span class='ocrx_word' id='word_1_647' title='bbox 3218 2868 3433 2934; x_wconf 86' lang='lat' dir='ltr'><strong>quoties</strong></span> 
     </span>
    </p>
   </div>
   <div class='ocr_carea' id='block_1_87' title="bbox 1850 2951 3431 3025">
    <p class='ocr_par' dir='ltr' id='par_1_87' title="bbox 1850 2951 3431 3025">
     <span class='ocr_line' id='line_1_87' title="bbox 1850 2951 3431 3025; baseline 0.007 -22"><span class='ocrx_word' id='word_1_648' title='bbox 1850 2952 2153 3004; x_wconf 79' lang='lat' dir='ltr'><strong>invocatur.</strong></span> <span class='ocrx_word' id='word_1_649' title='bbox 2233 2951 2690 3015; x_wconf 84' lang='lat' dir='ltr'><strong>Quemadmodum</strong></span> <span class='ocrx_word' id='word_1_650' title='bbox 2776 2956 2918 3009; x_wconf 86' lang='lat' dir='ltr'><strong>enim</strong></span> <span class='ocrx_word' id='word_1_651' title='bbox 2990 2956 3215 3025; x_wconf 75' lang='lat' dir='ltr'><strong>singulis</strong></span> <span class='ocrx_word' id='word_1_652' title='bbox 3268 2959 3431 3014; x_wconf 74' lang='lat' dir='ltr'><strong>rebus</strong></span> 
     </span>
    </p>
   </div>
   <div class='ocr_carea' id='block_1_88' title="bbox 1851 3043 3428 3115">
    <p class='ocr_par' dir='ltr' id='par_1_88' title="bbox 1851 3043 3428 3115">
     <span class='ocr_line' id='line_1_88' title="bbox 1851 3043 3428 3115; baseline 0.01 -24"><span class='ocrx_word' id='word_1_653' title='bbox 1851 3043 2094 3110; x_wconf 58' lang='lat' dir='ltr'><strong>quaedam</strong></span> <span class='ocrx_word' id='word_1_654' title='bbox 2155 3045 2298 3096; x_wconf 88' lang='lat' dir='ltr'><strong>iucst</strong></span> <span class='ocrx_word' id='word_1_655' title='bbox 2373 3046 2673 3113; x_wconf 82' lang='lat' dir='ltr'><strong>proprietas</strong></span> <span class='ocrx_word' id='word_1_656' title='bbox 2726 3061 2845 3115; x_wconf 67' lang='lat' dir='ltr'><strong>qua:</strong></span> <span class='ocrx_word' id='word_1_657' title='bbox 2900 3060 3146 3101; x_wconf 83' lang='lat' dir='ltr'><strong>naturam</strong></span> <span class='ocrx_word' id='word_1_658' title='bbox 3215 3050 3428 3106; x_wconf 87' lang='lat' dir='ltr'><strong>illarttm</strong></span> 
     </span>
    </p>
   </div>
   <div class='ocr_carea' id='block_1_89' title="bbox 1850 3139 3428 3206">
    <p class='ocr_par' dir='ltr' id='par_1_89' title="bbox 1850 3139 3428 3206">
     <span class='ocr_line' id='line_1_89' title="bbox 1850 3139 3428 3206; baseline 0.008 -20"><span class='ocrx_word' id='word_1_659' title='bbox 1850 3145 2106 3203; x_wconf 85' lang='lat' dir='ltr'><strong>tanquam</strong></span> <span class='ocrx_word' id='word_1_660' title='bbox 2138 3145 2259 3189; x_wconf 89' lang='lat' dir='ltr'><strong>nota</strong></span> <span class='ocrx_word' id='word_1_661' title='bbox 2289 3140 2532 3204; x_wconf 63' lang='lat' dir='ltr'><strong>quaedam</strong></span> <span class='ocrx_word' id='word_1_662' title='bbox 2590 3139 2833 3192; x_wconf 79' lang='lat' dir='ltr'><strong>declarat</strong></span> <span class='ocrx_word' id='word_1_663' title='bbox 2864 3140 2964 3206; x_wconf 89' lang='lat' dir='ltr'><strong>ila,</strong></span> <span class='ocrx_word' id='word_1_664' title='bbox 3003 3154 3207 3196; x_wconf 74' lang='lat' dir='ltr'><strong>natura:</strong></span> <span class='ocrx_word' id='word_1_665' title='bbox 3237 3144 3428 3198; x_wconf 64' lang='lat' dir='ltr'>(hiut!</span> 
     </span>
    </p>
   </div>
   <div class='ocr_carea' id='block_1_90' title="bbox 1846 3227 3424 3301">
    <p class='ocr_par' dir='ltr' id='par_1_90' title="bbox 1846 3227 3424 3301">
     <span class='ocr_line' id='line_1_90' title="bbox 1846 3227 3424 3301; baseline 0.01 -23"><span class='ocrx_word' id='word_1_666' title='bbox 1846 3227 2059 3297; x_wconf 88' lang='lat' dir='ltr'><strong>propria</strong></span> <span class='ocrx_word' id='word_1_667' title='bbox 2095 3237 2175 3282; x_wconf 88' lang='lat' dir='ltr'><strong>est</strong></span> <span class='ocrx_word' id='word_1_668' title='bbox 2199 3229 2420 3282; x_wconf 88' lang='lat' dir='ltr'><strong>veritas.</strong></span> <span class='ocrx_word' id='word_1_669' title='bbox 2451 3229 2630 3295; x_wconf 83' lang='lat' dir='ltr'><strong>Quare</strong></span> <span class='ocrx_word' id='word_1_670' title='bbox 2654 3246 2774 3284; x_wconf 93' lang='lat' dir='ltr'><strong>cum</strong></span> <span class='ocrx_word' id='word_1_671' title='bbox 2804 3233 3071 3300; x_wconf 69' lang='lat' dir='ltr'><strong>pollicitu~</strong></span> <span class='ocrx_word' id='word_1_672' title='bbox 3097 3250 3123 3290; x_wconf 86' lang='lat' dir='ltr'><strong>s</strong></span> <span class='ocrx_word' id='word_1_673' title='bbox 3149 3245 3185 3301; x_wconf 84' lang='grc' dir='ltr'>ι,</span> <span class='ocrx_word' id='word_1_674' title='bbox 3217 3251 3274 3291; x_wconf 77' lang='lat' dir='ltr'>se</span> <span class='ocrx_word' id='word_1_675' title='bbox 3300 3252 3424 3292; x_wconf 88' lang='lat' dir='ltr'><strong>cum</strong></span> 
     </span>
    </p>
   </div>
   <div class='ocr_carea' id='block_1_91' title="bbox 1845 3320 3423 3388">
    <p class='ocr_par' dir='ltr' id='par_1_91' title="bbox 1845 3320 3423 3388">
     <span class='ocr_line' id='line_1_91' title="bbox 1845 3320 3423 3388; baseline 0.006 -15"><span class='ocrx_word' id='word_1_676' title='bbox 1845 3320 2126 3375; x_wconf 76' lang='lat' dir='ltr'><strong>invocatus</strong></span> <span class='ocrx_word' id='word_1_677' title='bbox 2158 3320 2339 3383; x_wconf 80' lang='lat' dir='ltr'><strong>fuerit,</strong></span> <span class='ocrx_word' id='word_1_678' title='bbox 2365 3322 2697 3388; x_wconf 81' lang='lat' dir='ltr'><strong>adfuturum,</strong></span> <span class='ocrx_word' id='word_1_679' title='bbox 2721 3332 2774 3379; x_wconf 91' lang='lat' dir='ltr'>et</span> <span class='ocrx_word' id='word_1_680' title='bbox 2806 3327 2857 3379; x_wconf 91' lang='lat' dir='ltr'>in</span> <span class='ocrx_word' id='word_1_681' title='bbox 2884 3341 2968 3380; x_wconf 89' lang='lat' dir='ltr'><strong>n-.e</strong></span> <span class='ocrx_word' id='word_1_682' title='bbox 3010 3328 3057 3380; x_wconf 92' lang='lat' dir='ltr'><strong>io</strong></span> <span class='ocrx_word' id='word_1_683' title='bbox 3089 3331 3423 3383; x_wconf 73' lang='lat' dir='ltr'><strong>credrntium</strong></span> 
     </span>
    </p>
   </div>
   <div class='ocr_carea' id='block_1_92' title="bbox 1844 3414 3430 3491">
    <p class='ocr_par' dir='ltr' id='par_1_92' title="bbox 1844 3414 3430 3491">
     <span class='ocr_line' id='line_1_92' title="bbox 1844 3414 3430 3491; baseline 0.008 -27"><span class='ocrx_word' id='word_1_684' title='bbox 1844 3428 1983 3477; x_wconf 72' lang='lat' dir='ltr'><strong>esse,</strong></span> <span class='ocrx_word' id='word_1_685' title='bbox 2016 3425 2067 3466; x_wconf 90' lang='lat' dir='ltr'>et</span> <span class='ocrx_word' id='word_1_686' title='bbox 2102 3414 2153 3466; x_wconf 95' lang='lat' dir='ltr'><strong>in</strong></span> <span class='ocrx_word' id='word_1_687' title='bbox 2189 3414 2502 3470; x_wconf 88' lang='lat' dir='ltr'><strong>hominibus</strong></span> <span class='ocrx_word' id='word_1_688' title='bbox 2536 3431 2776 3481; x_wconf 86' lang='lat' dir='ltr'><strong>manere,</strong></span> <span class='ocrx_word' id='word_1_689' title='bbox 2823 3427 2875 3473; x_wconf 88' lang='lat' dir='ltr'>et</span> <span class='ocrx_word' id='word_1_690' title='bbox 2923 3433 3044 3472; x_wconf 84' lang='lat' dir='ltr'>cum</span> <span class='ocrx_word' id='word_1_691' title='bbox 3104 3437 3430 3491; x_wconf 80' lang='lat' dir='ltr'><strong>unoquoque</strong></span> 
     </span>
    </p>
   </div>
   <div class='ocr_carea' id='block_1_93' title="bbox 1843 3501 3423 3577">
    <p class='ocr_par' dir='ltr' id='par_1_93' title="bbox 1843 3501 3423 3577">
     <span class='ocr_line' id='line_1_93' title="bbox 1843 3501 3423 3577; baseline 0.008 -22"><span class='ocrx_word' id='word_1_692' title='bbox 1843 3517 1984 3564; x_wconf 82' lang='lat' dir='ltr'><strong>esse,</strong></span> <span class='ocrx_word' id='word_1_693' title='bbox 2019 3501 2123 3555; x_wconf 81' lang='lat' dir='ltr'><strong>alia</strong></span> <span class='ocrx_word' id='word_1_694' title='bbox 2152 3506 2611 3561; x_wconf 85' lang='lat' dir='ltr'><strong>demonstratione</strong></span> <span class='ocrx_word' id='word_1_695' title='bbox 2644 3522 2747 3560; x_wconf 93' lang='lat' dir='ltr'><strong>non</strong></span> <span class='ocrx_word' id='word_1_696' title='bbox 2786 3508 3105 3577; x_wconf 74' lang='lat' dir='ltr'><strong>indigemus,</strong></span> <span class='ocrx_word' id='word_1_697' title='bbox 3154 3521 3207 3564; x_wconf 88' lang='lat' dir='ltr'>ut</span> <span class='ocrx_word' id='word_1_698' title='bbox 3236 3520 3423 3567; x_wconf 85' lang='lat' dir='ltr'><strong>osten-</strong></span> 
     </span>
    </p>
   </div>
   <div class='ocr_carea' id='block_1_94' title="bbox 1843 3593 3422 3669">
    <p class='ocr_par' dir='ltr' id='par_1_94' title="bbox 1843 3593 3422 3669">
     <span class='ocr_line' id='line_1_94' title="bbox 1843 3593 3422 3669; baseline 0.009 -25"><span class='ocrx_word' id='word_1_699' title='bbox 1843 3593 2031 3647; x_wconf 85' lang='lat' dir='ltr'><strong>damus</strong></span> <span class='ocrx_word' id='word_1_700' title='bbox 2069 3596 2231 3648; x_wconf 82' lang='lat' dir='ltr'><strong>Dcum</strong></span> <span class='ocrx_word' id='word_1_701' title='bbox 2260 3596 2326 3651; x_wconf 91' lang='lat' dir='ltr'><strong>iis</strong></span> <span class='ocrx_word' id='word_1_702' title='bbox 2361 3614 2480 3665; x_wconf 74' lang='lat' dir='ltr'><strong>qua:</strong></span> <span class='ocrx_word' id='word_1_703' title='bbox 2507 3612 2840 3669; x_wconf 77' lang='lat' dir='ltr'><strong>peraguntur</strong></span> <span class='ocrx_word' id='word_1_704' title='bbox 2874 3603 3088 3667; x_wconf 75' lang='lat' dir='ltr'><strong>adesse,</strong></span> <span class='ocrx_word' id='word_1_705' title='bbox 3118 3618 3239 3657; x_wconf 85' lang='lat' dir='ltr'>cum</span> <span class='ocrx_word' id='word_1_706' title='bbox 3271 3605 3422 3659; x_wconf 87' lang='lat' dir='ltr'><strong>illum</strong></span> 
     </span>
    </p>
   </div>
   <div class='ocr_carea' id='block_1_95' title="bbox 1841 3686 3420 3763">
    <p class='ocr_par' dir='ltr' id='par_1_95' title="bbox 1841 3686 3420 3763">
     <span class='ocr_line' id='line_1_95' title="bbox 1841 3686 3420 3763; baseline 0.008 -25"><span class='ocrx_word' id='word_1_707' title='bbox 1841 3699 1907 3739; x_wconf 76' lang='lat' dir='ltr'><strong>ex</strong></span> <span class='ocrx_word' id='word_1_708' title='bbox 1963 3686 2237 3740; x_wconf 83' lang='lat' dir='ltr'><strong>miraculis</strong></span> <span class='ocrx_word' id='word_1_709' title='bbox 2295 3688 2458 3742; x_wconf 85' lang='lat' dir='ltr'><strong>Deum</strong></span> <span class='ocrx_word' id='word_1_710' title='bbox 2516 3706 2637 3744; x_wconf 84' lang='lat' dir='ltr'><strong>esse</strong></span> <span class='ocrx_word' id='word_1_711' title='bbox 2671 3692 3099 3759; x_wconf 88' lang='lat' dir='ltr'><strong>crediderimus,</strong></span> <span class='ocrx_word' id='word_1_712' title='bbox 3139 3698 3420 3763; x_wconf 89' lang='lat' dir='ltr'><strong>proprium</strong></span> 
     </span>
    </p>
   </div>
   <div class='ocr_carea' id='block_1_96' title="bbox 1840 3779 3417 3845">
    <p class='ocr_par' dir='ltr' id='par_1_96' title="bbox 1840 3779 3417 3845">
     <span class='ocr_line' id='line_1_96' title="bbox 1840 3779 3417 3845; baseline 0.009 -16"><span class='ocrx_word' id='word_1_713' title='bbox 1840 3787 2021 3830; x_wconf 81' lang='lat' dir='ltr'><strong>autem</strong></span> <span class='ocrx_word' id='word_1_714' title='bbox 2051 3779 2354 3833; x_wconf 78' lang='lat' dir='ltr'><strong>Divinitatis</strong></span> <span class='ocrx_word' id='word_1_715' title='bbox 2372 3782 2460 3845; x_wconf 89' lang='lat' dir='ltr'><strong>sit,</strong></span> <span class='ocrx_word' id='word_1_716' title='bbox 2487 3792 2542 3834; x_wconf 91' lang='lat' dir='ltr'>ut</span> <span class='ocrx_word' id='word_1_717' title='bbox 2572 3783 2777 3837; x_wconf 89' lang='lat' dir='ltr'><strong>nullum</strong></span> <span class='ocrx_word' id='word_1_718' title='bbox 2804 3784 3003 3840; x_wconf 79' lang='lat' dir='ltr'><strong>habeat</strong></span> <span class='ocrx_word' id='word_1_719' title='bbox 3027 3789 3417 3843; x_wconf 82' lang='lat' dir='ltr'><strong>Commercium</strong></span> 
     </span>
    </p>
   </div>
   <div class='ocr_carea' id='block_1_97' title="bbox 1839 3868 3421 3946">
    <p class='ocr_par' dir='ltr' id='par_1_97' title="bbox 1839 3868 3421 3946">
     <span class='ocr_line' id='line_1_97' title="bbox 1839 3868 3421 3946; baseline 0.008 -24"><span class='ocrx_word' id='word_1_720' title='bbox 1839 3884 1959 3922; x_wconf 86' lang='lat' dir='ltr'>cum</span> <span class='ocrx_word' id='word_1_721' title='bbox 1987 3868 2249 3936; x_wconf 81' lang='lat' dir='ltr'><strong>falsita&#39;e,</strong></span> <span class='ocrx_word' id='word_1_722' title='bbox 2272 3879 2327 3923; x_wconf 85' lang='lat' dir='ltr'><strong>et</strong></span> <span class='ocrx_word' id='word_1_723' title='bbox 2357 3871 2408 3924; x_wconf 93' lang='lat' dir='ltr'><strong>in</strong></span> <span class='ocrx_word' id='word_1_724' title='bbox 2442 3874 2670 3928; x_wconf 81' lang='lat' dir='ltr'><strong>veritate</strong></span> <span class='ocrx_word' id='word_1_725' title='bbox 2689 3875 3069 3943; x_wconf 77' lang='lat' dir='ltr'><strong>promissionis</strong></span> <span class='ocrx_word' id='word_1_726' title='bbox 3094 3878 3421 3946; x_wconf 78' lang='lat' dir='ltr'><strong>consistere,</strong></span> 
     </span>
    </p>
   </div>
   <div class='ocr_carea' id='block_1_98' title="bbox 1838 3960 3304 4031">
    <p class='ocr_par' dir='ltr' id='par_1_98' title="bbox 1838 3960 3304 4031">
     <span class='ocr_line' id='line_1_98' title="bbox 1838 3960 3304 4031; baseline 0.008 -18"><span class='ocrx_word' id='word_1_727' title='bbox 1838 3960 1978 4029; x_wconf 80' lang='lat' dir='ltr'><strong>quod</strong></span> <span class='ocrx_word' id='word_1_728' title='bbox 2005 3961 2157 4015; x_wconf 90' lang='lat' dir='ltr'><strong>nobis</strong></span> <span class='ocrx_word' id='word_1_729' title='bbox 2190 3964 2503 4017; x_wconf 86' lang='lat' dir='ltr'><strong>mandatum</strong></span> <span class='ocrx_word' id='word_1_730' title='bbox 2531 3974 2637 4031; x_wconf 86' lang='lat' dir='ltr'><strong>est,</strong></span> <span class='ocrx_word' id='word_1_731' title='bbox 2699 3967 2921 4023; x_wconf 85' lang='lat' dir='ltr'><strong>minime</strong></span> <span class='ocrx_word' id='word_1_732' title='bbox 2976 3968 3304 4025; x_wconf 81' lang='lat' dir='ltr'><strong>dubitemus.</strong></span> 
     </span>
    </p>
   </div>
   <div class='ocr_carea' id='block_1_99' title="bbox 2201 4120 3068 4199">
    <p class='ocr_par' dir='ltr' id='par_1_99' title="bbox 2201 4120 3068 4199">
     <span class='ocr_line' id='line_1_99' title="bbox 2201 4120 3068 4199; baseline 0.017 -26"><span class='ocrx_word' id='word_1_733' title='bbox 2201 4120 2533 4189; x_wconf 73' lang='lat' dir='ltr'><strong>Damascetti.</strong></span> <span class='ocrx_word' id='word_1_734' title='bbox 2557 4128 2678 4184; x_wconf 80' lang='lat' dir='ltr'><strong>item</strong></span> <span class='ocrx_word' id='word_1_735' title='bbox 2700 4131 2763 4183; x_wconf 80' lang='lat' dir='ltr'>de</span> <span class='ocrx_word' id='word_1_736' title='bbox 2793 4132 3068 4199; x_wconf 74' lang='lat' dir='ltr'><strong>baptismo.</strong></span> 
     </span>
    </p>
   </div>
   <div class='ocr_carea' id='block_1_100' title="bbox 1906 4273 3412 4357">
    <p class='ocr_par' dir='ltr' id='par_1_100' title="bbox 1906 4273 3412 4357">
     <span class='ocr_line' id='line_1_100' title="bbox 1906 4273 3412 4357; baseline 0.021 -30"><span class='ocrx_word' id='word_1_737' title='bbox 1906 4273 2172 4343; x_wconf 76' lang='lat' dir='ltr'><strong>Baptismi</strong></span> <span class='ocrx_word' id='word_1_738' title='bbox 2197 4281 2293 4337; x_wconf 71' lang='lat' dir='ltr'><strong>vis.</strong></span> <span class='ocrx_word' id='word_1_739' title='bbox 2331 4282 2636 4351; x_wconf 71' lang='lat' dir='ltr'><strong>Baptismus</strong></span> <span class='ocrx_word' id='word_1_740' title='bbox 2672 4307 2829 4346; x_wconf 72' lang='lat' dir='ltr'><strong>unus.</strong></span> <span class='ocrx_word' id='word_1_741' title='bbox 2871 4293 3188 4352; x_wconf 66' lang='lat' dir='ltr'><strong>Necessaria</strong></span> <span class='ocrx_word' id='word_1_742' title='bbox 3228 4301 3297 4355; x_wconf 83' lang='lat' dir='ltr'><strong>aa’</strong></span> <span class='ocrx_word' id='word_1_743' title='bbox 3321 4303 3412 4357; x_wconf 83' lang='lat' dir='ltr'><strong>ba-</strong></span> 
     </span>
    </p>
   </div>
   <div class='ocr_carea' id='block_1_101' title="bbox 1835 4367 3415 4450">
    <p class='ocr_par' dir='ltr' id='par_1_101' title="bbox 1835 4367 3415 4450">
     <span class='ocr_line' id='line_1_101' title="bbox 1835 4367 3415 4450; baseline 0.021 -34"><span class='ocrx_word' id='word_1_744' title='bbox 1835 4367 2087 4432; x_wconf 75' lang='lat' dir='ltr'><strong>ptismum</strong></span> <span class='ocrx_word' id='word_1_745' title='bbox 2129 4374 2393 4427; x_wconf 79' lang='lat' dir='ltr'><strong>nwocalio</strong></span> <span class='ocrx_word' id='word_1_746' title='bbox 2417 4376 2711 4433; x_wconf 73' lang='lat' dir='ltr'><strong>Trinitatis.</strong></span> <span class='ocrx_word' id='word_1_747' title='bbox 2740 4382 2879 4447; x_wconf 80' lang='lat' dir='ltr'><strong>Quid</strong></span> <span class='ocrx_word' id='word_1_748' title='bbox 2933 4389 3074 4441; x_wconf 79' lang='lat' dir='ltr'><strong>trina</strong></span> <span class='ocrx_word' id='word_1_749' title='bbox 3116 4391 3415 4450; x_wconf 74' lang='lat' dir='ltr'><strong>immersio.</strong></span> 
     </span>
    </p>
   </div>
   <div class='ocr_carea' id='block_1_102' title="bbox 1837 4456 3401 4552">
    <p class='ocr_par' dir='ltr' id='par_1_102' title="bbox 1837 4456 3401 4552">
     <span class='ocr_line' id='line_1_102' title="bbox 1837 4456 3401 4552; baseline 0.019 -44"><span class='ocrx_word' id='word_1_750' title='bbox 1837 4456 1983 4523; x_wconf 77' lang='lat' dir='ltr'><strong>Quid</strong></span> <span class='ocrx_word' id='word_1_751' title='bbox 2002 4461 2054 4511; x_wconf 86' lang='lat' dir='ltr'><strong>in</strong></span> <span class='ocrx_word' id='word_1_752' title='bbox 2089 4460 2358 4517; x_wconf 76' lang='lat' dir='ltr'><strong>Christum</strong></span> <span class='ocrx_word' id='word_1_753' title='bbox 2382 4467 2670 4535; x_wconf 75' lang='lat' dir='ltr'><strong>baptizari.</strong></span> <span class='ocrx_word' id='word_1_754' title='bbox 2728 4471 3076 4531; x_wconf 73' lang='lat' dir='ltr'><strong>Ettcltaristia</strong></span> <span class='ocrx_word' id='word_1_755' title='bbox 3121 4490 3168 4533; x_wconf 82' lang='lat' dir='ltr'>et</span> <span class='ocrx_word' id='word_1_756' title='bbox 3223 4481 3401 4552; x_wconf 81' lang='lat' dir='ltr'><strong>bapti-</strong></span> 
     </span>
    </p>
   </div>
   <div class='ocr_carea' id='block_1_103' title="bbox 1838 4550 3412 4640">
    <p class='ocr_par' dir='ltr' id='par_1_103' title="bbox 1838 4550 3412 4640">
     <span class='ocr_line' id='line_1_103' title="bbox 1838 4550 3412 4640; baseline 0.018 -39"><span class='ocrx_word' id='word_1_757' title='bbox 1838 4564 1985 4602; x_wconf 73' lang='lat' dir='ltr'><strong>smus</strong></span> <span class='ocrx_word' id='word_1_758' title='bbox 2006 4566 2033 4603; x_wconf 89' lang='lat' dir='ltr'><strong>e</strong></span> <span class='ocrx_word' id='word_1_759' title='bbox 2064 4550 2339 4609; x_wconf 85' lang='lat' dir='ltr'><strong>Dominico</strong></span> <span class='ocrx_word' id='word_1_760' title='bbox 2362 4558 2529 4613; x_wconf 83' lang='lat' dir='ltr'><strong>latere</strong></span> <span class='ocrx_word' id='word_1_761' title='bbox 2549 4562 2846 4629; x_wconf 72' lang='lat' dir='ltr'><strong>ﬂuxerunt.</strong></span> <span class='ocrx_word' id='word_1_762' title='bbox 2874 4566 3184 4635; x_wconf 72' lang='lat' dir='ltr'><strong>Baptismus</strong></span> <span class='ocrx_word' id='word_1_763' title='bbox 3213 4550 3412 4640; x_wconf 68' lang='lat' dir='ltr'><strong>duplex</strong></span> 
     </span>
    </p>
   </div>
   <div class='ocr_carea' id='block_1_104' title="bbox 1841 4641 3410 4728">
    <p class='ocr_par' dir='ltr' id='par_1_104' title="bbox 1841 4641 3410 4728">
     <span class='ocr_line' id='line_1_104' title="bbox 1841 4641 3410 4728; baseline 0.019 -39"><span class='ocrx_word' id='word_1_764' title='bbox 1841 4648 1895 4690; x_wconf 84' lang='lat' dir='ltr'>ut</span> <span class='ocrx_word' id='word_1_765' title='bbox 1926 4651 1974 4693; x_wconf 79' lang='lat' dir='ltr'>et</span> <span class='ocrx_word' id='word_1_766' title='bbox 2004 4641 2179 4699; x_wconf 82' lang='lat' dir='ltr'><strong>homo.</strong></span> <span class='ocrx_word' id='word_1_767' title='bbox 2206 4675 2273 4685; x_wconf 89' lang='lat'>--</span> <span class='ocrx_word' id='word_1_768' title='bbox 2294 4645 2412 4701; x_wconf 81' lang='lat' dir='ltr'>Jam</span> <span class='ocrx_word' id='word_1_769' title='bbox 2470 4665 2598 4705; x_wconf 87' lang='lat' dir='ltr'><strong>vero</strong></span> <span class='ocrx_word' id='word_1_770' title='bbox 2648 4670 2817 4708; x_wconf 88' lang='lat' dir='ltr'><strong>unum</strong></span> <span class='ocrx_word' id='word_1_771' title='bbox 2863 4659 3193 4728; x_wconf 85' lang='lat' dir='ltr'><strong>baptismum</strong></span> <span class='ocrx_word' id='word_1_772' title='bbox 3239 4668 3290 4718; x_wconf 85' lang='lat' dir='ltr'>tn</span> <span class='ocrx_word' id='word_1_773' title='bbox 3323 4682 3410 4720; x_wconf 77' lang='lat' dir='ltr'><strong>ru-</strong></span> 
     </span>
    </p>
   </div>
   <div class='ocr_carea' id='block_1_105' title="bbox 1835 4732 3418 4813">
    <p class='ocr_par' dir='ltr' id='par_1_105' title="bbox 1835 4732 3418 4813">
     <span class='ocr_line' id='line_1_105' title="bbox 1835 4732 3418 4813; baseline 0.019 -30"><span class='ocrx_word' id='word_1_774' title='bbox 1835 4732 2147 4788; x_wconf 86' lang='lat' dir='ltr'><strong>missionem</strong></span> <span class='ocrx_word' id='word_1_775' title='bbox 2179 4748 2525 4805; x_wconf 89' lang='lat' dir='ltr'><strong>peccatorum</strong></span> <span class='ocrx_word' id='word_1_776' title='bbox 2560 4752 2616 4798; x_wconf 90' lang='lat' dir='ltr'>et</span> <span class='ocrx_word' id='word_1_777' title='bbox 2648 4745 2699 4799; x_wconf 93' lang='lat' dir='ltr'><strong>in</strong></span> <span class='ocrx_word' id='word_1_778' title='bbox 2734 4749 2894 4803; x_wconf 73' lang='lat' dir='ltr'><strong>vitam</strong></span> <span class='ocrx_word' id='word_1_779' title='bbox 2924 4763 3180 4810; x_wconf 67' lang='lat' dir='ltr'><strong>mlernam</strong></span> <span class='ocrx_word' id='word_1_780' title='bbox 3241 4760 3418 4813; x_wconf 73' lang='lat' dir='ltr'><strong>conli-</strong></span> 
     </span>
    </p>
   </div>
   <div class='ocr_carea' id='block_1_106' title="bbox 1830 4827 3413 4920">
    <p class='ocr_par' dir='ltr' id='par_1_106' title="bbox 1830 4827 3413 4920">
     <span class='ocr_line' id='line_1_106' title="bbox 1830 4827 3413 4920; baseline 0.019 -42"><span class='ocrx_word' id='word_1_781' title='bbox 1830 4830 2034 4881; x_wconf 87' lang='lat' dir='ltr'><strong>temur.</strong></span> <span class='ocrx_word' id='word_1_782' title='bbox 2060 4827 2372 4920; x_wconf 61' lang='lat' dir='ltr'><strong>baptismus</strong></span> <span class='ocrx_word' id='word_1_783' title='bbox 2404 4836 2605 4907; x_wconf 78' lang='lat' dir='ltr'><strong>quippe</strong></span> <span class='ocrx_word' id='word_1_784' title='bbox 2656 4853 2886 4897; x_wconf 84' lang='lat' dir='ltr'><strong>mortem</strong></span> <span class='ocrx_word' id='word_1_785' title='bbox 2927 4844 3143 4903; x_wconf 86' lang='lat' dir='ltr'><strong>Domini</strong></span> <span class='ocrx_word' id='word_1_786' title='bbox 3196 4851 3413 4920; x_wconf 77' lang='lat' dir='ltr'><strong>signib-</strong></span> 
     </span>
    </p>
   </div>
   <div class='ocr_carea' id='block_1_107' title="bbox 1836 4918 3402 5014">
    <p class='ocr_par' dir='ltr' id='par_1_107' title="bbox 1836 4918 3402 5014">
     <span class='ocr_line' id='line_1_107' title="bbox 1836 4918 3402 5014; baseline 0.021 -47"><span class='ocrx_word' id='word_1_787' title='bbox 1836 4925 1923 4969; x_wconf 83' lang='lat' dir='ltr'>cat</span> <span class='ocrx_word' id='word_1_788' title='bbox 1956 4918 1995 4971; x_wconf 78' lang='grc'>⁸.</span> <span class='ocrx_word' id='word_1_789' title='bbox 2054 4918 2159 4975; x_wconf 88' lang='lat' dir='ltr'>Per</span> <span class='ocrx_word' id='word_1_790' title='bbox 2192 4922 2525 4994; x_wconf 85' lang='lat' dir='ltr'><strong>baptismum</strong></span> <span class='ocrx_word' id='word_1_791' title='bbox 2559 4932 2709 4987; x_wconf 85' lang='lat' dir='ltr'><strong>enim</strong></span> <span class='ocrx_word' id='word_1_792' title='bbox 2738 4948 2861 4990; x_wconf 90' lang='lat' dir='ltr'>cum</span> <span class='ocrx_word' id='word_1_793' title='bbox 2916 4936 3152 4996; x_wconf 88' lang='lat' dir='ltr'><strong>Domino</strong></span> <span class='ocrx_word' id='word_1_794' title='bbox 3207 4918 3402 5014; x_wconf 72' lang='lat' dir='ltr'><strong>sepeli-</strong></span> 
     </span>
    </p>
   </div>
   <div class='ocr_carea' id='block_1_108' title="bbox 1834 5014 3404 5098">
    <p class='ocr_par' dir='ltr' id='par_1_108' title="bbox 1834 5014 3404 5098">
     <span class='ocr_line' id='line_1_108' title="bbox 1834 5014 3404 5098; baseline 0.022 -39"><span class='ocrx_word' id='word_1_795' title='bbox 1834 5022 1977 5098; x_wconf 87' lang='lat' dir='ltr'><strong>mur,</strong></span> <span class='ocrx_word' id='word_1_796' title='bbox 2011 5019 2069 5065; x_wconf 92' lang='lat' dir='ltr'>ut</span> <span class='ocrx_word' id='word_1_797' title='bbox 2121 5014 2199 5068; x_wconf 86' lang='lat' dir='ltr'>ait</span> <span class='ocrx_word' id='word_1_798' title='bbox 2258 5016 2485 5077; x_wconf 81' lang='lat' dir='ltr'><strong>divinus</strong></span> <span class='ocrx_word' id='word_1_799' title='bbox 2543 5028 2900 5095; x_wconf 75' lang='lat' dir='ltr'><strong>apostolus‘.</strong></span> <span class='ocrx_word' id='word_1_800' title='bbox 2927 5031 3404 5098; x_wconf 73' lang='lat' dir='ltr'><strong>Quemadmodum</strong></span> 
     </span>
    </p>
   </div>
   <div class='ocr_carea' id='block_1_109' title="bbox 1840 5097 3399 5186">
    <p class='ocr_par' dir='ltr' id='par_1_109' title="bbox 1840 5097 3399 5186">
     <span class='ocr_line' id='line_1_109' title="bbox 1840 5097 3399 5186; baseline 0.024 -36"><span class='ocrx_word' id='word_1_801' title='bbox 1840 5097 2003 5167; x_wconf 79' lang='lat' dir='ltr'><strong>igitur</strong></span> <span class='ocrx_word' id='word_1_802' title='bbox 2054 5103 2319 5164; x_wconf 82' lang='lat' dir='ltr'><strong>DOminus</strong></span> <span class='ocrx_word' id='word_1_803' title='bbox 2351 5125 2605 5171; x_wconf 90' lang='lat' dir='ltr'><strong>mortuus</strong></span> <span class='ocrx_word' id='word_1_804' title='bbox 2644 5129 2757 5185; x_wconf 81' lang='lat' dir='ltr'><strong>est,</strong></span> <span class='ocrx_word' id='word_1_805' title='bbox 2780 5122 2868 5177; x_wconf 86' lang='lat' dir='ltr'>sic</span> <span class='ocrx_word' id='word_1_806' title='bbox 2904 5139 3006 5180; x_wconf 85' lang='lat' dir='ltr'>nos</span> <span class='ocrx_word' id='word_1_807' title='bbox 3032 5132 3194 5182; x_wconf 79' lang='lat' dir='ltr'><strong>etiam</strong></span> <span class='ocrx_word' id='word_1_808' title='bbox 3228 5135 3399 5186; x_wconf 69' lang='lat' dir='ltr'><strong>semet</strong></span> 
     </span>
    </p>
   </div>
   <div class='ocr_carea' id='block_1_110' title="bbox 1834 5190 3406 5288">
    <p class='ocr_par' dir='ltr' id='par_1_110' title="bbox 1834 5190 3406 5288">
     <span class='ocr_line' id='line_1_110' title="bbox 1834 5190 3406 5288; baseline 0.022 -44"><span class='ocrx_word' id='word_1_809' title='bbox 1834 5190 2099 5288; x_wconf 66' lang='lat' dir='ltr'><strong>baptizari</strong></span> <span class='ocrx_word' id='word_1_810' title='bbox 2120 5205 2491 5261; x_wconf 81' lang='lat' dir='ltr'><strong>necessarium</strong></span> <span class='ocrx_word' id='word_1_811' title='bbox 2518 5219 2644 5276; x_wconf 84' lang='lat' dir='ltr'><strong>est;</strong></span> <span class='ocrx_word' id='word_1_812' title='bbox 2672 5211 2961 5281; x_wconf 81' lang='lat' dir='ltr'><strong>baptizari,</strong></span> <span class='ocrx_word' id='word_1_813' title='bbox 2986 5217 3229 5288; x_wconf 85' lang='lat' dir='ltr'><strong>inquam.</strong></span> <span class='ocrx_word' id='word_1_814' title='bbox 3261 5224 3406 5278; x_wconf 86' lang='lat' dir='ltr'><strong>sicut</strong></span> 
     </span>
    </p>
   </div>
   <div class='ocr_carea' id='block_1_111' title="bbox 1829 5280 3408 5379">
    <p class='ocr_par' dir='ltr' id='par_1_111' title="bbox 1829 5280 3408 5379">
     <span class='ocr_line' id='line_1_111' title="bbox 1829 5280 3408 5379; baseline 0.023 -48"><span class='ocrx_word' id='word_1_815' title='bbox 1829 5296 1868 5379; x_wconf 47' lang='lat' dir='ltr'>si</span> <span class='ocrx_word' id='word_1_816' title='bbox 1894 5280 2123 5338; x_wconf 82' lang='lat' dir='ltr'><strong>Domino</strong></span> <span class='ocrx_word' id='word_1_817' title='bbox 2145 5289 2345 5345; x_wconf 89' lang='lat' dir='ltr'><strong>dictum</strong></span> <span class='ocrx_word' id='word_1_818' title='bbox 2369 5303 2490 5350; x_wconf 85' lang='lat' dir='ltr'><strong>cst:</strong></span> <span class='ocrx_word' id='word_1_819' title='bbox 2530 5297 2594 5350; x_wconf 82' lang='lat' dir='ltr'>In</span> <span class='ocrx_word' id='word_1_820' title='bbox 2625 5280 2834 5357; x_wconf 79' lang='lat' dir='ltr'><strong>nomine</strong></span> <span class='ocrx_word' id='word_1_821' title='bbox 2866 5280 3075 5371; x_wconf 58' lang='lat' dir='ltr'><strong>Patris;</strong></span> <span class='ocrx_word' id='word_1_822' title='bbox 3101 5322 3153 5364; x_wconf 84' lang='lat' dir='ltr'><strong>ct</strong></span> <span class='ocrx_word' id='word_1_823' title='bbox 3181 5280 3331 5379; x_wconf 76' lang='lat' dir='ltr'><strong>Filii,</strong></span> <span class='ocrx_word' id='word_1_824' title='bbox 3355 5330 3408 5368; x_wconf 71' lang='lat' dir='ltr'>et</span> 
     </span>
    </p>
   </div>
   <div class='ocr_carea' id='block_1_112' title="bbox 1830 5369 3412 5465">
    <p class='ocr_par' dir='ltr' id='par_1_112' title="bbox 1830 5369 3412 5465">
     <span class='ocr_line' id='line_1_112' title="bbox 1830 5369 3412 5465; baseline 0.024 -42"><span class='ocrx_word' id='word_1_825' title='bbox 1830 5369 2062 5438; x_wconf 77' lang='lat' dir='ltr'><strong>Spiritus</strong></span> <span class='ocrx_word' id='word_1_826' title='bbox 2117 5383 2354 5438; x_wconf 80' lang='lat' dir='ltr'><strong>sancti”.</strong></span> <span class='ocrx_word' id='word_1_827' title='bbox 2414 5386 2627 5452; x_wconf 81' lang='lat' dir='ltr'><strong>Quibus</strong></span> <span class='ocrx_word' id='word_1_828' title='bbox 2680 5393 2888 5450; x_wconf 87' lang='lat' dir='ltr'><strong>scilicet</strong></span> <span class='ocrx_word' id='word_1_829' title='bbox 2921 5401 3119 5465; x_wconf 82' lang='lat' dir='ltr'><strong>verbis,</strong></span> <span class='ocrx_word' id='word_1_830' title='bbox 3149 5402 3326 5460; x_wconf 82' lang='lat' dir='ltr'><strong>Patris</strong></span> <span class='ocrx_word' id='word_1_831' title='bbox 3350 5418 3412 5461; x_wconf 78' lang='lat' dir='ltr'>et</span> 
     </span>
    </p>
   </div>
   <div class='ocr_carea' id='block_1_113' title="bbox 1828 5464 3409 5553">
    <p class='ocr_par' dir='ltr' id='par_1_113' title="bbox 1828 5464 3409 5553">
     <span class='ocr_line' id='line_1_113' title="bbox 1828 5464 3409 5553; baseline 0.023 -36"><span class='ocrx_word' id='word_1_832' title='bbox 1828 5464 1951 5520; x_wconf 79' lang='lat' dir='ltr'><strong>Filii</strong></span> <span class='ocrx_word' id='word_1_833' title='bbox 2012 5480 2067 5523; x_wconf 86' lang='lat' dir='ltr'>et</span> <span class='ocrx_word' id='word_1_834' title='bbox 2115 5469 2352 5543; x_wconf 87' lang='lat' dir='ltr'><strong>Spiritus</strong></span> <span class='ocrx_word' id='word_1_835' title='bbox 2402 5483 2601 5548; x_wconf 86' lang='lat' dir='ltr'><strong>sancti,</strong></span> <span class='ocrx_word' id='word_1_836' title='bbox 2642 5486 3035 5545; x_wconf 78' lang='lat' dir='ltr'><strong>confessionem</strong></span> <span class='ocrx_word' id='word_1_837' title='bbox 3087 5498 3409 5553; x_wconf 81' lang='lat' dir='ltr'><strong>edocemur.</strong></span> 
     </span>
    </p>
   </div>
   <div class='ocr_carea' id='block_1_114' title="bbox 1829 5554 3407 5654">
    <p class='ocr_par' dir='ltr' id='par_1_114' title="bbox 1829 5554 3407 5654">
     <span class='ocr_line' id='line_1_114' title="bbox 1829 5554 3407 5654; baseline 0.024 -47"><span class='ocrx_word' id='word_1_838' title='bbox 1829 5554 2105 5621; x_wconf 82' lang='lat' dir='ltr'><strong>Quocirca</strong></span> <span class='ocrx_word' id='word_1_839' title='bbox 2166 5567 2256 5635; x_wconf 89' lang='lat' dir='ltr'><strong>qui</strong></span> <span class='ocrx_word' id='word_1_840' title='bbox 2313 5569 2365 5621; x_wconf 93' lang='lat' dir='ltr'>in</span> <span class='ocrx_word' id='word_1_841' title='bbox 2421 5571 2722 5631; x_wconf 83' lang='lat' dir='ltr'><strong>Patremet</strong></span> <span class='ocrx_word' id='word_1_842' title='bbox 2781 5578 2972 5635; x_wconf 80' lang='lat' dir='ltr'><strong>Filium</strong></span> <span class='ocrx_word' id='word_1_843' title='bbox 3034 5594 3087 5639; x_wconf 89' lang='lat' dir='ltr'><strong>et</strong></span> <span class='ocrx_word' id='word_1_844' title='bbox 3141 5586 3407 5654; x_wconf 81' lang='lat' dir='ltr'><strong>Spiritum</strong></span> 
     </span>
    </p>
   </div>
   <div class='ocr_carea' id='block_1_115' title="bbox 1836 5654 3412 5739">
    <p class='ocr_par' dir='ltr' id='par_1_115' title="bbox 1836 5654 3412 5739">
     <span class='ocr_line' id='line_1_115' title="bbox 1836 5654 3412 5739; baseline 0.025 -40"><span class='ocrx_word' id='word_1_845' title='bbox 1836 5659 2087 5704; x_wconf 82' lang='lat' dir='ltr'><strong>sanctum</strong></span> <span class='ocrx_word' id='word_1_846' title='bbox 2144 5654 2428 5726; x_wconf 86' lang='lat' dir='ltr'><strong>baptizati.</strong></span> <span class='ocrx_word' id='word_1_847' title='bbox 2484 5678 2753 5738; x_wconf 84' lang='lat' dir='ltr'><strong>unamque</strong></span> <span class='ocrx_word' id='word_1_848' title='bbox 2805 5672 2858 5726; x_wconf 83' lang='lat' dir='ltr'><strong>in</strong></span> <span class='ocrx_word' id='word_1_849' title='bbox 2919 5675 3090 5732; x_wconf 88' lang='lat' dir='ltr'><strong>tribus</strong></span> <span class='ocrx_word' id='word_1_850' title='bbox 3164 5680 3412 5739; x_wconf 71' lang='lat' dir='ltr'><strong>Deitatis</strong></span> 
     </span>
    </p>
   </div>
   <div class='ocr_carea' id='block_1_116' title="bbox 217 5793 1824 5897">
    <p class='ocr_par' dir='ltr' id='par_1_116' title="bbox 217 5793 1824 5897">
     <span class='ocr_line' id='line_1_116' title="bbox 217 5793 1824 5897; baseline 0.025 -47"><span class='ocrx_word' id='word_1_851' title='bbox 217 5794 238 5824; x_wconf 73' lang='grc'>⁸</span> <span class='ocrx_word' id='word_1_852' title='bbox 267 5793 527 5867; x_wconf 56' lang='lat' dir='ltr'><strong>Somni,</strong></span> <span class='ocrx_word' id='word_1_853' title='bbox 557 5803 611 5860; x_wconf 74' lang='grc'><strong>4.</strong></span> <span class='ocrx_word' id='word_1_854' title='bbox 689 5810 707 5840; x_wconf 87' lang='grc'><strong><em>²</em></strong></span> <span class='ocrx_word' id='word_1_855' title='bbox 741 5808 950 5869; x_wconf 81' lang='lat' dir='ltr'><strong>Coloss.</strong></span> <span class='ocrx_word' id='word_1_856' title='bbox 976 5826 1039 5880; x_wconf 79' lang='lat' dir='ltr'><strong>tt,</strong></span> <span class='ocrx_word' id='word_1_857' title='bbox 1073 5814 1163 5871; x_wconf 79' lang='lat' dir='ltr'><strong>l2.</strong></span> <span class='ocrx_word' id='word_1_858' title='bbox 1239 5820 1259 5853; x_wconf 85' lang='grc'><em>³</em></span> <span class='ocrx_word' id='word_1_859' title='bbox 1288 5819 1478 5881; x_wconf 83' lang='lat' dir='ltr'><strong>Matth.</strong></span> <span class='ocrx_word' id='word_1_860' title='bbox 1511 5845 1705 5897; x_wconf 76' lang='lat' dir='ltr'><strong>urna,</strong></span> <span class='ocrx_word' id='word_1_861' title='bbox 1732 5834 1824 5890; x_wconf 84' lang='lat' dir='ltr'><strong>l9.</strong></span> 
     </span>
    </p>
   </div>
  </div>
