3960 6558
538 402 679 465 12.35

1850 408 2222 468 euruvuu
2271 363 2631 468 metussi

3692 413 3816 477 1236

540 528 792 596 personis
828 538 1080 586 naturam
1120 531 1331 597 edocti,
1369 535 1701 607 baptismum
1753 548 2026 607 repetunt,
2069 540 2127 603 ii,

2235 545 2509 611 Χριστὸν,
2540 545 2638 600 καί
2666 547 3334 618 παραδειγματίζοντας.
3366 549 3523 604 Ὅσοι
3546 550 3604 604 δὲ
3641 549 3719 620 μὴ
3745 552 3814 612 εἰς

541 622 844 674 secundum
901 621 1145 677 divinum
1193 625 1537 695 Apostolum,
1595 627 1874 682 Christum
1936 646 2130 685 rursus

462 733 470 778 ς
541 712 906 779 rruciligunt:
943 711 1276 774 [inpossibile
1307 718 1445 769 enim
1492 727 1568 770 est
1597 759 1610 781 ,
1650 719 1855 787 inquit,
1907 736 1993 774 eos
2039 723 2128 787 qui

543 799 698 852 semel
727 799 1021 855 itluminati
1049 815 1195 868 sunt,
1226 814 1358 868 ctc.,
1424 823 1607 861 rursus
1656 808 1724 860 ad
1772 811 2130 874 pa‘uilentiam

543 905 807 951 renovare,
844 895 1207 964 cruciﬁgcutes
1243 898 1432 949 iterum
1683 899 1781 951 sibi
1816 902 1944 964 ipsis
1973 898 2131 953 Chri-

542 988 701 1044 stum,
737 993 784 1034 et
828 987 1058 1038 ostentui
1096 987 1345 1040 habentes
1431 989 1468 1040 ⁸.
1515 990 1581 1040 At
1629 990 1720 1060 qui
1774 991 1825 1044 in
1884 1000 2129 1045 sanctam

543 1067 870 1128 Trinitatem
909 1076 1171 1145 baptizati
1207 1093 1314 1130 non
1353 1086 1504 1144 sunt,
1544 1080 1596 1132 hi
1629 1080 1810 1133 denuo
1849 1081 2130 1150 haptizcn-

545 1172 634 1214 tur
689 1180 916 1221 necesse
973 1176 1078 1221 est.
1124 1168 1236 1223 Etsi
1287 1170 1431 1224 enim
1487 1171 1786 1240 Apostolus
1836 1171 1968 1226 dicit
2017 1169 2132 1227 :ln

546 1251 821 1310 Christum
878 1269 926 1312 et
977 1259 1029 1311 in
1069 1271 1288 1315 mortem
1344 1263 1508 1330 ipsius
1550 1263 1810 1331 baptizati
1843 1282 2024 1319 sumus
2077 1267 2130 1333 ';

547 1363 652 1400 non
688 1358 870 1404 tamen
908 1352 1011 1406 hoc
1048 1353 1182 1414 vult.
1218 1355 1472 1424 baptismi
1507 1357 1909 1414 invocationem
1951 1375 2017 1413 ex
2048 1360 2133 1414 his

547 1438 730 1492 verbis
757 1449 1023 1498 constare
1055 1443 1277 1510 debere,
1321 1462 1509 1500 verum
1542 1447 1644 1502 hoc
1676 1448 1921 1509 demum,
1955 1450 2133 1519 bapti-

549 1546 724 1584 summ
779 1534 971 1589 mortis
1001 1534 1205 1590 Christi
1241 1539 1468 1608 ﬁguram
1502 1539 1784 1609 praeferre.
1821 1541 2132 1610 Baptismus

547 1623 816 1692 siquidem
847 1627 946 1696 qui
979 1628 1120 1681 trina
1155 1629 1509 1686 immersione
1551 1633 1845 1703 peragitur,
1879 1642 1990 1689 tres
2017 1634 2134 1691 dies

547 1714 843 1785 signiﬁcat.
896 1718 1098 1787 quibus
1155 1719 1422 1776 Dominus
1465 1725 1680 1778 tumulo
1742 1726 1998 1780 conditus
2049 1726 2135 1795 ja-

547 1806 680 1858 cuit-

547 1896 693 1950 aliud
743 1897 970 1964 indicat,
1024 1917 1189 1972 quam
1227 1904 1281 1958 in
1314 1905 1470 1958 illum
1521 1906 1798 1961 credendo
1851 1909 2133 1963 salutifera

546 2001 691 2057 aqua
720 1989 876 2059 tingi.
907 1991 1051 2047 Fieri
1086 2009 1192 2048 non
1246 2004 1430 2065 potest
1462 2005 1521 2050 ut
1547 1999 1601 2051 in
1632 1998 1909 2054 Christum
1940 2002 2134 2056 creda-

549 2094 692 2144 mus,
733 2081 844 2136 nisi
885 2082 1062 2140 Patris
1094 2095 1148 2140 et
1176 2085 1301 2141 Filii
1349 2096 1402 2142 et
1434 2086 1677 2158 Spiritus
1711 2092 1887 2146 sancti
1917 2092 2135 2148 confes-

547 2173 706 2227 sione
757 2174 954 2229 imbuti
1001 2177 1198 2234 simus.
1240 2207 1251 2216 -
1343 2181 1598 2236 Christus
1632 2183 1778 2236 enim
1829 2195 1913 2240 est
1962 2184 2135 2242 Filius

549 2261 641 2318 Dei
683 2264 792 2318 vivi
847 2268 894 2334 ³,
935 2283 1098 2337 quem
1152 2269 1312 2326 Pater
1363 2274 1522 2328 unxit
1579 2274 1789 2345 Spiritu
1843 2286 2038 2332 sancto
2088 2283 2134 2342 ⁸,

547 2354 1012 2422 quemadmodum
1045 2361 1126 2413 ait
1149 2359 1375 2417 divinus
1414 2363 1583 2420 David
1613 2383 1626 2419 :
1665 2365 1950 2436 Propterea
1981 2369 2137 2422 unxit

551 2455 599 2499 te
635 2446 794 2514 Deus,
854 2449 992 2504 Deus
1044 2461 1187 2518 tuus,
1233 2455 1349 2510 oleo
1387 2456 1588 2513 [milite
1639 2476 1750 2528 prw
1803 2459 2138 2515 consortibus

550 2537 655 2590 tuis
687 2539 708 2570 ³
740 2581 753 2594 .
792 2540 961 2596 Isaias
993 2558 1212 2614 quoque
1241 2561 1305 2600 ex
1341 2546 1553 2603 Domini
1595 2565 1829 2620 persona
1862 2553 2132 2620 loquens:

551 2627 784 2698 Spiritus
840 2633 1056 2689 Domini
1111 2653 1267 2703 super
1327 2657 1448 2706 me,
1513 2653 1728 2709 propter
1781 2643 1922 2712 quod
1979 2645 2130 2700 unxit

549 2735 630 2773 me
693 2718 732 2774 '.
768 2721 1060 2780 Enimvero
1106 2742 1358 2797 qua‘nam
1405 2731 1698 2786 verborum
1749 2732 1922 2787 forma
1971 2734 2129 2788 adhi-

549 2806 728 2863 benda
781 2824 951 2880 esset,
1011 2815 1277 2875 Dominus
1330 2820 1623 2891 discipulis
1667 2824 1784 2878 suis
1831 2826 2129 2895 exposuit:

549 2900 892 2970 Baptizantes
925 2924 1036 2971 eos,
1062 2910 1337 2978 inquiens,
1371 2914 1424 2966 in
1458 2914 1674 2967 nomine
1717 2913 1898 2968 Putris
1926 2926 1974 2968 et
2007 2915 2137 2970 Filii

547 3001 596 3044 et
648 2992 880 3061 Spiritus
907 3001 1079 3053 sancti
1138 3003 1181 3055 '.
1217 3000 1484 3068 Quoniam
1521 3004 1668 3059 enim
1705 3005 2140 3060 immortalitatis

547 3092 952 3162 consequentiae
976 3107 1142 3148 causa
1177 3108 1277 3150 nos
1301 3093 1444 3148 Deus
1467 3090 1790 3147 condiderat
1824 3107 1842 3156 ;
1933 3092 2136 3147 violato

2230 635 2328 706 τὴν
2380 636 2542 704 ἁγίαν
2577 638 2785 708 Τριάδα
2836 639 3271 711 ἐϐαπτίσθησαν.
3305 641 3532 705 τούτους
3562 642 3647 695 δεῖ
3691 643 3812 695 ἀνα-

2231 725 2616 790 εαπτίζεσθαι.
2655 730 2714 782 Εἰ
2759 729 2868 801 γάρ
2914 731 3008 784 καί
3045 749 3209 801 φησιν
3247 731 3439 796 ὁθεῖος
3475 733 3811 795 ’Δπὸστο).ο;,

2231 817 2314 868 ὅτι
2347 819 2451 883 Εἰς
2485 817 2746 885 Χριστὸν
2773 821 2868 874 καὶ
2917 823 3004 887 είς
3042 822 3151 876 τὸν
3190 821 3450 878 θάνατον
3481 821 3672 876 αὑτοῦ
3693 823 3811 874 ἑδα-

2233 912 2590 978 πτίσθημεν,
2616 911 2715 981 οὐχ
2737 911 2881 966 οὕτω
2911 913 3021 965 δεῖν
3066 913 3315 981 γίνεσθαί
3341 932 3474 984 φησι
3508 914 3605 967 τοῦ
3630 913 3812 984 βαπτίι

2235 1019 2444 1073 σματος
2499 1002 2598 1071 τὴν
2643 1003 2972 1075 ἐπίκλησιν,
3009 1004 3125 1056 ἀλλ’
3165 1006 3248 1057 ὅτι
3297 1005 3469 1068 τύπος
3510 1006 3605 1058 τοῦ
3663 1005 3813 1057 θανά.

2231 1112 2326 1146 του
2380 1094 2474 1148 τοῦ
2515 1093 2755 1165 Χριστοῦ
2785 1098 2900 1149 ἐστι
2955 1098 3016 1150 τὸ
3063 1097 3370 1166 βάπτισμα.
3427 1097 3528 1148 Δια
3568 1112 3678 1164 γαρ
3719 1095 3812 1147 τῶν

2233 1185 2398 1254 τριῶν
2462 1193 2473 1200 '
2570 1184 2959 1246 καταδύσεων,
3001 1186 3096 1248 τὰς
3126 1187 3275 1255 τρεῖς
3323 1185 3540 1256 ἡμέρας
3585 1184 3686 1252 τῆς
3725 1183 3811 1236 τοῦ

2235 1279 2442 1348 Κυρίου
2498 1279 2674 1348 ταφῆς
2737 1280 2993 1350 σημαίνει
3037 1281 3096 1332 τὺ
3152 1280 3456 1350 βάπτισμα.
3492 1280 3566 1332 Τὸ
3610 1276 3704 1332 οὖν
3740 1282 3813 1336 είς

2235 1371 2471 1440 Χριστὸν
2496 1370 2864 1440 βαπτισθῆναι
2883 1371 3058 1438 δηλοῖ,
3080 1371 3142 1424 τὸ
3175 1371 3536 1434 πιστεύοντας
3559 1372 3641 1435 εἰς
3666 1371 3811 1423 αὑτὸν

2236 1462 2613 1532 βαπτίζεσθαι.
2660 1462 2950 1515 Ἀδύνατον
3003 1463 3059 1516 δὲ
3098 1466 3177 1526 είς
3227 1463 3460 1534 Χριστὸν
3509 1465 3808 1525 πιστεύσαι,

2237 1556 2311 1624 μὴ
2341 1555 2686 1624 διδαχθέντας
2719 1555 2814 1625 τὴν
2850 1557 2931 1618 εἰς
2966 1556 3186 1627 Πατέρα
3231 1557 3325 1609 καὶ
3359 1557 3492 1610 Υίδν
3536 1558 3634 1611 καὶ⁵
3672 1558 3812 1624 ἆγιον

2233 1645 2458 1716 Πνεῦμα
2513 1647 2824 1716 ὁμολογίαν.
2869 1647 3103 1716 Χριστος
3139 1648 3248 1719 γάρ
3283 1650 3432 1701 ἐστιν
3479 1651 3508 1702 ὁ
3554 1649 3682 1712 Υἱὸς
3730 1647 3812 1700 τοῦ

2232 1738 2370 1792 θεοῦ
2399 1738 2492 1791 τοῦ
2527 1739 2752 1802 ζῶντος,
2787 1738 2846 1790 ὃν
2873 1737 3091 1809 ἔχρισεν
3113 1739 3141 1790 ὁ
3172 1739 3365 1811 Πατὴρ
3391 1738 3469 1809 τῷ
3497 1741 3642 1811 ἁγίῳ
3659 1740 3815 1793 [lusti-

803 1808 984 1872 Quarc
1017 1810 1072 1862 in
1113 1810 1398 1865 Christum
1452 1813 1786 1884 baptizatum
1833 1831 1956 1870 esse
1999 1816 2129 1870 nihil

2237 1846 2388 1900 ματι,
2428 1827 2503 1890 ὥς
2534 1845 2700 1898 φησιν
2725 1829 2754 1882 ὁ
2787 1808 3120 1892 ΘεϊοςΔαϐἰδ
3141 1847 3155 1860 ο
3177 1832 3279 1885 Διὰ
3312 1808 3485 1885 τοῦτο
3519 1808 3730 1899 ἐχρισέ
3751 1846 3814 1884 σε

2235 1921 2267 1973 ὀ
2299 1919 2478 1986 Θεὸς.
2512 1923 2543 1973 ό
2600 1921 2744 1985 Θεός
2789 1935 2908 1972 σου
2962 1919 3172 1973 ἔλαιον
3217 1921 3641 1991 ἀγαλλιάσεως
3673 1923 3817 1990 παρὰ

2235 2009 2376 2075 τοὺς
2399 2011 2697 2079 μετόχους
2727 2026 2864 2066 σου.
2902 2012 3010 2066 Καὶ
3050 2013 3276 2076 Ἡσαΐας
3301 2012 3364 2066 ἐκ
3404 2013 3704 2084 προσώπου
3733 2012 3815 2066 rei:

2237 2100 2444 2169 Κυρίου
2467 2118 2481 2132 ο
2510 2100 2752 2171 Πνεῦμα
2783 2104 3000 2172 Κυρίου
3033 2103 3122 2157 ἐπ’
3155 2103 3281 2172 ἐμὲ,
3300 2099 3371 2159 οὗ
3395 2104 3607 2158 ἕνεκεν
3627 2103 3818 2173 ἔχρισε

2231 2211 2326 2264 με.
2379 2196 2491 2266 Τὴν
2520 2195 2702 2264 μέντοι
2733 2195 3025 2269 ἐπίκλησιν
3068 2200 3194 2262 τοὺς
3235 2199 3472 2263 οἰκείους
3523 2201 3766 2271 μαθητὰς
3793 2205 3816 2252 ὁ

2235 2286 2440 2356 Κύριος
2473 2287 2740 2342 διδάσκων
2791 2288 2944 2356 ἔλεγε
2973 2305 2987 2319 ⁸
3020 2288 3413 2356 Βαπτίζυντες
3471 2291 3703 2356 αὐτοὺς
3740 2294 3816 2356 εἷς

2235 2377 2302 2432 τὸ
2338 2378 2529 2448 ὄνομα
2561 2379 2668 2432 τοῦ
2695 2381 2919 2449 Πατρὸς
2949 2381 3045 2434 καί
3077 2381 3186 2435 τοῦ
3214 2382 3351 2435 Υἱοῦ
3386 2383 3482 2435 καί
3520 2383 3631 2436 τοῦ
3660 2384 3815 2452 ἁγίου

2239 2469 2605 2537 Πνεύματος.
2637 2469 2856 2538 Ἐπειδὴ
2889 2471 2997 2541 γάρ
3023 2471 3110 2524 ἐπ’
3131 2473 3444 2543 ἀφθαρσίαν
3467 2474 3494 2513 ⁸
3527 2475 3816 2543 πεποίηκε-ι

2238 2558 2383 2628 ἡμᾶς
2408 2559 2435 2610 ὁ
2461 2557 2612 2620 Θεὸς,
2646 2558 3000 2627 παραϐάντας
3037 2559 3092 2612 δὲ
3122 2561 3221 2630 τὴν
3250 2561 3519 2631 σωτήριον
3555 2561 3722 2612 αὑτοῦ
3744 2563 3816 2613 ἐν-

2241 2647 2420 2718 τολὴν,
2451 2646 2626 2718 φθορᾷ
2651 2648 2887 2702 Θανάτου
2917 2649 3300 2710 κατεδίκασεν,
3321 2649 3411 2702 ἵνα
3449 2650 3525 2718 μὴ
3565 2651 3820 2704 ἀθάνατον

2233 2733 2267 2813 ᾗ
2290 2737 2350 2790 sb
2391 2737 2580 2801 κακὸν,
2605 2738 2953 2805 συγκαταϐὰς
2977 2738 3034 2791 δὲ
3064 2742 3174 2802 τοῖς
3205 2731 3538 2801 δούλοις,”ὠς
3563 2738 3818 2806 2:53:14:-

2239 2844 2364 2899 χνος
2385 2870 2398 2891 ,
2431 2830 2524 2880 καὶ
2568 2828 2688 2880 καθ’
2730 2831 2880 2897 ἡμᾶς
2921 2829 2977 2882 δὲ
3001 2831 3026 2865 ιι
3055 2827 3317 2897 γεγονὼς,
3345 2828 3446 2898 τῆς
3498 2828 3710 2897 φθορᾶς
3744 2829 3820 2881 διᾶ

2240 2917 2336 2969 τοῦ
2369 2917 2500 2971 ἰδίου
2531 2916 2736 2980 πάθους
2763 2917 3108 2987 ὲλυτρὼσατο
3131 2933 3144 2946 °
3178 2920 3458 2988 ὲπήγασεν
3491 2919 3626 2988 ἡμῖν
3655 2922 3717 2971 ἐκ
3734 2917 3822 2985 τῆς

2248 3006 2407 3074 ἁγίας
2437 3007 2532 3061 καὶ
2561 3009 2835 3077 ἁχράντου
2863 3007 3028 3062 αὐτοῦ
3061 3009 3304 3080 πλευρᾶς
3333 3008 3521 3078 πηγὴν
3549 3009 3820 3077 ἀφέσεως·

2242 3092 2386 3162 ὕδωρ
2432 3091 2532 3162 μὲν
2579 3095 2659 3157 εἰς
2711 3095 3078 3167 άναγέννησιν
3127 3095 3224 3148 καὶ
3277 3094 3574 3148 ὲπίκλυσιν
3624 3095 3721 3162 τῆς
3773 3105 3820 3144 τι

549 3191 730 3238 autem
757 3183 878 3252 ejus
906 3193 1198 3254 praecepto,
1233 3185 1426 3239 mortis
1460 3185 1600 3249 labe,
1639 3201 1703 3239 ne
1735 3191 2057 3252 perpetuum
2081 3194 2129 3240 cl

2242 3183 2519 3252 ἁμαρτίας
2572 3185 2667 3238 καὶ
2722 3187 2823 3258 τῆς
2876 3186 3115 3259 φθορᾶς’
3163 3182 3302 3255 αἷμα
3344 3185 3423 3248 δὲ,
3463 3186 3630 3237 πότον
3679 3183 3819 3251 ζωῆς

550 3271 864 3327 immortale
894 3275 1097 3328 malum
1133 3285 1302 3334 esset,
1331 3290 1432 3328 nos
1467 3275 1594 3329 item
1643 3274 2008 3340 multaverat;
2053 3275 2134 3328 id-

547 3361 700 3418 circo
747 3378 844 3431 pro
885 3379 984 3417 sua
1035 3364 1374 3433 indulgentia
1426 3380 1547 3419 sese
1595 3364 1772 3419 servis
1818 3364 2132 3429 inclinans,

547 3453 831 3523 nostrique
868 3452 1067 3509 similis
1096 3453 1342 3517 eﬂ‘ectus,
1376 3455 1644 3524 passione
1676 3469 1774 3509 sua
1815 3468 1914 3509 nos
1950 3468 1980 3506 a
2012 3468 2134 3507 cor-

545 3545 801 3614 ruptione
836 3544 1160 3606 vindicavit,
1212 3553 1265 3598 et
1301 3559 1368 3599 ex
1421 3554 1617 3599 sancto
1669 3553 1723 3600 et
1782 3545 2135 3600 immaculato

546 3650 649 3690 suo
688 3635 860 3690 latere
906 3637 1079 3692 venia:
1125 3636 1334 3691 fontem
1385 3637 1545 3691 nobis
1582 3637 1766 3691 emisit
1825 3642 1846 3672 ⁸
1880 3655 1893 3691 :
1931 3649 2130 3705 aquam

547 3728 757 3782 scilicet
785 3727 850 3781 ad
884 3730 1388 3798 regenerationem,
1431 3743 1643 3782 necnon
1677 3727 1888 3796 peccati
1923 3735 1977 3780 et
2009 3741 2133 3780 cor-

548 3819 778 3890 ruptela:
823 3820 1256 3881 abstersionem;
1293 3820 1618 3889 sanguinem
1654 3833 1782 3872 vero
1834 3819 1886 3871 in
1942 3826 2128 3886 potum

548 3911 642 3980 qui
685 3910 854 3964 vitam
883 3921 1143 3966 arternam
1190 3919 1533 3980 procuraret.
1571 3909 1713 3976 Quin
1762 3911 1865 3965 hoc
1907 3924 2128 3980 quoque

547 4001 831 4054 mandavit
866 4002 1045 4061 nobis.
1084 4010 1142 4054 ut
1202 4017 1298 4071 per
1343 4015 1542 4071 aquam
1575 4011 1627 4054 ct
1669 3999 1933 4069 Spiritum
1979 4014 2127 4068 rcge-

543 4105 870 4144 neraremur
924 4092 969 4153 ’-,
1000 4089 1208 4161 Spiritu
1239 4102 1432 4146 sancto
1462 4093 1529 4146 ad
1563 4107 1760 4162 aquam
1811 4090 2126 4153 accedente,

541 4192 642 4248 per
677 4179 904 4233 verbum
939 4187 994 4234 et
1029 4182 1358 4236 orationem.
1493 4181 1628 4236 Nam
1663 4183 1924 4252 quoniam
1966 4181 2130 4234 homo

540 4268 748 4338 duplici
778 4275 974 4322 natura
1002 4277 1242 4332 constat.
1282 4273 1463 4326 anima
1506 4273 1719 4328 scilicet
1768 4279 1825 4326 et
1870 4284 2126 4341 corpore.

2241 3273 2414 3326 ἀϊδίου
2447 3274 2725 3345 πρόξενον.
2774 3277 3026 3341 Ἐντολὰς
3054 3277 3112 3331 δὲ
3147 3278 3281 3349 ἡμῖν
3307 3276 3511 3329 δέδωκε
3539 3275 3610 3328 δι’
3642 3273 3820 3334 ὓδατος

2242 3365 2646 3433 ἀναγεννᾶοθαι
2668 3369 2764 3421 καὶ
2791 3368 3132 3440 Πνεύματος,
3161 3369 3228 3422 δι’
3259 3364 3557 3430 ἐντεύξεως
3593 3365 3691 3420 καὶ
3715 3367 3818 3417 ἑπιο

2243 3455 2514 3526 κλήσεως,
2549 3457 2629 3528 τῷ
2665 3457 2818 3513 ὕδατι
2871 3459 3258 3530 ὲπιφοιτῶντος
3312 3459 3406 3513 τοῦ
3442 3458 3608 3527 ἁγίου
3659 3457 3819 3511 Ilvati—

2245 3565 2437 3616 ματος.
2490 3549 2710 3622 Ἐπειδὴ
2736 3549 2844 3622 γὰρ
2885 3551 3106 3614 διπλοῦς
3132 3553 3161 3605 ὁ
3189 3551 3499 3622 ἄνθρωπος,
3532 3550 3600 3602 ἐκ
3652 3546 3820 3616 ψυχῆς

2241 3653 2301 3688 τε
2331 3637 2427 3689 καὶ
2467 3637 2744 3708 σώματος,
2767 3639 2965 3710 διπλῆν
3008 3642 3140 3712 ἡμῖν
3171 3641 3339 3693 ἔδωκε
3370 3639 3468 3691 καὶ
3500 3637 3602 3708 τὴν
3626 3637 3818 3705 κάθαρ-

2244 3743 2349 3791 σιν,
2398 3727 2465 3780 δι⁹
2500 3727 2693 3793 ὕδατός
2744 3747 2806 3784 τε
2851 3731 2945 3784 καὶ
2996 3730 3313 3802 Πνεύματος
3340 3746 3352 3759 ·
3379 3727 3475 3780 τοῦ
3530 3729 3632 3797 μὲν
3656 3726 3816 3778 Πνεύ-

2245 3833 2434 3884 ματος,
2473 3821 2534 3870 τὸ
2579 3821 2697 3873 κατ’
2741 3822 2924 3876 εἰκόνα
2979 3823 3073 3875 καὶ
3116 3821 3239 3876 καθ’
3285 3820 3548 3890 ὁμοίωσιν
3587 3820 3646 3871 ἐν
3697 3820 3820 3886 ἡμῖν

2244 3907 2710 3976 άνακαινίζοντος,
2743 3911 2837 3964 τοῦ
2860 3911 2918 3965 δὲ
2949 3912 3162 3977 ὓδατος,
3193 3912 3282 3966 διὰ
3313 3912 3413 3981 τῆς
3442 3909 3537 3963 τοῦ
3580 3908 3818 3976 Πνεύμα-

2242 4014 2334 4060 τος
2361 3999 2588 4068 χάριτος
2622 4001 2976 4072 καθαίροντος
3001 4003 3062 4056 τὸ
3093 4003 3254 4073 σῶμα
3274 4001 3376 4072 τῆς
3402 4000 3707 4071 ἁμαρτίας,
3732 4000 3818 4050 καὶ

2238 4089 2335 4160 τῆς
2390 4090 2599 4161 φθορᾶς
2627 4092 3067 4158 ἀπαλλάττοντος
3091 4134 3108 4160 ,
3133 4094 3230 4147 καὶ
3277 4093 3380 4162 τὴν
3431 4091 3528 4145 τοῦ
3582 4090 3813 4145 θανάτου

2237 4177 2424 4232 εἰκόνα
2473 4180 2874 4250 ὲκπληροῦντος
2905 4181 2998 4235 τοῦ
3035 4182 3248 4248 ὓδατος,
3289 4183 3382 4237 τὸν
3418 4183 3477 4236 δὲ
3517 4182 3618 4252 τῆς
3667 4182 3812 4250 ζωῆς

2237 4267 2544 4341 ἀρραϐῶνα.
2563 4269 2940 4342 παρεχομένου
2976 4271 3070 4327 τοῦ
3101 4273 3240 4328 Πνεύ
3251 4291 3440 4343 ματος.

549 4370 819 4441 duplicem
878 4369 1107 4440 proinde
1164 4367 1323 4422 nobis
1394 4363 1776 4434 purgationem
1835 4363 2004 4426 dedit,
2067 4376 2166 4431 per
2222 4374 2416 4430 aquam
2470 4361 2728 4418 nimirum
2782 4372 2839 4420 et
2895 4361 3547 4435 Spiritum:sic'nempe
3595 4369 3654 4415 ut
3682 4359 3801 4430 Spi-

551 4467 692 4522 ritus
741 4467 938 4520 divinae
988 4464 1246 4527 imaginis
1295 4462 1773 4530 similitudinisque
1825 4460 2000 4515 decus
2050 4459 2104 4513 in
2166 4459 2324 4514 nobis
2350 4461 2704 4526 instauraret,
2737 4475 2873 4531 aqua
2912 4477 3041 4516 vero
3092 4478 3186 4532 per
3223 4461 3460 4530 Spiritus
3505 4461 3734 4532 gratiam
3772 4475 3797 4511 a

552 4569 776 4628 peccato
814 4574 1014 4628 corpus
1046 4560 1357 4622 mundaret,
1387 4566 1554 4626 atque
1585 4571 1614 4609 a
1652 4555 2004 4624 corruptione
2034 4553 2262 4608 liberum
2314 4553 2585 4617 redderet,
2637 4570 2776 4623 aqua
2802 4555 3018 4626 quidem
3076 4555 3268 4610 mortis
3311 4555 3668 4611 simulacrum
3703 4566 3799 4608 ex-

550 4649 840 4724 primente,
878 4647 1083 4721 Spiritu
1111 4664 1288 4706 autem
1328 4652 1451 4707 vita:
1483 4652 1680 4721 pignus
1725 4657 1780 4706 et
1817 4647 2182 4704 arrhabonem
2216 4647 2506 4715 largiente.

622 4745 786 4810 Aquae
809 4743 881 4796 vis
911 4745 1242 4810 purgatoria.
1277 4774 1342 4783 —
1373 4741 1587 4796 Etenim
1635 4757 1664 4796 a
1693 4741 1964 4813 principio
1995 4741 2117 4807 Spi-

2289 4738 2410 4791 Ἀπ⁹
2439 4736 2612 4809 ἀρχῆς
2637 4737 2744 4808 γὰρ
2767 4739 3014 4807 Πνεῦμα
3039 4738 3186 4793 Θεοῦ
3206 4737 3330 4805 τοῖς
3350 4735 3575 4792 ὕδασιν
3591 4737 3798 4808 ingl-

550 4834 684 4886 ritus
729 4833 941 4889 Domini
991 4833 1262 4903 ferebatur
1309 4849 1466 4901 super
1507 4847 1675 4903 aquas
1723 4831 1800 4888 ‘°:
1872 4831 2003 4901 quin
2063 4840 2122 4885 et

549 4920 820 4978 lustrandi
843 4925 1044 4979 virtute
1070 4925 1348 4993 praeditam
1382 4939 1502 4980 esse
1568 4937 1768 4993 aquam
1833 4922 2119 4990 Scriptura

546 5010 659 5083 jam
694 5015 822 5067 oiim
873 5024 1216 5069 contesmtur
1266 5016 1336 5070 ".
1390 5015 1501 5070 Noe
1565 5013 1910 5084 temporibus
1979 5012 2120 5068 Deus

549 5105 736 5160 mundi
811 5116 1092 5172 peccatum
1174 5121 1270 5176 per
1349 5122 1546 5176 aquam
1629 5105 1766 5161 eluit
1866 5103 1932 5160 “.
2019 5101 2121 5156 Per

550 5207 746 5264 aquam
776 5197 1020 5266 quisquis
1068 5197 1376 5252 immundus
1425 5206 1562 5261 erat,
1603 5196 1724 5266 lege
1753 5194 2122 5264 praecipiente,

550 5287 937 5351 mundabatur,
970 5299 1023 5342 et
1074 5291 1146 5343 ita
1181 5289 1399 5358 quidem
1433 5297 1492 5342 ut
1514 5298 1567 5343 et
1596 5289 1726 5357 ipsae
1763 5295 1944 5342 vestes
1977 5298 2117 5354 aqua

548 5385 736 5433 essent
767 5377 1073 5434 abluenda.
1105 5379 1247 5433 Elius
1291 5378 1530 5448 Spiritus
1569 5381 1795 5449 gratiam
1827 5377 2116 5430 admistam

553 5468 712 5536 aquis
745 5468 1009 5534 ostendit,
1035 5479 1144 5523 tum
1176 5470 1432 5523 nimirum
1453 5483 1576 5522 cum
1603 5469 1983 5523 holocaustum
2014 5465 2116 5521 sd-

561 5558 733 5613 hibita
762 5574 903 5630 aqua
933 5559 1274 5617 cremavit".
1303 5560 1554 5630 Peneque
1591 5561 1772 5615 omnia
1813 5559 2113 5615 secundum

632 5737 649 5768 ⁸
683 5737 850 5795 Hebr.
882 5754 954 5793 tv.
1011 5737 1065 5794 6.
1143 5741 1163 5771 ¹
1200 5738 1356 5794 Rom.
1409 5756 1483 5799 vt.
1538 5740 1592 5794 3.
1669 5739 1691 5772 ³
1749 5737 1936 5792 Matth.
1975 5752 2083 5798 nt,
2131 5737 2219 5790 16.
2295 5737 2317 5768 ⁸
2348 5736 2465 5790 Act.
2526 5751 2582 5799 κ,
2616 5734 2705 5789 38.
2783 5733 2804 5765 ⁵
2833 5730 2978 5788 Psal.
3010 5747 3160 5797 xuv,
3207 5731 3260 5785 3.

565 5806 810 5882 ibiatth.
854 5824 1042 5873 xxvut,
1073 5810 1171 5882 i9.
1237 5811 1258 5842 ⁸
1285 5809 1443 5882 Joqn.
1472 5826 1584 5876 sis,
1629 5809 1718 5864 54.
1795 5811 1816 5841 ⁹
1856 5805 2014 5861 Joau.
2053 5823 2132 5872 ιιι,
2168 5806 2221 5860 5.

569 5875 612 5907 ⁸⁸
650 5876 668 5930 l
699 5874 832 5947 Reg.
871 5892 1024 5946 svnt,
1067 5881 1154 5935 52.

2222 4847 2388 4900 pew'
2419 4831 2514 4883 καὶ
2551 4829 2760 4883 ἄνωθεν
2797 4831 2832 4900 ἡ
2861 4829 3052 4901 Γραᾳὴ
3089 4830 3361 4899 μαρτυρεῖ
3389 4829 3468 4899 τῷ
3521 4825 3701 4892 ὕδατι,
3729 4829 3799 4887 ὥς

2227 4924 2343 4974 ἐστι
2382 4922 2779 4992 καθαρτήριον.
2811 4921 2938 4975 Ἐπὶ
2994 4921 3116 4972 Νῶε
3151 4919 3219 4972 δι’
3243 4919 3436 4985 ὓδατος
3469 4921 3498 4972 6
3533 4922 3668 4983 Θεὸς
3701 4923 3792 4988 τὴν

2229 5013 2504 5080 κοσμικὴν
2531 5012 2806 5082 ἁμαρτίαν
2840 5012 3165 5066 κατέκλυσε.
3197 5011 3281 5063 Δι’
3303 5012 3491 5075 ὓδατδς
3521 5013 3630 5074 πᾶς
3657 5011 3794 5064 ἀκά-

2229 5101 2426 5171 θαρτος
2458 5102 2598 5154 κατά
2619 5102 2710 5154 τὸν
2732 5101 2896 5169 νόμον
2921 5101 3153 5170 καθαίρε
3166 5119 3280 5163 ται.
3309 5102 3403 5154 καὶ
3454 5102 3637 5154 αὐτῶν
3683 5101 3788 5152 τῶν

2231 5193 2469 5259 ἱματίων
2499 5192 2852 5260 πλυνομένων
2898 5192 2975 5260 τῷ
3009 5191 3191 5255 ὕδατι,
3230 5192 3434 5256 ἔδειξεν
3485 5191 3676 5253 Ἠλίας
3703 5192 3796 5258 τὴν

2223 5282 2385 5352 χάριν
2399 5282 2832 5351 τοῦιῐινεύματος
2857 5284 3317 5354 συμμεμιγμένην
3339 5284 3418 5352 τῷ
3441 5283 3614 5344 ὕδατι,
3639 5281 3792 5335 ὕδατι

2228 5373 2431 5442 φλέξας
2462 5375 2560 5444 τὴν
2607 5374 3001 5430 ὁλοκαύτωσιν.
3050 5377 3158 5430 Καὶ
3191 5376 3379 5445 σχεδὸν
3403 5376 3624 5428 ἄπαννα
3654 5371 3792 5426 κατὰ

2226 5463 2320 5517 τὸν
2350 5464 2516 5532 νόμον
2549 5453 2704 5517 ὕδατι
2744 5462 3127 5535 καθαρίζεταιο
3183 5463 3252 5516 τὰ
3281 5464 3393 5532 γάρ
3414 5463 3614 5531 ὁρατά,
3651 5459 3788 5528 σύμ·

2226 5556 2357 5610 σολα
2407 5556 2514 5610 τῶν
2558 5556 2868 5627 νοουμένων
2913 5555 3076 5609 εἰσίν·
3126 5555 3163 5626 ἡ
3210 5555 3396 5626 μέντοι
3435 5553 3786 5622 ararim“:

3339 5729 3362 5762 ⁸
3407 5731 3510 5784 Isa.
3568 5745 3676 5792 ut,
3705 5723 3786 5777 ﬂ.

2307 5807 2348 5837 ¹⁰
2382 5806 2516 5861 Gen.
2553 5795 2590 5869 ι’,
2616 5803 2670 5857 2.
2753 5805 2790 5836 ⁸⁸
2830 5805 3004 5858 Levit.
3040 5795 3249 5869 xv,'l0.
3330 5803 3374 5833 "
3407 5799 3547 5856 Gen.
3600 5815 3671 5862 τι,
3707 5795 3787 5847 Π.
