3960 6564
202 375 332 440 1257

1086 386 1466 449 PANOPLIA
1490 380 1949 447 DOGMATICA.
1978 406 2047 418 -
2077 380 2433 443 TlT.'XXV.

3331 385 3470 454 1258

202 516 340 571 κατά
393 514 597 587 ψυχὴν
625 516 878 585 γίνεται·
920 518 1101 583 πίστις
1153 517 1263 589 γὰρ
1322 517 1587 572 υίοθετεῖν
1631 512 1779 581 οἶδε,

1889 516 2062 588 legem
2091 529 2236 587 aqua
2283 515 2645 572 mundantur.
2686 515 2794 573 Res
2824 516 2971 573 enim
3000 514 3250 574 visibiles
3279 532 3469 574 earum

205 607 373 662 καίτοι
413 609 575 671 ὄντας
619 608 901 681 κτίσματα
930 609 1019 664 διὰ
1061 609 1157 664 τοῦ
1188 610 1532 683 Πνεύματος,
1569 610 1669 666 καὶ
1698 609 1780 674 είς

203 699 296 769 τὴν
321 699 553 770 ἀρχαίαν
586 698 749 769 ἄγειν
784 702 1187 773 μακαριότητα.

1882 620 2005 677 qua:
2035 614 2216 662 mente
2264 606 2647 677 percipiuntur
2699 608 2855 676 signa
2911 614 3063 663 sunt.
3100 604 3471 678 Regeneratio

1882 712 2049 769 porro
2079 699 2133 752 in
2168 700 2356 754 animo
2388 698 2694 768 perficitur.
2732 697 2898 755 Fides
2930 699 3134 771 quippe
3182 700 3296 755 vim
3341 714 3466 755 eam

205 792 381 855 habet,
438 801 496 847 ut
550 794 806 864 quamvis
856 808 887 849 e
944 794 1112 850 rebus
1171 794 1375 850 creatis
1433 795 1629 859 simus,
1685 807 1785 865 per
1823 790 2090 863 Spiritum
2118 788 2223 846 nos
2260 790 2312 845 in
2346 789 2441 845 Dei
2480 790 2623 845 ﬁlios
2649 789 2886 862 adoptet,
2920 799 3088 862 atque
3153 791 3223 847 ad
3279 792 3471 861 pristi-

205 903 323 943 nam
356 885 848 941 felicitatem‘velut
887 885 1234 958 postliminio
1265 894 1510 942 revocet.

277 979 340 1032 Ἠ
373 978 470 1050 μὲν
494 973 587 1031 οὖν
635 978 745 1032 τῶν
794 979 1083 1050 ἁμαρτιῶν
1111 980 1305 1050 ἄφεσις
1336 1018 1350 1043 ,
1380 981 1545 1034 πᾶσιν
1580 980 1785 1050 ὁμοίως

202 1072 284 1128 διά
313 1068 406 1124 τοῦ
443 1069 823 1141 βαπτίσματος
871 1071 1107 1126 δίδοται·
1130 1073 1165 1142 ἡ
1194 1071 1251 1125 δὲ
1289 1070 1451 1143 χάρις
1484 1071 1581 1126 τοῦ
1604 1071 1779 1125 Πνεύ-

204 1179 367 1235 ματος
387 1161 529 1216 κατά
554 1162 652 1232 τὴν
683 1160 976 1232 ἀναλογίαν
998 1164 1097 1234 τῆς
1127 1164 1367 1228 πίστεως
1396 1164 1489 1218 καὶ
1514 1165 1615 1235 τῆς
1644 1180 1781 1236 προ-

202 1255 539 1325 καθάρσεως.
573 1253 689 1307 Νῦν
731 1253 831 1324 μὲν
864 1250 958 1309 οὖν
1005 1254 1096 1309 διὰ
1124 1254 1221 1308 τοῦ
1254 1255 1641 1328 βαπτίσματος
1677 1258 1778 1329 τὴν

201 1345 445 1417 ἀπαρχὴν
476 1345 570 1399 τοῦ
592 1346 749 1415 ἁγίου
776 1346 916 1400 Πνεύ
925 1363 1096 1417 ματος
1121 1345 1606 1420 λαμϐάνομεν,καὶ
1632 1347 1777 1421 ἀρχὴ

201 1440 379 1511 ἐτέρου
414 1438 529 1510 βίου
552 1438 766 1508 γίνεται
798 1439 929 1510 ἡμῖν
958 1438 1408 1510 ἡπαλιγγενεσία
1432 1480 1448 1508 ,
1482 1441 1575 1495 καί¹
1607 1456 1770 1513 σφρα·

200 1534 302 1601 γὶς,
333 1531 426 1586 καὶ
457 1530 849 1602 φυλακτήριον,
881 1530 977 1585 καὶ
1012 1530 1319 1603 φωτισμός.

266 1707 382 1780 Χρὴ
434 1707 491 1762 δὲ
537 1708 687 1780 πάσῃ
732 1706 961 1779 δυνάμει
1012 1706 1273 1777 ἀσφαλῶς
1326 1708 1515 1781 τηρεῖν
1549 1708 1776 1773 ἑαυτοὺς

201 1801 466 1871 καθαροὺς
493 1799 601 1855 ἀπὸ
621 1798 886 1872 ῥυπαρῶν
912 1799 1113 1870 ἔργων,
1149 1799 1237 1854 ἵνα
1272 1798 1347 1872 μὴ
1388 1800 1551 1855 πάλιν
1586 1800 1778 1873 ὥσπερ

1958 973 2224 1043 Baptismi
2274 973 2453 1043 gratia
2497 987 2595 1041 pro
2651 974 3049 1041 suscrpientium
3080 973 3183 1043 ﬁde
3229 980 3281 1028 et
3313 989 3472 1029 mun-

1879 1067 2037 1122 ditia.
2065 1095 2134 1108 —-
2168 1063 2433 1132 Quamvis
2458 1074 2640 1119 autem
2683 1072 3036 1134 peccatorum
3073 1066 3327 1122 remissio
3350 1082 3471 1122 om-

1879 1157 2043 1211 nibus
2072 1171 2170 1226 per
2198 1170 2358 1226 aqua:
2386 1154 2721 1225 baptismum
2768 1155 2968 1211 detur:
3002 1154 3243 1225 Spiritus
3280 1165 3466 1213 tamen

1877 1246 2053 1317 gratia
2082 1261 2183 1317 pro
2212 1245 2335 1301 lidei
2367 1259 2431 1300 ac
2458 1243 2673 1315 praevias
2699 1229 3044 1315 purgationis
3072 1246 3237 1300 modo
3265 1260 3468 1301 conce-

1879 1339 2048 1393 ditur.
2086 1338 2155 1392 Et
2179 1353 2324 1392 nunc
2355 1337 2579 1408 quidem
2602 1336 2848 1408 Spiritus
2874 1338 3050 1393 sancti
3074 1339 3347 1409 primitias
3370 1355 3469 1411 per

1880 1428 2215 1499 baptismum
2244 1426 2565 1497 accipimus,
2593 1435 2647 1483 et
2679 1427 3023 1497 regeneratio
3044 1468 3059 1493 ,
3102 1430 3331 1489 alterius
3360 1448 3463 1489 no-

1877 1520 1965 1575 bis
1994 1519 2118 1575 vitae
2144 1517 2387 1586 initium,
2412 1526 2468 1573 et
2493 1519 2862 1591 signaculum,
2896 1527 2951 1575 et
2996 1520 3346 1593 praesidium,
3409 1531 3468 1579 et

1878 1610 2212 1667 illuminatio
2239 1610 2495 1667 elﬁcitur.

1946 1700 2218 1758 Caeterum
2252 1702 2305 1756 in
2338 1701 2393 1757 id
2425 1701 2586 1759 nobis
2609 1702 2741 1759 totis
2774 1703 2984 1763 viribus
3014 1715 3099 1763 est
3119 1706 3462 1773 enitendum,

1877 1810 1949 1851 ne
1979 1797 2136 1852 canis
2180 1796 2355 1851 instar
2391 1795 2460 1851 ad
2493 1796 2762 1851 vomitum
2809 1797 3110 1854 redeuntes
3176 1800 3216 1867 ³,
3251 1804 3463 1871 peccati

200 1892 338 1946 κύων
370 1892 465 1947 ἐπὶ
508 1891 600 1946 τὸν
634 1892 768 1945 ίδιον
817 1890 1011 1962 ἔμετον
1049 1891 1504 1963 ἐπιστρέψαντες,
1555 1892 1779 1958 δούλους

1889 1888 2245 1960 nasmetipsos
2304 1886 2490 1943 denuo
2542 1886 2800 1944 servituti
2857 1891 3255 1961 mancipemus.
3294 1892 3462 1951 Fides

201 1984 355 2039 πάλιν
387 1984 617 2046 ἑαυτοὺς
645 1982 746 2053 τῆς
777 1981 1053 2054 ἁμαρτίας
1089 1982 1426 2054 ποιήσωμεν.
1458 1982 1649 2049 Πίστις
1671 1984 1780 2056 γὰρ

199 2070 359 2142 χωρὶς
389 2070 569 2142 ἔργων
618 2068 789 2141 νεκρά
831 2070 981 2124 ἐστιν
1005 2110 1019 2133 ,
1046 2070 1249 2140 ὁμοίως
1282 2071 1380 2124 καὶ
1434 2070 1572 2142 ἔργα
1606 2075 1779 2143 χωρὶς

200 2164 451 2227 πίστεως.
482 2162 547 2216 Ἦ
573 2162 684 2234 γάρ
715 2160 923 2234 ἀληθὴς
954 2162 1140 2227 πίστις
1169 2162 1258 2216 διὰ
1287 2163 1396 2216 τῶν
1424 2160 1606 2233 ἔργων
1627 2165 1777 2219 δοκι-

202 2256 449 2327 μάζεται.

263 2347 648 2419 Βαπτιζόμεθα
676 2344 732 2399 δὲ
786 2345 864 2408 είς
901 2344 1003 2417 τὴν
1033 2343 1196 2413 ἁγίαν
1229 2345 1436 2415 Τριὰδα
1460 2388 1475 2412 ,
1509 2347 1592 2401 ὅτι
1630 2347 1771 2401 αύτά

198 2435 264 2488 τά
296 2432 671 2515 βαπτιζόμενα
719 2431 912 2505 χρῄζει
956 2434 1054 2505 τῆς
1098 2434 1261 2504 ἁγίας
1308 2435 1352 2487 Τ
1359 2436 1540 2507 ριάδος
1566 2439 1645 2501 είς
1669 2436 1770 2509 τὴν

197 2527 369 2581 αὐτῶν
424 2526 685 2582 σύστασίν
711 2543 771 2580 τε
822 2526 921 2581 καλ⁵
952 2525 1216 2598 διαμονὴν
1238 2567 1253 2593 ,
1280 2528 1376 2580 καὶ⁹
1408 2527 1672 2582 ἀδύνατον
1698 2529 1775 2599 μὴ

198 2611 560 2682 συμπαρεῖναι
590 2611 852 2684 ἀλλήλαις
896 2615 997 2679 τὰς
1042 2620 1190 2689 τρεῖς
1232 2618 1600 2684 ὑποστάσειςο
1636 2622 1774 2695 ἁχῶ-

208 2717 380 2772 ριστος
414 2700 524 2774 γὰρ
556 2704 589 2774 ἡ
618 2703 752 2773 ἁγία
788 2706 973 2779 Τριάς.

270 2883 495 2955 Πρῶτον
524 2884 831 2959 βάπτισμα,
862 2888 957 2943 τοῦ
988 2891 1400 2962 κατακλυσμοῦ,
1430 2894 1506 2957 είς
1538 2895 1779 2969 ἐκκοπὴν

206 2974 501 3045 ἁμαρτίας.
526 2975 818 3050 Δεύτερον,
857 2979 943 3033 τὸ
973 2980 1064 3035 διὰ
1106 2983 1204 3054 τῆς
1236 2982 1516 3055 θαλάσσης
1563 2984 1780 3057 καὶτῆς

207 3068 440 3140 νεφέλης
464 3085 479 3100 ο
514 3069 785 3141 σύμϐολον
823 3072 954 3146 γὰρ.
981 3074 1015 3145 ή
1051 3075 1151 3146 μὲν
1177 3074 1375 3148 νεφέλη
1399 3076 1494 3130 τοῦ
1524 3074 1780 3149 Πνεύμα-

204 3177 307 3225 τος,
336 3163 369 3233 ἡ
411 3161 657 3218 θάλασσα
686 3165 774 3231 δὲ,
808 3166 905 3220 τοῦ
938 3166 1151 3233 ὕδατος.
1183 3168 1381 3241 Τρίτον
1415 3170 1474 3223 τὸ
1519 3170 1778 3240 νομικόν*

1879 1980 2149 2052 siquidem
2176 1980 2294 2037 sine
2330 1980 2591 2051 operibus
2618 1988 2833 2035 mortua
2860 1988 2963 2049 est,
2998 1981 3241 2054 itemque
3272 1998 3461 2056 Opera,
3522 2057 3535 2073 _

1879 2074 2095 2128 sublata
2147 2071 2252 2128 [ide
2310 2070 2513 2128 ’.νοτε
2558 2072 2760 2145 quippe
2795 2073 2930 2130 ﬁdes
2964 2090 3060 2145 per
3092 2090 3254 2146 opera
3309 2092 3462 2132 com-

1879 2169 2165 2239 probatur.

1946 2341 2056 2397 Cur
2092 2341 2146 2394 in
2173 2338 2489 2395 Trinitatem
2511 2339 2862 2409 baptizemur.
2886 2368 2955 2382 —
2982 2338 3063 2396 Ob
3091 2339 3146 2396 id
3176 2354 3309 2397 vero
3404 2342 3460 2399 in

1877 2444 2125 2491 sanctam
2156 2430 2482 2488 Trinitatem
2530 2432 2897 2501 baptizamur,
2940 2434 3069 2504 quia
3108 2449 3229 2504 qua:
3275 2434 3457 2505 bapti-

1881 2536 2099 2593 zantur,
2129 2526 2195 2580 ad
2230 2525 2335 2591 sui,
2361 2533 2480 2580 tum
2516 2525 2993 2591 constitutionem,
3030 2532 3144 2580 tum
3174 2518 3475 2583 conserva?

1880 2614 2110 2681 tionem,
2133 2614 2424 2672 Trinitatis
2449 2631 2617 2687 opera
2643 2616 2927 2686 indigent:
2963 2632 3063 2671 nec
3094 2617 3210 2671 fieri
3252 2628 3456 2688 potest,

1878 2706 2012 2776 quin
2062 2715 2173 2763 tres
2222 2721 2474 2775 personae
2509 2707 2614 2763 sibi
2660 2707 2898 2762 invicem
2945 2707 3167 2776 adsint;
3202 2710 3463 2778 quoniam

1880 2797 2126 2855 Trinitas
2155 2799 2473 2854 nullatenus
2496 2799 2829 2867 separabilis
2857 2809 2964 2857 est.

1958 2889 2125 2944 Varia
2165 2889 2509 2960 baptismata.
2541 2889 2769 2945 Joannis
2796 2891 3061 2962 baptisma
3085 2911 3117 2950 a
3147 2895 3466 2967 baptismate

1881 2981 2081 3037 Christi
2113 2982 2395 3037 diversum.
2426 2980 2758 3037 Pmnitentim
2810 2981 3140 3053 baptismus;
3192 2987 3464 3057 martyrii,

1879 3084 1928 3128 et
1966 3074 2067 3129 iste
2100 3073 2502 3139 nobilissimus;
2552 3072 2848 3143 baptismus
2897 3077 3225 3147 sempiterni
3251 3078 3465 3133 crucia.

1882 3174 1987 3222 tus.
2019 3196 2094 3209 —
2123 3165 2372 3221 Primum
2500 3167 2776 3239 baptisma
2815 3168 3085 3226 diluvium
3139 3170 3276 3239 fuit,
3319 3173 3467 3243 quod

204 3254 306 3316 πᾶς
337 3253 454 3325 γὰρ
499 3256 810 3329 ἀκάθαρτος
842 3258 1142 3315 ἀπελούετο
1186 3239 1370 3326 ὕδατι,
1403 3261 1601 3315 ἔπλυνέ
1630 3278 1689 3314 τε
1714 3260 1781 3315 τὰ

1889 3255 2238 3313 exscindendi
2296 3256 2511 3327 peccati
2588 3272 2755 3313 causa
2828 3260 3079 3332 contigit.
3154 3239 3468 3318 Secundum

206 3342 426 3413 ἱμάτια,
463 3347 558 3401 καὶ
587 3347 759 3414 οὕτως
789 3350 963 3423 εἰσῄει
1010 3353 1090 3417 εἰς
1123 3354 1223 3423 τὴν
1273 3355 1649 3427 παρεμϐολήν.
1683 3347 1785 3408 Τέ-

201 3451 396 3508 ταρτον
425 3439 488 3493 τὸ
525 3441 774 3497 Ἰωάννου
804 3479 821 3507 ,
974 3447 1340 3515 είσαγωγικδν
1374 3447 1619 3519 ὑπάρχον
1642 3487 1657 3511 ,
1689 3448 1785 3500 καὶ

202 3527 275 3593 τίς
310 3529 605 3599 μετάνοιαν
632 3532 763 3601 ἀγον
792 3533 921 3597 τοὺς
950 3533 1407 3607 βαπτιζομένους,
1428 3537 1515 3592 ἴνα
1547 3540 1626 3603 εἰς
1650 3538 1787 3609 Χριιι

205 3621 323 3674 στὸν
372 3624 767 3684 πιστεύσωσιν,
803 3626 944 3699 Ἐγὼ
980 3629 1090 3699 γὰρ
1118 3629 1305 3699 ὑμᾶς,
1337 3632 1493 3702 φησὶ,
1517 3625 1785 3696 ,ϐαπτίζω

201 3711 369 3768 ὕδατι
398 3730 412 3744 ·
447 3715 480 3769 ὁ
513 3712 582 3767 δὲ
617 3716 809 3773 ὀπίσω
835 3737 954 3788 μου
989 3721 1345 3791 ἐρχόμενος,
1386 3723 1569 3790 αὐτὸς
1605 3722 1782 3793 ὑμᾶς,

202 3805 353 3875 φησι,
382 3805 677 3870 ,βαπτίσει
705 3808 775 3862 ἐν
806 3813 1105 3882 Πνεύματι
1130 3813 1276 3885 ἁγίῳ
1309 3815 1406 3870 καί
1444 3815 1606 3885 πυρί.
1642 3817 1783 3888 Προ-

202 3894 460 3967 καθαίρει
508 3892 601 3951 οῦν
647 3898 676 3951 ὁ
725 3900 980 3973 Ἰωάννης
1030 3903 1125 3956 ἐπὶ
1180 3904 1242 3958 τὸ
1290 3905 1516 3978 Πνεῦμα
1563 3906 1652 3961 διὰ
1690 3904 1784 3961 τοῦ

197 3984 411 4051 ὓδατος.
438 3989 717 4060 Πέμπτον,
751 3992 812 4045 τὸ
847 3993 943 4046 τοῦ
991 3995 1201 4066 Κυρίου
1239 3997 1544 4069 βάπτισμα,
1569 3998 1597 4053 δ
1621 4000 1786 4065 αὐτὸς

196 4078 558 4136 ἑϐαπτίσατο.
601 4083 941 4148 Βαπτίζεται
978 4086 1055 4151 δὲ,
1094 4087 1194 4158 οὐχ
1240 4089 1317 4153 ὡς
1369 4090 1532 4155 αὐτὸς
1570 4092 1785 4164 χρῄζων

196 4173 545 4244 καθάρσεως,
583 4175 719 4230 ἀλλὰ
769 4177 868 4250 τὴν
918 4179 1057 4252 ἐμὴν
1090 4182 1459 4254 οἰκειούμενος
1492 4184 1784 4255 κάθαρσιν,

198 4264 285 4319 ἵνα
320 4268 591 4341 συντρίψῃ
644 4269 743 4335 τὰς
777 4272 1023 4341 κεφαλὰς
1057 4273 1166 4328 τῶν
1192 4274 1502 4348 δρακόντων
1556 4278 1651 4331 ἐπὶ
1689 4278 1784 4332 τοῦ

198 4357 416 4424 ὓδατος,
454 4360 544 4415 ἵνα
576 4361 751 4435 κλύσῃ
804 4363 902 4435 τὴν
950 4365 1250 4437 ἁμαρτίαν,
1303 4368 1398 4423 καὶ
1453 4368 1635 4424 πάντα
1694 4370 1787 4424 τὸν

199 4452 433 4507 παλαιὸν
475 4452 647 4524 Ἀδὰμ
700 4455 915 4530 ὲνθάψῃ
958 4458 1036 4528 τῷ
1082 4456 1273 4523 ὓδατι,“
1308 4459 1395 4513 ἵνα
1430 4461 1634 4533 ἁγιάσῃ
1693 4462 1786 4516 τὸν

1882 3350 2015 3406 illud
2059 3348 2187 3417 fuit,
2230 3347 2377 3420 quod
2411 3364 2508 3420 per
2547 3363 2698 3406 mare
2730 3358 2784 3407 et
2814 3353 3016 3408 nubem
3048 3352 3253 3408 factum
3285 3362 3370 3410 est
3428 3354 3469 3410 ³.

1885 3440 2170 3513 Siquidem
2228 3441 2425 3507 nubes,
2488 3439 2765 3511 Spiritus;
2814 3459 2987 3509 mare,
3027 3460 3182 3514 aqua:
3238 3444 3467 3517 ﬁguram

1883 3533 2105 3604 gerebat
2161 3523 2201 3586 ‘.
2238 3531 2484 3587 Tertium
2518 3533 2693 3602 legale
2732 3545 2868 3589 erat.
2897 3534 3162 3605 Quisquis
3192 3518 3338 3591 enim
3370 3538 3469 3589 im-

1883 3621 2121 3676 mundus
2159 3625 2328 3684 esset,
2386 3633 2529 3689 aqua
2582 3620 2930 3688 abluebatur,
2966 3632 3172 3691 restes
3229 3625 3469 3693 lavabat,

1884 3726 2049 3788 atque
2102 3717 2177 3772 ita
2232 3716 2287 3771 in
2340 3726 2525 3773 castra
2564 3718 2975 3789 ingrediebatur
3030 3716 3073 3772 ³.
3209 3719 3472 3782 Quartum

1883 3810 2109 3867 Joannis
2133 3809 2257 3879 fuit,
2295 3810 2443 3883 quod
2476 3812 2600 3869 illos
2643 3811 2738 3882 qui
2762 3810 3209 3881 baptizabantur,
3246 3810 3313 3864 ad
3355 3825 3471 3881 pa:-

1884 3905 2175 3961 niteutiam
2217 3905 2545 3968 adducebat,
2599 3913 2661 3960 ut
2702 3905 2993 3961 crederent
3044 3905 3097 3960 in
3143 3904 3468 3962 Christum:

1885 3996 1997 4068 Ego
2023 3998 2182 4065 enim,
2217 3998 2415 4068 inquit,
2447 3996 2659 4069 baptizo
2684 4015 2770 4053 vos
2800 4015 2939 4069 aqua
2965 4014 2984 4052 :
3014 3998 3107 4067 qui
3143 4009 3321 4052 autem
3350 4006 3470 4067 post

1887 4107 1966 4147 me
2012 4094 2214 4159 veniet,
2261 4094 2373 4165 ipse
2432 4112 2521 4150 vos
2587 4094 2883 4165 baptizabit
2934 4094 3138 4164 Spiritu
3188 4104 3373 4149 sancto
3419 4102 3470 4149 et

1885 4189 2002 4259 igne
2055 4189 2096 4244 ⁵.
2133 4188 2324 4261 Itaque
2361 4189 2606 4247 Joannes
2645 4190 2713 4245 ad
2741 4191 3008 4263 Spiritum
3045 4189 3468 4261 suscipiendum

1886 4289 2013 4336 ante
2061 4296 2159 4351 per
2193 4298 2391 4351 aquam
2451 4282 2739 4353 purgabat.
2796 4282 3083 4348 Quintum.
3120 4280 3337 4336 Domini
3376 4281 3474 4337 ba-

1886 4373 2105 4443 ptisma,
2149 4388 2261 4443 quo
2308 4373 2427 4444 ipse
2472 4373 2790 4443 baptizatus
2840 4373 2967 4429 fuit.
3023 4374 3343 4443 Baptizatus
3389 4381 3473 4428 est

1886 4469 2095 4525 autem,
2148 4476 2259 4515 non
2304 4460 2449 4532 quod
2502 4461 2621 4532 ipse
2658 4462 2986 4532 purgatione
3022 4462 3327 4533 indigeret;
3374 4463 3470 4520 sed

201 4542 524 4617 βαπτιστὴν,
551 4548 639 4602 ῖνα
662 4548 928 4623 πληρώσῃ
956 4550 1049 4604 τὸν
1088 4552 1272 4623 νόμον,
1293 4554 1380 4607 ἴνα
1408 4554 1468 4608 τὸ
1491 4558 1590 4624 τῆς
1615 4556 1781 4626 Τριά-

1889 4567 2063 4608 meam
2105 4553 2210 4609 sibi
2258 4554 2639 4624 purgationem
2675 4555 2978 4621 ascisceus,
3021 4566 3079 4609 ut
3115 4556 3296 4626 capita
3340 4556 3470 4611 dra-

196 4633 286 4699 δος
315 4636 644 4711 ἀποκαλύψῃ
678 4641 1000 4713 μυστήριον,
1035 4642 1124 4696 ἵνα
1155 4643 1326 4709 τύπος
1360 4646 1456 4700 καὶ
1486 4647 1785 4720 ὑπογραμ-

211 4727 311 4795 μὸς
344 4730 482 4799 ἡμῖν
536 4732 676 4802 πρὸς
707 4732 771 4786 τὸ
821 4733 1183 4805 βαπτίζεσθαι
1236 4737 1484 4810 γένηται.
1516 4740 1785 4807 Βαπτιζό-

201 4818 343 4887 μεθα
375 4821 431 4875 δὲ
462 4823 556 4877 καὶ
584 4824 746 4895 ἡμεῖς
775 4826 839 4879 τὸ
869 4826 1077 4880 τέλειον
1102 4828 1199 4882 τοῦ
1228 4830 1434 4901 Κυρίου
1476 4830 1784 4904 βάπτισμα,

197 4909 259 4963 τὸ
291 4911 361 4965 δι’
408 4911 603 4978 ὕδατός
656 4933 715 4970 τε
761 4918 856 4972 καὶ
895 4919 1233 4990 Πνεύματος.
1272 4923 1415 4995 [lupi
1462 4923 1519 4977 δὲ
1566 4925 1786 4994 λέγεται

201 5000 488 5071 βαπτίζειν
517 5004 546 5056 ὁ
578 5006 850 5077 Χριστός·
883 5011 941 5064 ὲν
991 5011 1125 5066 εῖδει
1183 5013 1293 5085 γὰρ
1342 5015 1587 5086 πυρίνων
1618 5019 1789 5086 γλωσ-

206 5093 315 5146 σῶν
344 5096 439 5148 ἐπὶ
469 5096 600 5161 τοὺς
631 5098 821 5166 ἁγίους
848 5102 1183 5168 ἀποστόλους
1215 5105 1314 5177 τὴν
1344 5106 1439 5161 τοῦ
1467 5108 1787 5180 Πνεύματος

204 5186 369 5258 χάριν
395 5188 630 5259 ὲξέχεεν,
655 5191 730 5255 ῶς
759 5210 926 5262 φησιν
951 5196 1114 5261 αὐτὸς
1137 5199 1165 5251 δ
1196 5198 1423 5270 Κύριος,
1463 5202 1545 5256 ὅτι
1588 5201 1788 5256 Ἰωάν.

205 5295 317 5347 νης
342 5282 463 5349 μὲν
488 5283 814 5341 ἐϐάπτισεν
855 5287 1049 5355 ὕδατι,
1079 5292 1249 5360 ὑμεῖς
1278 5293 1347 5348 δὲ
1367 5295 1787 5363 βαπτισθήσε-

200 5373 311 5423 σθε
333 5370 402 5424 ἐν
436 5374 736 5443 Πνεύματι
770 5378 917 5447 ἁγίῳ
951 5380 1049 5434 καί
1078 5382 1242 5450 πυρί,
1270 5386 1341 5439 οὺ
1372 5387 1524 5455 μετὰ
1552 5390 1791 5459 πολλὰς

201 5460 423 5551 ταύτας
463 5463 714 5533 ἡμέρας·
746 5466 778 5539 ἢ
810 5466 898 5522 διά
925 5469 985 5523 τὸ
1024 5470 1117 5525 τοῦ
1156 5474 1442 5544 μέλλοντος
1482 5478 1656 5551 πυρὸς
1684 5498 1781 5534 κο-

203 5547 465 5607 λαστικὸν
491 5555 801 5628 βάπτισμα.
841 5560 1071 5629 Ἕκτον,
1100 5562 1161 5618 τδ
1197 5565 1287 5621 διά
1343 5547 1638 5640 μετανοίας
1690 5574 1785 5628 καὶ

297 5806 315 5837 ⁸
342 5800 385 5857 ll
418 5803 563 5859 Petr.
592 5821 632 5859 ιι
660 5826 682 5870 ,·
703 5808 796 5862 22.

229 5873 250 5907 '
287 5874 431 5931 Psal.
468 5892 655 5939 ιιιιιι,
692 5879 778 5937 15.

470 5973 738 6035 ΡΔτιιοι..
783 5976 899 6036 Gtt.
948 5974 1208 6039 CXXX.

901 5809 922 5839 ²
946 5805 1062 5862 Jac.
1095 5822 1158 5875 ιι,
1184 5807 1275 5866 26.

1379 5809 1401 5843 ⁸
1432 5809 1570 5867 Gen.
1596 5826 1692 5881 vn,
1733 5813 1823 5870 t7.
1897 5812 1918 5845 ⁸
1956 5810 2128 5870 lCor.
2160 5829 2215 5881 ι,
2249 5815 2300 5871 1.
2377 5814 2399 5847 ⁸
2437 5813 2564 5870 Lev.
2602 5830 2709 5881 xw,
2746 5816 2833 5873 15.

1887 4659 2087 4699 conum
2120 4644 2174 4698 in
2205 4645 2366 4715 aquis
2397 4652 2713 4702 contereret
2761 4646 2813 4713 7;
2858 4655 2919 4701 ut
2953 4655 3237 4718 peccatum
3271 4648 3473 4705 obrue-

1888 4741 2004 4799 ret,
2039 4749 2104 4790 ac
2134 4742 2310 4791 totum
2343 4736 2580 4792 veterem
2613 4737 2887 4793 Adamum
2920 4737 2975 4794 in
3009 4753 3153 4811 aqua
3174 4740 3471 4811 sepeliret;

1890 4835 1948 4879 ut
1975 4825 2310 4895 baptismum
2334 4826 2745 4894 sanctilicaret;
2784 4828 3049 4899 utjegem
3110 4850 3113 4851 ν
3277 4827 3474 4899 imple-

1889 4924 2007 4983 ret;
2044 4923 2104 4971 ut
2143 4915 2433 4973 Trinitatis
2491 4918 2815 4987 mysterium
2856 4916 3131 4988 aperiret;
3179 4924 3240 4974 ut
3297 4924 3472 4974 semet

1890 5007 2109 5063 tandem
2140 5006 2482 5078 suscipiendi
2511 5006 2771 5078 baptismi
2804 5006 3039 5081 formam
3073 5016 3128 5063 et
3159 5009 3474 5079 exemplum

1890 5103 2179 5171 praeberet.
2214 5100 2567 5172 Baptizamur
2599 5112 2783 5159 autem
2832 5111 2886 5158 et
2926 5118 3030 5159 nos
3069 5118 3290 5173 quoque
3345 5117 3475 5171 per-

1892 5194 2032 5248 iccto
2078 5192 2291 5248 Domini
2346 5194 2658 5265 baptismo,
2710 5210 2807 5264 per
2862 5209 3059 5266 aquam
3110 5193 3370 5248 videlicet
3418 5200 3476 5248 et

1891 5284 2179 5356 Spiritum.
2212 5284 2387 5340 Porro
2490 5284 2747 5340 Christus
2794 5285 2999 5339 idcirco
3031 5284 3155 5353 igne
3194 5282 3476 5354 baptizare

1891 5377 2111 5441 dicitur,
2143 5377 2271 5448 quia
2303 5376 2542 5448 Spiritus
2580 5376 2812 5446 gratiam
2854 5377 2909 5430 in
2940 5383 3158 5431 sanctos
3195 5377 3475 5444 apostolos

1889 5469 2102 5534 eﬂ'udit,
2163 5469 2628 5540 quemadmodum
2694 5467 2962 5523 Dominus
3022 5467 3142 5538 ipse
3208 5466 3475 5523 dixerat:

1889 5561 2122 5619 Joannes
2150 5562 2360 5635 quidem
2395 5562 2685 5633 baptizavit
2717 5576 2877 5631 aqua,
2907 5576 2996 5615 vos
3031 5568 3210 5615 autem
3239 5561 3480 5631 baptiza-

2934 5817 2955 5850 ⁸
2989 5816 3178 5873 Matth.
3217 5832 3298 5884 ιιι,
3375 5814 3461 5872 ii.

3144 5979 3222 6043 [ιο
