  <div class='ocr_page' id='page_1' title='image "/cluster/home/n/w/nwhite01/storage/ocr_20150623/130/hvd.32044019208255/637.png"; bbox 0 0 3960 6540; ppageno 0'>
   <div class='ocr_carea' id='block_1_1' title="bbox 473 370 2062 448">
    <p class='ocr_par' dir='ltr' id='par_1_1' title="bbox 473 376 2062 448">
     <span class='ocr_line' id='line_1_1' title="bbox 473 376 2062 448; baseline -0.007 -1"><span class='ocrx_word' id='word_1_1' title='bbox 473 381 608 448; x_wconf 73' lang='grc'><strong>1259</strong></span> <span class='ocrx_word' id='word_1_2' title='bbox 1704 376 2013 439; x_wconf 79' lang='grc' dir='ltr'><strong>ΕΗΤΠΥΜ</strong></span> <span class='ocrx_word' id='word_1_3' title='bbox 2028 377 2062 437; x_wconf 80' lang='grc' dir='ltr'>Ι]</span> 
     </span>
    </p>
   </div>
   <div class='ocr_carea' id='block_1_2' title="bbox 2185 370 3724 448">
    <p class='ocr_par' dir='ltr' id='par_1_2' title="bbox 2185 370 3724 436">
     <span class='ocr_line' id='line_1_2' title="bbox 2185 370 3724 436; baseline 0.001 -2"><span class='ocrx_word' id='word_1_4' title='bbox 2185 372 2480 436; x_wconf 75' lang='lat' dir='ltr'><strong>.GABENI</strong></span> <span class='ocrx_word' id='word_1_5' title='bbox 3576 370 3724 435; x_wconf 64' lang='lat'><strong>19.60</strong></span> 
     </span>
    </p>
   </div>
   <div class='ocr_carea' id='block_1_3' title="bbox 470 487 2062 570">
    <p class='ocr_par' dir='ltr' id='par_1_3' title="bbox 470 492 2042 570">
     <span class='ocr_line' id='line_1_3' title="bbox 470 492 2042 570; baseline -0.007 -11"><span class='ocrx_word' id='word_1_6' title='bbox 470 502 649 559; x_wconf 77' lang='lat' dir='ltr'><strong>biusini</strong></span> <span class='ocrx_word' id='word_1_7' title='bbox 679 499 881 570; x_wconf 85' lang='lat' dir='ltr'><strong>Spiritu</strong></span> <span class='ocrx_word' id='word_1_8' title='bbox 907 505 1086 554; x_wconf 82' lang='lat' dir='ltr'><strong>saneto</strong></span> <span class='ocrx_word' id='word_1_9' title='bbox 1114 506 1161 552; x_wconf 85' lang='lat' dir='ltr'><strong>et</strong></span> <span class='ocrx_word' id='word_1_10' title='bbox 1192 497 1349 568; x_wconf 83' lang='lat' dir='ltr'><strong>igne,</strong></span> <span class='ocrx_word' id='word_1_11' title='bbox 1407 510 1510 551; x_wconf 82' lang='lat' dir='ltr'><strong>non</strong></span> <span class='ocrx_word' id='word_1_12' title='bbox 1557 502 1671 566; x_wconf 81' lang='lat' dir='ltr'><strong>post</strong></span> <span class='ocrx_word' id='word_1_13' title='bbox 1726 492 1915 549; x_wconf 79' lang='lat' dir='ltr'><strong>multos</strong></span> <span class='ocrx_word' id='word_1_14' title='bbox 1949 493 2042 549; x_wconf 80' lang='lat' dir='ltr'><strong>hos</strong></span> 
     </span>
    </p>
   </div>
   <div class='ocr_carea' id='block_1_4' title="bbox 2185 487 3721 570">
    <p class='ocr_par' dir='ltr' id='par_1_4' title="bbox 2185 487 3721 566">
     <span class='ocr_line' id='line_1_4' title="bbox 2185 487 3721 566; baseline -0.007 -15"><span class='ocrx_word' id='word_1_15' title='bbox 2185 494 2426 566; x_wconf 78' lang='grc' dir='ltr'>ακρύων,</span> <span class='ocrx_word' id='word_1_16' title='bbox 2448 493 2616 556; x_wconf 78' lang='grc' dir='ltr'>ὅντως</span> <span class='ocrx_word' id='word_1_17' title='bbox 2644 490 2919 545; x_wconf 69' lang='grc' dir='ltr'>ἐπίπονον.</span> <span class='ocrx_word' id='word_1_18' title='bbox 2958 488 3252 558; x_wconf 78' lang='grc' dir='ltr'>Ἔϐδομον,</span> <span class='ocrx_word' id='word_1_19' title='bbox 3286 488 3347 541; x_wconf 81' lang='grc' dir='ltr'><strong>τὺ</strong></span> <span class='ocrx_word' id='word_1_20' title='bbox 3377 487 3446 543; x_wconf 84' lang='grc' dir='ltr'><strong>δι’</strong></span> <span class='ocrx_word' id='word_1_21' title='bbox 3475 490 3721 561; x_wconf 70' lang='grc' dir='ltr'>αἳματος</span> 
     </span>
    </p>
   </div>
   <div class='ocr_carea' id='block_1_5' title="bbox 471 578 2062 657">
    <p class='ocr_par' dir='ltr' id='par_1_5' title="bbox 471 583 2034 657">
     <span class='ocr_line' id='line_1_5' title="bbox 471 583 2034 657; baseline -0.004 -11"><span class='ocrx_word' id='word_1_22' title='bbox 471 595 584 646; x_wconf 83' lang='lat' dir='ltr'><strong>dies</strong></span> <span class='ocrx_word' id='word_1_23' title='bbox 614 594 631 626; x_wconf 77' lang='grc' dir='ltr'>ι</span> <span class='ocrx_word' id='word_1_24' title='bbox 665 609 682 656; x_wconf 85' lang='grc'>;</span> <span class='ocrx_word' id='word_1_25' title='bbox 714 591 799 645; x_wconf 81' lang='lat' dir='ltr'><strong>vel</strong></span> <span class='ocrx_word' id='word_1_26' title='bbox 848 590 1011 645; x_wconf 83' lang='lat' dir='ltr'><strong>etiam</strong></span> <span class='ocrx_word' id='word_1_27' title='bbox 1068 586 1139 642; x_wconf 91' lang='lat' dir='ltr'><strong>ob</strong></span> <span class='ocrx_word' id='word_1_28' title='bbox 1208 585 1619 657; x_wconf 72' lang='lat' dir='ltr'><strong>castigatorium</strong></span> <span class='ocrx_word' id='word_1_29' title='bbox 1662 585 1805 655; x_wconf 86' lang='lat' dir='ltr'><strong>ignis</strong></span> <span class='ocrx_word' id='word_1_30' title='bbox 1860 583 2034 641; x_wconf 86' lang='lat' dir='ltr'><strong>futuri</strong></span> 
     </span>
    </p>
   </div>
   <div class='ocr_carea' id='block_1_6' title="bbox 2185 578 3721 657">
    <p class='ocr_par' dir='ltr' id='par_1_6' title="bbox 2185 578 3721 654">
     <span class='ocr_line' id='line_1_6' title="bbox 2185 578 3721 654; baseline -0.005 -14"><span class='ocrx_word' id='word_1_31' title='bbox 2185 586 2260 649; x_wconf 75' lang='grc' dir='ltr'>αὶ,</span> <span class='ocrx_word' id='word_1_32' title='bbox 2277 582 2607 654; x_wconf 89' lang='grc' dir='ltr'>μαρτυρίου,</span> <span class='ocrx_word' id='word_1_33' title='bbox 2647 582 2676 634; x_wconf 82' lang='grc' dir='ltr'><strong>ὃ</strong></span> <span class='ocrx_word' id='word_1_34' title='bbox 2705 580 2802 635; x_wconf 79' lang='grc' dir='ltr'>καὶ</span> <span class='ocrx_word' id='word_1_35' title='bbox 2832 578 2997 644; x_wconf 78' lang='grc' dir='ltr'>αὐτὸς</span> <span class='ocrx_word' id='word_1_36' title='bbox 3037 582 3066 633; x_wconf 85' lang='grc' dir='ltr'>ὁ</span> <span class='ocrx_word' id='word_1_37' title='bbox 3095 580 3328 649; x_wconf 75' lang='grc' dir='ltr'>Χριστὸς</span> <span class='ocrx_word' id='word_1_38' title='bbox 3377 579 3518 648; x_wconf 76' lang='grc' dir='ltr'>ὑπὲρ</span> <span class='ocrx_word' id='word_1_39' title='bbox 3548 580 3721 649; x_wconf 78' lang='grc' dir='ltr'>ἡμῶν</span> 
     </span>
    </p>
   </div>
   <div class='ocr_carea' id='block_1_7' title="bbox 473 671 2062 754">
    <p class='ocr_par' dir='ltr' id='par_1_7' title="bbox 473 676 2036 754">
     <span class='ocr_line' id='line_1_7' title="bbox 473 676 2036 754; baseline -0.003 -15"><span class='ocrx_word' id='word_1_40' title='bbox 473 686 824 754; x_wconf 79' lang='lat' dir='ltr'><strong>baptismum.</strong></span> <span class='ocrx_word' id='word_1_41' title='bbox 890 681 1114 737; x_wconf 81' lang='lat' dir='ltr'><strong>Sextum</strong></span> <span class='ocrx_word' id='word_1_42' title='bbox 1175 679 1439 748; x_wconf 87' lang='lat' dir='ltr'><strong>baptisma</strong></span> <span class='ocrx_word' id='word_1_43' title='bbox 1492 676 1548 733; x_wconf 89' lang='lat' dir='ltr'><strong>in</strong></span> <span class='ocrx_word' id='word_1_44' title='bbox 1608 677 1926 748; x_wconf 63' lang='lat' dir='ltr'><strong>paenitentia</strong></span> <span class='ocrx_word' id='word_1_45' title='bbox 1978 686 2036 734; x_wconf 84' lang='lat' dir='ltr'><strong>et</strong></span> 
     </span>
    </p>
   </div>
   <div class='ocr_carea' id='block_1_8' title="bbox 2185 671 3722 754">
    <p class='ocr_par' dir='ltr' id='par_1_8' title="bbox 2185 671 3722 741">
     <span class='ocr_line' id='line_1_8' title="bbox 2185 671 3722 741; baseline -0.003 -14"><span class='ocrx_word' id='word_1_46' title='bbox 2185 674 2497 737; x_wconf 73' lang='grc' dir='ltr'>δαπτίσατο,</span> <span class='ocrx_word' id='word_1_47' title='bbox 2545 674 2622 737; x_wconf 85' lang='grc' dir='ltr'>ὡς</span> <span class='ocrx_word' id='word_1_48' title='bbox 2666 673 2788 727; x_wconf 97' lang='grc' dir='ltr'>λίαν</span> <span class='ocrx_word' id='word_1_49' title='bbox 2812 672 3095 741; x_wconf 66' lang='grc' dir='ltr'>αἰδέσιμον</span> <span class='ocrx_word' id='word_1_50' title='bbox 3125 672 3221 725; x_wconf 73' lang='grc' dir='ltr'><strong>καὶ</strong></span> <span class='ocrx_word' id='word_1_51' title='bbox 3252 671 3551 740; x_wconf 82' lang='grc' dir='ltr'>μακάριον,</span> <span class='ocrx_word' id='word_1_52' title='bbox 3584 674 3722 723; x_wconf 78' lang='grc' dir='ltr'>ὅσον</span> 
     </span>
    </p>
   </div>
   <div class='ocr_carea' id='block_1_9' title="bbox 473 766 2062 847">
    <p class='ocr_par' dir='ltr' id='par_1_9' title="bbox 473 769 2032 847">
     <span class='ocr_line' id='line_1_9' title="bbox 473 769 2032 847; baseline -0.005 -15"><span class='ocrx_word' id='word_1_53' title='bbox 473 777 725 847; x_wconf 84' lang='lat' dir='ltr'><strong>lacrymis</strong></span> <span class='ocrx_word' id='word_1_54' title='bbox 744 784 1036 830; x_wconf 74' lang='lat' dir='ltr'><strong>versatur:</strong></span> <span class='ocrx_word' id='word_1_55' title='bbox 1074 784 1266 843; x_wconf 85' lang='lat' dir='ltr'><strong>estque</strong></span> <span class='ocrx_word' id='word_1_56' title='bbox 1289 786 1417 825; x_wconf 84' lang='lat' dir='ltr'><strong>sane</strong></span> <span class='ocrx_word' id='word_1_57' title='bbox 1450 784 1612 841; x_wconf 83' lang='lat' dir='ltr'><strong>grave</strong></span> <span class='ocrx_word' id='word_1_58' title='bbox 1639 780 1693 826; x_wconf 90' lang='lat' dir='ltr'><strong>et</strong></span> <span class='ocrx_word' id='word_1_59' title='bbox 1717 769 2032 825; x_wconf 86' lang='lat' dir='ltr'><strong>molestum.</strong></span> 
     </span>
    </p>
   </div>
   <div class='ocr_carea' id='block_1_10' title="bbox 2185 766 3721 847">
    <p class='ocr_par' dir='ltr' id='par_1_10' title="bbox 2185 766 3721 839">
     <span class='ocr_line' id='line_1_10' title="bbox 2185 766 3721 839; baseline -0.003 -16"><span class='ocrx_word' id='word_1_60' title='bbox 2185 770 2413 839; x_wconf 78' lang='grc' dir='ltr'>ιυτέροις</span> <span class='ocrx_word' id='word_1_61' title='bbox 2457 768 2520 823; x_wconf 82' lang='grc' dir='ltr'>οὑ</span> <span class='ocrx_word' id='word_1_62' title='bbox 2554 768 2842 839; x_wconf 72' lang='grc' dir='ltr'><strong>μολύνεται</strong></span> <span class='ocrx_word' id='word_1_63' title='bbox 2879 766 3093 837; x_wconf 79' lang='grc' dir='ltr'>ρύποις.</span> <span class='ocrx_word' id='word_1_64' title='bbox 3129 766 3376 833; x_wconf 86' lang='grc' dir='ltr'>Ὄγδοον,</span> <span class='ocrx_word' id='word_1_65' title='bbox 3428 768 3491 818; x_wconf 72' lang='grc' dir='ltr'><strong>τὸ</strong></span> <span class='ocrx_word' id='word_1_66' title='bbox 3517 766 3721 819; x_wconf 78' lang='grc' dir='ltr'>τελευ-</span> 
     </span>
    </p>
   </div>
   <div class='ocr_carea' id='block_1_11' title="bbox 474 858 2062 937">
    <p class='ocr_par' dir='ltr' id='par_1_11' title="bbox 474 860 2035 937">
     <span class='ocr_line' id='line_1_11' title="bbox 474 860 2035 937; baseline -0.005 -14"><span class='ocrx_word' id='word_1_67' title='bbox 474 868 800 937; x_wconf 87' lang='lat' dir='ltr'><strong>Septimum,</strong></span> <span class='ocrx_word' id='word_1_68' title='bbox 858 873 944 920; x_wconf 89' lang='lat' dir='ltr'><strong>est</strong></span> <span class='ocrx_word' id='word_1_69' title='bbox 1004 865 1150 934; x_wconf 89' lang='lat' dir='ltr'><strong>quod</strong></span> <span class='ocrx_word' id='word_1_70' title='bbox 1234 864 1513 933; x_wconf 73' lang='lat' dir='ltr'><strong>sanguinis</strong></span> <span class='ocrx_word' id='word_1_71' title='bbox 1596 860 1916 933; x_wconf 80' lang='lat' dir='ltr'><strong>profusione</strong></span> <span class='ocrx_word' id='word_1_72' title='bbox 1972 875 2035 915; x_wconf 88' lang='lat' dir='ltr'><strong>ac</strong></span> 
     </span>
    </p>
   </div>
   <div class='ocr_carea' id='block_1_12' title="bbox 2185 858 3719 937">
    <p class='ocr_par' dir='ltr' id='par_1_12' title="bbox 2185 858 3719 931">
     <span class='ocr_line' id='line_1_12' title="bbox 2185 858 3719 931; baseline 0 -19"><span class='ocrx_word' id='word_1_73' title='bbox 2185 862 2314 924; x_wconf 78' lang='grc' dir='ltr'>αῖον,</span> <span class='ocrx_word' id='word_1_74' title='bbox 2350 860 2410 913; x_wconf 80' lang='grc' dir='ltr'>οὐ</span> <span class='ocrx_word' id='word_1_75' title='bbox 2450 862 2744 931; x_wconf 84' lang='grc' dir='ltr'>σωτήριον,</span> <span class='ocrx_word' id='word_1_76' title='bbox 2778 859 2916 914; x_wconf 79' lang='grc' dir='ltr'>ἀλλὰ</span> <span class='ocrx_word' id='word_1_77' title='bbox 2942 860 3038 929; x_wconf 84' lang='grc' dir='ltr'>τῆς</span> <span class='ocrx_word' id='word_1_78' title='bbox 3073 859 3169 928; x_wconf 71' lang='grc' dir='ltr'>μὲν</span> <span class='ocrx_word' id='word_1_79' title='bbox 3194 858 3399 920; x_wconf 81' lang='grc' dir='ltr'>κακίας</span> <span class='ocrx_word' id='word_1_80' title='bbox 3426 860 3719 928; x_wconf 78' lang='grc' dir='ltr'>ἀναιρετι-</span> 
     </span>
    </p>
   </div>
   <div class='ocr_carea' id='block_1_13' title="bbox 475 947 2062 1029">
    <p class='ocr_par' dir='ltr' id='par_1_13' title="bbox 475 950 2040 1029">
     <span class='ocr_line' id='line_1_13' title="bbox 475 950 2040 1029; baseline -0.005 -17"><span class='ocrx_word' id='word_1_81' title='bbox 475 957 735 1029; x_wconf 80' lang='lat' dir='ltr'><strong>martyrio</strong></span> <span class='ocrx_word' id='word_1_82' title='bbox 785 957 1103 1027; x_wconf 82' lang='lat' dir='ltr'><strong>perficitur,</strong></span> <span class='ocrx_word' id='word_1_83' title='bbox 1136 970 1245 1026; x_wconf 82' lang='lat' dir='ltr'><strong>quo</strong></span> <span class='ocrx_word' id='word_1_84' title='bbox 1300 963 1355 1010; x_wconf 88' lang='lat' dir='ltr'><strong>et</strong></span> <span class='ocrx_word' id='word_1_85' title='bbox 1404 954 1658 1009; x_wconf 87' lang='lat' dir='ltr'><strong>Christus</strong></span> <span class='ocrx_word' id='word_1_86' title='bbox 1703 953 1819 1023; x_wconf 85' lang='lat' dir='ltr'><strong>ipse</strong></span> <span class='ocrx_word' id='word_1_87' title='bbox 1866 950 2040 1008; x_wconf 82' lang='lat' dir='ltr'><strong>nostri</strong></span> 
     </span>
    </p>
   </div>
   <div class='ocr_carea' id='block_1_14' title="bbox 2185 947 3723 1029">
    <p class='ocr_par' dir='ltr' id='par_1_14' title="bbox 2185 947 3723 1020">
     <span class='ocr_line' id='line_1_14' title="bbox 2185 947 3723 1020; baseline 0.002 -22"><span class='ocrx_word' id='word_1_88' title='bbox 2185 950 2265 1004; x_wconf 85' lang='grc' dir='ltr'>όν·</span> <span class='ocrx_word' id='word_1_89' title='bbox 2300 950 2399 1003; x_wconf 78' lang='grc' dir='ltr'><strong>οὐκ</strong></span> <span class='ocrx_word' id='word_1_90' title='bbox 2454 949 2536 1002; x_wconf 74' lang='grc' dir='ltr'>ἔτι</span> <span class='ocrx_word' id='word_1_91' title='bbox 2575 950 2687 1020; x_wconf 80' lang='grc' dir='ltr'><strong>γὰρ</strong></span> <span class='ocrx_word' id='word_1_92' title='bbox 2716 948 2885 1003; x_wconf 80' lang='grc' dir='ltr'>κακία</span> <span class='ocrx_word' id='word_1_93' title='bbox 2912 950 3007 1002; x_wconf 75' lang='grc' dir='ltr'><strong>καὶ</strong></span> <span class='ocrx_word' id='word_1_94' title='bbox 3049 948 3295 1018; x_wconf 82' lang='grc' dir='ltr'>ἁμαρτία</span> <span class='ocrx_word' id='word_1_95' title='bbox 3339 947 3723 1003; x_wconf 73' lang='grc' dir='ltr'>πολιτεύεται*</span> 
     </span>
    </p>
   </div>
   <div class='ocr_carea' id='block_1_15' title="bbox 474 1039 2062 1116">
    <p class='ocr_par' dir='ltr' id='par_1_15' title="bbox 474 1047 2048 1116">
     <span class='ocr_line' id='line_1_15' title="bbox 474 1047 2048 1116; baseline -0.004 -13"><span class='ocrx_word' id='word_1_96' title='bbox 474 1065 638 1104; x_wconf 86' lang='lat' dir='ltr'><strong>causa</strong></span> <span class='ocrx_word' id='word_1_97' title='bbox 685 1049 979 1104; x_wconf 83' lang='lat' dir='ltr'><strong>defunctus</strong></span> <span class='ocrx_word' id='word_1_98' title='bbox 1018 1059 1103 1103; x_wconf 83' lang='lat' dir='ltr'><strong>est</strong></span> <span class='ocrx_word' id='word_1_99' title='bbox 1131 1050 1178 1101; x_wconf 78' lang='lat'><strong>&#39;.</strong></span> <span class='ocrx_word' id='word_1_100' title='bbox 1228 1047 1429 1116; x_wconf 87' lang='lat' dir='ltr'><strong>Estque</strong></span> <span class='ocrx_word' id='word_1_101' title='bbox 1479 1048 1611 1101; x_wconf 88' lang='lat' dir='ltr'><strong>illud</strong></span> <span class='ocrx_word' id='word_1_102' title='bbox 1654 1060 1916 1116; x_wconf 75' lang='lat' dir='ltr'><strong>perquam</strong></span> <span class='ocrx_word' id='word_1_103' title='bbox 1950 1058 2048 1098; x_wconf 84' lang='lat' dir='ltr'><strong>au-</strong></span> 
     </span>
    </p>
   </div>
   <div class='ocr_carea' id='block_1_16' title="bbox 2185 1039 2852 1116">
    <p class='ocr_par' dir='ltr' id='par_1_16' title="bbox 2185 1039 2852 1109">
     <span class='ocr_line' id='line_1_16' title="bbox 2185 1039 2852 1109; baseline -0.003 -14"><span class='ocrx_word' id='word_1_104' title='bbox 2185 1041 2384 1105; x_wconf 75' lang='grc' dir='ltr'>ιολάζον</span> <span class='ocrx_word' id='word_1_105' title='bbox 2412 1040 2469 1093; x_wconf 64' lang='grc' dir='ltr'>δὲ</span> <span class='ocrx_word' id='word_1_106' title='bbox 2500 1039 2852 1109; x_wconf 83' lang='grc' dir='ltr'>ἅτελεύτητα.</span> 
     </span>
    </p>
   </div>
   <div class='ocr_carea' id='block_1_17' title="bbox 475 1127 3715 1225">
    <p class='ocr_par' dir='ltr' id='par_1_17' title="bbox 475 1127 3715 1225">
     <span class='ocr_line' id='line_1_17' title="bbox 475 1127 3715 1225; baseline -0.005 -32"><span class='ocrx_word' id='word_1_107' title='bbox 475 1150 691 1209; x_wconf 81' lang='lat' dir='ltr'><strong>gustum</strong></span> <span class='ocrx_word' id='word_1_108' title='bbox 727 1157 791 1196; x_wconf 91' lang='lat' dir='ltr'><strong>ac</strong></span> <span class='ocrx_word' id='word_1_109' title='bbox 817 1140 1064 1225; x_wconf 75' lang='lat' dir='ltr'><strong>beatum,</strong></span> <span class='ocrx_word' id='word_1_110' title='bbox 1093 1138 1237 1216; x_wconf 83' lang='lat' dir='ltr'><strong>quod</strong></span> <span class='ocrx_word' id='word_1_111' title='bbox 1271 1138 1436 1191; x_wconf 87' lang='lat' dir='ltr'><strong>nullis</strong></span> <span class='ocrx_word' id='word_1_112' title='bbox 1466 1138 1692 1205; x_wconf 79' lang='lat' dir='ltr'><strong>posthac</strong></span> <span class='ocrx_word' id='word_1_113' title='bbox 1718 1135 1977 1191; x_wconf 80' lang='lat' dir='ltr'><strong>sordibus</strong></span> <span class='ocrx_word' id='word_1_114' title='bbox 2006 1133 2350 1201; x_wconf 84' lang='lat' dir='ltr'><strong>inquinetur.</strong></span> <span class='ocrx_word' id='word_1_115' title='bbox 2371 1128 2635 1186; x_wconf 84' lang='lat' dir='ltr'><strong>Octavum</strong></span> <span class='ocrx_word' id='word_1_116' title='bbox 2672 1129 2911 1197; x_wconf 89' lang='lat' dir='ltr'><strong>denique</strong></span> <span class='ocrx_word' id='word_1_117' title='bbox 2934 1138 2992 1183; x_wconf 90' lang='lat' dir='ltr'><strong>et</strong></span> <span class='ocrx_word' id='word_1_118' title='bbox 3032 1136 3371 1197; x_wconf 89' lang='lat' dir='ltr'><strong>postremum</strong></span> <span class='ocrx_word' id='word_1_119' title='bbox 3406 1127 3543 1181; x_wconf 88' lang='lat' dir='ltr'><strong>illud</strong></span> <span class='ocrx_word' id='word_1_120' title='bbox 3596 1135 3715 1185; x_wconf 84' lang='lat' dir='ltr'><strong>est.</strong></span> 
     </span>
    </p>
   </div>
   <div class='ocr_carea' id='block_1_18' title="bbox 476 1219 3710 1301">
    <p class='ocr_par' dir='ltr' id='par_1_18' title="bbox 476 1219 3710 1301">
     <span class='ocr_line' id='line_1_18' title="bbox 476 1219 3710 1301; baseline -0.004 -17"><span class='ocrx_word' id='word_1_121' title='bbox 476 1248 582 1286; x_wconf 91' lang='lat' dir='ltr'><strong>non</strong></span> <span class='ocrx_word' id='word_1_122' title='bbox 620 1233 732 1301; x_wconf 87' lang='lat' dir='ltr'><strong>jam</strong></span> <span class='ocrx_word' id='word_1_123' title='bbox 758 1219 1128 1296; x_wconf 80' lang='lat' dir='ltr'><strong>salutiferum,</strong></span> <span class='ocrx_word' id='word_1_124' title='bbox 1161 1246 1347 1286; x_wconf 84' lang='lat' dir='ltr'><strong>verum</strong></span> <span class='ocrx_word' id='word_1_125' title='bbox 1379 1231 1452 1283; x_wconf 85' lang='lat' dir='ltr'><strong>ita</strong></span> <span class='ocrx_word' id='word_1_126' title='bbox 1478 1230 1743 1283; x_wconf 83' lang='lat' dir='ltr'><strong>malitiam</strong></span> <span class='ocrx_word' id='word_1_127' title='bbox 1779 1226 2059 1292; x_wconf 74' lang='lat' dir='ltr'><strong>auferens,</strong></span> <span class='ocrx_word' id='word_1_128' title='bbox 2088 1223 2308 1296; x_wconf 84' lang='lat' dir='ltr'><strong>quando</strong></span> <span class='ocrx_word' id='word_1_129' title='bbox 2342 1238 2477 1278; x_wconf 84' lang='lat' dir='ltr'><strong>suus</strong></span> <span class='ocrx_word' id='word_1_130' title='bbox 2495 1222 2608 1293; x_wconf 87' lang='lat' dir='ltr'><strong>jam</strong></span> <span class='ocrx_word' id='word_1_131' title='bbox 2641 1220 2861 1275; x_wconf 73' lang='lat' dir='ltr'><strong>malitia:</strong></span> <span class='ocrx_word' id='word_1_132' title='bbox 2883 1228 2938 1274; x_wconf 91' lang='lat' dir='ltr'><strong>et</strong></span> <span class='ocrx_word' id='word_1_133' title='bbox 2961 1228 3184 1289; x_wconf 85' lang='lat' dir='ltr'><strong>peccato</strong></span> <span class='ocrx_word' id='word_1_134' title='bbox 3243 1219 3399 1273; x_wconf 90' lang='lat' dir='ltr'><strong>locus</strong></span> <span class='ocrx_word' id='word_1_135' title='bbox 3433 1234 3541 1271; x_wconf 86' lang='lat' dir='ltr'><strong>non</strong></span> <span class='ocrx_word' id='word_1_136' title='bbox 3572 1220 3710 1284; x_wconf 82' lang='lat' dir='ltr'><strong>erit,</strong></span> 
     </span>
    </p>
   </div>
   <div class='ocr_carea' id='block_1_19' title="bbox 488 1321 1803 1394">
    <p class='ocr_par' dir='ltr' id='par_1_19' title="bbox 488 1321 1803 1394">
     <span class='ocr_line' id='line_1_19' title="bbox 488 1321 1803 1394; baseline -0.007 -12"><span class='ocrx_word' id='word_1_137' title='bbox 488 1337 549 1382; x_wconf 88' lang='lat' dir='ltr'><strong>ut</strong></span> <span class='ocrx_word' id='word_1_138' title='bbox 574 1336 755 1379; x_wconf 85' lang='lat' dir='ltr'><strong>tamen</strong></span> <span class='ocrx_word' id='word_1_139' title='bbox 784 1325 1177 1394; x_wconf 82' lang='lat' dir='ltr'><strong>sempiternum</strong></span> <span class='ocrx_word' id='word_1_140' title='bbox 1202 1321 1481 1378; x_wconf 77' lang='lat' dir='ltr'><strong>excruciet</strong></span> <span class='ocrx_word' id='word_1_141' title='bbox 1503 1334 1566 1375; x_wconf 85' lang='lat' dir='ltr'><strong>ac</strong></span> <span class='ocrx_word' id='word_1_142' title='bbox 1590 1322 1803 1391; x_wconf 89' lang='lat' dir='ltr'><strong>puniat.</strong></span> 
     </span>
    </p>
   </div>
   <div class='ocr_carea' id='block_1_20' title="bbox 542 1450 2062 1543">
    <p class='ocr_par' dir='ltr' id='par_1_20' title="bbox 542 1456 2056 1543">
     <span class='ocr_line' id='line_1_20' title="bbox 542 1456 2056 1543; baseline -0.013 -14"><span class='ocrx_word' id='word_1_143' title='bbox 542 1473 779 1543; x_wconf 76' lang='lat' dir='ltr'><strong>Spiritus</strong></span> <span class='ocrx_word' id='word_1_144' title='bbox 847 1475 1064 1524; x_wconf 84' lang='lat' dir='ltr'><strong>sanctus</strong></span> <span class='ocrx_word' id='word_1_145' title='bbox 1138 1462 1398 1521; x_wconf 74' lang='lat' dir='ltr'><strong>columba:</strong></span> <span class='ocrx_word' id='word_1_146' title='bbox 1451 1461 1618 1531; x_wconf 79' lang='lat' dir='ltr'><strong>specie</strong></span> <span class='ocrx_word' id='word_1_147' title='bbox 1682 1468 1734 1517; x_wconf 82' lang='lat' dir='ltr'><strong>et</strong></span> <span class='ocrx_word' id='word_1_148' title='bbox 1794 1456 2056 1530; x_wconf 78' lang='lat' dir='ltr'><strong>ignis.—</strong></span> 
     </span>
    </p>
   </div>
   <div class='ocr_carea' id='block_1_21' title="bbox 2185 1450 3716 1543">
    <p class='ocr_par' dir='ltr' id='par_1_21' title="bbox 2188 1450 3716 1534">
     <span class='ocr_line' id='line_1_21' title="bbox 2188 1450 3716 1534; baseline -0.01 -17"><span class='ocrx_word' id='word_1_149' title='bbox 2188 1460 2498 1534; x_wconf 85' lang='grc' dir='ltr'>Σωματικῷ</span> <span class='ocrx_word' id='word_1_150' title='bbox 2520 1461 2577 1515; x_wconf 79' lang='grc' dir='ltr'>δὲ</span> <span class='ocrx_word' id='word_1_151' title='bbox 2610 1458 2778 1524; x_wconf 69' lang='grc' dir='ltr'>εῖδει,</span> <span class='ocrx_word' id='word_1_152' title='bbox 2843 1456 2977 1510; x_wconf 85' lang='grc' dir='ltr'>ὡσεὶ</span> <span class='ocrx_word' id='word_1_153' title='bbox 3014 1451 3337 1527; x_wconf 76' lang='grc' dir='ltr'>περιστερά,</span> <span class='ocrx_word' id='word_1_154' title='bbox 3372 1450 3716 1521; x_wconf 68' lang='grc' dir='ltr'>ἔπεφοίτησε</span> 
     </span>
    </p>
   </div>
   <div class='ocr_carea' id='block_1_22' title="bbox 470 1543 2062 1635">
    <p class='ocr_par' dir='ltr' id='par_1_22' title="bbox 470 1550 2055 1635">
     <span class='ocr_line' id='line_1_22' title="bbox 470 1550 2055 1635; baseline -0.011 -14"><span class='ocrx_word' id='word_1_155' title='bbox 470 1566 646 1621; x_wconf 84' lang='lat' dir='ltr'><strong>Porro</strong></span> <span class='ocrx_word' id='word_1_156' title='bbox 744 1562 989 1633; x_wconf 82' lang='lat' dir='ltr'><strong>Spiritus</strong></span> <span class='ocrx_word' id='word_1_157' title='bbox 1042 1568 1271 1617; x_wconf 89' lang='lat' dir='ltr'><strong>sanctus</strong></span> <span class='ocrx_word' id='word_1_158' title='bbox 1322 1555 1600 1635; x_wconf 72' lang='lat' dir='ltr'><strong>corporali</strong></span> <span class='ocrx_word' id='word_1_159' title='bbox 1652 1554 1855 1626; x_wconf 80' lang='lat' dir='ltr'><strong>specie,</strong></span> <span class='ocrx_word' id='word_1_160' title='bbox 1907 1550 2055 1609; x_wconf 81' lang='lat' dir='ltr'><strong>sicut</strong></span> 
     </span>
    </p>
   </div>
   <div class='ocr_carea' id='block_1_23' title="bbox 2185 1543 3723 1635">
    <p class='ocr_par' dir='ltr' id='par_1_23' title="bbox 2199 1543 3723 1627">
     <span class='ocr_line' id='line_1_23' title="bbox 2199 1543 3723 1627; baseline -0.011 -16"><span class='ocrx_word' id='word_1_161' title='bbox 2199 1556 2426 1627; x_wconf 82' lang='grc' dir='ltr'><strong>Πνεῦμα</strong></span> <span class='ocrx_word' id='word_1_162' title='bbox 2454 1555 2515 1609; x_wconf 81' lang='grc' dir='ltr'>τὸ</span> <span class='ocrx_word' id='word_1_163' title='bbox 2546 1555 2725 1623; x_wconf 84' lang='grc' dir='ltr'>ἆγιον,</span> <span class='ocrx_word' id='word_1_164' title='bbox 2742 1552 2845 1623; x_wconf 80' lang='grc' dir='ltr'>τὴν</span> <span class='ocrx_word' id='word_1_165' title='bbox 2880 1550 3136 1620; x_wconf 77' lang='grc' dir='ltr'>ἀπαρχὴν</span> <span class='ocrx_word' id='word_1_166' title='bbox 3156 1547 3252 1600; x_wconf 89' lang='grc' dir='ltr'><strong>τοῦ</strong></span> <span class='ocrx_word' id='word_1_167' title='bbox 3274 1545 3549 1616; x_wconf 79' lang='grc' dir='ltr'><strong>ἡμετέρου</strong></span> <span class='ocrx_word' id='word_1_168' title='bbox 3575 1543 3723 1596; x_wconf 84' lang='grc' dir='ltr'>ὑπο-</span> 
     </span>
    </p>
   </div>
   <div class='ocr_carea' id='block_1_24' title="bbox 470 1637 2062 1721">
    <p class='ocr_par' dir='ltr' id='par_1_24' title="bbox 470 1643 2054 1719">
     <span class='ocr_line' id='line_1_24' title="bbox 470 1643 2054 1719; baseline -0.009 -9"><span class='ocrx_word' id='word_1_169' title='bbox 470 1655 724 1710; x_wconf 81' lang='lat' dir='ltr'><strong>columba</strong></span> <span class='ocrx_word' id='word_1_170' title='bbox 756 1654 823 1708; x_wconf 87' lang='lat' dir='ltr'><strong>ad</strong></span> <span class='ocrx_word' id='word_1_171' title='bbox 860 1652 1149 1708; x_wconf 91' lang='lat' dir='ltr'><strong>Dominum</strong></span> <span class='ocrx_word' id='word_1_172' title='bbox 1192 1650 1503 1715; x_wconf 88' lang='lat' dir='ltr'><strong>descendit,</strong></span> <span class='ocrx_word' id='word_1_173' title='bbox 1556 1649 1747 1719; x_wconf 86' lang='lat' dir='ltr'><strong>sicque</strong></span> <span class='ocrx_word' id='word_1_174' title='bbox 1794 1658 1909 1703; x_wconf 90' lang='lat' dir='ltr'><strong>tum</strong></span> <span class='ocrx_word' id='word_1_175' title='bbox 1959 1643 2054 1697; x_wconf 84' lang='lat' dir='ltr'><strong>ba-</strong></span> 
     </span>
    </p>
   </div>
   <div class='ocr_carea' id='block_1_25' title="bbox 2185 1637 3719 1721">
    <p class='ocr_par' dir='ltr' id='par_1_25' title="bbox 2185 1637 3719 1721">
     <span class='ocr_line' id='line_1_25' title="bbox 2185 1637 3719 1721; baseline -0.011 -17"><span class='ocrx_word' id='word_1_176' title='bbox 2185 1649 2363 1705; x_wconf 82' lang='grc' dir='ltr'>ικνύον</span> <span class='ocrx_word' id='word_1_177' title='bbox 2393 1646 2793 1721; x_wconf 76' lang='grc' dir='ltr'><strong>βαπτίσματος,</strong></span> <span class='ocrx_word' id='word_1_178' title='bbox 2815 1645 2909 1699; x_wconf 74' lang='grc' dir='ltr'>καὶ</span> <span class='ocrx_word' id='word_1_179' title='bbox 2941 1643 3116 1715; x_wconf 84' lang='grc' dir='ltr'>τιμῶν</span> <span class='ocrx_word' id='word_1_180' title='bbox 3137 1642 3199 1694; x_wconf 77' lang='grc' dir='ltr'><strong>τὸ</strong></span> <span class='ocrx_word' id='word_1_181' title='bbox 3238 1639 3395 1710; x_wconf 82' lang='grc' dir='ltr'>σῶμα</span> <span class='ocrx_word' id='word_1_182' title='bbox 3419 1656 3433 1671; x_wconf 88' lang='grc'><strong>·</strong></span> <span class='ocrx_word' id='word_1_183' title='bbox 3459 1637 3587 1690; x_wconf 70' lang='grc' dir='ltr'>ἐπεὶ</span> <span class='ocrx_word' id='word_1_184' title='bbox 3613 1637 3719 1689; x_wconf 74' lang='grc' dir='ltr'><strong>καὶ</strong></span> 
     </span>
    </p>
   </div>
   <div class='ocr_carea' id='block_1_26' title="bbox 475 1730 2062 1816">
    <p class='ocr_par' dir='ltr' id='par_1_26' title="bbox 475 1740 2055 1816">
     <span class='ocr_line' id='line_1_26' title="bbox 475 1740 2055 1816; baseline -0.005 -17"><span class='ocrx_word' id='word_1_185' title='bbox 475 1746 658 1816; x_wconf 88' lang='lat' dir='ltr'><strong>ptismi</strong></span> <span class='ocrx_word' id='word_1_186' title='bbox 696 1745 875 1801; x_wconf 87' lang='lat' dir='ltr'><strong>nostri</strong></span> <span class='ocrx_word' id='word_1_187' title='bbox 928 1744 1203 1816; x_wconf 85' lang='lat' dir='ltr'><strong>primitias</strong></span> <span class='ocrx_word' id='word_1_188' title='bbox 1248 1740 1655 1806; x_wconf 83' lang='lat' dir='ltr'><strong>subindicabat,</strong></span> <span class='ocrx_word' id='word_1_189' title='bbox 1687 1746 1803 1792; x_wconf 88' lang='lat' dir='ltr'><strong>tum</strong></span> <span class='ocrx_word' id='word_1_190' title='bbox 1852 1749 2055 1805; x_wconf 83' lang='lat' dir='ltr'><strong>corpus</strong></span> 
     </span>
    </p>
   </div>
   <div class='ocr_carea' id='block_1_27' title="bbox 2185 1730 3714 1816">
    <p class='ocr_par' dir='ltr' id='par_1_27' title="bbox 2185 1730 3714 1810">
     <span class='ocr_line' id='line_1_27' title="bbox 2185 1730 3714 1810; baseline -0.009 -16"><span class='ocrx_word' id='word_1_191' title='bbox 2185 1739 2301 1808; x_wconf 89' lang='grc' dir='ltr'>ῦτο,</span> <span class='ocrx_word' id='word_1_192' title='bbox 2323 1740 2491 1810; x_wconf 79' lang='grc' dir='ltr'>ῆγουν</span> <span class='ocrx_word' id='word_1_193' title='bbox 2513 1739 2574 1791; x_wconf 85' lang='grc' dir='ltr'>τὸ</span> <span class='ocrx_word' id='word_1_194' title='bbox 2609 1738 2793 1807; x_wconf 87' lang='grc' dir='ltr'>σῶμα,</span> <span class='ocrx_word' id='word_1_195' title='bbox 2822 1739 2885 1808; x_wconf 82' lang='grc' dir='ltr'><strong>τῇ</strong></span> <span class='ocrx_word' id='word_1_196' title='bbox 2920 1734 3114 1789; x_wconf 84' lang='grc' dir='ltr'>θεὼσει</span> <span class='ocrx_word' id='word_1_197' title='bbox 3140 1730 3292 1798; x_wconf 79' lang='grc' dir='ltr'>Θεὸς,</span> <span class='ocrx_word' id='word_1_198' title='bbox 3324 1730 3417 1784; x_wconf 80' lang='grc' dir='ltr'>καὶ</span> <span class='ocrx_word' id='word_1_199' title='bbox 3454 1730 3573 1799; x_wconf 76' lang='grc' dir='ltr'>ἅμα</span> <span class='ocrx_word' id='word_1_200' title='bbox 3600 1745 3714 1781; x_wconf 82' lang='grc' dir='ltr'><strong>που</strong></span> 
     </span>
    </p>
   </div>
   <div class='ocr_carea' id='block_1_28' title="bbox 481 1820 2062 1906">
    <p class='ocr_par' dir='ltr' id='par_1_28' title="bbox 481 1828 2057 1906">
     <span class='ocr_line' id='line_1_28' title="bbox 481 1828 2057 1906; baseline -0.006 -15"><span class='ocrx_word' id='word_1_201' title='bbox 481 1837 879 1892; x_wconf 86' lang='lat' dir='ltr'><strong>cohonestabat</strong></span> <span class='ocrx_word' id='word_1_202' title='bbox 907 1851 921 1890; x_wconf 91' lang='lat'><strong>:</strong></span> <span class='ocrx_word' id='word_1_203' title='bbox 952 1835 1213 1906; x_wconf 88' lang='lat' dir='ltr'><strong>quoniam</strong></span> <span class='ocrx_word' id='word_1_204' title='bbox 1248 1842 1302 1891; x_wconf 89' lang='lat' dir='ltr'><strong>et</strong></span> <span class='ocrx_word' id='word_1_205' title='bbox 1334 1834 1437 1888; x_wconf 91' lang='lat' dir='ltr'><strong>hoc</strong></span> <span class='ocrx_word' id='word_1_206' title='bbox 1459 1846 1679 1904; x_wconf 84' lang='lat' dir='ltr'><strong>quoque</strong></span> <span class='ocrx_word' id='word_1_207' title='bbox 1709 1844 1806 1901; x_wconf 87' lang='lat' dir='ltr'><strong>per</strong></span> <span class='ocrx_word' id='word_1_208' title='bbox 1835 1828 2057 1884; x_wconf 88' lang='lat' dir='ltr'><strong>deiﬁca-</strong></span> 
     </span>
    </p>
   </div>
   <div class='ocr_carea' id='block_1_29' title="bbox 2185 1820 3721 1906">
    <p class='ocr_par' dir='ltr' id='par_1_29' title="bbox 2185 1820 3721 1902">
     <span class='ocr_line' id='line_1_29' title="bbox 2185 1820 3721 1902; baseline -0.01 -14"><span class='ocrx_word' id='word_1_209' title='bbox 2185 1834 2328 1888; x_wconf 69' lang='lat' dir='ltr'><strong>wOsv</strong></span> <span class='ocrx_word' id='word_1_210' title='bbox 2355 1831 2586 1887; x_wconf 75' lang='grc' dir='ltr'>εἴθισται</span> <span class='ocrx_word' id='word_1_211' title='bbox 2608 1829 2909 1902; x_wconf 80' lang='grc' dir='ltr'>περιστερά</span> <span class='ocrx_word' id='word_1_212' title='bbox 2938 1828 3094 1882; x_wconf 84' lang='grc' dir='ltr'>λύσιν</span> <span class='ocrx_word' id='word_1_213' title='bbox 3126 1821 3517 1893; x_wconf 73' lang='grc' dir='ltr'><strong>κατακλυσμοῦ</strong></span> <span class='ocrx_word' id='word_1_214' title='bbox 3544 1820 3721 1888; x_wconf 78' lang='grc' dir='ltr'>εὐαγ-</span> 
     </span>
    </p>
   </div>
   <div class='ocr_carea' id='block_1_30' title="bbox 480 1918 2062 1997">
    <p class='ocr_par' dir='ltr' id='par_1_30' title="bbox 480 1920 2060 1996">
     <span class='ocr_line' id='line_1_30' title="bbox 480 1920 2060 1996; baseline -0.006 -12"><span class='ocrx_word' id='word_1_215' title='bbox 480 1929 689 1985; x_wconf 84' lang='lat' dir='ltr'><strong>tionem</strong></span> <span class='ocrx_word' id='word_1_216' title='bbox 740 1926 886 1983; x_wconf 88' lang='lat' dir='ltr'><strong>Deus</strong></span> <span class='ocrx_word' id='word_1_217' title='bbox 926 1937 1064 1982; x_wconf 88' lang='lat' dir='ltr'><strong>erat.</strong></span> <span class='ocrx_word' id='word_1_218' title='bbox 1116 1925 1286 1989; x_wconf 87' lang='lat' dir='ltr'><strong>Adde,</strong></span> <span class='ocrx_word' id='word_1_219' title='bbox 1336 1922 1483 1996; x_wconf 85' lang='lat' dir='ltr'><strong>quod</strong></span> <span class='ocrx_word' id='word_1_220' title='bbox 1524 1920 1777 1978; x_wconf 88' lang='lat' dir='ltr'><strong>columba</strong></span> <span class='ocrx_word' id='word_1_221' title='bbox 1808 1932 2060 1975; x_wconf 83' lang='lat' dir='ltr'><strong>cessasse</strong></span> 
     </span>
    </p>
   </div>
   <div class='ocr_carea' id='block_1_31' title="bbox 2185 1918 3715 1997">
    <p class='ocr_par' dir='ltr' id='par_1_31' title="bbox 2187 1918 3715 1992">
     <span class='ocr_line' id='line_1_31' title="bbox 2187 1918 3715 1992; baseline -0.01 -12"><span class='ocrx_word' id='word_1_222' title='bbox 2187 1926 2455 1992; x_wconf 76' lang='grc' dir='ltr'>λίζεσθαι.</span> <span class='ocrx_word' id='word_1_223' title='bbox 2493 1924 2618 1979; x_wconf 70' lang='grc' dir='ltr'>Ἐπὶ</span> <span class='ocrx_word' id='word_1_224' title='bbox 2654 1923 2712 1978; x_wconf 81' lang='grc' dir='ltr'>δὲ</span> <span class='ocrx_word' id='word_1_225' title='bbox 2737 1924 2863 1987; x_wconf 78' lang='grc' dir='ltr'>τοὺς</span> <span class='ocrx_word' id='word_1_226' title='bbox 2889 1921 3078 1991; x_wconf 81' lang='grc' dir='ltr'><strong>ἁγίους</strong></span> <span class='ocrx_word' id='word_1_227' title='bbox 3114 1918 3450 1979; x_wconf 74' lang='grc' dir='ltr'><strong>ἀποστόλους</strong></span> <span class='ocrx_word' id='word_1_228' title='bbox 3482 1930 3715 1984; x_wconf 78' lang='grc' dir='ltr'>πυροειο</span> 
     </span>
    </p>
   </div>
   <div class='ocr_carea' id='block_1_32' title="bbox 482 2005 2062 2099">
    <p class='ocr_par' dir='ltr' id='par_1_32' title="bbox 482 2011 2058 2099">
     <span class='ocr_line' id='line_1_32' title="bbox 482 2011 2058 2099; baseline -0.006 -25"><span class='ocrx_word' id='word_1_229' title='bbox 482 2021 748 2099; x_wconf 82' lang='lat' dir='ltr'><strong>diluvium</strong></span> <span class='ocrx_word' id='word_1_230' title='bbox 805 2018 937 2074; x_wconf 88' lang='lat' dir='ltr'><strong>olim</strong></span> <span class='ocrx_word' id='word_1_231' title='bbox 986 2017 1340 2072; x_wconf 84' lang='lat' dir='ltr'><strong>nuntiaverit.</strong></span> <span class='ocrx_word' id='word_1_232' title='bbox 1393 2014 1537 2087; x_wconf 92' lang='lat' dir='ltr'><strong>Ignis</strong></span> <span class='ocrx_word' id='word_1_233' title='bbox 1588 2028 1719 2069; x_wconf 84' lang='lat' dir='ltr'><strong>vero</strong></span> <span class='ocrx_word' id='word_1_234' title='bbox 1774 2012 1955 2082; x_wconf 83' lang='lat' dir='ltr'><strong>specie</strong></span> <span class='ocrx_word' id='word_1_235' title='bbox 2002 2011 2058 2066; x_wconf 90' lang='lat' dir='ltr'><strong>in</strong></span> 
     </span>
    </p>
   </div>
   <div class='ocr_carea' id='block_1_33' title="bbox 2185 2005 3719 2099">
    <p class='ocr_par' dir='ltr' id='par_1_33' title="bbox 2185 2005 3719 2086">
     <span class='ocr_line' id='line_1_33' title="bbox 2185 2005 3719 2086; baseline -0.011 -15"><span class='ocrx_word' id='word_1_236' title='bbox 2185 2019 2227 2083; x_wconf 67' lang='lat' dir='ltr'><strong>ig</strong></span> <span class='ocrx_word' id='word_1_237' title='bbox 2259 2017 2496 2073; x_wconf 84' lang='grc' dir='ltr'><strong>κάτεισι.</strong></span> <span class='ocrx_word' id='word_1_238' title='bbox 2521 2016 2653 2082; x_wconf 77' lang='grc' dir='ltr'>Θεὸς</span> <span class='ocrx_word' id='word_1_239' title='bbox 2696 2015 2807 2086; x_wconf 89' lang='grc' dir='ltr'><strong>γάρ</strong></span> <span class='ocrx_word' id='word_1_240' title='bbox 2858 2015 3005 2067; x_wconf 76' lang='grc' dir='ltr'>ἐστιν</span> <span class='ocrx_word' id='word_1_241' title='bbox 3038 2025 3054 2041; x_wconf 86' lang='grc'><em>’</em></span> <span class='ocrx_word' id='word_1_242' title='bbox 3092 2013 3121 2065; x_wconf 85' lang='grc' dir='ltr'>ὁ</span> <span class='ocrx_word' id='word_1_243' title='bbox 3163 2010 3219 2065; x_wconf 86' lang='grc' dir='ltr'>δὲ</span> <span class='ocrx_word' id='word_1_244' title='bbox 3246 2008 3378 2072; x_wconf 81' lang='grc' dir='ltr'>Θεὸς</span> <span class='ocrx_word' id='word_1_245' title='bbox 3410 2005 3524 2078; x_wconf 88' lang='grc' dir='ltr'><strong>πῦρ</strong></span> <span class='ocrx_word' id='word_1_246' title='bbox 3572 2020 3719 2056; x_wconf 61' lang='grc' dir='ltr'>κατ’</span> 
     </span>
    </p>
   </div>
   <div class='ocr_carea' id='block_1_34' title="bbox 486 2103 2062 2181">
    <p class='ocr_par' dir='ltr' id='par_1_34' title="bbox 486 2103 2057 2181">
     <span class='ocr_line' id='line_1_34' title="bbox 486 2103 2057 2181; baseline -0.007 -14"><span class='ocrx_word' id='word_1_247' title='bbox 486 2124 705 2167; x_wconf 84' lang='lat' dir='ltr'><strong>sanctos</strong></span> <span class='ocrx_word' id='word_1_248' title='bbox 737 2111 1018 2181; x_wconf 87' lang='lat' dir='ltr'><strong>apostolos</strong></span> <span class='ocrx_word' id='word_1_249' title='bbox 1055 2107 1338 2164; x_wconf 85' lang='lat' dir='ltr'><strong>descendit</strong></span> <span class='ocrx_word' id='word_1_250' title='bbox 1383 2107 1431 2173; x_wconf 83' lang='grc'>⁸,</span> <span class='ocrx_word' id='word_1_251' title='bbox 1455 2121 1521 2162; x_wconf 90' lang='lat' dir='ltr'><strong>eo</strong></span> <span class='ocrx_word' id='word_1_252' title='bbox 1552 2106 1697 2177; x_wconf 90' lang='lat' dir='ltr'><strong>quod</strong></span> <span class='ocrx_word' id='word_1_253' title='bbox 1726 2103 1869 2158; x_wconf 88' lang='lat' dir='ltr'><strong>Deus</strong></span> <span class='ocrx_word' id='word_1_254' title='bbox 1891 2110 2057 2159; x_wconf 89' lang='lat' dir='ltr'><strong>esset.</strong></span> 
     </span>
    </p>
   </div>
   <div class='ocr_carea' id='block_1_35' title="bbox 2185 2103 2597 2181">
    <p class='ocr_par' dir='ltr' id='par_1_35' title="bbox 2185 2108 2597 2167">
     <span class='ocr_line' id='line_1_35' title="bbox 2185 2108 2597 2167; baseline -0.012 0"><span class='ocrx_word' id='word_1_255' title='bbox 2185 2111 2420 2167; x_wconf 76' lang='grc' dir='ltr'>ναλίσκον</span> <span class='ocrx_word' id='word_1_256' title='bbox 2456 2108 2597 2163; x_wconf 70' lang='grc' dir='ltr'>ἔστί.</span> 
     </span>
    </p>
   </div>
   <div class='ocr_carea' id='block_1_36' title="bbox 489 2201 1531 2272">
    <p class='ocr_par' dir='ltr' id='par_1_36' title="bbox 489 2201 1531 2272">
     <span class='ocr_line' id='line_1_36' title="bbox 489 2201 1531 2272; baseline -0.004 -15"><span class='ocrx_word' id='word_1_257' title='bbox 489 2204 625 2257; x_wconf 87' lang='lat' dir='ltr'><strong>Deus</strong></span> <span class='ocrx_word' id='word_1_258' title='bbox 656 2204 795 2257; x_wconf 88' lang='lat' dir='ltr'><strong>enim</strong></span> <span class='ocrx_word' id='word_1_259' title='bbox 826 2202 963 2272; x_wconf 80' lang='lat' dir='ltr'><strong>ignis</strong></span> <span class='ocrx_word' id='word_1_260' title='bbox 1010 2216 1320 2255; x_wconf 77' lang='lat' dir='ltr'><strong>consumens</strong></span> <span class='ocrx_word' id='word_1_261' title='bbox 1357 2207 1437 2254; x_wconf 87' lang='lat' dir='ltr'><strong>est</strong></span> <span class='ocrx_word' id='word_1_262' title='bbox 1489 2201 1531 2253; x_wconf 73' lang='grc'>⁵.</span> 
     </span>
    </p>
   </div>
   <div class='ocr_carea' id='block_1_37' title="bbox 555 2286 2059 2357">
    <p class='ocr_par' dir='ltr' id='par_1_37' title="bbox 555 2286 2059 2357">
     <span class='ocr_line' id='line_1_37' title="bbox 555 2286 2059 2357; baseline -0.009 -6"><span class='ocrx_word' id='word_1_263' title='bbox 555 2295 675 2351; x_wconf 87' lang='lat' dir='ltr'><strong>Olei</strong></span> <span class='ocrx_word' id='word_1_264' title='bbox 707 2297 911 2351; x_wconf 82' lang='lat' dir='ltr'><strong>unctio.</strong></span> <span class='ocrx_word' id='word_1_265' title='bbox 946 2325 1016 2336; x_wconf 93' lang='lat'><strong>—</strong></span> <span class='ocrx_word' id='word_1_266' title='bbox 1044 2296 1113 2350; x_wconf 84' lang='lat' dir='ltr'><strong>At</strong></span> <span class='ocrx_word' id='word_1_267' title='bbox 1150 2308 1279 2349; x_wconf 88' lang='lat' dir='ltr'><strong>vero</strong></span> <span class='ocrx_word' id='word_1_268' title='bbox 1307 2292 1491 2347; x_wconf 89' lang='lat' dir='ltr'><strong>oleum</strong></span> <span class='ocrx_word' id='word_1_269' title='bbox 1527 2289 1737 2346; x_wconf 89' lang='lat' dir='ltr'><strong>idcirco</strong></span> <span class='ocrx_word' id='word_1_270' title='bbox 1766 2288 1834 2342; x_wconf 89' lang='lat' dir='ltr'><strong>ad</strong></span> <span class='ocrx_word' id='word_1_271' title='bbox 1877 2286 2059 2357; x_wconf 89' lang='lat' dir='ltr'><strong>bapti-</strong></span> 
     </span>
    </p>
   </div>
   <div class='ocr_carea' id='block_1_38' title="bbox 2198 2275 3722 2357">
    <p class='ocr_par' dir='ltr' id='par_1_38' title="bbox 2198 2275 3722 2357">
     <span class='ocr_line' id='line_1_38' title="bbox 2198 2275 3722 2357; baseline -0.013 -14"><span class='ocrx_word' id='word_1_272' title='bbox 2198 2289 2273 2343; x_wconf 81' lang='grc' dir='ltr'><strong>Τὸ</strong></span> <span class='ocrx_word' id='word_1_273' title='bbox 2314 2286 2495 2343; x_wconf 71' lang='grc' dir='ltr'>ἔλαιον</span> <span class='ocrx_word' id='word_1_274' title='bbox 2668 2282 3011 2357; x_wconf 80' lang='grc' dir='ltr'>βαπτίσματι</span> <span class='ocrx_word' id='word_1_275' title='bbox 3048 2275 3542 2351; x_wconf 75' lang='grc' dir='ltr'>παραλαμϐάνεται</span> <span class='ocrx_word' id='word_1_276' title='bbox 3566 2315 3582 2339; x_wconf 92' lang='grc'><strong>,</strong></span> <span class='ocrx_word' id='word_1_277' title='bbox 3614 2288 3722 2343; x_wconf 66' lang='grc' dir='ltr'><strong>μη-</strong></span> 
     </span>
    </p>
   </div>
   <div class='ocr_carea' id='block_1_39' title="bbox 483 2367 2062 2457">
    <p class='ocr_par' dir='ltr' id='par_1_39' title="bbox 483 2378 2061 2457">
     <span class='ocr_line' id='line_1_39' title="bbox 483 2378 2061 2457; baseline -0.008 -13"><span class='ocrx_word' id='word_1_278' title='bbox 483 2406 666 2445; x_wconf 86' lang='lat' dir='ltr'><strong>smum</strong></span> <span class='ocrx_word' id='word_1_279' title='bbox 699 2388 1021 2452; x_wconf 88' lang='lat' dir='ltr'><strong>adhibetur,</strong></span> <span class='ocrx_word' id='word_1_280' title='bbox 1065 2387 1196 2457; x_wconf 87' lang='lat' dir='ltr'><strong>quia</strong></span> <span class='ocrx_word' id='word_1_281' title='bbox 1224 2385 1540 2440; x_wconf 81' lang='lat' dir='ltr'><strong>unctionem</strong></span> <span class='ocrx_word' id='word_1_282' title='bbox 1569 2392 1814 2439; x_wconf 89' lang='lat' dir='ltr'><strong>nostram</strong></span> <span class='ocrx_word' id='word_1_283' title='bbox 1849 2378 2061 2450; x_wconf 86' lang='lat' dir='ltr'><strong>signiﬁ-</strong></span> 
     </span>
    </p>
   </div>
   <div class='ocr_carea' id='block_1_40' title="bbox 2185 2367 3721 2457">
    <p class='ocr_par' dir='ltr' id='par_1_40' title="bbox 2185 2367 3721 2453">
     <span class='ocr_line' id='line_1_40' title="bbox 2185 2367 3721 2453; baseline -0.013 -17"><span class='ocrx_word' id='word_1_284' title='bbox 2185 2383 2253 2438; x_wconf 57' lang='grc' dir='ltr'>ιον</span> <span class='ocrx_word' id='word_1_285' title='bbox 2294 2382 2395 2453; x_wconf 84' lang='grc' dir='ltr'>τὴν</span> <span class='ocrx_word' id='word_1_286' title='bbox 2424 2378 2607 2453; x_wconf 87' lang='grc' dir='ltr'>χρίσιν</span> <span class='ocrx_word' id='word_1_287' title='bbox 2691 2374 2881 2448; x_wconf 76' lang='grc' dir='ltr'>ἡμῶν,</span> <span class='ocrx_word' id='word_1_288' title='bbox 2914 2372 3010 2428; x_wconf 79' lang='grc' dir='ltr'>καὶ</span> <span class='ocrx_word' id='word_1_289' title='bbox 3054 2370 3312 2444; x_wconf 78' lang='grc' dir='ltr'>χριστοὺς</span> <span class='ocrx_word' id='word_1_290' title='bbox 3339 2368 3493 2440; x_wconf 74' lang='grc' dir='ltr'>ἡμᾶς</span> <span class='ocrx_word' id='word_1_291' title='bbox 3547 2367 3721 2435; x_wconf 78' lang='grc' dir='ltr'>ὲργαο</span> 
     </span>
    </p>
   </div>
   <div class='ocr_carea' id='block_1_41' title="bbox 482 2456 2062 2549">
    <p class='ocr_par' dir='ltr' id='par_1_41' title="bbox 482 2456 2062 2549">
     <span class='ocr_line' id='line_1_41' title="bbox 482 2456 2062 2549; baseline -0.006 -15"><span class='ocrx_word' id='word_1_292' title='bbox 482 2489 594 2544; x_wconf 85' lang='lat' dir='ltr'><strong>cat,</strong></span> <span class='ocrx_word' id='word_1_293' title='bbox 637 2493 853 2549; x_wconf 88' lang='lat' dir='ltr'><strong>nosque</strong></span> <span class='ocrx_word' id='word_1_294' title='bbox 881 2456 1127 2534; x_wconf 81' lang='lat' dir='ltr'><strong>christos</strong></span> <span class='ocrx_word' id='word_1_295' title='bbox 1159 2476 1325 2543; x_wconf 88' lang='lat' dir='ltr'><strong>facit,</strong></span> <span class='ocrx_word' id='word_1_296' title='bbox 1359 2477 1586 2547; x_wconf 87' lang='lat' dir='ltr'><strong>insuper</strong></span> <span class='ocrx_word' id='word_1_297' title='bbox 1624 2472 1720 2529; x_wconf 89' lang='lat' dir='ltr'><strong>Dei</strong></span> <span class='ocrx_word' id='word_1_298' title='bbox 1752 2470 2062 2528; x_wconf 87' lang='lat' dir='ltr'><strong>misericor-</strong></span> 
     </span>
    </p>
   </div>
   <div class='ocr_carea' id='block_1_42' title="bbox 2185 2456 3725 2549">
    <p class='ocr_par' dir='ltr' id='par_1_42' title="bbox 2185 2456 3725 2547">
     <span class='ocr_line' id='line_1_42' title="bbox 2185 2456 3725 2547; baseline -0.012 -21"><span class='ocrx_word' id='word_1_299' title='bbox 2185 2477 2378 2547; x_wconf 74' lang='grc' dir='ltr'>ἱμενον,</span> <span class='ocrx_word' id='word_1_300' title='bbox 2412 2471 2621 2528; x_wconf 80' lang='grc' dir='ltr'>καὶτὸν</span> <span class='ocrx_word' id='word_1_301' title='bbox 2650 2469 2746 2524; x_wconf 88' lang='grc' dir='ltr'><strong>τοῦ</strong></span> <span class='ocrx_word' id='word_1_302' title='bbox 2780 2467 2918 2523; x_wconf 83' lang='grc' dir='ltr'><strong>Θεοῦ</strong></span> <span class='ocrx_word' id='word_1_303' title='bbox 2948 2466 3085 2539; x_wconf 77' lang='grc' dir='ltr'>ἡμῖν</span> <span class='ocrx_word' id='word_1_304' title='bbox 3126 2460 3607 2531; x_wconf 72' lang='grc' dir='ltr'>ἐπαγγελλόμενον</span> <span class='ocrx_word' id='word_1_305' title='bbox 3630 2456 3725 2508; x_wconf 69' lang='grc' dir='ltr'><strong>διὰ</strong></span> 
     </span>
    </p>
   </div>
   <div class='ocr_carea' id='block_1_43' title="bbox 484 2546 2062 2644">
    <p class='ocr_par' dir='ltr' id='par_1_43' title="bbox 484 2546 2062 2644">
     <span class='ocr_line' id='line_1_43' title="bbox 484 2546 2062 2644; baseline -0.002 -20"><span class='ocrx_word' id='word_1_306' title='bbox 484 2574 629 2628; x_wconf 84' lang='lat' dir='ltr'><strong>diam</strong></span> <span class='ocrx_word' id='word_1_307' title='bbox 659 2546 1056 2644; x_wconf 31' lang='lat' dir='ltr'><strong>pervSpiritum</strong></span> <span class='ocrx_word' id='word_1_308' title='bbox 1091 2579 1342 2626; x_wconf 86' lang='lat' dir='ltr'><strong>sanctum</strong></span> <span class='ocrx_word' id='word_1_309' title='bbox 1379 2546 1541 2627; x_wconf 84' lang='lat' dir='ltr'><strong>nobis</strong></span> <span class='ocrx_word' id='word_1_310' title='bbox 1574 2568 1883 2637; x_wconf 87' lang='lat' dir='ltr'><strong>pollicetur.</strong></span> <span class='ocrx_word' id='word_1_311' title='bbox 1925 2564 2062 2622; x_wconf 84' lang='lat' dir='ltr'><strong>Nam</strong></span> 
     </span>
    </p>
   </div>
   <div class='ocr_carea' id='block_1_44' title="bbox 2185 2546 3725 2644">
    <p class='ocr_par' dir='ltr' id='par_1_44' title="bbox 2185 2546 3725 2636">
     <span class='ocr_line' id='line_1_44' title="bbox 2185 2546 3725 2636; baseline -0.014 -18"><span class='ocrx_word' id='word_1_312' title='bbox 2185 2546 2223 2620; x_wconf 86' lang='grc' dir='ltr'><strong>ιῦ</strong></span> <span class='ocrx_word' id='word_1_313' title='bbox 2251 2567 2408 2636; x_wconf 82' lang='grc' dir='ltr'>ἁγίου</span> <span class='ocrx_word' id='word_1_314' title='bbox 2442 2564 2762 2634; x_wconf 79' lang='grc' dir='ltr'>Πνεῦματος</span> <span class='ocrx_word' id='word_1_315' title='bbox 2790 2560 2960 2620; x_wconf 75' lang='grc' dir='ltr'>ἔλεον,</span> <span class='ocrx_word' id='word_1_316' title='bbox 2988 2556 3112 2609; x_wconf 72' lang='grc' dir='ltr'>ἐπεὶ</span> <span class='ocrx_word' id='word_1_317' title='bbox 3150 2553 3245 2607; x_wconf 77' lang='grc' dir='ltr'><strong>καὶ</strong></span> <span class='ocrx_word' id='word_1_318' title='bbox 3288 2551 3503 2621; x_wconf 76' lang='grc' dir='ltr'>κάρφος</span> <span class='ocrx_word' id='word_1_319' title='bbox 3534 2546 3725 2608; x_wconf 74' lang='grc' dir='ltr'>ἐλαίας</span> 
     </span>
    </p>
   </div>
   <div class='ocr_carea' id='block_1_45' title="bbox 483 2639 2062 2735">
    <p class='ocr_par' dir='ltr' id='par_1_45' title="bbox 483 2663 2062 2735">
     <span class='ocr_line' id='line_1_45' title="bbox 483 2663 2062 2735; baseline -0.005 -14"><span class='ocrx_word' id='word_1_320' title='bbox 483 2678 535 2721; x_wconf 88' lang='lat' dir='ltr'><strong>et</strong></span> <span class='ocrx_word' id='word_1_321' title='bbox 557 2667 809 2722; x_wconf 84' lang='lat' dir='ltr'><strong>columba</strong></span> <span class='ocrx_word' id='word_1_322' title='bbox 852 2665 961 2721; x_wconf 86' lang='lat' dir='ltr'><strong>illis</strong></span> <span class='ocrx_word' id='word_1_323' title='bbox 990 2664 1083 2735; x_wconf 92' lang='lat' dir='ltr'><strong>qui</strong></span> <span class='ocrx_word' id='word_1_324' title='bbox 1119 2665 1421 2719; x_wconf 86' lang='lat' dir='ltr'><strong>incolumes</strong></span> <span class='ocrx_word' id='word_1_325' title='bbox 1450 2679 1480 2719; x_wconf 90' lang='lat' dir='ltr'><strong>e</strong></span> <span class='ocrx_word' id='word_1_326' title='bbox 1510 2663 1718 2719; x_wconf 88' lang='lat' dir='ltr'><strong>diluvio</strong></span> <span class='ocrx_word' id='word_1_327' title='bbox 1750 2667 2062 2725; x_wconf 82' lang='lat' dir='ltr'><strong>evaserant,</strong></span> 
     </span>
    </p>
   </div>
   <div class='ocr_carea' id='block_1_46' title="bbox 2185 2639 3723 2735">
    <p class='ocr_par' dir='ltr' id='par_1_46' title="bbox 2185 2639 3723 2726">
     <span class='ocr_line' id='line_1_46' title="bbox 2185 2639 3723 2726; baseline -0.014 -14"><span class='ocrx_word' id='word_1_328' title='bbox 2185 2663 2243 2726; x_wconf 64' lang='grc' dir='ltr'><strong>μϊς</strong></span> <span class='ocrx_word' id='word_1_329' title='bbox 2269 2662 2333 2714; x_wconf 81' lang='grc' dir='ltr'><strong>ὲκ</strong></span> <span class='ocrx_word' id='word_1_330' title='bbox 2356 2658 2452 2713; x_wconf 83' lang='grc' dir='ltr'><strong>τοῦ</strong></span> <span class='ocrx_word' id='word_1_331' title='bbox 2497 2650 2891 2724; x_wconf 80' lang='grc' dir='ltr'>κατακλυσμοῦ</span> <span class='ocrx_word' id='word_1_332' title='bbox 2933 2646 3319 2720; x_wconf 84' lang='grc' dir='ltr'>περισωθεῖσιν</span> <span class='ocrx_word' id='word_1_333' title='bbox 3348 2646 3384 2717; x_wconf 76' lang='grc' dir='ltr'>ἡ</span> <span class='ocrx_word' id='word_1_334' title='bbox 3412 2639 3723 2714; x_wconf 80' lang='grc' dir='ltr'>περιστερᾶ</span> 
     </span>
    </p>
   </div>
   <div class='ocr_carea' id='block_1_47' title="bbox 483 2751 1990 2827">
    <p class='ocr_par' dir='ltr' id='par_1_47' title="bbox 483 2751 1990 2827">
     <span class='ocr_line' id='line_1_47' title="bbox 483 2751 1990 2827; baseline -0.005 -14"><span class='ocrx_word' id='word_1_335' title='bbox 483 2761 617 2813; x_wconf 68' lang='lat' dir='ltr'><strong>oleae</strong></span> <span class='ocrx_word' id='word_1_336' title='bbox 648 2772 862 2812; x_wconf 88' lang='lat' dir='ltr'><strong>ramum</strong></span> <span class='ocrx_word' id='word_1_337' title='bbox 897 2766 1095 2827; x_wconf 68' lang='lat' dir='ltr'><strong>praeter</strong></span> <span class='ocrx_word' id='word_1_338' title='bbox 1129 2770 1347 2811; x_wconf 88' lang='lat' dir='ltr'><strong>onmem</strong></span> <span class='ocrx_word' id='word_1_339' title='bbox 1375 2770 1528 2825; x_wconf 77' lang='grc' dir='ltr'>ερριη</span> <span class='ocrx_word' id='word_1_340' title='bbox 1561 2755 1689 2810; x_wconf 90' lang='lat' dir='ltr'><strong>olim</strong></span> <span class='ocrx_word' id='word_1_341' title='bbox 1721 2753 1905 2807; x_wconf 83' lang='lat' dir='ltr'><strong>attulit</strong></span> <span class='ocrx_word' id='word_1_342' title='bbox 1949 2751 1990 2807; x_wconf 84' lang='grc'>⁸.</span> 
     </span>
    </p>
   </div>
   <div class='ocr_carea' id='block_1_48' title="bbox 552 2844 2067 2918">
    <p class='ocr_par' dir='ltr' id='par_1_48' title="bbox 552 2844 2067 2918">
     <span class='ocr_line' id='line_1_48' title="bbox 552 2844 2067 2918; baseline -0.004 -15"><span class='ocrx_word' id='word_1_343' title='bbox 552 2848 808 2915; x_wconf 82' lang='lat' dir='ltr'><strong>Joannes,</strong></span> <span class='ocrx_word' id='word_1_344' title='bbox 848 2858 905 2903; x_wconf 89' lang='lat' dir='ltr'><strong>ut</strong></span> <span class='ocrx_word' id='word_1_345' title='bbox 948 2848 1275 2918; x_wconf 82' lang='lat' dir='ltr'><strong>baptizatus.</strong></span> <span class='ocrx_word' id='word_1_346' title='bbox 1323 2877 1378 2886; x_wconf 98' lang='lat'><strong>—</strong></span> <span class='ocrx_word' id='word_1_347' title='bbox 1407 2846 1651 2902; x_wconf 80' lang='lat' dir='ltr'><strong>Joannes</strong></span> <span class='ocrx_word' id='word_1_348' title='bbox 1691 2846 1948 2916; x_wconf 88' lang='lat' dir='ltr'><strong>imposita</strong></span> <span class='ocrx_word' id='word_1_349' title='bbox 1982 2844 2067 2899; x_wconf 83' lang='lat' dir='ltr'><strong>di—</strong></span> 
     </span>
    </p>
   </div>
   <div class='ocr_carea' id='block_1_49' title="bbox 2135 2752 2453 2823">
    <p class='ocr_par' dir='ltr' id='par_1_49' title="bbox 2135 2752 2453 2823">
     <span class='ocr_line' id='line_1_49' title="bbox 2135 2752 2453 2823; baseline -0.019 -15"><span class='ocrx_word' id='word_1_350' title='bbox 2135 2752 2453 2823; x_wconf 88' lang='grc' dir='ltr'>κεκόμικεν.</span> 
     </span>
    </p>
   </div>
   <div class='ocr_carea' id='block_1_50' title="bbox 2217 2821 3727 2927">
    <p class='ocr_par' dir='ltr' id='par_1_50' title="bbox 2217 2821 3727 2927">
     <span class='ocr_line' id='line_1_50' title="bbox 2217 2821 3727 2927; baseline -0.017 -28"><span class='ocrx_word' id='word_1_351' title='bbox 2217 2821 2554 2927; x_wconf 64' lang='grc' dir='ltr'>Ἐδαπτίσθη</span> <span class='ocrx_word' id='word_1_352' title='bbox 2587 2837 2846 2908; x_wconf 80' lang='grc' dir='ltr'><strong>Ἰωάννης</strong></span> <span class='ocrx_word' id='word_1_353' title='bbox 2870 2875 2886 2901; x_wconf 93' lang='grc'><strong>,</strong></span> <span class='ocrx_word' id='word_1_354' title='bbox 2911 2833 3008 2906; x_wconf 77' lang='grc' dir='ltr'>τὴν</span> <span class='ocrx_word' id='word_1_355' title='bbox 3049 2834 3210 2904; x_wconf 79' lang='grc' dir='ltr'>χεῖρα</span> <span class='ocrx_word' id='word_1_356' title='bbox 3257 2827 3470 2891; x_wconf 73' lang='grc' dir='ltr'>ἐπιθεὶς</span> <span class='ocrx_word' id='word_1_357' title='bbox 3497 2826 3595 2879; x_wconf 76' lang='grc' dir='ltr'><strong>ἐπὶ</strong></span> <span class='ocrx_word' id='word_1_358' title='bbox 3625 2821 3727 2894; x_wconf 75' lang='grc' dir='ltr'>τὴν</span> 
     </span>
    </p>
   </div>
   <div class='ocr_carea' id='block_1_51' title="bbox 484 2919 2062 3011">
    <p class='ocr_par' dir='ltr' id='par_1_51' title="bbox 484 2933 2062 3011">
     <span class='ocr_line' id='line_1_51' title="bbox 484 2933 2062 3011; baseline -0.004 -17"><span class='ocrx_word' id='word_1_359' title='bbox 484 2942 615 2996; x_wconf 83' lang='lat' dir='ltr'><strong>vino</strong></span> <span class='ocrx_word' id='word_1_360' title='bbox 653 2940 868 2996; x_wconf 89' lang='lat' dir='ltr'><strong>Domini</strong></span> <span class='ocrx_word' id='word_1_361' title='bbox 899 2940 1070 3011; x_wconf 85' lang='lat' dir='ltr'><strong>capiti</strong></span> <span class='ocrx_word' id='word_1_362' title='bbox 1100 2954 1287 3000; x_wconf 87' lang='lat' dir='ltr'><strong>manu.</strong></span> <span class='ocrx_word' id='word_1_363' title='bbox 1314 2947 1369 2995; x_wconf 90' lang='lat' dir='ltr'><strong>et</strong></span> <span class='ocrx_word' id='word_1_364' title='bbox 1402 2953 1596 2994; x_wconf 81' lang='lat' dir='ltr'><strong>cruore</strong></span> <span class='ocrx_word' id='word_1_365' title='bbox 1633 2936 1855 3008; x_wconf 89' lang='lat' dir='ltr'><strong>proprio</strong></span> <span class='ocrx_word' id='word_1_366' title='bbox 1889 2933 2062 3006; x_wconf 83' lang='lat' dir='ltr'><strong>bapti-</strong></span> 
     </span>
    </p>
   </div>
   <div class='ocr_carea' id='block_1_52' title="bbox 2185 2919 3649 3011">
    <p class='ocr_par' dir='ltr' id='par_1_52' title="bbox 2185 2919 3649 3001">
     <span class='ocr_line' id='line_1_52' title="bbox 2185 2919 3649 3001; baseline -0.016 -8"><span class='ocrx_word' id='word_1_367' title='bbox 2185 2938 2290 2993; x_wconf 78' lang='grc' dir='ltr'>είαν</span> <span class='ocrx_word' id='word_1_368' title='bbox 2317 2936 2411 2991; x_wconf 91' lang='grc' dir='ltr'><strong>τοῦ</strong></span> <span class='ocrx_word' id='word_1_369' title='bbox 2434 2920 2709 2989; x_wconf 76' lang='grc' dir='ltr'>Δέσπότου</span> <span class='ocrx_word' id='word_1_370' title='bbox 2752 2927 2999 3001; x_wconf 75' lang='grc' dir='ltr'>κορυφὴν</span> <span class='ocrx_word' id='word_1_371' title='bbox 3023 2969 3039 2995; x_wconf 93' lang='grc'><strong>,</strong></span> <span class='ocrx_word' id='word_1_372' title='bbox 3066 2926 3161 2979; x_wconf 75' lang='grc' dir='ltr'><strong>καὶ</strong></span> <span class='ocrx_word' id='word_1_373' title='bbox 3181 2922 3257 2995; x_wconf 79' lang='grc' dir='ltr'>τῷ</span> <span class='ocrx_word' id='word_1_374' title='bbox 3293 2922 3407 2993; x_wconf 86' lang='grc' dir='ltr'>ίδίῳ</span> <span class='ocrx_word' id='word_1_375' title='bbox 3434 2919 3649 2990; x_wconf 77' lang='grc' dir='ltr'>αἵματι.</span> 
     </span>
    </p>
   </div>
   <div class='ocr_carea' id='block_1_53' title="bbox 487 3032 804 3088">
    <p class='ocr_par' dir='ltr' id='par_1_53' title="bbox 487 3032 804 3088">
     <span class='ocr_line' id='line_1_53' title="bbox 487 3032 804 3088; baseline -0.003 -1"><span class='ocrx_word' id='word_1_376' title='bbox 487 3042 643 3088; x_wconf 80' lang='lat' dir='ltr'><strong>satus</strong></span> <span class='ocrx_word' id='word_1_377' title='bbox 679 3032 804 3087; x_wconf 87' lang='lat' dir='ltr'><strong>fuit.</strong></span> 
     </span>
    </p>
   </div>
   <div class='ocr_carea' id='block_1_54' title="bbox 560 3120 2067 3193">
    <p class='ocr_par' dir='ltr' id='par_1_54' title="bbox 560 3120 2067 3193">
     <span class='ocr_line' id='line_1_54' title="bbox 560 3120 2067 3193; baseline -0.005 -13"><span class='ocrx_word' id='word_1_378' title='bbox 560 3124 833 3180; x_wconf 65' lang='lat' dir='ltr'><strong>Caeterum</strong></span> <span class='ocrx_word' id='word_1_379' title='bbox 989 3122 1325 3193; x_wconf 88' lang='lat' dir='ltr'><strong>baptismum</strong></span> <span class='ocrx_word' id='word_1_380' title='bbox 1365 3120 1574 3176; x_wconf 90' lang='lat' dir='ltr'><strong>diutius</strong></span> <span class='ocrx_word' id='word_1_381' title='bbox 1620 3133 1918 3191; x_wconf 81' lang='lat' dir='ltr'><strong>prorogare</strong></span> <span class='ocrx_word' id='word_1_382' title='bbox 1960 3132 2067 3172; x_wconf 91' lang='lat' dir='ltr'><strong>non</strong></span> 
     </span>
    </p>
   </div>
   <div class='ocr_carea' id='block_1_55' title="bbox 2210 3101 3733 3192">
    <p class='ocr_par' dir='ltr' id='par_1_55' title="bbox 2210 3101 3733 3192">
     <span class='ocr_line' id='line_1_55' title="bbox 2210 3101 3733 3192; baseline -0.016 -17"><span class='ocrx_word' id='word_1_383' title='bbox 2210 3122 2284 3174; x_wconf 76' lang='grc' dir='ltr'><strong>Οὐ</strong></span> <span class='ocrx_word' id='word_1_384' title='bbox 2316 3118 2424 3192; x_wconf 80' lang='grc' dir='ltr'><strong>χρὴ</strong></span> <span class='ocrx_word' id='word_1_385' title='bbox 2454 3113 2848 3187; x_wconf 79' lang='grc' dir='ltr'>ὑπερτίθεσθαι</span> <span class='ocrx_word' id='word_1_386' title='bbox 2910 3110 2971 3164; x_wconf 69' lang='grc' dir='ltr'><strong>τὸ</strong></span> <span class='ocrx_word' id='word_1_387' title='bbox 2994 3107 3300 3181; x_wconf 82' lang='grc' dir='ltr'>βάπτισμα,</span> <span class='ocrx_word' id='word_1_388' title='bbox 3335 3104 3423 3158; x_wconf 84' lang='grc' dir='ltr'>ὅτε</span> <span class='ocrx_word' id='word_1_389' title='bbox 3456 3104 3524 3157; x_wconf 84' lang='grc' dir='ltr'><strong>δι’</strong></span> <span class='ocrx_word' id='word_1_390' title='bbox 3550 3101 3733 3171; x_wconf 77' lang='grc' dir='ltr'>ἔργων</span> 
     </span>
    </p>
   </div>
   <div class='ocr_carea' id='block_1_56' title="bbox 488 3194 2062 3287">
    <p class='ocr_par' dir='ltr' id='par_1_56' title="bbox 488 3208 2062 3285">
     <span class='ocr_line' id='line_1_56' title="bbox 488 3208 2062 3285; baseline -0.004 -16"><span class='ocrx_word' id='word_1_391' title='bbox 488 3223 702 3285; x_wconf 86' lang='lat' dir='ltr'><strong>oportet</strong></span> <span class='ocrx_word' id='word_1_392' title='bbox 728 3213 861 3270; x_wconf 90' lang='lat' dir='ltr'><strong>dum</strong></span> <span class='ocrx_word' id='word_1_393' title='bbox 891 3211 1272 3268; x_wconf 85' lang='lat' dir='ltr'><strong>accedentium</strong></span> <span class='ocrx_word' id='word_1_394' title='bbox 1296 3210 1456 3265; x_wconf 91' lang='lat' dir='ltr'><strong>ﬁdem</strong></span> <span class='ocrx_word' id='word_1_395' title='bbox 1487 3217 1870 3266; x_wconf 87' lang='lat' dir='ltr'><strong>contestantur</strong></span> <span class='ocrx_word' id='word_1_396' title='bbox 1900 3208 2062 3263; x_wconf 88' lang='lat' dir='ltr'><strong>actio-</strong></span> 
     </span>
    </p>
   </div>
   <div class='ocr_carea' id='block_1_57' title="bbox 2185 3194 3736 3287">
    <p class='ocr_par' dir='ltr' id='par_1_57' title="bbox 2227 3194 3736 3279">
     <span class='ocr_line' id='line_1_57' title="bbox 2227 3194 3736 3279; baseline -0.015 -13"><span class='ocrx_word' id='word_1_397' title='bbox 2227 3212 2410 3276; x_wconf 73' lang='grc' dir='ltr'>πίστις</span> <span class='ocrx_word' id='word_1_398' title='bbox 2456 3210 2567 3264; x_wconf 83' lang='grc' dir='ltr'><strong>τῶν</strong></span> <span class='ocrx_word' id='word_1_399' title='bbox 2608 3207 2948 3279; x_wconf 85' lang='grc' dir='ltr'>προσιόντων</span> <span class='ocrx_word' id='word_1_400' title='bbox 2998 3200 3347 3276; x_wconf 76' lang='grc' dir='ltr'>μαρτυρηθῇ.</span> <span class='ocrx_word' id='word_1_401' title='bbox 3385 3198 3446 3250; x_wconf 89' lang='lat'><strong>&#39;0</strong></span> <span class='ocrx_word' id='word_1_402' title='bbox 3480 3194 3591 3265; x_wconf 79' lang='grc' dir='ltr'><strong>γὰρ</strong></span> <span class='ocrx_word' id='word_1_403' title='bbox 3619 3201 3641 3227; x_wconf 88' lang='grc' dir='ltr'><strong>ο</strong></span> <span class='ocrx_word' id='word_1_404' title='bbox 3669 3195 3736 3244; x_wconf 78' lang='grc' dir='ltr'>ἐν</span> 
     </span>
    </p>
   </div>
   <div class='ocr_carea' id='block_1_58' title="bbox 490 3285 2062 3378">
    <p class='ocr_par' dir='ltr' id='par_1_58' title="bbox 490 3301 2062 3373">
     <span class='ocr_line' id='line_1_58' title="bbox 490 3301 2062 3373; baseline -0.004 -13"><span class='ocrx_word' id='word_1_405' title='bbox 490 3320 610 3360; x_wconf 88' lang='lat' dir='ltr'><strong>nes.</strong></span> <span class='ocrx_word' id='word_1_406' title='bbox 647 3303 704 3358; x_wconf 89' lang='lat' dir='ltr'><strong>Si</strong></span> <span class='ocrx_word' id='word_1_407' title='bbox 740 3303 867 3373; x_wconf 92' lang='lat' dir='ltr'><strong>quis</strong></span> <span class='ocrx_word' id='word_1_408' title='bbox 893 3302 1022 3358; x_wconf 85' lang='lat' dir='ltr'><strong>dolo</strong></span> <span class='ocrx_word' id='word_1_409' title='bbox 1053 3301 1120 3355; x_wconf 86' lang='lat' dir='ltr'><strong>ad</strong></span> <span class='ocrx_word' id='word_1_410' title='bbox 1150 3303 1486 3372; x_wconf 87' lang='lat' dir='ltr'><strong>baptismum</strong></span> <span class='ocrx_word' id='word_1_411' title='bbox 1511 3303 1831 3367; x_wconf 88' lang='lat' dir='ltr'><strong>accesserit,</strong></span> <span class='ocrx_word' id='word_1_412' title='bbox 1860 3310 2062 3357; x_wconf 88' lang='lat' dir='ltr'><strong>tantum</strong></span> 
     </span>
    </p>
   </div>
   <div class='ocr_carea' id='block_1_59' title="bbox 2185 3285 3734 3378">
    <p class='ocr_par' dir='ltr' id='par_1_59' title="bbox 2185 3285 3734 3378">
     <span class='ocr_line' id='line_1_59' title="bbox 2185 3285 3734 3378; baseline -0.016 -16"><span class='ocrx_word' id='word_1_413' title='bbox 2185 3308 2275 3377; x_wconf 73' lang='lat' dir='ltr'><strong>Dup</strong></span> <span class='ocrx_word' id='word_1_414' title='bbox 2310 3303 2553 3378; x_wconf 85' lang='grc' dir='ltr'>προσιὼν</span> <span class='ocrx_word' id='word_1_415' title='bbox 2581 3301 2663 3373; x_wconf 80' lang='grc' dir='ltr'><strong>τῷ</strong></span> <span class='ocrx_word' id='word_1_416' title='bbox 2696 3297 3062 3371; x_wconf 84' lang='grc' dir='ltr'>βαπτίσματι,</span> <span class='ocrx_word' id='word_1_417' title='bbox 3085 3290 3557 3365; x_wconf 80' lang='grc' dir='ltr'>κατακριθήσεται</span> <span class='ocrx_word' id='word_1_418' title='bbox 3588 3285 3734 3359; x_wconf 76' lang='grc' dir='ltr'>μείλ-</span> 
     </span>
    </p>
   </div>
   <div class='ocr_carea' id='block_1_60' title="bbox 486 3394 2062 3470">
    <p class='ocr_par' dir='ltr' id='par_1_60' title="bbox 486 3394 2062 3466">
     <span class='ocr_line' id='line_1_60' title="bbox 486 3394 2062 3466; baseline -0.003 -14"><span class='ocrx_word' id='word_1_419' title='bbox 486 3397 649 3452; x_wconf 83' lang='lat' dir='ltr'><strong>abest</strong></span> <span class='ocrx_word' id='word_1_420' title='bbox 685 3405 743 3451; x_wconf 90' lang='lat' dir='ltr'><strong>ut</strong></span> <span class='ocrx_word' id='word_1_421' title='bbox 778 3394 909 3450; x_wconf 84' lang='lat' dir='ltr'><strong>hinc</strong></span> <span class='ocrx_word' id='word_1_422' title='bbox 952 3396 1213 3452; x_wconf 90' lang='lat' dir='ltr'><strong>utilitatis</strong></span> <span class='ocrx_word' id='word_1_423' title='bbox 1261 3394 1547 3465; x_wconf 83' lang='lat' dir='ltr'><strong>quidpiam</strong></span> <span class='ocrx_word' id='word_1_424' title='bbox 1592 3397 1813 3466; x_wconf 85' lang='lat' dir='ltr'><strong>capiat,</strong></span> <span class='ocrx_word' id='word_1_425' title='bbox 1846 3403 1907 3450; x_wconf 90' lang='lat' dir='ltr'><strong>ut</strong></span> <span class='ocrx_word' id='word_1_426' title='bbox 1937 3409 2062 3451; x_wconf 88' lang='lat' dir='ltr'><strong>con-</strong></span> 
     </span>
    </p>
   </div>
   <div class='ocr_carea' id='block_1_61' title="bbox 2185 3394 2797 3470">
    <p class='ocr_par' dir='ltr' id='par_1_61' title="bbox 2185 3394 2797 3470">
     <span class='ocr_line' id='line_1_61' title="bbox 2185 3394 2797 3470; baseline -0.01 -15"><span class='ocrx_word' id='word_1_427' title='bbox 2185 3418 2234 3455; x_wconf 63' lang='grc' dir='ltr'><strong>σν</strong></span> <span class='ocrx_word' id='word_1_428' title='bbox 2297 3398 2330 3470; x_wconf 81' lang='grc' dir='ltr'>ἦ</span> <span class='ocrx_word' id='word_1_429' title='bbox 2355 3394 2797 3469; x_wconf 78' lang='grc' dir='ltr'>ὠφεληθήσεται.</span> 
     </span>
    </p>
   </div>
   <div class='ocr_carea' id='block_1_62' title="bbox 489 3487 1559 3559">
    <p class='ocr_par' dir='ltr' id='par_1_62' title="bbox 489 3487 1559 3559">
     <span class='ocr_line' id='line_1_62' title="bbox 489 3487 1559 3559; baseline -0.003 -14"><span class='ocrx_word' id='word_1_430' title='bbox 489 3487 901 3545; x_wconf 81' lang='lat' dir='ltr'><strong>dentnationem</strong></span> <span class='ocrx_word' id='word_1_431' title='bbox 933 3488 1120 3559; x_wconf 85' lang='lat' dir='ltr'><strong>potius</strong></span> <span class='ocrx_word' id='word_1_432' title='bbox 1152 3495 1401 3544; x_wconf 86' lang='lat' dir='ltr'><strong>accersat</strong></span> <span class='ocrx_word' id='word_1_433' title='bbox 1428 3487 1559 3543; x_wconf 86' lang='lat' dir='ltr'><strong>sibi.</strong></span> 
     </span>
    </p>
   </div>
   <div class='ocr_carea' id='block_1_63' title="bbox 557 3641 2058 3741">
    <p class='ocr_par' dir='ltr' id='par_1_63' title="bbox 557 3641 2058 3741">
     <span class='ocr_line' id='line_1_63' title="bbox 557 3641 2058 3741; baseline -0.01 -12"><span class='ocrx_word' id='word_1_434' title='bbox 557 3672 717 3730; x_wconf 75' lang='lat' dir='ltr'><strong>Fides</strong></span> <span class='ocrx_word' id='word_1_435' title='bbox 748 3673 934 3728; x_wconf 82' lang='lat' dir='ltr'><strong>virtus.</strong></span> <span class='ocrx_word' id='word_1_436' title='bbox 974 3641 1323 3741; x_wconf 20' lang='lat' dir='ltr'><strong>In&#39;lidelishest,</strong></span> <span class='ocrx_word' id='word_1_437' title='bbox 1355 3668 1444 3738; x_wconf 83' lang='lat' dir='ltr'><strong>qui</strong></span> <span class='ocrx_word' id='word_1_438' title='bbox 1484 3683 1586 3721; x_wconf 84' lang='lat' dir='ltr'><strong>non</strong></span> <span class='ocrx_word' id='word_1_439' title='bbox 1613 3668 1777 3722; x_wconf 84' lang='lat' dir='ltr'><strong>credit</strong></span> <span class='ocrx_word' id='word_1_440' title='bbox 1811 3663 2058 3718; x_wconf 73' lang='lat' dir='ltr'><strong>Ecclesia:</strong></span> 
     </span>
    </p>
   </div>
   <div class='ocr_carea' id='block_1_64' title="bbox 2242 3654 3736 3735">
    <p class='ocr_par' dir='ltr' id='par_1_64' title="bbox 2242 3654 3736 3735">
     <span class='ocr_line' id='line_1_64' title="bbox 2242 3654 3736 3735; baseline -0.011 -17"><span class='ocrx_word' id='word_1_441' title='bbox 2242 3665 2305 3718; x_wconf 82' lang='lat' dir='ltr'><strong>&#39;H</strong></span> <span class='ocrx_word' id='word_1_442' title='bbox 2339 3663 2519 3735; x_wconf 84' lang='grc' dir='ltr'>μέντοι</span> <span class='ocrx_word' id='word_1_443' title='bbox 2550 3659 2731 3724; x_wconf 86' lang='grc' dir='ltr'>πίστις</span> <span class='ocrx_word' id='word_1_444' title='bbox 2753 3658 2913 3729; x_wconf 86' lang='grc' dir='ltr'>διπλῆ</span> <span class='ocrx_word' id='word_1_445' title='bbox 2943 3659 3108 3712; x_wconf 77' lang='grc' dir='ltr'>ἐστιν’</span> <span class='ocrx_word' id='word_1_446' title='bbox 3143 3659 3315 3711; x_wconf 84' lang='grc' dir='ltr'>Ἔστι</span> <span class='ocrx_word' id='word_1_447' title='bbox 3364 3656 3473 3725; x_wconf 77' lang='grc' dir='ltr'>γὰρ</span> <span class='ocrx_word' id='word_1_448' title='bbox 3520 3654 3736 3716; x_wconf 75' lang='grc' dir='ltr'>πίστις</span> 
     </span>
    </p>
   </div>
   <div class='ocr_carea' id='block_1_65' title="bbox 493 3746 2062 3835">
    <p class='ocr_par' dir='ltr' id='par_1_65' title="bbox 493 3757 2061 3835">
     <span class='ocr_line' id='line_1_65' title="bbox 493 3757 2061 3835; baseline -0.008 -12"><span class='ocrx_word' id='word_1_449' title='bbox 493 3769 789 3835; x_wconf 79' lang='lat' dir='ltr'><strong>traditioni,</strong></span> <span class='ocrx_word' id='word_1_450' title='bbox 842 3775 931 3821; x_wconf 89' lang='lat' dir='ltr'><strong>aut</strong></span> <span class='ocrx_word' id='word_1_451' title='bbox 968 3764 1107 3819; x_wconf 82' lang='lat' dir='ltr'><strong>male</strong></span> <span class='ocrx_word' id='word_1_452' title='bbox 1160 3763 1305 3818; x_wconf 77' lang='lat' dir='ltr'><strong>uiuit.</strong></span> <span class='ocrx_word' id='word_1_453' title='bbox 1339 3790 1403 3802; x_wconf 92' lang='lat'><em>--</em></span> <span class='ocrx_word' id='word_1_454' title='bbox 1436 3761 1594 3815; x_wconf 83' lang='lat' dir='ltr'><strong>Fides</strong></span> <span class='ocrx_word' id='word_1_455' title='bbox 1650 3773 1813 3831; x_wconf 89' lang='lat' dir='ltr'><strong>porro</strong></span> <span class='ocrx_word' id='word_1_456' title='bbox 1858 3757 2061 3827; x_wconf 77' lang='lat' dir='ltr'><strong>duplex</strong></span> 
     </span>
    </p>
   </div>
   <div class='ocr_carea' id='block_1_66' title="bbox 2185 3746 3734 3835">
    <p class='ocr_par' dir='ltr' id='par_1_66' title="bbox 2185 3746 3734 3825">
     <span class='ocr_line' id='line_1_66' title="bbox 2185 3746 3734 3825; baseline -0.011 -13"><span class='ocrx_word' id='word_1_457' title='bbox 2185 3755 2228 3822; x_wconf 73' lang='lat' dir='ltr'><strong>&#39;E</strong></span> <span class='ocrx_word' id='word_1_458' title='bbox 2257 3755 2466 3825; x_wconf 79' lang='grc' dir='ltr'>ἀκοῆς.</span> <span class='ocrx_word' id='word_1_459' title='bbox 2500 3754 2821 3817; x_wconf 79' lang='grc' dir='ltr'>Ἀκούοντες</span> <span class='ocrx_word' id='word_1_460' title='bbox 2853 3754 2961 3823; x_wconf 85' lang='grc' dir='ltr'>γὰρ</span> <span class='ocrx_word' id='word_1_461' title='bbox 3015 3751 3123 3805; x_wconf 83' lang='grc' dir='ltr'><strong>τῶν</strong></span> <span class='ocrx_word' id='word_1_462' title='bbox 3149 3750 3311 3805; x_wconf 87' lang='grc' dir='ltr'>θείων</span> <span class='ocrx_word' id='word_1_463' title='bbox 3338 3746 3598 3817; x_wconf 76' lang='grc' dir='ltr'>Γραφιῖιν,</span> <span class='ocrx_word' id='word_1_464' title='bbox 3637 3764 3734 3797; x_wconf 81' lang='grc' dir='ltr'>πι-</span> 
     </span>
    </p>
   </div>
   <div class='ocr_carea' id='block_1_67' title="bbox 492 3852 2062 3930">
    <p class='ocr_par' dir='ltr' id='par_1_67' title="bbox 492 3852 2062 3930">
     <span class='ocr_line' id='line_1_67' title="bbox 492 3852 2062 3930; baseline -0.012 -9"><span class='ocrx_word' id='word_1_465' title='bbox 492 3874 579 3921; x_wconf 86' lang='lat' dir='ltr'><strong>est</strong></span> <span class='ocrx_word' id='word_1_466' title='bbox 610 3883 623 3919; x_wconf 88' lang='lat'><strong>:</strong></span> <span class='ocrx_word' id='word_1_467' title='bbox 652 3861 747 3917; x_wconf 84' lang='lat' dir='ltr'><strong>Est</strong></span> <span class='ocrx_word' id='word_1_468' title='bbox 775 3862 914 3916; x_wconf 84' lang='lat' dir='ltr'><strong>enim</strong></span> <span class='ocrx_word' id='word_1_469' title='bbox 972 3860 1098 3930; x_wconf 81' lang='lat' dir='ltr'><strong>ﬁdes</strong></span> <span class='ocrx_word' id='word_1_470' title='bbox 1150 3873 1215 3913; x_wconf 72' lang='lat' dir='ltr'><strong>ex</strong></span> <span class='ocrx_word' id='word_1_471' title='bbox 1244 3856 1428 3910; x_wconf 85' lang='lat' dir='ltr'><strong>auditu</strong></span> <span class='ocrx_word' id='word_1_472' title='bbox 1462 3854 1504 3908; x_wconf 78' lang='lat'><strong>°.</strong></span> <span class='ocrx_word' id='word_1_473' title='bbox 1541 3852 1855 3923; x_wconf 86' lang='lat' dir='ltr'><strong>Scripturas</strong></span> <span class='ocrx_word' id='word_1_474' title='bbox 1911 3866 2062 3905; x_wconf 88' lang='lat' dir='ltr'><strong>nam-</strong></span> 
     </span>
    </p>
   </div>
   <div class='ocr_carea' id='block_1_68' title="bbox 494 3942 2063 4026">
    <p class='ocr_par' dir='ltr' id='par_1_68' title="bbox 494 3942 2063 4026">
     <span class='ocr_line' id='line_1_68' title="bbox 494 3942 2063 4026; baseline -0.01 -15"><span class='ocrx_word' id='word_1_475' title='bbox 494 3972 600 4026; x_wconf 86' lang='lat' dir='ltr'><strong>que</strong></span> <span class='ocrx_word' id='word_1_476' title='bbox 641 3970 825 4011; x_wconf 87' lang='lat' dir='ltr'><strong>sacras</strong></span> <span class='ocrx_word' id='word_1_477' title='bbox 891 3949 1190 4015; x_wconf 89' lang='lat' dir='ltr'><strong>audiendo,</strong></span> <span class='ocrx_word' id='word_1_478' title='bbox 1277 3946 1516 4018; x_wconf 77' lang='lat' dir='ltr'><strong>Spiritus</strong></span> <span class='ocrx_word' id='word_1_479' title='bbox 1570 3945 1745 4001; x_wconf 87' lang='lat' dir='ltr'><strong>sancti</strong></span> <span class='ocrx_word' id='word_1_480' title='bbox 1801 3942 2063 3998; x_wconf 79' lang='lat' dir='ltr'><strong>doctrina:</strong></span> 
     </span>
    </p>
   </div>
   <div class='ocr_carea' id='block_1_69' title="bbox 492 4034 2060 4111">
    <p class='ocr_par' dir='ltr' id='par_1_69' title="bbox 492 4034 2060 4111">
     <span class='ocr_line' id='line_1_69' title="bbox 492 4034 2060 4111; baseline -0.008 -11"><span class='ocrx_word' id='word_1_481' title='bbox 492 4046 790 4100; x_wconf 89' lang='lat' dir='ltr'><strong>credimus.</strong></span> <span class='ocrx_word' id='word_1_482' title='bbox 818 4044 992 4111; x_wconf 80' lang='lat' dir='ltr'><strong>Atque</strong></span> <span class='ocrx_word' id='word_1_483' title='bbox 1032 4041 1148 4095; x_wconf 73' lang='lat' dir='ltr'><strong>lucc</strong></span> <span class='ocrx_word' id='word_1_484' title='bbox 1182 4039 1315 4093; x_wconf 89' lang='lat' dir='ltr'><strong>tides</strong></span> <span class='ocrx_word' id='word_1_485' title='bbox 1370 4054 1465 4107; x_wconf 84' lang='lat' dir='ltr'><strong>per</strong></span> <span class='ocrx_word' id='word_1_486' title='bbox 1497 4037 1680 4090; x_wconf 88' lang='lat' dir='ltr'><strong>omnia</strong></span> <span class='ocrx_word' id='word_1_487' title='bbox 1710 4034 1823 4097; x_wconf 91' lang='lat' dir='ltr'><strong>illa,</strong></span> <span class='ocrx_word' id='word_1_488' title='bbox 1874 4048 1995 4103; x_wconf 69' lang='lat' dir='ltr'><strong>qum</strong></span> <span class='ocrx_word' id='word_1_489' title='bbox 2029 4048 2060 4087; x_wconf 88' lang='lat' dir='ltr'><strong>a</strong></span> 
     </span>
    </p>
   </div>
   <div class='ocr_carea' id='block_1_70' title="bbox 491 4125 2063 4202">
    <p class='ocr_par' dir='ltr' id='par_1_70' title="bbox 491 4125 2063 4202">
     <span class='ocr_line' id='line_1_70' title="bbox 491 4125 2063 4202; baseline -0.01 -6"><span class='ocrx_word' id='word_1_490' title='bbox 491 4140 713 4196; x_wconf 81' lang='lat' dir='ltr'><strong>Christo</strong></span> <span class='ocrx_word' id='word_1_491' title='bbox 732 4145 932 4190; x_wconf 85' lang='lat' dir='ltr'><strong>statuta</strong></span> <span class='ocrx_word' id='word_1_492' title='bbox 958 4144 1106 4191; x_wconf 91' lang='lat' dir='ltr'><strong>sunt.</strong></span> <span class='ocrx_word' id='word_1_493' title='bbox 1133 4130 1415 4202; x_wconf 88' lang='lat' dir='ltr'><strong>perﬁcitur</strong></span> <span class='ocrx_word' id='word_1_494' title='bbox 1439 4142 1637 4198; x_wconf 90' lang='lat' dir='ltr'><strong>:opere</strong></span> <span class='ocrx_word' id='word_1_495' title='bbox 1660 4125 1913 4181; x_wconf 79' lang='lat' dir='ltr'><strong>videlicet</strong></span> <span class='ocrx_word' id='word_1_496' title='bbox 1936 4142 2063 4181; x_wconf 85' lang='lat' dir='ltr'><strong>cre-</strong></span> 
     </span>
    </p>
   </div>
   <div class='ocr_carea' id='block_1_71' title="bbox 492 4217 2060 4303">
    <p class='ocr_par' dir='ltr' id='par_1_71' title="bbox 492 4217 2060 4303">
     <span class='ocr_line' id='line_1_71' title="bbox 492 4217 2060 4303; baseline -0.01 -18"><span class='ocrx_word' id='word_1_497' title='bbox 492 4232 650 4303; x_wconf 84' lang='lat' dir='ltr'><strong>deus,</strong></span> <span class='ocrx_word' id='word_1_498' title='bbox 685 4228 940 4298; x_wconf 86' lang='lat' dir='ltr'><strong>pietatem</strong></span> <span class='ocrx_word' id='word_1_499' title='bbox 972 4226 1179 4290; x_wconf 87' lang='lat' dir='ltr'><strong>colens,</strong></span> <span class='ocrx_word' id='word_1_500' title='bbox 1204 4232 1258 4277; x_wconf 89' lang='lat' dir='ltr'><strong>et</strong></span> <span class='ocrx_word' id='word_1_501' title='bbox 1290 4222 1407 4292; x_wconf 82' lang='lat' dir='ltr'><strong>ejus</strong></span> <span class='ocrx_word' id='word_1_502' title='bbox 1452 4221 1544 4292; x_wconf 85' lang='lat' dir='ltr'><strong>qui</strong></span> <span class='ocrx_word' id='word_1_503' title='bbox 1582 4235 1681 4275; x_wconf 89' lang='lat' dir='ltr'><strong>nos</strong></span> <span class='ocrx_word' id='word_1_504' title='bbox 1712 4217 2060 4284; x_wconf 88' lang='lat' dir='ltr'><strong>instauravit,</strong></span> 
     </span>
    </p>
   </div>
   <div class='ocr_carea' id='block_1_72' title="bbox 494 4311 2067 4395">
    <p class='ocr_par' dir='ltr' id='par_1_72' title="bbox 494 4311 2067 4395">
     <span class='ocr_line' id='line_1_72' title="bbox 494 4311 2067 4395; baseline -0.009 -18"><span class='ocrx_word' id='word_1_505' title='bbox 494 4319 782 4395; x_wconf 56' lang='lat' dir='ltr'><strong>praeceptis</strong></span> <span class='ocrx_word' id='word_1_506' title='bbox 814 4320 1141 4388; x_wconf 89' lang='lat' dir='ltr'><strong>obsequens.</strong></span> <span class='ocrx_word' id='word_1_507' title='bbox 1179 4315 1312 4370; x_wconf 85' lang='lat' dir='ltr'><strong>Nam</strong></span> <span class='ocrx_word' id='word_1_508' title='bbox 1339 4314 1430 4385; x_wconf 90' lang='lat' dir='ltr'><strong>qui</strong></span> <span class='ocrx_word' id='word_1_509' title='bbox 1470 4312 1772 4368; x_wconf 90' lang='lat' dir='ltr'><strong>secundum</strong></span> <span class='ocrx_word' id='word_1_510' title='bbox 1806 4311 2067 4365; x_wconf 73' lang='lat' dir='ltr'><strong>Ecclesia:</strong></span> 
     </span>
    </p>
   </div>
   <div class='ocr_carea' id='block_1_73' title="bbox 493 4403 2067 4476">
    <p class='ocr_par' dir='ltr' id='par_1_73' title="bbox 493 4403 2067 4476">
     <span class='ocr_line' id='line_1_73' title="bbox 493 4403 2067 4476; baseline -0.01 -5"><span class='ocrx_word' id='word_1_511' title='bbox 493 4414 774 4472; x_wconf 77' lang='lat' dir='ltr'><strong>catholica:</strong></span> <span class='ocrx_word' id='word_1_512' title='bbox 809 4411 1156 4467; x_wconf 81' lang='lat' dir='ltr'><strong>traditionem</strong></span> <span class='ocrx_word' id='word_1_513' title='bbox 1190 4423 1295 4462; x_wconf 90' lang='lat' dir='ltr'><strong>non</strong></span> <span class='ocrx_word' id='word_1_514' title='bbox 1340 4405 1533 4476; x_wconf 41' lang='lat' dir='ltr'><strong>credit,</strong></span> <span class='ocrx_word' id='word_1_515' title='bbox 1558 4404 1643 4460; x_wconf 87' lang='lat' dir='ltr'><strong>vel</strong></span> <span class='ocrx_word' id='word_1_516' title='bbox 1673 4420 1765 4473; x_wconf 91' lang='lat' dir='ltr'><strong>per</strong></span> <span class='ocrx_word' id='word_1_517' title='bbox 1805 4403 2067 4474; x_wconf 84' lang='lat' dir='ltr'><strong>ﬂagitiosa</strong></span> 
     </span>
    </p>
   </div>
   <div class='ocr_carea' id='block_1_74' title="bbox 496 4496 2059 4582">
    <p class='ocr_par' dir='ltr' id='par_1_74' title="bbox 496 4496 2059 4582">
     <span class='ocr_line' id='line_1_74' title="bbox 496 4496 2059 4582; baseline -0.008 -17"><span class='ocrx_word' id='word_1_518' title='bbox 496 4525 660 4582; x_wconf 82' lang='lat' dir='ltr'><strong>Opera</strong></span> <span class='ocrx_word' id='word_1_519' title='bbox 694 4523 817 4564; x_wconf 92' lang='lat' dir='ltr'><strong>cum</strong></span> <span class='ocrx_word' id='word_1_520' title='bbox 852 4506 1069 4561; x_wconf 89' lang='lat' dir='ltr'><strong>diabolo</strong></span> <span class='ocrx_word' id='word_1_521' title='bbox 1121 4502 1511 4567; x_wconf 86' lang='lat' dir='ltr'><strong>communicat,</strong></span> <span class='ocrx_word' id='word_1_522' title='bbox 1538 4500 1629 4555; x_wconf 85' lang='lat' dir='ltr'><strong>hic</strong></span> <span class='ocrx_word' id='word_1_523' title='bbox 1690 4496 1924 4553; x_wconf 88' lang='lat' dir='ltr'><strong>inﬁdelis</strong></span> <span class='ocrx_word' id='word_1_524' title='bbox 1957 4505 2059 4552; x_wconf 89' lang='lat' dir='ltr'><strong>cst.</strong></span> 
     </span>
    </p>
   </div>
   <div class='ocr_carea' id='block_1_75' title="bbox 572 4632 2070 4711">
    <p class='ocr_par' dir='ltr' id='par_1_75' title="bbox 572 4632 2070 4711">
     <span class='ocr_line' id='line_1_75' title="bbox 572 4632 2070 4711; baseline -0.01 -11"><span class='ocrx_word' id='word_1_525' title='bbox 572 4648 730 4702; x_wconf 82' lang='lat' dir='ltr'><strong>Fides</strong></span> <span class='ocrx_word' id='word_1_526' title='bbox 779 4648 970 4699; x_wconf 81' lang='lat' dir='ltr'><strong>donum</strong></span> <span class='ocrx_word' id='word_1_527' title='bbox 1004 4642 1256 4711; x_wconf 74' lang='lat' dir='ltr'><strong>Spiritus.</strong></span> <span class='ocrx_word' id='word_1_528' title='bbox 1280 4667 1339 4679; x_wconf 73' lang='grc' dir='ltr'><strong>-ο</strong></span> <span class='ocrx_word' id='word_1_529' title='bbox 1365 4637 1579 4693; x_wconf 76' lang='lat' dir='ltr'><strong>Rursus</strong></span> <span class='ocrx_word' id='word_1_530' title='bbox 1610 4632 1805 4691; x_wconf 82' lang='lat' dir='ltr'><strong>:Fides</strong></span> <span class='ocrx_word' id='word_1_531' title='bbox 1847 4642 1922 4687; x_wconf 87' lang='lat' dir='ltr'><strong>est</strong></span> <span class='ocrx_word' id='word_1_532' title='bbox 1950 4647 2070 4703; x_wconf 77' lang='lat' dir='ltr'><strong>spe-</strong></span> 
     </span>
    </p>
   </div>
   <div class='ocr_carea' id='block_1_76' title="bbox 500 4720 2069 4801">
    <p class='ocr_par' dir='ltr' id='par_1_76' title="bbox 500 4720 2069 4801">
     <span class='ocr_line' id='line_1_76' title="bbox 500 4720 2069 4801; baseline -0.013 -5"><span class='ocrx_word' id='word_1_533' title='bbox 500 4742 799 4796; x_wconf 81' lang='lat' dir='ltr'><strong>raudarum</strong></span> <span class='ocrx_word' id='word_1_534' title='bbox 831 4736 1123 4789; x_wconf 74' lang='lat' dir='ltr'><strong>substantia</strong></span> <span class='ocrx_word' id='word_1_535' title='bbox 1160 4748 1356 4798; x_wconf 80' lang='lat' dir='ltr'><strong>rerum,</strong></span> <span class='ocrx_word' id='word_1_536' title='bbox 1415 4720 1787 4801; x_wconf 66' lang='lat' dir='ltr'><strong>argumentum</strong></span> <span class='ocrx_word' id='word_1_537' title='bbox 1831 4741 1933 4779; x_wconf 75' lang='lat' dir='ltr'><strong>non</strong></span> <span class='ocrx_word' id='word_1_538' title='bbox 1966 4740 2069 4794; x_wconf 44' lang='lat' dir='ltr'><strong>aps</strong></span> 
     </span>
    </p>
   </div>
   <div class='ocr_carea' id='block_1_77' title="bbox 487 4817 2070 4906">
    <p class='ocr_par' dir='ltr' id='par_1_77' title="bbox 487 4817 2070 4906">
     <span class='ocr_line' id='line_1_77' title="bbox 487 4817 2070 4906; baseline -0.01 -18"><span class='ocrx_word' id='word_1_539' title='bbox 487 4835 805 4906; x_wconf 62' lang='lat' dir='ltr'><strong>parentium</strong></span> <span class='ocrx_word' id='word_1_540' title='bbox 836 4832 881 4897; x_wconf 82' lang='lat'><strong>&#39;,</strong></span> <span class='ocrx_word' id='word_1_541' title='bbox 911 4831 999 4883; x_wconf 87' lang='lat' dir='ltr'><strong>vel</strong></span> <span class='ocrx_word' id='word_1_542' title='bbox 1027 4836 1110 4883; x_wconf 82' lang='lat' dir='ltr'><strong>est</strong></span> <span class='ocrx_word' id='word_1_543' title='bbox 1142 4840 1268 4890; x_wconf 85' lang='lat' dir='ltr'><strong>spes</strong></span> <span class='ocrx_word' id='word_1_544' title='bbox 1307 4823 1532 4880; x_wconf 88' lang='lat' dir='ltr'><strong>minime</strong></span> <span class='ocrx_word' id='word_1_545' title='bbox 1560 4821 1727 4878; x_wconf 84' lang='lat' dir='ltr'><strong>dubia</strong></span> <span class='ocrx_word' id='word_1_546' title='bbox 1762 4834 1864 4875; x_wconf 85' lang='lat' dir='ltr'><strong>nec</strong></span> <span class='ocrx_word' id='word_1_547' title='bbox 1893 4817 2070 4874; x_wconf 84' lang='lat' dir='ltr'><strong>ambi-</strong></span> 
     </span>
    </p>
   </div>
   <div class='ocr_carea' id='block_1_78' title="bbox 501 4911 2070 4995">
    <p class='ocr_par' dir='ltr' id='par_1_78' title="bbox 501 4911 2070 4995">
     <span class='ocr_line' id='line_1_78' title="bbox 501 4911 2070 4995; baseline -0.01 -15"><span class='ocrx_word' id='word_1_548' title='bbox 501 4941 629 4995; x_wconf 75' lang='lat' dir='ltr'><strong>gua,</strong></span> <span class='ocrx_word' id='word_1_549' title='bbox 659 4940 765 4994; x_wconf 79' lang='lat' dir='ltr'><strong>qua</strong></span> <span class='ocrx_word' id='word_1_550' title='bbox 790 4921 1119 4980; x_wconf 84' lang='lat' dir='ltr'><strong>conﬁdimus</strong></span> <span class='ocrx_word' id='word_1_551' title='bbox 1150 4920 1288 4983; x_wconf 87' lang='lat' dir='ltr'><strong>fore,</strong></span> <span class='ocrx_word' id='word_1_552' title='bbox 1323 4927 1382 4973; x_wconf 90' lang='lat' dir='ltr'><strong>ut</strong></span> <span class='ocrx_word' id='word_1_553' title='bbox 1415 4932 1536 4987; x_wconf 71' lang='lat' dir='ltr'><strong>qua:</strong></span> <span class='ocrx_word' id='word_1_554' title='bbox 1591 4913 1754 4970; x_wconf 86' lang='lat' dir='ltr'><strong>nobis</strong></span> <span class='ocrx_word' id='word_1_555' title='bbox 1804 4911 2070 4967; x_wconf 79' lang='lat' dir='ltr'><strong>divinitus</strong></span> 
     </span>
    </p>
   </div>
   <div class='ocr_carea' id='block_1_79' title="bbox 496 5004 2065 5090">
    <p class='ocr_par' dir='ltr' id='par_1_79' title="bbox 496 5004 2065 5090">
     <span class='ocr_line' id='line_1_79' title="bbox 496 5004 2065 5090; baseline -0.01 -17"><span class='ocrx_word' id='word_1_556' title='bbox 496 5018 773 5090; x_wconf 85' lang='lat' dir='ltr'><strong>promissa</strong></span> <span class='ocrx_word' id='word_1_557' title='bbox 839 5022 989 5081; x_wconf 88' lang='lat' dir='ltr'><strong>sunt,</strong></span> <span class='ocrx_word' id='word_1_558' title='bbox 1015 5020 1071 5069; x_wconf 91' lang='lat' dir='ltr'><strong>et</strong></span> <span class='ocrx_word' id='word_1_559' title='bbox 1122 5026 1244 5082; x_wconf 71' lang='lat' dir='ltr'><strong>qua:</strong></span> <span class='ocrx_word' id='word_1_560' title='bbox 1270 5008 1632 5080; x_wconf 87' lang='lat' dir='ltr'><strong>postulamus,</strong></span> <span class='ocrx_word' id='word_1_561' title='bbox 1671 5004 2065 5073; x_wconf 85' lang='lat' dir='ltr'><strong>adipiscamur.</strong></span> 
     </span>
    </p>
   </div>
   <div class='ocr_carea' id='block_1_80' title="bbox 502 5096 2070 5180">
    <p class='ocr_par' dir='ltr' id='par_1_80' title="bbox 502 5096 2070 5180">
     <span class='ocr_line' id='line_1_80' title="bbox 502 5096 2070 5180; baseline -0.011 -11"><span class='ocrx_word' id='word_1_562' title='bbox 502 5117 581 5169; x_wconf 87' lang='lat' dir='ltr'><strong>Ac</strong></span> <span class='ocrx_word' id='word_1_563' title='bbox 604 5109 756 5180; x_wconf 83' lang='lat' dir='ltr'><strong>prior</strong></span> <span class='ocrx_word' id='word_1_564' title='bbox 789 5109 1035 5178; x_wconf 85' lang='lat' dir='ltr'><strong>quidem,</strong></span> <span class='ocrx_word' id='word_1_565' title='bbox 1071 5112 1273 5159; x_wconf 66' lang='lat' dir='ltr'><strong>nostra:</strong></span> <span class='ocrx_word' id='word_1_566' title='bbox 1297 5099 1600 5157; x_wconf 83' lang='lat' dir='ltr'><strong>voluntatis</strong></span> <span class='ocrx_word' id='word_1_567' title='bbox 1618 5108 1740 5164; x_wconf 87' lang='lat' dir='ltr'><strong>est;</strong></span> <span class='ocrx_word' id='word_1_568' title='bbox 1772 5096 1943 5152; x_wconf 85' lang='lat' dir='ltr'><strong>altera</strong></span> <span class='ocrx_word' id='word_1_569' title='bbox 1970 5111 2070 5151; x_wconf 85' lang='lat' dir='ltr'><strong>su-</strong></span> 
     </span>
    </p>
   </div>
   <div class='ocr_carea' id='block_1_81' title="bbox 500 5194 1675 5272">
    <p class='ocr_par' dir='ltr' id='par_1_81' title="bbox 500 5194 1675 5272">
     <span class='ocr_line' id='line_1_81' title="bbox 500 5194 1675 5272; baseline -0.009 -13"><span class='ocrx_word' id='word_1_570' title='bbox 500 5219 613 5259; x_wconf 86' lang='lat' dir='ltr'><strong>tcm</strong></span> <span class='ocrx_word' id='word_1_571' title='bbox 646 5203 786 5257; x_wconf 89' lang='lat' dir='ltr'><strong>inter</strong></span> <span class='ocrx_word' id='word_1_572' title='bbox 812 5199 1051 5272; x_wconf 82' lang='lat' dir='ltr'><strong>Spiritus</strong></span> <span class='ocrx_word' id='word_1_573' title='bbox 1083 5198 1224 5253; x_wconf 87' lang='lat' dir='ltr'><strong>dona</strong></span> <span class='ocrx_word' id='word_1_574' title='bbox 1271 5194 1546 5251; x_wconf 82' lang='lat' dir='ltr'><strong>censenda</strong></span> <span class='ocrx_word' id='word_1_575' title='bbox 1568 5202 1675 5249; x_wconf 86' lang='lat' dir='ltr'><strong>est.</strong></span> 
     </span>
    </p>
   </div>
   <div class='ocr_carea' id='block_1_82' title="bbox 572 5331 2070 5412">
    <p class='ocr_par' dir='ltr' id='par_1_82' title="bbox 572 5331 2070 5412">
     <span class='ocr_line' id='line_1_82' title="bbox 572 5331 2070 5412; baseline -0.011 -15"><span class='ocrx_word' id='word_1_576' title='bbox 572 5340 846 5412; x_wconf 83' lang='lat' dir='ltr'><strong>Spiritalis</strong></span> <span class='ocrx_word' id='word_1_577' title='bbox 897 5331 1661 5393; x_wconf 81' lang='lat' dir='ltr'><strong>circumcisia.—Scieudum</strong></span> <span class='ocrx_word' id='word_1_578' title='bbox 1725 5336 1808 5385; x_wconf 88' lang='lat' dir='ltr'><strong>est</strong></span> <span class='ocrx_word' id='word_1_579' title='bbox 1863 5336 2070 5393; x_wconf 89' lang='lat' dir='ltr'><strong>autem,</strong></span> 
     </span>
    </p>
   </div>
   <div class='ocr_carea' id='block_1_83' title="bbox 500 5421 2072 5505">
    <p class='ocr_par' dir='ltr' id='par_1_83' title="bbox 500 5421 2072 5505">
     <span class='ocr_line' id='line_1_83' title="bbox 500 5421 2072 5505; baseline -0.011 -14"><span class='ocrx_word' id='word_1_580' title='bbox 500 5439 936 5505; x_wconf 73' lang='lat' dir='ltr'><strong>integumentum</strong></span> <span class='ocrx_word' id='word_1_581' title='bbox 962 5448 1122 5488; x_wconf 82' lang='lat' dir='ltr'><strong>omne</strong></span> <span class='ocrx_word' id='word_1_582' title='bbox 1142 5430 1288 5503; x_wconf 84' lang='lat' dir='ltr'><strong>quod</strong></span> <span class='ocrx_word' id='word_1_583' title='bbox 1316 5444 1347 5484; x_wconf 89' lang='lat' dir='ltr'><strong>a</strong></span> <span class='ocrx_word' id='word_1_584' title='bbox 1369 5426 1652 5484; x_wconf 87' lang='lat' dir='ltr'><strong>nativitate</strong></span> <span class='ocrx_word' id='word_1_585' title='bbox 1679 5421 2072 5487; x_wconf 79' lang='lat' dir='ltr'><strong>contraximus,</strong></span> 
     </span>
    </p>
   </div>
   <div class='ocr_carea' id='block_1_84' title="bbox 504 5512 2069 5596">
    <p class='ocr_par' dir='ltr' id='par_1_84' title="bbox 504 5512 2069 5596">
     <span class='ocr_line' id='line_1_84' title="bbox 504 5512 2069 5596; baseline -0.008 -15"><span class='ocrx_word' id='word_1_586' title='bbox 504 5539 790 5596; x_wconf 78' lang='lat' dir='ltr'><strong>peccatum</strong></span> <span class='ocrx_word' id='word_1_587' title='bbox 822 5525 1050 5586; x_wconf 82' lang='lat' dir='ltr'><strong>scilicet,</strong></span> <span class='ocrx_word' id='word_1_588' title='bbox 1075 5538 1172 5593; x_wconf 89' lang='lat' dir='ltr'><strong>per</strong></span> <span class='ocrx_word' id='word_1_589' title='bbox 1202 5519 1533 5591; x_wconf 87' lang='lat' dir='ltr'><strong>baptismum</strong></span> <span class='ocrx_word' id='word_1_590' title='bbox 1560 5512 1905 5582; x_wconf 87' lang='lat' dir='ltr'><strong>circumcidi,</strong></span> <span class='ocrx_word' id='word_1_591' title='bbox 1936 5528 2069 5568; x_wconf 85' lang='lat' dir='ltr'><strong>nos-</strong></span> 
     </span>
    </p>
   </div>
   <div class='ocr_carea' id='block_1_85' title="bbox 506 5606 1892 5689">
    <p class='ocr_par' dir='ltr' id='par_1_85' title="bbox 506 5606 1892 5689">
     <span class='ocr_line' id='line_1_85' title="bbox 506 5606 1892 5689; baseline -0.006 -19"><span class='ocrx_word' id='word_1_592' title='bbox 506 5635 613 5687; x_wconf 85' lang='lat' dir='ltr'><strong>que</strong></span> <span class='ocrx_word' id='word_1_593' title='bbox 639 5617 917 5689; x_wconf 81' lang='lat' dir='ltr'><strong>spiritales</strong></span> <span class='ocrx_word' id='word_1_594' title='bbox 949 5615 1220 5671; x_wconf 87' lang='lat' dir='ltr'><strong>Israelitas</strong></span> <span class='ocrx_word' id='word_1_595' title='bbox 1243 5627 1306 5667; x_wconf 89' lang='lat' dir='ltr'><strong>ac</strong></span> <span class='ocrx_word' id='word_1_596' title='bbox 1339 5611 1431 5666; x_wconf 87' lang='lat' dir='ltr'><strong>Dei</strong></span> <span class='ocrx_word' id='word_1_597' title='bbox 1461 5608 1720 5681; x_wconf 83' lang='lat' dir='ltr'><strong>pepulum</strong></span> <span class='ocrx_word' id='word_1_598' title='bbox 1755 5606 1892 5662; x_wconf 91' lang='lat' dir='ltr'><strong>ﬁeri.</strong></span> 
     </span>
    </p>
   </div>
   <div class='ocr_carea' id='block_1_86' title="bbox 583 5818 919 5885">
    <p class='ocr_par' dir='ltr' id='par_1_86' title="bbox 583 5818 919 5885">
     <span class='ocr_line' id='line_1_86' title="bbox 583 5818 919 5885; baseline 0.003 -13"><span class='ocrx_word' id='word_1_599' title='bbox 583 5820 598 5849; x_wconf 84' lang='grc'>¹</span> <span class='ocrx_word' id='word_1_600' title='bbox 639 5818 751 5874; x_wconf 83' lang='lat' dir='ltr'><strong>Act.</strong></span> <span class='ocrx_word' id='word_1_601' title='bbox 789 5836 828 5885; x_wconf 89' lang='lat' dir='ltr'><strong>I,</strong></span> <span class='ocrx_word' id='word_1_602' title='bbox 867 5818 919 5873; x_wconf 84' lang='lat'><strong>5.</strong></span> 
     </span>
    </p>
   </div>
   <div class='ocr_carea' id='block_1_87' title="bbox 513 5894 671 5955">
    <p class='ocr_par' dir='ltr' id='par_1_87' title="bbox 513 5894 671 5955">
     <span class='ocr_line' id='line_1_87' title="bbox 513 5894 671 5955; baseline -0.032 -8"><span class='ocrx_word' id='word_1_603' title='bbox 513 5894 671 5955; x_wconf 68' lang='lat'><strong>11,1.</strong></span> 
     </span>
    </p>
   </div>
   <div class='ocr_carea' id='block_1_88' title="bbox 2164 3836 3735 3919">
    <p class='ocr_par' dir='ltr' id='par_1_88' title="bbox 2164 3836 3735 3919">
     <span class='ocr_line' id='line_1_88' title="bbox 2164 3836 3735 3919; baseline -0.01 -16"><span class='ocrx_word' id='word_1_604' title='bbox 2164 3849 2427 3918; x_wconf 81' lang='grc' dir='ltr'>στεῦομεν</span> <span class='ocrx_word' id='word_1_605' title='bbox 2452 3851 2518 3919; x_wconf 80' lang='grc' dir='ltr'>τῇ</span> <span class='ocrx_word' id='word_1_606' title='bbox 2548 3846 2871 3917; x_wconf 78' lang='grc' dir='ltr'>διδασκαλίᾳ</span> <span class='ocrx_word' id='word_1_607' title='bbox 2900 3843 2995 3899; x_wconf 87' lang='grc' dir='ltr'><strong>τοῦ</strong></span> <span class='ocrx_word' id='word_1_608' title='bbox 3029 3841 3184 3912; x_wconf 81' lang='grc' dir='ltr'>ἁγίου</span> <span class='ocrx_word' id='word_1_609' title='bbox 3221 3841 3559 3911; x_wconf 76' lang='grc' dir='ltr'>Πνεῦματος.</span> <span class='ocrx_word' id='word_1_610' title='bbox 3581 3836 3735 3906; x_wconf 79' lang='grc' dir='ltr'>Δῦτη</span> 
     </span>
    </p>
   </div>
   <div class='ocr_carea' id='block_1_89' title="bbox 2162 3928 3734 4005">
    <p class='ocr_par' dir='ltr' id='par_1_89' title="bbox 2162 3928 3734 4005">
     <span class='ocr_line' id='line_1_89' title="bbox 2162 3928 3734 4005; baseline -0.01 -9"><span class='ocrx_word' id='word_1_611' title='bbox 2162 3942 2218 3996; x_wconf 74' lang='grc' dir='ltr'>δὲ</span> <span class='ocrx_word' id='word_1_612' title='bbox 2274 3941 2580 3995; x_wconf 77' lang='grc' dir='ltr'>τελειοῦται</span> <span class='ocrx_word' id='word_1_613' title='bbox 2633 3941 2769 3993; x_wconf 80' lang='grc' dir='ltr'>πᾶσι</span> <span class='ocrx_word' id='word_1_614' title='bbox 2827 3940 2935 4000; x_wconf 88' lang='grc' dir='ltr'>τοῖς</span> <span class='ocrx_word' id='word_1_615' title='bbox 2970 3933 3416 4005; x_wconf 84' lang='grc' dir='ltr'>νομοθετηθεῖσιν</span> <span class='ocrx_word' id='word_1_616' title='bbox 3470 3930 3577 3984; x_wconf 77' lang='grc' dir='ltr'><strong>ὑπὸ</strong></span> <span class='ocrx_word' id='word_1_617' title='bbox 3631 3928 3734 3981; x_wconf 81' lang='grc' dir='ltr'><strong>τοῦ</strong></span> 
     </span>
    </p>
   </div>
   <div class='ocr_carea' id='block_1_90' title="bbox 2162 4022 3739 4107">
    <p class='ocr_par' dir='ltr' id='par_1_90' title="bbox 2162 4022 3739 4107">
     <span class='ocr_line' id='line_1_90' title="bbox 2162 4022 3739 4107; baseline -0.01 -18"><span class='ocrx_word' id='word_1_618' title='bbox 2162 4033 2423 4107; x_wconf 86' lang='grc' dir='ltr'>Χριστοῦ,</span> <span class='ocrx_word' id='word_1_619' title='bbox 2462 4033 2609 4104; x_wconf 78' lang='grc' dir='ltr'><strong>ἔργῳ</strong></span> <span class='ocrx_word' id='word_1_620' title='bbox 2628 4031 2983 4098; x_wconf 76' lang='grc' dir='ltr'>πιστεύουσα,</span> <span class='ocrx_word' id='word_1_621' title='bbox 3015 4026 3337 4091; x_wconf 76' lang='grc' dir='ltr'>εὐσεϐοῦσα,</span> <span class='ocrx_word' id='word_1_622' title='bbox 3382 4024 3476 4077; x_wconf 59' lang='grc' dir='ltr'><strong>καὶ⁵</strong></span> <span class='ocrx_word' id='word_1_623' title='bbox 3517 4024 3617 4086; x_wconf 75' lang='grc' dir='ltr'><strong>τὰς</strong></span> <span class='ocrx_word' id='word_1_624' title='bbox 3640 4022 3739 4075; x_wconf 74' lang='grc' dir='ltr'><strong>ὲν-</strong></span> 
     </span>
    </p>
   </div>
   <div class='ocr_carea' id='block_1_91' title="bbox 2164 4114 3734 4199">
    <p class='ocr_par' dir='ltr' id='par_1_91' title="bbox 2164 4114 3734 4199">
     <span class='ocr_line' id='line_1_91' title="bbox 2164 4114 3734 4199; baseline -0.01 -18"><span class='ocrx_word' id='word_1_625' title='bbox 2164 4129 2322 4193; x_wconf 85' lang='grc' dir='ltr'>τολὰς</span> <span class='ocrx_word' id='word_1_626' title='bbox 2348 4128 2666 4199; x_wconf 82' lang='grc' dir='ltr'>πράττουσα</span> <span class='ocrx_word' id='word_1_627' title='bbox 2702 4122 2795 4179; x_wconf 72' lang='grc' dir='ltr'><strong>τοῦ</strong></span> <span class='ocrx_word' id='word_1_628' title='bbox 2845 4122 3297 4183; x_wconf 72' lang='grc' dir='ltr'>ἁνακαινίσαντος</span> <span class='ocrx_word' id='word_1_629' title='bbox 3323 4118 3493 4199; x_wconf 42' lang='lat' dir='ltr'><strong>ipsis.</strong></span> <span class='ocrx_word' id='word_1_630' title='bbox 3534 4114 3595 4168; x_wconf 86' lang='lat'><strong>&#39;0</strong></span> <span class='ocrx_word' id='word_1_631' title='bbox 3621 4116 3734 4185; x_wconf 77' lang='grc' dir='ltr'><strong>γάρ</strong></span> 
     </span>
    </p>
   </div>
   <div class='ocr_carea' id='block_1_92' title="bbox 2168 4192 3732 4295">
    <p class='ocr_par' dir='ltr' id='par_1_92' title="bbox 2168 4192 3732 4295">
     <span class='ocr_line' id='line_1_92' title="bbox 2168 4192 3732 4295; baseline -0.012 -19"><span class='ocrx_word' id='word_1_632' title='bbox 2168 4222 2246 4295; x_wconf 78' lang='grc' dir='ltr'>μὴ</span> <span class='ocrx_word' id='word_1_633' title='bbox 2278 4192 2419 4277; x_wconf 82' lang='grc' dir='ltr'>κατά</span> <span class='ocrx_word' id='word_1_634' title='bbox 2458 4220 2556 4291; x_wconf 78' lang='grc' dir='ltr'><strong>τὴν</strong></span> <span class='ocrx_word' id='word_1_635' title='bbox 2604 4219 2903 4289; x_wconf 84' lang='grc' dir='ltr'>παράδοσιν</span> <span class='ocrx_word' id='word_1_636' title='bbox 2939 4217 3037 4287; x_wconf 81' lang='grc' dir='ltr'>τῆς</span> <span class='ocrx_word' id='word_1_637' title='bbox 3073 4192 3362 4282; x_wconf 70' lang='grc' dir='ltr'>καθολικῇ</span> <span class='ocrx_word' id='word_1_638' title='bbox 3398 4209 3732 4281; x_wconf 81' lang='grc' dir='ltr'>Ἐκκλησίας</span> 
     </span>
    </p>
   </div>
   <div class='ocr_carea' id='block_1_93' title="bbox 2167 4298 3736 4385">
    <p class='ocr_par' dir='ltr' id='par_1_93' title="bbox 2167 4298 3736 4385">
     <span class='ocr_line' id='line_1_93' title="bbox 2167 4298 3736 4385; baseline -0.012 -18"><span class='ocrx_word' id='word_1_639' title='bbox 2167 4310 2465 4377; x_wconf 73' lang='grc' dir='ltr'>πιστεύων,</span> <span class='ocrx_word' id='word_1_640' title='bbox 2502 4311 2536 4385; x_wconf 76' lang='grc' dir='ltr'><strong>ἢ</strong></span> <span class='ocrx_word' id='word_1_641' title='bbox 2573 4308 2849 4365; x_wconf 84' lang='grc' dir='ltr'>κοινωνῶν</span> <span class='ocrx_word' id='word_1_642' title='bbox 2878 4306 2968 4360; x_wconf 78' lang='grc' dir='ltr'><strong>διά</strong></span> <span class='ocrx_word' id='word_1_643' title='bbox 3017 4306 3124 4359; x_wconf 83' lang='grc' dir='ltr'>τῶν</span> <span class='ocrx_word' id='word_1_644' title='bbox 3164 4304 3379 4360; x_wconf 85' lang='grc' dir='ltr'>ἀτόπων</span> <span class='ocrx_word' id='word_1_645' title='bbox 3422 4303 3599 4373; x_wconf 71' lang='grc' dir='ltr'>ἔργων</span> <span class='ocrx_word' id='word_1_646' title='bbox 3650 4298 3736 4367; x_wconf 81' lang='grc' dir='ltr'>τῷ</span> 
     </span>
    </p>
   </div>
   <div class='ocr_carea' id='block_1_94' title="bbox 2170 4402 2878 4475">
    <p class='ocr_par' dir='ltr' id='par_1_94' title="bbox 2170 4402 2878 4475">
     <span class='ocr_line' id='line_1_94' title="bbox 2170 4402 2878 4475; baseline -0.006 -16"><span class='ocrx_word' id='word_1_647' title='bbox 2170 4402 2424 4475; x_wconf 75' lang='grc' dir='ltr'>διαϐόλῳ,</span> <span class='ocrx_word' id='word_1_648' title='bbox 2456 4402 2683 4467; x_wconf 78' lang='grc' dir='ltr'>ἄπιστός</span> <span class='ocrx_word' id='word_1_649' title='bbox 2712 4405 2878 4456; x_wconf 76' lang='grc' dir='ltr'>ἐστιν.</span> 
     </span>
    </p>
   </div>
   <div class='ocr_carea' id='block_1_95' title="bbox 2244 4621 3731 4693">
    <p class='ocr_par' dir='ltr' id='par_1_95' title="bbox 2244 4621 3731 4693">
     <span class='ocr_line' id='line_1_95' title="bbox 2244 4621 3731 4693; baseline -0.013 -5"><span class='ocrx_word' id='word_1_650' title='bbox 2244 4634 2419 4688; x_wconf 82' lang='grc' dir='ltr'>Ἐστι</span> <span class='ocrx_word' id='word_1_651' title='bbox 2445 4630 2505 4684; x_wconf 81' lang='grc' dir='ltr'>δὲ</span> <span class='ocrx_word' id='word_1_652' title='bbox 2528 4630 2687 4685; x_wconf 80' lang='grc' dir='ltr'>πάλιν</span> <span class='ocrx_word' id='word_1_653' title='bbox 2711 4629 2919 4692; x_wconf 77' lang='grc' dir='ltr'>πίστις</span> <span class='ocrx_word' id='word_1_654' title='bbox 2941 4621 3342 4693; x_wconf 67' lang='grc' dir='ltr'>ἐλπιζομένων</span> <span class='ocrx_word' id='word_1_655' title='bbox 3366 4622 3731 4682; x_wconf 76' lang='grc' dir='ltr'>ὑπόστασις,</span> 
     </span>
    </p>
   </div>
   <div class='ocr_carea' id='block_1_96' title="bbox 2170 4712 3735 4792">
    <p class='ocr_par' dir='ltr' id='par_1_96' title="bbox 2170 4712 3735 4792">
     <span class='ocr_line' id='line_1_96' title="bbox 2170 4712 3735 4792; baseline -0.01 -15"><span class='ocrx_word' id='word_1_656' title='bbox 2170 4720 2530 4792; x_wconf 64' lang='grc' dir='ltr'>πραγμάτων</span> <span class='ocrx_word' id='word_1_657' title='bbox 2547 4721 2799 4791; x_wconf 71' lang='grc' dir='ltr'>ἔλεγχος</span> <span class='ocrx_word' id='word_1_658' title='bbox 2820 4716 3322 4787; x_wconf 71' lang='grc' dir='ltr'>οὑβλεπομένων,</span> <span class='ocrx_word' id='word_1_659' title='bbox 3353 4714 3388 4782; x_wconf 81' lang='grc' dir='ltr'><strong>ἢ</strong></span> <span class='ocrx_word' id='word_1_660' title='bbox 3412 4712 3735 4770; x_wconf 78' lang='grc' dir='ltr'>ἀδίστακτος</span> 
     </span>
    </p>
   </div>
   <div class='ocr_carea' id='block_1_97' title="bbox 2172 4806 3736 4882">
    <p class='ocr_par' dir='ltr' id='par_1_97' title="bbox 2172 4806 3736 4882">
     <span class='ocr_line' id='line_1_97' title="bbox 2172 4806 3736 4882; baseline -0.009 -13"><span class='ocrx_word' id='word_1_661' title='bbox 2172 4814 2269 4869; x_wconf 76' lang='grc' dir='ltr'>καὶ</span> <span class='ocrx_word' id='word_1_662' title='bbox 2293 4813 2605 4882; x_wconf 76' lang='grc' dir='ltr'>ἀδιάκριτος</span> <span class='ocrx_word' id='word_1_663' title='bbox 2626 4811 2780 4874; x_wconf 66' lang='grc' dir='ltr'>ἐλπὶς</span> <span class='ocrx_word' id='word_1_664' title='bbox 2801 4810 2912 4864; x_wconf 80' lang='grc' dir='ltr'><strong>τῶν</strong></span> <span class='ocrx_word' id='word_1_665' title='bbox 2935 4827 2995 4864; x_wconf 78' lang='grc' dir='ltr'><strong>τε</strong></span> <span class='ocrx_word' id='word_1_666' title='bbox 3015 4809 3123 4863; x_wconf 76' lang='grc' dir='ltr'><strong>ὑπὸ</strong></span> <span class='ocrx_word' id='word_1_667' title='bbox 3146 4806 3241 4861; x_wconf 89' lang='grc' dir='ltr'><strong>τοῦ</strong></span> <span class='ocrx_word' id='word_1_668' title='bbox 3262 4806 3400 4860; x_wconf 83' lang='grc' dir='ltr'>Θεοῦ</span> <span class='ocrx_word' id='word_1_669' title='bbox 3425 4806 3736 4875; x_wconf 59' lang='lat' dir='ltr'><strong>quiusa-Inr-</strong></span> 
     </span>
    </p>
   </div>
   <div class='ocr_carea' id='block_1_98' title="bbox 2174 4896 3736 4976">
    <p class='ocr_par' dir='ltr' id='par_1_98' title="bbox 2174 4896 3736 4976">
     <span class='ocr_line' id='line_1_98' title="bbox 2174 4896 3736 4976; baseline -0.008 -16"><span class='ocrx_word' id='word_1_670' title='bbox 2174 4905 2482 4976; x_wconf 74' lang='grc' dir='ltr'>γελμένων,</span> <span class='ocrx_word' id='word_1_671' title='bbox 2525 4904 2744 4973; x_wconf 78' lang='grc' dir='ltr'>καὶτῆς</span> <span class='ocrx_word' id='word_1_672' title='bbox 2771 4902 2878 4957; x_wconf 84' lang='grc' dir='ltr'><strong>τῶν</strong></span> <span class='ocrx_word' id='word_1_673' title='bbox 2912 4902 3188 4972; x_wconf 78' lang='grc' dir='ltr'>αίτήσεων</span> <span class='ocrx_word' id='word_1_674' title='bbox 3222 4898 3382 4969; x_wconf 77' lang='grc' dir='ltr'>ἡμῶν</span> <span class='ocrx_word' id='word_1_675' title='bbox 3431 4896 3736 4965; x_wconf 73' lang='grc' dir='ltr'>ἑπιτυχίας.</span> 
     </span>
    </p>
   </div>
   <div class='ocr_carea' id='block_1_99' title="bbox 2183 4992 3734 5071">
    <p class='ocr_par' dir='ltr' id='par_1_99' title="bbox 2183 4992 3734 5071">
     <span class='ocr_line' id='line_1_99' title="bbox 2183 4992 3734 5071; baseline -0.008 -15"><span class='ocrx_word' id='word_1_676' title='bbox 2183 5003 2253 5057; x_wconf 80' lang='grc' dir='ltr'><strong>Ἦ</strong></span> <span class='ocrx_word' id='word_1_677' title='bbox 2291 5000 2391 5071; x_wconf 74' lang='grc' dir='ltr'>μὲν</span> <span class='ocrx_word' id='word_1_678' title='bbox 2416 4998 2513 5054; x_wconf 80' lang='grc' dir='ltr'>οὖν</span> <span class='ocrx_word' id='word_1_679' title='bbox 2543 4999 2761 5071; x_wconf 81' lang='grc' dir='ltr'>πρώτη,</span> <span class='ocrx_word' id='word_1_680' title='bbox 2788 4998 2890 5069; x_wconf 81' lang='grc' dir='ltr'>τῆς</span> <span class='ocrx_word' id='word_1_681' title='bbox 2928 4999 3207 5068; x_wconf 69' lang='grc' dir='ltr'>ἡμετέρας</span> <span class='ocrx_word' id='word_1_682' title='bbox 3234 4995 3462 5065; x_wconf 80' lang='grc' dir='ltr'>γνώμης</span> <span class='ocrx_word' id='word_1_683' title='bbox 3491 4992 3657 5057; x_wconf 68' lang='grc' dir='ltr'>ἐστὶν,</span> <span class='ocrx_word' id='word_1_684' title='bbox 3700 4993 3734 5059; x_wconf 68' lang='grc' dir='ltr'><strong>ἡ</strong></span> 
     </span>
    </p>
   </div>
   <div class='ocr_carea' id='block_1_100' title="bbox 2172 5088 3519 5166">
    <p class='ocr_par' dir='ltr' id='par_1_100' title="bbox 2172 5088 3519 5166">
     <span class='ocr_line' id='line_1_100' title="bbox 2172 5088 3519 5166; baseline -0.008 -15"><span class='ocrx_word' id='word_1_685' title='bbox 2172 5096 2229 5150; x_wconf 70' lang='grc' dir='ltr'>δὲ</span> <span class='ocrx_word' id='word_1_686' title='bbox 2264 5094 2494 5166; x_wconf 65' lang='grc' dir='ltr'>δευτέρα</span> <span class='ocrx_word' id='word_1_687' title='bbox 2527 5094 2634 5147; x_wconf 82' lang='grc' dir='ltr'><strong>τῶν</strong></span> <span class='ocrx_word' id='word_1_688' title='bbox 2674 5090 3034 5164; x_wconf 81' lang='grc' dir='ltr'>χαρισμάτων</span> <span class='ocrx_word' id='word_1_689' title='bbox 3063 5088 3158 5145; x_wconf 89' lang='grc' dir='ltr'><strong>τοῦ</strong></span> <span class='ocrx_word' id='word_1_690' title='bbox 3180 5088 3519 5156; x_wconf 76' lang='grc' dir='ltr'>Πνεῦματος.</span> 
     </span>
    </p>
   </div>
   <div class='ocr_carea' id='block_1_101' title="bbox 2256 5309 3733 5387">
    <p class='ocr_par' dir='ltr' id='par_1_101' title="bbox 2256 5309 3733 5387">
     <span class='ocr_line' id='line_1_101' title="bbox 2256 5309 3733 5387; baseline -0.008 -14"><span class='ocrx_word' id='word_1_691' title='bbox 2256 5316 2451 5373; x_wconf 71' lang='grc' dir='ltr'>’ἰστέον</span> <span class='ocrx_word' id='word_1_692' title='bbox 2491 5316 2547 5370; x_wconf 80' lang='grc' dir='ltr'>δὲ</span> <span class='ocrx_word' id='word_1_693' title='bbox 2595 5317 2679 5371; x_wconf 85' lang='grc' dir='ltr'>ὅτι</span> <span class='ocrx_word' id='word_1_694' title='bbox 2720 5315 2810 5369; x_wconf 72' lang='grc' dir='ltr'><strong>διὰ</strong></span> <span class='ocrx_word' id='word_1_695' title='bbox 2852 5314 2946 5370; x_wconf 84' lang='grc' dir='ltr'><strong>τοῦ</strong></span> <span class='ocrx_word' id='word_1_696' title='bbox 2980 5313 3355 5387; x_wconf 84' lang='grc' dir='ltr'>βαπτίσματος</span> <span class='ocrx_word' id='word_1_697' title='bbox 3414 5309 3733 5382; x_wconf 83' lang='grc' dir='ltr'>περιτεμνό-</span> 
     </span>
    </p>
   </div>
   <div class='ocr_carea' id='block_1_102' title="bbox 2176 5404 3735 5484">
    <p class='ocr_par' dir='ltr' id='par_1_102' title="bbox 2176 5404 3735 5484">
     <span class='ocr_line' id='line_1_102' title="bbox 2176 5404 3735 5484; baseline -0.007 -19"><span class='ocrx_word' id='word_1_698' title='bbox 2176 5414 2318 5484; x_wconf 84' lang='grc' dir='ltr'>μεθα</span> <span class='ocrx_word' id='word_1_699' title='bbox 2381 5410 2526 5465; x_wconf 72' lang='grc' dir='ltr'>ἅπαν</span> <span class='ocrx_word' id='word_1_700' title='bbox 2571 5410 2633 5463; x_wconf 80' lang='grc' dir='ltr'>τὸ</span> <span class='ocrx_word' id='word_1_701' title='bbox 2662 5411 2769 5464; x_wconf 79' lang='grc' dir='ltr'><strong>ἀπὸ</strong></span> <span class='ocrx_word' id='word_1_702' title='bbox 2804 5410 3070 5478; x_wconf 82' lang='grc' dir='ltr'>γενέσεως</span> <span class='ocrx_word' id='word_1_703' title='bbox 3129 5406 3413 5478; x_wconf 80' lang='grc' dir='ltr'>κάλυμμα,</span> <span class='ocrx_word' id='word_1_704' title='bbox 3480 5405 3600 5476; x_wconf 67' lang='grc' dir='ltr'>ἦτοι</span> <span class='ocrx_word' id='word_1_705' title='bbox 3641 5404 3735 5471; x_wconf 69' lang='grc' dir='ltr'>τὴν</span> 
     </span>
    </p>
   </div>
   <div class='ocr_carea' id='block_1_103' title="bbox 2172 5496 3736 5577">
    <p class='ocr_par' dir='ltr' id='par_1_103' title="bbox 2172 5496 3736 5577">
     <span class='ocr_line' id='line_1_103' title="bbox 2172 5496 3736 5577; baseline -0.01 -15"><span class='ocrx_word' id='word_1_706' title='bbox 2172 5507 2471 5577; x_wconf 74' lang='grc' dir='ltr'>ἁμαρτίαν,</span> <span class='ocrx_word' id='word_1_707' title='bbox 2506 5505 2599 5557; x_wconf 74' lang='grc' dir='ltr'>καὶ</span> <span class='ocrx_word' id='word_1_708' title='bbox 2634 5504 2967 5577; x_wconf 75' lang='grc' dir='ltr'>Ἰσραηλῖται</span> <span class='ocrx_word' id='word_1_709' title='bbox 3031 5500 3417 5571; x_wconf 65' lang='grc' dir='ltr'>πνευματικοὶ,</span> <span class='ocrx_word' id='word_1_710' title='bbox 3472 5500 3568 5553; x_wconf 76' lang='grc' dir='ltr'>καὶ</span> <span class='ocrx_word' id='word_1_711' title='bbox 3606 5496 3736 5551; x_wconf 79' lang='grc' dir='ltr'>Θεοῦ</span> 
     </span>
    </p>
   </div>
   <div class='ocr_carea' id='block_1_104' title="bbox 2176 5596 2762 5671">
    <p class='ocr_par' dir='ltr' id='par_1_104' title="bbox 2176 5596 2762 5671">
     <span class='ocr_line' id='line_1_104' title="bbox 2176 5596 2762 5671; baseline 0.003 -19"><span class='ocrx_word' id='word_1_712' title='bbox 2176 5599 2304 5666; x_wconf 75' lang='grc' dir='ltr'>λαὸς</span> <span class='ocrx_word' id='word_1_713' title='bbox 2329 5596 2762 5671; x_wconf 81' lang='grc' dir='ltr'>χρηματίζομεν.</span> 
     </span>
    </p>
   </div>
   <div class='ocr_carea' id='block_1_105' title="bbox 1020 5786 2062 5879">
    <p class='ocr_par' dir='ltr' id='par_1_105' title="bbox 1020 5807 2062 5879">
     <span class='ocr_line' id='line_1_105' title="bbox 1020 5807 2062 5879; baseline -0.009 -10"><span class='ocrx_word' id='word_1_714' title='bbox 1020 5816 1040 5847; x_wconf 80' lang='grc'>⁸</span> <span class='ocrx_word' id='word_1_715' title='bbox 1068 5814 1201 5869; x_wconf 85' lang='lat' dir='ltr'><strong>Luc.</strong></span> <span class='ocrx_word' id='word_1_716' title='bbox 1251 5827 1352 5879; x_wconf 76' lang='lat' dir='ltr'><strong>nt,</strong></span> <span class='ocrx_word' id='word_1_717' title='bbox 1388 5810 1478 5867; x_wconf 80' lang='lat'><strong>50.</strong></span> <span class='ocrx_word' id='word_1_718' title='bbox 1560 5808 1581 5844; x_wconf 82' lang='grc'><strong>⁸</strong></span> <span class='ocrx_word' id='word_1_719' title='bbox 1606 5811 1729 5868; x_wconf 74' lang='lat' dir='ltr'><strong>Act.</strong></span> <span class='ocrx_word' id='word_1_720' title='bbox 1753 5823 1812 5879; x_wconf 80' lang='grc' dir='ltr'><strong>ιι,</strong></span> <span class='ocrx_word' id='word_1_721' title='bbox 1835 5807 1892 5866; x_wconf 73' lang='grc'>2.</span> <span class='ocrx_word' id='word_1_722' title='bbox 1966 5807 1986 5840; x_wconf 74' lang='grc'><strong>⁸</strong></span> <span class='ocrx_word' id='word_1_723' title='bbox 2010 5808 2062 5864; x_wconf 62' lang='grc' dir='ltr'>ιλ</span> 
     </span>
    </p>
   </div>
   <div class='ocr_carea' id='block_1_106' title="bbox 2185 5786 3731 5879">
    <p class='ocr_par' dir='ltr' id='par_1_106' title="bbox 2208 5786 3731 5873">
     <span class='ocr_line' id='line_1_106' title="bbox 2208 5786 3731 5873; baseline -0.016 -11"><span class='ocrx_word' id='word_1_724' title='bbox 2208 5819 2281 5873; x_wconf 82' lang='lat' dir='ltr'><strong>Iv,</strong></span> <span class='ocrx_word' id='word_1_725' title='bbox 2309 5805 2399 5861; x_wconf 67' lang='lat'><strong>2.5.</strong></span> <span class='ocrx_word' id='word_1_726' title='bbox 2474 5803 2652 5861; x_wconf 82' lang='lat' dir='ltr'><strong>&#39;Gen.</strong></span> <span class='ocrx_word' id='word_1_727' title='bbox 2686 5816 2805 5867; x_wconf 81' lang='lat' dir='ltr'><strong>vnt,</strong></span> <span class='ocrx_word' id='word_1_728' title='bbox 2841 5798 2926 5854; x_wconf 84' lang='lat' dir='ltr'><strong>ll.</strong></span> <span class='ocrx_word' id='word_1_729' title='bbox 3004 5796 3025 5827; x_wconf 83' lang='lat'><em>‘</em></span> <span class='ocrx_word' id='word_1_730' title='bbox 3060 5794 3220 5852; x_wconf 82' lang='lat' dir='ltr'><strong>Rom.</strong></span> <span class='ocrx_word' id='word_1_731' title='bbox 3268 5809 3325 5862; x_wconf 73' lang='grc' dir='ltr'>ι,</span> <span class='ocrx_word' id='word_1_732' title='bbox 3361 5790 3448 5847; x_wconf 83' lang='lat' dir='ltr'><strong>t7.</strong></span> <span class='ocrx_word' id='word_1_733' title='bbox 3523 5791 3543 5817; x_wconf 90' lang='lat'><em>&quot;</em></span> <span class='ocrx_word' id='word_1_734' title='bbox 3578 5786 3731 5843; x_wconf 81' lang='lat' dir='ltr'><strong>llebr.</strong></span> 
     </span>
    </p>
   </div>
  </div>
