3960 6568
315 395 445 459 2261

1223 383 1597 460 PANOPLIA
1642 387 2104 467 noenum.
2132 430 2197 442 -
2223 403 2378 468 'rt'r.
2422 408 2599 470 xxv.

3411 416 3548 482 ῒῆὶ

309 511 588 598 Περίιτῆις
609 509 1137 598 ιιεταλήιξειιξςΙτο-ῑο
1168 514 1536 598 Δερποτεκοῦ
1589 514 1865 595 σώματος

1976 519 2043 572 De
2055 524 2516 598 transmutatione
2567 521 2828 598 Βοηιὶιείοἰ
2867 528 3103 596 corporis
3126 537 3174 581 et
3229 530 3529 598 sanguinis.

284 655 286 657 γ
373 582 478 706 ἔΞί
501 585 770 651 αἵματος,
799 581 902 637 τοῦ
938 581 1193 652 Νύσσης
1223 584 1289 638 ἐκ
1322 585 1428 639 τοῦ
1457 581 1868 656 nummum?)

455 671 580 706 rov.

455 671 580 722 γου.

381 747 589 816 Ὠσπερ
617 747 665 800 οἰ
682 747 1002 819 δηλητήριον
1023 747 1398 819 δι’ὲπιὸουλῆς
1421 747 1698 812 λαϐόντες,
1724 748 1872 819 ἄλλῳ

309 855 345 906 φ
387 839 692 908 ρμάκῳτὴν
712 839 1029 911 φθοροποιὸν
1043 839 1268 911 δύναμιν
1287 839 1538 895 ἔσϐεσαν*
1553 841 1659 914 χρὴ
1676 841 1732 897 δὲ
1746 843 1869 898 καθ’

303 932 590 1003 ὁμοιότητα
622 931 713 986 τοῦ
739 933 980 1005 ὀλεθρίου
1014 936 1108 989 καὶ
1138 937 1198 990 τὸ
1231 937 1568 1011 άλεξιτήριον
1598 943 1748 1008 ἐντὸς
1774 941 1884 996 τῶν

303 1022 655 1094 ἀνθρωπίνων
683 1027 932 1096 γενέσθαι
971 1028 1316 1101 σπλάγχνων,
1351 1029 1427 1095 ὡς
1459 1032 1526 1086 ἂν
1557 1033 1624 1086 δι’
1658 1035 1882 1089 ἐκείνων

302 1116 383 1182 ἐφ’
421 1115 566 1171 ἅπαν
622 1118 1051 1191 καταμερισθείη
1076 1121 1136 1174 τὸ
1163 1122 1322 1192 σῶμα
1362 1125 1395 1194 ἡ
1438 1123 1531 1176 τοῦ
1559 1125 1883 1198 βοηθοῦντος

301 1204 554 1276 δύναμις·
584 1207 724 1262 οὕτω
763 1209 857 1262 τοῦ
885 1209 1195 1277 διαλύοντος
1237 1212 1335 1286 τὴν
1365 1213 1526 1284 φύσιν
1561 1217 1719 1288 ἡμῶν
1747 1219 1885 1273 ἀποο

299 1299 647 1370 γευσάμενοι,
684 1300 843 1382 πάλιν
875 1303 1172 1372 ἀναγκαῖον
1210 1303 1284 1369 ὡς
1315 1306 1524 1360 καὶτοῦ
1560 1310 1883 1379 συνάγοντος

297 1391 359 1444 τὸ
381 1391 761 1465 διαλελυμένον
801 1395 1173 1468 ὲπεδεὴθημεν
1199 1415 1213 1430 ο
1253 1398 1327 1464 ὼς
1375 1399 1441 1455 ἂν
1475 1403 1533 1454 ὲν
1563 1403 1695 1474 ἡμῖν
1725 1404 1879 1474 γενό-

301 1489 459 1550 μενον
487 1483 546 1537 τὸ
571 1485 810 1540 τοιοῦτον
853 1487 1189 1562 ἁλεξιτήριον
1215 1491 1316 1564 τὴν
1359 1494 1777 1563 προεντεθεῖσαν
1803 1495 1882 1566 τῷ

298 1573 512 1646 σώματι
537 1575 631 1629 τοῦ
654 1575 979 1652 δηλητηρίου
1018 1579 1223 1654 βλάϐην
1255 1582 1342 1638 διὰ
1374 1584 1473 1656 τῆς
1499 1586 1706 1650 οἰκείας
1734 1587 1881 1640 ἀντιο

296 1667 526 1733 παθείας
557 1665 847 1724 ἀπώσαιτο.
878 1669 943 1724 Τί
974 1667 1068 1726 οῦν
1118 1673 1234 1726 ἐστι
1268 1673 1456 1741 τοῦτο;
1489 1675 1656 1730 Ούδὲν
1695 1675 1880 1748 ἕτερον

295 1757 329 1830 ἦ
352 1761 523 1814 ἐκεῖνο
543 1761 604 1816 τὸ
634 1760 814 1834 σῶμα,
839 1763 868 1817 ὃ
897 1762 998 1817 τοῦ
1023 1782 1081 1817 τε
1104 1763 1335 1820 θανάτου
1366 1769 1613 1838 κρεῖττον
1644 1767 1875 1840 ἐδείχθη,

2048 587 2286 713 gregarii
2332 591 2518 666 Nysam
2568 595 2835 666 pontiﬁcis
2894 587 2970 650 eas'
3019 599 3256 653 oratione
3310 587 3551 655 c'atcclte-

2072 678 2174 713 ιεα.

2072 678 2174 715 tca.

2051 751 2168 817 Quo
2241 753 2403 808 modo
2492 753 2638 809 enim
2692 757 2784 827 qui
2857 771 3128 812 venenum
3193 771 3546 828 sumpserunt

1983 838 2108 894 dolo
2132 850 2185 896 et
2216 856 2284 899 ex
2308 842 2540 911 insidiis,
2591 845 2698 901 alio
2725 847 3126 903 medicamento
3186 849 3546 920 exstinguuut

1984 945 2090 997 vim
2130 959 2252 1016 quae
2281 943 2436 999 affert
2489 943 2766 999 interitum
2787 983 2802 1006 ,
2841 953 3054 1015 oportet
3083 953 3261 1000 autem
3295 945 3436 1001 sicut
3460 961 3558 1000 ex-

1984 1038 2154 1098 itiale.
2182 1038 2253 1092 ita
2308 1037 2472 1091 etiam
2541 1035 2781 1091 salutare
2834 1037 3294 1091 medicamentum
3338 1035 3555 1090 admitti

1984 1130 2127 1185 intra
2178 1128 2391 1184 viscera
2425 1126 2685 1193 hominis,
2729 1135 2788 1180 ut
2834 1142 2930 1196 per
2964 1127 3055 1181 illa
3092 1127 3456 1182 distribuatur
3499 1127 3556 1181 in

1985 1224 2300 1278 universum
2335 1234 2539 1291 corpus
2567 1218 2741 1274 virtus
2769 1216 2889 1288 ejus
2933 1218 3079 1288 quod
3127 1217 3233 1272 fert
3262 1233 3418 1288 opem
3439 1233 3458 1272 τ
3479 1220 3556 1272 ita

1982 1329 2106 1370 cum
2138 1311 2189 1366 id
2220 1310 2622 1384 gustaverimus
2651 1307 2798 1379 quod
2827 1316 3070 1365 nostram
3101 1308 3354 1365 dissolvit
3391 1317 3558 1363 natu-

1982 1420 2120 1469 ram,
2151 1419 2346 1462 rursus
2374 1416 2602 1460 necesse
2630 1411 2714 1458 est
2744 1411 2802 1456 ut
2823 1418 2962 1475 opus
2981 1402 3278 1459 habeamus
3309 1418 3372 1458 eo
3395 1400 3546 1473 quod

1980 1493 2128 1564 cogit
2162 1508 2226 1548 ac
2250 1492 2508 1549 conciliat
2532 1492 2586 1548 id
2621 1493 2765 1564 quod
2805 1503 2921 1550 erat
2949 1493 3303 1561 dissolutum,
3330 1503 3389 1548 ut
3419 1507 3548 1548 cum

1981 1586 2123 1640 intra
2156 1602 2257 1643 nos
2287 1586 2449 1643 fuerit
2477 1587 2579 1642 hoc
2597 1586 3550 1651 salutaremedicamentum,veneni

1979 1676 2263 1745 damnum,
2315 1679 2462 1750 quod
2485 1680 2700 1752 corpori
2729 1679 2909 1737 fuerat
2963 1678 3218 1743 inditum,
3275 1694 3373 1750 per
3418 1694 3553 1734 con-

1979 1770 2206 1824 trariam
2241 1771 2470 1841 repellat
2511 1770 2876 1826 aliectiouem.
2933 1768 3075 1836 Quid
3111 1770 3215 1824 hoc
3241 1783 3372 1839 ergo
3423 1777 3502 1825 est
3526 1769 3555 1824 ’ἰ

296 1851 390 1904 καὶ
416 1852 515 1923 τῆς
542 1853 686 1924 ζωῆς
722 1855 880 1926 ἡμῶν
911 1856 1242 1928 κατήρξατο.
1273 1857 1540 1930 Καθάπερ
1566 1860 1674 1930 γὰρ
1703 1860 1872 1932 μικρὰ

1980 1858 2120 1916 Nihil
2149 1860 2297 1916 aliud
2333 1876 2495 1932 quam
2525 1861 2657 1916 illud
2692 1876 2918 1933 corpus,
2961 1859 3112 1928 quod
3144 1871 3198 1915 et
3241 1867 3419 1916 morte
3454 1875 3553 1916 os-

295 1940 464 2014 ζύμη,
523 1942 705 2009 καθώς
749 1963 913 2018 φησιν
949 1949 978 2002 ό
1027 1948 1367 2017 ’Δπόστολος,
1407 1949 1529 2005 ὅλον
1555 1951 1614 2004 τὸ
1649 1949 1877 2024 φύραμα

295 2036 430 2107 πρὸς
454 2037 652 2109 ἑαυτὴν
706 2037 1060 2110 συνεξομοιοῖ,
1105 2039 1280 2104 οὕτως
1318 2039 1379 2094 τὸ
1418 2039 1738 2096 θανατισθὲν
1772 2043 1878 2096 ὑπὸ

293 2127 387 2181 τοῦ
427 2126 562 2180 Θεοῦ
590 2127 749 2198 σῶμα
774 2129 832 2182 ἐν
858 2126 936 2201 τῷ
965 2131 1219 2202 ἡμετέρῳ
1256 2129 1568 2200 γενόμενον,
1599 2131 1718 2184 ὅλον
1739 2131 1878 2204 πρὸς

293 2218 455 2273 ἑαυτὸ
490 2223 774 2290 μεταποιεί
822 2221 916 2274 καὶ
949 2219 1320 2293 μετατίθησιν.
1367 2221 1454 2285 Ὠς
1487 2223 1596 2295 γὰρ
1621 2222 1715 2277 τοῦ
1745 2221 1875 2294 φθο-

295 2310 514 2382 ροποιοῦ
581 2311 719 2378 πρὸς
773 2312 834 2366 τὸ
890 2313 1126 2382 ὑγιαῖνον
1173 2312 1582 2388 άναμιχθέντος,
1625 2314 1771 2369 ἅπαν
1815 2314 1874 2368 τὸ

291 2401 601 2474 ἀδιακραθὲν
656 2403 1088 2476 συνηχρείωταιο
1147 2404 1318 2469 οὕτως
1371 2406 1466 2460 καὶ
1510 2406 1570 2460 τὸ
1608 2405 1874 2462 ἀθάνατον

292 2493 454 2566 σῶμα
519 2495 576 2548 ὲν
599 2494 676 2568 τῷ
708 2495 1024 2550 ἀναλαϐόντι
1069 2497 1200 2552 αὐτὸ
1244 2497 1554 2569 γενόμενον,
1603 2498 1737 2570 πρὸς
1775 2499 1873 2571 τὴν

291 2585 486 2639 ἑαυτοῦ
531 2584 690 2656 φύσιν
758 2587 852 2640 καὶ
897 2587 956 2640 τὸ
989 2587 1095 2640 πᾶν
1137 2587 1512 2659 μετεποίησεν.
1563 2587 1723 2644 Ἀλλὰ
1767 2589 1873 2660 μὴν

291 2677 393 2730 οὐκ
417 2677 562 2732 ἐστιν
592 2677 764 2743 ἄλλως
788 2679 938 2743 ἐντός
961 2697 1013 2732 τι
1035 2679 1314 2748 γίγνεσθαι
1348 2677 1438 2732 τοῦ
1476 2678 1744 2750 σώματος,
1795 2679 1872 2754 μὴ

290 2766 382 2820 διὰ
411 2767 663 2841 βρώσεως
686 2771 781 2823 καὶ
807 2771 1017 2833 πόσεως
1045 2773 1156 2834 τοῖς
1184 2770 1508 2843 σπλάγχνοις
1536 2770 1870 2841 καταμιγνύ-

293 2877 478 2930 μενον.
515 2861 724 2916 Ούκοῦν
753 2861 1061 2932 ἐπάναγκες
1084 2865 1225 2917 κατὰ
1244 2863 1334 2916 τὸν
1363 2862 1584 2917 δυνατὸν
1617 2865 1684 2936 τῇ
1715 2864 1783 2932 ιρύ
1795 2881 1872 2917 σει

291 2949 494 3019 τρόπον
509 2950 606 3024 τὴν
621 2950 882 3017 ζωοποιδν
903 2955 1127 3024 δύναμιν
1145 2950 1237 3005 τοῦ
1255 2950 1395 3008 Πνεύ
1404 2971 1570 3024 ματος
1598 2952 1868 3018 δέξασθαι.

292 3040 472 3096 Μόνον
499 3042 554 3096 δὲ
576 3043 669 3099 τοῦ
701 3038 961 3116 Θεοδόχου
982 3043 1232 3116 σώματος
1262 3044 1471 3099 ἐκείνου
1494 3045 1695 3118 ταύτην
1723 3046 1874 3112 δεξα-

295 3130 462 3202 μένου
492 3132 590 3203 τὴν
627 3135 806 3206 χάριν,
830 3134 1004 3199 ἄλλως
1033 3135 1088 3190 δὲ
1114 3137 1413 3209 δειχθέντος
1447 3137 1520 3210 μὴ
1553 3133 1688 3192 εἶναι
1716 3137 1873 3191 δυνα-

1978 1959 2193 2009 tensum
2234 1951 2336 2008 fuit
2367 1969 2490 2010 esse
2537 1954 2838 2026 potentius,
2901 1961 2956 2010 et
3012 1961 3218 2010 nostra
3269 1955 3396 2008 vita:
3449 1952 3554 2008 fuit

1978 2043 2216 2098 initium.
2249 2044 2533 2111 Quomodo
2564 2047 2709 2100 enim
2742 2063 2932 2117 parum
2974 2045 3254 2109 fermenti,
3315 2053 3375 2099 ut
3415 2045 3552 2100 dicit

1974 2131 2270 2202 Apostolus
2295 2133 2337 2196 ¹,
2375 2135 2477 2190 sibi
2496 2135 2764 2192 assitnilat
2782 2141 2951 2190 totam
2976 2137 3446 2206 conspersionem.
3474 2137 3549 2190 ita

1979 2241 2177 2294 corpus
2201 2239 2230 2278 a
2265 2223 2372 2279 Deo
2396 2233 2569 2278 morte
2602 2223 2855 2279 affectum
2898 2240 3023 2280 cum
3067 2224 3231 2280 fuerit
3275 2226 3418 2280 intra
3449 2242 3552 2282 no-

1981 2323 2179 2379 strum,
2209 2321 2382 2369 totum
2411 2314 2480 2370 ad
2504 2328 2564 2370 se
2595 2322 2929 2370 transmutat
2973 2324 3022 2371 et
3053 2315 3342 2372 transfert.
3391 2317 3543 2384 Quo-

1979 2407 2141 2462 modo
2179 2406 2322 2461 enim
2349 2422 2474 2462 cum
2511 2407 2656 2476 quod
2684 2415 2768 2462 est
2798 2406 3042 2471 exitiale,
3094 2407 3316 2464 mistum
3375 2404 3546 2464 fuerit

1976 2515 2100 2553 cum
2162 2513 2321 2564 sano,
2386 2498 2648 2569 quidquid
2707 2506 2790 2553 est
2847 2507 3338 2570 contemperatum,
3385 2501 3550 2555 simul

1975 2589 2227 2644 redditur
2259 2588 2478 2656 inutile,
2510 2589 2584 2641 ita
2617 2589 2779 2643 etiam
2825 2603 3027 2658 corpus
3078 2587 3388 2643 immortale
3415 2601 3540 2641 cum

1976 2675 2140 2732 fuerit
2171 2677 2310 2730 intra
2342 2692 2467 2731 eum
2521 2675 2613 2747 qui
2651 2676 2908 2746 sumpsit,
2960 2677 3276 2731 universum
3322 2692 3544 2748 quoque

1977 2778 2309 2826 transmutat
2357 2771 2410 2824 in
2445 2785 2599 2824 suam
2633 2777 2912 2824 naturam.
2979 2768 3085 2824 Sed
3145 2768 3263 2824 ﬁeri
3302 2785 3410 2824 non
3449 2784 3547 2839 po-

1974 2867 2084 2916 test
2117 2869 2176 2913 ut
2223 2861 2296 2915 sit
2345 2859 2550 2930 aliquid
2602 2859 2762 2913 aliter
2814 2859 2957 2913 intra
3009 2873 3233 2930 corpus,
3291 2858 3398 2914 nisi
3453 2873 3550 2929 per

1973 2967 2126 3008 csum
2173 2959 2228 3007 et
2263 2951 2540 3024 potionem
2591 2952 2891 3006 misceatur
2943 2952 3270 3006 visceribus.
3309 2949 3548 3008 Necesse

1973 3053 2230 3117 estergo,
2263 3060 2328 3098 eo
2366 3043 2526 3098 modo
2557 3057 2665 3114 quo
2701 3051 2898 3097 natura
2944 3050 3145 3112 potest,
3175 3041 3414 3113 Spiritus
3464 3046 3548 3097 vi-

1975 3137 2185 3191 viﬁcam
2235 3133 2518 3204 suscipere
2567 3134 2843 3188 virtutem.
2884 3129 3021 3187 Cum
3054 3139 3236 3187 autem
3267 3132 3444 3188 solum
3481 3131 3548 3186 il-

289 3222 386 3275 τὺν
406 3226 462 3277 ὲν
486 3205 754 3297 ἀθανασίᾳ
808 3226 1059 3292 γενέσθαι
1110 3228 1170 3282 τὸ
1198 3205 1487 3302 ipsum
1509 3205 1692 3302 σῶμα,
1717 3231 1765 3284 εἰ
1797 3229 1870 3304 μὴ

1976 3228 2065 3284 Iud
2101 3243 2303 3295 corpus
2350 3225 2494 3298 quod
2557 3225 2725 3281 Deum
2784 3222 3048 3294 suscepit,
3101 3224 3245 3277 hanc
3306 3223 3541 3294 gratiam

288 3313 382 3366 διὰ
402 3317 500 3385 τῆς
529 3317 666 3386 πρὸς
689 3319 747 3369 τὸ
779 3315 1044 3372 ἀθάνατον
1076 3320 1357 3385 κοινωνίας
1389 3323 1447 3374 ἐν
1487 3321 1746 3394 μετουσία
1773 3326 1872 3394 τῆς

292 3405 604 3478 ἀφθαρσίας
624 3408 913 3479 γενόμενον
933 3425 946 3439 ο
988 3410 1257 3480 σκοπῆσαι
1286 3413 1571 3484 προσήκει,
1610 3413 1725 3475 πῶς
1752 3413 1874 3481 ἐγέ-

290 3507 415 3553 νετο
440 3500 661 3554 δυνατὸν
718 3502 777 3555 τὸ
825 3501 882 3554 ἓν
918 3503 1092 3556 ἐκεῖνο
1118 3505 1275 3576 σῶμα
1299 3507 1417 3568 ταῖς
1443 3507 1729 3570 τοσαύταις
1764 3505 1870 3558 τῶν

287 3592 497 3645 πιστῶν
540 3592 764 3662 μυριάσι
797 3594 936 3647 κατά
973 3596 1150 3648 πᾶσαν
1193 3596 1288 3668 τὴν
1327 3595 1652 3668 οἰκουμένην
1696 3596 1868 3649 εἰσαεὶ

285 3683 806 3755 καταμεριςόμενον,
842 3686 960 3739 ὅλον
993 3688 1051 3740 ὲν
1080 3688 1292 3760 ἑκάστῳ
1323 3687 1412 3742 διά
1425 3686 1518 3740 τοῦ
1555 3685 1750 3759 μέρους
1780 3704 1870 3756 γε-

283 3774 497 3836 νέσθαι.
525 3777 618 3829 καὶ
668 3777 800 3832 αὐτὸ
842 3779 1021 3850 μένειν
1048 3779 1131 3852 ἐφ’
1160 3781 1352 3834 ἑαυτοῦ
1383 3781 1521 3835 ὅλον.
1557 3780 1764 3834 Ούκοῦν
1794 3781 1869 3848 ὡς

287 3865 358 3920 ἃν
407 3866 544 3938 πρὸς
595 3869 656 3920 τὸ
688 3869 975 3927 ἀκόλουθον
1009 3875 1137 3944 ἡμῖν
1167 3875 1200 3943 ἡ
1227 3871 1404 3936 πίστις
1432 3873 1722 3943 βλέπουσα,
1761 3891 1869 3946 μη-

285 3956 481 4028 δεμίαν
535 3959 864 4029 ἀμφιϐολίαν
906 3963 1034 4036 περὶ
1074 3963 1168 4018 τοῦ
1211 3963 1570 4036 προκειμένου
1599 3964 1870 4036 νοήματος

288 4049 425 4120 ἔχοι,
458 4052 650 4123 μικρόν
683 4071 732 4106 τι
754 4055 1020 4126 προσήκει
1050 4055 1464 4126 παρασχολῆσαι
1493 4055 1583 4108 τὸν
1610 4055 1767 4124 λόγον
1789 4057 1869 4120 είς

275 4140 388 4211 ¹τὴν
415 4143 759 4222 φυσιολογίαν
797 4142 890 4198 τοῦ
935 4143 1206 4217 σώματος.
1236 4146 1330 4208 Τίς
1356 4146 1464 4216 γὰρ
1494 4147 1593 4200 οὐκ
1624 4145 1761 4202 οἰδεν
1785 4149 1867 4200 ὅτι

289 4234 326 4306 ἠ
353 4233 443 4288 τοῦ
472 4234 720 4306 σώματος
751 4237 909 4308 ἡμῶν
928 4236 1087 4308 φύσις
1121 4236 1258 4310 αὐτὴ
1294 4237 1414 4293 καθ’
1451 4238 1648 4310 ἑαυτὴν
1679 4241 1736 4294 ὲν
1763 4239 1869 4311 ἰδίᾳ

286 4325 395 4378 τινὶ
434 4325 726 4380 ὑποστάσει
765 4326 908 4400 ζωὴν
964 4329 1064 4383 οὐκ
1104 4328 1215 4400 ἔχει
1239 4346 1251 4360 ·
1294 4328 1426 4384 ἀλλὰ
1451 4329 1538 4384 διὰ
1580 4334 1677 4403 τῆς
1709 4333 1869 4404 ὲπιῤ-

285 4415 520 4488 ῥεούσης
547 4418 682 4489 αὐτῇ
734 4420 1014 4492 δυνάμεως
1041 4421 1252 4492 συνέχει
1277 4439 1335 4475 τε
1365 4423 1562 4494 ἑαυτὴν
1586 4425 1681 4478 καὶ
1710 4425 1768 4477 ὲν
1789 4423 1868 4496 τῷ

1974 3321 2268 3394 arccperit,
2344 3327 2629 3374 ostensum
2685 3317 2757 3372 sit
2813 3325 2996 3370 autem
3039 3315 3201 3371 aliter
3245 3314 3369 3372 ﬁeri
3433 3331 3543 3370 non

1971 3429 2153 3487 posse,
2224 3419 2284 3466 ut
2325 3417 2573 3465 nostrum
2633 3424 2831 3479 corpus
2879 3407 2950 3463 sit
3007 3406 3062 3462 in
3107 3405 3543 3470 immortalitate,

1974 3508 2076 3562 nisi
2114 3522 2208 3578 per
2236 3503 2678 3558 communionem
2725 3516 2847 3554 cum
2893 3499 3182 3555 immortali
3225 3498 3427 3554 factum
3475 3498 3547 3554 sit

1975 3599 2242 3671 particeps
2270 3593 2695 3662 incorruptionis
2719 3609 2733 3647 ε
2766 3597 2977 3660 Oportet
3002 3590 3372 3656 considerare,
3403 3603 3548 3660 quo-

1975 3688 2137 3742 modo
2185 3687 2298 3742 ﬁeri
2341 3682 2614 3756 potuerit,
2659 3691 2715 3737 ut
2762 3697 2930 3735 unum
2968 3679 3101 3735 illud
3133 3694 3366 3750 corpus,
3402 3679 3547 3750 quod

1975 3788 2084 3833 tam
2120 3777 2304 3832 mtdtis
2336 3776 2570 3831 ﬁdelium
2620 3773 2862 3830 millibus
2903 3773 2960 3828 in
2990 3773 3251 3828 universo
3281 3771 3414 3827 orbe
3439 3780 3551 3827 ter-

1974 3885 2156 3926 rarum
2190 3881 2401 3937 semper
2446 3866 2811 3930 distribuitur,
2861 3871 3032 3919 totum
3075 3877 3172 3932 per
3219 3869 3426 3933 partem
3476 3862 3550 3918 sit

1974 3963 2028 4018 in
2069 3974 2432 4031 unoquoque,
2477 3965 2531 4012 et
2571 3957 2748 4027 ipsum
2793 3954 2846 4009 in
2887 3970 2945 4012 se
2973 3963 3147 4009 totum
3198 3958 3436 4008 maneat.
3479 3949 3549 4007 Ut

1974 4073 2105 4129 ergo
2137 4055 2268 4112 ﬁdes
2313 4054 2382 4109 ad
2425 4054 2476 4110 id
2528 4052 2672 4124 quod
2726 4059 2811 4107 est
2853 4065 3197 4121 consequens
3245 4047 3544 4119 aspiciens,

1972 4148 2040 4204 de
2086 4162 2250 4204 sensu
2297 4143 2580 4216 proposito
2631 4141 2835 4196 nullam
2882 4139 3082 4196 habeat
3116 4138 3544 4203 dubitationem,

1969 4244 2183 4309 oportet
2218 4243 2459 4289 nostram
2498 4234 2800 4288 orationem
2847 4231 3124 4301 paulisper
3162 4229 3442 4285 immorari
3490 4230 3547 4285 in

1972 4327 2206 4382 naturali
2237 4325 2485 4394 corporis
2523 4324 2978 4379 consideratione.
3014 4321 3146 4388 Quis
3179 4324 3323 4378 enim
3370 4321 3547 4377 nescit

1972 4419 2117 4492 quod
2177 4417 2351 4472 nostri
2433 4416 2682 4485 corporis
2737 4421 2931 4469 natura
3002 4416 3117 4485 ipsa
3169 4431 3266 4486 per
3319 4429 3378 4469 se
3434 4428 3545 4468 non

288 4502 427 4562 εἶναι
458 4507 630 4579 μένει,
651 4511 916 4585 ἀπαύστῳ
937 4515 1142 4591 κινήσει
1163 4515 1222 4570 τὸ
1245 4515 1489 4570 ἐλλεῖπον
1515 4514 1649 4586 πρὸς
1671 4516 1868 4588 ἑαυτὴν

1977 4511 2139 4566 habet
2176 4509 2341 4562 vitam
2381 4508 2432 4560 in
2477 4505 2710 4576 quadam
2752 4503 2970 4576 propria
3013 4507 3259 4576 corporis
3292 4507 3546 4560 substan-

287 4599 648 4672 ἐφελκομένη,
703 4603 796 4658 καὶ
846 4605 907 4658 τὸ
964 4605 1280 4675 περιττεῦον
1339 4606 1729 4678 ἀπωθουμένης
1758 4608 1866 4662 Καὶ

291 4686 478 4764 ὥσπερ
510 4710 594 4756 τις
623 4694 789 4760 ἀσκὸς
813 4696 978 4767 ὑγροῦ
1006 4714 1147 4762 τινος
1180 4699 1391 4772 πλήρης
1421 4699 1515 4762 ὢν,
1543 4701 1590 4753 εἰ
1617 4699 1754 4752 κατά
1774 4699 1868 4754 τὸν

285 4792 538 4863 πυθμένα
590 4791 652 4846 τὺ
697 4791 1012 4863 ἐγκείμενον
1040 4790 1266 4859 ὑπεξίοι,
1295 4793 1395 4848 οὐκ
1423 4793 1489 4848 ἂν
1521 4791 1779 4863 φυλάσσοι
1807 4789 1868 4841 τὸ

209 4929 214 4934 .
273 4887 416 4956 ,περὶ
441 4886 532 4941 τὸν
555 4886 718 4955 δγκον
745 4885 936 4940 ἑαυτοῦ
959 4885 1162 4956 σχῆμα,
1186 4884 1260 4956 μὴ
1283 4884 1640 4948 ἀντεισιόντος
1663 4881 1866 4935 ἄνωθεν

285 4979 476 5051 ἑτέρου
533 4981 670 5051 πρὸς
715 4978 778 5033 τὸ
831 4977 1192 5050 κενούμενονο
1237 4975 1377 5031 ὥστε
1413 4976 1502 5031 τὸν
1538 4975 1747 5047 ὁρῶντα
1769 4971 1868 5045 τὴν

283 5071 499 5144 ὀγκώδη
516 5071 609 5127 τοῦ
635 5071 856 5141 ἀγγείου
887 5071 1074 5125 τούτου
1097 5067 1374 5141 περιοχὴν,
1404 5068 1599 5122 εἰδέναι
1623 5065 1698 5137 μὴ
1732 5064 1867 5118 ἰδίαν

283 5160 426 5218 εἶναι
455 5163 549 5218 τοῦ
573 5163 896 5234 φαινομένου
920 5179 933 5193 ·
957 5162 1091 5216 ἀλλὰ
1128 5161 1190 5214 τὸ
1229 5158 1438 5231 εἰσρέον
1466 5160 1521 5211 ὲν
1553 5155 1703 5226 αὐτῷ
1723 5151 1866 5223 γινό-

263 5271 451 5323 -μενον
493 5255 842 5327 σχηματίζειν
881 5252 942 5306 τὸ
978 5253 1229 5324 περιέχον
1263 5252 1350 5307 τὸν
1382 5249 1567 5318 ὄγκον·
1607 5245 1750 5305 οὕτω
1774 5247 1867 5301 καὶ

285 5350 319 5417 ἠ
342 5347 438 5401 τοῦ
485 5347 735 5418 σώματος
790 5345 946 5416 ἡμῶν
977 5343 1288 5416 κατασκευὴ
1321 5343 1448 5398 ἴδιον
1477 5340 1575 5410 μὲν
1607 5339 1744 5413 πρὸς
1771 5338 1867 5412 τὴν

283 5440 486 5511 ἑαυτῆς
507 5439 764 5493 σύστασιν
783 5437 934 5498 οὐδὲν
964 5437 1091 5508 ἡμῖν
1113 5436 1386 5510 γνώριμον
1411 5435 1544 5504 ἔχει,
1571 5433 1660 5492 διὰ
1691 5432 1748 5486 δὲ
1769 5433 1870 5503 τῆς

285 5530 720 5602 ἑπεισαγομένης
776 5529 1080 5600 δυνάμεως,
1119 5530 1175 5582 ὲν
1222 5527 1298 5600 τῷ
1331 5525 1469 5582 εἶναι
1513 5527 1684 5597 μένει.
1720 5525 1784 5578 Ἥ
1811 5523 1868 5576 δὲ

283 5621 514 5691 δύναμις
543 5619 679 5691 αὕτη
715 5620 884 5692 τροφὴ
916 5620 1009 5674 καὶ
1035 5620 1150 5673 ἐστι
1173 5621 1265 5674 καὶ
1279 5620 1512 5689 λέγεται.
1549 5617 1669 5672 Ἔτι
1693 5618 1748 5670 δὲ
1773 5615 1868 5685 οὐχ

285 5713 318 5780 ἡ
356 5712 490 5782 αὐτὴ
516 5714 651 5769 πᾶσι
681 5715 790 5776 τοῖς
821 5711 1171 5784 τρεφομένοις
1199 5710 1433 5786 σώμασι,
1461 5709 1598 5765 ἀλλά
1633 5726 1714 5772 τις
1737 5707 1868 5762 ἐκά-

291 5815 398 5867 στῳ
443 5803 774 5877 κατάλληλος
817 5803 966 5874 παρὰ
1014 5803 1105 5856 τοῦ
1149 5803 1246 5871 τὴν
1277 5802 1436 5872 φύσιν
1462 5800 1868 5871 οἰκονομοῦντος

381 5943 394 5969 ¹
429 5938 448 5990 i
484 5937 604 5990 Cur.
641 5955 690 6004 ν,
737 5938 786 5992 6.

1959 4607 2087 4682 ¹ιὶει,
2148 4603 2243 4659 sed
2297 4619 2391 4676 per
2459 4601 2750 4672 quamdam
2815 4600 3119 4654 aﬁluentem
3181 4599 3232 4655 ei
3283 4598 3544 4652 virtutem

1970 4705 2024 4752 et
2059 4697 2296 4767 seipsam
2336 4697 2612 4755 continet.
2644 4701 2696 4747 et
2730 4704 2908 4748 manet
2941 4693 2996 4746 in
3030 4692 3269 4747 essentia
3291 4732 3306 4753 ,
3350 4707 3547 4762 perpe-

1963 4797 2055 4844 tua
2084 4786 2326 4843 motione
2355 4782 2421 4838 ad
2454 4797 2513 4838 se
2544 4779 2825 4835 attraheus
2856 4776 2909 4832 id
2956 4775 3102 4847 quod
3144 4775 3338 4841 deest,
3368 4783 3425 4833 et
3455 4791 3542 4831 re-

1965 4883 2170 4955 pellens
2219 4878 2270 4932 id
2303 4876 2446 4949 quod
2493 4880 2577 4930 est
2611 4870 3110 4943 supervacaneum?
3155 4869 3221 4923 Et
3263 4869 3545 4938 quomodo

1965 4984 2088 5030 uter
2111 4969 2312 5042 aliquis
2340 4969 2522 5038 aliquo
2542 4967 2772 5020 humore
2793 4963 3008 5035 plenus,
3035 4962 3080 5019 si
3098 4963 3151 5017 in
3171 4962 3342 5016 fundo
3379 4968 3541 5015 exeat

1966 5065 2017 5119 id
2061 5062 2205 5136 quod
2253 5062 2306 5116 in
2346 5075 2412 5117 eo
2455 5067 2541 5116 est
2575 5059 2847 5129 positum,
2885 5057 2941 5113 in
2972 5055 3356 5130 magnitudine
3384 5065 3542 5109 suam

1967 5173 2077 5210 non
2111 5154 2410 5210 servaverit
2443 5151 2668 5224 ﬁguram
2690 5193 2704 5219 ,
2745 5151 2850 5206 nisi
2895 5165 3130 5221 superne
3166 5161 3270 5216 pro
3293 5159 3360 5200 eo
3396 5144 3542 5215 quod

1965 5249 2099 5304 exiit
2128 5245 2467 5318 ingrediatur
2498 5243 2643 5301 aliud
2676 5243 2742 5297 ad
2777 5242 2830 5296 id
2857 5241 2999 5311 quod
3025 5240 3377 5295 exinanitur:
3409 5235 3546 5292 adeo

1967 5348 2027 5396 ut
2077 5338 2171 5409 qui
2221 5335 2370 5392 videt
2417 5333 2790 5408 magnitudine
2843 5331 3146 5386 distentum
3184 5327 3349 5398 buju
3395 5328 3546 5384 vasis
3585 5319 3602 5344 ⁹

1967 5431 2232 5485 ambitum
2253 5468 2267 5491 ,
2298 5429 2436 5484 sciat
2467 5441 2590 5481 eum
2621 5441 2728 5479 non
2771 5437 2894 5479 esse
2934 5421 3217 5492 proprium
3244 5418 3365 5489 ejus
3399 5419 3546 5488 quod

1969 5529 2194 5592 apparet
2222 5563 2238 5590 ,
2269 5522 2363 5576 sed
2392 5519 2445 5575 id
2475 5518 2620 5590 quod
2647 5514 2823 5570 inﬂuit
2844 5558 2857 5579 ,
2888 5529 3012 5569 cum
3045 5513 3098 5568 in
3130 5528 3196 5568 eo
3227 5512 3391 5567 fuerit
3417 5512 3550 5582 ﬁgu-

1970 5629 2090 5666 rare
2145 5611 2200 5666 id
2259 5611 2402 5682 quod
2447 5610 2686 5665 continet
2735 5606 3164 5677 magnitudinem
3197 5621 3210 5656 :
3245 5606 3318 5658 ita
3376 5604 3546 5659 etiam

1969 5705 2218 5774 corporis
2267 5704 2440 5758 nostri
2492 5700 2831 5756 constructio
2890 5698 3025 5754 nihil
3101 5697 3320 5766 quidem
3376 5695 3545 5750 habet

1971 5799 2252 5868 proprium
2287 5795 2448 5851 nobis
2480 5795 2756 5865 cognitum
2809 5791 2878 5847 ad
2927 5791 3014 5846 sui
3057 5789 3542 5850 constitutionem,
