3960 6562
455 376 591 443 12.63

1729 371 2113 434 EUTHYMlI
2156 369 2518 432 Z:GABEN[

3585 370 3709 437 12·ιᾶ

453 529 549 582 per
576 528 698 569 eam
737 525 917 570 autem
949 530 1071 585 quae
1100 514 1499 569 'intromittitur
1540 515 1801 571 virtutem
1845 526 2019 571 manet

2132 517 2604 589 ἀποκεκλήρωται,
2641 517 2724 573 Τὰ
2753 520 2851 592 μὲν
2873 518 2985 592 γὰρ
3007 514 3118 570 τῶν
3135 514 3292 580 ζώων
3313 519 3709 593 ῥιζωρυχοῦπα

452 610 504 661 in
536 608 798 663 essentia.
847 606 921 660 Ea
963 616 1144 663 autem
1176 608 1352 662 virtus
1382 608 1699 663 alimentum
1743 616 1797 663 et
1848 616 1935 663 est
1978 617 2032 664 et

422 696 670 755 ‘dicitur.
702 700 969 755 Praeterea
1017 709 1199 755 autem
1252 716 1359 754 non
1404 699 1543 755 idem
1592 700 1852 756 omnibus
1906 718 2030 773 qua:

448 790 671 842 aluntur
700 789 1061 859 corporibus,
1104 791 1199 845 sed
1241 790 1513 861 quoddam
1558 791 1856 860 unicuique
1894 806 2026 848 con-

448 895 650 950 gruens
678 881 999 936 attributum
1030 889 1114 937 est
1140 883 1208 936 ab
1235 898 1301 937 eo
1330 881 1422 953 qui
1456 893 1706 937 naturam
1737 880 2023 953 dispensat

447 984 499 1026 et
532 972 904 1028 administrat.
954 972 1087 1028 Nam
1120 976 1224 1028 alia
1259 975 1476 1045 quidem
1510 974 1766 1029 animalia
1800 976 2022 1031 aluntur

446 1065 662 1122 cﬂ'ossis
692 1067 1013 1134 radicibus;
1052 1068 1157 1122 alia
1193 1077 1374 1124 autem
1411 1069 1634 1123 aluntur
1668 1068 1853 1124 herbis
1881 1085 1893 1131 ;
1926 1068 2024 1123 ali-

446 1174 675 1228 quorum
720 1168 901 1213 autem
947 1160 1345 1215 nutrimentum
1382 1167 1508 1213 sunt
1540 1174 1757 1213 carnes.
1805 1157 2023 1211 Homini

445 1261 624 1304 autem
656 1251 929 1321 prazcipue
957 1258 1041 1306 est
1078 1253 1233 1320 panis
1254 1292 1269 1315 ,
1301 1258 1354 1305 et
1385 1250 1450 1304 ad
1484 1251 1731 1305 humoris
1758 1250 2024 1321 perdura-

445 1341 646 1393 tionem
694 1351 744 1395 et
797 1342 1270 1396 conservationem
1323 1352 1519 1411 potus,
1570 1357 1678 1395 non
1734 1342 1851 1411 ipsa
1906 1340 2022 1395 sola

445 1447 613 1502 aqua,
657 1434 753 1488 sed
784 1435 912 1488 vino
944 1450 1086 1504 διξερε
1124 1435 1385 1502 condita,
1429 1435 1495 1490 ad
1539 1450 1697 1506 opem
1742 1433 2019 1490 ferendam

446 1522 660 1578 interno
705 1531 895 1579 nostro
942 1525 1133 1579 calori.
1164 1522 1266 1591 Qui
1295 1540 1426 1596 ergo
1455 1526 1523 1581 ad
1567 1540 1629 1580 ca
1663 1525 1891 1595 aspicit.
1926 1538 2019 1593 po-

2129 607 2390 678 τρέφεται
2414 624 2429 640 ’
2477 608 2687 681 ἒτέροις
2714 611 2862 664 ἐστὶν
2894 612 2927 682 ὴ
2973 612 3080 665 πόα
3129 610 3397 682 τρόφιμος
3424 628 3439 644 ο
3473 609 3709 665 τινῶνδὲ

2132 702 2168 771 ἠ
2199 700 2373 771 τροφὴ
2405 702 2605 773 σάρκες
2654 701 2811 757 εἰσίν.
2854 701 3150 774 Ἀνθρώπῳ
3182 702 3238 755 δὲ
3278 702 3421 757 κατὰ
3451 701 3515 755 τὸ
3550 718 3709 771 προην

2126 790 2390 861 γούμενον
2418 793 2600 865 ἄρτος,
2641 793 2733 846 καὶ
2771 796 2849 858 είς
2875 795 2972 865 τὴν
3007 795 3104 849 τοῦ
3134 795 3302 867 ὑγροῦ
3341 793 3603 865 διαμονὴν
3625 795 3710 848 καὶ

2130 884 2457 956 συντήρησιν
2508 884 2667 938 ποτὸν
2696 886 2924 955 γίνεται,
2959 887 3058 941 οὐκ
3085 887 3213 941 αὐτὸ
3252 887 3412 957 μόνον
3463 886 3525 939 τὸ
3552 885 3706 957 ὕδωρ,

2128 971 2244 1025 ἀλλ’
2271 971 2398 1043 οἴνῳ
2428 971 2684 1036 πολλάκις
2724 973 3140 1045 ὲφηδυνόμενον,
3176 972 3311 1045 πρὸς
3334 971 3432 1044 τὴν
3458 972 3553 1024 τοῦ
3594 971 3707 1041 θερ-

2131 1063 2231 1135 μοῦ
2260 1062 2351 1119 τοῦ
2381 1066 2440 1117 ὲν
2472 1066 2604 1135 ἡμῖν
2662 1065 2996 1137 συμμαχίαν.
3034 1064 3241 1119 Οὐκοῦν
3279 1065 3307 1117 6
3363 1063 3501 1135 πρὸς
3544 1060 3705 1117 ταῦτα

2132 1155 2364 1226 βλέπων,
2396 1155 2621 1226 δυνάμει
2648 1155 2784 1227 πρὸς
2812 1156 2902 1211 τὸν
2922 1155 3083 1225 δγκον
3103 1156 3196 1209 τοῦ
3226 1155 3498 1226 ἡμετέρου
3532 1152 3706 1225 σώμα-

2129 1264 2218 1310 τος
2242 1246 2448 1317 βλέπει.
2492 1247 2579 1299 Ἑν
2628 1248 2750 1316 ἐμοὶ
2787 1246 2894 1318 γὰρ
2939 1248 3122 1300 ἐκεῖνα
3156 1248 3423 1317 γενόμενα
3455 1240 3597 1315 αἷμα
3622 1245 3707 1299 καὶ

2128 1338 2285 1405 σῶμα
2322 1339 2531 1407 γίνεται
2566 1339 2938 1409 καταλλήλως,
2966 1339 3052 1392 διὰ
3084 1343 3182 1411 τῆς
3222 1337 3587 1407 άλλοιωτικῆς
3625 1336 3703 1389 δυο

2125 1430 2340 1500 νάμεως
2370 1430 2504 1501 πρὸς
2534 1428 2595 1483 τὸ
2624 1427 2716 1483 τοῦ
2749 1427 3000 1499 σώματος
3030 1426 3166 1494 εἷδος
3194 1432 3294 1502 τῆς
3324 1430 3534 1501 τροφῆς
3559 1428 3704 1483 καθι-

2121 1536 2220 1573 στα
2228 1520 2417 1592 μένης.

445 1622 639 1671 testate
687 1616 883 1683 aspicit
931 1616 996 1670 ad
1040 1615 1298 1685 corporis
1340 1616 1514 1671 nostri
1564 1616 2022 1687 magnitudinem.
2062 1609 2198 1665 Nam
2236 1627 2358 1664 cum
2394 1611 2485 1665 illa
2517 1611 2572 1666 in
2609 1627 2697 1666 me
2731 1610 2963 1677 fuerint,
3032 1608 3170 1665 ﬂuut
3237 1611 3467 1684 sanguis
3494 1615 3549 1666 et
3590 1622 3703 1663 cor-

446 1724 582 1778 pus.
627 1710 963 1764 nutrimento
1015 1724 1110 1779 per
1158 1710 1263 1765 vim
1314 1711 1584 1767 alterandi
1642 1718 2010 1783 congruenter
2047 1704 2268 1763 redacto
2297 1706 2364 1762 ad
2398 1707 2625 1762 formam
2657 1710 2927 1779 corporis.

514 1800 608 1854 llis
635 1816 665 1855 a
697 1802 854 1857 nobis
882 1802 984 1857 hoc
1017 1803 1176 1859 modo
1201 1802 1477 1859 distinctis
1505 1819 1568 1857 ac
1596 1803 1887 1858 declaratis
1908 1842 1922 1867 ,
1950 1803 2016 1858 ad

443 1909 504 1948 ca
550 1911 673 1965 quae
721 1903 851 1952 sunt
899 1898 1216 1966 proposita,
1262 1897 1567 1951 revocanda
1613 1904 1696 1949 est
1738 1895 2016 1967 cogitatio.

443 1985 802 2053 Quaerebatur
827 1987 970 2042 enim
1010 1987 1470 2057 quemadmodum
1501 1987 1648 2058 quod
1688 1995 1773 2043 est
1827 1988 1883 2041 in
1924 1987 2018 2042 illo

441 2090 644 2146 corpus
667 2075 905 2141 Christi,
924 2077 1163 2133 viviﬁcat
1185 2094 1399 2133 omnem
1426 2078 1708 2132 hominum
1730 2086 1979 2133 naturam
1998 2118 2014 2143 ,

442 2165 495 2217 in
539 2167 740 2234 quibus
789 2173 871 2220 est
913 2166 1081 2229 ﬁdes.
1128 2168 1384 2222 omnibus
1428 2167 1821 2231 distributum,
1854 2177 1906 2223 et
1935 2168 2016 2239 ip-

441 2272 559 2310 sum
596 2257 817 2312 minime
846 2258 1192 2313 diminutum.
1230 2256 1485 2315 Fortasse
1514 2275 1645 2329 ergo
1675 2276 1781 2313 non
1828 2260 2020 2329 procul

443 2349 707 2404 absumus
744 2365 774 2402 a
816 2351 1083 2417 probabili
1117 2351 1351 2405 ratione.
1376 2350 1510 2404 Nam
1540 2351 1584 2406 si
1623 2351 1866 2420 cujusvis
1907 2367 2023 2405 cor-

442 2441 591 2508 poris
619 2441 978 2496 subsistentia
1004 2443 1363 2505 nutrimento,
1388 2442 1647 2496 nimirum
1673 2444 1797 2497 cibo
1817 2452 1870 2498 et
1893 2452 2018 2513 potu

443 2539 693 2595 constet,
728 2532 799 2587 sit
828 2541 1009 2586 autem
1044 2534 1326 2605 cibus_ille
1356 2535 1513 2603 panis
1533 2576 1546 2598 ,
1583 2544 1850 2605 potusque
1880 2550 2020 2605 aqua

443 2622 569 2681 vino
609 2622 954 2688 exhilarata;
1002 2623 1094 2678 Dei
1140 2631 1320 2678 autem
1368 2622 1644 2691 Verbum,
1683 2624 1826 2681 sicut
1867 2627 2020 2697 prius

441 2722 526 2768 est
551 2714 837 2769 deﬁnitum
859 2754 873 2778 ,
908 2714 1053 2785 quod
1092 2724 1177 2771 est
1220 2714 1362 2774 Deus
1389 2726 1442 2773 et
1471 2715 1743 2784 Verbum,
1783 2720 2018 2774 humana

442 2818 524 2861 est
556 2816 747 2860 natura
778 2818 1248 2876 contemperatum
1275 2825 1291 2874 ;
1318 2817 1373 2863 et
1405 2824 1531 2863 cum
1564 2820 1712 2865 esset
1744 2810 1797 2864 in
1830 2821 2020 2867 nostro

441 2910 699 2961 corpore,
730 2910 840 2949 non
872 2896 1109 2965 aliquam
1142 2896 1304 2950 aliam
1337 2900 1589 2954 humana:
1619 2908 1826 2955 natura!
1859 2901 2020 2956 inno-

441 2985 591 3039 vavit
614 2985 1064 3039 constitutionem
1093 3028 1108 3051 ,
1132 2983 1225 3040 sed
1255 3000 1350 3056 per
1369 2999 1433 3040 ea
1461 3002 1581 3056 quae
1605 2993 1731 3042 sunt
1754 2997 2019 3045 consueta

441 3085 494 3129 et
519 3078 903 3146 congruentia,
948 3091 1051 3131 suo
1091 3077 1311 3146 corpori
1352 3077 1498 3133 dedit
1536 3081 1971 3148 permansionem
2002 3126 2017 3150 ,

2198 1797 2414 1852 Τούτων
2451 1800 2584 1871 ἡμῖν
2626 1799 2814 1854 τοῦτον
2858 1801 3338 1874 διευκρινηθέντων
3370 1799 3463 1853 τὸν
3493 1798 3703 1871 τρόπον,

2126 1890 2462 1943 ὲπανακτέον
2493 1890 2651 1945 πάλιν
2680 1891 2815 1964 πρὸς
2853 1892 2920 1946 τὰ
2958 1894 3292 1965 προκείμενα
3323 1892 3423 1964 τὴν
3453 1890 3703 1946 διάνοιαν.

2137 1980 2409 2053 Έζητεῖτο
2437 1982 2565 2054 γὰρ,
2600 1982 2715 2046 πῶς
2743 1984 2804 2036 τὸ
2830 1984 2887 2036 ὲν
2919 1985 3110 2055 ἐκείνῳ
3148 1985 3305 2056 σῶμα
3331 1983 3426 2037 τοῦ
3452 1981 3704 2055 Χριστοῦ,

2126 2076 2304 2129 πᾶσαν
2332 2075 2585 2141 ζωοποιεῖ
2615 2075 2710 2146 τὴν
2741 2076 2847 2127 τῶν
2892 2075 3191 2148 ἀνθρώπων
3222 2075 3416 2147 φύσιν,
3464 2077 3524 2129 ὲν
3572 2075 3705 2136 ὅσοις

2124 2166 2157 2237 ὴ
2189 2165 2366 2230 πίστις
2394 2166 2531 2229 ἐστὶ,
2563 2167 2697 2237 πρὸς
2724 2166 2929 2230 πάντας
2964 2164 3337 2239 μεριζόμενον,
3369 2166 3466 2219 καὶ
3494 2165 3626 2220 αὐτὸ
3651 2165 3708 2220 οὐ

2126 2258 2467 2329 μειούμενον.
2516 2259 2668 2329 Τάχα
2719 2258 2895 2313 τοίνυν
2941 2260 3107 2328 ἔγγὺς
3152 2259 3246 2312 τοῦ
3300 2258 3512 2323 εἰκότος
3556 2258 3707 2328 λόγω

2122 2349 2399 2420 γινόμεθα.
2442 2350 2504 2402 El
2548 2349 2656 2420 γὰρ
2698 2350 2897 2414 παντὸς
2936 2350 3186 2421 σώματος
3233 2350 3611 2422 ήὺπόστασις
3649 2351 3707 2403 ἐκ

2120 2441 2219 2513 τῆς
2248 2440 2455 2512 τροφῆς
2486 2441 2712 2510 γίνεται,
2748 2440 2886 2512 αῦτη
2911 2441 2967 2493 δὲ
3000 2441 3205 2511 βρῶσις
3232 2442 3325 2496 καὶ
3361 2442 3523 2505 πόσις
3544 2440 3706 2495 ἐστίν’

2121 2532 2236 2587 ἔστι
2266 2534 2320 2587 δὲ
2361 2535 2419 2589 ὲν
2444 2537 2509 2606 τῇ
2539 2534 2738 2607 βρώσει
2768 2536 2950 2608 ἄρτος,
2985 2538 3043 2589 ἐν
3080 2535 3136 2589 δὲ
3169 2538 3236 2608 τῇ
3282 2535 3437 2588 πόσει
3478 2535 3539 2589 τὸ
3570 2533 3707 2606 ὕδωρ

2122 2625 2491 2696 ἐφηδυσμένον
2519 2625 2597 2696 τῷ
2622 2627 2748 2697 οἴνῳ
2768 2642 2781 2655 ο
2812 2629 2838 2679 6
2862 2627 2916 2680 δὲ
2946 2626 3036 2681 τοῦ
3062 2626 3197 2680 Θεοῦ
3224 2628 3415 2696 Λόγος,
3442 2625 3628 2690 καθὼς
3656 2630 3706 2680 ἐν

2119 2719 2233 2781 τοῖς
2262 2717 2498 2790 πρώτοις
2524 2718 2794 2791 διῄρηται,
2824 2722 2851 2773 6
2893 2720 2986 2774 καὶ
3027 2719 3157 2784 Θεὸς
3194 2718 3271 2771 ὢν
3294 2721 3389 2772 καὶ
3418 2721 3613 2788 Λόγος,
3645 2721 3708 2791 τῇ

2120 2808 2439 2884 ἀνθρωπίνῃ
2466 2812 2772 2883 συνεκράθη
2802 2812 2981 2882 φύσει,
3014 2812 3107 2865 καὶ
3140 2812 3196 2864 ὲν
3224 2811 3300 2882 τῷ
3339 2811 3557 2882 σώματι
3586 2813 3712 2881 ἠμε-

2119 2902 2262 2972 τέρῳ
2309 2904 2631 2972 γενόμενος,
2679 2904 2779 2957 οὐκ
2824 2903 2987 2974 ἄλλην
3036 2902 3156 2956 τινὰ
3202 2904 3707 2974 παρεκαινοτόμησε
3773 2945 3782 2952 .

2119 2994 2185 3062 τῇ
2216 2992 2528 3065 ἀνθρωπίνῃ
2552 2993 2710 3062 φύσει
2737 2994 2835 3064 τὴν
2866 2994 3152 3046 σύστασιν·
3183 2993 3319 3047 ἀλλὰ
3342 2995 3431 3047 διὰ
3453 2995 3564 3048 τῶν
3596 3012 3707 3047 συν-

2121 3083 2266 3154 ήθων
2293 3100 2353 3136 τε
2389 3084 2481 3137 καὶ
2512 3084 2862 3156 καταλλήλων
2892 3086 3055 3139 ἔδωκε
3088 3085 3165 3158 τῷ
3214 3085 3340 3139 καθ’
3381 3087 3577 3139 ἑαυτὸν
3606 3084 3706 3139 σώ-

440 3169 566 3223 cibo
612 3176 668 3222 et
705 3178 834 3238 potu
879 3170 1175 3227 continens
1215 3170 1601 3226 substantiam.
1641 3172 1808 3229 Cibus
1838 3184 2017 3230 autem

2124 3198 2252 3251 ματι
2278 3181 2375 3253 τὴν
2400 3182 2676 3253 διαμονὴν,
2705 3181 2903 3255 βρώσει
2930 3184 3023 3236 καὶ
3048 3182 3203 3235 πόσει
3232 3199 3296 3234 πε
3308 3177 3584 3253 ρικρατῶν
3613 3177 3706 3249 τὴν

441 3269 561 3314 erat
590 3262 770 3330 panis.
799 3260 1084 3327 Quomodo
1108 3277 1238 3332 ergo
1267 3263 1319 3316 in
1347 3263 1506 3319 nobis
1527 3302 1542 3329 ,
1573 3264 1719 3318 sicut
1738 3265 1850 3334 jam
1878 3283 2020 3337 saepe

440 3351 646 3407 dictum
677 3361 795 3416 est,
825 3353 1140 3423 quipanem
1172 3353 1335 3418 vidit,
1376 3354 1671 3409 humanum
1714 3373 1915 3427 corpus
1943 3360 2020 3413 vi-

440 3445 531 3499 det
557 3445 993 3515 quodammodo,
1024 3444 1169 3515 quod
1201 3460 1323 3500 cum
1371 3445 1461 3500 ille
1502 3445 1556 3500 in
1587 3461 1652 3501 eo
1686 3445 1886 3512 fuerit,
1918 3449 2019 3503 hoc

440 3537 538 3592 ﬁt:
574 3538 648 3592 ita
682 3538 793 3594 illic
833 3554 1051 3609 quoque
1079 3541 1225 3609 quod
1269 3539 1440 3595 Deum
1490 3542 1731 3611 suscepit
1778 3558 2011 3613 corpus,

438 3647 564 3687 cum
598 3633 752 3702 panis
794 3634 1112 3688 alimentum
1151 3636 1487 3705 accepisset,
1515 3636 1750 3707 quadam
1792 3640 2007 3692 ratione

440 3720 583 3779 idem
609 3732 727 3778 erat
751 3725 894 3794 quod
925 3726 1031 3790 ille,
1058 3726 1342 3792 alimento,
1369 3712 1427 3782 ut
1453 3728 1659 3782 dictum
1688 3737 1772 3785 est
1793 3768 1807 3794 ,
1837 3737 2015 3786 trans-

438 3824 604 3870 eunte
646 3818 702 3871 in
746 3825 997 3872 naturam
1029 3821 1298 3889 corporis.
1326 3819 1461 3874 Nam
1489 3821 1635 3891 quod
1666 3830 1748 3877 est
1770 3824 2012 3877 omnium

439 3908 721 3977 proprium
745 3947 760 3971 ,
796 3908 848 3963 id
882 3926 1102 3980 quoque
1136 3926 1233 3980 pro
1266 3919 1418 3967 certo
1447 3920 1503 3966 et
1535 3914 1809 3967 constanti
1843 3920 1926 3968 est
1958 3914 2013 3967 in

442 3998 533 4053 illa
564 4013 764 4062 carne.
804 4017 998 4072 nempe
1030 4003 1176 4073 quod
1216 4004 1347 4058 illud
1383 3988 1601 4072 quoque
1630 4019 1833 4074 corpus
1876 4020 2015 4074 pane

440 4090 847 4145 continebatur.
882 4092 1094 4161 Corpus
1137 4102 1319 4148 autem
1383 4092 1477 4149 Dei
1524 4092 1695 4148 "Verbi
1741 4094 2014 4149 inhabita-

442 4181 592 4233 tlone
624 4180 689 4234 ad
708 4181 946 4237 divinam
982 4191 1406 4238 transmutatum
1426 4191 1508 4239 est
1539 4184 1875 4255 dignitatem.
1910 4185 2015 4241 Re-

436 4279 531 4324 cte
557 4286 689 4342 ergo
722 4287 870 4327 nunc
900 4288 1117 4345 quoque
1149 4272 1245 4329 Dei
1276 4272 1455 4329 Verbo
1481 4276 1882 4332 sanctiﬁcatum
1918 4294 2014 4349 pa-

441 4374 566 4414 nem
600 4360 655 4414 in
683 4358 776 4415 Dei
803 4358 962 4417 Verbi
989 4376 1189 4432 corpus
1213 4361 1376 4417 credo
1399 4365 1775 4420 transmutari.
1800 4363 2012 4422 Etenim

444 4450 600 4520 panis
633 4462 752 4507 erat
787 4462 1053 4523 potestate
1086 4454 1220 4509 illud
1248 4469 1471 4525 corpus.
1506 4454 1640 4511 Fuit
1671 4464 1853 4512 autem
1884 4472 2014 4512 san-

446 4542 717 4600 ctiﬁcatus
750 4544 1317 4614 habitatione'Verbi,
1349 4546 1493 4618 quod
1535 4556 1795 4618 tanquam
1842 4548 1896 4602 in
1932 4557 2016 4603 ta-

446 4633 745 4690 bernaculo
792 4637 1057 4692 habitavit
1109 4638 1162 4692 in
1197 4654 1393 4694 carne.
1440 4639 1609 4708 Igitur
1639 4638 1782 4693 unde
1822 4641 1876 4694 in
1927 4641 2019 4695 illo

446 4742 683 4798 corpore
728 4738 1128 4787 transmutatus
1182 4732 1338 4802 panis
1400 4731 1598 4786 transit
1676 4730 1731 4784 in
1780 4730 2018 4786 divinam

446 4831 706 4885 virtutem
728 4867 744 4893 ,
778 4842 877 4899 per
907 4827 1050 4883 idem
1083 4840 1233 4880 nunc
1258 4823 1319 4878 ﬁt
1352 4822 1628 4879 similiter.
1652 4818 1795 4875 Nam
1829 4827 1883 4874 et
1912 4819 2025 4873 illic

442 4920 607 4977 Verbi
634 4918 811 4987 gratia
836 4926 1086 4973 sanctum
1116 4916 1245 4971 fecit
1271 4928 1494 4983 corpus,
1519 4912 1607 4965 cui
1635 4926 1702 4967 ex
1738 4924 1878 4981 pane
1906 4916 2025 4962 erat

442 5011 752 5069 substantia
774 5049 790 5075 ,
816 5016 870 5064 et
900 5007 1301 5078 quodammodo
1330 5006 1507 5075 ipsum
1539 5018 1757 5075 quoque
1774 5010 1903 5057 erat
1932 5013 2027 5069 pa-

430 5106 569 5162 stis:
606 5114 659 5159 et
686 5102 779 5158 hic
807 5101 1057 5156 similiter
1089 5099 1279 5168 panis.
1308 5098 1451 5151 sicut
1479 5095 1610 5151 dicit
1644 5091 1971 5165 Apostolus‘
2005 5131 2021 5158 ,

424 5196 821 5253 isanctiticatur
844 5209 941 5264 per
962 5190 1200 5247 Verbum
1226 5188 1331 5243 .Dei
1362 5198 1414 5244 ct
1441 5187 1744 5243 orationem
1769 5225 1781 5250 ,
1816 5200 1927 5239 non
1957 5198 2023 5239 eo

426 5289 659 5359 quidem
683 5286 829 5358 quod
848 5285 977 5341 cibo
998 5282 1271 5338 mediante
1294 5281 1348 5335 in
1372 5278 1534 5335 Yerbi
1561 5292 1762 5348 corpus
1786 5282 2021 5341 evadat,

442 5380 540 5437 sed
581 5379 726 5450 quod
760 5377 948 5434 statim
978 5391 1089 5445 .per
1117 5372 1354 5429 Verbum
1406 5369 1461 5424 in
1502 5383 1704 5439 corpus
1749 5377 2026 5420 transmu-

441 5481 610 5536 tetur,
659 5472 802 5525 sicut
841 5470 1051 5524 dictum
1096 5477 1179 5523 est
1221 5484 1249 5520 a
1289 5464 1502 5529 Verbo,
1554 5460 1671 5516 Hoc
1713 5469 1789 5515 est
1832 5474 2024 5528 corpus

442 5580 615 5619 meum
673 5570 714 5617 ι.
741 5561 877 5616 Cum
909 5571 1092 5615 autem
1125 5560 1307 5614 omnis
1351 5572 1480 5613 caro
1525 5555 1704 5609 alatur
1732 5553 1895 5607 ctiam
1925 5566 2024 5623 per

443 5656 765 5721 humorem;
792 5668 970 5723 neque
995 5652 1142 5708 enim
1174 5649 1279 5706 nisi
1306 5665 1429 5705 cum
1460 5663 1526 5704 eo
1553 5647 1940 5718 conjungatur,
1970 5643 2025 5698 id

440 5744 590 5811 quod
637 5752 723 5802 est
756 5746 812 5798 in
852 5744 1012 5799 nobis
1050 5748 1345 5806 terrestre,
1392 5740 1446 5795 in
1487 5738 1597 5794 vita
1634 5735 2021 5809 permanserit.

530 5919 556 5955 ⁸
584 5917 875 5980 Ιτὶωοῑιι.
911 5932 985 5987 tv,
1012 5916 1067 5974 5.

2122 3273 2436 3328 ὑπόστασιν.
2478 3274 2542 3326 Ἡ
2591 3273 2648 3327 δὲ
2694 3274 2893 3346 βρῶσις
2938 3274 3101 3345 ἄρτος
3146 3269 3233 3344 ἦν.
3278 3273 3491 3341 Ὥσπερ
3531 3268 3705 3321 τοίνυν

2120 3361 2204 3430 ἐφ’
2240 3361 2415 3433 ἡμῶν,
2450 3361 2631 3426 καθὼς
2665 3363 2765 3434 ἤδη
2798 3363 3056 3426 πολλάκις
3091 3362 3323 3434 εἴρηται,
3363 3361 3392 3412 6
3420 3359 3514 3412 τὸν
3547 3360 3704 3429 ἄρτον

2125 3452 2268 3520 ἰδὼν,
2293 3457 2490 3524 τρόπον
2512 3457 2633 3511 τινὰ
2660 3456 2721 3509 τὸ
2744 3456 3078 3530 ἀνθρώπινον
3110 3456 3293 3527 βλέπει
3332 3454 3515 3525 σῶμα,
3541 3452 3623 3506 ὃτι
3649 3453 3704 3504 ἐν

2116 3542 2290 3613 τούτῳ
2327 3544 2504 3597 ἐκεῖνο
2548 3547 2855 3617 γενόμενον,
2902 3546 3060 3600 τοῦτο
3091 3546 3329 3615 γίνεται’
3366 3542 3511 3597 οὕτω
3547 3542 3705 3594 κάκεῖ

2117 3633 2177 3686 τὸ
2204 3633 2445 3705 θεοΜχον
2472 3636 2631 3707 σῶμα
2657 3637 2758 3709 τὴν
2782 3639 2989 3709 τροφὴν
3029 3638 3192 3710 ἄρτου
3241 3636 3697 3709 παραδεξάμενον.

2116 3724 2259 3796 λόγῳ
2281 3729 2385 3781 τινὶ
2410 3728 2602 3783 ταύτὸν
2624 3724 2692 3801 ἦν
2725 3729 2935 3801 ἐκείνῳ,
2969 3731 3066 3801 τῆς
3091 3730 3313 3801 τροφῆς,
3351 3729 3536 3791 καθὼς
3558 3728 3700 3796 εἴρη-

2115 3834 2225 3882 ται,
2262 3818 2397 3888 πρὸς
2433 3818 2529 3888 τὴν
2561 3820 2652 3872 τοῦ
2686 3819 2936 3891 σώματος
2973 3820 3133 3891 φύσιν
3180 3820 3602 3892 μεθισταμένης,
3628 3817 3698 3869 Τὸ

2116 3904 2225 3977 γὰρ
2253 3906 2469 3960 πάντων
2503 3908 2651 3972 ἴδιον,
2679 3908 2770 3961 καὶ
2791 3909 2877 3961 ἐπ’
2904 3908 3116 3980 ἐκείνης
3143 3910 3241 3979 τῆς
3272 3908 3473 3980 σαρκὸς
3498 3907 3698 3976 ὡμολο-

2120 3993 2285 4066 γήθη,
2313 3995 2392 4047 ὅτι
2425 3993 2573 4066 ἄρτῳ
2610 3997 2829 4049 κάκεῖνο
2874 3996 2934 4051 τὺ
2973 3998 3129 4068 σῶμα
3165 3997 3516 4069 διεκρατεῖτο.
3549 3996 3697 4049 Τδδὲ

2123 4085 2281 4155 σῶμα
2312 4088 2379 4156 τῇ
2417 4088 2684 4157 ἐνοικήσει
2717 4087 2809 4141 τοῦ
2832 4087 2965 4140 Θεοῦ
2991 4089 3163 4157 Λόγου
3202 4088 3342 4159 πρὸς
3380 4087 3477 4159 τὴν
3516 4089 3700 4157 θεῖκὴν

2120 4177 2273 4243 ἀξίαν
2306 4181 2653 4251 μετεποιήθη.
2685 4178 2874 4244 Καλῶς
2912 4176 3005 4234 οὖν
3044 4180 3136 4235 καὶ
3186 4179 3280 4235 νῦν
3320 4181 3408 4235 τὸν
3440 4182 3517 4251 τῷ
3548 4181 3700 4250 Λόγῳ

2118 4270 2213 4323 τοῦ
2244 4269 2376 4324 Θεοῦ
2404 4269 2764 4341 ἁγιαζόμενον
2796 4272 2956 4342 ἄρτον
2999 4275 3077 4335 είς
3118 4271 3275 4344 σῶμα
3298 4270 3391 4325 τοῦ
3423 4272 3559 4326 Θεοῦ
3598 4272 3701 4326 Δό-

2114 4360 2217 4430 γου
2254 4362 2658 4433 μεταποιεῖσθαι
2708 4362 3054 4434 πιστεύομαι.
3107 4365 3216 4418 Καὶ
3264 4363 3373 4435 γὰρ
3422 4365 3598 4418 ἐκεῖνο
3642 4363 3701 4417 τὸ

2121 4455 2300 4525 σῶμα,
2333 4454 2494 4525 ἄρτος
2536 4458 2601 4527 τῇ
2646 4455 2870 4526 δυνάμει
2912 4451 2999 4526 ἦν.
3038 4456 3305 4527 Ἥγιάσθη
3362 4456 3417 4510 δὲ
3460 4460 3525 4529 τῇ
3582 4459 3701 4511 ἑπι-

2124 4546 2421 4617 σκνηνώσει
2448 4546 2542 4600 τοῦ
2574 4546 2746 4616 Λόγου
2777 4545 2869 4601 τοῦ
2905 4545 3278 4618 σκηνώσαντος
3311 4550 3368 4602 ὲν
3406 4552 3472 4621 τῇ
3518 4549 3697 4621 σαρκί.

2128 4638 2334 4692 Οὐκοῦν
2374 4638 2495 4693 ὅθεν
2540 4640 2570 4692 6
2612 4640 2671 4691 ἒν
2713 4638 2904 4709 ἐκείνῳ
2945 4637 3024 4708 τῷ
3066 4638 3275 4710 σώματι
3317 4639 3701 4710 μεταποιηθεὶς

2129 4731 2312 4799 ἄρτος,
2341 4731 2418 4793 είς
2455 4730 2604 4785 θείαν
2632 4730 2856 4800 μεθίστη
2882 4728 3128 4799 δύναμιν.
3160 4730 3248 4783 διὰ
3278 4730 3372 4784 τοῦ
3416 4733 3580 4784 αὑτοῦ
3613 4733 3699 4785 καὶ

2112 4828 2206 4882 νῦν
2239 4824 2297 4881 τὸ
2323 4821 2441 4879 ἴσον
2465 4824 2693 4894 γίνεται.
2728 4823 2879 4876 Ἐκεῖ
2903 4838 2962 4876 τε
2991 4820 3102 4892 γὰρ
3125 4818 3163 4890 ἠ
3194 4816 3288 4871 τοῦ
3320 4816 3496 4883 Λόγου
3524 4813 3702 4885 χάρις,

2112 4918 2265 4987 ἅγιον
2290 4917 2525 4969 ἐποιεῖτο
2554 4917 2733 4986 σῶμα,
2757 4907 2801 4983 ᾧ
2832 4916 2896 4967 ὲκ
2924 4912 3017 4967 τοῦ
3064 4911 3228 4983 ἄρτου
3256 4910 3292 4980 ἠ
3328 4906 3585 4965 σύστασις
3610 4897 3697 4971 ἦν,

2112 5009 2206 5065 καὶ
2236 5007 2434 5078 τρόπον
2464 5004 2587 5058 τινὰ
2616 5005 2709 5058 καὶ
2754 5002 2885 5057 αὐτὸ
2913 5002 3074 5075 ἄρτος
3111 4995 3207 5072 ἦν’
3242 4992 3483 5071 ἐνταῦθά.
3505 5008 3565 5045 τε
3595 4991 3696 5042 ὠσ-

2114 5100 2291 5164 αύτως
2320 5101 2348 5152 6
2376 5097 2559 5170 ἄρτος,
2608 5096 2792 5159 καθώς
2825 5112 2991 5166 φησιν
3038 5096 3066 5147 6
3106 5088 3446 5150 Ἀπόστολος,
3482 5084 3701 5151 ἁγιάζε-

2111 5212 2201 5248 ται
2231 5190 2318 5246 διὰ
2345 5189 2518 5260 Λόγου
2549 5187 2683 5241 Θεοῦ
2731 5188 2824 5241 καὶ
2867 5184 3177 5251 ἐντεύξεως,
3216 5182 3278 5235 οὐ
3319 5179 3407 5232 διὰ

2112 5285 2207 5338 καὶ
2237 5282 2447 5346 πόσεως
2473 5277 2678 5351 προῖὼν
2707 5280 2787 5341 είς
2822 5278 2883 5330 τδ
2914 5276 3071 5348 σῶμα
3098 5273 3190 5327 τοῦ
3235 5271 3429 5340 Λόγου,
3463 5267 3578 5321 ἀλλ’
3610 5266 3699 5318 εὖ·

2115 5373 2211 5438 οὓς
2237 5373 2374 5444 πρὸς
2398 5371 2456 5424 τὸ
2490 5370 2648 5441 σῶμα
2677 5367 2771 5422 τοῦ
2803 5369 2975 5437 Λόγου
3009 5362 3487 5438 μεταποιούμενος,
3524 5355 3702 5415 καθὼς

2115 5464 2331 5536 εἴρηται
2380 5462 2485 5516 ὕπδ
2525 5461 2619 5515 τοῦ
2658 5460 2854 5529 Λόγου,
2885 5460 2965 5513 ὅτι
3017 5457 3204 5511 Τοῦτό
3243 5455 3374 5508 ἐστι
3426 5450 3496 5504 τὸ
3531 5444 3701 5515 σῶμά

2111 5574 2250 5627 μου.
2292 5555 2478 5626 Πάσης
2498 5546 2571 5608 ’δὲ
2604 5552 2806 5626 σαρκὸς
2839 5551 2934 5605 καὶ
2976 5549 3064 5604 διὰ
3107 5547 3202 5603 τοῦ
3235 5544 3403 5618 ὑγροῦ
3436 5539 3700 5613 τρεφομέ-

2120 5648 2319 5719 μένης·
2358 5646 2418 5699 οὐ
2457 5646 2566 5718 γὰρ
2599 5646 2666 5700 ἂν
2694 5645 2816 5716 δίχα
2846 5644 2946 5715 τῆς
2988 5641 3125 5713 πρὸς
3153 5639 3310 5694 τοῦτο
3345 5634 3609 5703 συζυγίας
3639 5630 3700 5682 τδ

2116 5739 2175 5791 ὲν
2202 5738 2333 5809 ἡμῖν
2364 5736 2564 5806 γεῶδες
2604 5738 2663 5791 ὲν
2705 5734 2782 5808 τῷ
2817 5734 2915 5806 ζῆν
2958 5731 3218 5799 διαμένοι.
3249 5729 3464 5799 Ὠσπερ
3491 5723 3581 5780 διὰ
3604 5721 3697 5790 τῆς

1172 5918 1191 5950 ³
1218 5915 1406 5975 Matth.
1439 5931 1586 5987 xxvu,
1610 5914 1722 5982 ‘26;
1753 5914 1920 5975 lare.
1955 5929 2067 5987 ιιγ,
2088 5911 2199 5983 22;
2223 5913 2357 5972 Luc.
2394 5927 2527 5982 nn,
2563 5911 2651 5970 l9.
