3960 6558
308 392 446 460 1965

1241 396 1615 461 PANOPLIA
1662 398 2121 462 DOGMATICA.
2162 424 2224 436 -
2267 399 2412 459 ΤΙΤ.
2458 402 2635 462 XXV.

3444 394 3573 461 1266

308 534 540 605 στερρᾶς
573 534 665 589 καὶ
700 536 994 591 ἀντιτύπου
1039 539 1241 609 τροφῆς
1283 540 1344 593 τὸ
1382 540 1607 611 στερρὸν
1645 538 1740 592 τοῦ
1786 542 1887 593 σώ-

1994 536 2487 602 Quomodo-autem
2521 553 2623 608 per
2650 537 2849 592 durum
2886 544 2945 593 et
2975 536 3209 593 solidum
3253 537 3570 594 alimentum

309 640 477 693 ματος
521 624 991 696 ὑποστηρθζομενσ
1052 629 1143 681 τὸν
1197 629 1357 682 αὑτὸν
1403 632 1605 701 τρόπον
1659 632 1752 685 καὶ
1810 631 1890 704 τῷ

309 714 458 786 ὑγρῷ
486 716 583 787 τὴν
627 719 946 790 προσθήκην
994 722 1059 774 ἐκ
1103 722 1202 791 τῆς
1247 723 1539 793 ὁμογενοῦς
1590 725 1890 797 ποιούμεθα

305 807 538 875 φύσεως.
571 808 747 881 Ὅπερ
780 810 839 863 ἐν
876 812 1007 881 ἡμῖν
1047 812 1356 883 γενόμενον,
1393 815 1483 870 διὰ
1512 816 1615 887 τῆς
1659 817 1885 871 ἀλλοιω-

302 901 461 971 τικῆς
492 899 775 970 δυνάμεως
803 902 1209 973 ὲξαιματοῧται,
1242 906 1336 960 καὶ
1365 907 1599 978 μάλιστά
1628 926 1690 978 γε
1720 911 1772 962 εἰ
1800 908 1887 963 διὰ

300 989 397 1044 τοῦ
433 990 578 1045 οῐνου
614 991 767 1047 λάϐοι
792 994 893 1065 τὴν
923 995 1152 1067 δύναμιν
1189 999 1327 1069 πρὸς
1353 999 1451 1072 τὴν
1484 1002 1564 1065 εἰς
1595 1002 1655 1055 τὸ
1687 1003 1888 1074 θερμὸν

304 1082 682 1155 μεταποίησιν.
723 1085 877 1139 Ἐπεὶ
926 1083 1019 1143 οὖν
1057 1090 1151 1143 καὶ
1190 1092 1349 1145 τοῦτο
1378 1092 1604 1165 μέροςή
1645 1094 1888 1166 θεοδόχος

301 1174 510 1227 ἐκείνου
538 1175 676 1245 σὰρξ
705 1177 841 1249 πρὸς
872 1179 970 1249 τὴν
1003 1180 1261 1237 σύστασιν
1294 1185 1490 1257 ἑαυτῆς
1518 1187 1850 1258 παρεδέξατο
1869 1206 1883 1221 ·

300 1267 331 1319 ὀ
364 1267 420 1320 δὲ
460 1268 797 1340 φανερωθεὶς
836 1272 1010 1340 Λόγος
1038 1274 1125 1328 διὰ
1157 1276 1314 1330 τοῦτο
1364 1278 1653 1348 κατέμιξεν
1696 1281 1887 1335 ἑαυτὸν

298 1361 364 1429 τῇ
394 1359 644 1430 έπικήρῳ
665 1361 775 1414 τῶν
806 1363 1109 1434 ἀνθρώπων
1138 1367 1315 1435 φύσει,
1353 1368 1441 1422 ἵνα
1468 1372 1535 1441 τῇ
1563 1374 1660 1443 τῆς
1694 1372 1885 1444 θεότη-

297 1462 391 1510 τος
418 1448 671 1520 κοινωνίᾳ
705 1454 1162 1527 συναποθεωρηθῇ
1193 1458 1253 1511 τὸ
1295 1458 1634 1532 ἀνθρώπινον
1654 1480 1667 1494 ·
1694 1463 1884 1518 τούτου

298 1534 458 1606 χάριν
500 1538 632 1590 πᾶσι
663 1542 776 1603 τοῖς
819 1547 1208 1600 πεπιστευκόσι
1236 1550 1300 1618 τῇ
1344 1550 1623 1623 οἰκονομίᾳ
1661 1553 1758 1624 τῆς
1788 1555 1886 1625 χά-

301 1643 448 1697 ριτος
482 1629 672 1683 ἑαυτὸν
718 1632 993 1706 ὲνσπείρει
1042 1636 1130 1690 διὰ
1184 1639 1285 1710 τῆς
1332 1643 1553 1713 σαρκὸς,
1601 1640 1682 1708 οἷς
1713 1648 1747 1716 ἡ
1791 1645 1886 1699 σύ-

302 1736 493 1784 στασις
526 1720 585 1785 ἐξ
625 1720 768 1776 οἴνου
799 1740 856 1776 τε
907 1727 1000 1779 καί¹
1030 1728 1194 1799 ἄρτου
1222 1733 1358 1797 ἐστὶ,
1382 1737 1495 1798 τοῖς
1537 1735 1755 1807 σώμασι
1776 1738 1884 1791 τῶν

1991 629 2319 684 soliditatem
2349 630 2601 700 corporis
2628 628 2887 685 fulcimus
2915 644 2979 684 ac
3006 629 3316 683 stabilimus
3341 670 3355 693 ,
3384 628 3570 683 eodem

1990 720 2154 776 modo
2200 721 2367 777 etiam
2419 722 2639 775 humori
2692 720 3043 792 adiungimus
3093 720 3462 776 accessionem
3506 734 3573 775 ex

1990 819 2197 867 natura
2220 811 2465 881 ejusdem
2502 811 2739 881 generis.
2776 812 2879 878 Qui
2912 811 3132 882 quidem
3161 826 3287 867 cum
3320 810 3485 865 fuerit
3517 812 3572 865 in

1993 903 2155 959 nobis
2176 942 2193 969 ,
2219 918 2316 974 per
2343 902 2612 958 alterandi
2646 904 2964 959 facultatem
2996 903 3065 958 ἢν
3086 903 3311 973 sanguis
3332 944 3347 967 ,
3377 912 3430 957 et
3459 917 3573 956 ma-

1994 994 2140 1048 xime
2163 993 2209 1049 si
2242 1008 2340 1064 per
2362 993 2547 1048 vinum
2580 995 2853 1065 acceperit
2882 995 3136 1050 virtutem
3168 996 3573 1050 transmutanili

1994 1086 2051 1141 in
2080 1086 2346 1141 calidum.
2375 1086 2647 1153 Quoniam
2681 1087 2977 1157 ergobanc
3002 1103 3221 1158 quoque
3252 1096 3462 1158 partem
3490 1103 3576 1143 ac-

1992 1178 2137 1249 cepit
2176 1192 2307 1233 caro
2338 1178 2429 1232 illa
2473 1177 2568 1233 Dei
2624 1179 2933 1248 susceptrix
2984 1179 3051 1232 ad
3102 1178 3193 1235 Dei
3226 1180 3574 1236 constitutio—

1992 1282 2159 1321 nem:
2214 1266 2628 1323 manifestatum
2682 1277 2865 1323 autem
2901 1267 3135 1324 Verbum
3184 1278 3468 1342 propterea
3516 1287 3574 1326 se

1993 1358 2289 1413 admisth
2338 1358 2581 1413 interimi
2636 1360 2890 1413 obnoxia:
2928 1359 3211 1415 hominum
3238 1370 3477 1427 naturae,
3514 1371 3575 1417 ut

1992 1450 2381 1507 communione
2415 1452 2723 1507 divinitatis
2753 1453 2917 1508 simul
2947 1454 3111 1508 etiam
3159 1454 3443 1510 deilicelur
3474 1456 3576 1509 hu—

1991 1545 2230 1599 manitas
2258 1563 2272 1599 :
2306 1559 2370 1599 ea
2399 1544 2467 1599 de
2492 1560 2661 1599 causa
2699 1559 2793 1611 per
2824 1561 2936 1600 sum
2978 1545 3164 1615 gratia:
3211 1544 3575 1616 dispensatio~

1991 1653 2116 1693 nem
2146 1654 2206 1693 se
2235 1653 2334 1709 per
2385 1651 2607 1691 carnem
2660 1636 2855 1692 inserit
2902 1637 3159 1694 omnibus
3190 1638 3571 1701 credentibus,

1990 1730 2319 1784 commistus
2369 1739 2423 1785 et
2471 1737 2919 1799 contemperatus
2967 1730 3296 1799 corporibus
3345 1731 3575 1787 creden-

296 1815 738 1868 πεπιστευκότων
776 1821 1260 1891 κατακιρνάμενος,
1301 1826 1377 1889 ὡς
1419 1826 1486 1880 ἂν
1526 1830 1594 1899 τῇ
1646 1828 1782 1897 πρὸς
1825 1830 1884 1883 τὸ

1994 1821 2158 1882 tium.
2194 1821 2395 1890 quibus
2428 1821 2740 1875 substantia
2771 1828 2856 1875 est
2908 1836 2977 1873 ex
3013 1835 3153 1891 pane
3202 1831 3256 1875 et
3305 1821 3471 1885 vino,
3517 1833 3574 1877 ut

295 1902 561 1957 ἀθάνατον
591 1904 802 1971 ένώσει,
832 1910 926 1962 καὶ
953 1910 1238 1982 ἄνθρωπος
1268 1916 1366 1986 τῆς
1386 1917 1694 1988 ἀφθαρσίας
1725 1919 1884 1989 μέτο-

292 2012 387 2066 χος
426 1996 653 2065 γένοιτο.
681 1999 865 2053 Ταῦτα
899 2001 953 2055 δὲ
986 2003 1191 2071 δίδωσι,
1215 2011 1283 2080 τῇ
1311 2010 1412 2080 τῆς
1438 2010 1690 2081 εὐλογίας
1721 2013 1880 2068 δυνά-

298 2102 390 2155 μει
432 2088 569 2159 πρὸς
623 2089 800 2141 έκεῖνο
846 2094 1335 2166 μεταστοιχειὼσας
1388 2097 1497 2153 τῶν
1545 2101 1884 2171 φαινομένων

295 2177 393 2249 τὴν
427 2176 609 2246 φύσιν.

365 2196 393 2231 ν
427 2195 609 2246 φυσιν.

304 2288 435 2342 Ἔτι
466 2287 599 2353 περὶ
639 2284 745 2350 τῆς
782 2286 1167 2355 μεταλήψει-ως
1195 2285 1301 2338 τοῦ
1336 2285 1705 2338 Δεσποτικοῦ
1749 2291 1868 2341 σώ-

462 2374 649 2426 ματος
680 2357 775 2410 καί
809 2357 1076 2424 αῖματος,
1109 2355 1214 2409 τοῦ
1245 2355 1666 2425 Δαμασκηνοῦ.

380 2450 631 2522 ’Λγαθὸς,
656 2451 751 2506 καὶ
812 2450 1154 2520 πανάγαθος,
1185 2448 1283 2504 καὶ
1335 2449 1688 2522 ὑπεράγαθος
1725 2451 1882 2519 θεὸς.

293 2543 326 2597 ὁ
356 2543 477 2609 ὅλος
498 2543 573 2598 ὣν
596 2543 894 2615 ἀγαθότης,
925 2542 1017 2597 διὰ
1075 2543 1167 2596 τὸν
1191 2542 1606 2614 ὑπερϐάλλοντα
1652 2544 1885 2599 πλοῦτον

293 2633 398 2703 τῆς
440 2633 609 2688 αὑτοῦ
650 2633 1015 2702 άγαθότητος,
1049 2632 1151 2685 οὑκ
1203 2632 1465 2703 ἠνέσχετο
1514 2634 1680 2705 μόνον
1741 2630 1885 2689 εἶναι

294 2725 360 2779 τὸ
390 2724 621 2794 ἀγαθὸν,
665 2726 785 2797 ἦτοι
833 2724 934 2796 τὴν
980 2724 1178 2778 ἑαυτοῦ
1237 2724 1435 2794 φύσιν,
1492 2726 1598 2780 ὑπὸ
1651 2727 1884 2799 μηδενὸς

298 2816 690 2888 μετεχόμενον,
723 2814 859 2869 ἀλλὰ
893 2814 988 2868 καί⁵
1015 2812 1209 2867 τούτου
1248 2815 1410 2885 χάριν
1451 2816 1699 2886 ἐποίησε,
1731 2818 1885 2890 πρῶ-

295 2926 390 2963 τον
424 2908 524 2981 μὲν
552 2907 655 2974 τὰς
685 2906 878 2979 νοερὰς
902 2906 994 2961 καί
1014 2906 1301 2975 οὐρανίους
1325 2907 1585 2980 δυνάμεις
1607 2925 1619 2939 ’
1656 2904 1777 2964 εἶτα
1793 2910 1886 2965 τὸν

295 2999 495 3070 ὁρατὸν
526 2999 621 3053 καὶ
671 2997 933 3067 αἰσθητὸν
976 2996 1222 3068 κόσμον·
1255 2994 1378 3053 εἶτα
1429 3002 1495 3054 ὲκ
1550 3000 1741 3073 νοεροῦ
1790 3002 1886 3057 καὶ

298 3091 564 3163 αἰσθητοῦ
593 3092 685 3146 τὸν
735 3090 1026 3163 ἄνθρωπον
1047 3108 1060 3121 ·
1086 3092 1266 3145 πάντα
1305 3092 1405 3161 μὲν
1449 3088 1544 3147 οὖν
1563 3095 1633 3149 τὰ
1661 3095 1755 3148 ὑπ’
1783 3095 1883 3150 a6-

1992 1913 2196 1967 unione
2220 1927 2346 1966 cum
2371 1928 2437 1967 eo
2462 1911 2605 1983 quod
2638 1920 2722 1965 est
2752 1913 3090 1977 immortale,
3118 1914 3189 1967 sit
3213 1914 3376 1970 etiam
3412 1915 3573 1970 homo

1990 2005 2263 2075 particeps
2309 2005 2762 2075 incorruptionis.
2806 2005 2938 2060 Haec
2983 2016 3166 2061 autem
3212 2008 3335 2073 dat,
3375 2010 3574 2063 virtute

1991 2096 2391 2152 benedictionis
2437 2099 2491 2152 in
2539 2099 2671 2154 illud
2705 2100 3187 2153 transclementata
3232 2114 3420 2153 eorum
3453 2118 3572 2169 quae

1992 2176 2257 2258 apparent
2291 2197 2375 2241 nat
2388 2205 2503 2242 urn.

2008 2298 2133 2353 Item
2166 2300 2229 2351 de
2245 2294 2686 2417 transmutatio);
2710 2296 2945 2378 corporis
2971 2302 3019 2347 et
3036 2295 3315 2364 sanguinis
3339 2293 3567 2355 Domini,

2676 2381 2964 2417 amascem.

2676 2381 2964 2421 αηιαεσεηι.

2053 2459 2316 2517 Humana:
2358 2459 2548 2515 salutis
2579 2461 2890 2516 manantia.
2911 2490 2985 2503 —
3010 2459 3151 2517 Deus
3246 2464 3340 2534 qui
3374 2462 3571 2531 bonus,

1977 2556 2073 2627 qui
2110 2555 2477 2624 undequaque
2508 2553 2712 2617 bonus.
2741 2553 2836 2624 qui
2879 2554 3174 2624 plusquam
3214 2556 3413 2624 bonus,
3462 2557 3572 2612 imo

1976 2648 2073 2720 qui
2101 2654 2253 2704 totus
2286 2646 2503 2703 bonitas
2526 2654 2631 2712 est,
2661 2652 2883 2717 propter
2898 2646 3132 2702 eximias
3166 2647 3434 2704 bonitatis
3458 2664 3572 2703 suae

1978 2740 2224 2804 divitias,
2265 2738 2494 2793 minime
2524 2752 2722 2809 passus
2750 2747 2855 2802 est,
2880 2754 2941 2793 se
2972 2738 3156 2793 solum
3182 2754 3304 2796 esse
3333 2740 3565 2805 bonum,

1979 2846 2208 2889 suamve
2247 2839 2527 2896 naturam,
2565 2830 2730 2899 cujus
2787 2830 2941 2885 nulla
2966 2846 3056 2885 res
3082 2833 3362 2902 particeps
3393 2842 3564 2895 esset,

1982 2939 2172 2981 verum
2235 2930 2292 2979 et
2327 2938 2452 2979 eam
2495 2922 2567 2978 ob
2618 2938 2847 2978 causam
2903 2922 3147 2993 primum
3192 2924 3568 2995 intelligemus

1976 3014 2343 3086 cmlestesque
2379 3016 2638 3080 virtutes,
2915 3022 3032 3071 tum
3062 3015 3262 3073 deinde
3301 3017 3567 3072 mundum

1978 3107 2130 3163 hunc
2168 3108 2261 3178 qui
2296 3108 2402 3163 sub
2431 3116 2722 3179 aspectum
2750 3114 2807 3163 et
2834 3121 3062 3163 sensum
3089 3108 3259 3173 cadit,
3287 3116 3570 3178 postremo

264 3254 269 3257 η
298 3183 399 3238 τοῦ
426 3184 700 3257 γενόμενα
727 3182 1048 3237 κοινωνοῦσι
1064 3182 1165 3253 τῆς
1190 3183 1357 3239 αὑτοῦ
1386 3184 1725 3259 ἁγαθότητος
1743 3189 1885 3244 κατὰ

1994 3215 2047 3257 3x
2097 3200 2443 3275 intelligente
2497 3199 2863 3271 sensibilique
2919 3200 3231 3255 substantia
3288 3201 3567 3255 hominem

294 3277 362 3331 τὸ
398 3273 560 3334 εἶναι.
595 3277 769 3341 Αὐτὸς
820 3276 930 3347 γάρ
954 3277 1071 3328 ἐστι
1102 3278 1216 3340 τοῖς
1256 3279 1391 3331 πᾶσι
1412 3278 1473 3332 τὸ
1502 3274 1662 3346 εἶναι,
1694 3282 1885 3354 ἐπειδὴ

293 3369 543 3437 ἐναὺτῷ
567 3371 687 3424 εἰσι
717 3369 793 3421 τὰ
821 3368 990 3431 ὄντα,
1028 3368 1089 3421 οὑ
1125 3369 1286 3439 μόνον
1302 3371 1385 3424 ὅτι
1412 3373 1577 3436 αὑτὸς
1602 3375 1666 3428 ὲκ
1688 3375 1783 3429 τοῦ
1810 3376 1887 3448 μὴ

293 3460 453 3524 ὄντος
485 3460 570 3524 εἰς
599 3460 659 3512 τὸ
690 3454 831 3511 εἶναι
862 3456 1005 3511 αὑτὰ
1032 3458 1514 3529 παρήγαγεν,ἁλλ⁹
1545 3464 1627 3518 ὅτι
1657 3467 1690 3536 ἡ
1716 3467 1886 3522 αὑτοῦ

294 3557 551 3630 ἐνέργεια
577 3555 648 3610 τὰ
672 3554 763 3607 ὑπ’
806 3552 974 3608 αὑτοῦ
1012 3554 1282 3625 γενόμενα
1324 3560 1584 3630 συντηρεῐ
1625 3560 1722 3613 καὶ⁸
1759 3577 1887 3613 συν-

297 3651 418 3724 έχει
436 3669 452 3685 ·
482 3653 547 3706 ὲκ
571 3647 835 3723 περισσοῦ
867 3649 923 3703 δὲ
952 3648 1020 3703 τὰ
1046 3647 1163 3715 ζῶα
1193 3665 1207 3678 ·
1236 3651 1380 3707 κατά
1407 3669 1468 3705 τε
1492 3651 1601 3726 γὰρ
1632 3654 1694 3707 τὸ
1721 3650 1882 3721 εἶναι,

299 3747 399 3801 ιιια)⁸
427 3746 569 3800 κατὰ
593 3745 652 3798 τὸ
684 3730 833 3813 ζωῆς
872 3743 1147 3815 μετέχειν,
1177 3746 1497 3800 κοινωνοῦσι
1525 3746 1621 3801 τοῦ
1647 3746 1880 3828 άγαθοῡ.

282 3843 375 3897 τὰ
402 3842 461 3898 δὲ
484 3843 699 3916 λογικὰ,
729 3842 825 3898 καὶ
848 3844 993 3900 κατὰ
1020 3844 1091 3901 τὰ
1112 3844 1487 3916 προειρημένα
1522 3846 1644 3917 μὲν,
1673 3846 1735 3899 οὑ
1771 3847 1879 3918 μὴν

285 3936 427 3992 ἀλλὰ
461 3936 605 3991 κατὰ
630 3936 692 3991 τὺ
717 3937 961 4006 λογικὸν,
990 3939 1087 3992 καὶ
1110 3938 1289 3993 ταῦτα
1308 3938 1509 4008 μᾶλλον
1532 3955 1543 3967 ·
1570 3940 1879 4011 οἰκειότερα

286 4031 402 4101 γάρ
453 4028 569 4093 πώς
625 4030 735 4083 εἰσι
789 4031 929 4102 πρὸς
980 4031 1163 4099 αὑτὸν,
1226 4033 1276 4085 εἰ
1323 4032 1420 4086 καὶ
1473 4032 1692 4098 πάντως
1723 4027 1878 4097 οὗτος

288 4119 615 4193 ὑπέρκειται
652 4120 1026 4191 άσυγκρίτως.

1979 3294 2212 3350 ereavit.
2244 3295 2325 3349 Ac
2362 3308 2454 3349 res
2482 3292 2704 3363 quidem
2737 3306 2931 3347 onmes
2949 3308 3087 3362 quas
3113 3294 3388 3356 condidit.
3424 3311 3568 3365 qua«

1980 3392 2145 3441 tenus
2168 3394 2319 3448 sunt,
2351 3385 2655 3440 bonitatem
2695 3384 2874 3455 ipsius
2907 3386 3263 3456 participant,
3287 3402 3414 3443 cum
3449 3390 3569 3459 ipse

1982 3476 2256 3531 universis
2281 3490 2406 3531 esse
2437 3476 2534 3539 sit,
2575 3475 2837 3545 quoniam
2871 3475 2925 3528 in
2950 3475 3065 3544 ipso
3128 3488 3251 3531 sunt
3292 3480 3472 3532 omnia
3530 3484 3566 3536 ι.

1983 3583 2095 3622 non
2126 3566 2308 3622 solum
2344 3566 2473 3636 quia
2499 3581 2566 3620 ex
2594 3566 2776 3620 nihilo
2812 3580 2877 3621 ea
2909 3568 3027 3636 ipse
3057 3569 3339 3638 produxit,
3374 3586 3564 3626 verum

1983 3659 2056 3714 ob
2085 3658 2140 3714 id
2163 3658 2330 3714 etiam
2358 3656 2504 3729 quod
2535 3656 2659 3727 ejus
2684 3657 2828 3712 aetio
2886 3674 2975 3715 res
3014 3675 3048 3715 a
3075 3675 3136 3717 se
3166 3662 3422 3720 conditas
3446 3673 3569 3720 tue-

1981 3758 2075 3807 tur
2109 3757 2164 3806 et
2190 3754 2521 3817 conservat;
2560 3748 2787 3804 uberius
2817 3755 3002 3804 autem
3056 3750 3387 3806 animantia.
3433 3750 3568 3806 Nam

1985 3847 2193 3904 bonum
2227 3863 2355 3905 cum
2387 3848 2469 3906 eis
2503 3844 2904 3908 communicat,
2932 3852 3048 3898 tum
3098 3847 3376 3912 quatenus
3415 3844 3575 3904 sunt,

1985 3948 2104 3995 tum
2138 3950 2417 4012 quatenus
2457 3941 2623 3997 vitam
2677 3946 3033 4009 acceperunt.
3068 3933 3139 3989 At
3161 3949 3294 3988 vero
3323 3946 3446 4002 qum
3480 3945 3577 3985 ra-

1985 4032 2139 4088 tione
2171 4039 2426 4100 utuntur,
2463 4041 2578 4089 tum
2605 4032 2678 4088 ob
2707 4045 2771 4086 ea
2796 4045 2920 4101 quae
2952 4028 3118 4084 modo
3159 4025 3423 4087 diximus,
3460 4032 3575 4079 tum

1986 4126 2059 4180 ob
2108 4125 2383 4181 rationem
2414 4127 2607 4182 etiam
2676 4139 2785 4195 qua
2823 4122 3057 4194 pollent,
3098 4118 3231 4175 boni
3271 4116 3578 4187 participa-

292 4213 445 4268 tione
482 4214 767 4283 copiosius
800 4213 1084 4268 l‘ruuntur.
1111 4210 1353 4269 Arctiori
1394 4214 1602 4269 etenim
1632 4212 2043 4284 quodammodo
2097 4213 2527 4273 necessitudine
2560 4230 2688 4271 eum
2746 4230 2818 4269 eo
2880 4212 3182 4283 cunjuncta
3239 4216 3408 4265 sunt:
3439 4214 3579 4260 tam-

292 4309 397 4366 etsi
430 4311 637 4382 alioqui
674 4312 767 4367 ille
790 4311 1218 4382 incomparabili
1252 4310 1597 4366 sublimitate
1626 4310 1816 4365 omnia
1855 4318 2099 4380 superet.

379 4403 439 4457 '0
470 4404 681 4485 pévcor.
729 4402 1041 4473 ἄνθρωπος,
1094 4402 1316 4472 λογικὸς
1384 4403 1479 4459 καὶ
1534 4401 1887 4467 αὑτεξοὺσιος

298 4494 614 4565 γενόμενος,
671 4496 923 4563 ἐξουσίαν
981 4496 1208 4567 εἴληφεν
1252 4496 1619 4560 ἀδιαλείπτως
1648 4496 1739 4550 διὰ
1788 4496 1888 4562 τῆς

2066 4402 2233 4474 Atqui
2266 4402 2433 4457 homo
2482 4401 2697 4455 ratione
2736 4400 3024 4468 liberaque
3062 4396 3344 4452 voluntate
3387 4392 3580 4462 praedio

1996 4501 2089 4549 tus
2117 4508 2244 4548 cum
2270 4502 2441 4561 esset,
2480 4493 2626 4549 hanc
2660 4500 2955 4561 acceperat
3006 4497 3356 4560 potestatem,
3388 4493 3449 4539 ut
3486 4499 3583 4554 per

300 4585 512 4649 οἰκείας
526 4586 907 4658 προαιρέσεως
934 4588 1192 4642 ὲνοῦσθαι
1213 4588 1293 4658 τῷ
1312 4588 1455 4660 Θεῷ,
1488 4590 1541 4642 εἰ
1565 4606 1627 4658 γε
1658 4589 1887 4660 διαμένῃ

1997 4600 2152 4642 suam
2190 4586 2514 4641 electionem
2550 4586 2926 4640 indesinenter
2966 4596 3092 4636 cum
3134 4579 3247 4633 Deo
3280 4576 3587 4647 conjunge-

304 4677 364 4729 ιν
412 4677 490 4747 τῷ
522 4679 736 4749 ἀγαθῷ,
784 4680 1035 4734 τουτέστι
1067 4682 1133 4751 τῇ
1174 4681 1267 4734 τοῦ
1314 4682 1616 4745 κτίσαντος
1650 4681 1892 4750 ὑπακοῇ.

318 4769 541 4843 Ἐπειδὴ
571 4773 753 4825 τοίνυν
782 4775 841 4826 ὲν
894 4773 1210 4846 παραϐάσει
1246 4774 1347 4845 τῆς
1388 4773 1485 4826 τοῦ
1522 4773 1893 4843 πεποιηκότος

305 4864 470 4919 αὑτὸν
500 4867 722 4935 ἐντολῆς
753 4866 971 4935 γέγονε,
1029 4867 1126 4919 καὶ
1162 4867 1378 4938 θανάτῳ
1427 4868 1522 4920 καὶ
1551 4866 1730 4937 φθορᾷ
1756 4868 1893 4920 ὑπο-

308 4957 621 5021 πέπτωκεν,
661 4957 690 5008 ὀ
719 4958 954 5029 Ποιητής
1014 4958 1111 5012 καὶ
1165 4958 1513 5029 Δημιουργὺς
1563 4956 1658 5011 τοῦ
1700 4958 1895 5027 γένους

308 5049 467 5120 ἡμῶν
495 5049 583 5103 διὰ
615 5049 904 5122 σπλάγχνα
964 5050 1151 5115 ἐλέους
1202 5049 1370 5104 αὑτοῦ
1419 5049 1683 5121 ὡμοιώθη
1735 5051 1892 5121 ἡμῖν,

309 5143 453 5196 κατὰ
488 5143 669 5197 πάντα
723 5143 1019 5213 γενόμενος
1076 5142 1362 5216 ἄνθρωπος
1388 5145 1560 5214 χωρίς
1589 5143 1897 5213 ἁμαρτίας,

310 5234 407 5285 καὶ
445 5231 630 5304 ήνώθη
664 5235 730 5304 τῇ
764 5233 1009 5305 ἡμετέρᾳ
1043 5233 1230 5303 φύσει.
1273 5234 1494 5306 Ἐπειδὴ
1536 5233 1647 5305 γὰρ
1673 5234 1905 5303 μετέδω-

314 5339 411 5376 κεν
443 5324 579 5393 ἡμῖν
608 5325 709 5394 τῆς
742 5323 880 5387 ἰδίας
910 5322 1141 5387 εἰκόνος,
1176 5325 1273 5378 xal.
1298 5324 1392 5378 τοῦ
1411 5325 1544 5377 ἰδίου
1570 5325 1904 5394 πνεύματος,

314 5414 409 5467 καὶ
438 5413 539 5468 οὑκ
569 5414 936 5486 ἐφυλάξαμεν,
979 5415 1391 5488 μεταλαμϐάνει
1425 5417 1589 5481 αὐτὸς
1627 5419 1727 5488 τῆς
1763 5433 1909 5468 πτω-

316 5508 420 5578 χῆς
442 5510 536 5562 καὶ
558 5509 823 5573 ἀσθενοῦς
852 5509 1012 5580 ἡμῶν
1062 5509 1301 5578 φύσεως,
1358 5512 1446 5564 ἴνα
1474 5513 1624 5584 ἡμᾶς
1664 5511 1907 5582 καθάρῃ,

318 5605 413 5656 καὶ
439 5602 776 5676 ἁφθαρτίσῃ,
811 5603 904 5657 καὶ
930 5603 1195 5675 μετόχους
1220 5604 1387 5660 πάλιν
1423 5607 1520 5679 τῆς
1541 5604 1710 5660 αὑτοῦ
1735 5622 1909 5660 κατα-

321 5695 498 5767 στήσῃ
531 5694 810 5767 θεότητος.
1242 5700 1253 5709 ’

434 5908 449 5940 ί
490 5904 647 5961 llum.
681 5922 754 5972 ιι,
787 5906 877 5963 56.
984 5904 1003 5936 ’
1034 5902 1198 5960 Hebr.
1231 5921 1293 5974 ιι,
1328 5900 1412 5957 Π.

1998 4686 2173 4741 retur,
2220 4676 2499 4747 siquidem
2549 4676 2603 4729 in
2648 4676 2816 4739 bono,
2877 4673 2981 4727 hoc
3027 4677 3113 4727 est
3164 4670 3222 4723 in
3272 4666 3585 4722 obedientia

2000 4767 2285 4823 Creatoris
2324 4765 2687 4836 perstitisset.
2723 4764 2997 4829 Quoniam
3032 4774 3167 4815 vero
3187 4757 3471 4814 Creatoris
3499 4758 3590 4811 sui

2000 4858 2207 4913 violato
2260 4865 2556 4928 praecepto,
2606 4855 2769 4909 morti
2812 4863 2867 4909 et
2917 4849 3275 4921 corruptioni-
3312 4846 3589 4903 obnoxius

2000 4951 2127 5019 fuit,
2181 4949 2391 5006 idcirco
2448 4948 2670 5020 generis
2725 4947 2900 5003 nostri
2924 4944 3234 5001 Productor
3275 4950 3332 4998 et
3369 4938 3589 5011 Opifes,

2001 5041 2073 5096 ob
2101 5039 2492 5096 misericordia:
2521 5053 2636 5095 sua:
2664 5040 2893 5104 viscera,
2930 5036 3279 5093 assimilatus
3302 5041 3387 5088 est
3410 5031 3593 5094 nobis,

2003 5133 2174 5188 homo
2212 5132 2393 5189 factus
2421 5131 2546 5189 sine
2574 5139 2833 5201 peccato,
2870 5139 3181 5197 nostraeque
3216 5131 3431 5180 natura:
3454 5122 3594 5175 uni-

2009 5237 2098 5280 tus
2124 5224 2227 5279 fuit
2286 5226 2327 5279 ’.
2362 5223 2524 5291 Nam,
2567 5225 2695 5294 quia
2742 5224 3034 5291 imaginem
3090 5218 3284 5287 ipsius,
3342 5225 3397 5270 ct
3427 5214 3596 5283 spiri-

2010 5329 2125 5374 tum
2157 5334 2319 5390 quem
2355 5318 2523 5373 nobis
2548 5316 2799 5379 dederat,
2828 5314 3057 5367 minime
3080 5309 3451 5372 servavimus,
3480 5308 3597 5377 ipse

2009 5429 2134 5468 cum
2174 5426 2416 5483 paupere
2454 5412 2782 5477 inﬁrmaque
2840 5412 3039 5459 natura
3100 5412 3289 5459 nostra
3321 5415 3599 5455 commero

2011 5506 2157 5562 cium
2183 5506 2328 5573 iniit,
2354 5517 2594 5575 quo-nos
2615 5500 2889 5571 expiaret,
2924 5505 3089 5566 atque
3128 5494 3194 5549 ad
3227 5492 3601 5561 incorruptio—

2012 5599 2101 5655 nis
2143 5606 2345 5655 statum
2375 5597 2695 5663 translatos,
2732 5609 2846 5651 sua:
2878 5606 3099 5649 rursum
3128 5586 3438 5645 divinitatis
3479 5584 3603 5641 red-

2012 5688 2169 5745 derct
2198 5687 2519 5760 participes.
