3960 6556
432 356 570 423 1.,87

1679 365 2054 428 ΕυΤΗΥΜΙΙ
2094 371 2454 432 ΖΙΟΑΒΕΝΙ

3539 392 3673 458 12ῗὸ

492 506 897 563 lncarnationis
956 507 1030 561 ris
1086 507 1144 561 in
1180 505 1403 576 reliquis
1444 522 1478 559 a
1518 504 1730 561 Christo
1785 507 2003 561 [taurini-

2160 502 2308 558 Ἔδει
2336 506 2395 560 δὲ
2430 506 2509 578 μὴ
2540 507 2704 578 μόνον
2733 509 2835 583 τὴν
2857 511 3118 587 ἀπαρχὴν
3137 516 3240 586 τῆς
3268 517 3547 592 ἡμετέρας
3573 524 3676 594 φύ-

427 599 954 671 bus.—t)portebat
983 600 1128 657 enim
1200 608 1259 654 ut
1290 614 1401 655 non
1443 598 1622 655 solum
1665 599 1886 670 generis
1912 616 2014 655 no-

424 696 523 750 stri
554 694 843 765 primitias,
868 694 966 751 sed
1016 705 1070 750 et
1108 694 1375 764 quisquis
1406 693 1694 749 hominum
1740 694 1925 759 vellet,
1958 694 2012 750 in

425 788 574 845 illius
617 789 818 845 summi
866 788 997 845 boni
1047 788 1532 859 participationem
1565 788 1798 845 veniens
1831 790 2015 845 denuo

425 890 770 947 nasceretur,
803 895 1062 952 novoque
1088 880 1335 937 subinde
1362 880 1514 947 cibo,
1548 880 1645 951 qui
1696 880 2012 951 liujusmodi

425 972 699 1028 uativitati
730 980 1139 1029 consentaneus
1178 981 1349 1036 esset,
1384 973 1688 1041 enutritus,
1719 972 2015 1043 perfectio-

425 1066 515 1121 nis
544 1065 767 1122 modum
791 1066 1109 1138 attingeret.
1140 1064 1510 1132 Quamobrem
1556 1081 1653 1137 per
1685 1080 1839 1122 suam
1872 1066 2013 1121 uati—

425 1160 673 1227 vitatem,
743 1159 865 1216 sive
930 1160 1398 1223 incarnationem,
1456 1159 1790 1230 baptismum
1860 1159 2012 1226 item,

423 1251 761 1321 passionem,
820 1258 876 1305 et
927 1250 1421 1316 resurrectionem,
1455 1251 1753 1305 humanum
1782 1265 1957 1321 genus
1981 1264 2013 1304 a

423 1347 589 1416 primi
630 1344 879 1415 parentis
926 1353 1174 1414 peccato,
1228 1352 1402 1398 morte
1433 1358 1659 1413 quoque
1702 1357 1769 1399 ac
1810 1357 2011 1397 corru-

424 1438 611 1508 ptione
664 1436 959 1503 liberavit;
1006 1434 1552 1505 resurrectionisque
1607 1434 1787 1491 factus
1821 1434 2013 1507 primi-

424 1530 537 1595 tiae,
571 1532 817 1601 seipsum
861 1529 1004 1583 viam
1056 1543 1418 1599 normamque
1455 1536 1511 1583 et
1561 1529 1843 1600 exemplar
1875 1544 2011 1584 con-

424 1625 627 1688 stituit,
672 1632 733 1678 ut
775 1639 879 1679 nos
913 1637 1135 1693 quoque
1187 1622 1437 1692 vestigiis
1472 1622 1596 1692 ejus
1641 1621 2009 1689 adhanentes,

423 1718 571 1789 quod
618 1717 731 1787 ipse
766 1727 962 1771 natura
991 1725 1099 1779 est,
1143 1714 1246 1769 hoc
1277 1715 1577 1784 adoptione
1608 1729 1880 1779 essemus,
1908 1714 2007 1768 lilii

2084 609 2224 659 σεως
2257 598 2316 652 ὲν
2340 602 2544 673 μετοχῇ
2601 603 2858 671 γενέσθαι
2897 607 2995 661 τοῦ
3043 610 3376 682 κρείττονος,
3418 616 3561 670 ἀλλά
3585 620 3677 672 καὶ

2082 687 2263 743 πάντα
2292 692 2381 743 τδν
2411 691 2738 763 βουλόμενον
2769 697 3083 769 ἄνθρωπον,
3118 703 3215 756 καὶ
3250 704 3515 777 δευτέραν
3549 710 3676 777 γέν-

2081 796 2239 851 νησιν
2266 784 2618 855 γεννηθῆναι,
2659 791 2757 842 καὶ
2776 791 3057 863 τραφῆναι
3107 797 3317 867 τροφὴν
3348 798 3533 871 ξένην,
3586 806 3676 860 καὶ

2081 872 2148 964 τῇ
2175 874 2434 964 γεννήσει
2466 876 2799 950 πρόσφορον,
2832 882 2926 934 καὶ
2958 881 3104 937 οὓτω
3152 885 3360 955 φθάσαι
3386 889 3450 942 τὸ
3478 893 3675 964 μέτρον

2080 962 2178 1035 τῆς
2212 963 2574 1037 τελειότητος.
2614 969 2715 1025 Διὰ
2748 971 2847 1042 μὲν
2884 969 2979 1027 οὖν
3007 977 3108 1046 τῆς
3160 977 3330 1032 αὑτοῦ
3360 962 3674 1052 γεννήσεως

2081 1054 2202 1126 ἦτοι
2235 1058 2590 1128 σαρκώσεως,
2625 1062 2843 1116 καὶτοῦ
2880 1064 3284 1137 βαπτίσματος,
3315 1073 3412 1124 καὶ⁵
3434 1075 3533 1142 τοῦ
3570 1078 3674 1131 πά-

2081 1145 2231 1216 θους,
2262 1149 2479 1222 καὶτῆς
2528 1154 2909 1223 ἀναστάσεως,
2968 1159 3320 1233 ἠλευθέρωσε
3365 1164 3468 1237 τὴν
3514 1168 3674 1236 φύσιν

2078 1239 2179 1311 τῆς
2207 1242 2483 1315 ἁμαρτίας
2502 1245 2599 1300 τοῦ
2636 1250 3001 1319 προπάτορος,
3044 1253 3141 1307 τοῦ
3181 1254 3415 1310 θανάτου
3460 1263 3674 1333 καὶτῆς

2081 1334 2312 1407 φθορᾶς,
2365 1339 2462 1392 καὶ
2503 1341 2603 1412 τῆς
2658 1343 3014 1410 ἀναστάσεως
3048 1349 3277 1423 ἀπαρχὴ
3331 1352 3556 1420 γέγονε,
3582 1358 3673 1407 καὶ

2081 1427 2199 1483 ὁδὸν
2236 1430 2332 1485 καὶ
2360 1431 2532 1486 τύπον
2593 1435 2789 1490 ἑαυτὸν
2834 1440 2931 1492 καὶ
2983 1442 3359 1514 ὑπογραμμὸν
3405 1446 3671 1514 τέθεικεν,

2082 1521 2169 1576 ῐνα
2224 1525 2318 1578 καὶ
2357 1527 2519 1597 ἡμεῖς
2557 1531 2671 1593 τοῖς
2712 1531 2879 1585 αὐτοῦ
2937 1534 3417 1608 ἀκολουθήσαντες
3479 1540 3670 1612 ἴχνεσι,

2081 1614 2372 1688 γενώμεθα
2436 1619 2605 1686 θέσει,
2659 1623 2797 1695 ὅπερ
2863 1624 3029 1689 αὐτός
3077 1630 3194 1682 ἐστι
3222 1630 3409 1698 φύσει,
3438 1633 3549 1686 υἱοὶ
3580 1635 3671 1686 καὶ

2081 1710 2412 1784 κληρονόμοι
2440 1714 2600 1781 Θεοῦ,
2626 1718 2721 1770 καὶ
2757 1718 2924 1771 αὑτοῦ
2959 1721 3398 1794 συγκληρονόμοι
3426 1725 3457 1764 ιι
3481 1741 3496 1755 ο
3545 1726 3673 1779 ἐδω-

423 1811 714 1877 nimirum,
743 1818 797 1865 et
826 1807 1072 1863 haerech
1105 1805 1226 1872 Dei,
1268 1807 1560 1878 ipsiusque
1599 1806 1917 1863 colueredes
1968 1812 2003 1864 ι.

2090 1820 2176 1857 κεν
2206 1800 2299 1859 οὖν
2330 1807 2484 1877 ἡμῖν,
2510 1807 2588 1872 ὡς
2619 1810 2779 1881 ἔφην,
2799 1811 3055 1882 γέννησιν
3078 1814 3364 1887 δευτέραν,
3387 1818 3456 1870 ἵν’
3487 1817 3671 1892 ὥσπερ

421 1904 596 1960 Nobis
624 1905 811 1974 itaque
841 1900 1169 1967 secundum,
1204 1910 1263 1955 ut
1285 1900 1425 1966 dixi,
1464 1901 1809 1956 nativitatem
1837 1900 2012 1969 dedit;

423 2006 486 2053 ut
513 1996 982 2069 quemadmodum
1030 2011 1094 2050 ex
1139 1993 1353 2048 Adamo
1390 1994 1692 2065 procreati,
1748 1993 2011 2049 similitu-

422 2091 610 2147 dinem
661 2088 784 2159 ejus
847 2086 1260 2151 contraximus,
1316 2084 1905 2155 maledictionemque,
1958 2092 2015 2140 et

422 2181 838 2252 corruptionem
874 2177 1225 2235 baereditario
1260 2176 1429 2233 veluti
1457 2176 1584 2245 jure
1613 2178 1761 2232 nacti
1792 2191 2011 2234 sumus:

425 2276 508 2333 sic
532 2291 602 2331 ex
645 2275 768 2345 ipso
796 2273 991 2345 geniti,
1033 2272 1251 2328 similes
1268 2271 1322 2326 ei
1356 2268 1683 2338 elﬁciamur,
1711 2279 1879 2342 atque
1905 2271 2015 2327 im-

424 2368 790 2425 mortalitatis
842 2368 1043 2438 ipsius,
1095 2364 1643 2434 benedietiouisque,
1697 2378 1762 2419 ac
1822 2365 2013 2436 gloria:

423 2461 804 2519 baereditatem
846 2472 1278 2529 consequamur.

496 2554 777 2609 Naticitas
806 2567 900 2623 per
922 2552 1216 2616 Christum,
1260 2550 1508 2622 cibnsque
1545 2549 1761 2619 duplex.
1794 2547 2010 2604 Euclio-

423 2649 592 2704 sistite
623 2647 917 2702 institutio.
956 2644 1116 2700 Vetus
1150 2642 1366 2699 Pascha
1392 2641 1620 2698 comedit
1658 2641 2015 2697 Christus.—

421 2745 693 2799 Creterum
752 2742 1021 2813 quoniam
1087 2739 1178 2794 hic
1216 2737 1390 2793 Adam
1429 2737 1737 2807 spiritualis
1770 2744 1878 2803 est,
1910 2750 2012 2806 par

422 2844 563 2900 erat,
595 2844 652 2889 ut
680 2840 797 2889 tum
826 2833 1094 2887 nativitas
1137 2830 1453 2902 Spiritualis
1498 2837 1670 2895 esset,
1704 2836 1819 2884 tum
1858 2829 2012 2899 pari-

423 2938 508 2983 scr
539 2926 824 2982 alimonia.
860 2924 1063 2981 Verum
1110 2922 1239 2994 quia
1269 2921 1507 2993 duplicis
1544 2931 1759 2976 natura:
1790 2936 2007 2988 sumus,

417 3032 474 3078 et
519 3018 841 3092 compositi,
889 3016 1167 3089 duplicem
1224 3032 1445 3087 quoque
1503 3016 1872 3079 nativitatem,
1922 3023 2011 3069 θι-

418 3124 527 3178 que
559 3110 691 3165 item
724 3108 1098 3178 compositum
1135 3105 1322 3161 cibum
1352 3122 1481 3161 esse
1512 3106 1827 3176 oportebat.
1859 3104 2010 3172 Quo-

423 3202 575 3255 circa

422 3289 724 3361 Spiritum,
782 3291 887 3345 hoc
941 3300 1049 3356 est,
1088 3306 1184 3363 per
1233 3300 1489 3345 sanctum
1553 3291 1827 3359 baptisma
1872 3290 2002 3344 data

422 3388 508 3437 est
556 3383 620 3434 ἰ
661 3379 821 3434 cibus
848 3387 1056 3444 autem,
1088 3380 1208 3451 ipse
1228 3390 1312 3439 est
1344 3384 1502 3452 panis
1532 3385 1678 3448 vita,
1724 3384 1991 3440 Dominus

424 3480 617 3529 noster
658 3473 823 3531 Jesus
876 3474 1158 3541 Christus,
1200 3478 1293 3547 qui
1334 3479 1403 3534 de
1430 3479 1572 3533 caelo
1606 3479 1897 3535 descendit
1922 3479 1946 3511 ⁸
1976 3519 1990 3532 .

421 3564 558 3621 Nam
588 3580 717 3621 eum
756 3568 1127 3623 voluntariam
1179 3578 1413 3625 mortem
1444 3572 1623 3626 nostri
1651 3586 1817 3628 causa
1869 3589 1995 3628 sus-

422 3666 684 3727 cepturus
730 3670 898 3726 esset,
934 3674 997 3716 ea
1036 3674 1199 3719 nocte
1238 3678 1345 3733 qua
1392 3665 1639 3733 seipsum
1700 3665 1976 3730 tradebat,

424 3754 814 3802 testamentum
846 3763 1045 3804 novum
1075 3751 1284 3806 sanctis
1312 3752 1429 3806 suis
1458 3751 1751 3822 discipulis
1783 3762 1838 3808 et
1862 3768 1997 3823 apo-

423 3838 607 3902 stolis,
647 3846 816 3910 stque
856 3857 956 3910 per
1003 3856 1101 3897 eos
1131 3843 1409 3899 universis
1439 3844 1532 3913 qui
1568 3843 1622 3899 in
1656 3846 1838 3913 ipsum
1869 3861 1994 3901 cre-

423 3929 635 3994 iterent,
667 3930 937 3986 condidit.
970 3932 1159 4002 itaque
1190 3934 1244 3987 in
1275 3943 1483 3988 sanctae
1509 3945 1563 3989 et
1596 3937 1834 3992 illustris
1860 3937 1993 3991 Sion

422 4022 734 4087 cenaculo,
772 4037 899 4077 cum
935 4033 1096 4079 vetus
1146 4024 1358 4079 Pascha
1388 4042 1513 4080 cum
1560 4027 1845 4096 discipulis
1880 4030 2009 4083 suis

423 4112 834 4176 manducasset,
896 4121 1229 4169 testamento
1271 4117 1442 4170 veteri
1475 4116 1714 4185 expleto,
1747 4117 1995 4185 discipu-

424 4201 603 4255 lorum
642 4202 813 4271 pedes
861 4203 995 4259 lavit
1038 4204 1095 4271 ’ς
1147 4205 1252 4261 hoc
1286 4222 1388 4262 suo
1419 4207 1611 4277 utique
1659 4208 1803 4264 facto
1845 4223 1995 4280 sym-

425 4293 611 4347 bolum
657 4294 907 4363 prrebens
954 4296 1133 4351 sancti
1177 4298 1573 4367 baptismatis:
1630 4309 1744 4354 tum
1800 4300 1996 4357 deinde

426 4382 688 4454 frangens
720 4400 939 4456 panem,
990 4389 1241 4458 porrexit
1276 4390 1378 4454 eis,
1427 4391 1655 4447 dicens:
1691 4393 1926 4462 Accipite
1946 4401 1999 4446 et

426 4475 699 4541 eomedite,
749 4478 849 4532 hoc
900 4487 978 4533 est
1028 4494 1215 4548 corpus
1271 4497 1466 4543 meum,
1519 4483 1660 4552 quod
1708 4500 1805 4553 pro
1847 4484 1995 4539 vobis

425 4565 694 4637 frangitur
713 4568 770 4622 in
798 4571 1158 4625 remissionem
1188 4580 1524 4639 peccatorum
1575 4568 1617 4628 '.
1650 4574 1826 4630 Simili
1860 4590 1997 4647 quo-

424 4672 537 4726 que
567 4658 731 4714 modo
777 4660 1007 4718 calicem
1047 4662 1174 4717 vino
1219 4672 1277 4717 et
1316 4678 1457 4732 aqua
1504 4671 1868 4735 temperatum
1898 4682 1993 4722 ac-

422 4750 659 4819 cipiens,
690 4751 994 4825 impertivit
1038 4755 1139 4818 eis,
1176 4754 1369 4811 dicens
1405 4776 1417 4812 :
1450 4757 1626 4813 Bibire
1664 4773 1729 4812 ea:
1759 4759 1855 4811 hoc
1880 4775 1993 4813 om-

423 4856 515 4895 nes
542 4855 564 4895 :
614 4839 700 4894 hic
721 4849 800 4895 est
832 4843 1048 4912 sanguis
1096 4860 1240 4898 meus
1273 4848 1395 4900 novi
1426 4849 1747 4914 testamenti,
1780 4848 1871 4916 qui
1900 4864 1997 4916 pro

425 4931 571 4985 uobis
620 4932 915 5000 effunditur
961 4936 1015 4988 in
1070 4938 1430 4993 remissionem
1489 4948 1862 5009 peccatorum;
1899 4939 1996 4993 liae

424 5024 590 5092 facile
639 5025 696 5078 in
745 5041 914 5079 meam
956 5032 1529 5085 commemorationem.
1578 5031 1998 5100 Quotiescunque

419 5114 563 5168 enim
598 5115 937 5170 manducetis
993 5132 1183 5185 panem
1216 5118 1372 5185 hunc,
1421 5133 1469 5176 et
1519 5120 1738 5176 calicem
1789 5123 1990 5177 bibitis.

424 5214 649 5261 mortem
686 5204 904 5262 Domini
947 5210 1283 5265 annuntiatis
1309 5210 1350 5265 '.

489 5307 816 5366 Velutenlm
838 5310 1104 5381 quidquid
1119 5310 1424 5379 fecitDeus,
1462 5313 1516 5369 id
1543 5313 1780 5385 Spiritus
1819 5316 1992 5372 sancti

421 5394 752 5462 fecitopera.
774 5394 847 5448 ita
867 5410 1012 5450 nunc
1044 5411 1264 5467 quoque
1301 5397 1551 5468 Spiritus
1585 5400 1759 5454 sanati
1803 5414 1997 5467 open-

425 5478 572 5531 tione
588 5477 727 5532 facta
746 5488 895 5540 sunt,
915 5494 1037 5548 qua
1059 5491 1264 5536 naturae
1286 5482 1505 5536 modum
1524 5482 1825 5548 excedunt,
1844 5498 1995 5552 qua:-

424 5578 530 5631 que
544 5561 646 5616 nisi
666 5559 771 5617 ﬁde
789 5562 923 5625 sola,
945 5577 1046 5617 nec
1061 5565 1180 5633 capi
1202 5578 1431 5635 queunt,
1448 5581 1547 5619 nec
1570 5567 1816 5637 intelligi.
1842 5565 1990 5633 Quo-

426 5650 576 5701 modo
634 5647 759 5701 milii
815 5647 1015 5700 accidet-
1073 5649 1231 5713 istud,
1302 5650 1481 5704 aiebat
1538 5649 1708 5722 Virgo
1769 5661 1984 5720 sancta,

501 5827 703 5922 ’-
741 5845 837 5922 vati.
871 5830 956 5922 η.
1031 5833 1443 5922 ’103'n.-l_ll,_3.n
1487 5844 1507 5875 ⁸
1536 5843 1695 5922 ,τοτιιιΣ
1720 5862 1795 5922 vi.
1826 5847 1914 5902 48.
1994 5848 2003 5881 ¹

2090 5864 2335 5917 iamsi",
2394 5848 2414 5903 Ι
2456 5864 2609 5922 seqq.

420 5895 588 5955 Marc.
614 5914 727 5965 MV,
759 5900 820 5956 ει
853 5920 868 5967 ;
908 5901 1038 5959 Luc.
1075 5922 1184 5973 ut,
1228 5895 1332 5975 17,
1359 5912 1375 5966 l
1403 5895 1631 5985 Comm,

2080 1898 2437 1971 γεννηθέντες
2464 1903 2528 1955 ὲκ
2558 1902 2654 1957 τοῦ
2709 1904 2901 1977 Ἀδὰμ,
2929 1907 3303 1981 ὡμοιώθημεν
3331 1912 3504 1984 αὐτῷ,
3543 1916 3671 1986 κληι-

2083 1995 2489 2065 ρονομήσαντες
2540 1997 2644 2068 τὴν
2696 1998 2949 2069 κατάραν
2985 2000 3081 2053 καὶ
3122 2003 3223 2071 τὴν
3268 2001 3498 2075 φθορὰν,
3533 2004 3672 2058 οὕτω

2080 2086 2175 2141 καὶ
2208 2087 2267 2153 ἐξ
2300 2087 2473 2143 αὑτοῦ
2533 2091 2913 2160 γεννηθέντες,
2963 2094 3324 2166 ὁμοιωθῶμεν
3368 2096 3541 2168 αὐτῷ,
3581 2099 3671 2152 καὶ

2081 2178 2625 2253 κληρονομήσωμενί
2666 2184 2863 2261 τήνττε
2897 2186 3231 2257 ἀφθαρσίαν,
3265 2191 3362 2242 καὶ
3385 2189 3487 2262 τὴν
3521 2192 3669 2245 εὐλο-

2079 2272 2228 2341 γίαν,
2262 2274 2361 2327 καὶ
2393 2273 2494 2345 τὴν
2529 2273 2689 2341 δόξαν
2716 2276 2885 2330 αὑτοῦ

2159 2551 2380 2625 Ἐπειδὴ
2431 2552 2489 2607 δὲ
2526 2561 2900 2627 πνευματικός
2943 2558 3090 2613 ὲστιν
3129 2551 3286 2621 οὗτος
3396 2563 3425 2615 ὁ
3475 2563 3666 2636 Ἀδὰμ,

2078 2641 2186 2698 ἔδει
2208 2646 2302 2699 καὶ
2328 2646 2429 2715 τὴν
2452 2647 2709 2718 γέννησιν
2744 2651 3127 2723 πνευματικὴν
3153 2648 3316 2719 εἶναι,
3346 2656 3551 2726 ὁμοίως
3575 2662 3667 2713 καὶ

2076 2733 2175 2806 τὴν
2208 2736 2435 2808 βρῶσιν.
2469 2739 2586 2793 ἀλλ’
2635 2740 2825 2812 ἐπειδὴ
2851 2741 3031 2795 διπλοῖ
3056 2743 3201 2807 τινές
3224 2746 3395 2814 ἐσμεν
3419 2748 3517 2800 καὶ
3548 2747 3667 2799 σύν-

2077 2826 2242 2893 θετοι,
2277 2828 2358 2882 δεῖ
2387 2829 2483 2883 καὶ
2516 2830 2615 2903 τὴν
2648 2832 2905 2902 γέννησιν
2928 2832 3125 2905 διπλῆν
3153 2830 3313 2900 εἶναι,
3337 2837 3545 2906 ὁμοίως
3576 2838 3666 2889 καὶ

2076 2919 2175 2991 τὴν
2204 2920 2409 2992 βρῶσιν
2445 2923 2719 2981 σύνθετον.
2767 2926 2832 2979 'H
2884 2926 2983 2998 μὲν
3022 2922 3116 2980 οὖν
3152 2927 3408 2996 γέννησις
3437 2932 3572 3000 ἡμῖν
3601 2930 3661 2982 δι’

2078 3010 2271 3077 ὓδατος
2296 3017 2392 3068 καὶ
2420 3016 2743 3088 Πνεύματος
2794 3017 3041 3071 δέδοται·
3103 3021 3245 3092 φημὶ
3293 3021 3349 3073 δὲ
3385 3021 3481 3075 τοῦ
3514 3023 3664 3091 ἁγίου

2079 3106 2456 3179 βαπτίσματος
2481 3126 2495 3140 ·
2523 3112 2557 3181 ἡ
2590 3110 2647 3164 δὲ
2679 3110 2881 3182 βρῶσις
2912 3111 3074 3172 αὐτὸς
3107 3114 3134 3165 ὁ
3163 3112 3331 3184 ἄρτος
3370 3115 3470 3186 τῆς
3499 3114 3665 3184 ζωῆς,

813 3198 1076 3253 nativitas
1111 3197 1335 3268 quidem
1388 3197 1548 3253 nobis
1579 3213 1677 3268 per
1710 3210 1912 3268 aquam
1951 3205 2003 3252 et

2090 3198 2336 3272 ΒΚύριος
2362 3202 2520 3273 ἡμῶν
2562 3202 2770 3274 Ἰησοῦς
2826 3203 3083 3275 Χριστὸς,
3123 3204 3151 3257 ὁ
3184 3206 3247 3258 ἐκ
3290 3206 3386 3259 τοῦ
3433 3205 3666 3279 οὐρανοῦ

2076 3294 2343 3359 καταϐάς.
2368 3294 2594 3349 Μέλλων
2630 3297 2740 3369 γὰρ
2768 3297 2861 3351 τὸν
2886 3298 3132 3353 ἑκούσιον
3150 3299 3291 3372 ὑπὲρ
3311 3302 3470 3371 ἡμῶν
3503 3319 3670 3356 καταο

2094 3384 2348 3456 δέχεσθαι
2373 3388 2621 3455 θάνατον,
2661 3395 2717 3445 ὲν
2743 3397 2809 3463 τῇ
2851 3394 3026 3456 νυκτὶ,
3057 3394 3116 3444 ὲν
3226 3392 3419 3445 ἑαυτὸν
3449 3394 3665 3463 παρεδε-

2094 3479 2206 3544 δου,
2238 3481 2505 3553 διαθήκην
2540 3484 2733 3554 καινὴν
2774 3484 2981 3538 διέθετο
3004 3486 3115 3549 τοῖς
3164 3483 3341 3552 ἁγίοις
3364 3483 3531 3537 αὑτοῦ
3565 3503 3664 3555 μα-

2096 3572 2289 3642 θηταῖς
2318 3575 2415 3627 καὶ
2471 3576 2809 3640 ἀποστόλοις,
2847 3577 2941 3630 καλ⁵
2990 3575 3059 3630 δι’
3086 3576 3269 3630 αὐτῶν
3302 3576 3435 3629 πᾶσι
3455 3578 3569 3639 τοῖς
3588 3576 3665 3639 είς

2096 3663 2258 3717 αὐτὸν
2285 3666 2649 3721 πιστεύουσιν.
2692 3668 2780 3721 Ἐν
2803 3665 2883 3737 τῷ
2913 3666 3147 3738 ὑπερῴῳ
3176 3667 3357 3721 τοίνυν
3381 3667 3481 3738 τῆς
3509 3666 3664 3735 ἁγίας

2095 3757 2191 3810 καὶ
2224 3757 2436 3822 ἐνδόξου
2473 3757 2636 3824 Σιὼν,
2668 3761 2728 3813 τὸ
2768 3759 2997 3814 παλαιὸν
3030 3760 3222 3830 Πάσχα
3390 3758 3530 3830 μετὰ
3561 3758 3664 3811 τῶν

2099 3848 2361 3917 μαθητῶν
2398 3850 2560 3904 αὐτοῦ
2599 3851 2810 3922 φαγὼν,
2840 3852 2935 3907 καὶ
2972 3852 3271 3925 πληρώσας
3296 3852 3396 3923 τὴν
3428 3852 3665 3905 παλαιὰν

2095 3941 2379 4013 διαθήκην,
2408 3943 2587 3997 νίπτει
2606 3944 2713 3999 τῶν
2743 3942 3002 4016 μαθητῶν
3029 3947 3157 4009 τοὺς
3187 3945 3377 4009 πόδας,
3402 3944 3665 4015 σύμϐολον

2094 4034 2189 4087 τοῦ
2220 4035 2374 4103 ἁγίου
2409 4034 2782 4105 βαπτίσματος
2831 4035 3229 4107 παρεχόμενος.
3280 4031 3411 4090 Εἶτα
3464 4035 3667 4096 κλάσας

2095 4125 2280 4194 ἄρτον,
2321 4124 2567 4178 ἐπεδίδου
2632 4126 2818 4189 αὐτοῖς
2872 4125 3085 4193 λέγων’
3132 4125 3390 4187 Λάϐετε,
3430 4124 3664 4193 φάγετε,

2095 4209 2276 4263 τοῦτό
2311 4210 2423 4277 μού
2445 4210 2575 4264 ἐστι
2600 4210 2668 4263 τὸ
2694 4210 2885 4280 σῶμα.
2910 4210 2977 4264 τὸ
2996 4210 3151 4279 ὑπὲρ
3181 4210 3348 4280 ὑμῶν
3363 4209 3668 4279 κλῶμεν-ον

2095 4304 2183 4367 εις
2210 4302 2432 4371 ὕφεσιν
2472 4302 2788 4371 ἁμαρτιῶν.
2827 4304 3058 4374 Ὁμοίως
3104 4303 3164 4357 δι
3214 4302 3417 4367 λαϐὼν,
3450 4301 3545 4355 καὶ
3606 4300 3667 4353 τὸ

2097 4397 2360 4466 ποτήριον
2387 4395 2448 4460 ὲξ
2474 4396 2619 4449 οἴνου
2651 4397 2745 4450 καὶ
2776 4394 2991 4461 ὓδατος,
3024 4396 3331 4467 μετέδωκεν
3359 4396 3546 4459 αὐτοῖς
3578 4392 3666 4446 λέ-

2097 4502 2210 4555 γων
2234 4502 2247 4518 ·
2280 4486 2454 4541 Πιετε
2488 4486 2558 4551 ἐξ
2586 4487 2774 4541 αὐτοῦ
2793 4486 3051 4554 πάντες·
3083 4487 3264 4542 τοῦτό
3289 4486 3405 4555 μού
3447 4486 3579 4539 ἐστι
3605 4484 3667 4537 τὸ

2097 4575 2260 4648 αἷμα,
2290 4580 2359 4633 τὸ
2380 4578 2491 4646 τῆς
2513 4578 2730 4647 καινῆς
2757 4580 3067 4648 διαθήκης,
3102 4580 3168 4633 τὸ
3193 4578 3345 4646 ὑπὲρ
3370 4576 3539 4646 ὑμῶν
3570 4577 3667 4629 ἐκ·

2099 4673 2459 4741 χυνόμενον,
2497 4672 2586 4735 εἰς
2605 4671 2828 4739 ἄφεσιν
2859 4668 3182 4739 ἁμαρτιῶν·
3233 4666 3411 4722 τοῦτο
3452 4665 3669 4719 ποιεῖτε

2097 4764 2184 4828 εις
2211 4761 2325 4829 τὴν
2348 4760 2505 4831 ἐμὴν
2528 4762 2890 4831 ἀνάμνησιν.
2930 4760 3164 4827 Ὁσάκις
3192 4759 3301 4830 γὰρ
3328 4758 3403 4813 ἂν
3434 4759 3668 4824 ἐσθίητε

2096 4854 2205 4907 τὸν
2231 4854 2413 4921 ἄρτον
2437 4852 2673 4917 τοῦτον,
2695 4854 2797 4908 καί
2825 4853 2891 4907 τὸ
2915 4853 3203 4920 ποτήριον
3228 4850 3404 4905 τοῦτο
3435 4851 3665 4915 πίνητε,

2098 4944 2206 4996 τὸν
2241 4942 2502 4998 θάνατον
2535 4945 2643 4999 τοῦ
2682 4944 2817 4999 Υίοῦ
2855 4942 2961 4997 τοῦ
2993 4940 3310 5011 ἀνθρώπου
3348 4940 3666 5008 καταγγέλ-

2095 5040 2253 5093 λετε.

2174 5313 2379 5383 Ὥσπερ
2435 5314 2545 5384 γὰρ
2579 5314 2757 5367 πάντα
2782 5312 2883 5364 ὅσα
2909 5310 3168 5379 ἐποίησεν
3203 5312 3232 5363 ὁ
3269 5309 3424 5371 Θεὸς,
3458 5311 3547 5379 τῇ,
3569 5307 3659 5361 τοῦ

2095 5397 2254 5464 ἁγίου
2274 5396 2586 5466 Πνεύματος
2607 5395 2856 5466 ἐνεργείᾳ.
2887 5396 3163 5461 ἐποίησεν,
3190 5392 3335 5445 οὕτω
3358 5394 3451 5445 καὶ
3484 5390 3577 5442 νῦν
3613 5392 3645 5460 ἡ

2094 5479 2186 5532 τοῦ
2203 5479 2512 5547 Πνεύματος
2525 5479 2779 5548 ἐνέργεια
2795 5480 2859 5531 τὰ
2879 5478 3017 5546 ὑπὲρ
3036 5480 3196 5544 φύσιν
3219 5476 3531 5544 ἐργάζεται,
3544 5473 3578 5526 ὃ.
3592 5472 3649 5524 οὐ

2092 5564 2315 5617 δύναται
2332 5565 2599 5635 χωρῆσαι,
2620 5564 2668 5616 εἰ
2690 5564 2766 5633 μὴ
2788 5563 2924 5633 μόνη
2943 5564 2976 5633 ἡ
3004 5565 3203 5623 πίστις.
3226 5559 3355 5625 Πῶς
3373 5558 3541 5612 ἔσται
3557 5571 3652 5623 μοι

2092 5650 2289 5714 τοῦτο,
2304 5666 2466 5720 φησιν
2485 5650 2517 5719 η
2542 5645 2989 5719 ἀγίαριιαρθένος,
3008 5644 3139 5699 ἐπεὶ
3158 5642 3351 5712 ἄνδρα
3368 5643 3440 5697 οὐ
3457 5640 3659 5712 γινώσ-

2713 5847 2735 5880 ¹
2767 5845 2957 5901 Mallh.
3000 5862 3145 5914 nvi,
3192 5844 3285 5902 26.
3362 5843 3539 5901 'ibid.
3566 5843 3647 5899 27.
