3930 6564
262 402 401 465 129

1157 404 1534 466 PANOPLIA
1568 402 2043 464 DOGMATICA.
2082 427 2151 440 -·
2193 403 2338 464 ΤΙΤ.
2384 402 2563 462 XXV.

3373 395 3505 459 1270

259 537 364 583 κω,
409 519 793 589 ’Δποκρίνεται
824 520 1064 590 Γαϐριὴλ
1095 523 1123 574 6
1169 522 1514 591 ἀρχάγγελος
1543 539 1556 553 ·
1586 521 1829 590 Πνεῦμα

1953 523 2176 576 monium
2205 523 2376 577 virum
2430 538 2535 575 non
2585 518 2939 590 cognosco‘?
2996 517 3098 572 Cui
3145 516 3367 572 Gabriel
3418 533 3505 570 ar-

259 613 431 680 ἅγιον
448 611 838 666 ἐπελεύσεται
861 613 958 666 ἐπὶ
980 615 1075 678 σὲ,
1094 614 1192 668 καὶ
1209 615 1466 682 δύναμις
1511 615 1524 633 ⁹
1538 615 1813 682 nomen

257 703 605 760 ἐπισκιάσει
630 717 753 759 σοι.
774 705 885 757 Καὶ
912 703 1008 757 νῦν
1037 706 1248 775 ἐρωτᾷς
1274 706 1389 768 πῶς
1423 708 1450 760 6
1479 705 1644 774 ἄρτος
1676 707 1823 774 γίνε-

257 813 328 848 τα
375 796 536 855 σῶμα
577 797 845 865 Χριστοῦ,
875 798 1019 850 καὶὸ
1062 794 1206 859 οἶνος
1247 797 1424 851 καὶτὸ
1463 799 1628 866 ὕδωρ,
1687 791 1830 866 αἷμα

258 887 524 957 Χριστοῦ.
550 890 708 956 Λέγω
742 906 824 942 σοι
854 889 1008 957 κάγώ
1039 904 1051 920 ·
1105 891 1326 960 Πνεῦμα
1359 889 1515 958 ἅγιον
1555 892 1828 962 ἐπιφοιτᾷ,

256 985 354 1032 καὶ
382 979 555 1034 ταῦτα
577 983 720 1034 ποιεῖ
749 981 817 1036 τὰ
846 982 985 1052 ὑπὲρ
1021 981 1178 1050 λόγον
1209 985 1299 1038 καὶ
1327 983 1558 1037 ἔννοιαν.

333 1162 533 1231 Ἀρτος
563 1160 618 1214 δὲ
654 1161 750 1216 καὶ
792 1157 935 1225 οἶνος
975 1163 1482 1233 παραλαμϐάνεταυ
1531 1166 1635 1219 οἶδε
1667 1164 1777 1236 γὰρ
1804 1169 1833 1221 6

256 1253 392 1317 Θεὸς
419 1256 518 1325 τὴν
545 1254 894 1326 ἀνθρωπίνην
935 1256 1224 1312 ἀσθένειαν
1248 1275 1262 1289 ·
1313 1259 1389 1322 ὡς
1417 1259 1485 1312 τὰ
1514 1259 1687 1313 πολλὰ
1722 1263 1833 1331 γὰρ

255 1345 327 1398 τὰ
355 1346 431 1417 μὴ
468 1349 610 1401 κατὰ
633 1347 732 1418 τὴν
763 1350 1058 1419 συνήθειαν
1104 1353 1467 1421 τετριμμένα,
1493 1353 1833 1424 ἀποστρέφε-

257 1453 350 1491 ται
373 1438 823 1508 δυσχεραίνουσα·
848 1444 911 1511 τῇ
938 1439 1032 1493 οὗν
1066 1442 1474 1508 συγκατασάσει
1497 1443 1716 1511 συνήθει
1744 1461 1835 1498 κε-

257 1530 560 1599 χρημένος,
615 1529 703 1582 διὰ
733 1531 844 1584 τῶν
897 1533 1142 1602 συνήθων
1187 1535 1286 1604 τῆς
1329 1534 1544 1603 φύσεως
1599 1539 1744 1591 ποιεῖ
1765 1536 1833 1590 τὰ

260 1621 408 1691 ὑπὲρ
459 1622 642 1691 φύσιν
707 1625 800 1676 καὶ
869 1624 1058 1696 ὥσπερ
1111 1627 1200 1678 ἐπὶ
1269 1627 1364 1682 τοῦ
1420 1628 1830 1698 βαπτίσματος,

259 1711 450 1777 ἐπειδὴ
481 1711 599 1774 ἔθος
624 1712 941 1780 ἀνθρώποις
989 1713 1142 1768 ὕδατι
1186 1714 1472 1783 λούεσθαι,
1529 1720 1624 1772 καὶ
1667 1719 1834 1791 ἐλαίῳ

1933 614 2229 683 chaugelus
2257 631 2273 667 :
2299 614 2526 682 Spiritus
2568 622 2782 668 sanctus
2830 610 3161 679 superveniet
3209 610 3265 663 in
3309 617 3379 675 te,
3458 618 3508 662 et

1932 707 2098 761 virtus
2137 705 2400 760 Altissiuti
2425 704 2755 759 abumbrabit
2786 705 2878 757 tibi
2905 705 2945 756 ’.
2981 702 3060 757 T-u
3088 715 3308 772 quoque
3362 714 3510 755 nunc

1931 798 2156 869 quaeris,
2213 798 2306 867 qui
2373 803 2530 867 panis
2555 798 2645 852 fiat
2686 812 2886 865 corpus
2912 796 3138 861 Christi,
3193 809 3258 850 ac
3313 793 3506 847 vinum

1932 902 1988 948 et
2015 905 2180 962 aqua,
2205 892 2428 962 sanguis
2453 892 2617 947 illius.
2655 892 2768 961 Ego
2805 907 2937 947 vero
2967 888 3065 944 tibi
3104 899 3308 958 repono
3338 887 3513 956 Spiri-

1935 993 2051 1040 tum
2077 992 2328 1040 sanctum
2358 985 2736 1052 supervenire,
2759 993 2813 1039 et
2836 999 2898 1038 ea
2927 983 3129 1045 facere,
3154 997 3276 1050 quin
3297 993 3514 1037 sermo—

1933 1092 2058 1133 nem
2095 1084 2535 1148 coneeptumque
2569 1093 2791 1132 omnem
2827 1077 3018 1146 procul
3048 1082 3402 1145 exsuperant.
3475 1105 3480 1114 -

2006 1170 2287 1240 Curpanis
2330 1180 2378 1224 et
2408 1170 2586 1224 viuum
2647 1179 2716 1224 ad
2778 1169 3173 1224 Eucharistiam
3226 1167 3513 1220 adhibean-

1938 1273 2043 1318 tur.
2075 1291 2144 1303 ——
2177 1262 2338 1317 Panis
2379 1276 2541 1331 porro
2593 1261 2890 1330 vinumque
2947 1259 3301 1322 adhibentur,
3359 1255 3509 1325 quia,

1936 1370 2062 1412 cum
2097 1356 2205 1412 Deo
2236 1355 2516 1427 explorata
2556 1354 2629 1409 sit
2665 1351 3016 1407 imbecillitas
3066 1351 3326 1410 humana,
3365 1364 3510 1417 qum,

1940 1459 2000 1504 ut
2033 1448 2352 1519 plurimum,
2389 1464 2451 1502 ea
2481 1455 2765 1502 aversetur
2792 1460 2912 1515 quae
2945 1459 3046 1498 usu
3101 1443 3324 1496 minimc
3387 1441 3512 1495 trita

1939 1540 2268 1610 sunt;hinc
2299 1540 2442 1594 iitut
2474 1555 2576 1610 pro
2635 1538 2796 1593 solita
2855 1552 2953 1592 sua
2999 1549 3126 1604 erga
3180 1547 3280 1587 nos
3335 1531 3516 1586 indul-

1938 1636 2139 1705 gentia,
2168 1650 2262 1704 per
2288 1649 2352 1689 ea
2383 1649 2503 1703 quae
2535 1641 2745 1688 naturae
2778 1631 3071 1686 familiaria
3105 1635 3255 1690 sunt,
3293 1641 3379 1680 res
3413 1640 3515 1679 na-

1938 1736 2063 1783 tura
2092 1726 2444 1782 sublimiores
2501 1725 2722 1780 etliciat.
2783 1723 2850 1779 Et
2911 1725 3054 1778 sicut
3106 1721 3160 1774 in
3216 1720 3514 1788 baptismo,

257 1802 533 1873 χρίεσθαι,
571 1804 860 1868 συνέζευξε
885 1804 963 1874 τῷ
996 1806 1160 1877 ἐλαίῳ
1213 1809 1309 1862 καὶ
1351 1808 1502 1864 ὕδατι
1548 1815 1649 1880 τὴν
1671 1811 1833 1883 χάριν

1953 1818 2198 1891 ιυοιιίιιιιι
2229 1821 2283 1872 ln
2313 1831 2465 1872 more
2501 1817 2782 1871 hominum
2833 1815 3072 1884 positum
3124 1821 3230 1877 est,
3264 1820 3323 1863 ut
3372 1823 3515 1879 aqua

256 1893 356 1945 τοῦ
395 1894 731 1963 Πνεῦματος,
766 1899 862 1951 atat
887 1897 1143 1968 ἐποίησεν
1171 1900 1302 1953 αὐτὸ
1336 1901 1563 1972 λουτρὸν
1606 1905 1836 1972 ἀναγεν-

1953 1887 2198 1968 laventur
2232 1951 2246 1978 ,
2308 1920 2366 1965 et
2435 1916 2704 1979 ungantur
2746 1908 2910 1970 oleo,
2992 1903 3227 1974 Spiritus
3283 1901 3511 1972 gratiam

259 1985 497 2055 νήσεωςο
534 1987 728 2053 οὓτως,
785 1989 975 2059 ἐπειδὴ
1005 1989 1130 2055 έθος
1179 1994 1293 2057 τοῖς
1321 1992 1634 2066 ἀνθρώποις
1669 1999 1834 2067 ἄρτον

259 2079 488 2143 ἐσθίειν,
526 2079 667 2150 ὕδωρ
698 2098 758 2136 τε
795 2083 890 2136 καὶ
917 2079 1061 2138 οῐνον
1125 2085 1329 2152 πίνειν,
1382 2089 1702 2158 συνέζευξεν
1738 2094 1836 2147 a6-

256 2173 376 2234 τοῖς
401 2170 502 2242 τὴν
534 2172 702 2227 αὑτοῦ
735 2173 987 2248 θεότητα,
1021 2178 1118 2232 καὶ
1149 2181 1457 2250 πεποίηκεν
1508 2183 1646 2238 αὐτὰ
1674 2185 1832 2256 σῶμα

258 2265 359 2317 καὶ
385 2259 525 2335 αἷμα
549 2267 739 2333 αὐτοῦ,
770 2267 855 2322 ἵνα
879 2269 968 2323 διὰ
995 2271 1102 2324 τῶν
1131 2274 1381 2344 συνήθων
1419 2275 1510 2330 καὶ
1545 2279 1688 2333 κατὰ
1727 2278 1832 2347 φῦ-

260 2373 371 2422 σιν,
409 2360 467 2411 ὲν
489 2361 604 2425 τοῖς
639 2360 780 2430 ὑπὲρ
803 2362 966 2430 φύσιν
993 2364 1306 2434 γενώμεθα.

1945 2019 2068 2060 cum
2103 2003 2225 2058 oleo
2251 2011 2306 2056 et
2336 2016 2478 2071 aqua
2520 1998 2818 2069 c0pulavit,
2845 2007 2902 2051 ut
2943 1996 3223 2051 lavacrum
3284 2007 3514 2061 regene-

1945 2096 2173 2154 rationis
2197 2095 2350 2149 illum
2375 2094 2609 2149 faceret.
2640 2090 2925 2146 Consimili
2981 2088 3165 2153 modo,
3235 2088 3363 2155 quia
3415 2085 3514 2137 ho-

1943 2190 2153 2245 minum
2172 2186 2514 2242 consuetudo
2537 2187 2642 2241 fert
2675 2195 2730 2239 ut
2762 2198 2955 2254 panem
2993 2182 3179 2245 edant,
3212 2182 3515 2247 vinumque

1941 2290 1996 2340 et
2031 2297 2224 2352 aquam
2249 2282 2477 2346 bibant;
2514 2279 2717 2333 idcirco
2754 2277 3040 2346 conjuncta
3070 2288 3194 2328 cum
3250 2271 3357 2326 illis
3415 2285 3513 2325 sua

1943 2373 2249 2439 divinitate,
2284 2373 2398 2428 haec
2425 2387 2624 2441 corpus
2666 2379 2722 2424 et
2773 2369 3094 2439 sanguinem
3143 2379 3302 2420 suum
3362 2363 3511 2427 feet,

260 2454 342 2511 uti
381 2468 478 2524 per
503 2454 696 2508 usitata
717 2463 773 2509 et
817 2465 1022 2510 natura:
1059 2468 1423 2512 consentanea
1473 2473 1826 2530 assurgamus
1855 2463 1922 2519 ad
1954 2479 2019 2520 ea
2048 2479 2167 2534 qum
2189 2478 2350 2533 supra
2381 2471 2628 2516 naturam
2657 2469 2803 2514 sunt.

335 2548 504 2619 Σῶμα
527 2550 678 2604 ἐστιν
709 2550 926 2620 ἀληθῶς
966 2553 1243 2624 ἡνωμένον
1278 2554 1517 2626 θεότητι,
1557 2556 1618 2608 τὸ
1642 2558 1705 2610 ὲκ
1737 2557 1837 2622 τῆς

261 2643 426 2711 ἁγίας
459 2645 740 2716 Παρθένου
773 2646 953 2716 σῶμα,
999 2648 1095 2717 οὐχ
1126 2647 1206 2700 ὅτι
1239 2647 1300 2700 τὸ
1329 2647 1646 2719 ἀναληφθὲν
1679 2652 1838 2722 σῶμα

260 2737 328 2803 ἐξ
385 2737 619 2808 οὐρανοῦ
668 2739 1022 2810 κατέρχεται,
1078 2738 1193 2793 ἀλλ’
1246 2740 1328 2794 ὅτι
1363 2739 1529 2805 αὐτὸς
1589 2744 1617 2795 6
1670 2742 1832 2812 ἄρτος

246 2837 347 2892 καὶ
369 2829 513 2901 οἶνος
534 2838 960 2908 μεταποιοῦνται
1040 2837 1120 2902 εἰς
1143 2836 1307 2908 σῶμα
1319 2837 1415 2893 καὶ
1431 2834 1569 2910 αἷμα
1586 2839 1745 2896 Θεοῦ.
1772 2841 1837 2894 Εἰ

247 2931 307 2986 δὲ
326 2930 418 2984 τὸν
435 2929 641 3002 τρόπον
669 2929 970 3002 ἐπιζητεῖς,
990 2930 1112 2993 πῶς
1126 2928 1355 2998 γίνεται,
1377 2930 1540 3001 ἀρκεῖ
1556 2949 1637 2984 σοι
1666 2930 1836 2984 ἀκοῦ-

247 3040 367 3088 σαι,
402 3024 484 3077 ὅτι
533 3023 621 3076 διὰ
679 3022 999 3094 Πνεύματος
1041 3022 1225 3092 ἁγίου,
1256 3021 1444 3092 ὥσπερ
1490 3023 1588 3075 καὶ
1630 3022 1694 3075 ὲκ
1745 3021 1846 3090 τῆς

247 3113 418 3185 ἁγίας
444 3114 711 3169 Θεοτόκου
741 3115 830 3168 διὰ
872 3115 1192 3184 Πνεύματος
1237 3113 1392 3181 ἁγίου
1438 3113 1636 3184 ἑαυτῷ,
1663 3113 1759 3168 καὶ
1786 3115 1844 3168 ὲν

2021 2557 2219 2629 Corpus
2287 2556 2484 2613 Christi
2539 2557 2592 2610 in
2629 2553 2972 2608 Eucharistia
3022 2568 3126 2606 non
3180 2549 3514 2615 addurtr‘one,

1944 2654 2032 2708 sed
2055 2652 2429 2706 elementorth
2468 2651 2819 2704 conversione.
2849 2676 2920 2685 —
2967 2645 3180 2713 Corpus
3229 2651 3313 2699 est
3374 2641 3516 2697 divi-

1945 2743 2101 2797 nitati
2138 2758 2265 2796 vere
2295 2742 2531 2807 unitum,
2561 2738 2706 2809 quod
2739 2752 2804 2792 ea
2830 2745 3019 2790 sancta
3058 2735 3281 2804 Virgine
3332 2743 3516 2788 ortum

1943 2837 2162 2903 habuit,
2199 2853 2312 2894 non
2353 2844 2412 2891 ut
2440 2835 2578 2892 illud
2622 2831 2771 2904 quod
2814 2834 2868 2888 in
2907 2831 3082 2887 caelos
3123 2833 3404 2900 receptum
3432 2832 3538 2886 est,

1939 2946 2148 3001 corpus
2182 2929 2526 2992 descendat;
2579 2926 2677 2983 sed
2722 2926 2852 2997 quia
2887 2923 3049 2995 panis
3094 2922 3212 2993 ipse
3263 2929 3318 2976 et
3349 2919 3537 2973 vinum

1942 3022 1997 3076 in
2041 3037 2252 3091 corpus
2299 3028 2354 3075 et
2405 3018 2734 3090 Sanguinem
2794 3015 2889 3070 Dei
2948 3021 3423 3069 transmutantur.
3481 3007 3540 3062 Si

1939 3115 2219 3187 requiras,
2276 3129 2521 3184 quonam
2559 3120 2726 3183 pacto
2779 3109 2931 3166 istud
3177 3106 3293 3169 liat,
3327 3110 3414 3160 sat
3445 3101 3541 3157 tibi

251 3207 438 3279 ἑαυτῷ
457 3210 485 3262 6
514 3207 722 3280 Κύριος
755 3207 934 3278 σάρκα
962 3208 1340 3278 ὑπεστήσατο·
1365 3206 1460 3260 καὶ
1497 3206 1659 3260 πλέον
1691 3206 1840 3261 οὐδὲν

1953 3209 2016 3265 sit
2053 3208 2271 3271 audire,
2305 3207 2412 3261 hoc
2445 3204 2562 3260 ﬁeri
2591 3221 2688 3273 per
2719 3202 2993 3272 Spiritum
3028 3207 3282 3255 sanctum
3313 3215 3328 3263 ;
3355 3209 3542 3266 quem-

247 3298 620 3370 γινώσκομεν,
650 3298 767 3352 ἀλλ’
803 3298 886 3352 ὅτι
914 3300 943 3352 6
974 3297 1136 3365 λόγος
1161 3296 1256 3350 τοῦ
1295 3296 1432 3351 Θεοῦ
1457 3296 1670 3369 ἀληθής
1699 3297 1838 3363 ἐστι,

246 3393 349 3447 καὶ
378 3392 631 3464 ἐνεργὴς.
659 3392 757 3447 καὶ
786 3388 1222 3462 παντοδὺναμος,
1253 3390 1281 3442 ό
1331 3390 1388 3443 6's
1423 3388 1625 3460 τρόπος
1677 3389 1833 3454 ἀνεξ-

246 3483 566 3556 ερεύνητος.
591 3484 666 3537 Οὐ
696 3484 878 3554 χεῖρον
895 3482 952 3536 δὲ
974 3482 1068 3536 καὶ
1092 3481 1255 3536 τοῦτο
1273 3483 1472 3547 εἰπεῖν,
1508 3481 1612 3545 δτι,
1647 3479 1839 3551 ὥσπερ

246 3575 502 3643 φυσικῶς
522 3574 614 3628 διὰ
642 3574 741 3645 τῆς
787 3573 1046 3646 βρώσεως
1081 3574 1111 3627 6
1143 3573 1334 3645 ἄρτος,
1370 3571 1466 3626 καὶ
1500 3573 1530 3626 6
1573 3568 1717 3636 οἶνος
1747 3570 1842 3626 καὶ

247 3666 315 3720 τὸ
357 3665 504 3738 ὕδωρ
553 3665 642 3720 διὰ
673 3667 774 3736 τῆς
827 3665 1040 3730 πόσεως
1087 3667 1167 3730 εἰς
1221 3664 1382 3735 σῶμα
1415 3663 1511 3718 καὶ
1553 3659 1695 3733 αἷμα
1746 3662 1840 3716 τοῦ

249 3758 532 3824 ἐσθίοντος
577 3760 674 3813 καὶ
722 3759 974 3822 πίνοντος
1021 3758 1492 3830 μεταϐάλλονται,-
1525 3757 1621 3811 καὶ
1662 3756 1725 3810 οὐ
1756 3755 1845 3824 γί-

248 3869 440 3906 νονται
465 3861 493 3889 η
523 3853 710 3924 ἕτερον
744 3853 906 3924 σῶμα
958 3853 1112 3924 παρὰ
1143 3853 1206 3906 τὸ
1234 3853 1501 3924 πρότερον
1542 3849 1710 3905 αὐτοῦ
1744 3849 1848 3904 σῶ-

249 3963 363 4017 μα·
402 3944 577 4009 οὕτως
622 3947 651 4001 6
700 3946 800 4016 τῆς
835 3945 1153 4015 προθέσεως
1343 3943 1526 4011 ἄρτος,
1563 3941 1706 4006 οῐνός
1753 3959 1841 4007 τε,

246 4039 346 4092 καὶ
381 4039 525 4108 ὕδωρ
552 4037 641 4092 διὰ
693 4039 794 4108 τῆς
822 4037 1168 4105 ἐπικλήσεως
1198 4037 1295 4092 καὶ
1325 4038 1722 4107 ὲπιφοιτήσεως
1748 4035 1842 4089 τοῦ

246 4132 412 4199 ἁγίου
455 4131 801 4202 Πνεῦματος,
843 4131 1146 4202 ὑπερφυῶς
1197 4129 1628 4201 μεταποιοῦνται
1666 4131 1745 4192 εἰς
1785 4128 1846 4181 τὸ

246 4225 416 4296 σῶμα
448 4225 544 4279 τοῦ
580 4224 819 4297 Χριστοῦ
865 4225 960 4280 καὶ
986 4224 1048 4278 τὸ
1087 4219 1248 4294 αἷμα,
1278 4223 1376 4278 καὶ
1423 4221 1528 4276 οὐκ
1583 4221 1693 4281 εἰσὶ
1726 4219 1840 4288 δύο,

242 4319 366 4374 ἀλλ’
399 4318 460 4372 ἓν
621 4318 716 4373 καὶ
741 4317 804 4371 τὸ
833 4317 988 4373 αὐτό.

1945 3299 2248 3356 admodum
2281 3309 2338 3354 et
2383 3313 2450 3353 ex
2516 3303 2712 3351 saneta
2773 3293 2870 3349 Dei
2935 3291 3222 3347 Genitiice
3275 3288 3545 3343 Dominus

1947 3391 2168 3462 sibiipsi
2211 3405 2440 3445 carnem
2485 3387 2815 3457 assumpsit,
2866 3400 2992 3456 quae
3037 3384 3092 3440 in
3141 3383 3325 3450 seipso
3359 3380 3543 3436 subsi-

1949 3492 2120 3542 steret
2156 3501 2170 3539 :
2205 3498 2308 3539 nec
2361 3483 2601 3548 amplius
2633 3480 2942 3551 quidquam
2995 3477 3158 3532 nobis
3187 3483 3542 3545 perspectum

1947 3586 2033 3634 est
2067 3587 2121 3633 et
2154 3578 2532 3648 exploratum,
2562 3588 2729 3644 quam
2789 3571 2939 3642 quod
3003 3568 3098 3624 Dei
3145 3582 3329 3623 sermo
3380 3581 3543 3622 verax

1947 3671 2255 3741 elilcaxque
2285 3677 2390 3734 est,
2427 3677 2595 3738 atque
2651 3666 2839 3722 omnia
2893 3669 3113 3734 potest;
3159 3659 3357 3716 modus
3412 3673 3546 3713 vero

1945 3761 2277 3833 investigari
2336 3773 2569 3832 prorsus
2627 3756 2822 3828 nequit
2878 3756 2922 3809 ².
2975 3753 3114 3808 Illud
3163 3765 3300 3808 vero
3357 3750 3545 3805 dicere

1948 3855 2196 3910 alienum
2231 3869 2342 3910 non
2376 3861 2484 3916 est,
2517 3849 2984 3923 quemadmodum
3015 3844 3346 3900 naturaliter
3383 3843 3543 3914 panis

1943 3963 2038 4018 per
2084 3947 2508 4010 comestionem,
2549 3944 2848 4011 vinumque
2886 3948 2963 3995 et.
2998 3953 3144 4010 aqua
3205 3951 3304 4006 per
3354 3935 3537 4005 potio-

1955 4055 2102 4106 nem,
2141 4040 2197 4094 in
2252 4053 2457 4109 corpus
2495 4045 2550 4092 et
2599 4033 2927 4105 sanguinem
2979 4028 3324 4086 comedentis
3357 4034 3412 4083 et
3459 4026 3544 4081 bi-

1954 4133 2136 4188 bentis
2168 4139 2644 4192 transmutantur,
2687 4135 2749 4181 ut
2779 4141 2882 4180 nec
2915 4137 3118 4193 corpus
3162 4122 3296 4176 [iant
3339 4118 3486 4174 aliud
3515 4133 3542 4170 a

1952 4237 2187 4294 corpore
2215 4224 2340 4293 ejus
2374 4222 2527 4292 quod
2569 4221 2728 4290 prius
2761 4216 3020 4275 exstabat
3054 4233 3070 4271 :
3099 4214 3183 4272 sic
3222 4227 3420 4283 panem
3451 4210 3546 4280 qui

1954 4305 2008 4368 in
2051 4314 2298 4384 prothesi
2330 4319 2674 4383 praeparatus
2700 4307 2829 4374 fuit,
2864 4308 3057 4362 vinum
3083 4308 3216 4362 item
3257 4311 3315 4360 et
3346 4316 3548 4374 aquam

243 4432 350 4484 per
405 4414 649 4485 Spiritus
701 4415 884 4472 sancti
930 4414 1337 4470 invocationem
1393 4418 1450 4468 et
1498 4410 1823 4473 adventum,
1879 4409 2045 4465 modo
2101 4410 2201 4479 qui
2273 4418 2487 4464 natura:
2529 4406 2736 4460 viribus
2805 4411 2861 4459 et
2904 4402 3222 4457 conditione
3261 4397 3550 4454 sublimior

242 4515 358 4568 est,
393 4509 450 4563 in
486 4509 698 4565 Christi
756 4523 966 4581 corpus
1009 4512 1066 4563 et
1101 4509 1428 4576 sanguinem
1477 4504 1750 4567 converti,
1796 4513 1857 4559 ut
1894 4517 2244 4576 nequaquam
2273 4505 2382 4558 duo
2403 4501 2538 4563 sint,
2566 4499 2663 4553 sed
2703 4511 2870 4581 unum
2938 4505 2992 4550 et
3055 4494 3224 4548 idem.

221 4621 229 4668 ξ
328 4599 543 4656 Γίνεται
575 4599 760 4653 τοίνυν
795 4604 907 4659 τοῖς
951 4594 1134 4647 πίστει
1171 4591 1342 4659 ἀξίως
1395 4587 1845 4661 μεταλαμϐάνον·
1895 4593 1936 4645 ι)

253 4711 370 4756 σιν,
409 4695 492 4755 εἰς
513 4691 712 4761 ἄφεσιν
741 4686 1053 4760 ἁμαρτιῶν,
1084 4685 1180 4738 xa‘t
1207 4685 1288 4747 εἰς
1316 4682 1462 4753 ζωὴν
1488 4679 1726 4742 αἰώνιον,
1755 4682 1851 4735 καὶ

253 4786 340 4848 εἰς
372 4785 749 4854 φυλακτήριον
776 4780 958 4851 ψυχῆς
991 4797 1054 4832 τε
1083 4778 1178 4832 καὶ
1213 4777 1469 4847 σώματος
1506 4793 1521 4807 ·
1558 4777 1672 4838 τοῖς
1696 4775 1753 4827 δὲ
1792 4775 1850 4826 ὲν

255 4875 494 4946 ἀπιστίᾳ
517 4875 753 4939 ἀναξίως
784 4871 1129 4943 μετέχουσιν,
1155 4870 1236 4932 εἰς
1265 4867 1492 4922 κόλασιν
1540 4867 1634 4920 καὶ
1676 4883 1852 4936 τιμω-

261 4969 408 5040 ρίαν,
436 4968 690 5038 καθάπερ
722 4967 820 5019 καὶ
851 4965 880 5017 6
901 4963 998 5017 τοῦ
1030 4962 1239 5032 Κυρίου
1269 4961 1524 5024 θάνατος,
1579 4961 1692 5020 τοῖς
1753 4957 1852 5027 μὲν

258 5060 591 5114 πιστεύουσι
622 5059 817 5129 γέγονε
841 5056 958 5128 ζωὴ
981 5057 1076 5110 καὶ
1101 5052 1382 5124 ἀφθαρσία
1417 5053 1498 5116 εἰς
1549 5050 1852 5106 ἀπόλαυσιν

256 5155 363 5223 τῆς
397 5151 621 5206 αἰωνίου
657 5150 1067 5223 μακαριότητος
1093 5163 1104 5176 ·
1135 5148 1248 5204 τοῖς
1289 5144 1347 5197 δὲ
1406 5142 1710 5205 ἀπειθοῦσι,
1758 5139 1854 5193 καὶ

258 5249 378 5310 τοῖς
423 5244 817 5316 κυριοκτόνοις,
868 5244 950 5308 είς
995 5242 1218 5296 κόλασιν
1261 5238 1356 5293 καὶ
1401 5236 1674 5307 τιμωρίαν
1721 5229 1854 5288 αἰώ-

259 5354 400 5392 νιον.

340 5429 459 5482 Οὐκ
509 5426 625 5481 ἔστι
747 5424 922 5487 τύπος
1117 5423 1144 5475 6
1191 5421 1355 5493 ἄρτος
1387 5419 1482 5474 καὶ
1509 5420 1538 5471 6
1574 5414 1717 5481 οἶνος
1760 5415 1855 5470 τοῦ

265 5523 521 5591 σώματος
577 5520 672 5574 καὶ
711 5518 946 5587 αἵματος
994 5514 1086 5568 τοῦ
1133 5513 1374 5586 Χριστοῦ
1431 5511 1532 5584 (μὴ
1591 5510 1849 5578 γένοιτο),

267 5614 386 5669 ἀλλ’
417 5613 549 5666 αὐτὸ
580 5612 642 5664 τὸ
688 5612 849 5681 σῶμα
892 5608 989 5662 τοῦ
1031 5607 1240 5677 Κυρίου
1285 5604 1649 5675 τεθεωμένον,
1689 5603 1855 5658 αὐτοῦ

271 5705 365 5759 τοῦ
398 5703 603 5774 Κυρίου
627 5701 917 5764 εἰπόντος’
974 5697 1158 5754 Τοῦτό
1209 5697 1326 5769 μού
1379 5697 1532 5762 ἐστι,
1581 5697 1642 5749 οὐ
1684 5681 1869 5757 τύπος

387 5919 563 5977 ’Luc.
606 5940 644 5991 ι,
683 5921 771 5980 55.
848 5924 866 5956 ³
901 5921 1035 5980 ibid.
1062 5922 1155 5980 56.

2230 4582 2503 4649 Quocirca
2543 4582 2655 4638 illis
2707 4580 2804 4647 qui
2841 4597 2967 4637 cum
3003 4581 3110 4636 llde
3155 4581 3322 4651 digne
3363 4580 3548 4636 susei-

1965 4676 2152 4746 piunt,
2186 4674 2246 4730 in
2277 4674 2658 4730 remissionem
2690 4679 3068 4742 peccatorum,
3099 4678 3155 4726 et
3181 4671 3350 4724 vitam
3387 4678 3552 4724 aeter-

1966 4781 2091 4821 nam
2122 4766 2289 4832 cedit,
2318 4779 2536 4821 necnon
2561 4763 2764 4818 animae
2795 4761 3162 4832 corporisque
3208 4760 3551 4831 praesidium;

1968 4859 2079 4915 illis
2117 4868 2308 4912 contra
2344 4857 2437 4926 qui
2491 4857 2543 4910 in
2592 4855 2986 4911 incredulitate
3030 4854 3253 4923 indigne
3299 4863 3550 4916 sumunt,

1967 4952 2023 5006 in
2076 4965 2294 5021 pmnam
2328 4956 2382 5005 et
2422 4949 2757 5019 supplicium
2791 4966 2806 5003 :
2865 4947 3013 5001 haud
3053 4961 3219 5002 secus
3245 4955 3414 5018 atque
3449 4945 3556 4999 Du-

1970 5043 2106 5096 mini
2139 5055 2314 5107 mors,
2370 5039 2730 5096 credentibus
2776 5037 3004 5108 quidem
3050 5038 3166 5092 vita
3197 5044 3254 5092 et
3295 5038 3554 5091 incorru-

1969 5134 2084 5205 ptio
2114 5141 2220 5196 est,
2251 5132 2321 5187 ad
2369 5142 2589 5188 aeterna:
2639 5131 2922 5188 felicitatis
2953 5131 3433 5194 consecutionem;
3465 5128 3553 5182 in-

1969 5224 2215 5279 credulis
2266 5238 2395 5278 vero
2437 5232 2491 5278 et
2538 5223 2608 5279 iis
2645 5223 2738 5292 qui
2784 5212 3081 5278 Deminum
3131 5221 3553 5285 interfecerunt,

1971 5317 2038 5372 ad
2072 5331 2293 5387 paenam
2322 5327 2384 5371 et-
2405 5315 2704 5372 vindictam
2745 5315 3163 5384 sempiternam.

2045 5408 2251 5465 Christi
2306 5426 2484 5464 verum
2539 5424 2754 5478 corpus,
2809 5423 2918 5462 non
2964 5404 3379 5477 βροτω-Ἦρξε
3424 5419 3560 5458 vero

1973 5503 2134 5572 panis
2167 5510 2224 5558 et
2271 5502 2484 5568 vinum,
2524 5501 2733 5556 Christi
2782 5500 3038 5569 corporis
3085 5505 3140 5554 et
3176 5497 3466 5568 sanguinis
3499 5495 3559 5550 ﬁ-

1975 5610 2109 5665 gura
2143 5604 2274 5651 sunt
2306 5596 2471 5665 (absit
2496 5598 2557 5659 ι),
2587 5593 2685 5651 sed
2733 5594 2912 5665 ipsum
2947 5591 3160 5646 Domini
3203 5605 3409 5659 corpus
3446 5590 3560 5643 dei-

1976 5697 2086 5745 tate
2118 5689 2365 5745 dotatum
2387 5707 2406 5757 ;
2427 5704 2553 5743 cum
2580 5688 2698 5758 ipse
2725 5686 2996 5742 Dominus
3028 5682 3237 5740 dixerit
3263 5700 3277 5738 :
3307 5681 3423 5735 Hoc
3457 5691 3557 5745 est,
