3960 6582
460 377 591 441 i271

1683 374 2066 439 ΕΠΤΠΥΜΠ
2102 376 2461 441 ZlGABENI

3570 378 3707 445 me

455 526 787 598 nonllgura
830 527 1106 599 corporis.
1162 526 1263 585 sed
1291 542 1478 595 corpus
1512 539 1708 591 meum,
1762 538 1948 594 neque
1973 523 2055 579 ιι-,

2136 523 2215 585 ποῦ
2250 524 2523 597 σώματος,
2549 524 2687 582 ἀλλά
2712 528 2779 583 τὸ
2808 526 2980 597 σῶμα
3006 547 3027 566 ο
3061 529 3159 584 καὶ
3176 528 3244 583 οὐ
3274 527 3449 593 τύπος
3467 530 3568 583 τοῦ
3612 532 3702 583 αῖ-

453 632 592 687 gura
632 618 945 688 sanguinis,
979 619 1073 677 sed
1101 621 1317 688 sanguis
1348 635 1513 673 meus.
1547 617 1610 671 Et
1638 625 1799 673 antea
1827 614 2039 673 Iudaeis

455 709 671 764 dixerat
700 727 715 764 :
749 707 875 763 Nisi
918 708 1359 763 manducaveritis
1384 724 1596 763 carnem
1625 706 1756 761 Filii
1783 706 2031 772 hominis,

454 810 505 855 ct
537 800 777 855 biberitis
812 801 929 870 ejus
962 802 1299 871 sanguinem,
1337 818 1439 855 non
1486 800 1747 854 habebitis
1793 800 1954 853 vitam
1982 799 2036 851 in

454 890 619 947 vobis.
653 890 794 945 Caro
843 892 981 946 enim
1034 908 1150 947 mea
1189 908 1337 946 verus
1389 902 1463 947 est
1507 892 1680 955 cibus,
1721 898 1770 943 et
1814 890 2035 957 sanguis

455 1002 625 1053 utens,
662 1002 812 1042 uerus
843 998 923 1042 est
957 996 1135 1056 potus.
1186 987 1253 1043 Et
1287 1002 1510 1044 rursum
1547 1004 1559 1039 :
1593 984 1698 1052 Qui
1747 981 2034 1039 manducet

456 1095 556 1146 me,
586 1079 715 1135 uiuet
768 1082 802 1138 ⁸.

530 1235 681 1292 Ritus
738 1236 905 1293 dandi
955 1235 1353 1292 Eucharistiam
1402 1235 1457 1289 in
1509 1232 1777 1288 manibus.
1797 1225 2039 1295 —-'Qua-

455 1337 682 1399 propter
741 1343 867 1384 cum
918 1328 1072 1385 omni
1128 1328 1325 1381 timore
1373 1336 1429 1381 et
1478 1322 1821 1380 conscientia
1878 1332 2035 1393 pura,

456 1421 670 1491 ﬁdeque
704 1435 812 1476 non
843 1419 1009 1475 dubia
1041 1420 1371 1475 accedamus
1400 1435 1413 1473 :
1447 1426 1503 1472 et
1545 1416 1651 1472 erit
1679 1414 1905 1469 omnino
1938 1426 2030 1466 no-

457 1510 544 1567 bis
580 1511 727 1566 sicut
752 1509 1052 1575 credimus,
1093 1508 1227 1563 nihil
1272 1506 1613 1562 haesitantes.
1655 1502 1836 1575 ipsum
1874 1514 2035 1572 porro

457 1602 609 1659 omni
650 1602 816 1657 animi
859 1608 912 1657 et
945 1600 1202 1672 corporis
1263 1599 1502 1670 puritate
1535 1609 1897 1652 veneremur:
1933 1592 2037 1646 du-

458 1695 580 1764 plex
614 1693 758 1748 enim
788 1701 891 1750 est.
927 1692 1273 1748 Accedamus
1305 1689 1372 1745 ad
1403 1705 1531 1745 eum
1571 1688 1786 1743 ardenti
1816 1684 2039 1740 deside-

458 1787 568 1851 rio,
598 1785 1029 1855 compositisque
1075 1783 1131 1838 in
1169 1782 1355 1837 crucis
1412 1780 1645 1836 formam
1682 1775 1937 1833 manibus

459 1877 714 1935 cruciﬁxi
747 1891 952 1947 corpus
1003 1874 1403 1945 suscipiamus,
1439 1873 1654 1938 oculos,
1687 1868 1855 1933 labia,
1893 1865 2041 1921 l‘ron-

457 1980 566 2027 tem
597 1970 945 2039 adhibentes,
997 1970 1250 2025 divinum
1284 1968 1581 2024 carbonem
1632 1977 1938 2026 sumamus,
1978 1969 2039 2014 ut

454 2063 717 2121 desiderii
779 2064 956 2120 nostri
1003 2064 1166 2136 ignis,
1221 2071 1447 2132 accepto
1510 2058 1772 2115 carbonis
1818 2055 2036 2117 ardore,

454 2164 681 2228 peccata
716 2166 905 2214 nostra
942 2158 1261 2221 comburat,
1305 2165 1360 2212 et
1406 2152 1576 2208 corda
1612 2150 1910 2212 illuminet,
1950 2146 2037 2201 di-

453 2248 681 2319 vinique
733 2250 874 2305 adeo
935 2250 1079 2319 ignis
1110 2246 1448 2303 commercio
1492 2241 1942 2303 inardescamus,
1983 2244 2039 2291 et

454 2344 512 2399 in
594 2341 728 2397 deos
786 2341 1112 2398 evadamus.
1187 2338 1495 2395 Carbonem
1549 2334 1688 2390 vidit
1734 2332 1907 2388 Isaias
1950 2332 1969 2362 '
2019 2348 2034 2385 :

454 2436 626 2493 carbo
654 2450 762 2489 non
812 2442 896 2488 est
930 2434 1165 2503 simplex
1218 2432 1456 2502 lignum,
1499 2429 1593 2485 sed
1643 2427 1753 2499 igni
1785 2425 2035 2488 unitum;

454 2527 537 2584 sic
586 2540 808 2597 quoque
1054 2524 1213 2594 panis
1250 2521 1681 2583 communionis,
1736 2533 1847 2572 non
1898 2516 2037 2572 sim-

453 2620 581 2692 plex
612 2626 701 2676 est
739 2617 921 2689 panis,
957 2616 1055 2675 sed
1094 2614 1376 2673 divinitati
1430 2614 1636 2669 unitus.
1680 2610 1901 2683 Corpus
1941 2624 2040 2664 au-

454 2722 565 2769 tem
617 2715 637 2747 ³
674 2710 819 2782 quod
861 2708 1139 2765 divinitati
1196 2707 1555 2779 coniunctum
1613 2710 1719 2769 est,
1780 2717 1893 2758 non
1926 2714 2038 2755 una

456 2810 657 2860 natura
691 2809 812 2869 est;
851 2800 947 2856 sed
996 2815 1104 2855 una
1145 2800 1367 2871 quidem
1408 2805 1493 2853 est
1525 2794 1800 2867 corporis,
1837 2793 2036 2858 altera,

455 2896 775 2965 conjunctae
807 2910 932 2950 cum
970 2894 1092 2966 ipso
1125 2892 1459 2949 divinitatis.
1492 2889 1613 2957 Quo
1646 2888 1705 2944 tit
1741 2895 1800 2943 ut
1831 2894 2041 2942 utrum-

456 3005 565 3061 que
596 3004 707 3045 non
738 2990 812 3045 sit
840 3003 947 3043 una
979 2994 1195 3052 natura,
1236 2983 1331 3041 sed
1358 2984 1496 3039 duae.

530 3128 887 3183 Eucharistiw
922 3124 1616 3198 ﬁgura.-Abrahamum
1661 3135 1729 3176 ex
1776 3116 2101 3200 alienige-c

456 3233 658 3274 narum
706 3226 893 3288 strage
942 3227 1332 3281 revertentem,
1385 3215 1658 3271 Altissimi
1708 3213 1804 3268 Dei
1846 3225 2039 3268 sacer-

456 3311 563 3365 dos
615 3308 1027 3365 Melchisedech
1083 3309 1301 3378 excepit
1357 3310 1398 3362 δ.
1434 3307 1621 3363 Mensa
1651 3306 1743 3360 illa
1788 3316 2038 3360 mensam

459 3404 610 3458 hanc
664 3402 954 3472 mysticam
1003 3400 1411 3471 praesignabat;
1453 3396 1917 3469 quemadmodum
1953 3409 2042 3449 sa-

456 3496 655 3552 cerdos
686 3495 780 3550 ille
807 3495 923 3551 veri
976 3493 1279 3550 sacerdotis
1307 3491 1515 3547 Christi
1559 3492 1790 3567 ﬁguram
1821 3497 1875 3543 et
1906 3488 2044 3543 inia-

460 3586 646 3656 ginem
680 3585 947 3655 gerebat“
978 3627 990 3640 .
1013 3586 1103 3639 Ait
1135 3585 1278 3640 enim
1310 3600 1324 3637 :
1359 3582 1438 3637 Tu
1461 3599 1515 3637 cs
1542 3579 1793 3636 sacerdos
1818 3580 1874 3633 in
1888 3589 2041 3634 teter-

461 3690 591 3729 mtm
642 3675 932 3732 secundum
986 3674 1228 3730 ordinem
1283 3671 1671 3728 Melchisedech
1759 3669 1799 3724 '.
1836 3668 2039 3724 Panem

463 3766 632 3833 hunc,
666 3766 1069 3837 propositionis
1117 3781 1290 3836 panes
1340 3763 1765 3820 adumbrabant.
1796 3759 1914 3815 lloc
1946 3774 2045 3830 pu-

462 3873 587 3915 rum
618 3859 752 3914 illud
783 3869 838 3915 et
870 3860 1224 3914 incruentum
1262 3850 1607 3914 sacrificium,
1643 3863 1750 3921 est,
1789 3854 1939 3926 quod
1973 3852 2045 3908 ab

455 3963 590 4013 ortu
621 3955 757 4011 solis
800 3968 979 4025 usque
1007 3952 1076 4008 ad
1109 3967 1369 4009 occasum
1412 3954 1518 4010 sibi
1558 3953 1806 4009 oblatum
1841 3954 1907 4008 iri
1940 3952 2039 4007 Do-

456 4050 645 4105 minus
676 4062 772 4117 per
804 4048 1128 4115 prophetam
1165 4043 1305 4099 dixit
1354 4043 1396 4099 '.

531 4137 892 4192 Eucharistire
944 4136 1172 4206 fructus.
1194 4164 1267 4179 -—
1287 4135 1503 4207 Corpus
1540 4142 1597 4193 et
1626 4134 1857 4206 sanguis
1879 4132 2037 4189 Chri-

458 4231 531 4286 sti
562 4237 675 4294 est,
704 4230 757 4285 in
793 4229 992 4296 nostri,
1029 4236 1147 4284 tum
1195 4229 1388 4295 animi,
1423 4236 1538 4284 tum
1590 4229 1847 4300 corporis
1879 4242 2043 4299 vege-

457 4320 727 4375 tationem
761 4318 992 4385 cedens,
1034 4318 1185 4391 quod
1218 4334 1323 4375 nec
1364 4329 1746 4385 consumatur,
1793 4334 1896 4375 nec
1924 4333 2044 4373 cor-

2122 635 2312 691 ματος,
2338 618 2476 674 ἀλλά
2499 620 2568 674 τὸ
2579 614 2744 689 αἷμα.
2764 620 2879 674 Καὶ
2902 618 3012 691 πρὸ
3029 620 3221 673 τούτου
3248 623 3360 683 τοῖς
3398 622 3699 686 Ἰουδαίοις,

2118 710 2201 766 δτι
2228 707 2467 780 Ἐὰνμὴ
2497 710 2731 779 φάγητε
2757 709 2876 779 τὴν
2899 709 3097 780 σάρκα
3128 710 3234 765 τοῦ
3272 712 3412 765 Υιοῦ
3449 712 3563 765 τοῦ
3598 713 3706 765 ἁν-

2118 801 2379 871 θρώπου,
2404 802 2505 857 καί
2523 804 2698 871 πίητε
2719 802 2907 859 αὐτοῦ
2928 804 2995 857 τὸ
3022 798 3186 873 αἷμα,
3213 804 3326 857 οὐκ
3353 803 3529 873 ἔχετε
3548 802 3704 871 ζωὴν

2118 894 2190 950 ἄν
2212 894 2470 960 ἑαυτοῖς.
2497 892 2565 951 Ἠ
2579 895 2690 965 γὰρ
2719 893 2878 963 σάρξ
2886 910 3007 963 μου
3032 892 3270 961 ἀληθής
3294 893 3426 947 ἐστι
3445 893 3699 961 βρῶσις,

2120 988 2219 1041 καὶ
2244 988 2307 1042 τὸ
2324 982 2469 1057 αἷμά
2491 1004 2611 1056 μου
2639 986 2875 1055 ἀληθής
2895 986 3027 1041 ἐστι
3048 986 3252 1053 πόσις.
3272 987 3384 1040 Καὶ
3406 985 3575 1040 πάλιν
3592 1000 3608 1015 ⁸
3643 986 3702 1039 '0

2123 1077 2359 1148 τρώγων
2376 1095 2473 1148 με,
2505 1077 2764 1145 ζήσεται.

2190 1238 2283 1294 Διὸ
2306 1238 2446 1311 μετά
2473 1238 2677 1303 παντὸς
2702 1237 2871 1309 φόϐου
2903 1236 2996 1292 καὶ
3027 1236 3391 1309 συνειδήσεως
3432 1238 3702 1308 καθαρᾶς,

2114 1332 2218 1393 καὶ
2236 1331 2563 1386 ἀδιστάκτου
2589 1330 2831 1394 πίστεως
2882 1328 3297 1401 προσέλθωμεν,
3336 1330 3434 1382 καὶ
3488 1329 3705 1393 πάντως

2124 1424 2276 1479 ἔσται
2307 1426 2462 1495 ἡμῖν,
2492 1421 2676 1487 καθὼς
2705 1421 3059 1493 πιστεύομεν,
3096 1422 3172 1493 μὴ
3194 1420 3572 1485 διστάζοντες.
3614 1422 3704 1473 Τι-

2127 1518 2389 1589 μήσωμεν
2421 1516 2479 1570 δὲ
2499 1515 2633 1571 αὐτὸ
2659 1514 2811 1587 πάσῃ
2851 1512 3210 1585 καθαρότητι,
3254 1512 3462 1583 ψυχικῇ
3501 1528 3562 1564 τε
3616 1513 3705 1565 καὶ

2127 1608 2413 1678 σωματικῇ
2445 1621 2457 1634 ·
2487 1604 2713 1660 διπλοῦν
2766 1605 2878 1677 γάρ
2927 1606 3068 1659 ἐστι.
3116 1602 3516 1675 Προσέλθωμεν
3560 1601 3707 1670 αὐτῷ

2125 1696 2274 1768 πόθῳ
2312 1698 2546 1761 διακαεῖ,
2579 1696 2675 1749 καὶ
2704 1694 3071 1767 σταυροειδῶς
3089 1695 3190 1757 τὰς
3220 1692 3485 1763 παλάμας
3527 1690 3707 1744 τυπώ.

2020 1815 2035 1841 ν
2063 1835 2098 1859 η
2126 1806 2339 1853 σαντες,
2378 1788 2475 1843 τοῦ
2495 1787 2917 1859 ἐσταυρωμένον.)
2968 1788 3030 1842 τὺ
3074 1786 3236 1857 σῶμα
3273 1784 3669 1854 ὑποδΞΞώμ-εθα
3689 1801 3703 1815 ·

2125 1881 2221 1935 καὶ
2253 1881 2534 1946 ἐπιθέντες
2580 1882 2917 1953 ὀφθαλμοὺς.
2955 1881 3051 1934 καὶ
3078 1881 3257 1952 χείλη,
3305 1880 3401 1932 κοιλ⁵
3456 1879 3704 1949 μέτωπα,

2123 1972 2219 2027 τοῦ
2248 1973 2394 2027 θείου
2427 1973 2700 2045 ἄνθρακος
2733 1973 3148 2044 μεταλάϐωμεν,
3190 1973 3278 2027 ἴνα
3302 1971 3363 2024 τὸ
3394 1971 3509 2042 πῦρ
3536 1969 3631 2022 τοῦ
3651 1970 3705 2019 ἐν

2125 2065 2257 2138 ἡμῖν
2283 2064 2449 2118 πόθου
2480 2063 2788 2136 προσλαϐὸν
2808 2064 2905 2135 τὴν
2927 2065 2992 2117 ὲκ
3012 2063 3105 2117 τοῦ
3136 2063 3409 2133 ἄνθρακος
3441 2060 3703 2130 πύρωσιν,

2124 2154 2438 2229 καταφλέξῃ
2471 2157 2629 2229 ἡμῶν
2667 2157 2767 2222 τὰς
2828 2158 3123 2229 ἁμαρτίας,
3164 2158 3260 2211 καὶ
3293 2156 3511 2226 φωτίσῃ
3556 2154 3705 2225 ἡμῶν

2122 2246 2224 2311 τὰς
2260 2247 2508 2319 καρδίας,
2537 2249 2635 2303 καὶ
2660 2251 2727 2319 τῇ
2763 2248 3029 2319 μετουσίᾳ
3050 2248 3144 2302 τοῦ
3195 2248 3339 2302 θείου
3390 2246 3569 2317 πυρὸς
3614 2263 3705 2298 πυο

2126 2336 2394 2410 ρωθῶμεν
2430 2341 2527 2393 καὶ
2556 2339 2876 2411 θεωθῶμεν.
2902 2340 3188 2411 Ἀνθρακα
3225 2335 3365 2394 εἶδεν
3424 2339 3657 2403 Ἡσαΐας
3698 2358 3703 2363 ·

2122 2428 2329 2503 ἄνθραξ
2360 2431 2421 2511 δε
2449 2431 2606 2499 ξύλον
2644 2431 2790 2487 λιτὸν
2807 2434 2906 2487 οὐκ
2932 2432 3106 2498 ἔστιν,
3138 2432 3252 2487 ἀλλ’
3290 2431 3577 2504 ἡνωμένον
3606 2447 3715 2483 πυ-

2126 2522 2182 2595 ρί
2217 2539 2232 2555 ο
2262 2522 2409 2578 οῦτω
2432 2524 2527 2578 καὶ
2558 2526 2586 2579 ὁ
2616 2525 2782 2597 ἄρτος
2815 2527 2916 2597 τῆς
2946 2526 3232 2590 κοινωνίας
3265 2567 3283 2594 ,
3466 2523 3573 2578 οὐκ
3612 2524 3706 2591 ἅρ-

2123 2631 2217 2681 τος
2259 2614 2407 2682 λιτός
2451 2619 2623 2686 ἐστιν,
2656 2620 2775 2674 ἀλλ’
2818 2620 3099 2692 ἡνωμένος
3156 2619 3374 2690 θεότητι
3402 2634 3416 2648 ·
3457 2618 3622 2688 σῶμα
3655 2617 3708 2671 δὲ

2126 2708 2405 2780 ἡνωμένον
2459 2710 2699 2784 θεότητι,
2760 2713 2823 2767 ού
2859 2712 2960 2784 μία
2994 2712 3157 2783 φύσις
3201 2713 3373 2776 ἐστὶν,
3426 2711 3569 2766 ἀλλὰ
3618 2710 3708 2780 μία

2130 2801 2229 2873 μὲν
2264 2803 2358 2857 τοῦ
2391 2802 2665 2876 σώματος,
2683 2804 2786 2880 τῆς
2816 2804 2873 2859 δὲ
2894 2804 3185 2876 ἠνωμένης
3239 2802 3387 2873 αύτῷ
3437 2801 3705 2873 θεότητος,

2126 2892 2321 2963 ἑτέραο
2354 2895 2497 2950 ὥστε
2521 2896 2582 2951 τὸ
2606 2898 3046 2970 συναμφότερον,
3096 2898 3158 2951 ού
3206 2896 3302 2968 μία
3344 2895 3532 2965 φύσις,
3582 2894 3709 2949 ἀλλὰ

2023 3042 2030 3050 ,
2124 2984 2237 3040 δύο.

2202 3124 2269 3177 ’Δ
2278 3141 2390 3196 ρτῳ
2400 3125 2495 3179 καὶ
2507 3127 2638 3196 οτνῳ
2658 3124 2929 3191 ἐδεξιοῦτο
2958 3125 3301 3197 Μελχισέδεκ
3316 3124 3408 3179 τὸν
3438 3123 3708 3197 ’Δϐραάμη

2130 3216 2197 3270 ὲκ
2232 3217 2333 3287 τῆς
2359 3217 2469 3270 τῶν
2496 3218 2815 3287 ἀλλοφύλων
2844 3218 3025 3289 κοπῆς
3079 3217 3513 3288 ὑποστρέφοντα,
3574 3218 3603 3269 δ
3638 3217 3709 3268 ἱε-

2133 3306 2261 3380 ρεὺς
2286 3306 2381 3361 τοῦ
2412 3306 2548 3361 Θεοῦ
2575 3307 2668 3362 τοῦ
2710 3308 2996 3378 ’Υψίστουο
3029 3308 3214 3379 ἐκείνη
3246 3309 3279 3378 ἡ
3309 3307 3565 3380 τράπεζα
3588 3306 3710 3360 ταύ-

2129 3416 2230 3471 την
2257 3400 2356 3471 τὴν
2391 3401 2662 3470 μυστικὴν
2693 3401 3042 3473 προεικόνιζε
3063 3401 3370 3474 τράπεζαν,
3404 3400 3464 3453 δν
3513 3400 3710 3474 τρόπον

2130 3492 2341 3556 ἐκεῖνος
2376 3494 2406 3546 ὁ
2431 3493 2633 3565 ἱερεὺς,
2662 3494 2758 3548 τοῦ
2813 3495 3072 3566 ἀληθινοῦ
3132 3494 3440 3565 ἀρχιερέως
3477 3489 3712 3563 Χριστοῦ

2128 3582 2301 3649 τύπος
2322 3580 2391 3657 ἦν
2425 3586 2521 3640 καὶ
2555 3587 2843 3659 είκόνισμα
2864 3603 2878 3618 ·
2907 3587 2991 3643 Σὺ
3023 3586 3155 3659 γὰρ,
3182 3587 3372 3657 φησὶν,
3426 3586 3483 3640 εἴ
3527 3585 3713 3653 ἱερεὺς

2129 3675 2220 3742 είς
2247 3676 2357 3729 τὸν
2379 3676 2567 3731 αἰῶνα
2598 3678 2750 3734 κατὰ
2774 3677 2891 3747 τὴν
2939 3678 3117 3744 τάξιν
3153 3676 3555 3747 Μελχισέδεκ.
3582 3673 3713 3729 Τοῦ-

2131 3782 2224 3821 τον
2256 3766 2350 3821 τὸν
2379 3768 2545 3840 ἄρτον
2567 3773 2615 3825 οἱ
2645 3772 2801 3844 ἄρτοι
2845 3773 3112 3837 εἰκόνιζον
3232 3773 3333 3842 τῆς
3385 3772 3713 3845 προθέσεως.

2134 3856 2282 3930 Αὕτη
2316 3862 2467 3916 ἐστὶν
2496 3865 2529 3933 ἡ
2559 3863 2777 3935 καθαρά
2822 3864 3006 3929 θυσία,
3072 3864 3276 3935 δηλαδὴ
3335 3866 3433 3919 καὶ
3484 3866 3717 3931 ἀναίμα-

2142 3969 2291 4017 κτος,
2316 3954 2380 4023 ἢν
2407 3952 2515 4006 ἀπὸ
2559 3952 2835 4007 ἀνατολῶν
2892 3953 3049 4025 ἡλίου
3102 3954 3262 4024 μέχρι
3302 3952 3528 4024 δυσμῶν
3578 3953 3720 4023 αὐτῷ

2144 4045 2556 4117 προσφέρεσθαι
2582 4045 2672 4099 διὰ
2691 4046 2786 4100 τοῦ
2828 4047 3110 4119 προφήτου
3137 4049 3166 4100 ὁ
3203 4045 3407 4119 Κύριος
3542 4044 3722 4114 ἔφησε.

2218 4134 2389 4204 Σῶμά
2405 4136 2523 4188 ἐστι
2540 4135 2638 4189 καὶ
2659 4129 2798 4206 αἷμα
2826 4136 2940 4206 (86)
2966 4134 3207 4207 Χριστοῦ
3239 4136 3316 4198 είς,
3347 4133 3609 4187 σύστασιν
3628 4134 3724 4203 τῆς

2141 4226 2419 4298 ἡμετέρας
2447 4225 2627 4297 ψυχῆς
2648 4244 2709 4279 τε
2731 4227 2826 4281 καὶ
2845 4228 3103 4297 σώματος
3132 4226 3366 4298 χωροῦν,
3401 4224 3725 4280 ούδαπανώο

2150 4335 2335 4389 μενον,
2358 4318 2420 4371 οὐ
2440 4317 2821 4389 φθειρόμενον,
2847 4318 2949 4375 ούκ
2974 4319 3055 4382 είς
3079 4317 3368 4390 ἀφεδρῶνα
3389 4316 3604 4388 χωροῦν
3629 4316 3726 4387 (μὴ

457 4419 773 4483 rumpatur,
809 4426 911 4467 nec
954 4411 1013 4466 in
1054 4426 1335 4467 secessum
1370 4410 1536 4465 vadat
1570 4410 1738 4482 (absit
1760 4411 1823 4478 l),
1855 4410 1953 4466 sed
1986 4410 2041 4465 in

2142 4411 2405 4481 γένοιτο),
2435 4410 2553 4464 ἀλλ’
2587 4412 2667 4475 είς
2692 4411 2793 4483 τὴν
2820 4410 2980 4482 ἡμῶν
3006 4411 3199 4466 οὐσίαν
3228 4412 3327 4466 καὶ
3369 4411 3726 4482 συντήρησιν,

456 4505 827 4560 substantiam
891 4514 1138 4561 nostram
1188 4512 1245 4560 et
1299 4502 1804 4567 conservationem,
1863 4502 2044 4558 omni-

457 4611 609 4666 geuai
653 4596 797 4654 labis
849 4598 1352 4668 propulsationem,
1414 4596 1709 4667 omnisque
1754 4595 2043 4663 spurcitiei

455 4685 855 4753 detersionem,
892 4695 952 4742 ut
992 4688 1038 4742 si
1086 4687 1453 4743 adulteratum
1503 4701 1699 4742 aurum
1732 4685 2044 4757 deprehen-

458 4780 575 4844 dat,
608 4795 708 4851 per
734 4781 1118 4852 explorantem
1159 4781 1353 4852 judicii
1379 4779 1867 4835 inﬂammationem
1908 4777 2044 4832 illud

459 4879 677 4943 purget,
744 4889 814 4929 ne
868 4873 927 4928 in
978 4872 1168 4927 futuro
1224 4872 1431 4929 saeculo
1489 4888 1617 4928 cum
1678 4872 1785 4927 hoc
1836 4870 2045 4926 mundo

458 4961 809 5016 dam-nemur.
858 4960 1068 5018 Morbis
1115 4962 1286 5027 enim,
1322 4961 1749 5031 omniiariisque
1778 4960 2045 5017 immissis

458 5051 875 5107 calamitatibus
921 5062 1213 5122 expurgat,
1265 5052 1425 5120 juxta
1483 5068 1549 5108 ac
1580 5052 2041 5123 Apostolusait':

461 5144 524 5201 Si
551 5145 694 5201 enim
720 5145 1068 5213 nosmetipsos
1104 5143 1548 5214 diiudicaremus,
1601 5160 1706 5200 non
1755 5145 1933 5215 utique
1951 5143 2048 5215 ju-

459 5239 786 5292 dicarcmur.
824 5236 960 5293 Cum
980 5235 1298 5307 judicamur
1340 5246 1516 5291 autem
1550 5254 1584 5291 α
1616 5236 1844 5292 Domino
1873 5237 2044 5291 corri-

458 5331 654 5398 pimnr,
680 5338 738 5384 ut
765 5346 868 5387 non
885 5346 1007 5384 sum
1033 5330 1131 5384 hoc
1160 5330 1356 5383 mundo
1372 5327 1708 5383 damnentur.
1739 5328 1918 5399 Atque
1939 5328 2047 5383 hoc

460 5423 726 5493 estquod
773 5422 947 5479 dicit:
986 5422 1092 5488 Qui
1116 5424 1257 5477 enim
1282 5424 1443 5475 sumit
1492 5420 1706 5492 indigne
1762 5436 1950 5489 corpus
1997 5431 2047 5476 et

461 5512 773 5582 sanguinem
818 5509 1062 5576 Domini,
1082 5510 1350 5579 judicium
1392 5510 1495 5565 sibi
1553 5510 1840 5563 manducat
1874 5518 1926 5563 et
1972 5510 2049 5563 bi-

464 5604 537 5658 bit
589 5604 630 5658 ’.
673 5604 777 5657 Per
811 5604 945 5657 illud
975 5617 1104 5657 vero
1131 5602 1375 5673 purgati,
1402 5616 1525 5657 cum
1558 5600 1775 5656 Domini
1810 5616 2048 5673 corpore

464 5694 663 5766 spiritu
705 5695 881 5765 ipsius
915 5694 1160 5756 unimur,
1193 5701 1247 5747 et
1273 5692 1482 5748 Christi
1506 5707 1713 5763 corpus
1760 5692 2049 5749 efﬁcimur.

540 5800 559 5831 ‘
589 5801 747 5857 Joan.
776 5816 855 5869 vi,
888 5803 1081 5859 54-58.

472 5873 558 5933 10.
614 5876 636 5905 ⁸
664 5874 682 5927 l
710 5872 835 5928 Cor.
868 5889 945 5943 xu,
976 5875 1063 5941 51,
1100 5873 1190 5932 52.
1271 5872 1290 5905 ’
1329 5874 1458 5929 ibid.
1491 5872 1579 5929 29.

1156 5802 1176 5831 ⁸
1200 5800 1302 5874 isa.
1328 5818 1403 5868 vi,
1433 5802 1512 5874 2.4
1564 5801 1589 5835 ³
1622 5803 1758 5861 ibid.
1819 5802 1842 5837 ⁸
1876 5804 2016 5862 Gen.
2046 5821 2157 5874 xiv,
2184 5804 2243 5862 5.
2315 5804 2338 5838 ⁸
2360 5803 2534 5859 chit.
2563 5818 2674 5867 xiv,
2709 5804 2765 5859 5.

2150 4500 2358 4574 βλάϐης
2419 4501 2801 4566 παντοδαποῦς
2859 4503 3201 4575 ἀμυντήριον
3228 4541 3244 4565 ,
3295 4501 3472 4573 ῥύπου
3534 4506 3730 4565 παντὸς

2144 4590 2519 4663 καθαρτήριον
2552 4605 2567 4623 ο
2610 4590 2678 4646 ἂν
2733 4592 2835 4663 μὲν
2876 4593 3078 4665 χρυσὸν
3136 4592 3275 4665 λάϐῃ
3316 4592 3593 4663 κίϐδηλον,
3644 4594 3725 4645 διὰ

2141 4682 2243 4754 τῆς
2297 4683 2553 4755 κριτικῆς
2601 4683 2905 4756 πυρώσεως
2953 4684 3243 4757 καθαίρει,
3311 4685 3398 4738 ἵνα
3440 4684 3519 4756 μὴ
3558 4687 3618 4738 ὲν
3655 4684 3724 4753 τῷ

2153 4776 2406 4846 μέλλοντι
2454 4776 2553 4831 σὺν
2614 4776 2693 4848 τῷ
2718 4777 2912 4848 κόσμῳ
2960 4777 3407 4850 κατακριθῶμεν.
3453 4777 3723 4847 Καθαίρει

2142 4868 2253 4941 γὰρ
2287 4869 2586 4934 νόσοιςςκαὶ
2618 4870 2901 4935 παντοίαις
2927 4871 3220 4942 ἐπιφοραῖς
3240 4908 3259 4935 ,
3332 4867 3523 4934 καθώς
3564 4886 3724 4943 φησιν

2141 4962 2170 5015 ὁ
2191 4962 2335 5027 θεῖος
2362 4962 2687 5027 ’Δπόστολος
2707 4980 2721 4994 ·
2745 4965 2816 5017 El
2849 4962 2957 5033 γὰρ
2985 4962 3240 5029 ἑαυτοὺς
3259 4963 3601 5032 ὀκρίνομεν,
3622 4964 3727 5015 οὐκ

2143 5054 2223 5109 ἂν
2266 5055 2639 5122 ἐκρινόμεθα.
2672 5056 3022 5125 Κρινόμενοι
3063 5056 3152 5121 δὲ,
3192 5056 3312 5112 ὑπὸ
3341 5056 3571 5123 Κυρίου
3601 5072 3726 5109 παι-

2142 5145 2457 5216 δευόμεθα,
2491 5147 2593 5201 ἵνα
2616 5146 2697 5217 μὴ
2732 5147 2855 5203 σὺν
2885 5148 2968 5213 τῷ
3016 5149 3225 5219 κόσμῳ
3267 5147 3725 5217 κατακριθῶμεν.

2146 5238 2255 5294 Καὶ
2275 5238 2434 5293 τοῦτό
2472 5241 2623 5293 ἐστιν
2648 5240 2677 5293 ὃ
2705 5239 2857 5310 λέγει
2875 5256 2891 5271 ·
2928 5241 3112 5296 Ὥστε
3136 5244 3168 5296 ό
3186 5238 3458 5311 μετέχων
3484 5238 3594 5293 τοῦ
3621 5236 3728 5292 σώ-

2142 5348 2332 5401 ματος
2359 5332 2456 5385 καί
2483 5332 2590 5387 τοῦ
2617 5334 2867 5402 αἵματος
2894 5333 3001 5389 τοῦ
3016 5334 3242 5402 Κυρίου
3263 5331 3527 5399 ἀναξίως
3557 5328 3728 5399 κρῖμα

2148 5423 2341 5491 ἑαυτῷ
2356 5424 2545 5480 ἐσθίει
2559 5426 2657 5481 καὶ
2676 5426 2855 5480 πίνει.
2876 5427 2953 5480 Δι’
2966 5423 3131 5480 αὐτοῦ
3152 5426 3564 5497 καθαιρόμενοι,
3584 5422 3729 5476 ἐνού-

2153 5515 2292 5585 μεθα
2347 5516 2432 5586 τῷ
2486 5517 2701 5588 σώματι
2723 5518 2929 5589 Κυρίου
2973 5518 3066 5572 καὶ
3101 5518 3181 5590 τῷ
3224 5517 3497 5590 πνεύματι
3546 5515 3726 5581 αὐτοῦ,

2152 5604 2248 5659 καὶ
2276 5606 2541 5677 γινόμεθα
2565 5607 2726 5679 σῶμα
2763 5607 3028 5679 Χριστοῦ.

2862 5809 2886 5841 ⁸
2934 5806 3077 5865 Psal.
3115 5822 3222 5875 cnx,
3250 5805 3303 5864 4.
3370 5811 3391 5845 ⁷
3424 5807 3645 5865 Halacb.
3680 5823 3716 5878 ι,
