3930 6550
201 398 348 465 1273

1159 402 1556 465 PANOPLIA
1599 402 2064 468 DOGMATICA.
2107 429 2128 444 δ
2154 429 2177 442 ·
2215 405 2371 471 TlT.
2413 408 2621 472 XXVI.

3337 412 3473 479 12⁸74

275 516 340 570 Ei
398 513 459 570 δι
518 517 612 573 καί
682 532 826 581 τινες
886 516 1157 572 ἀντίτυπα
1228 518 1324 574 τοῦ
1389 518 1642 589 σώματος
1706 520 1790 596 mal

1975 517 2091 584 Quo
2123 535 2281 575 sensu
2318 520 2548 580 Basilius
2605 523 3004 582 Eucharistiant
3054 526 3254 583 vocarit
3308 529 3476 585 ἀντί-

200 614 445 687 αῐματος
474 613 573 670 τοῦ
604 614 815 686 Κυρίου
840 615 931 669 τὸν
961 616 1124 686 άρτον
1151 615 1247 670 καὶ
1282 616 1373 671 τὸν
1397 612 1544 672 οἶνον
1598 616 1794 672 ἐκάλε-

174 748 177 749 ν
201 722 333 770 σαν,
354 706 433 769 ὼς
459 704 490 757 ὁ
519 705 778 776 θεοφόρος
802 704 909 775 ἔφη
941 706 1245 771 Βασίλειος,
1277 708 1341 761 οὐ
1384 708 1527 778 μετὰ
1547 708 1609 762 τὸ
1637 710 1802 778 ἁγια-

202 797 405 869 σθῆναι
438 792 637 863 λεῖπον,
699 796 836 851 ἀλλὰ
894 798 1024 871 πρὶν
1078 799 1431 871 ἁγιασθῆναι,
1482 800 1654 871 αὐτὴν
1700 799 1800 872 τὴν

200 891 531 962 προσφορὰν
557 888 703 943 οὕτω
747 889 881 945 καλέ
889 906 1101 955 σαντες.

174 1222 181 1225 .
276 1165 603 1239 Μετάληψις
632 1165 693 1220 δὲ
722 1164 948 1236 λέγεται
982 1182 997 1199 ο
1025 1167 1095 1221 δι’
1123 1166 1299 1239 αὐτῆς
1327 1168 1458 1240 γὰρ,
1484 1167 1587 1240 τῆς
1620 1167 1800 1241 ’ίησοῦ

198 1259 461 1331 θεότητος
494 1258 1010 1330 μεταλαμϐάνομεν.
1063 1259 1335 1314 Κοινωνία
1379 1259 1439 1314 δὲ
1470 1259 1690 1329 λέγεταί
1742 1278 1802 1315 τε

200 1351 307 1407 καὶ
344 1351 496 1405 ἔστιν
528 1350 769 1422 ἀληθῶς,
804 1350 976 1405 διὰτὸ
1024 1353 1305 1405 κοινωνεῖν
1351 1354 1503 1422 ἡμᾶς
1537 1352 1604 1406 δι’
1629 1354 1803 1426 αὐτῆς

199 1444 285 1515 τῷ
339 1442 584 1515 Χριστῷ,
632 1444 728 1497 καὶ
767 1443 1021 1514 μετέχειν
1052 1445 1218 1498 αὑτοῦ
1252 1446 1351 1515 τῆς
1386 1445 1592 1516 σαρκός
1620 1464 1682 1500 τε
1705 1447 1803 1501 καὶ

197 1537 304 1607 τῆς
340 1536 598 1607 θεότητος
620 1552 634 1568 ·
672 1540 954 1591 κοινωνεῖν
979 1538 1058 1603 δὲ,
1102 1537 1198 1592 καὶ
1239 1538 1495 1592 ἐνοῦσθαι
1549 1540 1804 1612 ἀλλήλοις

196 1630 272 1683 δι’
310 1631 483 1701 αὐτῆς
509 1647 521 1660 ο
559 1631 683 1684 ἐπεὶ
705 1631 816 1703 γὰρ
848 1632 908 1697 ἐξ
928 1631 1047 1695 ἐνὸς
1081 1633 1248 1703 άρτου
1287 1634 1801 1707 μεταλαμϐάνομεν,

198 1724 251 1777 οί
287 1722 487 1785 πάντες
516 1722 576 1777 ἓν
606 1724 766 1794 σῶμα
800 1723 1064 1796 Χριστοῦ,
1098 1725 1193 1779 καὶ
1231 1726 1290 1778 ἓν
1323 1721 1486 1796 αἷμα,
1513 1729 1607 1781 καὶ
1638 1729 1805 1802 ἀλλή-

1894 634 2054 676 τυπα
2078 624 2319 692 corporis
2348 633 2399 679 et
2421 626 2700 696 sanguinis
2736 624 2960 682 Christi.
2982 656 3045 669 -—
3074 626 3238 695 Quod
3268 630 3315 686 si
3340 646 3476 688 uou-

1902 712 2036 766 nulli
2062 728 2257 783 panem
2288 717 2614 789 vinumque,
2649 718 2906 788 corporis
2957 726 3011 774 et
3043 720 3338 790 sanguinis
3375 720 3481 776 Do-

1902 804 2035 857 mini
2062 804 2355 871 ὰντίτυπα,
2387 823 2483 864 seu
2516 808 2787 879 imagines
2819 809 3095 880 ﬁgurasve
3116 821 3480 876 vocaverunt,

1902 896 2053 951 velut
2088 895 2317 953 divinus
2342 898 2606 968 Basilius,
2639 917 2750 957 non
2783 902 2888 959 hoc
2926 911 3054 973 post
3099 907 3485 961 consecratio~

1902 1005 2027 1046 nem
2052 991 2338 1059 dixerunt,
2366 992 2462 1049 sed
2501 1002 2799 1066 antequam
2849 995 3064 1054 oblatio
3112 999 3234 1069 ipsa
3278 1013 3483 1054 conse-

1902 1092 2180 1148 craretur,
2218 1098 2407 1140 vocem
2445 1085 2591 1141 banc
2624 1097 2986 1157 usurparunt.

1972 1172 2340 1245 Nuncupatur
2372 1176 2752 1248 participatio,
2793 1178 2924 1249 quia
2951 1196 3047 1250 per
3077 1179 3253 1251 ipsam
3282 1182 3486 1239 divini-

1902 1265 2035 1321 tatis
2068 1263 2202 1322 Jesu
2252 1268 2538 1324 reddimur
2600 1270 2926 1341 participes.
2979 1270 3313 1328 Communio
3351 1275 3483 1331 item

1902 1357 2234 1427 appellatur,
2277 1366 2335 1414 et
2382 1374 2574 1416 revera
2631 1368 2739 1425 est,
2798 1360 2929 1431 quia
2966 1375 3063 1431 per
3102 1376 3223 1417 eam
3263 1363 3488 1420 Christo

1903 1446 2409 1513 communicamus,
2458 1448 2689 1518 ejusque
2736 1462 2962 1503 carnem
3016 1461 3081 1503 ac
3141 1447 3487 1507 divinitatem

1903 1537 2265 1609 percipimus,
2303 1540 2439 1611 quin
2470 1541 2639 1596 etiam
2687 1541 2815 1597 aliis
2842 1541 2954 1611 ,alii
3013 1543 3488 1599 commnnicamus

1904 1644 1970 1686 ac
2001 1631 2356 1701 copulamur.
2396 1630 2534 1686 Nam
2564 1632 2697 1704 quia
2728 1649 2797 1689 ex
2832 1648 2941 1688 uno
2994 1647 3136 1704 pane
3190 1634 3489 1704 participa-

1904 1738 2051 1791 mus,
2084 1738 2283 1781 omnes
2336 1741 2507 1780 unum
2542 1725 2752 1783 Christi
2791 1741 3019 1797 corpus,
3069 1735 3126 1781 et
3173 1742 3320 1782 unus
3358 1742 3488 1782 san-

198 1818 313 1868 λων
360 1814 495 1888 μέλη
552 1815 839 1886 γινόμεθα,
903 1816 1186 1889 σύσσωμοι
1225 1819 1465 1890 Χριστοῦ
1531 1822 1790 1892 χρηματί-

1903 1814 2049 1884 guis,
2074 1814 2286 1885 aliique
2309 1814 2545 1871 aliorum
2573 1815 2819 1872 membra
2849 1816 3141 1885 ciiicimur,
3168 1819 3299 1872 dum
3325 1816 3487 1873 unius

197 1903 413 1969 ζοντες.

785 2200 1040 2258 ΤΙΤΛΟΣ
1074 2203 1218 2272 κφ.

711 2338 870 2396 Κατὰ
912 2338 1340 2395 Μασαλιανῶν.

174 2526 179 2531 ,
293 2477 451 2533 Κατὰ
481 2476 606 2542 τοὺς
624 2476 848 2548 χρόνους
882 2476 1336 2531 Οὐαλεντινιανοῦ
1374 2475 1470 2532 καὶ
1495 2476 1798 2541 Οὐάλεντος

214 2569 252 2639 ἡ
282 2568 395 2625 τῶν
432 2568 799 2624 Μασαλιανῶν
837 2568 1196 2641 ἐϐλάστησεν
1217 2568 1434 2639 αἵρεσις
1456 2585 1469 2599 ·
1506 2571 1540 2640 ἡ
1569 2569 1626 2624 δὲ
1655 2569 1793 2641 κλῆ-

216 2677 307 2723 σις
339 2660 478 2733 αὕτη
522 2660 971 2733 μεταϐαλλομένη
1016 2662 1097 2725 είς
1138 2661 1237 2733 τὴν
1280 2661 1505 2717 Ἑλλάδα
1539 2662 1793 2732 γλῶσσαν

76 2734 103 2751 ’
219 2753 454 2824 Εὑχίτας
500 2752 671 2824 δηλοῖ.
704 2754 811 2806 Καὶ
838 2755 948 2826 γὰρ
996 2754 1131 2809 πολὺ
1192 2754 1327 2826 παρ’
1365 2756 1553 2819 αὐτοῖς
1594 2755 1656 2808 τὸ
1693 2755 1794 2827 τῆς

170 2904 173 2907 η
217 2846 386 2917 εὐχῆς
411 2848 606 2917 δνομα,
644 2847 739 2901 καὶ
776 2847 983 2919 ταύτην
1006 2847 1118 2902 άνω
1164 2849 1258 2904 καὶ
1290 2849 1441 2903 κάτω
1481 2848 1792 2919 Θρυλλοῦσι,

217 2939 316 2992 καὶ
344 2938 483 3010 αὕτη
514 2938 724 3004 τούτοις
747 2939 808 2994 τὸ
843 2939 1253 3011 σεμνολόγημα.
1282 2941 1460 3014 Εὐχὴν
1498 2942 1556 2996 δὲ
1606 2942 1795 3011 λέγου-

216 3047 306 3086 σιν
329 3033 438 3085 εττε
474 3033 576 3103 τὴν
602 3034 939 3105 προσευχὴν,
964 3032 1032 3104 ἣν
1060 3035 1289 3099 ἕκαστος
1312 3035 1616 3105 προσφέρει
1645 3035 1787 3103 Θεῷ,

214 3124 331 3178 εἴτε
360 3126 458 3195 τὴν
470 3126 560 3180 τοῦ
582 3127 774 3198 Πάτερ
800 3129 989 3198 ἡμῶν,
1022 3130 1089 3200 ἢν
1118 3131 1146 3183 ὁ
1178 3128 1383 3200 Κύριος
1402 3130 1516 3192 τοῖς
1553 3129 1788 3183 ἀποστό-

1902 1905 2157 1977 corporis
2182 1920 2399 1964 sumus.

2428 2200 2732 2262 TITULUS
2765 2205 2956 2264 XXVI.

2354 2336 2616 2392 Adversus
2653 2337 2998 2399 Masah’anas.

1967 2466 2354 2527 Valentiniano
2388 2480 2442 2527 et
2472 2468 2696 2529 Valente
2759 2473 3180 2543 imperatoribus
3220 2474 3473 2531 Masaiia-

1894 2576 2086 2617 norum
2131 2562 2358 2620 haeresis
2382 2562 2686 2633 pullulavit.
2718 2565 2871 2632 Quod
2903 2566 3122 2636 quidem
3150 2570 3468 2625 vocabulum

1892 2654 2173 2724 Euchitas,
2208 2658 2261 2713 id
2284 2668 2369 2714 est
2402 2659 2693 2729 supplices,
2722 2674 2815 2715 seu
2869 2671 3152 2730 precantes
3181 2662 3471 2733 significat.

1894 2745 2099 2805 Multus
2133 2750 2279 2805 enim
2313 2752 2454 2821 apud
2500 2752 2645 2821 ipsos
2689 2760 2773 2807 est
2822 2767 3005 2810 sermo
3040 2753 3109 2809 de
3139 2756 3473 2823 precatione,

1893 2855 2124 2910 eamque
2156 2856 2423 2913 nusquam
2464 2858 2571 2899 non
2603 2844 2900 2913 celebrant,
2933 2854 2986 2900 et
3010 2843 3284 2916 jactitant.
3339 2847 3473 2900 Pre-

1894 2931 2160 2987 cationem
2230 2942 2409 2989 autem
2481 2934 2596 2989 sive
2668 2934 3125 3005 supplicationem
3202 2936 3473 3005 appellant

1895 3037 2103 3092 preces,
2154 3038 2290 3094 quas
2345 3025 2573 3095 quisque
2626 3027 2785 3081 oiiert
2817 3027 2969 3095 Deo;
3015 3027 3247 3098 exempli
3276 3030 3469 3098 gratia,

1897 3113 2059 3169 Pater
2086 3128 2282 3183 noster,
2328 3132 2491 3187 quam
2540 3116 2759 3187 quidem
2805 3119 3170 3187 precationem
3215 3119 3473 3175 Dominus

213 3214 330 3279 λοις
355 3217 698 3289 παρέδωκεν,
729 3220 842 3273 εἴτε
884 3222 1005 3276 τινὰ
1035 3219 1235 3293 ἑτέραν
1264 3222 1451 3292 μόνοις
1489 3223 1548 3289 ἐξ
1605 3222 1787 3276 αὐτῶν

1897 3207 2174 3277 discipulis
2236 3209 2476 3276 tradidit,
2519 3221 2612 3263 aut
2668 3210 2884 3279 aliquod
2949 3211 3091 3264 aliud
3145 3212 3471 3280 precationis

213 3309 572 3382 ἐγνωσμένην
600 3313 714 3376 τοῖς
742 3314 824 3377 είς
866 3313 1123 3368 ὰσέῢειαν
1170 3314 1542 3382 τελεωτέροις,
1573 3313 1709 3385 πρὸς
1733 3309 1790 3366 δὲ

214 3401 344 3466 τοὺς
371 3400 571 3467 ἄλλους
626 3405 837 3469 πάντας
893 3402 1060 3461 οὖσαν
1107 3407 1410 3478 ἀνέκφορον
1459 3408 1548 3462 διὰ
1584 3407 1683 3478 τὴν
1732 3409 1791 3461 ὲν

216 3492 360 3564 αὐτῇ
393 3495 809 3566 τερατολογίαν.
851 3493 1030 3569 οἶμαι,
1060 3500 1156 3553 καὶ
1203 3499 1497 3570 σατανικὴν
1547 3499 1786 3570 ἐπῳδήν.

219 3586 449 3657 Ἔχουσι
486 3586 662 3642 δὲκαὶ
692 3588 862 3659 άλλην
909 3591 1289 3660 προσηγορίαν
1323 3590 1435 3644 ἀπὸ
1468 3590 1565 3643 τοῦ
1607 3590 1790 3661 πράγ-

216 3695 391 3748 ματος
423 3679 766 3734 ὲπιτεθεῖσαν
788 3682 993 3746 αὐτοῖς.
1036 3683 1452 3737 Ἐνθουσιασταὶ
1477 3683 1586 3753 γὰρ
1611 3699 1788 3753 προσ-

213 3770 603 3841 ονομάζονται,
670 3774 930 3844 δαίμονός
963 3792 1110 3839 τινος
1152 3775 1443 3847 ἐνέργειαν
1469 3776 1788 3844 εἰσδεχόμε-

213 3878 301 3915 νοι
320 3900 337 3928 ,
366 3862 463 3916 καὶ
491 3864 811 3936 Πνεύματος
840 3866 999 3936 ἁγίου
1031 3867 1239 3939 ταύτην
1277 3869 1785 3940 ὑπολαμϐάνοντες.

215 3956 285 4010 Oi
311 3955 369 4010 δὲ
409 3957 593 4012 τέλεον
622 3958 726 4032 τὴν
773 3960 933 4015 νόσον
959 3962 1168 4032 ταύτην
1208 3961 1609 4033 είσδεδεγμένοι
1649 3965 1789 4017 άπο-

216 4048 546 4118 στρέφονται
579 4050 680 4121 μὲν
715 4050 813 4123 τὴν
839 4052 952 4107 τῶν
978 4054 1182 4124 χειρῶν
1219 4055 1489 4125 ἐργασίαν
1514 4056 1590 4117 ὡς
1616 4073 1788 4128 πονη-

218 4139 343 4210 ρὰν,
369 4139 521 4210 ῦπνῳ
547 4142 603 4195 δὲ
632 4144 702 4196 τὰ
724 4144 898 4197 πολλὰ
940 4147 1080 4213 σφᾶς
1119 4145 1320 4208 αὐτοὺς
1355 4146 1656 4208 ἐκδιδόντες
1703 4150 1790 4200 ὲν-

217 4230 552 4301 θουσιασμὸν
572 4235 671 4299 τὰς
696 4236 805 4291 τῶν
831 4236 1063 4308 ὀνείρων
1092 4237 1395 4305 φαντασίας
1422 4238 1787 4294 ἀποκαλοῦσι.

214 4321 435 4391 Ταύτης
469 4325 721 4393 ἐγίνοντο
749 4327 850 4397 τῆς
880 4328 1149 4399 αίρέσεως
1185 4329 1428 4399 ἀρχηγοὶ
1470 4328 1658 4382 πολλοὶ
1686 4330 1787 4400 μὲν

215 4412 315 4467 καὶ
338 4413 509 4479 ἄλλοι,
537 4416 619 4470 ἔτι
649 4416 707 4470 δὲ
740 4418 837 4471 καὶ
868 4419 1163 4490 Ἀδέλφιος,
1195 4420 1255 4473 ὃν
1276 4419 1573 4483 Φλαῦιανδς
1601 4420 1630 4473 δ
1663 4420 1786 4473 ’Δν-

210 4506 457 4574 τιοχείας
484 4508 1000 4581 μετακαλεσάμενος
1030 4511 1092 4577 ἐξ
1143 4512 1422 4582 Ἐδέσσης,
1471 4512 1566 4565 καὶ
1604 4529 1784 4583 τεχνι-

216 4598 336 4662 κῶς
370 4599 640 4665 ὑπελθὼν,
670 4603 765 4658 καὶ
814 4604 1090 4675 μαθητιᾷν
1142 4604 1603 4677 ὑποκρινάμενος,
1643 4623 1785 4675 ⁴καρ-

213 4691 516 4746 εσκεύασεν
548 4693 803 4765 ἐξεμέσαι
852 4696 1031 4749 πάντα
1061 4697 1153 4749 τὸν
1194 4698 1648 4767 ἐγκεκρυμμένον
1676 4697 1786 4752 τῶν

210 4785 509 4852 δογμάτων
532 4786 629 4839 ίόν.
657 4788 835 4860 Δήλης
855 4788 912 4842 δὲ
932 4788 1030 4859 τῆς
1049 4789 1205 4843 νόσου
1230 4788 1436 4859 ταύτης
1462 4788 1784 4860 γενομένης,

211 4875 318 4947 τῆς
348 4877 449 4947 μὲν
481 4877 677 4947 Συρίας
721 4879 1089 4951 ἐξηλάθησαν,
1118 4882 1197 4945 είς
1234 4881 1293 4934 δὲ
1321 4881 1425 4953 τὴν
1457 4881 1785 4951 Παμφυλίαν

212 4966 529 5039 ιχώρησαν.
583 4969 720 5023 Τίνα
766 4970 825 5024 δὲ
862 4970 932 5023 τὰ
965 4970 1217 5041 δόγματα
1283 4972 1490 5026 τούτων
1548 4971 1785 5044 ἐροῦμεν

213 5060 628 5131 προϐαίνοντες.
672 5062 1089 5135 Ἀνελήφθησαν
1123 5066 1233 5135 γὰρ
1273 5066 1339 5119 ἐκ
1364 5066 1465 5137 τῆς
1491 5065 1671 5121 αὐτῶν
1706 5065 1787 5138 βί-

211 5152 369 5221 ϐλου,
399 5155 494 5208 καὶ.
545 5157 681 5209 πᾶσι
722 5157 845 5209 τότε
874 5155 1235 5228 προετίθεσαν
1286 5158 1367 5220 είς
1396 5156 1459 5210 τὸ
1503 5156 1786 5213 καταπτύ-

208 5246 392 5301 εσθαι.

284 5340 579 5407 Δέγουσιν,
604 5339 687 5393 δτι
727 5341 784 5393 αί
804 5340 956 5410 τρεῖς
981 5337 1315 5402 ὑποστάσεις
1356 5339 1595 5411 Πατρδς,
1627 5340 1783 5405 Υίοῦ,

207 5432 312 5488 καὶ
338 5432 497 5501 ἁγίου
522 5413 841 5505 ῙΪνεύματος
876 5435 958 5495 είς
991 5433 1124 5502 μίαν
1172 5432 1472 5486 ὑπόστασιν
1522 5433 1787 5488 άναλύον·

208 5543 329 5581 ται.
364 5525 538 5579 Τοῦτο
568 5526 625 5581 δὲ
659 5526 726 5580 ὲκ
772 5524 871 5596 τῆς
910 5524 1243 5595 Σαδελιανῆς
1278 5526 1541 5597 αἱρέσεως
1585 5526 1785 5597 ἐσύλη-

208 5632 319 5669 σαν
337 5616 417 5678 είς
455 5614 515 5669 ἓν
562 5614 948 5686 συναιρούσης,
1014 5614 1111 5668 καὶ
1174 5613 1631 5686 συναλειφούσης,
1691 5617 1785 5670 καὶ

208 5707 559 5778 συγχεούσης
579 5710 678 5773 τὰς
703 5710 854 5780 τρεῖς
883 5707 1237 5777 ὑποστάσεις,
1266 5708 1360 5763 καὶ
1393 5707 1525 5780 μίαν
1550 5708 1785 5764 ὑπόστα-

289 5870 309 5903 ⁸
341 5868 362 5926 ι
390 5869 515 5928 Cor.
548 5885 623 5939 ιι,
653 5870 746 5933 29.

1891 3312 2080 3367 genus,
2109 3298 2239 3354 solis
2280 3298 2408 3364 illis,
2441 3299 2533 3367 qui
2566 3300 2703 3369 apud
2734 3301 2878 3368 ipsos
2910 3299 2964 3353 in
3001 3300 3278 3369 impietate
3332 3304 3473 3369 peri-

1892 3389 2057 3444 tiores
2108 3400 2270 3455 sunt,
2322 3392 2637 3461 cognitum;
2698 3390 2767 3446 ab
2819 3390 2941 3447 aliis
2989 3401 3168 3445 autem
3221 3395 3471 3448 omnibus

1891 3478 2193 3548 ignoratum
2224 3490 2442 3552 propter
2463 3481 2652 3552 ipsius,
2678 3490 2733 3536 ut
2766 3483 3019 3546 arbitror,
3049 3483 3465 3549 absurditatem,

1889 3580 1944 3623 et
1994 3571 2291 3624 satanicam
2339 3572 2780 3627 incantationem.
2828 3573 2987 3628 Aliud
3026 3575 3190 3629 etiam
3238 3576 3306 3630 ab
3350 3580 3466 3647 ipsa

1890 3674 1949 3715 re
1997 3676 2293 3732 cognomen
2357 3662 2574 3717 habent.
2632 3663 2809 3719 Aﬁiati
2864 3664 3007 3720 enim
3067 3679 3466 3737 nuncupantur,

1888 3756 2085 3825 quippe
2117 3755 2211 3825 qui
2242 3756 2501 3812 damonis
2550 3757 2837 3828 cujus‘dam
2894 3759 3158 3815 actionem
3213 3762 3465 3826 subeant,

1888 3860 2049 3915 quam
2109 3859 2230 3900 esse
2292 3845 2469 3901 sancti
2517 3844 2754 3917 Spiritus
2809 3848 3139 3904 existimant.
3206 3851 3311 3907 Sed
3375 3856 3465 3923 qui

1888 3937 2128 4006 perfecto
2162 3937 2414 3993 laborant
2471 3940 2575 3994 hoc
2635 3942 2864 4006 morbo,
2929 3958 3185 3998 manuum
3247 3946 3463 4015 quidem

1888 4044 2025 4101 opus
2061 4029 2139 4084 uti
2181 4030 2439 4085 nefarium
2494 4042 2834 4098 aversantur,
2867 4048 2931 4089 ac
2980 4049 3173 4089 somno
3229 4038 3467 4107 plerum-

1888 4136 1995 4193 que
2024 4137 2143 4177 sese
2177 4123 2452 4190 dedentes,
2485 4138 2553 4177 ex
2607 4124 2940 4179 somniorum
2999 4126 3130 4181 visis
3177 4127 3340 4182 amari
3402 4145 3465 4187 se

1889 4223 2099 4284 putant.
2135 4213 2302 4269 Porro
2360 4215 2517 4270 iStius
2571 4215 2792 4271 haeresis
2832 4231 2952 4272 cum
2992 4218 3081 4272 alii
3136 4220 3286 4273 multi
3319 4223 3467 4288 prin-

1888 4305 2034 4375 cipes
2065 4304 2413 4369 exstiterunt,
2452 4316 2561 4360 tum
2606 4307 2924 4376 Adelphius,
2961 4324 3118 4379 quem
3176 4309 3464 4367 Flavianus

1887 4395 2186 4452 Antiochiae
2237 4394 2478 4465 pontifex
2528 4399 2850 4453 accersitum
2903 4414 2970 4454 ex
3008 4399 3234 4469 Edessa,
3272 4418 3466 4474 magno

1888 4505 1948 4545 se
1979 4489 2120 4544 illius
2150 4488 2446 4558 disciplina:
2495 4487 2674 4543 studio
2707 4488 2878 4544 teneri
2931 4490 3214 4557 simulans,
3269 4493 3463 4549 callide

1814 4575 2127 4649 Dpeilexit,
2178 4587 2238 4632 ut
2287 4578 2555 4632 occultmn
2636 4593 2798 4633 omne
2867 4579 3131 4635 doctrinae
3197 4596 3461 4639 venenum

1884 4679 2182 4727 evomeret.
2215 4669 2335 4735 Quo
2388 4667 2604 4738 quidem
2660 4668 2852 4724 morbo
2898 4668 3188 4740 patefacto,
3221 4687 3251 4727 e
3307 4673 3461 4745 Syria

1885 4760 2092 4828 expulsi
2152 4761 2203 4814 in
2269 4758 2639 4829 Pamphyliam
2721 4767 3132 4815 concesserunt.
3200 4762 3460 4830 Quaedam

1888 4854 2113 4910 istorum
2174 4853 2420 4907 instituta
2501 4853 2906 4923 pr0gredientes
2959 4856 3282 4923 aperiemus,
3341 4873 3462 4927 quae

1886 4960 1955 4999 ex
2006 4944 2245 5015 ipsorum
2316 4944 2454 4999 libro
2508 4944 2827 5014 deprompta
2890 4955 3037 5011 sunt,
3101 4958 3153 5003 et
3213 4951 3463 5005 omnibus

1889 5044 2019 5093 tunc
2092 5036 2390 5107 proposita,
2479 5043 2540 5089 ut
2635 5035 3005 5106 despiciantur
3073 5046 3130 5093 et
3210 5048 3458 5095 contenr

1886 5140 2111 5185 nantur.

1958 5333 2152 5389 Dicunt
2182 5338 2291 5386 tres
2335 5342 2597 5400 personas
2630 5326 2829 5394 Patris,
2872 5336 2928 5383 et
2965 5327 3109 5393 Filii,
3140 5336 3194 5385 et
3223 5328 3458 5402 Spiritus

1886 5426 2057 5484 sancti
2093 5425 2145 5480 in
2178 5438 2340 5479 unam
2367 5422 2586 5487 resolvi,
2621 5423 2763 5492 quod
2792 5437 2857 5477 ex
2886 5420 3191 5478 Sabelliana
3261 5425 3456 5481 haeresi

1887 5518 2282 5591 surripuerunt,
2320 5530 2439 5584 qua:
2468 5522 2576 5569 tres
2609 5515 2923 5585 hypostases
2980 5514 3035 5569 in
3093 5532 3258 5572 unum
3316 5520 3458 5590 cogit

1889 5623 2056 5682 atque
2140 5607 2440 5675 confundit,
2508 5614 2565 5662 et
2646 5621 2807 5662 unam
2869 5608 3029 5663 trium
3105 5624 3456 5679 personarum

1890 5701 2222 5779 bypostasim
2268 5700 2456 5759 tradit.
2516 5698 2897 5772 istiusjgitur
2952 5700 3225 5775 opinionis
3285 5703 3458 5775 impit
