3960 6554
502 412 647 479 12'5

1732 398 2121 464 EUTIIYMII
2161 397 2531 461 ZIGABENI

3650 396 3789 462 129:6

495 524 926 581 conl'utationem
954 520 1104 589 in;eo
1130 518 1309 587 titulo,
1329 518 1419 588 qui
1449 516 1708 572 adversus
1742 514 2083 570 Sabellicus:

2199 532 2279 574 σιν
2342 514 2782 589 δογματιζούσης
2828 516 3237 587 τριπρόσωπον.
3277 517 3545 588 Εὑρήσεις
3581 519 3638 572 δι
3682 522 3787 585 τὰς

499 616 795 687 inscriptus
815 623 923 678 est,
954 612 1213 684 reperies.

569 900 813 955 Divinam
844 899 993 952 aiunt
1028 902 1275 950 naturam
1320 892 1479 949 facile
1540 892 1677 949 verti
1766 900 1822 948 et
1888 887 2087 945 mutari

500 995 553 1049 in
598 993 965 1063 quodcunque
992 988 1248 1050 voluerit,
1284 996 1343 1042 ut
1385 1000 1510 1041 cum
1552 984 1770 1050 animis,
1822 998 1944 1054 qua:
1974 983 2089 1051 ipsa

500 1090 613 1143 sint
656 1087 853 1155 dignae,
910 1083 1294 1152 coniungatur.
1362 1077 1523 1148 Atqui
1573 1078 1712 1132 verti
1783 1076 2091 1146 mutarique

498 1191 681 1233 rerum
717 1184 1123 1244 procreatarum
1157 1170 1434 1240 proprium
1463 1177 1572 1223 est.
1611 1166 1884 1236 Quidquid
1945 1165 2089 1220 enim

498 1278 742 1325 creatum
792 1276 899 1329 est,
931 1265 983 1319 id
1019 1274 1073 1318 et
1102 1261 1363 1317 mutabile
1398 1269 1500 1315 est.
1528 1258 1661 1315 Nam
1695 1274 1818 1329 qua:
1850 1272 1881 1312 a
1922 1267 2091 1312 mute-

497 1366 643 1421 tione
674 1363 947 1416 duxerunt
998 1358 1235 1423 initium,
1267 1356 1321 1411 id
1363 1364 1477 1419 est,
1520 1368 1640 1424 quae
1668 1369 1734 1407 ex
1767 1352 1938 1408 nihilo
1968 1365 2093 1422 pro-

500 1455 642 1511 fecta
668 1463 823 1518 sunt,
871 1467 932 1506 ea
989 1454 1146 1521 plane
1196 1446 1587 1502 mutationibus
1650 1446 2093 1515 corruptioniqne

500 1557 626 1603 sunt
656 1546 912 1610 obnoxia,
959 1554 1017 1597 ut
1056 1556 1177 1613 quze
1214 1539 1414 1595 mundo
1458 1540 1831 1605 continentur,
1866 1546 1921 1595 et
1973 1554 2094 1609 quae

501 1641 779 1713 proposito
808 1646 1084 1693 mutantur
1118 1649 1172 1691 et
1200 1635 1496 1701 voluntate,
1516 1632 1701 1703 quales
1727 1642 1858 1689 sunt
1914 1635 2091 1704 angeli

2192 607 2292 664 τοῦ
2343 609 2584 675 ἁσιόοῦς
2636 609 2832 664 τούτου
2889 609 3162 678 δόγματος
3214 611 3537 681 ἀνατροπὰς
3591 614 3652 666 ἑν
3708 613 3790 683 τῷ

2191 705 2572 776 προγραφέντι
2603 703 2758 758 κατὰ
2795 701 2918 757 τῶν
2939 703 3328 757 Σαϐελιανῶν
3348 705 3540 775 title),
3561 706 3661 759 καὶ
3692 704 3789 776 ζήο

2189 811 2358 867 τησον
2381 798 2498 850 ἐκεῖ
2526 797 2777 860 ταύτας.¹

2261 889 2555 959 Λέγουσιν,
2585 889 2669 943 ὅτι
2700 889 2982 961 τρέπεται,
3008 890 3105 945 καὶ
3138 889 3541 960 μεταϐάλλεται
3578 890 3785 961 ῥᾳδίως

2189 985 2223 1054 ἠ
2258 982 2380 1037 Θεία
2410 982 2572 1053 φύσις
2603 982 2741 1053 πρὸς
2772 982 2801 1036 ὃ
2835 982 2900 1036 ἂν
2927 981 3195 1053 βούλοιτο,
3216 982 3305 1035 ἵνα
3330 987 3625 1054 συγκραϐῇ
3658 986 3784 1047 ταῖς

2192 1076 2371 1143 ἀξίαις
2399 1080 2537 1148 αὐτῇ
2578 1077 2804 1147 ψυχαῖς.
2832 1075 2939 1130 Καὶ
2974 1075 3082 1147 μὴν
3109 1075 3217 1129 τῶν
3243 1076 3485 1130 κτιστῶν
3516 1076 3552 1147 ἡ
3579 1079 3786 1147 τροπή.

2192 1173 2313 1226 Πᾶν
2345 1170 2456 1242 γὰρ
2510 1171 2733 1225 κτιστδν
2789 1168 2889 1224 καὶ
2951 1170 3207 1240 τρεπτόν.
3238 1164 3341 1222 Ὧν
3393 1172 3506 1241 γὰρ
3530 1171 3596 1224 τὸ
3642 1162 3786 1225 εἶναι

2194 1264 2303 1317 ἀπὸ
2332 1262 2546 1335 τροπῆς
2577 1261 2804 1335 ἤρξατο,
2855 1263 3142 1316 τουτέστιν
3187 1262 3295 1315 ἀπὸ
3331 1262 3428 1315 τοῦ
3484 1262 3567 1334 μὴ
3616 1257 3781 1326 εἶναι,

2191 1355 2368 1412 ταῦτα
2396 1356 2618 1420 πάντως
2652 1358 2719 1426 τῇ
2750 1358 2935 1427 τροπῇ
2966 1355 3321 1409 ὑποκείσεται
3348 1356 3379 1426 ἢ
3408 1356 3780 1425 φθειρόμενα,

2193 1452 2271 1513 ὡς
2300 1449 2380 1511 ,τὰ
2404 1450 2702 1520 ἐγκόσμια,
2748 1449 2781 1519 ἢ
2815 1452 2957 1504 κατὰ
3004 1449 3331 1521 προαίρεσιν
3384 1448 3781 1517 ἀλλοιούμενα,

2194 1544 2272 1607 ὡς
2309 1544 2537 1613 ἄγγελοι
2567 1545 2665 1597 καὶ
2702 1544 2898 1614 ψυχαὶ,
2951 1543 3095 1597 κατὰ
3133 1560 3194 1595 τε
3224 1542 3325 1613 τὴν
3372 1544 3471 1596 ἐπὶ
3516 1543 3585 1595 τὸ
3622 1542 3785 1596 καλὸν

2199 1636 2512 1708 προκοπὴν,
2561 1638 2658 1689 καὶ
2684 1638 2786 1708 τὴν
2824 1636 2921 1690 ἐπὶ
2950 1636 3013 1690 τὸ
3044 1636 3215 1689 κακὸν
3247 1636 3492 1704 κίνησιν.
3542 1636 3704 1688 Ἐπεὶ
3732 1635 3785 1688 δὲ

505 1744 560 1789 et
592 1734 806 1798 animm,
847 1740 957 1783 tum
996 1731 1063 1782 ad
1096 1728 1321 1793 bonum,
1374 1735 1486 1780 tum
1544 1724 1613 1780 ad
1674 1725 1896 1780 malum.
1951 1725 2095 1792 Quo-

2199 1734 2225 1785 ὁ
2249 1730 2382 1794 Θεὸς
2407 1731 2681 1795 ἄκτιστος,
2714 1730 2936 1793 πάντως
2975 1730 3072 1783 καὶ
3106 1729 3396 1800 ἄτρεπτος.
3432 1724 3536 1781 *Ων
3587 1730 3698 1797 γὰρ
3728 1728 3784 1780 τὸ

504 1828 653 1882 niam
712 1834 890 1879 autem
922 1822 1065 1877 Deus
1098 1828 1316 1875 creatus
1352 1832 1461 1873 non
1491 1826 1595 1884 est,
1626 1825 1680 1874 et
1736 1818 2093 1874 immutabilis

2199 1819 2341 1877 εἶναι
2384 1824 2652 1890 ἐναντίον,
2685 1822 2896 1877 τούτων
2925 1824 3020 1877 καὶ
3050 1824 3078 1875 ὁ
3128 1822 3229 1876 τοῦ
3271 1823 3393 1885 πῶς
3451 1817 3602 1875 εἶναι
3627 1821 3809 1888 λόγος-

501 1930 588 1975 est
616 1915 864 1974 omnino.
895 1913 1141 1981 Quorum
1175 1911 1321 1967 enim
1380 1910 1619 1966 essentia
1673 1910 1953 1964 contraria
1985 1918 2090 1977 est,

2199 1919 2462 1982 ἐναντίος.
2490 1919 2600 1971 Καὶ
2628 1883 2751 1972 uaO‘
2784 1918 2972 1988 ἕτερον
3002 1917 3058 1969 δὲ
3078 1917 3237 1986 λόγον
3275 1918 3309 1987 ή
3340 1883 3440 1988 ubi
3481 1914 3670 1989 τροπὴ
3698 1883 3782 1967 ὲ.-

502 2024 691 2066 eorum
724 2015 779 2064 et
801 2005 1056 2063 essentia:
1114 2002 1358 2059 conditio
1422 2003 1697 2057 contraria
1749 2010 1852 2057 est.
1918 2003 2095 2071 Atque

2199 2011 2399 2081 νήσεως
2435 2005 2577 2075 εἶδός
2607 2012 2746 2077 ἐστι,
2785 2012 3149 2082 προσήκουσα
3178 2012 3290 2071 τοῖς
3324 2012 3571 2071 κτιστοῖς
3598 2026 3615 2042 ’
3668 2012 3696 2062 ὁ
3728 2009 3780 2062 δὲ

502 2104 609 2160 alia
643 2102 861 2172 quidem
902 2098 1113 2154 ratione
1138 2095 1366 2151 mutatio
1394 2104 1572 2150 motus
1601 2102 1685 2149 est
1719 2109 1892 2165 genus
1930 2093 2095 2150 rebus

2199 2098 2326 2160 Θεὸς
2363 2099 2506 2153 κατὰ
2535 2101 2699 2171 φύσιν
2729 2099 2989 2171 ἀκίνητός
3022 2102 3161 2164 ἐστι,
3199 2101 3291 2152 καὶ
3322 2100 3471 2170 ὑπὲρ
3502 2099 3608 2172 τὴν
3638 2100 3781 2169 παρὰ

501 2198 834 2254 conveniens
897 2190 1246 2265 procreatis;
1314 2188 1458 2243 Deus
1516 2196 1703 2243 autem
1773 2197 1966 2241 natura
2014 2196 2095 2244 est

2203 2193 2322 2256 τοῖς
2336 2193 2651 2263 φιλοσόφοις
2672 2193 2837 2265 ἑξαχῆ
2860 2194 3103 2263 κίνησιν,
3126 2193 3199 2255 ὡς
3218 2195 3423 2257 ᾶποσος
3449 2194 3549 2246 καὶ
3568 2194 3776 2257 ἄποιος,

502 2290 819 2356 immobilis,
893 2283 1367 2359 praestantiorque,
1449 2296 1614 2350 quam
1678 2288 1740 2335 ut
1793 2280 1847 2334 in
1922 2281 2091 2336 ullum

2199 2285 2338 2337 κατά
2364 2302 2426 2337 τε
2464 2286 2641 2358 ἀρχὴν
2669 2288 2763 2340 καὶ
2789 2286 2964 2350 τέλος.
2991 2286 3053 2340 Εἰ
3077 2287 3130 2339 δὲ
3154 2285 3424 2360 ἄτρεπτος
3448 2284 3600 2337 κατᾶ
3622 2284 3777 2353 φύσιν

500 2399 566 2437 ex
620 2382 727 2436 illis
769 2394 864 2435 sex
923 2385 1166 2431 motuum
1228 2371 1544 2444 generibus,
1620 2370 1687 2426 de
1734 2371 1931 2441 quibus
1980 2372 2095 2441 phi-

2199 2378 2221 2429 ὁ
2256 2376 2409 2441 Θεὸς,
2441 2379 2659 2441 πάντως
2682 2382 2777 2433 καὶ
2804 2379 3204 2450 ἅμετάῦλητος.

503 2475 713 2543 losophi
762 2473 1063 2542 disputant,
1104 2466 1284 2532 cadat,
1365 2464 1566 2535 quippe
1634 2462 1727 2534 qui
1790 2465 2113 2533 quantitatis
2185 2478 2241 2523 et
2301 2472 2580 2539 qualitatis
2638 2482 2722 2527 est
2776 2486 3011 2543 expers,
3093 2483 3148 2527 et
3218 2471 3465 2527 infinitus
3514 2481 3773 2541 quantum

501 2568 567 2623 ad
605 2566 927 2639 principium
981 2562 1251 2630 ﬁnemque
1298 2559 1554 2629 pertinet.
1602 2556 1757 2625 Quod
1804 2558 1851 2614 si
1891 2558 2186 2617 immobilis
2225 2573 2309 2620 est
2359 2576 2553 2621 natura
2590 2566 2771 2633 Deus,
2803 2578 2855 2622 et
2896 2567 3247 2622 immutabilis
3269 2566 3519 2622 omnino.

573 2661 770 2714 Dicunt
834 2670 1018 2713 semen
1100 2662 1154 2709 et
1220 2650 1461 2706 Verbum
1526 2652 1580 2707 in
1654 2649 1749 2706 Dei
1802 2650 2095 2708 Genitricis

2268 2661 2563 2729 Λέγουσιν,
2587 2660 2670 2715 ὅτι
2709 2661 2939 2732 σπέρμα
2970 2661 3065 2715 καὶ
3093 2661 3266 2729 Λόγος
3311 2661 3514 2714 ἔπεσεν
3544 2661 3643 2713 ἐπὶ
3684 2660 3775 2734 τὴν

501 2765 713 2809 uterum
745 2748 1107 2806 descendisse.
1142 2745 1332 2802 Procul
1377 2743 1653 2814 rejiciatur
1688 2742 1904 2798 nefaria
1958 2743 2095 2798 isto-

2199 2754 2361 2826 νηδῦν
2383 2756 2481 2826 τῆς
2497 2745 2868 2827 Θεομῖήτορος.
2893 2758 3114 2825 Ἄπαγε
3146 2757 3245 2825 τῆς
3273 2757 3516 2826 ἐσχάτης
3544 2756 3778 2827 βλασφη-

501 2862 621 2901 rum
690 2846 957 2912 impietas,
1048 2856 1279 2910 quorum
1338 2852 1518 2893 sermo
1583 2851 1713 2893 vere
1771 2850 1955 2893 semen
2010 2845 2095 2893 est

2199 2853 2349 2919 μῑας.
2386 2845 2448 2903 ὐ
2483 2848 2642 2917 λόγος
2665 2849 2850 2902 αὐτῶν
2882 2842 3045 2915 οὗτος
3097 2850 3192 2903 τοῦ
3230 2850 3489 2903 διαόόλου
3559 2851 3773 2920 σπέρμα

511 2937 733 3003 diaboli,
784 2937 929 3005 quod
967 2935 1019 2987 in
1060 2934 1273 2988 animas
1304 2934 1541 3002 ipsorum
1585 2930 1789 2986 cadens
1821 2931 1964 3001 cogit
1997 2944 2093 2984 eos

2199 2939 2366 3004 Βντως
2394 2941 2535 3005 ἐστὶ,
2565 2940 2657 2993 καὶ
2689 2942 2808 3003 ταῖς
2850 2941 3054 3013 ψυχαῖς
3093 2942 3276 2994 αὐτῶν
3302 2941 3579 3012 ἐμπεσὸν,
3613 2945 3775 3009 am.

508 3033 612 3087 tale
649 3045 912 3085 venenum
962 3026 1256 3081 eﬂ'untlerc.
1300 3025 1595 3094 Cuiusnam
1645 3037 1852 3088 semen,
1896 3029 1955 3077 ut
1987 3022 2090 3090 ipsi

2199 3032 2358 3095 κάζει
2408 3033 2638 3099 τούτους
2694 3036 2878 3102 ἐκχεῖν
2913 3034 3160 3089 τοιοῦτον
3216 3036 3316 3088 ἱόν.
3368 3034 3538 3098 Τίνος
3592 3035 3697 3107 γὰρ
3720 3036 3775 3086 τι

506 3132 786 3193 nugantur
837 3118 1131 3191 (propitius
1161 3117 1316 3172 nobis
1350 3117 1423 3171 sit
1466 3114 1745 3179 Christus,
1798 3124 1853 3170 et
1900 3113 2095 3170 castis-

2200 3123 2426 3195 σπέρμα
2456 3125 2518 3177 τὸ
2543 3127 2609 3195 τῇ
2642 3124 2953 3197 παρθενικῇ
2984 3126 3165 3195 νηδύϊ,
3195 3125 3381 3190 καθὼς
3428 3127 3594 3180 αὐτοὶ
3620 3126 3777 3197 φλυα-

503 3216 639 3271 sima
660 3213 829 3270 Mater
848 3212 1075 3285 ipsius!)
1112 3209 1356 3266 cedidit?
1391 3208 1749 3265 Hominisne?
1786 3207 2006 3262 Minime
2044 3207 2095 3262 id

2202 3216 2409 3287 ροῦσιν,
2434 3217 2726 3286 suum“;
2776 3217 2913 3272 Ἀλλ’
2964 3219 3122 3281 ἵλεως
3158 3220 3290 3289 ἡμῖν
3324 3221 3420 3272 καὶ
3475 3222 3505 3272 ὁ
3544 3218 3777 3288 Χριστὸς

516 3312 723 3373 dicent,
757 3325 879 3365 cum
922 3309 1024 3379 ipsi
1061 3321 1277 3378 quoque
1326 3305 1591 3376 virginem
1617 3303 1823 3361 Christi
1870 3304 2098 3359 Matrem

509 3404 803 3458 fateantur.
854 3402 937 3453 An
969 3399 1133 3455 rmli?
1171 3399 1245 3454 At
1298 3397 1400 3452 hoc
1431 3396 1476 3451 si
1530 3394 1792 3462 dixerint,
1862 3411 2101 3467 oppone-

510 3513 628 3550 mus
670 3495 775 3549 illis
816 3510 878 3547 ea
907 3508 1030 3564 qua:
1064 3493 1326 3547 adversus
1352 3488 1496 3555 illos,
1529 3489 1621 3559 qui
1669 3488 1871 3544 Christi
1915 3499 2097 3545 ortum

508 3607 572 3645 ex
618 3589 836 3660 Virgine
877 3595 1075 3658 negant
1118 3583 1473 3651 exstitisse,et
1502 3582 1721 3638 caeleste
1779 3581 1946 3637 fuisse
1976 3598 2101 3637 eor-

506 3697 608 3750 pus
677 3682 846 3752 ipsius
916 3679 1207 3743 afﬁrmant,
1270 3675 1702 3740 elaboravimus,
1766 3685 1822 3729 et
1867 3678 2103 3744 septimo

503 3774 682 3845 capite
736 3774 881 3830 illius
943 3772 1121 3835 tituli,
1180 3770 1271 3839 qui
1335 3777 1420 3823 est
1474 3767 1728 3819 adversus
1797 3766 2101 3832 Armenios,

508 3871 881 3934 continentur,
931 3877 987 3923 et
1043 3867 1095 3921 in
1151 3867 1328 3936 capite
1414 3863 1482 3917 de
1532 3861 1624 3917 Dei
1687 3860 1984 3932 Genitrice,
2048 3876 2104 3922 et

502 3977 622 4029 qua:
661 3961 917 4029 deinceps
950 3964 1249 4027 sequuntur
1302 3955 1355 4009 in
1416 3955 1571 4007 titulo
1620 3953 1887 4008 Adversus
1952 3952 2099 4008 Pau-

502 4055 747 4117 licianos,
794 4050 990 4121 quibus
1030 4050 1083 4105 in
1133 4052 1266 4105 locis
1301 4049 1555 4123 impietas
1609 4051 1846 4105 istorum
1911 4056 2099 4117 aperte

506 4144 849 4201 confutatur.

582 4412 793 4484 Negant
838 4414 1089 4470 divinum
1123 4414 1454 4487 baptismum
1498 4432 1655 4487 posse
1688 4415 1900 4474 radices
1950 4418 2098 4475 evel-

2198 3309 2309 3379 εἴη,
2347 3311 2447 3362 καὶ
2478 3310 2513 3379 η
2538 3311 2924 3382 πανάχραντος
2966 3312 3135 3367 αὑτοῦ
3167 3312 3393 3383 Μήτηρ.
3465 3310 3778 3383 Ἀνθρώπου

2204 3401 2304 3473 μὲν
2331 3401 2439 3472 γὰρ
2484 3402 2662 3456 εἰπεῖν
2693 3405 2797 3456 οὐκ
2831 3404 2921 3457 ’ἂν
2957 3405 3157 3474 ἔχοιεν.
3216 3406 3495 3473 Παροένον
3544 3407 3658 3477 γὰρ
3695 3408 3777 3457 καὶ

2200 3495 2360 3547 αὐτοὶ
2410 3495 2619 3565 ταύτην
2650 3497 3037 3567 ὁμολογοῦσιν.
3098 3499 3364 3567 Οὐράνιον
3394 3499 3455 3551 δὲ
3485 3501 3689 3567 εἰπεῖν,
3732 3499 3775 3551 εἰ

2198 3587 2569 3659 τολμήσουσιν
2607 3589 2759 3653 αὐτὸ,
2822 3590 3190 3660 ἀντιθήσομεν
3221 3594 3408 3654 αὐτοῖς
3460 3592 3565 3661 τὴν
3616 3608 3777 3661 πονη-

2200 3681 2392 3733 θεῖσαν
2422 3682 2556 3750 ἡμῖν
2578 3682 2897 3752 ἀνατροπὴν
2920 3683 3030 3736 τῶν
3057 3682 3395 3737 ἁθετούντων
3420 3684 3525 3754 τὴν
3548 3686 3613 3737 ἐκ
3640 3686 3775 3753 "2p-

2201 3770 2358 3825 θένου
2394 3771 2648 3843 γέννησιν
2672 3772 2770 3827 τοῦ
2802 3772 3063 3842 Χριστοῦ,
3098 3775 3194 3827 καὶ
3227 3775 3486 3845 οὐράνιον
3524 3774 3692 3827 αὑτοῦ
3722 3773 3774 3824 τὸ

2202 3862 2365 3933 σῶμα
2396 3863 2731 3934 ληρούντων,
2781 3864 2903 3935 ἥτις
2927 3866 3158 3934 ἕϐδομόν
3200 3869 3316 3920 ἐστι
3353 3868 3662 3936 κεφάλαιον
3689 3865 3771 3918 τοῦ

2197 3954 2353 4007 κατὰ
2388 3954 2720 4023 ’Λρμενίων
2744 3953 2950 4020 τίτλον,
3003 3957 3461 4027 παραπέμπουσα
3515 3958 3615 4007 καὶ
3647 3957 3775 4025 πρὶς

2196 4046 2258 4100 τὸ
2283 4046 2413 4117 περὶ
2442 4047 2539 4116 τῆς
2565 4045 2832 4100 Θεοτόκου
2864 4048 3184 4116 κεφάλαιον,
3215 4050 3308 4101 καὶ.
3340 4049 3403 4101 τὸ
3430 4049 3562 4118 ἑξῆς
3591 4046 3773 4108 αὐτοῦ,

2202 4136 2434 4207 κείμενα
2476 4136 2538 4190 ιν
2577 4135 2658 4207 τῷ
2709 4137 2865 4190 κατὰ
2909 4135 3030 4190 τῶν
3096 4137 3528 4192 Παυλικιάνων
3596 4138 3773 4209 τιτλῳ,

2198 4228 2297 4281 καὶ
2342 4227 2535 4297 σαφῶς
2600 4226 2908 4299 ἐλέγχοντα
2967 4227 3074 4299 τὴν
3128 4227 3391 4282 ἀσέϐειαν
3454 4227 3573 4284 τῶν
3610 4229 3774 4291 οὕτως

2200 4320 2460 4393 ἑχόντων.

2272 4413 2565 4483 Λέγουσιν,
2600 4413 2685 4469 ὅτι
2721 4413 2783 4467 τδ
2830 4414 2977 4469 θετον
3008 4412 3293 4483 βάπτισμα
3322 4411 3423 4475 τὰς
3460 4411 3625 4482 ῥίζας
3677 4413 3741 4465 et?
3753 4431 3779 4463 ν

502 4516 615 4560 tere
655 4516 1028 4576 peccatorum.
1072 4506 1177 4562 Sed
1205 4506 1468 4566 Dominus
1512 4518 1695 4565 noster
1744 4508 1905 4565 Jesns
1941 4510 2095 4566 Citri-

2201 4504 2623 4575 ἁμαρτημάτων
2642 4505 2899 4577 ἀνασπᾷν
2925 4504 2988 4558 οὐ
3011 4504 3258 4559 δύναται.
3287 4505 3425 4573 Φησὶ
3452 4504 3511 4556 δὲ
3530 4506 3562 4556 ό
3583 4505 3775 4575 Κύριος

502 4609 621 4656 ειυς
653 4600 730 4653 ait
765 4614 779 4651 :
817 4599 939 4654 Nisi
975 4599 1091 4669 quis
1129 4610 1342 4655 renatus
1387 4600 1547 4672 fuerit
1584 4618 1649 4656 ea:
1685 4620 1846 4673 aqua,
1885 4611 1935 4657 et
1973 4600 2095 4673 Spi-

504 4693 614 4747 ritu
658 4701 863 4759 sancto,
892 4708 996 4744 non
1026 4692 1247 4746 intrabit
1310 4694 1367 4747 in
1423 4711 1642 4765 regnum
1686 4694 1778 4747 Dei
1808 4695 1845 4749 ¹.
1910 4697 2099 4765 itaque

507 4803 630 4839 cum
694 4784 831 4854 ignis
863 4786 1079 4839 divinus
1140 4786 1476 4856 sit~Spiritus
1507 4801 1751 4856 sanctus,
1785 4804 1909 4841 nam
1956 4799 2009 4843 et
2044 4789 2096 4843 in

503 4880 689 4949 specie
772 4879 1056 4949 ignearutn
1150 4880 1468 4949 linguarum
1556 4900 1718 4953 super
1805 4884 2098 4954 discipulos

505 4972 803 5035 descendit,
857 4972 923 5025 de
986 4987 1098 5041 quo
1152 4980 1206 5027 et
1261 4971 1575 5029 Praecursor
1637 4972 1848 5029 diccbat
1905 4975 2097 5040 turbis,

504 5061 709 5117 Christi
757 5062 1055 5119 testificans
1096 5064 1473 5120 excellentiam
1508 5084 1523 5121 :
1557 5064 1661 5121 Ille
1688 5084 1774 5122 vos
1805 5068 2098 5137 baptizabit

505 5159 561 5209 in
622 5155 827 5225 Spiritu
866 5168 1075 5224 sancto,
1133 5169 1183 5214 et
1230 5160 1416 5229 igne’,
1470 5160 1924 5228 quemadmodum
1959 5160 2099 5232 ignis

506 5250 756 5305 sensibus
805 5252 1107 5321 expositus,
1149 5251 1192 5305 si
1226 5251 1416 5305 silvam
1462 5251 1707 5320 corripit,
1746 5252 1923 5308 omnia
1950 5269 2099 5309 com-

505 5339 682 5406 burit,
740 5356 860 5412 qua:
898 5353 1033 5399 sunt
1067 5358 1232 5413 super
1290 5341 1487 5397 faciem
1531 5351 1708 5409 terrae,
1780 5353 1834 5399 et
1886 5344 2099 5402 radices

505 5435 767 5501 cxsiecat,
826 5445 881 5491 et
938 5435 1114 5491 locum
1174 5450 1205 5490 a
1264 5435 1520 5491 sordibus
1578 5438 1995 5506 expurgat;sic
2042 5448 2097 5495 et

508 5524 745 5596 Spiritus
803 5538 1045 5593 sanctus,
1102 5541 1168 5584 ac
1224 5530 1391 5585 multo
1445 5530 1608 5585 etiam
1665 5530 1836 5601 magis
1895 5550 1909 5586 :
1955 5532 2096 5603 ignis

506 5616 650 5669 enim
694 5627 775 5671 est
806 5633 1134 5675 consumens
1175 5619 1475 5689 nequitiam
1539 5634 1729 5675 corum
1779 5622 1869 5692 qui
1919 5622 2093 5690 bapti-

507 5718 721 5763 zantur.
748 5706 857 5765 Has
886 5712 1030 5766 enim
1064 5711 1304 5767 arbitror
1336 5715 1403 5769 ab
1439 5713 1558 5769 istis
1590 5714 1799 5770 radices
1833 5726 2086 5786 peccato-

583 5886 597 5917 '
631 5884 784 5943 Joan.
820 5903 905 5955 ιιι,
947 5889 999 5944 5.
1080 5891 1101 5922 ⁸
1134 5888 1274 5947 Luc.
1308 5908 1389 5957 ιιι,
1435 5895 1525 5949 16.

2199 4599 2361 4669 ἡμῶν
2405 4599 2611 4666 Ἰησοῦς
2636 4600 2896 4668 Χριστὸς,
2932 4600 3016 4652 ὅτι
3070 4598 3213 4653 Ἐὰν
3258 4596 3343 4667 μή
3372 4613 3465 4663 τις
3519 4596 3774 4667 γεννηθῇ

2202 4692 2279 4747 δι’
2328 4692 2550 4757 ὓδατος
2607 4693 2708 4747 και
2763 4693 3137 4761 Ila-stipatae,
3176 4692 3249 4745 οὐ
3282 4692 3363 4760 μὴ
3420 4689 3672 4756 εισὲλθῃ
3699 4692 3773 4754 si:

2200 4784 2318 4853 τὴν
2343 4786 2682 4850 ,ϐασιλειαν
2741 4788 2852 4841 τοῦ
2904 4783 3079 4840 Θεοῦ.
3137 4783 3290 4836 Ἐπεὶ
3320 4782 3377 4836 δὲ
3408 4781 3560 4836 θεῖον
3590 4782 3699 4853 πῦρ
3722 4782 3773 4833 τὸ

2202 4878 2432 4947 Πνεῦμα
2465 4881 2526 4932 τὸ
2556 4878 2718 4947 ᾶγιον
2743 4894 2759 4911 ο
2816 4881 2913 4933 καὶ
2960 4879 3072 4949 γὰρ
3102 4878 3197 4931 καὶ
3228 4880 3286 4930 ὲν
3348 4877 3482 4930 albet
3540 4876 3772 4946 πυρίνων

2152 4998 2153 5001 η
2199 4972 2464 5041 γλωσσῶν
2490 4973 2764 5044 κατῆλθεν
2808 4973 2905 5027 ἐπὶ
2936 4977 3067 5035 τοὺς
3106 4971 3373 5042 μαθητὰς.
3414 4971 3554 5039 περὶ
3594 4962 3657 5024 οῦ
3688 4969 3769 5023 καὶ

2198 5064 2228 5117 ὁ
2256 5064 2569 5134 Ιιρόδρομος
2603 5064 2756 5133 ἔλεγε
2784 5065 2898 5126 τοῖς
2924 5062 3106 5133 ὄχλους
3131 5062 3427 5132 μαρτυρῶν
3451 5063 3535 5132 τῷ
3559 5062 3769 5131 Χριστῴ

2196 5154 2262 5208 τὸ
2322 5155 2661 5225 ὐπερφερὲς,
2720 5156 2806 5207 ὅτι
2853 5154 3124 5221 Ἐκεῖνος
3165 5153 3323 5222 ὑμᾶς
3377 5155 3676 5219 βαπτίσει
3716 5154 3775 5205 ἐν

2198 5250 2501 5320 Πνεύματι
2542 5252 2687 5319 ἁγίῳ
2718 5250 2814 5303 καὶ
2852 5251 2998 5318 πυρί
3017 5267 3030 5280 ·
3069 5249 3258 5320 ὥσπερ
3287 5249 3347 5303 τὸ
3375 5250 3642 5319 αἰσθητὸν
3672 5247 3774 5316 πῦρ

2198 5341 2596 5413 ἐπιλαϐόμενον
2624 5342 3016 5412 ὑλομανοῦντος
3058 5343 3283 5413 χωρίου,
3321 5343 3388 5394 τὰ
3426 5342 3531 5411 μὲν
3566 5342 3663 5394 ἐπὶ
3687 5339 3772 5392 τοῦ

2196 5436 2497 5507 προσώπου
2522 5436 2623 5505 τῆς
2648 5437 2753 5507 γῆς
2776 5438 2957 5491 πάντα
3001 5437 3360 5506 καταφλέγει,
3390 5437 3490 5500 τὰς
3519 5438 3581 5491 δὲ
3629 5436 3772 5506 ῥίζας

2195 5527 2406 5582 τούτων
2436 5526 2823 5597 ἀποξηραίνει,
2873 5528 2969 5582 καὶ
3022 5529 3270 5596 καθαρὸν
3316 5528 3419 5599 τῆς
3475 5531 3543 5582 ἐκ
3575 5529 3769 5583 τούτων

2196 5620 2376 5692 λύμης
2405 5619 2703 5692 ἐργάζεται
2730 5622 2792 5676 τὸ
2840 5622 3044 5693 χωρίον
3064 5639 3079 5655 ο
3130 5621 3279 5676 οὕτω
3315 5624 3412 5676 καὶ
3465 5622 3529 5675 τὸ
3557 5621 3765 5690 Πνεῦμα

2195 5713 2261 5768 τὸ
2297 5715 2474 5783 ἅγιον,
2520 5713 2723 5785 μᾶλλον
2761 5713 2819 5769 δὲ
2875 5714 3061 5787 πολλῷ
3113 5716 3299 5771 πλέον.
3329 5714 3449 5786 Πῦρ
3499 5716 3617 5788 γάρ
3664 5716 3760 5768 ἐστι
