3960 6580
173 434 305 499 1271

1021 435 1406 497 PANOPLIA
1444 429 1911 498 DOGIEATICA.
1949 448 2018 473 έ-
2059 438 2207 501 ΤΙΤ.
2253 436 2463 505 XXVI.

3291 438 3428 505 1278

172 553 566 608 καταναλίσκον
625 551 723 623 τὴν
786 550 1094 621 μοχθηρίαν
1145 550 1255 605 τῶν
1297 548 1774 619 βαπτιζομένωνμ

1883 566 1965 605 um
1990 552 2319 608 existimari.
2370 552 2524 621 Quod
2578 555 2626 609 si
2676 565 2732 610 et
2781 568 2918 624 aqua
2963 562 3154 623 purgat
3210 568 3432 608 omnino

171 647 264 698 καὶ
309 643 416 697 τῶν
445 641 701 712 πονηρῶν
736 641 904 707 ’ἐξεων
952 640 1331 710 ἁφανιστικόν.
1392 639 1607 703 Ταύτας
1637 637 1747 707 γὰρ

170 731 329 805 οἶμαι
370 734 529 803 ῥίζας
558 733 667 785 τῶν
696 732 1121 802 ἁμαρτημάτων
1170 730 1415 794 ἐκείνους
1439 730 1646 799 λέγειν.
1685 730 1749 784 Εί

172 828 225 882 δὲ
263 827 441 881 καὶτὸ
478 824 623 897 ὕδωρ
656 825 912 896 καθαίρει
937 823 1221 888 παντελῶς
1258 824 1326 877 τὰ
1371 821 1605 892 σώματα
1638 820 1750 878 τῶν

170 919 496 989 ἀνθρώπων,
529 918 613 983 τίς
642 918 946 991 ἁμφιόαλεῖ
995 915 1241 987 περὶτοῦ
1298 916 1457 986 ἁγίου
1490 915 1747 985 Πνεύμα-

173 1030 284 1076 τος,
316 1013 391 1075 ὡς
414 1013 515 1066 οὐκ
542 1013 891 1084 ἀσυγκρίτως
915 1011 1077 1065 πλέον
1106 1009 1475 1078 ἀποκαθαίρει
1501 1007 1570 1062 τὰ
1602 1006 1754 1075 στίγ-

178 1122 346 1175 ματα,
380 1108 475 1159 καὶ
515 1104 613 1167 τὰς
664 1104 916 1175 κηλῖδας,
960 1104 1057 1157 καὶ
1104 1104 1234 1165 τοὺς
1284 1099 1599 1172 μολυβμοὺς
1643 1098 1753 1154 τῶν

174 1199 365 1268 ψυχῶν
398 1215 413 1263 ;
452 1199 560 1250 Καὶ
586 1197 648 1250 ού
679 1194 937 1268 καθαίρει
964 1196 1147 1267 μόνον,
1187 1193 1323 1247 ἀλλὰ
1370 1193 1466 1246 καλ⁹
1497 1189 1756 1261 λαμπρύα

178 1306 290 1346 νει·
333 1291 453 1344 οὐδέ
484 1288 800 1359 λαμπρύνει
861 1288 1046 1359 μόνον,
1116 1285 1254 1341 ἀλλὰ
1290 1286 1383 1340 καὶ
1410 1284 1556 1337 θείου
1594 1282 1755 1354 χαρί-

1847 657 2078 713 corpora
2112 645 2419 711 hominum,
2447 647 2569 716 quis
2602 646 2812 702 dubitet
2846 647 2974 719 quin
3023 645 3261 717 Spiritus
3304 660 3435 700 san-

1847 744 1968 790 ctus
2009 735 2182 792 multo
2210 739 2386 807 magis
2418 741 2538 795 sine
2569 741 2677 794 ulla
2703 740 3106 810 comparatione
3128 738 3432 801 cicatrices,

1848 834 1903 879 et
1932 826 2194 892 maculas,
2216 837 2274 881 et
2307 830 2502 884 sordes
2532 832 2832 885 animarum
2855 838 3116 900 expurget
3138 844 3201 883 ac
3224 829 3437 884 deleat?

1848 914 2038 986 Neque
2086 917 2262 973 solum
2302 932 2568 991 expurget
2611 922 2667 978 εἰ
2708 923 2919 987 deleat,
2943 935 3130 977 verum
3169 919 3332 975 etiam
3370 918 3436 972 il-

1848 1007 2089 1078 lustret;
2129 1026 2230 1067 nec
2259 1012 2491 1069 illustret
2525 1017 2707 1080 modo,
2761 1017 2855 1071 sed
2891 1029 3114 1069 munera
3156 1013 3435 1081 largiatur,

1852 1111 1912 1155 ut
1938 1101 2138 1158 docent
2159 1107 2411 1175 apostoli,
2441 1109 2496 1163 in
2532 1109 2830 1178 primisque
2857 1108 3059 1163 Paulus
3088 1107 3144 1161 in
3175 1104 3434 1160 distribu-

1856 1194 2097 1251 tionibus
2116 1198 2414 1267 gratiarum
2454 1199 2694 1270 Spiritus
2721 1200 2919 1268 sancti,
2965 1199 3163 1270 quibus
3199 1187 3441 1253 afﬁciun-

1858 1296 1948 1342 tur
1972 1288 2052 1343 illi
2080 1290 2172 1358 qui
2205 1291 2573 1363 baptizantur.

182 1400 396 1456 σματος
430 1384 598 1449 ἀξιοῖ,
622 1381 807 1448 καθὼς
845 1381 1191 1435 διδάσκουσιν
1241 1380 1291 1433 oi
1326 1377 1640 1438 ἀπόστολοι.
1674 1377 1772 1431 καὶ
1796 1378 2031 1449 μάλιστα
2087 1382 2300 1449 Παῦλος
2332 1386 2389 1439 ἐν
2421 1389 2541 1450 ταῖς
2584 1387 2892 1460 διαιρέσεσι
2954 1387 3068 1440 τῶν
3122 1386 3219 1439 τοῦ
3286 1376 3440 1453 ἁγίου

177 1477 497 1545 Πνεύματος
522 1474 904 1546 χαρισμάτων,
937 1471 973 1527 ἃ
1004 1474 1118 1537 τοῖς
1147 1471 1571 1543 βαπτιζομένοις
1610 1472 2022 1542 ἐπεμερίζοντο.

247 1571 417 1623 Φασὶν
445 1567 680 1620 ἕκαστον
708 1566 820 1619 τῶν
855 1566 1196 1636 τικτομένων
1236 1566 1442 1619 παίδων
1475 1564 1658 1618 ’ἑλκειν
1689 1565 1755 1618 ἐκ

176 1660 272 1715 τοῦ
312 1660 659 1729 προπάτορος
691 1656 885 1726 Ἀδὰμ,
922 1657 1111 1727 ὥσπερ
1134 1656 1233 1726 τὴν
1278 1655 1462 1724 φύσιν,
1508 1653 1651 1708 οὕτω
1691 1654 1756 1726 δὴ

182 1754 284 1804 καὶ⁸
313 1749 411 1818 τὴν
445 1749 585 1819 πρὸς
631 1749 759 1811 τοὺς
806 1746 1070 1817 δαίμονας
1125 1745 1395 1812 δουλείαν,
1432 1747 1527 1799 καὶ
1564 1763 1760 1800 συνου-

178 1845 459 1913 σιωμένον
511 1842 702 1913 φέρειν
745 1840 978 1911 δαίμονα
1035 1838 1392 1894 συνοικοῦντα
1434 1837 1632 1910 τούτῳ,
1664 1838 1760 1892 καὶ

186 1934 710 2003 κατεξουσιάζοντα,
747 1934 1034 1989 ἀδυνατεῖν
1072 1934 1128 1985 δέ
1164 1933 1260 1987 καὶ
1287 1932 1349 1985 τὸ
1378 1932 1536 2000 ἆγιον
1567 1931 1763 2002 βάπτι-

183 2046 323 2100 σμα,
378 2030 473 2082 καὶ
525 2029 708 2081 πᾶσαν
754 2026 923 2096 ἄλλην
974 2024 1264 2093 θειοτάτην
1322 2024 1587 2095 ἐργασίαν
1622 2023 1760 2094 πρὸς

182 2122 452 2175 ἀπέλασιν
479 2118 667 2182 αὑτοῦ,
699 2119 867 2188 μόνην
896 2118 953 2171 δὲ
986 2117 1176 2170 τοῦτον
1205 2116 1427 2181 ἐξωθεῖν
1451 2116 1551 2185 τὴν
1576 2117 1764 2169 ἐπιτε-

180 2216 428 2286 ταμένην
455 2215 550 2267 καὶ
599 2213 897 2266 σπουδαίαν
930 2211 1101 2281 εὐχὴν
1131 2211 1220 2266 διὰ
1252 2212 1350 2278 τῆς
1402 2208 1494 2264 τοῦ
1526 2206 1762 2279 εὐχομὲο

183 2325 279 2364 νου
309 2307 603 2379 χρέμψεώς
619 2323 677 2359 τε
696 2307 791 2360 καὶ
813 2302 1196 2367 ἀποπτύσεως.
1226 2303 1431 2355 Τούτου
1460 2301 1518 2355 δὲ
1550 2299 1760 2353 ἀπελα-

184 2403 393 2467 θέντος,
440 2401 728 2470 ἐπιφοιτᾷν
772 2396 1051 2467 αἰσθητῶς
1080 2397 1172 2448 καὶ
1196 2393 1407 2465 ὁρατῶς
1434 2394 1494 2446 τὸ
1535 2391 1761 2462 Πνεῦμα

181 2496 248 2548 τὸ
274 2495 431 2563 ἅγιον
483 2493 585 2563 τὴν
622 2492 833 2545 οἰκείαν
896 2489 1207 2559 παρουσίαν
1255 2489 1548 2557 σημαῖνον,
1580 2483 1678 2536 καὶ
1705 2482 1766 2536 τὸ

185 2587 350 2656 σῶμα
392 2587 492 2655 τῆς
531 2583 641 2638 τῶν
702 2582 893 2641 παθῶν
944 2583 1213 2652 κινήσεως
1268 2577 1620 2649 ἐλευθεροῦν,
1671 2576 1767 2629 καὶ

183 2680 461 2735 ἀπάθειαν
506 2676 890 2748 χαριζόμενον,
938 2675 1014 2738 ὡς
1074 2674 1273 2746 μηκέτι
1319 2671 1532 2724 δεῖσθαι
1579 2669 1767 2723 λοιπὸν

192 2774 337 2843 μήτε
364 2771 619 2843 νηστείας
654 2769 956 2839 πιεζούσης
1002 2766 1063 2821 τὸ
1120 2768 1306 2837 σῶμα,
1336 2766 1478 2847 μήτε
1506 2765 1771 2817 διδασκα-

184 2866 310 2928 λίας
342 2863 690 2935 χαλινούσης,
721 2863 815 2919 καὶ
840 2862 1051 2933 βαίνειν
1086 2860 1327 2915 εὖτακτα
1378 2858 1767 2928 παιδευούσης.

187 2960 270 3012 Οὐ
296 2958 453 3012 τοῦτο
475 2957 531 3012 δὲ
565 2956 749 3028 μόνον,
779 2955 919 3011 ἀλλὰ
948 2956 1040 3009 τὸν
1072 2956 1171 3024 τῆς
1202 2953 1465 3022 τοιαύτης
1494 2950 1772 3011 ἀπαθείας

185 3051 535 3120 τετυχηκότα
562 3048 631 3103 τά
661 3066 724 3101 τε
760 3047 1024 3118 μέλλοντα
1048 3048 1311 3117 προορᾷν,
1354 3044 1451 3099 καὶ
1494 3043 1594 3114 τὴν
1617 3042 1772 3095 θείαν

188 3143 402 3214 Τριάδα
454 3142 564 3205 τοῖς
605 3140 905 3210 ὀφθαλμοῖς
951 3140 1199 3209 θεωρεῖν.
1250 3138 1449 3201 Μόνοις
1493 3136 1604 3206 γὰρ
1658 3136 1774 3198 τοῖς

1935 1568 2100 1623 Aiunt
2154 1584 2349 1639 pueros
2389 1586 2579 1627 omnes
2628 1570 2721 1643 qui
2785 1582 3108 1639 nascuntur,
3166 1572 3381 1625 trahere
3415 1586 3443 1624 a

1865 1658 2043 1727 primo
2072 1670 2300 1730 parente
2339 1662 2509 1719 Adam
2556 1673 2613 1720 ut
2644 1676 2918 1731 naturam,
2951 1666 3031 1720 sic
3055 1667 3217 1719 etiam
3276 1664 3448 1719 servi-

1868 1760 2038 1806 tutem
2071 1768 2195 1808 cum
2235 1755 2593 1824 daemonibus,
2622 1770 2675 1813 et
2710 1775 2834 1814 cum
2871 1769 3067 1813 natura
3097 1757 3445 1824 conjunctnm

1866 1844 2165 1901 daamoncm
2245 1862 2432 1903 secum
2511 1852 2941 1916 cohabitantem,
3007 1861 3062 1904 et
3123 1857 3447 1919 potestatem

1861 1951 2227 2004 exercentem,
2279 1955 2381 1996 nec
2425 1954 2673 1998 sanctum
2728 1944 3081 2013 baptismum,
3115 1951 3171 1997 et
3232 1957 3449 1997 omnem

1864 2029 2026 2082 aliam
2058 2030 2295 2085 divinam
2340 2036 2609 2088 actionem
2655 2051 2816 2104 posse
2844 2037 2993 2090 illum
3020 2034 3315 2105 expellere,
3355 2033 3451 2087 sed

1864 2124 2233 2190 precationem
2265 2126 2433 2180 solam
2460 2128 2578 2196 ejus
2603 2144 2723 2181 cum
2763 2145 2954 2198 magna
3005 2127 3274 2197 precantis
3321 2125 3450 2179 alie-

1864 2215 2045 2269 ctione
2074 2226 2127 2269 et
2159 2225 2472 2287 contemptu
2493 2219 2782 2289 diligenter
2808 2221 3104 2274 adhibitam
3134 2220 3185 2273 id
3204 2219 3445 2274 eti‘tcere.

1866 2305 2120 2361 Dteinone
2154 2317 2333 2363 autem
2385 2309 2555 2375 ejecto
2584 2309 2843 2379 Spiritum
2887 2317 3132 2365 sanctum
3176 2308 3255 2363 sic
3295 2323 3447 2362 acce-

1864 2399 2017 2462 dere,
2071 2409 2131 2454 ut
2214 2403 2487 2457 sentiatur
2566 2413 2622 2457 et
2706 2403 2979 2469 videatur,
3064 2403 3453 2473 propriumque

1867 2493 2158 2548 adventum
2194 2493 2521 2564 signiﬁcare,
2566 2504 2623 2549 et
2668 2510 2865 2565 corpus
2896 2510 2925 2549 a
2982 2470 3451 2563 per—turbatiowm
3508 2470 3523 2487 \

1868 2598 2018 2641 motu
2054 2587 2314 2653 liberare,
2357 2597 2413 2644 et
2464 2588 2921 2659 impatibilitatetn
2979 2586 3187 2657 largiri,
3221 2585 3357 2641 adeo
3393 2594 3456 2640 ut

1870 2679 2129 2751 deinceps
2185 2681 2233 2737 ei
2266 2696 2370 2737 nec
2407 2681 2631 2750 jejuniis
2673 2682 2746 2737 sit
2797 2694 2955 2751 Opus,
2995 2679 3195 2749 quibus
3254 2693 3454 2746 cel‘lms

1870 2769 2092 2844 allligat,
2137 2787 2311 2842 neque
2339 2772 2626 2843 disciplina
2709 2784 2829 2841 quae
2862 2779 3137 2836 coerceat,
3180 2778 3233 2824 et
3264 2770 3457 2823 ordine

1873 2867 2080 2940 ingredi
2121 2866 2335 2922 doceat.
2363 2866 2631 2921 Praaterea
2670 2867 2761 2936 qui
2820 2867 3146 2920 vacuitatem
3194 2864 3338 2917 banc
3386 2862 3453 2915 ab

1873 2957 2250 3013 affectionibus
2283 2957 2357 3012 sit
2394 2965 2699 3023 assecutus,
2759 2963 2874 3011 tum
2918 2968 2982 3010 ea
3047 2969 3166 3023 qua:
3228 2961 3455 3007 ventura

1873 3062 2024 3115 sunt,
2110 3051 2433 3120 praevidere,
2474 3058 2584 3103 tum
2618 3048 2857 3104 divinam
2919 3046 3239 3100 Trinitatem
3288 3044 3460 3100 oculis

1879 3145 2079 3200 intueri
2109 3160 2126 3201 :
2172 3158 2336 3200 sensu
2362 3143 2509 3199 enim
2540 3143 2608 3197 ab
2637 3140 2905 3215 ejusmodi
2930 3141 3105 3196 solum
3144 3138 3460 3194 hominibus

186 3238 465 3298 τοιούτοις
517 3234 797 3303 αἰσθητοῖς
852 3232 1060 3301 ταύτην
1112 3230 1536 3299 ἐμφανίζεσθαι.
1597 3227 1772 3282 Τοῦτο

1883 3238 2285 3310 comprehendi.
2310 3236 2433 3292 Haec
2456 3234 2527 3292 illi
2555 3236 2815 3291 sentiunt.
2837 3232 2945 3289 Νὸε
2963 3241 3141 3286 autem
3164 3232 3457 3301 reSponde-

194 3331 304 3402 μὲν
333 3325 427 3383 οῦν
459 3328 687 3383 ἐκείνων
714 3327 776 3379 τὸ
806 3327 985 3395 δόγμα
1009 3343 1023 3356 ·
1052 3326 1211 3393 ἡμεῖς
1239 3325 1294 3378 δὲ
1323 3324 1462 3393 πρὸς
1491 3323 1651 3377 τοῦτο
1683 3322 1773 3376 λέ-

191 3438 395 3492 γομεν,
454 3422 537 3474 ὄτι
585 3420 636 3472 oi
690 3420 755 3471 ἐκ
790 3418 887 3470 τοῦ
930 3418 1366 3487 πρωτοπλαστου
1403 3416 1776 3486 καταγόμενοι

190 3515 403 3576 πάντες
425 3513 683 3582 τοιαύτην
715 3510 968 3564 ἕλκουσιν
1001 3510 1062 3575 ἐξ
1103 3509 1269 3563 αὐτοῦ
1313 3508 1413 3579 τὴν
1440 3507 1625 3577 φύσιν,
1657 3508 1776 3559 οἷαν

192 3607 373 3677 αὐτὴν
402 3601 551 3675 εἶχεν
580 3604 767 3668 αὐτὸς,
799 3604 888 3655 ὅτε
918 3602 1014 3655 τοῦ
1042 3604 1240 3672 γεννᾷν
1266 3602 1493 3672 ἦρξα-ιο.
1524 3599 1777 3668 Γὲννημα

190 3703 313 3771 γὰρ
343 3700 491 3753 ἆπαν
519 3698 633 3749 ἴσον
678 3696 756 3767 τῷ
794 3696 1150 3767 γεγεννηκότι
1184 3696 1328 3749 κατὰ
1362 3697 1462 3763 τὴν
1492 3695 1681 3762 φύσιν.
1715 3692 1779 3746 Et

198 3796 306 3866 μὲν
350 3789 446 3847 οὖν
476 3792 600 3846 κατ’
632 3790 808 3862 ἀρχὰς
847 3793 874 3843 ὁ
922 3789 1059 3853 Θεὸς
1103 3791 1170 3859 τῇ
1212 3787 1375 3858 φύσει
1425 3786 1523 3840 τοῦ
1564 3801 1781 3856 πρωτο-

195 3890 448 3944 πλάστου
481 3886 712 3956 δαίμονα
765 3884 1180 3954 συνεκλήρωσε,
1237 3885 1335 3937 καὶ
1376 3881 1574 3951 δούλην
1608 3879 1780 3950 αὐτὴν

196 3980 300 4034 τοῦ
361 3979 817 4040 συνουσιωθέντος
867 3976 1124 4046 δαίμονος
1173 3976 1495 4044 ἐποιήσατο,
1551 3975 1782 4036 είκότως

198 4075 306 4129 καὶ
362 4074 413 4125 οι
453 4072 512 4137 ἐξ
539 4071 705 4125 αὑτοῦ
770 4068 1102 4139 δαιμονιώδη
1147 4068 1242 4121 καὶ
1271 4067 1471 4137 δούλην
1523 4067 1785 4134 δαίμονος

201 4166 377 4237 αὐτὴν
402 4165 725 4235 διεδέχοντο.
757 4163 818 4216 Ei
854 4161 898 4215 δ’
933 4159 1229 4229 ἐλευθέραν
1269 4161 1364 4212 καὶ
1406 4158 1769 4223 αὐτεξούσιον

202 4262 384 4330 αὐτὴν
408 4257 809 4321 κατεσκεύασε,
836 4252 1099 4325 ληροῦσιν
1129 4253 1414 4322 ἄντικρυς,
1441 4252 1536 4302 καὶ
1572 4249 1785 4321 μωραί-

201 4370 417 4408 νουσιν.
476 4353 537 4405 Εἰ
574 4351 681 4420 γὰρ
716 4351 792 4419 μὴ
847 4347 1113 4417 ἐλευθέρα
1161 4344 1260 4398 καὶ
1294 4344 1647 4408 αὑτεξούσιος
1693 4339 1785 4413 ἦν,

204 4449 316 4502 οὐκ
340 4447 405 4499 ἂν
442 4444 520 4515 τῷ
555 4443 831 4515 γεννάρχῃ
871 4440 970 4511 τὴν
1010 4439 1234 4510 ἐντολὴν
1263 4437 1659 4507 ἐνομοθέτησεν
1711 4430 1786 4489 ὧν

204 4554 269 4590 τε
326 4533 698 4605 μεταληπτέον
752 4530 900 4600 αὑτῴ
967 4529 1172 4598 φυτῶν,
1223 4529 1320 4581 καὶ
1375 4521 1437 4580 οῦ
1481 4526 1558 4597 μὴ
1614 4542 1787 4596 προσ-ι
1818 4565 1866 4621 υ

208 4629 435 4684 απτέον.

284 4722 348 4777 El
379 4720 573 4791 δούλην
605 4720 698 4773 τοῦ
747 4717 947 4789 ἐχθροῦ
980 4716 1079 4778 τὴν
1125 4716 1290 4787 φύσιν
1343 4714 1504 4785 ἡμῶν
1548 4711 1587 4767 ’ὁ
1652 4713 1828 4778 Θεὸς⁹

208 4816 461 4887 ἐποίησε,
481 4814 662 4866 πάντα
696 4813 751 4865 δὲ
782 4813 850 4865 τὰ
882 4810 1233 4881 πραττόμενα
1261 4811 1405 4863 κατὰ
1434 4808 1599 4877 φύσιν
1626 4809 1790 4876 ἀνέγ-

212 4909 393 4978 κλητα
449 4905 547 4960 καὶ
609 4903 961 4973 ἀτιμώρητα,
1005 4902 1195 4953 λοιπὸν
1237 4897 1362 4951 οὕτε
1411 4899 1596 4969 κρίσις
1632 4897 1789 4952 ἔσται

210 5001 327 5055 τῶν
398 4997 827 5069 ἁμαρτανόντων
877 4995 1002 5050 οὔτε
1057 4994 1305 5055 κόλασις.
1375 4993 1607 5062 Ἔχουσι
1675 4992 1786 5063 γὰρ

216 5093 451 5164 ἰσχυραν
475 5091 780 5159 ἀπολογίαν
809 5089 946 5159 πρὸς
985 5088 1077 5142 τὸν
1114 5087 1270 5150 Θεὸν,
1320 5087 1404 5140 ὅτι
1435 5085 1507 5137 Σὺ
1548 5086 1650 5156 τὴν
1689 5084 1795 5153 φύ-

217 5201 306 5238 σιν
351 5182 512 5252 ἡμῶν
573 5184 639 5254 τῇ
694 5179 911 5251 δουλείᾳ
941 5178 1052 5233 τῶν
1103 5176 1374 5248 δαιμόνων
1426 5174 1736 5239 ὑπέζευεας
1773 5188 1788 5205 ⁸

217 5277 521 5343 ἀναγκαῖον
551 5273 610 5326 δὲ
657 5275 772 5336 τοῖς
810 5272 1023 5335 δούλοις
1077 5273 1264 5326 ἐκεῖνα
1322 5269 1614 5343 πράττειν,
1648 5268 1792 5339 ἅπερ

218 5371 272 5424 οἱ
308 5368 667 5432 δεσπόζοντες
718 5366 1123 5420 ἐπιτάττουσιν.

297 5462 361 5517 Et
424 5460 526 5532 τὴν
606 5460 771 5530 φύσιν
850 5457 1008 5530 ἡμῶν
1093 5458 1123 5511 ὁ
1204 5458 1338 5523 Θεὸς
1425 5456 1622 5526 δούλην
1686 5456 1797 5509 τῶν

221 5554 497 5625 δαιμόνων
570 5552 867 5622 ἐποίησεν,
965 5550 1015 5603 oi
1089 5549 1345 5619 δαίμονες
1418 5550 1475 5603 δὲ
1553 5546 1799 5603 κινοῦσιν

223 5650 378 5720 ἡμᾶς
430 5645 524 5700 ἐπὶ
580 5646 690 5701 πᾶν
755 5644 952 5709 κακὸν,
1004 5642 1367 5713 εὑρεθήσεται
1411 5643 1632 5697 πάντων
1686 5641 1798 5694 τῶν

226 5739 594 5811 ἀνθρωπίνων
661 5735 852 5790 κακῶν
903 5735 1080 5797 αίτιος
1145 5734 1175 5787 ὸ
1245 5733 1402 5796 Θεός.
1457 5735 1621 5789 ’Δλλά
1691 5734 1797 5805 μὴν

230 5833 477 5895 ἀναίτιος
536 5831 738 5893 παντὸς
793 5827 967 5882 κακοῦ
1034 5829 1064 5881 ὁ
1095 5826 1252 5890 Θεός.
1306 5827 1475 5880 Οὐδὲν
1526 5828 1637 5897 γὰρ
1698 5844 1800 5880 κα-

232 5929 330 5984 κὸν
358 5928 423 5981 ἐκ
457 5924 550 5979 τοῦ
583 5922 744 5994 φύσει
781 5922 1011 5992 ἀγαθοῦ.
1053 5922 1167 5976 Οὐκ
1215 5921 1322 5991 ἄρα
1374 5922 1400 5974 ό
1431 5920 1563 5985 Θεὸς
1610 5920 1808 5991 δούλην

1880 3345 2024 3396 mus,
2051 3344 2261 3392 omnes,
2292 3330 2382 3400 qui
2422 3344 2451 3383 a
2481 3330 2654 3398 primo
2679 3338 2902 3398 parente
2933 3325 3139 3379 ducunt
3170 3324 3460 3394 originem,

1882 3424 2150 3478 talemab
2200 3424 2314 3492 ipso
2362 3428 2607 3475 naturam
2667 3422 2903 3483 trahere,
2963 3419 3175 3489 qualem
3231 3416 3464 3470 habebat

1885 3516 2021 3585 ipse.
2047 3530 2169 3569 cum
2201 3514 2464 3582 inciperet
2510 3528 2791 3581 generare.
2843 3511 3033 3566 Omnis
3087 3512 3231 3564 enim
3284 3508 3463 3578 proles

1880 3605 2114 3675 genitori
2158 3617 2258 3657 suo
2312 3612 2505 3656 natura
2567 3617 2665 3671 par
2720 3612 2774 3656 et
2830 3602 3022 3655 similis
3051 3610 3153 3655 est.
3207 3598 3384 3666 Quare
3415 3600 3461 3652 si

1882 3694 2148 3765 principio
2182 3695 2321 3749 Deus
2371 3704 2579 3747 natura:
2638 3691 2799 3762 primi
2865 3692 3105 3761 parentis
3157 3693 3461 3747 daemonem

1882 3784 2149 3847 attribuit,
2198 3794 2252 3838 et
2305 3784 2624 3839 servitutem
2688 3782 2829 3839 hanc
2898 3782 3165 3838 daamonis
3227 3782 3462 3837 essentia

1883 3877 2160 3947 conjuncti
2193 3877 2493 3944 constituit,
2527 3877 2721 3931 merito
2752 3884 2804 3931 et
2830 3878 3031 3945 posteri
3087 3877 3254 3947 ipsius
3291 3874 3466 3930 servi—

1884 3979 2051 4027 tutem
2085 3973 2346 4027 daemonis
2374 3979 2751 4040 susceperunt,
2785 3981 3145 4041 naturamque
3171 3968 3465 4023 daemonia-

1885 4080 2028 4122 eam.
2063 4064 2218 4133 Quod
2259 4063 2304 4118 si
2340 4063 2480 4116 illam
2513 4060 2736 4116 liberam
2792 4072 2844 4116 et
2895 4063 2976 4117 sui
3012 4060 3151 4130 juris
3208 4061 3461 4126 ilhlllUll,

1886 4168 2160 4227 nugantur
2192 4164 2247 4209 et
2291 4155 2587 4209 insaniunt.
2619 4152 2754 4208 Nam
2807 4155 2850 4209 si
2894 4156 3060 4211 libera
3130 4167 3178 4209 et
3205 4156 3286 4209 sui
3328 4154 3465 4223 juris

1887 4263 1996 4302 non
2037 4247 2363 4309 exstitisset,
2426 4248 2600 4313 primo
2631 4247 2846 4317 generis
2886 4249 3091 4316 parenti
3152 4247 3462 4299 mandatum

1888 4353 1995 4394 non
2032 4339 2291 4402 dedisset,
2326 4340 2522 4406 quibus
2544 4354 2573 4391 e
2599 4338 2798 4409 plantis
2833 4340 2972 4393 vesci
3033 4338 3274 4405 deberet,
3335 4347 3389 4393 et
3437 4354 3466 4390 a

1888 4429 2080 4500 quibus
2108 4429 2403 4485 abstinere.

1973 4729 2028 4786 Si
2066 4739 2313 4783 naturam
2342 4735 2584 4780 nostram
2613 4721 2817 4779 inimici
2845 4736 3059 4777 servam
3095 4723 3233 4777 Deus
3266 4722 3469 4776 consti~

1898 4824 2022 4891 tuit,
2045 4821 2224 4876 omnia
2246 4830 2425 4873 autem
2458 4833 2575 4887 qua:
2620 4832 2649 4870 a
2682 4816 2833 4869 nobis
2857 4822 3048 4870 natura
3081 4815 3234 4876 ﬁunt,
3262 4829 3361 4868 nec
3418 4816 3470 4869 in

1898 4916 2101 4970 crimen
2131 4914 2307 4966 vocari
2338 4918 2585 4978 possunt,
2614 4924 2714 4962 nec
2736 4907 3002 4978 supplicio
3029 4906 3190 4975 allici,
3226 4908 3475 4976 sequitur

1900 5020 1958 5062 ut
1990 5023 2090 5062 nec
2122 5004 2407 5076 judicium,
2444 5017 2544 5056 nec
2573 4998 2972 5056 animadversio
3026 4998 3367 5069 peccantium
3403 4999 3481 5054 sit

1895 5102 2100 5157 l'utura.
2177 5098 2291 5153 llac
2356 5095 2499 5151 enim
2564 5094 2737 5150 valida
2819 5094 3134 5151 defensione
3205 5096 3481 5150 adversus

1903 5193 2073 5246 Deum
2133 5195 2208 5245 uti
2259 5198 2553 5260 poterunt:
2624 5188 2702 5242 Tu
2755 5196 3004 5240 naturam
3068 5194 3311 5241 nostram
3361 5199 3476 5237 ser-

1904 5283 2063 5339 vituti
2122 5283 2425 5335 daemonum
2478 5278 2775 5345 sulijecisti.
2834 5276 3232 5335 tNecessarium
3295 5284 3485 5327 autent

1904 5385 2033 5440 est.
2091 5385 2149 5430 ut
2203 5375 2345 5427 servi
2413 5370 2617 5425 faciant
2687 5386 2748 5424 ea
2796 5384 2916 5437 quae
2989 5368 3190 5422 domini
3262 5365 3475 5437 jubeut.

1980 5470 2039 5524 Si
2099 5478 2346 5523 naturam
2411 5476 2653 5519 nostram
2700 5462 3016 5525 daemonum
3068 5474 3288 5515 servam
3341 5457 3485 5512 Deus

1909 5558 2215 5625 constituit,
2247 5560 2520 5612 daemones
2585 5562 2768 5607 autem
2810 5566 2907 5606 nos
2956 5552 3023 5606 ad
3076 5564 3238 5605 omne
3293 5547 3489 5603 vitium

1903 5654 2211 5721 impellunt,
2266 5651 2519 5703 vitiorum
2580 5649 2827 5701 ouuiuut
2894 5653 3084 5697 auctor
3143 5649 3228 5696 est
3299 5641 3463 5696 Deus.

1908 5745 2070 5817 Atqui
2146 5742 2346 5797 nullius
2422 5738 2549 5794 mali
2632 5735 2774 5791 Deus
2854 5744 2939 5791 est
3016 5747 3203 5789 causa.
3264 5730 3489 5786 Nullum

1905 5844 2049 5898 enim
2104 5838 2302 5892 malum
2352 5835 2419 5890 ab
2456 5848 2520 5889 eo
2551 5834 2641 5903 qui
2682 5843 2876 5885 natura
2934 5832 3106 5911 bonus
3135 5836 3262 5894 est,
3317 5826 3491 5898 proli-

1918 5934 2140 5990 ciscitur
2233 5928 2349 5985 Non
2445 5926 2610 5993 igitur
2684 5925 2987 5980 daemonum
3066 5936 3279 5978 servam
3349 5919 3506 5973 Deus.
