3960 6562
206 386 349 451 1Ξ85

1134 371 1511 437 ΡΑΝΟΡΙΛᾹ
1556 366 2021 431 DOGMATlCA.
2056 376 2127 401 ’··’
2159 365 2311 428 ΤιΤ.
2360 363 2579 427 XXVI.

3353 354 3428 422 12.
3452 352 3491 418 6

274 497 566 564 Λέγουσιν,
584 495 670 550 ὅτι
702 492 1049 549 συνοικοῦσιν
1069 491 1127 543 ἐν
1156 488 1236 559 τῷ
1252 486 1527 558 ἀνθρώπῳ
1541 482 1604 537 τὸ
1621 479 1791 535 Πνεῦ-

1962 477 2158 535 Dicunt
2183 477 2237 533 in
2270 475 2489 535 homine
2510 482 2581 531 et
2605 481 2855 537 sanctum
2884 470 3176 545 Spiritum,
3206 477 3262 524 et
3286 470 3489 527 daemo-

206 590 288 660 μά
316 606 381 642 τε
430 569 491 643 τδ
516 588 673 658 ἅγιον
695 588 792 642 καὶ
828 589 859 640 ό
886 586 1120 656 δαίμων.
1191 580 1354 636 Ἀλλὰ
1387 577 1504 641 πῶς
1539 572 1797 644 συνοική-

201 699 390 736 σουσιν
417 681 670 753 ἀλλήλοις
703 680 860 745 Θεδς,
889 679 985 733 καὶ
1016 677 1250 747 δαίμων,
1279 673 1340 726 τὸ
1374 668 1793 741 καθαρώτατον,

204 773 298 827 καὶ
332 771 553 827 πάντων
577 769 1061 840 ἁκαθαρτότατονς
1088 767 1152 822 τὸ
1173 765 1313 835 φῶς,
1337 764 1434 817 καὶ
1459 761 1522 814 τδ
1557 760 1751 822 σκότος
1775 774 1791 824 ἶ

203 865 261 918 οί
284 864 426 917 κατὰ
456 864 754 932 διάμετρον
783 862 1038 933 ἀλλήλοις
1057 858 1436 929 ἐχθραίνοντες
1454 870 1470 920 ;
1494 854 1670 907 Ὅπου
1686 852 1796 920 γὰρ

206 953 542 1023 ἐπιδημήσει
595 952 656 1005 τὸ
690 952 914 1021 Πνεῦμα
945 951 1008 1005 τὸ
1062 950 1241 1017 ἅγιον,
1297 943 1628 1017 δραπετεύει
1682 941 1792 1003 πᾶς

203 1043 418 1114 δαίμων
445 1042 664 1111 φεύγων
697 1044 866 1107 ὀξέως
930 1043 1025 1096 καὶ
1065 1039 1503 1113 ἀμεταστρεπτὶ,
1535 1034 1792 1103 καθάπερ

204 1137 314 1190 ἀπὸ
338 1139 528 1206 πυρός.
553 1137 687 1199 Θεὸς
723 1137 821 1206 μὲν
851 1136 964 1206 γὰρ
984 1135 1045 1188 τδ
1072 1131 1302 1199 Πνεῦμα
1332 1131 1394 1185 τὸ
1440 1128 1618 1196 ἁγιον·
1649 1128 1699 1182 εί
1732 1125 1793 1179 δὲ

203 1231 358 1295 Θεὸς,
391 1232 486 1281 καὶ
509 1229 619 1300 πῦρ
640 1227 1038 1282 καταναλίσκον
1060 1229 1157 1298 τὴν
1186 1224 1298 1278 τῶν
1326 1223 1600 1293 δαιμόνων
1641 1220 1793 1290 ἰσχύν

206 1327 317 1379 Καὶ
347 1325 407 1377 τὸ
443 1326 543 1394 μὲν
592 1325 785 1385 σκότος
835 1322 1024 1375 λύεται
1059 1324 1127 1391 τῇ
1160 1318 1437 1392 παρουσίᾳ
1466 1316 1561 1370 τοῦ
1591 1317 1789 1386 φωτὸ·,

202 1418 307 1470 όδέ
346 1417 586 1487 πονηρὸς
641 1416 854 1487 δαίμων
910 1416 1193 1469 ἐλαύνεται
1245 1410 1672 1483 βασανιζόμενος
1724 1410 1790 1479 τῇ

208 1507 439 1576 μάστιγι
469 1508 569 1575 τῆς
617 1506 947 1576 ἐνοικήσεως
981 1500 1076 1559 τοῦ
1114 1504 1271 1574 ἁγίου
1292 1503 1611 1572 Πνεύματος
1633 1515 1647 1530 ·
1678 1500 1791 1561 τοῖς

202 1600 314 1670 γὰρ
340 1598 479 1667 ἄγαν
510 1599 780 1663 ἐναντίοις
809 1599 908 1651 οὐκ
962 1596 1081 1651 ἐστι
1116 1596 1435 1666 συνοίκησις
1460 1610 1472 1624 ·
1506 1591 1790 1664 φθείρεται

202 1692 337 1765 γὰρ,
372 1691 400 1763 ἢ
436 1691 721 1759 ἐξωθεῖται
744 1691 803 1743 τὸ
823 1690 1235 1760 ἀσθενέστερον.

277 1787 570 1855 Λέγουσιν,
604 1785 687 1837 ὄτι
709 1782 875 1852 φύσει
908 1783 977 1836 τὰ
1005 1784 1175 1847 κακὰ,
1198 1782 1480 1836 τουτέστιν
1520 1783 1577 1835 αἱ
1610 1781 1787 1853 ἁμαρ-

197 1880 335 1936 τίαι.
381 1879 525 1951 Πρὸς
554 1878 650 1941 οὒς
706 1876 1085 1949 ἀντιλέγομεν,
1116 1876 1180 1929 El
1240 1875 1399 1946 φύσει
1435 1875 1502 1929 τὰ
1561 1872 1785 1929 τοιαῦτα

198 1973 372 2037 κακὰ,
412 1972 511 2042 τῆς
548 1969 768 2040 φύσεως
823 1969 882 2024 δὲ
950 1966 1284 2040 δημιουργὸς
1335 1969 1363 2022 δ
1399 1966 1552 2029 Θεὸς,
1611 1967 1787 2030 αἴτιος

200 2065 310 2135 ἄρα
338 2063 446 2117 τῶν
481 2062 713 2116 κακῶνό
745 2060 900 2126 Θεὸς,
945 2063 1040 2125 καὶ
1069 2058 1194 2113 ούτε
1219 2059 1423 2131 κρίσις,
1475 2056 1598 2111 οὕτε
1631 2058 1789 2111 κόλα-

202 2175 290 2221 σις
319 2157 472 2210 ἔσται
499 2156 610 2211 τῶν
643 2154 1093 2227 ἁμαρτανόντων,
1121 2154 1304 2219 καθὼς
1340 2152 1603 2221 ἀνωτέρω
1647 2168 1784 2222 προ-

200 2251 523 2321 δεδήλωται.
555 2249 665 2303 Καὶ
716 2246 935 2320 ψευδεῖς
979 2246 1079 2319 μὲν
1128 2246 1185 2300 αἱ
1214 2247 1329 2308 τοῖς
1378 2243 1788 2315 ἁμαρτάνουσιν

202 2338 570 2415 ἠπειλημένὰι
600 2340 875 2407 κολάσεις,
905 2340 1193 2411 ἀπατηλὸς
1245 2339 1302 2393 δὲ
1335 2338 1435 2407 τῆς
1486 2335 1791 2408 μελλούσης

202 2439 444 2508 κρίσεως
492 2434 733 2505 όφόϐος.
785 2433 868 2487 Τὰ
892 2433 1001 2503 γὰρ
1056 2434 1125 2504 τῇ
1161 2433 1261 2504 τῇς
1296 2433 1511 2501 φύσεως
1569 2429 1787 2503 ἀνάγκη

201 2528 468 2599 γινόμενα
498 2524 843 2597 συγγνωστὰ,
867 2526 974 2579 κᾶν
1007 2524 1094 2598 εἴη
1121 2523 1472 2595 παγχάλεπα.
1502 2522 1612 2577 Καὶ
1629 2521 1687 2576 εἴ
1708 2541 1791 2587 τις

207 2618 444 2689 φυσικὴν
472 2614 611 2672 εἶναι
647 2617 930 2672 πιστεύσει
957 2617 1058 2689 τὴν
1100 2617 1406 2689 ἁμαρτίαν,
1460 2615 1792 2687 μετελεύσε-

206 2727 300 2765 ται
321 2710 537 2773 πάεεως
565 2707 771 2780 ταύτην
802 2706 983 2777 ἀδεῶς
1000 2707 1088 2762 διὰ
1116 2706 1217 2780 τὴν
1244 2705 1505 2778 λιτότητα
1543 2707 1640 2759 καὶ
1667 2705 1779 2778 ἡδο⁵

206 2806 307 2875 νὴν
331 2803 526 2872 αὐτῆς,
554 2803 631 2866 ῶς
662 2801 1083 2874 ἀνεπιτίμητον,
1143 2799 1240 2855 καὶ
1274 2800 1372 2872 τὴν
1402 2799 1665 2855 πλατεῖαν
1696 2801 1791 2853 καὶ

204 2899 520 2970 εὐρύχωρον
537 2896 654 2949 όδὸν
687 2894 1096 2967 ἁνθαιρήσεται.
1139 2892 1278 2948 Ἀλλ’
1307 2895 1357 2947 εί
1385 2891 1588 2965 ἀληθὴς
1618 2894 1645 2946 ό
1672 2891 1790 2946 Κύ·

210 3008 344 3062 ριος,
392 2993 424 3062 ἡ
484 2988 868 3061 αὐτοαλήθεια,
944 2987 1095 3058 Ἐγὼ
1155 2990 1300 3059 γὰο,
1365 2987 1554 3059 φησιν,
1609 2985 1789 3055 ebrii}

206 3084 484 3153 ἁλήθειαο
539 3082 759 3145 πάντως
800 3079 979 3154 ἀληθῆ
1010 3082 1106 3135 καὶ
1140 3081 1208 3133 τὰ
1263 3079 1393 3152 περὶ
1434 3078 1545 3133 τῶν
1599 3078 1790 3133 αἰωνί-

1899 586 2025 628 nem
2051 571 2319 637 habitare,
2371 571 2425 626 id
2459 577 2565 636 est,
2605 583 2721 626 rem
2755 566 2998 629 omnium
3036 563 3406 636 purissimam,
3433 573 3491 621 et

1898 678 2014 731 rem
2031 663 2277 720 omnium
2301 662 2746 732 impurissimum,
2783 662 2959 717 lucem
2989 669 3047 715 et
3081 656 3492 720 tenebras.dia-

1902 767 2077 811 metro
2108 755 2250 811 inter
2295 769 2355 810 se
2377 756 2770 825 discrepantes.
2811 750 2913 807 Ubi
2943 751 3090 808 enim
3145 760 3232 806 est
3255 747 3493 818 Spiritus

1897 857 2141 913 sanctus,
2160 847 2340 902 omnis
2361 846 2487 903 inde
2519 846 2724 902 recedit
2740 846 2975 908 daemon,
3000 852 3258 907 tauquam
3275 841 3343 897 ab
3369 841 3495 911 igne

1898 941 1968 995 ita
1998 940 2245 996 celeriter
2269 939 2571 1010 aulugiens,
2625 946 2683 994 ut
2711 954 2819 994 non
2850 936 3123 1009 respiciat.
3174 934 3318 990 Deus
3344 933 3491 988 enim

1895 1038 1978 1085 est
2006 1028 2243 1097 Spiritus
2271 1034 2515 1085 sanctus.
2543 1026 2695 1093 Quod
2727 1028 2771 1083 si
2816 1027 2963 1082 Deus
3001 1036 3107 1092 est,
3137 1034 3221 1081 est
3242 1034 3297 1079 ει
3351 1023 3494 1093 ignis

1896 1133 2222 1183 consumens
2248 1134 2411 1175 omne
2455 1119 2761 1176 daemonum
2790 1118 2973 1175 robur.
3007 1118 3085 1176 Ac
3105 1116 3343 1174 tenebrae.
3366 1114 3492 1186 qui-

1895 1212 2016 1267 dem
2046 1212 2199 1279 lucis
2252 1214 2536 1281 praesentia
2585 1212 2937 1282 dissipantur.
2999 1209 3171 1266 Porro
3210 1210 3494 1281 improbus

1896 1305 2105 1359 daemon
2137 1305 2489 1361 inliabitantis
2520 1305 2757 1375 Spiritus
2782 1304 2997 1375 ﬂagello
3046 1305 3367 1360 verberatus
3391 1317 3489 1357 ex-

1894 1396 2108 1466 pellitur
2136 1414 2151 1452 :
2181 1398 2457 1453 contraria
2478 1397 2626 1453 enim
2642 1396 2806 1452 simul
2830 1396 3077 1452 habitare
3104 1411 3213 1452 non
3244 1402 3492 1466 possunt,

1895 1503 2018 1545 nam
2068 1489 2437 1560 corrumpitur
2468 1496 2523 1545 et
2550 1486 2861 1545 extruditur
2883 1488 2934 1543 id
2956 1487 3101 1558 quod
3127 1495 3215 1545 est
3248 1483 3495 1542 imbecil-

1892 1580 2022 1639 lius.

1959 1787 2169 1844 Natura
2199 1788 2385 1844 dicunt
2410 1800 2531 1845 esse
2576 1786 2745 1856 mala,
2808 1786 2863 1844 id
2886 1793 2972 1845 est
3013 1796 3257 1859 pecmta.
3285 1787 3495 1855 Quibus

1890 1880 2281 1951 respondemus
2314 1899 2329 1937 :
2366 1880 2423 1937 Si
2449 1889 2641 1936 natura
2665 1888 2794 1937 sunt
2814 1878 3130 1949 huiusmodi
3156 1880 3318 1946 maia,
3352 1882 3494 1937 Deus

1888 1983 2071 2029 autem
2096 1984 2304 2029 natura
2323 1973 2547 2030 eﬂ'ector
2567 1979 2671 2040 est,
2700 1973 2840 2029 Deus
2865 1973 3131 2027 malorum
3167 1979 3251 2028 est
3267 1982 3482 2028 auctor.

1887 2062 2000 2122 Nec
2021 2064 2310 2136 judicium,
2337 2081 2435 2122 nec
2466 2064 2867 2121 animadversio
2907 2064 3013 2121 erit
3036 2064 3091 2120 in
3117 2078 3212 2119 eos
3246 2064 3339 2134 qui
3366 2077 3494 2134 pec-

1890 2167 2037 2223 cant,
2069 2167 2128 2212 ut
2155 2168 2281 2213 ante
2309 2157 2646 2213 declaratum
2674 2165 2779 2214 est.
2808 2157 2874 2213 Et
2905 2156 3055 2212 falsa
3082 2165 3207 2211 sunt
3228 2154 3489 2213 adversus

1889 2258 2205 2321 peccatores
2219 2249 2605 2319 suppliciorum
2624 2250 2804 2316 minae,
2820 2250 3099 2318 inanisque
3119 2246 3284 2304 futuri
3300 2247 3493 2318 judicii

1893 2345 2082 2400 timor.
2112 2342 2244 2411 Quae
2275 2343 2420 2398 enim
2441 2352 2650 2397 natura:
2679 2343 3006 2398 necessitate
3046 2341 3489 2405 committuntur,

1890 2436 2016 2493 licet
2038 2437 2356 2508 gravissima
2379 2436 2510 2501 sint,
2532 2435 2747 2491 veniam
2779 2442 3076 2490 merentur.
3107 2432 3261 2501 Quod
3292 2433 3336 2489 sl
3368 2436 3494 2503 quis

1891 2528 2155 2585 naturalia
2218 2528 2513 2584 crediderit
2542 2542 2664 2585 esse
2684 2535 2941 2598 peccata,
2968 2526 3035 2582 iis
3062 2540 3186 2583 sese
3200 2527 3318 2581 sine
3343 2536 3492 2581 metu

1894 2632 2116 2693 propter
2142 2621 2455 2678 facilitatem
2503 2620 2947 2692 voluptatemque
2988 2619 3161 2683 dabit,
3200 2625 3260 2673 ut
3292 2634 3493 2689 propo-

1891 2715 1992 2770 sita
2028 2714 2364 2786 impunitatis
2411 2728 2509 2783 spe
2538 2727 2635 2785 per
2684 2711 2827 2768 viam
2856 2716 3021 2766 tatam
3080 2720 3136 2764 et
3167 2709 3382 2780 planam
3410 2711 3494 2765 in-

1891 2802 2069 2864 cedat.
2102 2809 2171 2863 At
2190 2809 2236 2862 si
2258 2816 2420 2862 verax
2445 2815 2527 2863 est
2545 2805 2823 2869 Dominus,
2852 2804 2945 2875 qui
2987 2812 3070 2859 est
3098 2804 3212 2874 ipss
3239 2805 3439 2859 veritas
3475 2820 3491 2858 :

1893 2896 2009 2971 Ego
2037 2900 2198 2966 enim,
2230 2899 2428 2971 inquit,
2464 2913 2583 2954 sum
2611 2898 2805 2951 teritur
2834 2898 2877 2960 ι,
2912 2904 3039 2950 vera
3065 2895 3228 2966 plane
3273 2905 3402 2951 sunt
3428 2911 3493 2951 ea

1891 3009 2012 3066 quin
2074 2993 2140 3050 de
2189 2992 2533 3063 sempiternis
2586 2988 2864 3059 suppliciis
2908 2997 3280 3042 memorantur
3315 3003 3332 3044 :
3366 3002 3494 3043 nam

1895 3090 2011 3160 ipse
2043 3089 2110 3143 de
2137 3086 2243 3143 illis
2273 3086 2483 3140 locutus
2513 3093 2615 3139 εει.
2646 3081 2798 3150 Quod
2832 3082 2876 3137 si
2899 3092 3029 3137 vera
3058 3090 3185 3137 sunt
3224 3080 3498 3152 ejusmodi

207 3194 284 3230 ων
312 3177 613 3230 κολάσεων.
659 3174 832 3240 Αὐτὸς
865 3176 972 3245 γὰρ
1000 3173 1209 3240 ἐδίδαξε
1242 3172 1334 3227 καὶ
1381 3175 1511 3243 περὶ
1557 3173 1786 3227 τούτων.

1899 3181 2176 3253 supplicia,
2218 3187 2275 3235 et
2321 3177 2584 3247 judicium
2625 3175 2731 3231 erit
2778 3176 3040 3231 adversus
3076 3174 3196 3231 illos
3249 3174 3339 3245 qui
3365 3186 3493 3244 pce-

207 3268 272 3321 Εἰ
306 3268 361 3320 δὲ
392 3264 614 3337 ἀληθεῖς
637 3267 694 3319 αἱ
718 3265 965 3319 τοιαῦται
1005 3266 1280 3329 κολάσεις,
1350 3266 1506 3319 ἔσται
1540 3264 1634 3318 καὶ
1668 3260 1792 3335 κρί-

208 3379 296 3425 σις
322 3358 430 3414 τῶν
459 3356 906 3432 ἁμαρτανόντων.
930 3358 993 3412 El
1020 3356 1075 3410 δέ
1097 3357 1275 3428 κρίσις
1300 3355 1451 3410 ἔσται
1478 3358 1586 3410 τῶν
1610 3357 1793 3428 ἁμαρο

204 3456 501 3519 τανόντων,
536 3452 598 3505 ού
629 3449 877 3522 φύσειτὰ
909 3450 1079 3516 κακὰ,
1112 3450 1392 3503 τουτέστιν
1414 3450 1470 3503 αἱ
1497 3450 1789 3521 ἁμαρτίαι.

208 3547 275 3601 El
307 3548 364 3601 δὲ
391 3547 466 3617 μὴ
492 3546 678 3616 φύσει,
735 3542 1060 3616 προαιρέσει
1104 3542 1346 3610 πάντως,
1396 3543 1490 3597 καὶ
1518 3540 1790 3614 ῥᾳθυμίᾳ,

205 3639 277 3695 δι’
305 3642 371 3711 ἢν
409 3638 863 3709 κατακρίνονται,
896 3637 992 3690 καὶ
1017 3634 1341 3701 κολάζονται
1377 3635 1581 3700 πάντες
1616 3636 1665 3689 οί
1690 3640 1785 3709 έρ-

206 3732 375 3803 γάται
422 3730 525 3802 τῆς
559 3728 859 3802 ἁμαρτίας.

285 3823 577 3892 Λέγουσιν,
607 3822 689 3875 ὅτι
715 3818 856 3890 μετὰ
870 3818 970 3892 τὴν
996 3820 1149 3892 παρὰ
1194 3819 1307 3883 τοῖς
1339 3819 1567 3883 τελεὶοις
1612 3817 1795 3873 αὐτῶν

209 3914 487 3969 ἀπάθειαν
530 3912 790 3981 τοιαύτης
817 3911 1133 3967 αἰσθάνεται
1173 3914 1205 3983 ἠ
1244 3906 1393 3983 ψυχὴ
1426 3911 1645 3981 τούτωνί
1676 3930 1761 3967 κοι

209 4006 412 4069 νωνίας
479 4004 838 4076 ἐγγινομένης
888 4005 1026 4075 αὐτῇ
1080 4007 1234 4077 παρὰ
1290 4004 1388 4060 τοῦ
1452 4004 1791 4078 ἐπουρανίου

209 4100 475 4171 νυμφίου,
520 4099 641 4162 οἵας
673 4098 990 4153 αίσθάνεται
1009 4098 1147 4170 γυνὴ
1177 4098 1624 4164 συνουσιάζοντος
1653 4101 1793 4171 αὐτῇ

207 4195 310 4250 τοῦ
336 4194 552 4267 ἀνδρός.
582 4193 646 4247 ’Ὠ
683 4192 781 4264 τῆς
817 4191 1091 4263 προδήλου
1117 4190 1584 4261 φρενοϐλαϐείαςί
1619 4192 1667 4244 εί
1695 4193 1796 4263 τὴν

211 4286 523 4356 ἁγνοτάτην
568 4284 666 4340 καὶ
718 4283 1106 4353 ἁπαθεστάτην
1166 4281 1261 4336 τοῦ
1296 4281 1553 4353 Σωτῆρος
1602 4281 1796 4337 ἕνωσιν

209 4383 237 4433 ἐ
248 4378 647 4454 μπαθεστάτην
693 4377 1032 4448 ἡδυπάθειαν
1056 4375 1278 4441 οἴονται,
1308 4376 1403 4428 καὶ
1433 4376 1796 4448 καθυϐρίζου-

213 4489 308 4528 σιν
362 4472 528 4545 ἡδονῇ
590 4470 833 4541 petisse);
871 4469 1209 4549 παιδογόνων
1251 4467 1458 4540 μορίων
1506 4466 1798 4539 τολμηρῶς

210 4565 390 4637 αὐτὴν
425 4563 880 4639 παρεικάζοντες.

290 4661 584 4730 Λέγουσιν,
639 4658 721 4713 ὃτι
752 4659 789 4732 ἠ
821 4656 969 4730 ψυχὴ
1002 4658 1095 4713 τοῦ
1127 4660 1259 4733 παρ’
1297 4660 1483 4724 αὐτοῖς
1531 4660 1613 4724 εἰς
1651 4659 1797 4715 ἁπά-

212 4755 374 4819 θειαν
406 4750 710 4821 ἐφθακότος
737 4750 1145 4823 μεταϐάλλεται
1187 4752 1271 4815 είς
1304 4751 1403 4824 τὴν
1430 4752 1584 4806 Θείαν
1614 4753 1799 4823 φύσιν.

227 4842 372 4895 Ἀλλ’
407 4842 456 4894 ei
504 4838 665 4894 τοῦτο
713 4836 782 4912 ἦν
814 4840 1040 4912 ἀληθὲς,
1085 4839 1300 4909 ἐγίνετο
1370 4840 1438 4896 ἂν
1482 4843 1580 4895 καὶ
1642 4843 1805 4914 φύσει

213 4934 355 5000 Θεὸς
396 4934 425 4987 ό
480 4931 847 5003 μεταϐληθεὶς
899 4932 982 4996 είς
1020 4931 1117 5004 τὴν
1150 4931 1304 4986 θείαν
1352 4931 1535 5003 φύσιν.
1575 4932 1643 4989 Ἦ
1696 4936 1806 5008 γάρ

216 5030 343 5085 θεία
391 5028 555 5100 φύσις
605 5026 771 5097 φύσει
803 5026 959 5091 Θεός.
990 5027 1102 5081 Καὶ
1134 5026 1258 5083 ἐπεὶ
1288 5027 1521 5092 πολλοὺς
1555 5029 1807 5099 λέγουσιν

216 5124 285 5191 ἐξ
322 5124 504 5177 αὐτῶν
542 5121 769 5192 φθάνειν
798 5122 880 5185 είς
905 5120 1198 5190 ἀπάθειαν,
1236 5121 1331 5177 καὶ
1363 5123 1803 5192 μεταϐάλλεσθαι

216 5219 303 5280 εἰς
328 5218 428 5288 τὴν
460 5215 612 5270 θείαν
639 5214 825 5285 φύσιν,
856 5213 1045 5269 πολλοὶ
1073 5217 1182 5289 ἄρα
1212 5216 1373 5287 φύσει
1400 5216 1534 5282 θεοὶ,
1579 5220 1676 5271 καὶ
1702 5218 1801 5288 τὴν

232 5311 557 5384 Ἑλληνικὴν
581 5308 873 5365 πολυθιῗαν
902 5311 1333 5382 ὑπερϐάλλοντες
1349 5309 1527 5381 πολλῷ
1542 5309 1622 5382 τῷ
1648 5311 1805 5382 spte-

222 5403 335 5476 μῷ.
366 5403 462 5458 καὶ
487 5401 610 5457 οὐδὲ
637 5400 1158 5475 καταλαμϐάνεσθαι
1185 5402 1492 5474 δυναμένῳ.

293 5495 530 5565 Λέγουσι
561 5494 788 5550 δυνατὸν
800 5489 944 5550 εἶναι
977 5494 1235 5561 δέξασθαι
1260 5497 1398 5565 μετὰ
1427 5495 1525 5568 τὴν
1547 5499 1677 5569 παρ’
1701 5501 1803 5552 αὐ-

216 5590 334 5652 τοῖς
369 5586 643 5642 ἀπάθειαν
695 5586 787 5640 τὸν
834 5585 1124 5657 ἄνθρωπον
1151 5586 1326 5659 αὐτὴν
1370 5588 1469 5659 τὴν
1501 5588 1803 5643 ὑπόστασιν

219 5680 317 5734 τοῦ
349 5679 506 5749 ἁγίου
544 5679 859 5748 Πνεύματος
881 5677 1180 5749 αἰσθητῶς,
1204 5678 1301 5732 καὶ
1325 5680 1384 5735 ἐν
1415 5680 1565 5754 πάσῃ
1597 5681 1805 5753 πληρο·

297 5858 313 5889 ¹
345 5856 504 5914 Juan.
561 5873 673 5923 τιν,
706 5858 758 5911 6.

1895 3284 2041 3333 cant.
2079 3274 2145 3329 Et
2169 3274 2214 3327 si
2244 3298 2245 3301 η
2273 3270 2532 3327 adversus
2562 3281 2654 3325 eos
2686 3268 2777 3339 qui
2811 3277 3039 3338 peccant
3074 3269 3177 3323 erit
3203 3268 3495 3339 judicium,

1895 3370 2057 3434 mala,
2098 3369 2148 3424 id
2178 3376 2262 3423 est
2292 3376 2531 3437 peccata,
2554 3374 2745 3419 natura
2767 3379 2873 3418 non
2911 3372 3057 3419 sunt.
3084 3360 3240 3430 Quod
3270 3363 3315 3418 si
3336 3371 3494 3418 natu-

1895 3481 1952 3520 ra
1969 3480 2075 3519 non
2103 3472 2251 3532 sunt,
2281 3478 2308 3516 a
2337 3461 2613 3517 voluntate
2641 3459 2895 3515 nimirum
2924 3469 2975 3515 et
3005 3457 3215 3529 ignavia
3251 3456 3503 3522 proﬁcis-

1895 3568 2111 3622 cuntur,
2137 3567 2191 3612 et
2224 3555 2427 3611 idcirco
2458 3553 2756 3626 puniuntur
2771 3564 2963 3606 omnes
2979 3550 3209 3620 operarii
3238 3549 3467 3619 ftiiquila

1897 3646 1988 3703 tis.

1965 3832 2161 3887 Dicunt
2183 3827 2393 3883 animas
2417 3840 2603 3882 eorum
2644 3824 2734 3895 qui
2757 3822 2897 3892 apud
2924 3824 3070 3893 ipsos
3086 3822 3313 3893 perfecti
3341 3832 3495 3892 sunt,

1895 3935 2018 3997 post
2069 3918 2520 3992 impatibilitatem
2572 3919 2737 3975 talem
2771 3933 2834 3973 ex
2883 3916 3122 3972 ccelestis
3175 3916 3371 3987 Sponsl
3407 3932 3496 3973 so-

1898 4019 2100 4074 cietate
2156 4016 2489 4086 voluptatem
2539 4016 2761 4079 sentire,
2819 4011 3036 4083 'qualem
3102 4011 3359 4067 mulieres
3421 4026 3486 4066 ex

1898 4114 2140 4170 virorum
2163 4111 2455 4170 concubitu
2484 4110 2745 4166 sentiunt.
2775 4106 3032 4164 llomines
3051 4107 3212 4179 plane
3261 4107 3494 4163 demen-

1898 4206 2114 4272 tissimi,
2134 4206 2228 4275 qui
2262 4202 2568 4260 Servatoris
2594 4202 3036 4274 conjunctioncm
3074 4200 3219 4256 illam
3248 4201 3495 4257 castissi-

1896 4314 2065 4367 mam,
2090 4303 2147 4352 et
2171 4298 2241 4350 ab
2275 4296 2422 4350 omni
2465 4294 2874 4365 perturbatione
2902 4294 3313 4359 alienissimam,
3365 4308 3493 4365 per-

1899 4390 2269 4449 turbationum
2308 4397 2471 4459 atque
2501 4386 2779 4455 libidinum
2802 4386 3017 4457 plenam
3045 4386 3410 4453 arbitrantur,
3438 4398 3496 4444 et

1900 4497 2096 4552 magna
2124 4496 2246 4538 cum
2272 4478 2575 4550 ignominia
2601 4477 2893 4547 voluptatis
2931 4475 3098 4531 ﬂuxui
3127 4477 3394 4548 pudendis
3424 4493 3492 4533 ex

1831 4554 1877 4609 θ
1908 4576 2153 4653 partibus
2180 4572 2528 4644 provenienti
2559 4570 2790 4625 similem
2826 4571 3027 4624 audent
3054 4567 3346 4623 aﬂirmarel

1961 4666 2158 4720 Dicunt
2184 4666 2445 4727 animam,
2469 4678 2587 4733 quae
2607 4660 2745 4732 apud
2772 4662 2919 4731 ipsos
2938 4661 3395 4733 impatibilitatem
3420 4663 3495 4719 sit

1892 4756 2249 4833 assecuta,‘in
2280 4765 2541 4811 naturam
2565 4756 2802 4809 divinam
2842 4755 3107 4810 converti.
3142 4755 3297 4823 Quod
3319 4758 3369 4810 si
3402 4773 3492 4812 ve-

1895 4869 2015 4909 rum
2048 4861 2216 4919 esset,
2248 4860 2448 4907 natura
2498 4848 2743 4921 proiecto
2786 4850 2942 4906 ﬁeret
2992 4849 3132 4907 Deus
3172 4851 3281 4918 ille,
3310 4851 3491 4921 quiin

1896 4953 2149 4999 naturam
2173 4940 2418 4997 divinam
2468 4940 2825 4996 convertitur.
2845 4938 3057 4999 Natura
3107 4940 3257 4997 enim
3310 4942 3495 4997 divina

1898 5035 2041 5091 Deus
2071 5045 2159 5092 est
2187 5033 2477 5091 naturalis.
2516 5029 2588 5089 Et
2630 5033 2889 5105 quoniam
2920 5048 2985 5090 ex
3036 5034 3279 5104 ipsorum
3328 5049 3497 5105 grege

1900 5128 2099 5199 multos
2124 5134 2378 5184 asserunt
2411 5125 2478 5182 ad
2516 5126 2975 5197 impatibilitatem
2997 5128 3313 5198 pervenire,
3345 5136 3403 5183 et
3435 5128 3491 5182 in

1900 5233 2147 5278 naturam
2201 5220 2438 5277 divinam
2472 5221 2741 5285 converti,
2784 5220 3115 5276 multierunt
3164 5227 3358 5274 natura
3382 5222 3490 5286 .dii,

1899 5312 1989 5381 qui
2021 5327 2248 5371 numero
2303 5312 2536 5379 infinito,
2572 5312 2797 5367 deorum
2851 5326 2988 5382 quos
3039 5320 3228 5382 gentes
3279 5314 3490 5369 conlin-

1900 5414 2035 5475 gunt
2067 5411 2329 5477 superent
2350 5405 2774 5461 multitudinem.

1972 5495 2119 5555 Fieri
2149 5513 2309 5569 posse
2354 5497 2567 5566 dicunt,
2598 5508 2658 5553 ut
2689 5498 2852 5553 homo
2883 5504 3004 5567 post
3035 5494 3492 5565 impatibilitutem

1905 5604 2066 5661 quam
2093 5590 2197 5661 ipsi
2224 5591 2462 5657 tradunt,
2514 5590 2687 5661 ipsam
2724 5590 2960 5660 Spiritus
2997 5587 3174 5644 sancti
3203 5600 3493 5658 personam

1907 5697 2069 5740 sensu
2100 5683 2385 5755 percipiat,
2422 5682 2554 5739 etin
2586 5683 2734 5740 omni
2781 5682 3133 5753 plenitudine.
3177 5678 3287 5737 Nos
3310 5686 3494 5735 autem
