3930 6550
458 353 594 418 1287

1688 343 2077 412 EUTHYMII
2115 344 2481 408 ZIGABENI

3596 338 3743 403 1'18

450 473 517 526 ad
541 471 687 539 ipsos
717 485 731 523 :
764 466 822 523 Si
853 478 1002 533 vera,
1027 464 1328 535 inquimus,
1358 468 1505 521 esset
1534 462 1677 533 apud
1708 478 1803 517 vos
1825 463 2040 534 impati-

2158 461 2336 534 popiq.
2365 459 2553 531 Φαμὲν
2578 457 2638 513 δὲ
2661 457 2826 530 ἡμεῖς
2863 457 3002 532 πρὸς
3032 456 3233 523 αὐτοὺς
3254 470 3272 491 ο
3303 456 3367 511 El
3399 454 3502 525 μὲν
3521 452 3743 524 ἀληθὴς

452 560 659 627 bilitas,
692 574 757 616 ac
794 574 899 614 non
923 559 1142 613 omnino
1165 556 1325 625 falsa,
1358 570 1481 613 cum
1516 557 1649 611 lides
1682 564 1868 610 Vestra
1890 554 2044 609 adul-

454 656 635 711 terina
660 665 821 723 atque
839 652 1083 722 improba
1122 650 1421 722 rejiciatur,
1455 648 1522 705 ad
1563 648 1665 704 boc
1692 648 1859 703 etiam
1887 653 2049 717 caput

457 746 939 815 responderemus.
992 741 1186 796 Verum
1215 741 1342 812 quia
1367 755 1488 796 cum
1509 739 1631 794 aliis
1676 737 1871 793 vestris
1893 749 2051 790 exer-

456 838 805 895 citationibus
824 846 878 893 et
896 838 996 892 ista
1018 837 1282 905 impressa
1301 844 1462 902 est,et
1481 834 1788 906 exploditur
1804 840 1865 886 ut
1889 844 2049 895 vana,

456 942 617 1001 atque
688 930 1045 999 improbatur,
1099 940 1562 997 supervacaneum
1609 934 1692 980 est
1734 938 1798 981 ea
1860 920 2049 976 conari

458 1020 764 1084 confutare,
792 1034 912 1090 qum
941 1034 1033 1090 per
1057 1033 1116 1074 se
1148 1027 1410 1075 corruunt
1461 1028 1514 1074 et
1540 1017 1688 1072 nulla
1721 1024 1869 1072 sunt.
1901 1014 2051 1070 Dici-

460 1129 579 1169 mus
628 1122 832 1178 autem,
891 1112 958 1167 ad
1010 1126 1105 1167 eos
1153 1112 1245 1183 qui
1294 1119 1664 1180 expurgantur
1721 1119 1781 1164 ut
1827 1109 2049 1175 debent,

458 1206 673 1262 Patrem
699 1217 752 1261 et
774 1204 968 1260 Filium
995 1206 1254 1261 accedere
1279 1220 1293 1259 :
1329 1202 1441 1275 Ego
1470 1204 1639 1269 enim,
1674 1202 1847 1271 inquit
1868 1200 2052 1255 Domi-

459 1312 636 1368 nos,“
666 1297 829 1353 Pater
883 1300 950 1352 ad
970 1314 1087 1351 eum
1130 1298 1417 1361 veniemus,
1452 1303 1503 1350 et
1558 1296 1883 1349 mansionem
1905 1292 2048 1363 apud

458 1411 574 1449 eum
594 1394 845 1465 faciemus
897 1390 937 1447 '.
968 1389 1071 1447 Ubi
1111 1399 1288 1444 autem
1331 1388 1491 1444 Pater
1544 1396 1600 1442 et
1646 1385 1816 1441 Filius
1842 1392 1945 1451 est,
1973 1383 2047 1438 ibi

464 1500 686 1556 prorsus
728 1493 811 1539 est
840 1481 1076 1552 Spiritus
1106 1489 1348 1537 sanctus.
1377 1479 1491 1535 Hoc
1524 1492 1654 1534 vero
1680 1484 1883 1533 sanctae
1922 1474 2047 1530 Tri-

461 1578 647 1632 uitatis
675 1575 1002 1631 domicilium
1036 1575 1108 1628 ita
1131 1572 1213 1641 ﬁt,
1248 1583 1306 1629 ut
1358 1571 1595 1628 hominis
1625 1569 1867 1625 conditio
1909 1566 2051 1637 pati-

463 1680 571 1734 tur,
611 1656 715 1723 non
758 1675 939 1720 autem
975 1674 1035 1719 ut
1084 1672 1278 1719 natura
1309 1679 1369 1719 se
1400 1662 1564 1718 habet
1598 1663 1714 1733 ipsa
1759 1661 2045 1725 Divinitas,

460 1773 622 1831 quam
654 1767 843 1827 utpote
891 1755 1160 1812 inﬁnitam
1210 1764 1267 1812 et
1317 1752 1826 1824 incompreheusam
1888 1751 2049 1808 nullm

467 1866 553 1907 res
581 1850 804 1920 capiunt
840 1856 1158 1920 procreata.

484 2074 487 2075 ν
537 2027 704 2082 Binas
718 2026 865 2082 aiunt
884 2024 1153 2081 hominem
1176 2022 1376 2079 habere
1394 2020 1603 2078 animas
1637 2020 1855 2083 debere,
1882 2033 2045 2073 unam

466 2122 720 2177 omnibus
751 2118 1059 2174 hominibus
1087 2129 1454 2181 communem,
1477 2115 1705 2169 alteram
1747 2114 2046 2168 caelestem.

467 2213 525 2272 Si
557 2213 730 2271 libros
754 2211 840 2267 isti
864 2209 1149 2277 Mosaicos,
1184 2216 1238 2264 et
1267 2208 1404 2264 alios
1430 2206 1774 2277 propheticos
1796 2204 2048 2261 admitte-

469 2318 606 2373 rent,
631 2320 697 2362 es
738 2304 845 2362 illis
875 2310 1190 2374 argumenta
1220 2316 1585 2365 sumeremus,
1610 2299 1807 2370 quibus
1822 2298 2041 2367 opinio-

468 2412 593 2453 nem
634 2395 791 2450 istam
833 2392 1022 2449 falsam
1063 2408 1186 2449 esse
1216 2393 1736 2449 demoustraremus.
1776 2387 1932 2444 Nunc
1952 2402 2050 2444 au-

469 2498 581 2543 tem
610 2487 868 2558 quoniam
884 2485 1193 2556 evangelica
1217 2492 1421 2539 tantum
1451 2492 1507 2540 et
1538 2482 1831 2555 apostolica
1846 2481 2048 2550 scripta

468 2597 531 2638 se
580 2579 871 2635 admittere
907 2576 1256 2642 conﬁtentur,
1288 2577 1512 2632 audiant
1547 2575 1675 2646 quid
1699 2574 1955 2629 Dominus
1977 2572 2049 2627 ad

470 2672 903 2745 apostolosdicat
942 2669 1182 2738 :Nolite,
1230 2672 1424 2740 lnquit,
1457 2670 1639 2724 timere
1660 2683 1747 2722 eos
1801 2668 1890 2735 qui
1913 2666 2050 2722 ecci-

470 2766 601 2819 dunt
624 2780 835 2833 corpus,
863 2764 1095 2817 animant
1143 2772 1317 2817 autem
1365 2776 1468 2816 non
1521 2768 1737 2827 possunt
1783 2762 2047 2827 occidere;

469 2874 590 2913 eum
623 2858 795 2927 potius
838 2857 1037 2920 timete,
1063 2856 1173 2926 .qui
1208 2862 1377 2922 potest
1404 2863 1456 2909 et
1511 2855 1744 2909 animum
1777 2863 1828 2909 et
1861 2867 2051 2923 corpus

470 2947 683 3019 perdere
705 2948 746 3001 '.
802 2946 868 3001 Et
882 2944 1083 3001 Paulus
1102 2947 1379 3016 apostolus
1399 2944 1454 3001 in
1477 2944 1687 3001 Troade
1709 2960 1832 3001 cum
1862 2957 2050 3000 omnes

475 3038 773 3108 Eutycbem
806 3047 1077 3092 mortuum
1139 3036 1516 3092 existimarent
1553 3053 1567 3091 :
1606 3033 1811 3101 Nolite,
1848 3032 2048 3104 inquit,

2150 549 2220 624 ἦν
2252 554 2288 624 ἡ
2312 553 2456 624 παρ’
2482 551 2616 622 ὑμῖν
2646 550 2909 616 ἀπάθεια,
2940 550 3036 603 καὶ
3065 549 3125 603 οὐ
3152 549 3331 619 πάντη
3377 544 3609 617 ψευδὴς,
3638 544 3742 597 ἅτε

2150 643 2251 713 τῆς
2277 642 2405 697 καθ’
2440 641 2594 712 ὑμᾶς
2636 640 2875 704 πίστεως
2912 638 3204 705 κακοδόξου
3244 641 3339 693 καὶ
3371 631 3745 704 διαϐεϐλημέ-

2151 749 2251 803 νης
2286 731 2668 803 ὑπαρχούσης,
2703 731 3130 803 ἀντειρήκειμεν
3151 732 3218 785 ἂν
3266 730 3361 784 καὶ
3399 727 3541 795 πρὸς
3587 722 3745 778 τουτὶ

2148 822 2212 877 τὸ
2244 823 2561 893 κεφάλαιονο
2593 822 2719 880 ἀπεὶ
2761 822 2819 876 δὲ
2852 823 2993 893 μετὰ
3022 822 3121 893 τῆς
3164 822 3330 893 ἄλλης
3360 821 3518 891 ύμῶν
3543 819 3739 891 ἀσκή-

2152 928 2293 975 σεως
2322 915 2821 983 παρακεχάρακται
2850 912 2947 965 καὶ
2973 912 3138 983 αὕτη,
3192 914 3288 966 καὶ
3314 912 3583 982 ἀδόκιμος
3610 916 3741 985 κρί-

2148 1021 2323 1070 νεται,
2395 1006 2657 1077 περιττὸν
2718 1005 3029 1073 ἀντιλέγειν
3073 1006 3168 1059 ἐπὶ
3214 1005 3325 1059 τῶν
3381 1006 3600 1058 οἴκοθεν
3636 1009 3740 1077 τὴν

2154 1098 2475 1168 ἀνατροπὴν
2507 1096 2762 1167 ἑχόντων.
2822 1097 3076 1166 Λέγομεν
3106 1097 3182 1159 δὲ,
3236 1098 3330 1150 καὶ
3370 1098 3738 1169 πιστεύομεν,

2150 1188 2233 1242 δτι
2268 1189 2406 1260 πρὸς
2433 1187 2525 1242 τδν
2555 1188 2970 1260 κεκαθαρμένον
2999 1189 3075 1252 ὡς
3119 1189 3225 1261 χρὴ
3243 1188 3614 1260 καθαίρεσθαι
3647 1191 3739 1257 γίο

2152 1278 2303 1333 νεταί
2356 1295 2440 1343 τις
2468 1277 2740 1348 ιπιδημία
2768 1276 2987 1332 καὶτοῦ
3042 1279 3255 1346 Πατρὸς
3288 1280 3385 1331 καὶ
3427 1278 3525 1330 τοῦ
3579 1278 3733 1344 Υἰοῦ,

2151 1366 2333 1432 καθὼς
2385 1368 2604 1438 εἴρηκεν
2657 1353 2948 1438 δ’Κύριος,
3000 1368 3082 1421 ὅτι
3153 1366 3302 1437 Ἐγὼ
3336 1367 3436 1421 καὶ
3467 1370 3499 1421 ὀ
3530 1369 3737 1437 Πατὴρ

2150 1458 2542 1527 ἐλευσόμεθα,
2575 1456 2677 1512 και
2720 1456 2924 1527 μονὴν
2976 1456 3116 1525 παρ’
3162 1456 3326 1523 αὐτῷ
3369 1457 3737 1528 ποιήσομεν.

2154 1548 2329 1601 Ὅπου
2360 1547 2417 1601 δὲ
2448 1549 2476 1601 ὁ
2514 1548 2707 1619 Πατὴρ
2731 1548 2825 1602 καὶ
2856 1548 2884 1601 ὁ
2913 1547 3063 1615 Υἱὸς,
3096 1549 3221 1602 ἐκεῖ
3270 1549 3494 1612 πάντως
3548 1552 3647 1603 καὶ
3674 1551 3736 1602 τὸ

2152 1638 2379 1710 Πνεῦμα
2403 1637 2463 1693 τὸ
2496 1639 2673 1709 ἅγιον.
2707 1639 2770 1693 Ἡ
2798 1639 2853 1692 δὲ
2880 1638 2982 1709 τῆς
3006 1640 3167 1706 ἁγίας
3197 1638 3429 1710 Τριάδος
3459 1639 3737 1711 ὲνοίκησις

2150 1733 2226 1797 ὡς
2255 1732 2483 1787 δυνατὸν
2515 1730 2795 1805 ἀνθρώπῳ
2818 1734 3015 1804 χωρεῖν
3043 1731 3217 1803 αὐτὴν
3240 1732 3474 1801 γίνεται,
3509 1733 3611 1787 καὶ
3639 1735 3736 1803 οὐχ

2075 1800 2125 1862 Β
2149 1824 2227 1889 ὡς
2258 1826 2375 1896 εχει
2398 1800 2676 1896 φύσεως-ἠ
2698 1800 2924 1891 etesiae.
2971 1800 3280 1895 ’Δχώρητος
3296 1824 3407 1896 γὰρ
3423 1825 3569 1895 αὕτη
3588 1800 3737 1899 “acii

2146 1920 2214 1988 τῇ
2250 1917 2427 1970 κτίσει
2450 1915 2538 1971 διὰ
2568 1913 2631 1968 τδ
2661 1914 2893 1986 ἄπειρον
2918 1914 3089 1984 αὐτῆς
3132 1912 3230 1967 καὶ
3267 1915 3549 1984 ἀόριστον.

2216 2009 2459 2076 Λέγουσι
2495 2005 2591 2060 δύο
2611 2005 2790 2077 ψυχὰς
2821 2004 3061 2075 ὀφείλειν
3117 2003 3264 2075 ἔχειν
3296 2006 3388 2058 τὸν
3420 2006 3734 2077 ἄνθρωπον,

2150 2099 2279 2171 μίαν
2304 2099 2409 2171 μὲν
2431 2100 2532 2170 τὴν
2556 2098 2746 2170 κοινὴν
2778 2096 3109 2167 ἀνθρώποις,
3136 2096 3333 2167 ἑτέραν
3355 2097 3415 2151 δὲ
3442 2097 3546 2169 τὴν
3575 2098 3732 2169 ούρὰ-

2148 2207 2284 2247 νιον.
2318 2191 2379 2244 Ei
2413 2189 2512 2261 μὲν
2540 2185 2634 2244 οῦν
2665 2189 2908 2259 ἐδέχοντο
2955 2188 3053 2253 τὰς
3079 2205 3141 2242 τε
3172 2191 3477 2252 Μωσαϊκάς
3511 2192 3608 2244 καὶ
3635 2194 3732 2257 τὰς

2149 2281 2317 2345 ἄλλας
2366 2280 2718 2351 προφητικὰς
2769 2279 3007 2347 βίδλους,
3046 2279 3254 2333 ἐκεῖθεν
3286 2281 3352 2334 ἂν
3384 2281 3572 2347 αὺτοῖς
3596 2301 3732 2354 παρ-

2146 2358 2436 2444 ηγάγομεν
2467 2372 2564 2436 τὰς
2595 2371 2900 2440 ἀποδείξεις
2947 2371 3263 2443 ἐλέγχοντες
3312 2373 3373 2426 τὸ
3407 2372 3607 2444 ψεῦδος
3639 2376 3731 2428 τοῦ

2146 2464 2389 2519 τοιούτου
2416 2463 2707 2537 δόγματοςο
2728 2466 2849 2517 ἐπεὶ
2861 2464 2919 2518 δὲ
2938 2463 3037 2528 τάς
3048 2481 3110 2517 τε
3133 2464 3498 2534 εὐαγγελικάς
3530 2468 3730 2531 καὶτὰς

2147 2557 2517 2621 ἀποστολικάς
2544 2558 2679 2620 τέως
2701 2554 3062 2627 ὁμολογοῦσιν
3111 2557 3460 2621 ἀσπάζεσθαι
3491 2557 3729 2629 βίϐλους,

2148 2650 2312 2720 φησιν
2338 2652 2367 2704 δ
2396 2650 2601 2722 Κύριος
2639 2649 2776 2721 πρὸς
2823 2650 2950 2711 τοὺς
2982 2649 3317 2713 ἀποστόλους
3339 2666 3353 2679 ·
3388 2652 3485 2718 Μὴ
3533 2650 3731 2719 φοϐεῖ-

2147 2746 2259 2797 σθε
2287 2740 2406 2797 ἀπὸ
2462 2740 2582 2795 τῶν
2609 2740 3090 2796 ἀποκτεινόντων
3141 2740 3209 2794 τὸ
3242 2739 3419 2810 σῶμα
3440 2780 3455 2805 ,
3490 2742 3610 2810 τὴν
3656 2742 3723 2795 es

2148 2833 2362 2904 ψυχὴν
2402 2832 2489 2903 μὴ
2553 2833 2911 2903 δυναμένων
2966 2833 3340 2888 ἀποκτεῖναι·
3424 2835 3726 2904 φοϐήθητε

2152 2927 2221 2981 δὲ
2293 2923 2539 2997 μᾶλλον
2608 2927 2717 2980 τὸν
2787 2924 3131 2995 δυνάμενον
3188 2926 3286 2980 καὶ
3345 2927 3563 2996 ψυχὴν
3628 2928 3725 2981 καὶ

2149 3016 2321 3090 σῶμα
2360 3017 2678 3073 ἀπολέσαι.
2739 3019 2848 3072 Καὶ
2900 3015 3111 3081 Παῦλος
3157 3016 3216 3071 δὲ
3244 3020 3273 3071 ὁ
3306 3020 3632 3085 ἀπόστολος,
3668 3023 3726 3073 εν

474 3130 792 3198 perturbari,
820 3131 999 3185 anima
1024 3130 1162 3185 enim
1192 3130 1306 3199 ejus
1335 3130 1391 3184 in
1421 3131 1532 3200 ipso
1560 3140 1639 3185 est
1667 3128 1710 3186 '.
1740 3128 1856 3185 Alia
1878 3129 2042 3184 multa

2158 3111 2392 3184 Τρωάδι,
2439 3113 2657 3165 πάντων
2696 3110 3074 3181 ὑπειληφότων
3106 3111 3359 3166 τεθνάναι
3412 3112 3503 3164 τὸν
3555 3111 3729 3166 Εὔτυ-

473 3223 775 3279 Onittimus
833 3221 1161 3287 testimonia,
1207 3221 1401 3292 quibus
1427 3221 1646 3294 planum
1688 3221 1750 3278 ﬁt
1802 3222 2048 3295 singulos

2158 3220 2265 3276 χον,
2299 3204 2426 3273 ἔφη’
2468 3203 2564 3272 Μὴ
2607 3201 2977 3272 θορυϐεῖσθε,
3026 3204 3065 3274 ἠ
3100 3202 3208 3274 γὰρ
3238 3203 3411 3273 ψυχὴ
3442 3199 3630 3260 αὐτοῦ
3662 3205 3733 3258 ἐν

478 3316 727 3373 homines
749 3315 985 3387 singulas
1013 3314 1224 3368 animas
1261 3314 1485 3370 habere.

553 3581 885 3639 Cicricorum
943 3581 1205 3638 sitnulant
1281 3578 1621 3647 electionem,
1675 3580 2049 3651 diaconorum,

483 3674 931 3746 sacerdotumque
986 3674 1212 3745 gradum
1261 3674 1597 3742 invadentes,
1628 3681 1686 3730 ut
1729 3684 2051 3745 potestatem

482 3770 658 3825 solum
678 3768 963 3837 quamdam
979 3777 1035 3821 et
1058 3766 1435 3822 auctoritatem
1450 3768 2053 3839 arrogent.Quin,ctiam

484 3861 871 3914 monachorum
924 3857 1164 3912 habitum
1216 3856 1469 3927 induunt,
1504 3865 1564 3914 ut
1614 3858 1835 3929 lateant,
1874 3858 2055 3916 multi-

486 3952 830 4020 tudinemque
856 3949 1150 4021 decipiant.

562 4110 603 4163 Δ
635 4122 885 4163 manuum
931 4107 1208 4166 laboribus
1235 4109 1545 4177 abhorrent,
1590 4109 1835 4184 neglecto
1862 4126 2058 4183 magno

486 4201 676 4270 Paulo,
701 4203 789 4272 qui
813 4201 947 4257 dicit
968 4219 982 4257 :
1001 4201 1058 4257 Si
1078 4203 1195 4272 quis
1214 4219 1313 4257 non
1331 4203 1554 4272 laborat,
1572 4219 1675 4260 non
1716 4206 2057 4263 manducet‘.

490 4292 555 4349 Et
577 4309 792 4349 rursum
826 4310 842 4350 :
876 4298 1068 4350 Manus
1106 4296 1188 4349 Ita:
1221 4295 1759 4364 ministraruntmilti,
1793 4306 1842 4353 et
1873 4298 1938 4353 iis
1967 4299 2058 4369 qui

490 4403 687 4441 mecum
712 4395 863 4441 erant
907 4388 951 4444 ⁵.
1006 4387 1119 4444 Nec
1148 4388 1590 4445 animadvertunt
1619 4389 1869 4447 homines
1886 4391 2058 4463 ignari

2145 3294 2544 3364 αὑτῷρστινμ
2577 3296 2663 3350 ῖνα
2685 3298 2781 3360 τὰς
2796 3295 2963 3360 ἄλλας
2993 3295 3301 3368 μαρτυρίας
3320 3295 3524 3359 πολλάς
3558 3295 3730 3359 οὔσας

2146 3392 2421 3461 ιάσωμεν,
2451 3388 2509 3442 αῖ
2542 3388 2675 3461 μίαν
2718 3387 2899 3459 ψυχὴν
2945 3386 3164 3459 ἑκάστῳ
3215 3386 3498 3458 ἀνθρώπῳ
3566 3403 3732 3460 προσ-

2153 3481 2525 3555 μαρτυροῦσι.

2220 3575 2332 3645 Τὴν
2365 3573 2474 3627 τῶν
2504 3571 2781 3645 κληρικῶν
2808 3571 3190 3644 ὑποκρίνονται
3211 3569 3549 3642 χειροτονίαν
3592 3572 3725 3642 βαθ-

2154 3664 2257 3737 μοῦ
2299 3664 2489 3739 ἱερέων
2524 3666 2617 3719 καὶ
2657 3664 2917 3717 διακόνων
2987 3662 3401 3729 ἐπιϐαίνοντες,
3438 3664 3526 3716 ἵνα
3572 3664 3727 3732 μόνον

2153 3758 2402 3823 ἀξουσίαν
2425 3756 2548 3812 τινά
2570 3756 2667 3811 καὶ
2693 3754 2978 3809 αὑθεντίαν
3005 3755 3217 3817 ἑαυτοῖς
3243 3757 3725 3825 περιποιησωνται.

2154 3848 2264 3903 Ναὶ
2309 3846 2418 3920 μὴν
2457 3846 2641 3901 καὶτὸ
2693 3846 2801 3899 τῶν
2851 3844 3102 3916 μοναχῶν
3135 3843 3461 3897 ὑποδύονται
3511 3843 3725 3913 σχῆμα,

2153 3936 2438 3994 λανθάνειν
2464 3935 2553 3989 διὰ
2587 3934 2779 3989 τούτου
2810 3934 3164 4006 βουλόμενοι,
3214 3934 3307 3986 καὶ
3340 3933 3468 3996 τοὺς
3510 3934 3728 3997 πολλοὺς

2156 4030 2396 4101 ἀπατᾷν.

2228 4121 2340 4193 Τὴν
2362 4120 2449 4173 διά
2466 4120 2575 4173 τῶν
2602 4119 2799 4190 χειρῶν
2820 4116 3082 4188 ἐργασίαν
3100 4116 3544 4186 ἀποστρέφονται
3564 4133 3727 4170 κατα-

2159 4208 2487 4283 φρονοῦντες
2525 4207 2621 4261 τοῦ
2655 4207 2892 4278 μεγάλου
2928 4206 3141 4260 Παύλου
3185 4206 3437 4274 λέγοντος
3461 4219 3482 4240 ο
3522 4206 3600 4260 ει
3646 4222 3728 4272 τις

2159 4307 2233 4360 οὐ
2262 4305 2423 4360 θέλει
2445 4299 2820 4371 ἐργάζεσθαι,
2873 4298 3034 4369 μηδὲ
3075 4297 3323 4352 ἐσθιέτω
3350 4313 3368 4330 ·
3412 4298 3507 4352 καὶ
3551 4300 3729 4352 πάλιν

2159 4398 2230 4453 Δὶ
2262 4394 2451 4465 χεῷες
2491 4390 2666 4448 αὗται
2709 4390 3085 4458 διηκόνησαν
3110 4387 3273 4459 ἐμοὶ,
3321 4390 3421 4442 καί
3463 4388 3590 4456 τοῖς
3615 4390 3731 4443 σὺν

488 4495 552 4533 ex
579 4480 768 4534 inertia
811 4489 974 4551 atque
1000 4480 1111 4536 otio
1134 4489 1249 4536 tum
1273 4482 1430 4537 solita
1465 4483 1595 4539 vitia
1618 4484 1911 4554 proﬁcisci,
1944 4492 2052 4539 tum

2165 4489 2297 4561 ἐμοί
2316 4506 2331 4521 ’
2363 4490 2460 4541 καὶ
2489 4483 2828 4555 ἀγνοοῦντες,
2853 4482 2928 4544 ὡς
2956 4481 3152 4546 ἔοικεν,
3183 4481 3267 4535 ὅτι
3292 4482 3326 4551 η
3350 4482 3521 4549 ἀργία
3546 4482 3641 4535 καὶ
3666 4486 3728 4534 τὰ

491 4571 701 4625 insolita
722 4569 880 4638 disci,
911 4579 1022 4625 tum
1050 4572 1295 4641 corporis
1321 4572 1562 4629 membra
1595 4573 1702 4631 illis
1734 4588 1857 4631 esse
1878 4577 2052 4645 oneri,

2164 4580 2369 4650 συνήθη
2398 4576 2544 4647 πάθη
2580 4576 2741 4640 κινεῖ,
2782 4571 2965 4626 καὶτά
2993 4571 3069 4643 μὴ
3112 4573 3318 4643 συνήθη
3346 4573 3613 4637 διδάσκει,
3642 4576 3729 4625 καὶ

490 4665 582 4735 qui
620 4666 700 4721 eis
730 4680 835 4720 non
871 4673 1115 4720 utuntur.

559 4756 982 4823 Postulantibus,
1031 4766 1086 4813 et
1121 4757 1327 4829 egenis,
1358 4774 1421 4815 ac
1450 4760 1795 4831 pauperibus,
1851 4773 1943 4818 aut
2003 4763 2060 4819 in

490 4850 673 4920 aliqua
722 4849 1035 4906 calamitate
1092 4852 1402 4908 constitutis
1432 4852 1565 4908 nihil
1618 4854 2058 4925 impertiendum,

491 4951 585 4997 aut
630 4940 1080 4997 commodandum
1134 4957 1257 5000 esse
1293 4944 1503 5010 dicunt,
1535 4946 1630 5002 sed
1684 4948 2061 5005 tantummodo

492 5033 865 5089 admonendos
909 5049 1173 5105 pauperes
1217 5036 1409 5105 spiritu
1434 5051 1465 5091 a
1499 5037 1728 5111 Domino
1753 5039 1940 5095 beatos
1965 5054 2060 5110 ap-

492 5125 704 5197 pellari.
736 5126 845 5195 Ego
879 5138 1007 5181 vero
1036 5127 1115 5183 sic
1143 5127 1277 5182 istos
1317 5127 1650 5198 compellabo
1676 5146 1690 5182 :
1721 5127 1765 5184 0
1789 5130 1886 5185 viri
1911 5131 2060 5199 boni,

495 5217 718 5274 nescitis
749 5218 1031 5274 Dominum
1063 5218 1383 5289 prtecepisse
1438 5226 1497 5273 ut
1539 5219 1791 5276 omnibus
1830 5225 2063 5291 petenti-

497 5312 598 5365 bus
620 5310 922 5363 tribuamus
954 5324 970 5363 :
1006 5307 1163 5364 Omni
1200 5309 1368 5376 enim,
1390 5308 1585 5378 inquit,
1616 5313 1802 5378 petenti
1828 5328 1859 5365 a
1887 5322 1935 5366 te
1964 5313 2064 5367 tri-

492 5402 587 5455 bue
618 5400 661 5455 '.
706 5399 898 5456 Vestra
925 5410 1103 5455 autem
1130 5399 1386 5470 iniquitas
1419 5399 1580 5455 celari
1601 5384 1729 5456 non.
1742 5414 1937 5473 potest,
1966 5406 2059 5475 qui

495 5503 558 5543 ea
607 5504 728 5559 qua:
768 5499 892 5545 sunt
922 5505 1215 5560 pauperum
1274 5491 1341 5545 ad
1370 5505 1466 5547 vos
1508 5493 1741 5556 trahitis,
1768 5502 1822 5548 et
1870 5496 2064 5551 vestris

497 5582 816 5649 commodis,
849 5583 1416 5654 voluptatibus,atque
1436 5584 1646 5639 deliciis
1685 5594 2062 5643 tantumacon-

568 5763 586 5796 ‘
608 5759 766 5818 Joan.
801 5777 912 5828 xw,
944 5760 1035 5817 23.
1109 5763 1129 5795 ¹
1160 5762 1352 5821 blatth.
1389 5779 1444 5832 ι,
1471 5763 1564 5823 28.
1639 5766 1660 5799 ³
1684 5769 1806 5823 Act.
1837 5784 1929 5837 sx,
1967 5768 2053 5827 10.
2131 5769 2154 5804 ⁵
2176 5768 2223 5827 ιι
2238 5766 2430 5825 Thess.
2449 5764 2629 5835 tu,l0.
2702 5765 2724 5799 ⁵
2750 5763 2873 5819 Act.
2896 5778 2991 5832 xx,
3012 5762 3103 5820 '54.

2160 4674 2243 4728 ὅτι
2277 4673 2346 4725 τὰ
2372 4671 2507 4742 μέλη
2532 4668 2627 4723 τοῦ
2656 4667 2908 4738 σώματος
2938 4666 3135 4737 φορτία
3160 4669 3275 4728 τοῖς
3298 4668 3375 4737 μὴ
3408 4667 3728 4737 χρωμένοις.

2229 4759 2597 4833 Νομοθετοῦσι
2648 4756 2725 4831 μὴ
2772 4757 2881 4811 δεῖν
2943 4755 3282 4827 μεταδιδόναι
3340 4758 3453 4819 τοῖς
3504 4772 3729 4826 προσαιο

2156 4854 2342 4909 τοῦσιν
2364 4893 2379 4920 ,
2426 4853 2460 4925 ἢ
2505 4853 2619 4915 τοῖς
2664 4849 2839 4913 ἄλλως
2872 4848 3069 4919 πένησι
3116 4848 3210 4901 καὶ
3253 4849 3527 4918 πτωχοῖς,
3559 4848 3591 4918 ἢ
3622 4851 3729 4912 τοῖς

2159 4946 2281 5002 καθ’
2330 4944 2635 5015 οίανδήτινα
2679 4941 2998 5013 περίστασιν
3052 4939 3323 5009 δεομένοις
3365 4938 3731 5011 ἑλεημοσύνης

2160 5040 2257 5094 καὶ
2295 5036 2638 5110 μεταδόσεως
2659 5076 2676 5104 ,
2717 5033 2831 5088 ἀλλ’
2862 5033 3047 5095 αὐτοῖς
3079 5032 3289 5102 μόνοις,
3334 5031 3582 5099 λέγοντες
3610 5036 3733 5085 eam.

2156 5133 2284 5196 τοὺς
2315 5127 2455 5185 εἶναι
2484 5129 2612 5191 τοὺς
2642 5125 2892 5195 πτωχοὺς
2921 5123 3002 5196 τῷ
3039 5124 3313 5195 πνεύματι
3332 5165 3348 5190 ,
3388 5121 3485 5187 οὒς
3514 5126 3732 5194 ἐπιαλῶ.

2162 5238 2310 5294 ρισεν
2361 5221 2389 5272 ὁ
2438 5218 2662 5289 Κύριος.
2731 5216 2872 5283 Ἐγὼ
2915 5213 2972 5268 δὲ
3007 5215 3171 5285 φαίην
3202 5214 3271 5267 ἂν
3308 5212 3443 5283 πρὸς
3495 5213 3730 5277 αὐτούς.

2170 5313 2308 5367 Ἀλλ’
2337 5312 2366 5365 ὁ
2396 5311 2627 5379 Κύριος,
2665 5300 2711 5360 ὦ
2741 5301 2927 5373 οῦτοι,
2962 5307 3099 5359 πᾶσι
3128 5308 3237 5368 τοῖς
3260 5305 3537 5374 δεομένοις
3568 5323 3732 5375 μετα-

2161 5404 2361 5458 διδόναι
2382 5400 2701 5474 προσέταξεο
2722 5398 2906 5452 Παντὶ
2930 5399 3062 5467 τὰρ,
3085 5398 3239 5465 φησι,
3260 5394 3338 5461 τῷ
3352 5396 3733 5453 attain-2100s

2162 5497 2357 5552 δίδου.
2396 5495 2589 5566 Ὑμεῖς
2621 5492 2677 5545 δὲ
2709 5492 2771 5545 οὐ
2819 5490 3085 5559 λελήθατε
3112 5491 3251 5561 πρὸς
3282 5490 3507 5552 ἑαυτοὺς
3533 5491 3604 5543 τὰ
3628 5490 3731 5543 τῶν

2165 5591 2412 5659 πενήτων
2450 5586 2804 5658 μεθέλκοντες
2825 5620 2842 5647 ,
2896 5582 2994 5635 καὶ
3041 5582 3175 5654 πρὸς
3206 5583 3375 5654 μόνην
3403 5581 3501 5651 τὴν
3526 5584 3731 5634 οίκείαν

3183 5761 3205 5793 ⁸
3227 5761 3364 5820 Luc.
3387 5778 3463 5831 vr,
3502 5762 3597 5821 50.
