  <div class='ocr_page' id='page_1' title='image "/cluster/home/n/w/nwhite01/storage/ocr_20150623/130/hvd.32044019208255/653.png"; bbox 0 0 3930 6588; ppageno 0'>
   <div class='ocr_carea' id='block_1_1' title="bbox 463 416 3758 486">
    <p class='ocr_par' dir='ltr' id='par_1_1' title="bbox 463 416 3758 486">
     <span class='ocr_line' id='line_1_1' title="bbox 463 416 3758 486; baseline 0.002 -7"><span class='ocrx_word' id='word_1_1' title='bbox 463 416 597 484; x_wconf 73' lang='grc'><strong>1291</strong></span> <span class='ocrx_word' id='word_1_2' title='bbox 1709 417 2088 478; x_wconf 73' lang='lat' dir='ltr'><strong>EUTllYMll</strong></span> <span class='ocrx_word' id='word_1_3' title='bbox 2136 417 2493 480; x_wconf 73' lang='lat' dir='ltr'><strong>ZlGABENl</strong></span> <span class='ocrx_word' id='word_1_4' title='bbox 3616 425 3758 486; x_wconf 63' lang='lat'><strong>19:92</strong></span> 
     </span>
    </p>
   </div>
   <div class='ocr_carea' id='block_1_2' title="bbox 459 530 2038 609">
    <p class='ocr_par' dir='ltr' id='par_1_2' title="bbox 459 530 2038 608">
     <span class='ocr_line' id='line_1_2' title="bbox 459 530 2038 608; baseline -0.008 -17"><span class='ocrx_word' id='word_1_5' title='bbox 459 538 633 608; x_wconf 59' lang='grc' dir='ltr'><strong>μύει</strong></span> <span class='ocrx_word' id='word_1_6' title='bbox 667 552 789 591; x_wconf 89' lang='lat' dir='ltr'><strong>cum</strong></span> <span class='ocrx_word' id='word_1_7' title='bbox 821 535 910 590; x_wconf 90' lang='lat' dir='ltr'><strong>illo</strong></span> <span class='ocrx_word' id='word_1_8' title='bbox 960 534 1260 601; x_wconf 88' lang='lat' dir='ltr'><strong>disputans,</strong></span> <span class='ocrx_word' id='word_1_9' title='bbox 1295 546 1464 599; x_wconf 86' lang='lat' dir='ltr'><strong>seque</strong></span> <span class='ocrx_word' id='word_1_10' title='bbox 1490 530 1785 599; x_wconf 73' lang='lat' dir='ltr'><strong>prudenter</strong></span> <span class='ocrx_word' id='word_1_11' title='bbox 1810 530 2038 598; x_wconf 87' lang='lat' dir='ltr'><strong>discipu-</strong></span> 
     </span>
    </p>
   </div>
   <div class='ocr_carea' id='block_1_3' title="bbox 2145 530 3756 609">
    <p class='ocr_par' dir='ltr' id='par_1_3' title="bbox 2151 530 3756 609">
     <span class='ocr_line' id='line_1_3' title="bbox 2151 530 3756 609; baseline 0.006 -28"><span class='ocrx_word' id='word_1_12' title='bbox 2151 530 2290 595; x_wconf 75' lang='grc' dir='ltr'><strong>λίας,</strong></span> <span class='ocrx_word' id='word_1_13' title='bbox 2336 533 2432 586; x_wconf 77' lang='grc' dir='ltr'><strong>καὶ</strong></span> <span class='ocrx_word' id='word_1_14' title='bbox 2468 535 2726 602; x_wconf 63' lang='grc' dir='ltr'><strong>γλυκείας</strong></span> <span class='ocrx_word' id='word_1_15' title='bbox 2754 576 2767 601; x_wconf 88' lang='grc'><strong>,</strong></span> <span class='ocrx_word' id='word_1_16' title='bbox 2812 537 2869 589; x_wconf 82' lang='grc' dir='ltr'><strong>ἐν</strong></span> <span class='ocrx_word' id='word_1_17' title='bbox 2905 535 2971 607; x_wconf 73' lang='grc' dir='ltr'><strong>τῷ</strong></span> <span class='ocrx_word' id='word_1_18' title='bbox 3000 535 3456 604; x_wconf 84' lang='grc' dir='ltr'><strong>προδιαλέγεσθαι</strong></span> <span class='ocrx_word' id='word_1_19' title='bbox 3498 537 3756 609; x_wconf 84' lang='grc' dir='ltr'><strong>χάριτος.</strong></span> 
     </span>
    </p>
   </div>
   <div class='ocr_carea' id='block_1_4' title="bbox 458 620 2038 700">
    <p class='ocr_par' dir='ltr' id='par_1_4' title="bbox 458 620 2038 693">
     <span class='ocr_line' id='line_1_4' title="bbox 458 620 2038 693; baseline -0.005 -9"><span class='ocrx_word' id='word_1_20' title='bbox 458 632 569 685; x_wconf 82' lang='lat' dir='ltr'><strong>lum</strong></span> <span class='ocrx_word' id='word_1_21' title='bbox 603 629 868 684; x_wconf 80' lang='lat' dir='ltr'><strong>simulans</strong></span> <span class='ocrx_word' id='word_1_22' title='bbox 920 625 1077 680; x_wconf 80' lang='lat' dir='ltr'><strong>facile</strong></span> <span class='ocrx_word' id='word_1_23' title='bbox 1131 623 1361 693; x_wconf 86' lang='lat' dir='ltr'><strong>decepit,</strong></span> <span class='ocrx_word' id='word_1_24' title='bbox 1406 638 1529 678; x_wconf 88' lang='lat' dir='ltr'><strong>cutn</strong></span> <span class='ocrx_word' id='word_1_25' title='bbox 1575 621 1686 692; x_wconf 89' lang='lat' dir='ltr'><strong>jam</strong></span> <span class='ocrx_word' id='word_1_26' title='bbox 1732 621 1819 676; x_wconf 85' lang='lat' dir='ltr'><strong>ille</strong></span> <span class='ocrx_word' id='word_1_27' title='bbox 1856 620 2038 676; x_wconf 72' lang='lat' dir='ltr'><strong>multo:</strong></span> 
     </span>
    </p>
   </div>
   <div class='ocr_carea' id='block_1_5' title="bbox 2145 620 3761 700">
    <p class='ocr_par' dir='ltr' id='par_1_5' title="bbox 2157 624 3761 700">
     <span class='ocr_line' id='line_1_5' title="bbox 2157 624 3761 700; baseline 0.013 -25"><span class='ocrx_word' id='word_1_28' title='bbox 2157 624 2248 677; x_wconf 71' lang='grc' dir='ltr'><strong>καὶ</strong></span> <span class='ocrx_word' id='word_1_29' title='bbox 2286 627 2521 691; x_wconf 85' lang='grc' dir='ltr'><strong>συνετῶς</strong></span> <span class='ocrx_word' id='word_1_30' title='bbox 2556 630 2997 700; x_wconf 76' lang='grc' dir='ltr'><strong>ὑποκρινάμενος</strong></span> <span class='ocrx_word' id='word_1_31' title='bbox 3042 629 3134 681; x_wconf 80' lang='grc' dir='ltr'><strong>τὸν</strong></span> <span class='ocrx_word' id='word_1_32' title='bbox 3176 628 3571 700; x_wconf 75' lang='grc' dir='ltr'><strong>μαθητιῶντα,</strong></span> <span class='ocrx_word' id='word_1_33' title='bbox 3621 631 3761 700; x_wconf 49' lang='lat' dir='ltr'><strong>ﬁ?“</strong></span> 
     </span>
    </p>
   </div>
   <div class='ocr_carea' id='block_1_6' title="bbox 457 714 2038 793">
    <p class='ocr_par' dir='ltr' id='par_1_6' title="bbox 457 716 2038 791">
     <span class='ocr_line' id='line_1_6' title="bbox 457 716 2038 791; baseline -0.008 -12"><span class='ocrx_word' id='word_1_34' title='bbox 457 724 762 791; x_wconf 86' lang='lat' dir='ltr'><strong>perniciose</strong></span> <span class='ocrx_word' id='word_1_35' title='bbox 810 720 1128 787; x_wconf 86' lang='lat' dir='ltr'><strong>decepisset,</strong></span> <span class='ocrx_word' id='word_1_36' title='bbox 1172 732 1499 786; x_wconf 87' lang='lat' dir='ltr'><strong>omnemque</strong></span> <span class='ocrx_word' id='word_1_37' title='bbox 1532 716 1583 771; x_wconf 92' lang='lat' dir='ltr'><strong>in</strong></span> <span class='ocrx_word' id='word_1_38' title='bbox 1642 716 1839 785; x_wconf 88' lang='lat' dir='ltr'><strong>putridi</strong></span> <span class='ocrx_word' id='word_1_39' title='bbox 1897 728 2038 769; x_wconf 81' lang='lat' dir='ltr'><strong>exse-</strong></span> 
     </span>
    </p>
   </div>
   <div class='ocr_carea' id='block_1_7' title="bbox 2145 714 3755 793">
    <p class='ocr_par' dir='ltr' id='par_1_7' title="bbox 2152 714 3755 793">
     <span class='ocr_line' id='line_1_7' title="bbox 2152 714 3755 793; baseline 0.004 -24"><span class='ocrx_word' id='word_1_40' title='bbox 2152 714 2468 787; x_wconf 81' lang='grc' dir='ltr'><strong>ὲξηπάτησε</strong></span> <span class='ocrx_word' id='word_1_41' title='bbox 2497 721 2590 774; x_wconf 82' lang='grc' dir='ltr'><strong>τὸν</strong></span> <span class='ocrx_word' id='word_1_42' title='bbox 2621 721 3051 793; x_wconf 70' lang='grc' dir='ltr'><strong>ἐξαπατήσαντα</strong></span> <span class='ocrx_word' id='word_1_43' title='bbox 3082 722 3312 785; x_wconf 77' lang='grc' dir='ltr'><strong>πολλοὺς</strong></span> <span class='ocrx_word' id='word_1_44' title='bbox 3335 724 3413 785; x_wconf 79' lang='grc' dir='ltr'><strong>εἰς</strong></span> <span class='ocrx_word' id='word_1_45' title='bbox 3440 723 3755 784; x_wconf 72' lang='grc' dir='ltr'><strong>ἀπώλειαν,</strong></span> 
     </span>
    </p>
   </div>
   <div class='ocr_carea' id='block_1_8' title="bbox 458 807 2038 887">
    <p class='ocr_par' dir='ltr' id='par_1_8' title="bbox 458 807 2038 882">
     <span class='ocr_line' id='line_1_8' title="bbox 458 807 2038 882; baseline -0.007 -12"><span class='ocrx_word' id='word_1_46' title='bbox 458 816 760 882; x_wconf 87' lang='lat' dir='ltr'><strong>crandique</strong></span> <span class='ocrx_word' id='word_1_47' title='bbox 784 813 930 868; x_wconf 88' lang='lat' dir='ltr'><strong>senis</strong></span> <span class='ocrx_word' id='word_1_48' title='bbox 958 826 1161 865; x_wconf 87' lang='lat' dir='ltr'><strong>arcano</strong></span> <span class='ocrx_word' id='word_1_49' title='bbox 1194 809 1531 865; x_wconf 88' lang='lat' dir='ltr'><strong>reconditam</strong></span> <span class='ocrx_word' id='word_1_50' title='bbox 1579 807 1864 867; x_wconf 89' lang='lat' dir='ltr'><strong>malitiam,</strong></span> <span class='ocrx_word' id='word_1_51' title='bbox 1905 821 2038 859; x_wconf 76' lang='lat' dir='ltr'><strong>men</strong></span> 
     </span>
    </p>
   </div>
   <div class='ocr_carea' id='block_1_9' title="bbox 2145 807 3758 887">
    <p class='ocr_par' dir='ltr' id='par_1_9' title="bbox 2151 812 3758 887">
     <span class='ocr_line' id='line_1_9' title="bbox 2151 812 3758 887; baseline 0.002 -23"><span class='ocrx_word' id='word_1_52' title='bbox 2151 812 2245 864; x_wconf 77' lang='grc' dir='ltr'><strong>καὶ</strong></span> <span class='ocrx_word' id='word_1_53' title='bbox 2278 814 2461 866; x_wconf 82' lang='grc' dir='ltr'><strong>πᾶσαν</strong></span> <span class='ocrx_word' id='word_1_54' title='bbox 2516 813 2614 884; x_wconf 81' lang='grc' dir='ltr'><strong>τὴν</strong></span> <span class='ocrx_word' id='word_1_55' title='bbox 2644 814 3050 885; x_wconf 73' lang='grc' dir='ltr'><strong>ἐνδομυχοῦσαν</strong></span> <span class='ocrx_word' id='word_1_56' title='bbox 3074 814 3153 886; x_wconf 79' lang='grc' dir='ltr'><strong>τῷ</strong></span> <span class='ocrx_word' id='word_1_57' title='bbox 3192 817 3386 887; x_wconf 80' lang='grc' dir='ltr'>σαπρῷ</span> <span class='ocrx_word' id='word_1_58' title='bbox 3421 817 3599 887; x_wconf 80' lang='grc' dir='ltr'><strong>τούτῳ</strong></span> <span class='ocrx_word' id='word_1_59' title='bbox 3662 818 3758 868; x_wconf 75' lang='grc' dir='ltr'><strong>καὶ</strong></span> 
     </span>
    </p>
   </div>
   <div class='ocr_carea' id='block_1_10' title="bbox 459 901 2038 983">
    <p class='ocr_par' dir='ltr' id='par_1_10' title="bbox 459 901 2038 967">
     <span class='ocr_line' id='line_1_10' title="bbox 459 901 2038 967; baseline -0.003 -7"><span class='ocrx_word' id='word_1_60' title='bbox 459 908 528 962; x_wconf 88' lang='lat' dir='ltr'><strong>tis</strong></span> <span class='ocrx_word' id='word_1_61' title='bbox 553 907 802 959; x_wconf 85' lang='lat' dir='ltr'><strong>acumine</strong></span> <span class='ocrx_word' id='word_1_62' title='bbox 836 914 888 959; x_wconf 89' lang='lat' dir='ltr'><strong>et</strong></span> <span class='ocrx_word' id='word_1_63' title='bbox 916 915 1125 959; x_wconf 71' lang='lat' dir='ltr'><strong>natura:</strong></span> <span class='ocrx_word' id='word_1_64' title='bbox 1145 902 1406 960; x_wconf 82' lang='lat' dir='ltr'><strong>facilitate</strong></span> <span class='ocrx_word' id='word_1_65' title='bbox 1424 902 1645 967; x_wconf 72' lang='lat' dir='ltr'><strong>detexit,</strong></span> <span class='ocrx_word' id='word_1_66' title='bbox 1680 903 1809 956; x_wconf 86' lang='lat' dir='ltr'><strong>nihil</strong></span> <span class='ocrx_word' id='word_1_67' title='bbox 1829 901 2038 956; x_wconf 83' lang='lat' dir='ltr'><strong>enminc</strong></span> 
     </span>
    </p>
   </div>
   <div class='ocr_carea' id='block_1_11' title="bbox 2145 901 3755 983">
    <p class='ocr_par' dir='ltr' id='par_1_11' title="bbox 2153 909 3755 983">
     <span class='ocr_line' id='line_1_11' title="bbox 2153 909 3755 983; baseline 0.003 -24"><span class='ocrx_word' id='word_1_68' title='bbox 2153 909 2521 979; x_wconf 81' lang='grc' dir='ltr'>καταπτύστῳ</span> <span class='ocrx_word' id='word_1_69' title='bbox 2552 910 2772 981; x_wconf 80' lang='grc' dir='ltr'><strong>γέροντι</strong></span> <span class='ocrx_word' id='word_1_70' title='bbox 2804 911 3141 982; x_wconf 85' lang='grc' dir='ltr'><strong>κακοήθειαν</strong></span> <span class='ocrx_word' id='word_1_71' title='bbox 3174 911 3392 982; x_wconf 79' lang='grc' dir='ltr'><strong>ὀξύτητι</strong></span> <span class='ocrx_word' id='word_1_72' title='bbox 3425 913 3626 983; x_wconf 76' lang='grc' dir='ltr'><strong>φρενὸς</strong></span> <span class='ocrx_word' id='word_1_73' title='bbox 3660 912 3755 964; x_wconf 69' lang='grc' dir='ltr'><strong>καὶ</strong></span> 
     </span>
    </p>
   </div>
   <div class='ocr_carea' id='block_1_12' title="bbox 459 994 2038 1074">
    <p class='ocr_par' dir='ltr' id='par_1_12' title="bbox 459 994 2038 1069">
     <span class='ocr_line' id='line_1_12' title="bbox 459 994 2038 1069; baseline -0.003 -16"><span class='ocrx_word' id='word_1_74' title='bbox 459 1000 775 1069; x_wconf 84' lang='lat' dir='ltr'><strong>relinquens</strong></span> <span class='ocrx_word' id='word_1_75' title='bbox 797 1000 940 1069; x_wconf 89' lang='lat' dir='ltr'><strong>quod</strong></span> <span class='ocrx_word' id='word_1_76' title='bbox 969 1013 1074 1052; x_wconf 86' lang='lat' dir='ltr'><strong>non</strong></span> <span class='ocrx_word' id='word_1_77' title='bbox 1115 997 1467 1067; x_wconf 75' lang='lat' dir='ltr'><strong>investigat-et</strong></span> <span class='ocrx_word' id='word_1_78' title='bbox 1497 1006 1659 1065; x_wconf 89' lang='lat' dir='ltr'><strong>atque</strong></span> <span class='ocrx_word' id='word_1_79' title='bbox 1696 994 2038 1063; x_wconf 72' lang='lat' dir='ltr'><strong>perspiceret.</strong></span> 
     </span>
    </p>
   </div>
   <div class='ocr_carea' id='block_1_13' title="bbox 2145 994 3756 1074">
    <p class='ocr_par' dir='ltr' id='par_1_13' title="bbox 2148 1000 3756 1074">
     <span class='ocr_line' id='line_1_13' title="bbox 2148 1000 3756 1074; baseline 0.002 -21"><span class='ocrx_word' id='word_1_80' title='bbox 2148 1000 2416 1071; x_wconf 80' lang='grc' dir='ltr'><strong>δεξιότητι</strong></span> <span class='ocrx_word' id='word_1_81' title='bbox 2445 1002 2664 1071; x_wconf 81' lang='grc' dir='ltr'><strong>φύσεως</strong></span> <span class='ocrx_word' id='word_1_82' title='bbox 2693 1003 3037 1074; x_wconf 85' lang='grc' dir='ltr'><strong>ἀνίχνευσεν,</strong></span> <span class='ocrx_word' id='word_1_83' title='bbox 3066 1004 3218 1059; x_wconf 79' lang='grc' dir='ltr'><strong>οὐδὲν</strong></span> <span class='ocrx_word' id='word_1_84' title='bbox 3249 1004 3530 1058; x_wconf 78' lang='grc' dir='ltr'><strong>ὑπολιπὼν</strong></span> <span class='ocrx_word' id='word_1_85' title='bbox 3566 1004 3756 1070; x_wconf 77' lang='grc' dir='ltr'><strong>ἀνεξε-</strong></span> 
     </span>
    </p>
   </div>
   <div class='ocr_carea' id='block_1_14' title="bbox 458 1084 2038 1167">
    <p class='ocr_par' dir='ltr' id='par_1_14' title="bbox 458 1084 2038 1160">
     <span class='ocr_line' id='line_1_14' title="bbox 458 1084 2038 1160; baseline -0.003 -16"><span class='ocrx_word' id='word_1_86' title='bbox 458 1091 557 1146; x_wconf 82' lang='lat' dir='ltr'><strong>llic</strong></span> <span class='ocrx_word' id='word_1_87' title='bbox 587 1092 755 1160; x_wconf 77' lang='lat' dir='ltr'><strong>igitur</strong></span> <span class='ocrx_word' id='word_1_88' title='bbox 782 1092 834 1144; x_wconf 91' lang='lat' dir='ltr'><strong>in</strong></span> <span class='ocrx_word' id='word_1_89' title='bbox 872 1089 1214 1144; x_wconf 76' lang='lat' dir='ltr'><strong>tenebricoso</strong></span> <span class='ocrx_word' id='word_1_90' title='bbox 1261 1086 1608 1157; x_wconf 78' lang='lat' dir='ltr'><strong>nugaeissitni</strong></span> <span class='ocrx_word' id='word_1_91' title='bbox 1645 1084 2038 1155; x_wconf 80' lang='lat' dir='ltr'><strong>peruiciosique</strong></span> 
     </span>
    </p>
   </div>
   <div class='ocr_carea' id='block_1_15' title="bbox 2145 1084 3753 1167">
    <p class='ocr_par' dir='ltr' id='par_1_15' title="bbox 2151 1091 3753 1167">
     <span class='ocr_line' id='line_1_15' title="bbox 2151 1091 3753 1167; baseline 0.003 -23"><span class='ocrx_word' id='word_1_92' title='bbox 2151 1091 2411 1164; x_wconf 85' lang='grc' dir='ltr'><strong>ρεύνητον</strong></span> <span class='ocrx_word' id='word_1_93' title='bbox 2455 1094 2485 1165; x_wconf 77' lang='grc' dir='ltr'>ἢ</span> <span class='ocrx_word' id='word_1_94' title='bbox 2540 1094 2789 1149; x_wconf 80' lang='grc' dir='ltr'><strong>ἀθέατον.</strong></span> <span class='ocrx_word' id='word_1_95' title='bbox 2843 1096 3037 1150; x_wconf 81' lang='grc' dir='ltr'><strong>Ἔνθεν</strong></span> <span class='ocrx_word' id='word_1_96' title='bbox 3069 1114 3153 1150; x_wconf 89' lang='grc' dir='ltr'><strong>τοι</strong></span> <span class='ocrx_word' id='word_1_97' title='bbox 3208 1101 3301 1151; x_wconf 75' lang='grc' dir='ltr'><strong>καὶ</strong></span> <span class='ocrx_word' id='word_1_98' title='bbox 3344 1098 3602 1167; x_wconf 81' lang='grc' dir='ltr'><strong>καθάπερ</strong></span> <span class='ocrx_word' id='word_1_99' title='bbox 3642 1098 3753 1151; x_wconf 67' lang='grc' dir='ltr'><strong>άπᾶ</strong></span> 
     </span>
    </p>
   </div>
   <div class='ocr_carea' id='block_1_16' title="bbox 454 1178 2038 1259">
    <p class='ocr_par' dir='ltr' id='par_1_16' title="bbox 454 1178 2038 1253">
     <span class='ocr_line' id='line_1_16' title="bbox 454 1178 2038 1253; baseline -0.006 -13"><span class='ocrx_word' id='word_1_100' title='bbox 454 1187 600 1240; x_wconf 87' lang='lat' dir='ltr'><strong>senis</strong></span> <span class='ocrx_word' id='word_1_101' title='bbox 629 1185 815 1246; x_wconf 90' lang='lat' dir='ltr'><strong>corde,</strong></span> <span class='ocrx_word' id='word_1_102' title='bbox 857 1193 1113 1253; x_wconf 85' lang='lat' dir='ltr'><strong>tanquam</strong></span> <span class='ocrx_word' id='word_1_103' title='bbox 1156 1182 1208 1235; x_wconf 87' lang='lat' dir='ltr'><strong>in</strong></span> <span class='ocrx_word' id='word_1_104' title='bbox 1247 1180 1454 1237; x_wconf 89' lang='lat' dir='ltr'><strong>latebra</strong></span> <span class='ocrx_word' id='word_1_105' title='bbox 1513 1178 1768 1249; x_wconf 88' lang='lat' dir='ltr'><strong>quadam,</strong></span> <span class='ocrx_word' id='word_1_106' title='bbox 1805 1178 2038 1233; x_wconf 80' lang='lat' dir='ltr'><strong>diversas</strong></span> 
     </span>
    </p>
   </div>
   <div class='ocr_carea' id='block_1_17' title="bbox 2145 1178 3751 1259">
    <p class='ocr_par' dir='ltr' id='par_1_17' title="bbox 2147 1186 3751 1259">
     <span class='ocr_line' id='line_1_17' title="bbox 2147 1186 3751 1259; baseline 0.004 -24"><span class='ocrx_word' id='word_1_107' title='bbox 2147 1201 2294 1245; x_wconf 85' lang='grc' dir='ltr'><strong>τινος</strong></span> <span class='ocrx_word' id='word_1_108' title='bbox 2345 1186 2557 1255; x_wconf 78' lang='grc' dir='ltr'><strong>φωλεοῦ</strong></span> <span class='ocrx_word' id='word_1_109' title='bbox 2604 1188 2927 1241; x_wconf 79' lang='grc' dir='ltr'><strong>παντοδαπὰ</strong></span> <span class='ocrx_word' id='word_1_110' title='bbox 2976 1189 3069 1241; x_wconf 74' lang='grc' dir='ltr'><strong>καὶ</strong></span> <span class='ocrx_word' id='word_1_111' title='bbox 3116 1189 3534 1259; x_wconf 80' lang='grc' dir='ltr'><strong>ποικιλόμορφα</strong></span> <span class='ocrx_word' id='word_1_112' title='bbox 3580 1189 3751 1258; x_wconf 81' lang='grc' dir='ltr'><strong>θηρία</strong></span> 
     </span>
    </p>
   </div>
   <div class='ocr_carea' id='block_1_18' title="bbox 456 1270 2038 1354">
    <p class='ocr_par' dir='ltr' id='par_1_18' title="bbox 456 1270 2038 1346">
     <span class='ocr_line' id='line_1_18' title="bbox 456 1270 2038 1346; baseline -0.006 -15"><span class='ocrx_word' id='word_1_113' title='bbox 456 1278 743 1346; x_wconf 85' lang='lat' dir='ltr'><strong>variasque</strong></span> <span class='ocrx_word' id='word_1_114' title='bbox 766 1277 931 1340; x_wconf 82' lang='lat' dir='ltr'><strong>feras,</strong></span> <span class='ocrx_word' id='word_1_115' title='bbox 970 1274 1230 1338; x_wconf 79' lang='lat' dir='ltr'><strong>nefarias,</strong></span> <span class='ocrx_word' id='word_1_116' title='bbox 1283 1282 1597 1337; x_wconf 88' lang='lat' dir='ltr'><strong>venenatas,</strong></span> <span class='ocrx_word' id='word_1_117' title='bbox 1648 1281 1810 1339; x_wconf 84' lang='lat' dir='ltr'><strong>atque</strong></span> <span class='ocrx_word' id='word_1_118' title='bbox 1867 1270 2038 1324; x_wconf 90' lang='lat' dir='ltr'><strong>multi-</strong></span> 
     </span>
    </p>
   </div>
   <div class='ocr_carea' id='block_1_19' title="bbox 2145 1270 3747 1354">
    <p class='ocr_par' dir='ltr' id='par_1_19' title="bbox 2147 1280 3747 1354">
     <span class='ocr_line' id='line_1_19' title="bbox 2147 1280 3747 1354; baseline 0.004 -23"><span class='ocrx_word' id='word_1_119' title='bbox 2147 1280 2247 1349; x_wconf 82' lang='grc' dir='ltr'><strong>τῆς</strong></span> <span class='ocrx_word' id='word_1_120' title='bbox 2281 1281 2568 1353; x_wconf 85' lang='grc' dir='ltr'><strong>σκοτεινῆς</strong></span> <span class='ocrx_word' id='word_1_121' title='bbox 2618 1282 2787 1336; x_wconf 80' lang='grc' dir='ltr'><strong>αὐτοῦ</strong></span> <span class='ocrx_word' id='word_1_122' title='bbox 2824 1284 3058 1353; x_wconf 83' lang='grc' dir='ltr'><strong>καρδίας</strong></span> <span class='ocrx_word' id='word_1_123' title='bbox 3096 1282 3391 1348; x_wconf 76' lang='grc' dir='ltr'>ἐξελκύσας</span> <span class='ocrx_word' id='word_1_124' title='bbox 3422 1287 3492 1337; x_wconf 75' lang='grc' dir='ltr'><strong>τὰ</strong></span> <span class='ocrx_word' id='word_1_125' title='bbox 3528 1285 3747 1354; x_wconf 78' lang='grc' dir='ltr'><strong>μιαρά,</strong></span> 
     </span>
    </p>
   </div>
   <div class='ocr_carea' id='block_1_20' title="bbox 455 1362 2038 1443">
    <p class='ocr_par' dir='ltr' id='par_1_20' title="bbox 455 1362 2038 1441">
     <span class='ocr_line' id='line_1_20' title="bbox 455 1362 2038 1441; baseline -0.008 -15"><span class='ocrx_word' id='word_1_126' title='bbox 455 1372 621 1441; x_wconf 85' lang='lat' dir='ltr'><strong>plices</strong></span> <span class='ocrx_word' id='word_1_127' title='bbox 647 1372 938 1440; x_wconf 87' lang='lat' dir='ltr'><strong>opiniones</strong></span> <span class='ocrx_word' id='word_1_128' title='bbox 970 1369 1271 1431; x_wconf 73' lang='lat' dir='ltr'><strong>latitantes,</strong></span> <span class='ocrx_word' id='word_1_129' title='bbox 1298 1365 1515 1435; x_wconf 80' lang='lat' dir='ltr'><strong>ingenio</strong></span> <span class='ocrx_word' id='word_1_130' title='bbox 1555 1362 1926 1433; x_wconf 80' lang='lat' dir='ltr'><strong>sapientiaque</strong></span> <span class='ocrx_word' id='word_1_131' title='bbox 1948 1377 2038 1417; x_wconf 86' lang='lat' dir='ltr'><strong>sua</strong></span> 
     </span>
    </p>
   </div>
   <div class='ocr_carea' id='block_1_21' title="bbox 2145 1362 3747 1443">
    <p class='ocr_par' dir='ltr' id='par_1_21' title="bbox 2148 1371 3747 1443">
     <span class='ocr_line' id='line_1_21' title="bbox 2148 1371 3747 1443; baseline 0 -20"><span class='ocrx_word' id='word_1_132' title='bbox 2148 1372 2244 1424; x_wconf 77' lang='grc' dir='ltr'><strong>καὶ</strong></span> <span class='ocrx_word' id='word_1_133' title='bbox 2271 1371 2451 1425; x_wconf 84' lang='grc' dir='ltr'><strong>ίοϐόλα</strong></span> <span class='ocrx_word' id='word_1_134' title='bbox 2473 1412 2487 1435; x_wconf 91' lang='grc'><strong>,</strong></span> <span class='ocrx_word' id='word_1_135' title='bbox 2546 1373 2642 1426; x_wconf 78' lang='grc' dir='ltr'><strong>καὶ</strong></span> <span class='ocrx_word' id='word_1_136' title='bbox 2671 1373 3085 1443; x_wconf 85' lang='grc' dir='ltr'><strong>πολυπρόσωπα</strong></span> <span class='ocrx_word' id='word_1_137' title='bbox 3122 1373 3369 1441; x_wconf 81' lang='grc' dir='ltr'><strong>δόγματα</strong></span> <span class='ocrx_word' id='word_1_138' title='bbox 3406 1374 3530 1435; x_wconf 84' lang='grc' dir='ltr'><strong>ταῖς</strong></span> <span class='ocrx_word' id='word_1_139' title='bbox 3574 1390 3747 1442; x_wconf 66' lang='grc' dir='ltr'><strong>μηκας</strong></span> 
     </span>
    </p>
   </div>
   <div class='ocr_carea' id='block_1_22' title="bbox 456 1456 2038 1535">
    <p class='ocr_par' dir='ltr' id='par_1_22' title="bbox 456 1456 2038 1534">
     <span class='ocr_line' id='line_1_22' title="bbox 456 1456 2038 1534; baseline -0.006 -15"><span class='ocrx_word' id='word_1_140' title='bbox 456 1463 831 1534; x_wconf 83' lang='lat' dir='ltr'><strong>deprebendit,</strong></span> <span class='ocrx_word' id='word_1_141' title='bbox 859 1463 910 1516; x_wconf 93' lang='lat' dir='ltr'><strong>in</strong></span> <span class='ocrx_word' id='word_1_142' title='bbox 951 1470 1305 1531; x_wconf 87' lang='lat' dir='ltr'><strong>apertumque</strong></span> <span class='ocrx_word' id='word_1_143' title='bbox 1336 1458 1578 1529; x_wconf 85' lang='lat' dir='ltr'><strong>protulit.</strong></span> <span class='ocrx_word' id='word_1_144' title='bbox 1610 1457 1676 1511; x_wconf 87' lang='lat' dir='ltr'><strong>Et</strong></span> <span class='ocrx_word' id='word_1_145' title='bbox 1712 1456 2038 1525; x_wconf 82' lang='lat' dir='ltr'><strong>tniltijussit,</strong></span> 
     </span>
    </p>
   </div>
   <div class='ocr_carea' id='block_1_23' title="bbox 2145 1456 3748 1535">
    <p class='ocr_par' dir='ltr' id='par_1_23' title="bbox 2147 1463 3748 1535">
     <span class='ocr_line' id='line_1_23' title="bbox 2147 1463 3748 1535; baseline 0 -18"><span class='ocrx_word' id='word_1_146' title='bbox 2147 1465 2266 1527; x_wconf 89' lang='grc' dir='ltr'><strong>ναῖς</strong></span> <span class='ocrx_word' id='word_1_147' title='bbox 2299 1464 2399 1533; x_wconf 77' lang='grc' dir='ltr'><strong>τῆς</strong></span> <span class='ocrx_word' id='word_1_148' title='bbox 2440 1465 2784 1535; x_wconf 78' lang='grc' dir='ltr'>ὑποκρίσεως</span> <span class='ocrx_word' id='word_1_149' title='bbox 2807 1506 2822 1532; x_wconf 94' lang='grc'><strong>,</strong></span> <span class='ocrx_word' id='word_1_150' title='bbox 2858 1467 2952 1519; x_wconf 78' lang='grc' dir='ltr'><strong>καὶ</strong></span> <span class='ocrx_word' id='word_1_151' title='bbox 2978 1466 3496 1535; x_wconf 78' lang='grc' dir='ltr'><strong>κατασοφισάμενος</strong></span> <span class='ocrx_word' id='word_1_152' title='bbox 3524 1463 3748 1531; x_wconf 73' lang='grc' dir='ltr'><strong>εὐφυῶς</strong></span> 
     </span>
    </p>
   </div>
   <div class='ocr_carea' id='block_1_24' title="bbox 457 1548 2038 1628">
    <p class='ocr_par' dir='ltr' id='par_1_24' title="bbox 457 1548 2038 1619">
     <span class='ocr_line' id='line_1_24' title="bbox 457 1548 2038 1619; baseline -0.004 -12"><span class='ocrx_word' id='word_1_153' title='bbox 457 1553 754 1608; x_wconf 87' lang='lat' dir='ltr'><strong>utridicula</strong></span> <span class='ocrx_word' id='word_1_154' title='bbox 784 1552 941 1607; x_wconf 83' lang='lat' dir='ltr'><strong>istius</strong></span> <span class='ocrx_word' id='word_1_155' title='bbox 994 1549 1215 1604; x_wconf 72' lang='lat' dir='ltr'><strong>haeresis</strong></span> <span class='ocrx_word' id='word_1_156' title='bbox 1256 1548 1514 1619; x_wconf 84' lang='lat' dir='ltr'><strong>mysteria</strong></span> <span class='ocrx_word' id='word_1_157' title='bbox 1561 1548 1827 1617; x_wconf 86' lang='lat' dir='ltr'><strong>pateiacta</strong></span> <span class='ocrx_word' id='word_1_158' title='bbox 1882 1556 2038 1616; x_wconf 84' lang='lat' dir='ltr'><strong>atque</strong></span> 
     </span>
    </p>
   </div>
   <div class='ocr_carea' id='block_1_25' title="bbox 2145 1548 3747 1628">
    <p class='ocr_par' dir='ltr' id='par_1_25' title="bbox 2149 1555 3747 1628">
     <span class='ocr_line' id='line_1_25' title="bbox 2149 1555 3747 1628; baseline -0.003 -18"><span class='ocrx_word' id='word_1_159' title='bbox 2149 1556 2293 1626; x_wconf 82' lang='grc' dir='ltr'><strong>μάλα</strong></span> <span class='ocrx_word' id='word_1_160' title='bbox 2324 1558 2414 1610; x_wconf 68' lang='grc' dir='ltr'><strong>τὸν</strong></span> <span class='ocrx_word' id='word_1_161' title='bbox 2462 1558 2792 1628; x_wconf 74' lang='grc' dir='ltr'><strong>κρονόληρον</strong></span> <span class='ocrx_word' id='word_1_162' title='bbox 2827 1558 3095 1628; x_wconf 83' lang='grc' dir='ltr'><strong>γέροντα,</strong></span> <span class='ocrx_word' id='word_1_163' title='bbox 3143 1558 3203 1609; x_wconf 79' lang='grc' dir='ltr'><strong>τὸ</strong></span> <span class='ocrx_word' id='word_1_164' title='bbox 3244 1556 3476 1609; x_wconf 67' lang='grc' dir='ltr'><strong>παλαιὸν</strong></span> <span class='ocrx_word' id='word_1_165' title='bbox 3532 1555 3747 1619; x_wconf 71' lang='grc' dir='ltr'><strong>κακὸν,</strong></span> 
     </span>
    </p>
   </div>
   <div class='ocr_carea' id='block_1_26' title="bbox 454 1639 2038 1719">
    <p class='ocr_par' dir='ltr' id='par_1_26' title="bbox 454 1639 1791 1702">
     <span class='ocr_line' id='line_1_26' title="bbox 454 1639 1791 1702; baseline -0.007 0"><span class='ocrx_word' id='word_1_166' title='bbox 454 1646 703 1702; x_wconf 86' lang='lat' dir='ltr'><strong>convicta</strong></span> <span class='ocrx_word' id='word_1_167' title='bbox 728 1644 1030 1698; x_wconf 86' lang='lat' dir='ltr'><strong>litterarum</strong></span> <span class='ocrx_word' id='word_1_168' title='bbox 1060 1641 1427 1696; x_wconf 88' lang='lat' dir='ltr'><strong>monumentis</strong></span> <span class='ocrx_word' id='word_1_169' title='bbox 1455 1639 1791 1694; x_wconf 86' lang='lat' dir='ltr'><strong>mandarem.</strong></span> 
     </span>
    </p>
   </div>
   <div class='ocr_carea' id='block_1_27' title="bbox 2145 1639 3752 1719">
    <p class='ocr_par' dir='ltr' id='par_1_27' title="bbox 2146 1645 3752 1719">
     <span class='ocr_line' id='line_1_27' title="bbox 2146 1645 3752 1719; baseline -0.001 -20"><span class='ocrx_word' id='word_1_170' title='bbox 2146 1646 2434 1700; x_wconf 73' lang='grc' dir='ltr'><strong>ἐκέλευσεν</strong></span> <span class='ocrx_word' id='word_1_171' title='bbox 2462 1649 2597 1718; x_wconf 75' lang='grc' dir='ltr'><strong>ἡμῖν</strong></span> <span class='ocrx_word' id='word_1_172' title='bbox 2620 1650 2811 1719; x_wconf 78' lang='grc' dir='ltr'><strong>γραφῇ</strong></span> <span class='ocrx_word' id='word_1_173' title='bbox 2838 1647 3175 1719; x_wconf 76' lang='grc' dir='ltr'><strong>παραδοῦναι</strong></span> <span class='ocrx_word' id='word_1_174' title='bbox 3196 1646 3391 1708; x_wconf 83' lang='grc' dir='ltr'><strong>ταῦτα,</strong></span> <span class='ocrx_word' id='word_1_175' title='bbox 3423 1647 3516 1698; x_wconf 80' lang='grc' dir='ltr'><strong>καὶ</strong></span> <span class='ocrx_word' id='word_1_176' title='bbox 3545 1645 3752 1714; x_wconf 77' lang='grc' dir='ltr'><strong>θριαμο</strong></span> 
     </span>
    </p>
   </div>
   <div class='ocr_carea' id='block_1_28' title="bbox 2145 1735 3750 1808">
    <p class='ocr_par' dir='ltr' id='par_1_28' title="bbox 2145 1735 3750 1808">
     <span class='ocr_line' id='line_1_28' title="bbox 2145 1735 3750 1808; baseline 0.001 -21"><span class='ocrx_word' id='word_1_177' title='bbox 2145 1735 2339 1792; x_wconf 81' lang='grc' dir='ltr'><strong>ϐεὖσαι</strong></span> <span class='ocrx_word' id='word_1_178' title='bbox 2393 1738 2464 1792; x_wconf 80' lang='grc' dir='ltr'><strong>τὰ</strong></span> <span class='ocrx_word' id='word_1_179' title='bbox 2517 1739 2898 1807; x_wconf 79' lang='grc' dir='ltr'><strong>καταγέλαστα</strong></span> <span class='ocrx_word' id='word_1_180' title='bbox 2960 1739 3236 1807; x_wconf 73' lang='grc' dir='ltr'><strong>μυστήρια</strong></span> <span class='ocrx_word' id='word_1_181' title='bbox 3282 1738 3381 1808; x_wconf 80' lang='grc' dir='ltr'><strong>τῆς</strong></span> <span class='ocrx_word' id='word_1_182' title='bbox 3433 1736 3750 1806; x_wconf 72' lang='grc' dir='ltr'>εἰρημένης</span> 
     </span>
    </p>
   </div>
   <div class='ocr_carea' id='block_1_29' title="bbox 2149 1828 2440 1898">
    <p class='ocr_par' dir='ltr' id='par_1_29' title="bbox 2149 1828 2440 1898">
     <span class='ocr_line' id='line_1_29' title="bbox 2149 1828 2440 1898; baseline 0.014 -17"><span class='ocrx_word' id='word_1_183' title='bbox 2149 1828 2440 1898; x_wconf 78' lang='grc' dir='ltr'><strong>αἱρέσεως.</strong></span> 
     </span>
    </p>
   </div>
   <div class='ocr_carea' id='block_1_30' title="bbox 526 1901 2038 1986">
    <p class='ocr_par' dir='ltr' id='par_1_30' title="bbox 526 1905 2038 1985">
     <span class='ocr_line' id='line_1_30' title="bbox 526 1905 2038 1985; baseline -0.007 -15"><span class='ocrx_word' id='word_1_184' title='bbox 526 1919 577 1971; x_wconf 78' lang='grc'><strong>1.</strong></span> <span class='ocrx_word' id='word_1_185' title='bbox 614 1914 886 1985; x_wconf 77' lang='lat' dir='ltr'><strong>Rejiciunt</strong></span> <span class='ocrx_word' id='word_1_186' title='bbox 913 1926 1102 1968; x_wconf 91' lang='lat' dir='ltr'><strong>omnes</strong></span> <span class='ocrx_word' id='word_1_187' title='bbox 1129 1911 1292 1964; x_wconf 82' lang='lat' dir='ltr'><strong>libros</strong></span> <span class='ocrx_word' id='word_1_188' title='bbox 1318 1905 1607 1971; x_wconf 84' lang='lat' dir='ltr'><strong>Mosaicos,</strong></span> <span class='ocrx_word' id='word_1_189' title='bbox 1635 1922 1739 1963; x_wconf 88' lang='lat' dir='ltr'><strong>una</strong></span> <span class='ocrx_word' id='word_1_190' title='bbox 1768 1922 1888 1963; x_wconf 89' lang='lat' dir='ltr'><strong>cum</strong></span> <span class='ocrx_word' id='word_1_191' title='bbox 1918 1906 2038 1974; x_wconf 84' lang='lat' dir='ltr'><strong>Deo1</strong></span> 
     </span>
    </p>
   </div>
   <div class='ocr_carea' id='block_1_31' title="bbox 2145 1901 3751 1986">
    <p class='ocr_par' dir='ltr' id='par_1_31' title="bbox 2231 1912 3751 1986">
     <span class='ocr_line' id='line_1_31' title="bbox 2231 1912 3751 1986; baseline -0.007 -11"><span class='ocrx_word' id='word_1_192' title='bbox 2231 1927 2301 1980; x_wconf 92' lang='grc' dir='ltr'><strong>α’.</strong></span> <span class='ocrx_word' id='word_1_193' title='bbox 2347 1921 2625 1976; x_wconf 77' lang='grc' dir='ltr'><strong>’Λθετοῦσι</strong></span> <span class='ocrx_word' id='word_1_194' title='bbox 2655 1922 2833 1983; x_wconf 83' lang='grc' dir='ltr'><strong>πάσας</strong></span> <span class='ocrx_word' id='word_1_195' title='bbox 2881 1920 2979 1983; x_wconf 80' lang='grc' dir='ltr'><strong>τὰς</strong></span> <span class='ocrx_word' id='word_1_196' title='bbox 3026 1917 3312 1986; x_wconf 74' lang='grc' dir='ltr'><strong>μωσαῖκὰς</strong></span> <span class='ocrx_word' id='word_1_197' title='bbox 3339 1915 3562 1985; x_wconf 81' lang='grc' dir='ltr'><strong>βίϐλους</strong></span> <span class='ocrx_word' id='word_1_198' title='bbox 3601 1912 3751 1983; x_wconf 71' lang='grc' dir='ltr'><strong>μετὰ</strong></span> 
     </span>
    </p>
   </div>
   <div class='ocr_carea' id='block_1_32' title="bbox 453 2000 2038 2081">
    <p class='ocr_par' dir='ltr' id='par_1_32' title="bbox 453 2000 2037 2079">
     <span class='ocr_line' id='line_1_32' title="bbox 453 2000 2037 2079; baseline -0.007 -15"><span class='ocrx_word' id='word_1_199' title='bbox 453 2010 547 2079; x_wconf 93' lang='lat' dir='ltr'><strong>qui</strong></span> <span class='ocrx_word' id='word_1_200' title='bbox 576 2009 627 2063; x_wconf 90' lang='lat' dir='ltr'><strong>in</strong></span> <span class='ocrx_word' id='word_1_201' title='bbox 664 2007 795 2075; x_wconf 83' lang='lat' dir='ltr'><strong>ipsis</strong></span> <span class='ocrx_word' id='word_1_202' title='bbox 823 2014 1178 2067; x_wconf 84' lang='lat' dir='ltr'><strong>memoratur,</strong></span> <span class='ocrx_word' id='word_1_203' title='bbox 1206 2002 1447 2072; x_wconf 89' lang='lat' dir='ltr'><strong>virisque</strong></span> <span class='ocrx_word' id='word_1_204' title='bbox 1471 2001 1654 2071; x_wconf 88' lang='lat' dir='ltr'><strong>justis,</strong></span> <span class='ocrx_word' id='word_1_205' title='bbox 1687 2000 1778 2069; x_wconf 86' lang='lat' dir='ltr'><strong>qui</strong></span> <span class='ocrx_word' id='word_1_206' title='bbox 1808 2012 1936 2055; x_wconf 89' lang='lat' dir='ltr'><strong>sunt</strong></span> <span class='ocrx_word' id='word_1_207' title='bbox 1964 2000 2037 2053; x_wconf 89' lang='lat' dir='ltr'><strong>illi</strong></span> 
     </span>
    </p>
   </div>
   <div class='ocr_carea' id='block_1_33' title="bbox 2145 2000 3750 2081">
    <p class='ocr_par' dir='ltr' id='par_1_33' title="bbox 2147 2004 3750 2081">
     <span class='ocr_line' id='line_1_33' title="bbox 2147 2004 3750 2081; baseline -0.011 -8"><span class='ocrx_word' id='word_1_208' title='bbox 2147 2022 2239 2074; x_wconf 72' lang='lat' dir='ltr'><strong>mi</strong></span> <span class='ocrx_word' id='word_1_209' title='bbox 2282 2018 2379 2073; x_wconf 82' lang='grc' dir='ltr'><strong>τοῦ</strong></span> <span class='ocrx_word' id='word_1_210' title='bbox 2424 2019 2483 2070; x_wconf 79' lang='grc' dir='ltr'><strong>ὲν</strong></span> <span class='ocrx_word' id='word_1_211' title='bbox 2528 2017 2720 2079; x_wconf 83' lang='grc' dir='ltr'><strong>αὑταῖς</strong></span> <span class='ocrx_word' id='word_1_212' title='bbox 2768 2010 3224 2081; x_wconf 77' lang='grc' dir='ltr'><strong>ἀναγραφομένου</strong></span> <span class='ocrx_word' id='word_1_213' title='bbox 3254 2007 3429 2071; x_wconf 74' lang='grc' dir='ltr'><strong>Θεοῦ,</strong></span> <span class='ocrx_word' id='word_1_214' title='bbox 3480 2006 3581 2058; x_wconf 76' lang='grc' dir='ltr'><strong>καὶ</strong></span> <span class='ocrx_word' id='word_1_215' title='bbox 3636 2004 3750 2058; x_wconf 78' lang='grc' dir='ltr'><strong>τῶν</strong></span> 
     </span>
    </p>
   </div>
   <div class='ocr_carea' id='block_1_34' title="bbox 454 2094 2038 2181">
    <p class='ocr_par' dir='ltr' id='par_1_34' title="bbox 454 2094 2038 2168">
     <span class='ocr_line' id='line_1_34' title="bbox 454 2094 2038 2168; baseline -0.006 -11"><span class='ocrx_word' id='word_1_216' title='bbox 454 2100 764 2157; x_wconf 88' lang='lat' dir='ltr'><strong>charissimi</strong></span> <span class='ocrx_word' id='word_1_217' title='bbox 793 2137 809 2164; x_wconf 88' lang='lat'><strong>,</strong></span> <span class='ocrx_word' id='word_1_218' title='bbox 851 2098 1084 2168; x_wconf 88' lang='lat' dir='ltr'><strong>reliquos</strong></span> <span class='ocrx_word' id='word_1_219' title='bbox 1122 2096 1248 2150; x_wconf 89' lang='lat' dir='ltr'><strong>item</strong></span> <span class='ocrx_word' id='word_1_220' title='bbox 1281 2108 1469 2150; x_wconf 84' lang='lat' dir='ltr'><strong>omnes</strong></span> <span class='ocrx_word' id='word_1_221' title='bbox 1497 2094 1589 2165; x_wconf 88' lang='lat' dir='ltr'><strong>qui</strong></span> <span class='ocrx_word' id='word_1_222' title='bbox 1622 2106 1807 2163; x_wconf 90' lang='lat' dir='ltr'><strong>postea</strong></span> <span class='ocrx_word' id='word_1_223' title='bbox 1854 2094 2038 2163; x_wconf 78' lang='lat' dir='ltr'><strong>scripti</strong></span> 
     </span>
    </p>
   </div>
   <div class='ocr_carea' id='block_1_35' title="bbox 2145 2094 3749 2181">
    <p class='ocr_par' dir='ltr' id='par_1_35' title="bbox 2145 2096 3749 2181">
     <span class='ocr_line' id='line_1_35' title="bbox 2145 2096 3749 2181; baseline -0.011 -16"><span class='ocrx_word' id='word_1_224' title='bbox 2145 2110 2628 2181; x_wconf 80' lang='grc' dir='ltr'><strong>εὐαρεστησάντων</strong></span> <span class='ocrx_word' id='word_1_225' title='bbox 2685 2104 2835 2176; x_wconf 79' lang='grc' dir='ltr'><strong>αὐτῷ</strong></span> <span class='ocrx_word' id='word_1_226' title='bbox 2887 2103 3143 2168; x_wconf 86' lang='grc' dir='ltr'><strong>δικαίων,</strong></span> <span class='ocrx_word' id='word_1_227' title='bbox 3198 2102 3288 2154; x_wconf 79' lang='grc' dir='ltr'><strong>ναὶ</strong></span> <span class='ocrx_word' id='word_1_228' title='bbox 3335 2099 3441 2170; x_wconf 76' lang='grc' dir='ltr'><strong>μὴν</strong></span> <span class='ocrx_word' id='word_1_229' title='bbox 3495 2098 3595 2151; x_wconf 76' lang='grc' dir='ltr'><strong>καὶ</strong></span> <span class='ocrx_word' id='word_1_230' title='bbox 3647 2096 3749 2160; x_wconf 77' lang='grc' dir='ltr'><strong>τὰς</strong></span> 
     </span>
    </p>
   </div>
   <div class='ocr_carea' id='block_1_36' title="bbox 454 2185 2038 2273">
    <p class='ocr_par' dir='ltr' id='par_1_36' title="bbox 454 2185 2038 2261">
     <span class='ocr_line' id='line_1_36' title="bbox 454 2185 2038 2261; baseline -0.008 -10"><span class='ocrx_word' id='word_1_231' title='bbox 454 2205 604 2261; x_wconf 89' lang='lat' dir='ltr'><strong>sunt,</strong></span> <span class='ocrx_word' id='word_1_232' title='bbox 651 2202 907 2261; x_wconf 78' lang='lat' dir='ltr'><strong>tanquam</strong></span> <span class='ocrx_word' id='word_1_233' title='bbox 963 2188 1163 2244; x_wconf 87' lang='lat' dir='ltr'><strong>diaboli</strong></span> <span class='ocrx_word' id='word_1_234' title='bbox 1194 2188 1392 2242; x_wconf 82' lang='lat' dir='ltr'><strong>astutia</strong></span> <span class='ocrx_word' id='word_1_235' title='bbox 1422 2186 1709 2257; x_wconf 84' lang='lat' dir='ltr'><strong>compesiti</strong></span> <span class='ocrx_word' id='word_1_236' title='bbox 1746 2188 1879 2241; x_wconf 92' lang='lat' dir='ltr'><strong>sint.</strong></span> <span class='ocrx_word' id='word_1_237' title='bbox 1909 2185 2038 2240; x_wconf 84' lang='lat' dir='ltr'><strong>Pro-</strong></span> 
     </span>
    </p>
   </div>
   <div class='ocr_carea' id='block_1_37' title="bbox 2145 2185 3748 2273">
    <p class='ocr_par' dir='ltr' id='par_1_37' title="bbox 2146 2187 3748 2273">
     <span class='ocr_line' id='line_1_37' title="bbox 2146 2187 3748 2273; baseline -0.009 -18"><span class='ocrx_word' id='word_1_238' title='bbox 2146 2202 2266 2273; x_wconf 81' lang='grc' dir='ltr'><strong>μετ⁹</strong></span> <span class='ocrx_word' id='word_1_239' title='bbox 2299 2202 2465 2263; x_wconf 74' lang='grc' dir='ltr'><strong>αὑτὰς</strong></span> <span class='ocrx_word' id='word_1_240' title='bbox 2511 2200 2748 2261; x_wconf 82' lang='grc' dir='ltr'><strong>ἁπάσας,</strong></span> <span class='ocrx_word' id='word_1_241' title='bbox 2784 2197 2858 2259; x_wconf 83' lang='grc' dir='ltr'>ὡς</span> <span class='ocrx_word' id='word_1_242' title='bbox 2890 2192 3010 2248; x_wconf 86' lang='grc' dir='ltr'><strong>κατ’</strong></span> <span class='ocrx_word' id='word_1_243' title='bbox 3047 2192 3334 2245; x_wconf 72' lang='grc' dir='ltr'>ἐπίπνοιαν</span> <span class='ocrx_word' id='word_1_244' title='bbox 3367 2187 3463 2241; x_wconf 80' lang='grc' dir='ltr'><strong>τοῦ</strong></span> <span class='ocrx_word' id='word_1_245' title='bbox 3516 2188 3748 2240; x_wconf 74' lang='grc' dir='ltr'><strong>Σατανᾶ</strong></span> 
     </span>
    </p>
   </div>
   <div class='ocr_carea' id='block_1_38' title="bbox 454 2277 2038 2364">
    <p class='ocr_par' dir='ltr' id='par_1_38' title="bbox 454 2277 2038 2359">
     <span class='ocr_line' id='line_1_38' title="bbox 454 2277 2038 2359; baseline -0.007 -18"><span class='ocrx_word' id='word_1_246' title='bbox 454 2290 621 2359; x_wconf 89' lang='lat' dir='ltr'><strong>pitius</strong></span> <span class='ocrx_word' id='word_1_247' title='bbox 655 2288 723 2340; x_wconf 89' lang='lat' dir='ltr'><strong>sit</strong></span> <span class='ocrx_word' id='word_1_248' title='bbox 755 2284 911 2339; x_wconf 89' lang='lat' dir='ltr'><strong>nobis</strong></span> <span class='ocrx_word' id='word_1_249' title='bbox 943 2284 1084 2337; x_wconf 89' lang='lat' dir='ltr'><strong>Deus</strong></span> <span class='ocrx_word' id='word_1_250' title='bbox 1112 2282 1307 2352; x_wconf 89' lang='lat' dir='ltr'><strong>impias</strong></span> <span class='ocrx_word' id='word_1_251' title='bbox 1338 2296 1523 2334; x_wconf 89' lang='lat' dir='ltr'><strong>eorum</strong></span> <span class='ocrx_word' id='word_1_252' title='bbox 1556 2279 1843 2349; x_wconf 88' lang='lat' dir='ltr'><strong>opiniones</strong></span> <span class='ocrx_word' id='word_1_253' title='bbox 1897 2277 2038 2332; x_wconf 80' lang='lat' dir='ltr'><strong>refe-</strong></span> 
     </span>
    </p>
   </div>
   <div class='ocr_carea' id='block_1_39' title="bbox 2145 2277 3747 2364">
    <p class='ocr_par' dir='ltr' id='par_1_39' title="bbox 2147 2279 3747 2364">
     <span class='ocr_line' id='line_1_39' title="bbox 2147 2279 3747 2364; baseline -0.011 -17"><span class='ocrx_word' id='word_1_254' title='bbox 2147 2292 2580 2364; x_wconf 82' lang='grc' dir='ltr'><strong>συγγραφείσας.</strong></span> <span class='ocrx_word' id='word_1_255' title='bbox 2637 2291 2824 2352; x_wconf 74' lang='grc' dir='ltr'><strong>Ἰλέως</strong></span> <span class='ocrx_word' id='word_1_256' title='bbox 2868 2289 3003 2358; x_wconf 81' lang='grc' dir='ltr'><strong>ἡμῖν</strong></span> <span class='ocrx_word' id='word_1_257' title='bbox 3042 2286 3127 2355; x_wconf 75' lang='grc' dir='ltr'><strong>εἴη</strong></span> <span class='ocrx_word' id='word_1_258' title='bbox 3161 2283 3361 2353; x_wconf 79' lang='grc' dir='ltr'><strong>Κύριος</strong></span> <span class='ocrx_word' id='word_1_259' title='bbox 3400 2279 3473 2332; x_wconf 71' lang='grc' dir='ltr'><strong>τὰ</strong></span> <span class='ocrx_word' id='word_1_260' title='bbox 3505 2279 3747 2331; x_wconf 77' lang='grc' dir='ltr'><strong>ἐκείνων</strong></span> 
     </span>
    </p>
   </div>
   <div class='ocr_carea' id='block_1_40' title="bbox 454 2370 2038 2455">
    <p class='ocr_par' dir='ltr' id='par_1_40' title="bbox 454 2370 2038 2447">
     <span class='ocr_line' id='line_1_40' title="bbox 454 2370 2038 2447; baseline -0.008 -10"><span class='ocrx_word' id='word_1_261' title='bbox 454 2381 717 2437; x_wconf 89' lang='lat' dir='ltr'><strong>rentibusl</strong></span> <span class='ocrx_word' id='word_1_262' title='bbox 759 2378 975 2447; x_wconf 89' lang='lat' dir='ltr'><strong>Septem</strong></span> <span class='ocrx_word' id='word_1_263' title='bbox 1006 2376 1271 2429; x_wconf 80' lang='lat' dir='ltr'><strong>duntaxat</strong></span> <span class='ocrx_word' id='word_1_264' title='bbox 1303 2373 1629 2442; x_wconf 88' lang='lat' dir='ltr'><strong>suscipiunt,</strong></span> <span class='ocrx_word' id='word_1_265' title='bbox 1667 2382 1719 2425; x_wconf 88' lang='lat' dir='ltr'><strong>et</strong></span> <span class='ocrx_word' id='word_1_266' title='bbox 1750 2370 1954 2435; x_wconf 88' lang='lat' dir='ltr'><strong>colunt,</strong></span> <span class='ocrx_word' id='word_1_267' title='bbox 1988 2378 2038 2425; x_wconf 91' lang='lat' dir='ltr'><strong>et</strong></span> 
     </span>
    </p>
   </div>
   <div class='ocr_carea' id='block_1_41' title="bbox 2145 2370 3751 2455">
    <p class='ocr_par' dir='ltr' id='par_1_41' title="bbox 2145 2370 3751 2455">
     <span class='ocr_line' id='line_1_41' title="bbox 2145 2370 3751 2455; baseline -0.011 -16"><span class='ocrx_word' id='word_1_268' title='bbox 2145 2388 2383 2455; x_wconf 74' lang='grc' dir='ltr'><strong>λέγουσιί</strong></span> <span class='ocrx_word' id='word_1_269' title='bbox 2418 2385 2604 2447; x_wconf 83' lang='grc' dir='ltr'><strong>Μόνας</strong></span> <span class='ocrx_word' id='word_1_270' title='bbox 2636 2384 2694 2437; x_wconf 79' lang='grc' dir='ltr'><strong>δὲ</strong></span> <span class='ocrx_word' id='word_1_271' title='bbox 2727 2380 3151 2451; x_wconf 82' lang='grc' dir='ltr'><strong>παραδέχονται,</strong></span> <span class='ocrx_word' id='word_1_272' title='bbox 3184 2377 3277 2429; x_wconf 68' lang='grc' dir='ltr'><strong>καὶ</strong></span> <span class='ocrx_word' id='word_1_273' title='bbox 3304 2374 3546 2443; x_wconf 87' lang='grc' dir='ltr'><strong>τιμῶσιν</strong></span> <span class='ocrx_word' id='word_1_274' title='bbox 3572 2370 3751 2433; x_wconf 71' lang='grc' dir='ltr'><strong>ἑπτὰ,</strong></span> 
     </span>
    </p>
   </div>
   <div class='ocr_carea' id='block_1_42' title="bbox 452 2462 2038 2547">
    <p class='ocr_par' dir='ltr' id='par_1_42' title="bbox 452 2462 2038 2538">
     <span class='ocr_line' id='line_1_42' title="bbox 452 2462 2038 2538; baseline -0.008 -10"><span class='ocrx_word' id='word_1_275' title='bbox 452 2476 507 2529; x_wconf 94' lang='lat' dir='ltr'><strong>in</strong></span> <span class='ocrx_word' id='word_1_276' title='bbox 540 2486 751 2529; x_wconf 82' lang='lat' dir='ltr'><strong>summo</strong></span> <span class='ocrx_word' id='word_1_277' title='bbox 794 2470 995 2525; x_wconf 87' lang='lat' dir='ltr'><strong>habent</strong></span> <span class='ocrx_word' id='word_1_278' title='bbox 1022 2466 1216 2538; x_wconf 88' lang='lat' dir='ltr'><strong>pretio,</strong></span> <span class='ocrx_word' id='word_1_279' title='bbox 1261 2464 1312 2519; x_wconf 91' lang='lat' dir='ltr'><strong>id</strong></span> <span class='ocrx_word' id='word_1_280' title='bbox 1342 2474 1446 2531; x_wconf 89' lang='lat' dir='ltr'><strong>est,</strong></span> <span class='ocrx_word' id='word_1_281' title='bbox 1478 2463 1825 2527; x_wconf 84' lang='lat' dir='ltr'><strong>Psalterium,</strong></span> <span class='ocrx_word' id='word_1_282' title='bbox 1877 2472 1931 2517; x_wconf 91' lang='lat' dir='ltr'><strong>et</strong></span> <span class='ocrx_word' id='word_1_283' title='bbox 1972 2462 2038 2516; x_wconf 90' lang='lat' dir='ltr'><strong>li-</strong></span> 
     </span>
    </p>
   </div>
   <div class='ocr_carea' id='block_1_43' title="bbox 2145 2462 3749 2547">
    <p class='ocr_par' dir='ltr' id='par_1_43' title="bbox 2146 2466 3749 2547">
     <span class='ocr_line' id='line_1_43' title="bbox 2146 2466 3749 2547; baseline -0.011 -15"><span class='ocrx_word' id='word_1_284' title='bbox 2146 2482 2242 2534; x_wconf 75' lang='grc' dir='ltr'><strong>καὶ</strong></span> <span class='ocrx_word' id='word_1_285' title='bbox 2271 2483 2351 2543; x_wconf 79' lang='grc' dir='ltr'><strong>εἰς</strong></span> <span class='ocrx_word' id='word_1_286' title='bbox 2375 2480 2542 2547; x_wconf 82' lang='grc' dir='ltr'><strong>ἄκρον</strong></span> <span class='ocrx_word' id='word_1_287' title='bbox 2566 2472 3020 2546; x_wconf 73' lang='grc' dir='ltr'><strong>ἁποστηθίζουσι,</strong></span> <span class='ocrx_word' id='word_1_288' title='bbox 3046 2471 3189 2539; x_wconf 84' lang='grc' dir='ltr'><strong>λέγω</strong></span> <span class='ocrx_word' id='word_1_289' title='bbox 3212 2469 3277 2539; x_wconf 75' lang='grc' dir='ltr'><strong>δὴ</strong></span> <span class='ocrx_word' id='word_1_290' title='bbox 3302 2468 3363 2520; x_wconf 82' lang='grc' dir='ltr'><strong>τὸ</strong></span> <span class='ocrx_word' id='word_1_291' title='bbox 3392 2466 3590 2534; x_wconf 75' lang='grc' dir='ltr'><strong>Ψαλτή</strong></span> <span class='ocrx_word' id='word_1_292' title='bbox 3604 2480 3749 2533; x_wconf 82' lang='grc' dir='ltr'><strong>ριον,</strong></span> 
     </span>
    </p>
   </div>
   <div class='ocr_carea' id='block_1_44' title="bbox 449 2554 2038 2642">
    <p class='ocr_par' dir='ltr' id='par_1_44' title="bbox 449 2554 2038 2629">
     <span class='ocr_line' id='line_1_44' title="bbox 449 2554 2038 2629; baseline -0.007 -11"><span class='ocrx_word' id='word_1_293' title='bbox 449 2565 607 2618; x_wconf 89' lang='lat' dir='ltr'><strong>brum</strong></span> <span class='ocrx_word' id='word_1_294' title='bbox 665 2561 940 2620; x_wconf 81' lang='lat' dir='ltr'><strong>sexdecim</strong></span> <span class='ocrx_word' id='word_1_295' title='bbox 991 2559 1407 2629; x_wconf 83' lang='lat' dir='ltr'><strong>PrOphetarum,</strong></span> <span class='ocrx_word' id='word_1_296' title='bbox 1455 2566 1506 2610; x_wconf 91' lang='lat' dir='ltr'><strong>et</strong></span> <span class='ocrx_word' id='word_1_297' title='bbox 1556 2554 1898 2624; x_wconf 79' lang='lat' dir='ltr'><strong>Evangchum</strong></span> <span class='ocrx_word' id='word_1_298' title='bbox 1951 2570 2038 2608; x_wconf 87' lang='lat' dir='ltr'><strong>se-</strong></span> 
     </span>
    </p>
   </div>
   <div class='ocr_carea' id='block_1_45' title="bbox 2145 2554 3752 2642">
    <p class='ocr_par' dir='ltr' id='par_1_45' title="bbox 2145 2559 3752 2642">
     <span class='ocr_line' id='line_1_45' title="bbox 2145 2559 3752 2642; baseline -0.014 -11"><span class='ocrx_word' id='word_1_299' title='bbox 2145 2578 2204 2631; x_wconf 88' lang='grc' dir='ltr'><strong>τὸ</strong></span> <span class='ocrx_word' id='word_1_300' title='bbox 2274 2571 2923 2642; x_wconf 76' lang='grc' dir='ltr'><strong>Ἑξκαιδεκαπρόφητον,</strong></span> <span class='ocrx_word' id='word_1_301' title='bbox 2982 2566 3078 2619; x_wconf 73' lang='grc' dir='ltr'><strong>καὶ</strong></span> <span class='ocrx_word' id='word_1_302' title='bbox 3130 2565 3190 2617; x_wconf 86' lang='grc' dir='ltr'><strong>τὸ</strong></span> <span class='ocrx_word' id='word_1_303' title='bbox 3257 2563 3402 2616; x_wconf 73' lang='grc' dir='ltr'><strong>κατὰ</strong></span> <span class='ocrx_word' id='word_1_304' title='bbox 3448 2559 3752 2613; x_wconf 77' lang='grc' dir='ltr'><strong>Ματθαίον</strong></span> 
     </span>
    </p>
   </div>
   <div class='ocr_carea' id='block_1_46' title="bbox 449 2647 2038 2740">
    <p class='ocr_par' dir='ltr' id='par_1_46' title="bbox 449 2647 2038 2719">
     <span class='ocr_line' id='line_1_46' title="bbox 449 2647 2038 2719; baseline -0.008 -7"><span class='ocrx_word' id='word_1_305' title='bbox 449 2658 685 2712; x_wconf 84' lang='lat' dir='ltr'><strong>cundum</strong></span> <span class='ocrx_word' id='word_1_306' title='bbox 712 2653 1048 2719; x_wconf 74' lang='lat' dir='ltr'><strong>Mattbzeum,</strong></span> <span class='ocrx_word' id='word_1_307' title='bbox 1098 2662 1155 2706; x_wconf 91' lang='lat' dir='ltr'><strong>et</strong></span> <span class='ocrx_word' id='word_1_308' title='bbox 1188 2650 1482 2706; x_wconf 88' lang='lat' dir='ltr'><strong>secundum</strong></span> <span class='ocrx_word' id='word_1_309' title='bbox 1542 2647 1802 2710; x_wconf 81' lang='lat' dir='ltr'><strong>Marcum,</strong></span> <span class='ocrx_word' id='word_1_310' title='bbox 1855 2656 1906 2700; x_wconf 88' lang='lat' dir='ltr'><strong>et</strong></span> <span class='ocrx_word' id='word_1_311' title='bbox 1953 2661 2038 2700; x_wconf 85' lang='lat' dir='ltr'><strong>se-</strong></span> 
     </span>
    </p>
   </div>
   <div class='ocr_carea' id='block_1_47' title="bbox 2145 2647 3751 2740">
    <p class='ocr_par' dir='ltr' id='par_1_47' title="bbox 2145 2652 3751 2740">
     <span class='ocr_line' id='line_1_47' title="bbox 2145 2652 3751 2740; baseline -0.014 -17"><span class='ocrx_word' id='word_1_312' title='bbox 2145 2667 2502 2740; x_wconf 85' lang='grc' dir='ltr'><strong>Εὐαγγέλιον,</strong></span> <span class='ocrx_word' id='word_1_313' title='bbox 2532 2666 2629 2718; x_wconf 72' lang='grc' dir='ltr'><strong>καὶ</strong></span> <span class='ocrx_word' id='word_1_314' title='bbox 2659 2664 2717 2716; x_wconf 82' lang='grc' dir='ltr'><strong>τὸ</strong></span> <span class='ocrx_word' id='word_1_315' title='bbox 2747 2660 2892 2715; x_wconf 87' lang='grc' dir='ltr'><strong>κατὰ</strong></span> <span class='ocrx_word' id='word_1_316' title='bbox 2932 2658 3176 2729; x_wconf 81' lang='grc' dir='ltr'><strong>Μάρκον,</strong></span> <span class='ocrx_word' id='word_1_317' title='bbox 3210 2658 3303 2709; x_wconf 81' lang='grc' dir='ltr'><strong>καὶ</strong></span> <span class='ocrx_word' id='word_1_318' title='bbox 3333 2654 3388 2707; x_wconf 77' lang='grc' dir='ltr'><strong>τὸ</strong></span> <span class='ocrx_word' id='word_1_319' title='bbox 3416 2652 3565 2706; x_wconf 80' lang='grc' dir='ltr'><strong>κατὰ</strong></span> <span class='ocrx_word' id='word_1_320' title='bbox 3597 2652 3751 2703; x_wconf 71' lang='lat' dir='ltr'><strong>Aou-</strong></span> 
     </span>
    </p>
   </div>
   <div class='ocr_carea' id='block_1_48' title="bbox 448 2741 2038 2825">
    <p class='ocr_par' dir='ltr' id='par_1_48' title="bbox 448 2741 2038 2811">
     <span class='ocr_line' id='line_1_48' title="bbox 448 2741 2038 2811; baseline -0.009 -4"><span class='ocrx_word' id='word_1_321' title='bbox 448 2751 681 2807; x_wconf 88' lang='lat' dir='ltr'><strong>eundum</strong></span> <span class='ocrx_word' id='word_1_322' title='bbox 710 2748 935 2811; x_wconf 87' lang='lat' dir='ltr'><strong>Lucam,</strong></span> <span class='ocrx_word' id='word_1_323' title='bbox 966 2756 1022 2800; x_wconf 91' lang='lat' dir='ltr'><strong>et</strong></span> <span class='ocrx_word' id='word_1_324' title='bbox 1043 2744 1337 2801; x_wconf 86' lang='lat' dir='ltr'><strong>secundum</strong></span> <span class='ocrx_word' id='word_1_325' title='bbox 1362 2741 1643 2806; x_wconf 79' lang='lat' dir='ltr'><strong>Joannem,</strong></span> <span class='ocrx_word' id='word_1_326' title='bbox 1672 2751 1726 2795; x_wconf 89' lang='lat' dir='ltr'><strong>et</strong></span> <span class='ocrx_word' id='word_1_327' title='bbox 1753 2741 2038 2810; x_wconf 81' lang='lat' dir='ltr'><strong>septimum</strong></span> 
     </span>
    </p>
   </div>
   <div class='ocr_carea' id='block_1_49' title="bbox 2145 2741 3752 2825">
    <p class='ocr_par' dir='ltr' id='par_1_49' title="bbox 2146 2742 3752 2825">
     <span class='ocr_line' id='line_1_49' title="bbox 2146 2742 3752 2825; baseline -0.014 -10"><span class='ocrx_word' id='word_1_328' title='bbox 2146 2765 2270 2825; x_wconf 77' lang='grc' dir='ltr'><strong>κᾶν,</strong></span> <span class='ocrx_word' id='word_1_329' title='bbox 2299 2762 2390 2813; x_wconf 80' lang='grc' dir='ltr'><strong>καὶ</strong></span> <span class='ocrx_word' id='word_1_330' title='bbox 2420 2760 2480 2813; x_wconf 71' lang='grc' dir='ltr'><strong>τὸ</strong></span> <span class='ocrx_word' id='word_1_331' title='bbox 2513 2757 2655 2810; x_wconf 79' lang='grc' dir='ltr'><strong>κατὰ</strong></span> <span class='ocrx_word' id='word_1_332' title='bbox 2692 2756 2969 2825; x_wconf 78' lang='grc' dir='ltr'><strong>Ἰωάννην,</strong></span> <span class='ocrx_word' id='word_1_333' title='bbox 3006 2751 3236 2820; x_wconf 78' lang='grc' dir='ltr'><strong>ἒϐδομον</strong></span> <span class='ocrx_word' id='word_1_334' title='bbox 3266 2748 3363 2817; x_wconf 79' lang='grc' dir='ltr'><strong>τῆς</strong></span> <span class='ocrx_word' id='word_1_335' title='bbox 3399 2745 3597 2816; x_wconf 80' lang='grc' dir='ltr'><strong>βίϐλου</strong></span> <span class='ocrx_word' id='word_1_336' title='bbox 3638 2742 3752 2794; x_wconf 85' lang='grc' dir='ltr'><strong>τῶν</strong></span> 
     </span>
    </p>
   </div>
   <div class='ocr_carea' id='block_1_50' title="bbox 448 2834 2038 2925">
    <p class='ocr_par' dir='ltr' id='par_1_50' title="bbox 448 2834 2038 2911">
     <span class='ocr_line' id='line_1_50' title="bbox 448 2834 2038 2911; baseline -0.009 -11"><span class='ocrx_word' id='word_1_337' title='bbox 448 2844 646 2900; x_wconf 71' lang='lat' dir='ltr'><strong>librum</strong></span> <span class='ocrx_word' id='word_1_338' title='bbox 678 2856 784 2911; x_wconf 91' lang='lat' dir='ltr'><strong>quo</strong></span> <span class='ocrx_word' id='word_1_339' title='bbox 818 2854 903 2895; x_wconf 86' lang='lat' dir='ltr'><strong>res</strong></span> <span class='ocrx_word' id='word_1_340' title='bbox 945 2842 1012 2892; x_wconf 86' lang='lat' dir='ltr'><strong>ab</strong></span> <span class='ocrx_word' id='word_1_341' title='bbox 1039 2837 1299 2908; x_wconf 85' lang='lat' dir='ltr'><strong>apostolis</strong></span> <span class='ocrx_word' id='word_1_342' title='bbox 1327 2846 1495 2905; x_wconf 67' lang='lat' dir='ltr'><strong>gestas</strong></span> <span class='ocrx_word' id='word_1_343' title='bbox 1527 2834 1878 2889; x_wconf 89' lang='lat' dir='ltr'><strong>continentur</strong></span> <span class='ocrx_word' id='word_1_344' title='bbox 1918 2846 2038 2886; x_wconf 88' lang='lat' dir='ltr'><strong>cum</strong></span> 
     </span>
    </p>
   </div>
   <div class='ocr_carea' id='block_1_51' title="bbox 2145 2834 3751 2925">
    <p class='ocr_par' dir='ltr' id='par_1_51' title="bbox 2145 2837 3751 2925">
     <span class='ocr_line' id='line_1_51' title="bbox 2145 2837 3751 2925; baseline -0.014 -17"><span class='ocrx_word' id='word_1_345' title='bbox 2145 2853 2406 2925; x_wconf 75' lang='grc' dir='ltr'><strong>Πράξεων</strong></span> <span class='ocrx_word' id='word_1_346' title='bbox 2462 2852 2562 2903; x_wconf 78' lang='grc' dir='ltr'><strong>σὺν</strong></span> <span class='ocrx_word' id='word_1_347' title='bbox 2616 2855 2736 2911; x_wconf 74' lang='grc' dir='ltr'><strong>ταῖς</strong></span> <span class='ocrx_word' id='word_1_348' title='bbox 2806 2844 3152 2906; x_wconf 84' lang='grc' dir='ltr'><strong>Ἐπιστολαῖς</strong></span> <span class='ocrx_word' id='word_1_349' title='bbox 3209 2841 3454 2905; x_wconf 81' lang='grc' dir='ltr'><strong>πάσαις,</strong></span> <span class='ocrx_word' id='word_1_350' title='bbox 3515 2838 3627 2890; x_wconf 75' lang='grc' dir='ltr'><strong>καὶ</strong></span> <span class='ocrx_word' id='word_1_351' title='bbox 3686 2837 3751 2905; x_wconf 82' lang='grc' dir='ltr'><strong>τῇ</strong></span> 
     </span>
    </p>
   </div>
   <div class='ocr_carea' id='block_1_52' title="bbox 448 2922 2038 3012">
    <p class='ocr_par' dir='ltr' id='par_1_52' title="bbox 448 2922 2038 3002">
     <span class='ocr_line' id='line_1_52' title="bbox 448 2922 2038 3002; baseline -0.005 -15"><span class='ocrx_word' id='word_1_352' title='bbox 448 2934 704 2988; x_wconf 88' lang='lat' dir='ltr'><strong>omnibus</strong></span> <span class='ocrx_word' id='word_1_353' title='bbox 741 2930 996 3002; x_wconf 80' lang='lat' dir='ltr'><strong>Epistolis</strong></span> <span class='ocrx_word' id='word_1_354' title='bbox 1031 2938 1087 2985; x_wconf 87' lang='lat' dir='ltr'><strong>et</strong></span> <span class='ocrx_word' id='word_1_355' title='bbox 1116 2927 1343 2984; x_wconf 83' lang='lat' dir='ltr'><strong>Joannis</strong></span> <span class='ocrx_word' id='word_1_356' title='bbox 1379 2925 1639 2995; x_wconf 78' lang='lat' dir='ltr'><strong>Theologi</strong></span> <span class='ocrx_word' id='word_1_357' title='bbox 1691 2922 2038 2995; x_wconf 84' lang='lat' dir='ltr'><strong>Apocalypsi.</strong></span> 
     </span>
    </p>
   </div>
   <div class='ocr_carea' id='block_1_53' title="bbox 2145 2922 3749 3012">
    <p class='ocr_par' dir='ltr' id='par_1_53' title="bbox 2158 2922 3749 3012">
     <span class='ocr_line' id='line_1_53' title="bbox 2158 2922 3749 3012; baseline -0.011 -14"><span class='ocrx_word' id='word_1_358' title='bbox 2158 2922 2527 3012; x_wconf 64' lang='grc' dir='ltr'><strong>’Ᾰποκαλύψει</strong></span> <span class='ocrx_word' id='word_1_359' title='bbox 2556 2940 2652 2995; x_wconf 82' lang='grc' dir='ltr'><strong>τοῦ</strong></span> <span class='ocrx_word' id='word_1_360' title='bbox 2684 2938 2950 3007; x_wconf 81' lang='grc' dir='ltr'><strong>Θεολὸγου</strong></span> <span class='ocrx_word' id='word_1_361' title='bbox 2998 2935 3268 2989; x_wconf 85' lang='grc' dir='ltr'><strong>Ἰωάννου.</strong></span> <span class='ocrx_word' id='word_1_362' title='bbox 3304 2932 3371 2984; x_wconf 78' lang='grc' dir='ltr'><strong>Ἠ</strong></span> <span class='ocrx_word' id='word_1_363' title='bbox 3399 2930 3575 2999; x_wconf 83' lang='grc' dir='ltr'><strong>σοφία</strong></span> <span class='ocrx_word' id='word_1_364' title='bbox 3608 2929 3749 2996; x_wconf 72' lang='grc' dir='ltr'><strong>γάρ,</strong></span> 
     </span>
    </p>
   </div>
   <div class='ocr_carea' id='block_1_54' title="bbox 448 3016 2038 3106">
    <p class='ocr_par' dir='ltr' id='par_1_54' title="bbox 448 3016 2034 3097">
     <span class='ocr_line' id='line_1_54' title="bbox 448 3016 2034 3097; baseline -0.01 -14"><span class='ocrx_word' id='word_1_365' title='bbox 448 3027 724 3097; x_wconf 83' lang='lat' dir='ltr'><strong>Sapientia</strong></span> <span class='ocrx_word' id='word_1_366' title='bbox 776 3026 943 3089; x_wconf 89' lang='lat' dir='ltr'><strong>enim,</strong></span> <span class='ocrx_word' id='word_1_367' title='bbox 1002 3022 1273 3092; x_wconf 88' lang='lat' dir='ltr'><strong>inquiunt,</strong></span> <span class='ocrx_word' id='word_1_368' title='bbox 1332 3019 1610 3086; x_wconf 77' lang='lat' dir='ltr'><strong>wdiﬁcavit</strong></span> <span class='ocrx_word' id='word_1_369' title='bbox 1641 3016 1743 3072; x_wconf 76' lang='lat' dir='ltr'><strong>sibi</strong></span> <span class='ocrx_word' id='word_1_370' title='bbox 1796 3016 2034 3079; x_wconf 86' lang='lat' dir='ltr'><strong>domum,</strong></span> 
     </span>
    </p>
   </div>
   <div class='ocr_carea' id='block_1_55' title="bbox 2145 3016 3751 3106">
    <p class='ocr_par' dir='ltr' id='par_1_55' title="bbox 2146 3020 3751 3106">
     <span class='ocr_line' id='line_1_55' title="bbox 2146 3020 3751 3106; baseline -0.012 -16"><span class='ocrx_word' id='word_1_371' title='bbox 2146 3038 2334 3106; x_wconf 67' lang='grc' dir='ltr'><strong>φασιν,</strong></span> <span class='ocrx_word' id='word_1_372' title='bbox 2364 3034 2717 3105; x_wconf 79' lang='grc' dir='ltr'><strong>ᾠκοδόμησεν</strong></span> <span class='ocrx_word' id='word_1_373' title='bbox 2760 3032 2927 3099; x_wconf 79' lang='grc' dir='ltr'><strong>ἑαυτῇ</strong></span> <span class='ocrx_word' id='word_1_374' title='bbox 2957 3024 3105 3081; x_wconf 87' lang='grc' dir='ltr'><strong>οἷκον</strong></span> <span class='ocrx_word' id='word_1_375' title='bbox 3133 3067 3145 3090; x_wconf 87' lang='grc'><strong>,</strong></span> <span class='ocrx_word' id='word_1_376' title='bbox 3180 3025 3271 3078; x_wconf 71' lang='grc' dir='ltr'><strong>καὶ</strong></span> <span class='ocrx_word' id='word_1_377' title='bbox 3301 3023 3578 3092; x_wconf 77' lang='grc' dir='ltr'><strong>ὑπήρεισε</strong></span> <span class='ocrx_word' id='word_1_378' title='bbox 3612 3020 3751 3072; x_wconf 73' lang='grc' dir='ltr'><strong>στύ-</strong></span> 
     </span>
    </p>
   </div>
   <div class='ocr_carea' id='block_1_56' title="bbox 446 3110 2038 3191">
    <p class='ocr_par' dir='ltr' id='par_1_56' title="bbox 446 3110 2038 3191">
     <span class='ocr_line' id='line_1_56' title="bbox 446 3110 2038 3191; baseline -0.008 -16"><span class='ocrx_word' id='word_1_379' title='bbox 446 3132 741 3191; x_wconf 77' lang='lat' dir='ltr'><strong>uptemque</strong></span> <span class='ocrx_word' id='word_1_380' title='bbox 762 3118 1034 3171; x_wconf 73' lang='lat' dir='ltr'><strong>columnas</strong></span> <span class='ocrx_word' id='word_1_381' title='bbox 1053 3114 1325 3170; x_wconf 77' lang='lat' dir='ltr'><strong>substituit</strong></span> <span class='ocrx_word' id='word_1_382' title='bbox 1352 3116 1393 3168; x_wconf 77' lang='lat'><strong>‘.</strong></span> <span class='ocrx_word' id='word_1_383' title='bbox 1435 3111 1535 3167; x_wconf 89' lang='lat' dir='ltr'><strong>Per</strong></span> <span class='ocrx_word' id='word_1_384' title='bbox 1564 3113 1703 3166; x_wconf 90' lang='lat' dir='ltr'><strong>hanc</strong></span> <span class='ocrx_word' id='word_1_385' title='bbox 1760 3110 2038 3179; x_wconf 67' lang='lat' dir='ltr'><strong>sapientiae</strong></span> 
     </span>
    </p>
   </div>
   <div class='ocr_carea' id='block_1_57' title="bbox 2145 3110 3756 3191">
    <p class='ocr_par' dir='ltr' id='par_1_57' title="bbox 2146 3110 3756 3190">
     <span class='ocr_line' id='line_1_57' title="bbox 2146 3110 3756 3190; baseline -0.009 -14"><span class='ocrx_word' id='word_1_386' title='bbox 2146 3123 2273 3187; x_wconf 88' lang='grc' dir='ltr'><strong>λους</strong></span> <span class='ocrx_word' id='word_1_387' title='bbox 2312 3124 2493 3186; x_wconf 80' lang='grc' dir='ltr'><strong>ἑπτὰ,</strong></span> <span class='ocrx_word' id='word_1_388' title='bbox 2543 3118 2691 3175; x_wconf 72' lang='grc' dir='ltr'>οἷκον</span> <span class='ocrx_word' id='word_1_389' title='bbox 2744 3120 2843 3190; x_wconf 78' lang='grc' dir='ltr'><strong>μὲν</strong></span> <span class='ocrx_word' id='word_1_390' title='bbox 2895 3119 2995 3188; x_wconf 83' lang='grc' dir='ltr'><strong>τὴν</strong></span> <span class='ocrx_word' id='word_1_391' title='bbox 3036 3115 3360 3185; x_wconf 80' lang='grc' dir='ltr'><strong>παμμίαρον</strong></span> <span class='ocrx_word' id='word_1_392' title='bbox 3402 3110 3756 3180; x_wconf 71' lang='grc' dir='ltr'><strong>συναγωγὴν</strong></span> 
     </span>
    </p>
   </div>
   <div class='ocr_carea' id='block_1_58' title="bbox 448 3203 2038 3286">
    <p class='ocr_par' dir='ltr' id='par_1_58' title="bbox 448 3203 2036 3279">
     <span class='ocr_line' id='line_1_58' title="bbox 448 3203 2036 3279; baseline -0.008 -11"><span class='ocrx_word' id='word_1_393' title='bbox 448 3215 667 3268; x_wconf 92' lang='lat' dir='ltr'><strong>domum</strong></span> <span class='ocrx_word' id='word_1_394' title='bbox 689 3210 1131 3267; x_wconf 86' lang='lat' dir='ltr'><strong>scelestissimam</strong></span> <span class='ocrx_word' id='word_1_395' title='bbox 1156 3220 1485 3279; x_wconf 78' lang='lat' dir='ltr'><strong>synagogam</strong></span> <span class='ocrx_word' id='word_1_396' title='bbox 1517 3203 1825 3274; x_wconf 78' lang='lat' dir='ltr'><strong>intelligunt</strong></span> <span class='ocrx_word' id='word_1_397' title='bbox 1856 3218 2036 3265; x_wconf 89' lang='lat' dir='ltr'><strong>suam,</strong></span> 
     </span>
    </p>
   </div>
   <div class='ocr_carea' id='block_1_59' title="bbox 2145 3203 3758 3286">
    <p class='ocr_par' dir='ltr' id='par_1_59' title="bbox 2147 3204 3758 3286">
     <span class='ocr_line' id='line_1_59' title="bbox 2147 3204 3758 3286; baseline -0.009 -16"><span class='ocrx_word' id='word_1_398' title='bbox 2147 3218 2359 3270; x_wconf 78' lang='grc' dir='ltr'><strong>ἑαυτῶν</strong></span> <span class='ocrx_word' id='word_1_399' title='bbox 2411 3212 2961 3286; x_wconf 81' lang='grc' dir='ltr'><strong>μεθερμηνεύοντες,</strong></span> <span class='ocrx_word' id='word_1_400' title='bbox 3037 3209 3265 3286; x_wconf 71' lang='grc' dir='ltr'><strong>στύλους</strong></span> <span class='ocrx_word' id='word_1_401' title='bbox 3321 3207 3377 3260; x_wconf 84' lang='grc' dir='ltr'><strong>δὲ</strong></span> <span class='ocrx_word' id='word_1_402' title='bbox 3429 3205 3581 3258; x_wconf 73' lang='grc' dir='ltr'><strong>ἐπτὰ</strong></span> <span class='ocrx_word' id='word_1_403' title='bbox 3650 3204 3758 3266; x_wconf 68' lang='grc' dir='ltr'><strong>τὰς</strong></span> 
     </span>
    </p>
   </div>
   <div class='ocr_carea' id='block_1_60' title="bbox 449 3273 2038 3380">
    <p class='ocr_par' dir='ltr' id='par_1_60' title="bbox 449 3273 2034 3375">
     <span class='ocr_line' id='line_1_60' title="bbox 449 3273 2034 3375; baseline -0.008 -16"><span class='ocrx_word' id='word_1_404' title='bbox 449 3320 545 3375; x_wconf 91' lang='lat' dir='ltr'><strong>per</strong></span> <span class='ocrx_word' id='word_1_405' title='bbox 574 3303 857 3359; x_wconf 87' lang='lat' dir='ltr'><strong>columnas</strong></span> <span class='ocrx_word' id='word_1_406' title='bbox 889 3311 1069 3355; x_wconf 87' lang='lat' dir='ltr'><strong>autem</strong></span> <span class='ocrx_word' id='word_1_407' title='bbox 1106 3273 1273 3355; x_wconf 79' lang='lat' dir='ltr'><strong>libros</strong></span> <span class='ocrx_word' id='word_1_408' title='bbox 1298 3273 1442 3363; x_wconf 79' lang='lat' dir='ltr'><strong>illos,</strong></span> <span class='ocrx_word' id='word_1_409' title='bbox 1475 3310 1611 3367; x_wconf 88' lang='lat' dir='ltr'><strong>quos</strong></span> <span class='ocrx_word' id='word_1_410' title='bbox 1656 3273 1861 3364; x_wconf 84' lang='lat' dir='ltr'><strong>septem</strong></span> <span class='ocrx_word' id='word_1_411' title='bbox 1889 3295 2034 3348; x_wconf 89' lang='lat' dir='ltr'><strong>ordi-</strong></span> 
     </span>
    </p>
   </div>
   <div class='ocr_carea' id='block_1_61' title="bbox 2145 3273 3757 3380">
    <p class='ocr_par' dir='ltr' id='par_1_61' title="bbox 2145 3273 3757 3380">
     <span class='ocr_line' id='line_1_61' title="bbox 2145 3273 3757 3380; baseline -0.008 -17"><span class='ocrx_word' id='word_1_412' title='bbox 2145 3273 2913 3380; x_wconf 51' lang='grc' dir='ltr'><strong>ἀπαριθμῆθείσαςβίϐλους.</strong></span> <span class='ocrx_word' id='word_1_413' title='bbox 2946 3273 3237 3373; x_wconf 34' lang='grc' dir='ltr'><strong>’Τὴν’μὲν</strong></span> <span class='ocrx_word' id='word_1_414' title='bbox 3296 3300 3387 3354; x_wconf 79' lang='grc' dir='ltr'><strong>οὖν</strong></span> <span class='ocrx_word' id='word_1_415' title='bbox 3449 3300 3757 3369; x_wconf 70' lang='grc' dir='ltr'><strong>ἀποὸολὴν</strong></span> 
     </span>
    </p>
   </div>
   <div class='ocr_carea' id='block_1_62' title="bbox 448 3385 2038 3473">
    <p class='ocr_par' dir='ltr' id='par_1_62' title="bbox 448 3385 2035 3465">
     <span class='ocr_line' id='line_1_62' title="bbox 448 3385 2035 3465; baseline -0.008 -12"><span class='ocrx_word' id='word_1_416' title='bbox 448 3399 610 3455; x_wconf 86' lang='lat' dir='ltr'><strong>nibus</strong></span> <span class='ocrx_word' id='word_1_417' title='bbox 644 3396 936 3465; x_wconf 89' lang='lat' dir='ltr'><strong>dispositos</strong></span> <span class='ocrx_word' id='word_1_418' title='bbox 968 3390 1536 3449; x_wconf 86' lang='lat' dir='ltr'><strong>commemoravimus.</strong></span> <span class='ocrx_word' id='word_1_419' title='bbox 1580 3389 1641 3442; x_wconf 80' lang='grc' dir='ltr'><strong>ιιι</strong></span> <span class='ocrx_word' id='word_1_420' title='bbox 1685 3385 2035 3457; x_wconf 89' lang='lat' dir='ltr'><strong>repudiandis</strong></span> 
     </span>
    </p>
   </div>
   <div class='ocr_carea' id='block_1_63' title="bbox 2145 3385 3761 3473">
    <p class='ocr_par' dir='ltr' id='par_1_63' title="bbox 2145 3391 3761 3473">
     <span class='ocr_line' id='line_1_63' title="bbox 2145 3391 3761 3473; baseline -0.005 -18"><span class='ocrx_word' id='word_1_421' title='bbox 2145 3402 2245 3455; x_wconf 85' lang='grc' dir='ltr'><strong>τῶν</strong></span> <span class='ocrx_word' id='word_1_422' title='bbox 2288 3400 2589 3473; x_wconf 86' lang='grc' dir='ltr'><strong>μωσαῖκῶν</strong></span> <span class='ocrx_word' id='word_1_423' title='bbox 2636 3400 2836 3471; x_wconf 86' lang='grc' dir='ltr'><strong>βίϐλων</strong></span> <span class='ocrx_word' id='word_1_424' title='bbox 2870 3397 3097 3451; x_wconf 79' lang='grc' dir='ltr'><strong>καὶτῶν</strong></span> <span class='ocrx_word' id='word_1_425' title='bbox 3143 3391 3265 3466; x_wconf 84' lang='grc' dir='ltr'><strong>μετ’</strong></span> <span class='ocrx_word' id='word_1_426' title='bbox 3296 3392 3467 3457; x_wconf 78' lang='grc' dir='ltr'><strong>αὑτὰς</strong></span> <span class='ocrx_word' id='word_1_427' title='bbox 3520 3395 3598 3445; x_wconf 82' lang='grc' dir='ltr'>ἐκ</span> <span class='ocrx_word' id='word_1_428' title='bbox 3650 3395 3761 3462; x_wconf 74' lang='grc' dir='ltr'><strong>τῆς</strong></span> 
     </span>
    </p>
   </div>
   <div class='ocr_carea' id='block_1_64' title="bbox 448 3482 2038 3565">
    <p class='ocr_par' dir='ltr' id='par_1_64' title="bbox 448 3482 2031 3565">
     <span class='ocr_line' id='line_1_64' title="bbox 448 3482 2031 3565; baseline -0.009 -17"><span class='ocrx_word' id='word_1_429' title='bbox 448 3492 782 3565; x_wconf 75' lang='lat' dir='ltr'><strong>igiturlibris</strong></span> <span class='ocrx_word' id='word_1_430' title='bbox 814 3490 1064 3546; x_wconf 81' lang='lat' dir='ltr'><strong>Mosaicis</strong></span> <span class='ocrx_word' id='word_1_431' title='bbox 1091 3499 1143 3543; x_wconf 91' lang='lat' dir='ltr'><strong>et</strong></span> <span class='ocrx_word' id='word_1_432' title='bbox 1178 3486 1389 3541; x_wconf 71' lang='lat' dir='ltr'><strong>ueteris</strong></span> <span class='ocrx_word' id='word_1_433' title='bbox 1419 3482 1877 3553; x_wconf 83' lang='lat' dir='ltr'><strong>subsequentibus</strong></span> <span class='ocrx_word' id='word_1_434' title='bbox 1909 3496 2031 3537; x_wconf 88' lang='lat' dir='ltr'><strong>cum</strong></span> 
     </span>
    </p>
   </div>
   <div class='ocr_carea' id='block_1_65' title="bbox 2145 3482 3761 3565">
    <p class='ocr_par' dir='ltr' id='par_1_65' title="bbox 2145 3486 3761 3560">
     <span class='ocr_line' id='line_1_65' title="bbox 2145 3486 3761 3560; baseline -0.006 -14"><span class='ocrx_word' id='word_1_435' title='bbox 2145 3494 2246 3546; x_wconf 86' lang='grc' dir='ltr'><strong>τῶν</strong></span> <span class='ocrx_word' id='word_1_436' title='bbox 2286 3492 2669 3546; x_wconf 85' lang='grc' dir='ltr'><strong>Παυλικιάνων</strong></span> <span class='ocrx_word' id='word_1_437' title='bbox 2713 3490 2980 3560; x_wconf 76' lang='grc' dir='ltr'><strong>αἱρέσεως</strong></span> <span class='ocrx_word' id='word_1_438' title='bbox 3026 3488 3399 3559; x_wconf 80' lang='grc' dir='ltr'><strong>μεμαθήκασι.</strong></span> <span class='ocrx_word' id='word_1_439' title='bbox 3455 3486 3761 3554; x_wconf 69' lang='grc' dir='ltr'><strong>Ζητητέον</strong></span> 
     </span>
    </p>
   </div>
   <div class='ocr_carea' id='block_1_66' title="bbox 454 3570 2038 3654">
    <p class='ocr_par' dir='ltr' id='par_1_66' title="bbox 454 3574 2034 3646">
     <span class='ocr_line' id='line_1_66' title="bbox 454 3574 2034 3646; baseline -0.008 -5"><span class='ocrx_word' id='word_1_440' title='bbox 454 3586 890 3641; x_wconf 88' lang='lat' dir='ltr'><strong>Paulicianorum</strong></span> <span class='ocrx_word' id='word_1_441' title='bbox 960 3580 1151 3637; x_wconf 71' lang='lat' dir='ltr'><strong>haeresi</strong></span> <span class='ocrx_word' id='word_1_442' title='bbox 1213 3578 1581 3635; x_wconf 85' lang='lat' dir='ltr'><strong>consentiunt.</strong></span> <span class='ocrx_word' id='word_1_443' title='bbox 1638 3574 1827 3646; x_wconf 89' lang='lat' dir='ltr'><strong>Itaque</strong></span> <span class='ocrx_word' id='word_1_444' title='bbox 1890 3575 2034 3629; x_wconf 90' lang='lat' dir='ltr'><strong>ineo</strong></span> 
     </span>
    </p>
   </div>
   <div class='ocr_carea' id='block_1_67' title="bbox 2145 3570 3765 3654">
    <p class='ocr_par' dir='ltr' id='par_1_67' title="bbox 2145 3570 3765 3654">
     <span class='ocr_line' id='line_1_67' title="bbox 2145 3570 3765 3654; baseline -0.01 -12"><span class='ocrx_word' id='word_1_445' title='bbox 2145 3588 2193 3643; x_wconf 73' lang='grc' dir='ltr'><strong>δὲ</strong></span> <span class='ocrx_word' id='word_1_446' title='bbox 2229 3588 2286 3640; x_wconf 80' lang='grc' dir='ltr'><strong>ὲν</strong></span> <span class='ocrx_word' id='word_1_447' title='bbox 2316 3586 2390 3654; x_wconf 79' lang='grc' dir='ltr'><strong>τῷ</strong></span> <span class='ocrx_word' id='word_1_448' title='bbox 2431 3583 2550 3638; x_wconf 82' lang='grc' dir='ltr'><strong>κατ’</strong></span> <span class='ocrx_word' id='word_1_449' title='bbox 2577 3584 2800 3637; x_wconf 75' lang='grc' dir='ltr'><strong>ἐκείνων</strong></span> <span class='ocrx_word' id='word_1_450' title='bbox 2831 3583 2996 3652; x_wconf 84' lang='grc' dir='ltr'><strong>τίτλῳ</strong></span> <span class='ocrx_word' id='word_1_451' title='bbox 3030 3580 3097 3634; x_wconf 76' lang='grc' dir='ltr'><strong>τὰ</strong></span> <span class='ocrx_word' id='word_1_452' title='bbox 3145 3576 3447 3647; x_wconf 70' lang='grc' dir='ltr'><strong>κεφάλαιαξ,</strong></span> <span class='ocrx_word' id='word_1_453' title='bbox 3491 3570 3586 3639; x_wconf 77' lang='grc' dir='ltr'><strong>οἷς</strong></span> <span class='ocrx_word' id='word_1_454' title='bbox 3634 3578 3765 3627; x_wconf 67' lang='grc' dir='ltr'><strong>ἐπ’..</strong></span> 
     </span>
    </p>
   </div>
   <div class='ocr_carea' id='block_1_68' title="bbox 451 3666 2038 3751">
    <p class='ocr_par' dir='ltr' id='par_1_68' title="bbox 451 3666 2034 3746">
     <span class='ocr_line' id='line_1_68' title="bbox 451 3666 2034 3746; baseline -0.005 -17"><span class='ocrx_word' id='word_1_455' title='bbox 451 3676 629 3739; x_wconf 90' lang='lat' dir='ltr'><strong>titulo,</strong></span> <span class='ocrx_word' id='word_1_456' title='bbox 654 3675 744 3746; x_wconf 90' lang='lat' dir='ltr'><strong>qui</strong></span> <span class='ocrx_word' id='word_1_457' title='bbox 771 3674 1031 3729; x_wconf 86' lang='lat' dir='ltr'><strong>adversus</strong></span> <span class='ocrx_word' id='word_1_458' title='bbox 1072 3672 1193 3727; x_wconf 90' lang='lat' dir='ltr'><strong>illos</strong></span> <span class='ocrx_word' id='word_1_459' title='bbox 1224 3669 1569 3739; x_wconf 85' lang='lat' dir='ltr'><strong>conscriptus</strong></span> <span class='ocrx_word' id='word_1_460' title='bbox 1604 3678 1707 3737; x_wconf 88' lang='lat' dir='ltr'><strong>est,</strong></span> <span class='ocrx_word' id='word_1_461' title='bbox 1744 3666 2034 3738; x_wconf 69' lang='lat' dir='ltr'><strong>quaerenda</strong></span> 
     </span>
    </p>
   </div>
   <div class='ocr_carea' id='block_1_69' title="bbox 2145 3666 3760 3751">
    <p class='ocr_par' dir='ltr' id='par_1_69' title="bbox 2145 3668 3760 3751">
     <span class='ocr_line' id='line_1_69' title="bbox 2145 3668 3760 3751; baseline -0.009 -17"><span class='ocrx_word' id='word_1_462' title='bbox 2145 3681 2483 3751; x_wconf 82' lang='grc' dir='ltr'><strong>γέγραπται,</strong></span> <span class='ocrx_word' id='word_1_463' title='bbox 2534 3678 2616 3730; x_wconf 85' lang='grc' dir='ltr'><strong>ὅτι</strong></span> <span class='ocrx_word' id='word_1_464' title='bbox 2648 3674 2742 3729; x_wconf 80' lang='grc' dir='ltr'><strong>τοῦ</strong></span> <span class='ocrx_word' id='word_1_465' title='bbox 2775 3674 2981 3744; x_wconf 82' lang='grc' dir='ltr'><strong>ἀγαθοῦ</strong></span> <span class='ocrx_word' id='word_1_466' title='bbox 3012 3671 3148 3726; x_wconf 77' lang='grc' dir='ltr'><strong>θεοῦ</strong></span> <span class='ocrx_word' id='word_1_467' title='bbox 3185 3672 3323 3724; x_wconf 86' lang='grc' dir='ltr'><strong>είσιν</strong></span> <span class='ocrx_word' id='word_1_468' title='bbox 3354 3670 3387 3740; x_wconf 76' lang='grc' dir='ltr'>ἦ</span> <span class='ocrx_word' id='word_1_469' title='bbox 3422 3686 3485 3722; x_wconf 88' lang='grc' dir='ltr'><strong>τε</strong></span> <span class='ocrx_word' id='word_1_470' title='bbox 3522 3668 3760 3722; x_wconf 79' lang='grc' dir='ltr'><strong>παλαιά</strong></span> 
     </span>
    </p>
   </div>
   <div class='ocr_carea' id='block_1_70' title="bbox 446 3757 2038 3846">
    <p class='ocr_par' dir='ltr' id='par_1_70' title="bbox 446 3757 2035 3835">
     <span class='ocr_line' id='line_1_70' title="bbox 446 3757 2035 3835; baseline -0.007 -12"><span class='ocrx_word' id='word_1_471' title='bbox 446 3764 576 3823; x_wconf 87' lang='lat' dir='ltr'><strong>sunt</strong></span> <span class='ocrx_word' id='word_1_472' title='bbox 607 3783 669 3823; x_wconf 87' lang='lat' dir='ltr'><strong>ea</strong></span> <span class='ocrx_word' id='word_1_473' title='bbox 704 3766 903 3835; x_wconf 86' lang='lat' dir='ltr'><strong>capita,</strong></span> <span class='ocrx_word' id='word_1_474' title='bbox 934 3765 1131 3834; x_wconf 88' lang='lat' dir='ltr'><strong>quibus</strong></span> <span class='ocrx_word' id='word_1_475' title='bbox 1184 3764 1697 3827; x_wconf 86' lang='lat' dir='ltr'><strong>demonstravimus,</strong></span> <span class='ocrx_word' id='word_1_476' title='bbox 1757 3759 1884 3815; x_wconf 85' lang='lat' dir='ltr'><strong>boni</strong></span> <span class='ocrx_word' id='word_1_477' title='bbox 1940 3757 2035 3812; x_wconf 87' lang='lat' dir='ltr'><strong>Dei</strong></span> 
     </span>
    </p>
   </div>
   <div class='ocr_carea' id='block_1_71' title="bbox 2145 3757 3766 3846">
    <p class='ocr_par' dir='ltr' id='par_1_71' title="bbox 2145 3760 3766 3846">
     <span class='ocr_line' id='line_1_71' title="bbox 2145 3760 3766 3846; baseline -0.01 -17"><span class='ocrx_word' id='word_1_478' title='bbox 2145 3774 2433 3846; x_wconf 85' lang='grc' dir='ltr'><strong>νομοθεσία</strong></span> <span class='ocrx_word' id='word_1_479' title='bbox 2473 3771 2571 3825; x_wconf 79' lang='grc' dir='ltr'><strong>καὶ</strong></span> <span class='ocrx_word' id='word_1_480' title='bbox 2602 3770 2652 3823; x_wconf 82' lang='grc' dir='ltr'><strong>οἱ</strong></span> <span class='ocrx_word' id='word_1_481' title='bbox 2693 3771 2751 3822; x_wconf 77' lang='grc' dir='ltr'><strong>ὲν</strong></span> <span class='ocrx_word' id='word_1_482' title='bbox 2782 3768 2919 3837; x_wconf 76' lang='grc' dir='ltr'><strong>αὐτῇ</strong></span> <span class='ocrx_word' id='word_1_483' title='bbox 2959 3764 3295 3836; x_wconf 78' lang='grc' dir='ltr'><strong>λάμψαντες.</strong></span> <span class='ocrx_word' id='word_1_484' title='bbox 3340 3760 3455 3815; x_wconf 52' lang='grc' dir='ltr'><strong>Καὶ⁸</strong></span> <span class='ocrx_word' id='word_1_485' title='bbox 3486 3761 3766 3827; x_wconf 80' lang='grc' dir='ltr'><strong>ἀναγνω-</strong></span> 
     </span>
    </p>
   </div>
   <div class='ocr_carea' id='block_1_72' title="bbox 448 3851 2038 3933">
    <p class='ocr_par' dir='ltr' id='par_1_72' title="bbox 448 3851 2034 3920">
     <span class='ocr_line' id='line_1_72' title="bbox 448 3851 2034 3920; baseline -0.009 -2"><span class='ocrx_word' id='word_1_486' title='bbox 448 3876 570 3918; x_wconf 84' lang='lat' dir='ltr'><strong>esse</strong></span> <span class='ocrx_word' id='word_1_487' title='bbox 618 3868 727 3914; x_wconf 89' lang='lat' dir='ltr'><strong>tum</strong></span> <span class='ocrx_word' id='word_1_488' title='bbox 758 3858 922 3915; x_wconf 83' lang='lat' dir='ltr'><strong>Vetus</strong></span> <span class='ocrx_word' id='word_1_489' title='bbox 960 3855 1396 3919; x_wconf 86' lang='lat' dir='ltr'><strong>Testamentum,</strong></span> <span class='ocrx_word' id='word_1_490' title='bbox 1428 3861 1538 3907; x_wconf 91' lang='lat' dir='ltr'><strong>tum</strong></span> <span class='ocrx_word' id='word_1_491' title='bbox 1571 3852 1718 3906; x_wconf 88' lang='lat' dir='ltr'><strong>viros</strong></span> <span class='ocrx_word' id='word_1_492' title='bbox 1757 3851 1848 3920; x_wconf 91' lang='lat' dir='ltr'><strong>qui</strong></span> <span class='ocrx_word' id='word_1_493' title='bbox 1882 3851 1935 3905; x_wconf 91' lang='lat' dir='ltr'><strong>in</strong></span> <span class='ocrx_word' id='word_1_494' title='bbox 1969 3864 2034 3905; x_wconf 91' lang='lat' dir='ltr'><strong>eo</strong></span> 
     </span>
    </p>
   </div>
   <div class='ocr_carea' id='block_1_73' title="bbox 2145 3851 3761 3933">
    <p class='ocr_par' dir='ltr' id='par_1_73' title="bbox 2145 3852 3761 3933">
     <span class='ocr_line' id='line_1_73' title="bbox 2145 3852 3761 3933; baseline -0.012 -11"><span class='ocrx_word' id='word_1_495' title='bbox 2145 3870 2295 3922; x_wconf 81' lang='grc' dir='ltr'><strong>στέον</strong></span> <span class='ocrx_word' id='word_1_496' title='bbox 2325 3865 2388 3919; x_wconf 86' lang='grc' dir='ltr'><strong>τό</strong></span> <span class='ocrx_word' id='word_1_497' title='bbox 2423 3881 2486 3919; x_wconf 88' lang='grc' dir='ltr'><strong>τε</strong></span> <span class='ocrx_word' id='word_1_498' title='bbox 2521 3863 2739 3933; x_wconf 84' lang='grc' dir='ltr'><strong>πρῶτον</strong></span> <span class='ocrx_word' id='word_1_499' title='bbox 2787 3859 3085 3929; x_wconf 83' lang='grc' dir='ltr'><strong>κεφάλαιον</strong></span> <span class='ocrx_word' id='word_1_500' title='bbox 3134 3856 3230 3910; x_wconf 81' lang='grc' dir='ltr'><strong>καὶ</strong></span> <span class='ocrx_word' id='word_1_501' title='bbox 3272 3853 3342 3908; x_wconf 83' lang='grc' dir='ltr'><strong>τὰ</strong></span> <span class='ocrx_word' id='word_1_502' title='bbox 3377 3852 3509 3922; x_wconf 75' lang='grc' dir='ltr'>ἑξῆς</span> <span class='ocrx_word' id='word_1_503' title='bbox 3559 3853 3761 3916; x_wconf 71' lang='grc' dir='ltr'><strong>ἑπτὰ,</strong></span> 
     </span>
    </p>
   </div>
   <div class='ocr_carea' id='block_1_74' title="bbox 450 3942 2038 4030">
    <p class='ocr_par' dir='ltr' id='par_1_74' title="bbox 450 3942 2036 4016">
     <span class='ocr_line' id='line_1_74' title="bbox 450 3942 2036 4016; baseline -0.008 -9"><span class='ocrx_word' id='word_1_504' title='bbox 450 3953 690 4007; x_wconf 85' lang='lat' dir='ltr'><strong>illustres</strong></span> <span class='ocrx_word' id='word_1_505' title='bbox 717 3950 1061 4013; x_wconf 82' lang='lat' dir='ltr'><strong>exstiterunt,</strong></span> <span class='ocrx_word' id='word_1_506' title='bbox 1082 3945 1479 4016; x_wconf 76' lang='lat' dir='ltr'><strong>legendumque</strong></span> <span class='ocrx_word' id='word_1_507' title='bbox 1501 3951 1587 3998; x_wconf 90' lang='lat' dir='ltr'><strong>est</strong></span> <span class='ocrx_word' id='word_1_508' title='bbox 1609 3942 1842 4012; x_wconf 86' lang='lat' dir='ltr'><strong>primum</strong></span> <span class='ocrx_word' id='word_1_509' title='bbox 1874 3950 2036 4011; x_wconf 87' lang='lat' dir='ltr'><strong>caput</strong></span> 
     </span>
    </p>
   </div>
   <div class='ocr_carea' id='block_1_75' title="bbox 2145 3942 3765 4030">
    <p class='ocr_par' dir='ltr' id='par_1_75' title="bbox 2145 3944 3765 4030">
     <span class='ocr_line' id='line_1_75' title="bbox 2145 3944 3765 4030; baseline -0.012 -15"><span class='ocrx_word' id='word_1_510' title='bbox 2145 3956 2527 4030; x_wconf 82' lang='grc' dir='ltr'><strong>στηλιτεύοντα</strong></span> <span class='ocrx_word' id='word_1_511' title='bbox 2572 3953 2823 4026; x_wconf 84' lang='grc' dir='ltr'><strong>φανερῶς</strong></span> <span class='ocrx_word' id='word_1_512' title='bbox 2868 3953 2970 4020; x_wconf 71' lang='grc' dir='ltr'><strong>τὴν</strong></span> <span class='ocrx_word' id='word_1_513' title='bbox 3016 3946 3276 4017; x_wconf 80' lang='grc' dir='ltr'><strong>τοιαύτην</strong></span> <span class='ocrx_word' id='word_1_514' title='bbox 3325 3944 3573 4012; x_wconf 72' lang='grc' dir='ltr'><strong>πλάνην.</strong></span> <span class='ocrx_word' id='word_1_515' title='bbox 3636 3946 3765 3997; x_wconf 73' lang='grc' dir='ltr'><strong>Καὶ</strong></span> 
     </span>
    </p>
   </div>
   <div class='ocr_carea' id='block_1_76' title="bbox 451 4034 2038 4122">
    <p class='ocr_par' dir='ltr' id='par_1_76' title="bbox 451 4034 2037 4112">
     <span class='ocr_line' id='line_1_76' title="bbox 451 4034 2037 4112; baseline -0.004 -16"><span class='ocrx_word' id='word_1_516' title='bbox 451 4059 574 4097; x_wconf 87' lang='lat' dir='ltr'><strong>cum</strong></span> <span class='ocrx_word' id='word_1_517' title='bbox 612 4052 817 4112; x_wconf 87' lang='lat' dir='ltr'><strong>septem</strong></span> <span class='ocrx_word' id='word_1_518' title='bbox 850 4040 1222 4109; x_wconf 88' lang='lat' dir='ltr'><strong>sequentibus,</strong></span> <span class='ocrx_word' id='word_1_519' title='bbox 1267 4038 1464 4106; x_wconf 89' lang='lat' dir='ltr'><strong>quibus</strong></span> <span class='ocrx_word' id='word_1_520' title='bbox 1512 4051 1666 4093; x_wconf 85' lang='lat' dir='ltr'><strong>error</strong></span> <span class='ocrx_word' id='word_1_521' title='bbox 1718 4036 1822 4089; x_wconf 90' lang='lat' dir='ltr'><strong>iste</strong></span> <span class='ocrx_word' id='word_1_522' title='bbox 1876 4034 2037 4104; x_wconf 86' lang='lat' dir='ltr'><strong>plane</strong></span> 
     </span>
    </p>
   </div>
   <div class='ocr_carea' id='block_1_77' title="bbox 2145 4034 3767 4122">
    <p class='ocr_par' dir='ltr' id='par_1_77' title="bbox 2145 4035 3767 4122">
     <span class='ocr_line' id='line_1_77' title="bbox 2145 4035 3767 4122; baseline -0.014 -14"><span class='ocrx_word' id='word_1_523' title='bbox 2145 4054 2205 4108; x_wconf 82' lang='grc' dir='ltr'><strong>τὰ</strong></span> <span class='ocrx_word' id='word_1_524' title='bbox 2238 4050 2357 4122; x_wconf 84' lang='grc' dir='ltr'><strong>μετ’</strong></span> <span class='ocrx_word' id='word_1_525' title='bbox 2384 4052 2567 4103; x_wconf 82' lang='grc' dir='ltr'><strong>ἐκεῖνα</strong></span> <span class='ocrx_word' id='word_1_526' title='bbox 2592 4049 2648 4101; x_wconf 75' lang='grc' dir='ltr'><strong>δὲ</strong></span> <span class='ocrx_word' id='word_1_527' title='bbox 2677 4047 2855 4101; x_wconf 87' lang='grc' dir='ltr'><strong>πάντα</strong></span> <span class='ocrx_word' id='word_1_528' title='bbox 2894 4045 3165 4114; x_wconf 87' lang='grc' dir='ltr'><strong>σύμφωνα</strong></span> <span class='ocrx_word' id='word_1_529' title='bbox 3213 4038 3397 4110; x_wconf 83' lang='grc' dir='ltr'><strong>σχεδὸν</strong></span> <span class='ocrx_word' id='word_1_530' title='bbox 3430 4039 3556 4099; x_wconf 84' lang='grc' dir='ltr'><strong>τοῖς</strong></span> <span class='ocrx_word' id='word_1_531' title='bbox 3606 4035 3767 4088; x_wconf 68' lang='grc' dir='ltr'><strong>ἑπτὰ</strong></span> 
     </span>
    </p>
   </div>
   <div class='ocr_carea' id='block_1_78' title="bbox 449 4126 2038 4209">
    <p class='ocr_par' dir='ltr' id='par_1_78' title="bbox 449 4126 2034 4201">
     <span class='ocr_line' id='line_1_78' title="bbox 449 4126 2034 4201; baseline -0.006 -9"><span class='ocrx_word' id='word_1_532' title='bbox 449 4135 780 4192; x_wconf 81' lang='lat' dir='ltr'><strong>confoditur.</strong></span> <span class='ocrx_word' id='word_1_533' title='bbox 844 4132 908 4189; x_wconf 85' lang='lat' dir='ltr'><strong>Et</strong></span> <span class='ocrx_word' id='word_1_534' title='bbox 960 4146 1269 4201; x_wconf 88' lang='lat' dir='ltr'><strong>quanquam</strong></span> <span class='ocrx_word' id='word_1_535' title='bbox 1306 4131 1512 4201; x_wconf 89' lang='lat' dir='ltr'><strong>reliqua</strong></span> <span class='ocrx_word' id='word_1_536' title='bbox 1545 4130 1672 4184; x_wconf 89' lang='lat' dir='ltr'><strong>item</strong></span> <span class='ocrx_word' id='word_1_537' title='bbox 1713 4130 1892 4198; x_wconf 86' lang='lat' dir='ltr'><strong>capita</strong></span> <span class='ocrx_word' id='word_1_538' title='bbox 1948 4126 2034 4183; x_wconf 85' lang='lat' dir='ltr'><strong>bis</strong></span> 
     </span>
    </p>
   </div>
   <div class='ocr_carea' id='block_1_79' title="bbox 2145 4126 3765 4209">
    <p class='ocr_par' dir='ltr' id='par_1_79' title="bbox 2145 4127 3765 4209">
     <span class='ocr_line' id='line_1_79' title="bbox 2145 4127 3765 4209; baseline -0.014 -9"><span class='ocrx_word' id='word_1_539' title='bbox 2145 4147 2347 4208; x_wconf 79' lang='grc' dir='ltr'><strong>τούτοις</strong></span> <span class='ocrx_word' id='word_1_540' title='bbox 2381 4143 2521 4196; x_wconf 77' lang='grc' dir='ltr'><strong>εἰσὶν</strong></span> <span class='ocrx_word' id='word_1_541' title='bbox 2544 4182 2558 4208; x_wconf 96' lang='grc'><strong>,</strong></span> <span class='ocrx_word' id='word_1_542' title='bbox 2610 4139 2725 4193; x_wconf 88' lang='grc' dir='ltr'><strong>ἀλλ’</strong></span> <span class='ocrx_word' id='word_1_543' title='bbox 2756 4138 2918 4209; x_wconf 78' lang='grc' dir='ltr'><strong>ἀρκεῖ</strong></span> <span class='ocrx_word' id='word_1_544' title='bbox 2961 4134 3101 4205; x_wconf 71' lang='grc' dir='ltr'><strong>μόνα</strong></span> <span class='ocrx_word' id='word_1_545' title='bbox 3140 4132 3207 4185; x_wconf 79' lang='grc' dir='ltr'><strong>τὰ</strong></span> <span class='ocrx_word' id='word_1_546' title='bbox 3235 4128 3582 4200; x_wconf 76' lang='grc' dir='ltr'><strong>δηλωθέντα.</strong></span> <span class='ocrx_word' id='word_1_547' title='bbox 3624 4127 3765 4196; x_wconf 78' lang='grc' dir='ltr'><strong>Χρὴ</strong></span> 
     </span>
    </p>
   </div>
   <div class='ocr_carea' id='block_1_80' title="bbox 450 4219 2038 4309">
    <p class='ocr_par' dir='ltr' id='par_1_80' title="bbox 450 4222 2035 4299">
     <span class='ocr_line' id='line_1_80' title="bbox 450 4222 2035 4299; baseline -0.006 -13"><span class='ocrx_word' id='word_1_548' title='bbox 450 4237 658 4299; x_wconf 84' lang='lat' dir='ltr'><strong>septem</strong></span> <span class='ocrx_word' id='word_1_549' title='bbox 698 4225 1067 4292; x_wconf 90' lang='lat' dir='ltr'><strong>consentiunt,</strong></span> <span class='ocrx_word' id='word_1_550' title='bbox 1101 4234 1276 4279; x_wconf 89' lang='lat' dir='ltr'><strong>tamen</strong></span> <span class='ocrx_word' id='word_1_551' title='bbox 1312 4227 1425 4279; x_wconf 68' lang='lat' dir='ltr'><strong>haec</strong></span> <span class='ocrx_word' id='word_1_552' title='bbox 1455 4223 1570 4279; x_wconf 87' lang='lat' dir='ltr'><strong>sola</strong></span> <span class='ocrx_word' id='word_1_553' title='bbox 1617 4224 1751 4278; x_wconf 84' lang='lat' dir='ltr'><strong>satis</strong></span> <span class='ocrx_word' id='word_1_554' title='bbox 1773 4222 1880 4277; x_wconf 92' lang='lat' dir='ltr'><strong>erit</strong></span> <span class='ocrx_word' id='word_1_555' title='bbox 1908 4237 2035 4293; x_wconf 87' lang='lat' dir='ltr'><strong>per-</strong></span> 
     </span>
    </p>
   </div>
   <div class='ocr_carea' id='block_1_81' title="bbox 2145 4219 3770 4309">
    <p class='ocr_par' dir='ltr' id='par_1_81' title="bbox 2145 4219 3770 4309">
     <span class='ocr_line' id='line_1_81' title="bbox 2145 4219 3770 4309; baseline -0.015 -15"><span class='ocrx_word' id='word_1_556' title='bbox 2145 4240 2192 4294; x_wconf 76' lang='grc' dir='ltr'><strong>Βὲ</strong></span> <span class='ocrx_word' id='word_1_557' title='bbox 2230 4238 2550 4309; x_wconf 85' lang='grc' dir='ltr'><strong>γινώσκειν,</strong></span> <span class='ocrx_word' id='word_1_558' title='bbox 2578 4236 2661 4288; x_wconf 81' lang='grc' dir='ltr'><strong>ὅτι</strong></span> <span class='ocrx_word' id='word_1_559' title='bbox 2700 4231 2801 4296; x_wconf 81' lang='grc' dir='ltr'><strong>τὰς</strong></span> <span class='ocrx_word' id='word_1_560' title='bbox 2835 4228 3121 4299; x_wconf 74' lang='grc' dir='ltr'><strong>μωσαῖκας</strong></span> <span class='ocrx_word' id='word_1_561' title='bbox 3157 4225 3369 4296; x_wconf 75' lang='grc' dir='ltr'><strong>βίϐλους</strong></span> <span class='ocrx_word' id='word_1_562' title='bbox 3404 4219 3770 4281; x_wconf 78' lang='grc' dir='ltr'><strong>ἀθετοῦντες</strong></span> 
     </span>
    </p>
   </div>
   <div class='ocr_carea' id='block_1_82' title="bbox 450 4312 2038 4405">
    <p class='ocr_par' dir='ltr' id='par_1_82' title="bbox 450 4316 2037 4392">
     <span class='ocr_line' id='line_1_82' title="bbox 450 4316 2037 4392; baseline -0.005 -14"><span class='ocrx_word' id='word_1_563' title='bbox 450 4323 667 4392; x_wconf 78' lang='lat' dir='ltr'><strong>legisse.</strong></span> <span class='ocrx_word' id='word_1_564' title='bbox 696 4321 828 4375; x_wconf 90' lang='lat' dir='ltr'><strong>lllud</strong></span> <span class='ocrx_word' id='word_1_565' title='bbox 858 4330 1032 4375; x_wconf 75' lang='lat' dir='ltr'><strong>tamen</strong></span> <span class='ocrx_word' id='word_1_566' title='bbox 1059 4318 1597 4373; x_wconf 71' lang='lat' dir='ltr'><strong>animadvertendum</strong></span> <span class='ocrx_word' id='word_1_567' title='bbox 1628 4326 1731 4383; x_wconf 90' lang='lat' dir='ltr'><strong>est,</strong></span> <span class='ocrx_word' id='word_1_568' title='bbox 1767 4321 1897 4373; x_wconf 88' lang='lat' dir='ltr'><strong>istos</strong></span> <span class='ocrx_word' id='word_1_569' title='bbox 1923 4316 2037 4372; x_wconf 89' lang='lat' dir='ltr'><strong>cal-</strong></span> 
     </span>
    </p>
   </div>
   <div class='ocr_carea' id='block_1_83' title="bbox 2145 4312 3770 4405">
    <p class='ocr_par' dir='ltr' id='par_1_83' title="bbox 2145 4312 3770 4405">
     <span class='ocr_line' id='line_1_83' title="bbox 2145 4312 3770 4405; baseline -0.015 -19"><span class='ocrx_word' id='word_1_570' title='bbox 2145 4333 2327 4405; x_wconf 79' lang='grc' dir='ltr'><strong>ρήσεις</strong></span> <span class='ocrx_word' id='word_1_571' title='bbox 2354 4329 2413 4397; x_wconf 73' lang='grc' dir='ltr'><strong>ἐξ</strong></span> <span class='ocrx_word' id='word_1_572' title='bbox 2437 4325 2619 4384; x_wconf 83' lang='grc' dir='ltr'><strong>αὐτῶν</strong></span> <span class='ocrx_word' id='word_1_573' title='bbox 2644 4322 2906 4385; x_wconf 83' lang='grc' dir='ltr'><strong>πολλάκις</strong></span> <span class='ocrx_word' id='word_1_574' title='bbox 2935 4317 3261 4389; x_wconf 83' lang='grc' dir='ltr'><strong>πανούργως</strong></span> <span class='ocrx_word' id='word_1_575' title='bbox 3286 4316 3361 4379; x_wconf 77' lang='grc' dir='ltr'><strong>είς</strong></span> <span class='ocrx_word' id='word_1_576' title='bbox 3390 4312 3770 4383; x_wconf 78' lang='grc' dir='ltr'><strong>συνηγορίαν</strong></span> 
     </span>
    </p>
   </div>
   <div class='ocr_carea' id='block_1_84' title="bbox 452 4406 2038 4493">
    <p class='ocr_par' dir='ltr' id='par_1_84' title="bbox 452 4409 2034 4489">
     <span class='ocr_line' id='line_1_84' title="bbox 452 4409 2034 4489; baseline -0.003 -19"><span class='ocrx_word' id='word_1_577' title='bbox 452 4416 558 4470; x_wconf 82' lang='lat' dir='ltr'><strong>lida</strong></span> <span class='ocrx_word' id='word_1_578' title='bbox 615 4412 931 4485; x_wconf 87' lang='lat' dir='ltr'><strong>plerumque</strong></span> <span class='ocrx_word' id='word_1_579' title='bbox 985 4426 1052 4466; x_wconf 77' lang='lat' dir='ltr'><strong>ex</strong></span> <span class='ocrx_word' id='word_1_580' title='bbox 1085 4411 1167 4465; x_wconf 84' lang='lat' dir='ltr'><strong>his</strong></span> <span class='ocrx_word' id='word_1_581' title='bbox 1218 4410 1371 4465; x_wconf 89' lang='lat' dir='ltr'><strong>libris</strong></span> <span class='ocrx_word' id='word_1_582' title='bbox 1410 4424 1548 4489; x_wconf 88' lang='lat' dir='ltr'><strong>quos</strong></span> <span class='ocrx_word' id='word_1_583' title='bbox 1590 4409 1918 4480; x_wconf 87' lang='lat' dir='ltr'><strong>improbant,</strong></span> <span class='ocrx_word' id='word_1_584' title='bbox 1967 4409 2034 4465; x_wconf 88' lang='lat' dir='ltr'><strong>ad</strong></span> 
     </span>
    </p>
   </div>
   <div class='ocr_carea' id='block_1_85' title="bbox 2145 4406 3769 4493">
    <p class='ocr_par' dir='ltr' id='par_1_85' title="bbox 2145 4406 3769 4493">
     <span class='ocr_line' id='line_1_85' title="bbox 2145 4406 3769 4493; baseline -0.017 -13"><span class='ocrx_word' id='word_1_585' title='bbox 2145 4425 2349 4479; x_wconf 75' lang='grc' dir='ltr'><strong>ἑαυτῶν</strong></span> <span class='ocrx_word' id='word_1_586' title='bbox 2406 4416 2913 4493; x_wconf 84' lang='grc' dir='ltr'><strong>προσλαμϐάνουσι.</strong></span> <span class='ocrx_word' id='word_1_587' title='bbox 2954 4411 3063 4465; x_wconf 78' lang='grc' dir='ltr'><strong>Καὶ</strong></span> <span class='ocrx_word' id='word_1_588' title='bbox 3114 4412 3245 4463; x_wconf 83' lang='grc' dir='ltr'><strong>ὅταν</strong></span> <span class='ocrx_word' id='word_1_589' title='bbox 3302 4406 3361 4459; x_wconf 75' lang='grc' dir='ltr'><strong>δὲ</strong></span> <span class='ocrx_word' id='word_1_590' title='bbox 3398 4406 3566 4472; x_wconf 82' lang='grc' dir='ltr'><strong>παρά</strong></span> <span class='ocrx_word' id='word_1_591' title='bbox 3598 4418 3769 4464; x_wconf 73' lang='grc' dir='ltr'><strong>τινος</strong></span> 
     </span>
    </p>
   </div>
   <div class='ocr_carea' id='block_1_86' title="bbox 448 4495 2038 4591">
    <p class='ocr_par' dir='ltr' id='par_1_86' title="bbox 448 4503 2031 4576">
     <span class='ocr_line' id='line_1_86' title="bbox 448 4503 2031 4576; baseline -0.003 -14"><span class='ocrx_word' id='word_1_592' title='bbox 448 4508 733 4576; x_wconf 79' lang='lat' dir='ltr'><strong>opiniones</strong></span> <span class='ocrx_word' id='word_1_593' title='bbox 795 4519 922 4559; x_wconf 91' lang='lat' dir='ltr'><strong>suas</strong></span> <span class='ocrx_word' id='word_1_594' title='bbox 988 4503 1426 4573; x_wconf 81' lang='lat' dir='ltr'><strong>comprobandas</strong></span> <span class='ocrx_word' id='word_1_595' title='bbox 1495 4503 1661 4559; x_wconf 87' lang='lat' dir='ltr'><strong>verba</strong></span> <span class='ocrx_word' id='word_1_596' title='bbox 1692 4503 2031 4574; x_wconf 90' lang='lat' dir='ltr'><strong>depromere.</strong></span> 
     </span>
    </p>
   </div>
   <div class='ocr_carea' id='block_1_87' title="bbox 2145 4495 3769 4591">
    <p class='ocr_par' dir='ltr' id='par_1_87' title="bbox 2145 4495 3769 4591">
     <span class='ocr_line' id='line_1_87' title="bbox 2145 4495 3769 4591; baseline -0.016 -19"><span class='ocrx_word' id='word_1_597' title='bbox 2145 4516 2306 4591; x_wconf 78' lang='grc' dir='ltr'><strong>ῥητοῦ</strong></span> <span class='ocrx_word' id='word_1_598' title='bbox 2338 4514 2445 4568; x_wconf 87' lang='grc' dir='ltr'><strong>τῶν</strong></span> <span class='ocrx_word' id='word_1_599' title='bbox 2471 4508 2820 4583; x_wconf 82' lang='grc' dir='ltr'><strong>δηλωθεισῶν</strong></span> <span class='ocrx_word' id='word_1_600' title='bbox 2846 4504 2986 4557; x_wconf 80' lang='grc' dir='ltr'><strong>ἑπτὰ</strong></span> <span class='ocrx_word' id='word_1_601' title='bbox 3016 4502 3214 4572; x_wconf 87' lang='grc' dir='ltr'><strong>βίϐλων</strong></span> <span class='ocrx_word' id='word_1_602' title='bbox 3245 4495 3769 4566; x_wconf 79' lang='grc' dir='ltr'><strong>στενοχωρηθῶσι,</strong></span> 
     </span>
    </p>
   </div>
   <div class='ocr_carea' id='block_1_88' title="bbox 450 4590 2038 4685">
    <p class='ocr_par' dir='ltr' id='par_1_88' title="bbox 450 4595 2031 4669">
     <span class='ocr_line' id='line_1_88' title="bbox 450 4595 2031 4669; baseline -0.001 -16"><span class='ocrx_word' id='word_1_603' title='bbox 450 4600 603 4669; x_wconf 83' lang='lat' dir='ltr'><strong>Quod</strong></span> <span class='ocrx_word' id='word_1_604' title='bbox 630 4599 672 4655; x_wconf 92' lang='lat' dir='ltr'><strong>si</strong></span> <span class='ocrx_word' id='word_1_605' title='bbox 706 4598 887 4668; x_wconf 91' lang='lat' dir='ltr'><strong>aliquo</strong></span> <span class='ocrx_word' id='word_1_606' title='bbox 921 4606 1129 4665; x_wconf 87' lang='lat' dir='ltr'><strong>septem</strong></span> <span class='ocrx_word' id='word_1_607' title='bbox 1150 4595 1434 4660; x_wconf 88' lang='lat' dir='ltr'><strong>librorum,</strong></span> <span class='ocrx_word' id='word_1_608' title='bbox 1467 4610 1603 4665; x_wconf 89' lang='lat' dir='ltr'><strong>quos</strong></span> <span class='ocrx_word' id='word_1_609' title='bbox 1635 4610 2031 4652; x_wconf 88' lang='lat' dir='ltr'><strong>commemora-</strong></span> 
     </span>
    </p>
   </div>
   <div class='ocr_carea' id='block_1_89' title="bbox 2145 4590 3768 4685">
    <p class='ocr_par' dir='ltr' id='par_1_89' title="bbox 2145 4590 3768 4673">
     <span class='ocr_line' id='line_1_89' title="bbox 2145 4590 3768 4673; baseline -0.015 -8"><span class='ocrx_word' id='word_1_610' title='bbox 2145 4590 2238 4665; x_wconf 78' lang='grc' dir='ltr'><strong>καὶ</strong></span> <span class='ocrx_word' id='word_1_611' title='bbox 2278 4605 2614 4662; x_wconf 88' lang='grc' dir='ltr'><strong>συνελαθῶσι</strong></span> <span class='ocrx_word' id='word_1_612' title='bbox 2651 4605 2789 4673; x_wconf 73' lang='grc' dir='ltr'><strong>πρὸς</strong></span> <span class='ocrx_word' id='word_1_613' title='bbox 2809 4600 2909 4667; x_wconf 82' lang='grc' dir='ltr'><strong>τὴν</strong></span> <span class='ocrx_word' id='word_1_614' title='bbox 2932 4596 3212 4666; x_wconf 80' lang='grc' dir='ltr'><strong>ἀλήθειαν,</strong></span> <span class='ocrx_word' id='word_1_615' title='bbox 3249 4592 3416 4655; x_wconf 75' lang='grc' dir='ltr'><strong>εὐθὺς</strong></span> <span class='ocrx_word' id='word_1_616' title='bbox 3441 4592 3530 4654; x_wconf 82' lang='grc' dir='ltr'><strong>είς</strong></span> <span class='ocrx_word' id='word_1_617' title='bbox 3572 4590 3768 4660; x_wconf 71' lang='grc' dir='ltr'><strong>άλλη-</strong></span> 
     </span>
    </p>
   </div>
   <div class='ocr_carea' id='block_1_90' title="bbox 451 4685 2038 4776">
    <p class='ocr_par' dir='ltr' id='par_1_90' title="bbox 451 4688 2036 4757">
     <span class='ocr_line' id='line_1_90' title="bbox 451 4688 2036 4757; baseline -0.002 -10"><span class='ocrx_word' id='word_1_618' title='bbox 451 4695 647 4757; x_wconf 87' lang='lat' dir='ltr'><strong>vimus,</strong></span> <span class='ocrx_word' id='word_1_619' title='bbox 680 4691 827 4745; x_wconf 91' lang='lat' dir='ltr'><strong>dicto</strong></span> <span class='ocrx_word' id='word_1_620' title='bbox 851 4690 1084 4745; x_wconf 86' lang='lat' dir='ltr'><strong>convicti</strong></span> <span class='ocrx_word' id='word_1_621' title='bbox 1111 4688 1177 4742; x_wconf 89' lang='lat' dir='ltr'><strong>ad</strong></span> <span class='ocrx_word' id='word_1_622' title='bbox 1217 4688 1500 4746; x_wconf 88' lang='lat' dir='ltr'><strong>veritatem</strong></span> <span class='ocrx_word' id='word_1_623' title='bbox 1540 4691 1901 4746; x_wconf 88' lang='lat' dir='ltr'><strong>conlitendam</strong></span> <span class='ocrx_word' id='word_1_624' title='bbox 1934 4691 2036 4745; x_wconf 89' lang='lat' dir='ltr'><strong>im-</strong></span> 
     </span>
    </p>
   </div>
   <div class='ocr_carea' id='block_1_91' title="bbox 2145 4685 3499 4776">
    <p class='ocr_par' dir='ltr' id='par_1_91' title="bbox 2145 4685 3499 4776">
     <span class='ocr_line' id='line_1_91' title="bbox 2145 4685 3499 4776; baseline -0.017 -17"><span class='ocrx_word' id='word_1_625' title='bbox 2145 4704 2328 4776; x_wconf 87' lang='grc' dir='ltr'><strong>γορίαν</strong></span> <span class='ocrx_word' id='word_1_626' title='bbox 2360 4702 2680 4771; x_wconf 85' lang='grc' dir='ltr'><strong>τρέπονται,</strong></span> <span class='ocrx_word' id='word_1_627' title='bbox 2708 4694 3108 4765; x_wconf 85' lang='grc' dir='ltr'><strong>διαδιδράσκειν</strong></span> <span class='ocrx_word' id='word_1_628' title='bbox 3138 4685 3499 4758; x_wconf 78' lang='grc' dir='ltr'><strong>πειρώμενοι.</strong></span> 
     </span>
    </p>
   </div>
   <div class='ocr_carea' id='block_1_92' title="bbox 448 4781 2038 4856">
    <p class='ocr_par' dir='ltr' id='par_1_92' title="bbox 448 4781 2038 4856">
     <span class='ocr_line' id='line_1_92' title="bbox 448 4781 2038 4856; baseline 0.001 -17"><span class='ocrx_word' id='word_1_629' title='bbox 448 4787 745 4856; x_wconf 82' lang='lat' dir='ltr'><strong>pellantur,</strong></span> <span class='ocrx_word' id='word_1_630' title='bbox 770 4783 950 4839; x_wconf 89' lang='lat' dir='ltr'><strong>statim</strong></span> <span class='ocrx_word' id='word_1_631' title='bbox 970 4791 1028 4837; x_wconf 93' lang='lat' dir='ltr'><strong>ut</strong></span> <span class='ocrx_word' id='word_1_632' title='bbox 1050 4781 1470 4854; x_wconf 74' lang='lat' dir='ltr'><strong>subterfugiant.</strong></span> <span class='ocrx_word' id='word_1_633' title='bbox 1495 4783 1562 4839; x_wconf 90' lang='lat' dir='ltr'><strong>ad</strong></span> <span class='ocrx_word' id='word_1_634' title='bbox 1584 4783 1899 4854; x_wconf 81' lang='lat' dir='ltr'><strong>allegoriam</strong></span> <span class='ocrx_word' id='word_1_635' title='bbox 1919 4800 2038 4840; x_wconf 88' lang='lat' dir='ltr'><strong>sese</strong></span> 
     </span>
    </p>
   </div>
   <div class='ocr_carea' id='block_1_93' title="bbox 454 4885 802 4932">
    <p class='ocr_par' dir='ltr' id='par_1_93' title="bbox 454 4885 802 4932">
     <span class='ocr_line' id='line_1_93' title="bbox 454 4885 802 4932; baseline -0.006 -1"><span class='ocrx_word' id='word_1_636' title='bbox 454 4885 802 4932; x_wconf 85' lang='lat' dir='ltr'><strong>convertunt.</strong></span> 
     </span>
    </p>
   </div>
   <div class='ocr_carea' id='block_1_94' title="bbox 516 4960 2038 5048">
    <p class='ocr_par' dir='ltr' id='par_1_94' title="bbox 516 4965 2038 5038">
     <span class='ocr_line' id='line_1_94' title="bbox 516 4965 2038 5038; baseline -0.003 -11"><span class='ocrx_word' id='word_1_637' title='bbox 516 4972 572 5028; x_wconf 73' lang='lat'><strong>‘2.</strong></span> <span class='ocrx_word' id='word_1_638' title='bbox 609 4971 682 5025; x_wconf 80' lang='lat' dir='ltr'><strong>Ea</strong></span> <span class='ocrx_word' id='word_1_639' title='bbox 737 4985 795 5025; x_wconf 89' lang='lat' dir='ltr'><strong>re</strong></span> <span class='ocrx_word' id='word_1_640' title='bbox 823 4968 1097 5038; x_wconf 90' lang='lat' dir='ltr'><strong>decipiunt</strong></span> <span class='ocrx_word' id='word_1_641' title='bbox 1128 4965 1485 5037; x_wconf 67' lang='lat' dir='ltr'><strong>simpliciores</strong></span> <span class='ocrx_word' id='word_1_642' title='bbox 1528 4967 1670 5036; x_wconf 91' lang='lat' dir='ltr'><strong>quod</strong></span> <span class='ocrx_word' id='word_1_643' title='bbox 1722 4967 1949 5038; x_wconf 82' lang='lat' dir='ltr'><strong>ﬁngunt,</strong></span> <span class='ocrx_word' id='word_1_644' title='bbox 1981 4983 2038 5024; x_wconf 90' lang='lat' dir='ltr'><strong>se</strong></span> 
     </span>
    </p>
   </div>
   <div class='ocr_carea' id='block_1_95' title="bbox 2145 4960 3775 5048">
    <p class='ocr_par' dir='ltr' id='par_1_95' title="bbox 2214 4960 3775 5048">
     <span class='ocr_line' id='line_1_95' title="bbox 2214 4960 3775 5048; baseline -0.012 -18"><span class='ocrx_word' id='word_1_645' title='bbox 2214 4977 2280 5048; x_wconf 88' lang='grc' dir='ltr'><strong>β’.</strong></span> <span class='ocrx_word' id='word_1_646' title='bbox 2303 4974 2606 5046; x_wconf 78' lang='grc' dir='ltr'><strong>Ιιρόσχημα</strong></span> <span class='ocrx_word' id='word_1_647' title='bbox 2629 4969 2727 5041; x_wconf 82' lang='grc' dir='ltr'><strong>μὲν</strong></span> <span class='ocrx_word' id='word_1_648' title='bbox 2762 4967 2976 5038; x_wconf 80' lang='grc' dir='ltr'><strong>ἀπάτης</strong></span> <span class='ocrx_word' id='word_1_649' title='bbox 3002 4965 3111 5017; x_wconf 86' lang='grc' dir='ltr'><strong>τῶν</strong></span> <span class='ocrx_word' id='word_1_650' title='bbox 3136 4960 3539 5031; x_wconf 76' lang='grc' dir='ltr'><strong>ἁπλουστέρων</strong></span> <span class='ocrx_word' id='word_1_651' title='bbox 3559 4960 3627 5013; x_wconf 68' lang='grc' dir='ltr'><strong>τὺ</strong></span> <span class='ocrx_word' id='word_1_652' title='bbox 3674 4978 3775 5012; x_wconf 72' lang='grc' dir='ltr'><strong>πι-</strong></span> 
     </span>
    </p>
   </div>
   <div class='ocr_carea' id='block_1_96' title="bbox 449 5053 2038 5134">
    <p class='ocr_par' dir='ltr' id='par_1_96' title="bbox 449 5060 2037 5131">
     <span class='ocr_line' id='line_1_96' title="bbox 449 5060 2037 5131; baseline -0.001 -14"><span class='ocrx_word' id='word_1_653' title='bbox 449 5068 674 5121; x_wconf 72' lang='lat' dir='ltr'><strong>oredere</strong></span> <span class='ocrx_word' id='word_1_654' title='bbox 709 5064 762 5119; x_wconf 89' lang='lat' dir='ltr'><strong>in</strong></span> <span class='ocrx_word' id='word_1_655' title='bbox 789 5062 1021 5125; x_wconf 84' lang='lat' dir='ltr'><strong>Patrem,</strong></span> <span class='ocrx_word' id='word_1_656' title='bbox 1055 5072 1108 5115; x_wconf 90' lang='lat' dir='ltr'><strong>et</strong></span> <span class='ocrx_word' id='word_1_657' title='bbox 1141 5060 1356 5125; x_wconf 82' lang='lat' dir='ltr'><strong>Filium,</strong></span> <span class='ocrx_word' id='word_1_658' title='bbox 1392 5070 1446 5116; x_wconf 90' lang='lat' dir='ltr'><strong>et</strong></span> <span class='ocrx_word' id='word_1_659' title='bbox 1469 5061 1731 5131; x_wconf 90' lang='lat' dir='ltr'><strong>Spiritum</strong></span> <span class='ocrx_word' id='word_1_660' title='bbox 1764 5072 2037 5125; x_wconf 88' lang='lat' dir='ltr'><strong>sanctum,</strong></span> 
     </span>
    </p>
   </div>
   <div class='ocr_carea' id='block_1_97' title="bbox 2145 5053 3781 5134">
    <p class='ocr_par' dir='ltr' id='par_1_97' title="bbox 2145 5053 3781 5134">
     <span class='ocr_line' id='line_1_97' title="bbox 2145 5053 3781 5134; baseline -0.013 -11"><span class='ocrx_word' id='word_1_661' title='bbox 2145 5070 2357 5123; x_wconf 80' lang='grc' dir='ltr'><strong>στεύειν</strong></span> <span class='ocrx_word' id='word_1_662' title='bbox 2388 5070 2470 5130; x_wconf 81' lang='grc' dir='ltr'><strong>εἰς</strong></span> <span class='ocrx_word' id='word_1_663' title='bbox 2507 5066 2762 5134; x_wconf 78' lang='grc' dir='ltr'><strong>Πατέρα,</strong></span> <span class='ocrx_word' id='word_1_664' title='bbox 2818 5061 2916 5112; x_wconf 70' lang='grc' dir='ltr'><strong>καὶ</strong></span> <span class='ocrx_word' id='word_1_665' title='bbox 2948 5058 3094 5119; x_wconf 69' lang='grc' dir='ltr'><strong>Υίὸν,</strong></span> <span class='ocrx_word' id='word_1_666' title='bbox 3144 5054 3240 5110; x_wconf 75' lang='grc' dir='ltr'><strong>καὶ</strong></span> <span class='ocrx_word' id='word_1_667' title='bbox 3295 5053 3456 5121; x_wconf 81' lang='grc' dir='ltr'><strong>ἆγιον</strong></span> <span class='ocrx_word' id='word_1_668' title='bbox 3506 5053 3781 5121; x_wconf 68' lang='grc' dir='ltr'><strong>Πνεῧμι</strong></span> 
     </span>
    </p>
   </div>
   <div class='ocr_carea' id='block_1_98' title="bbox 449 5146 2038 5235">
    <p class='ocr_par' dir='ltr' id='par_1_98' title="bbox 449 5152 2036 5223">
     <span class='ocr_line' id='line_1_98' title="bbox 449 5152 2036 5223; baseline -0.005 -8"><span class='ocrx_word' id='word_1_669' title='bbox 449 5176 575 5215; x_wconf 90' lang='lat' dir='ltr'><strong>cum</strong></span> <span class='ocrx_word' id='word_1_670' title='bbox 632 5170 813 5213; x_wconf 88' lang='lat' dir='ltr'><strong>tamen</strong></span> <span class='ocrx_word' id='word_1_671' title='bbox 847 5155 995 5211; x_wconf 91' lang='lat' dir='ltr'><strong>Patri</strong></span> <span class='ocrx_word' id='word_1_672' title='bbox 1030 5162 1146 5209; x_wconf 89' lang='lat' dir='ltr'><strong>tres</strong></span> <span class='ocrx_word' id='word_1_673' title='bbox 1180 5155 1314 5209; x_wconf 88' lang='lat' dir='ltr'><strong>istas</strong></span> <span class='ocrx_word' id='word_1_674' title='bbox 1350 5152 1592 5209; x_wconf 88' lang='lat' dir='ltr'><strong>tribuant</strong></span> <span class='ocrx_word' id='word_1_675' title='bbox 1626 5154 2036 5223; x_wconf 88' lang='lat' dir='ltr'><strong>appellationes,</strong></span> 
     </span>
    </p>
   </div>
   <div class='ocr_carea' id='block_1_99' title="bbox 2145 5146 3777 5235">
    <p class='ocr_par' dir='ltr' id='par_1_99' title="bbox 2145 5146 3777 5235">
     <span class='ocr_line' id='line_1_99' title="bbox 2145 5146 3777 5235; baseline -0.013 -18"><span class='ocrx_word' id='word_1_676' title='bbox 2145 5161 2582 5235; x_wconf 85' lang='grc' dir='ltr'><strong>προϐάλλονται,</strong></span> <span class='ocrx_word' id='word_1_677' title='bbox 2644 5157 2740 5220; x_wconf 79' lang='grc' dir='ltr'><strong>τὰς</strong></span> <span class='ocrx_word' id='word_1_678' title='bbox 2785 5155 2936 5225; x_wconf 84' lang='grc' dir='ltr'><strong>τρεῖς</strong></span> <span class='ocrx_word' id='word_1_679' title='bbox 2985 5151 3042 5205; x_wconf 77' lang='grc' dir='ltr'><strong>δὲ</strong></span> <span class='ocrx_word' id='word_1_680' title='bbox 3096 5148 3301 5211; x_wconf 86' lang='grc' dir='ltr'><strong>ταύτας</strong></span> <span class='ocrx_word' id='word_1_681' title='bbox 3356 5146 3607 5217; x_wconf 79' lang='grc' dir='ltr'><strong>κλήσεις</strong></span> <span class='ocrx_word' id='word_1_682' title='bbox 3688 5146 3777 5215; x_wconf 72' lang='grc' dir='ltr'><strong>τῷ</strong></span> 
     </span>
    </p>
   </div>
   <div class='ocr_carea' id='block_1_100' title="bbox 450 5239 2038 5328">
    <p class='ocr_par' dir='ltr' id='par_1_100' title="bbox 450 5246 2038 5319">
     <span class='ocr_line' id='line_1_100' title="bbox 450 5246 2038 5319; baseline -0.003 -15"><span class='ocrx_word' id='word_1_683' title='bbox 450 5248 685 5319; x_wconf 72' lang='lat' dir='ltr'><strong>eumque</strong></span> <span class='ocrx_word' id='word_1_684' title='bbox 722 5248 961 5301; x_wconf 88' lang='lat' dir='ltr'><strong>humana</strong></span> <span class='ocrx_word' id='word_1_685' title='bbox 1014 5246 1188 5300; x_wconf 85' lang='lat' dir='ltr'><strong>l&#39;orma</strong></span> <span class='ocrx_word' id='word_1_686' title='bbox 1224 5246 1506 5315; x_wconf 65' lang='lat' dir='ltr'><strong>praeditum</strong></span> <span class='ocrx_word' id='word_1_687' title='bbox 1538 5254 1749 5316; x_wconf 88' lang='lat' dir='ltr'><strong>putent,</strong></span> <span class='ocrx_word' id='word_1_688' title='bbox 1774 5256 1827 5300; x_wconf 63' lang='lat' dir='ltr'><strong>es</strong></span> <span class='ocrx_word' id='word_1_689' title='bbox 1858 5262 1922 5300; x_wconf 79' lang='lat' dir='ltr'><strong>ex</strong></span> <span class='ocrx_word' id='word_1_690' title='bbox 1956 5247 2038 5300; x_wconf 77' lang='lat' dir='ltr'><strong>hi-</strong></span> 
     </span>
    </p>
   </div>
   <div class='ocr_carea' id='block_1_101' title="bbox 2145 5239 3777 5328">
    <p class='ocr_par' dir='ltr' id='par_1_101' title="bbox 2145 5239 3777 5328">
     <span class='ocr_line' id='line_1_101' title="bbox 2145 5239 3777 5328; baseline -0.013 -17"><span class='ocrx_word' id='word_1_691' title='bbox 2145 5256 2316 5328; x_wconf 83' lang='grc' dir='ltr'><strong>Πατρί</strong></span> <span class='ocrx_word' id='word_1_692' title='bbox 2354 5253 2750 5323; x_wconf 83' lang='grc' dir='ltr'><strong>προσάπτουσι,</strong></span> <span class='ocrx_word' id='word_1_693' title='bbox 2808 5252 2903 5301; x_wconf 77' lang='grc' dir='ltr'><strong>καὶ</strong></span> <span class='ocrx_word' id='word_1_694' title='bbox 2933 5242 3509 5317; x_wconf 74' lang='grc' dir='ltr'><strong>ἀνθρωποπρόσωπον</strong></span> <span class='ocrx_word' id='word_1_695' title='bbox 3549 5239 3777 5293; x_wconf 59' lang='grc' dir='ltr'><strong>τοῦτον</strong></span> 
     </span>
    </p>
   </div>
   <div class='ocr_carea' id='block_1_102' title="bbox 451 5330 2038 5416">
    <p class='ocr_par' dir='ltr' id='par_1_102' title="bbox 451 5339 2037 5410">
     <span class='ocr_line' id='line_1_102' title="bbox 451 5339 2037 5410; baseline -0.002 -14"><span class='ocrx_word' id='word_1_696' title='bbox 451 5358 536 5397; x_wconf 82' lang='lat' dir='ltr'><strong>IIIS</strong></span> <span class='ocrx_word' id='word_1_697' title='bbox 574 5342 786 5397; x_wconf 88' lang='lat' dir='ltr'><strong>cerebri</strong></span> <span class='ocrx_word' id='word_1_698' title='bbox 832 5339 1141 5410; x_wconf 78' lang='lat' dir='ltr'><strong>panniculis</strong></span> <span class='ocrx_word' id='word_1_699' title='bbox 1171 5339 1328 5395; x_wconf 88' lang='lat' dir='ltr'><strong>binos</strong></span> <span class='ocrx_word' id='word_1_700' title='bbox 1389 5340 1568 5393; x_wconf 79' lang='lat' dir='ltr'><strong>radios</strong></span> <span class='ocrx_word' id='word_1_701' title='bbox 1619 5340 1892 5401; x_wconf 89' lang='lat' dir='ltr'><strong>emittere,</strong></span> <span class='ocrx_word' id='word_1_702' title='bbox 1955 5341 2037 5393; x_wconf 82' lang='lat' dir='ltr'><strong>al-</strong></span> 
     </span>
    </p>
   </div>
   <div class='ocr_carea' id='block_1_103' title="bbox 2145 5330 3777 5416">
    <p class='ocr_par' dir='ltr' id='par_1_103' title="bbox 2145 5330 3777 5416">
     <span class='ocr_line' id='line_1_103' title="bbox 2145 5330 3777 5416; baseline -0.014 -14"><span class='ocrx_word' id='word_1_703' title='bbox 2145 5345 2587 5416; x_wconf 82' lang='grc' dir='ltr'><strong>ὑπολαμϐάνουσι</strong></span> <span class='ocrx_word' id='word_1_704' title='bbox 2661 5339 2788 5409; x_wconf 85' lang='grc' dir='ltr'><strong>παρ’</strong></span> <span class='ocrx_word' id='word_1_705' title='bbox 2862 5338 3136 5405; x_wconf 78' lang='grc' dir='ltr'><strong>ἑκατέραν</strong></span> <span class='ocrx_word' id='word_1_706' title='bbox 3208 5334 3458 5404; x_wconf 82' lang='grc' dir='ltr'><strong>μήνιγγα</strong></span> <span class='ocrx_word' id='word_1_707' title='bbox 3544 5330 3777 5383; x_wconf 64' lang='grc' dir='ltr'><strong>ἀκτῖνα</strong></span> 
     </span>
    </p>
   </div>
   <div class='ocr_carea' id='block_1_104' title="bbox 450 5424 2038 5510">
    <p class='ocr_par' dir='ltr' id='par_1_104' title="bbox 450 5432 2034 5504">
     <span class='ocr_line' id='line_1_104' title="bbox 450 5432 2034 5504; baseline -0.001 -16"><span class='ocrx_word' id='word_1_708' title='bbox 450 5448 626 5491; x_wconf 82' lang='lat' dir='ltr'><strong>terum</strong></span> <span class='ocrx_word' id='word_1_709' title='bbox 654 5433 797 5501; x_wconf 89' lang='lat' dir='ltr'><strong>Filii,</strong></span> <span class='ocrx_word' id='word_1_710' title='bbox 826 5436 1060 5489; x_wconf 88' lang='lat' dir='ltr'><strong>alterum</strong></span> <span class='ocrx_word' id='word_1_711' title='bbox 1093 5432 1328 5504; x_wconf 87' lang='lat' dir='ltr'><strong>Spiritus</strong></span> <span class='ocrx_word' id='word_1_712' title='bbox 1354 5432 1553 5487; x_wconf 88' lang='lat' dir='ltr'><strong>sancti.</strong></span> <span class='ocrx_word' id='word_1_713' title='bbox 1597 5432 1771 5501; x_wconf 87' lang='lat' dir='ltr'><strong>Atque</strong></span> <span class='ocrx_word' id='word_1_714' title='bbox 1800 5434 1874 5488; x_wconf 88' lang='lat' dir='ltr'><strong>ita</strong></span> <span class='ocrx_word' id='word_1_715' title='bbox 1903 5432 2034 5489; x_wconf 89' lang='lat' dir='ltr'><strong>ﬁdes</strong></span> 
     </span>
    </p>
   </div>
   <div class='ocr_carea' id='block_1_105' title="bbox 2145 5424 3778 5510">
    <p class='ocr_par' dir='ltr' id='par_1_105' title="bbox 2145 5424 3778 5510">
     <span class='ocr_line' id='line_1_105' title="bbox 2145 5424 3778 5510; baseline -0.012 -15"><span class='ocrx_word' id='word_1_716' title='bbox 2145 5441 2494 5510; x_wconf 70' lang='grc' dir='ltr'><strong>ἐκλάμποντα</strong></span> <span class='ocrx_word' id='word_1_717' title='bbox 2513 5477 2527 5501; x_wconf 90' lang='grc'><strong>,</strong></span> <span class='ocrx_word' id='word_1_718' title='bbox 2569 5436 2667 5506; x_wconf 82' lang='grc' dir='ltr'><strong>τὴν</strong></span> <span class='ocrx_word' id='word_1_719' title='bbox 2701 5438 2801 5504; x_wconf 80' lang='grc' dir='ltr'><strong>μὲν</strong></span> <span class='ocrx_word' id='word_1_720' title='bbox 2832 5429 2963 5485; x_wconf 82' lang='grc' dir='ltr'>Υίοῦ</span> <span class='ocrx_word' id='word_1_721' title='bbox 2986 5470 3001 5495; x_wconf 93' lang='grc'><strong>,</strong></span> <span class='ocrx_word' id='word_1_722' title='bbox 3032 5428 3129 5500; x_wconf 80' lang='grc' dir='ltr'><strong>τὴν</strong></span> <span class='ocrx_word' id='word_1_723' title='bbox 3155 5426 3214 5480; x_wconf 77' lang='grc' dir='ltr'><strong>δὲ</strong></span> <span class='ocrx_word' id='word_1_724' title='bbox 3235 5424 3580 5494; x_wconf 82' lang='grc' dir='ltr'><strong>Πνεύματος</strong></span> <span class='ocrx_word' id='word_1_725' title='bbox 3603 5464 3623 5482; x_wconf 79' lang='grc'><strong>,</strong></span> <span class='ocrx_word' id='word_1_726' title='bbox 3664 5424 3778 5475; x_wconf 62' lang='grc' dir='ltr'><strong>καὶ</strong></span> 
     </span>
    </p>
   </div>
   <div class='ocr_carea' id='block_1_106' title="bbox 449 5514 2038 5599">
    <p class='ocr_par' dir='ltr' id='par_1_106' title="bbox 449 5525 2029 5595">
     <span class='ocr_line' id='line_1_106' title="bbox 449 5525 2029 5595; baseline -0.001 -13"><span class='ocrx_word' id='word_1_727' title='bbox 449 5526 569 5582; x_wconf 85' lang='lat' dir='ltr'><strong>istis</strong></span> <span class='ocrx_word' id='word_1_728' title='bbox 606 5526 659 5581; x_wconf 93' lang='lat' dir='ltr'><strong>in</strong></span> <span class='ocrx_word' id='word_1_729' title='bbox 694 5525 862 5579; x_wconf 89' lang='lat' dir='ltr'><strong>Deum</strong></span> <span class='ocrx_word' id='word_1_730' title='bbox 910 5539 1230 5595; x_wconf 90' lang='lat' dir='ltr'><strong>corporeum</strong></span> <span class='ocrx_word' id='word_1_731' title='bbox 1260 5534 1732 5590; x_wconf 89' lang='lat' dir='ltr'><strong>monstrosumque</strong></span> <span class='ocrx_word' id='word_1_732' title='bbox 1782 5527 2029 5593; x_wconf 88' lang='lat' dir='ltr'><strong>vertitur,</strong></span> 
     </span>
    </p>
   </div>
   <div class='ocr_carea' id='block_1_107' title="bbox 2145 5514 3775 5599">
    <p class='ocr_par' dir='ltr' id='par_1_107' title="bbox 2145 5514 3775 5599">
     <span class='ocr_line' id='line_1_107' title="bbox 2145 5514 3775 5599; baseline -0.012 -12"><span class='ocrx_word' id='word_1_733' title='bbox 2145 5532 2285 5586; x_wconf 72' lang='grc' dir='ltr'><strong>οὕτω</strong></span> <span class='ocrx_word' id='word_1_734' title='bbox 2324 5529 2697 5599; x_wconf 79' lang='grc' dir='ltr'><strong>καταστρέφει</strong></span> <span class='ocrx_word' id='word_1_735' title='bbox 2734 5523 2941 5586; x_wconf 81' lang='grc' dir='ltr'><strong>τούτοις</strong></span> <span class='ocrx_word' id='word_1_736' title='bbox 2968 5522 3002 5590; x_wconf 83' lang='grc' dir='ltr'>ὴ</span> <span class='ocrx_word' id='word_1_737' title='bbox 3036 5521 3219 5580; x_wconf 85' lang='grc' dir='ltr'><strong>πίστις</strong></span> <span class='ocrx_word' id='word_1_738' title='bbox 3265 5518 3344 5579; x_wconf 86' lang='grc' dir='ltr'><strong>είς</strong></span> <span class='ocrx_word' id='word_1_739' title='bbox 3378 5514 3775 5586; x_wconf 65' lang='grc' dir='ltr'><strong>σωματοειδξ</strong></span> 
     </span>
    </p>
   </div>
   <div class='ocr_carea' id='block_1_108' title="bbox 447 5605 2038 5690">
    <p class='ocr_par' dir='ltr' id='par_1_108' title="bbox 447 5614 2030 5689">
     <span class='ocr_line' id='line_1_108' title="bbox 447 5614 2030 5689; baseline 0.001 -17"><span class='ocrx_word' id='word_1_740' title='bbox 447 5618 603 5689; x_wconf 78' lang='lat' dir='ltr'><strong>cujus</strong></span> <span class='ocrx_word' id='word_1_741' title='bbox 627 5617 771 5672; x_wconf 89' lang='lat' dir='ltr'><strong>nulla</strong></span> <span class='ocrx_word' id='word_1_742' title='bbox 803 5616 960 5687; x_wconf 89' lang='lat' dir='ltr'><strong>plane</strong></span> <span class='ocrx_word' id='word_1_743' title='bbox 989 5616 1420 5672; x_wconf 80' lang='lat' dir='ltr'><strong>sitexsistentia.</strong></span> <span class='ocrx_word' id='word_1_744' title='bbox 1462 5614 1536 5669; x_wconf 77' lang='lat' dir='ltr'><strong>Ut</strong></span> <span class='ocrx_word' id='word_1_745' title='bbox 1578 5629 1707 5685; x_wconf 77' lang='lat' dir='ltr'><strong>ergo</strong></span> <span class='ocrx_word' id='word_1_746' title='bbox 1732 5616 1879 5671; x_wconf 84' lang='lat' dir='ltr'><strong>Patri</strong></span> <span class='ocrx_word' id='word_1_747' title='bbox 1918 5625 2030 5674; x_wconf 89' lang='lat' dir='ltr'><strong>tres</strong></span> 
     </span>
    </p>
   </div>
   <div class='ocr_carea' id='block_1_109' title="bbox 2145 5605 3775 5690">
    <p class='ocr_par' dir='ltr' id='par_1_109' title="bbox 2145 5605 3775 5690">
     <span class='ocr_line' id='line_1_109' title="bbox 2145 5605 3775 5690; baseline -0.013 -11"><span class='ocrx_word' id='word_1_748' title='bbox 2145 5641 2263 5679; x_wconf 88' lang='grc' dir='ltr'><strong>τινα</strong></span> <span class='ocrx_word' id='word_1_749' title='bbox 2286 5625 2379 5677; x_wconf 71' lang='grc' dir='ltr'><strong>καὶ</strong></span> <span class='ocrx_word' id='word_1_750' title='bbox 2402 5619 2815 5690; x_wconf 79' lang='grc' dir='ltr'><strong>τερατόμορφον</strong></span> <span class='ocrx_word' id='word_1_751' title='bbox 2839 5613 2991 5674; x_wconf 76' lang='grc' dir='ltr'><strong>Θεὸν,</strong></span> <span class='ocrx_word' id='word_1_752' title='bbox 3020 5612 3117 5666; x_wconf 72' lang='grc' dir='ltr'><strong>καὶ</strong></span> <span class='ocrx_word' id='word_1_753' title='bbox 3136 5610 3308 5671; x_wconf 77' lang='grc' dir='ltr'><strong>ὅντως</strong></span> <span class='ocrx_word' id='word_1_754' title='bbox 3340 5605 3775 5674; x_wconf 65' lang='grc' dir='ltr'><strong>ἀνύπαρκτον.</strong></span> 
     </span>
    </p>
   </div>
   <div class='ocr_carea' id='block_1_110' title="bbox 449 5697 2038 5786">
    <p class='ocr_par' dir='ltr' id='par_1_110' title="bbox 449 5707 2029 5783">
     <span class='ocr_line' id='line_1_110' title="bbox 449 5707 2029 5783; baseline 0.003 -18"><span class='ocrx_word' id='word_1_755' title='bbox 449 5713 577 5779; x_wconf 81' lang='lat' dir='ltr'><strong>istas</strong></span> <span class='ocrx_word' id='word_1_756' title='bbox 606 5711 913 5767; x_wconf 88' lang='lat' dir='ltr'><strong>tribuerent</strong></span> <span class='ocrx_word' id='word_1_757' title='bbox 943 5709 1361 5783; x_wconf 85' lang='lat' dir='ltr'><strong>appellationes,</strong></span> <span class='ocrx_word' id='word_1_758' title='bbox 1395 5724 1461 5766; x_wconf 79' lang='lat' dir='ltr'><strong>ex</strong></span> <span class='ocrx_word' id='word_1_759' title='bbox 1498 5707 1808 5767; x_wconf 87' lang='lat' dir='ltr'><strong>Sabelliana</strong></span> <span class='ocrx_word' id='word_1_760' title='bbox 1841 5713 2029 5769; x_wconf 79' lang='lat' dir='ltr'><strong>haeresi</strong></span> 
     </span>
    </p>
   </div>
   <div class='ocr_carea' id='block_1_111' title="bbox 2145 5697 3776 5786">
    <p class='ocr_par' dir='ltr' id='par_1_111' title="bbox 2145 5697 3776 5786">
     <span class='ocr_line' id='line_1_111' title="bbox 2145 5697 3776 5786; baseline -0.014 -16"><span class='ocrx_word' id='word_1_761' title='bbox 2145 5718 2215 5770; x_wconf 83' lang='grc' dir='ltr'><strong>Τὸ</strong></span> <span class='ocrx_word' id='word_1_762' title='bbox 2261 5713 2362 5786; x_wconf 77' lang='grc' dir='ltr'><strong>μὲν</strong></span> <span class='ocrx_word' id='word_1_763' title='bbox 2405 5710 2498 5765; x_wconf 76' lang='grc' dir='ltr'><strong>οὖν</strong></span> <span class='ocrx_word' id='word_1_764' title='bbox 2554 5707 2898 5780; x_wconf 85' lang='grc' dir='ltr'><strong>προσάπτειν</strong></span> <span class='ocrx_word' id='word_1_765' title='bbox 2945 5702 3021 5774; x_wconf 85' lang='grc' dir='ltr'>τῷ</span> <span class='ocrx_word' id='word_1_766' title='bbox 3071 5700 3250 5772; x_wconf 78' lang='grc' dir='ltr'><strong>Πατρὶ</strong></span> <span class='ocrx_word' id='word_1_767' title='bbox 3294 5699 3392 5763; x_wconf 75' lang='grc' dir='ltr'><strong>τὰς</strong></span> <span class='ocrx_word' id='word_1_768' title='bbox 3422 5697 3776 5769; x_wconf 69' lang='grc' dir='ltr'><strong>εἰρημένας</strong></span> 
     </span>
    </p>
   </div>
   <div class='ocr_carea' id='block_1_112' title="bbox 500 5878 938 5983">
    <p class='ocr_par' dir='ltr' id='par_1_112' title="bbox 500 5878 938 5983">
     <span class='ocr_line' id='line_1_112' title="bbox 500 5878 938 5983; baseline -0.009 -9"><span class='ocrx_word' id='word_1_769' title='bbox 500 5878 537 5952; x_wconf 35' lang='grc'><strong>’⁸</strong></span> <span class='ocrx_word' id='word_1_770' title='bbox 563 5917 723 5974; x_wconf 80' lang='lat' dir='ltr'><strong>Prov.</strong></span> <span class='ocrx_word' id='word_1_771' title='bbox 748 5932 859 5983; x_wconf 74' lang='lat' dir='ltr'><strong>xix,</strong></span> <span class='ocrx_word' id='word_1_772' title='bbox 888 5916 938 5970; x_wconf 81' lang='lat' dir='ltr'><strong>l.</strong></span> 
     </span>
    </p>
   </div>
  </div>
