3960 6600
329 387 476 453 1293

1255 376 1632 440 PANOPLIA
1674 368 2139 433 DOGMATECA.
2167 391 2238 401 —
2275 367 2425 427 Tl'l‘.
2462 363 2716 426 XXVII.

3463 362 3599 428 129i

321 507 482 574 τρεῖς
513 503 737 572 κλήσεις
773 503 838 556 ὲκ
877 503 975 572 τῆς
1000 496 1336 566 Σαϐελιανῆς
1376 495 1643 567 αἱρέσεως
1690 488 1906 549 ἔλαϐον,

2031 484 2337 538 lidicerunt.
2378 480 2563 549 Itaque
2591 477 2896 533 confutatio
2927 491 2994 532 ex
3028 477 3208 545 titulo,
3253 475 3345 545 qui
3387 476 3440 532 in
3489 478 3602 532 Sa-

323 597 429 669 τὴν
466 595 522 648 δὲ
568 596 664 648 τοῦ
693 596 940 648 τοιούτου
981 593 1250 662 δόγματος
1299 584 1615 658 ἀνατροπὴν
1646 581 1914 658 ’ζητητέον

321 690 387 740 ὲν
421 686 501 757 τῷ
526 686 690 754 τίτλῳ
724 685 802 756 τῷ
829 687 972 739 κατὰ
1003 681 1370 737 Σαϐελιανῶν.
1401 679 1481 750 Τῇ
1523 678 1709 748 μέντοι
1749 688 1912 744 τερα-

322 777 607 849 τομορφια
639 776 734 828 τοῦ
767 777 887 829 κατ’
912 775 1112 839 αὐτοὺς
1147 774 1282 828 Θεοῦ
1313 773 1374 826 τὸ
1409 769 1781 841 σωματοειδὲς
1820 767 1914 820 καὶ

321 870 390 922 τὸ
423 868 522 937 τῆς
561 867 777 938 μορφῆς
811 867 1100 920 ἀλλόκοτον
1136 866 1360 934 ἀρκέσει
1389 865 1527 932 πρὸς
1565 862 1807 929 ἔλεγχον.

403 959 477 1028 γ’.
498 961 736 1027 Λέγουσι
759 959 850 1012 τὸν
874 960 1000 1011 Υἱὺν
1029 957 1196 1011 καὶτὸ
1219 955 1442 1026 Πνεῦμα
1466 955 1528 1008 τὸ
1550 955 1703 1022 ἅγιον
1718 955 1795 1013 εἰς
1821 952 1914 1006 τὸν

324 1052 557 1122 Πατέρα
593 1053 778 1116 πάλιν,
825 1051 918 1120 ἀφ’
949 1044 1014 1104 οὗ
1061 1051 1372 1120 προῆλθον,
1404 1049 1772 1120 ἁναλυθῆναι,
1817 1047 1914 1100 καὶ

325 1143 718 1214 τριπρόσωπον
744 1143 906 1197 αὐτὸν
930 1143 1040 1197 ἀπὸ
1065 1140 1159 1196 τοῦ
1187 1141 1729 1212 πεντακισχιλιοστοῦ
1758 1139 1913 1202 ἔτους

326 1235 459 1306 ἄχρι
491 1235 586 1289 καὶ
623 1235 921 1305 τριάκοντα
965 1235 1062 1290 καὶ
1105 1234 1276 1307 τριῶν
1323 1235 1460 1287 ὲτῶν
1493 1233 1914 1304 χρηματίσαντα

326 1329 497 1382 πάλιν
531 1329 788 1397 γενέσθαι
820 1330 1250 1402 μονοπρόσωπον
1271 1369 1286 1394 ,
1319 1327 1617 1399 ἀσώματον
1655 1326 1789 1397 μὲν,
1822 1326 1916 1378 ἀν-

327 1419 733 1491 θρωπόμορφον
773 1422 852 1474 δέ.
892 1420 996 1473 Φεῢ
1039 1423 1139 1490 τῆς
1170 1419 1372 1489 πολλῆς
1413 1417 1811 1489 ἀναισθησίαςῐ
1849 1416 1914 1468 Ὢ

324 1513 426 1565 τοῦ
459 1513 694 1577 πλατέος
721 1505 991 1582 γέλωτοςῑ
1033 1513 1094 1566 Εἰ
1128 1511 1238 1583 γὰρ
1273 1510 1566 1582 ἀσώματος
1588 1551 1604 1579 ,
1653 1510 1772 1573 πῶς
1819 1511 1915 1564 ἀν·

327 1605 738 1677 θρωπόμορφος
763 1624 777 1674 ;

405 1782 471 1834 δ’.
497 1780 733 1849 Λέγουσι
767 1783 906 1854 μήτε
930 1783 1060 1838 Υἱδν
1091 1777 1254 1849 εἶναι,
1301 1784 1442 1854 μήτε
1487 1781 1716 1852 Πνεῦμα
1757 1781 1914 1851 ἅγιον

2019 575 2281 629 bellianos
2323 573 2616 642 inscriptus
2660 579 2766 637 εει,
2811 568 3041 640 petenda
3069 569 3192 625 erit.
3229 567 3386 634 Quod
3421 578 3602 624 autem

2020 676 2320 722 monstrosa
2355 666 2520 720 Deum
2554 679 2710 718 suum
2752 662 2926 717 forma
2984 662 3490 726 comminiscentur,
3537 677 3604 717 ex

2017 771 2278 827 corporea
2339 756 2683 823 absurdeque
2735 755 2936 824 specie,
2984 768 3150 824 quam
3202 754 3279 808 illi
3337 753 3606 819 tribuunt,

2015 848 2176 908 facile
2206 856 2385 918 potest
2407 847 2649 917 intelligi.

2083 941 2136 995 5.
2171 941 2364 996 Dicunt
2409 937 2604 993 Filium
2637 949 2691 994 et
2719 938 2978 1009 Spiritum
3009 947 3259 996 sanctum
3299 939 3352 994 in
3389 939 3607 994 Patrem

2013 1048 2256 1099 rursum,
2296 1046 2364 1086 ex
2398 1045 2503 1100 quo
2537 1043 2920 1101 provenerunt,
2947 1030 3470 1102 resolvi,ipsumque
3511 1030 3607 1100 qui

2014 1140 2157 1180 anno
2216 1123 2420 1178 abhinc
2479 1121 2767 1192 quinquies
2816 1122 3104 1178 millesimo
3171 1121 3608 1192 quingentesimo

2016 1217 2292 1272 tricesimo
2320 1215 2478 1269 tertio
2527 1215 2691 1268 trium
2744 1211 2911 1268 fuerit
2958 1228 3335 1284 personarum,
3390 1227 3606 1266 rursum

2019 1309 2180 1364 unius
2216 1308 2415 1362 factum
2445 1319 2569 1360 esse
2618 1320 2884 1375 personae,
2939 1305 3316 1372 incorporeum
3365 1305 3607 1372 quidem,

2014 1401 2108 1456 sed
2142 1401 2378 1454 humana
2417 1406 2595 1452 tamen
2624 1396 2798 1452 forma
2849 1395 3154 1464 praeditum.
3210 1395 3467 1450 Facessat
3511 1395 3612 1446 ab-

2013 1477 2175 1548 surda
2203 1500 2260 1546 et
2288 1491 2357 1544 ab
2383 1491 2530 1544 omni
2556 1504 2781 1558 prorsus
2805 1503 2968 1542 sensu
2990 1489 3165 1542 aliena
3188 1488 3348 1541 ratio.
3380 1487 3437 1540 Si
3460 1484 3612 1540 enim

2014 1587 2368 1654 incorporeus
2407 1590 2510 1647 est,
2561 1571 2834 1651 quomodo
2875 1579 3169 1664 forma_sit.
3186 1580 3419 1634 humana
3466 1592 3610 1648 pra:-

2056 1681 2160 1734 itus
2182 1679 2206 1734 ?

2056 1682 2129 1734 itu
2182 1682 2206 1734 ?

2015 1682 2047 1736 ὁ
2086 1696 2160 1851 ἰ
2178 1771 2390 1850 Negant
2416 1736 2609 1828 Filium
2649 1780 2702 1825 et
2734 1770 2996 1840 Spiritum
3050 1777 3301 1823 sanctum
3335 1778 3510 1835 usque
3539 1764 3609 1818 ad

326 1873 462 1943 ἄχρι
495 1873 589 1926 τοῦ
637 1877 1180 1946 πεντακισχιλιοστοῦ
1225 1875 1682 1931 πεντακοσιοστοῦ
1737 1876 1908 1942 ἔτους,

2031 1865 2306 1935 minquies
2376 1866 2724 1921 millesimum
2748 1873 2803 1918 et
2853 1860 3347 1931 quingentesimum
3399 1871 3607 1912 annum

325 1964 519 2017 ἔκτοτε
548 1965 604 2017 δὲ
631 1965 818 2019 λαϐεῖν
843 1969 1038 2030 αὐτοὺς
1069 1970 1246 2040 ἀρχὴν
1273 1968 1368 2022 τοῦ
1394 1965 1558 2034 εἶναι,
1587 1972 1680 2020 καὶ
1707 1969 1910 2038 ὀνομάο

325 2055 544 2124 ζεσθαι,
601 2057 777 2110 καίτοι
825 2059 920 2112 τοῦ
981 2061 1374 2130 εὐαγγελιστοῦ
1450 2062 1700 2116 Ἰωάννου
1753 2062 1913 2133 βρον-

325 2149 530 2213 τῶντος
562 2152 618 2202 ἐν
655 2151 732 2220 τῷ
764 2153 982 2221 λέγειν,
1025 2154 1128 2208 Ἔν
1154 2155 1312 2224 ἀρχῇ
1343 2153 1422 2223 ἦν
1457 2158 1490 2209 ό
1530 2157 1758 2225 Λόγος,
1813 2157 1913 2210 καὶ

326 2243 359 2292 ό
378 2243 572 2310 Λόγος
605 2239 683 2314 ἦν
713 2246 863 2312 πρὸς
893 2247 1001 2300 τὸν
1029 2247 1198 2311 Θεὸν,
1228 2248 1325 2301 καὶ
1362 2251 1507 2314 Θεὸς
1536 2247 1615 2320 ἦν
1637 2253 1668 2303 ό
1699 2250 1916 2318 Λόγοςε

327 2335 404 2388 Τὸ
435 2336 492 2388 δὲ
538 2339 638 2390 Ἐν
667 2337 822 2406 ἀρχῇ
854 2335 934 2408 ἦν
965 2341 996 2392 ό
1030 2342 1257 2409 Λόγος,
1300 2341 1414 2394 ἴσον
1442 2344 1560 2394 ἐστὶ
1596 2342 1675 2412 τῷ
1719 2345 1831 2396 ’Λεὶ
1849 2339 1916 2415 ἦν

328 2432 356 2481 ὁ
383 2429 579 2496 Λόγος.
613 2432 675 2484 Εἰ
709 2433 764 2485 δὲ
797 2435 822 2485 ὁ
845 2433 1018 2501 Λόγος
1050 2434 1138 2485 ἀεὶ
1169 2431 1235 2504 ἦν
1273 2436 1331 2487 ἐν
1362 2434 1439 2505 τῷ
1473 2436 1686 2504 Πατρὶ,
1724 2437 1820 2488 καὶ
1858 2435 1918 2488 τὸ

333 2522 562 2592 Πνεῦμα
613 2524 675 2575 τὸ
731 2527 886 2593 ἇγιον
918 2527 1004 2578 ἀεὶ
1031 2529 1196 2596 συνῆν
1232 2528 1340 2598 ἄρα
1370 2528 1447 2598 τῷ
1479 2527 1612 2597 mp.
1653 2530 1762 2582 Καὶ
1809 2531 1918 2599 γὰρ

329 2614 445 2667 οὐδ’
477 2615 504 2666 ὁ
557 2614 686 2686 παρ’
733 2617 892 2686 ἡμῶν
933 2619 1343 2689 προφερόμενος
1401 2621 1556 2689 λόγος
1603 2621 1920 2693 εὑρίσκεταί

335 2725 470 2759 ποτε
498 2709 665 2777 χωρὶς
703 2710 1041 2779 πνεύματος.
1075 2713 1139 2764 Οἱ
1182 2713 1238 2765 δὲ
1271 2713 1526 2780 λέγοντες
1568 2715 1660 2767 τὸν
1704 2715 1922 2784 Πατέρα

333 2803 506 2871 χωρὶς
535 2798 674 2854 εἶναι
704 2801 796 2854 τοῦ
827 2803 1002 2871 Λόγου
1045 2806 1210 2875 μέχρι
1249 2803 1345 2857 τοῦ
1383 2805 1921 2874 πεντακισχιλιοστοῦ

335 2893 800 2948 πεντακοσιοστοῦ
849 2894 1025 2961 ἔτους,
1062 2896 1255 2964 ἄλογον
1287 2898 1451 2950 αὐτὸν
1489 2898 1618 2968 ἄχρι
1645 2899 1765 2951 τότε
1787 2939 1800 2963 ,
1825 2899 1924 2952 καὶ

335 2985 544 3054 ἄσοφον
567 3029 581 3052 ,
616 2987 712 3040 καὶ
747 2987 1008 3043 ἀδύνατον
1040 2989 1498 3059 δογματίζουσιν,
1555 2989 1640 3044 ἵνα
1673 2991 1744 3043 τὰ
1791 2992 1925 3062 περὶ

337 3078 436 3132 τοῦ
466 3079 623 3149 ἁγίου
661 3081 979 3147 Πνεῦματος
1009 3081 1295 3150 ἐάσωμεν,
1337 3083 1559 3146 καὶτὰς
1595 3083 1762 3148 ἄλλας
1799 3085 1926 3138 ἀτο-

338 3172 503 3238 πίας,
530 3173 586 3227 αἶ
623 3177 686 3246 τῇ
718 3175 1031 3247 μωρολογία
1055 3175 1261 3230 τούτων
1291 3176 1751 3233 ἐπακολουθοῦσι.

421 3448 484 3502 ε’.
500 3448 767 3517 Λέγουσιν
789 3488 803 3511 ,
840 3450 920 3502 ὅτι
945 3451 973 3503 ὁ
992 3451 1089 3520 μὲν
1110 3450 1302 3520 Πατὴρ
1335 3452 1592 3520 ἐγέννησε
1621 3453 1682 3505 τὸ
1703 3453 1932 3523 Πνεῦμα

339 3542 405 3594 τὸ
445 3544 622 3610 ἆγιον,
661 3541 821 3595 τοῦτο
863 3542 918 3596 δὲ
945 3544 1205 3611 ὲγὲννησε
1240 3545 1636 3613 πνευματικῶς
1666 3545 1757 3598 τὸν
1793 3563 1930 3615 προ-

342 3636 506 3702 δότην
569 3634 812 3700 Ἰούδαν,
859 3635 954 3687 καὶ
1001 3634 1128 3698 τοὺς
1177 3635 1370 3687 ἕνδεκα
1415 3635 1770 3699 ἀποστόλους.
1823 3637 1933 3690 Καὶ

342 3725 682 3798 προφέρουσι
732 3727 893 3795 ῥῆσιν
938 3725 1233 3794 εὐαγγ.ελικ
1275 3744 1301 3778 ν
1326 3766 1340 3790 ,
1390 3724 1642 3802 Ἀϐραὰμ
1669 3767 1684 3791 ,
1724 3729 1928 3797 φησὶν,

340 3817 638 3888 ἐγέννησε
683 3835 790 3871 τον
837 3818 1064 3884 Ἰσαὰκ,
1130 3827 1335 3875 Ἰσαὰκ
1377 3818 1445 3872 δὲ
1493 3820 1787 3888 ἐγέννησε
1825 3822 1932 3874 τὸν

339 3911 566 3974 Ἰακὼϐ,
601 3912 813 3965 Ἰακὼϐ
831 3912 898 3965 δὲ
917 3914 1212 3982 ἐγέννησε
1240 3913 1345 3967 τὸν
1379 3913 1627 3978 Ἰούδαν,
1657 3915 1753 3967 καὶ
1786 3915 1930 3980 τοὺς

342 4005 652 4075 ἀδελφοὺς
702 4005 925 4069 αὑτοῦ,
978 4007 1106 4076 περὶ
1149 4007 1248 4074 τῆς
1278 4006 1441 4074 ἁγίας
1493 4005 1725 4078 Τριάδος
1755 4006 1934 4060 ταῦτα.

342 4099 658 4168 γεγράφθαι
692 4097 1105 4166 διατεινάμενοι.
1142 4097 1367 4165 Πρῶτον
1409 4097 1509 4166 μὲν
1537 4095 1631 4150 οὖν
1670 4099 1732 4150 οὑ
1773 4102 1933 4168 μόνον

345 4192 499 4256 Υἱὸν,
528 4189 662 4243 ἀλλὰ
695 4195 784 4242 καί
822 4189 1012 4242 υἱωνὸν
1055 4190 1444 4256 ἐπεισάγουσι,
1478 4191 1570 4242 καὶ
1597 4190 1696 4259 οὐχ
1737 4191 1933 4243 υἱωνὸν

349 4287 535 4357 μόνον,
569 4285 704 4338 ἀλλὰ
739 4285 832 4337 καὶ
860 4283 1072 4337 δώδεκα
1102 4283 1487 4353 τρισεγγόνους
1527 4284 1649 4336 ὅσον
1682 4283 1818 4353 πρὸς
1844 4284 1934 4335 τὸν

348 4379 591 4447 Πατέρα.
631 4377 863 4428 Ἔπειτα
924 4377 973 4428 εἰ
1024 4374 1122 4428 καὶ
1174 4376 1202 4427 ὁ
1250 4375 1380 4438 Υἱὸς
1439 4374 1665 4446 πατὴρ,
1723 4377 1820 4428 καὶ
1870 4374 1932 4428 τὸ

350 4469 574 4538 Πνεῦμα
610 4469 671 4521 τὸ
708 4468 865 4537 ἅγιον
895 4468 1046 4530 αὖθις
1080 4467 1281 4540 πατὴρ,
1321 4468 1430 4521 ἰδοῦ
1469 4471 1618 4533 τρεῖς
1670 4469 1930 4538 Πατέρες.

2014 1959 2307 2024 exstitisse,
2339 1967 2514 2028 eoque
2555 1957 2878 2027 principium
2908 1954 3245 2009 extrinsecus
3281 1950 3608 2018 suscepisse.

2016 2060 2075 2104 ut
2104 2061 2284 2104 essent
2337 2061 2392 2106 et
2421 2051 2855 2113 nominarentur,
2884 2062 3006 2103 cum
3057 2057 3235 2101 tamen
3283 2044 3612 2114 evangelista

2015 2139 2254 2198 Joannes
2312 2143 2458 2198 clara
2486 2158 2616 2198 voce
2665 2151 2816 2196 tonet
2853 2160 2866 2196 :
2902 2139 2970 2194 In
3015 2139 3295 2208 principio,
3334 2138 3609 2207 inquiens,

2017 2245 2130 2290 erat
2170 2234 2412 2301 Verbum,
2446 2248 2491 2290 et
2510 2234 2736 2290 Verbum
2781 2243 2895 2288 erat
2956 2234 3098 2300 apud
3151 2231 3340 2295 Deum,
3366 2238 3416 2283 et
3463 2228 3603 2282 Deus

2018 2339 2133 2382 erat
2163 2327 2408 2382 Verbum.
2427 2328 2560 2383 illud
2587 2338 2766 2382 autem
2795 2344 2808 2380 :
2841 2325 2905 2379 In
2931 2326 3188 2394 priugipio
3210 2331 3323 2378 erat
3355 2320 3599 2386 Verbum,

2022 2420 2162 2475 idem
2197 2431 2303 2486 est,
2323 2435 2386 2476 ac
2425 2420 2470 2476 si
2494 2421 2646 2476 dicas
2675 2435 2690 2476 ε
2721 2420 2947 2488 Semper
2991 2427 3110 2473 erat
3142 2417 3398 2472 Verbum.
3449 2415 3604 2482 Quod

2022 2515 2069 2568 si
2109 2513 2276 2569 Filius
2306 2529 2521 2580 semper
2557 2514 2659 2568 fuit
2693 2514 2744 2568 in
2781 2511 2963 2578 Patre,
3012 2520 3069 2566 et
3105 2511 3340 2580 Spiritus
3385 2518 3612 2565 sanctus

2023 2621 2238 2676 semper
2261 2607 2447 2677 utique
2477 2605 2578 2660 fuit
2605 2621 2727 2660 cum
2748 2604 3130 2674 Filio,quando
3149 2617 3221 2658 ne
3242 2603 3466 2657 verbum
3484 2602 3609 2671 qui-

2027 2700 2148 2755 dem
2189 2716 2218 2753 a
2245 2701 2397 2754 nobis
2422 2699 2694 2770 prolatum
2727 2698 3002 2752 invenitur
3037 2711 3274 2764 unquam
3307 2695 3424 2750 sine
3456 2694 3610 2762 spir1‘~

2030 2805 2106 2846 tu.
2143 2793 2241 2860 Qui
2273 2802 2451 2846 autem
2489 2793 2708 2846 Patrem
2732 2792 2850 2846 sine
2878 2790 3018 2846 Filio
3069 2803 3240 2859 usque
3288 2789 3356 2844 ad
3405 2802 3608 2841 annum

2027 2885 2312 2955 quinquies
2400 2883 2746 2938 millesimum
2830 2881 3327 2952 quingentesimum
3421 2881 3614 2935 dicunt

2029 2979 2222 3045 fuisse,
2253 2994 2376 3032 eum
2410 2979 2478 3033 ad
2511 2976 2638 3031 illud
2693 2991 2864 3045 usque
2917 2985 3129 3044 tempus
3180 2973 3410 3028 rationis
3461 2987 3613 3033 usus,

2029 3073 2306 3142 sapientiae
2335 3071 2696 3140 potentiaeque
2727 3068 2895 3124 fuisse
2917 3075 3196 3138 expertem
3229 3075 3514 3130 asserunt,
3555 3075 3617 3120 ut

2029 3164 2248 3220 interim
2283 3165 2348 3218 de
2380 3163 2581 3232 Spiritu
2615 3173 2804 3218 sancto
2853 3173 3150 3225 taceamus,
3187 3159 3617 3227 omittamusqne

2035 3267 2230 3312 caetera
2289 3257 2653 3321 incommoda,
2713 3271 2834 3326 qua:
2865 3253 3083 3310 stultam
3134 3255 3361 3309 istorum
3396 3253 3614 3324 opinio-

2035 3361 2159 3404 nem
2184 3356 2612 3417 consequuntur.

2105 3462 2159 3515 5.
2189 3461 2371 3529 Pater,
2407 3453 2677 3530 inquiunt,
2707 3459 2900 3516 Filium
2920 3461 3124 3531 genuit,
3159 3471 3212 3516 et
3238 3461 3408 3516 Filius
3433 3460 3621 3531 genuit

2037 3553 2302 3622 Spiritum
2333 3565 2606 3616 sanctum,
2631 3555 2718 3608 hic
2750 3564 2927 3608 autem
2957 3553 3154 3608 Judam
3203 3557 3388 3620 genuit
3433 3554 3620 3623 prodi-

2045 3652 2242 3704 torem,
2272 3653 2326 3696 et
2372 3645 2620 3698 undecim
2659 3645 2951 3714 apostolos.
2987 3643 3053 3699 Et
3101 3645 3410 3713 Opinionem
3461 3660 3617 3700 suam

2035 3733 2309 3802 Evangelii
2339 3735 2665 3789 conﬁrmant
2723 3736 3079 3791 testimonio:
3121 3735 3382 3790 Abraham
3437 3737 3618 3804 genuit

2038 3825 2218 3889 Isaac,
2250 3823 2408 3879 Isaac
2442 3829 2615 3880 autem
2633 3827 2810 3894 genuit
2831 3825 3023 3889 Jucob,
3044 3824 3210 3880 Iacob
3235 3835 3410 3879 autem
3438 3828 3620 3894 genuit

2033 3913 2257 3981 ludam,
2288 3926 2335 3968 et
2372 3914 2562 3983 fratres
2589 3914 2702 3982 ejus
2740 3915 2786 3970 ί,
2822 3913 2945 3968 Haec
2982 3915 3048 3970 de
3109 3927 3296 3970 sancta
3349 3914 3622 3970 Trinitate

2037 4008 2205 4062 fuisse
2239 4006 2442 4076 scripta
2479 4007 2832 4062 contendunt.
2868 4007 3108 4061 Primum
3144 4007 3311 4077 igitur
3362 4020 3471 4061 non
3526 4021 3618 4062 so-

2037 4101 2146 4156 lum
2180 4101 2367 4166 tilium,
2400 4101 2494 4156 sed
2546 4110 2794 4170 nepotem
2848 4099 3132 4166 inducunt,
3196 4113 3297 4154 nec
3364 4109 3615 4169 nepotem

2038 4194 2216 4254 modo.
2251 4195 2343 4248 sed
2375 4193 2654 4248 duodecim
2685 4195 2913 4262 genitos,
2963 4201 3225 4261 quantum
3275 4193 3341 4246 ad
3395 4190 3613 4247 Patrem

2037 4285 2290 4354 pertinet.
2353 4283 2620 4336 Praeterea
2652 4286 2692 4336 si
2732 4283 2902 4336 Filius
2948 4297 3164 4352 quoque
3243 4293 3396 4354 pter
3439 4294 3622 4349 eSt,ct

2038 4374 2273 4444 Spiritus
2295 4383 2515 4429 sanctus
2539 4389 2753 4428 rursum
2792 4384 2949 4443 pater
2976 4385 3080 4440 est,
3114 4389 3242 4428 ecce
3273 4383 3382 4429 tres
3407 4375 3618 4429 Patres.

2037 4467 2318 4534 Quomodo
2350 4466 2513 4535 igitur
2548 4481 2712 4518 unum
2738 4466 2957 4519 Patrem
2992 4465 3364 4518 conﬁtentur?
3394 4466 3474 4521 Ad
3506 4469 3622 4523 hac

350 4563 464 4616 Καὶ
513 4562 626 4623 πῶς
677 4560 773 4616 ¹ἕνα
828 4561 1051 4628 Πατέρα
1102 4559 1522 4628 δογματίζοντες
1563 4557 1922 4628 ὁμολογοῦσις

2033 4562 2078 4615 si
2115 4559 2346 4627 Spiritus
2383 4567 2603 4613 sanctus
2636 4566 2718 4610 est
2760 4557 2900 4610 illius
2952 4555 3096 4622 Filii,
3150 4571 3281 4612 ecce
3345 4558 3435 4615 hic
3491 4560 3618 4616 item

352 4657 466 4710 Καὶ
499 4656 661 4708 πάλιν
705 4657 751 4707 εἰ
793 4654 853 4706 τὸ
895 4653 1120 4723 Πνεῦμα
1153 4655 1212 4706 τὸ
1263 4654 1418 4724 ἆγιον
1464 4655 1580 4716 υἱὸς
1619 4652 1714 4706 τοῦ
1764 4653 1934 4719 Υἱοῦ,

355 4749 467 4802 ἰδοὺ
515 4747 794 4802 κάνταῦθα
822 4746 916 4800 δύο
960 4745 1101 4800 Υἱοί.
1135 4747 1245 4800 Καὶ
1291 4747 1410 4810 πῶς
1457 4747 1554 4799 ἕνα
1607 4745 1731 4799 Υἱὸν
1768 4748 1825 4800 ὲν
1867 4749 1936 4817 τῇ

302 4832 608 4910 Ὀεολογίᾳ
667 4843 765 4912 τῆς
828 4841 1060 4912 Τριάδος
1126 4839 1630 4910 συνομολογοῦσιν,
1701 4840 1790 4892 ἵνα
1845 4839 1938 4893 τὸν

367 4931 569 4984 Ἰούδαν
623 4934 716 4985 καὶ
764 4931 892 4995 τοὺς
941 4932 1206 5000 ἀδελφοὺς
1257 4930 1424 4984 αὑτοῦ
1469 4933 1611 4985 κατὰ
1648 4931 1708 4984 τὸ
1758 4931 1938 5002 παρὸν

356 5027 610 5094 ἐάσωμεν
630 5041 646 5090 ;

431 5116 508 5182 ς’.
541 5119 777 5186 Λέγουσι
807 5120 899 5172 τὸν
940 5120 1172 5191 δαίμονα
1202 5119 1293 5172 τον
1341 5118 1491 5190 παρὰ
1536 5117 1629 5171 τοῦ
1683 5119 1937 5188 Σωτῆρος

356 5208 726 5277 ὀνομασθέντα
756 5209 1001 5262 Σατανᾶν
1036 5209 1151 5263 υἱὸν
1188 5211 1282 5264 καὶ
1317 5210 1480 5262 αὑτὸν
1505 5203 1644 5262 εἶναι
1675 5206 1772 5261 τοῦ
1798 5209 1935 5260 Θεοῦ

358 5303 456 5353 καὶ
496 5301 741 5370 Πατρὶς,
776 5301 1180 5373 ὀνομαζόμενον
1211 5301 1531 5374 Σαταναὴλ,
1581 5301 1676 5355 καὶ
1718 5301 1936 5372 πρῶτον

359 5391 453 5444 τοῦ
490 5392 617 5446 Υἱοῦ
652 5397 746 5446 καὶ
781 5396 983 5460 Λόγον,
1027 5399 1118 5449 καὶ⁵
1156 5396 1538 5468 ἰσχυρότερον,
1585 5396 1683 5450 ἅτε
1717 5397 1934 5466 πρωτό-

359 5501 550 5550 τοκον,
592 5484 667 5548 ὡς
698 5481 834 5539 εἶναι
880 5487 1100 5551 τούτους
1143 5488 1409 5555 ἀδελφοὺς
1452 5488 1717 5558 αλλήλων.
1780 5486 1934 5542 Εἶναι

360 5576 418 5628 δὲ
459 5576 549 5631 τὸν
578 5578 863 5650 summa
901 5581 1223 5652 οἰκονόμον,
1267 5584 1363 5637 καὶ
1403 5582 1799 5654 δευτερεύοντα
1839 5581 1932 5634 τοῦ

362 5668 574 5739 Πατρὸς
595 5710 610 5736 ,
647 5672 744 5740 τὴν
777 5672 945 5725 αὐτὴν
978 5674 1126 5737 αὑτῶ
1160 5677 1546 5747 περικείμενον
1571 5680 1663 5729 καὶ
1691 5678 1931 5747 μορφήν,

436 5852 451 5881 ¹
482 5850 670 5910 Matth.
699 5872 734 5923 ι,
766 5852 824 5912 ‘2.

2038 4652 2146 4707 duo
2173 4651 2320 4706 Filii.
2349 4649 2632 4716 Quomodo
2685 4652 2846 4718 igitur
2877 4667 3046 4705 unum
3093 4651 3290 4705 Filium
3337 4653 3392 4706 in
3427 4665 3621 4708 saneta

2037 4744 2306 4800 Trinitate
2348 4743 2601 4806 tradunt,
2655 4753 2714 4797 ut
2771 4743 2903 4798 nihil
2935 4743 2988 4798 in
3045 4745 3334 4814 prtesentia
3385 4744 3454 4802 de
3478 4743 3620 4803 Juda

2039 4836 2281 4892 dicamus
2305 4846 2360 4888 et
2389 4834 2650 4892 fratribus
2679 4835 2839 4904 ejus?

2107 5125 2165 5180 6.
2188 5124 2376 5179 Dicunt
2399 5125 2722 5190 daemonem,
2750 5125 2843 5193 qui
2869 5141 2896 5177 a
2913 5123 3200 5179 Servatore
3216 5125 3517 5194 appellatus
3537 5109 3666 5183 est\

2037 5215 2291 5281 Satanas,
2339 5216 2504 5269 illium
2549 5231 2668 5271 esse
2691 5216 2865 5284 ipsum
2910 5231 3126 5284 quoque
3157 5216 3252 5269 Dei
3305 5216 3508 5284 Patris,
3563 5233 3621 5274 et

2036 5309 2215 5364 vocari
2275 5307 2552 5372 Satanael,
2577 5319 2628 5362 et
2652 5305 2788 5361 Filio
2819 5307 2997 5362 Verbo
3026 5316 3156 5360 natu
3193 5309 3450 5376 majorem
3500 5328 3622 5366 esse

2036 5401 2604 5470 praestantioremque,
2663 5405 2848 5465 utpme
2907 5399 3366 5470 primogenitum;
3422 5401 3620 5458 fratres

2035 5493 2200 5562 igitur
2235 5508 2378 5547 esse.
2419 5492 2525 5546 Sed
2551 5489 2808 5544 Satanael
2839 5490 3030 5544 domus
3058 5506 3180 5546 esse
3206 5505 3616 5562 procuratorem

2029 5595 2086 5640 et
2115 5585 2380 5640 secundas
2408 5594 2529 5654 post
2559 5581 2773 5638 Patrem
2809 5593 2990 5652 partes
3032 5585 3296 5651 obtinere,
3321 5588 3620 5658 eademque

2032 5681 2169 5734 Stola
2216 5686 2268 5732 et
2296 5677 2476 5732 habitu
2511 5676 2762 5731 indutum
2787 5688 2930 5742 esse,
2960 5684 3017 5731 et
3065 5676 3133 5732 ad
3166 5677 3285 5747 ejus
3337 5680 3616 5735 dexteram
