3930 6562
401 351 539 415 1295

1633 361 2014 421 EUTllYMII
2070 364 2431 425 ZIGABENI

3542 371 3681 436 1296

392 467 678 524 considere
709 470 761 525 in
792 471 952 537 solio,
987 481 1040 527 et
1069 474 1361 529 secundam
1395 474 1593 529 habere
1625 475 1945 547 dignitatem

2079 481 2170 534 xui
2195 481 2412 551 στολὴν,
2443 483 2535 535 καὶ
2556 483 2611 535 ὲν
2633 483 2786 555 δεξιᾷ
2805 485 2971 538 αὑτοῦ
2996 485 3312 556 καθήμενον
3335 489 3430 541 ἐπὶ
3451 489 3675 558 θρόνου,

385 576 487 629 qua
525 563 740 632 quidem
775 565 983 618 ebrium
1043 566 1312 636 stulteque
1345 566 1640 633 sublatum,
1694 567 1762 620 de
1827 567 1976 624 defe-

383 651 563 704 ctione
584 653 875 721 cogitasse,
904 663 1229 724 arreptaque
1259 656 1527 724 quondam
1553 656 1842 711 occasione
1875 657 1976 710 itii-

385 744 584 798 nistrat
617 755 856 798 tentasse
891 757 1214 815 potestates,
1271 757 1328 802 ut
1387 763 1620 802 excusso
1677 748 1971 802 ministerii

375 841 505 909 ⁸ξιιιςο
535 849 591 886 se
625 845 1004 901 sequerentur,
1060 843 1114 888 et
1150 851 1335 889 secum
1376 837 1426 889 in
1468 835 1683 889 Patrem
1736 849 1972 890 consur-

305 935 590 992 \gerent.
634 923 699 978 Et
751 925 815 979 ad
867 924 1175 980 istiusmodi
1204 942 1375 997 nugas
1446 927 1844 981 conﬁrmandus
1904 942 1970 981 ex

384 1016 545 1070 Lucae
577 1014 873 1086 Evangelio
910 1017 1222 1086 parabolam
1281 1019 1517 1072 aﬂ'erunt
1551 1020 1716 1074 villici
1775 1019 1975 1088 iniqui-

378 1111 526 1171 tatis,
586 1109 674 1176 qui
709 1109 887 1162 debita
956 1110 1153 1163 minuit
1201 1109 1553 1164 debitoribus.
1612 1109 1764 1164 Hunc
1827 1110 1970 1163 enim

376 1215 494 1254 esse
520 1198 796 1265 Satanael,
827 1202 967 1255 etde
993 1203 1092 1254 ltoc
1121 1200 1288 1254 fuisse
1315 1203 1567 1270 scriptam
1597 1216 1714 1253 eam
1742 1205 1973 1269 parabo-

375 1294 479 1347 lam
510 1310 524 1359 ;
555 1293 773 1362 angelos
829 1294 996 1362 igitur
1023 1309 1157 1362 quos
1208 1293 1655 1357 memoravimus,
1693 1303 1974 1361 sperantes

374 1400 432 1440 se
464 1384 715 1438 laboriosi
749 1384 1035 1438 ministerii
1070 1398 1234 1436 onere
1267 1384 1503 1437 levatum
1536 1384 1625 1443 iri,
1647 1392 1701 1437 el.
1755 1385 1968 1456 magnis

373 1478 491 1533 aliis
519 1475 800 1544 promissis
821 1475 986 1531 fuisse
1012 1476 1282 1544 deceptos.
1312 1475 1516 1528 Ponant
1556 1475 1971 1541 enini,dicebat,

376 1570 625 1621 thronum
717 1584 885 1622 meum
918 1569 970 1621 in
1031 1567 1274 1631 nubibus,
1330 1578 1377 1621 et
1430 1584 1516 1622 ero
1578 1569 1764 1622 similis
1804 1569 1969 1622 Allis-

371 1663 502 1714 aimo
537 1661 575 1712 ί.
616 1659 912 1713 Proditioni
967 1659 1133 1728 igitur
1201 1671 1254 1714 et
1317 1659 1529 1714 insidiis
1590 1662 1956 1716 consensisse.

371 1751 484 1817 Qua
510 1749 728 1818 quidem
755 1764 816 1803 re
841 1747 1244 1828 animadversa,
1269 1749 1441 1802 Deum
1468 1750 1591 1804 illos
1629 1765 1657 1803 e
1682 1752 1966 1824 ctelopm-

2079 573 2290 643 καὶτῆς
2313 575 2430 642 μετ’
2446 574 2612 627 αὐτὸν
2632 575 2796 639 εὐθὺς
2818 578 2987 648 τιμῆς
3008 577 3349 648 ἀξιούμενον,
3376 581 3468 651 ὕφ’
3483 576 3553 652 ἧς
3581 599 3679 650 με-

2077 661 2464 727 θυσθέντα,καὶ
2480 666 2560 727 ei;
2579 666 2838 718 ἀπόνοιαν
2863 668 3179 738 ἐπαρθέντα
3220 670 3516 739 μελετῆσαι
3537 677 3680 724 ἀπο-

2078 755 2329 818 στασέαν,
2350 758 2446 809 καί
2470 775 2602 810 ποτε
2623 759 2965 829 δραξάμενον
2982 758 3180 829 καιροῦ
3202 761 3455 814 καθεῖναι
3469 766 3678 833 πεῖράν

2077 863 2190 898 τισι
2226 847 2333 900 τῶν
2357 846 2753 917 λειτουργικῶν
2777 851 3085 922 δυνάμεων,
3111 855 3158 904 ei
3185 852 3459 922 βούλοιντο
3480 872 3678 926 κουφι-

2077 937 2300 1007 ζόμεναι
2351 940 2444 992 τοῦ
2499 941 2698 1013 βάρους
2752 947 2851 1013 τῆς
2901 945 3248 1014 λειτουργίας
3299 947 3676 1018 ἀκολουθῆσαι

2074 1029 2272 1100 τούτῳ.
2302 1034 2394 1086 καὶ
2427 1035 3015 1105 συγκατεξαναστῆναι
3048 1039 3142 1091 τοῦ
3187 1039 3424 1111 Πατρός.
3460 1041 3557 1103 Εἰς
3590 1043 3680 1094 πί-

2077 1139 2195 1176 στιν
2232 1123 2287 1176 δὲ
2314 1125 2411 1193 τῆς
2441 1125 2718 1195 ληροιδέας
2763 1128 2972 1198 ταύτης
3001 1132 3312 1200 παράγουσι
3356 1134 3461 1205 τὴν
3508 1137 3569 1187 ἐν
3596 1135 3678 1202 τῷ

2076 1214 2214 1265 κατὰ
2237 1214 2453 1267 Λουκᾶν
2471 1215 2788 1287 Εὑαγγελίφ
2811 1235 2887 1269 πα
2895 1218 3129 1288 ραϐολὴν
3149 1219 3242 1272 τοῦ
3259 1223 3552 1290 οἰκονόμου
3572 1223 3677 1291 τῆς

2075 1303 2311 1369 ἀδικίας,
2339 1307 2406 1357 τὰ
2428 1307 2538 1359 τῶν
2563 1307 2891 1375 ὀφειλόντων
2912 1310 3049 1380 χρέη
3087 1313 3445 1379 μειώσαντος.
3463 1313 3675 1366 Τοῦτον

2074 1397 2181 1466 γάρ
2204 1398 2293 1449 τὸν
2319 1398 2604 1466 Σαταναὴλ
2635 1394 2781 1452 εἶναι
2800 1441 2815 1465 ,
2845 1403 2939 1453 καὶ
2967 1404 3094 1471 περὶ
3125 1402 3318 1455 τούτου
3347 1405 3675 1474 γεγράφθαι

2073 1488 2175 1558 τὴν
2236 1489 2497 1559 τοιαύτην
2555 1491 2895 1562 παραϐολήν.
2957 1489 3093 1546 Εἶτα
3151 1496 3278 1558 τοὺς
3337 1498 3678 1567 εἰρημένους

2073 1582 2349 1650 ἀγγέλους
2382 1583 2771 1649 δελεασθέντας
2803 1587 2881 1656 τῷ
2920 1590 3215 1659 κουφισμῷ
3258 1591 3357 1660 τῆς
3401 1591 3674 1642 ἐπιπόνου

2074 1676 2462 1747 λειτουργίας,
2519 1679 2615 1732 καὶ
2684 1682 2806 1742 ταῖς
2869 1680 3056 1744 ἄλλαις
3109 1683 3441 1750 ὑπερόγκοις
3496 1687 3679 1751 ἐπαγ-

2075 1769 2306 1838 γελίαις,
2343 1770 2520 1839 Θήσω
2551 1773 2682 1843 γάρ,
2706 1774 2993 1843 φησ“ι,τὸν
3025 1777 3382 1844 θρόνονμου
3417 1776 3521 1830 ἐπὶ
3553 1775 3680 1830 τῶν

371 1854 467 1895 nes
493 1839 808 1893 detrusisse.
833 1839 964 1905 Quis
999 1838 1203 1893 insulsa
1227 1849 1281 1892 et
1325 1839 1609 1894 manifesta
1629 1840 1852 1894 istorum
1878 1841 1955 1910 lig-

2073 1828 2366 1925 κεφελῶν,
2407 1828 2506 1914 irai
2531 1828 2746 1933 εὶγὸμάι
2769 1828 2978 1933 ’ὅμοιος
3005 1828 3082 1929 τέ)
3108 1828 3397 1933 ’Υψίᾶτφ,
3425 1883 3676 1920 συναπαο

370 1945 548 1988 menta
575 1949 676 1986 non
707 1931 900 1985 rideat?
932 1931 986 1986 Si
1012 1932 1154 1984 enim
1186 1941 1373 1985 natura
1407 1931 1681 1986 DeiFilius
1712 1932 1965 1988 Satanae!

367 2027 577 2088 fuisset,
604 2024 789 2078 fuisset
813 2023 972 2076 etiam
1005 2032 1196 2077 natura
1237 2025 1394 2088 Deus,
1427 2037 1480 2077 et
1507 2026 1727 2078 untnino
1765 2025 1964 2078 immo-

366 2116 492 2170 bilis
507 2127 562 2170 et
592 2115 966 2169 immutabilis.
981 2113 1260 2185 Proprium
1276 2116 1418 2168 enim
1429 2124 1518 2169 est
1535 2126 1737 2169 natura:
1750 2116 1962 2182 divina»,

366 2218 713 2277 utnunquam
739 2220 1001 2270 mutetur,
1026 2207 1316 2262 sedeodem
1352 2212 1511 2260 modo
1537 2223 1748 2278 semper
1789 2223 1848 2261 se
1871 2209 1966 2260 lia-

366 2301 509 2353 bcat.
523 2298 701 2363 Quare
719 2299 972 2366 quoniam
998 2306 1232 2351 mutatus
1250 2308 1356 2358 est,
1378 2307 1434 2352 et
1459 2299 1671 2363 cecidit,
1699 2309 1755 2352 et
1779 2313 1808 2352 e
1825 2299 1964 2352 ctelo

367 2391 718 2461 dejectueest,
744 2405 850 2445 non
879 2400 999 2445 erat
1023 2399 1212 2444 natura
1233 2389 1401 2445 Filius
1419 2391 1531 2456 Dei,
1565 2393 1656 2446 sed
1681 2392 1841 2445 aliam
1867 2391 1964 2444 lia-

367 2484 528 2539 bebat
547 2492 1014 2553 naturam,nempe
1031 2484 1331 2550 angelicam
1354 2494 1408 2538 et
1432 2497 1962 2554 procreatani,atmte

366 2579 489 2634 ideo
521 2576 1026 2643 mutabilem.Quod
1052 2577 1097 2632 si
1123 2577 1433 2646 unigenitus
1455 2585 1540 2630 est
1561 2578 1737 2632 Patris
1767 2578 1958 2641 Filius,

367 2670 629 2736 Verbum,
673 2677 730 2722 ut
768 2668 1095 2738 evangelista
1153 2667 1389 2722 Joannes
1419 2669 1645 2722 docuit:
1695 2668 1956 2730 Viiimur,

367 2762 639 2833 inquiens,
672 2762 893 2833 gloriam
955 2762 1068 2830 ejus
1117 2760 1342 2831 gloriam
1394 2763 1550 2819 quasi
1613 2761 1878 2834 Uuigeniti
1927 2783 1958 2817 a

366 2857 558 2921 Patre,
598 2866 650 2910 et
703 2869 960 2908 rursum:
1018 2853 1325 2923 Unigem‘tus
1381 2853 1577 2919 Filius,
1638 2856 1726 2924 qui
1780 2865 1853 2908 est
1905 2858 1957 2907 iu

366 2949 485 3001 sinu
523 2944 722 3011 Patris,
775 2947 885 3013 ipse
913 2947 1180 2999 enarravit
1212 2947 1254 3005 ³,
1307 2947 1592 2999 mendaces
1645 2946 1957 3016 deprehen-

363 3042 569 3094 duntur
620 3049 675 3093 et
741 3041 1064 3106 impostores
1122 3039 1212 3106 qui
1272 3036 1494 3092 fratrem
1550 3039 1720 3107 ipsius
1771 3041 1958 3094 dicunt

361 3147 483 3187 esse
513 3130 786 3185 Satanael.
825 3129 880 3184 Si
937 3123 1331 3184 enim’fratrent
1365 3129 1585 3185 haberet
1621 3129 1786 3184 Filius
1821 3131 1955 3185 Ver-

361 3223 510 3286 bum,
541 3219 857 3289 Uuigenitus
913 3234 1017 3272 non
1073 3219 1460 3288 appellaretur.
1514 3219 1666 3284 Quod
1709 3220 1755 3275 si
1812 3231 1862 3274 et
1902 3223 1957 3275 in

360 3312 626 3382 principio
669 3321 782 3364 erat
849 3308 1094 3374 Verbum,
1125 3318 1172 3362 et
1213 3308 1432 3362 Verbum
1465 3322 1574 3363 erat
1606 3311 1744 3378 apud
1770 3310 1956 3377 Deum,

359 3414 409 3459 et
441 3404 580 3458 Deus
618 3414 730 3457 erat
774 3402 1029 3468 Verbum,
1061 3413 1120 3456 ut
1147 3403 1481 3471 evangelista
1507 3403 1747 3459 Joannes
1777 3405 1871 3468 ait,
1904 3406 1954 3458 id

359 3510 462 3565 est,
507 3515 720 3566 semper
763 3508 881 3553 erat
921 3514 1040 3552 eum
1080 3497 1261 3563 Patre,
1301 3509 1354 3551 et
1389 3500 1440 3551 in
1475 3497 1656 3565 Patre,
1689 3503 1957 3566 quomodo

359 3595 496 3649 alter
518 3608 640 3647 esse
673 3592 848 3660 potuit
878 3591 1044 3644 frater
1093 3590 1285 3660 ipsius,
1326 3593 1417 3660 qui
1471 3591 1560 3644 illo
1617 3602 1758 3646 esset
1823 3603 1952 3646 natu

359 3683 551 3751 major,
586 3685 674 3751 qui
705 3692 789 3736 est
845 3691 970 3736 ante
1015 3683 1232 3744 saecula,
1263 3693 1318 3736 et
1346 3698 1448 3735 una
1476 3698 1596 3737 cum
1649 3681 1810 3737 Patre
1860 3685 1958 3741 iui-

358 3785 530 3847 perat,
569 3786 624 3829 et
651 3776 772 3830 sine
815 3789 925 3843 quo
975 3788 1249 3842 nunquam
1308 3774 1466 3828 Pater
1520 3775 1660 3828 fuit?
1701 3774 1953 3844 Alioquin

358 3869 478 3924 sine
515 3869 748 3931 ratione,
773 3875 829 3922 et
853 3867 970 3921 sine
999 3867 1297 3935 sapientia,
1320 3879 1374 3921 et
1404 3867 1522 3922 sine
1543 3871 1805 3937 potentia,
1835 3884 1956 3938 rpite

355 3961 572 4030 quidem
605 3959 784 4014 omnia
815 3966 897 4013 est
926 3968 1115 4013 natura
1163 3957 1330 4013 Filius
1389 3969 1445 4012 et
1508 3959 1738 4014 Verbum
1795 3961 1942 4030 ejus,

352 4051 670 4108 exstitisset.
704 4050 967 4117 Quoniam
1004 4050 1165 4121 igitur
1209 4049 1480 4117 Satanae],
1512 4061 1570 4105 ut
1612 4052 1954 4107 demonstra-

354 4146 752 4210 vimus,natura
780 4159 883 4196 non
910 4154 1026 4198 erat
1048 4144 1190 4200 lilius
1208 4144 1434 4212 Dei,nec
1459 4147 1685 4202 formam
1705 4145 1819 4214 ejus
1841 4165 1955 4204 om“

353 4238 484 4294 nino
505 4253 604 4292 nec
621 4236 814 4291 stolam
840 4236 1046 4300 habuit,
1067 4247 1123 4293 ut
1147 4240 1481 4299 omittamus.
1507 4242 1648 4308 quod
1697 4241 1833 4300 stola
1896 4253 1954 4299 et

351 4327 518 4383 vestis
541 4326 858 4394 corporibus
881 4337 936 4381 et
954 4330 1114 4383 rebus
1130 4330 1450 4398 compositis
1470 4335 1744 4401 convenit;
1776 4352 1876 4393 nec
1897 4339 1949 4394 in

351 4422 568 4476 dextera
591 4419 728 4474 sedit
745 4419 1250 4489 majestatis,neque
1271 4423 1334 4474 ad
1355 4422 1526 4490 ipsum
1547 4426 1952 4497 pertinet.’para-

351 4510 469 4565 bola
493 4511 560 4566 de
578 4509 758 4566 villico
775 4511 1096 4580 iniquitatis,
1121 4526 1241 4582 quae
1263 4521 1344 4566 est
1366 4512 1418 4566 in
1448 4498 1742 4586 Evangelio
1763 4519 1938 4580 Lucr.

2066 1947 2263 2018 χθῆναι
2296 1951 2496 2022 τούτῳ,
2518 1955 2614 2006 καὶ
2643 1955 2975 2022 κοινωνῆσαι
2993 1959 3092 2024 τῆς
3127 1956 3425 2024 ἐπιϐουλῆς
3444 1973 3457 1987 ·
3477 1957 3676 2016 αἰσθὸ,

2068 2058 2229 2110 μενον
2286 2042 2344 2097 δὲ
2386 2045 2592 2115 ταύτης
2631 2046 2724 2098 τὸν
2782 2046 2918 2099 Θεὸν
2988 2047 3143 2117 ῥίψαι
3187 2049 3409 2111 τούτους
3452 2050 3674 2104 ἄνωθεν

2063 2135 2200 2202 ὁμοῦ
2255 2139 2488 2201 πάντας.
2545 2140 2609 2191 Ὢ
2660 2140 2760 2210 τῆς
2811 2141 3199 2212 άναιδεστάτης
3247 2144 3344 2196 καὶ
3389 2145 3671 2212 προδήλου

2067 2227 2513 2295 μυθοπλαστίαςῑ
2559 2229 2620 2282 Ei
2664 2232 2773 2301 γάρ
2812 2231 2972 2300 φύσει
3020 2233 3156 2286 Θεοῦ
3204 2234 3334 2298 Υἱὸς
3369 2231 3440 2305 ἦν
3480 2236 3515 2287 6
3562 2236 3670 2287 Σα-

2061 2321 2290 2391 ταναὴλ,
2320 2316 2389 2392 ἦν
2426 2322 2492 2374 ἂν
2523 2323 2620 2376 καὶ
2649 2323 2814 2391 φύσει
2837 2325 2992 2389 Θεὸς,
3023 2327 3118 2378 καὶ
3162 2327 3447 2387 παντελῶς
3502 2327 3675 2395 ἄτρε-

2063 2410 2197 2472 πτός
2233 2421 2308 2464 ’τε
2351 2413 2447 2466 καὶ
2498 2413 2880 2476 ἀναλλοίωτος.
2935 2414 3100 2467 Ἰδιον
3174 2415 3284 2486 γάρ
3339 2417 3443 2484 τῆς
3507 2418 3671 2481 θείας

2063 2497 2280 2562 φύσεως
2332 2503 2366 2572 ή
2426 2503 2696 2573 ἀτρεψία,
2757 2505 2854 2557 καὶ
2899 2505 2962 2557 τὸ
3017 2506 3284 2570 ὡσαύτως
3340 2508 3491 2577 ἔχειν
3544 2510 3664 2562 ἀεί.

2073 2589 2226 2644 Ἐπεὶ
2261 2593 2316 2646 δὲ
2353 2595 2564 2666 ἐτράπη
2585 2637 2598 2662 ,
2631 2599 2726 2650 καὶ
2759 2597 2986 2663 ἐξέπεσε
3007 2639 3023 2664 ,
3056 2600 3151 2652 καὶ
3177 2600 3389 2654 ἄνωθεν
3421 2605 3670 2672 κατενή-

2060 2701 2273 2749 νεκται,
2325 2688 2426 2742 οὑκ
2473 2684 2543 2758 ἦν
2571 2691 2734 2760 φύσει
2773 2691 2900 2754 Υἱὸς
2931 2691 3100 2758 Θεοῦ,
3148 2693 3292 2748 ἀλλά
3343 2711 3433 2757 τις
3493 2697 3668 2764 ἑτέρα

2060 2780 2216 2848 φύσις
2265 2782 2533 2853 ἀγγελικὴ
2561 2787 2654 2838 καὶ
2691 2785 2920 2856 κτιστὴ,
2967 2786 3063 2838 καὶ
3094 2787 3183 2840 διὰ
3213 2790 3376 2840 τοῦτο
3410 2791 3658 2858 τρεπτή.

2061 2872 2120 2923 Εἰ
2153 2871 2208 2924 δὲ
2237 2876 2331 2926 καὶ
2357 2877 2662 2944 μονογενής
2691 2878 2843 2930 ἐστιν
2875 2879 2902 2930 6
2934 2876 3031 2930 τοῦ
3072 2877 3290 2949 [ἰατρὸς
3320 2880 3500 2948 Λόγος
3524 2919 3542 2941 ,
3582 2881 3664 2942 ὡς

2058 2965 2084 3014 6
2150 2965 2548 3036 εύαγγελιστὴς
2602 2968 2846 3034 ἐδίδαξεν
2903 2971 3182 3041 Ἰωάννης,
3249 2973 3663 3042 Ἐθεασάμεθα

2055 3058 2185 3126 γάρ,
2209 3059 2363 3126 φησὶ,
2379 3058 2494 3126 τὴν
2510 3059 2702 3124 δόξαν
2721 3060 2931 3126 αὑτοῦ,
2949 3061 3139 3124 δόξαν
3165 3063 3244 3128 ὡς
3257 3065 3654 3134 Μονογενοῦς

1983 3191 2026 3250 c
2059 3151 2216 3218 παρὰ
2250 3152 2518 3218 Πατρός,
2563 3155 2656 3206 καὶ
2682 3150 2870 3217 αὖθις,
2924 3155 2988 3206 '0
3036 3158 3381 3225 μονογενὴς
3431 3159 3569 3222 Υἱὸς
3621 3163 3660 3211 ὁ

2059 3241 2144 3296 ὢν
2191 3245 2275 3308 εις
2323 3245 2430 3298 τὸν
2457 3245 2691 3299 κόλπον
2723 3247 2830 3299 τοῦ
2863 3248 3120 3315 Πατρός,
3155 3249 3394 3314 ἐκεῖνος
3425 3251 3660 3320 ἐξηγή-

2058 3352 2242 3390 σατο·
2293 3337 2543 3406 ληροῦσι,
2570 3340 2660 3390 καὶ
2691 3341 3105 3408 παραπαίουσιν
3139 3343 3187 3394 0i
3209 3343 3461 3411 λέγοντες
3497 3343 3666 3397 άδελέ

2060 3431 2161 3496 φὺν
2189 3429 2357 3483 αὑτοῦ
2385 3432 2476 3485 τὸν
2507 3433 2814 3502 Σαταναήλ.
2845 3436 2906 3487 Ei
2942 3436 3050 3503 γάρ
3085 3433 3230 3502 εἶχεν
3262 3437 3514 3501 ἀδελφὺν,
3547 3440 3656 3492 οὐκ

2057 3521 2124 3576 ἂν
2154 3523 2470 3589 ὠνομάζετο
2498 3526 2796 3598 μονογενὴς
2821 3531 2847 3580 6
2877 3531 3072 3595 Λογος.
3111 3530 3171 3581 Ei
3201 3529 3257 3581 δὲ
3288 3529 3382 3582 καὶ
3413 3531 3474 3581 ὲν
3499 3531 3651 3602 ἀρχῇ

2056 3611 2123 3686 ἦν
2167 3618 2194 3668 6
2231 3616 2432 3684 Λόγος,
2488 3622 2581 3670 καὶ
2623 3620 2650 3671 6
2683 3620 2854 3686 Λόγος
2909 3616 2976 3691 ἦν
3017 3622 3152 3690 πρὸς
3200 3622 3291 3673 τὸν
3341 3621 3500 3686 Θεὸν,
3553 3625 3656 3674 καὶ

2056 3708 2188 3770 Θεὸς
2227 3703 2297 3776 ἦν
2321 3710 2348 3761 6
2370 3711 2543 3778 Λόγος
2568 3751 2580 3772 ,
2612 3710 2751 3764 κατὰ
2783 3713 2874 3764 τὸν
2917 3712 3316 3784 εὐαγγελιστὴν
3361 3714 3649 3783 Ἰωάννην,

2057 3801 2338 3852 τουτέστιν
2377 3801 2463 3853 ἀεὶ
2506 3796 2572 3868 ἦν
2610 3802 2750 3871 μετὰ
2797 3803 2891 3855 τοῦ
2923 3803 3157 3872 Πατρὸς,
3201 3807 3292 3856 καὶ
3332 3804 3392 3854 ὲν
3417 3805 3498 3871 τῷ
3523 3805 3648 3857 [Ια-

2055 3893 2184 3961 τρὶ,
2229 3893 2346 3952 πῶς
2401 3894 2466 3944 ἂν
2515 3890 2583 3964 ἦν
2629 3894 2816 3963 ’ἑτερος
2867 3896 3099 3964 ἁδελφὸς
3158 3895 3263 3967 πρὸ
3321 3894 3492 3948 αὑτοῦ
3541 3895 3644 3948 τοῦ

2058 3994 2384 4054 προαιωνιου
2455 3990 2550 4038 καὶ
2600 3990 2941 4057 συνανάρχου
3015 3987 3093 4057 τῷ
3146 3988 3355 4057 ΙΙατρὶ,
3420 3989 3521 4041 καὶ
3573 3986 3640 4040 οὗ

2055 4079 2223 4146 χωρὶς
2257 4079 2514 4131 οὐδέποτε
2561 4075 2628 4150 ἦν
2677 4080 2706 4131 6
2759 4081 2973 4149 Πατὴρ,
3019 4079 3105 4132 ἵνα
3145 4081 3220 4148 μὴ
3261 4080 3494 4147 ἄλογος,
3539 4081 3644 4132 καὶ

2053 4171 2276 4239 ἄσοφος,
2311 4173 2404 4226 καὶ
2435 4173 2694 4237 ἀδύνατος
2723 4175 3007 4245 εὖρεθείη;
3043 4173 3232 4227 Ταῦτα
3274 4175 3383 4244 γάρ
3423 4179 3569 4226 ἐστιν
3609 4176 3664 4226 ὀν

2055 4263 2214 4332 φύσει
2269 4265 2395 4330 Υἱὸς
2432 4268 2526 4320 καὶ
2579 4268 2751 4336 Λόγος
2805 4267 2992 4321 αὑτοῦ.
3055 4267 3209 4319 Ἐπεὶ
3247 4267 3304 4320 δὲ
3361 4269 3464 4320 οὐκ
3491 4263 3560 4338 ἦν
3610 4271 3641 4321 ὀ

2055 4357 2337 4427 Σαταναὴλ
2385 4359 2542 4426 φύσει
2597 4361 2707 4422 υἱὸς
2760 4359 2937 4426 Θεοῦ,
2988 4359 3167 4423 καθὼς
3215 4359 3636 4430 ἀπεδείξαμεν,

2055 4449 2270 4512 πάντως
2314 4453 2434 4504 οὐδὲ
2475 4453 2575 4523 τὴν
2618 4453 2711 4506 τοῦ
2755 4452 2893 4506 Θεοῦ
2936 4453 3250 4523 περιέκειτο
3280 4455 3498 4526 μορφὴν
3531 4457 3633 4508 καὶ

1976 4528 2020 4582 Ῐ)
2049 4541 2272 4612 στολὴν,
2309 4544 2398 4596 ἵνα
2446 4546 2897 4617 παραδράμωμεν
2938 4547 3143 4611 εἰπεῖν,
3181 4547 3404 4599 ὅτιτῶν
3442 4550 3637 4614 σωμά-

350 4635 468 4675 των
491 4623 590 4676 καὶ
627 4624 738 4676 τῶν
782 4625 1056 4679 συνθέτων
1084 4626 1232 4678 ἐστὶν
1273 4626 1304 4694 ἡ
1336 4626 1493 4696 στολὴ
1525 4629 1619 4681 καὶ
1645 4631 1907 4705 περιϐολή
1935 4651 1950 4667 ·
1991 4630 2113 4687 οὐδὲ
2171 4636 2226 4687 ἐν
2257 4635 2408 4706 δεξιᾷ
2435 4637 2530 4689 τοῦ
2559 4637 2752 4707 θρόνου
2785 4637 2885 4706 τῆς
2939 4637 3333 4708 μεγαλωσύνης
3366 4640 3627 4720 ἐκάθητο⁸

349 4713 472 4770 οὐδὲ
499 4718 634 4788 περὶ
661 4718 860 4770 τούτου
897 4719 928 4787 ἡ
961 4720 1022 4770 ὲν
1066 4718 1144 4788 τῷ
1181 4719 1328 4771 κατὰ
1361 4720 1578 4775 Λουκᾶν
1643 4725 1963 4800 Εὑαγγελῑῳ
2004 4729 2258 4800 περὶτοῦ
2323 4731 2617 4799 οἰκονόμου
2657 4731 2758 4798 τῆς
2800 4732 3014 4794 ἀδικίας
3057 4731 3277 4802 ἐξετέθη
3311 4713 3625 4802 παραδολήί

274 4795 324 4833 ί
421 4814 472 4866 7.
500 4811 932 4867 AiuntSatanacl
953 4812 1324 4868 esublimibus
1339 4814 1629 4884 dejectum,
1653 4834 1770 4873 cum
1786 4795 1941 4890 aquis

353 4920 454 4958 non
494 4913 675 4974 posset
702 4903 961 4969 insidere,
989 4907 1133 4971 quod
1169 4913 1312 4958 terra
1360 4917 1503 4961 esset
1542 4909 1828 4966 invisibilis
1880 4925 1934 4968 et

349 4995 724 5064 incomposita,
755 4997 992 5049 divinam
1023 5003 1202 5049 autem
1259 4997 1437 5052 adhuc
1490 4997 1720 5055 formam
1773 5015 1935 5074 atque

349 5091 589 5144 habitum
635 5089 860 5143 haberet
909 5096 964 5142 et
1020 5089 1234 5142 creandi
1299 5101 1645 5160 potestatem,
1687 5099 1932 5167 angelos,

348 5182 442 5250 qui
495 5188 676 5235 secum
743 5181 1076 5241 ceciderant.
1135 5195 1490 5245 convocasse,
1543 5197 1596 5240 et
1651 5191 1930 5244 audaciam

351 5276 456 5330 illis
487 5275 738 5344 iniecisse
775 5273 1089 5339 dixisseque
1128 5275 1427 5341 :Quoniam
1473 5279 1612 5333 Deus
1652 5281 1780 5335 fecit
1827 5298 1938 5335 cm-

350 5366 454 5418 lum
484 5377 538 5420 et
571 5380 794 5430 terram,
831 5365 1166 5435 Iupriucipio
1194 5372 1360 5432 enim,
1391 5372 1585 5440 inquit,
1649 5373 1784 5427 Deus
1811 5375 1936 5443 fecit

348 5459 532 5511 malum
592 5470 637 5511 et
695 5467 933 5519 terram,
991 5459 1182 5512 l'aeiam
1241 5472 1295 5513 et
1341 5477 1438 5529 ego
1491 5471 1746 5531 tanquam
1799 5468 1934 5522 alter

348 5549 490 5602 Deus
513 5550 808 5603 secundum
847 5549 1070 5614 caelum,
1120 5560 1175 5603 et
1212 5551 1415 5618 reliqua
1454 5553 1711 5620 deinceps
1734 5560 1922 5612 eodem

350 5643 555 5694 ordine.
593 5640 734 5694 Dixit
769 5641 950 5710 igitur,
989 5641 1278 5709 inquiunt:
1314 5641 1434 5696 Fiat
1495 5646 1919 5716 ﬁrmamentum,

420 5824 432 5850 ¹
471 5822 574 5876 lsa.
611 5819 827 5886 x1v,H.
907 5822 926 5851 ³
956 5816 1111 5872 Joan.
1147 5835 1182 5885 t,
1225 5820 1310 5888 H,
1353 5823 1437 5876 l8.

2115 4825 2182 4886 ζ’.
2217 4824 2453 4890 Λέγουσι
2476 4825 2568 4878 τὸν
2597 4827 2880 4897 Σαταναὴλ
2898 4828 3105 4881 ἀνωθεν
3133 4828 3380 4897 ῥιφέντα,
3409 4830 3500 4879 καὶ
3545 4829 3628 4897 μὴ

2038 4914 2336 4983 δυνάμενον
2359 4919 2470 4972 τοῖς
2501 4916 2688 4969 ὕδασιν
2721 4917 2998 4987 ἐφιζάνειν
3027 4934 3040 4946 °
3083 4917 3140 4972 Ἡ
3164 4916 3237 4983 γῆ
3269 4918 3398 4986 γὰρ,
3426 4923 3622 4987 φησὶν,

2035 5003 2112 5075 ἦν
2136 5008 2391 5075 ἀόρατος
2423 5010 2521 5062 καὶ
2548 5011 3117 5074 ἀκατασκεὺιιστος·
3150 5009 3385 5080 ἐπείπερ
3417 5010 3503 5061 ἔτι
3524 5012 3630 5063 καὶ

2033 5099 2132 5169 τὴν
2181 5101 2333 5152 θείαν
2370 5103 2683 5170 περιέκειτο
2735 5102 2952 5173 μορφὴν
3000 5103 3092 5156 καὶ
3126 5102 3344 5173 στολὴν,
3390 5105 3490 5154 καὶ
3518 5103 3628 5172 τὴν

2040 5193 2445 5265 δημιουργικὴν
2500 5197 2770 5266 ἐκέκτητο
2819 5197 3072 5267 δύναμιν,
3130 5197 3470 5265 συγκαλέσαι
3517 5197 3626 5258 τὰς

2041 5289 2569 5353 συγκαταπεσούσας
2599 5291 2746 5362 αὖτῷ
2772 5291 3054 5362 δυνάμεις,
3081 5293 3174 5344 καὶ
3199 5292 3401 5360 Θάρσος
3422 5291 3622 5352 αὑταῖς

2035 5379 2315 5446 ἐμϐαλεῖν,
2356 5383 2448 5434 καὶ
2481 5385 2678 5446 εἰπεῖν,
2701 5386 2776 5446 ὼς
2819 5386 2971 5438 Ἐπεὶ
3004 5386 3092 5438 τὸν
3119 5385 3353 5454 οὐρανὸν
3390 5383 3485 5437 καὶ
3514 5383 3626 5452 τὴν

2033 5470 2136 5536 γῆν
2160 5473 2182 5520 '3
2207 5470 2339 5534 Θεὸς
2358 5474 2636 5542 ἐποίησεν·
2660 5477 2938 5546 Ἐγάρχῇ
2957 5478 3087 5547 γὰρ,
3109 5478 3299 5549 φησιν,
3325 5476 3627 5541 ἐποίησεν

2031 5565 2063 5614 0'
2107 5563 2251 5626 Θεὸς
2294 5566 2400 5619 τόν
2433 5569 2695 5637 οὐρανὸν
2725 5570 2822 5624 καὶ
2865 5570 2978 5639 τὴν
3003 5570 3119 5640 γῆν
3148 5586 3162 5600 ο
3196 5573 3411 5640 ποιήσω
3452 5568 3626 5631 κάῒὼ

2033 5655 2292 5726 δεύτερον
2326 5660 2588 5730 οὐρανὸν,
2625 5661 2698 5728 ὡς
2740 5663 2995 5733 δεύτερος
3033 5664 3166 5726 Θεὸς
3194 5703 3206 5727 ,
3250 5664 3345 5714 καὶ
3380 5663 3445 5714 τά
3483 5659 3621 5727 ἑξῆς
