3960 6562
273 431 404 494 1297

1174 423 1547 484 PANOPLIA
1590 420 2050 506 DOG‘MATICA.
2096 448 2160 458 -
2199 421 2344 481 TIT.
2393 420 2640 480 XXVII.

3385 411 3525 478 1308

267 547 594 611 ἀκολούθως,
631 542 726 599 καὶ
757 538 903 609 εἶπε,
942 542 1234 612 Γενηθήτω
1270 538 1692 610 στερέωμα,’καὶ
1725 537 1842 606 ἐγέ-

1951 521 1996 591 et
2029 536 2234 591 factum
2274 546 2376 592 est.
2403 536 2564 590 Fiant
2591 537 2725 600 haec,
2759 543 2809 589 et
2857 537 2990 596 haec,
3027 543 3081 588 et
3101 533 3236 588 facta
3285 545 3432 592 sunt.
3458 537 3523 588 Et

268 659 405 694 νετο.
427 638 714 707 Γενηθήτω
737 637 868 690 τάδε
891 635 985 688 καὶ
1007 635 1155 698 τάδε,
1179 634 1270 686 καὶ
1291 632 1582 700 γεγόνασιν
1601 630 1839 684 ἅπαντα.

268 735 376 787 Καὶ
406 728 836 799 κατακοσμήσας
869 727 966 798 μὲν
987 726 1076 779 τὸν
1109 725 1362 793 δεύτερον
1390 724 1622 792 οὐρανὸν
1655 741 1716 774 πε
1731 739 1844 792 ριε-

267 828 371 880 λὼν
401 825 454 876 δὲ
486 824 546 876 τὸ
586 821 732 890 ὕδωρ
763 822 872 875 ἀπὸ
901 822 1198 891 προσώπου
1240 822 1339 888 τῆς
1379 820 1482 887 γῆς
1503 859 1518 883 ,
1552 819 1645 870 καὶ
1673 816 1843 882 τάξας

266 921 320 970 ὲν
351 911 432 977 οἷς
465 915 753 985 ἐδοκίμασε
787 913 993 977 τόποις,
1034 913 1108 976 ὡς
1141 914 1172 983 η
1201 911 1297 980 τῆς
1325 910 1717 978 κοσμογενεὶας
1748 908 1842 978 βί-

267 1012 386 1074 ϐλος
410 1010 656 1073 διέξεισι,
701 1007 794 1061 καὶ
827 1005 1179 1068 καλλωπίσας
1215 1007 1404 1075 αὐτὴν,
1437 1005 1530 1058 καὶ
1566 1003 1844 1074 καθωραῖ-

267 1117 400 1165 σας,
434 1099 529 1151 καὶ
557 1098 627 1151 τὰ
660 1099 724 1150 ἐκ
757 1097 858 1166 γῆς
893 1095 1073 1149 πάντα
1107 1096 1354 1166 φυόμενα
1385 1095 1838 1166 δημιουργήσας,

265 1195 356 1246 καὶ
395 1191 464 1244 τὰ
495 1191 609 1255 ζῶα
631 1229 646 1255 ,
683 1191 777 1243 καὶ
815 1189 867 1241 εί
898 1204 954 1241 τι
985 1189 1198 1261 ἕτερον,
1238 1187 1607 1256 ἀπεκλήρωσε
1640 1186 1841 1256 ταύτην

237 1280 440 1349 σεαυτῷ
492 1297 552 1332 τε
603 1281 696 1334 καὶ
735 1282 860 1343 ταῖς
904 1281 1301 1340 ἀποστατικαῖς
1343 1279 1640 1348 δυνάμεσιν
1692 1281 1844 1348 οἰκη-

265 1373 470 1441 τήριον.
510 1373 742 1425 Ἔπειτα
768 1372 979 1435 πλάσας
1004 1371 1065 1425 τὸ
1094 1373 1253 1441 σῶμα
1268 1372 1361 1426 τοῦ
1389 1372 1566 1440 ’Δδὰμ
1597 1371 1705 1425 ἀπὸ
1740 1372 1841 1440 γῆς

267 1462 418 1516 ὕδατι
449 1464 813 1536 φυραθείσης,
851 1463 1082 1533 ἔστησεν
1113 1464 1296 1534 ὀρθὸν,
1322 1466 1416 1535 ἀφ’
1443 1458 1503 1519 οὗ
1535 1463 1842 1536 καταρῤεύ·

267 1557 406 1612 σασά
433 1576 519 1622 τις
551 1559 693 1622 νοτὶς
724 1561 818 1614 ἐπὶ
847 1559 940 1611 τὸν
969 1559 1144 1626 δεξιὸν
1177 1558 1338 1624 πόδα,
1370 1559 1464 1611 καὶ
1499 1558 1587 1612 διὰ
1622 1556 1716 1611 τοῦ
1751 1575 1845 1626 με-

265 1650 428 1720 γάλου
455 1651 724 1706 δακτύλου
749 1653 974 1723 χυθεῖσα
995 1652 1136 1706 κατ-ὰ
1164 1647 1257 1704 τοῦ
1283 1652 1510 1719 ἐδάφους
1537 1651 1842 1715 ἑλικοειδῶς

265 1744 432 1815 ἐρρύη
455 1784 468 1806 ,
508 1745 604 1797 καὶ
637 1745 824 1815 σχῆμα
854 1745 1033 1815 ὅψεως
1065 1744 1417 1799 ἀπετέλεσεν.
1463 1745 1749 1814 Ἀθροίσας
1784 1745 1841 1798 δὲ

261 1838 320 1889 τὺ
371 1839 429 1892 ὲν
483 1837 664 1908 ἐαυτῷ
721 1839 939 1906 πνεῦμα
993 1841 1020 1892 ό
1072 1838 1361 1906 Σαταναὴλ
1417 1837 1710 1890 ἐνέπνευσε
1762 1836 1840 1908 τῷ

263 1929 561 1983 πλασθέντι
590 1930 803 1999 σώματι
834 1929 1003 1998 ζωὴν,
1038 1929 1102 1982 τὸ
1133 1929 1190 1982 δὲ
1223 1930 1282 1994 ἐξ
1311 1928 1471 1982 αὐτοῦ
1508 1928 1727 1997 πνεῦμα
1753 1927 1840 1982 διὰ

260 2021 567 2091 χαυνότητα
610 2023 924 2093 καταρῤυὲν
958 2024 1048 2074 ἐπὶ
1092 2022 1181 2074 τὸν
1213 2022 1387 2088 δεξιὸν
1428 2021 1627 2090 ὁμοίως
1665 2021 1799 2074 πόδα
1822 2060 1838 2082 ,

260 2110 352 2162 καὶ
377 2111 467 2164 διὰ
499 2111 592 2164 τοῦ
616 2113 854 2183 μεγάλου
878 2112 1148 2165 δακτύλου
1169 2112 1331 2182 χυθὲν
1356 2113 1433 2174 είς
1453 2111 1552 2182 τὴν
1575 2110 1839 2179 ἑλικοειδῆ

263 2204 449 2274 ρανίδα
488 2205 853 2276 κατέσκηψεν.
890 2206 956 2259 Ἢ
987 2206 1042 2258 δὲ
1068 2207 1386 2275 παραυτίκα
1417 2205 1839 2274 ζωοποιηθεῖσα,

258 2295 352 2347 καὶ
397 2295 786 2365 ἀποτμηθεῖσα
832 2297 925 2350 τοῦ
968 2297 1236 2351 δακτύλου
1274 2300 1501 2366 γέγονεν
1548 2298 1698 2365 ὄφις,
1751 2297 1841 2351 καὶ

257 2388 510 2457 εἴρπυσε.
533 2390 634 2442 Διὰ
661 2389 822 2443 τοῦτο
837 2390 947 2460 γὰρ
971 2390 1062 2442 καὶ
1079 2389 1346 2460 φρόνιμον
1370 2389 1535 2442 αὐτὸν
1558 2389 1840 2458 γενέσθαι.

259 2482 354 2535 za‘t
384 2485 638 2552 νουνεχῆ,
668 2483 863 2546 ὠς-τοῦ
897 2484 1300 2554 ὲμφυσήματος
1326 2483 1420 2535 τοῦ
1449 2483 1732 2549 Σαταναὴλ
1763 2483 1842 2545 είς

261 2577 434 2648 ψυχὴν
465 2578 618 2648 αὐτῷ
649 2579 1045 2641 καταστάντος,
1083 2580 1220 2649 ὅπερ
1259 2577 1382 2630 ἰδὼν
1410 2578 1438 2630 ὁ
1469 2577 1655 2640 καινὸς
1685 2571 1840 2640 οὗτος

259 2671 451 2739 δημιου
463 2671 611 2740 ργδς,
631 2673 724 2724 καὶ
755 2673 939 2740 γνοὺς,
964 2674 1047 2727 ὅτι
1081 2675 1260 2742 μάτην
1284 2672 1458 2735 πονεῖ,
1487 2668 1842 2740 διεπρεσϐεύ-

261 2777 393 2816 σατο
448 2762 588 2834 πρὸς
639 2764 732 2816 τὸν
785 2765 989 2832 ἀγαθὸν
1044 2768 1288 2836 Πατέρα,
1339 2763 1433 2818 καὶ
1493 2765 1839 2833 παρεκάλεσε

263 2855 580 2925 πεμφθῆναι
609 2857 921 2926 παράὐτοῦ
950 2857 1140 2928 πνοὴν,
1165 2856 1640 2925 ἐπαγγειλάμενος
1661 2861 1840 2912 κοινὸν

261 2939 401 2999 εἶναι
432 2945 526 2999 τὸν
555 2947 862 3018 ἄνθρωπον,
902 2951 948 3000 εί
981 2948 1292 3016 ζωοποιηθῇ
1312 2985 1331 3007 ,
1364 2950 1459 3000 καὶ
1489 2950 1594 3002 ἀπὸ
1627 2951 1720 3002 τοῦ
1755 2950 1843 3019 γέ-

261 3049 383 3094 νους
418 3033 586 3087 αὑτοῦ
621 3035 962 3107 πληροῦσθαι
993 3038 1118 3100 τοὺς
1155 3038 1213 3088 ὲν
1247 3036 1465 3106 ούρανῷ
1499 3037 1701 3101 τόπους
1731 3040 1842 3093 τῶν

259 3126 680 3196 ἀπορριφέντων
707 3129 973 3196 ἀγγέλων.
1009 3129 1114 3182 Τὸν
1148 3129 1203 3183 δὲ
1233 3130 1366 3184 Θεὸν
1391 3130 1465 3193 ὡς
1490 3131 1697 3200 ἀγαθὸν
1722 3135 1843 3187 tint-

1949 628 2296 682 cumcaalum
2317 629 2611 682 secundum
2657 636 2924 690 ornasset,
2970 635 3025 680 et
3077 641 3245 694 aquas
3303 643 3332 680 a
3390 629 3524 684 facie

1948 727 2104 773 terrae
2135 719 2517 784 contraxisset,
2544 735 2745 788 easque
2791 720 2904 773 suis
2958 718 3008 770 in
3053 717 3205 782 lOL‘iS,
3246 730 3302 771 ιιι
3359 720 3406 773 ei
3448 723 3524 772 ri-

1945 826 2065 866 sum
2095 821 2196 873 est,
2230 811 2567 878 collocasset,
2621 811 3075 881 quemadmodum
3128 811 3178 863 in
3214 812 3370 875 libro,
3433 815 3522 882 qui

1946 907 2128 962 mundi
2172 905 2413 959 continet
2435 906 2892 976 procreationem,
2919 903 3251 971 descriptum
3279 913 3380 964 est,
3421 916 3525 956 Hr—

1945 1013 2058 1053 ram
2099 997 2313 1052 ornavit
2342 1006 2395 1051 et
2428 997 2731 1062 decoravit,
2766 1005 2820 1051 et
2849 998 3028 1050 omnia
3061 996 3186 1051 fecit
3255 1012 3373 1065 quae
3429 1012 3524 1048 na-

1944 1101 2170 1146 scuntur
2197 1104 2225 1143 e
2277 1102 2444 1153 terra,
2504 1099 2557 1145 et
2586 1090 2837 1144 animalia
2887 1100 2938 1144 et
2969 1089 3011 1144 si
3048 1091 3172 1158 quid
3241 1089 3383 1143 aliud
3420 1099 3524 1145 est.

1944 1197 2172 1253 eamque
2202 1184 2302 1238 sibi
2339 1193 2396 1237 ut
2425 1183 2544 1236 aliis
2591 1181 2968 1250 potestatibus,
3021 1199 3140 1252 qme
3191 1181 3518 1238 defecerant.

1944 1275 2229 1330 constituit
2260 1273 2614 1330 domicilium.
2662 1274 2864 1330 Deinde
2918 1291 3042 1330 cum
3095 1275 3263 1330 Adam
3321 1286 3519 1330 eterra

1947 1383 2084 1436 aqua
2111 1369 2391 1420 commista
2424 1366 2729 1430 fortnasset,
2782 1355 2904 1421 eum
2966 1376 3172 1420 rectum
3210 1365 3516 1425 collocavit.

1945 1475 2009 1512 ex
2047 1473 2151 1526 quo
2183 1459 2378 1510 huntor
2402 1457 2620 1526 quidam
2653 1458 2704 1511 in
2735 1459 2979 1511 dextrum
3028 1458 3216 1526 pedem
3272 1456 3518 1518 deﬂuxit,

1944 1561 1997 1604 et
2024 1565 2118 1618 per
2149 1565 2399 1618 magnum
2425 1549 2647 1616 digitum
2678 1548 2880 1602 ctl‘usus
2905 1549 2954 1601 in
2984 1556 3182 1603 terram
3208 1559 3265 1603 se
3291 1548 3524 1603 circum-

1945 1641 2133 1707 volvit,
2163 1651 2216 1695 et
2250 1640 2519 1710 serpentis
2551 1638 2771 1709 ﬁguram
2808 1638 3056 1692 reddidit.
3097 1637 3349 1693 Satanael
3381 1653 3510 1692 vero

1945 1734 2197 1804 spiritum
2228 1749 2383 1788 sumn
2411 1732 2670 1801 colligens
2703 1732 2753 1785 in
2805 1745 2998 1800 corpus
3031 1747 3059 1784 a
3118 1747 3177 1787 se
3224 1729 3518 1785 conﬂatum

1946 1827 2109 1881 vitam
2133 1826 2444 1882 insumat/it.
2477 1824 2581 1879 Sed
2615 1824 2840 1895 spiritus
2871 1824 2992 1892 ejus
3045 1839 3139 1894 per
3189 1840 3411 1878 vacuum
3450 1823 3520 1876 si—

1873 1887 1916 1947 Β
1947 1919 2144 1973 militer
2163 1918 2332 1973 ﬂuens
2361 1919 2412 1972 in
2432 1887 2710 1973 dexterum
2733 1887 2918 1984 pedem
2953 1925 3006 1971 et
3019 1887 3111 1984 per
3127 1915 3522 1985 magnumdigi-

1947 2020 2084 2071 tum,
2115 2011 2166 2063 in
2204 2019 2494 2065 tortuosam
2519 2008 2712 2064 stillam
2743 2008 2963 2074 coaluit,
2995 2023 3114 2078 qua:
3141 2009 3321 2063 statim
3355 2007 3517 2061 vitam

1942 2101 2216 2171 accipiens
2264 2110 2318 2154 et
2345 2116 2372 2154 a
2401 2100 2565 2170 digito
2595 2101 2893 2156 abscedens
2922 2114 3149 2168 serpens
3194 2097 3379 2151 etfecta
3411 2105 3517 2158 est,

1941 2203 1995 2249 et
2024 2194 2294 2262 serpebat.
2325 2192 2529 2248 Idcirco
2554 2192 2722 2255 enim,
2754 2192 3030 2260 inquiunt,
3052 2200 3132 2244 est
3167 2191 3400 2258 prudens
3455 2205 3518 2243 ac

1944 2293 2126 2339 mente
2159 2284 2418 2352 prmditus
2449 2298 2692 2350 serpens,
2724 2283 2980 2352 quoniam
3015 2281 3315 2338 Satanaelis
3345 2281 3518 2336 insui.

1942 2374 2092 2428 ﬂatio
2151 2375 2222 2429 illi
2251 2375 2353 2428 fuit
2379 2374 2573 2429 animae
2607 2373 2745 2428 loco.
2778 2374 2931 2439 Quod
2963 2389 3150 2433 .novus
3209 2373 3312 2428 iste
3345 2371 3523 2443 opifex

1943 2468 2307 2536 conspicatus,
2339 2481 2458 2522 cum
2488 2467 2944 2522 animadverteret
3001 2481 3059 2522 se
3089 2468 3288 2521 frustra
3312 2465 3524 2520 labora-

1941 2576 2026 2626 re,
2062 2559 2262 2628 legatos
2288 2559 2433 2613 misit
2460 2559 2526 2612 ad
2559 2560 2761 2613 bonum
2799 2569 3030 2628 patrem,
3065 2559 3156 2627 qui
3191 2566 3436 2627 peterent
3470 2569 3528 2612 ut

1941 2653 2181 2708 mitteret
2205 2652 2452 2720 spiritum
2477 2667 2655 2715 suum,
2689 2651 3045 2720 promisitque
3087 2651 3362 2706 hominem
3407 2651 3524 2704 fore

1939 2759 2304 2808 communem,
2338 2744 2382 2797 si
2410 2743 2572 2796 vitam
2605 2745 2894 2811 acciperet.
2936 2751 2989 2798 et
3021 2758 3084 2798 ex
3121 2758 3319 2814 genere
3353 2742 3523 2813 ipsius

1941 2836 2176 2906 repletas
2214 2836 2276 2890 iri
2309 2837 2487 2900 sedes,
2516 2851 2545 2889 e
2597 2837 2792 2904 quibus
2836 2835 3013 2905 angeli
3049 2835 3244 2903 dejeCIi
3289 2834 3527 2890 fuerant-

1941 2923 2110 2980 Deum
2144 2934 2322 2980 autem
2361 2935 2544 2994 utpote
2572 2925 2768 2978 bonum
2798 2927 3073 2993 annuisse,
3124 2924 3528 2996 insuillasseque

1945 3015 2250 3071 Satanaelis
2290 3017 2542 3084 ﬁgmento
2574 3017 2820 3087 spiritum
2859 3017 3004 3083 vitae,
3039 3028 3094 3072 et
3129 3018 3388 3073 continuo
3444 3020 3528 3071 fa-

1943 3114 2086 3161 ctum
2113 3121 2232 3162 esse
2259 3106 2532 3160 hominem
2566 3109 2617 3160 in
2649 3108 2880 3161 animam
2912 3109 3203 3176 viventem,
3253 3126 3374 3180 quae
3409 3126 3530 3164 cor-

193 3235 199 3241 υ
262 3216 476 3284 νεῦσαι,
531 3222 626 3273 καὶ
684 3221 1004 3289 ἐμφυσῆσαι
1063 3221 1142 3289 τῷ
1195 3225 1348 3293 παρὰ
1407 3223 1503 3276 τοῦ
1558 3224 1847 3294 Σαταναὴλ

1956 3212 2053 3266 pus
2081 3197 2397 3261 illustraret,
2434 3209 2489 3253 et
2522 3198 2803 3270 multiplici
2831 3202 3004 3268 gratia
3051 3204 3356 3258 decoraret.
3400 3201 3531 3258 Post

262 3311 558 3365 πλασθέντι
583 3313 803 3382 πνεῦμα
825 3313 994 3381 ζωῆς,
1021 3316 1117 3368 καὶ
1138 3316 1396 3382 γενέσθαι
1420 3318 1734 3385 παραυτίκα
1759 3321 1849 3372 τὸν

262 3403 557 3476 ἄνθρωπον
589 3405 666 3468 εἰς
706 3405 885 3477 ψυχὴν
918 3407 1100 3471 ζῶσαν
1131 3406 1536 3476 λαμπρύνασαν
1563 3409 1622 3461 τὸ
1653 3411 1846 3478 σῶμα,

265 3498 360 3548 καί
410 3495 635 3558 πολλαῖς
683 3497 818 3548 αὐτὸ
860 3498 1379 3567 καταφαιδρύνασαν
1415 3499 1658 3568 χάρισιν.
1715 3498 1849 3553 Εἶτα

263 3588 366 3658 τῆς
404 3585 547 3648 Εὔας
574 3587 777 3656 ὁμοίως
804 3587 1019 3643 ἐκεῖθεν
1053 3591 1398 3661 ποιηθείσης,
1435 3593 1526 3645 καὶ
1555 3595 1673 3656 ταῖς
1707 3593 1849 3655 ἴσαις

263 3677 714 3747 ἀπαστραψάσης
736 3679 1110 3751 λαμπρότητι,
1140 3682 1408 3751 φθονῆσαι
1426 3683 1516 3736 τὸν
1543 3684 1849 3752 Σαταναὴλ,

266 3768 364 3820 καὶ
407 3769 896 3841 μεταμεληθῆναι,
934 3772 1028 3825 καὶ
1062 3773 1352 3842 κινηθῆναι
1390 3775 1525 3843 πρὸς
1560 3774 1853 3844 ἐπιϐουλὴν

267 3859 360 3912 τοῦ
403 3859 722 3929 πλάσματος
765 3863 860 3916 τοῦ
894 3863 1024 3917 ίδίου
1044 3901 1060 3927 ,
1094 3867 1189 3916 καὶ
1221 3866 1514 3942 εἰσρυῆναι
1543 3871 1657 3929 τοῖς
1683 3869 1850 3936 ὲγκὰο

265 3969 380 4015 τοις
412 3951 506 4004 τοῦ
535 3952 738 4020 ὄφεως,
770 3955 864 4008 καὶ
895 3957 1241 4027 ἐξαπατῆσαι
1269 3959 1364 4030 τὴν
1397 3961 1562 4024 Εὕαν,
1597 3965 1690 4014 καὶ
1725 3980 1856 4030 συγ-

267 4041 528 4106 γενέσθαι
556 4045 718 4114 αύτῇ,
757 4046 856 4100 καὶ
890 4048 1116 4118 ποιῆσαι
1155 4049 1375 4116 ἔγκυον,
1417 4052 1503 4104 ἵνα
1537 4054 1597 4104 τὸ
1632 4053 1856 4123 σπέρμα

270 4133 463 4188 τούτου
497 4135 770 4204 προλαὸδν
805 4138 1188 4210 κατακυριεύῃ
1226 4140 1319 4192 τοῦ
1352 4142 1646 4210 ἀδαμιαίου
1683 4146 1852 4214 σπέρ-

275 4241 474 4291 ματος,
510 4226 608 4279 καὶ
639 4226 715 4290 ὡς
747 4224 856 4280 οἷόν
893 4245 951 4280 τε
986 4229 1316 4302 διαφθείρῃ,
1352 4233 1447 4285 καὶ
1485 4233 1562 4302 μὴ
1593 4237 1852 4304 συγχωρῇ

271 4317 603 4382 αὐξάνεσθαι
654 4321 748 4373 καὶ
779 4321 1176 4391 πληθύνεσθαι.
1208 4321 1321 4394 Τὴν
1345 4323 1401 4376 δὲ
1424 4328 1635 4396 ταχέως
1662 4327 1858 4398 ὼδινή-

275 4426 448 4463 σασαν
481 4411 858 4481 ἀπογεννῆσαι
897 4414 986 4466 τὸν
1026 4414 1168 4468 Κάϊν
1205 4417 1269 4468 ἐκ
1299 4419 1398 4486 τῆς
1435 4419 1726 4483 συνουσίας
1757 4420 1853 4472 τοῦ

273 4503 584 4576 Σαταναὴλ,
615 4505 712 4558 καὶ
737 4505 976 4576 ἀδελφὴν
1007 4505 1228 4577 δίδυμον
1261 4510 1620 4580 ὁμοιότροπον
1640 4552 1654 4576 ,
1683 4513 1854 4584 ὄνομα

1953 3300 2133 3344 autem
2164 3306 2283 3344 cum
2318 3291 2426 3345 Eva
2459 3292 2585 3360 item
2617 3308 2679 3346 ex
2714 3308 2778 3347 e0
2805 3294 2999 3350 fuisset
3029 3295 3282 3361 formata,
3312 3297 3527 3352 eodem-

1950 3397 2053 3452 que
2080 3395 2224 3438 esset
2258 3382 2446 3440 allccta
2475 3385 2784 3454 splendore,
2813 3385 3066 3442 Satanael
3121 3387 3324 3442 invidia
3379 3403 3531 3443 com-

1952 3486 2154 3530 motum
2182 3479 2507 3532 sententiam
2541 3489 2776 3534 mutasse
2841 3491 2896 3534 et
2920 3481 2986 3534 ad
3039 3481 3263 3537 insidias
3314 3482 3533 3551 proprio

1952 3568 2208 3636 ﬁgmento
2271 3572 2555 3624 struendas
2617 3586 2675 3626 se
2728 3574 3087 3637 convertisse,
3154 3582 3209 3628 et
3262 3575 3532 3642 serpentis

1952 3660 2585 3717 visceribusinlluentem
2617 3663 2896 3732 decepisse
2956 3663 3146 3730 Evam,
3185 3673 3238 3718 et
3273 3680 3395 3720 cum
3439 3665 3528 3719 illa

1952 3755 2398 3809 consuetudinem
2426 3757 2701 3820 habuisse,
2732 3766 2788 3812 ut
2817 3772 2876 3811 ea
2917 3765 3126 3812 uterum
3170 3769 3413 3828 gerente,
3446 3775 3531 3815 se-

1955 3863 2075 3900 men
2115 3847 2286 3916 ipsius
2311 3848 2503 3902 semini
2540 3849 2710 3902 Adam
2767 3854 3017 3916 anteiret,
3073 3863 3126 3906 et
3183 3852 3359 3922 quoad
3416 3852 3533 3907 ﬁeri

1955 3951 2136 4006 posset
2172 3939 2301 3993 illud
2323 3951 2719 4010 corrumperet,
2761 3957 2858 3996 nec
2907 3944 3093 4012 augeri
3152 3944 3533 4012 multiplicari-

1955 4047 2056 4098 que
2087 4032 2442 4100 permitteret.
2472 4032 2576 4087 Sed
2611 4033 2772 4087 Eram
2835 4051 2957 4088 tnox
3019 4035 3300 4090 doloribus
3351 4046 3534 4104 partus

1954 4123 2199 4178 allectam
2229 4125 2502 4194 peperisse
2544 4125 2676 4180 Cain
2734 4142 2795 4179 ex
2859 4128 3151 4181 concubitu
3212 4126 3534 4190 Salanaelis,

1954 4226 2008 4269 et
2040 4232 2283 4272 sororem
2315 4220 2361 4272 ei
2388 4218 2641 4285 similem,
2681 4220 2766 4273 cui
2825 4235 3021 4274 nomen
3077 4220 3179 4274 fuit
3240 4220 3533 4287 Calonena,

1954 4312 2126 4364 Adam
2163 4325 2289 4364 vero
2324 4310 2670 4364 aemulatione
2694 4321 3024 4365 commotmn
3061 4327 3173 4366 rem
3200 4311 3370 4381 ipsam
3400 4327 3536 4383 quo-

1955 4418 2061 4472 que
2100 4403 2352 4457 habuisse
2383 4419 2505 4457 cum
2529 4404 2659 4468 Eva,
2709 4412 2763 4458 et
2816 4404 2948 4459 Abel
3010 4405 3336 4470 suscepisse,
3375 4421 3534 4472 quem

1953 4495 2136 4551 statim
2161 4495 2486 4550 interﬁciens
2508 4493 2664 4558 Cain,
2692 4495 3042 4549 homicidium
3071 4495 3125 4549 in
3155 4501 3316 4549 vitam
3340 4499 3534 4551 intulit.

272 4597 410 4666 αὐτῇ
436 4596 769 4666 Καλωμενά,
808 4597 1264 4670 ζηλοτυπήσαντα
1291 4601 1346 4654 δὲ
1381 4603 1474 4655 τὸν
1516 4605 1693 4674 Ἀδὰμ
1726 4624 1847 4660 συν⁴

1962 4589 2191 4657 ldetique
2228 4587 2488 4643 Joannem
2543 4587 2844 4657 apostolum
2883 4588 3102 4650 dixisse,
3142 4590 3282 4656 quod
3303 4587 3433 4642 Cain
3473 4605 3535 4642 ex

275 4688 451 4740 ελθεῖν
482 4691 577 4741 καὶ
604 4691 765 4743 αὑτὸν
789 4693 856 4762 τῇ
889 4690 1022 4762 Εὕα,
1053 4693 1146 4746 καὶ
1176 4695 1438 4765 γεννῆσαι
1461 4696 1553 4751 τὸν
1583 4699 1770 4764 Ἅϐελ,
1799 4699 1858 4752 δν

275 4779 484 4834 ἀνελὼν
500 4781 662 4843 εὐθὺς
687 4787 712 4834 ὀ
740 4783 904 4849 Κάῖν,
923 4783 1016 4836 τὸν
1037 4786 1197 4852 φόνον
1221 4791 1298 4846 εἰς
1315 4789 1408 4842 τὸν
1431 4788 1545 4858 βίον
1572 4791 1854 4861 εἰσήγαγε.

277 4873 376 4927 Διά
409 4870 571 4925 τοῦτο
607 4875 702 4928 καὶ
735 4873 826 4928 τὸν
889 4877 1190 4931 ἀπόστολον
1250 4881 1506 4950 Ἰωάννην
1539 4886 1715 4936 εἰπεῖν
1737 4924 1750 4948 ,
1778 4887 1859 4938 ὅτι

276 4960 302 5009 ὁ
329 4960 469 5012 Κάῖν
491 4961 552 5013 ὲκ
569 4959 663 5013 τοῦ
695 4962 937 5033 πονηροῦ
963 4959 1052 5035 ἦν,
1078 4965 1172 5018 τοῦ
1193 4967 1478 5038 Σαταναὴλ
1505 4973 1688 5038 μέντοι
1722 4989 1858 5041 συμ-

279 5050 578 5122 φθαρέντες
621 5055 868 5122 ἀσελγῶς
914 5060 980 5128 τῇ
1030 5058 1144 5130 Εὕα
1179 5057 1268 5112 διὰ
1316 5061 1482 5130 μέσου
1524 5065 1620 5118 τοῦ
1657 5065 1857 5134 ὄφεως,

278 5142 645 5213 ἀφαιρεθῆναι
675 5145 769 5198 ἀπ’
795 5147 960 5200 αὐτοῦ
992 5149 1091 5219 τὴν
1121 5150 1267 5205 θείαν
1296 5151 1498 5207 αὐτίκα
1523 5158 1618 5208 καὶ
1643 5157 1856 5226 στολὴν,

280 5236 374 5289 καὶ
412 5237 646 5307 μορφὴν,
678 5238 772 5292 καὶ
805 5240 904 5309 τὴν
943 5241 1366 5314 δημιουργικὴν,
1397 5245 1470 5308 ὡς
1502 5247 1740 5318 εἴρηται,
1767 5250 1862 5304 δύο

284 5346 464 5398 ναμιν,
493 5331 588 5382 καὶ
608 5331 706 5400 τὴν
728 5330 821 5384 τοῦ
852 5332 987 5385 Θεοῦ
1017 5336 1411 5406 προσηγορίαν.
1441 5339 1574 5391 Θεὸν
1599 5341 1706 5410 γὰρ
1732 5342 1858 5411 ἄχρι

282 5425 399 5474 τότε
424 5422 518 5476 καὶ
547 5424 708 5476 αὐτὸν
738 5424 1120 5494 ὀνομάζεσθαι.
1147 5429 1254 5482 Καὶ
1273 5430 1628 5500 γυμνωθέντα
1654 5433 1860 5486 τούτων

280 5516 537 5568 ἁπάντων
600 5517 877 5569 σκοτεινὸν
942 5519 1236 5588 γενέσθαι,
1297 5523 1392 5574 καὶ
1451 5522 1690 5593 δυσειδῆ.
1758 5527 1859 5578 Τὸν

283 5607 328 5660 δ’
357 5608 562 5674 ἀγαθὸν
592 5610 808 5679 Πατέρα
835 5611 995 5682 μέχρι
1026 5613 1216 5666 τούτου
1243 5598 1520 5686 στήσαντα
1542 5619 1638 5688 τὴν
1665 5620 1856 5686 ὀργὴν.

284 5702 503 5766 ἀφεῖναι
535 5701 723 5755 τοῦτον
750 5706 1166 5776 κοσμοκράτορα
1213 5709 1306 5760 καὶ
1335 5709 1544 5780 κύριον,
1596 5705 1668 5762 ὧν
1700 5711 1860 5774 αύτδς

288 5790 708 5860 ἐδημιούργησε,
739 5795 921 5850 πεσὼν
943 5798 1168 5854 ἄνωθεν.
1201 5797 1385 5855 Ταῦτα
1423 5806 1520 5872 μὲν
1545 5804 1770 5858 ἐκείνων
1795 5805 1862 5859 τὰ

364 5908 376 5935 ⁸
411 5906 604 5965 Huan.
636 5924 715 5980 ιιι,
749 5911 827 5967 l2.

1965 4682 2196 4752 maligno
2229 4691 2345 4737 erat
2383 4683 2421 4736 ¹.
2468 4682 2735 4736 Caeterum
2777 4697 2903 4737 cum
2967 4682 3218 4738 Satanael
3269 4683 3538 4751 impudice

1961 4789 2082 4828 cum
2142 4774 2250 4828 Eva
2313 4789 2409 4844 per
2475 4782 2779 4843 serpentem
2836 4783 3293 4842 corrumperetur,
3359 4774 3535 4828 divina

1963 4863 2130 4918 fuisse
2153 4865 2332 4919 statim
2353 4865 2620 4935 privatum
2637 4862 2805 4918 forma
2825 4879 2888 4918 ac
2906 4865 3248 4930 vestimento,
3269 4874 3322 4918 et
3344 4881 3536 4919 creano

1963 4957 2011 5012 di
2047 4957 2320 5020 facultate,
2369 4968 2424 5010 et
2479 4955 2574 5011 Dei
2619 4955 2996 5026 appellatione.
3050 4957 3245 5025 quibus
3271 4958 3537 5026 adempth

1964 5051 2122 5104 rebus
2154 5050 2551 5105 tenebricosum
2608 5059 2770 5119 atquc
2833 5034 3084 5102 mnnihns
3127 5050 3354 5102 imisum
3411 5066 3536 5104 eva-

1961 5145 2118 5200 sisse.
2151 5143 2256 5198 Sed
2288 5143 2488 5198 bonum
2518 5142 2732 5197 Patrem
2767 5144 2846 5196 sic
2873 5142 3205 5196 iracundiam
3241 5152 3537 5210 temperas-

1961 5251 2040 5302 se,
2104 5245 2162 5289 ut
2221 5235 2560 5303 permitteret
2607 5249 2728 5286 eum
2801 5242 3076 5287 auctorem
3136 5246 3198 5284 ac
3257 5231 3533 5286 domimnn

1962 5344 2146 5382 eorum
2180 5341 2322 5390 esse,
2354 5343 2469 5396 quae
2494 5327 2608 5395 ipse
2642 5340 2670 5380 e
2695 5325 3018 5382 anhlimihus
3050 5323 3253 5377 cadens
3281 5323 3535 5376 condide-

1962 5427 2063 5472 rat.
2098 5417 2400 5472 Istinsmodi
2432 5425 2559 5470 sunt
2618 5416 2859 5484 ipsorum
2924 5413 3138 5466 fabulae.
3193 5411 3384 5466 Verum
3435 5430 3533 5470 cur

1965 5523 2067 5563 non
2092 5510 2261 5577 potuit
2290 5509 2444 5577 aquis
2471 5509 2726 5565 insidere.
2773 5508 2879 5559 imo
2915 5521 3062 5572 vero,
3096 5505 3312 5574 quando
3336 5521 3531 5574 corpo-

1965 5616 2022 5654 ra
2053 5615 2264 5670 quoque
2306 5599 2542 5654 insident
2583 5597 2758 5666 aquis,
2785 5613 2883 5651 cur
2910 5597 3022 5665 ipse
3057 5613 3158 5650 una
3207 5612 3326 5650 cum
3383 5598 3534 5652 dere.

1971 5691 2234 5745 ctric'tbus
2277 5689 2378 5743 illis
2415 5687 2794 5755 potestatibus,
2827 5686 3099 5753 proprium
3134 5703 3235 5738 non
3272 5686 3455 5740 habuit
3480 5688 3533 5744 in

1965 5785 2118 5855 aquis
2171 5783 2542 5838 domicilium?
2600 5778 3031 5849 quandoquidem
3095 5795 3232 5833 nunc
3280 5780 3536 5834 etiamin
