3960 6544
461 451 600 518 1299

454 655 589 710 locis
618 658 1011 724 subterraneis,
1081 673 1200 711 cum
1240 673 1266 711 a
1300 659 1521 712 materia
1583 657 1795 727 longius
1828 658 2026 722 absint,

453 762 612 809 quam
646 746 745 815 ipsi
783 756 1065 802 ventorum
1103 747 1301 803 ﬂatus?
1326 741 1476 814 Quod
1506 747 1550 802 si
1578 746 1833 801 Satanael
1866 757 2029 799 natu-

453 851 510 890 ra
537 836 722 891 fuisset
748 837 887 891 filius
917 838 1027 904 Dei,
1051 839 1284 907 potentia
1313 840 1456 893 Patri
1482 855 1579 893 suo
1602 820 1695 906 par
1714 838 2026 899 exstitisset,

452 929 902 993 quemadmodum
931 938 983 982 et
1017 914 1317 995 unigenitus
1375 930 1562 998 Filius,
1589 932 1677 1001 qui
1720 916 1848 985 dicit
1876 950 1891 985 :
1917 928 2027 995 Ego

452 1025 500 1067 et
530 1015 691 1071 l’ater
721 1035 881 1071 unum
930 1036 1109 1073 sumus
1141 1023 1179 1075 ¹.
1215 1021 1280 1074 Ει
1334 1037 1543 1075 rursum
1585 1008 1603 1076 :6
1643 1021 1855 1085 Omnia,
1912 1036 2028 1091 qua:

451 1106 616 1160 Pater
644 1106 814 1171 habet,
842 1126 956 1162 mea
985 1120 1106 1162 sunt
1146 1113 1186 1164 ’.
1221 1109 1288 1163 Et
1320 1098 1533 1165 rursum
1562 1130 1575 1164 :
1612 1113 1712 1175 Qui
1744 1113 1872 1165 vidit
1927 1127 2025 1173 me,

457 1197 667 1251 Patrem
708 1202 831 1253 vidit
866 1203 905 1255 ³.
934 1200 998 1255 Et
1034 1217 1291 1257 rursum:
1335 1201 1455 1256 Nisi
1488 1204 1623 1274 facio
1648 1220 1803 1271 apera
1849 1202 2028 1256 Patris

452 1290 577 1354 mei,
605 1306 668 1343 ne
697 1292 752 1343 in
784 1307 863 1345 me
887 1294 1077 1346 credite
1107 1292 1149 1347 ⁸.
1211 1293 1361 1358 Quod
1386 1295 1432 1348 si
1464 1296 1701 1363 potentia
1728 1310 1825 1362 par
1858 1294 2028 1348 exsti—

454 1379 631 1443 tisset,
659 1384 907 1449 quamvis
952 1378 1026 1437 de
1081 1383 1381 1438 defectione
1432 1386 1653 1439 omnino
1711 1387 2027 1455 cogitasset,

454 1470 595 1523 haud
624 1472 780 1525 facile
809 1464 1052 1543 dejectus
1088 1485 1250 1529 esset.
1278 1474 1530 1543 Dejectus
1560 1488 1739 1531 autem
1777 1478 1867 1531 Dei
1916 1480 2028 1531 for-

455 1580 597 1618 mam
652 1577 812 1635 atque
836 1569 1097 1653 habitum,
1137 1581 1189 1653 et
1219 1573 1538 1640 procreandi
1572 1582 1893 1642 petestatem
1922 1587 2025 1625 non

458 1657 784 1733 retinuisset.
814 1645 905 1713 liis
955 1660 1099 1714 enim
1148 1645 1301 1731 prius
1336 1662 1484 1718 illum
1512 1656 1729 1732 spoliari
1763 1664 2023 1733 oportuit,

455 1748 649 1804 deinde
680 1750 895 1817 expelli.
957 1752 1138 1818 Quare
1188 1768 1311 1807 cum
1370 1769 1493 1823 pars
1560 1756 1748 1808 horum
1788 1755 2023 1808 absurda

457 1846 511 1913 et
548 1828 795 1892 abomni
829 1841 1056 1895 veritate
1109 1842 1284 1896 aliena
1333 1844 1616 1912 perspicue
1655 1845 1746 1908 sit,
1808 1854 2023 1898 constat

1677 454 2060 552 summu
2101 452 2457 513 ZIGABENI

453 565 608 634 aquis
641 564 910 639 habitant,
944 573 997 635 et
1058 567 1110 621 in
1145 564 1406 648 fontibus,
1461 572 1515 620 et
1548 564 1600 619 in
1651 567 1813 631 mari,
1867 574 1920 619 et
1964 566 2017 618 in

2131 562 2331 632 μυθικά
2360 578 2373 592 ο
2424 559 2564 616 ἀλλά
2599 560 2714 623 πῶς
2749 557 2852 613 οὐκ
2890 556 3123 629 ἠδύνατο
3176 556 3290 619 τοῖς
3352 553 3540 608 ὕδασιν
3574 555 3697 621 ἐφι-

3559 440 3696 507 1300

3674 622 3719 652 /

2130 655 2348 719 ζὰνειν,
2417 654 2615 724 μᾶλλον
2662 653 2718 705 δὲ
2778 652 2901 705 ἐπεὶ
2952 652 3015 705 τὸ
3093 649 3370 718 ἑφιζάνειν
3449 646 3699 716 σώματος

2130 744 2278 809 ἐστι,
2354 743 2474 804 πῶς
2535 743 2638 795 οὐκ
2698 740 2933 809 ἠδύνατο
2991 740 3129 808 μετά
3185 736 3297 789 τῶν
3355 748 3701 788 συναποστα-

2127 839 2295 893 τικῶν
2351 839 2633 908 δυνάμεων
2684 836 2827 906 ἔχειν
2877 834 2939 886 τὸ
3008 830 3152 902 ὕδωρ
3228 824 3698 894 ἐνδιαιτητήριονς

2130 933 2240 1005 Καὶ
2301 930 2409 1000 γὰρ
2456 930 2551 983 καὶ
2605 927 2700 980 νῦν
2763 926 2951 978 ὕδασιν
3006 919 3417 981 ὲνδιαιτῶνται,
3470 914 3569 967 καὶ
3593 930 3699 981 πη·

2128 1026 2253 1092 γαϊς
2273 1064 2286 1087 ,
2338 1022 2434 1075 καὶ
2486 1020 2776 1089 ποταμοῖς,
2829 1018 2923 1070 καὶ
2953 1016 3175 1085 λίμναις
3195 1051 3209 1075 ,
3233 1010 3328 1063 καὶ
3364 1009 3699 1065 Θαλάσσαις,

2129 1117 2220 1168 καὶ
2252 1114 2597 1184 καταχθόνιοι
2623 1114 2895 1180 μένουσιν,
2919 1108 2993 1169 ὡς
3016 1105 3305 1173 πνεύματα
3330 1101 3492 1163 ἇῡλα,
3525 1095 3703 1163 πολλῷ

2128 1206 2237 1260 τῶν
2270 1192 2569 1274 ἀνεμιαίων
2604 1202 2929 1271 πνευμάτων
2959 1196 3247 1264 ἀΰλότερα.
3290 1193 3350 1243 El
3387 1190 3445 1243 δὲ
3477 1189 3572 1241 καὶ
3610 1187 3707 1255 φύ-

2131 1315 2213 1350 σει
2239 1296 2375 1349 θεοῦ
2407 1296 2518 1358 υίὸς
2548 1290 2646 1365 ἦν,
2680 1289 2957 1361 ίσοσοενὴς
2989 1288 3053 1341 ἂν
3089 1282 3158 1355 ἦν
3187 1283 3266 1352 τῷ
3300 1280 3462 1351 φύσει
3495 1278 3735 1344 Πατρὶπ

2129 1389 2381 1457 καθάπερ
2407 1388 2502 1441 καὶ
2532 1387 2560 1438 6
2597 1383 2889 1455 μονογενὴς
2916 1380 3043 1441 Υἱὸς
3074 1379 3102 1430 6
3127 1376 3322 1442 λέγων,
3368 1371 3520 1440 Ἐγὼ
3552 1367 3650 1421 καὶ
3676 1370 3706 1420 ὁ

2127 1480 2332 1547 Πατὴρ
2360 1480 2429 1532 ἓν
2459 1480 2666 1547 ἐσμεν.
2701 1476 2812 1529 Καὶ
2851 1468 3029 1534 αὖθις,
3068 1470 3131 1522 '0
3161 1464 3433 1535 ἑωρακὼς
3466 1460 3573 1530 ἐμὲ
3602 1457 3702 1511 ἐώ-

2119 1589 2273 1641 ρακε
2303 1572 2412 1626 τὸν
2445 1568 2694 1637 Πατέρα.
2725 1568 2836 1621 Καὶ
2866 1563 3057 1624 πάλιν,
3091 1562 3251 1613 Ὀσα
3281 1557 3406 1624 ἔχει
3439 1557 3472 1607 ό
3508 1550 3708 1616 Πατὴρ

2127 1663 2238 1733 ἐμά
2262 1663 2415 1717 ἐστι.
2457 1662 2565 1713 Καὶ
2598 1658 2775 1720 αὖθις,
2806 1658 2873 1709 El
2901 1657 2972 1709 οὺ
2996 1651 3145 1706 ποιῶ
3171 1651 3242 1703 τὰ
3276 1649 3419 1716 ἔργα
3454 1643 3561 1698 τοῦ
3590 1646 3707 1696 Πα-

2127 1756 2267 1818 τρός
2290 1754 2526 1822 μου,μὴ
2555 1748 2870 1804 πιστεύετέ
2892 1762 3013 1816 μοι.
3049 1741 3352 1809 ’ἰσοσθενὴς
3382 1738 3437 1791 δὲ
3470 1737 3547 1789 ὣν
3578 1737 3703 1786 ἀντ·

2127 1848 2256 1916 έστη
2310 1846 2395 1907 ἂν,
2420 1843 2606 1912 ἐπειδὴ
2629 1843 2721 1895 καὶ
2743 1842 2881 1902 ὅλως
2903 1835 3243 1891 ἀποστασίαν
3267 1832 3592 1900 ἐμελέτησε,
3617 1826 3709 1879 καὶ

455 1937 508 1983 et
537 1942 622 1995 ea,
654 1945 771 1999 qua:
801 1944 1226 2001 consequuntur,
1264 1935 1420 2003 plane
1443 1936 1574 1989 falsa
1609 1950 1754 1999 esse,
1794 1951 1890 1989 nec
1918 1936 2025 1989 ullo

2131 1933 2228 1985 οὐκ
2273 1933 2339 1986 ἂν
2367 1932 2510 1984 οὕτω
2555 1931 2755 2002 ῥαδίως
2796 1923 3131 1995 κατεϐλήθη.
3165 1921 3290 1983 Πῶς
3317 1919 3373 1973 δὲ
3407 1918 3503 1972 καὶ
3531 1917 3706 1988 pupil;

459 2008 615 2071 modo
644 2034 803 2088 posse
826 2023 1146 2077 consistere.
1181 2022 1288 2077 Nec
1316 2024 1447 2078 illud
1501 2025 1875 2093 negligendum
1928 2035 2029 2090 est,

455 2108 597 2175 quod
632 2098 919 2182 ex'liioysis
948 2112 1087 2166 libro
1111 2126 1268 2179 quem
1301 2114 1625 2181 improbant,
1665 2113 2028 2168 testimonium

458 2199 585 2253 illud
613 2199 895 2269 proferunt
932 2221 945 2257 :
984 2202 1049 2256 In
1098 2204 1352 2272 principia
1392 2204 1517 2273 fecit
1568 2204 1707 2258 Deus
1754 2206 1938 2258 caelum
1982 2215 2030 2259 et

456 2301 674 2346 terram.
708 2291 842 2348 Nam
904 2290 1048 2364 (ιιιοά
1099 2297 1348 2350 Satanae!
1385 2297 1778 2352 firmamentmn
1842 2298 2032 2353 fecisse

456 2376 662 2451 dicunt,
694 2381 754 2440 σι’
780 2400 947 2455 aquas
980 2387 1031 2439 in
1083 2386 1196 2441 loca
1230 2388 1360 2457 ipsis
1415 2401 1601 2457 parata
1652 2406 2026 2461 congregasse,

457 2472 811 2548 ornasseq'ue
844 2480 1267 2547 firmamentum,
1328 2492 1380 2535 et
1422 2493 1645 2551 terram,
1698 2494 1752 2539 et
1786 2500 1904 2553 quae
1942 2500 2030 2539 se-

457 2582 698 2637 quuntur
717 2573 921 2637 omnia,
959 2570 1126 2642 usque
1170 2575 1234 2627 ad
1286 2574 1519 2629 hominis
1575 2575 1950 2630 formationem
1977 2587 2030 2630 et

458 2660 872 2717 insuﬂlationem
904 2665 957 2717 in
989 2679 1135 2729 eum,
1169 2679 1232 2719 ex
1260 2665 1454 2736 Moysis
1479 2667 1637 2732 libro,
1658 2667 1709 2720 in
1734 2683 1842 2736 quo
1872 2684 2031 2721 mnu-

456 2755 509 2809 di
538 2754 1223 2832 procreationemenarrat,
1244 2770 1491 2827 surrepta
1518 2769 1641 2813 sunt
1660 2775 1686 2811 a
1710 2757 2026 2828 Bogomilis,

454 2848 542 2914 qui
570 2842 1005 2901 Paulic'ianorum
1059 2849 1368 2918 Opinionem
1416 2846 1705 2921 sequentes
1755 2850 2029 2919 opificium

454 2938 643 2993 eorum
674 2938 957 2994 Satanaeli
1016 2941 1342 2997 tribuerunt.
1396 2940 1473 2995 Ilii
1529 2943 1811 2996 enimnon
1854 2941 2028 2997 solum

454 3029 679 3085 aliarum
705 3047 904 3097 rerum,
930 3032 1022 3086 sed
1056 3033 1215 3087 etiam
1240 3033 1396 3101 primi
1425 3024 1949 3099 hominis,etterrae,
1978 3042 2031 3088 et

452 3120 691 3176 omnium
728 3138 848 3193 qua:
877 3114 929 3177 in
966 3126 1165 3179 mundo
1207 3136 1354 3189 sttnt,
1412 3129 1839 3194 procreationem
1889 3126 2030 3180 malo

454 3214 749 3268 ascribunt.
799 3216 989 3279 Quaere
1045 3215 1095 3269 in
1166 3210 1322 3270 titulo
1375 3206 1657 3269 Adversus
1694 3218 2029 3270 l’aulicianos

454 3303 632 3373 capita
661 3321 778 3372 quae
810 3306 1063 3375 inscripta
1098 3316 1222 3361 sunt
1253 3322 1269 3360 :
1313 3307 1430 3360 Non
1462 3323 1572 3361 esse
1611 3309 1715 3361 duo
1738 3309 2023 3375 principia,

453 3394 546 3451 sed
577 3414 737 3450 unum
766 3396 1029 3451 auctorem
1060 3398 1197 3462 cali,
1233 3407 1280 3451 et
1310 3408 1482 3461 terra,
1520 3392 1570 3451 et
1598 3415 1777 3451 eorum
1825 3415 1942 3469 qua:
1973 3400 2026 3452 in

452 3488 807 3554 medio'sunl,
861 3498 911 3541 et
963 3490 1014 3541 in
1079 3487 1184 3543 illis
1245 3487 1489 3542 invenies
1531 3488 1711 3541 varias
1765 3491 2025 3553 rationes,

450 3580 646 3647 quibus
690 3579 811 3633 'hzec'
870 3577 1261 3648 Bogomilorum
1320 3578 1502 3647 opinio
1540 3576 1809 3631 confutari
1870 3578 2027 3632 facile

450 3678 637 3742 queat.
667 3670 739 3725 lbi
789 3686 1001 3726 rursum
1036 3682 1218 3740 aperte
1250 3671 1620 3738 deprehendes
1672 3671 1724 3724 in
1776 3670 2027 3738 capitulis

450 3766 926 3834 subsequentibus,
951 3780 1068 3833 qua:
1091 3764 1343 3819 similiter
1364 3764 1629 3834 inscripta
1654 3773 1782 3818 sunt
1816 3783 1829 3818 :
1854 3762 2027 3817 Unum

450 3860 563 3913 esse
621 3860 851 3928 corporis
881 3867 927 3910 et
967 3857 1162 3910 animo:
1206 3867 1485 3910 auctorem.
1516 3854 1648 3909 Nam
1685 3856 1920 3911 fabulam
1965 3859 2030 3907 de

449 3962 702 4023 serpente
752 3953 819 4005 ab
870 3950 999 4020 ipsis
1045 3948 1353 4012 confictam,
1404 3961 1459 4002 ut
1492 3950 1603 4003 risu
1644 3951 1818 4019 potius
1869 3963 2027 4017 quam

453 4046 825 4103 confutatione
850 4046 1065 4109 dignam
1089 4043 1422 4096 omittemus.
1471 4040 1638 4106 Quem
1673 4057 1835 4111 porro
1890 4044 2031 4111 lega-

454 4142 566 4193 tum
600 4138 745 4190 misit
775 4136 841 4189 ad
876 4135 1084 4187 Patrem
1115 4142 1163 4186 et
1214 4132 1380 4186 Deum
1420 4149 1579 4203 quem
1624 4133 1830 4186 insidiis
1860 4138 2029 4202 petie-

456 4230 562 4293 rit,
618 4228 863 4296 ipseiam
900 4227 1068 4280 boetis
1111 4226 1448 4280 declaratus?
1478 4224 1644 4279 Nemo
1669 4227 1811 4279 enim
1835 4242 2021 4281 eorum

455 4318 547 4390 qui
578 4319 732 4374 simul
764 4317 1073 4372 defecerant
1101 4332 1164 4370 eo
1198 4332 1417 4371 munere
1446 4317 1590 4385 fungi
1626 4332 1793 4371 ausus
1859 4328 2026 4372 esset.

460 4413 533 4469 l'Zt'
580 4414 737 4467 nemo
798 4426 1012 4464 rursum
1076 4395 1388 4480 angelorum
1451 4411 1563 4464 Deo
1602 4410 2027 4464 ministrantium

458 4500 603 4561 eam~
638 4503 971 4575 provinciam
1013 4506 1266 4573 cepisset,
1316 4512 1372 4557 ut
1435 4504 1481 4555 ei
1532 4503 1739 4557 hostem
1777 4504 1943 4573 ipsius
1976 4514 2032 4559 et

2132 2022 2278 2093 εῖχεν
2308 2024 2387 2076 ἔτι
2412 2024 2512 2094 τὴν
2548 2024 2640 2074 τοῦ
2676 2018 2811 2073 Θεοῦ
2846 2017 3086 2087 μορφὴν,
3118 2013 3216 2068 κα1⁵
3245 2011 3458 2081 στολὴν,
3490 2010 3589 2062 καὶ
3614 2008 3708 2077 τὴν

2130 2115 2532 2186 δημιουργικὴν
2562 2111 2726 2167 αὑτοῦ
2757 2111 3026 2179 δύναμινς
3058 2107 3205 2160 Ἔδει
3241 2106 3349 2174 γὰρ
3377 2104 3546 2155 αὐτὸν
3580 2100 3709 2170 πρό-

2130 2226 2288 2277 τερον
2313 2207 2665 2279 γυμνωθῆναι
2689 2204 2917 2265 τούτων,
2947 2198 3065 2254 εἶτα
3086 2197 3518 2269 καταρῤιφῆναι.
3556 2195 3710 2247 Ἀπισ

2132 2299 2295 2356 θάνον
2330 2302 2388 2354 δὲ
2439 2300 2533 2354 τοῦ
2571 2299 2772 2368 μέρους
2820 2296 3009 2348 τούτου
3049 2291 3327 2361 φανέντος,
3358 2288 3454 2341 καὶ
3501 2283 3706 2353 γυμνοῦ

2133 2399 2314 2463 πάσης
2348 2394 2625 2462 ἀληθείας,
2658 2387 2972 2449 ἀκολούθως
3004 2386 3098 2439 καί
3126 2383 3195 2436 τὰ
3227 2378 3506 2433 ἀκόλουθα
3536 2376 3706 2443 τούτῳ

2130 2491 2302 2563 ψευδῆ
2333 2488 2639 2558 φαίνονται,
2667 2484 2761 2536 καὶ
2788 2480 3093 2535 ἀσύστατα.
3122 2473 3437 2543 Σκοπητέον
3473 2471 3553 2533 δὲ,
3593 2469 3707 2531 πῶς

2131 2559 2196 2639 ἐκ
2224 2585 2321 2652 τῆς
2361 2578 2733 2646 ἀθετουμένης
2766 2574 2951 2634 αὐτοῖς
2988 2567 3269 2638 μωσαῖκῆς
3306 2563 3495 2634 βίϐλου
3530 2559 3706 2629 παρά-

2130 2695 2287 2749 γουσι
2338 2671 2666 2745 μαρτυρίαν,
2699 2670 2781 2723 δτι
2819 2668 2877 2719 ὲν
2922 2667 3067 2733 ἀρχῇ
3121 2660 3427 2727 ἐποίησενὸ
3460 2653 3708 2749 Θεὺςτδν

2131 2747 2363 2841 οὐρανὸν
2392 2765 2490 2819 καὶ
2525 2764 2625 2833 τὴν
2655 2762 2781 2830 γῆν.
2834 2758 2908 2811 T6
2936 2756 2995 2810 δὲ
3025 2753 3399 2824 δογματίζειν,
3435 2750 3521 2801 ὅτι
3552 2748 3580 2798 6
3612 2747 3708 2797 Σα-

2131 2862 2337 2929 ταναὴλ
2361 2858 2763 2929 ἐδημιούργησε
2781 2852 2842 2905 τὸ
2869 2850 3180 2920 στερέωμα,
3210 2846 3304 2898 καὶ
3318 2845 3411 2895 Δὅτι
3434 2841 3708 2908 συνήγαγε

2129 2957 2199 3010 τὰ
2228 2954 2395 3007 ὕδατα
2424 2952 2503 3013 είς
2534 2952 2634 3011 τὰς
2668 2941 3213 3001 κατασκευασθείσας
3242 2938 3427 2996 αὐτοῖς
3462 2950 3707 2999 συναγωο

2130 3050 2253 3117 γὰς,
2280 3048 2377 3101 καὶ
2405 3046 2487 3098 ὅτι
2512 3041 2895 3109 κατεκόσμησε
2920 3036 2983 3089 τὸ
3016 3034 3307 3102 στερέωμα
3332 3029 3427 3083 καὶ
3455 3027 3555 3098 τὴν
3588 3026 3705 3093 γῆν,

2131 3142 2226 3195 καὶ
2258 3139 2325 3191 τὰ
2355 3135 2554 3206 ἑφεξῆς
2580 3134 2797 3187 ἅπαντα
2831 3130 2990 3200 μέχρι
3021 3127 3116 3179 τοῦ
3149 3126 3227 3186 είς
3254 3122 3346 3175 τὸν
3383 3118 3708 3189 πρωτόπλα-

2057 3251 2098 3308 c
2135 3248 2260 3286 στον
2304 3229 2721 3299 ὲμφυσήματος,
2768 3225 2833 3277 ὲκ
2882 3222 2979 3290 τῆς
3031 3216 3317 3289 μωσαῖκῆς
3368 3214 3468 3282 μὲν
3514 3226 3709 3278 κοσμο-

2132 3323 2350 3393 γενείας
2386 3318 2731 3389 ὲσυλήοησαν
2752 3356 2765 3380 ,
2802 3313 2878 3381 τῷ
2916 3307 3204 3378 Σαταναὴλ
3237 3307 3294 3359 δὲ
3328 3305 3587 3356 ἀνέθεντο
3618 3302 3709 3368 τὴν

2134 3416 2338 3470 τούτων
2382 3410 2742 3481 δημιουργίαν
2775 3408 2825 3459 οἱ
2874 3403 3163 3471 Βογόμιλοι
3194 3400 3273 3469 τῷ
3319 3398 3553 3464 δόγματι
3604 3393 3710 3443 τῶν

2133 3509 2511 3564 Παυλικιάνων
2535 3499 2973 3559 ἀκολουθοῦντες.
3009 3496 3239 3551 Ἐκεῖνοι
3255 3492 3363 3562 γάρ
3383 3490 3463 3558 τῷ
3488 3485 3709 3555 πονηρῷ

2132 3604 2191 3655 οὐ
2225 3601 2382 3671 μόνον
2400 3601 2496 3667 τὴν
2521 3611 2730 3650 τουτων
2756 3588 3124 3662 δημιουργίαν
3152 3583 3548 3653 ἀπονέμουσιν,
3577 3578 3709 3631 ἀλλὰ

2140 3696 2234 3748 καὶ
2256 3693 2351 3764 τὴν
2385 3690 2478 3744 τοῦ
2508 3688 2724 3759 πρώτου
2753 3682 2985 3752 οὐρανοῦ
3012 3682 3104 3732 καὶ
3132 3677 3231 3747 τῆς
3247 3677 3372 3743 γῆς,
3398 3675 3494 3727 καὶ
3517 3671 3707 3725 ἁπλῶς

2134 3787 2328 3847 εἰπεῖν,
2356 3781 2611 3835 ἁπάντων
2635 3778 2744 3829 τῶν
2771 3773 3103 3842 ἐγκοσμίων.
3131 3768 3243 3820 Καὶ
3269 3766 3509 3833 ζήτησον
3538 3765 3595 3814 ὲν
3635 3758 3705 3826 τῷ

2134 3875 2284 3929 κατὰ
2336 3871 2457 3926 τῶν
2503 3865 2927 3923 Παυλικιάνων
2983 3860 3146 3928 τίτλῳ
3172 3858 3241 3910 τὰ
3285 3854 3590 3920 κεφάλαια,
3630 3845 3705 3909 οἷς

2134 3961 2692 4033 ὲπιγέγραπται,”οτι
2714 3959 2785 4009 οὺ
2803 3954 2912 4008 δύο
2941 3951 3138 4019 ἀρχαὶ,
3171 3947 3308 4003 ἀλλ’
3324 3942 3413 4009 εἷς
3432 3944 3708 4009 (Sumam-

2134 4058 2237 4126 τὸς
2258 4053 2541 4122 οὐρανοῦ,
2561 4052 2657 4105 καὶ
2676 4048 2807 4119 γῆς,
2827 4047 2919 4099 καί
2938 4044 3054 4097 τῶν
3068 4043 3333 4111 ἐνμέσῳ,
3348 4040 3441 4092 καὶ
3458 4037 3709 4105 εὑρήσεις

2136 4154 2193 4203 ὲν
2221 4148 2450 4207 ἐκείνοις
2473 4145 2568 4205 τὰς
2600 4140 2946 4211 προσφόρους
2974 4133 3437 4203 ἀνατροπὰς,δσαι
3464 4129 3543 4183 τῶ
3572 4144 3709 4195 nap-

2136 4244 2252 4296 όντι
2314 4239 2424 4293 τῶν
2454 4235 2770 4305 Βογομίλων
2795 4232 3029 4299 δόγματι
3059 4227 3562 4298 προσαρμόζουσιν.
3591 4223 3709 4274 Ὀτι

2134 4336 2190 4389 δὲ
2216 4334 2332 4387 οὐδὲ
2357 4332 2417 4384 τὸ
2443 4330 2602 4397 σῶμα
2633 4326 2725 4381 τοῦ
2750 4323 3178 4395 πρωτοπλάστου
3201 4320 3597 4389 δημιούργημα
3616 4313 3710 4366 τοῦ

2136 4426 2421 4494 Σαταναήλ
2456 4424 2620 4483 ἐστιν,
2657 4420 2777 4472 ἐκεῖ
2806 4417 2968 4469 πάλιν
3003 4414 3185 4482 σαφῶς
3221 4414 3477 4482 εὑρήσεις
3515 4414 3570 4461 ἐν
3600 4411 3710 4469 τοῖς

2136 4520 2334 4588 ἐφεξῆς
2351 4516 2688 4585 κεφαλαίοις,
2711 4510 2790 4574 οἷς
2814 4510 3015 4580 ὁμοίως
3039 4507 3600 4576 ἓπιγέγραπται.”οτι
3624 4498 3708 4563 εἷς

458 4595 613 4655 suum
649 4588 1048 4654 reconciliaret.
1084 4596 1161 4651 Ad
1204 4580 1318 4651 lure
1366 4597 1635 4664 quomodo
1673 4599 1846 4651 bonus
1888 4597 2028 4653 Deus

2136 4580 2496 4680 causamin
2516 4607 2621 4661 τοῦ
2644 4605 2942 4672 σώματος,
2966 4599 3187 4669 καὶτῆς
3208 4596 3439 4668 ψυχῆς,
3465 4600 3585 4666 ἦτοι
3616 4595 3706 4648 τοῦ

2131 4703 2444 4774 ἀνθρώπου.
2467 4700 2579 4767 Τὴν
2600 4697 2708 4766 γὰρ
2737 4694 2879 4747 κατά
2905 4694 2998 4746 τὸν
3021 4692 3147 4757 ὅφιν
3174 4688 3504 4759 μυθολογίαν
3531 4685 3751 4772 αὑτῶνς⁸

458 4688 680 4749 inimico
707 4690 1073 4747 consensisset
1110 4687 1425 4758 postulanti,
1461 4697 1518 4742 ut
1562 4689 1796 4741 animam
1830 4689 1881 4741 in
1912 4703 2035 4742 cor-

460 4784 561 4857 pus
589 4802 616 4837 a
649 4800 706 4839 se
739 4784 1029 4838 formatum
1063 4782 1391 4844 demitteret,
1426 4790 1483 4833 ut
1526 4780 1688 4834 homo
1729 4781 2034 4834 communis

461 4875 635 4934 foret?
664 4876 794 4943 Qum
824 4876 967 4928 enim
993 4873 1303 4928 communio
1334 4874 1433 4926 luci
1482 4888 1601 4926 cum
1635 4872 1903 4926 tenebris?
1943 4882 2033 4925 aut

456 4964 547 5039 qni
582 4964 877 5025 consensus
930 4968 1039 5020 Deo
1099 4980 1221 5017 cum
1270 4961 1441 5017 Belial
1475 4963 1538 5015 '?
1587 4960 1704 5014 Jam
1764 4961 2033 5030 quomodo

458 5056 712 5118 Satanael
743 5058 985 5124 corporis
1014 5070 1205 5124 expers
1237 5058 1444 5108 ratione
1467 5070 1723 5123 corporea
1759 5068 1879 5107 cum
1920 5052 2027 5106 Eva

454 5148 779 5212 concubuit?
806 5151 910 5205 Per
943 5134 1234 5203 visuinnc?
1266 5147 1402 5201 Διδί
1423 5134 1534 5214 "per
1562 5148 1760 5210 visum,
1794 5162 2028 5216 quomo-

455 5250 523 5303 do
552 5264 616 5303 ex
648 5248 733 5301 illa
768 5246 907 5300 filios
942 5241 1286 5313 procreavit?
1319 5242 1425 5294 Aut
1459 5256 1556 5293 cur
1579 5240 1710 5295 Cain
1751 5239 1890 5293 filius
1918 5239 2033 5308 eius

457 5357 561 5395 non
588 5341 688 5407 ipsi
730 5354 826 5408 par
863 5346 916 5392 ei.
951 5338 1139 5391 similis
1174 5336 1293 5400 fuit,
1319 5332 1640 5388 sed‘Adam?
1670 5331 1859 5386 Omnis
1888 5330 2032 5385 enim

454 5431 638 5501 proles
700 5430 928 5499 genitori
991 5440 1182 5481 natura
1243 5428 1339 5491 par
1388 5436 1441 5479 et
1496 5423 1689 5477 similis
1746 5432 1846 5476 est.
1898 5421 2032 5475 Nam

455 5522 595 5592 quod
623 5520 859 5575 Joannes
888 5512 1170 5588 apostolus
1203 5517 1359 5579 dixit,
1407 5516 1539 5568 Cain
1565 5529 1630 5567 ex
1665 5514 1809 5567 malo
1842 5512 2032 5577 fuisse,

456 5632 559 5671 non
589 5630 654 5670 eo
686 5624 931 5683 spectant
977 5614 1088 5667 ha-c
1143 5610 1328 5671 verba,
1363 5611 1503 5680 quod
1554 5624 1777 5676 corpore
1842 5606 1910 5661 ab
1946 5607 2036 5661 illo

454 5710 619 5764 fuerit
649 5717 989 5776 procreatus,
1030 5708 1122 5761 sed
1149 5705 1293 5774 quod
1323 5705 1388 5757 ab
1427 5691 1519 5757 illo
1581 5702 1840 5757 malitiam
1892 5702 2037 5756 didi-

455 5803 611 5860 deri'.
646 5803 800 5872 Saepe
821 5801 965 5857 enim
988 5809 1043 5855 et
1074 5794 1369 5867 discipulus
1398 5808 1622 5851 vocatur
1650 5796 1808 5861 ﬁlius,
1829 5802 1885 5852 et
1915 5808 2030 5848 ma-

2132 4795 2478 4863 παρήσομεν,
2502 4789 2576 4853 ὡς
2592 4789 2828 4856 γέλωτος
2853 4785 3054 4852 μᾶλλον
3077 4783 3109 4851 ἢ
3136 4781 3513 4852 ἀντιρρήσεως
3534 4778 3719 4863 ἀξίαν.ξ

2130 4852 2231 4935 Διά
2254 4852 2393 4944 τίνος
2421 4852 2477 4931 δέ
2505 4852 2725 4947 μεσίτου
2750 4877 2841 4928 καὶ
2864 4874 2960 4944 τὴν
2981 4873 3118 4943 πρὸς
3141 4872 3231 4924 τὸν
3254 4852 3716 4944 ἐπιβουλευθέντα³

2132 4974 2356 5041 Πατέρα
2374 4973 2467 5025 καὶ
2489 4968 2622 5022 θεὸν
2640 4970 2939 5036 ἐποιήσατο
2967 4964 3263 5035 πρεσϐείαν
3282 4964 3309 5015 6
3336 4960 3707 5031 καταρραγεὶς

2130 5064 2322 5134 ἐχθρός
2348 5079 2363 5128 ;
2397 5060 2573 5123 οὐδεὶς
2606 5060 2703 5127 μὲν
2727 5059 2834 5128 γὰρ
2857 5059 2919 5109 ὲκ
2946 5056 3053 5108 τῶν
3079 5055 3539 5108 συναποστάντων
3563 5049 3704 5116 αὐτῷ

2127 5155 2335 5224 ταύτην
2379 5152 2750 5222 ἀνετόλμησεν
2795 5149 3122 5217 ὑποστῆναι.
3170 5147 3280 5200 Καὶ
3328 5141 3489 5206 αὖθις
3534 5142 3703 5203 οὐδεὶς

2128 5249 2238 5301 τῶν
2281 5247 2429 5315 παρὰ
2466 5245 2543 5315 τῷ
2585 5244 2704 5310 Θεῷ
2749 5239 3146 5312 λειτουργικῶν
3183 5238 3433 5306 ἀγγέλων
3478 5236 3701 5304 ἠθέλησε

2135 5342 2454 5410 μεσιτεῡσαι
2482 5337 2557 5409 τῷ
2581 5330 2674 5391 καὶ
2703 5335 2907 5389 τούτων
2930 5334 3129 5405 ἐχθρῷ.
3160 5333 3283 5395 Πῶς
3314 5332 3369 5383 δὲ
3403 5334 3495 5383 καὶ
3524 5332 3549 5380 6
3572 5332 3703 5397 ἀγα-

2133 5432 2224 5495 θὸς
2259 5431 2391 5492 Θεὸς
2426 5430 2746 5499 ἐπλήρωσεν
2787 5427 2852 5480 ἂν
2891 5427 2991 5497 τὴν
3026 5426 3241 5495 αἴτησιν
3275 5422 3370 5476 τοῦ
3407 5420 3702 5491 δυσμενοῦς

2133 5524 2232 5594 τὴν
2263 5524 2390 5594 περὶ
2416 5521 2510 5574 τοῦ
2542 5520 2904 5589 καταπέμψαι
2934 5519 3068 5590 πρὸς
3098 5518 3157 5570 τὸ
3180 5517 3246 5567 δι’
3272 5514 3443 5566 αὐτοῦ
3470 5511 3703 5565 πλασῦὲν

2136 5615 2295 5685 σῶμα
2324 5615 2537 5685 ψυχὴν,
2573 5614 2714 5665 ὥστε
2748 5608 2888 5664 εἶναι
2920 5611 3009 5663 τὸν
3040 5611 3331 5678 ἄνθρωπον
3367 5604 3545 5658 κοινόν
3572 5620 3586 5668 ;
3614 5600 3705 5661 Τίς

2133 5707 2243 5776 γὰρ
2260 5706 2513 5759 κοινωνία
2544 5706 2685 5772 φωτὶ
2711 5704 2847 5773 πρὸς
2882 5704 3071 5763 σκότος
3096 5720 3111 5767 ;
3142 5701 3237 5763 Τίς
3267 5700 3323 5751 δὲ
3350 5696 3705 5765 συμφώνησις

2135 5794 2257 5867 Θεῷ
2289 5796 2425 5866 πρὸς
2454 5795 2690 5865 Βελίαρ;
2724 5795 2847 5858 Πῶς
2875 5794 2919 5847 δ’
2971 5794 3037 5847 ἂν
3069 5795 3164 5848 καὶ
3187 5794 3215 5846 6
3243 5791 3529 5845 Σαταναῦλ
3558 5786 3706 5842 ἀσώ-

531 5916 796 5984 ‘Joan.x,
823 5915 909 5972 .30.
1010 5917 1030 5948 ¹
1058 5914 1193 5971 Joan
1248 5931 1356 5978 xvt,
1383 5913 1463 5968 l5.
1544 5912 1742 5969 'Jom.
1769 5928 1871 5967 xtv.
1903 5911 1957 5967 9.
2034 5911 2233 5968 ‘Joan.
2270 5928 2323 5979 ι,
2363 5912 2450 5965 57.
2536 5913 2555 5944 ³
2591 5909 2630 5965 ll
2654 5910 2778 5966 Cor.
2812 5927 2885 5976 vr,
2917 5909 3002 5974 H,
3030 5910 3111 5964 l5.
