3930 6556
194 377 333 447 1301

1094 372 1470 433 PANOPLIA
1513 364 1967 429 DOGMATICA.
2014 385 2083 399 --
2121 356 2265 416 ΤΙΤ.
2311 350 2557 413 XXVII.

3303 326 3452 393 1302

197 509 371 565 ματος
392 490 490 554 ὢν,
523 486 854 558 σωματικῶς
874 488 940 557 τῇ
974 482 1087 555 Εὕα
1119 482 1454 552 συνεγένετο,
1487 479 1533 532 εί
1566 477 1640 547 μή
1670 491 1774 528 που
1804 479 1828 539 Α

1929 480 2054 527 ister
2086 478 2256 539 pater.
2296 465 2492 520 Verum
2552 452 2812 530 quoniam
2856 447 3055 505 nullius
3086 457 3272 500 rerum
3326 456 3454 512 pro-

2392 556 2404 565 ·
2628 550 2669 565 ’κ
2709 554 2824 565 ~~—-
2884 551 3073 565 ⁸--ι-ιιι-
3097 546 3172 565 ιω·
3202 536 3430 565 cum“...

198 584 341 636 κατὰ
383 580 686 645 φαντασίαν
728 580 871 630 εῐποι
906 592 1029 643 sic;
1063 576 1124 633 Εί
1164 573 1223 628 δέ
1262 574 1405 626 κατὰ
1434 568 1777 639 φαντασίαν,

199 674 323 737 πῶς
350 674 416 727 ἀν
447 668 868 740 ἐπαιδοποίησεν
891 668 947 735 ἐξ
977 668 1145 737 αὐτῆς
1170 682 1184 730 ;
1213 664 1337 727 Πῶς
1359 663 1414 716 δὲ
1437 663 1464 714 ὀ
1494 660 1633 713 Κάῖν
1664 657 1779 720 υίὸς

202 765 372 818 αὑτοῦ
404 762 643 833 γεγονὼς
688 761 789 814 οὐκ
827 760 975 830 αὐτῷ
1000 754 1068 829 ἦν
1114 757 1227 818 ἴσος
1276 754 1369 807 καὶ
1404 754 1610 823 ὅμοιος,
1646 748 1783 801 ἀλλὰ

203 857 284 927 τῷ
323 856 532 924 ’Λδάμ;
564 854 680 907 Πᾶν
700 852 811 921 γὰρ
834 852 1080 920 γέννημα
1112 848 1226 901 ἴσον
1257 846 1351 900 καὶ
1370 846 1555 915 ὅμοιον
1586 842 1663 911 τῷ
1692 857 1783 909 γε·

206 948 504 1018 γεννηκότι
545 945 690 999 κατά
726 944 825 1014 τὴν
854 942 1016 1011 φύσιν
1056 939 1223 993 ἐστίν.
1286 938 1346 992 '0
1379 937 1436 989 δὲ
1484 932 1785 995 ἀπόστολος

220 1040 475 1108 Ἰωάννης
511 1034 665 1091 εἶπεν
694 1036 764 1090 ἐκ
790 1034 897 1089 τοῦ
936 1031 1201 1100 πονηροῦ
1233 1029 1339 1083 τὸν
1377 1025 1549 1089 Κάτν,
1581 1026 1679 1094 οὐχ
1712 1025 1787 1085 ὡς

212 1132 279 1182 ἐκ
306 1128 401 1181 τοῦ
430 1125 672 1197 πονηροῦ
699 1123 1029 1195 σωματικῶς
1058 1121 1411 1192 γεννηθέντα,
1444 1116 1558 1171 ἀλλ’
1589 1116 1665 1179 ὠς
1687 1116 1788 1184 τὴν

214 1222 419 1275 κακίαν
438 1219 499 1283 ἐξ
520 1218 734 1273 ἐκείνου
762 1216 1139 1289 μεμαθηκότα.
1173 1213 1441 1272 Πολλάκις
1464 1209 1573 1280 γάρ
1598 1207 1790 1260 τέκνον

188 1300 434 1393 ἐλέγεται
472 1315 567 1367 καὶ
586 1315 614 1367 ὁ
642 1314 915 1383 μαθητὴς,
940 1311 1034 1364 καὶ
1062 1307 1245 1378 πατὴρ
1300 1304 1461 1367 αὖθις
1494 1304 1521 1356 ὁ
1539 1300 1789 1355 διδάσκα-

215 1408 332 1472 λος.
388 1406 547 1460 Ἐπεὶ
591 1406 649 1460 δὲ
697 1405 914 1468 οὐδενὸς
959 1402 1068 1457 τῶν
1116 1396 1429 1468 ἐγκωμίων
1473 1393 1793 1462 κτισμάτων

190 1478 434 1569 έέδείχθη
470 1496 805 1568 δημιουργὸς
830 1498 857 1550 ὁ
887 1493 1155 1556 Σατανᾶς,
1185 1492 1259 1553 ὡς
1292 1492 1349 1543 ἐν
1380 1490 1491 1551 τοῖς
1516 1486 1656 1538 κατά
1687 1482 1796 1537 τῶν

194 1590 605 1645 ,Παυλικιάνων
638 1586 955 1656 κεφαλαίοις
986 1583 1427 1653 ἀναγέγραπται,
1461 1577 1597 1648 πρὸς
1625 1577 1661 1630 ἃ
1693 1574 1798 1644 πρὸ

224 1682 428 1753 μικροῦ
450 1681 907 1753 προσπέμψαμεν,
929 1677 1145 1739 οὐδενὸς
1167 1676 1276 1747 ἄρα
1299 1674 1407 1727 τῶν
1431 1673 1487 1723 ἐν
1512 1669 1587 1739 τῷ
1608 1669 1799 1735 κόσμῳ

221 1774 545 1845 κτισμάτων
579 1772 1004 1842 κοσμοκράτορα
1038 1770 1132 1822 καὶ
1185 1767 1377 1837 κύριον
1409 1764 1573 1817 αὑτὸν
1607 1763 1634 1814 ὁ
1666 1759 1800 1820 Θεὸς

1882 570 2212 623 creatarum,
2242 571 2359 627 quze
2392 556 2443 609 in
2479 550 2681 607 mundo
2703 554 2849 609 sunt,
2884 551 3073 595 auctor
3094 546 3178 591 est
3202 536 3455 597 Satanas,

1882 662 1940 707 ut
1972 654 2024 706 in
2066 650 2172 703 illis
2208 624 2474 715 capitibus
2508 643 2769 696 adversus
2815 633 3161 690 Paulicianos
3216 624 3455 693 scriptis,

1885 743 1952 798 ad
1982 756 2099 812 quae
2134 739 2293 810 paulo
2323 746 2447 791 ante
2481 739 2738 788 lectorem
2774 726 3079 797 rejecimus,
3123 721 3463 773 demonstra-

1886 844 1999 890 tutn
2033 843 2137 899 εει,
2185 837 2419 891 constat,
2466 842 2587 881 ettm
2647 822 2845 877 nullius
2896 818 2973 872 rei
3014 828 3132 884 qua;
3163 812 3216 865 in
3263 806 3461 862 mundo

1887 932 1981 995 sit,
2018 927 2291 983 dominum
2317 938 2347 976 a
2377 922 2484 975 Deo
2512 918 2678 973 fuisse
2706 914 3087 969 constitutum.
3153 904 3259 960 Sed
3318 915 3457 969 quo-

1888 1021 2033 1075 niam
2076 1012 2397 1070 vocabulum
2454 1010 2582 1073 hoc,
2615 1007 2865 1068 mundus,
2922 997 3200 1067 multiplex
3247 1002 3351 1056 est,
3410 998 3468 1042 et

1889 1109 2163 1180 significat
2214 1086 2703 1189 etiamgtﬁalitiam
2775 1106 2830 1151 et
2869 1091 3195 1161 nequitiam,
3243 1098 3362 1152 qua:
3412 1081 3464 1133 in

1891 1176 2093 1258 mundo
2124 1214 2226 1265 εει,
2248 1198 2314 1252 de
2346 1176 2448 1265 (μὲι
2475 1191 2733 1247 Dominus
2782 1187 2848 1240 ad
2903 1181 3197 1249 discipulos
3243 1176 3470 1243 loquens

1892 1292 2157 1349 intellexit
2191 1308 2204 1344 :
2237 1288 2299 1345 Si
2328 1304 2391 1342 ex
2427 1285 2643 1345 mundo,
2672 1278 2941 1350 inquiens,
2990 1273 3196 1334 essetis,
3242 1265 3470 1323 mundus

1894 1385 2031 1458 quod
2057 1399 2211 1438 suum
2241 1390 2315 1435 est
2340 1378 2581 1447 diligeret
2610 1374 2653 1438 ί,
2716 1370 2870 1426 istius
2890 1366 3058 1422 solius
3084 1360 3341 1417 Dominus
3379 1370 3473 1423 ap-

1898 1477 2129 1549 pellatur
2170 1489 2184 1527 :
2226 1472 2338 1541 ipse
2363 1469 2505 1524 enim
2535 1468 2603 1519 ab
2635 1466 2860 1517 honesto
2908 1458 3165 1512 recedens
3211 1448 3471 1506 malitiam

1897 1568 2131 1640 peperit,
2157 1575 2209 1621 et
2245 1579 2339 1635 per
2371 1562 2541 1631 ipsam
2575 1558 2830 1628 princeps
2867 1566 2929 1605 ac
2978 1548 3233 1605 dominus
3283 1554 3469 1596 eorum

1901 1633 2274 1722 constituitur,
2300 1656 2389 1725 qui
2419 1654 2484 1708 ab
2523 1651 2613 1705 illa
2644 1648 2874 1718 decepti,
2908 1644 2957 1700 ei
3010 1655 3129 1697 sese
3166 1639 3309 1693 ultro
3352 1633 3479 1688 sub‘

1900 1754 2122 1823 jicinnt.

224 1816 541 1845 ...ηιμ-..υ
581 1816 675 1828 ..--
729 1816 789 1826 νη
834 1816 927 1825 τ.-
973 1816 1004 1823 π
1041 1816 1129 1822 --ψ
1188 1816 1217 1820 --
1263 1816 1367 1837 Γ-.
1414 1816 1425 1817 κ
1782 1816 1795 1820 -
1900 1816 1916 1823 -

222 1869 587 1939 κατέστηκεν.
658 1816 826 1919 2:11:-
844 1816 968 1917 ἐπελ
1023 1862 1439 1930 πολυσήμαντον
1484 1855 1654 1922 ὄνομα
1705 1849 1799 1903 τοῦ
1841 1848 2045 1916 κόσμου
2074 1845 2340 1912 πέφυκεν,
2368 1838 2426 1891 ἓν
2454 1837 2512 1890 δὲ
2561 1836 2669 1888 τῶν
2709 1827 3134 1903 σημαινομένων
3180 1821 3300 1876 ἐστὶ
3329 1816 3480 1887 καὶὴ

1852 1937 1875 1939 ,_
2108 1934 2119 1939 -
2271 1930 2283 1939 .
2486 1926 2509 1939 ι.
2599 1925 2610 1939 ι
2723 1924 2747 1939 υ
2850 1922 2910 1939 ne
2985 1922 3041 1939 ιη
3092 1915 3195 1939 --ε
3247 1911 3480 1939 -.λιν-,ηις

224 1915 473 2030 κοσμικῆ
520 1956 691 2012 κακία
763 1915 866 2009 καί
906 1915 1371 2023 μοχθηρίαίπερ),
1418 1941 1485 2015 ἦς
1535 1915 1802 2010 ὁΙΚύριος
1838 1915 1991 2002 ἔλεγε
2029 1934 2165 2004 πρὸς
2205 1930 2334 1993 τοὺς
2406 1925 2677 1997 μαθητάς,
2722 1924 2805 1977 δτι
2844 1922 2911 1975 El
2975 1922 3043 1973 ἐκ
3089 1915 3195 1970 τοῦ

226 2002 423 2121 ἥτεῗό
454 2002 679 2119 κόσμος
711 2048 788 2104 ἂν
814 2047 881 2100 τὸ
906 2002 1545 2113 ἓδῗονιὲςρίίλειίταύτης
1579 2033 1634 2085 δὲ
1667 2002 1833 2103 μόνης
1871 2002 2200 2096 ὀνομάζεται
2235 2021 2654 2091 κοσμοκράτωρ,
2687 2017 2845 2077 αὐτὸς
2898 2014 2996 2079 τὴν
3028 2008 3228 2065 κακίαν
3283 2002 3484 2069 ταύτην

228 2097 738 2216 ἐημέουργήσῖιςῖτῇ
769 2139 864 2193 τοῦ
894 2097 1063 2192 καλοῦ
1097 2097 1265 2205 ιίῖυγῇ,
1297 2097 1388 2186 καὶ
1415 2128 1481 2183 δι’
1503 2097 1682 2196 ἀὐτῆς
1708 2097 1912 2192 ἄρχων,
1938 2122 2034 2173 καὶ
2070 2115 2340 2186 κυριεύων
2395 2114 2501 2165 τῶν
2542 2110 2633 2163 ὑπ’
2661 2108 2831 2177 αὐτῆς
2896 2099 3323 2173 δελεαζομένων,
3388 2097 3482 2152 καὶ

229 2234 690 2305 ὑποταττομένων
714 2229 974 2292 ἑκουσίως
1003 2226 1174 2295 αὐτῷ.

305 2276 683 2305 ,ν-..--ν,..--.-.
714 2276 971 2292 -..η-,η
1006 2276 1093 2281 m,
1123 2276 1173 2295 τ,

305 2328 668 2401 η’.Λέγουσιν,
684 2322 887 2376 ὅτιτῶν
903 2320 1203 2388 ανθρώπων
1225 2315 1431 2384 πικρῶς
1441 2326 1703 2383 τυραννον
1712 2306 1802 2379 μέ-

1979 2298 2033 2354 8.
2064 2297 2273 2359 Dicunt,
2298 2309 2359 2348 cu
2370 2308 2416 2345 tu
2436 2289 2680 2345 homines
2698 2286 2890 2340 acerbo
2901 2284 3195 2337 daemonum
3212 2276 3488 2331 dominatu

2205 2397 2214 2401 -
2392 2400 2411 2401 η
2450 2383 2471 2401 Α
2494 2382 2737 2401 γιε---η-Δ
2768 2376 3120 2401 ---λη-ΛΜ...
3174 2369 3258 2401 υς.
3286 2381 3483 2401 πωπω,

233 2444 347 2481 νων
367 2465 384 2489 ,
417 2421 513 2476 καὶ
545 2417 771 2487 ἀπηνῶς
804 2413 1199 2482 ἀπολλυμένων
1221 2454 1233 2468 ,
1271 2409 1432 2479 μόγις
1461 2406 1631 2472 ὀλίγοι
1667 2402 1808 2463 τινές

234 2520 339 2589 τῆς
382 2514 479 2570 τοῦ
509 2512 723 2582 Πατρὸς
760 2508 978 2580 μερίδος
1016 2506 1286 2573 ἐγένοντο,
1320 2502 1414 2554 καὶ
1463 2502 1545 2561 είς
1574 2497 1672 2567 τὴν
1702 2493 1811 2547 τῶν

237 2586 491 2680 ἀγγέλων
544 2604 699 2671 τάξιν
747 2600 1043 2669 ἀνέϐησαν.
1096 2594 1334 2655 Τούτους
1381 2593 1438 2645 δέ
1493 2586 1635 2643 εἶναι
1687 2586 1815 2649 τοὺς

240 2707 304 2757 ἐν
336 2704 455 2765 ταῖς
485 2694 861 2768 γενεαλογίαις
884 2690 977 2746 τοῦ
1002 2707 1059 2744 τε
1095 2688 1234 2741 κατά
1266 2685 1545 2740 Ματθαῖον
1574 2682 1818 2747 Εὑαγγε-

240 2797 364 2848 λίου
397 2791 492 2846 καὶ
528 2787 625 2843 τοῦ
658 2787 801 2843 κατά
842 2783 1057 2839 Λουκᾶν
1107 2775 1639 2849 μνημονευομένους.
1687 2768 1816 2837 ’0ψέ

246 2901 383 2939 ποτε
432 2882 487 2936 δέ
518 2876 718 2948 συνῆκε
764 2870 1193 2940 κατασοφισθεὶς
1239 2872 1266 2921 ὁ
1297 2867 1507 2935 Πατὴρ,
1559 2862 1652 2914 καὶ
1704 2857 1819 2911 ἀδι-

247 2977 468 3033 κεῖσθαι
495 2974 680 3042 γνοὺς,
716 2971 798 3024 ὅτι
829 2968 889 3021 τὸ
919 2965 1250 3035 τιμιώτερον
1283 2962 1449 3030 μέρος
1480 2956 1571 3011 τοῦ
1604 2952 1819 3023 ἀνθρὼ-

251 3089 359 3125 που
388 3069 512 3146 δοὺς
532 3106 546 3130 ,
574 3064 643 3119 τά
669 3059 1006 3131 καιριώτατα
1043 3054 1367 3114 συντελέσας
1403 3052 1483 3111 είς
1514 3049 1604 3099 τὸν
1637 3048 1820 3111 ἀπαρ-

250 3160 449 3230 τισμὸν
482 3135 691 3217 ἀύτοῦ,
748 3148 1279 3216 πολλοστημόριον
1325 3140 1687 3208 ἀποφαίνεται
1731 3133 1824 3188 τοῦ

253 3258 475 3325 γένους,
514 3251 609 3305 καὶ
657 3248 774 3318 ἅμα
814 3244 1149 3312 κατελεήσας
1195 3239 1296 3307 τὴν
1337 3234 1536 3306 ψυχὴν,
1592 3232 1653 3283 τὸ
1698 3230 1829 3284 ἴδιον

258 3322 567 3417 ἐμφύσημα
603 3340 916 3409 πάσχουσαν
941 3332 1114 3395 οὕτως
1145 3329 1369 3390 ἀθλίως,
1408 3325 1504 3378 καὶ
1528 3322 1831 3378 καταδυνα-

260 3412 598 3508 στευομένην
646 3428 1006 3496 διαναστῆναι
1050 3424 1185 3495 πρὸς
1226 3422 1463 3491 ἄμυναν,
1492 3418 1605 3484 {ttat
1639 3418 1710 3470 ,ἐν
1755 3412 1833 3480 τῷ

261 3522 795 3598 πεντακισχιλιοστῷ
827 3512 1277 3583 πεντακοσιοστῷ
1307 3510 1416 3563 ἔτει
1442 3503 1834 3578 ἐξερεύξασθαι

261 3624 367 3692 τῆς
398 3597 594 3674 ἐαυτοῦ
641 3616 869 3687 καρδίας
907 3611 1099 3678 Λόγον,
1135 3606 1324 3661 τοῦτον
1350 3604 1413 3674 δὴ
1454 3603 1544 3656 τὸν
1574 3599 1702 3653 Υίδν
1744 3597 1837 3650 καὶ

264 3688 422 3771 Θεόν.
462 3708 861 3778 Ἐξηρενὺξατο
888 3703 1023 3773 γάρ,
1053 3701 1239 3767 φησὶν,
1272 3696 1309 3762 ὴ
1340 3693 1553 3762 καρδία
1580 3708 1697 3760 μου
1730 3688 1841 3743 Λό-

268 3825 381 3877 τον
412 3803 663 3875 ἀγαθόν.
697 3799 901 3853 Τοῦτον
942 3794 998 3847 δέ
1026 3793 1118 3846 τὸν
1147 3790 1318 3858 Λόγον
1350 3788 1444 3840 καὶ
1477 3784 1606 3838 Υίδν
1640 3780 1844 3851 ίσχυρί-

270 3873 471 3962 ζονταιῂ
498 3892 638 3948 εἶναι
660 3892 751 3944 τὸν
788 3884 1128 3959 ἀρχάγγελον
1151 3880 1391 3950 Μιχαήλ.
1413 3874 1688 3932 Καλεῖταν
1713 3873 1846 3942 γὰρ,

272 3991 431 4059 φησὶ,
465 3988 530 4040 τὸ
563 3986 750 4053 ὄνομα
781 3978 967 4034 αὑτοῦ
996 3980 1263 4046 μεγάλης
1293 3968 1536 4037 ,βουλῆς
1569 3968 1843 4037 ἄγγελος.

271 4058 644 4153 Ἀγρχάγγελον
684 4076 782 4145 μὲν
805 4070 1139 4141 καλούμενον
1163 4068 1238 4128 ὼς
1280 4065 1551 4131 θειότερον
1579 4061 1715 4113 ὅλων
1742 4058 1850 4111 τῶν

275 4149 549 4243 ἀγγέλων,
592 4167 801 4238 Ἰησοῦν
831 4166 908 4229 δὲ,
944 4164 1019 4225 ὡς
1050 4162 1230 4213 πᾶσαν
1261 4156 1416 4209 νόσον
1450 4151 1546 4205 καὶ
1578 4149 1850 4220 μαλακίαν

280 4239 550 4336 ίῶμενον,
583 4261 817 4333 Χριστὸν
849 4258 925 4323 δὲ,
951 4256 1028 4318 ὡς
1065 4248 1357 4324 χρισθέντα
1391 4246 1457 4313 τῇ
1494 4241 1677 4311 σαρκί.
1713 4239 1853 4293 Κατ-

278 4332 459 4413 ελθεῖν
506 4358 561 4409 δὲ
590 4354 823 4413 ἄνωθεν,
854 4352 947 4405 καὶ
970 4346 1262 4416 εἰσρυῆναι
1288 4338 1378 4392 διὰ
1393 4336 1487 4390 τοῦ
1519 4332 1695 4401 δεξιοῦ
1719 4332 1854 4393 ὠτὸς

279 4452 383 4518 τῆς
415 4447 696 4518 Παρθένου
732 4442 827 4496 καὶ
861 4436 1185 4509 περιθέσθαι
1217 4432 1399 4501 σάρκα
1426 4428 1505 4497 τῷ
1539 4426 1855 4494 φαινομένῳ

287 4516 391 4613 μέν
437 4516 630 4609 ὑλικὴν
677 4536 773 4588 καὶ
821 4532 1011 4602 ὁμοίαν
1047 4524 1339 4597 ἀνθρώπου
1392 4520 1666 4590 σώματος,
1706 4519 1772 4586 τῇ
1815 4516 1859 4567 δ’

285 4608 521 4705 ἀληθείᾳ
549 4632 710 4687 ἄῦλον
735 4628 830 4683 καὶ
851 4622 1152 4694 Θεοπρεπῆ,
1184 4620 1281 4672 καὶ
1303 4614 1539 4682 ἐξελθεῖν
1564 4608 1719 4673 αὖθις
1741 4610 1862 4663 ὅθεν

288 4700 530 4796 είσῆλθε,
584 4722 687 4793 τῆς
746 4718 1023 4790 Παρθένου
1085 4713 1221 4785 μήτε
1275 4710 1373 4778 τὴν
1430 4705 1637 4759 εἴσοδον
1696 4700 1862 4756 αὐτοῦ

189 4854 195 4857 -
291 4793 548 4886 γνούσης,
588 4816 723 4885 μήτε
755 4811 852 4882 τὴν
888 4808 1083 4877 ἔξοδον,
1115 4804 1229 4857 ἀλλ’
1254 4799 1440 4862 ἁπλῶς
1474 4797 1742 4865 εὑρούσης
1773 4793 1869 4846 αὐ-

291 4885 387 4962 τδν
421 4911 478 4961 ἐν
521 4908 598 4977 τῷ
636 4904 886 4975 σπηλαίῳ
920 4901 1173 4969 κείμενον
1211 4887 1733 4962 ἐσπαργανωμένον,
1774 4885 1868 4937 καὶ

293 5004 512 5057 τελέσαι
547 5001 646 5071 τὴν
680 4999 944 5067 ἒνσαρκον
982 4989 1320 5058 οίκονομίαν,
1360 4985 1454 5039 καὶ
1497 4980 1742 5047 ποιῆσαι,
1775 4978 1869 5030 καί

295 5094 507 5159 διδάξαι
533 5093 602 5146 τά
630 5094 689 5144 ἐν
719 5092 832 5153 τοῖς
866 5084 1220 5155 Εὐαγγελίοις
1250 5076 1665 5145 άναταττόμενα
1686 5112 1701 5137 ,
1728 5071 1869 5140 πλὴν

301 5191 364 5241 ἐν
426 5182 700 5254 φαντασία
759 5182 869 5242 τοῖς
925 5170 1452 5247 ἀνθρωποπρεπέσιν
1510 5163 1876 5230 ὑποκείμενον

305 5252 948 5344 πάθεσι.Σταυρωθέντα
970 5270 1025 5323 δέ
1051 5267 1145 5321 καὶ
1167 5262 1478 5318 ἀποθανεῖν.
1509 5258 1619 5310 Καὶ⁵
1645 5252 1879 5321 ἀναστῆ-

1852 5343 1879 5393 δ
1979 5313 2135 5378 mori,
2160 5319 2213 5365 et
2287 5318 2588 5375 resurgere,
2647 5310 2865 5353 scenam
2909 5292 3157 5354 solvisse,
3203 5299 3258 5343 et
3307 5287 3538 5341 fabulam

1979 5406 2320 5478 patefecisse,
2347 5396 2693 5468 depositaque
2725 5401 2949 5457 persona
3010 5380 3321 5437 eoufudisse
3367 5379 3549 5433 deser-

304 5388 397 5422 ναι
438 5367 668 5434 δόξαντα
714 5366 877 5416 λῦσαι
928 5360 1025 5428 τὴν
1072 5356 1298 5428 σκηνὴν,
1347 5352 1442 5405 καὶ
1482 5346 1772 5417 γυμνῶσαι
1818 5360 1847 5395 τ

308 5460 518 5529 δρᾶμα,
563 5457 657 5510 καὶ
691 5453 1028 5519 ἀποθέμενον
1063 5448 1124 5500 τὸ
1159 5435 1502 5515 προσωπεῖον
1536 5437 1755 5505 συσχεῖν

312 5550 630 5617 ἀποστάτην
652 5589 666 5613 ,
699 5547 795 5600 καὶ
829 5544 995 5613 παχεῖ
1026 5541 1122 5593 καὶ
1156 5539 1313 5608 βαρεῖ
1344 5532 1511 5599 κλοιῷ
1544 5528 1843 5597 καταδῆσαι
1866 5565 1881 5587 ,

314 5644 413 5698 καὶ
447 5643 726 5711 ἐγκλεῖσαι
754 5638 832 5709 τῷ
862 5634 1140 5707 ταρτάρῳ,
1187 5628 1534 5700 περιελόντα,
1569 5624 1662 5677 καὶ
1699 5623 1762 5674 ἐκ
1790 5618 1884 5672 τοῦ

398 5845 412 5876 ¹
446 5842 627 5896 Matth.
674 5855 763 5907 xv,
804 5839 884 5893 l9.
961 5837 980 5867 ’
1016 5834 1155 5889 Psal.
1190 5848 1331 5895 xuv,
1356 5830 1409 5883 2.
1489 5829 1507 5858 ³
1534 5826 1632 5878 lsa.
1661 5841 1732 5888 ιχ,
1759 5824 1809 5879 6.

1911 2397 2310 2462 premerentur,
2344 2382 2741 2448 crudeliterque
2768 2376 3141 2447 pertlerentur,
3174 2369 3260 2423 vix
3286 2381 3485 2437 paucos

1912 2459 1974 2539 ex
2007 2490 2154 2551 parte
2188 2478 2363 2530 Patris
2391 2472 2692 2537 exstitisse,
2718 2478 2773 2523 et
2795 2470 2847 2521 in
2876 2464 3189 2534 angelorum
3241 2459 3485 2513 ordinem

1916 2572 2342 2634 aseendisse,eos
2361 2566 2638 2627 nimirum,
2666 2562 2757 2630 qui
2787 2562 2837 2615 in
2867 2553 3196 2627 genealogiis
3221 2549 3493 2620 Evangelii

1917 2659 2516 2720 secundae-Manlianum
2535 2665 2585 2711 et
2604 2652 2896 2709 secundum
2915 2648 3109 2703 Lucam
3130 2651 3494 2701 recensentur.

1919 2755 2156 2810 Tandem
2178 2759 2353 2806 autem
2381 2748 2665 2817 aliquando
2684 2743 2898 2798 Patrem
2921 2754 2979 2796 se
3016 2736 3188 2806 decipi
3241 2734 3497 2804 atquein-

1914 2847 2051 2915 jttria
2069 2844 2203 2898 allici
2232 2835 2787 2905 animadvertisse,qui
2816 2849 2935 2888 cum
2959 2828 3384 2901 praestantiorem
3404 2825 3504 2878 Ito-

1922 2935 2082 2989 minis
2114 2942 2319 3001 partetn
2354 2930 2650 2991 tribuisset,
2681 2928 2734 2979 in
2779 2939 2949 2992 eoque
2997 2919 3351 2992 perficiendo,
3372 2933 3492 2986 quze

1923 3028 2207 3097 praecipuae
2245 3033 2367 3078 sunt
2389 3033 2568 3091 partes
2615 3017 2951 3081 absolvisset,
2976 3014 3181 3083 majore
3206 3021 3381 3065 tamen
3405 3025 3500 3079 ge.-

1927 3120 2077 3174 neris
2100 3117 2373 3170 hominum
2396 3126 2620 3167 numero
2644 3110 2964 3179 privaretur,
2996 3106 3338 3171 animamque
3358 3115 3504 3156 eom-

1930 3213 2238 3271 miseratzts,
2279 3220 2441 3275 quam
2479 3205 2592 3271 ipse
2633 3200 2977 3259 insnmussel,
3012 3212 3133 3267 quae
3165 3206 3273 3249 tam
3298 3195 3499 3250 misera

1931 3300 2190 3356 servitute
2216 3295 2569 3364 aliiigeretur,
2609 3291 2674 3343 ad
2731 3289 2991 3343 ultionem
3043 3300 3186 3338 anno
3218 3282 3506 3351 quinquies

1933 3391 2220 3446 millesimo
2275 3383 2710 3456 quingentesimo
2771 3395 2835 3433 ex
2899 3379 3066 3435 corde
3118 3390 3216 3429 suo
3270 3372 3507 3428 Verbum

1935 3494 2236 3545 eructasse,
2255 3480 2305 3534 id
2332 3488 2435 3541 est,
2451 3476 2642 3533 Filium
2659 3482 2711 3527 et
2727 3471 2913 3525 Deum.
2934 3468 3205 3534 St-riptum
3222 3474 3302 3522 est
3316 3466 3505 3527 enim:

1940 3573 2210 3629 Eructavit
2234 3586 2323 3625 cor
2372 3583 2544 3627 meum
2594 3564 2809 3617 Verbum
2852 3561 3042 3614 bonum
3072 3559 3115 3612 ¹.
3173 3557 3285 3612 lloc
3336 3566 3511 3609 autent

1863 3641 1909 3704 Ο
1943 3667 2177 3722 Verbum
2233 3672 2289 3717 et
2349 3660 2543 3716 Filium
2602 3654 2913 3709 Micltaeletn
2969 3647 3345 3717 archangelum
3395 3659 3515 3699 esse

1943 3756 2272 3815 contendunt
2313 3771 2328 3807 :
2396 3749 2682 3811 Vocabitur
2727 3745 2887 3808 enim,
2945 3742 3139 3810 inquit,
3179 3752 3365 3791 nomen
3398 3737 3513 3805 ejus

1944 3850 2120 3920 magni
2143 3844 2348 3902 consilii
2371 3842 2585 3912 angelus
2611 3841 2651 3891 ³.
2703 3835 3101 3900 Archangelnm
3141 3830 3318 3885 vocari
3370 3828 3513 3896 quod

1947 3941 2153 4012 angelis
2202 3938 2455 3994 omnibus
2511 3931 2816 3991 antecellat,
2877 3926 3061 3982 Jesum
3120 3934 3322 3984 autem,
3372 3917 3520 3990 quod

1950 4050 2167 4093 omnem
2196 4032 2442 4085 morbum
2491 4037 2813 4092 omnemque
2840 4020 3079 4074 dolorem
3142 4023 3316 4077 curet,
3360 4009 3520 4069 Chri-

1953 4135 2093 4181 stum
2124 4134 2271 4185 vero,
2303 4117 2443 4187 quod
2471 4125 2661 4169 unctus
2683 4113 2755 4167 sit
2809 4123 2971 4163 carne
2993 4147 3008 4170 ,
3064 4102 3412 4161 descendisse
3460 4103 3525 4155 de

1956 4218 2129 4281 caelis,
2166 4225 2221 4270 et
2248 4228 2341 4281 per
2388 4224 2571 4264 aurem
2622 4205 2854 4276 Virginis
2889 4204 3164 4259 dexteram
3221 4195 3517 4258 influxisse,

1957 4321 2173 4362 carnem
2210 4302 2475 4363 induisse,
2500 4315 2618 4369 quae
2645 4303 2862 4365 aspectu
2890 4295 3105 4363 quidem
3159 4289 3405 4342 videatur
3453 4301 3519 4341 ex

1960 4395 2181 4451 materia
2212 4400 2483 4454 constare,
2517 4396 2572 4441 et
2595 4385 2812 4440 humani
2857 4381 3100 4450 corporis
3121 4393 3242 4433 esse
3303 4377 3522 4443 similis,

1960 4504 2082 4544 eum
2144 4495 2320 4540 tamen
2344 4494 2530 4536 revera
2562 4477 2796 4532 materiae
2848 4475 2916 4528 sit
2967 4486 3159 4539 expers
3207 4485 3268 4523 ac
3320 4469 3521 4523 divina.

1964 4583 2195 4637 Rursum
2225 4584 2404 4630 autem
2424 4584 2699 4639 egressum
2729 4581 2848 4622 esse
2876 4580 2970 4633 per
2998 4563 3142 4617 illam
3169 4570 3397 4630 partem.
3431 4573 3527 4627 per

1965 4685 2123 4742 quam
2150 4665 2453 4728 introierat,
2482 4659 2702 4730 Virgine
2736 4672 2835 4711 nec
2887 4655 3166 4709 introitum
3222 4651 3392 4720 ipsius
3436 4663 3537 4703 nee

1968 4764 2167 4819 exitum
2192 4756 2496 4812 sentiente:
2526 4748 2841 4817 simpliciter
2867 4744 3011 4800 enim
3039 4757 3160 4797 eum
3196 4741 3251 4794 in
3282 4738 3535 4807 spelunca

1967 4859 2231 4926 iacentem
2293 4842 2595 4916 et‘pannis
2649 4839 2942 4895 involutum
2994 4833 3279 4903 reperisse,
3335 4846 3400 4886 ac
3434 4832 3541 4884 dis-

1904 4979 1947 5035 D
1977 4945 2342 5019 pensationem
2372 4935 2589 5007 quidem
2625 4934 2678 4988 in
2703 4946 2864 4987 carne
2896 4928 3170 4999 peregisse
3215 4924 3537 4990 fecisseque,

1976 5048 2029 5095 et
2057 5036 2303 5093 docuisse
2326 5045 2387 5085 ea
2417 5043 2536 5099 qua:
2564 5026 2619 5081 in
2639 5021 2943 5090 Evangeliis
2965 5018 3337 5078 continentur,
3364 5014 3541 5081 specie

1973 5141 2149 5187 tamen
2182 5135 2237 5181 et
2263 5123 2514 5194 opinione
2538 5120 2797 5175 duntaxat
2827 5111 2993 5166 fuisse
3019 5107 3268 5162 immanis
3299 5105 3543 5157 affectio-

1977 5224 2133 5278 nibus
2198 5214 2515 5278 olmoxium,
2571 5220 2626 5265 et
2672 5222 2795 5262 cum
2853 5204 3126 5256 videretur
3175 5196 3439 5265 crucifigi,
3493 5206 3548 5248 et

1983 5512 2175 5561 torem,
2201 5504 2251 5551 et
2283 5506 2465 5549 crassa
2514 5484 2770 5555 gravique
2798 5489 2987 5534 catena
3017 5475 3259 5529 vinctum
3309 5470 3362 5525 in
3406 5467 3546 5525 Tar-

1986 5603 2098 5647 taro
2130 5588 2431 5649 inclusisse,
2458 5577 2828 5644 ademisseque
2858 5570 3004 5625 illius
3033 5565 3234 5622 nomini
3264 5564 3546 5639 syllabam,
