3960 6592
485 414 620 479 1307

1724 407 2110 474 EUTHYMII
2151 407 2516 470 ZlGABENI

3639 407 3771 474 1308

479 543 534 588 et
565 545 660 588 eos
683 531 938 589 eduxisse
965 516 1235 603 portentis
1262 538 1318 588 et
1345 530 1538 605 signis,
1574 545 1695 604 quae
1733 530 1936 585 virtute
1963 527 2060 581 Sa-

2178 527 2296 581 λαὸν
2321 525 2431 580 τῶν
2470 523 2768 590 Ἰουδαίων,
2797 524 2892 578 καὶ
2914 522 3211 595 ἐξαγαγεῖν
3233 524 3435 590 αὐτοὺς
3464 525 3773 596 ποιήσαντα

451 623 716 706 ,ιιιηιιειίε
747 622 1040 692 efﬁciebat,
1078 633 1133 679 et
1162 635 1406 682 montem
1445 623 1603 680 Sinai
1657 619 2066 682 conscendisse,

482 718 656 788 legem
687 733 716 772 a
751 717 1042 773 Satanaele
1082 717 1341 773 traditam
1386 717 1689 792 accepisse,
1756 729 1853 784 per
1893 713 2070 767 illam—

482 825 589 880 que
616 809 1030 864 innumerabilia
1064 809 1340 864 hominum
1378 808 1544 863 millia
1610 806 1932 877 perdidisse.
1977 803 2072 856 At-

481 916 588 971 que
622 901 847 970 hujusce
873 900 948 954 rei
984 909 1173 956 testem
1197 915 1321 955 esse
1371 899 1620 963 Paulum,
1655 899 1771 968 qui,
1809 895 2073 964 Concupi-

482 993 771 1058 sceutr'am,
814 993 1022 1063 inquit,
1075 993 1392 1055 nesciebam,
1448 993 1549 1045 nisi
1585 1007 1677 1061 per
1703 991 1867 1058 legem
1899 989 1964 1050 ¹;
2019 994 2072 1039 et

481 1099 699 1139 rursum
731 1101 744 1138 :
773 1083 1296 1138 Advenienteautem
1323 1088 1575 1138 mandato
1607 1090 1883 1150 peccatum
1940 1077 2072 1131 revi-

479 1179 559 1231 sit
587 1177 632 1230 ’.
696 1175 920 1240 Verum,
943 1192 975 1232 o
998 1175 1208 1231 fraudis
1238 1175 1498 1240 artiﬁces,
1551 1189 1650 1228 cur
1687 1173 1760 1238 id,
1790 1171 1932 1240 Quod
1981 1184 2070 1223 se-

482 1271 687 1338 quitur,
711 1272 1009 1332 omisistis,
1057 1284 1292 1338 nempe:
1352 1267 1462 1321 Lex
1491 1275 1703 1331 sancta,
1757 1264 2070 1318 mandatum

480 1372 747 1424 sanctum,
772 1370 822 1414 et
865 1361 1069 1430 justum
1100 1370 1148 1415 et
1184 1365 1374 1414 bonum
1408 1361 1466 1414 '?
1516 1360 1668 1426 Quod
1707 1358 1750 1412 si
1800 1358 1886 1410 lex
1926 1358 2070 1427 Apo-

480 1454 606 1509 stoli
641 1453 954 1508 testimonio
987 1461 1070 1508 est
1105 1461 1318 1517 sancta,
1347 1462 1402 1506 et
1447 1452 1758 1505 mandatum
1819 1457 2069 1505 sanctum

481 1557 535 1601 et
559 1550 784 1612 bonum,
823 1562 928 1600 non
962 1557 1044 1601 est
1067 1545 1290 1616 impuri,
1345 1555 1401 1600 et
1461 1542 1674 1614 iniusti,
1732 1552 1784 1597 et
1837 1539 2070 1608 improbi

483 1635 814 1692 Satanaelis.
844 1635 995 1690 Malae
1023 1635 1167 1690 enim
1192 1635 1405 1690 arboris
1438 1634 1634 1702 zmalus
1691 1641 1772 1688 est
1820 1631 2067 1696 fructus;

479 1725 870 1801 borius_autem
907 1727 1118 1781 fructus
1143 1737 1233 1781 est
1293 1727 1505 1781 arboris
1563 1726 1738 1790 boum,
1801 1725 2068 1792 quemad-

481 1816 698 1870 modum
725 1823 780 1869 et
805 1815 1067 1872 Dominus
1099 1817 1174 1870 ait
1205 1815 1249 1870 ⁸.
1309 1815 1419 1870 Sed
1452 1825 1510 1870 ut
1537 1816 1738 1870 clarius
1767 1816 1933 1869 etiam
1980 1816 2068 1870 illa

479 1907 727 1977 Apostoli
747 1911 912 1964 verba
947 1907 1344 1978 intelligantur,
1377 1907 1672 1962 notandum
1702 1918 1786 1963 est
1811 1924 1932 1962 eum
1960 1925 2069 1964 non

481 1999 707 2067 dixisse,
735 2001 906 2071 legem
934 2016 1054 2057 esse
1084 2004 1291 2071 peccati
1311 2001 1666 2070 eﬂectricem,
1690 2002 1785 2060 sed
1815 2005 2071 2070 indicem,

479 2093 684 2162 quippe
710 2109 830 2163 quae
851 2095 1026 2164 ipsum
1057 2097 1320 2163 ostendit,
1353 2105 1407 2148 et
1446 2097 1773 2165 praecipitat
1804 2098 2036 2152 evitetur
2057 2136 2073 2160 ,

484 2194 742 2254 tanquam
779 2185 1030 2242 interitus
1077 2202 1261 2243 causa.
1303 2186 1438 2242 Cum
1515 2188 1659 2240 enim
1727 2188 1809 2269 [ex
1875 2189 2074 2257 scripta

483 2280 720 2332 nondum
758 2287 904 2334 esset
934 2279 1064 2355 lata,
1096 2294 1217 2348 qua:
1277 2281 1558 2349 peccatum
1600 2280 1900 2349 .probibct,
1950 2281 2078 2334 licet

484 2371 950 2435 committeretur,
1014 2387 1122 2426 non
1177 2381 1358 2426 tamen
1395 2373 1536 2426 adeo
1589 2374 1957 2442 perniciosum
2021 2385 2076 2430 et

499 2463 816 2531 fugiendum
835 2465 1297 2534 cognoscebatur.
1329 2464 1610 2530 Quomodo
1634 2477 1818 2520 autem
1845 2469 2075 2522 venien-

484 2567 540 2612 te
565 2558 820 2614 mandato
875 2568 1158 2628 peccatum
1227 2559 1510 2624 revixerit,
1555 2560 1704 2614 audi.
1766 2560 2074 2631 Antequam

482 2651 570 2706 lex
649 2651 1110 2721 promulgaretur,
1147 2650 1472 2706 imbecillum
1535 2661 1652 2706 erat
1698 2663 1752 2706 et
1819 2662 2075 2722 tanquam

483 2752 759 2796 mortuum
798 2751 1106 2808 peccatum,
1136 2757 1238 2797 nec
1269 2751 1479 2796 tantum
1525 2745 1879 2812 peccantibus
1941 2761 2076 2814 sup-

481 2833 705 2900 plicimn
734 2833 931 2888 all’errc
954 2843 1186 2902 poterat,
1223 2843 1486 2904 quantum
1542 2846 1662 2905 post
1725 2836 1858 2907 legis
1920 2837 2079 2893 all‘ert

481 2920 996 2990 promulgationem,
1021 2931 1076 2976 et
1102 2922 1306 2977 idcirco
1338 2937 1443 2977 non
1469 2926 1758 2980 admodum
1791 2942 2077 2998 oppugna-

487 3012 600 3067 liat.
635 3011 993 3082 Posteaquam
1037 3025 1220 3070 autem
1260 3017 1342 3071 lex
1412 3017 1727 3073 hominibus
1780 3021 1902 3074 data
1967 3032 2074 3086 est,

482 3117 604 3172 quae
659 3104 867 3173 peccati
926 3105 1241 3161 debellatrix
1302 3118 1385 3162 est
1446 3116 1500 3161 et
1549 3111 1886 3174 adversaria,
1951 3122 2077 3167 tunc

2173 621 2376 690 τέρατα
2408 620 2505 672 καὶ
2537 621 2743 688 σημεῖα
2775 619 2864 672 διὰ
2891 619 2992 689 τῆς
3024 619 3308 688 ἐνεργείας
3334 618 3431 673 τοῦ
3461 620 3773 691 Σαταναὴλ,

2173 712 2269 765 καὶ
2299 711 2546 766 ἀνελθεῖν
2581 714 2662 776 εἰς
2689 711 2751 765 τὸ
2778 712 2908 784 ὅρος
2943 713 3004 765 τὸ
3032 714 3184 776 Σινᾶ,
3216 713 3316 766 καὶ
3339 711 3534 766 λαϐεῖν
3561 714 3658 767 τδν
3687 715 3772 766 νό-

2175 817 2277 869 μον
2318 801 2678 872 ὑφήγηθέντα
2711 802 2865 870 παρὰ
2893 801 2990 853 τοῦ
3031 801 3339 872 Σαταναήλ,
3373 801 3471 854 καὶ
3505 803 3772 854 ἀπολέσαι

2172 892 2241 946 δι’
2290 893 2456 946 αὐτοῦ
2513 893 2784 964 μυριάδας
2834 891 3271 963 ἀναριθμήτους,
3319 893 3418 945 καὶ
3467 897 3774 962 μαρτυρεῖν

2173 986 2302 1057 περὶ
2332 985 2524 1039 τούτου
2555 986 2647 1039 τὸν
2684 984 3010 1037 ’Λπόστολον
3041 985 3290 1052 λέγοντα,
3325 983 3450 1051 Τὴν
3477 986 3777 1053 ἁμαρτίαν

2173 1078 2285 1130 οὐκ
2318 1076 2514 1147 ἔγνων
2532 1079 2584 1130 εἰ
2601 1075 2685 1144 μὴ
2711 1077 2811 1129 διὰ
2839 1078 3050 1144 νόμου.
3083 1077 3195 1128 Καὶ
3225 1075 3410 1139 αὖθις,
3430 1076 3776 1139 Ἐυιθούσητ

2172 1169 2241 1223 δὲ
2261 1169 2370 1238 τῆς
2401 1169 2662 1237 ἐντολῆς
2689 1170 2728 1238 ἡ
2760 1169 3016 1238 ἁμαρτία
3041 1167 3356 1237 ἀνέζησεν
3389 1168 3562 1230 Ἀλλ’,
3611 1164 3658 1221 ὦ
3691 1186 3776 1220 co-

2175 1263 2498 1333 φισταὶτῆς
2545 1262 2767 1326 κακίας,
2815 1261 2873 1313 τί
2919 1261 2978 1314 τὸ
3010 1261 3141 1327 ἑξῆς
3173 1261 3466 1332 κακοήθως
3524 1262 3773 1329 ὑπεκρα-

2171 1358 2409 1426 τήσατε;
2442 1354 2760 1424 Γέγραπται
2791 1352 2902 1423 γὰρ
2935 1353 3118 1418 εὐθὺς,
3152 1352 3234 1406 ὅτι
3269 1353 3332 1404 '0
3365 1353 3556 1422 νόμος
3584 1353 3766 1421 ἅγιος,

2173 1445 2270 1498 καὶ
2307 1445 2343 1513 ἠ
2378 1443 2598 1512 ἐντολὴ
2631 1444 2791 1512 ἁγία,
2827 1443 2927 1497 καί
2958 1442 3180 1505 δικαία,
3216 1443 3314 1496 και
3344 1443 3567 1512 ἀγαθή.
3631 1443 3693 1494 Et
3717 1443 3768 1495 δὲ

2174 1539 2316 1592 κατὰ
2381 1538 2486 1609 τὴν
2550 1535 2644 1591 τοῦ
2712 1537 3068 1591 Ἀποατόλου-
3109 1537 3422 1608 μαρτυρίαν
3499 1539 3530 1590 6
3608 1537 3770 1606 νόμος

2175 1632 2350 1700 ἅγιος.
2377 1630 2471 1685 καὶ
2499 1631 2533 1701 ἡ
2573 1631 2764 1701 ἐντο)ὴ
2809 1630 2968 1700 ἁγίαν
3022 1629 3119 1684 καὶ
3151 1629 3362 1694 δικαία’
3411 1630 3509 1683 καὶ
3570 1629 3776 1698 ἀγαθὴ

2172 1725 2272 1777 οὐκ
2308 1724 2416 1796 ἄρα
2454 1723 2549 1777 τοῦ
2603 1725 2881 1792 ἀνάγνου,
2942 1723 3038 1778 καὶ
3106 1724 3331 1786 ἀδίκου,
3384 1723 3482 1776 καὶ
3533 1725 3778 1791 πονηροῦ

2174 1817 2462 1887 Σαταναὴλ
2510 1813 2620 1871 εἷεν
2673 1817 2740 1873 ἂν
2789 1818 2968 1872 ταῦτα
3021 1817 3344 1885 νομοθεσίαι
3403 1817 3499 1869 καὶ
3547 1815 3779 1882 ἐπιτάτ-

2180 1931 2344 1986 ματα.
2401 1913 2620 1982 Σατιροῦ
2685 1913 2782 1983 μὲν
2841 1912 2950 1983 γὰρ
3017 1910 3234 1980 δένδρου
3321 1909 3537 1978 σαπρὸς
3620 1908 3774 1961 ἐσται

2177 2008 2426 2078 καρπὸς,
2489 2007 2516 2060 6
2560 2005 2617 2058 δὲ
2663 2003 2825 2066 καλὸς
2881 2003 3100 2065 πάντως
3141 2001 3341 2065 καλοῦ,
3415 1998 3606 2061 καθὼς
3674 2001 3767 2052 καὶ

2175 2104 2203 2156 6
2259 2102 2462 2173 Κύριος
2524 2098 2872 2168 ἀπεφήνατο.
2907 2095 3027 2149 Ἵνα
3065 2095 3124 2148 δὲ
3183 2095 3277 2147 καὶ.
3341 2093 3412 2148 τὰ
3455 2092 3775 2164 δηλωθέντε

2176 2195 2269 2248 τοῦ
2313 2192 2644 2248 Ἀποστόλου
2679 2186 3045 2258 σαφηνισθείη
3081 2188 3223 2259 ῥητὰ
3244 2227 3257 2252 ,
3280 2186 3632 2257 ’προσεκτέον
3655 2229 3670 2253 ,
3704 2187 3780 2239 ὅτι

2178 2289 2239 2346 ού
2275 2286 2564 2358 ποιητικὸν
2598 2285 2698 2353 τῆς
2733 2281 3013 2354 ἁμαρτίας
3047 2280 3238 2351 εἴρηκε
3275 2281 3366 2332 τὸν
3401 2279 3611 2348 νόμον,
3647 2278 3780 2332 ἀλλὰ

2178 2379 2482 2450 γνωστικὺν
2533 2377 2726 2446 αὐτῆς,
2776 2375 2853 2438 ὡς
2909 2373 3341 2427 ὑποδεικνύοντα
3399 2370 3637 2439 ταύτην,
3692 2372 3781 2424 καὶ

2180 2468 2593 2540 προστάττοντα
2630 2464 2857 2534 φεύγειν
2887 2462 3081 2530 αὐτὴν.
3105 2462 3178 2523 ὠς
3209 2459 3565 2531 φθοροποιὸν.
3598 2459 3783 2528 Mirm»

2180 2560 2289 2628 γὰρ
2319 2557 2570 2619 δοθέντος
2599 2555 2693 2608 τοῦ
2721 2553 2971 2624 γραπτοῦ
3000 2553 3192 2607 τούτου
3216 2553 3384 2621 νόμου
3413 2550 3511 2603 τοῦ
3543 2551 3782 2604 κωλύον-

2179 2669 2269 2713 τος
2299 2649 2492 2718 αὐτὴν,
2529 2647 2578 2700 εἰ
2614 2646 2710 2699 καὶ
2748 2648 3060 2717 ἐνηργεῖτο,
3096 2644 3215 2698 ἀλλ’
3244 2644 3341 2713 οὐχ
3377 2642 3530 2696 οὕτω
3563 2643 3781 2710 λυμαν-

2178 2744 2306 2813 τικὴ
2336 2744 2431 2795 καὶ
2455 2741 2661 2809 φευκτὴ
2684 2741 2800 2802 τοῖς
2823 2738 3130 2812 ἀνθρώποις
3157 2736 3514 2808 ἐγνωρίζετο.
3541 2736 3674 2800 Πῶς
3702 2735 3775 2801 δι,

2179 2834 2442 2905 ἐλθούσης
2470 2834 2567 2901 τῆς
2592 2831 2836 2898 ἐντολῆς,
2858 2832 2890 2902 ὴ
2917 2830 3166 2901 ἁμαρτία
3191 2829 3486 2899 ἀνέζησεν,
3516 2828 3774 2881 ἄκουσον.

2181 2929 2305 2981 "Ott
2338 2927 2447 2997 πρὸ
2483 2927 2580 2997 μὲν
2607 2926 2710 2995 τῆς
2743 2925 2977 2996 νομικῆς
3009 2925 3237 2994 ἐντολῆς
3268 2926 3512 2996 ἀσθενὴς
3541 2922 3614 2998 ἦν
3637 2968 3653 2992 ,
3686 2925 3779 2981 καὶ

2178 3017 2288 3075 οἷον
2320 3020 2512 3092 νεκρὰ,
2535 3019 2608 3090 μὴ
2639 3019 2915 3087 δυναμένη
2945 3016 3218 3088 τοσαύτην
3248 3018 3559 3088 καταδίκην
3587 3017 3782 3090 προξε-

2180 3117 2290 3169 νεῖν
2355 3116 2467 3176 τ’)ῖῖ
2524 3114 2933 3184 ἁμαρτάνουσιν
2986 3111 3120 3179 ὅσην
3172 3111 3432 3181 προξενεῖ
3494 3111 3642 3179 μετὰ
3692 3112 3782 3164 τὸν

483 3197 660 3266 ipsum
692 3207 972 3264 peccatum
996 3199 1294 3253 excitatum
1337 3209 1421 3255 est
1445 3212 1500 3254 et
1537 3202 1943 3270 quodammodo
1991 3220 2073 3260 re.

2180 3207 2366 3276 νόμον,
2409 3206 2506 3258 καὶ
2531 3205 2621 3258 διὰ
2663 3203 2827 3258 τοῦτο
2876 3201 2964 3275 μὴ’
3005 3203 3148 3258 πάνυ
3199 3203 3527 3275 πολεμοῦσα
3555 3222 3568 3234 ·
3599 3208 3693 3259 ὅτε
3718 3205 3773 3260 δέ

481 3286 637 3351 vixit,
675 3285 728 3341 id
759 3295 844 3341 est
894 3303 1120 3356 magnas
1163 3289 1306 3344 vires
1331 3291 1584 3359 sumpsit,
1613 3301 1778 3360 atque
1833 3295 2071 3349 crudeli-

485 3382 570 3428 ter
600 3374 776 3429 steviit
806 3375 859 3429 in
896 3389 992 3431 eos
1017 3376 1110 3446 qui
1138 3376 1313 3448 legem
1355 3390 1738 3448 susceperant.
1771 3381 1926 3447 Quod
1969 3399 2070 3439 au-

482 3475 594 3522 tem
620 3467 836 3540 Moyses
864 3486 891 3522 a
925 3468 1217 3525 Satanaele
1243 3471 1498 3541 deceptus
1530 3489 1633 3527 non
1659 3473 1840 3544 fuerit,
1889 3478 1983 3533 sed
2004 3479 2073 3534 ab

479 3571 548 3616 eo
585 3560 676 3629 qui
704 3575 830 3615 vere
854 3572 938 3616 est
964 3561 1125 3624 Deus,
1159 3562 1362 3617 missus
1399 3563 1494 3629 sit,
1539 3573 1593 3618 et
1619 3564 1793 3635 legem
1841 3582 2074 3638 accepe-

482 3653 576 3716 rit,
611 3652 892 3724 multaque
937 3654 1216 3708 hominum
1254 3654 1421 3708 millia
1455 3670 1563 3710 non
1591 3658 1910 3724 perdiderit,
1971 3663 2068 3716 sed

481 3747 818 3814 gubernarit,
853 3747 1122 3816 intelliges
1151 3762 1218 3802 ex
1250 3747 1428 3813 titulo,
1468 3764 1627 3818 quem
1692 3761 1876 3806 contra
1926 3753 2074 3808 Pau-

481 3839 706 3894 licianos
759 3839 1103 3909 scripsimus,
1159 3843 1616 3910 quemadmodum
1681 3843 1736 3898 in
1794 3847 2073 3916 superiore

483 3934 662 4000 capite
693 3933 1117 3997 declaravimus.

555 4202 647 4258 il.
676 4201 783 4255 Eos
814 4199 958 4257 solos
980 4202 1168 4258 dicunt
1200 4219 1321 4259 esse
1342 4217 1581 4270 sam-tos,
1624 4211 1714 4277 qui
1752 4213 1892 4281 apud
1937 4213 2073 4270 Mat-

485 4295 687 4352 tht'eum
717 4303 770 4350 et
789 4293 1013 4360 Lucam,
1038 4307 1096 4349 ut
1134 4297 1392 4361 diximus,
1418 4300 1810 4373 iugenealogiis
1834 4321 2072 4362 comme-

485 4397 789 4454 morantur,
805 4387 1141 4442 etsexdecirn
1163 4388 1470 4457 prophetas,
1485 4399 1536 4445 et
1555 4393 1846 4466 apostolos,
1865 4404 1916 4448 et
1932 4411 2075 4450 mar-

484 4493 653 4553 tyres,
684 4481 776 4550 qui
808 4496 874 4534 ne
893 4480 1366 4548 idoluadorarent,
1386 4485 1551 4537 OCt'iSi
1572 4496 1720 4539 sunt.
1747 4486 2072 4546 Sacerdotes

2184 3302 2211 3353 6
2238 3300 2404 3370 νόμος
2434 3298 2593 3369 ἐδόθη
2619 3300 2732 3360 τοῖς
2762 3297 3098 3369 ἀνθρώποις,
3128 3299 3155 3350 6
3183 3297 3281 3365 τῆς
3311 3297 3602 3369 ἁμαρτίας
3625 3301 3778 3353 ἀναι-

2185 3393 2396 3464 ρετικὺς
2445 3392 2538 3444 καὶ
2581 3391 2860 3458 πολέμιος,
2890 3388 3011 3442 τότε
3064 3389 3306 3458 μάλιστα
3355 3388 3662 3461 διηγέρϐη,
3693 3393 3778 3444 καὶ

2180 3481 2294 3541 οἷον
2320 3484 2590 3552 ἀνέζησεν
2625 3483 2786 3553 αὕτη,
2817 3482 3070 3536 τουτέστι
3108 3481 3339 3552 σφοδρὸν
3376 3483 3648 3547 ἔπνευσε,
3691 3483 3779 3537 καὶ

2185 3577 2412 3651 μανικὸν
2452 3575 2716 3647 ἐλύττησε
2765 3575 2908 3628 κατᾶ
2939 3574 3048 3628 τῶν
3083 3574 3512 3644 ὑποδεξαμένων
3564 3575 3670 3639 τὰς
3698 3592 3779 3628 νο-

2184 3670 2348 3742 μικὰς
2379 3667 2621 3730 ἐντολάς.
2642 3668 2765 3722 Ὀτι
2793 3669 2847 3722 δὲ
2866 3668 2893 3722 6
2922 3668 3168 3732 Μωῦσῆς
3194 3668 3294 3720 ούκ
3312 3669 3604 3737 ἐπλανήθη
3635 3668 3779 3738 παρᾶ

2179 3762 2274 3816 τοῦ
2303 3759 2608 3831 Σαταναὴλ,
2642 3760 2758 3813 ὰλᾘ
2783 3763 2810 3814 6
2842 3759 2918 3813 ὢν
2944 3761 3078 3824 Θεὸς
3112 3760 3439 3814 ἀπέστειλεν
3472 3756 3662 3823 αὑτὸν,
3686 3759 3779 3814 καὶ

2179 3853 2345 3916 αὐτὸς
2368 3851 2514 3922 αὐτῷ
2537 3851 2740 3905 δέδωκε
2769 3852 2859 3904 τὸν
2886 3852 3073 3917 νόμον,
3106 3851 3201 3905 καὶ
3221 3852 3322 3905 ούκ
3352 3851 3631 3915 ἀπώλεσε,
3663 3851 3777 3904 ἀλλ’

2180 3945 2438 4015 ὡδήγησε
2492 3943 2561 3997 δι’
2603 3943 2770 3997 αὑτοῦ
2805 3945 2903 4007 τὰς
2938 3944 3140 4007 πολλὰς
3195 3943 3417 4006 ἐκείνας
3478 3946 3775 4015 μυριάδας,

2181 4035 2434 4106 εὑρήσεις
2448 4036 2504 4087 ἐν
2520 4035 2597 4105 τῷ
2618 4034 2768 4088 κατὰ
2796 4036 2912 4088 τῶν
2940 4035 3366 4090 Παυλικιάνων
3382 4036 3571 4107 τίτλῳ,
3596 4035 3779 4098 καθὼς

2181 4127 2330 4196 ἐντῷ
2349 4128 2454 4200 πρὸ
2477 4127 2664 4181 τούτου
2691 4127 2970 4195 κεφαλαίῳ
2995 4129 3340 4195 διελάϐομεν.

2255 4224 2337 4272 ια’.
2377 4219 2644 4286 Λέγουσιν
2683 4219 2870 4287 ἁγίους
2895 4221 3087 4289 μόνους
3108 4215 3249 4273 εἶναι
3275 4220 3404 4283 τούς
3433 4238 3496 4275 τε
3521 4222 3676 4291 παρᾶ
3698 4219 3781 4286 τῷ

2181 4312 2451 4382 Ματοαίῳ
2483 4312 2578 4364 καὶ
2605 4311 2682 4383 τῷ
2710 4313 2898 4383 Λουκᾷ
2931 4313 3456 4384 γενεαλογηθέντας,
3484 4313 3561 4376 ὡς
3592 4313 3788 4382 προεὶ-

2185 4421 2371 4472 ρηται,
2405 4404 2498 4456 καὶ
2529 4405 2653 4466 τοὺς
2683 4403 2974 4470 ἑξκαίδεκα
3010 4407 3318 4475 προφήτας,
3357 4407 3454 4459 καὶ
3489 4407 3616 4469 τοὺς
3647 4409 3788 4458 ἀπο-

2182 4496 2424 4559 στόλους,
2447 4496 2543 4548 καὶ
2583 4494 2708 4558 τοὺς
2741 4496 3046 4566 μάρτυρας,
3077 4498 3193 4549 ὅσοι
3223 4497 3310 4550 διὰ
3339 4499 3400 4550 τὸ
3430 4499 3509 4568 μὴ
3537 4515 3788 4565 προσκυ-

482 4584 664 4628 autem
688 4585 744 4628 et
765 4571 955 4628 Patres
988 4588 1178 4627 omnes
1210 4583 1468 4645 tanquam
1505 4577 1770 4632 idolorum
1810 4580 2067 4650 cultores,

2178 4591 2337 4658 νῆσαι
2365 4587 2434 4642 τὰ
2451 4587 2645 4642 εἴδωλα
2664 4589 3118 4660 κατεσφάγησαν.
3145 4591 3285 4654 Τοὺς
3307 4591 3579 4660 ίεράρχας
3605 4591 3660 4642 δὲ
3683 4592 3786 4642 καὶ

481 4667 744 4737 quoniam
779 4667 1011 4721 adorant
1074 4668 1358 4737 imagines,
1416 4673 1676 4738 reprolios
1731 4673 2075 4741 existimant,

481 4772 536 4815 ct
565 4775 755 4814 omnes
788 4773 943 4830 reges
967 4760 1088 4828 pios
1115 4775 1144 4813 e
1175 4770 1322 4814 sorte
1355 4760 1791 4817 Christianorum
1832 4766 2082 4834 rejicien-

483 4855 582 4907 dos
607 4862 824 4921 putant,
879 4853 1027 4908 solos
1085 4863 1266 4907 autem
1324 4851 1622 4920 imaginum
1673 4868 2078 4928 oppugnatores

483 4945 818 5000 orthodoxos
872 4944 1168 5015 ﬁdelesque
1203 4956 1416 5011 vocant,
1461 4946 1843 5018 imprimisque
1871 4948 2077 5018 Copro—

485 5053 733 5110 nymum.
777 5035 1134 5092 Venerandas
1185 5039 1331 5091 enim
1376 5039 1641 5107 imagines
1684 5052 2069 5108 aspernantur,

483 5131 696 5187 ctidola
729 5130 971 5200 gentium
1000 5129 1304 5212 appellant,
1325 5141 1727 5201 argentumque
1791 5141 1844 5186 et
1871 5148 2069 5188 aurum

485 5234 716 5293 etOpera
742 5237 998 5278 manuum
1035 5224 1338 5285 hominum,
1391 5221 1707 5290 ignorantes
1747 5223 1892 5277 aliud
1949 5238 2072 5280 esse

488 5315 803 5384 imaginem.
832 5325 888 5372 et
909 5315 1053 5372 aliud
1082 5317 1324 5386 idolum;
1359 5318 1507 5372 nulla
1571 5321 1718 5374 enim
1784 5330 1880 5376 aut
1930 5319 2068 5377 falsa

487 5424 611 5466 esse
645 5410 910 5465 idolorum
952 5410 1306 5480 exemplaria,
1339 5425 1462 5466 cum
1499 5415 1630 5468 deos
1656 5413 1930 5483 appellent
1975 5393 2101 5472 eos‘

2174 4683 2300 4745 τοὺς
2330 4683 2584 4753 Πατέρας
2615 4682 2752 4753 ὁμοῦ
2786 4684 2998 4746 πάντας
3021 4682 3553 4754 ἀποδοκιμάζουσιν,
3590 4685 3663 4745 ὡς
3699 4685 3785 4736 εξ-

2174 4773 2522 4844 δωλολάτρας
2557 4774 2646 4826 διὰ
2676 4775 2775 4844 τὴν
2810 4774 2918 4826 τῶν
2959 4776 3189 4828 εἰκόνων
3223 4776 3630 4847 προσκύνησιν.
3664 4776 3789 4830 Καὶ
3881 4771 3891 4779 ”

2172 4870 2300 4933 τοὺς
2337 4867 2435 4938 μὲν
2469 4867 2716 4931 εὐσεϐεῖς
2739 4867 2991 4931 ἅπαντας
3025 4869 3267 4939 βασιλεῖς
3295 4870 3650 4940 ἀλλοτριοῦσι
3688 4870 3788 4923 τοῦ

2175 4961 2381 5032 κλήρου
2405 4959 2513 5012 τῶν
2530 4960 2904 5030 Χριστιανῶν,
2937 4963 3139 5032 μόνους
3166 4963 3221 5015 δὲ
3254 4961 3426 5015 καλοῦ
3439 4980 3522 5015 σιν
3549 4964 3787 5032 ὀρθοδὲ-

2173 5055 2297 5119 ξους
2337 5052 2431 5105 καὶ
2469 5053 2698 5116 πιστοὺς
2743 5053 2870 5116 τοὺς
2903 5054 3344 5124 Είκονομάχους,
3385 5057 3482 5107 καὶ
3522 5056 3788 5124 μάλιστα

2170 5149 2262 5202 τὸν
2316 5144 2722 5216 Κοπρώνυμον.
2787 5146 3148 5216 Ἀτιμὰζουσι
3210 5147 3321 5218 γὰρ
3377 5147 3478 5200 καὶ
3527 5146 3635 5208 τὰς
3699 5165 3794 5200 σεο

2171 5238 2438 5307 δασμίους
2469 5237 2708 5304 εἰκόνας,
2746 5236 2824 5292 Τὰ
2855 5237 3392 5306 εἷὸωλα,λέγοντες,
3424 5234 3548 5291 τῶν
3576 5236 3793 5292 ἐθνῶν

2168 5329 2456 5396 ἀργύριον
2506 5328 2606 5380 καί
2647 5331 2925 5396 χρυσίον,
2953 5329 3099 5400 ἔργα
3148 5329 3368 5400 χειρῶν
3411 5330 3793 5397 ἀνθρώπων,

2179 5418 2537 5487 ἀγνοοῦντες,
2573 5421 2656 5473 ὅτι
2689 5421 2817 5474 ἄλλο
2847 5423 3064 5476 εἴδωλον
3086 5464 3100 5485 ,
3137 5424 3232 5479 καὶ
3267 5423 3397 5478 ἄλλο
3425 5422 3595 5474 εἰκών
3628 5439 3646 5452 ο
3692 5425 3796 5477 καὶ

493 5505 584 5574 qui
616 5520 724 5559 non
753 5515 880 5560 sunt
904 5505 1000 5568 dii,
1030 5506 1127 5560 sed
1159 5507 1454 5573 daemones,
1479 5508 1573 5578 qui
1611 5508 1713 5563 sibi
1745 5507 1883 5563 falso
1929 5511 2072 5565 divi-

2179 5517 2262 5569 ὅτι
2292 5513 2404 5574 τοῖς
2438 5511 2536 5582 μὲν
2559 5512 2802 5579 εἰδώλοις
2831 5516 2898 5568 τὰ
2924 5517 3259 5587 πρωτότυτια
3288 5516 3665 5570 ἀνυπόστατα
3700 5520 3800 5569 καὶ

492 5598 724 5651 nitatem
754 5606 1032 5666 arrogant.
1067 5597 1133 5650 At
1164 5597 1458 5668 imaginum
1494 5599 1633 5667 apud
1664 5614 1762 5652 nos
1788 5615 1912 5654 vera
1947 5611 2073 5656 sunt

2181 5606 2397 5677 ψευδῆ·
2458 5602 2614 5668 Θεοὺς
2675 5606 2786 5676 γὰρ
2844 5608 3182 5679 ἐπεφήμιζον
3238 5609 3423 5672 αὐτοῖς
3479 5609 3560 5677 μὴ
3624 5609 3802 5672 ὄντας

492 5689 846 5760 exemplaria,
881 5699 938 5746 et
966 5706 1091 5747 t'erc
1120 5690 1359 5748 referunt
1413 5695 1462 5747 id
1521 5692 1666 5762 (μιοᾷ
1715 5694 2073 5763 appellantur.

2186 5698 2361 5762 θεοὺς,
2387 5695 2526 5752 ἀλλὰ
2550 5694 2813 5766 δαίμονας
2839 5697 3204 5768 ψευδομένους
3224 5697 3324 5770 τὴν
3355 5697 3594 5768 θεότητα
3634 5717 3650 5730 ·
3683 5701 3800 5754 τῶν

576 5893 593 5924 ⁸
628 5894 789 5950 Rom.
831 5910 927 5961 vn,
957 5893 1009 5950 7.
1109 5894 1128 5924 ⁸
1161 5893 1356 5952 ibid.9.
1432 5893 1452 5926 '
1479 5893 1606 5951 ibid.
1636 5893 1718 5950 l2.
1795 5896 1815 5926 δ
1851 5895 2044 5952 Μειῑιιι.

2209 5897 2292 5962 17,
2323 5901 2411 5956 18.
