3960 6554
188 443 327 507 Ῑ3ιῖ9

1074 450 1453 514 PANOI’LIA
1489 453 1951 522 DOGMATICA.
1988 485 2055 501 σ-
2094 464 2241 531 ΤΙΤ.
2284 468 2534 533 XXVII.

3311 466 3456 533 i310

180 564 241 618 δὶ
274 561 406 634 παρ’
442 563 572 633 ἡμῖν
603 564 830 619 εἰκόνων
857 566 925 620 τὰ
954 567 1292 635 πρωτότυπα
1320 570 1491 633 ὅντως
1516 569 1648 624 ὄντα
1679 570 1758 623 κα¹

1878 577 2052 646 Atque
2082 581 2223 637 idola
2256 586 2475 654 quidem
2511 585 2899 642 sceleratorum
2949 593 3076 641 sunt
3136 584 3454 648 simulacra,

178 653 543 727 άλὴϐεύοντα,
572 656 600 708 ὃ
630 655 945 711 καλοῦνται.
982 659 1225 712 Κάκεῑνα
1262 660 1361 729 μὲν
1393 659 1589 714 εἴδωλα
1626 679 1725 731 μια
1754 695 1768 702 -

184 749 318 818 ρῶν,
343 747 522 800 ταῦτα
540 747 597 801 δὲ
620 748 831 813 είκὸνες
856 750 1304 818 ἀγίων.Πλατύτε
1316 769 1407 821 ρον
1423 752 1479 805 δὲ
1507 751 1635 820 περὶ
1660 752 1768 804 τῶν

181 844 356 909 ἁγίων
400 841 628 895 είκόνων
671 843 889 914 εἴρηται
931 847 988 896 ἐν
1015 844 1091 915 τῷ
1117 845 1267 899 κατὰ
1294 846 1411 899 τῶν
1431 843 1767 913 Εἱκονομά-

179 956 307 1009 κων
338 938 523 1009 τίτλῳ.

255 1028 343 1100 ιβ’“
394 1032 717 1101 Ἐρωτηθεὶς
752 1034 882 1103 παρ’
926 1032 1084 1104 ἡμῶν
1133 1035 1161 1084 ό
1182 1035 1278 1104 τῆς
1302 1035 1565 1104 αἱρέσεως
1588 1036 1769 1093 αὐτῶν

179 1121 430 1192 ἔξαρχος,
454 1124 577 1188 Πῶς
602 1125 1037 1195 ἀποδοκιμάζετε
1069 1128 1194 1189 τοὺς
1216 1129 1273 1180 ἐν
1296 1128 1474 1194 ἁγίοις
1502 1131 1765 1203 ἱεράρχας

180 1217 279 1268 καὶ
306 1214 433 1277 τοὺς
454 1217 758 1287 μακαρίους
796 1217 1066 1284 Πατέρας,
1099 1212 1175 1273 ὧν
1199 1220 1265 1273 τά
1299 1219 1529 1289 λείψανα
1556 1222 1768 1291 Θαυμα-

177 1305 472 1376 τουργοῦσι
494 1324 508 1370 ;
532 1307 723 1378 διάρας
745 1309 813 1362 τά
844 1308 1048 1379 βέϐηλοι
1076 1311 1227 1382 χείλη
1256 1313 1587 1384 ἐξηρεύξατο
1611 1315 1769 1383 λόγον

180 1401 443 1471 πονηρόν.
468 1398 602 1454 Εἷπε
630 1404 761 1471 γὰρ,
784 1404 865 1457 ὅτι
895 1406 1377 1474 συγκεκλήρωνται
1406 1408 1618 1473 τούτοις
1650 1411 1766 1463 δαί-

183 1510 364 1561 μονες,
390 1493 439 1546 οἳ
467 1492 775 1558 διδάξαντες
803 1496 1000 1559 αὐτοὺς
1020 1495 1097 1549 ἐτι
1127 1495 1358 1561 ζῶντας,
1402 1499 1451 1552 οἳ
1514 1503 1627 1562 τοῖς
1675 1503 1770 1557 τά-

180 1600 303 1651 φοις
332 1584 511 1638 αὐτῶν
540 1586 951 1656 παραμένοντες
1005 1590 1462 1658 τερατουργοῦσιν
1500 1593 1578 1653 εἰς
1600 1594 1767 1663 πρόσ-

181 1692 329 1728 ωπον
376 1676 556 1735 αὐτῶν
608 1676 693 1730 ἵνα
742 1682 868 1740 τοὺς
914 1678 1177 1750 ἀνοήτους
1234 1680 1646 1751 ἐξαπατήσωσι,
1673 1686 1764 1737 καὶ

175 1770 410 1821 πείσωσι
440 1770 603 1840 τιμᾷν
634 1769 760 1831 τοὺς
788 1770 1057 1839 άνάγνους
1111 1771 1186 1835 ὡς
1237 1773 1453 1845 ἁγίους.
1514 1773 1765 1829 Τοσαῦτα

176 1862 287 1933 γὰρ
315 1860 571 1915 δύνασθαι
604 1862 731 1924 τοὺς
757 1862 1038 1929 δαίμονας,
1085 1863 1185 1917 ὅσα
1231 1863 1296 1935 δὴ
1334 1866 1425 1918 καὶ
1483 1864 1760 1933 βούλονται

179 1951 447 2013 λασόντας
471 1952 677 2005 ἄνωθεν
702 1951 952 2017 ἐξουσίαν
996 1953 1124 2023 ἄχρι
1167 1958 1403 2025 πέρατος
1447 1956 1556 2009 τῶν
1622 1958 1760 2011 ἑπτὰ

176 2043 412 2101 αίὼνων.
452 2042 613 2096 Ἀλλά
654 2045 815 2097 πόθεν
832 2043 988 2097 τοῦτο
1010 2046 1346 2117 μεμαθηκὼς
1367 2046 1531 2118 ἔχεις,
1561 2042 1605 2101 ὦ
1629 2049 1760 2119 λῆρε

178 2134 273 2187 καὶ
322 2134 649 2205 παράφορε;
711 2136 822 2189 Ποῦ
865 2136 921 2188 δὲ
970 2139 1066 2190 καὶ
1093 2138 1279 2208 θήσεις
1304 2138 1365 2191 τὸ
1405 2140 1761 2208 εύαγγελικὸν

175 2227 353 2285 ἐκεῖνο
390 2225 451 2279 τὸ
478 2226 619 2280 κατὰ
667 2227 757 2280 τὸν
804 2230 996 2298 καιρὸν
1052 2229 1143 2282 τοῦ
1178 2232 1509 2285 Δεσποτικοῦ
1556 2232 1762 2296 πάθους

178 2319 343 2388 ῥηθὲν
372 2322 433 2372 τὸ
458 2318 637 2383 λέγον,
668 2321 800 2374 Νῦν
830 2321 1032 2391 ἅρχων
1082 2322 1189 2377 τοῦ
1243 2325 1482 2393 κόσμου
1543 2325 1761 2378 τούτου

172 2408 612 2478 ἐκϐληθήσεται
639 2410 753 2475 ἔξω
777 2428 795 2476 ;
824 2410 885 2462 Ei
916 2411 971 2463 δὲ
1004 2412 1030 2464 ὁ
1051 2411 1252 2480 ἄρχων,
1278 2412 1457 2483 πολλῷ
1484 2414 1683 2480 μᾶλλον
1711 2412 1760 2465 οἱ

178 2501 470 2571 ἀρχόμενοι
492 2500 767 2570 δαίμονες.
795 2501 920 2564 Πῶς
948 2500 1005 2555 δὲ
1041 2505 1273 2567 καὶτοῖς
1323 2504 1603 2574 λειψάνοις
1652 2505 1761 2558 τῶν

177 2594 466 2664 μακαρίων
512 2593 774 2664 Πατέρων
821 2594 1305 2665 συγκεκλήρωνται
1347 2598 1396 2649 οἱ
1437 2597 1758 2667 φρίσσοντες

172 2685 310 2738 αὐτὰ
349 2685 649 2755 δαίμονες;
686 2685 957 2751 Πολλάκις
993 2686 1100 2759 γὰρ
1135 2689 1245 2743 τῶν
1295 2688 1759 2759 δαιμονιζομένων

171 2777 501 2844 ἐγγιζόντων
559 2782 670 2842 τοῖς
736 2780 932 2848 τάφοις
980 2780 1192 2845 αὐτῶν,
1240 2780 1663 2852 δραπετεύουσιν
1708 2786 1758 2836 οἱ

168 2869 460 2939 δαίμονες,
501 2873 755 2942 καθάπερ
799 2873 903 2926 ὑπὸ
955 2873 1127 2941 πυρὸς
1172 2874 1269 2944 τῆς
1308 2875 1593 2946 δυνάμεως
1648 2878 1757 2931 τῶν

173 2962 440 3033 λειψάνων
475 2964 862 3034 μαστιζόμενοί
884 2983 942 3018 τε
969 2966 1063 3018 καὶ
1093 2965 1465 3036 ἐλαυνόμενοι,
1518 2970 1581 3023 Εἰ
1609 2969 1664 3022 δὲ
1688 2968 1759 3022 τά

171 3056 399 3125 λείψανα
421 3057 626 3111 τούτων
660 3058 1052 3128 δραπετεύουσι
1080 3062 1206 3122 τοὺς
1238 3059 1502 3130 δαίμονας
1527 3103 1541 3125 ,
1576 3061 1755 3130 πολλῷ

171 3150 370 3217 μᾶλλον
398 3152 593 3203 ἐκεῖνοι
617 3150 819 3216 ζῶντες
846 3150 1065 3204 ἐδίωκον
1092 3153 1308 3216 αὐτοὺς,
1330 3153 1423 3206 καὶ
1444 3153 1565 3207 οὐδὲ
1596 3172 1755 3216 προσ-

1870 670 2131 742 imagiucs
2159 690 2286 731 vero
2313 688 2627 732 sanctorum
2654 678 2877 747 efﬁgies.
2908 675 3015 730 Sed
3044 676 3110 729 de
3129 684 3453 731 sanctorum

1872 766 2197 833 imaginibus
2232 767 2286 820 in
2315 768 2474 823 titulo
2510 768 2777 823 Adversus
2841 768 3133 836 imaginum
3184 781 3457 836 oppugna-

1871 867 2008 913 tores
2040 859 2202 914 latius
2234 860 2661 931 disputavimus.

1944 1043 2032 1097 l2.
2053 1040 2558 1111 Princepsistorum
2590 1038 2834 1101 haeresis,
2858 1052 2979 1091 cum
3014 1051 3077 1091 ex
3108 1049 3173 1089 eo
3187 1047 3463 1104 quarere-

1874 1146 1962 1189 tur
1975 1151 2073 1189 cur
2091 1130 2643 1203 sanctoslsacerdotes
2664 1130 2959 1196 beatosque
2974 1128 3166 1181 Patres
3179 1125 3455 1195 rcjiciant,

1872 1242 2100 1295 quorum
2132 1225 2387 1295 reliquias
2418 1228 2765 1283 venerantur,
2798 1220 2957 1273 labiis
3008 1216 3251 1286 profanis
3304 1222 3459 1286 pate-

1870 1317 2029 1373 factis
2053 1319 2275 1372 verbum
2302 1316 2502 1369 malum
2552 1314 2823 1369 eructavit
2855 1331 2868 1367 :
2906 1311 3200 1377 Quoniam,
3258 1310 3459 1378 inquit,

1870 1425 1996 1465 cum
2027 1409 2136 1464 illis
2169 1416 2296 1462 sunt
2327 1408 2621 1471 diemones,
2648 1407 2741 1475 qui
2769 1420 2863 1459 eos
2897 1405 3022 1459 dum
3047 1404 3320 1460 viverent.
3353 1401 3447 1454 do-

1871 1512 2119 1567 cuerunt,
2153 1510 2207 1556 et
2235 1501 2303 1555 ad
2335 1514 2521 1555 eorum
2571 1498 2806 1554 tumulos
2870 1498 3174 1552 assidentes
3202 1501 3455 1564 portenta

1871 1597 2078 1651 faciunt
2112 1595 2211 1651 sub
2239 1609 2429 1650 eorum
2462 1606 2716 1663 persona,
2767 1598 2825 1644 ut
2878 1590 3098 1659 ignaros
3160 1584 3455 1654 decipiant,

1869 1691 2239 1760 suadeantque
2261 1694 2319 1742 ut
2353 1688 2593 1755 impuros
2622 1693 2877 1753 tanquam
2920 1691 3144 1734 sanctos
3206 1678 3452 1730 adorent.

1870 1783 2107 1839 Tantum
2135 1781 2279 1835 enim
2299 1780 2572 1833 daemones
2597 1790 2778 1847 posse,
2801 1784 3065 1842 quantum
3094 1768 3303 1833 volunt,
3328 1780 3449 1818 cum

1869 1891 1987 1932 eam
2025 1890 2055 1930 e
2084 1871 2300 1929 sublimi
2327 1877 2649 1939 potestatem
2671 1867 2736 1921 ad
2774 1875 2982 1934 septem
3010 1876 3180 1929 usque
3227 1857 3451 1912 srecnlno

1869 1984 1987 2024 rum
2026 1967 2185 2021 linem
2216 1962 2548 2032 acceperint.
2591 1959 2696 2013 Sed
2756 1962 2897 2012 unde
2956 1965 3011 2009 tu
3041 1956 3153 2008 haec
3194 1949 3452 2013 didicisti,

1862 2070 2094 2133 nugator
2124 2059 2394 2125 stulteque
2424 2052 2628 2108 senex?
2661 2053 2767 2104 Aut
2795 2049 2886 2103 ubi
2916 2044 3289 2115 evangelicum
3319 2040 3447 2094 illud

1864 2132 2007 2225 (ιυὸά
2046 2151 2310 2204 Dominus
2355 2147 2513 2217 paulo
2538 2154 2663 2198 ante
2692 2142 2881 2196 mortis
2908 2153 3018 2193 suae
3051 2150 3262 2204 tempus
3319 2132 3455 2187 dixit

1862 2223 2178 2307 collocabis,
2201 2241 2353 2295 Nunc
2376 2239 2615 2307 princeps
2634 2233 2791 2302 hujus
2812 2227 3251 2297 mundiejicietur
3272 2223 3449 2293 foras?

1863 2336 2015 2406 Quod
2048 2337 2092 2392 si
2126 2334 2401 2403 princeps,
2436 2328 2606 2382 multo
2634 2323 2810 2394 magis
2839 2322 3138 2382 dremones,
3202 2316 3294 2385 qui
3351 2314 3450 2368 sub

1862 2431 1981 2499 ejus
2017 2437 2139 2483 sunt
2164 2424 2490 2495 principatu.
2530 2418 2799 2473 Praeterea
2830 2411 3103 2483 quomodo
3158 2409 3439 2462 beatorum

1862 2523 2083 2577 Patrum
2111 2515 2357 2585 reliquiis
2385 2513 2654 2566 inhterent
2685 2507 2981 2569 dremones,
3016 2502 3105 2570 qui
3131 2515 3226 2554 eas
3276 2496 3449 2552 refor-

1862 2612 2069 2667 midant
2098 2608 2121 2661 ’ἶ
2154 2606 2480 2671 Plerumque
2518 2599 2660 2653 enim
2690 2611 2811 2652 cum
2842 2594 3089 2649 homines
3134 2605 3161 2643 a
3195 2587 3457 2641 daemoni-

1859 2700 1960 2753 bus
1976 2694 2151 2750 vexati
2173 2694 2237 2746 ad
2258 2704 2443 2745 eorum
2467 2682 3017 2752 acceduntsepulcra,
3044 2696 3073 2733 a
3101 2681 3296 2732 virtute
3324 2674 3454 2728 rel?-

1858 2803 2134 2860 qutarum,
2159 2792 2415 2852 tanquam
2444 2781 2512 2835 ab
2542 2780 2685 2848 igne,
2734 2775 2834 2845 ipsi
2865 2776 3134 2829 daemones
3165 2768 3451 2837 aufugiunl

1856 2859 2037 2932 vexati
2092 2882 2147 2929 et
2194 2870 2511 2927 excruciati.
2567 2867 2719 2933 Quod
2771 2872 2815 2920 sl
2904 2862 3147 2931 reliquis:
3211 2859 3452 2926 ipsorum

1858 2973 2134 3027 daemones
2169 2965 2417 3037 ejiciunt,
2450 2962 2621 3016 multo
2652 2958 2826 3029 magis
2882 2956 3007 3026 ipsi,
3063 2968 3186 3008 cum
3242 2954 3295 3005 in
3347 2950 3450 3003 hac

1860 3065 1969 3117 vita
1993 3063 2270 3131 degerent,
2326 3072 2420 3112 eos
2451 3053 2933 3125 persequebantur,
2964 3062 3064 3102 nec
3094 3046 3195 3115 ipsi
3239 3045 3305 3098 ad
3360 3054 3455 3096 eos

1859 3130 2133 3206 audebant
2156 3148 2535 3213 accedere,sed
2562 3144 2682 3198 illos
2709 3153 2963 3211 tanquam
2989 3139 3057 3193 ab
3082 3138 3163 3192 eis
3183 3130 3451 3190 verberati

170 3241 390 3308 εγγίσαι
421 3242 633 3305 τούτοις
661 3242 906 3312 ἐτόλμων
925 3245 1125 3301 ἐκεῖνοι
1169 3244 1464 3312 φεύγοντες
1506 3247 1581 3309 ὡς
1611 3248 1757 3301 αίκί-

1865 3242 2223 3298 declinabant.
2262 3237 2358 3293 Sin
2409 3235 2714 3298 evitabant,
2748 3246 2855 3287 non
2894 3230 3084 3299 utique
3138 3226 3454 3282 habitabant

171 3335 381 3399 ζοντας.
420 3334 558 3388 Είδὲ
582 3333 810 3403 ἔφευγον
838 3335 1056 3401 αὐτοὺς,
1093 3336 1379 3406 πρόδηλον,
1427 3339 1507 3391 ὅτι
1535 3340 1595 3393 οὐ
1631 3358 1757 3393 συν-

170 3425 372 3498 ῴκουν,
419 3425 539 3481 οὐδέ
564 3426 866 3480 ἐδίδασκον.

242 3518 333 3587 ιγ’.
355 3521 620 3588 Λέγουσιν
646 3518 740 3573 ἀπ’
765 3519 945 3572 αὐτῶν
973 3518 1074 3589 μὲν
1107 3519 1304 3588 μόνων,
1323 3523 1441 3593 ἦτοι
1468 3524 1576 3577 τῶν
1595 3524 1759 3591 Βογο-

171 3612 367 3682 μίλων,
421 3611 644 3679 φεύγειν
671 3611 758 3665 ἀεὶ
786 3612 911 3672 τοὺς
940 3611 1200 3681 δαίμονας
1230 3613 1363 3667 ὡσεὶ
1391 3614 1542 3678 τόξου
1574 3614 1754 3685 βολὴν,

168 3708 385 3775 ἑκάστῳ
421 3704 478 3757 δὲ
499 3704 605 3757 τῶν
630 3703 806 3759 ἄλλων
843 3704 1099 3760 ἁπάντων
1128 3708 1357 3760 ἐνοικεῖν
1384 3709 1633 3778 δαίμονα,
1665 3711 1756 3763 καὶ

166 3801 439 3855 διδάσκειν
490 3798 652 3852 αὐτὸν
707 3798 775 3853 τὰ
832 3798 1065 3869 πονηρά,
1095 3800 1189 3853 καὶ
1235 3800 1391 3870 ἄγειν
1413 3802 1507 3855 ἐπὶ
1538 3802 1637 3866 τὰς
1664 3805 1756 3856 άν-

170 3890 508 3961 οσιουργίας,
544 3892 639 3943 καὶ
680 3890 1116 3961 ἀποθνήσκοντος
1165 3893 1393 3946 ἐνοικεῖν
1436 3892 1593 3957 αὖθις
1644 3898 1756 3959 τοῖς

166 3983 443 4051 λειψάνοις
478 3980 667 4048 αὑτοῦ,
702 3984 799 4035 καὶ
826 3983 1168 4053 παραμένειν
1190 3983 1267 4053 τῷ
1297 3986 1474 4056 τάφῳ,
1501 3989 1596 4040 καὶ
1624 3987 1754 4041 άνα·

171 4074 356 4145 μένειν
389 4077 486 4144 τὴν
510 4074 830 4139 ἀνάστασιν,
855 4073 945 4126 ἵνα
970 4075 1069 4127 σὺν
1104 4075 1253 4144 αὐτῷ
1308 4077 1623 4147 κολασθείη,
1658 4079 1754 4132 καὶ

176 4166 301 4239 μηδ’
324 4169 381 4219 ἐν
403 4168 468 4237 τῇ
494 4164 712 4219 κολάσει
735 4163 925 4218 τούτου
957 4163 1355 4235 διαχωρίζοιτο.
1417 4166 1490 4219 Τὸ
1524 4169 1622 4235 μὲν
1661 4168 1754 4221 οὖν

169 4260 400 4313 ἐνοικεῖν
427 4259 645 4327 ἑκάστῳ
675 4256 783 4311 τῶν
807 4256 1111 4327 ἀνθρώπων
1130 4257 1359 4327 δαίμονα
1384 4258 1492 4312 ἀπὸ
1517 4259 1617 4330 τῆς
1647 4260 1754 4314 τῶν

168 4350 535 4407 Μασαλιανῶν
566 4349 781 4420 ἔχουσιν
812 4349 1100 4419 αἱρέσεως,
1137 4350 1233 4401 καὶ
1274 4349 1509 4421 ζήτησον
1560 4353 1619 4404 ἐν
1674 4352 1751 4423 τῷ

168 4443 290 4499 κατ’
321 4443 547 4497 ἐκείνων
569 4442 734 4511 τίτλῳ
754 4440 813 4494 τδ
842 4447 882 4493 ε’
911 4442 1229 4509 κεφάλαιον,
1289 4444 1385 4495 καὶ
1432 4444 1501 4497 τὰ
1553 4444 1753 4514 ἐφεξῆς

168 4534 336 4601 ὀκτὼ,
358 4535 453 4589 καὶ
483 4534 703 4605 μαθήσῃ
733 4533 832 4603 τὴν
865 4533 1093 4587 ἀτοπίαν
1142 4534 1236 4587 τοῦ
1285 4535 1576 4605 δόγματος.
1635 4538 1749 4608 Τῆς

168 4631 343 4701 ἀρχῆς
373 4628 430 4683 δὲ
451 4627 684 4697 ψευδοῦς
715 4625 1081 4697 ἐλεγχθείσης,
1108 4628 1203 4680 καὶ
1241 4627 1301 4680 τὸ
1325 4628 1477 4692 τέλος
1506 4628 1748 4683 τοιοῦτον

170 4720 679 4785 συναποδείκνυται,
707 4718 770 4772 τὸ
816 4718 946 4788 περὶ
977 4717 1087 4772 τῶν
1120 4717 1388 4787 λειψάνων
1442 4720 1605 4788 λέγω,
1657 4723 1754 4777 καὶ

164 4815 263 4882 τῆς
281 4813 337 4867 ἐν
364 4813 545 4876 αὐτοῖς
563 4812 829 4882 οἰκήσεως
845 4810 952 4864 τῶν
977 4810 1267 4880 δαιμόνων.
1294 4812 1402 4863 Καὶ¹
1427 4814 1548 4866 καθ’
1569 4814 1754 4884 ἕτερον

167 4907 228 4958 δὲ
258 4905 436 4973 λόγον,
469 4906 516 4958 εί
552 4903 860 4974 παρέμενεν
882 4903 1097 4971 ἐκάστῳ
1144 4902 1251 4955 τῶν
1280 4903 1590 4958 τεθνεώτων
1631 4907 1751 4959 δαί-

172 5015 290 5070 μων
324 4995 672 5067 ἐκδεχόμενος
701 4996 800 5064 τὴν
830 4993 1146 5047 τελευταίαν
1169 4994 1485 5059 ἀνάστασιν,
1543 4997 1698 5051 ἐπέλε
1711 5017 1754 5051 ι-

166 5090 276 5159 ψαν
334 5089 401 5142 ἂν
453 5089 504 5142 οἱ
552 5086 826 5158 δαίμονες.
865 5086 996 5139 Ἀπὸ
1035 5087 1143 5159 γὰρ
1182 5086 1352 5157 Ἀδὰμ
1380 5087 1508 5158 ἄχρι
1534 5091 1627 5142 καὶ
1660 5090 1756 5143 νῦν

165 5180 437 5236 ἀπέθανον
477 5180 753 5249 ἄνθρωποι
785 5180 1043 5249 μυριάδες
1078 5180 1466 5250 ἀναρίθμητοι.
1517 5182 1645 5234 ’Ὁτι
1675 5182 1756 5248 ,δὲ

166 5274 230 5327 οὐ
266 5271 559 5341 φεύγουσιν
581 5271 688 5323 ἀπὸ
724 5271 902 5340 μόνων
926 5271 1030 5322 τῶν
1057 5270 1370 5341 Βογομίλων
1402 5272 1448 5323 οἰ
1477 5270 1753 5341 δαίμονες,

166 5365 306 5420 ἀλλά
335 5364 431 5418 καὶ
460 5363 803 5431 συνδιάγουσι
868 5362 1088 5432 μᾶλλον,
1137 5364 1230 5416 καὶ
1284 5363 1756 5434 παῤῥησιάζονται

168 5458 310 5529 πρὸς
338 5456 560 5520 αὐτοὺς,
591 5456 750 5524 δῆλον
786 5455 895 5508 ἀπό
922 5471 982 5507 τε
1016 5454 1115 5524 τῆς
1165 5454 1332 5525 άλλης
1391 5456 1604 5529 πλάνης
1660 5459 1760 5512 αὖ-

162 5551 297 5617 τῶν,
330 5552 426 5602 καὶ
450 5551 543 5603 τοῦ
574 5549 858 5618 φαίνεσθαι
878 5547 1087 5611 τούτοις
1116 5549 1175 5601 ὲν
1194 5549 1435 5621 σχήμασι
1458 5549 1753 5622 διαφόροις,

163 5645 262 5699 καὶ
293 5642 605 5696 ὑποκατιὼν
639 5643 772 5712 εὑρή
781 5658 910 5705 σεις.

236 5730 299 5787 ιδ’
308 5774 322 5788 .
341 5732 794 5804 Ἀτιμάζουσιτδν
809 5733 948 5789 θεῖον
968 5734 1222 5804 σταυρὸν,
1240 5735 1316 5802 ὡς
1338 5737 1632 5813 ἀναιρέτην
1655 5739 1750 5793 τοῦ

236 5923 257 5957 ⁸
311 5921 594 5987 Joan.xn,
651 5920 738 5977 51.

1859 3350 1980 3389 cum
2014 3333 2142 3396 illis,
2178 3344 2277 3385 nec
2299 3342 2392 3382 eos
2430 3324 2722 3380 docebant.

1930 3534 2019 3589 15.
2054 3531 2251 3586 Dicunt
2279 3525 2541 3597 Bogomili
2568 3525 2840 3578 daemones
2865 3531 3125 3588 tanquam
3154 3532 3317 3572 arcus
3351 3531 3447 3571 sa-

1858 3628 2047 3699 gittam
2082 3638 2111 3677 a
2141 3637 2199 3677 se
2230 3621 2364 3676 solis
2415 3618 2695 3683 aufugere,
2734 3614 2978 3683 singulos
3007 3620 3185 3664 autem
3223 3609 3450 3677 reliquis

1860 3715 2170 3773 hominibus
2202 3708 2431 3779 singulis
2460 3707 2767 3762 inhabitare
2824 3712 2877 3755 et
2906 3700 3145 3755 facinora
3198 3700 3450 3761 educere,

1857 3822 1911 3868 et
1936 3810 2001 3865 ad
2025 3807 2227 3877 ﬂagitia
2251 3814 2305 3859 et
2331 3803 2495 3873 impia
2527 3800 2667 3854 facta
2701 3796 3018 3866 perducere,
3055 3802 3110 3847 et
3144 3806 3265 3846 cum
3301 3804 3448 3842 mor-

1859 3904 1937 3960 tui
1962 3901 2186 3965 fuerint,
2219 3901 2273 3951 in
2310 3897 2553 3965 ipsorum
2585 3889 2831 3957 reliquiis
2860 3888 3121 3948 insidere,
3149 3892 3203 3938 et
3259 3882 3444 3950 sepnlo

1856 3996 1965 4051 eris
1992 3993 2268 4054 assistere,
2295 3997 2461 4057 atque
2492 3978 2949 4037 resurrectionem
2994 3983 3336 4043 exspectare,
3386 3980 3445 4024 ut

1855 4103 1963 4143 una
1996 4100 2116 4140 cum
2146 4082 2252 4137 illis
2284 4082 2604 4151 puniantur,
2642 4089 2705 4128 ac
2734 4087 2801 4127 ue
2832 4072 2884 4125 in
2920 4070 3191 4141 supplicio
3217 4067 3437 4137 quidem

1855 4193 1951 4233 eos
1971 4170 2436 4239 desereregQuod
2495 4171 2548 4222 in
2603 4164 2835 4234 singulis
2878 4160 3194 4216 hominibus
3246 4157 3448 4224 singuli

1856 4273 2129 4337 daemones
2157 4264 2466 4319 inhabitent
2490 4274 2556 4314 ex
2577 4256 3033 4313 Massalianorum
3059 4252 3254 4307 haeresi
3311 4250 3451 4306 didi-

1854 4371 2067 4420 cerunt.
2098 4356 2341 4426 Quaerito
2370 4355 2421 4409 iu
2453 4366 2641 4408 eorum
2679 4349 2833 4403 titulo
2868 4347 3120 4417 quintum
3151 4354 3337 4413 caput,
3394 4353 3447 4397 et

1854 4468 1997 4519 oeto,
2027 4450 2427 4523 quae‘deinceps
2459 4450 2890 4512 consequuntur,
2911 4448 2966 4495 et
3018 4453 3179 4507 quam
3234 4438 3306 4490 sit
3353 4435 3452 4490 ab-

1855 4550 2022 4607 surda
2054 4547 2169 4601 haec
2199 4543 2405 4612 opinio,
2444 4536 2734 4607 intelliges.
2767 4533 2887 4589 .lam
2931 4547 3055 4588 cum
3114 4529 3445 4600 principium

1853 4642 2285 4697 demonstratum
2323 4630 2484 4686 fuerit
2520 4643 2639 4683 esse
2665 4625 2884 4691 falsum,
2913 4632 2970 4677 et
2992 4631 3299 4687 extremum
3326 4632 3453 4671 esse

1851 4731 2029 4787 simile
2062 4726 2393 4797 coarguitur,
2421 4738 2543 4778 cum
2567 4722 2844 4775 dremoues
2870 4716 3064 4769 dicunt
3095 4714 3148 4767 in
3200 4709 3450 4778 reliquiis

1851 4822 2182 4877 inhabitare.
2240 4817 2559 4883 Quanquam
2594 4812 2637 4864 si
2666 4810 2940 4864 daemones
2974 4804 3171 4873 singuli
3207 4803 3260 4856 in
3304 4815 3452 4855 mor-

1851 4916 1960 4969 tuis
1984 4912 2214 4981 singulis
2256 4909 2650 4973 inhabitarent,
2683 4915 2740 4960 et
2769 4914 3071 4959 extremam
3103 4902 3173 4956 it?
3203 4900 3314 4956 illis
3360 4912 3450 4952 re-

1852 5001 2253 5059 Surrectionem
2288 5008 2659 5059 morarentur,
2694 4995 2994 5059 deﬁcerent
3026 4992 3322 5047 daemones.
3367 4989 3449 5043 Ab

1853 5092 2027 5147 Adam
2059 5092 2205 5146 enim
2239 5092 2306 5145 ad
2339 5091 2442 5145 hoc
2468 5104 2641 5159 usque
2678 5099 2893 5157 tempus
2921 5085 3250 5141 interierunt
3276 5081 3444 5136 millia

1853 5186 2136 5241 hominum
2164 5182 2603 5239 innumerabilia.
2628 5181 2784 5247 Quod
2808 5188 2992 5234 autem
3025 5192 3054 5230 a
3104 5176 3235 5230 solis
3276 5174 3449 5243 Bogo—

1855 5278 2001 5333 milis
2030 5292 2135 5331 non
2158 5276 2364 5346 fugiant
2397 5276 2691 5338 daemones,
2744 5274 2839 5327 sed
2891 5285 3014 5326 cum
3072 5268 3177 5323 illis
3224 5270 3444 5336 degant,

1854 5370 2224 5438 audacterque
2243 5376 2551 5428 versentur,
2577 5364 2930 5434 perspicuum
2958 5361 3049 5425 fit,
3077 5368 3191 5414 lum
3224 5374 3289 5413 ex
3324 5357 3446 5412 aliis

1855 5464 2097 5533 ipsorum
2118 5460 2420 5524 erroribus,
2461 5468 2570 5512 tum
2598 5473 2662 5511 ex
2691 5471 2756 5511 eo
2786 5456 2927 5524 quod
2974 5455 3079 5510 illis
3135 5468 3234 5507 sua
3284 5451 3437 5503 varia

1857 5556 2042 5626 specie
2064 5565 2229 5626 atque
2251 5554 2426 5611 forma
2469 5566 2589 5608 sese
2628 5549 2953 5619 conspicuos
3002 5547 3266 5618 praebent.

1940 5735 2025 5793 M.
2052 5704 2283 5793 Crucem
2305 5734 2544 5791 divinam
2562 5729 2887 5802 despiciunt,
2912 5726 3057 5801 quod
3080 5726 3135 5783 in
3151 5740 3212 5781 ea
3238 5691 3438 5780 ἐθηε-
