3960 6580
204 427 335 490 l3l3

1130 437 1502 486 l’ANUlmlA
1552 435 2008 489 UUUMA'I‘IL'A.
2043 454 2111 466 -·
2142 436 2287 492 'l'l'l'.
2333 439 2578 493 XXVII.

3330 435 3464 500 13M

197 543 299 596 ὑπὸ
324 540 417 595 τοῦ
447 539 655 610 Κυρίου
685 538 751 591 δι’
806 537 995 600 ὓδατος
1042 538 1253 606 γίνεται
1294 540 1388 590 καὶ
1427 539 1583 607 ἁγίου
1613 538 1781 591 Ilvati-

1890 540 2179 603 librorum,
2244 557 2384 610 quos
2446 541 2679 608 probant
2749 545 3042 611 reperitur.
3101 543 3463 609 Quamobrem

201 651 385 703 ματος,
411 632 472 684 τὸ
512 630 569 683 δὲ
599 628 733 699 παρ’
756 627 981 681 ἐκείνων
1009 628 1173 681 πόθεν
1206 629 1500 699 παρεδόθη,
1525 628 1783 693 δειξάτω-

196 741 311 778 σαν.
366 725 458 776 Ἐν
487 722 617 792 ποίᾳ
643 720 751 773 τῶν
791 720 998 773 δεκτῶν
1042 721 1223 783 αὐτοῖς
1248 720 1389 773 ἑπτὰ
1417 720 1617 789 βίϐλων
1647 722 1777 793 περὶ

1891 632 2043 686 illum
2080 650 2109 685 ιι
2140 634 2478 687 daemonibus
2543 632 2799 686 didicisse
2860 636 3203 704 perspicuum
3250 647 3355 703 est,
3407 649 3466 693 ut

1884 740 2017 779 vero
2051 725 2348 790 divinaque
2376 726 2648 793 ὺςιριίειιιυ
2678 725 3070 792 spoliarentur.

195 817 380 871 τούτου
412 820 723 887 γέγραπται
747 835 760 881 ;
788 816 1051 869 Αείπεται
1105 809 1196 867 οὖν
1229 814 1333 865 ὑπὸ
1364 813 1473 866 τῶν
1507 814 1773 884 δαιμόνων
1813 817 1972 870 τοῦτο
2034 816 2226 886 μαθεῖν
2256 818 2474 880 αὐτοὺς,
2542 819 2630 871 ἴνα
2675 821 3003 889 γυμνωθῶσι
3046 822 3141 876 τοῦ
3205 820 3462 896 ἀληθινοῦ

195 915 281 964 καὶ
319 912 462 963 θείου
500 912 896 981 βαπτίσματος.

271 1005 356 1069 ιζ’.
392 1006 737 1075 Ἀτιμάζουσι
766 1007 863 1075 τὴν
896 1007 1163 1077 μυστικὴν
1181 1006 1274 1058 καὶ
1301 1006 1534 1076 φρικτὴν
1563 1009 1772 1077 ἱερουρ-

197 1097 340 1165 γίαν,
369 1098 463 1148 καὶ
491 1097 591 1166 τὴν
620 1097 716 1150 τοῦ
748 1097 1080 1150 Δεσποτικοῦ
1111 1099 1361 1167 σώματος
1412 1099 1506 1150 καὶ
1540 1098 1773 1167 αἵματος

194 1189 352 1255 ἁγίαν
380 1189 706 1258 μετάληψιν,
733 1188 926 1242 θυσίαν
955 1190 1064 1241 τῶν
1095 1189 1455 1241 ἐνοικούντων
1476 1190 1588 1250 τοῖς
1626 1188 1775 1249 ναοῖς

194 1281 462 1349 δαιμόνων
491 1279 694 1349 ταύτην
724 1280 1145 1342 ἀποκαλοῦντες.
1186 1281 1249 1331 Ὦ
1276 1279 1488 1349 μιαρῶν
1518 1280 1773 1348 χειλέωνί

196 1368 516 1439 ὣγλώσσης
568 1370 947 1441 μιαρωτέραςὶ
988 1370 1096 1423 Καὶ
1155 1370 1462 1439 παριστῶσι
1526 1370 1779 1438 μάρτυρα

172 1452 282 1532 ’κτὸν
309 1463 595 1532 προφήτην
633 1462 863 1515 Ἡσαΐαν
886 1462 1134 1530 λέγοντα,
1172 1464 1237 1515 Οἱ
1266 1458 1675 1528 ἐτοιμάζοντες
1708 1458 1782 1527 τῇ

197 1555 344 1623 τύχῃ
378 1572 434 1622 τί
449 1554 692 1618 άπεζαν,
722 1554 820 1608 καὶ
862 1554 1247 1621 πληροῦντες
1280 1554 1360 1618 τῷ
1390 1553 1629 1622 δαίμονι
1685 1552 1783 1606 κέ-

189 1662 416 1713 ρασμα,
456 1649 528 1716 μὴ
564 1647 837 1705 συνιέντες
865 1649 915 1699 οἱ
945 1647 1330 1716 παραπλῆγες,
1357 1647 1439 1699 ὃτι
1477 1645 1613 1715 πρὸς
1653 1646 1781 1707 τοὺς

196 1739 715 1807 είδωλολατροῦντας
774 1742 801 1791 6
859 1740 1036 1807 λόγος.
1097 1738 1169 1791 Τὸ
1210 1740 1267 1791 δὲ
1338 1739 1597 1806 μυστικὸν
1647 1740 1777 1806 παρ’

1944 1007 2031 1059 17.
2067 1004 2371 1073 Mysticum,
2414 1009 2783 1060 venerandum
2822 1009 3150 1063 sacriﬁcium
3215 1020 3464 1064 contem-

1885 1107 2021 1151 nunt
2039 1107 2203 1164 atque
2221 1097 2547 1167 despiciunt.
2571 1098 2633 1150 Et
2649 1110 2889 1152 sant-tam
2905 1100 3149 1169 corporis
3163 1110 3214 1154 et
3236 1116 3462 1170 sangui-

1876 1192 1959 1244 nis
1982 1190 2191 1245 Domini
2214 1192 2678 1255 communionem,
2705 1192 3029 1254 dmmonum,
3049 1194 3214 1261 quiin
3247 1194 3463 1262 templis

1875 1283 2497 1343 habitant,sacrtﬁeium
2559 1284 2856 1354 appellant.
2897 1285 2941 1340 Ο
2988 1286 3149 1355 impia
3204 1287 3378 1350 labra,
3430 1304 3465 1341 ο

1877 1377 2088 1446 linguas
2118 1377 2517 1445 exsecrandasl
2558 1376 2712 1431 Isaias
2736 1377 3012 1447 propheta:
3054 1378 3118 1431 ad
3181 1380 3281 1432 hoc
3337 1395 3463 1447 pro-

1882 1469 2121 1523 bandum
2154 1468 2385 1523 afferunt
2418 1469 2812 1535 testimonium,
2843 1469 3075 1523 dicentis
3108 1486 3123 1523 :
3154 1470 3256 1535 Qui
3305 1486 3465 1538 para-

1877 1570 2315 1613 ueruntmemam
2348 1560 2601 1629 fortunae,
2628 1569 2677 1613 et
2718 1560 2946 1613 ἀίοντιοηὶ
2975 1561 3218 1627 poculum
3278 1562 3467 1630 imple-

1877 1656 2125 1717 verunt‘.
2161 1653 2267 1707 Nec
2299 1654 2605 1722 intelligunt
2647 1654 2899 1707 homines
2941 1653 3088 1705 stulti
3156 1656 3317 1708 verba
3376 1655 3467 1707 illa

1879 1746 1946 1800 ad
1981 1746 2296 1799 idololatras
2321 1746 2449 1809 dici,
2495 1761 2617 1799 cum
2676 1746 2904 1814 mystica
2947 1761 3104 1799 coena
3166 1762 3327 1813 quam
3371 1762 3469 1801 nos

196 1835 322 1900 ήκιῖν
357 1834 568 1885 δεῖπνον
618 1834 645 1884 ὁ
684 1832 919 1902 Χριστὸς
986 1834 1304 1903 παρέδωκεν
1351 1831 1543 1893 εἰπὼν,
1599 1832 1779 1885 Τοῦτο

1890 1837 2223 1891 celebramus
2284 1854 2313 1889 a
2360 1835 2589 1890 Domino
2632 1836 2825 1888 tradita
2888 1837 2979 1897 sit,
3045 1836 3298 1889 dicente:
3355 1836 3467 1888 Hoc

194 1922 414 1976 ποιεῖτε
442 1924 528 1988 εὶς
566 1923 683 1990 τὴν
711 1923 867 1990 ἐμὴν
891 1922 1262 1992 ἀνάμνησιν,
1292 1922 1365 1983 ὡς
1397 1924 1444 1974 oi
1497 1923 1776 1988 εὐαγγελι-

194 2017 313 2068 στα“ι
342 2015 593 2067 διδάσκου
608 2032 708 2069 σιν.
746 2016 977 2085 Εἴρηται
1000 2016 1056 2066 δὲ
1083 2018 1137 2067 ὲν
1164 2013 1240 2083 τῷ
1268 2014 1410 2066 κατὰ
1435 2015 1542 2065 τῶν
1577 2014 1776 2065 Παυλι-

191 2109 388 2162 κιάνων
418 2110 560 2179 λόγῳ
591 2110 682 2161 καὶ
712 2112 837 2178 περὶ
858 2110 956 2177 τῆς
988 2108 1136 2170 θείας
1163 2106 1365 2177 ταύτης
1394 2106 1772 2175 μεταλήῲεως,

192 2202 283 2253 καὶ
344 2200 577 2269 ζήτησον
631 2203 747 2253 ἐκεῖ
807 2202 936 2270 περὶ
962 2201 1184 2269 ταύτης.
1222 2195 1344 2253 Οἷον
1377 2200 1435 2251 δὲ
1476 2200 1654 2251 αὐτῶν
1682 2200 1773 2250 καὶ

190 2292 388 2356 τοῦτο;
432 2294 629 2362 ’Ἄρτον
670 2292 765 2360 μὲν
820 2294 927 2361 γὰρ
967 2291 1249 2353 κοινωνίας
1297 2289 1619 2359 ὀνομάζουσι
1678 2287 1778 2357 ἰὴν

194 2383 499 2451 προσευχὴν
516 2382 630 2447 τοῦ,
652 2383 995 2452 ιιάτερήειῶν
1018 2397 1030 2409 ·
1045 2382 1154 2435 Τὸν
1169 2381 1349 2448 ἄρτον
1364 2380 1651 2448 γὰρ,φησ“ι,
1674 2379 1781 2431 τὸν

195 2474 516 2528 ἐπιούσιον
538 2492 551 2504 ο
586 2476 847 2545 ποτήριον
876 2474 932 2526 δὲ
967 2474 1245 2533 κοινωνίας
1278 2474 1478 2541 ὁμοίως
1499 2470 1594 2541 τὴν
1624 2473 1780 2537 λεγο-

196 2568 363 2634 μένην
395 2568 452 2617 ὲν
486 2565 563 2635 τῷ
588 2565 901 2634 Εὐαγγελίῳ
928 2564 1213 2633 διαθήκην.
1250 2562 1430 2616 Τοῦτο
1458 2563 1585 2630 γὰρ,
1620 2564 1775 2630 φησῖ,

193 2658 259 2710 τὸ
299 2655 590 2724 ποτήριον
612 2657 648 2722 ἠ
687 2658 864 2722 καινὴ
886 2655 1142 2721 διαθήκη
1174 2655 1448 2706 Μυστικὸν
1474 2651 1530 2704 δὲ
1558 2653 1775 2704 δεῖπνον

195 2748 295 2816 τὴν
327 2748 650 2817 ἀμφοτέρων
679 2746 884 2800 τούτων
911 2747 1229 2817 μετάληψιν.
1266 2747 1326 2798 Ei
1356 2746 1412 2797 δέ
1450 2762 1532 2806 τις
1573 2744 1781 2797 ἀνθυπ-

196 2841 415 2907 αγάγοι,
474 2841 581 2893 Καὶ
614 2840 730 2901 πῶς
776 2841 834 2891 τὸ
860 2841 1039 2909 Πάτερ
1071 2839 1248 2909 ἡμῶν,
1274 2838 1349 2901 ὡς
1394 2836 1550 2904 σῶμα
1575 2840 1782 2889 Δεσποο

197 2933 350 2982 τικον
380 2932 575 2982 κλᾶται
600 2934 692 2982 καὶ
736 2930 1109 2998 διαμερίζεῖαι
1138 2946 1153 2993 ;
1216 2928 1330 2990 πῶς
1362 2928 1418 2979 δὲ
1449 2928 1541 2978 καὶ
1574 2929 1634 2977 τὸ
1664 2926 1781 2990 νῦν,

209 3020 548 3089 Ἐδοξάσθη
582 3025 613 3074 ό
650 3022 783 3087 Υἱὸς
823 3021 931 3074 τοῦ
951 3020 1291 3088 ἀνθρώπου,
1317 3019 1408 3073 καὶ
1433 3018 1502 3071 τὰ
1528 3018 1677 3089 ἑξῆς,
1703 3018 1777 3080 ὼς

1877 1929 2037 1997 facite
2067 1930 2121 1981 in
2150 1944 2316 1982 meum
2348 1930 2955 1991 commemorutimzem',
2990 1937 3047 1980 ut
3072 1930 3268 1981 docent
3300 1943 3466 1981 eVutI-

1879 2021 2109 2091 gelistac.
2174 2022 2442 2075 Caeterum
2507 2030 2561 2074 et
2609 2022 2675 2074 de
2722 2021 2903 2073 divina
2960 2020 3059 2072 hac
3117 2022 3468 2088 perceptione

1880 2116 2082 2169 dictum
2106 2127 2189 2169 est
2213 2117 2262 2169 in
2292 2115 2445 2168 titulo
2472 2113 3045 2167 PaulicianornmJilic
3067 2114 3230 2181 igitur
3256 2127 3463 2180 quaere.

1882 2209 2052 2263 Porro
2102 2207 2499 2261 communionis
2567 2220 2797 2272 panem,
2846 2199 3216 2273 precationeni
3271 2202 3461 2254 illam:

1883 2302 2051 2356 Pater
2078 2313 2272 2362 noster,
2316 2299 2607 2366 appellant.
2640 2294 2835 2348 Panem
2859 2299 3026 2359 enim,
3060 2296 3253 2362 inquit,
3289 2295 3466 2362 quoti-

1883 2395 2101 2447 dianum
2130 2393 2149 2422 ³
2182 2409 2194 2455 ;
2227 2390 2627 2444 communionis
2652 2387 2876 2441 calicem
2910 2386 3315 2440 Testamentum
3348 2401 3469 2440 esse

1880 2487 2089 2548 dicunt,
2125 2485 2266 2550 quod
2319 2483 2369 2534 in
2412 2480 2705 2549 Evangelio
2756 2488 3110 2533 memoratur.
3172 2478 3270 2531 llic
3293 2480 3465 2543 enim,

1874 2582 2070 2651 inquit,
2100 2579 2243 2633 calix
2272 2594 2462 2631 novum
2495 2576 2887 2630 Testamentum
2906 2575 2946 2627 ⁸.
2971 2574 3262 2645 Utriusque
3283 2587 3465 2629 autem

1884 2675 2284 2744 perceptionem
2336 2670 2620 2736 mysticam
2678 2683 2890 2722 uenam
2952 2676 3170 2722 vocant.
3234 2667 3292 2721 Si
3345 2667 3471 2733 quis

1882 2785 2011 2823 vero
2039 2766 2335 2835 subiecerit
2356 2805 2370 2825 ,
2404 2762 2706 2829 Quomodo,
2742 2764 3014 2832 inquiens,
3041 2761 3201 2815 Pater
3254 2774 3462 2829 numer,

1886 2871 1945 2914 ut
1979 2874 2178 2926 corpus
2206 2856 2415 2909 Domini
2450 2855 2719 2924 frangitur
2767 2866 2930 2922 atque
2974 2853 3268 2909 dividitur?
3316 2853 3467 2919 Quo-

1886 2955 2047 3009 modo
2078 2956 2207 3006 item
2246 2952 2372 3004 illud
2408 2966 2422 3003 :
2460 2948 2615 3004 Nunc
2639 2950 2967 3017 clariﬁcutus
2999 2960 3073 3003 est
3098 2947 3273 3002 Filius
3300 2948 3467 3000 homi-

1888 3044 1969 3096 uis
1993 3045 2037 3105 ³,
2096 3053 2352 3110 tanquam
2384 3040 2692 3093 Servatoris
2724 3037 2946 3106 sanguis
2972 3052 3000 3090 a
3026 3037 3184 3091 vobis
3226 3034 3466 3090 edundi-

198 3116 431 3182 αἳματος
459 3115 550 3167 τοῦ
576 3114 828 3183 Σωτῆρος
854 3114 996 3184 ὑπὲρ
1028 3115 1182 3183 ἡμῶν
1220 3112 1443 3183 ἐξεχύθη
1467 3128 1481 3177 ;
1522 3116 1597 3181 μὴ
1625 3111 1783 3180 γινώ-

1890 3138 2013 3193 tur?
2035 3151 2094 3191 se
2126 3136 2312 3190 dicunt
2332 3136 2600 3203 ignorare.

200 3222 350 3256 σκειν
390 3205 732 3273 ὁμολογοῦσι.

274 3296 365 3365 ιη’.
392 3298 565 3363 Λέγου
576 3315 656 3348 σιν
678 3306 732 3348 ἐν
752 3300 1004 3359 πᾶσιτοῖς
1028 3299 1187 3368 ἱεροῖς
1210 3302 1353 3360 ναοῖς
1375 3302 1643 3350 κατοικεῖν
1660 3296 1786 3360 τοὺς

197 3387 457 3454 δαίμονας
487 3388 840 3457 διαλαχόντας
877 3389 1070 3450 αὐτοὺς
1101 3390 1375 3455 ἀναλόγως
1404 3392 1503 3458 τῆς
1549 3390 1782 3441 ἑκάστου

195 3479 407 3543 τάξεως
441 3480 872 3548 καὶδυνάμεως.
907 3481 1010 3532 Τὸν
1065 3482 1252 3550 μέντοι
1309 3482 1557 3534 Σατανᾶν
1613 3483 1780 3534 πάλαι

198 3571 300 3639 μὲν
325 3570 715 3638 ἀποκληρῶσαι
753 3568 901 3638 αὐτῷ
946 3569 1038 3621 τὸν
1076 3568 1511 3640 πολυθρύλλητον
1534 3572 1591 3623 ὲν
1629 3570 1786 3639 Ἰερο-

196 3660 458 3729 σολύμοις
498 3662 644 3721 ναὸν,
708 3662 847 3728 μετὰ
895 3661 952 3713 δὲ
1014 3660 1112 3730 τὴν
1142 3662 1351 3714 ἐκείνου
1397 3662 1783 3732 καταστροφὴν

197 3754 588 3819 ὲξιδςώσασθαι
613 3753 702 3806 τὸν
734 3757 792 3806 ὲν
818 3757 883 3824 τῇ
918 3754 1151 3824 βασιλίδι
1200 3754 1375 3826 ταύτῃ
1419 3756 1527 3808 τῶν
1578 3755 1783 3807 πόλεων

200 3846 493 3915 ὑπερφερῆ
527 3846 618 3896 καὶ
642 3844 985 3915 περιώνυμον
1015 3845 1115 3912 τῆς
1140 3846 1230 3897 τοῦ
1277 3844 1413 3898 Θεοῦ
1464 3845 1655 3913 σοφίας
1702 3841 1784 3896 οἷ-

200 3954 322 3990 κον.
367 3937 439 3988 Ού
513 3937 619 4005 γὰρ
667 3938 694 3988 ὁ
723 3936 1010 4005 ⁸Υψιστος,
1042 3938 1223 4006 φασὶν,
1275 3937 1332 3989 ὲν
1388 3938 1784 4007 χειροποιήτοις

200 4033 355 4089 ναοῖς
385 4032 651 4094 κατοικεῖ,
700 4030 788 4081 τὸν
834 4030 1061 4098 οὐρανὸν
1091 4029 1228 4095 ἔχων
1292 4030 1627 4100 οἰκητήριον.
1676 4028 1785 4082 Καὶ

204 4126 337 4192 μὴν,
382 4122 443 4174 '0
470 4118 631 4186 οἶκός
662 4139 799 4189 μου,
834 4122 997 4190 φησιν
1027 4124 1053 4173 6
1080 4124 1302 4191 Κύριος,
1334 4120 1499 4187 οἷιιος
1523 4137 1785 4189 προσευ-

200 4216 326 4285 χῆς
356 4218 743 4284 κληθήσεται.
780 4219 888 4268 Καὶ
916 4211 1069 4279 αὖθις
1104 4215 1287 4281 ἔλεγεν
1322 4217 1348 4268 ὁ
1400 4215 1653 4284 Χριστὸς,
1688 4216 1783 4281 Μὴ

199 4308 431 4360 ποιεῖτε
488 4309 596 4362 τὸν
647 4306 819 4363 οἷκον
842 4310 948 4362 τοῦ
993 4310 1223 4375 Πατρός
1254 4326 1373 4377 μου
1402 4304 1572 4361 οἷκον
1601 4306 1785 4374 ἑμπο·

1961 3298 2050 3352 18.
2085 3295 2144 3350 lu
2178 3294 2348 3348 sacris
2374 3293 2625 3348 omnibus
2653 3290 2870 3359 templis
2916 3289 3164 3343 habitare
3195 3288 3470 3341 daemones

1884 3392 2093 3453 dicunt,
2142 3402 2267 3442 cum
2299 3402 2362 3441 ea
2428 3386 2658 3454 quisque
2712 3384 2935 3437 sortitus
2997 3371 3067 3436 sit
3122 3382 3471 3450 proportione

1883 3482 2091 3537 ordinis
2113 3491 2163 3535 et
2198 3480 2437 3533 virtutis.
2483 3480 2744 3532 Satanam
2784 3477 3000 3545 quidem
3024 3474 3125 3528 sibi
3172 3471 3470 3527 celeberri-

1887 3591 2030 3630 mum
2059 3574 2333 3642 quondam
2367 3572 2497 3624 illud
2526 3570 3022 3637 Hierosolymorum
3058 3568 3317 3633 templum
3371 3566 3468 3618 de-

1884 3669 2102 3737 legisse,
2158 3680 2266 3734 quo
2323 3678 2513 3718 everso
2552 3661 2807 3717 eximium
2870 3669 2922 3714 et
2974 3660 3322 3712 decantatum
3377 3656 3467 3708 Dei

1887 3762 2099 3831 Sophia;
2132 3758 2390 3827 templum
2436 3758 2487 3809 in
2529 3756 2632 3810 hac
2657 3755 2868 3808 urbium
2910 3752 3096 3820 regina
3135 3749 3465 3817 suscepisse.

1886 3854 2070 3924 Neque
2104 3853 2270 3915 enim,
2307 3850 2581 3920 inquiunt,
2612 3849 2663 3900 in
2698 3862 2859 3900 manu
2906 3844 3065 3897 factis
3109 3841 3321 3907 templis
3376 3841 3470 3892 Al-

1886 3945 2128 4001 tissimus
2158 3943 2386 4006 hahitat,
2413 3958 2536 3995 cum
2567 3932 2765 3993 caelum
2818 3938 2887 3992 sit
2938 3936 3053 4002 ejus
3100 3933 3462 3987 domicilium.

1886 4037 2051 4107 Atqui
2082 4075 2097 4100 ,
2134 4037 2333 4091 Domus
2360 4050 2500 4097 mea,
2564 4032 2741 4098 inquit
2771 4029 2932 4088 Deus.
2980 4028 3165 4078 domus
3208 4016 3469 4078 orationis

1886 4134 2158 4185 vocabitur
2188 4131 2232 4183 °.
2255 4130 2318 4182 Et
2348 4143 2583 4190 rursum,
2612 4123 2811 4184 Nolite,
2836 4120 3000 4186 inquit
3026 4118 3298 4179 Christus,
3328 4118 3472 4186 face-

1889 4241 1943 4278 re
1970 4227 2183 4277 domum
2219 4222 2399 4274 Patris
2435 4218 2536 4271 mei
2586 4218 2798 4269 domum
2824 4211 3199 4282 negotiationis
3226 4209 3244 4239 '
3272 4247 3287 4271 .
3346 4225 3468 4262 cum

1891 4318 1960 4373 de
2004 4314 2504 4382 Hierosolymorum
2563 4308 2766 4375 templo
2825 4306 3159 4371 loqueretur.
3216 4302 3367 4367 Quod
3426 4300 3471 4353 si

196 4400 362 4467 ρίου,
400 4402 525 4471 περὶ
546 4401 1052 4471 τοῦίχειροποιήτου
1105 4401 1235 4455 ναοῦ
1271 4401 1371 4470 τῆς
1432 4400 1783 4470 Ἰερουσαλὴμ

1897 4409 2152 4478 templum
2182 4406 2315 4485 illud
2342 4413 2460 4457 erat
2487 4399 2600 4463 Dei,
2633 4398 2801 4450 multo
2833 4396 3004 4461 magis
3032 4394 3154 4452 huc,
3192 4392 3335 4459 quod
3382 4400 3469 4444 est

201 4487 369 4540 τοῦτο
401 4489 598 4556 λέγων.
632 4490 694 4543 Εἰ
731 4491 789 4543 δὲ
815 4494 841 4543 6
869 4495 927 4543 ὲν
970 4492 1327 4562 Ἰερουσαλὴμ
1377 4492 1500 4554 vah;
1530 4488 1674 4552 οἶκος
1723 4486 1789 4559 ἧν

202 4581 305 4632 τοῦ
337 4580 492 4645 Θεοῦ,
520 4582 699 4652 πολλῷ
728 4584 925 4652 μᾶλλον
950 4586 978 4637 6
1010 4585 1068 4636 ὲν
1133 4586 1199 4653 τῇ
1234 4583 1467 4653 βασιλίδι
1529 4582 1639 4635 τῶν
1696 4583 1795 4634 πό-

204 4677 371 4738 λεων,
400 4676 496 4728 καὶ
531 4676 717 4739 ἁπλῶς
744 4679 916 4730 εἰπεῖν
937 4678 1135 4739 πάντες
1163 4679 1211 4729 οἰ
1257 4677 1400 4729 κατὰ
1446 4677 1609 4728 τόπον
1640 4677 1797 4740 ἀφιε-

206 4767 450 4843 propexam
479 4767 554 4836 τῷ
584 4768 722 4835 Θεῷ.
757 4771 846 4821 καὶ
876 4771 940 4839 τῇ
981 4768 1305 4837 Θεομήτορι,
1358 4768 1452 4820 καὶ
1500 4767 1631 4818 πᾶσι
1684 4768 1795 4827 τοῖς

202 4859 389 4925 ἁγίοις
438 4862 557 4913 ναοὶ⁸
598 4861 731 4913 θεῖοί
762 4862 819 4914 τέ
851 4863 987 4926 είσι,
1016 4862 1108 4914 καὶ
1164 4861 1515 4929 ἁγιαστήρια,
1550 4860 1646 4911 καὶ¹
1687 4858 1795 4910 τῶν

201 4952 482 5020 δαιμόνων
526 4953 951 5023 φυγαδευτήρια.
984 4954 1157 5005 Ὅπου
1206 4953 1315 5021 γὰρ
1361 4953 1501 5003 οἰκεῖ
1532 4950 1651 5003 θεία
1699 4950 1795 5019 χά·

207 5059 324 5113 ρις,
354 5044 561 5096 ἐκεῖθεν
592 5045 928 5114 ἀπελήλαται
989 5048 1093 5099 πᾶν
1128 5045 1344 5114 πνεῦμα
1379 5045 1631 5114 πονηρὸν,

207 5136 371 5187 πᾶσα
395 5136 501 5187 τῶν
532 5136 799 5205 δαιμόνων
828 5138 1099 5208 ἐνέργεια.

1703 5043 1798 5095 καὶ

291 5226 377 5280 ιϐ’.
400 5229 917 5299 Μόνηνόνομάζουσι
930 5231 1233 5302 προσευχὴν
1250 5231 1347 5301 τὴν
1365 5230 1469 5283 ὑπὸ
1482 5227 1574 5283 τοῦ
1595 5229 1796 5296 Κυρίου

208 5320 613 5386 παραδοθεῖσαν
643 5323 700 5375 ὲν
725 5326 838 5384 τοῖς
868 5324 1251 5392 Εὐαγγελίοις,
1288 5327 1454 5394 ἠγουν
1502 5322 1562 5375 τὺ
1596 5320 1787 5389 Πάτερ

212 5412 414 5480 ἡμῶν,
445 5414 538 5466 καὶ
574 5414 640 5467 τὰ
662 5414 805 5485 ἑξῆς.
838 5416 948 5468 Καὶ
970 5414 1175 5486 ταύτην
1200 5417 1370 5487 μόνην
1394 5414 1791 5486 προσεύχονται

212 5504 450 5567 ἑπτάκις
482 5505 582 5573 μὲν
607 5504 705 5574 τῆς
741 5504 975 5575 ἡμέρας,
1029 5507 1288 5570 πεντάκις
1328 5508 1384 5559 δὲ
1432 5506 1533 5575 τῆς
1581 5505 1795 5567 νυκτός.

226 5594 454 5658 Ὀσάκις
504 5594 560 5647 δὲ
628 5598 707 5658 εἰς
751 5597 1056 5667 προσευχὴν
1103 5598 1365 5665 ἵστανται,
1429 5598 1647 5666 λέγουσι
1702 5597 1799 5666 τὴν

1896 4506 1948 4557 in
1990 4504 2091 4556 hac
2114 4481 2325 4553 urbium
2355 4493 2563 4562 regina,
2592 4499 2646 4544 et
2680 4498 2739 4541 ut
2782 4486 3019 4541 breviter
3049 4485 3248 4541 dicam.
3286 4481 3468 4533 omnia

1892 4593 2254 4662 tempia,quae
2280 4587 2472 4655 quovis
2508 4586 2558 4634 in
2610 4582 2729 4633 loco
2800 4586 2910 4629 tum
2956 4576 3084 4639 Deo,
3138 4585 3250 4625 tum
3306 4569 3464 4622 Matri

1892 4687 2032 4755 ejus,
2066 4695 2177 4736 tum
2206 4678 2460 4735 omnibus
2489 4674 2692 4728 sanctis
2718 4678 3035 4725 consecrata
3065 4674 3214 4726 sunt,
3264 4662 3464 4737 divina

1893 4753 2189 4844 sanctaque
2220 4780 2366 4833 sunt,
2398 4778 2453 4821 et
2524 4768 2794 4821 daemones
2834 4760 3131 4827 expellunt.
3190 4756 3288 4811 Ubi
3324 4753 3471 4809 enim

1895 4870 2076 4922 divina
2099 4866 2309 4919 habitat
2336 4860 2529 4930 gratia,
2564 4857 2686 4911 inde
2717 4854 2896 4907 omnis
2933 4852 3105 4905 malus
3138 4849 3366 4919 spiritus
3414 4855 3470 4899 et

1894 4962 2070 5016 onmis
2090 4960 2392 5012 daemonum
2418 4952 2499 5005 vis
2524 4948 2836 5019 expellitur.

1968 5228 2258 5285 l9.Solam
2294 5224 2663 5294 precationem
2695 5216 2992 5289 appellant,
3021 5228 3182 5283 quam
3218 5212 3475 5265 Dominus

1894 5321 2194 5377 tradiditin
2223 5316 2552 5385 Evangeliis,
2608 5313 2785 5372 idest,
2846 5306 3015 5359 Pater
3061 5315 3257 5359 noster.
3298 5302 3364 5356 Et
3409 5318 3473 5356 ea

1895 5412 2007 5467 sola
2037 5418 2263 5464 utuntur
2286 5406 2490 5474 septies
2519 5402 2740 5471 quidem
2777 5398 2886 5461 die.
2947 5395 3237 5465 quinquies
3292 5399 3473 5446 autem

1900 5514 2080 5558 nocte.
2116 5498 2221 5553 Sed
2253 5498 2467 5567 quoties
2500 5494 2565 5547 ad
2596 5489 2926 5561 precandum
2973 5488 3263 5551 accedunt,
3309 5486 3472 5539 toties

1901 5608 2021 5649 eam
2053 5590 2334 5652 adhibent,
2369 5586 2460 5640 alii
2485 5583 2663 5640 decies
2680 5589 2738 5636 et
2769 5578 3081 5650 quinquies,
3128 5576 3215 5629 alii
3258 5578 3476 5644 smpitts.

296 5797 312 5827 ’
337 5798 441 5854 lsa.
470 5813 591 5861 LXV,
629 5799 712 5855 ll.
794 5801 814 5830 ²
848 5797 977 5855 Luc.
1008 5814 1141 5865 xxn,
1184 5798 1270 5852 l9.
1347 5798 1367 5829 ³
1391 5797 1678 5863 Matth.vu,
1706 5794 1854 5852 9-H.
1897 5791 1919 5825 ⁵
1953 5792 2079 5846 Luc.
2108 5804 2243 5856 xui,
2280 5785 2369 5842 20.
2435 5782 2628 5839 'Joan.
2658 5794 2773 5848 nn,
2817 5778 2907 5834 3i.
2984 5777 3215 5841 “statin.
3247 5788 3357 5841 ut,
3392 5774 3479 5829 15.

214 5872 238 5903 '
270 5867 426 5925 Joau.
458 5886 519 5935 ιι,
550 5868 637 5923 16.
