3960 6596
559 422 707 485 1315

1795 416 2181 476 EUTHYMII
2242 418 2603 479 ZlGABENI

3686 422 3797 487 1316

563 536 652 589 alii
707 536 905 590 rarius.
966 533 1223 605 Reliquas
1268 531 1610 603 precationes
1656 538 2037 593 contemnunt,
2085 537 2141 583 et

2252 531 2552 603 προσευχὴν
2589 531 2812 601 ταύτην,
2838 532 2887 586 oi
2914 534 3015 604 μὲν
3043 534 3265 598 δεκάκις
3293 536 3434 606 μετά
3464 536 3799 603 γονυκλιτίας,

567 627 903 697 multiloqnia
937 636 1151 691 vocant,
1205 637 1259 680 et
1303 624 1555 690 gentibus
1612 622 1928 685 convenire,
1978 636 2148 690 eoque

567 731 817 787 spectare
854 717 1261 786 multiloquium
1308 716 1546 779 illud,de
1585 730 1694 784 quo
1748 714 1802 768 in
1858 714 2148 782 Evangelia

565 811 828 877 scriptum
859 817 962 863 est.
994 807 1105 861 Nec
1133 808 1575 860 animadvertunt
1642 807 1693 858 in
1746 821 1811 860 eo
1868 804 2148 873 Evangelii

584 902 703 954 loco
728 918 831 954 non
857 911 962 953 tam
989 901 1272 954 verborum
1305 900 1725 959 multitudinem.
1757 915 1918 968 quam
1964 915 2147 953 rerum

567 1008 672 1043 non
703 991 1147 1044 convenientium
1207 989 1524 1056 petitionem
1575 988 1919 1055 reprehendi.
1975 988 2148 1043 Porro

565 1084 830 1137 Dominus
860 1092 1048 1135 noster
1068 1080 1436 1150 precationem
1500 1080 1669 1144 illam,
1729 1079 1887 1133 Pater
1937 1090 2146 1143 noster,

562 1176 722 1229 nobis
756 1176 980 1229 tradidit
1022 1184 1281 1241 tanquam
1349 1174 1666 1226 obsecrandi
1724 1171 2036 1236 formulam,
2093 1181 2150 1226 et

561 1267 891 1332 exemplum,
917 1282 980 1320 ac
1006 1267 1271 1328 radicem,
1300 1280 1404 1318 non
1434 1276 1491 1318 ut
1517 1265 1625 1318 illis
1670 1264 1848 1318 verbis
1894 1266 2145 1333 precandi

564 1359 829 1412 rationem
864 1359 1231 1419 concluderet,
1279 1358 1375 1410 sed
1411 1367 1468 1410 ut
1501 1357 1624 1410 inde
1660 1357 1887 1409 aliarum
1961 1372 2150 1426 preca-

564 1454 764 1505 tinnum
798 1457 1446 1522 argumenta,propagata
1472 1449 1583 1516 jam
1622 1448 1746 1513 lide,
1774 1463 2142 1504 sumeremus.

568 1544 780 1597 Etenim
817 1561 882 1597 ne
920 1552 975 1595 ut
1002 1544 1312 1611 jejnnarent
1339 1541 1583 1609 quidem,
1630 1542 1736 1596 illis
1800 1543 1955 1597 initio
2013 1557 2148 1610 prae-

562 1634 725 1701 cepit,
752 1647 922 1701 neque
956 1643 1013 1685 ut
1041 1647 1232 1701 aspere
1254 1641 1307 1685 et
1336 1631 1548 1684 duriter
1570 1632 1733 1684 vitam
1773 1632 2145 1698 traducerent,

563 1727 637 1781 nti
680 1738 799 1796 post
826 1727 969 1780 illius
1035 1726 1089 1779 in
1147 1724 1343 1779 coelum
1409 1737 1697 1777 ascensum
1770 1723 2145 1777 traduxerunt.

562 1821 926 1886 Quamobrem
954 1818 1166 1872 dicebat
1195 1835 1207 1870 :
1246 1815 1369 1870 Non
1396 1826 1615 1886 possunt
1646 1814 1745 1883 ﬁlii
1765 1818 1942 1882 sponsi
1980 1818 2148 1869 mwsti

561 1926 692 1973 esse,
734 1909 969 1979 quandiu
993 1924 1111 1962 cum
1137 1908 1245 1961 illis
1269 1917 1345 1960 est
1409 1922 1674 1974 sponsus;
1732 1907 1936 1960 venient
1973 1917 2147 1959 autem
2183 1902 2222 1956 Β

563 2001 694 2065 dies,
720 2016 841 2054 cum
863 2016 1090 2071 sponsus
1122 1998 1401 2069 auferetur
1423 1998 1486 2051 ab
1518 1999 1616 2066 eis,
1672 2008 1722 2053 et
1751 2009 1873 2053 tunc
1927 2000 2148 2070 jejuna-

561 2098 690 2148 bunt
737 2094 777 2146 ¹.

632 2380 724 2436 20.
757 2379 987 2435 Hzeresis
1014 2382 1238 2435 istorum
1260 2381 1511 2452 princeps
1538 2380 1855 2447 aiﬁrmabat,
1890 2384 2030 2439 hanc
2059 2384 2155 2439 Do-

565 2473 694 2526 mini
715 2487 901 2526 vocem
934 2474 1112 2527 suisin
1147 2473 1452 2545 Evangeliis
1482 2489 1603 2529 esse
1630 2474 1921 2545 scriptam:
1952 2478 2155 2534 Daemo-

568 2566 657 2617 nia
691 2564 872 2629 colite,
899 2580 1001 2618 non
1037 2576 1091 2619 ut
1118 2566 1269 2620 vobis
1302 2562 1661 2637 prosint,(sed°
1684 2585 1752 2623 ne
1777 2570 1979 2626 obsint.
2024 2572 2153 2637 Qua:

559 2657 776 2725 quidem
801 2657 960 2711 verba
991 2658 1267 2726 explicans
1291 2659 1603 2729 adjiciebat,
1637 2662 1857 2716 colenda
1886 2678 2007 2719 esse
2036 2666 2148 2719 da:-

561 2748 762 2814 monin,
826 2762 945 2818 quae
1008 2747 1063 2801 in
1122 2751 1337 2820 templis
1366 2767 1528 2805 manu
1552 2752 1707 2807 factis
1741 2753 2013 2819 habitant,
2081 2771 2150 2810 ne
2199 2811 2215 2822 _

559 2840 883 2905 irascantur,
917 2849 973 2895 et
1004 2843 1233 2910 perdant
1262 2858 1355 2897 eos
1380 2845 1469 2914 qui
1542 2845 1594 2899 id
1622 2845 1800 2900 facere
1827 2847 2151 2915 recusarint,

556 2947 680 2985 cum
718 2948 964 3001 magnam
995 2943 1159 3002 atque
1204 2934 1461 2989 invictam
1489 2936 1719 2991 habeant
1750 2937 1984 2991 nocendi
2015 2938 2147 3003 vim,

556 3026 640 3077 cui
685 3039 750 3078 ne
780 3023 1028 3079 Christus
1059 3028 1275 3095 quidem
1333 3036 1427 3081 aut
1460 3028 1693 3098 Spiritus
1757 3038 1976 3085 sanctus
2017 3031 2153 3086 resi-

564 3127 708 3168 stere
733 3115 933 3181 valent,
956 3118 1205 3185 quoniam
1239 3118 1399 3171 Pater
1429 3118 1533 3172 illis
1568 3119 1743 3174 adhuc
1774 3120 2023 3189 ignoscit,
2054 3135 2153 3175 nec

557 3208 746 3261 adimit
779 3209 948 3263 robur
970 3209 1231 3276 ipsorum,
1266 3209 1358 3264 sed
1388 3210 1465 3263 eis
1496 3212 1680 3264 mundi
1713 3212 2042 3266 dominatum
2063 3228 2153 3267 us-

555 3315 659 3367 qne
680 3302 743 3352 ad
763 3302 1282 3355 consummationem
1302 3303 1482 3355 surculi
1507 3304 1773 3357 concedit.
1802 3302 1986 3372 Neque
2005 3307 2148 3359 enim

558 3389 883 3451 Filinmlcum
904 3392 955 3444 in
973 3392 1227 3445 mundum
1247 3393 1816 3450 mittereturetaPatre
1832 3404 1995 3450 totam
2018 3398 2154 3467 ipso-

562 3497 678 3534 rum
739 3482 1073 3536 eversionem
1122 3482 1434 3551 postularet,
1462 3498 1580 3538 eam
1612 3495 1830 3554 propter
1855 3488 2146 3544 bonitatem

563 3571 738 3627 Patris
767 3573 1057 3641 impetrare
1085 3576 1346 3641 potuisse.
1381 3573 1577 3629 Verum
1622 3578 1874 3646 quoniam
1916 3580 2012 3633 has
2040 3595 2144 3634 nu-

561 3680 655 3731 gas
679 3679 745 3715 ex
773 3662 1186 3719 Masalianorum
1222 3664 1413 3721 hazresi
1433 3677 1807 3736 perceperunt,
1833 3670 2060 3738 qurerito
2085 3671 2141 3725 in

556 3769 622 3808 eo
662 3754 835 3819 titulo,
860 3756 947 3823 qui
966 3757 1220 3811 adversus
1247 3758 1365 3812 illos
1394 3760 1733 3829 conscriptus
1771 3770 1877 3827 est,
1901 3762 2146 3829 quintum

556 3857 734 3914 caput,
772 3859 823 3901 et
859 3859 1006 3914 octo,
1042 3864 1161 3915 quae
1188 3849 1442 3917 deinceps
1500 3866 1825 3921 sequuntur,
1876 3862 1932 3907 et
1979 3870 2144 3923 argu-

557 3950 738 3993 menta
759 3940 822 3993 ad
846 3956 936 3994 eas
958 3940 1274 3994 evertendas
1304 3942 1585 4009 aptissima
1613 3945 1870 4012 reperies.
1900 3944 1973 3999 De
1998 3946 2147 3999 hiset

555 4031 804 4096 superius
821 4031 1024 4083 dictum
1057 4032 1206 4084 estin
1225 4033 1544 4087 duodecimo
1562 4036 1739 4101 capite
1764 4036 1988 4105 hujusce
2016 4037 2145 4091 titu-

554 4119 612 4172 li.
637 4120 764 4171 Nam
790 4122 932 4187 quod
959 4122 1230 4175 dremonas
1253 4123 1472 4178 Christo
1506 4134 1559 4178 et
1588 4124 1790 4194 Spiritu
1822 4140 2013 4183 sancto
2034 4130 2143 4184 lor-

556 4212 720 4265 tiores
759 4221 1032 4277 asserunt,
1058 4228 1165 4281 quo
1187 4215 1448 4283 supplicio
1464 4217 1606 4287 digni
1636 4233 1741 4273 non
1760 4218 1867 4273 sint
1898 4222 2145 4281 homines

567 4302 740 4372 impii,
762 4303 1051 4372 hostesque
1082 4306 1196 4369 Dei,
1238 4309 1661 4380 adoratoresque
1703 4321 1757 4365 et
1781 4312 2016 4371 cultores
2035 4318 2142 4373 da:-

557 4408 796 4459 monum,
819 4409 981 4450 verea
1003 4397 1336 4451 (immanibus
1356 4401 1532 4453 vexati
1556 4413 1610 4455 et
1631 4404 1933 4481 dmmgnum
1948 4407 2137 4461 amici?

2254 625 2304 675 οί
2336 625 2394 677 δὲ
2426 626 2929 689 πεντεκαιδεκάκις.
2956 627 3005 678 οἱ
3036 626 3093 677 δὲ
3125 627 3309 679 πλεῖον
3356 628 3388 697 ἦ
3441 629 3672 681 ἔλαττον.
3717 630 3806 692 Τὰς

2254 713 2301 766 δ’
2330 713 2493 775 ἄλλας
2516 715 2694 776 πάσας
2720 716 3033 785 προσευχὰς
3074 715 3425 785 ἀτιμάζουσι,
3492 717 3803 786 βαττολογίας

2256 806 2423 866 αὐτὰς
2452 805 2875 868 ἀποκαλοῦντες,
2916 807 3008 858 καὶ
3042 805 3141 874 τῆς
3187 805 3407 875 ἐθνικῆς
3458 807 3685 876 μερίδος,
3725 809 3805 876 τὴν

2257 900 2315 951 ὲν
2345 900 2454 960 τοῖς
2485 898 2837 965 Εὑαγγελίοις
2864 900 3165 970 εἰρημένην
3186 898 3543 967 βαττολογίαν
3573 902 3658 952 ἐπὶ
3700 900 3807 951 tati-

2253 1008 2352 1051 τας
2382 991 2727 1060 μετάγοντες,
2766 991 2840 1061 μὴ
2893 990 3273 1059 γινώσκοντες,
3333 991 3414 1044 ὅτι
3494 990 3806 1061 βαττολογίαν

2255 1077 2395 1135 οἶδεν
2423 1083 2450 1134 ὁ
2475 1082 2828 1149 εύαγγελικδς
2857 1083 3011 1151 λόγος
3042 1085 3103 1136 οὐ
3142 1084 3239 1151 τὴν
3264 1082 3451 1145 ἀπλῶς
3478 1082 3805 1150 ⁸πολυλογίαν,

2254 1175 2390 1229 ἀλλά
2415 1176 2515 1244 τὴν
2538 1176 2667 1246 περὶ
2699 1174 2807 1227 τῶν
2838 1174 2914 1243 μὴ
2952 1176 3339 1245 προσηκόντων
3381 1175 3620 1243 αἴτησιν.
3674 1175 3725 1225 Ὀ
3762 1173 3808 1225 δὲ

2255 1267 2461 1338 Κύριος
2512 1266 2798 1337 παρέδωκε
2848 1267 2961 1326 τοῖς
2999 1266 3320 1327 ἀποστόλοις
3370 1266 3472 1335 τὴν
3514 1263 3610 1317 τοῦ
3658 1265 3807 1332 Πάτερ

2253 1358 2413 1428 ἡμῶν
2465 1356 2774 1428 προσευχὴν
2833 1357 2989 1428 ῥίζαν
3051 1356 3359 1427 προσευχῆς
3418 1355 3514 1407 καὶ
3573 1352 3718 1419 εἶδος,
3759 1355 3806 1406 οὗ

2253 1450 2424 1521 ταύτῃ
2495 1448 2647 1521 μόνῃί
2673 1448 2773 1517 τὴν
2834 1450 3145 1518 προσευχὴν
3201 1447 3552 1516 περιορίζων,
3598 1445 3701 1497 ἀλλ’
3740 1445 3806 1494 iv:

2255 1543 2623 1613 λαμῦάνοντες
2654 1544 2717 1595 ὲκ
2745 1542 2953 1611 ταύτης
2972 1542 3070 1604 τὰς
3095 1543 3349 1611 ἀφορμὰς
3378 1540 3643 1592 δύνωνται
3668 1539 3808 1590 ποιεῖν

2256 1636 2351 1687 καὶ
2382 1635 2598 1704 ἑτέρας,
2632 1633 3005 1703 αὐξανομένης
3034 1633 3130 1701 τῆς
3178 1631 3513 1701 προσευχῆς.
3569 1628 3711 1679 Ἐπεὶ
3737 1628 3813 1677 καὶ

2254 1726 2375 1779 οὐδὲ
2407 1724 2690 1795 νηστεύειν
2716 1726 2898 1788 αὐτοῖς
2922 1724 3042 1777 κατ’
3062 1724 3236 1794 ἀρχὰς
3265 1722 3549 1788 ἐπέταξεν,
3565 1721 3675 1773 οὐδὲ
3699 1737 3813 1789 mp-

2258 1819 2506 1889 εχώρησε
2538 1817 3050 1887 σκληραγωγεῖσθαι
3090 1814 3363 1881 τοσοῦτον,
3389 1815 3516 1866 ὅσον
3556 1813 3688 1881 μετὰ

2254 1914 2335 1973 εἰς
2365 1910 2631 1981 οὐρανοὺς
2662 1909 2932 1979 ἀνάληψιν
2994 1909 3159 1965 αὐτοῦ
3224 1909 3320 1961 καὶ
3375 1905 3814 1959 ἀποκατάστασιν.

2253 2004 2344 2056 Διὸ
2378 2006 2470 2056 καὶ
2492 2003 2670 2070 ἔλεγε,
2704 2002 2802 2071 Μὴ
2830 2002 3123 2056 δύνανται
3162 2002 3216 2055 οὶ
3244 1998 3361 2053 υἱοὶ
3396 1997 3506 2051 τοῦ
3525 1994 3817 2065 νυμφῶνος

2254 2095 2503 2148 πενθεῖν
2531 2094 2631 2164 ἐφ’
2661 2095 2813 2148 ὅσον
2838 2095 2965 2162 μετ’
2990 2092 3193 2148 αὐτῶν
3232 2094 3405 2147 ἐστιν
3455 2092 3491 2143 ό
3554 2089 3817 2158 Νυμᾳίος.

2267 2188 2660 2242 Ἐλεύσονται
2689 2187 2757 2240 δὲ
2784 2188 3019 2258 ἡμέραι,
3049 2188 3192 2241 ὅταν
3222 2183 3463 2253 ἀπαρθῇ
3495 2183 3601 2237 ἀπ’
3650 2179 3820 2236 αὐτῶν

2255 2283 2287 2334 ὀ
2327 2282 2629 2349 Νυμφίος,
2659 2284 2757 2333 καὶ
2792 2284 2926 2335 τότε
2948 2279 3435 2347 νηστεύσουσιν.

2328 2374 2397 2428 κ’.
2424 2376 2652 2443 Ἔλεγεν
2680 2376 2708 2427 ὁ
2729 2376 2827 2445 τῆς
2853 2376 3117 2446 αἱρέσεως
3130 2374 3308 2428 αὐτῶν
3330 2373 3562 2442 ἔξαρχος
3586 2371 3823 2440 ἐγγεγρά-

2255 2467 2387 2537 φθαι
2414 2472 2528 2532 τοῖς
2560 2469 2916 2537 Εὑαγγελίοις
2945 2469 3124 2523 αὐτῶν
3162 2469 3347 2537 φωνὴν
3380 2467 3478 2521 τοῦ
3500 2467 3707 2537 Κυρίου
3751 2467 3824 2516 λέ-

2253 2578 2477 2629 γουσαν,
2501 2563 2710 2630 Τιμᾶτε
2736 2562 2803 2613 τὰ
2819 2562 3091 2630 δαιμόνια,
3118 2561 3319 2629 ούχῖνα
3348 2558 3678 2629 ὠφεληθῆτε
3713 2574 3810 2623 παρ

2252 2651 2455 2715 αὐτῶν,
2482 2651 2593 2706 ἀλλ’
2627 2652 2713 2704 ἵνα
2745 2651 2820 2722 μὴ
2852 2650 3130 2719 βλάψωσιν
3152 2649 3315 2720 ὑμᾶς.
3366 2650 3479 2703 Καὶ
3528 2646 3824 2717 ἑρμηνεύων

2252 2741 2352 2812 τὴν
2389 2742 2644 2809 τοιαύτην
2685 2740 2868 2811 φωνὴν
2900 2740 3236 2811 προσετίθει,
3276 2740 3358 2792 ὅτι
3404 2738 3516 2809 χρὴ
3555 2733 3724 2808 τιμᾷν
3770 2740 3826 2786 τι

2253 2835 2567 2889 ἐνοικοῦντα
2596 2837 2709 2897 τοῖς
2740 2834 3137 2903 χειροποιήτοις
3166 2835 3313 2895 ναοῖς
3337 2831 3624 2901 δαιμόνια,
3674 2846 3825 2901 προσ·

2252 2929 2539 2990 κυνοῦντες
2567 2926 2726 2989 αύτά,
2748 2926 2835 2978 ἵνα
2856 2928 2929 2995 μὴ
2969 2925 3292 2996 ὀργισθέντα
3325 2922 3691 2993 διαφθείρωσι
3718 2924 3827 2982 τοὺς

2257 3024 2331 3093 μὴ
2360 3022 2515 3074 τοῦτο
2539 3019 2853 3084 ποιοῦντας,
2881 3018 3123 3089 μεγάλην
3173 3014 3268 3069 τοῦ
3332 3015 3605 3084 βλάπτειν
3656 3016 3827 3084 ἔχοντα

2253 3118 2345 3169 καὶ
2379 3116 2589 3185 ἄμαχον
2618 3113 2868 3183 δύναμιν,
2901 3113 3037 3181 πρὸς
3068 3111 3134 3181 ἣν
3170 3108 3294 3163 οὔτε
3335 3109 3427 3161 τὸν
3469 3110 3710 3179 Χριστὸν
3760 3109 3831 3171 ἐξ·

2254 3208 2467 3276 αρκείν,
2492 3203 2615 3257 οὔτε
2652 3205 2746 3257 σὺν
2781 3202 2929 3272 αὐτῷ
2959 3203 3019 3255 τὸ
3050 3200 3273 3271 Πνεῦμα
3314 3201 3377 3253 τὸ
3431 3201 3617 3267 ἆγιον,
3665 3200 3751 3253 διὰ
3783 3200 3833 3251 τὸ

2253 3300 2342 3351 τὸν
2369 3297 2587 3366 Πατέρα
2610 3295 2886 3364 φείδεσθαι
2919 3295 3099 3347 αὐτῶν
3148 3295 3252 3359 ἐτι,
3286 3293 3384 3347 καὶ
3440 3293 3520 3364 μὴ
3576 3292 3833 3363 περιελεῖν

2250 3390 2347 3460 τὴν
2377 3389 2532 3458 ἰσχὺν
2559 3388 2759 3453 αὐτῶν,
2797 3387 2935 3442 ἀλλά
2964 3387 3319 3457 συγχωρῆσαι
3352 3386 3573 3449 τούτοις
3606 3386 3709 3457 τὴν
3752 3404 3835 3438 κυ-

2251 3484 2505 3554 ριαρχίαν
2534 3481 2629 3534 τοῦ
2662 3480 2977 3549 σύμπαντος
3004 3480 3213 3549 κόσμου
3258 3479 3423 3549 μέχρι
3475 3479 3794 3537 συντελείας
3818 3498 3832 3512 ·

2245 3574 2339 3627 καὶ
2387 3572 2495 3641 γὰρ
2542 3572 2637 3624 καὶ
2680 3571 2772 3624 τὸν
2822 3570 2951 3622 Υἰὺν
2994 3568 3115 3621 κατ’
3168 3570 3342 3639 ἀρχάς
3394 3573 3475 3630 είς
3511 3570 3609 3621 τὸν
3650 3569 3837 3637 κόσμον

2244 3666 2713 3736 ἁποστελλόμενον
2738 3666 2960 3734 αίτῆσαι
2998 3665 3099 3735 μὲν
3126 3664 3225 3734 τὴν
3255 3663 3502 3731 παντελῆ
3547 3662 3835 3716 κατάλυσιν

2247 3762 2451 3825 αὐτῶν,
2495 3760 2570 3831 μὴ
2600 3760 2784 3812 λαϐεῖν
2808 3759 2865 3812 δὲ
2899 3758 3105 3829 ταύτην
3133 3758 3222 3811 διά
3252 3761 3351 3826 τὴν
3376 3757 3703 3825 ἀγαθότητα
3752 3755 3834 3807 τοῦ

2248 3854 2482 3925 Πατρός.
2531 3853 2684 3906 Ἐπεὶ
2711 3852 2769 3905 δὲ
2802 3853 2895 3905 καὶ
2928 3851 3025 3920 τὴν
3059 3850 3332 3921 φλυαρίαν
3364 3848 3577 3917 ταύτην
3612 3849 3718 3901 ἀπὸ
3746 3847 3834 3914 τῆς

2246 3948 2511 4013 αίρέσεως
2544 3947 2652 4001 τῶν
2684 3944 3049 4000 Μασαλιανῶν
3083 3941 3467 4014 μεμαθήκασι,
3515 3941 3757 4011 ζήτησον
3787 3941 3835 3990 ἐν

2242 4040 2321 4109 τῷ
2338 4040 2457 4092 κατ’
2502 4039 2728 4093 ἐκείνων
2765 4038 2929 4107 τίτλῳ
2950 4036 3011 4089 τὸ
3042 4041 3083 4088 ε’
3118 4035 3417 4103 κεφάλαιον
3454 4034 3553 4086 καὶ
3604 4034 3672 4085 τά
3718 4033 3836 4098 ἑφε-

2250 4133 2344 4204 ξῆς
2371 4131 2537 4197 ὀκτὼ,
2570 4132 2667 4185 καὶ
2718 4131 2849 4193 τοὺς
2894 4128 3149 4198 ἐλέγχους
3201 4125 3460 4195 εὑρήσεις
3506 4125 3569 4176 ὲν
3616 4124 3837 4180 ἐκείνοις

2243 4227 2676 4299 ἀναντιρρήτως.
2713 4226 2943 4294 Εἴρηται
2965 4221 3021 4274 δὲ
3049 4221 3143 4274 καὶ
3182 4218 3446 4289 ἀνωτέρω
3476 4219 3616 4287 περὶ
3645 4217 3837 4269 τούτων

2238 4321 2296 4371 ἐν
2325 4319 2401 4389 τῷ
2438 4318 2504 4389 ιβ’
2543 4316 2823 4388 κεφαλαίῳ
2854 4314 2947 4368 τοῦ
2981 4312 3249 4381 παρόντος
3271 4309 3477 4363 τίτλου.
3515 4308 3726 4362 Ὀτιδὲ
3758 4309 3839 4358 καὶ

2246 4412 2372 4474 τοὺς
2401 4412 2666 4480 δαίμονας
2699 4410 3083 4481 ἰσχυροτέρους
3119 4400 3262 4461 εἶναι
3290 4405 3515 4475 λέγουσι
3548 4405 3651 4459 τοῦ
3712 4404 3837 4472 Χριυ

557 4485 684 4540 ⁸τοῦ
717 4504 774 4539 τε
813 4488 909 4541 καὶ
938 4487 1032 4540 τοῦ
1064 4490 1219 4557 ἁγίου
1289 4492 1627 4562 Πνεύματος,
1662 4497 1807 4559 τίνος
1863 4500 1964 4552 οὐκ
1996 4501 2062 4554 ἂν
2100 4498 2211 4555 εἷεν
2250 4503 2391 4568 ἄξιοι
2450 4498 2727 4566 κολάσεως
2779 4507 2830 4557 oi
2887 4505 3169 4574 Θεομάχοι,
3220 4506 3317 4558 καὶ
3366 4502 3719 4572 βλάσφημοι,
3757 4498 3841 4551 καὶ

555 4583 952 4654 προσκυνηταὶ,
985 4582 1078 4635 καὶ
1128 4584 1461 4653 Θεραπευταὶ
1518 4590 1629 4643 τῶν
1686 4591 1988 4661 δαιμόνων,
2047 4598 2143 4648 καὶ
2179 4597 2553 4670 δαιμονιώδεις
2573 4602 2761 4664 ὅντως.
2794 4602 2888 4654 καὶ
2915 4601 3334 4669 φιλοδαίμονεςς

623 4675 715 4730 2i.
742 4675 890 4731 Hanc
921 4679 1049 4730 item
1085 4675 1294 4732 Domini
1349 4696 1535 4735 vocem
1588 4684 1639 4736 in
1672 4684 1973 4754 Evangeliis
1997 4689 2162 4757 scrip-
2190 4693 2236 4749 Ι)

551 4774 665 4820 tam
707 4776 990 4843 asserunt:
1018 4768 1179 4824 Omni
1205 4775 1421 4827 ratione
1443 4774 1605 4828 saluti
1629 4785 1824 4831 vestra:
1853 4779 2143 4847 consulite,

549 4856 653 4911 hoc
673 4865 775 4924 est,
811 4859 957 4913 omni
989 4870 1105 4915 arte
1153 4871 1207 4917 et
1237 4864 1360 4919 dolo
1392 4866 1713 4922 simulantes
1744 4868 1902 4924 ﬁdem
1950 4887 2139 4927 eorum

550 4949 642 5019 qui
674 4964 769 5002 vos
795 4951 1128 5018 Opprintnnt,
1164 4966 1377 5011 servate
1407 4973 1500 5011 vos
1528 4973 1557 5011 a
1594 4961 1855 5027 periculo,
1885 4973 1941 5015 et
1968 4976 2141 5019 morte

552 5054 671 5108 qum
704 5041 857 5096 vobis
886 5044 952 5096 ab
993 5044 1099 5097 illis
1125 5046 1389 5101 imminet.
1416 5049 1532 5103 lluc
1563 5054 1704 5105 enim
1749 5064 1803 5105 et
1838 5055 1965 5107 illud
2016 5073 2139 5126 spe-

548 5140 742 5186 ctare:
792 5132 1124 5203 Quwcunque
1161 5138 1412 5203 dixerint,
1451 5156 1570 5193 cum
1596 5144 1942 5198 simulatione
1981 5150 2140 5202 nimi-

547 5239 666 5276 rum
691 5224 1159 5291 {acite,secundum
1195 5245 1349 5295 opera
1386 5242 1558 5285 autem
1590 5234 1822 5301 ipsorum
1857 5239 2014 5292 nolite
2042 5242 2129 5309 [a-

545 5319 721 5381 cere',
776 5318 825 5369 in
882 5318 1133 5373 veritate.
1192 5321 1405 5376 Etenim
1460 5325 1630 5393 ipsum
1669 5342 1887 5396 quoque
1951 5332 2133 5387 Domi-

546 5421 671 5458 num
699 5408 975 5476 discipulis
991 5424 1172 5478 aperte
1203 5413 1442 5467 locutum
1461 5430 1603 5480 esse,
1637 5417 1931 5475 incredulis
1952 5433 2129 5478 autem

546 5513 595 5548 ιιι
632 5499 924 5566 parabolis,
954 5512 1009 5554 ut
1042 5504 1302 5558 increduli
1353 5508 1716 5563 simulationis
1755 5515 1989 5580 speciem
2049 5516 2133 5571 in-

545 5599 754 5645 tuentes
811 5608 915 5646 non
977 5596 1189 5650 videant
1239 5599 1287 5650 id
1345 5603 1485 5667 quod
1524 5601 1575 5654 in
1613 5603 1870 5659 cordibus
1926 5612 2126 5667 nostris

546 5684 873 5737 rerunditum
897 5695 1001 5751 est,
1032 5698 1083 5741 et
1111 5690 1387 5744 audientes
1402 5707 1504 5744 non
1541 5695 1779 5749 audiant.
1811 5698 2128 5760 Parabolam

622 5884 637 5913 ⁸
669 5883 862 5941 Matth.
896 5902 972 5951 ιι,
1008 5887 1095 5943 15.
1173 5893 1192 5922 ³
1224 5890 1418 5951 Matth.
1449 5867 1642 6004 ’xxm,
1672 5900 1724 5958 5.

2338 4694 2446 4749 κα’.
2456 4695 2576 4747 Ἔτι
2597 4710 2635 4746 π
2644 4711 2909 4765 ροσεγγεγ
2920 4694 3118 4765 ράφθαι
3134 4696 3228 4747 καλ⁸
3238 4694 3445 4761 ταύτην
3458 4692 3619 4761 ἔλεγε
3632 4694 3730 4746 τοῦ
3743 4694 3841 4744 Κυο

2247 4784 2362 4861 ρίου
2399 4789 2605 4858 φωνὴν,
2626 4787 2826 4859 Τρόπῳ
2857 4788 3071 4856 σώθητε
3102 4803 3116 4817 ο
3147 4787 3431 4853 τουτέστι,
3467 4786 3632 4840 Μετά
3667 4802 3843 4855 μηχιο

2245 4883 2376 4951 νῆς,
2426 4881 2522 4935 καὶ
2570 4880 2787 4948 ἀπάτης
2849 4880 3275 4950 ὑποκρινόμενοι
3334 4881 3439 4946 τὴν
3489 4879 3690 4932 πίστιν
3738 4878 3841 4928 τῶν

2242 4975 2666 5042 ἀναγκαζόντων
2721 4974 2907 5043 ὑμᾶς,
2974 4975 3067 5025 καὶ
3137 4970 3281 5025 οὕτω
3352 4972 3665 5041 σωζόμενοι
3736 4966 3843 5022 ἀπὸ

2241 5067 2519 5131 κινδύνου,
2551 5069 2645 5119 καὶ
2673 5066 2907 5120 θανάτου
2946 5066 3041 5118 τοῦ
3091 5066 3225 5135 παρ’
3276 5066 3484 5128 αὐτῶν,
3544 5068 3627 5124 είς
3686 5062 3843 5115 τοῦτο

2240 5161 2346 5228 γάρ
2383 5159 2570 5227 φέρειν
2606 5160 2700 5210 καὶ
2722 5159 2802 5222 ea,
2833 5159 2993 5210 ’Ὅσα
3030 5158 3107 5211 ἂν
3136 5158 3391 5210 εἴπωσιν
3438 5156 3587 5224 ὑμῖν
3615 5152 3840 5210 ποιεῖν.

2236 5250 2481 5315 ποιεῖτε,
2516 5252 2571 5302 ὲν
2606 5251 2895 5320 ὑποκρίσει
2928 5251 3211 5319 δηλονότι,
3248 5253 3401 5303 κατὰ
3439 5249 3509 5301 δὲ
3572 5247 3649 5300 τὰ
3700 5246 3845 5313 ἕρμα

2232 5341 2432 5395 αὐτῶν
2464 5340 2552 5409 μὴ
2581 5339 2827 5400 ποιεῖτε,
2879 5342 2937 5394 ὲν
2966 5340 3229 5411 ἀληθεία·
3271 5341 3368 5393 καὶ
3425 5338 3537 5407 γὰρ
3594 5338 3699 5389 καὶ
3752 5335 3847 5385 3'3-

2182 5456 2185 5459 ·
2232 5434 2322 5485 τὸν
2375 5433 2465 5485 τὸν
2512 5432 2715 5502 Κύριον
2753 5436 2868 5496 τοῖς
2930 5435 3029 5503 μὲν
3084 5433 3355 5503 μαθηταῖς
3388 5430 3571 5502 ὀρθῶς
3627 5428 3843 5515 λαλεῖνΣ

2238 5531 2349 5588 τοῖς
2384 5526 2441 5578 δὲ
2481 5527 2733 5589 ἀπίστοις
2775 5529 2833 5579 ἐν
2866 5527 3224 5598 παραϐολαῖς,
3290 5526 3381 5577 ἵνα
3434 5524 3751 5594 βλέποντες
3806 5518 3845 5565 si

2237 5619 2453 5672 ἄπιστοι
2484 5620 2544 5671 τὸ
2571 5620 2896 5691 φαινόμενον
2919 5621 3016 5689 τῆς
3065 5619 3410 5688 ὑποκρίσεως
3461 5619 3540 5687 μὴ
3596 5616 3845 5686 βλέπω-τε

2237 5714 2299 5765 τὸ
2334 5712 2715 5782 κρυπτόμενον
2749 5715 2809 5769 ὲν
2838 5718 2958 5776 ταῖς
2990 5712 3239 5782 καρδίαις
3274 5711 3456 5781 ἡμῶν,
3496 5704 3848 5763 καὶάκούον-
