3930 6578
235 417 385 483 1317

1171 421 1546 482 I’ANOPLIA
1586 419 2048 482 DUCMATICA.
2088 445 2156 456 —
2190 421 2339 483 TIT.
2382 420 2630 483 XXVII.

3394 413 3534 485 1318

225 553 321 598 τες
362 537 437 605 μὴ
478 533 745 600 ἀκούωσι,
778 533 1100 605 παραϐολὴν
1128 532 1415 600 ὀνομάζων
1472 534 1569 603 τὴν
1618 533 1816 602 ἀπάτηε

1940 532 2107 595 enim,
2173 532 2448 601 inquiunt,
2491 531 2724 601 appellat
2783 531 2965 587 dolum
3019 539 3074 586 et
3105 531 3534 589 simulationem.

227 629 325 680 καὶ
349 628 448 695 τὴν
480 627 795 697 ὑπόκρισιν.
845 628 985 697 Ἐγὼ
1006 629 1061 681 δὲ
1092 630 1192 697 τὴν
1225 627 1408 697 βίϐλον
1442 626 1548 679 τῶν
1581 626 1822 693 Εὑαγγε-

223 720 357 772 λίων
395 717 488 773 τοῦ
524 716 699 771 ταῦτα
741 718 1085 783 διδάσκοντος
1116 722 1195 782 εἰς
1250 721 1440 790 χεῖρας
1479 717 1678 784 λαϐὼν,
1728 718 1824 770 καὶ

225 811 723 882 διερευνησάμενος
750 811 995 882 ἀκριϐῶς
1026 810 1148 863 οὔτε
1186 812 1283 883 τὴν
1314 811 1421 883 πρὸ
1469 811 1674 882 ταύτης
1727 809 1822 877 δη-

225 904 499 956 λωθεῖσαν
542 899 701 974 εὗρον
748 904 953 973 φωνὴν,
996 902 1132 956 ,οὔτε
1162 905 1260 974 τὴν
1315 904 1623 975 παροῦσαν,
1686 903 1823 956 ἀλλὰ

221 997 453 1049 τοιαῦτα
499 990 639 1066 ἦσαν
700 996 769 1048 τὰ
823 995 1067 1065 τέσσαρα
1124 998 1455 1065 Εὑαγγέλια,
1503 994 1589 1050 οἷα
1616 996 1710 1051 καὶ
1758 996 1825 1048 τὰ

223 1088 364 1160 παρ’
418 1092 552 1159 ἡμῖν
612 1088 1051 1157 ἁπαραποιήτως
1101 1089 1317 1158 ἔχοντα,
1372 1091 1465 1142 καὶ
1523 1087 1824 1159 άνήγγειλα

224 1184 401 1253 τούτῳ
450 1180 579 1253 περὶ
604 1180 817 1236 τούτου.
860 1179 918 1235 ’0
962 1182 1020 1236 δὲ
1052 1183 1457 1252 σκυθρωπάσας
1514 1182 1608 1237 καὶ
1658 1182 1825 1235 δεινο-

231 1276 483 1345 meam
514 1274 588 1338 ὼς
616 1275 981 1345 ἐληλεγμένος
1009 1274 1333 1344 ὡμολόγησε
1373 1275 1508 1346 μηδέ
1534 1292 1665 1329 ποτε
1699 1274 1820 1345 μηδ’

221 1368 388 1430 αὐτὸς
414 1366 831 1436 ἐντετυχηκέναι
869 1368 990 1427 ταῖς
1023 1364 1116 1417 δύο
1149 1365 1375 1427 ταύταις
1426 1368 1655 1432 φωναῖς,
1702 1365 1823 1418 καί·

204 1440 307 1525 ξτοι
339 1458 605 1520 πολλάκις
646 1456 1045 1525 ἀναγινώσκων
1080 1458 1142 1510 τὸ
1171 1458 1530 1525 Εύαγγὲλιον.
1585 1457 1715 1511 Ὅτε
1741 1458 1822 1521 δὲ,

223 1552 360 1621 φησι
381 1591 398 1617 ,
433 1550 530 1620 τὴν
578 1552 859 1620 παροῦσαν
893 1551 1073 1621 βίϐλον
1096 1549 1203 1603 τῶν
1234 1551 1585 1618 Εὑαγγελίων
1620 1551 1825 1619 ἐξωνη-

224 1645 435 1713 σάμην,
472 1644 765 1713 ἀπήντησα
804 1643 1026 1713 γέροντι
1066 1642 1209 1695 κατά
1236 1661 1359 1696 τινα
1399 1646 1563 1695 τόπον
1592 1643 1820 1712 ἔρημον,

222 1739 321 1791 καὶ
350 1736 583 1800 καλέσας
620 1737 729 1789 ἀπὸ
756 1735 848 1789 τοῦ
882 1736 1147 1799 ὀνόματος
1185 1732 1304 1789 εἶπέ
1346 1753 1459 1805 μοι,
1492 1737 1577 1790 ὅτι
1628 1737 1822 1803 Μέγαν

223 1829 482 1896 έξωνήσω
510 1828 803 1898 θησαυρόν.
839 1827 1057 1893 Ταύτην
1105 1830 1214 1897 γάρ
1251 1829 1420 1898 μόνην
1479 1831 1580 1899 τήν
1638 1828 1822 1897 βίϐλον

1935 623 2047 691 Ego
2077 638 2205 677 vero
2235 639 2357 678 cum
2395 623 2814 695 Evangeliorum
2846 623 3044 678 librum
3099 625 3260 679 istius
3299 626 3537 683 doctoris

1935 715 1989 767 in
2021 726 2217 768 manus
2247 715 2534 782 cepissem,
2567 724 2619 768 et
2650 716 2936 786 diligenter
2968 714 3321 783 evolvissem,
3360 731 3537 787 neque

1932 819 2120 859 vocem
2159 808 2518 874 superiorem,
2553 823 2729 877 neque
2789 808 2928 862 hanc
2982 808 3183 878 reperi.
3234 807 3337 862 Sed
3406 811 3532 866 talia

1931 906 2097 952 erant
2167 908 2401 968 quatuor
2443 898 2756 969 Evangelia,
2813 902 2997 970 qualia
3050 913 3175 956 sunt
3240 902 3380 972 apud
3410 919 3531 969 nos,

1932 1006 2114 1062 neque
2162 990 2268 1046 ulla
2299 1007 2357 1046 re
2391 995 2792 1063 discrepabant.
2852 994 3004 1062 Quod
3051 1011 3171 1049 cum
3231 996 3297 1049 ad
3355 995 3532 1065 ipsum

1933 1084 2273 1149 detulissem,
2318 1084 2406 1139 ille
2433 1086 2625 1151 tristis,
2689 1096 2743 1141 et
2782 1102 2892 1140 rem
2916 1103 3059 1159 agre
3117 1087 3317 1154 ferens,
3347 1100 3536 1158 utpote

1933 1178 2323 1246 deprehensus,
2355 1177 2636 1233 confessus
2665 1187 2768 1242 est,
2812 1194 2881 1232 ne
2915 1194 2972 1233 se
3002 1178 3221 1249 quidem
3273 1182 3409 1234 duas
3436 1180 3536 1235 has

1932 1286 2116 1337 voces,
2155 1287 2276 1325 cum
2309 1286 2453 1339 saepe
2503 1272 2764 1341 relegeret
2794 1272 3167 1341 Evangelium,
3227 1273 3534 1341 deprehen-

1931 1363 2113 1434 disse}:
2151 1364 2256 1419 Sed
2301 1381 2421 1419 cum
2456 1364 2650 1418 librum
2689 1366 2855 1427 hunc,
2884 1364 3075 1434 inquit,
3112 1365 3531 1436 Evangeliorutn

1930 1458 2058 1521 emi,
2100 1459 2150 1511 in
2200 1459 2436 1527 quadam
2469 1457 2762 1512 solitudine
2796 1472 2985 1511 senem
3027 1457 3252 1524 oﬂ‘endi,
3317 1460 3407 1528 qui
3444 1474 3534 1513 me

1935 1549 2157 1604 nomine
2194 1550 2551 1620 compellans,
2585 1550 2683 1615 ait,
2744 1563 2828 1603 me
2886 1549 3201 1603 thesaurum
3273 1564 3530 1619 magnum

1931 1646 2154 1712 emisse,
2187 1645 2333 1699 illum
2367 1646 2511 1701 enim
2562 1646 2759 1700 librum
2797 1644 2975 1701 solum
3002 1644 3230 1701 Joannis
3292 1644 3535 1715 Phryso—

1932 1739 2118 1803 Stomi,
2151 1739 2231 1793 sic
2266 1740 2412 1793 enim
2453 1754 2677 1794 aureum
2727 1740 2853 1794 illud
2879 1756 2942 1794 os
2989 1739 3369 1810 impurissimae
3398 1738 3535 1793 isto-

1935 1845 2052 1882 rum
2081 1831 2277 1899 lingua:
2304 1832 2601 1902 appellant,
2635 1848 2826 1887 manus
2876 1830 3153 1903 eﬂ'ugisse,
3186 1841 3241 1885 et
3264 1832 3403 1888 duas
3434 1846 3533 1884 vo-

219 1920 591 1989 διαφυγοῦσαν
625 1922 724 1981 τὰς
754 1922 939 1989 χεῖρας
984 1921 1235 1974 Ἰωάννου
1266 1921 1360 1973 τοῦ
1391 1922 1772 1991 Φρυσοστόμου
1801 1937 1814 1951 ’

1922 1935 2012 1975 ees
2032 1935 2096 1975 ex
2118 1922 2237 1976 aliis
2266 1922 2574 1992 Evangeliis
2595 1922 2844 1979 exclusus
2866 1940 3011 1981 esse.
3039 1924 3205 1994 Cujus
3229 1940 3328 1995 ego
3352 1925 3532 1981 verbis

220 2012 317 2065 τὸν
374 2006 482 2081 γὰρ
540 2013 929 2081 Χρυσόστομον
984 2010 1156 2075 οὕτως
1225 2014 1275 2065 oi
1336 2011 1816 2083 ἁκαθαρτόστομοι

1922 2013 2116 2084 inquit,
2146 2015 2306 2071 (idem
2347 2017 2577 2081 habens,
2606 2019 2861 2088 praedico,
2894 2018 3030 2073 duas
3069 2020 3196 2074 item
3241 2019 3340 2074 has
3363 2033 3532 2073 voces

224 2103 677 2175 προσωνόμαζον
706 2103 851 2174 ἔχειν
884 2104 1347 2175 ἐγγεγραμμένας
1385 2104 1486 2167 τὰς
1518 2106 1816 2176 εἰρημένας

1922 2105 1977 2160 in
2023 2106 2334 2179 Evangeliis
2363 2109 2603 2179 scriptas
2635 2125 2778 2166 esse.
2826 2109 2919 2165 llle
2952 2110 3172 2180 quidem
3226 2110 3365 2165 hanc
3387 2120 3533 2166 attu-

220 2197 320 2251 δύο
351 2198 556 2265 φωνάς,
605 2196 967 2266 ἐκϐληθείσας
1018 2198 1128 2251 ἀπὸ
1178 2197 1285 2253 τῶν
1340 2198 1515 2252 ἄλλων
1576 2199 1816 2269 Εύαγγε-

1922 2199 1982 2252 lit
2013 2198 2409 2255 defensionem.
2444 2201 2557 2272 Ego
2592 2216 2722 2256 vero
2762 2201 2954 2256 statim
3029 2200 3298 2269 intellexi,
3330 2202 3532 2257 daemo-

220 2288 377 2342 λίων.
409 2280 712 2352 Πιστεύσας
738 2291 792 2343 δὲ
828 2291 937 2352 τοῖς
965 2289 1175 2342 ἐκείνου
1194 2289 1371 2358 λόγοις
1399 2290 1528 2358 ἐγὼ,
1562 2290 1816 2361 κηρύττω

1922 2304 2043 2345 nem
2082 2290 2254 2348 fuisse
2297 2292 2472 2360 illum,
2504 2293 2595 2364 qui
2637 2294 2737 2350 sub
2784 2293 3063 2350 mendacis
3101 2296 3252 2350 senis
3288 2310 3528 2366 persona

222 2379 321 2431 καὶ
350 2379 575 2445 ταύτας,
599 2379 675 2442 ὼς
705 2381 771 2450 τῇ
804 2381 909 2448 ἐμῇ
962 2380 1130 2449 βίϐλῳ
1168 2380 1276 2433 τῶν
1320 2379 1667 2447 Εύαγγελίων
1727 2382 1816 2450 ὲγ‹

1923 2384 2134 2439 locutus
2155 2384 2350 2440 fuerat.

222 2477 639 2547 γεγραμμένας.
689 2474 746 2527 Ὀ
785 2475 883 2546 μὲν
931 2474 1024 2528 οὖν
1073 2474 1334 2545 τοιαύτην
1367 2476 1670 2541 ἐποιήσατο
1726 2478 1824 2547 τὴν
1864 2478 2190 2547 ἀπολογίαν,
2258 2478 2371 2548 ἐγὼ
2434 2482 2492 2535 δὲ
2527 2481 2739 2553 συνῆκα
2782 2480 3019 2552 ταχέως,
3065 2480 3150 2534 ὅτι
3197 2482 3226 2535 ό
3282 2481 3527 2535 Σατανᾶς

220 2568 294 2642 ἦν
323 2572 350 2623 ὸ
370 2571 458 2621 τὸν
480 2568 817 2638 ψευδόγηρον
844 2570 1051 2621 ἐκεῖνον
1084 2569 1542 2639 ὑποκρινάμενος.

305 2657 652 2729 κβ’.Λέγουσι
668 2663 793 2725 τοὺς
808 2662 905 2731 τῆς
918 2662 1158 2726 πίστεως
1169 2664 1366 2729 αὐτῶν,
1384 2666 1530 2727 ὅσοις
1548 2667 1816 2738 ἐνοικήσει

1996 2664 2162 2718 Aiunt
2211 2680 2341 2719 suos
2396 2680 2605 2731 omnes,
2657 2665 2710 2719 in
2751 2666 2948 2735 quibus
3001 2664 3240 2735 Spiritus
3300 2677 3526 2725 sanctus

222 2755 291 2807 τὸ
331 2754 460 2824 παρ’
490 2756 671 2817 αὐτοῖς
698 2754 852 2823 ἅγιον
880 2757 1127 2826 Πνεῦμα,
1164 2757 1373 2821 πάντας
1407 2760 1693 2824 θεοτόκους
1716 2763 1814 2816 καὶ

1922 2756 2149 2819 habitat,
2198 2756 2291 2810 Dei
2327 2767 2581 2825 parentes
2602 2765 2655 2810 et
2686 2772 2832 2812 esse.
2866 2766 2921 2813 et
2960 2757 3229 2811 nominari
3264 2771 3389 2812 cum
3419 2758 3524 2829 ipsi

226 2842 392 2913 εἶναι,
418 2846 511 2899 καὶ
536 2846 926 2915 ὀνομάζεσθαι,
957 2846 1334 2916 βαστάσαντας
1366 2850 1460 2902 καὶ
1502 2850 1698 2914 αὐτοὺς
1729 2854 1816 2905 τὸν

1922 2863 2133 2918 quoque
2169 2847 2260 2902 Dei
2298 2846 2534 2902 Verbum
2572 2849 2907 2918 concipiant,
2947 2858 3001 2903 et
3034 2848 3087 2903 in
3120 2863 3277 2905 utero
3307 2861 3521 2921 gerant,

223 2942 399 3007 Λόγον
428 2939 523 2992 τοῦ
551 2939 709 3003 Θεοῦ,
738 2941 830 2993 καὶ
860 2942 1228 3011 γεννήσαντας
1278 2943 1440 2995 αὐτὸν
1466 2943 1555 2997 διά
1605 2944 1699 2999 τοῦ
1731 2946 1816 2999 δι-

1922 2952 2085 3013 atque
2172 2943 2335 2996 etiam
2390 2941 2607 3012 pariant
2662 2941 2791 2997 dum
2834 2942 2967 2996 alios
3023 2942 3238 2997 docent.
3278 2940 3342 2996 Et
3382 2930 3523 2999 nihil

221 3030 445 3084 δάσκειν
470 3029 710 3098 ἑτέρους,
744 3028 839 3082 καὶ
897 3030 1062 3101 μηδὲν
1092 3030 1252 3083 πλέον
1295 3031 1477 3084 αὐτῶν
1529 3030 1673 3102 ἔχειν
1714 3033 1812 3103 τὴν

1922 3036 2171 3104 amplius,
2204 3050 2364 3103 quam
2421 3035 2521 3103 ipsi
2560 3034 2813 3100 habeant,
2852 3034 3054 3090 habere
3110 3036 3342 3105 primam
3373 3037 3520 3092 illam

224 3118 451 3191 πρώτην
478 3117 760 3172 Θεοτόκον.
786 3120 894 3173 Καὶ
915 3119 1034 3172 οὐδὲ
1057 3120 1311 3173 τοσοῦτον
1335 3120 1465 3188 γοῦν
1499 3123 1809 3191 φρονοῦσιν,

1924 3128 2017 3182 Det
2051 3126 2420 3184 Genitricem.
2486 3126 2599 3183 Nec
2638 3135 2846 3182 tantum
2887 3129 3090 3184 habent
3118 3130 3332 3193 mentis.
3361 3140 3417 3184 ut
3446 3131 3524 3185 in.

223 3213 349 3265 ὅσον
374 3212 572 3265 εἰδέναι
599 3213 860 3283 διαφορὰν
886 3213 1253 3267 ὲνυποστάτου
1288 3213 1383 3267 καὶ
1404 3212 1605 3278 ζῶντος
1640 3215 1816 3284 Λόγου

1924 3219 2167 3288 telligere
2193 3219 2429 3285 valeant,
2460 3219 2588 3289 quid
2611 3220 2828 3275 intersit
2864 3220 3005 3276 inter
3052 3219 3294 3275 Verbum
3328 3222 3380 3277 in
3421 3238 3522 3277 sua

223 3305 413 3367 ἁπλῶς
478 3305 637 3374 λόγου
683 3305 1041 3376 προφορικοῦ,
1090 3307 1176 3359 ἴνα
1233 3306 1690 3378 παραδράμωμιν
1744 3309 1814 3362 τὰ

223 3398 367 3450 κατὰ
425 3396 523 3468 τὴν
581 3396 782 3468 κυρίως
840 3397 1101 3451 Θεοτόκον
1157 3399 1362 3470 φρικτὰ
1405 3401 1501 3454 καὶ
1534 3400 1815 3471 παράδοξα

226 3489 532 3559 μυστήρια.

313 3583 547 3651 Λέγουσι
604 3584 731 3647 τοὺς
787 3583 1064 3647 τοιούτους
1112 3584 1187 3654 μὴ
1243 3584 1629 3657 ἀποθνήσκειν,
1677 3587 1814 3642 ἀλλὰ

227 3674 615 3743 μεθίστασθαι,
642 3676 894 3747 καθάπερ
926 3677 983 3728 ὲν
1014 3675 1257 3747 ὖπνῳ,τὸ
1284 3679 1509 3748 πήλινον
1541 3680 1686 3734 τουτὶ
1718 3685 1813 3733 καὶ

226 3770 485 3841 σάρκινον
512 3768 859 3840 περιϐόλαιον
908 3770 1124 3834 ἀπόνως
1162 3770 1545 3841 ὲκδυομένους,
1599 3776 1695 3827 καὶ
1716 3775 1813 3844 τὴν

225 3864 503 3935 ἄφθαρτον
539 3862 635 3917 καὶ
659 3862 812 3916 θείαν
834 3862 926 3916 τοῦ
954 3862 1193 3934 Χριστοῦ
1214 3863 1406 3934 στολὴν
1434 3865 1811 3936 ἐνδυομένους,

224 3957 323 4009 καὶ
373 3956 692 4025 γινομένους
726 3954 1050 4025 συσσώμους
1085 3957 1181 4011 καὶ
1227 3958 1591 4028 συμμόρφους
1621 3958 1811 4025 αὑτοῦ,

226 4046 665 4119 μεθισταμένους
699 4047 787 4100 διὰ
812 4049 1146 4119 προπομπῆς
1189 4050 1459 4118 ἀγγέλων,
1518 4051 1613 4104 καὶ
1677 4052 1813 4105 ἀπο-

222 4140 426 4193 στόλων
456 4140 536 4203 είς
563 4140 664 4209 τὴν
695 4140 976 4211 βασιλείαν
1002 4141 1098 4195 τοῦ
1148 4144 1363 4213 Πατρός
1384 4185 1400 4209 ,
1450 4143 1511 4197 τὸ
1541 4144 1586 4197 δ’
1616 4144 1814 4198 ἀποδυ-

222 4234 317 4287 θὲν
354 4232 514 4302 σῶμα
540 4234 748 4287 τούτων
783 4236 861 4297 εἰς
886 4233 1094 4303 τέφραν
1127 4236 1222 4288 καὶ
1272 4236 1423 4289 κόνιν
1476 4236 1809 4301 διαλύεσθαι,

226 4328 428 4398 μηκέτι
457 4327 719 4397 μηδαμῶς
749 4326 1134 4397 ἀνιστάμενον.
1185 4328 1305 4382 Ὀτι
1351 4329 1408 4382 δὲ
1449 4330 1510 4383 οὐ
1558 4329 1810 4401 καθάπερ

224 4422 285 4473 ὲν
316 4420 487 4485 ὕπνῳ,
516 4422 605 4472 καὶ
630 4418 927 4473 ἀπεκδύσει
955 4419 1305 4490 περιϐολαίου
1337 4422 1550 4490 γίνεται
1597 4423 1809 4485 τούτοις

108 4570 119 4577 ,
221 4512 495 4574 ἀνώδυνος
534 4514 563 4564 ὁ
596 4512 843 4574 θάνατος,
890 4510 1091 4578 ἔδειξεν
1127 4514 1155 4565 ό
1183 4515 1282 4583 τῆς
1332 4515 1600 4584 αἱρέσεως
1629 4518 1809 4572 αὐτῶν

1915 3313 2219 3368 subsistens
2265 3328 2518 3383 persona,
2561 3323 2615 3367 et
2650 3316 2899 3378 verbum,
2970 3314 3115 3382 quod
3149 3330 3246 3369 ore
3277 3330 3523 3386 pronun-

1918 3405 2103 3468 tiatur,
2141 3412 2199 3458 ut
2221 3405 2541 3458 omittamus
2572 3419 2658 3459 res
2714 3404 3053 3459 venerandas
3081 3412 3137 3459 et
3166 3405 3521 3461 admirabiles

1914 3512 2035 3567 qua
2065 3498 2117 3551 in
2145 3497 2234 3550 Dei
2267 3496 2542 3552 Genitrice
2574 3499 2810 3567 propriae
2838 3506 2984 3552 sunt.

1986 3588 2076 3641 25.
2112 3590 2183 3643 At
2219 3589 2311 3657 qui
2370 3588 2483 3641 sint
2511 3590 2800 3658 ejusmodi,
2850 3602 2943 3642 eos
2985 3597 3185 3658 negant
3242 3588 3401 3655 mori,
3425 3589 3520 3643 sed

1918 3688 2177 3749 tanquam
2210 3681 2261 3733 in
2296 3696 2487 3734 somno
2518 3680 2871 3734 transmutari
2894 3719 2908 3742 ,
2952 3690 3007 3735 et
3054 3682 3173 3737 sine
3203 3682 3310 3735 ullo
3334 3682 3519 3737 labore

1915 3787 2195 3827 ominosum
2250 3774 2353 3828 hoc
2410 3773 2591 3828 carnis
2644 3772 3018 3827 indumentum
3082 3787 3303 3841 exuere,
3352 3784 3519 3844 atque

1917 3865 2281 3919 immortalem
2338 3880 2401 3919 ac
2459 3865 2700 3919 divinam
2756 3864 2959 3920 Christi
3004 3864 3198 3920 stolam
3266 3865 3514 3933 induere,

1917 3956 2173 4024 idemque
2244 3971 2443 4025 corpus
2496 3966 2551 4010 et
2597 3956 2827 4009 formam
2885 3956 3131 4010 eamdem
3190 3956 3439 4025 induere,
3462 3968 3518 4013 et

1916 4048 2284 4118 praceuntibus
2339 4049 2547 4119 angelis
2590 4057 2645 4102 et
2677 4046 2934 4116 apostolis
2965 4047 3017 4101 in
3054 4046 3230 4102 Patris
3291 4062 3517 4117 regnum

1917 4142 2154 4207 admitti,
2194 4157 2394 4211 corpus
2429 4150 2631 4207 autem,
2664 4141 2808 4209 quod
2838 4142 3108 4204 exuerint,
3166 4142 3222 4195 in
3275 4141 3516 4197 cinerem

1915 4233 2300 4302 pulveremque
2326 4233 2572 4297 dissolvi,
2634 4248 2912 4302 nunquam
2977 4233 3211 4301 amplius
3240 4243 3519 4288 surrectu-

1914 4342 2058 4380 rum.
2124 4324 2230 4380 Sed
2296 4325 2491 4379 falsum
2537 4341 2659 4380 esse
2691 4326 2833 4393 quod
2890 4334 3147 4394 tanquam
3208 4328 3262 4381 in
3325 4342 3517 4383 somno

1913 4420 2159 4488 corporis
2215 4428 2419 4473 exuant
2479 4420 2887 4481 vestimentum,
2944 4428 2999 4470 et
3024 4418 3142 4472 sine
3186 4419 3519 4473 doloremo-

1911 4514 2143 4575 riantur,
2182 4512 2434 4581 princeps
2468 4510 2688 4563 haeresis
2712 4510 2951 4578 ipsorum
2984 4512 3246 4577 ostendit,
3279 4513 3371 4580 qui
3406 4525 3517 4565 ma-

221 4603 474 4673 ἒξαρχος,
496 4603 719 4667 πολλαῖς
749 4603 964 4669 ὀδύναις
989 4604 1318 4674 ὑποϐληθεὶς
1340 4583 1481 4677 μετὰ
1510 4609 1570 4661 τὸ
1590 4609 1809 4679 δοθῆναι

1922 4608 2038 4674 gnis
2082 4604 2309 4659 allectus
2388 4604 2664 4658 doloribus
2722 4614 2777 4658 et
2834 4611 2953 4671 post
3013 4603 3175 4657 latam
3252 4605 3517 4660 adversus

222 4696 347 4751 κατ’
374 4696 538 4749 αὑτοῦ
578 4695 676 4767 τὴν
707 4696 794 4749 διὰ
826 4696 998 4769 πυρὸς
1021 4697 1322 4766 ἀπόφασιν,
1376 4700 1475 4754 καὶ
1529 4701 1606 4772 τῷ
1662 4703 1812 4773 φόϐῳ

222 4788 879 4861 προσκαταδαπανηθεὶς,
908 4790 1005 4842 καὶ
1042 4789 1267 4861 καιρίας
1315 4791 1531 4863 πληγὰς
1578 4796 1659 4857 είς
1714 4796 1814 4864 τὴν

220 4882 456 4953 καρδίαν
478 4882 793 4952 δεξάμενος,
824 4883 915 4936 ὅτε
937 4881 1031 4935 τοῦ
1061 4882 1339 4955 δράματος
1380 4887 1812 4957 ἀπογυμνωθέν-

216 4993 333 5037 τος.
369 4974 508 5043 ἔγνω
552 4975 1000 5045 κατασοφισθεὶς,
1052 4976 1163 5030 τῶν
1198 4978 1515 5049 μυστηρίων
1566 4980 1665 5049 μὲν
1715 4980 1813 5049 τῆς

219 5064 466 5126 πίστεως
516 5064 683 5118 αὑτοῦ
728 5065 1202 5136 δημοσιευθέντων
1247 5070 1342 5123 καὶ
1397 5071 1815 5140 παραδοθέντων

222 5159 413 5227 γραφῇ
448 5157 581 5226 πρὸς
617 5157 911 5227 θρίαμϐον,
949 5159 1060 5213 τῶν
1092 5160 1352 5231 μαθητῶν
1384 5162 1440 5217 δὲ
1476 5164 1663 5229 αὐτοῦ,
1722 5167 1816 5219 καὶ

227 5248 470 5318 μάλιστα
522 5251 825 5318 συγγενῶν,
884 5254 979 5305 καὶ
1030 5253 1137 5307 τῶν
1196 5255 1374 5321 ἄλλως
1427 5258 1815 5328 γνησιωτέρων

228 5340 714 5411 σαγηνευθέντων,
766 5344 861 5396 καὶ
904 5347 1021 5407 ταῖς
1072 5347 1319 5418 εἱρκταῖς
1373 5349 1818 5403 ὲναποκλεισθέν-

223 5450 362 5497 των,
394 5432 487 5486 καὶ
521 5435 698 5504 πάσης
720 5436 869 5506 αύτῷ
897 5439 1236 5509 πανταχόθεν
1290 5440 1546 5512 βοηθείας
1594 5442 1812 5497 ἀπολω-

225 5524 425 5588 λυίας,
491 5528 586 5578 καὶ
634 5526 884 5595 φρούδων
939 5528 1048 5581 τῶν
1090 5531 1350 5601 ςέλπίδων
1402 5534 1809 5603 γεγενημένων.

227 5616 371 5677 Τοὺς
394 5618 504 5687 γὰρ
542 5616 815 5687 μαθητὰς,
841 5619 916 5683 ὡς
941 5621 1181 5691 εἴρηται,
1236 5624 1333 5676 καὶ
1357 5627 1643 5692 συγγενεῖς
1670 5624 1816 5679 οὕτω

226 5708 481 5771 ἰλεεινῶς
532 5709 755 5779 ἔχοντας
813 5713 936 5765 ἰδὼν
1016 5714 1169 5784 παρὰ
1220 5717 1401 5770 πᾶσαν
1457 5717 1805 5788 προσδοκίανο

293 5889 310 5919 ⁸
357 5888 553 5945 Mattn.
613 5907 769 5950 XXIII.
805 5893 858 5949 5.

1911 4716 2033 4754 eum
2088 4697 2438 4759 sententiam,
2501 4705 2563 4750 ut
2640 4696 2762 4764 igne
2817 4704 3175 4761 cremaretur,
3224 4694 3515 4752 formidine

1912 4793 2276 4854 excruciatus,
2315 4789 2534 4845 letbalia
2576 4789 2801 4843 vulnera
2835 4790 2887 4842 in
2915 4804 3011 4843 cor
3067 4789 3367 4856 accipiens,
3394 4798 3515 4843 tan-

1911 4899 2071 4953 quam
2128 4884 2407 4938 histrionis
2440 4882 2623 4938 habitu
2668 4884 2913 4952 deposito
2942 4883 3208 4951 impostor
3266 4883 3513 4952 cognitus

1913 4986 2015 5040 est,
2051 4977 2325 5045 mysteriis
2362 4976 2482 5031 lidei
2514 4977 2681 5045 ipsius
2723 4976 2935 5045 publice
2982 4976 3285 5045 patefactis,
3327 4984 3382 5031 et
3424 4975 3515 5031 lEt-

1916 5076 2154 5125 terarum
2192 5073 2559 5125 monumentis
2597 5071 2782 5139 tropa'i
2820 5070 2937 5126 loco
2966 5071 3326 5140 consignatis,
3382 5088 3510 5127 cum

1915 5169 1972 5216 et
2034 5162 2282 5230 discipuli
2326 5162 2467 5231 ejus,
2527 5173 2581 5216 et
2621 5163 2698 5216 illi
2750 5165 3052 5231 praesertim
3095 5165 3186 5232 qui
3248 5166 3512 5234 sanguine

1914 5263 1966 5308 et
2028 5254 2427 5309 necessitudine
2488 5254 2760 5322 conjuncti
2798 5264 2975 5317 erant,
3042 5256 3094 5306 in
3124 5268 3401 5309 carcerem
3455 5267 3512 5312 et

1914 5345 2130 5399 vincula
2164 5344 2391 5411 coniecti
2423 5355 2570 5409 sunt,
2599 5354 2654 5399 et
2686 5347 2936 5400 omnibus
2955 5347 3070 5415 ipse
3106 5347 3341 5414 undique
3360 5350 3511 5402 auxi-

1911 5437 2001 5495 liis
2029 5448 2083 5493 et
2112 5438 2259 5492 inani
2295 5452 2390 5507 spe
2428 5435 2690 5505 spoliatus
2717 5444 2819 5490 est.
2847 5437 2982 5491 Cum
3008 5436 3151 5491 enim
3213 5438 3507 5509 discipulos

1911 5547 1966 5592 et
2005 5534 2343 5590 necessarios
2381 5574 2395 5598 ,
2429 5541 2487 5585 ut
2516 5532 2723 5586 dictum
2757 5541 2860 5596 est,
2901 5541 3009 5585 tam
3036 5533 3235 5589 miSere
3279 5534 3506 5590 allectos

1910 5628 2265 5699 perspiceret,
2322 5640 2460 5696 quos
2495 5629 2560 5679 ad
2603 5635 2904 5680 extremum
2945 5640 3115 5695 usque
3148 5626 3289 5681 diem
3320 5626 3507 5683 felices

1917 5722 2132 5777 futuros
2179 5735 2246 5777 ex
2309 5720 2451 5790 regis
2510 5718 2792 5789 promissis
2853 5716 3217 5788 existimabat,
3244 5733 3411 5789 seque
3436 5721 3507 5776 ab
