  <div class='ocr_page' id='page_1' title='image "/cluster/home/n/w/nwhite01/storage/ocr_20150623/130/hvd.32044019208255/667.png"; bbox 0 0 3930 6566; ppageno 0'>
   <div class='ocr_carea' id='block_1_1' title="bbox 407 446 545 510">
    <p class='ocr_par' dir='ltr' id='par_1_1' title="bbox 407 446 545 510">
     <span class='ocr_line' id='line_1_1' title="bbox 407 446 545 510; baseline 0.022 -3"><span class='ocrx_word' id='word_1_1' title='bbox 407 446 545 510; x_wconf 75' lang='lat'><strong>1319</strong></span> 
     </span>
    </p>
   </div>
   <div class='ocr_carea' id='block_1_2' title="bbox 1649 439 2440 501">
    <p class='ocr_par' dir='ltr' id='par_1_2' title="bbox 1649 439 2440 501">
     <span class='ocr_line' id='line_1_2' title="bbox 1649 439 2440 501; baseline -0.005 0"><span class='ocrx_word' id='word_1_2' title='bbox 1649 439 2034 501; x_wconf 85' lang='lat' dir='ltr'><strong>EUTIlYMlI</strong></span> <span class='ocrx_word' id='word_1_3' title='bbox 2075 440 2440 499; x_wconf 73' lang='lat' dir='ltr'><strong>ZIGABENI</strong></span> 
     </span>
    </p>
   </div>
   <div class='ocr_carea' id='block_1_3' title="bbox 3547 443 3706 508">
    <p class='ocr_par' dir='ltr' id='par_1_3' title="bbox 3547 443 3706 508">
     <span class='ocr_line' id='line_1_3' title="bbox 3547 443 3706 508; baseline -0.006 -2"><span class='ocrx_word' id='word_1_4' title='bbox 3547 445 3566 506; x_wconf 91' lang='lat'><strong>1</strong></span> <span class='ocrx_word' id='word_1_5' title='bbox 3584 443 3706 508; x_wconf 69' lang='lat'><strong>320</strong></span> 
     </span>
    </p>
   </div>
   <div class='ocr_carea' id='block_1_4' title="bbox 401 553 2012 632">
    <p class='ocr_par' dir='ltr' id='par_1_4' title="bbox 401 556 2001 632">
     <span class='ocr_line' id='line_1_4' title="bbox 401 556 2001 632; baseline -0.006 -17"><span class='ocrx_word' id='word_1_6' title='bbox 401 563 506 616; x_wconf 86' lang='lat' dir='ltr'><strong>illis</strong></span> <span class='ocrx_word' id='word_1_7' title='bbox 535 561 852 632; x_wconf 72' lang='lat' dir='ltr'><strong>proditionis</strong></span> <span class='ocrx_word' id='word_1_8' title='bbox 881 557 1138 623; x_wconf 85' lang='lat' dir='ltr'><strong>incusari,</strong></span> <span class='ocrx_word' id='word_1_9' title='bbox 1188 556 1364 612; x_wconf 88' lang='lat' dir='ltr'><strong>fontes</strong></span> <span class='ocrx_word' id='word_1_10' title='bbox 1395 556 1578 613; x_wconf 78' lang='lat' dir='ltr'><strong>emisit</strong></span> <span class='ocrx_word' id='word_1_11' title='bbox 1617 556 2001 627; x_wconf 78' lang='lat' dir='ltr'><strong>lacrymarnm,</strong></span> 
     </span>
    </p>
   </div>
   <div class='ocr_carea' id='block_1_5' title="bbox 2122 553 3708 632">
    <p class='ocr_par' dir='ltr' id='par_1_5' title="bbox 2122 553 3708 627">
     <span class='ocr_line' id='line_1_5' title="bbox 2122 553 3708 627; baseline -0.004 -9"><span class='ocrx_word' id='word_1_12' title='bbox 2122 555 2411 624; x_wconf 70' lang='grc' dir='ltr'>μέχριγὰρ</span> <span class='ocrx_word' id='word_1_13' title='bbox 2441 553 2536 624; x_wconf 82' lang='grc' dir='ltr'><strong>τῆς</strong></span> <span class='ocrx_word' id='word_1_14' title='bbox 2569 553 2881 616; x_wconf 72' lang='grc' dir='ltr'>τελευταίας</span> <span class='ocrx_word' id='word_1_15' title='bbox 2926 556 3136 625; x_wconf 73' lang='grc' dir='ltr'>ἡμέρας</span> <span class='ocrx_word' id='word_1_16' title='bbox 3195 556 3329 627; x_wconf 73' lang='grc' dir='ltr'>ᾤετο</span> <span class='ocrx_word' id='word_1_17' title='bbox 3363 560 3577 623; x_wconf 71' lang='grc' dir='ltr'>πάντας</span> <span class='ocrx_word' id='word_1_18' title='bbox 3643 565 3708 612; x_wconf 79' lang='grc' dir='ltr'>ὲν</span> 
     </span>
    </p>
   </div>
   <div class='ocr_carea' id='block_1_6' title="bbox 400 646 1993 723">
    <p class='ocr_par' dir='ltr' id='par_1_6' title="bbox 400 646 1993 723">
     <span class='ocr_line' id='line_1_6' title="bbox 400 646 1993 723; baseline -0.007 -14"><span class='ocrx_word' id='word_1_19' title='bbox 400 663 455 709; x_wconf 87' lang='lat' dir='ltr'><strong>et</strong></span> <span class='ocrx_word' id='word_1_20' title='bbox 487 653 784 723; x_wconf 89' lang='lat' dir='ltr'><strong>profundos</strong></span> <span class='ocrx_word' id='word_1_21' title='bbox 814 653 987 706; x_wconf 92' lang='lat' dir='ltr'><strong>edidit</strong></span> <span class='ocrx_word' id='word_1_22' title='bbox 1020 651 1277 720; x_wconf 78' lang='lat' dir='ltr'><strong>gemitus,</strong></span> <span class='ocrx_word' id='word_1_23' title='bbox 1311 649 1510 718; x_wconf 91' lang='lat' dir='ltr'><strong>quibus</strong></span> <span class='ocrx_word' id='word_1_24' title='bbox 1567 650 1749 702; x_wconf 77' lang='lat' dir='ltr'><strong>cordis</strong></span> <span class='ocrx_word' id='word_1_25' title='bbox 1775 646 1993 699; x_wconf 88' lang='lat' dir='ltr'><strong>flamma</strong></span> 
     </span>
    </p>
   </div>
   <div class='ocr_carea' id='block_1_7' title="bbox 402 739 1999 811">
    <p class='ocr_par' dir='ltr' id='par_1_7' title="bbox 402 739 1999 811">
     <span class='ocr_line' id='line_1_7' title="bbox 402 739 1999 811; baseline -0.008 -9"><span class='ocrx_word' id='word_1_26' title='bbox 402 749 765 803; x_wconf 78' lang='lat' dir='ltr'><strong>indicabatur.</strong></span> <span class='ocrx_word' id='word_1_27' title='bbox 820 744 1197 799; x_wconf 85' lang='lat' dir='ltr'><strong>Calamitatnm</strong></span> <span class='ocrx_word' id='word_1_28' title='bbox 1248 744 1410 811; x_wconf 63' lang='lat' dir='ltr'><strong>igitur</strong></span> <span class='ocrx_word' id='word_1_29' title='bbox 1471 751 1725 809; x_wconf 89' lang='lat' dir='ltr'><strong>tanquam</strong></span> <span class='ocrx_word' id='word_1_30' title='bbox 1785 739 1999 791; x_wconf 88' lang='lat' dir='ltr'><strong>turbine</strong></span> 
     </span>
    </p>
   </div>
   <div class='ocr_carea' id='block_1_8' title="bbox 406 831 2000 912">
    <p class='ocr_par' dir='ltr' id='par_1_8' title="bbox 406 831 2000 912">
     <span class='ocr_line' id='line_1_8' title="bbox 406 831 2000 912; baseline -0.009 -17"><span class='ocrx_word' id='word_1_31' title='bbox 406 841 645 912; x_wconf 90' lang='lat' dir='ltr'><strong>quodam</strong></span> <span class='ocrx_word' id='word_1_32' title='bbox 678 839 913 908; x_wconf 85' lang='lat' dir='ltr'><strong>jactatus</strong></span> <span class='ocrx_word' id='word_1_33' title='bbox 941 838 1124 890; x_wconf 88' lang='lat' dir='ltr'><strong>animo</strong></span> <span class='ocrx_word' id='word_1_34' title='bbox 1149 834 1458 898; x_wconf 81' lang='lat' dir='ltr'><strong>deficiebat,</strong></span> <span class='ocrx_word' id='word_1_35' title='bbox 1495 843 1550 888; x_wconf 90' lang='lat' dir='ltr'><strong>et</strong></span> <span class='ocrx_word' id='word_1_36' title='bbox 1583 834 1830 902; x_wconf 85' lang='lat' dir='ltr'><strong>spiritum</strong></span> <span class='ocrx_word' id='word_1_37' title='bbox 1860 831 2000 882; x_wconf 85' lang='lat' dir='ltr'><strong>reci-</strong></span> 
     </span>
    </p>
   </div>
   <div class='ocr_carea' id='block_1_9' title="bbox 403 926 1998 1002">
    <p class='ocr_par' dir='ltr' id='par_1_9' title="bbox 403 926 1998 1002">
     <span class='ocr_line' id='line_1_9' title="bbox 403 926 1998 1002; baseline -0.008 -16"><span class='ocrx_word' id='word_1_38' title='bbox 403 935 556 1002; x_wconf 89' lang='lat' dir='ltr'><strong>piens</strong></span> <span class='ocrx_word' id='word_1_39' title='bbox 583 947 796 985; x_wconf 87' lang='lat' dir='ltr'><strong>rursum</strong></span> <span class='ocrx_word' id='word_1_40' title='bbox 866 930 1236 997; x_wconf 85' lang='lat' dir='ltr'><strong>torqncbatnr,</strong></span> <span class='ocrx_word' id='word_1_41' title='bbox 1292 936 1342 981; x_wconf 92' lang='lat' dir='ltr'><strong>et</strong></span> <span class='ocrx_word' id='word_1_42' title='bbox 1381 926 1677 980; x_wconf 68' lang='lat' dir='ltr'><strong>consistere</strong></span> <span class='ocrx_word' id='word_1_43' title='bbox 1710 941 1812 977; x_wconf 88' lang='lat' dir='ltr'><strong>non</strong></span> <span class='ocrx_word' id='word_1_44' title='bbox 1847 933 1998 989; x_wconf 83' lang='lat' dir='ltr'><strong>pote-</strong></span> 
     </span>
    </p>
   </div>
   <div class='ocr_carea' id='block_1_10' title="bbox 407 1018 2001 1090">
    <p class='ocr_par' dir='ltr' id='par_1_10' title="bbox 407 1018 2001 1090">
     <span class='ocr_line' id='line_1_10' title="bbox 407 1018 2001 1090; baseline -0.008 -13"><span class='ocrx_word' id='word_1_45' title='bbox 407 1031 517 1090; x_wconf 85' lang='lat' dir='ltr'><strong>rat,</strong></span> <span class='ocrx_word' id='word_1_46' title='bbox 559 1023 731 1076; x_wconf 91' lang='lat' dir='ltr'><strong>donec</strong></span> <span class='ocrx_word' id='word_1_47' title='bbox 769 1037 797 1074; x_wconf 89' lang='lat' dir='ltr'><strong>a</strong></span> <span class='ocrx_word' id='word_1_48' title='bbox 837 1020 1106 1074; x_wconf 86' lang='lat' dir='ltr'><strong>ministris</strong></span> <span class='ocrx_word' id='word_1_49' title='bbox 1135 1019 1377 1074; x_wconf 85' lang='lat' dir='ltr'><strong>sublatus</strong></span> <span class='ocrx_word' id='word_1_50' title='bbox 1409 1018 1472 1072; x_wconf 88' lang='lat' dir='ltr'><strong>ad</strong></span> <span class='ocrx_word' id='word_1_51' title='bbox 1516 1032 1702 1087; x_wconf 83' lang='lat' dir='ltr'><strong>pyram</strong></span> <span class='ocrx_word' id='word_1_52' title='bbox 1769 1025 2001 1077; x_wconf 89' lang='lat' dir='ltr'><strong>tractus,</strong></span> 
     </span>
    </p>
   </div>
   <div class='ocr_carea' id='block_1_11' title="bbox 405 1105 2003 1179">
    <p class='ocr_par' dir='ltr' id='par_1_11' title="bbox 405 1105 2003 1179">
     <span class='ocr_line' id='line_1_11' title="bbox 405 1105 2003 1179; baseline -0.009 -7"><span class='ocrx_word' id='word_1_53' title='bbox 405 1126 459 1172; x_wconf 86' lang='lat' dir='ltr'><strong>et</strong></span> <span class='ocrx_word' id='word_1_54' title='bbox 489 1113 960 1174; x_wconf 76' lang='lat' dir='ltr'><strong>voeedeﬁciente,</strong></span> <span class='ocrx_word' id='word_1_55' title='bbox 1027 1111 1380 1179; x_wconf 83' lang='lat' dir='ltr'><strong>anhelituqne</strong></span> <span class='ocrx_word' id='word_1_56' title='bbox 1433 1121 1692 1179; x_wconf 84' lang='lat' dir='ltr'><strong>perpetuo</strong></span> <span class='ocrx_word' id='word_1_57' title='bbox 1746 1105 2003 1159; x_wconf 75' lang='lat' dir='ltr'><strong>laborans</strong></span> 
     </span>
    </p>
   </div>
   <div class='ocr_carea' id='block_1_12' title="bbox 407 1197 2003 1271">
    <p class='ocr_par' dir='ltr' id='par_1_12' title="bbox 407 1197 2003 1271">
     <span class='ocr_line' id='line_1_12' title="bbox 407 1197 2003 1271; baseline -0.009 -9"><span class='ocrx_word' id='word_1_58' title='bbox 407 1210 458 1262; x_wconf 90' lang='lat' dir='ltr'><strong>in</strong></span> <span class='ocrx_word' id='word_1_59' title='bbox 487 1207 758 1261; x_wconf 73' lang='lat' dir='ltr'><strong>flairimant</strong></span> <span class='ocrx_word' id='word_1_60' title='bbox 793 1204 1070 1271; x_wconf 87' lang='lat' dir='ltr'><strong>conjectus</strong></span> <span class='ocrx_word' id='word_1_61' title='bbox 1106 1215 1210 1267; x_wconf 91' lang='lat' dir='ltr'><strong>est,</strong></span> <span class='ocrx_word' id='word_1_62' title='bbox 1242 1217 1403 1271; x_wconf 90' lang='lat' dir='ltr'><strong>atque</strong></span> <span class='ocrx_word' id='word_1_63' title='bbox 1449 1202 1516 1254; x_wconf 91' lang='lat' dir='ltr'><strong>ita</strong></span> <span class='ocrx_word' id='word_1_64' title='bbox 1557 1197 1808 1258; x_wconf 69' lang='lat' dir='ltr'><strong>dmutoui,</strong></span> <span class='ocrx_word' id='word_1_65' title='bbox 1844 1212 2003 1264; x_wconf 90' lang='lat' dir='ltr'><strong>quem</strong></span> 
     </span>
    </p>
   </div>
   <div class='ocr_carea' id='block_1_13' title="bbox 406 1286 2001 1362">
    <p class='ocr_par' dir='ltr' id='par_1_13' title="bbox 406 1286 2001 1362">
     <span class='ocr_line' id='line_1_13' title="bbox 406 1286 2001 1362; baseline -0.01 -11"><span class='ocrx_word' id='word_1_66' title='bbox 406 1299 754 1362; x_wconf 84' lang='lat' dir='ltr'><strong>adoraverat,</strong></span> <span class='ocrx_word' id='word_1_67' title='bbox 789 1295 1011 1349; x_wconf 80' lang='lat' dir='ltr'><strong>eﬂ&#39;ectus</strong></span> <span class='ocrx_word' id='word_1_68' title='bbox 1050 1295 1447 1359; x_wconf 75' lang='lat' dir='ltr'><strong>holocaustum.</strong></span> <span class='ocrx_word' id='word_1_69' title='bbox 1493 1288 1583 1341; x_wconf 88' lang='lat' dir='ltr'><strong>Sic</strong></span> <span class='ocrx_word' id='word_1_70' title='bbox 1618 1290 1732 1357; x_wconf 89' lang='lat' dir='ltr'><strong>ipse</strong></span> <span class='ocrx_word' id='word_1_71' title='bbox 1784 1286 2001 1353; x_wconf 78' lang='lat' dir='ltr'><strong>quidem</strong></span> 
     </span>
    </p>
   </div>
   <div class='ocr_carea' id='block_1_14' title="bbox 409 1380 2009 1445">
    <p class='ocr_par' dir='ltr' id='par_1_14' title="bbox 409 1380 2009 1445">
     <span class='ocr_line' id='line_1_14' title="bbox 409 1380 2009 1445; baseline -0.01 0"><span class='ocrx_word' id='word_1_72' title='bbox 409 1393 463 1445; x_wconf 90' lang='lat' dir='ltr'><strong>in</strong></span> <span class='ocrx_word' id='word_1_73' title='bbox 500 1390 677 1444; x_wconf 88' lang='lat' dir='ltr'><strong>locum</strong></span> <span class='ocrx_word' id='word_1_74' title='bbox 717 1387 1063 1442; x_wconf 88' lang='lat' dir='ltr'><strong>tenebrarmn</strong></span> <span class='ocrx_word' id='word_1_75' title='bbox 1097 1396 1149 1440; x_wconf 91' lang='lat' dir='ltr'><strong>et</strong></span> <span class='ocrx_word' id='word_1_76' title='bbox 1181 1384 1410 1438; x_wconf 89' lang='lat' dir='ltr'><strong>aliorum</strong></span> <span class='ocrx_word' id='word_1_77' title='bbox 1441 1381 1698 1434; x_wconf 83' lang='lat' dir='ltr'><strong>malorum</strong></span> <span class='ocrx_word' id='word_1_78' title='bbox 1723 1380 1820 1432; x_wconf 86' lang='lat' dir='ltr'><strong>sibi</strong></span> <span class='ocrx_word' id='word_1_79' title='bbox 1852 1392 2009 1444; x_wconf 87' lang='lat' dir='ltr'><strong>para-</strong></span> 
     </span>
    </p>
   </div>
   <div class='ocr_carea' id='block_1_15' title="bbox 407 1471 2005 1551">
    <p class='ocr_par' dir='ltr' id='par_1_15' title="bbox 407 1471 2005 1551">
     <span class='ocr_line' id='line_1_15' title="bbox 407 1471 2005 1551; baseline -0.008 -15"><span class='ocrx_word' id='word_1_80' title='bbox 407 1496 519 1536; x_wconf 91' lang='lat' dir='ltr'><strong>tum</strong></span> <span class='ocrx_word' id='word_1_81' title='bbox 553 1479 826 1551; x_wconf 89' lang='lat' dir='ltr'><strong>profectus</strong></span> <span class='ocrx_word' id='word_1_82' title='bbox 856 1488 956 1533; x_wconf 89' lang='lat' dir='ltr'><strong>est.</strong></span> <span class='ocrx_word' id='word_1_83' title='bbox 990 1478 1200 1547; x_wconf 85' lang='lat' dir='ltr'><strong>Corpus</strong></span> <span class='ocrx_word' id='word_1_84' title='bbox 1255 1483 1432 1528; x_wconf 89' lang='lat' dir='ltr'><strong>autem</strong></span> <span class='ocrx_word' id='word_1_85' title='bbox 1471 1471 1825 1527; x_wconf 82' lang='lat' dir='ltr'><strong>infelicissimi</strong></span> <span class='ocrx_word' id='word_1_86' title='bbox 1859 1471 2005 1523; x_wconf 85' lang='lat' dir='ltr'><strong>senis</strong></span> 
     </span>
    </p>
   </div>
   <div class='ocr_carea' id='block_1_16' title="bbox 408 1562 1996 1642">
    <p class='ocr_par' dir='ltr' id='par_1_16' title="bbox 408 1562 1996 1642">
     <span class='ocr_line' id='line_1_16' title="bbox 408 1562 1996 1642; baseline -0.006 -16"><span class='ocrx_word' id='word_1_87' title='bbox 408 1582 656 1642; x_wconf 79' lang='lat' dir='ltr'><strong>resurget</strong></span> <span class='ocrx_word' id='word_1_88' title='bbox 693 1573 914 1624; x_wconf 89' lang='lat' dir='ltr'><strong>omnino</strong></span> <span class='ocrx_word' id='word_1_89' title='bbox 966 1569 1019 1621; x_wconf 89' lang='lat' dir='ltr'><strong>in</strong></span> <span class='ocrx_word' id='word_1_90' title='bbox 1073 1568 1160 1622; x_wconf 88' lang='lat' dir='ltr'><strong>die</strong></span> <span class='ocrx_word' id='word_1_91' title='bbox 1221 1568 1527 1619; x_wconf 78' lang='lat' dir='ltr'><strong>communis</strong></span> <span class='ocrx_word' id='word_1_92' title='bbox 1573 1562 1996 1617; x_wconf 72' lang='lat' dir='ltr'><strong>resurrectionis</strong></span> 
     </span>
    </p>
   </div>
   <div class='ocr_carea' id='block_1_17' title="bbox 408 1656 2006 1727">
    <p class='ocr_par' dir='ltr' id='par_1_17' title="bbox 408 1656 2006 1727">
     <span class='ocr_line' id='line_1_17' title="bbox 408 1656 2006 1727; baseline -0.01 -7"><span class='ocrx_word' id='word_1_93' title='bbox 408 1681 476 1720; x_wconf 82' lang='lat' dir='ltr'><strong>ex</strong></span> <span class='ocrx_word' id='word_1_94' title='bbox 521 1663 733 1717; x_wconf 89' lang='lat' dir='ltr'><strong>Domini</strong></span> <span class='ocrx_word' id='word_1_95' title='bbox 760 1661 1047 1721; x_wconf 90' lang='lat' dir='ltr'><strong>sententia,</strong></span> <span class='ocrx_word' id='word_1_96' title='bbox 1083 1657 1173 1727; x_wconf 91' lang='lat' dir='ltr'><strong>qui</strong></span> <span class='ocrx_word' id='word_1_97' title='bbox 1204 1658 1339 1711; x_wconf 82' lang='lat' dir='ltr'><strong>dixit</strong></span> <span class='ocrx_word' id='word_1_98' title='bbox 1393 1656 1637 1710; x_wconf 82' lang='lat' dir='ltr'><strong>homines</strong></span> <span class='ocrx_word' id='word_1_99' title='bbox 1669 1662 2006 1706; x_wconf 87' lang='lat' dir='ltr'><strong>resurrectu-</strong></span> 
     </span>
    </p>
   </div>
   <div class='ocr_carea' id='block_1_18' title="bbox 411 1747 2008 1825">
    <p class='ocr_par' dir='ltr' id='par_1_18' title="bbox 411 1747 2008 1825">
     <span class='ocr_line' id='line_1_18' title="bbox 411 1747 2008 1825; baseline -0.009 -14"><span class='ocrx_word' id='word_1_100' title='bbox 411 1774 520 1821; x_wconf 90' lang='lat' dir='ltr'><strong>ros,</strong></span> <span class='ocrx_word' id='word_1_101' title='bbox 551 1759 851 1825; x_wconf 85' lang='lat' dir='ltr'><strong>iturosque,</strong></span> <span class='ocrx_word' id='word_1_102' title='bbox 885 1753 974 1823; x_wconf 88' lang='lat' dir='ltr'><strong>qui</strong></span> <span class='ocrx_word' id='word_1_103' title='bbox 1013 1751 1150 1805; x_wconf 89' lang='lat' dir='ltr'><strong>mala</strong></span> <span class='ocrx_word' id='word_1_104' title='bbox 1186 1749 1391 1820; x_wconf 81' lang='lat' dir='ltr'><strong>egerint</strong></span> <span class='ocrx_word' id='word_1_105' title='bbox 1422 1749 1473 1802; x_wconf 92' lang='lat' dir='ltr'><strong>in</strong></span> <span class='ocrx_word' id='word_1_106' title='bbox 1511 1747 1830 1816; x_wconf 85' lang='lat' dir='ltr'><strong>supplicium</strong></span> <span class='ocrx_word' id='word_1_107' title='bbox 1861 1761 2008 1798; x_wconf 86' lang='lat' dir='ltr'><strong>sem-</strong></span> 
     </span>
    </p>
   </div>
   <div class='ocr_carea' id='block_1_19' title="bbox 407 1839 2006 1918">
    <p class='ocr_par' dir='ltr' id='par_1_19' title="bbox 407 1839 2006 1918">
     <span class='ocr_line' id='line_1_19' title="bbox 407 1839 2006 1918; baseline -0.011 -14"><span class='ocrx_word' id='word_1_108' title='bbox 407 1849 672 1918; x_wconf 82' lang='lat' dir='ltr'><strong>piternum</strong></span> <span class='ocrx_word' id='word_1_109' title='bbox 697 1888 711 1911; x_wconf 91' lang='lat'><strong>,</strong></span> <span class='ocrx_word' id='word_1_110' title='bbox 747 1845 993 1916; x_wconf 80' lang='lat' dir='ltr'><strong>quamvis</strong></span> <span class='ocrx_word' id='word_1_111' title='bbox 1016 1846 1114 1898; x_wconf 86' lang='lat' dir='ltr'><strong>iste</strong></span> <span class='ocrx_word' id='word_1_112' title='bbox 1165 1853 1497 1898; x_wconf 89' lang='lat' dir='ltr'><strong>mortuormn</strong></span> <span class='ocrx_word' id='word_1_113' title='bbox 1529 1839 2006 1901; x_wconf 79' lang='lat' dir='ltr'><strong>resurrectionem,</strong></span> 
     </span>
    </p>
   </div>
   <div class='ocr_carea' id='block_1_20' title="bbox 412 1936 1031 2006">
    <p class='ocr_par' dir='ltr' id='par_1_20' title="bbox 412 1936 1031 2006">
     <span class='ocr_line' id='line_1_20' title="bbox 412 1936 1031 2006; baseline -0.006 -13"><span class='ocrx_word' id='word_1_114' title='bbox 412 1952 519 1994; x_wconf 89' lang='lat' dir='ltr'><strong>tam</strong></span> <span class='ocrx_word' id='word_1_115' title='bbox 570 1940 751 1992; x_wconf 87' lang='lat' dir='ltr'><strong>multis</strong></span> <span class='ocrx_word' id='word_1_116' title='bbox 787 1936 1031 2006; x_wconf 89' lang='lat' dir='ltr'><strong>Apostoli</strong></span> 
     </span>
    </p>
   </div>
   <div class='ocr_carea' id='block_1_21' title="bbox 414 2022 2008 2100">
    <p class='ocr_par' dir='ltr' id='par_1_21' title="bbox 414 2022 2008 2100">
     <span class='ocr_line' id='line_1_21' title="bbox 414 2022 2008 2100; baseline -0.01 -12"><span class='ocrx_word' id='word_1_117' title='bbox 414 2032 881 2097; x_wconf 85' lang='lat' dir='ltr'><strong>strationibusque</strong></span> <span class='ocrx_word' id='word_1_118' title='bbox 957 2041 1214 2100; x_wconf 80' lang='lat' dir='ltr'><strong>tauquam</strong></span> <span class='ocrx_word' id='word_1_119' title='bbox 1269 2027 1419 2082; x_wconf 80' lang='lat' dir='ltr'><strong>falsis</strong></span> <span class='ocrx_word' id='word_1_120' title='bbox 1483 2025 1724 2096; x_wconf 85' lang='lat' dir='ltr'><strong>rejectis,</strong></span> <span class='ocrx_word' id='word_1_121' title='bbox 1774 2022 2008 2076; x_wconf 89' lang='lat' dir='ltr'><strong>futuram</strong></span> 
     </span>
    </p>
   </div>
   <div class='ocr_carea' id='block_1_22' title="bbox 409 2140 706 2198">
    <p class='ocr_par' dir='ltr' id='par_1_22' title="bbox 409 2140 706 2198">
     <span class='ocr_line' id='line_1_22' title="bbox 409 2140 706 2198; baseline 0.01 -16"><span class='ocrx_word' id='word_1_122' title='bbox 409 2140 706 2198; x_wconf 78' lang='lat' dir='ltr'><strong>negaverit.</strong></span> 
     </span>
    </p>
   </div>
   <div class='ocr_carea' id='block_1_23' title="bbox 2102 643 3706 719">
    <p class='ocr_par' dir='ltr' id='par_1_23' title="bbox 2102 643 3706 719">
     <span class='ocr_line' id='line_1_23' title="bbox 2102 643 3706 719; baseline 0.005 -22"><span class='ocrx_word' id='word_1_123' title='bbox 2102 646 2324 708; x_wconf 75' lang='grc' dir='ltr'>ἀγαθοῖς</span> <span class='ocrx_word' id='word_1_124' title='bbox 2357 643 2494 700; x_wconf 75' lang='grc' dir='ltr'>εἶναι</span> <span class='ocrx_word' id='word_1_125' title='bbox 2527 646 2667 701; x_wconf 74' lang='grc' dir='ltr'>κατὰ</span> <span class='ocrx_word' id='word_1_126' title='bbox 2690 646 2788 714; x_wconf 77' lang='grc' dir='ltr'>τὴν</span> <span class='ocrx_word' id='word_1_127' title='bbox 2814 646 2906 697; x_wconf 73' lang='grc' dir='ltr'><strong>τού</strong></span> <span class='ocrx_word' id='word_1_128' title='bbox 2935 647 3195 714; x_wconf 76' lang='grc' dir='ltr'>βασιλέως</span> <span class='ocrx_word' id='word_1_129' title='bbox 3226 651 3522 719; x_wconf 77' lang='grc' dir='ltr'>ὑπόσχεσιν</span> <span class='ocrx_word' id='word_1_130' title='bbox 3543 669 3560 684; x_wconf 89' lang='grc'><strong>·</strong></span> <span class='ocrx_word' id='word_1_131' title='bbox 3599 656 3706 705; x_wconf 75' lang='grc' dir='ltr'><strong>καὶ</strong></span> 
     </span>
    </p>
   </div>
   <div class='ocr_carea' id='block_1_24' title="bbox 2103 736 3712 813">
    <p class='ocr_par' dir='ltr' id='par_1_24' title="bbox 2103 736 3712 813">
     <span class='ocr_line' id='line_1_24' title="bbox 2103 736 3712 813; baseline 0.006 -25"><span class='ocrx_word' id='word_1_132' title='bbox 2103 737 2390 807; x_wconf 77' lang='grc' dir='ltr'>προδοσίαν</span> <span class='ocrx_word' id='word_1_133' title='bbox 2447 736 2578 806; x_wconf 81' lang='grc' dir='ltr'>παρ’</span> <span class='ocrx_word' id='word_1_134' title='bbox 2604 738 2782 790; x_wconf 76' lang='grc' dir='ltr'>αὐτῶν</span> <span class='ocrx_word' id='word_1_135' title='bbox 2829 740 3137 808; x_wconf 74' lang='grc' dir='ltr'>ἐγκληθεὶς,</span> <span class='ocrx_word' id='word_1_136' title='bbox 3194 743 3374 813; x_wconf 76' lang='grc' dir='ltr'>ἀφῆκε</span> <span class='ocrx_word' id='word_1_137' title='bbox 3431 744 3531 813; x_wconf 85' lang='grc' dir='ltr'><strong>μὲν</strong></span> <span class='ocrx_word' id='word_1_138' title='bbox 3604 765 3712 798; x_wconf 67' lang='lat' dir='ltr'><strong>trt-</strong></span> 
     </span>
    </p>
   </div>
   <div class='ocr_carea' id='block_1_25' title="bbox 2102 827 3712 905">
    <p class='ocr_par' dir='ltr' id='par_1_25' title="bbox 2102 827 3712 905">
     <span class='ocr_line' id='line_1_25' title="bbox 2102 827 3712 905; baseline 0.004 -25"><span class='ocrx_word' id='word_1_139' title='bbox 2102 827 2250 899; x_wconf 86' lang='grc' dir='ltr'><strong>κρῶν</strong></span> <span class='ocrx_word' id='word_1_140' title='bbox 2273 828 2523 897; x_wconf 86' lang='grc' dir='ltr'>δακρύων</span> <span class='ocrx_word' id='word_1_141' title='bbox 2561 829 2762 898; x_wconf 73' lang='grc' dir='ltr'>πηγὰς,</span> <span class='ocrx_word' id='word_1_142' title='bbox 2796 830 3081 900; x_wconf 67' lang='grc' dir='ltr'>ἀνέπεμψε</span> <span class='ocrx_word' id='word_1_143' title='bbox 3117 833 3172 885; x_wconf 80' lang='grc' dir='ltr'>δὲ</span> <span class='ocrx_word' id='word_1_144' title='bbox 3215 837 3548 905; x_wconf 74' lang='grc' dir='ltr'>στεναγμοὺς</span> <span class='ocrx_word' id='word_1_145' title='bbox 3599 835 3712 903; x_wconf 75' lang='grc' dir='ltr'><strong>βυ-</strong></span> 
     </span>
    </p>
   </div>
   <div class='ocr_carea' id='block_1_26' title="bbox 2105 917 3716 998">
    <p class='ocr_par' dir='ltr' id='par_1_26' title="bbox 2105 917 3716 998">
     <span class='ocr_line' id='line_1_26' title="bbox 2105 917 3716 998; baseline 0.007 -28"><span class='ocrx_word' id='word_1_146' title='bbox 2105 917 2275 984; x_wconf 77' lang='grc' dir='ltr'>θίους,</span> <span class='ocrx_word' id='word_1_147' title='bbox 2305 920 2401 989; x_wconf 81' lang='grc' dir='ltr'><strong>τὴν</strong></span> <span class='ocrx_word' id='word_1_148' title='bbox 2431 919 2579 972; x_wconf 80' lang='grc' dir='ltr'>ἔνδον</span> <span class='ocrx_word' id='word_1_149' title='bbox 2607 921 2707 988; x_wconf 79' lang='grc' dir='ltr'>τῆς</span> <span class='ocrx_word' id='word_1_150' title='bbox 2751 923 2976 992; x_wconf 82' lang='grc' dir='ltr'>καρδίας</span> <span class='ocrx_word' id='word_1_151' title='bbox 3031 924 3202 992; x_wconf 73' lang='grc' dir='ltr'>φλόγα</span> <span class='ocrx_word' id='word_1_152' title='bbox 3238 928 3566 998; x_wconf 82' lang='grc' dir='ltr'>μηνύοντας.</span> <span class='ocrx_word' id='word_1_153' title='bbox 3606 929 3716 982; x_wconf 75' lang='grc' dir='ltr'><strong>καὶ</strong></span> 
     </span>
    </p>
   </div>
   <div class='ocr_carea' id='block_1_27' title="bbox 2105 1013 3713 1090">
    <p class='ocr_par' dir='ltr' id='par_1_27' title="bbox 2105 1013 3713 1090">
     <span class='ocr_line' id='line_1_27' title="bbox 2105 1013 3713 1090; baseline 0.007 -27"><span class='ocrx_word' id='word_1_154' title='bbox 2105 1013 2358 1084; x_wconf 73' lang='grc' dir='ltr'>καθάπερ</span> <span class='ocrx_word' id='word_1_155' title='bbox 2404 1015 2608 1082; x_wconf 78' lang='grc' dir='ltr'>τυφῶνι</span> <span class='ocrx_word' id='word_1_156' title='bbox 2635 1017 2755 1078; x_wconf 87' lang='grc' dir='ltr'>ταῖς</span> <span class='ocrx_word' id='word_1_157' title='bbox 2787 1021 3098 1087; x_wconf 70' lang='grc' dir='ltr'><strong>συμφοραῖς</strong></span> <span class='ocrx_word' id='word_1_158' title='bbox 3131 1020 3368 1090; x_wconf 71' lang='grc' dir='ltr'>βληθεὶς,</span> <span class='ocrx_word' id='word_1_159' title='bbox 3407 1023 3713 1076; x_wconf 68' lang='grc' dir='ltr'>ὲ&gt;.ειποί⁵ύο</span> 
     </span>
    </p>
   </div>
   <div class='ocr_carea' id='block_1_28' title="bbox 2109 1103 3710 1183">
    <p class='ocr_par' dir='ltr' id='par_1_28' title="bbox 2109 1103 3710 1183">
     <span class='ocr_line' id='line_1_28' title="bbox 2109 1103 3710 1183; baseline 0.008 -31"><span class='ocrx_word' id='word_1_160' title='bbox 2109 1119 2220 1170; x_wconf 76' lang='lat' dir='ltr'><strong>pst,</strong></span> <span class='ocrx_word' id='word_1_161' title='bbox 2249 1103 2341 1154; x_wconf 76' lang='grc' dir='ltr'>καὶ</span> <span class='ocrx_word' id='word_1_162' title='bbox 2382 1104 2768 1173; x_wconf 75' lang='grc' dir='ltr'><strong>ἀνακτώμενος</strong></span> <span class='ocrx_word' id='word_1_163' title='bbox 2791 1103 2947 1170; x_wconf 76' lang='grc' dir='ltr'>αὖθις</span> <span class='ocrx_word' id='word_1_164' title='bbox 2971 1111 3328 1180; x_wconf 75' lang='grc' dir='ltr'><strong>κατεφέρετο,</strong></span> <span class='ocrx_word' id='word_1_165' title='bbox 3368 1114 3566 1183; x_wconf 78' lang='grc' dir='ltr'>στῆναι</span> 
     </span>
    </p>
   </div>
   <div class='ocr_carea' id='block_1_29' title="bbox 2107 1195 3712 1274">
    <p class='ocr_par' dir='ltr' id='par_1_29' title="bbox 2107 1195 3712 1274">
     <span class='ocr_line' id='line_1_29' title="bbox 2107 1195 3712 1274; baseline -0.001 -18"><span class='ocrx_word' id='word_1_166' title='bbox 2107 1195 2404 1262; x_wconf 69' lang='grc' dir='ltr'>δυνάμενος</span> <span class='ocrx_word' id='word_1_167' title='bbox 2425 1196 2530 1254; x_wconf 72' lang='grc' dir='ltr'>ἕως</span> <span class='ocrx_word' id='word_1_168' title='bbox 2558 1197 2660 1248; x_wconf 79' lang='grc' dir='ltr'>ὑπὸ</span> <span class='ocrx_word' id='word_1_169' title='bbox 2703 1199 2811 1250; x_wconf 80' lang='grc' dir='ltr'>τῶν</span> <span class='ocrx_word' id='word_1_170' title='bbox 2839 1200 2994 1267; x_wconf 81' lang='grc' dir='ltr'>ἄγειν</span> <span class='ocrx_word' id='word_1_171' title='bbox 3022 1201 3419 1257; x_wconf 81' lang='grc' dir='ltr'>κελευσθέντων</span> <span class='ocrx_word' id='word_1_172' title='bbox 3483 1205 3712 1274; x_wconf 65' lang='grc' dir='ltr'>ἀρθεὶς,</span> 
     </span>
    </p>
   </div>
   <div class='ocr_carea' id='block_1_30' title="bbox 2109 1286 3715 1366">
    <p class='ocr_par' dir='ltr' id='par_1_30' title="bbox 2109 1286 3715 1366">
     <span class='ocr_line' id='line_1_30' title="bbox 2109 1286 3715 1366; baseline 0.001 -16"><span class='ocrx_word' id='word_1_173' title='bbox 2109 1286 2512 1355; x_wconf 72' lang='grc' dir='ltr'>βασταζόμενος</span> <span class='ocrx_word' id='word_1_174' title='bbox 2541 1289 2765 1360; x_wconf 77' lang='grc' dir='ltr'><strong>ἀπήχθη</strong></span> <span class='ocrx_word' id='word_1_175' title='bbox 2792 1293 2924 1362; x_wconf 81' lang='grc' dir='ltr'>πρὸς</span> <span class='ocrx_word' id='word_1_176' title='bbox 2952 1294 3052 1362; x_wconf 76' lang='grc' dir='ltr'><strong>τὴν</strong></span> <span class='ocrx_word' id='word_1_177' title='bbox 3078 1294 3279 1363; x_wconf 71' lang='grc' dir='ltr'>πυρὰν,</span> <span class='ocrx_word' id='word_1_178' title='bbox 3315 1300 3409 1349; x_wconf 69' lang='grc' dir='ltr'><strong>καὶ</strong></span> <span class='ocrx_word' id='word_1_179' title='bbox 3440 1300 3545 1366; x_wconf 84' lang='grc' dir='ltr'>τῆς</span> <span class='ocrx_word' id='word_1_180' title='bbox 3580 1317 3715 1364; x_wconf 64' lang='grc' dir='ltr'>τρω-</span> 
     </span>
    </p>
   </div>
   <div class='ocr_carea' id='block_1_31' title="bbox 2107 1378 3714 1457">
    <p class='ocr_par' dir='ltr' id='par_1_31' title="bbox 2107 1378 3714 1457">
     <span class='ocr_line' id='line_1_31' title="bbox 2107 1378 3714 1457; baseline 0.01 -30"><span class='ocrx_word' id='word_1_181' title='bbox 2107 1378 2202 1444; x_wconf 74' lang='grc' dir='ltr'>νῆς</span> <span class='ocrx_word' id='word_1_182' title='bbox 2227 1378 2391 1429; x_wconf 77' lang='grc' dir='ltr'>αὑτὸν</span> <span class='ocrx_word' id='word_1_183' title='bbox 2416 1379 2826 1450; x_wconf 73' lang='grc' dir='ltr'>ἐπιλειπούσης,</span> <span class='ocrx_word' id='word_1_184' title='bbox 2862 1386 3051 1456; x_wconf 66' lang='grc' dir='ltr'>σωκ-ᾦ</span> <span class='ocrx_word' id='word_1_185' title='bbox 3090 1387 3164 1456; x_wconf 78' lang='grc' dir='ltr'>τῷ</span> <span class='ocrx_word' id='word_1_186' title='bbox 3213 1387 3456 1457; x_wconf 77' lang='grc' dir='ltr'>ἄσθματι</span> <span class='ocrx_word' id='word_1_187' title='bbox 3528 1410 3714 1442; x_wconf 83' lang='grc' dir='ltr'>κατα-</span> 
     </span>
    </p>
   </div>
   <div class='ocr_carea' id='block_1_32' title="bbox 2113 1467 3715 1544">
    <p class='ocr_par' dir='ltr' id='par_1_32' title="bbox 2113 1467 3715 1544">
     <span class='ocr_line' id='line_1_32' title="bbox 2113 1467 3715 1544; baseline 0.008 -26"><span class='ocrx_word' id='word_1_188' title='bbox 2113 1467 2346 1536; x_wconf 67' lang='grc' dir='ltr'>σχεθεὶς,</span> <span class='ocrx_word' id='word_1_189' title='bbox 2376 1469 2671 1542; x_wconf 74' lang='grc' dir='ltr'>ὴκοντίσθη</span> <span class='ocrx_word' id='word_1_190' title='bbox 2703 1474 2841 1526; x_wconf 83' lang='grc' dir='ltr'><strong>κατά</strong></span> <span class='ocrx_word' id='word_1_191' title='bbox 2902 1477 3000 1542; x_wconf 65' lang='grc' dir='ltr'>τῆς</span> <span class='ocrx_word' id='word_1_192' title='bbox 3043 1479 3263 1544; x_wconf 66' lang='grc' dir='ltr'>φλογὶς,</span> <span class='ocrx_word' id='word_1_193' title='bbox 3305 1481 3396 1531; x_wconf 68' lang='grc' dir='ltr'><strong>καὶ</strong></span> <span class='ocrx_word' id='word_1_194' title='bbox 3449 1481 3715 1532; x_wconf 53' lang='lat'><strong>61107.29-</strong></span> 
     </span>
    </p>
   </div>
   <div class='ocr_carea' id='block_1_33' title="bbox 2109 1560 3716 1641">
    <p class='ocr_par' dir='ltr' id='par_1_33' title="bbox 2109 1560 3716 1641">
     <span class='ocr_line' id='line_1_33' title="bbox 2109 1560 3716 1641; baseline 0.007 -28"><span class='ocrx_word' id='word_1_195' title='bbox 2109 1560 2255 1628; x_wconf 81' lang='grc' dir='ltr'>τώθη</span> <span class='ocrx_word' id='word_1_196' title='bbox 2295 1561 2373 1630; x_wconf 79' lang='grc' dir='ltr'>τῷ</span> <span class='ocrx_word' id='word_1_197' title='bbox 2406 1566 2872 1635; x_wconf 82' lang='grc' dir='ltr'>προσκυνουμένῳ</span> <span class='ocrx_word' id='word_1_198' title='bbox 2906 1568 3034 1636; x_wconf 85' lang='grc' dir='ltr'>παρ’</span> <span class='ocrx_word' id='word_1_199' title='bbox 3067 1570 3234 1621; x_wconf 73' lang='grc' dir='ltr'>αὐτοῦ</span> <span class='ocrx_word' id='word_1_200' title='bbox 3284 1570 3528 1641; x_wconf 80' lang='grc' dir='ltr'>δαίμονι.</span> <span class='ocrx_word' id='word_1_201' title='bbox 3593 1576 3716 1627; x_wconf 74' lang='grc' dir='ltr'>Καὶ</span> 
     </span>
    </p>
   </div>
   <div class='ocr_carea' id='block_1_34' title="bbox 2111 1653 3719 1735">
    <p class='ocr_par' dir='ltr' id='par_1_34' title="bbox 2111 1653 3719 1735">
     <span class='ocr_line' id='line_1_34' title="bbox 2111 1653 3719 1735; baseline 0.007 -30"><span class='ocrx_word' id='word_1_202' title='bbox 2111 1653 2274 1716; x_wconf 67' lang='grc' dir='ltr'>αὐτὸς</span> <span class='ocrx_word' id='word_1_203' title='bbox 2306 1654 2404 1722; x_wconf 84' lang='grc' dir='ltr'>μὲν</span> <span class='ocrx_word' id='word_1_204' title='bbox 2433 1655 2731 1726; x_wconf 76' lang='grc' dir='ltr'>ἐξεδήμησέ</span> <span class='ocrx_word' id='word_1_205' title='bbox 2773 1658 2905 1727; x_wconf 75' lang='grc' dir='ltr'>πρδς</span> <span class='ocrx_word' id='word_1_206' title='bbox 2939 1660 3027 1711; x_wconf 76' lang='grc' dir='ltr'>τὸν</span> <span class='ocrx_word' id='word_1_207' title='bbox 3075 1663 3490 1730; x_wconf 78' lang='grc' dir='ltr'>ἡτοιμασμένον</span> <span class='ocrx_word' id='word_1_208' title='bbox 3543 1665 3719 1735; x_wconf 73' lang='grc' dir='ltr'>αὐτῷ</span> 
     </span>
    </p>
   </div>
   <div class='ocr_carea' id='block_1_35' title="bbox 2110 1745 3722 1818">
    <p class='ocr_par' dir='ltr' id='par_1_35' title="bbox 2110 1745 3722 1818">
     <span class='ocr_line' id='line_1_35' title="bbox 2110 1745 3722 1818; baseline 0.006 -22"><span class='ocrx_word' id='word_1_209' title='bbox 2110 1746 2283 1797; x_wconf 76' lang='grc' dir='ltr'>τόπον</span> <span class='ocrx_word' id='word_1_210' title='bbox 2335 1745 2428 1796; x_wconf 84' lang='grc' dir='ltr'>τοῦ</span> <span class='ocrx_word' id='word_1_211' title='bbox 2490 1746 2715 1809; x_wconf 80' lang='grc' dir='ltr'>σκότους</span> <span class='ocrx_word' id='word_1_212' title='bbox 2779 1749 2870 1800; x_wconf 74' lang='grc' dir='ltr'>καὶ</span> <span class='ocrx_word' id='word_1_213' title='bbox 2929 1750 3022 1818; x_wconf 72' lang='grc' dir='ltr'>τῆς</span> <span class='ocrx_word' id='word_1_214' title='bbox 3058 1751 3222 1818; x_wconf 78' lang='grc' dir='ltr'>ἄλλης</span> <span class='ocrx_word' id='word_1_215' title='bbox 3245 1755 3591 1816; x_wconf 78' lang='grc' dir='ltr'>κακώσεως·</span> <span class='ocrx_word' id='word_1_216' title='bbox 3649 1757 3722 1806; x_wconf 69' lang='grc' dir='ltr'><strong>το</strong></span> 
     </span>
    </p>
   </div>
   <div class='ocr_carea' id='block_1_36' title="bbox 2115 1836 3721 1917">
    <p class='ocr_par' dir='ltr' id='par_1_36' title="bbox 2115 1836 3721 1917">
     <span class='ocr_line' id='line_1_36' title="bbox 2115 1836 3721 1917; baseline 0.007 -29"><span class='ocrx_word' id='word_1_217' title='bbox 2115 1836 2274 1905; x_wconf 80' lang='grc' dir='ltr'>σῶμα</span> <span class='ocrx_word' id='word_1_218' title='bbox 2303 1837 2358 1889; x_wconf 75' lang='grc' dir='ltr'>δὲ</span> <span class='ocrx_word' id='word_1_219' title='bbox 2382 1837 2476 1889; x_wconf 78' lang='grc' dir='ltr'><strong>τού</strong></span> <span class='ocrx_word' id='word_1_220' title='bbox 2503 1839 2821 1909; x_wconf 81' lang='grc' dir='ltr'>τρισαθλέου</span> <span class='ocrx_word' id='word_1_221' title='bbox 2857 1842 3047 1894; x_wconf 75' lang='grc' dir='ltr'>τούτου</span> <span class='ocrx_word' id='word_1_222' title='bbox 3087 1843 3343 1910; x_wconf 81' lang='grc' dir='ltr'>γέροντος</span> <span class='ocrx_word' id='word_1_223' title='bbox 3393 1847 3721 1917; x_wconf 78' lang='grc' dir='ltr'>ἀναστήσε-</span> 
     </span>
    </p>
   </div>
   <div class='ocr_carea' id='block_1_37' title="bbox 1131 1927 2012 2001">
    <p class='ocr_par' dir='ltr' id='par_1_37' title="bbox 1131 1931 2010 1989">
     <span class='ocr_line' id='line_1_37' title="bbox 1131 1931 2010 1989; baseline -0.01 -1"><span class='ocrx_word' id='word_1_224' title='bbox 1131 1934 1458 1989; x_wconf 84' lang='lat' dir='ltr'><strong>testimoniis</strong></span> <span class='ocrx_word' id='word_1_225' title='bbox 1505 1933 1570 1985; x_wconf 89' lang='lat' dir='ltr'><strong>de</strong></span> <span class='ocrx_word' id='word_1_226' title='bbox 1630 1931 1717 1984; x_wconf 86' lang='lat' dir='ltr'><strong>illa</strong></span> <span class='ocrx_word' id='word_1_227' title='bbox 1787 1931 2010 1984; x_wconf 88' lang='lat' dir='ltr'><strong>demon-</strong></span> 
     </span>
    </p>
   </div>
   <div class='ocr_carea' id='block_1_38' title="bbox 2122 1927 3723 2001">
    <p class='ocr_par' dir='ltr' id='par_1_38' title="bbox 2122 1927 3723 2001">
     <span class='ocr_line' id='line_1_38' title="bbox 2122 1927 3723 2001; baseline 0.007 -22"><span class='ocrx_word' id='word_1_228' title='bbox 2122 1944 2200 1980; x_wconf 80' lang='grc' dir='ltr'><strong>ται</strong></span> <span class='ocrx_word' id='word_1_229' title='bbox 2233 1927 2448 1990; x_wconf 78' lang='grc' dir='ltr'>πάντως</span> <span class='ocrx_word' id='word_1_230' title='bbox 2483 1931 2541 1980; x_wconf 80' lang='grc' dir='ltr'>ἐν</span> <span class='ocrx_word' id='word_1_231' title='bbox 2567 1932 2633 2001; x_wconf 83' lang='grc' dir='ltr'>τῇ</span> <span class='ocrx_word' id='word_1_232' title='bbox 2668 1931 2847 2000; x_wconf 75' lang='grc' dir='ltr'>ἡμέρα</span> <span class='ocrx_word' id='word_1_233' title='bbox 2872 1932 2970 1999; x_wconf 76' lang='grc' dir='ltr'>τῆς</span> <span class='ocrx_word' id='word_1_234' title='bbox 3002 1935 3186 2000; x_wconf 72' lang='grc' dir='ltr'>κοινῆς</span> <span class='ocrx_word' id='word_1_235' title='bbox 3211 1935 3569 1998; x_wconf 75' lang='grc' dir='ltr'>ἀναστάσεως</span> <span class='ocrx_word' id='word_1_236' title='bbox 3611 1954 3723 1991; x_wconf 80' lang='grc' dir='ltr'>κα-</span> 
     </span>
    </p>
   </div>
   <div class='ocr_carea' id='block_1_39' title="bbox 2119 2019 3721 2095">
    <p class='ocr_par' dir='ltr' id='par_1_39' title="bbox 2119 2019 3721 2095">
     <span class='ocr_line' id='line_1_39' title="bbox 2119 2019 3721 2095; baseline 0.006 -24"><span class='ocrx_word' id='word_1_237' title='bbox 2119 2019 2188 2072; x_wconf 80' lang='grc' dir='ltr'>τὰ</span> <span class='ocrx_word' id='word_1_238' title='bbox 2217 2019 2316 2088; x_wconf 72' lang='grc' dir='ltr'><strong>τὴν</strong></span> <span class='ocrx_word' id='word_1_239' title='bbox 2351 2021 2442 2073; x_wconf 77' lang='grc' dir='ltr'>τοῦ</span> <span class='ocrx_word' id='word_1_240' title='bbox 2478 2022 2732 2092; x_wconf 76' lang='grc' dir='ltr'><strong>Σωτῆρος</strong></span> <span class='ocrx_word' id='word_1_241' title='bbox 2774 2021 3072 2089; x_wconf 75' lang='grc' dir='ltr'>ἀπόφασιν,</span> <span class='ocrx_word' id='word_1_242' title='bbox 3117 2026 3425 2095; x_wconf 72' lang='grc' dir='ltr'>εἰρηκότος,</span> <span class='ocrx_word' id='word_1_243' title='bbox 3457 2028 3721 2094; x_wconf 79' lang='grc' dir='ltr'>ἀναστή-</span> 
     </span>
    </p>
   </div>
   <div class='ocr_carea' id='block_1_40' title="bbox 2112 2110 3724 2183">
    <p class='ocr_par' dir='ltr' id='par_1_40' title="bbox 2112 2110 3724 2183">
     <span class='ocr_line' id='line_1_40' title="bbox 2112 2110 3724 2183; baseline 0.007 -23"><span class='ocrx_word' id='word_1_244' title='bbox 2112 2110 2302 2162; x_wconf 80' lang='grc' dir='ltr'>σεσθαι</span> <span class='ocrx_word' id='word_1_245' title='bbox 2337 2112 2430 2163; x_wconf 63' lang='grc' dir='ltr'>καὶ</span> <span class='ocrx_word' id='word_1_246' title='bbox 2462 2112 2587 2174; x_wconf 77' lang='grc' dir='ltr'>τοὺς</span> <span class='ocrx_word' id='word_1_247' title='bbox 2621 2111 2688 2166; x_wconf 72' lang='grc' dir='ltr'>τὰ</span> <span class='ocrx_word' id='word_1_248' title='bbox 2732 2111 2912 2180; x_wconf 80' lang='grc' dir='ltr'>φαῦλα</span> <span class='ocrx_word' id='word_1_249' title='bbox 2961 2114 3275 2183; x_wconf 79' lang='grc' dir='ltr'>πράξαντας</span> <span class='ocrx_word' id='word_1_250' title='bbox 3318 2120 3401 2181; x_wconf 83' lang='grc' dir='ltr'><strong>είς</strong></span> <span class='ocrx_word' id='word_1_251' title='bbox 3479 2120 3724 2173; x_wconf 77' lang='grc' dir='ltr'>κόλασιν</span> 
     </span>
    </p>
   </div>
   <div class='ocr_carea' id='block_1_41' title="bbox 409 2201 3722 2288">
    <p class='ocr_par' dir='ltr' id='par_1_41' title="bbox 409 2201 3722 2288">
     <span class='ocr_line' id='line_1_41' title="bbox 409 2201 3722 2288; baseline -0.004 -10"><span class='ocrx_word' id='word_1_252' title='bbox 409 2225 651 2288; x_wconf 81' lang='grc' dir='ltr'>αἰώνιον,</span> <span class='ocrx_word' id='word_1_253' title='bbox 679 2223 727 2276; x_wconf 84' lang='grc' dir='ltr'><strong>εί</strong></span> <span class='ocrx_word' id='word_1_254' title='bbox 764 2223 859 2275; x_wconf 69' lang='grc' dir='ltr'><strong>καὶ</strong></span> <span class='ocrx_word' id='word_1_255' title='bbox 918 2218 1080 2278; x_wconf 74' lang='grc' dir='ltr'>αὐτὸς</span> <span class='ocrx_word' id='word_1_256' title='bbox 1113 2216 1185 2286; x_wconf 81' lang='grc' dir='ltr'>μὴ</span> <span class='ocrx_word' id='word_1_257' title='bbox 1223 2212 1360 2266; x_wconf 73' lang='grc' dir='ltr'>εἶναι</span> <span class='ocrx_word' id='word_1_258' title='bbox 1412 2211 1519 2264; x_wconf 81' lang='grc' dir='ltr'><strong>τῶν</strong></span> <span class='ocrx_word' id='word_1_259' title='bbox 1571 2208 1880 2262; x_wconf 71' lang='grc' dir='ltr'>τεθνεώτων</span> <span class='ocrx_word' id='word_1_260' title='bbox 1941 2201 2238 2257; x_wconf 67' lang='grc' dir='ltr'>ἀνάστασιν</span> <span class='ocrx_word' id='word_1_261' title='bbox 2301 2203 2645 2272; x_wconf 78' lang='grc' dir='ltr'>ὲδογμάτιζε,</span> <span class='ocrx_word' id='word_1_262' title='bbox 2717 2206 2814 2267; x_wconf 77' lang='grc' dir='ltr'>τὰς</span> <span class='ocrx_word' id='word_1_263' title='bbox 2863 2206 3135 2270; x_wconf 80' lang='grc' dir='ltr'>τοσαύτας</span> <span class='ocrx_word' id='word_1_264' title='bbox 3201 2210 3296 2264; x_wconf 79' lang='grc' dir='ltr'>τοῦ</span> <span class='ocrx_word' id='word_1_265' title='bbox 3373 2213 3722 2268; x_wconf 77' lang='grc' dir='ltr'>’Δποστόλου</span> 
     </span>
    </p>
   </div>
   <div class='ocr_carea' id='block_1_42' title="bbox 408 2293 2835 2389">
    <p class='ocr_par' dir='ltr' id='par_1_42' title="bbox 408 2293 2835 2389">
     <span class='ocr_line' id='line_1_42' title="bbox 408 2293 2835 2389; baseline -0.008 -18"><span class='ocrx_word' id='word_1_266' title='bbox 408 2321 540 2389; x_wconf 79' lang='grc' dir='ltr'>περὶ</span> <span class='ocrx_word' id='word_1_267' title='bbox 574 2318 777 2388; x_wconf 81' lang='grc' dir='ltr'>ταύτης</span> <span class='ocrx_word' id='word_1_268' title='bbox 838 2313 1162 2386; x_wconf 81' lang='grc' dir='ltr'>μαρτυρίας.</span> <span class='ocrx_word' id='word_1_269' title='bbox 1221 2309 1313 2362; x_wconf 62' lang='grc' dir='ltr'><strong>κοιλ⁸</strong></span> <span class='ocrx_word' id='word_1_270' title='bbox 1369 2308 1622 2376; x_wconf 81' lang='grc' dir='ltr'>γενναία-ς</span> <span class='ocrx_word' id='word_1_271' title='bbox 1679 2299 2006 2364; x_wconf 79' lang='grc' dir='ltr'>ἀποδείξεις.</span> <span class='ocrx_word' id='word_1_272' title='bbox 2047 2293 2359 2363; x_wconf 64' lang='grc' dir='ltr'>ὼςψευδεῖς</span> <span class='ocrx_word' id='word_1_273' title='bbox 2389 2296 2835 2368; x_wconf 73' lang='grc' dir='ltr'>παρωθούμενος.</span> 
     </span>
    </p>
   </div>
   <div class='ocr_carea' id='block_1_43' title="bbox 481 2422 2013 2488">
    <p class='ocr_par' dir='ltr' id='par_1_43' title="bbox 481 2422 2013 2488">
     <span class='ocr_line' id='line_1_43' title="bbox 481 2422 2013 2488; baseline -0.015 0"><span class='ocrx_word' id='word_1_274' title='bbox 481 2436 575 2488; x_wconf 65' lang='grc'><strong>25.</strong></span> <span class='ocrx_word' id='word_1_275' title='bbox 603 2433 870 2488; x_wconf 88' lang='lat' dir='ltr'><strong>Dicuntse</strong></span> <span class='ocrx_word' id='word_1_276' title='bbox 887 2445 990 2484; x_wconf 90' lang='lat' dir='ltr'><strong>non</strong></span> <span class='ocrx_word' id='word_1_277' title='bbox 1009 2431 1063 2484; x_wconf 91' lang='lat' dir='ltr'><strong>in</strong></span> <span class='ocrx_word' id='word_1_278' title='bbox 1081 2426 1286 2484; x_wconf 87' lang='lat' dir='ltr'><strong>somnis</strong></span> <span class='ocrx_word' id='word_1_279' title='bbox 1308 2424 1503 2487; x_wconf 87' lang='lat' dir='ltr'><strong>solum,</strong></span> <span class='ocrx_word' id='word_1_280' title='bbox 1521 2422 1613 2476; x_wconf 88' lang='lat' dir='ltr'><strong>sed</strong></span> <span class='ocrx_word' id='word_1_281' title='bbox 1635 2422 1795 2475; x_wconf 88' lang='lat' dir='ltr'><strong>etiam</strong></span> <span class='ocrx_word' id='word_1_282' title='bbox 1821 2434 1874 2471; x_wconf 92' lang='lat' dir='ltr'><strong>re.</strong></span> <span class='ocrx_word' id='word_1_283' title='bbox 1888 2429 2013 2466; x_wconf 75' lang='lat' dir='ltr'><strong>wra</strong></span> 
     </span>
    </p>
   </div>
   <div class='ocr_carea' id='block_1_44' title="bbox 410 2507 2018 2589">
    <p class='ocr_par' dir='ltr' id='par_1_44' title="bbox 410 2507 2018 2589">
     <span class='ocr_line' id='line_1_44' title="bbox 410 2507 2018 2589; baseline -0.014 -9"><span class='ocrx_word' id='word_1_284' title='bbox 410 2539 635 2582; x_wconf 89' lang='lat' dir='ltr'><strong>cernere</strong></span> <span class='ocrx_word' id='word_1_285' title='bbox 659 2525 869 2577; x_wconf 83' lang='lat' dir='ltr'><strong>Patrem</strong></span> <span class='ocrx_word' id='word_1_286' title='bbox 891 2530 1144 2589; x_wconf 87' lang='lat' dir='ltr'><strong>tanquam</strong></span> <span class='ocrx_word' id='word_1_287' title='bbox 1161 2534 1342 2574; x_wconf 86' lang='lat' dir='ltr'><strong>senem</strong></span> <span class='ocrx_word' id='word_1_288' title='bbox 1359 2513 1621 2586; x_wconf 87' lang='lat' dir='ltr'><strong>profunda</strong></span> <span class='ocrx_word' id='word_1_289' title='bbox 1647 2510 1809 2567; x_wconf 85' lang='lat' dir='ltr'><strong>barba</strong></span> <span class='ocrx_word' id='word_1_290' title='bbox 1833 2507 2018 2577; x_wconf 70' lang='lat' dir='ltr'><strong>prwdi-</strong></span> 
     </span>
    </p>
   </div>
   <div class='ocr_carea' id='block_1_45' title="bbox 413 2600 2015 2684">
    <p class='ocr_par' dir='ltr' id='par_1_45' title="bbox 413 2600 2015 2684">
     <span class='ocr_line' id='line_1_45' title="bbox 413 2600 2015 2684; baseline -0.013 -13"><span class='ocrx_word' id='word_1_291' title='bbox 413 2635 546 2684; x_wconf 71' lang='lat' dir='ltr'><strong>tum,</strong></span> <span class='ocrx_word' id='word_1_292' title='bbox 582 2616 776 2670; x_wconf 84' lang='lat' dir='ltr'><strong>Filium</strong></span> <span class='ocrx_word' id='word_1_293' title='bbox 810 2626 1061 2680; x_wconf 85' lang='lat' dir='ltr'><strong>tanquam</strong></span> <span class='ocrx_word' id='word_1_294' title='bbox 1089 2611 1340 2680; x_wconf 82' lang='lat' dir='ltr'><strong>juvenem</strong></span> <span class='ocrx_word' id='word_1_295' title='bbox 1403 2607 1810 2675; x_wconf 85' lang='lat' dir='ltr'><strong>pubescentem,</strong></span> <span class='ocrx_word' id='word_1_296' title='bbox 1844 2600 2015 2670; x_wconf 80' lang='lat' dir='ltr'><strong>Spiri-</strong></span> 
     </span>
    </p>
   </div>
   <div class='ocr_carea' id='block_1_46' title="bbox 411 2692 2014 2759">
    <p class='ocr_par' dir='ltr' id='par_1_46' title="bbox 411 2692 2014 2759">
     <span class='ocr_line' id='line_1_46' title="bbox 411 2692 2014 2759; baseline -0.009 -1"><span class='ocrx_word' id='word_1_297' title='bbox 411 2715 523 2759; x_wconf 86' lang='lat' dir='ltr'><strong>tum</strong></span> <span class='ocrx_word' id='word_1_298' title='bbox 577 2714 820 2758; x_wconf 81' lang='lat' dir='ltr'><strong>sanctuin</strong></span> <span class='ocrx_word' id='word_1_299' title='bbox 859 2699 1155 2754; x_wconf 89' lang='lat' dir='ltr'><strong>imberbem</strong></span> <span class='ocrx_word' id='word_1_300' title='bbox 1184 2696 1604 2759; x_wconf 88' lang='lat' dir='ltr'><strong>adolescentem,</strong></span> <span class='ocrx_word' id='word_1_301' title='bbox 1643 2710 1765 2747; x_wconf 91' lang='lat' dir='ltr'><strong>cum</strong></span> <span class='ocrx_word' id='word_1_302' title='bbox 1793 2693 1874 2746; x_wconf 89' lang='lat' dir='ltr'><strong>eis</strong></span> <span class='ocrx_word' id='word_1_303' title='bbox 1907 2692 2014 2742; x_wconf 70' lang='lat' dir='ltr'><strong>dw-</strong></span> 
     </span>
    </p>
   </div>
   <div class='ocr_carea' id='block_1_47' title="bbox 415 2782 2012 2861">
    <p class='ocr_par' dir='ltr' id='par_1_47' title="bbox 415 2782 2012 2861">
     <span class='ocr_line' id='line_1_47' title="bbox 415 2782 2012 2861; baseline -0.011 -10"><span class='ocrx_word' id='word_1_304' title='bbox 415 2812 606 2853; x_wconf 77' lang='lat' dir='ltr'><strong>mones</strong></span> <span class='ocrx_word' id='word_1_305' title='bbox 640 2796 711 2849; x_wconf 91' lang='lat' dir='ltr'><strong>ita</strong></span> <span class='ocrx_word' id='word_1_306' title='bbox 740 2810 797 2848; x_wconf 91' lang='lat' dir='ltr'><strong>se</strong></span> <span class='ocrx_word' id='word_1_307' title='bbox 833 2791 988 2845; x_wconf 82' lang='lat' dir='ltr'><strong>facile</strong></span> <span class='ocrx_word' id='word_1_308' title='bbox 1038 2791 1388 2861; x_wconf 36' lang='lat' dir='ltr'><strong>conspicuos.</strong></span> <span class='ocrx_word' id='word_1_309' title='bbox 1422 2787 1721 2858; x_wconf 68' lang='lat' dir='ltr'><strong>praebeant,</strong></span> <span class='ocrx_word' id='word_1_310' title='bbox 1752 2799 1859 2853; x_wconf 89' lang='lat' dir='ltr'><strong>quo</strong></span> <span class='ocrx_word' id='word_1_311' title='bbox 1893 2782 2012 2835; x_wconf 91' lang='lat' dir='ltr'><strong>illos</strong></span> 
     </span>
    </p>
   </div>
   <div class='ocr_carea' id='block_1_48' title="bbox 420 2875 2012 2952">
    <p class='ocr_par' dir='ltr' id='par_1_48' title="bbox 420 2875 2012 2952">
     <span class='ocr_line' id='line_1_48' title="bbox 420 2875 2012 2952; baseline -0.014 -5"><span class='ocrx_word' id='word_1_312' title='bbox 420 2895 522 2947; x_wconf 90' lang='lat' dir='ltr'><strong>hac</strong></span> <span class='ocrx_word' id='word_1_313' title='bbox 548 2892 842 2944; x_wconf 88' lang='lat' dir='ltr'><strong>formarum</strong></span> <span class='ocrx_word' id='word_1_314' title='bbox 878 2886 1140 2941; x_wconf 78' lang='lat' dir='ltr'><strong>varietate</strong></span> <span class='ocrx_word' id='word_1_315' title='bbox 1179 2883 1468 2952; x_wconf 87' lang='lat' dir='ltr'><strong>decipiant,</strong></span> <span class='ocrx_word' id='word_1_316' title='bbox 1527 2882 1866 2946; x_wconf 89' lang='lat' dir='ltr'><strong>doceantque</strong></span> <span class='ocrx_word' id='word_1_317' title='bbox 1907 2875 2012 2928; x_wconf 85' lang='lat' dir='ltr'><strong>im-</strong></span> 
     </span>
    </p>
   </div>
   <div class='ocr_carea' id='block_1_49' title="bbox 416 2973 2012 3056">
    <p class='ocr_par' dir='ltr' id='par_1_49' title="bbox 416 2973 2012 3056">
     <span class='ocr_line' id='line_1_49' title="bbox 416 2973 2012 3056; baseline -0.009 -21"><span class='ocrx_word' id='word_1_318' title='bbox 416 2999 596 3056; x_wconf 87' lang='lat' dir='ltr'><strong>parem</strong></span> <span class='ocrx_word' id='word_1_319' title='bbox 636 2996 756 3036; x_wconf 89' lang='lat' dir='ltr'><strong>esse</strong></span> <span class='ocrx_word' id='word_1_320' title='bbox 811 2989 1057 3034; x_wconf 88' lang='lat' dir='ltr'><strong>sanctam</strong></span> <span class='ocrx_word' id='word_1_321' title='bbox 1119 2977 1438 3031; x_wconf 84' lang='lat' dir='ltr'><strong>Trinitatem</strong></span> <span class='ocrx_word' id='word_1_322' title='bbox 1469 2983 1521 3028; x_wconf 90' lang='lat' dir='ltr'><strong>et</strong></span> <span class='ocrx_word' id='word_1_323' title='bbox 1592 2973 2012 3040; x_wconf 84' lang='lat' dir='ltr'><strong>discrepantem,</strong></span> 
     </span>
    </p>
   </div>
   <div class='ocr_carea' id='block_1_50' title="bbox 413 3058 2010 3141">
    <p class='ocr_par' dir='ltr' id='par_1_50' title="bbox 413 3058 2010 3141">
     <span class='ocr_line' id='line_1_50' title="bbox 413 3058 2010 3141; baseline -0.014 -13"><span class='ocrx_word' id='word_1_324' title='bbox 413 3074 775 3141; x_wconf 75' lang='lat' dir='ltr'><strong>Arianamque</strong></span> <span class='ocrx_word' id='word_1_325' title='bbox 833 3073 992 3141; x_wconf 75' lang='lat' dir='ltr'><strong>unius</strong></span> <span class='ocrx_word' id='word_1_326' title='bbox 1069 3077 1275 3121; x_wconf 62' lang='lat' dir='ltr'><strong>natura:</strong></span> <span class='ocrx_word' id='word_1_327' title='bbox 1364 3064 1659 3118; x_wconf 83' lang='lat' dir='ltr'><strong>sectionem</strong></span> <span class='ocrx_word' id='word_1_328' title='bbox 1711 3061 1822 3116; x_wconf 87' lang='lat' dir='ltr'><strong>illis</strong></span> <span class='ocrx_word' id='word_1_329' title='bbox 1886 3058 2010 3126; x_wconf 84' lang='lat' dir='ltr'><strong>inji-</strong></span> 
     </span>
    </p>
   </div>
   <div class='ocr_carea' id='block_1_51' title="bbox 414 3168 582 3221">
    <p class='ocr_par' dir='ltr' id='par_1_51' title="bbox 414 3168 582 3221">
     <span class='ocr_line' id='line_1_51' title="bbox 414 3168 582 3221; baseline 0 0"><span class='ocrx_word' id='word_1_330' title='bbox 414 3168 582 3221; x_wconf 88' lang='lat' dir='ltr'><strong>ciant.</strong></span> 
     </span>
    </p>
   </div>
   <div class='ocr_carea' id='block_1_52' title="bbox 486 3352 2016 3424">
    <p class='ocr_par' dir='ltr' id='par_1_52' title="bbox 486 3352 2016 3424">
     <span class='ocr_line' id='line_1_52' title="bbox 486 3352 2016 3424; baseline -0.012 0"><span class='ocrx_word' id='word_1_331' title='bbox 486 3369 579 3424; x_wconf 65' lang='grc'><strong>24.</strong></span> <span class='ocrx_word' id='word_1_332' title='bbox 605 3367 989 3423; x_wconf 83' lang='lat' dir='ltr'><strong>Monachortnn</strong></span> <span class='ocrx_word' id='word_1_333' title='bbox 1015 3378 1165 3418; x_wconf 85' lang='lat' dir='ltr'><strong>more.</strong></span> <span class='ocrx_word' id='word_1_334' title='bbox 1194 3377 1252 3414; x_wconf 89' lang='lat' dir='ltr'><strong>se</strong></span> <span class='ocrx_word' id='word_1_335' title='bbox 1280 3360 1535 3420; x_wconf 83' lang='lat' dir='ltr'><strong>vestiunt,</strong></span> <span class='ocrx_word' id='word_1_336' title='bbox 1564 3369 1614 3409; x_wconf 86' lang='lat' dir='ltr'><strong>et</strong></span> <span class='ocrx_word' id='word_1_337' title='bbox 1647 3371 1833 3409; x_wconf 89' lang='lat' dir='ltr'><strong>eorum</strong></span> <span class='ocrx_word' id='word_1_338' title='bbox 1863 3352 2016 3408; x_wconf 81' lang='lat' dir='ltr'><strong>habi-</strong></span> 
     </span>
    </p>
   </div>
   <div class='ocr_carea' id='block_1_53' title="bbox 419 3448 2018 3529">
    <p class='ocr_par' dir='ltr' id='par_1_53' title="bbox 419 3448 2018 3529">
     <span class='ocr_line' id='line_1_53' title="bbox 419 3448 2018 3529; baseline -0.009 -15"><span class='ocrx_word' id='word_1_339' title='bbox 419 3474 530 3517; x_wconf 88' lang='lat' dir='ltr'><strong>tum</strong></span> <span class='ocrx_word' id='word_1_340' title='bbox 551 3473 803 3529; x_wconf 86' lang='lat' dir='ltr'><strong>tauquam</strong></span> <span class='ocrx_word' id='word_1_341' title='bbox 822 3473 1002 3513; x_wconf 80' lang='lat' dir='ltr'><strong>escam</strong></span> <span class='ocrx_word' id='word_1_342' title='bbox 1018 3463 1316 3515; x_wconf 70' lang='lat' dir='ltr'><strong>aswntunt,</strong></span> <span class='ocrx_word' id='word_1_343' title='bbox 1329 3461 1476 3508; x_wconf 85' lang='lat' dir='ltr'><strong>veste</strong></span> <span class='ocrx_word' id='word_1_344' title='bbox 1492 3451 1673 3518; x_wconf 89' lang='lat' dir='ltr'><strong>lupum</strong></span> <span class='ocrx_word' id='word_1_345' title='bbox 1693 3448 2018 3502; x_wconf 83' lang='lat' dir='ltr'><strong>absconden-</strong></span> 
     </span>
    </p>
   </div>
   <div class='ocr_carea' id='block_1_54' title="bbox 420 3539 2009 3622">
    <p class='ocr_par' dir='ltr' id='par_1_54' title="bbox 420 3539 2009 3622">
     <span class='ocr_line' id='line_1_54' title="bbox 420 3539 2009 3622; baseline -0.012 -15"><span class='ocrx_word' id='word_1_346' title='bbox 420 3568 520 3616; x_wconf 84' lang='lat' dir='ltr'><strong>tes,</strong></span> <span class='ocrx_word' id='word_1_347' title='bbox 556 3567 663 3622; x_wconf 87' lang='lat' dir='ltr'><strong>quo</strong></span> <span class='ocrx_word' id='word_1_348' title='bbox 682 3550 951 3606; x_wconf 83' lang='lat' dir='ltr'><strong>faciliores</strong></span> <span class='ocrx_word' id='word_1_349' title='bbox 978 3549 1176 3612; x_wconf 86' lang='lat' dir='ltr'><strong>aditus,</strong></span> <span class='ocrx_word' id='word_1_350' title='bbox 1209 3557 1261 3600; x_wconf 87' lang='lat' dir='ltr'><strong>et</strong></span> <span class='ocrx_word' id='word_1_351' title='bbox 1300 3542 1634 3612; x_wconf 87' lang='lat' dir='ltr'><strong>colloquendi</strong></span> <span class='ocrx_word' id='word_1_352' title='bbox 1669 3539 2009 3601; x_wconf 77' lang='lat' dir='ltr'><strong>facultatem,</strong></span> 
     </span>
    </p>
   </div>
   <div class='ocr_carea' id='block_1_55' title="bbox 423 3631 2014 3714">
    <p class='ocr_par' dir='ltr' id='par_1_55' title="bbox 423 3631 2014 3714">
     <span class='ocr_line' id='line_1_55' title="bbox 423 3631 2014 3714; baseline -0.009 -19"><span class='ocrx_word' id='word_1_353' title='bbox 423 3656 640 3714; x_wconf 78' lang='lat' dir='ltr'><strong>propter</strong></span> <span class='ocrx_word' id='word_1_354' title='bbox 669 3643 908 3697; x_wconf 83' lang='lat' dir='ltr'><strong>habitum</strong></span> <span class='ocrx_word' id='word_1_355' title='bbox 935 3649 1320 3706; x_wconf 75' lang='lat' dir='ltr'><strong>assequamur,</strong></span> <span class='ocrx_word' id='word_1_356' title='bbox 1353 3644 1408 3689; x_wconf 89' lang='lat' dir='ltr'><strong>et</strong></span> <span class='ocrx_word' id='word_1_357' title='bbox 1430 3635 1546 3687; x_wconf 87' lang='lat' dir='ltr'><strong>sine</strong></span> <span class='ocrx_word' id='word_1_358' title='bbox 1577 3631 1888 3700; x_wconf 87' lang='lat' dir='ltr'><strong>suspicione</strong></span> <span class='ocrx_word' id='word_1_359' title='bbox 1917 3643 2014 3698; x_wconf 85' lang='lat' dir='ltr'><strong>per</strong></span> 
     </span>
    </p>
   </div>
   <div class='ocr_carea' id='block_1_56' title="bbox 416 3723 2016 3801">
    <p class='ocr_par' dir='ltr' id='par_1_56' title="bbox 416 3723 2016 3801">
     <span class='ocr_line' id='line_1_56' title="bbox 416 3723 2016 3801; baseline -0.01 -11"><span class='ocrx_word' id='word_1_360' title='bbox 416 3751 729 3796; x_wconf 80' lang='lat' dir='ltr'><strong>sermonum</strong></span> <span class='ocrx_word' id='word_1_361' title='bbox 761 3733 1154 3801; x_wconf 76' lang='lat' dir='ltr'><strong>benignitatem</strong></span> <span class='ocrx_word' id='word_1_362' title='bbox 1189 3728 1414 3783; x_wconf 81' lang='lat' dir='ltr'><strong>auribus</strong></span> <span class='ocrx_word' id='word_1_363' title='bbox 1475 3723 1808 3778; x_wconf 84' lang='lat' dir='ltr'><strong>audientiqu</strong></span> <span class='ocrx_word' id='word_1_364' title='bbox 1851 3736 2016 3774; x_wconf 63' lang='lat' dir='ltr'><strong>venev</strong></span> 
     </span>
    </p>
   </div>
   <div class='ocr_carea' id='block_1_57' title="bbox 419 3825 841 3894">
    <p class='ocr_par' dir='ltr' id='par_1_57' title="bbox 419 3825 841 3894">
     <span class='ocr_line' id='line_1_57' title="bbox 419 3825 841 3894; baseline -0.012 -10"><span class='ocrx_word' id='word_1_365' title='bbox 419 3845 546 3884; x_wconf 88' lang='lat' dir='ltr'><strong>num</strong></span> <span class='ocrx_word' id='word_1_366' title='bbox 579 3825 841 3894; x_wconf 81' lang='lat' dir='ltr'><strong>injiciant.</strong></span> 
     </span>
    </p>
   </div>
   <div class='ocr_carea' id='block_1_58' title="bbox 486 3925 2018 4007">
    <p class='ocr_par' dir='ltr' id='par_1_58' title="bbox 486 3925 2018 4007">
     <span class='ocr_line' id='line_1_58' title="bbox 486 3925 2018 4007; baseline -0.012 -11"><span class='ocrx_word' id='word_1_367' title='bbox 486 3943 576 3996; x_wconf 71' lang='lat'><strong>25.</strong></span> <span class='ocrx_word' id='word_1_368' title='bbox 600 3939 868 4004; x_wconf 83' lang='lat' dir='ltr'><strong>Secunda,</strong></span> <span class='ocrx_word' id='word_1_369' title='bbox 891 3948 943 3992; x_wconf 89' lang='lat' dir='ltr'><strong>et</strong></span> <span class='ocrx_word' id='word_1_370' title='bbox 961 3945 1178 4007; x_wconf 83' lang='lat' dir='ltr'><strong>quarta,</strong></span> <span class='ocrx_word' id='word_1_371' title='bbox 1201 3947 1255 3990; x_wconf 91' lang='lat' dir='ltr'><strong>et</strong></span> <span class='ocrx_word' id='word_1_372' title='bbox 1289 3942 1444 3988; x_wconf 80' lang='lat' dir='ltr'><strong>sexta</strong></span> <span class='ocrx_word' id='word_1_373' title='bbox 1466 3929 1892 4001; x_wconf 79' lang='lat' dir='ltr'><strong>diesiugularum</strong></span> <span class='ocrx_word' id='word_1_374' title='bbox 1923 3925 2018 3980; x_wconf 83' lang='lat' dir='ltr'><strong>he-</strong></span> 
     </span>
    </p>
   </div>
   <div class='ocr_carea' id='block_1_59' title="bbox 421 4023 2014 4101">
    <p class='ocr_par' dir='ltr' id='par_1_59' title="bbox 421 4023 2014 4101">
     <span class='ocr_line' id='line_1_59' title="bbox 421 4023 2014 4101; baseline -0.013 -11"><span class='ocrx_word' id='word_1_375' title='bbox 421 4032 1012 4101; x_wconf 73' lang='lat' dir='ltr'><strong>bdomadnmjejunium</strong></span> <span class='ocrx_word' id='word_1_376' title='bbox 1027 4030 1296 4092; x_wconf 85' lang='lat' dir='ltr'><strong>indicunt,</strong></span> <span class='ocrx_word' id='word_1_377' title='bbox 1316 4039 1486 4093; x_wconf 85' lang='lat' dir='ltr'><strong>usque</strong></span> <span class='ocrx_word' id='word_1_378' title='bbox 1504 4023 1570 4076; x_wconf 85' lang='lat' dir='ltr'><strong>ad</strong></span> <span class='ocrx_word' id='word_1_379' title='bbox 1587 4023 1770 4076; x_wconf 82' lang='lat' dir='ltr'><strong>horam</strong></span> <span class='ocrx_word' id='word_1_380' title='bbox 1795 4033 2014 4074; x_wconf 88' lang='lat' dir='ltr'><strong>nonam.</strong></span> 
     </span>
    </p>
   </div>
   <div class='ocr_carea' id='block_1_60' title="bbox 423 4109 2012 4193">
    <p class='ocr_par' dir='ltr' id='par_1_60' title="bbox 423 4109 2012 4193">
     <span class='ocr_line' id='line_1_60' title="bbox 423 4109 2012 4193; baseline -0.011 -13"><span class='ocrx_word' id='word_1_381' title='bbox 423 4128 590 4193; x_wconf 44' lang='lat' dir='ltr'><strong>Quod.</strong></span> <span class='ocrx_word' id='word_1_382' title='bbox 613 4126 658 4180; x_wconf 87' lang='lat' dir='ltr'><strong>si</strong></span> <span class='ocrx_word' id='word_1_383' title='bbox 683 4124 808 4192; x_wconf 86' lang='lat' dir='ltr'><strong>quis</strong></span> <span class='ocrx_word' id='word_1_384' title='bbox 838 4135 934 4174; x_wconf 85' lang='lat' dir='ltr'><strong>eos</strong></span> <span class='ocrx_word' id='word_1_385' title='bbox 974 4121 1041 4174; x_wconf 88' lang='lat' dir='ltr'><strong>ad</strong></span> <span class='ocrx_word' id='word_1_386' title='bbox 1083 4119 1390 4173; x_wconf 80' lang='lat' dir='ltr'><strong>convivium</strong></span> <span class='ocrx_word' id='word_1_387' title='bbox 1423 4121 1604 4178; x_wconf 87' lang='lat' dir='ltr'><strong>vocet,</strong></span> <span class='ocrx_word' id='word_1_388' title='bbox 1639 4113 1822 4167; x_wconf 84' lang='lat' dir='ltr'><strong>statim</strong></span> <span class='ocrx_word' id='word_1_389' title='bbox 1857 4109 2012 4164; x_wconf 87' lang='lat' dir='ltr'><strong>obliti</strong></span> 
     </span>
    </p>
   </div>
   <div class='ocr_carea' id='block_1_61' title="bbox 425 4203 2014 4285">
    <p class='ocr_par' dir='ltr' id='par_1_61' title="bbox 425 4203 2014 4285">
     <span class='ocr_line' id='line_1_61' title="bbox 425 4203 2014 4285; baseline -0.006 -19"><span class='ocrx_word' id='word_1_390' title='bbox 425 4216 676 4285; x_wconf 69' lang='lat' dir='ltr'><strong>praecepti</strong></span> <span class='ocrx_word' id='word_1_391' title='bbox 703 4214 784 4268; x_wconf 89' lang='lat' dir='ltr'><strong>sui</strong></span> <span class='ocrx_word' id='word_1_392' title='bbox 816 4213 980 4266; x_wconf 89' lang='lat' dir='ltr'><strong>edunt</strong></span> <span class='ocrx_word' id='word_1_393' title='bbox 1012 4221 1068 4265; x_wconf 89' lang='lat' dir='ltr'><strong>et</strong></span> <span class='ocrx_word' id='word_1_394' title='bbox 1131 4210 1319 4264; x_wconf 84' lang='lat' dir='ltr'><strong>bibunt</strong></span> <span class='ocrx_word' id='word_1_395' title='bbox 1370 4219 1626 4276; x_wconf 85' lang='lat' dir='ltr'><strong>tanquam</strong></span> <span class='ocrx_word' id='word_1_396' title='bbox 1682 4203 2014 4272; x_wconf 83' lang='lat' dir='ltr'><strong>elephantes.</strong></span> 
     </span>
    </p>
   </div>
   <div class='ocr_carea' id='block_1_62' title="bbox 423 4294 2016 4376">
    <p class='ocr_par' dir='ltr' id='par_1_62' title="bbox 423 4294 2016 4376">
     <span class='ocr_line' id='line_1_62' title="bbox 423 4294 2016 4376; baseline -0.008 -15"><span class='ocrx_word' id='word_1_397' title='bbox 423 4310 497 4362; x_wconf 74' lang='lat' dir='ltr'><strong>Ex</strong></span> <span class='ocrx_word' id='word_1_398' title='bbox 557 4321 665 4376; x_wconf 91' lang='lat' dir='ltr'><strong>quo</strong></span> <span class='ocrx_word' id='word_1_399' title='bbox 732 4314 880 4375; x_wconf 88' lang='lat' dir='ltr'><strong>patet</strong></span> <span class='ocrx_word' id='word_1_400' title='bbox 931 4317 1025 4356; x_wconf 90' lang='lat' dir='ltr'><strong>eos</strong></span> <span class='ocrx_word' id='word_1_401' title='bbox 1071 4303 1236 4356; x_wconf 88' lang='lat' dir='ltr'><strong>etiam</strong></span> <span class='ocrx_word' id='word_1_402' title='bbox 1291 4298 1562 4368; x_wconf 86' lang='lat' dir='ltr'><strong>impudice</strong></span> <span class='ocrx_word' id='word_1_403' title='bbox 1619 4298 1822 4362; x_wconf 84' lang='lat' dir='ltr'><strong>vivere,</strong></span> <span class='ocrx_word' id='word_1_404' title='bbox 1888 4294 2016 4351; x_wconf 90' lang='lat' dir='ltr'><strong>licet</strong></span> 
     </span>
    </p>
   </div>
   <div class='ocr_carea' id='block_1_63' title="bbox 426 4388 2013 4460">
    <p class='ocr_par' dir='ltr' id='par_1_63' title="bbox 426 4388 2013 4460">
     <span class='ocr_line' id='line_1_63' title="bbox 426 4388 2013 4460; baseline -0.009 -5"><span class='ocrx_word' id='word_1_405' title='bbox 426 4399 838 4455; x_wconf 87' lang='lat' dir='ltr'><strong>fornicationem</strong></span> <span class='ocrx_word' id='word_1_406' title='bbox 976 4405 1031 4448; x_wconf 90' lang='lat' dir='ltr'><strong>et</strong></span> <span class='ocrx_word' id='word_1_407' title='bbox 1148 4408 1362 4448; x_wconf 89' lang='lat' dir='ltr'><strong>omnem</strong></span> <span class='ocrx_word' id='word_1_408' title='bbox 1459 4391 1626 4445; x_wconf 87' lang='lat' dir='ltr'><strong>aliam</strong></span> <span class='ocrx_word' id='word_1_409' title='bbox 1733 4388 2013 4460; x_wconf 68' lang='lat' dir='ltr'><strong>Libidinem</strong></span> 
     </span>
    </p>
   </div>
   <div class='ocr_carea' id='block_1_64' title="bbox 427 4481 2014 4562">
    <p class='ocr_par' dir='ltr' id='par_1_64' title="bbox 427 4481 2014 4562">
     <span class='ocr_line' id='line_1_64' title="bbox 427 4481 2014 4562; baseline -0.009 -16"><span class='ocrx_word' id='word_1_410' title='bbox 427 4505 679 4562; x_wconf 85' lang='lat' dir='ltr'><strong>tanquam</strong></span> <span class='ocrx_word' id='word_1_411' title='bbox 721 4491 903 4546; x_wconf 88' lang='lat' dir='ltr'><strong>carnis</strong></span> <span class='ocrx_word' id='word_1_412' title='bbox 942 4501 996 4544; x_wconf 91' lang='lat' dir='ltr'><strong>et</strong></span> <span class='ocrx_word' id='word_1_413' title='bbox 1031 4487 1280 4556; x_wconf 88' lang='lat' dir='ltr'><strong>corporis</strong></span> <span class='ocrx_word' id='word_1_414' title='bbox 1326 4495 1577 4556; x_wconf 80' lang='lat' dir='ltr'><strong>expertes</strong></span> <span class='ocrx_word' id='word_1_415' title='bbox 1626 4481 1805 4537; x_wconf 84' lang='lat' dir='ltr'><strong>verbis</strong></span> <span class='ocrx_word' id='word_1_416' title='bbox 1868 4481 2014 4534; x_wconf 89' lang='lat' dir='ltr'><strong>inse-</strong></span> 
     </span>
    </p>
   </div>
   <div class='ocr_carea' id='block_1_65' title="bbox 425 4591 1385 4639">
    <p class='ocr_par' dir='ltr' id='par_1_65' title="bbox 425 4591 1385 4639">
     <span class='ocr_line' id='line_1_65' title="bbox 425 4591 1385 4639; baseline -0.004 0"><span class='ocrx_word' id='word_1_417' title='bbox 425 4595 661 4639; x_wconf 87' lang='lat' dir='ltr'><strong>ctentur.</strong></span> <span class='ocrx_word' id='word_1_418' title='bbox 1381 4591 1385 4595; x_wconf 87' lang='lat'>&#39;</span> 
     </span>
    </p>
   </div>
   <div class='ocr_carea' id='block_1_66' title="bbox 491 4690 2020 4766">
    <p class='ocr_par' dir='ltr' id='par_1_66' title="bbox 491 4690 2020 4766">
     <span class='ocr_line' id='line_1_66' title="bbox 491 4690 2020 4766; baseline -0.006 -14"><span class='ocrx_word' id='word_1_419' title='bbox 491 4699 582 4753; x_wconf 78' lang='lat'><strong>26.</strong></span> <span class='ocrx_word' id='word_1_420' title='bbox 614 4695 881 4766; x_wconf 81' lang='lat' dir='ltr'><strong>Principio</strong></span> <span class='ocrx_word' id='word_1_421' title='bbox 899 4695 1114 4765; x_wconf 88' lang='lat' dir='ltr'><strong>quidem</strong></span> <span class='ocrx_word' id='word_1_422' title='bbox 1148 4693 1442 4749; x_wconf 84' lang='lat' dir='ltr'><strong>initiandos</strong></span> <span class='ocrx_word' id='word_1_423' title='bbox 1460 4690 1778 4759; x_wconf 90' lang='lat' dir='ltr'><strong>simpliciter</strong></span> <span class='ocrx_word' id='word_1_424' title='bbox 1804 4693 2020 4758; x_wconf 87' lang='lat' dir='ltr'><strong>docent,</strong></span> 
     </span>
    </p>
   </div>
   <div class='ocr_carea' id='block_1_67' title="bbox 427 4783 2022 4853">
    <p class='ocr_par' dir='ltr' id='par_1_67' title="bbox 427 4783 2022 4853">
     <span class='ocr_line' id='line_1_67' title="bbox 427 4783 2022 4853; baseline -0.008 -6"><span class='ocrx_word' id='word_1_425' title='bbox 427 4800 481 4847; x_wconf 89' lang='lat' dir='ltr'><strong>et</strong></span> <span class='ocrx_word' id='word_1_426' title='bbox 506 4791 812 4853; x_wconf 80' lang='lat' dir='ltr'><strong>hortantur,</strong></span> <span class='ocrx_word' id='word_1_427' title='bbox 839 4788 1204 4852; x_wconf 74' lang='lat' dir='ltr'><strong>utcredantin</strong></span> <span class='ocrx_word' id='word_1_428' title='bbox 1229 4787 1539 4853; x_wconf 71' lang='lat' dir='ltr'><strong>Patrem,et</strong></span> <span class='ocrx_word' id='word_1_429' title='bbox 1580 4783 1798 4849; x_wconf 84' lang='lat' dir='ltr'><strong>Filium,</strong></span> <span class='ocrx_word' id='word_1_430' title='bbox 1830 4783 2022 4853; x_wconf 85' lang='lat' dir='ltr'><strong>etSpi-</strong></span> 
     </span>
    </p>
   </div>
   <div class='ocr_carea' id='block_1_68' title="bbox 426 4877 2016 4949">
    <p class='ocr_par' dir='ltr' id='par_1_68' title="bbox 426 4877 2016 4949">
     <span class='ocr_line' id='line_1_68' title="bbox 426 4877 2016 4949; baseline -0.006 -10"><span class='ocrx_word' id='word_1_431' title='bbox 426 4887 588 4939; x_wconf 86' lang='lat' dir='ltr'><strong>ritum</strong></span> <span class='ocrx_word' id='word_1_432' title='bbox 613 4893 883 4945; x_wconf 88' lang='lat' dir='ltr'><strong>sanctum,</strong></span> <span class='ocrx_word' id='word_1_433' title='bbox 915 4882 1232 4949; x_wconf 87' lang='lat' dir='ltr'><strong>discantque</strong></span> <span class='ocrx_word' id='word_1_434' title='bbox 1259 4879 1534 4934; x_wconf 88' lang='lat' dir='ltr'><strong>Christum</strong></span> <span class='ocrx_word' id='word_1_435' title='bbox 1562 4892 1776 4932; x_wconf 86' lang='lat' dir='ltr'><strong>carnem</strong></span> <span class='ocrx_word' id='word_1_436' title='bbox 1803 4877 2016 4930; x_wconf 86' lang='lat' dir='ltr'><strong>induis-</strong></span> 
     </span>
    </p>
   </div>
   <div class='ocr_carea' id='block_1_69' title="bbox 429 4967 2020 5044">
    <p class='ocr_par' dir='ltr' id='par_1_69' title="bbox 429 4967 2020 5044">
     <span class='ocr_line' id='line_1_69' title="bbox 429 4967 2020 5044; baseline -0.005 -14"><span class='ocrx_word' id='word_1_437' title='bbox 429 4991 487 5030; x_wconf 88' lang='lat' dir='ltr'><strong>se</strong></span> <span class='ocrx_word' id='word_1_438' title='bbox 523 4975 841 5044; x_wconf 87' lang='lat' dir='ltr'><strong>dedisseque</strong></span> <span class='ocrx_word' id='word_1_439' title='bbox 890 4973 1096 5027; x_wconf 88' lang='lat' dir='ltr'><strong>sanctis</strong></span> <span class='ocrx_word' id='word_1_440' title='bbox 1122 4971 1378 5039; x_wconf 84' lang='lat' dir='ltr'><strong>apostolis</strong></span> <span class='ocrx_word' id='word_1_441' title='bbox 1405 4984 1619 5025; x_wconf 88' lang='lat' dir='ltr'><strong>sacrum</strong></span> <span class='ocrx_word' id='word_1_442' title='bbox 1651 4967 2020 5037; x_wconf 80' lang='lat' dir='ltr'><strong>Evangelium.</strong></span> 
     </span>
    </p>
   </div>
   <div class='ocr_carea' id='block_1_70' title="bbox 429 5062 2026 5136">
    <p class='ocr_par' dir='ltr' id='par_1_70' title="bbox 429 5062 2026 5136">
     <span class='ocr_line' id='line_1_70' title="bbox 429 5062 2026 5136; baseline -0.004 -16"><span class='ocrx_word' id='word_1_443' title='bbox 429 5068 495 5120; x_wconf 81' lang='lat' dir='ltr'><strong>Et</strong></span> <span class='ocrx_word' id='word_1_444' title='bbox 555 5067 766 5136; x_wconf 88' lang='lat' dir='ltr'><strong>jubent,</strong></span> <span class='ocrx_word' id='word_1_445' title='bbox 811 5075 870 5119; x_wconf 92' lang='lat' dir='ltr'><strong>ut</strong></span> <span class='ocrx_word' id='word_1_446' title='bbox 930 5063 1240 5132; x_wconf 78' lang='lat' dir='ltr'><strong>evangelica</strong></span> <span class='ocrx_word' id='word_1_447' title='bbox 1301 5062 1550 5116; x_wconf 85' lang='lat' dir='ltr'><strong>mandata</strong></span> <span class='ocrx_word' id='word_1_448' title='bbox 1610 5062 2026 5126; x_wconf 87' lang='lat' dir='ltr'><strong>custodiant,et</strong></span> 
     </span>
    </p>
   </div>
   <div class='ocr_carea' id='block_1_71' title="bbox 428 5153 2021 5231">
    <p class='ocr_par' dir='ltr' id='par_1_71' title="bbox 428 5153 2021 5231">
     <span class='ocr_line' id='line_1_71' title="bbox 428 5153 2021 5231; baseline -0.004 -21"><span class='ocrx_word' id='word_1_449' title='bbox 428 5169 738 5231; x_wconf 83' lang='lat' dir='ltr'><strong>precentur,</strong></span> <span class='ocrx_word' id='word_1_450' title='bbox 767 5166 821 5210; x_wconf 91' lang='lat' dir='ltr'><strong>et</strong></span> <span class='ocrx_word' id='word_1_451' title='bbox 850 5156 1116 5226; x_wconf 84' lang='lat' dir='ltr'><strong>jejunent,</strong></span> <span class='ocrx_word' id='word_1_452' title='bbox 1176 5168 1343 5223; x_wconf 88' lang='lat' dir='ltr'><strong>seque</strong></span> <span class='ocrx_word' id='word_1_453' title='bbox 1375 5155 1443 5208; x_wconf 80' lang='lat' dir='ltr'><strong>ab</strong></span> <span class='ocrx_word' id='word_1_454' title='bbox 1475 5155 1620 5208; x_wconf 87' lang='lat' dir='ltr'><strong>onmi</strong></span> <span class='ocrx_word' id='word_1_455' title='bbox 1655 5153 1890 5221; x_wconf 85' lang='lat' dir='ltr'><strong>nequitia</strong></span> <span class='ocrx_word' id='word_1_456' title='bbox 1921 5167 2021 5219; x_wconf 87' lang='lat' dir='ltr'><strong>pu-</strong></span> 
     </span>
    </p>
   </div>
   <div class='ocr_carea' id='block_1_72' title="bbox 429 5244 2021 5320">
    <p class='ocr_par' dir='ltr' id='par_1_72' title="bbox 429 5244 2021 5320">
     <span class='ocr_line' id='line_1_72' title="bbox 429 5244 2021 5320; baseline -0.008 -15"><span class='ocrx_word' id='word_1_457' title='bbox 429 5269 519 5306; x_wconf 87' lang='lat' dir='ltr'><strong>ros</strong></span> <span class='ocrx_word' id='word_1_458' title='bbox 595 5253 947 5320; x_wconf 80' lang='lat' dir='ltr'><strong>integrosque</strong></span> <span class='ocrx_word' id='word_1_459' title='bbox 998 5257 1346 5312; x_wconf 84' lang='lat' dir='ltr'><strong>conservent,</strong></span> <span class='ocrx_word' id='word_1_460' title='bbox 1402 5256 1456 5301; x_wconf 89' lang='lat' dir='ltr'><strong>et</strong></span> <span class='ocrx_word' id='word_1_461' title='bbox 1503 5247 1636 5301; x_wconf 88' lang='lat' dir='ltr'><strong>nihil</strong></span> <span class='ocrx_word' id='word_1_462' title='bbox 1687 5244 2021 5315; x_wconf 85' lang='lat' dir='ltr'><strong>possideant,</strong></span> 
     </span>
    </p>
   </div>
   <div class='ocr_carea' id='block_1_73' title="bbox 429 5338 2022 5411">
    <p class='ocr_par' dir='ltr' id='par_1_73' title="bbox 429 5338 2022 5411">
     <span class='ocr_line' id='line_1_73' title="bbox 429 5338 2022 5411; baseline -0.006 -14"><span class='ocrx_word' id='word_1_463' title='bbox 429 5345 834 5411; x_wconf 86' lang='lat' dir='ltr'><strong>clementesque</strong></span> <span class='ocrx_word' id='word_1_464' title='bbox 862 5342 992 5405; x_wconf 88' lang='lat' dir='ltr'><strong>sint,</strong></span> <span class='ocrx_word' id='word_1_465' title='bbox 1029 5347 1190 5409; x_wconf 88' lang='lat' dir='ltr'><strong>atque</strong></span> <span class='ocrx_word' id='word_1_466' title='bbox 1221 5340 1476 5405; x_wconf 84' lang='lat' dir='ltr'><strong>humiles,</strong></span> <span class='ocrx_word' id='word_1_467' title='bbox 1507 5348 1563 5394; x_wconf 89' lang='lat' dir='ltr'><strong>et</strong></span> <span class='ocrx_word' id='word_1_468' title='bbox 1607 5338 1849 5391; x_wconf 83' lang='lat' dir='ltr'><strong>veritatis</strong></span> <span class='ocrx_word' id='word_1_469' title='bbox 1900 5345 2022 5389; x_wconf 88' lang='lat' dir='ltr'><strong>stu-</strong></span> 
     </span>
    </p>
   </div>
   <div class='ocr_carea' id='block_1_74' title="bbox 431 5429 2021 5502">
    <p class='ocr_par' dir='ltr' id='par_1_74' title="bbox 431 5429 2021 5502">
     <span class='ocr_line' id='line_1_74' title="bbox 431 5429 2021 5502; baseline -0.005 -14"><span class='ocrx_word' id='word_1_470' title='bbox 431 5435 594 5498; x_wconf 88' lang='lat' dir='ltr'><strong>diosi,</strong></span> <span class='ocrx_word' id='word_1_471' title='bbox 626 5445 932 5502; x_wconf 69' lang='lat' dir='ltr'><strong>mutu-aeque</strong></span> <span class='ocrx_word' id='word_1_472' title='bbox 959 5432 1364 5486; x_wconf 57' lang='lat' dir='ltr'><strong>benevolentia}.</strong></span> <span class='ocrx_word' id='word_1_473' title='bbox 1395 5431 1586 5485; x_wconf 88' lang='lat' dir='ltr'><strong>Omnia</strong></span> <span class='ocrx_word' id='word_1_474' title='bbox 1619 5429 1856 5496; x_wconf 86' lang='lat' dir='ltr'><strong>denique</strong></span> <span class='ocrx_word' id='word_1_475' title='bbox 1879 5429 2021 5482; x_wconf 90' lang='lat' dir='ltr'><strong>bona</strong></span> 
     </span>
    </p>
   </div>
   <div class='ocr_carea' id='block_1_75' title="bbox 433 5521 2024 5595">
    <p class='ocr_par' dir='ltr' id='par_1_75' title="bbox 433 5521 2024 5595">
     <span class='ocr_line' id='line_1_75' title="bbox 433 5521 2024 5595; baseline -0.001 -19"><span class='ocrx_word' id='word_1_476' title='bbox 433 5526 772 5595; x_wconf 66' lang='lat' dir='ltr'><strong>prmcipiunt,</strong></span> <span class='ocrx_word' id='word_1_477' title='bbox 810 5524 1036 5593; x_wconf 85' lang='lat' dir='ltr'><strong>utilique</strong></span> <span class='ocrx_word' id='word_1_478' title='bbox 1059 5525 1307 5578; x_wconf 90' lang='lat' dir='ltr'><strong>doctrina</strong></span> <span class='ocrx_word' id='word_1_479' title='bbox 1357 5523 1631 5592; x_wconf 86' lang='lat' dir='ltr'><strong>pelliciunt</strong></span> <span class='ocrx_word' id='word_1_480' title='bbox 1657 5521 2024 5590; x_wconf 80' lang='lat' dir='ltr'><strong>paulatimque</strong></span> 
     </span>
    </p>
   </div>
   <div class='ocr_carea' id='block_1_76' title="bbox 433 5615 2020 5685">
    <p class='ocr_par' dir='ltr' id='par_1_76' title="bbox 433 5615 2020 5685">
     <span class='ocr_line' id='line_1_76' title="bbox 433 5615 2020 5685; baseline -0.003 -15"><span class='ocrx_word' id='word_1_481' title='bbox 433 5629 723 5683; x_wconf 82' lang='lat' dir='ltr'><strong>venantur,</strong></span> <span class='ocrx_word' id='word_1_482' title='bbox 760 5629 814 5672; x_wconf 91' lang='lat' dir='ltr'><strong>et</strong></span> <span class='ocrx_word' id='word_1_483' title='bbox 846 5619 912 5673; x_wconf 91' lang='lat' dir='ltr'><strong>ad</strong></span> <span class='ocrx_word' id='word_1_484' title='bbox 945 5618 1223 5672; x_wconf 83' lang='lat' dir='ltr'><strong>interitum</strong></span> <span class='ocrx_word' id='word_1_485' title='bbox 1290 5618 1529 5672; x_wconf 85' lang='lat' dir='ltr'><strong>trahunt.</strong></span> <span class='ocrx_word' id='word_1_486' title='bbox 1563 5615 1846 5685; x_wconf 83' lang='lat' dir='ltr'><strong>Temporis</strong></span> <span class='ocrx_word' id='word_1_487' title='bbox 1877 5616 2020 5668; x_wconf 88' lang='lat' dir='ltr'><strong>enim</strong></span> 
     </span>
    </p>
   </div>
   <div class='ocr_carea' id='block_1_77' title="bbox 437 5708 2024 5781">
    <p class='ocr_par' dir='ltr' id='par_1_77' title="bbox 437 5708 2024 5781">
     <span class='ocr_line' id='line_1_77' title="bbox 437 5708 2024 5781; baseline -0.003 -15"><span class='ocrx_word' id='word_1_488' title='bbox 437 5726 723 5781; x_wconf 73' lang='lat' dir='ltr'><strong>progressu</strong></span> <span class='ocrx_word' id='word_1_489' title='bbox 755 5711 933 5765; x_wconf 89' lang='lat' dir='ltr'><strong>tritico</strong></span> <span class='ocrx_word' id='word_1_490' title='bbox 974 5711 1185 5764; x_wconf 81' lang='lat' dir='ltr'><strong>zizania</strong></span> <span class='ocrx_word' id='word_1_491' title='bbox 1219 5709 1494 5781; x_wconf 81' lang='lat' dir='ltr'><strong>injiciunt,</strong></span> <span class='ocrx_word' id='word_1_492' title='bbox 1540 5718 1736 5764; x_wconf 87' lang='lat' dir='ltr'><strong>etcum</strong></span> <span class='ocrx_word' id='word_1_493' title='bbox 1796 5708 2024 5762; x_wconf 77' lang='lat' dir='ltr'><strong>miseros</strong></span> 
     </span>
    </p>
   </div>
   <div class='ocr_carea' id='block_1_78' title="bbox 437 5800 2025 5873">
    <p class='ocr_par' dir='ltr' id='par_1_78' title="bbox 437 5800 2025 5873">
     <span class='ocr_line' id='line_1_78' title="bbox 437 5800 2025 5873; baseline -0.002 -17"><span class='ocrx_word' id='word_1_494' title='bbox 437 5804 536 5857; x_wconf 85' lang='lat' dir='ltr'><strong>sibi</strong></span> <span class='ocrx_word' id='word_1_495' title='bbox 572 5801 861 5869; x_wconf 42' lang='lat' dir='ltr'><strong>subjectos,</strong></span> <span class='ocrx_word' id='word_1_496' title='bbox 891 5802 1316 5873; x_wconf 87' lang='lat' dir='ltr'><strong>obedientesque</strong></span> <span class='ocrx_word' id='word_1_497' title='bbox 1339 5802 1686 5866; x_wconf 87' lang='lat' dir='ltr'><strong>reddiderint,</strong></span> <span class='ocrx_word' id='word_1_498' title='bbox 1748 5809 1910 5870; x_wconf 89' lang='lat' dir='ltr'><strong>atque</strong></span> <span class='ocrx_word' id='word_1_499' title='bbox 1944 5800 2025 5854; x_wconf 53' lang='lat' dir='ltr'><strong>in.</strong></span> 
     </span>
    </p>
   </div>
   <div class='ocr_carea' id='block_1_79' title="bbox 438 5892 2026 5964">
    <p class='ocr_par' dir='ltr' id='par_1_79' title="bbox 438 5892 2026 5964">
     <span class='ocr_line' id='line_1_79' title="bbox 438 5892 2026 5964; baseline 0.001 -19"><span class='ocrx_word' id='word_1_500' title='bbox 438 5904 516 5946; x_wconf 84' lang='lat' dir='ltr'><strong>tra</strong></span> <span class='ocrx_word' id='word_1_501' title='bbox 551 5893 685 5948; x_wconf 83' lang='lat' dir='ltr'><strong>retia</strong></span> <span class='ocrx_word' id='word_1_502' title='bbox 739 5893 1046 5961; x_wconf 87' lang='lat' dir='ltr'><strong>habuerint,</strong></span> <span class='ocrx_word' id='word_1_503' title='bbox 1087 5904 1217 5950; x_wconf 91' lang='lat' dir='ltr'><strong>tunc</strong></span> <span class='ocrx_word' id='word_1_504' title='bbox 1269 5894 1464 5951; x_wconf 88' lang='lat' dir='ltr'><strong>veneni</strong></span> <span class='ocrx_word' id='word_1_505' title='bbox 1516 5894 1789 5964; x_wconf 90' lang='lat' dir='ltr'><strong>potionem</strong></span> <span class='ocrx_word' id='word_1_506' title='bbox 1846 5892 2026 5962; x_wconf 80' lang='lat' dir='ltr'><strong>prepi-</strong></span> 
     </span>
    </p>
   </div>
   <div class='ocr_carea' id='block_1_80' title="bbox 2188 2417 3728 2492">
    <p class='ocr_par' dir='ltr' id='par_1_80' title="bbox 2188 2417 3728 2492">
     <span class='ocr_line' id='line_1_80' title="bbox 2188 2417 3728 2492; baseline 0.011 -27"><span class='ocrx_word' id='word_1_507' title='bbox 2188 2423 2289 2481; x_wconf 81' lang='grc' dir='ltr'>κγ’.</span> <span class='ocrx_word' id='word_1_508' title='bbox 2329 2417 2592 2484; x_wconf 76' lang='grc' dir='ltr'>Λέγουσιν</span> <span class='ocrx_word' id='word_1_509' title='bbox 2638 2420 2739 2472; x_wconf 88' lang='grc' dir='ltr'><strong>ούκ</strong></span> <span class='ocrx_word' id='word_1_510' title='bbox 2779 2421 2910 2492; x_wconf 80' lang='grc' dir='ltr'>δναρ</span> <span class='ocrx_word' id='word_1_511' title='bbox 2941 2422 3100 2492; x_wconf 80' lang='grc' dir='ltr'>μόνον</span> <span class='ocrx_word' id='word_1_512' title='bbox 3123 2424 3400 2488; x_wconf 72' lang='grc' dir='ltr'>πολλάκις,</span> <span class='ocrx_word' id='word_1_513' title='bbox 3436 2427 3581 2480; x_wconf 70' lang='grc' dir='ltr'>ἀλλὰ</span> <span class='ocrx_word' id='word_1_514' title='bbox 3623 2419 3728 2481; x_wconf 69' lang='grc' dir='ltr'><strong>καὶ</strong></span> 
     </span>
    </p>
   </div>
   <div class='ocr_carea' id='block_1_81' title="bbox 2115 2504 3725 2587">
    <p class='ocr_par' dir='ltr' id='par_1_81' title="bbox 2115 2504 3725 2587">
     <span class='ocr_line' id='line_1_81' title="bbox 2115 2504 3725 2587; baseline 0.009 -31"><span class='ocrx_word' id='word_1_515' title='bbox 2115 2504 2263 2576; x_wconf 74' lang='grc' dir='ltr'>ὕπαρ</span> <span class='ocrx_word' id='word_1_516' title='bbox 2281 2507 2497 2576; x_wconf 77' lang='grc' dir='ltr'>βλέπειν</span> <span class='ocrx_word' id='word_1_517' title='bbox 2517 2510 2606 2563; x_wconf 72' lang='grc' dir='ltr'>τὸν</span> <span class='ocrx_word' id='word_1_518' title='bbox 2621 2512 2840 2582; x_wconf 79' lang='grc' dir='ltr'>Πατέρα</span> <span class='ocrx_word' id='word_1_519' title='bbox 2861 2515 2980 2583; x_wconf 73' lang='grc' dir='ltr'>μὲν,</span> <span class='ocrx_word' id='word_1_520' title='bbox 2995 2515 3066 2577; x_wconf 81' lang='grc' dir='ltr'>ὡς</span> <span class='ocrx_word' id='word_1_521' title='bbox 3085 2516 3145 2582; x_wconf 87' lang='grc' dir='ltr'><strong>γέ</strong></span> <span class='ocrx_word' id='word_1_522' title='bbox 3155 2533 3314 2585; x_wconf 73' lang='lat' dir='ltr'><strong>pom</strong></span> <span class='ocrx_word' id='word_1_523' title='bbox 3332 2519 3725 2587; x_wconf 72' lang='grc' dir='ltr'>βαθυγένειον,</span> 
     </span>
    </p>
   </div>
   <div class='ocr_carea' id='block_1_82' title="bbox 2112 2598 3730 2681">
    <p class='ocr_par' dir='ltr' id='par_1_82' title="bbox 2112 2598 3730 2681">
     <span class='ocr_line' id='line_1_82' title="bbox 2112 2598 3730 2681; baseline 0.01 -32"><span class='ocrx_word' id='word_1_524' title='bbox 2112 2598 2201 2650; x_wconf 81' lang='grc' dir='ltr'><strong>τὸν</strong></span> <span class='ocrx_word' id='word_1_525' title='bbox 2231 2600 2286 2650; x_wconf 82' lang='grc' dir='ltr'><strong>δὲ</strong></span> <span class='ocrx_word' id='word_1_526' title='bbox 2329 2601 2480 2665; x_wconf 73' lang='grc' dir='ltr'>Υἰδν,</span> <span class='ocrx_word' id='word_1_527' title='bbox 2533 2602 2609 2667; x_wconf 84' lang='grc' dir='ltr'>ὡς</span> <span class='ocrx_word' id='word_1_528' title='bbox 2632 2604 2915 2675; x_wconf 77' lang='grc' dir='ltr'>ὑπηνήτην</span> <span class='ocrx_word' id='word_1_529' title='bbox 2947 2607 3133 2677; x_wconf 77' lang='grc' dir='ltr'>ἄνδρα,</span> <span class='ocrx_word' id='word_1_530' title='bbox 3158 2607 3217 2660; x_wconf 83' lang='grc' dir='ltr'>τὺ</span> <span class='ocrx_word' id='word_1_531' title='bbox 3253 2610 3306 2662; x_wconf 85' lang='grc' dir='ltr'>δὲ</span> <span class='ocrx_word' id='word_1_532' title='bbox 3367 2610 3606 2681; x_wconf 77' lang='grc' dir='ltr'>Πνεῦμα</span> <span class='ocrx_word' id='word_1_533' title='bbox 3660 2614 3730 2665; x_wconf 64' lang='grc' dir='ltr'><strong>ιδ</strong></span> 
     </span>
    </p>
   </div>
   <div class='ocr_carea' id='block_1_83' title="bbox 2113 2692 3730 2772">
    <p class='ocr_par' dir='ltr' id='par_1_83' title="bbox 2113 2692 3730 2772">
     <span class='ocr_line' id='line_1_83' title="bbox 2113 2692 3730 2772; baseline 0.007 -28"><span class='ocrx_word' id='word_1_534' title='bbox 2113 2692 2286 2757; x_wconf 80' lang='grc' dir='ltr'>ἅγιον,</span> <span class='ocrx_word' id='word_1_535' title='bbox 2317 2693 2389 2754; x_wconf 87' lang='grc' dir='ltr'>ὼς</span> <span class='ocrx_word' id='word_1_536' title='bbox 2421 2694 2827 2764; x_wconf 84' lang='grc' dir='ltr'>λειοπρόσωπον</span> <span class='ocrx_word' id='word_1_537' title='bbox 2853 2698 3088 2766; x_wconf 87' lang='grc' dir='ltr'>νεανίαν,</span> <span class='ocrx_word' id='word_1_538' title='bbox 3136 2700 3244 2752; x_wconf 82' lang='grc' dir='ltr'>τῶν</span> <span class='ocrx_word' id='word_1_539' title='bbox 3290 2701 3572 2772; x_wconf 73' lang='grc' dir='ltr'>δαιμόνων</span> <span class='ocrx_word' id='word_1_540' title='bbox 3641 2707 3730 2766; x_wconf 83' lang='grc' dir='ltr'>εἰς</span> 
     </span>
    </p>
   </div>
   <div class='ocr_carea' id='block_1_84' title="bbox 2112 2785 3732 2862">
    <p class='ocr_par' dir='ltr' id='par_1_84' title="bbox 2112 2785 3732 2862">
     <span class='ocr_line' id='line_1_84' title="bbox 2112 2785 3732 2862; baseline 0.006 -27"><span class='ocrx_word' id='word_1_541' title='bbox 2112 2785 2179 2836; x_wconf 88' lang='grc' dir='ltr'><strong>τά</strong></span> <span class='ocrx_word' id='word_1_542' title='bbox 2233 2785 2345 2855; x_wconf 75' lang='grc' dir='ltr'>εἴδη</span> <span class='ocrx_word' id='word_1_543' title='bbox 2405 2787 2578 2842; x_wconf 80' lang='grc' dir='ltr'>ταῦτα</span> <span class='ocrx_word' id='word_1_544' title='bbox 2633 2790 2831 2860; x_wconf 77' lang='grc' dir='ltr'>ῥᾳδίως</span> <span class='ocrx_word' id='word_1_545' title='bbox 2889 2794 3568 2862; x_wconf 78' lang='grc' dir='ltr'>μετασχηματιζομένων,</span> <span class='ocrx_word' id='word_1_546' title='bbox 3623 2798 3732 2848; x_wconf 69' lang='grc' dir='ltr'>καὶ</span> 
     </span>
    </p>
   </div>
   <div class='ocr_carea' id='block_1_85' title="bbox 2114 2876 3732 2945">
    <p class='ocr_par' dir='ltr' id='par_1_85' title="bbox 2114 2876 3732 2945">
     <span class='ocr_line' id='line_1_85' title="bbox 2114 2876 3732 2945; baseline 0.009 -18"><span class='ocrx_word' id='word_1_547' title='bbox 2114 2876 2511 2940; x_wconf 74' lang='grc' dir='ltr'>ἐξαπατώντων</span> <span class='ocrx_word' id='word_1_548' title='bbox 2541 2881 2760 2945; x_wconf 76' lang='grc' dir='ltr'>αὐτοὺς,</span> <span class='ocrx_word' id='word_1_549' title='bbox 2795 2885 2891 2934; x_wconf 80' lang='grc' dir='ltr'><strong>καὶ</strong></span> <span class='ocrx_word' id='word_1_550' title='bbox 2921 2883 3278 2938; x_wconf 83' lang='grc' dir='ltr'>διδασκόντων</span> <span class='ocrx_word' id='word_1_551' title='bbox 3326 2887 3516 2939; x_wconf 82' lang='grc' dir='ltr'>ἄνισον</span> <span class='ocrx_word' id='word_1_552' title='bbox 3571 2883 3732 2941; x_wconf 74' lang='grc' dir='ltr'>εἶναι</span> 
     </span>
    </p>
   </div>
   <div class='ocr_carea' id='block_1_86' title="bbox 2113 2966 3733 3049">
    <p class='ocr_par' dir='ltr' id='par_1_86' title="bbox 2113 2966 3733 3049">
     <span class='ocr_line' id='line_1_86' title="bbox 2113 2966 3733 3049; baseline 0.009 -31"><span class='ocrx_word' id='word_1_553' title='bbox 2113 2966 2210 3036; x_wconf 79' lang='grc' dir='ltr'>τὴν</span> <span class='ocrx_word' id='word_1_554' title='bbox 2233 2968 2391 3036; x_wconf 84' lang='grc' dir='ltr'>ἁγίαν</span> <span class='ocrx_word' id='word_1_555' title='bbox 2419 2971 2646 3040; x_wconf 81' lang='grc' dir='ltr'>Τριάδα,</span> <span class='ocrx_word' id='word_1_556' title='bbox 2683 2974 2776 3026; x_wconf 79' lang='grc' dir='ltr'><strong>καὶ</strong></span> <span class='ocrx_word' id='word_1_557' title='bbox 2802 2974 3058 3045; x_wconf 76' lang='grc' dir='ltr'>διάφορον</span> <span class='ocrx_word' id='word_1_558' title='bbox 3089 2979 3227 3031; x_wconf 89' lang='grc' dir='ltr'><strong>κατά</strong></span> <span class='ocrx_word' id='word_1_559' title='bbox 3267 2979 3366 3046; x_wconf 83' lang='grc' dir='ltr'>τὴν</span> <span class='ocrx_word' id='word_1_560' title='bbox 3407 2979 3524 3032; x_wconf 81' lang='grc' dir='ltr'>τῶν</span> <span class='ocrx_word' id='word_1_561' title='bbox 3581 2998 3733 3049; x_wconf 76' lang='grc' dir='ltr'>σχη·</span> 
     </span>
    </p>
   </div>
   <div class='ocr_carea' id='block_1_87' title="bbox 2117 3061 3732 3140">
    <p class='ocr_par' dir='ltr' id='par_1_87' title="bbox 2117 3061 3732 3140">
     <span class='ocr_line' id='line_1_87' title="bbox 2117 3061 3732 3140; baseline 0.009 -29"><span class='ocrx_word' id='word_1_562' title='bbox 2117 3061 2303 3127; x_wconf 80' lang='grc' dir='ltr'>μάτων</span> <span class='ocrx_word' id='word_1_563' title='bbox 2327 3061 2530 3113; x_wconf 87' lang='grc' dir='ltr'>τούτων</span> <span class='ocrx_word' id='word_1_564' title='bbox 2557 3063 2838 3134; x_wconf 77' lang='grc' dir='ltr'>διαφορὰν,</span> <span class='ocrx_word' id='word_1_565' title='bbox 2876 3067 2968 3118; x_wconf 74' lang='grc' dir='ltr'><strong>καὶ</strong></span> <span class='ocrx_word' id='word_1_566' title='bbox 3010 3067 3111 3137; x_wconf 82' lang='grc' dir='ltr'><strong>τὴν</strong></span> <span class='ocrx_word' id='word_1_567' title='bbox 3160 3068 3484 3140; x_wconf 78' lang='grc' dir='ltr'>ἀρε.ανικὴν</span> <span class='ocrx_word' id='word_1_568' title='bbox 3533 3088 3732 3124; x_wconf 70' lang='lat' dir='ltr'><strong>auta-</strong></span> 
     </span>
    </p>
   </div>
   <div class='ocr_carea' id='block_1_88' title="bbox 2114 3151 3730 3232">
    <p class='ocr_par' dir='ltr' id='par_1_88' title="bbox 2114 3151 3730 3232">
     <span class='ocr_line' id='line_1_88' title="bbox 2114 3151 3730 3232; baseline 0.009 -30"><span class='ocrx_word' id='word_1_569' title='bbox 2114 3151 2286 3222; x_wconf 80' lang='grc' dir='ltr'>τομὴν</span> <span class='ocrx_word' id='word_1_570' title='bbox 2343 3153 2442 3223; x_wconf 78' lang='grc' dir='ltr'>τῆς</span> <span class='ocrx_word' id='word_1_571' title='bbox 2511 3157 2640 3222; x_wconf 77' lang='grc' dir='ltr'>μιᾶς</span> <span class='ocrx_word' id='word_1_572' title='bbox 2702 3155 2915 3224; x_wconf 74' lang='grc' dir='ltr'>φύσεως</span> <span class='ocrx_word' id='word_1_573' title='bbox 2964 3158 3167 3222; x_wconf 80' lang='grc' dir='ltr'>τούτοις</span> <span class='ocrx_word' id='word_1_574' title='bbox 3234 3161 3730 3232; x_wconf 73' lang='grc' dir='ltr'>ὲγκατασπειρὸνο</span> 
     </span>
    </p>
   </div>
   <div class='ocr_carea' id='block_1_89' title="bbox 2038 3260 2248 3338">
    <p class='ocr_par' dir='ltr' id='par_1_89' title="bbox 2038 3260 2248 3338">
     <span class='ocr_line' id='line_1_89' title="bbox 2038 3260 2248 3338; baseline 0.024 -46"><span class='ocrx_word' id='word_1_575' title='bbox 2038 3281 2081 3338; x_wconf 77' lang='lat' dir='ltr'><strong><em>C</em></strong></span> <span class='ocrx_word' id='word_1_576' title='bbox 2119 3260 2248 3298; x_wconf 86' lang='grc' dir='ltr'>των.</span> 
     </span>
    </p>
   </div>
   <div class='ocr_carea' id='block_1_90' title="bbox 2191 3353 3732 3430">
    <p class='ocr_par' dir='ltr' id='par_1_90' title="bbox 2191 3353 3732 3430">
     <span class='ocr_line' id='line_1_90' title="bbox 2191 3353 3732 3430; baseline -0.004 -23"><span class='ocrx_word' id='word_1_577' title='bbox 2191 3353 2288 3408; x_wconf 88' lang='grc' dir='ltr'>κδ’.</span> <span class='ocrx_word' id='word_1_578' title='bbox 2305 3356 2642 3418; x_wconf 75' lang='grc' dir='ltr'>Στολίςονται</span> <span class='ocrx_word' id='word_1_579' title='bbox 2660 3360 2797 3410; x_wconf 82' lang='grc' dir='ltr'><strong>κατά</strong></span> <span class='ocrx_word' id='word_1_580' title='bbox 2819 3361 3105 3430; x_wconf 80' lang='grc' dir='ltr'>μοναχοὺς,</span> <span class='ocrx_word' id='word_1_581' title='bbox 3119 3361 3215 3415; x_wconf 78' lang='grc' dir='ltr'>καὶ</span> <span class='ocrx_word' id='word_1_582' title='bbox 3229 3361 3288 3414; x_wconf 66' lang='grc' dir='ltr'>τὸ</span> <span class='ocrx_word' id='word_1_583' title='bbox 3302 3362 3488 3430; x_wconf 69' lang='grc' dir='ltr'>σχῆμα</span> <span class='ocrx_word' id='word_1_584' title='bbox 3503 3364 3732 3416; x_wconf 57' lang='grc' dir='ltr'><strong>τούτων</strong></span> 
     </span>
    </p>
   </div>
   <div class='ocr_carea' id='block_1_91' title="bbox 2117 3445 3736 3522">
    <p class='ocr_par' dir='ltr' id='par_1_91' title="bbox 2117 3445 3736 3522">
     <span class='ocr_line' id='line_1_91' title="bbox 2117 3445 3736 3522; baseline 0.007 -25"><span class='ocrx_word' id='word_1_585' title='bbox 2117 3445 2191 3507; x_wconf 83' lang='grc' dir='ltr'>ὡς</span> <span class='ocrx_word' id='word_1_586' title='bbox 2219 3446 2414 3515; x_wconf 88' lang='grc' dir='ltr'>δέλεαρ</span> <span class='ocrx_word' id='word_1_587' title='bbox 2441 3450 2877 3517; x_wconf 79' lang='grc' dir='ltr'>περιϐάλλονται,</span> <span class='ocrx_word' id='word_1_588' title='bbox 2909 3451 2986 3519; x_wconf 82' lang='grc' dir='ltr'>τῷ</span> <span class='ocrx_word' id='word_1_589' title='bbox 3011 3451 3188 3522; x_wconf 83' lang='grc' dir='ltr'>κωδίῳ</span> <span class='ocrx_word' id='word_1_590' title='bbox 3222 3453 3312 3504; x_wconf 75' lang='grc' dir='ltr'><strong>τὸν</strong></span> <span class='ocrx_word' id='word_1_591' title='bbox 3363 3455 3533 3507; x_wconf 81' lang='grc' dir='ltr'>λύκον</span> <span class='ocrx_word' id='word_1_592' title='bbox 3589 3456 3736 3507; x_wconf 80' lang='grc' dir='ltr'>ὐπο-</span> 
     </span>
    </p>
   </div>
   <div class='ocr_carea' id='block_1_92' title="bbox 2119 3537 3730 3616">
    <p class='ocr_par' dir='ltr' id='par_1_92' title="bbox 2119 3537 3730 3616">
     <span class='ocr_line' id='line_1_92' title="bbox 2119 3537 3730 3616; baseline 0.005 -26"><span class='ocrx_word' id='word_1_593' title='bbox 2119 3537 2475 3607; x_wconf 77' lang='grc' dir='ltr'>κρύπτοντες,</span> <span class='ocrx_word' id='word_1_594' title='bbox 2511 3540 2584 3603; x_wconf 83' lang='grc' dir='ltr'>ὡς</span> <span class='ocrx_word' id='word_1_595' title='bbox 2610 3541 2677 3594; x_wconf 81' lang='grc' dir='ltr'>ἂν</span> <span class='ocrx_word' id='word_1_596' title='bbox 2708 3540 2950 3604; x_wconf 81' lang='grc' dir='ltr'>εὐλαϐῶς</span> <span class='ocrx_word' id='word_1_597' title='bbox 2976 3541 3064 3594; x_wconf 76' lang='grc' dir='ltr'>διὰ</span> <span class='ocrx_word' id='word_1_598' title='bbox 3090 3542 3148 3594; x_wconf 80' lang='grc' dir='ltr'><strong>τὸ</strong></span> <span class='ocrx_word' id='word_1_599' title='bbox 3174 3545 3360 3614; x_wconf 65' lang='grc' dir='ltr'>σχῆμα</span> <span class='ocrx_word' id='word_1_600' title='bbox 3390 3547 3697 3616; x_wconf 57' lang='grc' dir='ltr'>τταραῖεέό</span> <span class='ocrx_word' id='word_1_601' title='bbox 3717 3578 3730 3586; x_wconf 86' lang='lat'><strong>-</strong></span> 
     </span>
    </p>
   </div>
   <div class='ocr_carea' id='block_1_93' title="bbox 2121 3632 3735 3703">
    <p class='ocr_par' dir='ltr' id='par_1_93' title="bbox 2121 3632 3735 3703">
     <span class='ocr_line' id='line_1_93' title="bbox 2121 3632 3735 3703; baseline 0.005 -21"><span class='ocrx_word' id='word_1_602' title='bbox 2121 3648 2292 3698; x_wconf 86' lang='grc' dir='ltr'>μενοι,</span> <span class='ocrx_word' id='word_1_603' title='bbox 2318 3632 2414 3684; x_wconf 76' lang='grc' dir='ltr'><strong>καὶ</strong></span> <span class='ocrx_word' id='word_1_604' title='bbox 2446 3633 2630 3701; x_wconf 81' lang='grc' dir='ltr'>χώραν</span> <span class='ocrx_word' id='word_1_605' title='bbox 2666 3633 2880 3702; x_wconf 81' lang='grc' dir='ltr'>ὁμιλίας</span> <span class='ocrx_word' id='word_1_606' title='bbox 2937 3633 3324 3703; x_wconf 70' lang='grc' dir='ltr'>λαμϐάνοντες,</span> <span class='ocrx_word' id='word_1_607' title='bbox 3379 3639 3735 3701; x_wconf 58' lang='grc' dir='ltr'>ἀνυπόπτως</span> 
     </span>
    </p>
   </div>
   <div class='ocr_carea' id='block_1_94' title="bbox 2117 3722 3511 3794">
    <p class='ocr_par' dir='ltr' id='par_1_94' title="bbox 2117 3722 3511 3794">
     <span class='ocr_line' id='line_1_94' title="bbox 2117 3722 3511 3794; baseline 0.004 -20"><span class='ocrx_word' id='word_1_608' title='bbox 2117 3722 2202 3774; x_wconf 73' lang='grc' dir='ltr'>διὰ</span> <span class='ocrx_word' id='word_1_609' title='bbox 2255 3727 2350 3792; x_wconf 78' lang='grc' dir='ltr'><strong>τῆς</strong></span> <span class='ocrx_word' id='word_1_610' title='bbox 2405 3725 2797 3794; x_wconf 76' lang='grc' dir='ltr'>χρηστολογίας</span> <span class='ocrx_word' id='word_1_611' title='bbox 2843 3725 3226 3780; x_wconf 83' lang='grc' dir='ltr'>ἐναποπτύωσι</span> <span class='ocrx_word' id='word_1_612' title='bbox 3277 3729 3368 3780; x_wconf 81' lang='grc' dir='ltr'><strong>τὸν</strong></span> <span class='ocrx_word' id='word_1_613' title='bbox 3431 3729 3511 3781; x_wconf 79' lang='grc' dir='ltr'>ἱὸν</span> 
     </span>
    </p>
   </div>
   <div class='ocr_carea' id='block_1_95' title="bbox 2119 3817 2894 3889">
    <p class='ocr_par' dir='ltr' id='par_1_95' title="bbox 2119 3817 2894 3889">
     <span class='ocr_line' id='line_1_95' title="bbox 2119 3817 2894 3889; baseline 0.009 -22"><span class='ocrx_word' id='word_1_614' title='bbox 2119 3817 2311 3879; x_wconf 84' lang='grc' dir='ltr'>ἀκοαῖς</span> <span class='ocrx_word' id='word_1_615' title='bbox 2338 3817 2448 3871; x_wconf 84' lang='grc' dir='ltr'><strong>τῶν</strong></span> <span class='ocrx_word' id='word_1_616' title='bbox 2505 3821 2894 3889; x_wconf 80' lang='grc' dir='ltr'>ἀκροωμένων.</span> 
     </span>
    </p>
   </div>
   <div class='ocr_carea' id='block_1_96' title="bbox 3601 3735 3733 3794">
    <p class='ocr_par' dir='ltr' id='par_1_96' title="bbox 3601 3735 3733 3794">
     <span class='ocr_line' id='line_1_96' title="bbox 3601 3735 3733 3794; baseline -0.008 -11"><span class='ocrx_word' id='word_1_617' title='bbox 3601 3735 3733 3794; x_wconf 79' lang='grc' dir='ltr'>ταῖς</span> 
     </span>
    </p>
   </div>
   <div class='ocr_carea' id='block_1_97' title="bbox 2189 3929 3734 4004">
    <p class='ocr_par' dir='ltr' id='par_1_97' title="bbox 2189 3929 3734 4004">
     <span class='ocr_line' id='line_1_97' title="bbox 2189 3929 3734 4004; baseline 0.004 -22"><span class='ocrx_word' id='word_1_618' title='bbox 2189 3934 2289 3982; x_wconf 79' lang='grc' dir='ltr'>κε’.</span> <span class='ocrx_word' id='word_1_619' title='bbox 2331 3929 2518 4000; x_wconf 87' lang='grc' dir='ltr'>Πάσης</span> <span class='ocrx_word' id='word_1_620' title='bbox 2546 3930 2840 4000; x_wconf 74' lang='grc' dir='ltr'>ἑϐδομάδος</span> <span class='ocrx_word' id='word_1_621' title='bbox 2867 3932 3150 4004; x_wconf 82' lang='grc' dir='ltr'>δευτέραν,</span> <span class='ocrx_word' id='word_1_622' title='bbox 3195 3934 3290 3987; x_wconf 75' lang='grc' dir='ltr'>καὶ</span> <span class='ocrx_word' id='word_1_623' title='bbox 3335 3935 3606 4004; x_wconf 76' lang='grc' dir='ltr'>τετράδα,</span> <span class='ocrx_word' id='word_1_624' title='bbox 3633 3940 3734 3990; x_wconf 72' lang='grc' dir='ltr'>καὶ</span> 
     </span>
    </p>
   </div>
   <div class='ocr_carea' id='block_1_98' title="bbox 2120 4023 3735 4096">
    <p class='ocr_par' dir='ltr' id='par_1_98' title="bbox 2120 4023 3735 4096">
     <span class='ocr_line' id='line_1_98' title="bbox 2120 4023 3735 4096; baseline 0.005 -22"><span class='ocrx_word' id='word_1_625' title='bbox 2120 4023 2473 4094; x_wconf 84' lang='grc' dir='ltr'>παρασκευὴν</span> <span class='ocrx_word' id='word_1_626' title='bbox 2519 4023 2961 4093; x_wconf 80' lang='grc' dir='ltr'>παραγγέλλουσι</span> <span class='ocrx_word' id='word_1_627' title='bbox 2982 4027 3264 4096; x_wconf 72' lang='grc' dir='ltr'>νηστεύειν</span> <span class='ocrx_word' id='word_1_628' title='bbox 3297 4028 3407 4090; x_wconf 75' lang='grc' dir='ltr'>ἓως</span> <span class='ocrx_word' id='word_1_629' title='bbox 3446 4028 3611 4096; x_wconf 82' lang='grc' dir='ltr'>ὧρας</span> <span class='ocrx_word' id='word_1_630' title='bbox 3641 4032 3735 4082; x_wconf 78' lang='grc' dir='ltr'><strong>ἐν·</strong></span> 
     </span>
    </p>
   </div>
   <div class='ocr_carea' id='block_1_99' title="bbox 2118 4113 3734 4189">
    <p class='ocr_par' dir='ltr' id='par_1_99' title="bbox 2118 4113 3734 4189">
     <span class='ocr_line' id='line_1_99' title="bbox 2118 4113 3734 4189; baseline 0.002 -21"><span class='ocrx_word' id='word_1_631' title='bbox 2118 4115 2306 4182; x_wconf 84' lang='grc' dir='ltr'>νάτης.</span> <span class='ocrx_word' id='word_1_632' title='bbox 2347 4113 2411 4168; x_wconf 88' lang='grc' dir='ltr'>Εί</span> <span class='ocrx_word' id='word_1_633' title='bbox 2440 4115 2494 4167; x_wconf 86' lang='grc' dir='ltr'><strong>δέ</strong></span> <span class='ocrx_word' id='word_1_634' title='bbox 2526 4132 2609 4178; x_wconf 85' lang='grc' dir='ltr'><strong>τις</strong></span> <span class='ocrx_word' id='word_1_635' title='bbox 2665 4116 2864 4179; x_wconf 78' lang='grc' dir='ltr'>αὐτοὺς</span> <span class='ocrx_word' id='word_1_636' title='bbox 2925 4117 3020 4171; x_wconf 75' lang='grc' dir='ltr'><strong>ἐπὶ</strong></span> <span class='ocrx_word' id='word_1_637' title='bbox 3070 4120 3346 4189; x_wconf 79' lang='grc' dir='ltr'>τράπεζαν</span> <span class='ocrx_word' id='word_1_638' title='bbox 3399 4121 3734 4182; x_wconf 74' lang='grc' dir='ltr'>καλέσειεν,</span> 
     </span>
    </p>
   </div>
   <div class='ocr_carea' id='block_1_100' title="bbox 2119 4206 3738 4281">
    <p class='ocr_par' dir='ltr' id='par_1_100' title="bbox 2119 4206 3738 4281">
     <span class='ocr_line' id='line_1_100' title="bbox 2119 4206 3738 4281; baseline 0.004 -23"><span class='ocrx_word' id='word_1_639' title='bbox 2119 4206 2279 4269; x_wconf 77' lang='grc' dir='ltr'>εὐθὺς</span> <span class='ocrx_word' id='word_1_640' title='bbox 2303 4206 2654 4278; x_wconf 78' lang='grc' dir='ltr'>ἐκλαθόμενοι</span> <span class='ocrx_word' id='word_1_641' title='bbox 2699 4212 2800 4280; x_wconf 84' lang='grc' dir='ltr'>τῆς</span> <span class='ocrx_word' id='word_1_642' title='bbox 2857 4211 3230 4281; x_wconf 74' lang='grc' dir='ltr'>παραγγελίας</span> <span class='ocrx_word' id='word_1_643' title='bbox 3285 4213 3561 4274; x_wconf 75' lang='grc' dir='ltr'>ἐσθίουσι,</span> <span class='ocrx_word' id='word_1_644' title='bbox 3633 4219 3738 4267; x_wconf 69' lang='grc' dir='ltr'><strong>καὶ</strong></span> 
     </span>
    </p>
   </div>
   <div class='ocr_carea' id='block_1_101' title="bbox 2118 4299 3736 4374">
    <p class='ocr_par' dir='ltr' id='par_1_101' title="bbox 2118 4299 3736 4374">
     <span class='ocr_line' id='line_1_101' title="bbox 2118 4299 3736 4374; baseline 0.006 -23"><span class='ocrx_word' id='word_1_645' title='bbox 2118 4299 2384 4364; x_wconf 76' lang='grc' dir='ltr'>πίνουσιν,</span> <span class='ocrx_word' id='word_1_646' title='bbox 2421 4300 2496 4363; x_wconf 82' lang='grc' dir='ltr'><strong>ὡς</strong></span> <span class='ocrx_word' id='word_1_647' title='bbox 2521 4301 2834 4372; x_wconf 76' lang='grc' dir='ltr'>ἐλέφαντες.</span> <span class='ocrx_word' id='word_1_648' title='bbox 2878 4304 2975 4356; x_wconf 87' lang='grc' dir='ltr'>Ἐκ</span> <span class='ocrx_word' id='word_1_649' title='bbox 3000 4305 3188 4356; x_wconf 86' lang='grc' dir='ltr'>τούτου</span> <span class='ocrx_word' id='word_1_650' title='bbox 3213 4303 3265 4356; x_wconf 84' lang='grc' dir='ltr'>δὲ</span> <span class='ocrx_word' id='word_1_651' title='bbox 3299 4306 3615 4374; x_wconf 81' lang='grc' dir='ltr'>πρόδηλον,</span> <span class='ocrx_word' id='word_1_652' title='bbox 3647 4309 3736 4360; x_wconf 78' lang='grc' dir='ltr'><strong>ὅτι</strong></span> 
     </span>
    </p>
   </div>
   <div class='ocr_carea' id='block_1_102' title="bbox 2118 4389 3738 4465">
    <p class='ocr_par' dir='ltr' id='par_1_102' title="bbox 2118 4389 3738 4465">
     <span class='ocr_line' id='line_1_102' title="bbox 2118 4389 3738 4465; baseline 0.005 -24"><span class='ocrx_word' id='word_1_653' title='bbox 2118 4389 2551 4458; x_wconf 76' lang='grc' dir='ltr'>ἀσελγαίνουσιν,</span> <span class='ocrx_word' id='word_1_654' title='bbox 2592 4394 2640 4445; x_wconf 84' lang='grc' dir='ltr'><strong>εί</strong></span> <span class='ocrx_word' id='word_1_655' title='bbox 2670 4395 2762 4448; x_wconf 76' lang='grc' dir='ltr'>καὶ</span> <span class='ocrx_word' id='word_1_656' title='bbox 2793 4395 3050 4463; x_wconf 75' lang='grc' dir='ltr'>πορνείαν</span> <span class='ocrx_word' id='word_1_657' title='bbox 3101 4395 3190 4446; x_wconf 78' lang='grc' dir='ltr'>καὶ</span> <span class='ocrx_word' id='word_1_658' title='bbox 3235 4395 3332 4460; x_wconf 72' lang='grc' dir='ltr'><strong>τὴν</strong></span> <span class='ocrx_word' id='word_1_659' title='bbox 3360 4394 3542 4465; x_wconf 80' lang='grc' dir='ltr'>ἄλλην</span> <span class='ocrx_word' id='word_1_660' title='bbox 3579 4399 3738 4449; x_wconf 73' lang='grc' dir='ltr'>ἀκα-</span> 
     </span>
    </p>
   </div>
   <div class='ocr_carea' id='block_1_103' title="bbox 2121 4481 3739 4553">
    <p class='ocr_par' dir='ltr' id='par_1_103' title="bbox 2121 4481 3739 4553">
     <span class='ocr_line' id='line_1_103' title="bbox 2121 4481 3739 4553; baseline 0.002 -18"><span class='ocrx_word' id='word_1_661' title='bbox 2121 4481 2348 4551; x_wconf 87' lang='grc' dir='ltr'>θαρσίαν</span> <span class='ocrx_word' id='word_1_662' title='bbox 2414 4483 2558 4550; x_wconf 83' lang='grc' dir='ltr'>λόγῳ</span> <span class='ocrx_word' id='word_1_663' title='bbox 2613 4483 2954 4546; x_wconf 79' lang='grc' dir='ltr'>κολάζουσιν,</span> <span class='ocrx_word' id='word_1_664' title='bbox 3005 4482 3080 4546; x_wconf 82' lang='grc' dir='ltr'>ὡς</span> <span class='ocrx_word' id='word_1_665' title='bbox 3133 4482 3365 4553; x_wconf 81' lang='grc' dir='ltr'>ἀσαρκοι</span> <span class='ocrx_word' id='word_1_666' title='bbox 3411 4485 3513 4538; x_wconf 76' lang='grc' dir='ltr'>καὶ</span> <span class='ocrx_word' id='word_1_667' title='bbox 3571 4487 3739 4538; x_wconf 73' lang='grc' dir='ltr'>ἀσώ-</span> 
     </span>
    </p>
   </div>
   <div class='ocr_carea' id='block_1_104' title="bbox 2049 4593 2303 4684">
    <p class='ocr_par' dir='ltr' id='par_1_104' title="bbox 2049 4593 2303 4684">
     <span class='ocr_line' id='line_1_104' title="bbox 2049 4593 2303 4684; baseline 0 -53"><span class='ocrx_word' id='word_1_668' title='bbox 2049 4626 2099 4684; x_wconf 74' lang='lat' dir='ltr'><strong>D</strong></span> <span class='ocrx_word' id='word_1_669' title='bbox 2128 4593 2303 4648; x_wconf 83' lang='grc' dir='ltr'>ματοι.</span> 
     </span>
    </p>
   </div>
   <div class='ocr_carea' id='block_1_105' title="bbox 2197 4687 3741 4758">
    <p class='ocr_par' dir='ltr' id='par_1_105' title="bbox 2197 4687 3741 4758">
     <span class='ocr_line' id='line_1_105' title="bbox 2197 4687 3741 4758; baseline 0.003 -17"><span class='ocrx_word' id='word_1_670' title='bbox 2197 4696 2309 4752; x_wconf 83' lang='grc' dir='ltr'>κς’.</span> <span class='ocrx_word' id='word_1_671' title='bbox 2355 4687 2444 4738; x_wconf 87' lang='grc' dir='ltr'>Ἑν</span> <span class='ocrx_word' id='word_1_672' title='bbox 2459 4688 2596 4758; x_wconf 81' lang='grc' dir='ltr'>ἀρχῇ</span> <span class='ocrx_word' id='word_1_673' title='bbox 2622 4687 2718 4756; x_wconf 80' lang='grc' dir='ltr'>μὲν</span> <span class='ocrx_word' id='word_1_674' title='bbox 2751 4688 2875 4750; x_wconf 74' lang='grc' dir='ltr'>τοὺς</span> <span class='ocrx_word' id='word_1_675' title='bbox 2894 4689 3292 4758; x_wconf 74' lang='grc' dir='ltr'>εἰσαγωγικοὺς</span> <span class='ocrx_word' id='word_1_676' title='bbox 3328 4687 3522 4749; x_wconf 73' lang='grc' dir='ltr'>ἁπλῶς</span> <span class='ocrx_word' id='word_1_677' title='bbox 3549 4691 3741 4745; x_wconf 72' lang='grc' dir='ltr'>διδάσ-</span> 
     </span>
    </p>
   </div>
   <div class='ocr_carea' id='block_1_106' title="bbox 2129 4779 3741 4848">
    <p class='ocr_par' dir='ltr' id='par_1_106' title="bbox 2129 4779 3741 4848">
     <span class='ocr_line' id='line_1_106' title="bbox 2129 4779 3741 4848; baseline -0.001 -14"><span class='ocrx_word' id='word_1_678' title='bbox 2129 4797 2282 4834; x_wconf 86' lang='grc' dir='ltr'>κουσι</span> <span class='ocrx_word' id='word_1_679' title='bbox 2308 4779 2764 4848; x_wconf 54' lang='grc' dir='ltr'>παρεγγυώμεννοι</span> <span class='ocrx_word' id='word_1_680' title='bbox 2790 4779 3068 4831; x_wconf 85' lang='grc' dir='ltr'>πιστεύειν</span> <span class='ocrx_word' id='word_1_681' title='bbox 3090 4781 3170 4842; x_wconf 81' lang='grc' dir='ltr'>εἰς</span> <span class='ocrx_word' id='word_1_682' title='bbox 3189 4779 3431 4847; x_wconf 80' lang='grc' dir='ltr'>Πατέρα,</span> <span class='ocrx_word' id='word_1_683' title='bbox 3460 4783 3560 4835; x_wconf 63' lang='grc' dir='ltr'><strong>καὶ</strong></span> <span class='ocrx_word' id='word_1_684' title='bbox 3574 4783 3741 4844; x_wconf 72' lang='grc' dir='ltr'>Υἱίν,</span> 
     </span>
    </p>
   </div>
   <div class='ocr_carea' id='block_1_107' title="bbox 2124 4871 3742 4946">
    <p class='ocr_par' dir='ltr' id='par_1_107' title="bbox 2124 4871 3742 4946">
     <span class='ocr_line' id='line_1_107' title="bbox 2124 4871 3742 4946; baseline 0.002 -22"><span class='ocrx_word' id='word_1_685' title='bbox 2124 4873 2219 4924; x_wconf 80' lang='grc' dir='ltr'>καὶ</span> <span class='ocrx_word' id='word_1_686' title='bbox 2245 4875 2406 4941; x_wconf 75' lang='grc' dir='ltr'>ἅγιον</span> <span class='ocrx_word' id='word_1_687' title='bbox 2435 4871 2680 4942; x_wconf 81' lang='grc' dir='ltr'>Πνεῦμα,</span> <span class='ocrx_word' id='word_1_688' title='bbox 2710 4873 2802 4924; x_wconf 71' lang='grc' dir='ltr'>καὶ</span> <span class='ocrx_word' id='word_1_689' title='bbox 2825 4871 3111 4938; x_wconf 80' lang='grc' dir='ltr'>γινώσκειν</span> <span class='ocrx_word' id='word_1_690' title='bbox 3128 4873 3217 4924; x_wconf 74' lang='grc' dir='ltr'><strong>τὸν</strong></span> <span class='ocrx_word' id='word_1_691' title='bbox 3248 4874 3485 4941; x_wconf 74' lang='grc' dir='ltr'>Χριστὸν</span> <span class='ocrx_word' id='word_1_692' title='bbox 3517 4891 3742 4946; x_wconf 74' lang='grc' dir='ltr'>σεσαρ-</span> 
     </span>
    </p>
   </div>
   <div class='ocr_carea' id='block_1_108' title="bbox 2122 4963 3746 5036">
    <p class='ocr_par' dir='ltr' id='par_1_108' title="bbox 2122 4963 3746 5036">
     <span class='ocr_line' id='line_1_108' title="bbox 2122 4963 3746 5036; baseline 0.002 -20"><span class='ocrx_word' id='word_1_693' title='bbox 2122 4963 2351 5028; x_wconf 82' lang='grc' dir='ltr'>κῶσθαι,</span> <span class='ocrx_word' id='word_1_694' title='bbox 2385 4965 2479 5016; x_wconf 75' lang='grc' dir='ltr'>καὶ</span> <span class='ocrx_word' id='word_1_695' title='bbox 2504 4963 2686 5015; x_wconf 80' lang='grc' dir='ltr'>δοῦναι</span> <span class='ocrx_word' id='word_1_696' title='bbox 2713 4967 2822 5026; x_wconf 74' lang='grc' dir='ltr'>τοῖς</span> <span class='ocrx_word' id='word_1_697' title='bbox 2855 4964 3029 5031; x_wconf 80' lang='grc' dir='ltr'>ἁγίοις</span> <span class='ocrx_word' id='word_1_698' title='bbox 3071 4966 3395 5028; x_wconf 68' lang='grc' dir='ltr'>ἀποστόλοις</span> <span class='ocrx_word' id='word_1_699' title='bbox 3451 4967 3513 5018; x_wconf 79' lang='grc' dir='ltr'>τὸ</span> <span class='ocrx_word' id='word_1_700' title='bbox 3581 4971 3746 5036; x_wconf 63' lang='grc' dir='ltr'>ἱερὸν</span> 
     </span>
    </p>
   </div>
   <div class='ocr_carea' id='block_1_109' title="bbox 2124 5059 3752 5133">
    <p class='ocr_par' dir='ltr' id='par_1_109' title="bbox 2124 5059 3752 5133">
     <span class='ocr_line' id='line_1_109' title="bbox 2124 5059 3752 5133; baseline 0.003 -21"><span class='ocrx_word' id='word_1_701' title='bbox 2124 5059 2477 5126; x_wconf 83' lang='grc' dir='ltr'>Εὑαγγέλιον,</span> <span class='ocrx_word' id='word_1_702' title='bbox 2518 5063 2611 5110; x_wconf 74' lang='grc' dir='ltr'><strong>καὶ</strong></span> <span class='ocrx_word' id='word_1_703' title='bbox 2639 5060 3016 5130; x_wconf 83' lang='grc' dir='ltr'>ὑποτιθέμενοι</span> <span class='ocrx_word' id='word_1_704' title='bbox 3049 5065 3236 5132; x_wconf 84' lang='grc' dir='ltr'>τηρεῖν</span> <span class='ocrx_word' id='word_1_705' title='bbox 3271 5065 3369 5124; x_wconf 74' lang='grc' dir='ltr'>τὰς</span> <span class='ocrx_word' id='word_1_706' title='bbox 3429 5065 3752 5133; x_wconf 66' lang='grc' dir='ltr'>εὐαγγελι-</span> 
     </span>
    </p>
   </div>
   <div class='ocr_carea' id='block_1_110' title="bbox 2123 5153 3752 5224">
    <p class='ocr_par' dir='ltr' id='par_1_110' title="bbox 2123 5153 3752 5224">
     <span class='ocr_line' id='line_1_110' title="bbox 2123 5153 3752 5224; baseline 0.003 -20"><span class='ocrx_word' id='word_1_707' title='bbox 2123 5154 2222 5215; x_wconf 81' lang='grc' dir='ltr'><strong>κάς</strong></span> <span class='ocrx_word' id='word_1_708' title='bbox 2247 5153 2490 5216; x_wconf 79' lang='grc' dir='ltr'>ἐντολὰς,</span> <span class='ocrx_word' id='word_1_709' title='bbox 2533 5153 2627 5205; x_wconf 72' lang='grc' dir='ltr'>καὶ</span> <span class='ocrx_word' id='word_1_710' title='bbox 2658 5153 3074 5223; x_wconf 83' lang='grc' dir='ltr'>προσεύχεσθαι,</span> <span class='ocrx_word' id='word_1_711' title='bbox 3117 5157 3211 5208; x_wconf 71' lang='grc' dir='ltr'><strong>καὶ</strong></span> <span class='ocrx_word' id='word_1_712' title='bbox 3260 5157 3579 5224; x_wconf 82' lang='grc' dir='ltr'>νηστεύειν,</span> <span class='ocrx_word' id='word_1_713' title='bbox 3635 5162 3752 5212; x_wconf 68' lang='grc' dir='ltr'>καὶ</span> 
     </span>
    </p>
   </div>
   <div class='ocr_carea' id='block_1_111' title="bbox 2124 5245 3748 5319">
    <p class='ocr_par' dir='ltr' id='par_1_111' title="bbox 2124 5245 3748 5319">
     <span class='ocr_line' id='line_1_111' title="bbox 2124 5245 3748 5319; baseline 0.001 -20"><span class='ocrx_word' id='word_1_714' title='bbox 2124 5246 2375 5314; x_wconf 84' lang='grc' dir='ltr'>ἁγνεύειν</span> <span class='ocrx_word' id='word_1_715' title='bbox 2428 5247 2607 5316; x_wconf 74' lang='grc' dir='ltr'>πάσης</span> <span class='ocrx_word' id='word_1_716' title='bbox 2671 5245 3036 5315; x_wconf 82' lang='grc' dir='ltr'>ἀκαθαρσίας,</span> <span class='ocrx_word' id='word_1_717' title='bbox 3093 5249 3189 5300; x_wconf 71' lang='grc' dir='ltr'><strong>καὶ</strong></span> <span class='ocrx_word' id='word_1_718' title='bbox 3229 5250 3600 5319; x_wconf 79' lang='grc' dir='ltr'>ἀκτημονείν,</span> <span class='ocrx_word' id='word_1_719' title='bbox 3640 5255 3748 5303; x_wconf 60' lang='grc' dir='ltr'><strong>καί</strong></span> 
     </span>
    </p>
   </div>
   <div class='ocr_carea' id='block_1_112' title="bbox 2127 5339 3754 5412">
    <p class='ocr_par' dir='ltr' id='par_1_112' title="bbox 2127 5339 3754 5412">
     <span class='ocr_line' id='line_1_112' title="bbox 2127 5339 3754 5412; baseline 0.002 -21"><span class='ocrx_word' id='word_1_720' title='bbox 2127 5339 2492 5404; x_wconf 80' lang='grc' dir='ltr'>ἀνεξικακεῖν,</span> <span class='ocrx_word' id='word_1_721' title='bbox 2518 5339 2612 5390; x_wconf 75' lang='grc' dir='ltr'><strong>καὶ</strong></span> <span class='ocrx_word' id='word_1_722' title='bbox 2633 5341 3109 5408; x_wconf 78' lang='grc' dir='ltr'>ταπεινοφρονεῖν,</span> <span class='ocrx_word' id='word_1_723' title='bbox 3144 5341 3240 5394; x_wconf 72' lang='grc' dir='ltr'><strong>καὶ</strong></span> <span class='ocrx_word' id='word_1_724' title='bbox 3277 5341 3600 5412; x_wconf 77' lang='grc' dir='ltr'>ἀληθεύειν,</span> <span class='ocrx_word' id='word_1_725' title='bbox 3647 5349 3754 5396; x_wconf 75' lang='grc' dir='ltr'>καὶ</span> 
     </span>
    </p>
   </div>
   <div class='ocr_carea' id='block_1_113' title="bbox 2125 5432 3755 5508">
    <p class='ocr_par' dir='ltr' id='par_1_113' title="bbox 2125 5432 3755 5508">
     <span class='ocr_line' id='line_1_113' title="bbox 2125 5432 3755 5508; baseline 0.004 -24"><span class='ocrx_word' id='word_1_726' title='bbox 2125 5433 2344 5502; x_wconf 83' lang='grc' dir='ltr'>ἀγαπᾷν</span> <span class='ocrx_word' id='word_1_727' title='bbox 2375 5432 2656 5502; x_wconf 85' lang='grc' dir='ltr'>ἀλλήλους,</span> <span class='ocrx_word' id='word_1_728' title='bbox 2681 5434 2776 5487; x_wconf 70' lang='grc' dir='ltr'>καὶ</span> <span class='ocrx_word' id='word_1_729' title='bbox 2797 5433 2983 5498; x_wconf 82' lang='grc' dir='ltr'>ἁπλῶς</span> <span class='ocrx_word' id='word_1_730' title='bbox 3001 5435 3213 5504; x_wconf 86' lang='grc' dir='ltr'>χρηστά</span> <span class='ocrx_word' id='word_1_731' title='bbox 3241 5435 3422 5489; x_wconf 71' lang='grc' dir='ltr'>πάντα</span> <span class='ocrx_word' id='word_1_732' title='bbox 3445 5437 3755 5508; x_wconf 51' lang='lat' dir='ltr'><strong>raw-.105-</strong></span> 
     </span>
    </p>
   </div>
   <div class='ocr_carea' id='block_1_114' title="bbox 2126 5522 3756 5595">
    <p class='ocr_par' dir='ltr' id='par_1_114' title="bbox 2126 5522 3756 5595">
     <span class='ocr_line' id='line_1_114' title="bbox 2126 5522 3756 5595; baseline 0.003 -20"><span class='ocrx_word' id='word_1_733' title='bbox 2126 5541 2198 5584; x_wconf 91' lang='grc' dir='ltr'><strong>σι,</strong></span> <span class='ocrx_word' id='word_1_734' title='bbox 2229 5522 2498 5584; x_wconf 81' lang='grc' dir='ltr'>σαίνοντες</span> <span class='ocrx_word' id='word_1_735' title='bbox 2523 5523 2622 5593; x_wconf 79' lang='grc' dir='ltr'>μὲν</span> <span class='ocrx_word' id='word_1_736' title='bbox 2643 5526 2708 5594; x_wconf 76' lang='grc' dir='ltr'>τῇ</span> <span class='ocrx_word' id='word_1_737' title='bbox 2740 5524 2994 5594; x_wconf 85' lang='grc' dir='ltr'>χρησίμῳ</span> <span class='ocrx_word' id='word_1_738' title='bbox 3017 5523 3354 5595; x_wconf 73' lang='grc' dir='ltr'>διδασκαλίᾳ,</span> <span class='ocrx_word' id='word_1_739' title='bbox 3389 5524 3756 5594; x_wconf 70' lang='grc' dir='ltr'>θηρεύοντες</span> 
     </span>
    </p>
   </div>
   <div class='ocr_carea' id='block_1_115' title="bbox 2123 5615 3754 5686">
    <p class='ocr_par' dir='ltr' id='par_1_115' title="bbox 2123 5615 3754 5686">
     <span class='ocr_line' id='line_1_115' title="bbox 2123 5615 3754 5686; baseline 0.002 -18"><span class='ocrx_word' id='word_1_740' title='bbox 2123 5615 2179 5668; x_wconf 81' lang='grc' dir='ltr'>δὲ</span> <span class='ocrx_word' id='word_1_741' title='bbox 2200 5615 2340 5668; x_wconf 85' lang='grc' dir='ltr'><strong>κατά</strong></span> <span class='ocrx_word' id='word_1_742' title='bbox 2361 5615 2575 5686; x_wconf 79' lang='grc' dir='ltr'>μικρὸν,</span> <span class='ocrx_word' id='word_1_743' title='bbox 2609 5618 2700 5668; x_wconf 71' lang='grc' dir='ltr'><strong>καὶ</strong></span> <span class='ocrx_word' id='word_1_744' title='bbox 2729 5615 3030 5684; x_wconf 83' lang='grc' dir='ltr'>λεληθότως</span> <span class='ocrx_word' id='word_1_745' title='bbox 3057 5616 3283 5682; x_wconf 82' lang='grc' dir='ltr'>ἄγοντες</span> <span class='ocrx_word' id='word_1_746' title='bbox 3311 5618 3393 5679; x_wconf 84' lang='grc' dir='ltr'><strong>είς</strong></span> <span class='ocrx_word' id='word_1_747' title='bbox 3417 5617 3754 5673; x_wconf 67' lang='grc' dir='ltr'>ἀπώλειαν.</span> 
     </span>
    </p>
   </div>
   <div class='ocr_carea' id='block_1_116' title="bbox 2128 5708 3751 5779">
    <p class='ocr_par' dir='ltr' id='par_1_116' title="bbox 2128 5708 3751 5779">
     <span class='ocr_line' id='line_1_116' title="bbox 2128 5708 3751 5779; baseline 0 -21"><span class='ocrx_word' id='word_1_748' title='bbox 2128 5708 2333 5778; x_wconf 78' lang='grc' dir='ltr'>Καιροῦ</span> <span class='ocrx_word' id='word_1_749' title='bbox 2379 5712 2487 5776; x_wconf 71' lang='grc' dir='ltr'><strong>γὰρ</strong></span> <span class='ocrx_word' id='word_1_750' title='bbox 2522 5708 2949 5777; x_wconf 87' lang='grc' dir='ltr'>προϐαίνοντος,</span> <span class='ocrx_word' id='word_1_751' title='bbox 3007 5708 3392 5778; x_wconf 80' lang='grc' dir='ltr'>ἐπισπείρουσι</span> <span class='ocrx_word' id='word_1_752' title='bbox 3449 5709 3535 5779; x_wconf 79' lang='grc' dir='ltr'>τῷ</span> <span class='ocrx_word' id='word_1_753' title='bbox 3597 5713 3751 5778; x_wconf 47' lang='lat' dir='ltr'><strong>cits?</strong></span> 
     </span>
    </p>
   </div>
   <div class='ocr_carea' id='block_1_117' title="bbox 2123 5797 3754 5869">
    <p class='ocr_par' dir='ltr' id='par_1_117' title="bbox 2123 5797 3754 5869">
     <span class='ocr_line' id='line_1_117' title="bbox 2123 5797 3754 5869; baseline 0 -15"><span class='ocrx_word' id='word_1_754' title='bbox 2123 5804 2217 5854; x_wconf 77' lang='grc' dir='ltr'><strong>καὶ</strong></span> <span class='ocrx_word' id='word_1_755' title='bbox 2266 5800 2498 5864; x_wconf 78' lang='grc' dir='ltr'>ζιζάνια.</span> <span class='ocrx_word' id='word_1_756' title='bbox 2557 5797 2667 5853; x_wconf 78' lang='grc' dir='ltr'><strong>Καὶ</strong></span> <span class='ocrx_word' id='word_1_757' title='bbox 2693 5801 2819 5853; x_wconf 83' lang='grc' dir='ltr'>ὅταν</span> <span class='ocrx_word' id='word_1_758' title='bbox 2850 5799 2974 5862; x_wconf 74' lang='grc' dir='ltr'>τοὺς</span> <span class='ocrx_word' id='word_1_759' title='bbox 3011 5798 3230 5862; x_wconf 85' lang='grc' dir='ltr'>ἀθλίους</span> <span class='ocrx_word' id='word_1_760' title='bbox 3253 5801 3574 5869; x_wconf 79' lang='grc' dir='ltr'>χειροήθεις</span> <span class='ocrx_word' id='word_1_761' title='bbox 3652 5808 3754 5857; x_wconf 63' lang='grc' dir='ltr'>καὶ</span> 
     </span>
    </p>
   </div>
   <div class='ocr_carea' id='block_1_118' title="bbox 2126 5890 3754 5966">
    <p class='ocr_par' dir='ltr' id='par_1_118' title="bbox 2126 5890 3754 5966">
     <span class='ocr_line' id='line_1_118' title="bbox 2126 5890 3754 5966; baseline 0 -19"><span class='ocrx_word' id='word_1_762' title='bbox 2126 5893 2434 5966; x_wconf 87' lang='grc' dir='ltr'>πειθηνίους</span> <span class='ocrx_word' id='word_1_763' title='bbox 2473 5893 2834 5964; x_wconf 83' lang='grc' dir='ltr'>ἐργάσωνται,</span> <span class='ocrx_word' id='word_1_764' title='bbox 2867 5891 2961 5944; x_wconf 72' lang='grc' dir='ltr'>καὶ</span> <span class='ocrx_word' id='word_1_765' title='bbox 3003 5890 3242 5945; x_wconf 83' lang='grc' dir='ltr'>λάϐωσιν</span> <span class='ocrx_word' id='word_1_766' title='bbox 3271 5893 3406 5945; x_wconf 78' lang='grc' dir='ltr'>εἴσω</span> <span class='ocrx_word' id='word_1_767' title='bbox 3451 5892 3572 5944; x_wconf 81' lang='grc' dir='ltr'>τῶν</span> <span class='ocrx_word' id='word_1_768' title='bbox 3641 5898 3754 5965; x_wconf 71' lang='grc' dir='ltr'>ἀρ-</span> 
     </span>
    </p>
   </div>
  </div>
