3930 6604
243 467 356 532 1321

1136 463 1514 525 PANOPLIA
1556 461 2010 522 DOGMATICA.
2055 485 2126 497 -·
2157 463 2303 524 TlT.
2343 463 2588 528 XXVII.

3373 465 3507 527 1322‘!

239 585 384 652 κύων,
411 584 530 638 τότε
563 582 627 654 δὴ
660 583 778 636 τότε
804 581 892 636 τὸν
916 581 1162 654 κυκεῶνα
1187 580 1280 633 τοῦ
1323 578 1648 650 δηλητηρίου
1703 595 1796 630 πο⁸

1919 589 2054 646 tant,
2139 590 2432 652 aperteque
2489 580 2841 648 maledicunt,
2883 590 2934 636 ct
2987 581 3186 637 diaboli
3249 594 3504 653 mystera

235 677 474 740 τὶζουσιν,
531 673 1017 744 ἀπαρακαλύπτως
1058 669 1526 741 βλασφημοῦντες,
1595 669 1688 722 καὶ
1736 667 1802 722 τὰ

232 770 458 840 δὸγματα
485 765 577 822 τοῦ
608 766 858 821 διαϐόλου
897 763 1382 836 μυσταγωγοῦντες
1409 762 1625 825 αύτούς.

295 955 390 1019 κζ’.
413 953 926 1024 Παρερμηνεύουσιν
950 952 1076 1014 ὅλας
1102 952 1198 1012 τὰς
1235 948 1639 1021 προειρημένας
1669 950 1808 1003 ἔπτὰ

237 1025 457 1118 βίϐλους,
490 1048 559 1098 τὰ
594 1046 814 1116 ῥήματα
856 1045 1060 1096 τούτων
1113 1041 1519 1114 στρεϐλοῦντες,
1571 1042 1666 1095 καὶ
1706 1041 1806 1111 τῆς

233 1140 384 1210 ὀρθῆς
408 1137 768 1207 ἐκτρέποντες
789 1130 1022 1200 ἐννοίας,
1050 1135 1144 1188 καὶ
1190 1135 1326 1204 πρὸς
1366 1134 1426 1186 τὸ
1463 1132 1654 1187 δοκοῦν
1704 1133 1806 1186 αὖ·

231 1235 332 1293 τοῖς
359 1229 776 1301 μεταφέροντες.
809 1228 918 1281 Καὶ
940 1227 1039 1280 ὅσα
1075 1227 1171 1294 μὲν
1204 1226 1330 1297 περὶ
1360 1226 1804 1296 ἁμαρτανόντων,

231 1323 316 1375 καὶ
349 1319 711 1385 ἀσεϐούντων,
768 1320 864 1371 καὶ
926 1316 1460 1386 εἰδωλολατρούντων
1518 1318 1576 1369 ἑν
1623 1317 1808 1380 αὐτοῖς

231 1415 456 1483 εἴρηται,
481 1411 653 1464 ταῦτα
679 1412 790 1473 τοῖς
832 1409 954 1462 καθ’
997 1410 1144 1479 ἡμᾶς
1187 1409 1396 1470 πιστοῖς
1431 1406 1800 1462 ἀνατιθέασινο

230 1507 321 1558 ὅσα
350 1505 401 1558 δὲ
431 1505 556 1571 περὶ
587 1501 1025 1572 εὐαρεστούντων
1085 1499 1204 1570 Θεῷ
1253 1498 1392 1570 πρὸς
1444 1499 1668 1561 ἑαυτοὺς
1727 1497 1809 1551 ’ἐλ-

229 1616 393 1664 κουσι,
424 1599 520 1650 καὶ
548 1594 685 1667 μετά
709 1593 1088 1665 πληροφορίας
1109 1592 1340 1655 ἑαυτοὺς
1361 1585 1500 1644 εἶναι
1533 1591 1660 1653 τοὺς
1711 1591 1805 1642 ὲκ-

225 1690 456 1754 λεκτοὺς,
484 1689 578 1742 καλ⁵
610 1687 855 1749 δικαίους
885 1685 982 1738 καὶ
1019 1684 1396 1756 κληρονόμους
1449 1680 1586 1736 Θεοῦ
1615 1681 1806 1750 λέγου-

229 1801 326 1838 σιν.
367 1780 634 1847 Ἔκάστην
668 1779 770 1849 μὲν
815 1772 908 1830 οῦν
940 1777 1203 1848 ἐξήγησιν
1242 1774 1425 1845 βίϐλου
1477 1773 1607 1846 παρ’
1663 1774 1806 1828 ἐκείσ-

225 1894 323 1930 νων
345 1869 754 1943 ὑφηγουμένην,
791 1867 994 1938 μᾶλλον
1037 1865 1094 1919 δὲ
1126 1863 1507 1936 παρατροπην,
1562 1863 1656 1916 καὶ
1710 1861 1805 1916 τοῦ

224 1930 614 2034 καθεστηκότος
635 1930 958 2031 ἐξαλλαγὴν,
992 1930 1406 2029 μακρδντάνεῖη
1440 1930 1801 2025 συγγράφειν,
1837 1930 1880 1988 Β

224 2057 311 2108 καὶ
336 2056 526 2125 χρόνου
561 2053 756 2106 πολλοῦ
789 2052 1064 2123 δεόμενον,
1087 2050 1182 2103 καὶ
1211 2047 1389 2118 σαφὴς
1419 2045 1802 2117 ματαιοπονία,

222 2152 312 2202 καὶ
340 2147 502 2210 κόπος
527 2148 608 2210 εἰς
633 2146 786 2199 οὐδέν
822 2145 1100 2216 χρήσιμον
1130 2140 1476 2211 καταλήγων.
1507 2140 1670 2209 Ἀχρι
1699 2139 1806 2211 γὰρ

221 2239 396 2308 ὀλίγον
459 2237 850 2311 προϐαίνοντες
889 2237 939 2289 ot
978 2233 1472 2304 ἀναγινώσκοντες,
1521 2232 1617 2286 καὶ
1670 2232 1807 2302 πρὸς

222 2333 314 2394 τὰς
342 2331 565 2394 ἀτοπίας
607 2329 718 2384 τῶν
767 2327 1130 2403 βλασφημιῶν
1181 2325 1344 2388 εὐθὺς
1393 2324 1804 2388 ἀποκναίοντες,

220 2424 313 2476 καὶ
335 2421 581 2493 καθάπερ
611 2423 660 2475 οί
688 2419 1019 2483 ναυτιῶντες
1079 2418 1288 2486 ἰλίγγου
1327 2417 1420 2470 καὶ
1475 2416 1806 2478 σκοτοδινίας

225 2521 406 2585 μεστοὶ
438 2516 714 2585 γινόμενοι
747 2513 998 2586 ῥίψουσιν
1027 2509 1209 2575 εὐθὺς,
1233 2504 1374 2572 οἶδα,
1401 2508 1468 2559 τὰ
1496 2507 1626 2576 περὶ
1680 2504 1807 2559 τού-

219 2623 322 2658 των
348 2605 720 2674 συντάγματα,
769 2605 864 2658 καὶ
900 2599 1331 2663 καταπτύσουσι,
1383 2599 1478 2650 καὶ
1528 2599 1806 2665 ἀποστρα-

221 2697 506 2767 φήσονται,
543 2695 745 2765 πολλὴν
767 2693 1029 2765 ἀκαιρίαν
1071 2689 1604 2752 κατασκεδαννύντες
1626 2689 1804 2758 ἡμῶν.

221 2789 335 2844 Ἵνα
364 2790 418 2843 δὲ
453 2789 528 2860 μὴ
551 2789 799 2860 δοκῶμεν
823 2789 1082 2841 πλάττειν
1117 2783 1436 2852 ἀπολογίαν,
1471 2785 1565 2837 καὶ
1609 2784 1807 2852 πειρᾶ-

221 2881 343 2935 σθαι
361 2881 758 2954 διαδιδράσκειν
787 2881 880 2932 τὸν
900 2879 958 2931 ὲν
993 2878 1202 2940 τούτοις
1242 2877 1423 2938 πόνον,
1457 2875 1610 2944 ὀλίγα
1669 2872 1810 2944 ρητά

219 2973 311 3026 τοῦ
365 2973 504 3027 κατὰ
553 2972 834 3026 Ματθαῐον
881 2970 1218 3039 Εὐαγγελίου
1260 2967 1406 3021 κατὰ
1437 2967 1536 3036 τὴν
1583 2967 1810 3018 ἐκείνων

218 3066 606 3136 παραπληξίαν
650 3063 1162 3137 διερμηνεύσαντες,
1232 3061 1320 3114 ἶνα
1374 3062 1452 3131 μὴ
1490 3059 1635 3130 λόγῳ
1693 3059 1810 3112 δια-

219 3160 574 3231 στρέψαντες,
603 3159 867 3230 δείξωμεν
895 3157 1002 3212 ἀπὸ
1032 3155 1127 3209 τοῦ
1157 3154 1432 3224 γεύματος
1485 3151 1578 3206 τὸν
1629 3150 1807 3217 πίθον,

1916 675 2150 726 tradunt.

1909 993 1926 997 λη
1983 934 2073 989 27.
2096 933 2258 990 Totos
2283 946 2488 1006 septem
2509 938 2676 996 libros
2698 955 2836 1011 quos
2869 943 3102 999 diximus
3126 944 3206 998 sic
3240 945 3506 1016 interpre-

1912 1035 2120 1093 tantur,
2153 1036 2210 1082 ut
2251 1043 2345 1084 eos
2395 1039 2727 1098 pervertant,
2777 1035 3052 1104 verbaque
3082 1033 3503 1106 det'orqueanta

1912 1130 2060 1174 recta
2101 1120 2394 1185 sententia,
2431 1129 2486 1177 et
2519 1124 2634 1178 sui
2663 1128 3078 1182 accommodent
3137 1130 3504 1200 opinionibus.

1911 1209 1978 1264 Et
2011 1210 2268 1281 quidquid
2294 1212 2349 1266 in
2393 1212 2501 1267 illis
2541 1213 2804 1269 adversus
2865 1227 3176 1285 peccatores
3233 1222 3509 1292 etimpios

1912 1298 2230 1358 idololatras
2265 1303 2466 1358 dictum
2513 1313 2617 1370 est,
2648 1306 2699 1361 id
2723 1318 2920 1362 contra
2963 1327 3064 1366 nos
3105 1313 3306 1369 dictum
3359 1331 3510 1372 asse-

1911 1403 2083 1460 runt;
2117 1396 2381 1466 quidquid
2420 1409 2596 1453 autem
2626 1399 2695 1454 de
2739 1402 2934 1456 amicis
2986 1404 3102 1464 Dei.
3136 1407 3186 1460 id
3214 1408 3282 1462 ad
3313 1423 3371 1464 se
3400 1420 3511 1463 tra-

1912 1486 2071 1552 hunt,
2117 1489 2559 1559 conﬁdenterque
2591 1491 2816 1558 electos,
2855 1502 2908 1548 et
2935 1493 3136 1563 justas,
3172 1499 3509 1556 ethzeredes

1911 1576 2004 1632 Dei
2051 1593 2184 1635 suos
2207 1593 2328 1635 esse
2351 1581 2707 1639 contendunt.
2733 1583 2958 1653 Magnus
2986 1586 3150 1657 igitur
3168 1589 3318 1644 labor
3339 1603 3509 1658 esset;

1911 1679 1965 1724 et
2015 1671 2226 1744 longus,
2253 1682 2309 1727 et
2336 1674 2558 1740 stultus,
2588 1685 2751 1746 atque
2779 1679 2983 1736 inutilis
3011 1683 3056 1737 si
3085 1685 3207 1752 quis
3246 1685 3510 1743 librorum

1911 1763 2245 1834 singulorum
2272 1780 2557 1836 perversas
2581 1772 2980 1840 expositiones,
3021 1790 3156 1844 quas
3191 1777 3422 1834 atl‘erunt
3477 1797 3507 1834 a

1913 1856 2189 1924 proposito
2223 1857 2584 1915 abhorrentes
2621 1860 2747 1914 velit
2771 1865 3036 1919 refellere.
3099 1865 3306 1924 Vereor
3341 1871 3508 1936 enim,

1911 1961 1978 2001 ne
1999 1949 2089 2017 qui
2122 1949 2324 2019 legunt,
2359 1952 2634 2019 paululum
2674 1957 3085 2025 progredientes
3139 1960 3337 2031 ineptis
3359 1963 3508 2032 ipso-

1913 2053 2030 2092 rum
2069 2040 2375 2097 maledictis
2401 2045 2480 2097 sic
2511 2043 2876 2114 olfendantur,
2911 2059 2969 2103 ut
3025 2056 3398 2111 nauseantium
3429 2059 3513 2112 iu-

1909 2139 2026 2185 star
2047 2134 2310 2203 vertigine
2352 2146 2408 2191 et
2437 2140 2676 2195 tenebris
2708 2142 2870 2210 pleni,
2903 2159 3026 2212 quae
3067 2145 3135 2200 de
3174 2146 3279 2203 illis
3311 2151 3510 2206 scribi-

1911 2239 2056 2290 mus,
2111 2227 2296 2280 Statim
2351 2228 2630 2299 abjiciant,
2665 2233 3075 2307 despiciamque
3116 2247 3172 2294 et
3216 2255 3513 2312 aspernen-
3593 2251 3602 2262 '

1913 2325 2022 2381 tur,
2047 2332 2253 2388 nosque
2277 2329 2334 2373 ut
2361 2321 2664 2391 importune
2684 2325 2992 2385 laborantes
3013 2341 3286 2388 accusent.
3309 2334 3508 2391 Verum

1913 2424 1980 2462 ne
2013 2411 2291 2465 videamur
2329 2413 2529 2484 lingere
2556 2419 2876 2488 apologiam,
2900 2423 3245 2495 laboremque
3297 2427 3510 2497 fugere,

1912 2515 2082 2569 pauca
2108 2504 2352 2571 quaedam
2389 2507 2626 2575 ipsorum
2657 2510 2795 2566 dicta
2821 2513 2870 2565 iu
2897 2513 3250 2584 Evangelium
3273 2518 3512 2576 Μαιηιωί

1911 2594 2142 2648 strictim
2173 2597 2524 2669 attingemus,
2553 2616 2674 2671 quae
2705 2613 2958 2675 tanquam
2991 2623 3056 2663 ex
3088 2620 3248 2680 gustu
3280 2612 3507 2680 dolium,

1911 2698 1966 2740 et
2009 2703 2075 2742 ex
2112 2690 2287 2746 rivulo
2317 2689 2540 2758 fontem,
2570 2705 2624 2750 et
2657 2711 2721 2751 ex
2769 2714 2862 2752 ora
2899 2703 3278 2760 vestimentum
3307 2708 3514 2764 indica-

1913 2777 2070 2835 bunt.
2119 2780 2306 2852 Neque
2378 2799 2504 2840 vero
2533 2801 2595 2841 ea
2665 2791 2982 2846 conabimur
3036 2794 3339 2862 confutare,
3387 2815 3511 2854 cum

1913 2874 2204 2942 semetipsa
2236 2877 2541 2932 confutent.
2599 2879 2787 2950 Neque
2813 2898 2875 2936 ea
2941 2901 3083 2941 nunc
3139 2902 3510 2954 recensemus,

1914 2973 1971 3019 ut
2008 2963 2338 3033 refellamus,
2369 2971 2462 3023 sed
2515 2981 2577 3026 ut
2632 2987 2697 3028 ex
2761 2975 2868 3031 illis
2913 2981 3283 3047 ostendemus,
3345 2998 3510 3053 quam

1914 3057 2092 3126 inepta
2127 3059 2270 3114 sitet
2302 3061 2535 3116 absurda
2573 3064 2813 3135 ipsorum
2869 3068 3248 3140 interpretatio
3313 3075 3366 3129 in
3419 3091 3517 3132 eos

1914 3149 2104 3215 libros,
2128 3166 2265 3221 quos
2290 3157 2616 3225 approbant.

220 3259 318 3311 aut
339 3257 558 3311 ἀπὸτοῦ
629 3256 848 3330 ῥείθρου
881 3255 979 3326 τὴν
1021 3253 1227 3325 πηγὴν,
1265 3254 1360 3306 καὶ
1403 3253 1512 3304 ἀπὸ
1567 3251 1662 3303 τοῦ
1712 3249 2024 3319 κρασπέδου
2067 3254 2127 3305 τὸ
2191 3252 2442 3324 ὕφασμα.
2489 3260 2604 3312 Οὐκ
2673 3262 2951 3333 ἐπάξομεν
2980 3266 3040 3320 δὲ
3076 3269 3171 3322 καὶ
3225 3270 3519 3340 διεστραμ-

221 3358 411 3428 μέναις
442 3359 666 3420 ταύταις
715 3353 1035 3426 ἑρμηνείαις
1089 3352 1369 3422 ἐλέγχους,
1428 3349 1814 3416 αὑτελέγκτοις

1894 3348 2105 3414 οὔσαις.

2173 3352 2306 3405 Οὐδὲ
2355 3355 2461 3424 γάρ
2499 3355 2882 3431 ἀντιρρητικδς
2927 3362 3058 3433 ἡμῖν
3101 3366 3128 3417 ὀ
3171 3364 3372 3436 ἑφεξῆς
3428 3368 3519 3420 λό-

216 3471 336 3525 γος,
367 3451 501 3504 ἀλλὰ
531 3452 688 3520 μόνον
720 3447 1051 3510 ἐνδεικτικὸς
1103 3448 1203 3516 τῆς
1255 3442 1642 3514 ἐνδιαστρόφου
1673 3440 1880 3494 τούτων
1921 3442 2236 3515 ἐξηγήσεως
2267 3449 2373 3501 τῶν
2402 3441 2852 3523 παραδεχθέντων
2905 3457 3089 3521 αὐτοῖς
3149 3459 3390 3530 βιϐλίων.

289 3545 397 3614 κη’.
419 3543 664 3614 Βηθλεὲμ
685 3541 1010 3611 ὀνομάζουσι
1030 3539 1127 3609 τὴν
1148 3537 1472 3608 συναγωγὴν
1494 3535 1722 3590 ἑαυτῶν.
1742 3534 1829 3586 Ἐν
1854 3542 1900 3606 c

214 3639 431 3701 ἑαυτοῖς
465 3638 572 3708 γὰρ
607 3633 932 3705 γεννηθῆναι
959 3649 1090 3702 φασι
1121 3631 1212 3684 τὸν
1247 3630 1485 3702 Χριστόν
1508 3672 1521 3694 ,
1551 3629 1669 3700 ἦτοι
1718 3627 1809 3680 τὸν

214 3729 390 3796 Λόγον
443 3727 536 3781 τοῦ
585 3726 721 3780 Θεοῦ
777 3725 869 3778 τὸν
901 3722 1238 3790 κηρύττοντα
1302 3719 1402 3789 τῆς
1437 3718 1672 3781 πίστεως
1714 3717 1812 3788 τὴν

214 3821 496 3892 ἀλήθειαν.
542 3818 788 3888 Ἡρώδην
821 3816 876 3868 δὲ
909 3813 1092 3867 νοοῦσι
1122 3812 1219 3883 τὴν
1245 3811 1365 3864 καθ’
1395 3811 1541 3882 ἡμᾶς
1584 3809 1814 3879 Ἐκκλη-

216 3913 363 3977 σῖαν,
401 3911 753 3980 πειρωμένην
777 3909 986 3962 ἀνελεῖν
1012 3907 1098 3958 τὸν
1127 3904 1258 3975 παρ’
1283 3904 1465 3966 αὐτοῖς
1485 3901 1814 3972 γεννηθέντα

211 4006 393 4072 Λόγον
421 4008 519 4075 τῆς
551 4001 827 4074 ἀληθείας.
860 4001 970 4055 Καὶ
999 3999 1205 4069 μάγους
1227 3998 1326 4068 μὲν
1352 3993 1509 4060 αὖθις
1536 4011 1814 4067 προσαγο-

215 4101 475 4170 ρεύουσιν
501 4096 749 4159 ἑαυτοὺς,
776 4095 936 4148 τοῦτο
971 4094 1132 4164 μόνον
1190 4091 1567 4161 ἀληθεύοντες.
1614 4092 1815 4162 Γόητες

209 4195 331 4264 γάρ
372 4191 510 4242 είσιν
532 4189 700 4250 ὅντως
730 4185 826 4240 καὶ
855 4184 1132 4256 λυμεῶνες
1165 4183 1255 4236 καὶ
1283 4180 1600 4249 ἀλάστορες.
1652 4179 1817 4248 Ἱερο-

211 4285 432 4350 σόλυμα
465 4281 520 4335 δὲ
546 4280 705 4333 πάλιν
729 4279 1052 4346 ὀνομάζουσι
1096 4275 1193 4344 τὴν
1243 4271 1518 4342 ἡμετέραν
1589 4271 1816 4338 Ἐκκλη-

212 4377 370 4441 σίαν,
403 4373 611 4441 ἀστέρα
643 4371 698 4424 δὲ
729 4371 820 4424 τὸν
847 4369 1089 4432 Μωσέως
1120 4367 1306 4435 νόμον.
1350 4364 1472 4417 Ύπ”
1503 4363 1667 4417 αὐτοῦ
1703 4363 1814 4433 γὰρ

207 4464 556 4538 ωηγηθῆναί
610 4479 741 4532 φασι
774 4459 937 4530 μέχρι
968 4461 1064 4528 τῆς
1089 4457 1208 4509 καθ’
1241 4457 1386 4527 ἡμᾶς
1409 4455 1666 4517 πίστεως,
1699 4447 1816 4505 εἶτα

211 4559 378 4628 παρά
410 4559 517 4609 τῶν
548 4554 853 4624 ἀρχιερέων
891 4552 1083 4620 αὐτῆς,
1120 4550 1213 4602 καὶ
1256 4550 1365 4601 τῶν
1409 4547 1585 4602 ἄλλων
1639 4563 1818 4616 γραμ-

213 4650 469 4723 ματέων,
504 4646 600 4700 καὶ
631 4642 967 4697 διδασκάλων
1011 4639 1204 4709 μαθεῖν
1233 4640 1450 4702 αὐτοὺς,
1481 4639 1561 4690 ὅτι
1597 4639 1625 4688 ὀ
1682 4637 1818 4705 Χρι-

210 4743 350 4804 στὸς
383 4743 440 4793 έν
471 4740 536 4809 τῇ
573 4735 880 4808 δηλωθείσῃ
902 4732 1159 4801 γεννᾶται
1182 4727 1456 4799 Βηθλεέμ.
1499 4727 1618 4795 Ἀφ’
1659 4725 1817 4795 ἡμῶν

206 4837 332 4905 γὰρ
374 4831 631 4899 γενέσθαι
661 4828 784 4889 τοὺς
819 4824 1068 4895 πρώτους
1103 4821 1454 4883 διδασκάλους
1481 4820 1689 4873 αὐτῶν.

291 4927 406 4979 κθ’.
439 4919 788 4977 Μυθεύονται
830 4916 1035 4986 Ῥαχὴλ
1071 4915 1358 4981 γεγονέναι
1402 4913 1524 4965 τινὰ
1573 4913 1810 4979 γυναῖκα

203 5024 422 5093 χήραν.
449 5021 541 5072 δύο
567 5017 878 5086 θυγατέρας
902 5015 1135 5086 ἔχουσαν
1181 5010 1382 5081 νηπίαν
1413 5007 1654 5075 ἀγούσας
1696 5009 1812 5078 ὴλι-

203 5116 377 5166 κίαν.
401 5113 530 5164 Ὅτε
570 5111 626 5163 δὲ
665 5110 733 5162 τὰ
762 5110 969 5180 ἄρρενα
993 5106 1174 5177 βρέφη
1205 5104 1439 5173 συνῆγεν
1461 5105 1487 5154 ὁ
1528 5100 1805 5172 Ἡρώδης,

202 5205 615 5260 ὑπολαϐοῦσαν
668 5204 834 5274 τιμῆς
871 5201 1034 5264 αὐτὰ,
1086 5199 1177 5253 καὶ
1237 5197 1478 5267 χαρίτων
1528 5192 1812 5258 ἀξιοῦσθαι

203 5299 362 5369 παρ’
421 5297 616 5363 αὑτοῦ,
677 5293 1166 5367 μετασχηματίσαι
1203 5290 1406 5351 ταύτας
1435 5289 1512 5351 είς
1549 5288 1809 5358 ἄρρενας,

202 5397 318 5447 καὶ
353 5393 734 5462 προσαγαγεῖν
767 5391 844 5453 ώς
869 5385 1045 5447 υἱούς.
1091 5383 1248 5437 Ἐπεὶ
1276 5384 1332 5437 δὲ
1367 5384 1458 5436 καὶ
1491 5383 1666 5435 ταῦτα
1700 5385 1813 5443 τοίς

199 5485 436 5550 ἄλλοις,
496 5484 572 5546 ὠς
618 5484 850 5555 ἄρρενα,
912 5478 1281 5550 συνανῃρέθη,
1337 5476 1435 5538 τὰς
1479 5475 1578 5546 μὲν
1649 5475 1815 5536 ἄλλας

201 5578 480 5649 μητέρας
521 5577 734 5630 κλαίειν
762 5573 981 5635 ἁπλῶς,
1017 5573 1118 5642 τὴν
1152 5571 1210 5624 δὲ
1254 5569 1459 5642 Ῥαχὴλ
1486 5569 1818 5640 ἀπαράκλη-

197 5689 309 5735 ta,
377 5671 516 5724 διότι
568 5669 858 5723 σπεύσασα
908 5665 1384 5735 κατασοφίσασθαι
1439 5663 1812 5734 κατεσοφίσθη

199 5764 462 5836 μᾶλλον,
500 5765 594 5817 καὶ
633 5767 731 5826 τὰς
777 5763 1087 5833 θυγατέρας
1117 5760 1257 5829 αὐτὴ
1293 5761 1471 5829 μάτην
1509 5758 1812 5812 ἀπώλεσεν.

212 5858 712 5929 ’Δλληγοροῦντες
744 5857 800 5910 δὲ
835 5859 928 5910 τὸν
951 5856 1108 5924 λόγον
1138 5855 1292 5923 φασὶ,
1331 5852 1533 5922 Ῥαχὴλ
1585 5853 1683 5921 μὲν
1727 5851 1819 5904 τὸν

197 5954 564 6024 ὲπιυράνιον
597 5951 836 6021 Πατέρα,
870 5952 1036 6003 τέκνα
1082 5948 1137 6000 δὲ
1192 5945 1360 5999 αὑτοῦ
1398 5947 1499 6016 τήν
1543 5963 1597 5999 τε
1639 5944 1818 6018 ψυχὴν

539 6052 825 6113 .Pu‘uuL.
872 6052 989 6110 tia.
1039 6044 1278 6107 CXXX.

2006 3538 2096 3593 28.
2130 3539 2467 3612 Synagogam
2527 3563 2680 3601 suam
2736 3551 3008 3618 appellant
3041 3553 3338 3612 Bethleem.
3370 3557 3428 3614 In
3453 3573 3519 3616 se

1917 3631 2061 3686 enim
2077 3631 2350 3690 Christum
2374 3637 2559 3693 dicunt
2579 3640 2750 3706 nasci,
2767 3655 2861 3696 seu
2883 3641 3114 3699 Verbum
3137 3645 3254 3713 Dei,
3269 3665 3376 3719 quo
3393 3652 3519 3708 Gdei

1918 3727 2122 3781 veritas
2151 3730 2494 3796 pradicatur.
2525 3732 2775 3788 Nostram
2799 3747 2982 3792 autem
3025 3739 3321 3796 Ecclesium
3347 3743 3514 3800 Hero-

1920 3819 2510 3893 deminterprctantur,
2549 3843 2667 3896 qua:
2685 3824 2919 3884 Verbum
2936 3834 3185 3902 apudeos
3215 3845 3393 3891 natum
3427 3855 3517 3894 eoo

1920 3923 2082 3966 netur
2110 3915 2380 3970 occideie.
2413 3917 2596 3988 Magos
2616 3921 2742 3975 item
2774 3937 2831 3979 se
2863 3923 3008 3992 ipsos
3037 3936 3249 3993 vocant,
3274 3943 3376 3998 qua
3399 3932 3512 3999 qui.

1919 4004 2038 4058 dem
2070 4006 2122 4058 in
2155 4023 2211 4060 re
2254 4009 2368 4063 sola
2405 4027 2589 4066 verum
2628 4013 2832 4071 dicunt.
2866 4015 3003 4074 Sunt
3028 4021 3169 4074 enim
3206 4036 3332 4076 vere
3379 4037 3507 4094 pcr-

1920 4096 2112 4150 ¹¹Ῑί⁵ίυδῖ
2144 4104 2565 4174 ντωειίςῐιιιοτοε
2595 4116 2649 4159 et
2702 4109 3046 4178 impostores.
3089 4103 3518 4186 llieroso'yma'm

1922 4200 2162 4245 nostram
2215 4196 2484 4264 appellant
2519 4197 2863 4270 Ecclesium;
2909 4205 3122 4259 stellam
3160 4203 3338 4261 autem
3401 4205 3518 4262 Mo-

1921 4281 1997 4336 sis
2042 4283 2213 4348 legem
2241 4301 2253 4337 :
2281 4303 2344 4340 ea
2395 4289 2538 4342 enim
2569 4293 2702 4347 duce
2752 4293 2818 4348 ad
2860 4307 3103 4351 nostram
3158 4315 3327 4369 usque
3357 4299 3517 4356 iidem

1921 4377 2209 4457 perveniri.
2250 4379 2448 4434 Deinde
2477 4397 2506 4435 a
2560 4385 2930 4446 sacerdotibus
2977 4389 3161 4459 ipsius,
3217 4402 3270 4447 et
3299 4395 3517 4462 scribis,

1923 4475 1977 4520 et
2008 4468 2320 4524 doctoribus
2359 4473 2543 4546 dicunt
2576 4489 2636 4530 se
2685 4476 2898 4534 discere
2931 4479 3206 4536 Chrismm
3259 4485 3403 4541 nasci
3463 4490 3516 4539 in

1920 4559 2196 4617 Bethleem
2232 4565 2522 4620 antedicta.
2561 4569 2602 4621 A
2643 4568 2799 4626 nobis
2853 4571 2997 4626 enim
3035 4571 3244 4644 primos
3261 4571 3515 4648 ipsorum

1924 4657 2213 4726 magistros
2231 4673 2349 4714 esse
2396 4659 2687 4729 profectos.

1985 4925 2076 4980 29.
2101 4927 2336 4996 Fingunt
2374 4927 2665 4986 Raclielem
2700 4929 2865 4987 fuisse
2906 4933 3183 4991 mulierem
3217 4937 3509 5006 quamdam

1914 5019 2130 5074 vilunm
2166 5037 2286 5090 quae
2317 5037 2436 5074 cum
2474 5023 2610 5079 duas
2644 5023 2866 5081 haberet
2913 5027 3145 5084 infantes
3203 5028 3360 5096 ﬁlias,
3403 5049 3511 5100 quo

1917 5119 2158 5183 tempore
2195 5112 2434 5168 Herodes
2490 5131 2686 5184 pueros
2715 5135 2888 5174 mares
2939 5123 3302 5191 congregavit,
3339 5125 3509 5176 linun-

1915 5220 2028 5259 rem
2061 5215 2113 5259 et
2145 5206 2372 5275 gratiam
2404 5208 2543 5276 apud
2575 5209 2749 5277 ipsum
2785 5226 2842 5265 se
2870 5213 3190 5267 existimans
3224 5213 3502 5276 inituram,
3555 5206 3558 5214 λ

1914 5315 2007 5355 eas
2036 5299 2089 5353 in
2133 5300 2360 5352 marium
2391 5302 2627 5368 speciem
2661 5310 2896 5357 mutatas
2925 5304 3120 5358 attulit.
3153 5304 3352 5360 Vetuin
3379 5324 3502 5361 cum

1914 5401 1966 5446 ct
2001 5393 2120 5446 lilia:
2149 5408 2262 5447 sum
2325 5405 2576 5461 tanquam
2607 5409 2784 5449 mares
2816 5410 2919 5450 una
2966 5411 3087 5450 cum
3141 5398 3262 5451 aliis
3317 5410 3505 5452 essent

1915 5484 2240 5553 interiecue,
2273 5493 2326 5538 cl
2359 5476 2580 5552 reliquae
2615 5497 2814 5561 matres
2864 5485 3130 5556 lugerent,
3168 5488 3367 5561 Rachel
3428 5490 3500 5542 ita

1915 5575 2167 5646 plorabat
2201 5585 2261 5629 ut
2288 5575 2488 5629 nullam
2520 5559 2828 5630 admitteret
2858 5559 3307 5642 consolationem,
3363 5593 3498 5646 quo-

1923 5667 2069 5721 niam
2099 5669 2223 5720 dum
2252 5675 2546 5719 conaretur
2571 5666 2818 5736 decipere
2844 5667 3066 5736 desepta
3099 5667 3294 5731 fuerat,
3331 5667 3502 5720 ﬁlias.

1926 5773 2031 5826 que
2057 5757 2171 5825 ipsa
2205 5771 2336 5809 suas
2371 5764 2574 5809 temere
2616 5755 2943 5824 perdiderat.
2975 5762 3150 5823 Atque
3209 5755 3310 5808 huc
3377 5754 3507 5806 alle-

1927 5849 2110 5919 gmice
2134 5848 2556 5917 interpretantes
2585 5846 2794 5910 dicunt,
2825 5845 3112 5900 [lachetem
3139 5841 3355 5899 Patrem
3391 5859 3512 5897 esse

1927 5943 2229 6010 caelestem,
2289 5939 2442 6010 cujus
2505 5939 2624 5994 tiliae
2684 5939 2791 5994 sint
2837 5938 3011 5993 anima
3062 5937 3190 5992 Δάαι
3238 5947 3292 5993 et
3341 5936 3518 5992 anima

2985 6033 3062 6094 42
