3960 6608
428 532 585 596 ’4323

1675 527 2055 589 EUTIIYMH
2116 526 2474 589 ZIGABENI

3582 526 3697 593 1324

435 646 673 712 Christi,
707 646 902 714 quibus
931 645 997 699 ab
1023 643 1253 709 llerode,
1280 644 1331 699 id
1369 652 1474 707 est,
1497 658 1524 697 a
1551 643 1733 699 mundi
1768 642 2035 713 principe,

2149 640 2235 693 τοῦ
2274 640 2471 711 Ἀδάμ,
2526 639 2623 695 καὶ
2653 640 2751 711 τὴν
2778 638 2961 711 ψυχὴν
2992 637 3087 693 τοῦ
3109 638 3375 711 Χριστοῦ,
3403 634 3480 693 ὧν
3503 641 3703 711 ἀναιρε-

445 739 697 803 sublatis,
731 748 937 808 patrem
968 737 1149 808 lugere
1178 746 1410 792 mortem
1435 736 1674 802 illarum,
1709 748 1809 789 nec
1868 734 2030 788 ullam

443 830 872 888 consolationem
903 830 1210 886 admittere.

385 1001 388 1005 ’
501 1010 593 1070 50.
612 1010 731 1081 Ipse
747 1008 1001 1075 Joannes,
1018 1009 1216 1079 inquit,
1230 1008 1854 1065 habebatvestimentum
1876 1021 2034 1063 suum

442 1106 511 1162 de
530 1105 653 1176 pilis
675 1103 1029 1166 camelorum,
1054 1113 1108 1157 et
1163 1116 1357 1157 zonam
1398 1099 1680 1173 pelliceam
1708 1100 1852 1156 circa
1885 1099 2033 1154 lum-

442 1200 546 1255 bos
567 1214 715 1253 suos.
745 1197 810 1250 Et
840 1197 993 1251 cibus
1020 1196 1136 1267 ejus
1165 1205 1318 1251 erant
1348 1195 1591 1259 locustae,
1631 1202 1685 1248 et
1712 1192 1817 1248 mel
1848 1191 2028 1262 sylve-

434 1301 580 1346 stre.
607 1290 736 1346 Haec
754 1298 881 1345 sunt
897 1288 1242 1358 evangelista
1262 1287 1445 1342 verba.
1463 1284 1885 1341 Consideremus
1901 1282 2033 1353 quid

427 1388 516 1440 «de
540 1385 623 1440 his
654 1385 815 1440 etiam
851 1382 1035 1436 dicant
1067 1381 1298 1446 attoniti,
1326 1390 1380 1434 et
1415 1380 1614 1444 insani,
1645 1393 1710 1433 ac
1744 1386 2035 1449 negatores

434 1479 558 1534 isti.
584 1475 787 1532 Cameli
811 1475 948 1542 pilos
968 1473 1214 1529 Mosaicae
1234 1473 1365 1544 legis
1392 1471 1719 1527 dicuntesae
1740 1478 2031 1541 praecepta.

446 1570 577 1634 Quae
628 1568 741 1635 ipsa
786 1574 1020 1635 quoque,
1056 1562 1394 1626 ntcamelus,
1425 1562 1635 1632 impura
1692 1561 1784 1625 sit,
1807 1575 1930 1615 cum
1981 1568 2038 1615 et

427 1674 597 1713 -csnm
627 1656 895 1717 carnium,
922 1655 1155 1724 nuptias,
1178 1662 1226 1707 et
1246 1651 1649 1721 jusjurandum,
1675 1660 1725 1706 et
1746 1649 2032 1715 saerillvia,

445 1760 502 1804 et
528 1750 721 1811 caedes,
751 1759 804 1800 et
835 1747 935 1800 alia
956 1746 1120 1799 multa
1151 1746 1232 1800 his
1256 1743 1454 1800 similia
1481 1743 1711 1799 subditis
1732 1741 2031 1813 permittat.

430 1841 652 1895 Zonam
685 1854 810 1893 vero
833 1837 1110 1909 pelliceam
1142 1852 1355 1891 sacrum
1380 1835 1730 1904 Evangelinm
1766 1835 2034 1905 interpre-

431 1942 652 1995 tantur,
684 1930 826 1999 quod
865 1928 1046 1995 orium
1112 1927 1339 1996 pellibus
1379 1927 1695 1995 inscriptum
1725 1937 1830 1982 est.
1889 1924 2030 1980 Rur-

445 2039 674 2093 sumque
698 1998 946 2075 Mosaicae
980 2020 1113 2089 legis
1148 2020 1551 2073 adhortationes
1582 2019 1820 2073 locustas
1852 2020 2035 2087 appel-
2070 1998 2107 2023 ”

446 2118 581 2179 lant,
617 2130 735 2183 qua:
788 2112 1084 2182 dijudicare
1118 2119 1393 2178 nequeunt
1441 2124 1502 2164 ea
1531 2124 1652 2179 quae
1696 2122 1842 2165 recta
1889 2119 2035 2171 sunt,

332 2226 341 2235 ·
446 2222 622 2277 neque
652 2207 704 2259 id
768 2204 1074 2275 perspicere
1109 2202 1250 2271 quod
1298 2202 1491 2255 melius
1539 2210 1645 2257 est.
1704 2200 1804 2254 Mel
1855 2212 2036 2254 autem

446 2302 713 2372 sylvestre
738 2306 932 2352 vocant
964 2295 1334 2363 Evangelium,
1362 2293 1509 2363 quod
1542 2293 1645 2347 mel
1678 2294 1885 2348 videtur
1908 2294 2035 2367 illis,

446 2413 476 2445 υ
514 2392 713 2460 quibus
744 2390 1039 2456 suscipitur
1066 2407 1078 2442 :
1107 2388 1280 2452 Quam
1305 2386 1484 2441 dulcia
1507 2388 1662 2448 enim,
1698 2387 1890 2455 inquit.
1919 2397 2041 2455 gut-

449 2487 555 2539 turi
583 2499 694 2538 meo
726 2481 931 2552 eloquia
966 2490 1079 2545 tua,
1104 2496 1258 2548 super
1287 2481 1384 2533 mel
1408 2479 1485 2532 ori
1526 2496 1638 2534 meo
1677 2480 1689 2509 '
1716 2496 1730 2545 ;
1779 2480 2040 2549 sylvestrc

448 2589 628 2633 autem
660 2576 766 2630 illis
791 2575 881 2645 qui
920 2574 1091 2643 ipsum
1128 2588 1231 2627 non
1264 2572 1589 2642 suscipiant,
1640 2583 1858 2642 propter
1888 2587 2040 2626 acer-

447 2673 668 2727 bitatem
695 2677 940 2740 angustae
971 2676 1138 2737 porta:
1160 2678 1214 2722 et
1245 2676 1409 2722 arctre
1442 2666 1575 2729 ‘viae,
1596 2682 1756 2736 quam
1778 2667 2037 2721 ostendit.

441 2767 848 2822 Prmcursorem
910 2762 1053 2817 enim
1107 2776 1231 2818 esse
1290 2760 1526 2815 medium
1580 2761 1721 2813 inter
1765 2761 2039 2830 antiquam

450 2862 622 2926 legem
652 2867 705 2911 et
736 2865 1023 2921 novam,et
1049 2855 1327 2923 utriusque
1354 2852 1520 2908 fuisse
1538 2852 1876 2921 participem,
1900 2851 2041 2906 illius

440 2952 675 3020 squidem
715 2950 891 3017 prius,
930 2946 1093 3018 hujus
1131 2954 1308 3001 autem
1343 2946 1631 3016 posterius.

523 3043 615 3099 51.
660 3041 771 3099 Nos
799 3042 984 3096 dicunt
1006 3054 1126 3096 esse
1146 3039 1450 3095 Pharisaeos
1472 3049 1524 3094 et
1552 3038 1875 3094 Sadducmos
1897 3038 2039 3101 illos.

448 3138 537 3205 qui
570 3134 636 3189 ad
693 3134 919 3188 Joannis
967 3134 1293 3202 baptismum
1343 3132 1696 3187 accedebant.
1768 3129 1814 3187 Ο
1867 3133 2043 3200 impu-

449 3228 633 3283 dentia
662 3227 675 3281 ί
707 3225 909 3281 Deinde
938 3240 1060 3280 cum
1090 3223 1386 3294 ignominia
1422 3238 1519 3278 nos
1546 3233 1740 3280 vocant
1766 3223 2039 3294 geniinina

2140 733 2340 789 Θεισῶν
2385 735 2538 805 παρὰ
2593 734 2688 789 τοῦ
2754 732 3025 809 Ἡρώδου,
3075 732 3324 803 δηλονότι
3376 731 3475 786 τοῦ
3521 750 3701 800 κοσμο-

2141 827 2432 899 κράτορος,
2468 826 2682 881 κλαίειν
2714 825 3088 899 ἀπαράκλητα
3116 825 3211 880 τὸν
3250 824 3467 896 πατέρα
3494 825 3578 879 διά
3618 825 3698 877 τὸν

2138 919 2345 973 τούτων
2377 919 2692 991 ἀναίρεσιν.

2214 1013 2282 1070 λ’.
2322 1011 2493 1077 Αὐτὸς
2522 1011 2603 1078 δὲ,
2630 1012 2819 1084 φησὶν,
2836 1013 2863 1064 ὁ
2892 1010 3142 1081 Ἰωάννης
3166 1005 3279 1081 εἶχε
3305 1008 3366 1063 τὸ
3393 1009 3595 1080 ἔνδυμα
3619 1008 3704 1061 αύ-

2135 1104 2235 1160 τοῦ
2261 1105 2371 1160 ἀπὸ
2388 1104 2597 1177 τριχῶν
2615 1103 2889 1175 καμήλου,
2915 1103 3012 1158 καὶ
3036 1102 3213 1174 ζώνην
3235 1101 3569 1173 δερματίνην
3587 1100 3703 1165 περὶ

2135 1198 2236 1271 τὴν
2270 1198 2443 1267 ὀσφὺν
2473 1196 2664 1252 αὑτοῦ.
2698 1177 2767 1250 Ἦ
2794 1196 2852 1250 δι
2877 1194 3055 1268 τροφὴ
3075 1195 3240 1250 αὐτοῦ
3265 1190 3333 1268 ἦν
3372 1195 3594 1266 ἀκρίδες
3621 1193 3703 1247 καί

2137 1289 2260 1365 μέλι
2284 1289 2497 1361 ἄγριον.
2529 1286 2719 1341 Ταῦτα
2748 1287 2853 1358 μὲν
2876 1287 2945 1341 τά
2976 1285 3073 1340 τοῦ
3113 1283 3699 1365 Εὑαγγελιστοῦρητὰο

2141 1382 2451 1452 σκοπητὲον
2470 1380 2527 1434 δὲ
2551 1379 2649 1433 καὶ
2682 1380 2736 1432 τί
2762 1379 2984 1447 λέγουσι
3016 1378 3143 1448 περὶ
3170 1378 3383 1431 τούτων
3397 1378 3447 1430 οί
3483 1375 3703 1446 coepe».

2136 1491 2317 1546 τητοι,
2367 1474 2463 1528 καὶ
2497 1472 2831 1544 μεμηνότες,
2872 1473 2969 1525 καὶ
3016 1471 3455 1543 παραπαίοντες.
3511 1470 3702 1541 Τρίχας

2141 1569 2243 1640 μὲν
2264 1566 2521 1637 καμήλου
2547 1566 2683 1636 φασὶ
2719 1566 2819 1628 τάς
2843 1564 3063 1628 ὲντολάς
3092 1564 3186 1618 τοῦ
3220 1561 3500 1636 μωσαῖκοῦ
3531 1563 3704 1631 νόμον.

2138 1660 2254 1715 Καὶ
2284 1658 2479 1713 τοῦτον
2511 1658 2622 1728 γὰρ
2686 1655 2999 1727 ἀκάθαρτον
3032 1648 3193 1709 εἶναι
3222 1656 3365 1710 κατά
3405 1654 3505 1725 τὴν
3535 1655 3707 1722 κάμη-

2136 1754 2251 1819 λον,
2298 1753 2373 1818 ὡς
2427 1752 2810 1824 κρεωφαγίαν,
2862 1750 2958 1804 καὶ
3006 1751 3208 1820 γάμον,
3256 1749 3353 1805 καὶ
3412 1746 3709 1817 ὅρκον,καὶ

2138 1844 2355 1910 θυσίας,
2411 1842 2509 1901 καὶ
2546 1844 2768 1912 φόνους,
2798 1828 2899 1907 καὶ
2934 1840 3109 1894 πολλά
3150 1840 3378 1895 τοιαῦτα
3428 1842 3539 1902 τοῖς
3584 1839 3711 1906 ὑπη-

2136 1938 2283 2000 κόοις
2314 1934 2722 2005 ἐντελλόμενον.
2802 1932 2991 2003 Ζώνην
3030 1932 3087 1985 δὲ
3120 1930 3342 2000 λέγουσι
3387 1931 3711 2001 δερματίνην

2139 2032 2201 2085 τὸ
2232 2029 2379 2100 ἱερὸν
2431 2028 2791 2097 Εύαγγέλιον,
2841 2014 2939 2090 ὡς
2964 2026 3198 2097 δέρμασι
3234 2026 3527 2096 προϐάτων
3560 2026 3710 2091 ἐγγε-

2140 2121 2487 2194 γραμμένον
2523 2123 2619 2174 καὶ
2646 2114 2805 2181 αὖθις
2836 2117 3065 2191 ἀκρίδας
3100 2114 3199 2186 μὲν
3241 2116 3339 2178 τὰς
3366 2114 3460 2167 τοῦ
3511 2118 3711 2184 μωσαῖ-

2139 2214 2237 2269 κοῦ
2266 2215 2432 2281 νόμου
2463 2210 2866 2282 παραγγελίας,
2889 2208 2964 2271 ὡς
3091 2205 3381 2277 κρινούσας
3414 2206 3571 2276 ὸρῧά,
3592 2208 3713 2274 μηδὲ

2138 2305 2519 2379 διακρινούσας
2550 2306 2610 2357 τὸ
2652 2304 2897 2374 βέλτιον·
2936 2302 3059 2365 μέλι
3106 2300 3163 2353 δὲ
3205 2301 3395 2367 ἄγριον
3449 2301 3515 2352 τὸ
3584 2300 3713 2353 θεῖον

2142 2400 2505 2469 Εὐαγγέλιον,
2536 2398 2660 2466 μέλι
2697 2397 2794 2467 μὲν
2826 2386 3163 2464 φαινόμενον
3187 2394 3298 2455 τοῖς
3346 2393 3719 2462 παραδεχομέα

2140 2508 2251 2555 νοις
2275 2490 2429 2545 αὑτό*
2469 2490 2565 2554 Ὠς
2599 2486 2825 2558 γλυκέα
2861 2489 2994 2556 γὰρ,
3034 2485 3187 2554 φησι,
3218 2482 3296 2547 τῷ
3327 2482 3591 2553 λάρυγγί
3608 2500 3717 2549 μου

2140 2585 2211 2638 τὰ
2233 2582 2408 2652 λότιὰ
2435 2595 2555 2636 σου
2587 2596 2600 2610 ·
2642 2580 2837 2649 ἄγριον
2896 2579 2952 2631 δὲ
2973 2580 3085 2642 τοῖς
3133 2574 3207 2647 μὴ
3260 2576 3718 2646 παραδεχομένοις

2141 2679 2229 2731 διὰ
2271 2677 2368 2747 τὴν
2403 2674 2633 2749 πικρίαν
2678 2673 2779 2743 τῆς
2825 2671 2948 2726 κατ’
2998 2670 3128 2724 αὐτὸ
3176 2671 3370 2740 στενῆς
3423 2668 3603 2738 πύλης
3631 2669 3719 2720 καί

2157 2770 2527 2839 τεθλιμμένης
2558 2765 2703 2821 ὀδοῦ.
2731 2765 2836 2818 Τὸν
2864 2763 3182 2834 Πρόδρομον
3211 2762 3321 2833 γάρ
3379 2761 3552 2830 μέσον
3586 2759 3723 2828 γενέ-

2145 2863 2271 2919 σθαι
2309 2862 2406 2915 καὶ
2438 2860 2534 2915 τοῦ
2568 2856 2804 2913 παλαιοῦ
2837 2857 3032 2927 νόμου,
3072 2856 3169 2910 καὶ
3211 2853 3306 2908 τοῦ
3336 2854 3486 2916 νέου,
3511 2854 3609 2907 καὶ
3640 2871 3724 2923 με·

2144 2957 2365 3025 τασχεῖν
2379 2952 2730 3025 ἀμφοτέρων,
2746 2949 2843 3004 τοῦ
2866 2951 2964 3021 μὲν
2980 2950 3265 3021 πρότερον,
3282 2946 3376 3002 τοῦ
3400 2948 3456 3001 δὲ
3478 2947 3607 3000 ῦστε
3617 2965 3721 3016 ρον.

2210 3045 2319 3099 λα’.
2349 3042 2681 3114 Φαρισαίους
2711 3039 2807 3094 καὶ
2828 3037 3221 3101 Σαδδουκαίους
3263 3036 3599 3107 ἐρχομένους
3631 3036 3720 3086 ktl

2143 3138 2209 3191 τὸ
2254 3136 2541 3208 βάπτισμα
2600 3134 2851 3187 Ἰωάννου
2897 3129 3371 3203 προσαγορεύουσι
3424 3131 3557 3192 τοὺς
3607 3126 3722 3180 καθ’

2144 3230 2297 3299 ἡμᾶς
2325 3224 2573 3288 πιστούς.
2630 3224 2695 3275 Ὠ
2712 3223 2813 3288 τῆς
2839 3217 3226 3292 ἀναισχυντίας
3252 3219 3266 3272 l
3308 3212 3442 3272 Εἶτα
3465 3216 3725 3286 καθυϐρί-

450 3320 791 3387 viperarum,
817 3317 934 3385 sive
974 3317 1237 3391 serpentis
1261 3315 1489 3378 semina,
1516 3313 1628 3383 qni,
1655 3324 1711 3369 ut
1743 3315 1843 3384 ipsi
1870 3315 2037 3380 aiunt,

2149 3322 2331 3385 ζοντες
2365 3316 2729 3389 ὀνομάζουσιν
2760 3317 2909 3387 ἡμᾶς
2927 3313 3248 3385 γεννήματα
3279 3312 3527 3383 ἐχιδνῶν,
3562 3312 3726 3382 ἤγουν

441 3426 576 3465 cum
594 3404 710 3462 Eva
735 3398 1135 3461 concubuit."Et
1157 3398 1398 3473 monent,
1418 3412 1600 3461 utnon
1618 3420 1759 3477 aegre
1778 3408 2033 3474 feramus,

449 3503 593 3573 quod
624 3516 653 3556 a
682 3499 923 3570 Baptista
953 3497 1161 3554 Joanne
1192 3512 1316 3553 tere
1334 3500 1600 3556 nominati
1634 3516 1844 3557 sumus.

525 3768 616 3823 ’52.
642 3762 843 3822 Christi
871 3766 1237 3823 calceamenta
1272 3766 1456 3822 dicunt
1483 3782 1601 3824 esse
1624 3767 1905 3836 miracula,
1922 3784 2040 3840 qua:

448 3857 728 3929 discipulis
784 3864 838 3913 et
901 3856 1074 3913 turbis
1143 3857 1554 3913 demonstravit.
1620 3856 1751 3925 Quae
1822 3850 2041 3929 quidem

448 3952 816 4005 calceamenta
846 3946 1083 4006 Joannes
1113 3960 1327 4027 gestare
1380 3964 1485 4005 non
1550 3958 1780 4020 poterat,
1842 3951 2043 4022 quippe

450 4043 544 4115 qui
568 4042 716 4097 nullo
773 4042 935 4097 modo
966 4041 1181 4097 valebat
1213 4056 1276 4097 ea
1324 4040 1588 4097 miracula
1648 4040 2038 4099 demonstrare.

448 4139 521 4191 At
556 4135 916 4188 vcntilabrum
942 4132 1144 4188 Christi
1175 4142 1367 4189 vocant
1398 4131 1673 4204 Evangelii
1709 4146 2041 4203 sermonem,

450 4240 509 4280 ut
538 4226 629 4296 qui
652 4242 719 4280 ex
748 4224 893 4281 illius
937 4238 1032 4280 ore
1059 4223 1353 4295 profectus.
1391 4224 1583 4282 Aream
1616 4229 1861 4287 homines
1888 4228 2046 4286 Chri-

452 4322 685 4385 stianos,
736 4308 923 4391 inqua
970 4320 1101 4376 varii
1151 4321 1458 4394 diversique
1487 4335 1645 4393 sunt,
1708 4334 1820 4380 tum
1877 4338 2041 4395 recte,

454 4426 569 4469 tum
604 4425 794 4469 contra
828 4413 1151 4469 sentientes.
1203 4408 1470 4472 Triticum
1510 4429 1687 4471 autem
1721 4432 1873 4473 suam
1899 4420 2043 4488 ipso-

457 4524 579 4561 rum
629 4503 811 4572 (idem,
878 4512 1066 4576 utpote
1107 4521 1297 4575 puram
1356 4515 1410 4560 et
1458 4506 1781 4577 salutarem;
1833 4510 2044 4581 paleam

453 4613 585 4652 vero
620 4597 780 4653 (idem
834 4609 1076 4652 nostram
1136 4600 1387 4667 tanquam
1442 4597 1685 4654 inutilem
1732 4611 1894 4671 atque
1924 4590 2045 4673 igne

455 4691 671 4757 dignam
706 4688 999 4760 appellant.
1024 4687 1280 4754 Quaenam
1305 4688 1450 4744 auris
1475 4689 1559 4757 pia
1595 4691 1763 4761 possit
1816 4692 2044 4748 istorum

2140 3414 2436 3484 σπέρματα
2461 3410 2557 3465 τοῦ
2586 3410 2766 3478 ὄφεως
2792 3407 2886 3462 τοῦ
2912 3405 3466 3476 συγκατακλιθέντας,
3490 3405 3568 3467 ὡς
3594 3422 3728 3474 προ-

2137 3506 2463 3575 δεδήλωται,
2488 3505 2554 3574 τῇ
2591 3501 2730 3572 Εὕα,
2752 3501 2847 3555 καὶ
2876 3495 3209 3565 παραινοῦσι
3244 3496 3321 3568 μὴ
3344 3496 3726 3567 δυσχεραίνειν

2138 3599 2217 3660 ὼς
2263 3598 2368 3652 ὑπὸ
2419 3594 2513 3649 τοῦ
2570 3591 2879 3647 Βαπτιστοῦ
2952 3590 3201 3646 Ἰωάννου
3272 3588 3527 3660 ἀψευδῶς
3571 3590 3728 3642 τοῦτο

2139 3688 2710 3761 προσαγορευθέντας.

2210 3783 2309 3853 λβ’.
2356 3781 2709 3851 Ὑποδήματα
2737 3780 2837 3850 μὲν
2853 3776 2948 3832 τοῦ
2988 3776 3225 3849 Χριστοῦ
3250 3776 3474 3846 λέγουσι
3495 3776 3566 3831 τὰ
3594 3777 3724 3829 ὕπο-

2142 3873 2413 3943 δείγματα
2442 3868 2550 3923 τῶν
2588 3868 2855 3940 σημείων,
2877 3870 3017 3941 ἆπερ
3040 3868 3289 3935 ὑπέδειξε
3310 3872 3426 3933 τοῖς
3453 3871 3725 3940 μαθηταῖς

2142 3965 2239 4020 καὶ
2273 3964 2388 4027 τοῖς
2426 3962 2630 4032 ὄχλοις,
2661 3962 2701 4016 ἀ
2734 3961 2812 4033 μὴ
2848 3961 3113 4016 δύνασθαι
3141 3961 3414 4032 βαστάσαι
3447 3963 3540 4016 τὸν
3610 3962 3726 4017 Ἰω-

2143 4055 2309 4126 άννην
2336 4055 2411 4118 ὡς
2438 4050 2804 4110 ἀδυνατοῦντα
2829 4054 3050 4117 πάντως
3074 4054 3353 4119 ὑποδεῖξαι
3373 4054 3606 4113 τοιαῦτα
3629 4055 3725 4112 καὶ

2146 4146 2342 4201 αὐτόν’
2378 4144 2547 4200 πτύον
2572 4146 2628 4199 δὲ
2676 4145 2769 4200 τοῦ
2820 4146 3060 4217 Χριστοῦ
3090 4146 3182 4200 τὸν
3220 4147 3587 4217 εὐαγγελικδν
3641 4148 3726 4199 16-

2148 4257 2269 4309 γον,
2311 4239 2388 4303 ὡς
2439 4239 2868 4293 ἀποπτυσθέντα
2919 4240 3007 4294 διὰ
3054 4242 3147 4293 τοῦ
3206 4240 3477 4309 στόματος
3530 4241 3723 4304 αὐτοῦ.

2150 4333 2246 4387 καὶ
2286 4331 2471 4386 ἅλωνα
2525 4332 2626 4402 μὲν
2672 4332 2800 4396 τοὺς
2847 4332 3213 4403 Χριστιανοὺς
3259 4332 3335 4395 ὡς
3384 4331 3585 4395 ἄλλους
3633 4334 3728 4386 καὶ

2149 4422 2519 4487 ἀλλουςοτοὺς
2548 4423 2646 4492 μὲν
2676 4422 2785 4496 γὰρ
2815 4422 3131 4494 ὀρθοδόξους
3156 4418 3319 4487 εῖναι,
3344 4424 3472 4489 τοὺς
3495 4423 3550 4477 δὲ
3571 4426 3729 4478 τούνο

2154 4517 2343 4571 αντίον
2410 4515 2777 4588 ὲτεροδόξους·
2824 4519 2968 4570 σῖτον
3014 4516 3073 4570 δὲ
3124 4516 3224 4588 τὴν
3277 4518 3492 4572 ἑαυτῶν
3521 4519 3729 4581 πίστιν,

2156 4612 2232 4675 ὡς
2265 4609 2516 4680 καθαράν
2544 4626 2603 4661 τε
2631 4608 2726 4662 καὶ
2765 4609 3051 4680 τρόφιμον·
3096 4610 3296 4682 ἄχυρον
3348 4609 3408 4663 δὲ
3446 4609 3548 4681 τὴν
3608 4610 3731 4661 καθ’

2154 4704 2323 4773 ἡμᾶς,
2351 4701 2427 4765 ὡς
2459 4700 2737 4772 ἄχρηστον
2768 4703 2864 4756 καὶ
2912 4702 3081 4774 πυρὸς
3110 4702 3289 4767 ἀξίαν.
3329 4702 3425 4766 Τίς
3462 4701 3528 4756 ἂν
3568 4702 3734 4754 εὐσε-

455 4781 866 4836 maledictorum
916 4779 1249 4850 impietatem
1324 4779 1608 4850 perferre?
1660 4779 2037 4839 Stomachatut

2150 4793 2251 4864 σὴς
2301 4790 2440 4862 ἀκοὴ
2480 4791 2741 4845 τοιούτων
2808 4791 3103 4864 ἀνάσχοιτο
3133 4791 3537 4863 βλασφημιῶν;
3586 4792 3738 4846 Diaei

452 4874 638 4927 anima
694 4887 811 4926 mea
858 4873 924 4927 ad
976 4870 1204 4927 istorum
1268 4874 1520 4943 ineptias,
1577 4882 1631 4928 et
1699 4890 1890 4932 sensus
1939 4880 2037 4935 mei

2154 4884 2293 4955 πρὸς
2326 4883 2426 4950 τὰς
2470 4881 2699 4947 ἀτοπίας
2730 4882 2934 4948 ταύτας
2970 4884 3004 4956 ή
3035 4882 3144 4956 ἐμὴ
3171 4883 3345 4955 ψυχὴ,
3381 4885 3477 4938 καὶ
3505 4884 3577 4938 τὰ
3644 4885 3735 4936 αί-

456 4964 865 5035 perturbantnr,
919 4974 977 5018 ut
1009 4964 1086 5019 ait
1119 4964 1443 5035 propheta’,
1498 4976 1552 5021 et
1590 4966 1747 5023 velim
1806 4974 2037 5028 sermoni

2150 4975 2428 5047 σθητήριά
2464 4992 2566 5044 μου
2603 4974 2933 5045 μαιμάσσει,
2982 4977 3123 5028 κατά
3166 4974 3257 5028 τὸν
3288 4977 3605 5045 προφήτην,
3641 4974 3739 5028 καὶ

456 5055 678 5109 modum
707 5054 1007 5123 imponere,
1068 5069 1173 5108 nec
1238 5053 1447 5125 longius
1499 5058 1770 5127 progredi,
1835 5075 1933 5115 nec
1982 5060 2037 5117 in
2147 5068 2415 5140 βούλομαι
2451 5069 2543 5121 τὸν
2577 5070 2735 5136 λόγον
2765 5066 3021 5136 ἐκκόψαι,
3070 5069 3163 5120 καὶ
3213 5067 3293 5139 μὴ
3328 5067 3607 5139 προδῆναι
3646 5082 3738 5119 πε.

454 5148 632 5202 lucem
663 5148 940 5215 proferre,
986 5157 1041 5203 et
1088 5149 1365 5202 memoriae
1404 5154 1786 5208 commendare
1829 5167 1890 5209 ea
1920 5169 2037 5225 quae

2149 5159 2409 5233 ραιτιρω,
2447 5160 2584 5232 μηδὲ
2614 5158 2761 5229 φωτὶ
2794 5160 2889 5213 καὶ
2944 5161 3136 5233 μνήμη
3166 5158 3351 5214 δοῦναι
3396 5160 3468 5213 τὰ
3496 5158 3736 5220 σκότους

456 5242 695 5297 mliebris
723 5250 775 5296 el
814 5239 1083 5297 υωίνῖοηθ
1134 5252 1258 5296 δυηι
1291 5241 1470 5310 digna-
2134 5252 2233 5308 καὶ
2288 5253 2462 5323 λήθης
2510 5252 2659 5316 ἀξια.
2725 5251 3135 5322 Παραδιαστέον
3179 5252 3232 5305 δὲ
3270 5250 3466 5322 μικρὸν
3501 5251 3609 5319 ἔτι,
3641 5252 3739 5304 καὶ

2157 5344 2523 5416 καρτερητέον
2560 5345 2685 5415 ἄχρι
2714 5344 2860 5407 τινὸς
2895 5346 2992 5415 τὴν
3022 5338 3405 5414 γλωσσαλγίαν
3436 5340 3543 5397 τῶν
3594 5345 3741 5397 ἀπε-

2149 5441 2491 5512 ραντολόγων
2522 5441 2752 5509 τούτων,
2783 5424 2881 5493 καὶ⁸
2908 5430 3261 5510 παραφόρων,
3294 5442 3388 5492 καὶ
3435 5436 3743 5508 βδελυρῶν.

2215 5533 2317 5603 λγ’.
2367 5528 2532 5608 Ὄρος
2568 5535 2767 5605 ὑψηλὸν
2791 5536 3012 5604 λέγουσι
3058 5532 3147 5587 τὸν
3172 5532 3425 5605 δεύτερον
3476 5530 3741 5602 οὐρανὸν.

454 5631 563 5686 quo
587 5606 838 5670 Chrisuts
872 5628 904 5668 a
932 5614 1149 5670 diabolo
1177 5617 1419 5673 sublatus
1445 5618 1641 5673 viderit
1664 5623 1842 5697 onmia
1871 5640 2032 5694 regna

2149 5628 2244 5681 καὶ
2277 5630 2355 5691 εἰς
2375 5626 2403 5681 ὃ
2430 5606 2520 5681 τὸν
2553 5628 2789 5701 Χριστὸν
2818 5627 3414 5698 ἀναϐιϐασθῆναιπαρά
3432 5627 3524 5681 τοῦ
3544 5626 3741 5679 διασκί-

455 5709 663 5763 mundi.
730 5708 1057 5780 Adduntque
1116 5707 1384 5764 diabolum
1452 5712 1695 5791 in_illud
1739 5719 2032 5773 secundum

2149 5719 2261 5782 λου,
2296 5720 2390 5773 καὶ
2428 5720 2557 5774 ίδεῖν
2584 5721 2765 5783 πάσας
2797 5721 2893 5782 τὰς
2925 5720 3200 5791 βασιλείας
3232 5722 3329 5773 τοῦ
3364 5723 3576 5790 κόσμου
3597 5735 3612 5748 ·
3644 5716 3738 5770 καί

454 5800 648 5855 coelum
711 5816 814 5856 non
874 5801 1040 5858 fuisse
1103 5816 1551 5872 conscensurum,
1608 5808 1708 5862 nisi
1761 5808 2034 5881 propritim

2149 5829 2332 5881 φασιν,
2355 5814 2437 5867 ὅτι
2468 5814 2568 5868 οὐκ
2601 5815 2666 5868 ἂν
2709 5816 2737 5868 ὁ
2765 5815 3009 5877 δ.άόολος
3067 5814 3302 5884 ἀνῆλθεν
3349 5817 3427 5879 εἰς
3457 5814 3646 5878 αὐτὸν,
3686 5812 3733 5861 εἰ

524 5522 611 5576 33.
653 5520 888 5576 Montem
920 5519 1082 5574 altum
1119 5520 1307 5576 dicunt
1333 5514 1454 5579 esse
1490 5525 1781 5582 secundum
1816 5530 2031 5597 caelum,

532 5982 548 6011 ¹
576 5978 720 6036 I‘sal.
752 5996 941 6049 cxvm,
980 5983 1101 6038 l05.
1180 5982 1198 6012 ¹
1235 5982 1436 6038 Jerem.
1470 5998 1543 6051 tv,
1574 5983 1661 6039 l9.
