  <div class='ocr_page' id='page_1' title='image "/cluster/home/n/w/nwhite01/storage/ocr_20150623/130/hvd.32044019208255/670.png"; bbox 0 0 3960 6598; ppageno 0'>
   <div class='ocr_carea' id='block_1_1' title="bbox 313 519 458 589">
    <p class='ocr_par' dir='ltr' id='par_1_1' title="bbox 313 519 458 589">
     <span class='ocr_line' id='line_1_1' title="bbox 313 519 458 589; baseline -0.021 0"><span class='ocrx_word' id='word_1_1' title='bbox 313 519 458 589; x_wconf 75' lang='grc'><strong>1325</strong></span> 
     </span>
    </p>
   </div>
   <div class='ocr_carea' id='block_1_2' title="bbox 1232 523 2685 598">
    <p class='ocr_par' dir='ltr' id='par_1_2' title="bbox 1232 523 2685 598">
     <span class='ocr_line' id='line_1_2' title="bbox 1232 523 2685 598; baseline 0.006 -14"><span class='ocrx_word' id='word_1_2' title='bbox 1232 523 1611 585; x_wconf 83' lang='lat' dir='ltr'><strong>PANOPLIA</strong></span> <span class='ocrx_word' id='word_1_3' title='bbox 1650 524 2112 589; x_wconf 77' lang='lat' dir='ltr'><strong>DOGMATICA.</strong></span> <span class='ocrx_word' id='word_1_4' title='bbox 2143 556 2212 568; x_wconf 96' lang='lat'><strong>—</strong></span> <span class='ocrx_word' id='word_1_5' title='bbox 2245 532 2398 598; x_wconf 87' lang='lat' dir='ltr'><strong>TIT.</strong></span> <span class='ocrx_word' id='word_1_6' title='bbox 2438 532 2685 596; x_wconf 83' lang='lat' dir='ltr'><strong>XXVII.</strong></span> 
     </span>
    </p>
   </div>
   <div class='ocr_carea' id='block_1_3' title="bbox 3432 534 3573 600">
    <p class='ocr_par' dir='ltr' id='par_1_3' title="bbox 3432 534 3573 600">
     <span class='ocr_line' id='line_1_3' title="bbox 3432 534 3573 600; baseline 0.028 -4"><span class='ocrx_word' id='word_1_7' title='bbox 3432 534 3573 600; x_wconf 75' lang='lat'><strong>1326</strong></span> 
     </span>
    </p>
   </div>
   <div class='ocr_carea' id='block_1_4' title="bbox 314 636 1885 720">
    <p class='ocr_par' dir='ltr' id='par_1_4' title="bbox 314 636 1885 712">
     <span class='ocr_line' id='line_1_4' title="bbox 314 636 1885 712; baseline 0.003 -23"><span class='ocrx_word' id='word_1_8' title='bbox 314 638 389 706; x_wconf 78' lang='grc' dir='ltr'>μὴ</span> <span class='ocrx_word' id='word_1_9' title='bbox 414 636 626 707; x_wconf 84' lang='grc' dir='ltr'>ποίημα</span> <span class='ocrx_word' id='word_1_10' title='bbox 661 637 853 691; x_wconf 83' lang='grc' dir='ltr'>τοῦτον</span> <span class='ocrx_word' id='word_1_11' title='bbox 893 638 1023 693; x_wconf 78' lang='grc' dir='ltr'>ἴδιον</span> <span class='ocrx_word' id='word_1_12' title='bbox 1072 640 1389 708; x_wconf 76' lang='grc' dir='ltr'><strong>ἐγίνωσκεν.</strong></span> <span class='ocrx_word' id='word_1_13' title='bbox 1422 639 1547 694; x_wconf 73' lang='grc' dir='ltr'><strong>Οὐδ’</strong></span> <span class='ocrx_word' id='word_1_14' title='bbox 1592 641 1656 694; x_wconf 86' lang='grc' dir='ltr'><strong>ἂν</strong></span> <span class='ocrx_word' id='word_1_15' title='bbox 1708 640 1885 712; x_wconf 78' lang='grc' dir='ltr'>ἑαυτῷ</span> 
     </span>
    </p>
   </div>
   <div class='ocr_carea' id='block_1_5' title="bbox 1998 636 3569 720">
    <p class='ocr_par' dir='ltr' id='par_1_5' title="bbox 1998 644 3569 720">
     <span class='ocr_line' id='line_1_5' title="bbox 1998 644 3569 720; baseline 0.004 -21"><span class='ocrx_word' id='word_1_16' title='bbox 1998 644 2167 713; x_wconf 89' lang='lat' dir='ltr'><strong>ipsum</strong></span> <span class='ocrx_word' id='word_1_17' title='bbox 2191 659 2312 703; x_wconf 87' lang='lat' dir='ltr'><strong>esse</strong></span> <span class='ocrx_word' id='word_1_18' title='bbox 2340 660 2474 718; x_wconf 88' lang='lat' dir='ltr'><strong>opus</strong></span> <span class='ocrx_word' id='word_1_19' title='bbox 2494 651 2821 719; x_wconf 82' lang='lat' dir='ltr'><strong>agnovisset.</strong></span> <span class='ocrx_word' id='word_1_20' title='bbox 2864 648 3046 719; x_wconf 86' lang='lat' dir='ltr'><strong>Neque</strong></span> <span class='ocrx_word' id='word_1_21' title='bbox 3068 648 3269 717; x_wconf 83' lang='lat' dir='ltr'><strong>omnia,</strong></span> <span class='ocrx_word' id='word_1_22' title='bbox 3292 650 3569 720; x_wconf 74' lang='lat' dir='ltr'><strong>inquiunt,</strong></span> 
     </span>
    </p>
   </div>
   <div class='ocr_carea' id='block_1_6' title="bbox 311 726 1887 805">
    <p class='ocr_par' dir='ltr' id='par_1_6' title="bbox 311 726 1887 805">
     <span class='ocr_line' id='line_1_6' title="bbox 311 726 1887 805; baseline 0.004 -26"><span class='ocrx_word' id='word_1_23' title='bbox 311 729 713 797; x_wconf 78' lang='grc' dir='ltr'><strong>παραδεδόσθαι</strong></span> <span class='ocrx_word' id='word_1_24' title='bbox 743 730 924 795; x_wconf 81' lang='grc' dir='ltr'>πάσας</span> <span class='ocrx_word' id='word_1_25' title='bbox 953 732 1051 795; x_wconf 71' lang='grc' dir='ltr'>τὰς</span> <span class='ocrx_word' id='word_1_26' title='bbox 1078 731 1360 803; x_wconf 78' lang='grc' dir='ltr'><strong>βασιλείας</strong></span> <span class='ocrx_word' id='word_1_27' title='bbox 1401 726 1576 797; x_wconf 79' lang='grc' dir='ltr'>εἶπεν,</span> <span class='ocrx_word' id='word_1_28' title='bbox 1615 733 1663 786; x_wconf 84' lang='grc' dir='ltr'><strong>εί</strong></span> <span class='ocrx_word' id='word_1_29' title='bbox 1689 732 1763 805; x_wconf 85' lang='grc' dir='ltr'>μὴ</span> <span class='ocrx_word' id='word_1_30' title='bbox 1792 732 1887 786; x_wconf 77' lang='grc' dir='ltr'><strong>καὶ</strong></span> 
     </span>
    </p>
   </div>
   <div class='ocr_carea' id='block_1_7' title="bbox 313 822 1884 896">
    <p class='ocr_par' dir='ltr' id='par_1_7' title="bbox 313 822 1884 896">
     <span class='ocr_line' id='line_1_7' title="bbox 313 822 1884 896; baseline 0.003 -24"><span class='ocrx_word' id='word_1_31' title='bbox 313 822 414 889; x_wconf 70' lang='grc' dir='ltr'>τὴν</span> <span class='ocrx_word' id='word_1_32' title='bbox 441 822 650 876; x_wconf 88' lang='grc' dir='ltr'>τούτων</span> <span class='ocrx_word' id='word_1_33' title='bbox 688 825 1051 896; x_wconf 82' lang='grc' dir='ltr'><strong>συνεχωρήθη</strong></span> <span class='ocrx_word' id='word_1_34' title='bbox 1087 824 1434 895; x_wconf 86' lang='grc' dir='ltr'>κυριαρχίαν,</span> <span class='ocrx_word' id='word_1_35' title='bbox 1461 824 1537 888; x_wconf 84' lang='grc' dir='ltr'>ὡς</span> <span class='ocrx_word' id='word_1_36' title='bbox 1563 824 1691 893; x_wconf 84' lang='grc' dir='ltr'>παρ’</span> <span class='ocrx_word' id='word_1_37' title='bbox 1719 822 1884 879; x_wconf 82' lang='grc' dir='ltr'>αὑτοῦ</span> 
     </span>
    </p>
   </div>
   <div class='ocr_carea' id='block_1_8' title="bbox 308 914 1389 988">
    <p class='ocr_par' dir='ltr' id='par_1_8' title="bbox 308 914 1389 988">
     <span class='ocr_line' id='line_1_8' title="bbox 308 914 1389 988; baseline 0.006 -25"><span class='ocrx_word' id='word_1_38' title='bbox 308 914 715 982; x_wconf 84' lang='grc' dir='ltr'>γεγενημένων,</span> <span class='ocrx_word' id='word_1_39' title='bbox 749 915 931 979; x_wconf 84' lang='grc' dir='ltr'>καθὼς</span> <span class='ocrx_word' id='word_1_40' title='bbox 956 916 1389 988; x_wconf 84' lang='grc' dir='ltr'>προδεδήλωται.</span> 
     </span>
    </p>
   </div>
   <div class='ocr_carea' id='block_1_9' title="bbox 376 1005 1885 1079">
    <p class='ocr_par' dir='ltr' id='par_1_9' title="bbox 376 1005 1885 1079">
     <span class='ocr_line' id='line_1_9' title="bbox 376 1005 1885 1079; baseline 0.005 -23"><span class='ocrx_word' id='word_1_41' title='bbox 376 1005 468 1057; x_wconf 68' lang='grc' dir='ltr'>λδν.</span> <span class='ocrx_word' id='word_1_42' title='bbox 490 1007 599 1059; x_wconf 80' lang='grc' dir='ltr'><strong>Καὶ</strong></span> <span class='ocrx_word' id='word_1_43' title='bbox 640 1009 1006 1076; x_wconf 71' lang='grc' dir='ltr'>καταλιπὼν,</span> <span class='ocrx_word' id='word_1_44' title='bbox 1032 1010 1218 1079; x_wconf 78' lang='grc' dir='ltr'>φησὶν,</span> <span class='ocrx_word' id='word_1_45' title='bbox 1239 1013 1272 1064; x_wconf 84' lang='grc' dir='ltr'><em>ὁ</em></span> <span class='ocrx_word' id='word_1_46' title='bbox 1309 1010 1538 1077; x_wconf 81' lang='grc' dir='ltr'>Ἰησοῦς</span> <span class='ocrx_word' id='word_1_47' title='bbox 1560 1009 1676 1078; x_wconf 79' lang='grc' dir='ltr'>τὴν</span> <span class='ocrx_word' id='word_1_48' title='bbox 1695 1008 1885 1071; x_wconf 59' lang='grc' dir='ltr'>Ναΐα-</span> 
     </span>
    </p>
   </div>
   <div class='ocr_carea' id='block_1_10' title="bbox 300 1096 1884 1172">
    <p class='ocr_par' dir='ltr' id='par_1_10' title="bbox 300 1096 1884 1172">
     <span class='ocr_line' id='line_1_10' title="bbox 300 1096 1884 1172; baseline 0.003 -23"><span class='ocrx_word' id='word_1_49' title='bbox 300 1096 426 1163; x_wconf 62' lang='grc' dir='ltr'>ρὲτ,</span> <span class='ocrx_word' id='word_1_50' title='bbox 459 1097 647 1153; x_wconf 73' lang='grc' dir='ltr'><strong>ἐλθὼν</strong></span> <span class='ocrx_word' id='word_1_51' title='bbox 673 1099 1027 1169; x_wconf 77' lang='grc' dir='ltr'><strong>κατῴκησεν</strong></span> <span class='ocrx_word' id='word_1_52' title='bbox 1051 1103 1139 1169; x_wconf 78' lang='grc' dir='ltr'>εἷς</span> <span class='ocrx_word' id='word_1_53' title='bbox 1174 1101 1590 1171; x_wconf 80' lang='grc' dir='ltr'>Καπερναούμ.</span> <span class='ocrx_word' id='word_1_54' title='bbox 1626 1099 1884 1172; x_wconf 76' lang='grc' dir='ltr'>Ναζαρὲτ</span> 
     </span>
    </p>
   </div>
   <div class='ocr_carea' id='block_1_11' title="bbox 311 1189 1884 1265">
    <p class='ocr_par' dir='ltr' id='par_1_11' title="bbox 311 1189 1884 1265">
     <span class='ocr_line' id='line_1_11' title="bbox 311 1189 1884 1265; baseline 0.006 -25"><span class='ocrx_word' id='word_1_55' title='bbox 311 1189 411 1255; x_wconf 82' lang='grc' dir='ltr'><strong>μὲν</strong></span> <span class='ocrx_word' id='word_1_56' title='bbox 449 1190 599 1259; x_wconf 76' lang='grc' dir='ltr'>ἡμᾶς</span> <span class='ocrx_word' id='word_1_57' title='bbox 626 1192 1124 1264; x_wconf 77' lang='grc' dir='ltr'>προσαγορεύουσι,</span> <span class='ocrx_word' id='word_1_58' title='bbox 1145 1194 1521 1265; x_wconf 78' lang='grc' dir='ltr'>Καπερναοῦμ</span> <span class='ocrx_word' id='word_1_59' title='bbox 1552 1193 1610 1246; x_wconf 87' lang='grc' dir='ltr'>δὲ</span> <span class='ocrx_word' id='word_1_60' title='bbox 1633 1189 1884 1258; x_wconf 81' lang='grc' dir='ltr'>ἑαυτούς.</span> 
     </span>
    </p>
   </div>
   <div class='ocr_carea' id='block_1_12' title="bbox 307 1280 1889 1358">
    <p class='ocr_par' dir='ltr' id='par_1_12' title="bbox 307 1280 1889 1358">
     <span class='ocr_line' id='line_1_12' title="bbox 307 1280 1889 1358; baseline 0.006 -26"><span class='ocrx_word' id='word_1_61' title='bbox 307 1280 419 1334; x_wconf 68' lang='grc' dir='ltr'>Καὶ</span> <span class='ocrx_word' id='word_1_62' title='bbox 438 1280 534 1336; x_wconf 86' lang='grc' dir='ltr'><strong>νῦν</strong></span> <span class='ocrx_word' id='word_1_63' title='bbox 565 1287 845 1338; x_wconf 81' lang='grc' dir='ltr'>κατοικεῖν</span> <span class='ocrx_word' id='word_1_64' title='bbox 873 1286 972 1355; x_wconf 83' lang='grc' dir='ltr'><strong>μὲν</strong></span> <span class='ocrx_word' id='word_1_65' title='bbox 1005 1287 1137 1358; x_wconf 78' lang='grc' dir='ltr'>παρ’</span> <span class='ocrx_word' id='word_1_66' title='bbox 1168 1287 1350 1350; x_wconf 81' lang='grc' dir='ltr'>αὐτοῖς</span> <span class='ocrx_word' id='word_1_67' title='bbox 1380 1287 1603 1356; x_wconf 88' lang='grc' dir='ltr'>λέγουσι</span> <span class='ocrx_word' id='word_1_68' title='bbox 1633 1286 1726 1340; x_wconf 78' lang='grc' dir='ltr'><strong>τὸν</strong></span> <span class='ocrx_word' id='word_1_69' title='bbox 1754 1287 1889 1358; x_wconf 84' lang='grc' dir='ltr'>Χρι-</span> 
     </span>
    </p>
   </div>
   <div class='ocr_carea' id='block_1_13' title="bbox 306 1373 1654 1453">
    <p class='ocr_par' dir='ltr' id='par_1_13' title="bbox 306 1373 1654 1453">
     <span class='ocr_line' id='line_1_13' title="bbox 306 1373 1654 1453; baseline 0.007 -28"><span class='ocrx_word' id='word_1_70' title='bbox 306 1373 430 1426; x_wconf 77' lang='grc' dir='ltr'>στὸν</span> <span class='ocrx_word' id='word_1_71' title='bbox 463 1376 837 1432; x_wconf 76' lang='grc' dir='ltr'><strong>καταλιπόντα</strong></span> <span class='ocrx_word' id='word_1_72' title='bbox 866 1380 971 1449; x_wconf 79' lang='grc' dir='ltr'>τὴν</span> <span class='ocrx_word' id='word_1_73' title='bbox 991 1380 1272 1453; x_wconf 13' lang='grc' dir='ltr'>’ἡμετέραν</span> <span class='ocrx_word' id='word_1_74' title='bbox 1306 1381 1654 1451; x_wconf 76' lang='grc' dir='ltr'>συναγωγήν.</span> 
     </span>
    </p>
   </div>
   <div class='ocr_carea' id='block_1_14' title="bbox 373 1466 1890 1542">
    <p class='ocr_par' dir='ltr' id='par_1_14' title="bbox 373 1466 1890 1542">
     <span class='ocr_line' id='line_1_14' title="bbox 373 1466 1890 1542; baseline 0.004 -23"><span class='ocrx_word' id='word_1_75' title='bbox 373 1466 467 1521; x_wconf 87' lang='grc' dir='ltr'>λε’.</span> <span class='ocrx_word' id='word_1_76' title='bbox 498 1468 636 1531; x_wconf 66' lang='grc' dir='ltr'>Τοὺς</span> <span class='ocrx_word' id='word_1_77' title='bbox 693 1472 1087 1539; x_wconf 80' lang='grc' dir='ltr'>μακαρισμοῦς</span> <span class='ocrx_word' id='word_1_78' title='bbox 1146 1473 1360 1534; x_wconf 81' lang='grc' dir='ltr'><strong>πάντας</strong></span> <span class='ocrx_word' id='word_1_79' title='bbox 1395 1471 1525 1542; x_wconf 72' lang='grc' dir='ltr'>περὶ</span> <span class='ocrx_word' id='word_1_80' title='bbox 1554 1473 1733 1542; x_wconf 86' lang='grc' dir='ltr'>μόνων</span> <span class='ocrx_word' id='word_1_81' title='bbox 1780 1471 1890 1525; x_wconf 87' lang='grc' dir='ltr'><strong>τῶν</strong></span> 
     </span>
    </p>
   </div>
   <div class='ocr_carea' id='block_1_15' title="bbox 301 1560 1887 1633">
    <p class='ocr_par' dir='ltr' id='par_1_15' title="bbox 301 1560 1887 1633">
     <span class='ocr_line' id='line_1_15' title="bbox 301 1560 1887 1633; baseline 0.004 -22"><span class='ocrx_word' id='word_1_82' title='bbox 301 1560 422 1611; x_wconf 77' lang='grc' dir='ltr'>κατ’</span> <span class='ocrx_word' id='word_1_83' title='bbox 454 1560 653 1624; x_wconf 82' lang='grc' dir='ltr'>αὐτοὺς</span> <span class='ocrx_word' id='word_1_84' title='bbox 682 1561 913 1626; x_wconf 80' lang='grc' dir='ltr'><strong>πιστῶν,</strong></span> <span class='ocrx_word' id='word_1_85' title='bbox 948 1562 1067 1633; x_wconf 68' lang='grc' dir='ltr'>ἦτοι</span> <span class='ocrx_word' id='word_1_86' title='bbox 1092 1562 1201 1616; x_wconf 88' lang='grc' dir='ltr'><strong>τῶν</strong></span> <span class='ocrx_word' id='word_1_87' title='bbox 1241 1563 1560 1633; x_wconf 87' lang='grc' dir='ltr'>Βογομίλων</span> <span class='ocrx_word' id='word_1_88' title='bbox 1588 1565 1765 1618; x_wconf 75' lang='grc' dir='ltr'>εἰπεῖν</span> <span class='ocrx_word' id='word_1_89' title='bbox 1793 1562 1887 1620; x_wconf 76' lang='grc' dir='ltr'>τὸν</span> 
     </span>
    </p>
   </div>
   <div class='ocr_carea' id='block_1_16' title="bbox 298 1652 1883 1730">
    <p class='ocr_par' dir='ltr' id='par_1_16' title="bbox 298 1652 1883 1730">
     <span class='ocr_line' id='line_1_16' title="bbox 298 1652 1883 1730; baseline 0.006 -27"><span class='ocrx_word' id='word_1_90' title='bbox 298 1652 539 1721; x_wconf 74' lang='grc' dir='ltr'>Χριστὸν</span> <span class='ocrx_word' id='word_1_91' title='bbox 601 1652 1071 1710; x_wconf 76' lang='grc' dir='ltr'>διαϐεϐαιοῦνται.</span> <span class='ocrx_word' id='word_1_92' title='bbox 1148 1656 1444 1721; x_wconf 78' lang='grc' dir='ltr'><strong>Τοιούτους</strong></span> <span class='ocrx_word' id='word_1_93' title='bbox 1495 1658 1605 1730; x_wconf 78' lang='grc' dir='ltr'>γὰρ</span> <span class='ocrx_word' id='word_1_94' title='bbox 1678 1657 1883 1722; x_wconf 80' lang='grc' dir='ltr'>αὐτοὺς</span> 
     </span>
    </p>
   </div>
   <div class='ocr_carea' id='block_1_17' title="bbox 297 1738 1885 1818">
    <p class='ocr_par' dir='ltr' id='par_1_17' title="bbox 297 1738 1885 1818">
     <span class='ocr_line' id='line_1_17' title="bbox 297 1738 1885 1818; baseline 0.007 -25"><span class='ocrx_word' id='word_1_95' title='bbox 297 1738 438 1797; x_wconf 73' lang='grc' dir='ltr'>εἶναι</span> <span class='ocrx_word' id='word_1_96' title='bbox 480 1745 733 1815; x_wconf 78' lang='grc' dir='ltr'>πτωχοὺς</span> <span class='ocrx_word' id='word_1_97' title='bbox 769 1746 1180 1818; x_wconf 53' lang='grc' dir='ltr'>τῷνπνεύματι,</span> <span class='ocrx_word' id='word_1_98' title='bbox 1234 1749 1329 1803; x_wconf 74' lang='grc' dir='ltr'><strong>καὶ</strong></span> <span class='ocrx_word' id='word_1_99' title='bbox 1385 1747 1738 1816; x_wconf 86' lang='grc' dir='ltr'>πενθοῦντας,</span> <span class='ocrx_word' id='word_1_100' title='bbox 1788 1750 1885 1804; x_wconf 78' lang='grc' dir='ltr'>καὶ</span> 
     </span>
    </p>
   </div>
   <div class='ocr_carea' id='block_1_18' title="bbox 298 1837 1885 1914">
    <p class='ocr_par' dir='ltr' id='par_1_18' title="bbox 298 1837 1885 1914">
     <span class='ocr_line' id='line_1_18' title="bbox 298 1837 1885 1914; baseline 0.007 -27"><span class='ocrx_word' id='word_1_101' title='bbox 298 1837 632 1903; x_wconf 81' lang='grc' dir='ltr'><strong>πεινῶντας,</strong></span> <span class='ocrx_word' id='word_1_102' title='bbox 670 1841 765 1893; x_wconf 83' lang='grc' dir='ltr'><strong>καὶ</strong></span> <span class='ocrx_word' id='word_1_103' title='bbox 795 1840 1072 1910; x_wconf 71' lang='grc' dir='ltr'>διψῶντας</span> <span class='ocrx_word' id='word_1_104' title='bbox 1131 1841 1229 1912; x_wconf 76' lang='grc' dir='ltr'><strong>τὴν</strong></span> <span class='ocrx_word' id='word_1_105' title='bbox 1280 1843 1653 1914; x_wconf 87' lang='grc' dir='ltr'>δικαιοσύνην,</span> <span class='ocrx_word' id='word_1_106' title='bbox 1682 1844 1777 1900; x_wconf 80' lang='grc' dir='ltr'>καὶ</span> <span class='ocrx_word' id='word_1_107' title='bbox 1815 1844 1885 1898; x_wconf 81' lang='grc' dir='ltr'>τὰ</span> 
     </span>
    </p>
   </div>
   <div class='ocr_carea' id='block_1_19' title="bbox 1986 735 3572 811">
    <p class='ocr_par' dir='ltr' id='par_1_19' title="bbox 1986 735 3572 811">
     <span class='ocr_line' id='line_1_19' title="bbox 1986 735 3572 811; baseline 0.004 -22"><span class='ocrx_word' id='word_1_108' title='bbox 1986 735 2061 790; x_wconf 86' lang='lat' dir='ltr'><strong>illi</strong></span> <span class='ocrx_word' id='word_1_109' title='bbox 2092 750 2259 807; x_wconf 83' lang='lat' dir='ltr'><strong>regna</strong></span> <span class='ocrx_word' id='word_1_110' title='bbox 2309 738 2535 795; x_wconf 86' lang='lat' dir='ltr'><strong>dixisset</strong></span> <span class='ocrx_word' id='word_1_111' title='bbox 2571 754 2691 796; x_wconf 88' lang='lat' dir='ltr'><strong>esse</strong></span> <span class='ocrx_word' id='word_1_112' title='bbox 2741 739 3019 811; x_wconf 75' lang='lat' dir='ltr'><strong>daturum,</strong></span> <span class='ocrx_word' id='word_1_113' title='bbox 3084 741 3185 796; x_wconf 83' lang='lat' dir='ltr'><strong>nisi</strong></span> <span class='ocrx_word' id='word_1_114' title='bbox 3245 742 3572 799; x_wconf 81' lang='lat' dir='ltr'><strong>obtinuisset</strong></span> 
     </span>
    </p>
   </div>
   <div class='ocr_carea' id='block_1_20' title="bbox 1986 831 3573 905">
    <p class='ocr_par' dir='ltr' id='par_1_20' title="bbox 1986 831 3573 905">
     <span class='ocr_line' id='line_1_20' title="bbox 1986 831 3573 905; baseline 0.005 -23"><span class='ocrx_word' id='word_1_115' title='bbox 1986 842 2172 883; x_wconf 89' lang='lat' dir='ltr'><strong>eorum</strong></span> <span class='ocrx_word' id='word_1_116' title='bbox 2217 831 2576 898; x_wconf 85' lang='lat' dir='ltr'><strong>dominatum,</strong></span> <span class='ocrx_word' id='word_1_117' title='bbox 2633 841 2689 888; x_wconf 88' lang='lat' dir='ltr'><strong>ut</strong></span> <span class='ocrx_word' id='word_1_118' title='bbox 2727 848 2845 905; x_wconf 75' lang='lat' dir='ltr'><strong>qua:</strong></span> <span class='ocrx_word' id='word_1_119' title='bbox 2901 848 2929 887; x_wconf 91' lang='lat' dir='ltr'><strong>a</strong></span> <span class='ocrx_word' id='word_1_120' title='bbox 2962 848 3022 889; x_wconf 90' lang='lat' dir='ltr'><strong>se</strong></span> <span class='ocrx_word' id='word_1_121' title='bbox 3078 842 3259 890; x_wconf 88' lang='lat' dir='ltr'><strong>essent</strong></span> <span class='ocrx_word' id='word_1_122' title='bbox 3308 833 3470 902; x_wconf 84' lang='lat' dir='ltr'><strong>facta,</strong></span> <span class='ocrx_word' id='word_1_123' title='bbox 3514 845 3573 890; x_wconf 88' lang='lat' dir='ltr'><strong>ttt</strong></span> 
     </span>
    </p>
   </div>
   <div class='ocr_carea' id='block_1_21' title="bbox 1988 916 3611 977">
    <p class='ocr_par' dir='ltr' id='par_1_21' title="bbox 1988 916 3611 977">
     <span class='ocr_line' id='line_1_21' title="bbox 1988 916 3611 977; baseline 0.004 -6"><span class='ocrx_word' id='word_1_124' title='bbox 1988 916 2325 975; x_wconf 86' lang='lat' dir='ltr'><strong>declaratum</strong></span> <span class='ocrx_word' id='word_1_125' title='bbox 2356 931 2459 977; x_wconf 88' lang='lat' dir='ltr'><strong>est.</strong></span> <span class='ocrx_word' id='word_1_126' title='bbox 3602 916 3611 977; x_wconf 69' lang='grc' dir='ltr'><strong><em>Γ</em></strong></span> 
     </span>
    </p>
   </div>
   <div class='ocr_carea' id='block_1_22' title="bbox 2058 1009 3571 1088">
    <p class='ocr_par' dir='ltr' id='par_1_22' title="bbox 2058 1009 3571 1088">
     <span class='ocr_line' id='line_1_22' title="bbox 2058 1009 3571 1088; baseline 0.004 -22"><span class='ocrx_word' id='word_1_127' title='bbox 2058 1011 2150 1068; x_wconf 69' lang='grc'><strong>54.</strong></span> <span class='ocrx_word' id='word_1_128' title='bbox 2179 1009 2247 1064; x_wconf 82' lang='lat' dir='ltr'><strong>Et</strong></span> <span class='ocrx_word' id='word_1_129' title='bbox 2271 1013 2475 1080; x_wconf 83' lang='lat' dir='ltr'><strong>relicto,</strong></span> <span class='ocrx_word' id='word_1_130' title='bbox 2503 1015 2696 1084; x_wconf 92' lang='lat' dir='ltr'><strong>inquit,</strong></span> <span class='ocrx_word' id='word_1_131' title='bbox 2718 1016 3009 1085; x_wconf 77' lang='lat' dir='ltr'><strong>Nazareth,</strong></span> <span class='ocrx_word' id='word_1_132' title='bbox 3028 1017 3291 1088; x_wconf 70' lang='lat' dir='ltr'><strong>profectus</strong></span> <span class='ocrx_word' id='word_1_133' title='bbox 3313 1018 3571 1073; x_wconf 79' lang='lat' dir='ltr'><strong>habitavit</strong></span> 
     </span>
    </p>
   </div>
   <div class='ocr_carea' id='block_1_23' title="bbox 1987 1099 3573 1178">
    <p class='ocr_par' dir='ltr' id='par_1_23' title="bbox 1987 1099 3573 1178">
     <span class='ocr_line' id='line_1_23' title="bbox 1987 1099 3573 1178; baseline 0.008 -25"><span class='ocrx_word' id='word_1_134' title='bbox 1987 1102 2042 1156; x_wconf 90' lang='lat' dir='ltr'><strong>in</strong></span> <span class='ocrx_word' id='word_1_135' title='bbox 2076 1099 2413 1172; x_wconf 85' lang='lat' dir='ltr'><strong>Capernaum</strong></span> <span class='ocrx_word' id='word_1_136' title='bbox 2458 1107 2500 1160; x_wconf 75' lang='grc' dir='ltr'>ί.</span> <span class='ocrx_word' id='word_1_137' title='bbox 2531 1104 2641 1163; x_wconf 87' lang='lat' dir='ltr'><strong>Nos</strong></span> <span class='ocrx_word' id='word_1_138' title='bbox 2672 1110 2855 1162; x_wconf 83' lang='lat' dir='ltr'><strong>dicunt</strong></span> <span class='ocrx_word' id='word_1_139' title='bbox 2880 1124 3000 1165; x_wconf 80' lang='lat' dir='ltr'><strong>esse</strong></span> <span class='ocrx_word' id='word_1_140' title='bbox 3031 1109 3320 1178; x_wconf 82' lang='lat' dir='ltr'><strong>Nazareth,</strong></span> <span class='ocrx_word' id='word_1_141' title='bbox 3343 1126 3402 1166; x_wconf 86' lang='lat' dir='ltr'><strong>se</strong></span> <span class='ocrx_word' id='word_1_142' title='bbox 3446 1125 3573 1166; x_wconf 72' lang='lat' dir='ltr'><strong>vero</strong></span> 
     </span>
    </p>
   </div>
   <div class='ocr_carea' id='block_1_24' title="bbox 1987 1189 3572 1268">
    <p class='ocr_par' dir='ltr' id='par_1_24' title="bbox 1987 1189 3572 1268">
     <span class='ocr_line' id='line_1_24' title="bbox 1987 1189 3572 1268; baseline 0.006 -23"><span class='ocrx_word' id='word_1_143' title='bbox 1987 1189 2353 1262; x_wconf 87' lang='lat' dir='ltr'><strong>Capernaum.</strong></span> <span class='ocrx_word' id='word_1_144' title='bbox 2409 1194 2477 1251; x_wconf 87' lang='grc' dir='ltr'>Ει</span> <span class='ocrx_word' id='word_1_145' title='bbox 2503 1211 2646 1253; x_wconf 88' lang='lat' dir='ltr'><strong>nunc</strong></span> <span class='ocrx_word' id='word_1_146' title='bbox 2702 1198 2856 1268; x_wconf 85' lang='lat' dir='ltr'><strong>apud.</strong></span> <span class='ocrx_word' id='word_1_147' title='bbox 2882 1215 2941 1255; x_wconf 88' lang='lat' dir='ltr'><strong>se</strong></span> <span class='ocrx_word' id='word_1_148' title='bbox 2984 1199 3258 1255; x_wconf 84' lang='lat' dir='ltr'><strong>Christum</strong></span> <span class='ocrx_word' id='word_1_149' title='bbox 3322 1200 3572 1256; x_wconf 84' lang='lat' dir='ltr'><strong>habitare</strong></span> 
     </span>
    </p>
   </div>
   <div class='ocr_carea' id='block_1_25' title="bbox 1986 1287 2679 1349">
    <p class='ocr_par' dir='ltr' id='par_1_25' title="bbox 1986 1287 2679 1349">
     <span class='ocr_line' id='line_1_25' title="bbox 1986 1287 2679 1349; baseline 0.009 -7"><span class='ocrx_word' id='word_1_150' title='bbox 1986 1287 2173 1343; x_wconf 86' lang='lat' dir='ltr'><strong>relicta</strong></span> <span class='ocrx_word' id='word_1_151' title='bbox 2207 1288 2447 1345; x_wconf 87' lang='lat' dir='ltr'><strong>Ecclesia</strong></span> <span class='ocrx_word' id='word_1_152' title='bbox 2478 1303 2679 1349; x_wconf 86' lang='lat' dir='ltr'><strong>nostra.</strong></span> 
     </span>
    </p>
   </div>
   <div class='ocr_carea' id='block_1_26' title="bbox 2057 1468 3569 1544">
    <p class='ocr_par' dir='ltr' id='par_1_26' title="bbox 2057 1468 3569 1544">
     <span class='ocr_line' id='line_1_26' title="bbox 2057 1468 3569 1544; baseline 0 -19"><span class='ocrx_word' id='word_1_153' title='bbox 2057 1468 2149 1525; x_wconf 81' lang='lat'><strong>&#39;55.</strong></span> <span class='ocrx_word' id='word_1_154' title='bbox 2190 1468 2560 1526; x_wconf 83' lang='lat' dir='ltr'><strong>Bealiludines</strong></span> <span class='ocrx_word' id='word_1_155' title='bbox 2606 1486 2795 1528; x_wconf 83' lang='lat' dir='ltr'><strong>omnes</strong></span> <span class='ocrx_word' id='word_1_156' title='bbox 2846 1474 2912 1529; x_wconf 87' lang='lat' dir='ltr'><strong>de</strong></span> <span class='ocrx_word' id='word_1_157' title='bbox 2944 1473 3236 1544; x_wconf 64' lang='lat' dir='ltr'><strong>Bogoudlis</strong></span> <span class='ocrx_word' id='word_1_158' title='bbox 3290 1473 3569 1527; x_wconf 81' lang='lat' dir='ltr'><strong>Christum</strong></span> 
     </span>
    </p>
   </div>
   <div class='ocr_carea' id='block_1_27' title="bbox 1989 1561 3571 1638">
    <p class='ocr_par' dir='ltr' id='par_1_27' title="bbox 1989 1561 3571 1638">
     <span class='ocr_line' id='line_1_27' title="bbox 1989 1561 3571 1638; baseline 0.002 -22"><span class='ocrx_word' id='word_1_159' title='bbox 1989 1561 2192 1617; x_wconf 80' lang='lat' dir='ltr'><strong>dixisse</strong></span> <span class='ocrx_word' id='word_1_160' title='bbox 2218 1563 2573 1620; x_wconf 89' lang='lat' dir='ltr'><strong>contendunt.</strong></span> <span class='ocrx_word' id='word_1_161' title='bbox 2600 1566 2670 1620; x_wconf 92' lang='lat' dir='ltr'><strong>Se</strong></span> <span class='ocrx_word' id='word_1_162' title='bbox 2700 1566 2842 1620; x_wconf 85' lang='lat' dir='ltr'><strong>enim</strong></span> <span class='ocrx_word' id='word_1_163' title='bbox 2863 1581 2985 1635; x_wconf 82' lang='lat' dir='ltr'><strong>esse</strong></span> <span class='ocrx_word' id='word_1_164' title='bbox 3000 1582 3263 1637; x_wconf 80' lang='lat' dir='ltr'><strong>pauperes</strong></span> <span class='ocrx_word' id='word_1_165' title='bbox 3278 1568 3496 1638; x_wconf 76' lang='lat' dir='ltr'><strong>Spiritu,</strong></span> <span class='ocrx_word' id='word_1_166' title='bbox 3516 1574 3571 1621; x_wconf 86' lang='lat' dir='ltr'><strong>et</strong></span> 
     </span>
    </p>
   </div>
   <div class='ocr_carea' id='block_1_28' title="bbox 1987 1653 3568 1731">
    <p class='ocr_par' dir='ltr' id='par_1_28' title="bbox 1987 1653 3568 1731">
     <span class='ocr_line' id='line_1_28' title="bbox 1987 1653 3568 1731; baseline 0.003 -23"><span class='ocrx_word' id='word_1_167' title='bbox 1987 1653 2193 1725; x_wconf 84' lang='lat' dir='ltr'><strong>lugere,</strong></span> <span class='ocrx_word' id='word_1_168' title='bbox 2229 1664 2282 1710; x_wconf 89' lang='lat' dir='ltr'><strong>et</strong></span> <span class='ocrx_word' id='word_1_169' title='bbox 2312 1658 2541 1720; x_wconf 87' lang='lat' dir='ltr'><strong>esurire,</strong></span> <span class='ocrx_word' id='word_1_170' title='bbox 2609 1667 2769 1727; x_wconf 87' lang='lat' dir='ltr'><strong>atque</strong></span> <span class='ocrx_word' id='word_1_171' title='bbox 2827 1659 2979 1717; x_wconf 86' lang='lat' dir='ltr'><strong>sitire</strong></span> <span class='ocrx_word' id='word_1_172' title='bbox 3009 1659 3299 1731; x_wconf 81' lang='lat' dir='ltr'><strong>justitiam,</strong></span> <span class='ocrx_word' id='word_1_173' title='bbox 3336 1669 3390 1714; x_wconf 90' lang='lat' dir='ltr'><strong>et</strong></span> <span class='ocrx_word' id='word_1_174' title='bbox 3447 1674 3568 1728; x_wconf 73' lang='lat' dir='ltr'><strong>qu;e</strong></span> 
     </span>
    </p>
   </div>
   <div class='ocr_carea' id='block_1_29' title="bbox 1985 1746 3561 1819">
    <p class='ocr_par' dir='ltr' id='par_1_29' title="bbox 1985 1746 3561 1819">
     <span class='ocr_line' id='line_1_29' title="bbox 1985 1746 3561 1819; baseline 0 -14"><span class='ocrx_word' id='word_1_175' title='bbox 1985 1760 2305 1819; x_wconf 84' lang='lat' dir='ltr'><strong>sequuntur.</strong></span> <span class='ocrx_word' id='word_1_176' title='bbox 2342 1746 2413 1805; x_wconf 89' lang='lat' dir='ltr'><strong>Se</strong></span> <span class='ocrx_word' id='word_1_177' title='bbox 2471 1752 2651 1806; x_wconf 89' lang='lat' dir='ltr'><strong>vocari</strong></span> <span class='ocrx_word' id='word_1_178' title='bbox 2705 1750 2784 1807; x_wconf 90' lang='lat' dir='ltr'><strong>sal</strong></span> <span class='ocrx_word' id='word_1_179' title='bbox 2818 1763 2994 1818; x_wconf 69' lang='lat' dir='ltr'><strong>terrae,</strong></span> <span class='ocrx_word' id='word_1_180' title='bbox 3033 1762 3087 1808; x_wconf 90' lang='lat' dir='ltr'><strong>et</strong></span> <span class='ocrx_word' id='word_1_181' title='bbox 3146 1753 3327 1808; x_wconf 89' lang='lat' dir='ltr'><strong>mundi</strong></span> <span class='ocrx_word' id='word_1_182' title='bbox 3348 1752 3561 1817; x_wconf 87' lang='lat' dir='ltr'><strong>lucem,</strong></span> 
     </span>
    </p>
   </div>
   <div class='ocr_carea' id='block_1_30' title="bbox 1984 1842 3176 1914">
    <p class='ocr_par' dir='ltr' id='par_1_30' title="bbox 1984 1842 3176 1914">
     <span class='ocr_line' id='line_1_30' title="bbox 1984 1842 3176 1914; baseline 0.002 -15"><span class='ocrx_word' id='word_1_183' title='bbox 1984 1852 2039 1899; x_wconf 88' lang='lat' dir='ltr'><strong>et</strong></span> <span class='ocrx_word' id='word_1_184' title='bbox 2065 1842 2328 1913; x_wconf 81' lang='lat' dir='ltr'><strong>quidquid</strong></span> <span class='ocrx_word' id='word_1_185' title='bbox 2358 1843 2425 1899; x_wconf 91' lang='lat' dir='ltr'><strong>de</strong></span> <span class='ocrx_word' id='word_1_186' title='bbox 2459 1843 2716 1914; x_wconf 85' lang='lat' dir='ltr'><strong>apostolis</strong></span> <span class='ocrx_word' id='word_1_187' title='bbox 2747 1842 2998 1902; x_wconf 87' lang='lat' dir='ltr'><strong>Christus</strong></span> <span class='ocrx_word' id='word_1_188' title='bbox 3021 1846 3176 1911; x_wconf 81' lang='lat' dir='ltr'><strong>dixit.</strong></span> 
     </span>
    </p>
   </div>
   <div class='ocr_carea' id='block_1_31' title="bbox 295 1926 3569 2005">
    <p class='ocr_par' dir='ltr' id='par_1_31' title="bbox 295 1926 3569 2005">
     <span class='ocr_line' id='line_1_31' title="bbox 295 1926 3569 2005; baseline 0.004 -29"><span class='ocrx_word' id='word_1_189' title='bbox 295 1926 446 1995; x_wconf 77' lang='grc' dir='ltr'>ἑξῆς.</span> <span class='ocrx_word' id='word_1_190' title='bbox 483 1927 724 1991; x_wconf 81' lang='grc' dir='ltr'>Τούτους</span> <span class='ocrx_word' id='word_1_191' title='bbox 788 1928 848 1982; x_wconf 86' lang='grc' dir='ltr'>δὲ</span> <span class='ocrx_word' id='word_1_192' title='bbox 898 1930 1170 2000; x_wconf 84' lang='grc' dir='ltr'>κληθῆναι</span> <span class='ocrx_word' id='word_1_193' title='bbox 1226 1932 1322 1985; x_wconf 75' lang='grc' dir='ltr'><strong>καὶ</strong></span> <span class='ocrx_word' id='word_1_194' title='bbox 1367 1932 1504 1998; x_wconf 77' lang='grc' dir='ltr'>ἃλας</span> <span class='ocrx_word' id='word_1_195' title='bbox 1535 1936 1632 2004; x_wconf 86' lang='grc' dir='ltr'>τῆς</span> <span class='ocrx_word' id='word_1_196' title='bbox 1679 1936 1803 2004; x_wconf 80' lang='grc' dir='ltr'>γῆς,</span> <span class='ocrx_word' id='word_1_197' title='bbox 1833 1932 1927 1986; x_wconf 73' lang='grc' dir='ltr'><strong>καὶ</strong></span> <span class='ocrx_word' id='word_1_198' title='bbox 1965 1932 2081 2002; x_wconf 79' lang='grc' dir='ltr'><strong>φῶς</strong></span> <span class='ocrx_word' id='word_1_199' title='bbox 2115 1933 2211 1986; x_wconf 83' lang='grc' dir='ltr'><strong>τοῦ</strong></span> <span class='ocrx_word' id='word_1_200' title='bbox 2254 1933 2485 2002; x_wconf 84' lang='grc' dir='ltr'><strong>κόσμου,</strong></span> <span class='ocrx_word' id='word_1_201' title='bbox 2539 1932 2636 1988; x_wconf 80' lang='grc' dir='ltr'>καὶ</span> <span class='ocrx_word' id='word_1_202' title='bbox 2682 1934 2783 1987; x_wconf 82' lang='grc' dir='ltr'>ὅσα</span> <span class='ocrx_word' id='word_1_203' title='bbox 2847 1934 2979 2005; x_wconf 67' lang='grc' dir='ltr'>περὶ</span> <span class='ocrx_word' id='word_1_204' title='bbox 3027 1934 3136 1990; x_wconf 87' lang='grc' dir='ltr'><strong>τῶν</strong></span> <span class='ocrx_word' id='word_1_205' title='bbox 3176 1933 3494 1991; x_wconf 81' lang='grc' dir='ltr'>ἀποστόλων</span> <span class='ocrx_word' id='word_1_206' title='bbox 3539 1934 3569 1988; x_wconf 83' lang='grc' dir='ltr'><strong>ὀ</strong></span> 
     </span>
    </p>
   </div>
   <div class='ocr_carea' id='block_1_32' title="bbox 296 2021 783 2091">
    <p class='ocr_par' dir='ltr' id='par_1_32' title="bbox 296 2021 783 2091">
     <span class='ocr_line' id='line_1_32' title="bbox 296 2021 783 2091; baseline 0.006 -17"><span class='ocrx_word' id='word_1_207' title='bbox 296 2021 507 2090; x_wconf 81' lang='grc' dir='ltr'>Κύριος</span> <span class='ocrx_word' id='word_1_208' title='bbox 534 2021 783 2091; x_wconf 74' lang='grc' dir='ltr'>εἴρηκεν.</span> 
     </span>
    </p>
   </div>
   <div class='ocr_carea' id='block_1_33' title="bbox 361 2113 1885 2193">
    <p class='ocr_par' dir='ltr' id='par_1_33' title="bbox 361 2113 1882 2193">
     <span class='ocr_line' id='line_1_33' title="bbox 361 2113 1882 2193; baseline 0.009 -28"><span class='ocrx_word' id='word_1_209' title='bbox 361 2113 473 2178; x_wconf 82' lang='grc' dir='ltr'>λς’.</span> <span class='ocrx_word' id='word_1_210' title='bbox 502 2114 690 2183; x_wconf 85' lang='grc' dir='ltr'>’1ῶτα,</span> <span class='ocrx_word' id='word_1_211' title='bbox 724 2119 915 2189; x_wconf 65' lang='grc' dir='ltr'>φησιν,</span> <span class='ocrx_word' id='word_1_212' title='bbox 944 2119 1014 2174; x_wconf 80' lang='grc' dir='ltr'>ἓν</span> <span class='ocrx_word' id='word_1_213' title='bbox 1038 2121 1077 2189; x_wconf 78' lang='grc' dir='ltr'><em>ἢ</em></span> <span class='ocrx_word' id='word_1_214' title='bbox 1100 2122 1210 2192; x_wconf 83' lang='grc' dir='ltr'><strong>μία</strong></span> <span class='ocrx_word' id='word_1_215' title='bbox 1228 2124 1436 2191; x_wconf 82' lang='grc' dir='ltr'>κεραία</span> <span class='ocrx_word' id='word_1_216' title='bbox 1456 2125 1528 2179; x_wconf 83' lang='grc' dir='ltr'>οὐ</span> <span class='ocrx_word' id='word_1_217' title='bbox 1551 2122 1637 2193; x_wconf 76' lang='grc' dir='ltr'>μὴ</span> <span class='ocrx_word' id='word_1_218' title='bbox 1659 2124 1882 2191; x_wconf 76' lang='grc' dir='ltr'>παρέλ-</span> 
     </span>
    </p>
   </div>
   <div class='ocr_carea' id='block_1_34' title="bbox 1998 2113 3568 2193">
    <p class='ocr_par' dir='ltr' id='par_1_34' title="bbox 2059 2115 3568 2189">
     <span class='ocr_line' id='line_1_34' title="bbox 2059 2115 3568 2189; baseline 0.004 -18"><span class='ocrx_word' id='word_1_219' title='bbox 2059 2116 2149 2171; x_wconf 82' lang='lat'><strong>36.</strong></span> <span class='ocrx_word' id='word_1_220' title='bbox 2170 2115 2315 2183; x_wconf 86' lang='lat' dir='ltr'><strong>Iota,</strong></span> <span class='ocrx_word' id='word_1_221' title='bbox 2353 2118 2546 2188; x_wconf 88' lang='lat' dir='ltr'><strong>inquit,</strong></span> <span class='ocrx_word' id='word_1_222' title='bbox 2576 2134 2762 2185; x_wconf 85' lang='lat' dir='ltr'><strong>unum,</strong></span> <span class='ocrx_word' id='word_1_223' title='bbox 2789 2127 2880 2172; x_wconf 85' lang='lat' dir='ltr'><strong>aut</strong></span> <span class='ocrx_word' id='word_1_224' title='bbox 2906 2135 3039 2173; x_wconf 87' lang='lat' dir='ltr'><strong>unus</strong></span> <span class='ocrx_word' id='word_1_225' title='bbox 3072 2137 3205 2189; x_wconf 75' lang='lat' dir='ltr'><strong>apex</strong></span> <span class='ocrx_word' id='word_1_226' title='bbox 3225 2138 3330 2174; x_wconf 80' lang='lat' dir='ltr'><strong>non</strong></span> <span class='ocrx_word' id='word_1_227' title='bbox 3353 2135 3568 2189; x_wconf 58' lang='lat' dir='ltr'><strong>prseter-</strong></span> 
     </span>
    </p>
   </div>
   <div class='ocr_carea' id='block_1_35' title="bbox 296 2209 1871 2287">
    <p class='ocr_par' dir='ltr' id='par_1_35' title="bbox 296 2209 1871 2287">
     <span class='ocr_line' id='line_1_35' title="bbox 296 2209 1871 2287; baseline 0.006 -25"><span class='ocrx_word' id='word_1_228' title='bbox 296 2211 369 2276; x_wconf 82' lang='grc' dir='ltr'><strong>θῃ</strong></span> <span class='ocrx_word' id='word_1_229' title='bbox 388 2209 508 2264; x_wconf 81' lang='grc' dir='ltr'>ἀπὸ</span> <span class='ocrx_word' id='word_1_230' title='bbox 539 2209 647 2265; x_wconf 85' lang='grc' dir='ltr'><strong>τοῦ</strong></span> <span class='ocrx_word' id='word_1_231' title='bbox 681 2213 892 2283; x_wconf 85' lang='grc' dir='ltr'>νόμου,</span> <span class='ocrx_word' id='word_1_232' title='bbox 923 2214 1036 2283; x_wconf 80' lang='grc' dir='ltr'>ἕως</span> <span class='ocrx_word' id='word_1_233' title='bbox 1068 2216 1145 2271; x_wconf 84' lang='grc' dir='ltr'>ἂν</span> <span class='ocrx_word' id='word_1_234' title='bbox 1175 2216 1375 2271; x_wconf 83' lang='grc' dir='ltr'>πάντα</span> <span class='ocrx_word' id='word_1_235' title='bbox 1416 2218 1681 2287; x_wconf 78' lang='grc' dir='ltr'>γένηται.</span> <span class='ocrx_word' id='word_1_236' title='bbox 1718 2217 1871 2271; x_wconf 86' lang='grc' dir='ltr'>Ἰῶτα</span> 
     </span>
    </p>
   </div>
   <div class='ocr_carea' id='block_1_36' title="bbox 1983 2208 3566 2285">
    <p class='ocr_par' dir='ltr' id='par_1_36' title="bbox 1983 2208 3566 2285">
     <span class='ocr_line' id='line_1_36' title="bbox 1983 2208 3566 2285; baseline 0.004 -22"><span class='ocrx_word' id='word_1_237' title='bbox 1983 2211 2080 2263; x_wconf 90' lang='lat' dir='ltr'><strong>ibit</strong></span> <span class='ocrx_word' id='word_1_238' title='bbox 2109 2226 2139 2261; x_wconf 93' lang='lat' dir='ltr'><strong>a</strong></span> <span class='ocrx_word' id='word_1_239' title='bbox 2175 2209 2304 2279; x_wconf 86' lang='lat' dir='ltr'><strong>lege,</strong></span> <span class='ocrx_word' id='word_1_240' title='bbox 2332 2210 2494 2262; x_wconf 84' lang='lat' dir='ltr'><strong>donec</strong></span> <span class='ocrx_word' id='word_1_241' title='bbox 2526 2210 2702 2263; x_wconf 87' lang='lat' dir='ltr'><strong>omnia</strong></span> <span class='ocrx_word' id='word_1_242' title='bbox 2727 2210 2860 2276; x_wconf 82' lang='lat' dir='ltr'><strong>ﬁant</strong></span> <span class='ocrx_word' id='word_1_243' title='bbox 2879 2211 2919 2264; x_wconf 81' lang='lat'><strong>&#39;.</strong></span> <span class='ocrx_word' id='word_1_244' title='bbox 2947 2208 3059 2265; x_wconf 87' lang='lat' dir='ltr'><strong>lota</strong></span> <span class='ocrx_word' id='word_1_245' title='bbox 3089 2210 3224 2280; x_wconf 85' lang='lat' dir='ltr'><strong>legis</strong></span> <span class='ocrx_word' id='word_1_246' title='bbox 3250 2213 3566 2285; x_wconf 76' lang='lat' dir='ltr'><strong>Deralogum</strong></span> 
     </span>
    </p>
   </div>
   <div class='ocr_carea' id='block_1_37' title="bbox 299 2300 1885 2381">
    <p class='ocr_par' dir='ltr' id='par_1_37' title="bbox 299 2301 1872 2381">
     <span class='ocr_line' id='line_1_37' title="bbox 299 2301 1872 2381; baseline 0.006 -28"><span class='ocrx_word' id='word_1_247' title='bbox 299 2302 397 2371; x_wconf 82' lang='grc' dir='ltr'><strong>μὲν</strong></span> <span class='ocrx_word' id='word_1_248' title='bbox 449 2301 549 2372; x_wconf 84' lang='grc' dir='ltr'>τὴν</span> <span class='ocrx_word' id='word_1_249' title='bbox 610 2304 917 2372; x_wconf 87' lang='grc' dir='ltr'>Δεκάλογον</span> <span class='ocrx_word' id='word_1_250' title='bbox 962 2307 1058 2361; x_wconf 88' lang='grc' dir='ltr'><strong>τοῦ</strong></span> <span class='ocrx_word' id='word_1_251' title='bbox 1107 2308 1273 2379; x_wconf 87' lang='grc' dir='ltr'>νόμου</span> <span class='ocrx_word' id='word_1_252' title='bbox 1326 2308 1602 2374; x_wconf 82' lang='grc' dir='ltr'>νοοῦντες,</span> <span class='ocrx_word' id='word_1_253' title='bbox 1643 2310 1872 2381; x_wconf 78' lang='grc' dir='ltr'>κεραίαν</span> 
     </span>
    </p>
   </div>
   <div class='ocr_carea' id='block_1_38' title="bbox 1998 2300 3569 2381">
    <p class='ocr_par' dir='ltr' id='par_1_38' title="bbox 1998 2300 3569 2376">
     <span class='ocr_line' id='line_1_38' title="bbox 1998 2300 3569 2376; baseline 0.004 -21"><span class='ocrx_word' id='word_1_254' title='bbox 1998 2300 2337 2365; x_wconf 86' lang='lat' dir='ltr'><strong>trbitrantur,</strong></span> <span class='ocrx_word' id='word_1_255' title='bbox 2364 2300 2574 2370; x_wconf 85' lang='lat' dir='ltr'><strong>apicem</strong></span> <span class='ocrx_word' id='word_1_256' title='bbox 2622 2314 2810 2357; x_wconf 86' lang='lat' dir='ltr'><strong>rursus</strong></span> <span class='ocrx_word' id='word_1_257' title='bbox 2840 2301 3084 2357; x_wconf 87' lang='lat' dir='ltr'><strong>eamdem</strong></span> <span class='ocrx_word' id='word_1_258' title='bbox 3118 2302 3311 2374; x_wconf 81' lang='lat' dir='ltr'><strong>legem.</strong></span> <span class='ocrx_word' id='word_1_259' title='bbox 3345 2303 3400 2360; x_wconf 92' lang='lat' dir='ltr'><strong>Si</strong></span> <span class='ocrx_word' id='word_1_260' title='bbox 3447 2307 3569 2376; x_wconf 83' lang='lat' dir='ltr'><strong>quis</strong></span> 
     </span>
    </p>
   </div>
   <div class='ocr_carea' id='block_1_39' title="bbox 298 2389 1872 2470">
    <p class='ocr_par' dir='ltr' id='par_1_39' title="bbox 298 2389 1872 2470">
     <span class='ocr_line' id='line_1_39' title="bbox 298 2389 1872 2470; baseline 0.008 -31"><span class='ocrx_word' id='word_1_261' title='bbox 298 2389 350 2440; x_wconf 75' lang='grc' dir='ltr'>δὲ</span> <span class='ocrx_word' id='word_1_262' title='bbox 382 2389 544 2444; x_wconf 85' lang='grc' dir='ltr'>πάλιν</span> <span class='ocrx_word' id='word_1_263' title='bbox 562 2392 661 2463; x_wconf 77' lang='grc' dir='ltr'><strong>τὴν</strong></span> <span class='ocrx_word' id='word_1_264' title='bbox 683 2394 873 2464; x_wconf 77' lang='grc' dir='ltr'>αὐτήν.</span> <span class='ocrx_word' id='word_1_265' title='bbox 911 2394 1021 2465; x_wconf 82' lang='grc' dir='ltr'><strong>Τὴν</strong></span> <span class='ocrx_word' id='word_1_266' title='bbox 1038 2395 1147 2467; x_wconf 83' lang='grc' dir='ltr'>γὰρ</span> <span class='ocrx_word' id='word_1_267' title='bbox 1181 2398 1431 2469; x_wconf 76' lang='grc' dir='ltr'>κεραίαν,</span> <span class='ocrx_word' id='word_1_268' title='bbox 1450 2401 1504 2454; x_wconf 80' lang='grc' dir='ltr'>ετ</span> <span class='ocrx_word' id='word_1_269' title='bbox 1524 2416 1608 2463; x_wconf 86' lang='grc' dir='ltr'><strong>τις</strong></span> <span class='ocrx_word' id='word_1_270' title='bbox 1640 2397 1872 2470; x_wconf 84' lang='grc' dir='ltr'>ὀρθώσει</span> 
     </span>
    </p>
   </div>
   <div class='ocr_carea' id='block_1_40' title="bbox 298 2480 1876 2563">
    <p class='ocr_par' dir='ltr' id='par_1_40' title="bbox 298 2480 1876 2563">
     <span class='ocr_line' id='line_1_40' title="bbox 298 2480 1876 2563; baseline 0.009 -31"><span class='ocrx_word' id='word_1_271' title='bbox 298 2480 544 2549; x_wconf 82' lang='grc' dir='ltr'><strong>πλαγίως</strong></span> <span class='ocrx_word' id='word_1_272' title='bbox 580 2487 878 2555; x_wconf 81' lang='grc' dir='ltr'>κειμένην,</span> <span class='ocrx_word' id='word_1_273' title='bbox 916 2485 1050 2541; x_wconf 73' lang='grc' dir='ltr'>ἰῶτα</span> <span class='ocrx_word' id='word_1_274' title='bbox 1077 2490 1321 2560; x_wconf 87' lang='grc' dir='ltr'>ποιήσει.</span> <span class='ocrx_word' id='word_1_275' title='bbox 1357 2487 1491 2545; x_wconf 71' lang='grc' dir='ltr'>Εἶτα</span> <span class='ocrx_word' id='word_1_276' title='bbox 1538 2492 1876 2563; x_wconf 75' lang='grc' dir='ltr'>ἑρμηνεύου-</span> 
     </span>
    </p>
   </div>
   <div class='ocr_carea' id='block_1_41' title="bbox 298 2575 1875 2654">
    <p class='ocr_par' dir='ltr' id='par_1_41' title="bbox 298 2575 1875 2654">
     <span class='ocr_line' id='line_1_41' title="bbox 298 2575 1875 2654; baseline 0.01 -30"><span class='ocrx_word' id='word_1_277' title='bbox 298 2588 403 2637; x_wconf 87' lang='grc' dir='ltr'>σιν,</span> <span class='ocrx_word' id='word_1_278' title='bbox 436 2575 519 2626; x_wconf 84' lang='grc' dir='ltr'>ὂτι</span> <span class='ocrx_word' id='word_1_279' title='bbox 542 2576 603 2628; x_wconf 83' lang='grc' dir='ltr'><strong>οὐ</strong></span> <span class='ocrx_word' id='word_1_280' title='bbox 637 2577 714 2646; x_wconf 82' lang='grc' dir='ltr'>μὴ</span> <span class='ocrx_word' id='word_1_281' title='bbox 743 2579 991 2651; x_wconf 77' lang='grc' dir='ltr'>παρέλθῃ</span> <span class='ocrx_word' id='word_1_282' title='bbox 1019 2583 1052 2649; x_wconf 80' lang='grc' dir='ltr'><strong>ἡ</strong></span> <span class='ocrx_word' id='word_1_283' title='bbox 1073 2581 1376 2650; x_wconf 84' lang='grc' dir='ltr'>Δεκάλογος</span> <span class='ocrx_word' id='word_1_284' title='bbox 1402 2584 1495 2637; x_wconf 83' lang='grc' dir='ltr'><strong>τοῦ</strong></span> <span class='ocrx_word' id='word_1_285' title='bbox 1524 2585 1712 2654; x_wconf 84' lang='grc' dir='ltr'>νόμου,</span> <span class='ocrx_word' id='word_1_286' title='bbox 1738 2586 1875 2640; x_wconf 85' lang='grc' dir='ltr'><strong>ἀλλά</strong></span> 
     </span>
    </p>
   </div>
   <div class='ocr_carea' id='block_1_42' title="bbox 303 2668 1876 2749">
    <p class='ocr_par' dir='ltr' id='par_1_42' title="bbox 303 2668 1876 2749">
     <span class='ocr_line' id='line_1_42' title="bbox 303 2668 1876 2749; baseline 0.009 -30"><span class='ocrx_word' id='word_1_287' title='bbox 303 2668 460 2737; x_wconf 81' lang='grc' dir='ltr'>μενεῖ</span> <span class='ocrx_word' id='word_1_288' title='bbox 515 2669 906 2749; x_wconf 81' lang='grc' dir='ltr'>φυλαττομένη</span> <span class='ocrx_word' id='word_1_289' title='bbox 964 2674 1118 2745; x_wconf 85' lang='grc' dir='ltr'><strong>πσρά</strong></span> <span class='ocrx_word' id='word_1_290' title='bbox 1169 2676 1284 2739; x_wconf 86' lang='grc' dir='ltr'>τοῖς</span> <span class='ocrx_word' id='word_1_291' title='bbox 1323 2675 1629 2747; x_wconf 79' lang='grc' dir='ltr'>Ἑϐραίοις,</span> <span class='ocrx_word' id='word_1_292' title='bbox 1670 2677 1776 2742; x_wconf 78' lang='grc' dir='ltr'>ἕως</span> <span class='ocrx_word' id='word_1_293' title='bbox 1808 2678 1876 2733; x_wconf 78' lang='grc' dir='ltr'>ἂν</span> 
     </span>
    </p>
   </div>
   <div class='ocr_carea' id='block_1_43' title="bbox 301 2759 1871 2841">
    <p class='ocr_par' dir='ltr' id='par_1_43' title="bbox 301 2759 1871 2841">
     <span class='ocr_line' id='line_1_43' title="bbox 301 2759 1871 2841; baseline 0.008 -30"><span class='ocrx_word' id='word_1_294' title='bbox 301 2759 597 2831; x_wconf 81' lang='grc' dir='ltr'>παρέλθῃ-ὁ</span> <span class='ocrx_word' id='word_1_295' title='bbox 628 2764 859 2834; x_wconf 75' lang='grc' dir='ltr'>οὐρανὸς</span> <span class='ocrx_word' id='word_1_296' title='bbox 888 2767 980 2820; x_wconf 78' lang='grc' dir='ltr'><strong>καὶ</strong></span> <span class='ocrx_word' id='word_1_297' title='bbox 1004 2768 1038 2838; x_wconf 81' lang='grc' dir='ltr'>ἡ</span> <span class='ocrx_word' id='word_1_298' title='bbox 1064 2767 1156 2835; x_wconf 80' lang='grc' dir='ltr'>γῆ.</span> <span class='ocrx_word' id='word_1_299' title='bbox 1181 2770 1302 2822; x_wconf 83' lang='grc' dir='ltr'><strong>Οὐκ</strong></span> <span class='ocrx_word' id='word_1_300' title='bbox 1327 2764 1517 2839; x_wconf 75' lang='grc' dir='ltr'>ἦλθον</span> <span class='ocrx_word' id='word_1_301' title='bbox 1548 2771 1679 2840; x_wconf 73' lang='grc' dir='ltr'>γὰρ,</span> <span class='ocrx_word' id='word_1_302' title='bbox 1712 2772 1871 2841; x_wconf 71' lang='grc' dir='ltr'>φησὶ,</span> 
     </span>
    </p>
   </div>
   <div class='ocr_carea' id='block_1_44' title="bbox 298 2854 1878 2933">
    <p class='ocr_par' dir='ltr' id='par_1_44' title="bbox 298 2854 1878 2933">
     <span class='ocr_line' id='line_1_44' title="bbox 298 2854 1878 2933; baseline 0.008 -26"><span class='ocrx_word' id='word_1_303' title='bbox 298 2854 642 2910; x_wconf 73' lang='grc' dir='ltr'>καταλῦσαι</span> <span class='ocrx_word' id='word_1_304' title='bbox 677 2857 791 2911; x_wconf 83' lang='grc' dir='ltr'>τὸν</span> <span class='ocrx_word' id='word_1_305' title='bbox 821 2862 1011 2928; x_wconf 81' lang='grc' dir='ltr'>νόμον</span> <span class='ocrx_word' id='word_1_306' title='bbox 1068 2862 1351 2929; x_wconf 84' lang='grc' dir='ltr'><strong>Μωσέως,</strong></span> <span class='ocrx_word' id='word_1_307' title='bbox 1383 2863 1544 2918; x_wconf 78' lang='grc' dir='ltr'><strong>ἀλλὰ</strong></span> <span class='ocrx_word' id='word_1_308' title='bbox 1564 2865 1878 2933; x_wconf 78' lang='grc' dir='ltr'>πληρῶσαι</span> 
     </span>
    </p>
   </div>
   <div class='ocr_carea' id='block_1_45' title="bbox 299 2946 1880 3025">
    <p class='ocr_par' dir='ltr' id='par_1_45' title="bbox 299 2946 1880 3025">
     <span class='ocr_line' id='line_1_45' title="bbox 299 2946 1880 3025; baseline 0.008 -27"><span class='ocrx_word' id='word_1_309' title='bbox 299 2947 392 2999; x_wconf 82' lang='grc' dir='ltr'><strong>τὸν</strong></span> <span class='ocrx_word' id='word_1_310' title='bbox 427 2946 656 3017; x_wconf 79' lang='grc' dir='ltr'>οὐρανὸν</span> <span class='ocrx_word' id='word_1_311' title='bbox 680 2950 991 3004; x_wconf 84' lang='grc' dir='ltr'>χενωθέντα</span> <span class='ocrx_word' id='word_1_312' title='bbox 1029 2952 1199 3008; x_wconf 86' lang='grc' dir='ltr'>πάλαι</span> <span class='ocrx_word' id='word_1_313' title='bbox 1231 2954 1342 3008; x_wconf 87' lang='grc' dir='ltr'><strong>τῶν</strong></span> <span class='ocrx_word' id='word_1_314' title='bbox 1394 2955 1749 3011; x_wconf 77' lang='grc' dir='ltr'>ἐνοικούντων</span> <span class='ocrx_word' id='word_1_315' title='bbox 1775 2957 1880 3025; x_wconf 82' lang='grc' dir='ltr'>ἀγ-</span> 
     </span>
    </p>
   </div>
   <div class='ocr_carea' id='block_1_46' title="bbox 300 3037 1880 3118">
    <p class='ocr_par' dir='ltr' id='par_1_46' title="bbox 300 3037 1880 3118">
     <span class='ocr_line' id='line_1_46' title="bbox 300 3037 1880 3118; baseline 0.01 -30"><span class='ocrx_word' id='word_1_316' title='bbox 300 3037 498 3104; x_wconf 78' lang='grc' dir='ltr'>γέλων,</span> <span class='ocrx_word' id='word_1_317' title='bbox 550 3038 644 3093; x_wconf 72' lang='grc' dir='ltr'><strong>καὶ</strong></span> <span class='ocrx_word' id='word_1_318' title='bbox 682 3040 1077 3116; x_wconf 84' lang='grc' dir='ltr'>ἀναπληρῶσαι</span> <span class='ocrx_word' id='word_1_319' title='bbox 1121 3045 1191 3098; x_wconf 77' lang='grc' dir='ltr'>τὰ</span> <span class='ocrx_word' id='word_1_320' title='bbox 1235 3046 1499 3118; x_wconf 80' lang='grc' dir='ltr'>’τάγματα</span> <span class='ocrx_word' id='word_1_321' title='bbox 1528 3047 1639 3102; x_wconf 87' lang='grc' dir='ltr'><strong>τῶν</strong></span> <span class='ocrx_word' id='word_1_322' title='bbox 1672 3049 1880 3104; x_wconf 84' lang='grc' dir='ltr'>ἀποπέ-</span> 
     </span>
    </p>
   </div>
   <div class='ocr_carea' id='block_1_47' title="bbox 302 3131 923 3204">
    <p class='ocr_par' dir='ltr' id='par_1_47' title="bbox 302 3131 923 3204">
     <span class='ocr_line' id='line_1_47' title="bbox 302 3131 923 3204; baseline 0.013 -22"><span class='ocrx_word' id='word_1_323' title='bbox 302 3131 597 3185; x_wconf 86' lang='grc' dir='ltr'>πτωκυιῶν</span> <span class='ocrx_word' id='word_1_324' title='bbox 619 3133 923 3204; x_wconf 76' lang='grc' dir='ltr'>δυνάμεων.</span> 
     </span>
    </p>
   </div>
   <div class='ocr_carea' id='block_1_48' title="bbox 373 3218 1879 3304">
    <p class='ocr_par' dir='ltr' id='par_1_48' title="bbox 373 3218 1879 3304">
     <span class='ocr_line' id='line_1_48' title="bbox 373 3218 1879 3304; baseline 0.011 -31"><span class='ocrx_word' id='word_1_325' title='bbox 373 3218 471 3283; x_wconf 79' lang='grc' dir='ltr'>λζ’.</span> <span class='ocrx_word' id='word_1_326' title='bbox 515 3221 656 3276; x_wconf 82' lang='grc' dir='ltr'><strong>Ἐὰν</strong></span> <span class='ocrx_word' id='word_1_327' title='bbox 698 3222 785 3292; x_wconf 75' lang='grc' dir='ltr'><strong>μὴ</strong></span> <span class='ocrx_word' id='word_1_328' title='bbox 831 3229 1232 3298; x_wconf 74' lang='grc' dir='ltr'>περισσεύσῃ,</span> <span class='ocrx_word' id='word_1_329' title='bbox 1258 3231 1879 3304; x_wconf 71' lang='grc' dir='ltr'>φησιν,ἠδικαιοσύνη</span> 
     </span>
    </p>
   </div>
   <div class='ocr_carea' id='block_1_49' title="bbox 300 3310 1881 3395">
    <p class='ocr_par' dir='ltr' id='par_1_49' title="bbox 300 3310 1881 3395">
     <span class='ocr_line' id='line_1_49' title="bbox 300 3310 1881 3395; baseline 0.009 -26"><span class='ocrx_word' id='word_1_330' title='bbox 300 3310 475 3383; x_wconf 80' lang='grc' dir='ltr'>ὑμῶν</span> <span class='ocrx_word' id='word_1_331' title='bbox 502 3315 716 3368; x_wconf 81' lang='grc' dir='ltr'>πλεῖον</span> <span class='ocrx_word' id='word_1_332' title='bbox 730 3314 851 3369; x_wconf 80' lang='grc' dir='ltr'><strong>τῶν</strong></span> <span class='ocrx_word' id='word_1_333' title='bbox 871 3323 1264 3389; x_wconf 75' lang='grc' dir='ltr'>γραμματέων</span> <span class='ocrx_word' id='word_1_334' title='bbox 1295 3324 1394 3378; x_wconf 74' lang='grc' dir='ltr'>καὶ</span> <span class='ocrx_word' id='word_1_335' title='bbox 1425 3327 1783 3395; x_wconf 84' lang='grc' dir='ltr'>Φαρισαίων,</span> <span class='ocrx_word' id='word_1_336' title='bbox 1809 3329 1881 3383; x_wconf 87' lang='grc' dir='ltr'>οὐ</span> 
     </span>
    </p>
   </div>
   <div class='ocr_carea' id='block_1_50' title="bbox 298 3404 1881 3487">
    <p class='ocr_par' dir='ltr' id='par_1_50' title="bbox 298 3404 1881 3487">
     <span class='ocr_line' id='line_1_50' title="bbox 298 3404 1881 3487; baseline 0.01 -28"><span class='ocrx_word' id='word_1_337' title='bbox 298 3404 385 3474; x_wconf 82' lang='grc' dir='ltr'><em>μὴ</em></span> <span class='ocrx_word' id='word_1_338' title='bbox 430 3404 736 3461; x_wconf 78' lang='grc' dir='ltr'>εὶσέλθετε</span> <span class='ocrx_word' id='word_1_339' title='bbox 781 3410 865 3474; x_wconf 78' lang='grc' dir='ltr'>εἰς</span> <span class='ocrx_word' id='word_1_340' title='bbox 924 3411 1037 3479; x_wconf 85' lang='grc' dir='ltr'>τὴν</span> <span class='ocrx_word' id='word_1_341' title='bbox 1067 3413 1399 3475; x_wconf 74' lang='grc' dir='ltr'>,βασιλείαν</span> <span class='ocrx_word' id='word_1_342' title='bbox 1434 3417 1553 3470; x_wconf 78' lang='grc' dir='ltr'><strong>τῶν</strong></span> <span class='ocrx_word' id='word_1_343' title='bbox 1584 3419 1881 3487; x_wconf 83' lang='grc' dir='ltr'>οὐρανῶν.</span> 
     </span>
    </p>
   </div>
   <div class='ocr_carea' id='block_1_51' title="bbox 1982 2389 3564 2463">
    <p class='ocr_par' dir='ltr' id='par_1_51' title="bbox 1982 2389 3564 2463">
     <span class='ocr_line' id='line_1_51' title="bbox 1982 2389 3564 2463; baseline 0.003 -17"><span class='ocrx_word' id='word_1_344' title='bbox 1982 2390 2127 2446; x_wconf 92' lang='lat' dir='ltr'><strong>enim</strong></span> <span class='ocrx_word' id='word_1_345' title='bbox 2160 2389 2369 2459; x_wconf 87' lang='lat' dir='ltr'><strong>apicem</strong></span> <span class='ocrx_word' id='word_1_346' title='bbox 2400 2406 2465 2445; x_wconf 83' lang='lat' dir='ltr'><strong>ex</strong></span> <span class='ocrx_word' id='word_1_347' title='bbox 2499 2399 2810 2446; x_wconf 75' lang='lat' dir='ltr'><strong>transverso</strong></span> <span class='ocrx_word' id='word_1_348' title='bbox 2838 2391 3109 2461; x_wconf 69' lang='lat' dir='ltr'><strong>iacentem</strong></span> <span class='ocrx_word' id='word_1_349' title='bbox 3142 2396 3403 2463; x_wconf 77' lang='lat' dir='ltr'><strong>erexerit,</strong></span> <span class='ocrx_word' id='word_1_350' title='bbox 3457 2397 3564 2452; x_wconf 88' lang='lat' dir='ltr'><strong>iota</strong></span> 
     </span>
    </p>
   </div>
   <div class='ocr_carea' id='block_1_52' title="bbox 1983 2481 3566 2555">
    <p class='ocr_par' dir='ltr' id='par_1_52' title="bbox 1983 2481 3566 2555">
     <span class='ocr_line' id='line_1_52' title="bbox 1983 2481 3566 2555; baseline 0.003 -19"><span class='ocrx_word' id='word_1_351' title='bbox 1983 2486 2296 2537; x_wconf 88' lang='lat' dir='ltr'><strong>constituet.</strong></span> <span class='ocrx_word' id='word_1_352' title='bbox 2356 2482 2534 2550; x_wconf 81' lang='lat' dir='ltr'><strong>Atque</strong></span> <span class='ocrx_word' id='word_1_353' title='bbox 2600 2481 2672 2535; x_wconf 91' lang='lat' dir='ltr'><strong>ita</strong></span> <span class='ocrx_word' id='word_1_354' title='bbox 2739 2490 3017 2550; x_wconf 79' lang='lat' dir='ltr'><strong>exponunt</strong></span> <span class='ocrx_word' id='word_1_355' title='bbox 3075 2482 3400 2555; x_wconf 80' lang='lat' dir='ltr'><strong>Decalogum</strong></span> <span class='ocrx_word' id='word_1_356' title='bbox 3457 2501 3566 2541; x_wconf 92' lang='lat' dir='ltr'><strong>non</strong></span> 
     </span>
    </p>
   </div>
   <div class='ocr_carea' id='block_1_53' title="bbox 1987 2574 3566 2649">
    <p class='ocr_par' dir='ltr' id='par_1_53' title="bbox 1987 2574 3566 2649">
     <span class='ocr_line' id='line_1_53' title="bbox 1987 2574 3566 2649; baseline 0.004 -20"><span class='ocrx_word' id='word_1_357' title='bbox 1987 2574 2363 2638; x_wconf 89' lang='lat' dir='ltr'><strong>transiturum,</strong></span> <span class='ocrx_word' id='word_1_358' title='bbox 2397 2574 2491 2629; x_wconf 84' lang='lat' dir='ltr'><strong>sed</strong></span> <span class='ocrx_word' id='word_1_359' title='bbox 2551 2588 2960 2644; x_wconf 86' lang='lat' dir='ltr'><strong>permansurum</strong></span> <span class='ocrx_word' id='word_1_360' title='bbox 3011 2577 3361 2633; x_wconf 83' lang='lat' dir='ltr'><strong>observatum</strong></span> <span class='ocrx_word' id='word_1_361' title='bbox 3425 2581 3566 2649; x_wconf 83' lang='lat' dir='ltr'><strong>apud</strong></span> 
     </span>
    </p>
   </div>
   <div class='ocr_carea' id='block_1_54' title="bbox 1988 2664 3568 2731">
    <p class='ocr_par' dir='ltr' id='par_1_54' title="bbox 1988 2664 3568 2731">
     <span class='ocr_line' id='line_1_54' title="bbox 1988 2664 3568 2731; baseline 0.004 -10"><span class='ocrx_word' id='word_1_362' title='bbox 1988 2664 2267 2731; x_wconf 69' lang='lat' dir='ltr'><strong>Hebraeos,</strong></span> <span class='ocrx_word' id='word_1_363' title='bbox 2320 2668 2494 2723; x_wconf 87' lang='lat' dir='ltr'><strong>donec</strong></span> <span class='ocrx_word' id='word_1_364' title='bbox 2553 2677 2790 2724; x_wconf 84' lang='lat' dir='ltr'><strong>transeat</strong></span> <span class='ocrx_word' id='word_1_365' title='bbox 2858 2670 3055 2724; x_wconf 70' lang='lat' dir='ltr'><strong>coelum</strong></span> <span class='ocrx_word' id='word_1_366' title='bbox 3115 2678 3170 2724; x_wconf 93' lang='lat' dir='ltr'><strong>et</strong></span> <span class='ocrx_word' id='word_1_367' title='bbox 3217 2680 3384 2726; x_wconf 88' lang='lat' dir='ltr'><strong>terra.</strong></span> <span class='ocrx_word' id='word_1_368' title='bbox 3443 2671 3568 2728; x_wconf 85' lang='lat' dir='ltr'><strong>Non</strong></span> 
     </span>
    </p>
   </div>
   <div class='ocr_carea' id='block_1_55' title="bbox 1986 2760 3565 2831">
    <p class='ocr_par' dir='ltr' id='par_1_55' title="bbox 1986 2760 3565 2831">
     <span class='ocr_line' id='line_1_55' title="bbox 1986 2760 3565 2831; baseline 0.004 -17"><span class='ocrx_word' id='word_1_369' title='bbox 1986 2761 2125 2824; x_wconf 81' lang='lat' dir='ltr'><strong>veni,</strong></span> <span class='ocrx_word' id='word_1_370' title='bbox 2183 2760 2381 2829; x_wconf 85' lang='lat' dir='ltr'><strong>inquit,</strong></span> <span class='ocrx_word' id='word_1_371' title='bbox 2442 2768 2500 2813; x_wconf 84' lang='lat' dir='ltr'><strong>ut</strong></span> <span class='ocrx_word' id='word_1_372' title='bbox 2540 2760 2701 2831; x_wconf 77' lang='lat' dir='ltr'><strong>legem</strong></span> <span class='ocrx_word' id='word_1_373' title='bbox 2769 2760 3045 2827; x_wconf 81' lang='lat' dir='ltr'><strong>solverem,</strong></span> <span class='ocrx_word' id='word_1_374' title='bbox 3098 2762 3189 2816; x_wconf 83' lang='lat' dir='ltr'><strong>sed</strong></span> <span class='ocrx_word' id='word_1_375' title='bbox 3251 2773 3305 2817; x_wconf 89' lang='lat' dir='ltr'><strong>ut</strong></span> <span class='ocrx_word' id='word_1_376' title='bbox 3364 2764 3565 2820; x_wconf 75' lang='lat' dir='ltr'><strong>ctelutn</strong></span> 
     </span>
    </p>
   </div>
   <div class='ocr_carea' id='block_1_56' title="bbox 1988 2852 3565 2925">
    <p class='ocr_par' dir='ltr' id='par_1_56' title="bbox 1988 2852 3565 2925">
     <span class='ocr_line' id='line_1_56' title="bbox 1988 2852 3565 2925; baseline 0.003 -19"><span class='ocrx_word' id='word_1_377' title='bbox 1988 2854 2256 2923; x_wconf 82' lang='lat' dir='ltr'><strong>implerem</strong></span> <span class='ocrx_word' id='word_1_378' title='bbox 2306 2852 2348 2918; x_wconf 82' lang='lat'><strong>‘,</strong></span> <span class='ocrx_word' id='word_1_379' title='bbox 2418 2853 2563 2922; x_wconf 90' lang='lat' dir='ltr'><strong>quod</strong></span> <span class='ocrx_word' id='word_1_380' title='bbox 2609 2853 2832 2924; x_wconf 77' lang='lat' dir='ltr'><strong>angelis,</strong></span> <span class='ocrx_word' id='word_1_381' title='bbox 2897 2854 2991 2925; x_wconf 90' lang='lat' dir='ltr'><strong>qui</strong></span> <span class='ocrx_word' id='word_1_382' title='bbox 3048 2853 3174 2909; x_wconf 91' lang='lat' dir='ltr'><strong>illud</strong></span> <span class='ocrx_word' id='word_1_383' title='bbox 3235 2855 3565 2923; x_wconf 83' lang='lat' dir='ltr'><strong>incolebant,</strong></span> 
     </span>
    </p>
   </div>
   <div class='ocr_carea' id='block_1_57' title="bbox 1986 2946 3564 3020">
    <p class='ocr_par' dir='ltr' id='par_1_57' title="bbox 1986 2946 3564 3020">
     <span class='ocr_line' id='line_1_57' title="bbox 1986 2946 3564 3020; baseline 0.003 -18"><span class='ocrx_word' id='word_1_384' title='bbox 1986 2947 2221 3002; x_wconf 81' lang='lat' dir='ltr'><strong>exclusis</strong></span> <span class='ocrx_word' id='word_1_385' title='bbox 2250 2960 2477 3001; x_wconf 84' lang='lat' dir='ltr'><strong>vacuum</strong></span> <span class='ocrx_word' id='word_1_386' title='bbox 2530 2946 2750 3011; x_wconf 82' lang='lat' dir='ltr'><strong>mansit,</strong></span> <span class='ocrx_word' id='word_1_387' title='bbox 2780 2957 2834 3002; x_wconf 87' lang='lat' dir='ltr'><strong>et</strong></span> <span class='ocrx_word' id='word_1_388' title='bbox 2867 2957 2925 3002; x_wconf 93' lang='lat' dir='ltr'><strong>ut</strong></span> <span class='ocrx_word' id='word_1_389' title='bbox 2966 2947 3184 3016; x_wconf 73' lang='lat' dir='ltr'><strong>ordines</strong></span> <span class='ocrx_word' id='word_1_390' title='bbox 3235 2958 3564 3020; x_wconf 84' lang='lat' dir='ltr'><strong>potestatum</strong></span> 
     </span>
    </p>
   </div>
   <div class='ocr_carea' id='block_1_58' title="bbox 1988 3034 2789 3105">
    <p class='ocr_par' dir='ltr' id='par_1_58' title="bbox 1988 3034 2789 3105">
     <span class='ocr_line' id='line_1_58' title="bbox 1988 3034 2789 3105; baseline -0.002 -15"><span class='ocrx_word' id='word_1_391' title='bbox 1988 3036 2281 3105; x_wconf 80' lang='lat' dir='ltr'><strong>explerem,</strong></span> <span class='ocrx_word' id='word_1_392' title='bbox 2310 3048 2430 3104; x_wconf 67' lang='lat' dir='ltr'><strong>quae</strong></span> <span class='ocrx_word' id='word_1_393' title='bbox 2455 3034 2789 3091; x_wconf 87' lang='lat' dir='ltr'><strong>ceciderunt.</strong></span> 
     </span>
    </p>
   </div>
   <div class='ocr_carea' id='block_1_59' title="bbox 2062 3214 3567 3287">
    <p class='ocr_par' dir='ltr' id='par_1_59' title="bbox 2062 3214 3567 3287">
     <span class='ocr_line' id='line_1_59' title="bbox 2062 3214 3567 3287; baseline 0.001 -15"><span class='ocrx_word' id='word_1_394' title='bbox 2062 3216 2153 3273; x_wconf 81' lang='lat'><strong>37.</strong></span> <span class='ocrx_word' id='word_1_395' title='bbox 2203 3217 2323 3271; x_wconf 86' lang='lat' dir='ltr'><strong>Nisi</strong></span> <span class='ocrx_word' id='word_1_396' title='bbox 2349 3215 2714 3282; x_wconf 79' lang='lat' dir='ltr'><strong>abundaverit,</strong></span> <span class='ocrx_word' id='word_1_397' title='bbox 2751 3214 2948 3287; x_wconf 90' lang='lat' dir='ltr'><strong>inquit,</strong></span> <span class='ocrx_word' id='word_1_398' title='bbox 2973 3216 3193 3286; x_wconf 82' lang='lat' dir='ltr'><strong>justitia</strong></span> <span class='ocrx_word' id='word_1_399' title='bbox 3230 3226 3405 3271; x_wconf 69' lang='lat' dir='ltr'><strong>vestra</strong></span> <span class='ocrx_word' id='word_1_400' title='bbox 3451 3216 3567 3287; x_wconf 79' lang='lat' dir='ltr'><strong>plus</strong></span> 
     </span>
    </p>
   </div>
   <div class='ocr_carea' id='block_1_60' title="bbox 1991 3305 3569 3380">
    <p class='ocr_par' dir='ltr' id='par_1_60' title="bbox 1991 3305 3569 3380">
     <span class='ocr_line' id='line_1_60' title="bbox 1991 3305 3569 3380; baseline 0.001 -17"><span class='ocrx_word' id='word_1_401' title='bbox 1991 3324 2153 3380; x_wconf 84' lang='lat' dir='ltr'><strong>quam</strong></span> <span class='ocrx_word' id='word_1_402' title='bbox 2186 3307 2492 3364; x_wconf 81' lang='lat' dir='ltr'><strong>Scribarum</strong></span> <span class='ocrx_word' id='word_1_403' title='bbox 2541 3318 2592 3363; x_wconf 83' lang='lat' dir='ltr'><strong>et</strong></span> <span class='ocrx_word' id='word_1_404' title='bbox 2636 3305 3051 3375; x_wconf 73' lang='lat' dir='ltr'><strong>Pharisazorum,</strong></span> <span class='ocrx_word' id='word_1_405' title='bbox 3082 3324 3186 3363; x_wconf 84' lang='lat' dir='ltr'><strong>non</strong></span> <span class='ocrx_word' id='word_1_406' title='bbox 3222 3309 3485 3365; x_wconf 79' lang='lat' dir='ltr'><strong>intrabitis</strong></span> <span class='ocrx_word' id='word_1_407' title='bbox 3517 3312 3569 3364; x_wconf 85' lang='lat' dir='ltr'><strong>in</strong></span> 
     </span>
    </p>
   </div>
   <div class='ocr_carea' id='block_1_61' title="bbox 1995 3400 3572 3473">
    <p class='ocr_par' dir='ltr' id='par_1_61' title="bbox 1995 3400 3572 3473">
     <span class='ocr_line' id='line_1_61' title="bbox 1995 3400 3572 3473; baseline 0.002 -17"><span class='ocrx_word' id='word_1_408' title='bbox 1995 3417 2212 3472; x_wconf 82' lang='lat' dir='ltr'><strong>regnum</strong></span> <span class='ocrx_word' id='word_1_409' title='bbox 2242 3400 2491 3456; x_wconf 72' lang='lat' dir='ltr'><strong>cartorum</strong></span> <span class='ocrx_word' id='word_1_410' title='bbox 2515 3401 2556 3455; x_wconf 70' lang='grc' dir='ltr'>δ.</span> <span class='ocrx_word' id='word_1_411' title='bbox 2592 3400 2815 3458; x_wconf 87' lang='lat' dir='ltr'><strong>Scribas</strong></span> <span class='ocrx_word' id='word_1_412' title='bbox 2836 3411 2893 3457; x_wconf 90' lang='lat' dir='ltr'><strong>et</strong></span> <span class='ocrx_word' id='word_1_413' title='bbox 2920 3400 3226 3459; x_wconf 70' lang='lat' dir='ltr'><strong>Pharisaos</strong></span> <span class='ocrx_word' id='word_1_414' title='bbox 3263 3417 3362 3458; x_wconf 88' lang='lat' dir='ltr'><strong>nos</strong></span> <span class='ocrx_word' id='word_1_415' title='bbox 3387 3403 3572 3473; x_wconf 84' lang='lat' dir='ltr'><strong>appel-</strong></span> 
     </span>
    </p>
   </div>
   <div class='ocr_carea' id='block_1_62' title="bbox 300 3486 3569 3581">
    <p class='ocr_par' dir='ltr' id='par_1_62' title="bbox 300 3486 3569 3581">
     <span class='ocr_line' id='line_1_62' title="bbox 300 3486 3569 3581; baseline 0 -32"><span class='ocrx_word' id='word_1_416' title='bbox 300 3496 345 3549; x_wconf 91' lang='grc' dir='ltr'><strong>Γ</strong></span> <span class='ocrx_word' id='word_1_417' title='bbox 349 3500 665 3570; x_wconf 82' lang='grc' dir='ltr'>ραμματείς</span> <span class='ocrx_word' id='word_1_418' title='bbox 684 3499 785 3570; x_wconf 86' lang='grc' dir='ltr'>μὲν</span> <span class='ocrx_word' id='word_1_419' title='bbox 803 3501 895 3555; x_wconf 72' lang='grc' dir='ltr'><strong>καὶ</strong></span> <span class='ocrx_word' id='word_1_420' title='bbox 909 3503 1415 3577; x_wconf 58' lang='grc' dir='ltr'>Φαρισαίους-ἡμᾶς</span> <span class='ocrx_word' id='word_1_421' title='bbox 1443 3486 1889 3581; x_wconf 60' lang='grc' dir='ltr'>προσαγορεύω-</span> <span class='ocrx_word' id='word_1_422' title='bbox 1914 3486 1961 3549; x_wconf 89' lang='lat' dir='ltr'><strong><em>C</em></strong></span> <span class='ocrx_word' id='word_1_423' title='bbox 1994 3490 2129 3581; x_wconf 72' lang='lat' dir='ltr'><strong>lant,</strong></span> <span class='ocrx_word' id='word_1_424' title='bbox 2168 3501 2226 3546; x_wconf 93' lang='lat' dir='ltr'><strong>ut</strong></span> <span class='ocrx_word' id='word_1_425' title='bbox 2253 3493 2360 3581; x_wconf 72' lang='lat' dir='ltr'><strong>qui</strong></span> <span class='ocrx_word' id='word_1_426' title='bbox 2378 3493 2909 3581; x_wconf 42' lang='lat' dir='ltr'><strong>litterarumxstudiis</strong></span> <span class='ocrx_word' id='word_1_427' title='bbox 2937 3496 3331 3559; x_wconf 85' lang='lat' dir='ltr'><strong>incumbamus,</strong></span> <span class='ocrx_word' id='word_1_428' title='bbox 3362 3506 3416 3549; x_wconf 88' lang='lat' dir='ltr'><strong>et</strong></span> <span class='ocrx_word' id='word_1_429' title='bbox 3438 3496 3569 3565; x_wconf 88' lang='lat' dir='ltr'><strong>ipsis</strong></span> 
     </span>
    </p>
   </div>
   <div class='ocr_carea' id='block_1_63' title="bbox 303 3592 1885 3675">
    <p class='ocr_par' dir='ltr' id='par_1_63' title="bbox 303 3592 1885 3675">
     <span class='ocr_line' id='line_1_63' title="bbox 303 3592 1885 3675; baseline 0.012 -31"><span class='ocrx_word' id='word_1_430' title='bbox 303 3607 415 3657; x_wconf 86' lang='grc' dir='ltr'>σιν,</span> <span class='ocrx_word' id='word_1_431' title='bbox 443 3592 518 3656; x_wconf 84' lang='grc' dir='ltr'>ὡς</span> <span class='ocrx_word' id='word_1_432' title='bbox 549 3593 649 3662; x_wconf 76' lang='grc' dir='ltr'><strong>τὴν</strong></span> <span class='ocrx_word' id='word_1_433' title='bbox 680 3597 1080 3670; x_wconf 81' lang='grc' dir='ltr'>γραμματικὴν</span> <span class='ocrx_word' id='word_1_434' title='bbox 1114 3600 1397 3657; x_wconf 77' lang='grc' dir='ltr'>παίδευσιν</span> <span class='ocrx_word' id='word_1_435' title='bbox 1425 3605 1757 3675; x_wconf 81' lang='grc' dir='ltr'>ἀσκοῦντας,</span> <span class='ocrx_word' id='word_1_436' title='bbox 1789 3608 1885 3663; x_wconf 77' lang='grc' dir='ltr'>καὶ</span> 
     </span>
    </p>
   </div>
   <div class='ocr_carea' id='block_1_64' title="bbox 302 3685 1897 3771">
    <p class='ocr_par' dir='ltr' id='par_1_64' title="bbox 302 3685 1897 3771">
     <span class='ocr_line' id='line_1_64' title="bbox 302 3685 1897 3771; baseline 0.008 -33"><span class='ocrx_word' id='word_1_437' title='bbox 302 3685 790 3757; x_wconf 79' lang='grc' dir='ltr'>μεγαλαυχοῦντας</span> <span class='ocrx_word' id='word_1_438' title='bbox 811 3689 898 3743; x_wconf 75' lang='grc' dir='ltr'><strong>ἐπ’</strong></span> <span class='ocrx_word' id='word_1_439' title='bbox 935 3692 1072 3764; x_wconf 83' lang='grc' dir='ltr'>αὐτῇ</span> <span class='ocrx_word' id='word_1_440' title='bbox 1093 3711 1108 3726; x_wconf 89' lang='grc'><strong>·</strong></span> <span class='ocrx_word' id='word_1_441' title='bbox 1134 3695 1479 3764; x_wconf 85' lang='grc' dir='ltr'>περισσεύειν</span> <span class='ocrx_word' id='word_1_442' title='bbox 1519 3696 1577 3751; x_wconf 77' lang='grc' dir='ltr'>δὲ</span> <span class='ocrx_word' id='word_1_443' title='bbox 1608 3700 1639 3767; x_wconf 79' lang='grc' dir='ltr'>ἡ</span> <span class='ocrx_word' id='word_1_444' title='bbox 1650 3696 1766 3767; x_wconf 89' lang='grc' dir='ltr'><strong>μῶν</strong></span> <span class='ocrx_word' id='word_1_445' title='bbox 1788 3699 1897 3771; x_wconf 70' lang='grc' dir='ltr'>τὴν</span> 
     </span>
    </p>
   </div>
   <div class='ocr_carea' id='block_1_65' title="bbox 300 3780 1885 3862">
    <p class='ocr_par' dir='ltr' id='par_1_65' title="bbox 300 3780 1885 3862">
     <span class='ocr_line' id='line_1_65' title="bbox 300 3780 1885 3862; baseline 0.006 -29"><span class='ocrx_word' id='word_1_446' title='bbox 300 3780 655 3852; x_wconf 84' lang='grc' dir='ltr'>δικαιοσύνην</span> <span class='ocrx_word' id='word_1_447' title='bbox 691 3783 873 3839; x_wconf 83' lang='grc' dir='ltr'>αὐτῶν</span> <span class='ocrx_word' id='word_1_448' title='bbox 922 3785 1177 3855; x_wconf 87' lang='grc' dir='ltr'>λέγουσιν</span> <span class='ocrx_word' id='word_1_449' title='bbox 1218 3792 1276 3841; x_wconf 75' lang='grc' dir='ltr'>ἐν</span> <span class='ocrx_word' id='word_1_450' title='bbox 1319 3790 1399 3860; x_wconf 83' lang='grc' dir='ltr'>τῷ</span> <span class='ocrx_word' id='word_1_451' title='bbox 1438 3790 1885 3862; x_wconf 82' lang='grc' dir='ltr'>διδάσκεινάλη-</span> 
     </span>
    </p>
   </div>
   <div class='ocr_carea' id='block_1_66' title="bbox 305 3872 1886 3954">
    <p class='ocr_par' dir='ltr' id='par_1_66' title="bbox 305 3872 1886 3954">
     <span class='ocr_line' id='line_1_66' title="bbox 305 3872 1886 3954; baseline 0.007 -28"><span class='ocrx_word' id='word_1_452' title='bbox 305 3872 566 3945; x_wconf 79' lang='grc' dir='ltr'>Θέστερα,</span> <span class='ocrx_word' id='word_1_453' title='bbox 623 3877 720 3931; x_wconf 73' lang='grc' dir='ltr'><strong>καὶ</strong></span> <span class='ocrx_word' id='word_1_454' title='bbox 775 3879 1027 3949; x_wconf 82' lang='grc' dir='ltr'>μετιέναι</span> <span class='ocrx_word' id='word_1_455' title='bbox 1085 3881 1369 3936; x_wconf 80' lang='grc' dir='ltr'>πολιτείαν</span> <span class='ocrx_word' id='word_1_456' title='bbox 1395 3882 1795 3954; x_wconf 78' lang='grc' dir='ltr'>ἀκριϐεστέραν</span> <span class='ocrx_word' id='word_1_457' title='bbox 1824 3901 1886 3937; x_wconf 90' lang='grc' dir='ltr'><strong>τε</strong></span> 
     </span>
    </p>
   </div>
   <div class='ocr_carea' id='block_1_67' title="bbox 304 3966 1888 4047">
    <p class='ocr_par' dir='ltr' id='par_1_67' title="bbox 304 3966 1888 4047">
     <span class='ocr_line' id='line_1_67' title="bbox 304 3966 1888 4047; baseline 0.008 -28"><span class='ocrx_word' id='word_1_458' title='bbox 304 3966 404 4020; x_wconf 74' lang='grc' dir='ltr'><strong>καὶ</strong></span> <span class='ocrx_word' id='word_1_459' title='bbox 451 3967 854 4041; x_wconf 84' lang='grc' dir='ltr'>καθαρωτέραν</span> <span class='ocrx_word' id='word_1_460' title='bbox 917 3974 1296 4043; x_wconf 77' lang='grc' dir='ltr'>ἀπεχομένους</span> <span class='ocrx_word' id='word_1_461' title='bbox 1348 3976 1725 4047; x_wconf 82' lang='grc' dir='ltr'>κρεωφαγίας,</span> <span class='ocrx_word' id='word_1_462' title='bbox 1791 3978 1888 4031; x_wconf 77' lang='grc' dir='ltr'>καὶ</span> 
     </span>
    </p>
   </div>
   <div class='ocr_carea' id='block_1_68' title="bbox 303 4060 1706 4133">
    <p class='ocr_par' dir='ltr' id='par_1_68' title="bbox 303 4060 1706 4133">
     <span class='ocr_line' id='line_1_68' title="bbox 303 4060 1706 4133; baseline 0.006 -22"><span class='ocrx_word' id='word_1_463' title='bbox 303 4060 490 4129; x_wconf 80' lang='grc' dir='ltr'>τυροῦ,</span> <span class='ocrx_word' id='word_1_464' title='bbox 515 4062 610 4115; x_wconf 79' lang='grc' dir='ltr'>καὶ</span> <span class='ocrx_word' id='word_1_465' title='bbox 648 4061 779 4127; x_wconf 80' lang='grc' dir='ltr'>ὠοῦ,</span> <span class='ocrx_word' id='word_1_466' title='bbox 810 4062 907 4118; x_wconf 75' lang='grc' dir='ltr'><strong>καὶ</strong></span> <span class='ocrx_word' id='word_1_467' title='bbox 939 4064 1138 4133; x_wconf 83' lang='grc' dir='ltr'>γάμου,</span> <span class='ocrx_word' id='word_1_468' title='bbox 1174 4066 1400 4119; x_wconf 74' lang='grc' dir='ltr'>καὶτῶν</span> <span class='ocrx_word' id='word_1_469' title='bbox 1429 4068 1706 4121; x_wconf 85' lang='grc' dir='ltr'>τοιούτων.</span> 
     </span>
    </p>
   </div>
   <div class='ocr_carea' id='block_1_69' title="bbox 379 4150 1889 4226">
    <p class='ocr_par' dir='ltr' id='par_1_69' title="bbox 379 4150 1889 4226">
     <span class='ocr_line' id='line_1_69' title="bbox 379 4150 1889 4226; baseline 0.005 -22"><span class='ocrx_word' id='word_1_470' title='bbox 379 4150 485 4223; x_wconf 84' lang='grc' dir='ltr'>λη’.</span> <span class='ocrx_word' id='word_1_471' title='bbox 510 4155 684 4217; x_wconf 84' lang='grc' dir='ltr'>Ἴσθι,</span> <span class='ocrx_word' id='word_1_472' title='bbox 706 4155 895 4226; x_wconf 79' lang='grc' dir='ltr'>φησὶν,</span> <span class='ocrx_word' id='word_1_473' title='bbox 911 4156 1142 4211; x_wconf 80' lang='grc' dir='ltr'>εὐνοῶν</span> <span class='ocrx_word' id='word_1_474' title='bbox 1168 4158 1244 4222; x_wconf 79' lang='grc' dir='ltr'><strong>τῷ</strong></span> <span class='ocrx_word' id='word_1_475' title='bbox 1260 4157 1543 4225; x_wconf 73' lang='grc' dir='ltr'>ἀντιδίκῳ</span> <span class='ocrx_word' id='word_1_476' title='bbox 1562 4174 1699 4213; x_wconf 87' lang='grc' dir='ltr'>σου.</span> <span class='ocrx_word' id='word_1_477' title='bbox 1716 4160 1889 4214; x_wconf 82' lang='grc' dir='ltr'>Ἀντί-</span> 
     </span>
    </p>
   </div>
   <div class='ocr_carea' id='block_1_70' title="bbox 308 4244 1887 4323">
    <p class='ocr_par' dir='ltr' id='par_1_70' title="bbox 308 4244 1887 4323">
     <span class='ocr_line' id='line_1_70' title="bbox 308 4244 1887 4323; baseline 0.004 -26"><span class='ocrx_word' id='word_1_478' title='bbox 308 4244 461 4298; x_wconf 85' lang='grc' dir='ltr'>δικον</span> <span class='ocrx_word' id='word_1_479' title='bbox 489 4245 602 4301; x_wconf 79' lang='grc' dir='ltr'>,τῶν</span> <span class='ocrx_word' id='word_1_480' title='bbox 621 4246 928 4318; x_wconf 81' lang='grc' dir='ltr'>ἀνθρώπων</span> <span class='ocrx_word' id='word_1_481' title='bbox 953 4249 1207 4318; x_wconf 83' lang='grc' dir='ltr'>λέγοντες</span> <span class='ocrx_word' id='word_1_482' title='bbox 1230 4250 1322 4303; x_wconf 66' lang='grc' dir='ltr'><strong>τὸν</strong></span> <span class='ocrx_word' id='word_1_483' title='bbox 1344 4250 1611 4317; x_wconf 76' lang='grc' dir='ltr'>διάϐολον,</span> <span class='ocrx_word' id='word_1_484' title='bbox 1631 4252 1726 4305; x_wconf 73' lang='grc' dir='ltr'>καὶ</span> <span class='ocrx_word' id='word_1_485' title='bbox 1752 4268 1887 4323; x_wconf 82' lang='grc' dir='ltr'>φρε-</span> 
     </span>
    </p>
   </div>
   <div class='ocr_carea' id='block_1_71' title="bbox 308 4337 1890 4414">
    <p class='ocr_par' dir='ltr' id='par_1_71' title="bbox 308 4337 1890 4414">
     <span class='ocr_line' id='line_1_71' title="bbox 308 4337 1890 4414; baseline 0.005 -24"><span class='ocrx_word' id='word_1_486' title='bbox 308 4337 595 4403; x_wconf 74' lang='grc' dir='ltr'>νοϐλαϐὦς</span> <span class='ocrx_word' id='word_1_487' title='bbox 623 4340 993 4412; x_wconf 85' lang='grc' dir='ltr'>ὲρμηνεύοντε</span> <span class='ocrx_word' id='word_1_488' title='bbox 1005 4361 1050 4408; x_wconf 85' lang='grc' dir='ltr'><strong>ς,</strong></span> <span class='ocrx_word' id='word_1_489' title='bbox 1105 4344 1185 4397; x_wconf 79' lang='grc' dir='ltr'>ὅτι</span> <span class='ocrx_word' id='word_1_490' title='bbox 1222 4342 1329 4412; x_wconf 81' lang='grc' dir='ltr'>χρὴ</span> <span class='ocrx_word' id='word_1_491' title='bbox 1360 4344 1568 4399; x_wconf 79' lang='grc' dir='ltr'>εὐνοεῖν</span> <span class='ocrx_word' id='word_1_492' title='bbox 1597 4343 1766 4414; x_wconf 81' lang='grc' dir='ltr'>αὐτῷ,</span> <span class='ocrx_word' id='word_1_493' title='bbox 1794 4345 1890 4398; x_wconf 75' lang='grc' dir='ltr'><strong>καὶ</strong></span> 
     </span>
    </p>
   </div>
   <div class='ocr_carea' id='block_1_72' title="bbox 308 4429 1890 4504">
    <p class='ocr_par' dir='ltr' id='par_1_72' title="bbox 308 4429 1890 4504">
     <span class='ocr_line' id='line_1_72' title="bbox 308 4429 1890 4504; baseline 0.002 -21"><span class='ocrx_word' id='word_1_494' title='bbox 308 4429 643 4499; x_wconf 83' lang='grc' dir='ltr'>θεραπεύειν</span> <span class='ocrx_word' id='word_1_495' title='bbox 676 4432 767 4486; x_wconf 85' lang='grc' dir='ltr'><strong>διὰ</strong></span> <span class='ocrx_word' id='word_1_496' title='bbox 810 4433 1375 4504; x_wconf 21' lang='grc' dir='ltr'>προσκυνήσεως,ξώς</span> <span class='ocrx_word' id='word_1_497' title='bbox 1414 4433 1671 4504; x_wconf 81' lang='grc' dir='ltr'>ἀνωτέρω</span> <span class='ocrx_word' id='word_1_498' title='bbox 1712 4450 1890 4502; x_wconf 86' lang='grc' dir='ltr'>παρα-</span> 
     </span>
    </p>
   </div>
   <div class='ocr_carea' id='block_1_73' title="bbox 310 4521 1890 4597">
    <p class='ocr_par' dir='ltr' id='par_1_73' title="bbox 310 4521 1890 4597">
     <span class='ocr_line' id='line_1_73' title="bbox 310 4521 1890 4597; baseline 0.003 -22"><span class='ocrx_word' id='word_1_499' title='bbox 310 4521 651 4594; x_wconf 85' lang='grc' dir='ltr'>δεδώκαμεν,</span> <span class='ocrx_word' id='word_1_500' title='bbox 712 4525 803 4578; x_wconf 90' lang='grc' dir='ltr'><strong>ῖνα</strong></span> <span class='ocrx_word' id='word_1_501' title='bbox 883 4526 960 4595; x_wconf 80' lang='grc' dir='ltr'>μὴ</span> <span class='ocrx_word' id='word_1_502' title='bbox 1016 4526 1338 4597; x_wconf 82' lang='grc' dir='ltr'>πτερνίσας,</span> <span class='ocrx_word' id='word_1_503' title='bbox 1401 4526 1499 4579; x_wconf 67' lang='grc' dir='ltr'><strong>καὶ</strong></span> <span class='ocrx_word' id='word_1_504' title='bbox 1566 4524 1890 4581; x_wconf 75' lang='grc' dir='ltr'>καταϐαλὼν</span> 
     </span>
    </p>
   </div>
   <div class='ocr_carea' id='block_1_74' title="bbox 308 4615 1888 4689">
    <p class='ocr_par' dir='ltr' id='par_1_74' title="bbox 308 4615 1888 4689">
     <span class='ocr_line' id='line_1_74' title="bbox 308 4615 1888 4689; baseline 0.003 -22"><span class='ocrx_word' id='word_1_505' title='bbox 308 4615 440 4678; x_wconf 84' lang='grc' dir='ltr'>τοὺς</span> <span class='ocrx_word' id='word_1_506' title='bbox 483 4616 871 4679; x_wconf 63' lang='grc' dir='ltr'>ἀπειθοῦντας</span> <span class='ocrx_word' id='word_1_507' title='bbox 901 4616 1208 4688; x_wconf 79' lang='grc' dir='ltr'>παραδώσῃ</span> <span class='ocrx_word' id='word_1_508' title='bbox 1271 4617 1348 4688; x_wconf 84' lang='grc' dir='ltr'>τῷ</span> <span class='ocrx_word' id='word_1_509' title='bbox 1389 4620 1552 4689; x_wconf 85' lang='grc' dir='ltr'>κριτῇ</span> <span class='ocrx_word' id='word_1_510' title='bbox 1605 4618 1700 4671; x_wconf 73' lang='grc' dir='ltr'>καὶ</span> <span class='ocrx_word' id='word_1_511' title='bbox 1740 4616 1888 4687; x_wconf 74' lang='grc' dir='ltr'>Θεῷ,</span> 
     </span>
    </p>
   </div>
   <div class='ocr_carea' id='block_1_75' title="bbox 311 4709 1889 4781">
    <p class='ocr_par' dir='ltr' id='par_1_75' title="bbox 311 4709 1889 4781">
     <span class='ocr_line' id='line_1_75' title="bbox 311 4709 1889 4781; baseline 0.008 -21"><span class='ocrx_word' id='word_1_512' title='bbox 311 4710 459 4761; x_wconf 81' lang='grc' dir='ltr'>κατὰ</span> <span class='ocrx_word' id='word_1_513' title='bbox 490 4709 590 4778; x_wconf 80' lang='grc' dir='ltr'>τὴν</span> <span class='ocrx_word' id='word_1_514' title='bbox 620 4710 836 4781; x_wconf 81' lang='grc' dir='ltr'>ἡμέραν</span> <span class='ocrx_word' id='word_1_515' title='bbox 860 4710 964 4780; x_wconf 77' lang='grc' dir='ltr'>τῆς</span> <span class='ocrx_word' id='word_1_516' title='bbox 999 4711 1237 4780; x_wconf 76' lang='grc' dir='ltr'>κρίσεως</span> <span class='ocrx_word' id='word_1_517' title='bbox 1267 4709 1428 4779; x_wconf 74' lang='grc' dir='ltr'>λόγον</span> <span class='ocrx_word' id='word_1_518' title='bbox 1476 4709 1771 4776; x_wconf 74' lang='grc' dir='ltr'>ὑφέξοντας</span> <span class='ocrx_word' id='word_1_519' title='bbox 1790 4710 1889 4780; x_wconf 78' lang='grc' dir='ltr'><strong>τῆς</strong></span> 
     </span>
    </p>
   </div>
   <div class='ocr_carea' id='block_1_76' title="bbox 310 4800 740 4866">
    <p class='ocr_par' dir='ltr' id='par_1_76' title="bbox 310 4800 740 4866">
     <span class='ocr_line' id='line_1_76' title="bbox 310 4800 740 4866; baseline 0.009 -13"><span class='ocrx_word' id='word_1_520' title='bbox 310 4800 740 4866; x_wconf 81' lang='grc' dir='ltr'>ὑποσκελίσεως.</span> 
     </span>
    </p>
   </div>
   <div class='ocr_carea' id='block_1_77' title="bbox 381 4895 1894 4971">
    <p class='ocr_par' dir='ltr' id='par_1_77' title="bbox 381 4895 1894 4971">
     <span class='ocr_line' id='line_1_77' title="bbox 381 4895 1894 4971; baseline 0.004 -25"><span class='ocrx_word' id='word_1_521' title='bbox 381 4895 481 4950; x_wconf 85' lang='grc' dir='ltr'>λθ’.</span> <span class='ocrx_word' id='word_1_522' title='bbox 504 4895 685 4955; x_wconf 51' lang='grc' dir='ltr'><strong>Ἐπεὶ</strong></span> <span class='ocrx_word' id='word_1_523' title='bbox 707 4897 788 4961; x_wconf 86' lang='grc' dir='ltr'><strong>τὸ,</strong></span> <span class='ocrx_word' id='word_1_524' title='bbox 820 4896 967 4962; x_wconf 87' lang='grc' dir='ltr'>Πᾶς,</span> <span class='ocrx_word' id='word_1_525' title='bbox 998 4897 1066 4964; x_wconf 84' lang='grc' dir='ltr'>ὃς</span> <span class='ocrx_word' id='word_1_526' title='bbox 1094 4896 1173 4951; x_wconf 83' lang='grc' dir='ltr'>ἂν</span> <span class='ocrx_word' id='word_1_527' title='bbox 1192 4899 1479 4971; x_wconf 72' lang='grc' dir='ltr'>ἀπολύσῃ</span> <span class='ocrx_word' id='word_1_528' title='bbox 1500 4898 1617 4969; x_wconf 81' lang='grc' dir='ltr'><strong>τὴν</strong></span> <span class='ocrx_word' id='word_1_529' title='bbox 1637 4898 1894 4969; x_wconf 78' lang='grc' dir='ltr'>γυναῖκα</span> 
     </span>
    </p>
   </div>
   <div class='ocr_carea' id='block_1_78' title="bbox 311 4989 1891 5061">
    <p class='ocr_par' dir='ltr' id='par_1_78' title="bbox 311 4989 1891 5061">
     <span class='ocr_line' id='line_1_78' title="bbox 311 4989 1891 5061; baseline -0.001 -16"><span class='ocrx_word' id='word_1_530' title='bbox 311 4990 500 5045; x_wconf 82' lang='grc' dir='ltr'>αὐτου</span> <span class='ocrx_word' id='word_1_531' title='bbox 532 4990 825 5058; x_wconf 78' lang='grc' dir='ltr'>παρεκτὸς</span> <span class='ocrx_word' id='word_1_532' title='bbox 857 4992 1046 5061; x_wconf 79' lang='grc' dir='ltr'>λόγου</span> <span class='ocrx_word' id='word_1_533' title='bbox 1089 4994 1393 5059; x_wconf 80' lang='grc' dir='ltr'>πορνείας,</span> <span class='ocrx_word' id='word_1_534' title='bbox 1426 4992 1521 5048; x_wconf 73' lang='grc' dir='ltr'>καὶ</span> <span class='ocrx_word' id='word_1_535' title='bbox 1544 4992 1612 5047; x_wconf 81' lang='grc' dir='ltr'>τὰ</span> <span class='ocrx_word' id='word_1_536' title='bbox 1648 4993 1777 5060; x_wconf 78' lang='grc' dir='ltr'>ἑξῆς</span> <span class='ocrx_word' id='word_1_537' title='bbox 1798 4989 1891 5045; x_wconf 90' lang='grc' dir='ltr'><strong>τοῦ</strong></span> 
     </span>
    </p>
   </div>
   <div class='ocr_carea' id='block_1_79' title="bbox 314 5079 1896 5159">
    <p class='ocr_par' dir='ltr' id='par_1_79' title="bbox 314 5079 1896 5159">
     <span class='ocr_line' id='line_1_79' title="bbox 314 5079 1896 5159; baseline 0.002 -26"><span class='ocrx_word' id='word_1_538' title='bbox 314 5079 504 5151; x_wconf 75' lang='grc' dir='ltr'>ῥητοῦ,</span> <span class='ocrx_word' id='word_1_539' title='bbox 532 5081 610 5151; x_wconf 86' lang='grc' dir='ltr'>τῷ</span> <span class='ocrx_word' id='word_1_540' title='bbox 642 5082 773 5152; x_wconf 71' lang='grc' dir='ltr'>περὶ</span> <span class='ocrx_word' id='word_1_541' title='bbox 827 5082 925 5135; x_wconf 89' lang='grc' dir='ltr'><strong>τοῦ</strong></span> <span class='ocrx_word' id='word_1_542' title='bbox 978 5085 1052 5159; x_wconf 80' lang='grc' dir='ltr'>μὴ</span> <span class='ocrx_word' id='word_1_543' title='bbox 1092 5083 1497 5153; x_wconf 76' lang='grc' dir='ltr'>συζεύγνυσθαι</span> <span class='ocrx_word' id='word_1_544' title='bbox 1525 5086 1748 5154; x_wconf 75' lang='grc' dir='ltr'>γυναικὶ</span> <span class='ocrx_word' id='word_1_545' title='bbox 1772 5084 1896 5152; x_wconf 87' lang='grc' dir='ltr'>δόγ-</span> 
     </span>
    </p>
   </div>
   <div class='ocr_carea' id='block_1_80' title="bbox 316 5174 1895 5251">
    <p class='ocr_par' dir='ltr' id='par_1_80' title="bbox 316 5174 1895 5251">
     <span class='ocr_line' id='line_1_80' title="bbox 316 5174 1895 5251; baseline 0.002 -25"><span class='ocrx_word' id='word_1_546' title='bbox 316 5190 451 5242; x_wconf 85' lang='grc' dir='ltr'>ματι</span> <span class='ocrx_word' id='word_1_547' title='bbox 497 5174 709 5228; x_wconf 82' lang='grc' dir='ltr'>τούτων</span> <span class='ocrx_word' id='word_1_548' title='bbox 765 5175 1097 5243; x_wconf 80' lang='grc' dir='ltr'>ἀντίκειται,</span> <span class='ocrx_word' id='word_1_549' title='bbox 1147 5181 1315 5246; x_wconf 69' lang='grc' dir='ltr'>φασὶν</span> <span class='ocrx_word' id='word_1_550' title='bbox 1380 5178 1671 5251; x_wconf 78' lang='grc' dir='ltr'>ἀπόρρητα</span> <span class='ocrx_word' id='word_1_551' title='bbox 1728 5178 1895 5230; x_wconf 81' lang='grc' dir='ltr'>πᾶσιν</span> 
     </span>
    </p>
   </div>
   <div class='ocr_carea' id='block_1_81' title="bbox 313 5260 1895 5339">
    <p class='ocr_par' dir='ltr' id='par_1_81' title="bbox 313 5260 1895 5339">
     <span class='ocr_line' id='line_1_81' title="bbox 313 5260 1895 5339; baseline 0.002 -23"><span class='ocrx_word' id='word_1_552' title='bbox 313 5260 460 5317; x_wconf 77' lang='grc' dir='ltr'>εἷναι</span> <span class='ocrx_word' id='word_1_553' title='bbox 487 5265 685 5333; x_wconf 89' lang='grc' dir='ltr'>ταῦτα,</span> <span class='ocrx_word' id='word_1_554' title='bbox 717 5268 810 5321; x_wconf 71' lang='grc' dir='ltr'><strong>καὶ</strong></span> <span class='ocrx_word' id='word_1_555' title='bbox 842 5268 1249 5338; x_wconf 83' lang='grc' dir='ltr'>ἀνερμήνευτα,</span> <span class='ocrx_word' id='word_1_556' title='bbox 1299 5270 1392 5322; x_wconf 78' lang='grc' dir='ltr'><strong>καὶ</strong></span> <span class='ocrx_word' id='word_1_557' title='bbox 1425 5270 1610 5339; x_wconf 85' lang='grc' dir='ltr'>μόνοις</span> <span class='ocrx_word' id='word_1_558' title='bbox 1639 5268 1895 5338; x_wconf 86' lang='grc' dir='ltr'>γνώριμα</span> 
     </span>
    </p>
   </div>
   <div class='ocr_carea' id='block_1_82' title="bbox 311 5358 1893 5431">
    <p class='ocr_par' dir='ltr' id='par_1_82' title="bbox 311 5358 1893 5431">
     <span class='ocr_line' id='line_1_82' title="bbox 311 5358 1893 5431; baseline 0.003 -24"><span class='ocrx_word' id='word_1_559' title='bbox 311 5358 428 5419; x_wconf 85' lang='grc' dir='ltr'>τοῖς</span> <span class='ocrx_word' id='word_1_560' title='bbox 459 5358 881 5428; x_wconf 62' lang='grc' dir='ltr'>ἀτώτιοεμένοις</span> <span class='ocrx_word' id='word_1_561' title='bbox 926 5359 1026 5431; x_wconf 80' lang='grc' dir='ltr'>τὴν</span> <span class='ocrx_word' id='word_1_562' title='bbox 1073 5362 1274 5431; x_wconf 84' lang='grc' dir='ltr'>σάρκα.</span> <span class='ocrx_word' id='word_1_563' title='bbox 1329 5359 1685 5423; x_wconf 79' lang='grc' dir='ltr'>Βεόαιοῦντες</span> <span class='ocrx_word' id='word_1_564' title='bbox 1731 5359 1786 5411; x_wconf 77' lang='grc' dir='ltr'>δὲ</span> <span class='ocrx_word' id='word_1_565' title='bbox 1833 5358 1893 5412; x_wconf 77' lang='grc' dir='ltr'>τὸ</span> 
     </span>
    </p>
   </div>
   <div class='ocr_carea' id='block_1_83' title="bbox 312 5446 1893 5523">
    <p class='ocr_par' dir='ltr' id='par_1_83' title="bbox 312 5446 1893 5523">
     <span class='ocr_line' id='line_1_83' title="bbox 312 5446 1893 5523; baseline 0.001 -23"><span class='ocrx_word' id='word_1_566' title='bbox 312 5446 490 5517; x_wconf 86' lang='grc' dir='ltr'>δόγμα</span> <span class='ocrx_word' id='word_1_567' title='bbox 514 5449 615 5519; x_wconf 77' lang='grc' dir='ltr'>τῆς</span> <span class='ocrx_word' id='word_1_568' title='bbox 640 5450 909 5521; x_wconf 81' lang='grc' dir='ltr'>ἀγαμίας,</span> <span class='ocrx_word' id='word_1_569' title='bbox 939 5453 1338 5521; x_wconf 76' lang='grc' dir='ltr'>προκομίζουσι</span> <span class='ocrx_word' id='word_1_570' title='bbox 1362 5450 1456 5505; x_wconf 92' lang='grc' dir='ltr'><strong>τοῦ</strong></span> <span class='ocrx_word' id='word_1_571' title='bbox 1487 5451 1691 5523; x_wconf 85' lang='grc' dir='ltr'>Κυρίου</span> <span class='ocrx_word' id='word_1_572' title='bbox 1713 5450 1893 5519; x_wconf 81' lang='grc' dir='ltr'>λόγον,</span> 
     </span>
    </p>
   </div>
   <div class='ocr_carea' id='block_1_84' title="bbox 314 5541 1893 5617">
    <p class='ocr_par' dir='ltr' id='par_1_84' title="bbox 314 5541 1893 5617">
     <span class='ocr_line' id='line_1_84' title="bbox 314 5541 1893 5617; baseline 0.006 -26"><span class='ocrx_word' id='word_1_573' title='bbox 314 5541 623 5612; x_wconf 73' lang='grc' dir='ltr'>εἰρηκότος,</span> <span class='ocrx_word' id='word_1_574' title='bbox 655 5545 738 5599; x_wconf 78' lang='grc' dir='ltr'>ὅτι</span> <span class='ocrx_word' id='word_1_575' title='bbox 784 5546 891 5600; x_wconf 83' lang='grc' dir='ltr'>Ἐν</span> <span class='ocrx_word' id='word_1_576' title='bbox 931 5545 1004 5615; x_wconf 74' lang='grc' dir='ltr'>τῇ</span> <span class='ocrx_word' id='word_1_577' title='bbox 1028 5547 1369 5602; x_wconf 80' lang='grc' dir='ltr'>ἀναστάσει</span> <span class='ocrx_word' id='word_1_578' title='bbox 1398 5548 1538 5602; x_wconf 83' lang='grc' dir='ltr'>οὔτε</span> <span class='ocrx_word' id='word_1_579' title='bbox 1573 5546 1893 5617; x_wconf 80' lang='grc' dir='ltr'>γαμοῦσιν,</span> 
     </span>
    </p>
   </div>
   <div class='ocr_carea' id='block_1_85' title="bbox 313 5636 1896 5711">
    <p class='ocr_par' dir='ltr' id='par_1_85' title="bbox 313 5636 1896 5711">
     <span class='ocr_line' id='line_1_85' title="bbox 313 5636 1896 5711; baseline 0.003 -24"><span class='ocrx_word' id='word_1_580' title='bbox 313 5636 455 5689; x_wconf 85' lang='grc' dir='ltr'>οὔτε</span> <span class='ocrx_word' id='word_1_581' title='bbox 510 5636 945 5707; x_wconf 76' lang='grc' dir='ltr'>ἐκγαμίζονται,</span> <span class='ocrx_word' id='word_1_582' title='bbox 1006 5640 1251 5705; x_wconf 88' lang='grc' dir='ltr'>νοοῦντες</span> <span class='ocrx_word' id='word_1_583' title='bbox 1305 5641 1550 5711; x_wconf 83' lang='grc' dir='ltr'>ἀνοήτως</span> <span class='ocrx_word' id='word_1_584' title='bbox 1597 5641 1896 5694; x_wconf 82' lang='grc' dir='ltr'>ἀνάστασιν</span> 
     </span>
    </p>
   </div>
   <div class='ocr_carea' id='block_1_86' title="bbox 312 5726 1722 5804">
    <p class='ocr_par' dir='ltr' id='par_1_86' title="bbox 312 5726 1722 5804">
     <span class='ocr_line' id='line_1_86' title="bbox 312 5726 1722 5804; baseline 0.002 -21"><span class='ocrx_word' id='word_1_585' title='bbox 312 5726 413 5798; x_wconf 78' lang='grc' dir='ltr'>τὴν</span> <span class='ocrx_word' id='word_1_586' title='bbox 443 5729 734 5798; x_wconf 78' lang='grc' dir='ltr'>μετάνοιαν</span> <span class='ocrx_word' id='word_1_587' title='bbox 767 5734 863 5786; x_wconf 75' lang='grc' dir='ltr'><strong>καὶ</strong></span> <span class='ocrx_word' id='word_1_588' title='bbox 906 5732 1007 5803; x_wconf 81' lang='grc' dir='ltr'>τὴν</span> <span class='ocrx_word' id='word_1_589' title='bbox 1034 5732 1401 5804; x_wconf 78' lang='grc' dir='ltr'>εύαγγελικὴν</span> <span class='ocrx_word' id='word_1_590' title='bbox 1425 5732 1722 5787; x_wconf 89' lang='grc' dir='ltr'>πολιτείαν.</span> 
     </span>
    </p>
   </div>
   <div class='ocr_carea' id='block_1_87' title="bbox 392 5910 914 5976">
    <p class='ocr_par' dir='ltr' id='par_1_87' title="bbox 392 5910 914 5976">
     <span class='ocr_line' id='line_1_87' title="bbox 392 5910 914 5976; baseline 0.011 -13"><span class='ocrx_word' id='word_1_591' title='bbox 392 5911 408 5943; x_wconf 85' lang='grc'>¹</span> <span class='ocrx_word' id='word_1_592' title='bbox 446 5910 634 5968; x_wconf 85' lang='lat' dir='ltr'><strong>Matth.</strong></span> <span class='ocrx_word' id='word_1_593' title='bbox 684 5930 759 5976; x_wconf 73' lang='grc' dir='ltr'>γι,</span> <span class='ocrx_word' id='word_1_594' title='bbox 826 5915 914 5971; x_wconf 79' lang='grc'><strong>1⁸5.</strong></span> 
     </span>
    </p>
   </div>
   <div class='ocr_carea' id='block_1_88' title="bbox 1026 5916 1487 5988">
    <p class='ocr_par' dir='ltr' id='par_1_88' title="bbox 1026 5916 1487 5988">
     <span class='ocr_line' id='line_1_88' title="bbox 1026 5916 1487 5988; baseline 0.011 -17"><span class='ocrx_word' id='word_1_595' title='bbox 1026 5920 1046 5950; x_wconf 81' lang='grc'>³</span> <span class='ocrx_word' id='word_1_596' title='bbox 1080 5916 1271 5974; x_wconf 73' lang='lat' dir='ltr'><strong>Matth.</strong></span> <span class='ocrx_word' id='word_1_597' title='bbox 1310 5936 1362 5988; x_wconf 87' lang='lat' dir='ltr'><strong>v,</strong></span> <span class='ocrx_word' id='word_1_598' title='bbox 1401 5922 1487 5976; x_wconf 82' lang='grc'><strong>18.</strong></span> 
     </span>
    </p>
   </div>
   <div class='ocr_carea' id='block_1_89' title="bbox 319 5981 929 6053">
    <p class='ocr_par' dir='ltr' id='par_1_89' title="bbox 319 5981 929 6053">
     <span class='ocr_line' id='line_1_89' title="bbox 319 5981 929 6053; baseline 0.005 -16"><span class='ocrx_word' id='word_1_599' title='bbox 319 5990 338 6020; x_wconf 86' lang='grc'><strong>⁷</strong></span> <span class='ocrx_word' id='word_1_600' title='bbox 374 5981 569 6041; x_wconf 76' lang='lat' dir='ltr'><strong>Matth.</strong></span> <span class='ocrx_word' id='word_1_601' title='bbox 608 5999 740 6053; x_wconf 73' lang='lat' dir='ltr'><strong>uti,</strong></span> <span class='ocrx_word' id='word_1_602' title='bbox 770 5985 860 6040; x_wconf 82' lang='grc'><strong>50.</strong></span> <span class='ocrx_word' id='word_1_603' title='bbox 920 6001 929 6011; x_wconf 78' lang='grc'><em>⁴</em></span> 
     </span>
    </p>
   </div>
   <div class='ocr_carea' id='block_1_90' title="bbox 1601 5915 2427 5979">
    <p class='ocr_par' dir='ltr' id='par_1_90' title="bbox 1601 5915 2427 5979">
     <span class='ocr_line' id='line_1_90' title="bbox 1601 5915 2427 5979; baseline -0.006 -4"><span class='ocrx_word' id='word_1_604' title='bbox 1601 5923 1619 5953; x_wconf 82' lang='grc'>³</span> <span class='ocrx_word' id='word_1_605' title='bbox 1648 5922 1777 5975; x_wconf 79' lang='lat' dir='ltr'><strong>ibid.</strong></span> <span class='ocrx_word' id='word_1_606' title='bbox 1816 5918 1903 5973; x_wconf 80' lang='lat' dir='ltr'><strong>i7.</strong></span> <span class='ocrx_word' id='word_1_607' title='bbox 1983 5916 2002 5947; x_wconf 70' lang='grc'><strong>⁸</strong></span> <span class='ocrx_word' id='word_1_608' title='bbox 2035 5915 2219 5969; x_wconf 80' lang='lat' dir='ltr'><strong>Matth.</strong></span> <span class='ocrx_word' id='word_1_609' title='bbox 2258 5932 2305 5979; x_wconf 74' lang='grc' dir='ltr'><strong>ν,</strong></span> <span class='ocrx_word' id='word_1_610' title='bbox 2339 5916 2427 5970; x_wconf 74' lang='lat'><strong>9.0.</strong></span> 
     </span>
    </p>
   </div>
   <div class='ocr_carea' id='block_1_91' title="bbox 1989 3575 3571 3648">
    <p class='ocr_par' dir='ltr' id='par_1_91' title="bbox 1989 3575 3571 3648">
     <span class='ocr_line' id='line_1_91' title="bbox 1989 3575 3571 3648; baseline 0.005 -20"><span class='ocrx_word' id='word_1_611' title='bbox 1989 3576 2302 3647; x_wconf 72' lang='lat' dir='ltr'><strong>gloriemur.</strong></span> <span class='ocrx_word' id='word_1_612' title='bbox 2332 3575 2605 3631; x_wconf 80' lang='lat' dir='ltr'><strong>Justitiam</strong></span> <span class='ocrx_word' id='word_1_613' title='bbox 2637 3592 2765 3633; x_wconf 76' lang='lat' dir='ltr'><strong>vero</strong></span> <span class='ocrx_word' id='word_1_614' title='bbox 2794 3578 3034 3647; x_wconf 87' lang='lat' dir='ltr'><strong>ipsorum</strong></span> <span class='ocrx_word' id='word_1_615' title='bbox 3067 3589 3268 3635; x_wconf 64' lang='lat' dir='ltr'><strong>nostrae</strong></span> <span class='ocrx_word' id='word_1_616' title='bbox 3309 3588 3571 3648; x_wconf 68' lang='lat' dir='ltr'><strong>praestare</strong></span> 
     </span>
    </p>
   </div>
   <div class='ocr_carea' id='block_1_92' title="bbox 1988 3667 3567 3741">
    <p class='ocr_par' dir='ltr' id='par_1_92' title="bbox 1988 3667 3567 3741">
     <span class='ocr_line' id='line_1_92' title="bbox 1988 3667 3567 3741; baseline 0.001 -17"><span class='ocrx_word' id='word_1_617' title='bbox 1988 3667 2043 3724; x_wconf 90' lang='lat' dir='ltr'><strong>in</strong></span> <span class='ocrx_word' id='word_1_618' title='bbox 2064 3668 2130 3726; x_wconf 91' lang='lat' dir='ltr'><strong>iis</strong></span> <span class='ocrx_word' id='word_1_619' title='bbox 2156 3669 2431 3735; x_wconf 88' lang='lat' dir='ltr'><strong>docendis,</strong></span> <span class='ocrx_word' id='word_1_620' title='bbox 2484 3684 2605 3740; x_wconf 83' lang='lat' dir='ltr'><strong>quae</strong></span> <span class='ocrx_word' id='word_1_621' title='bbox 2621 3670 2836 3726; x_wconf 81' lang='lat' dir='ltr'><strong>veriora</strong></span> <span class='ocrx_word' id='word_1_622' title='bbox 2863 3679 3011 3735; x_wconf 86' lang='lat' dir='ltr'><strong>sunt,</strong></span> <span class='ocrx_word' id='word_1_623' title='bbox 3038 3678 3095 3733; x_wconf 90' lang='lat' dir='ltr'><strong>et</strong></span> <span class='ocrx_word' id='word_1_624' title='bbox 3117 3673 3289 3741; x_wconf 86' lang='lat' dir='ltr'><strong>magis</strong></span> <span class='ocrx_word' id='word_1_625' title='bbox 3311 3671 3377 3726; x_wconf 77' lang='lat' dir='ltr'><strong>ad</strong></span> <span class='ocrx_word' id='word_1_626' title='bbox 3403 3672 3567 3727; x_wconf 82' lang='lat' dir='ltr'><strong>vitam</strong></span> 
     </span>
    </p>
   </div>
   <div class='ocr_carea' id='block_1_93' title="bbox 1988 3759 3569 3831">
    <p class='ocr_par' dir='ltr' id='par_1_93' title="bbox 1988 3759 3569 3831">
     <span class='ocr_line' id='line_1_93' title="bbox 1988 3759 3569 3831; baseline 0.002 -16"><span class='ocrx_word' id='word_1_627' title='bbox 1988 3767 2137 3815; x_wconf 88' lang='lat' dir='ltr'><strong>recte</strong></span> <span class='ocrx_word' id='word_1_628' title='bbox 2182 3759 2238 3816; x_wconf 77' lang='lat' dir='ltr'><strong>et</strong></span> <span class='ocrx_word' id='word_1_629' title='bbox 2276 3775 2408 3830; x_wconf 81' lang='lat' dir='ltr'><strong>pure</strong></span> <span class='ocrx_word' id='word_1_630' title='bbox 2451 3761 2836 3817; x_wconf 87' lang='lat' dir='ltr'><strong>instituendam</strong></span> <span class='ocrx_word' id='word_1_631' title='bbox 2864 3764 3305 3831; x_wconf 84' lang='lat' dir='ltr'><strong>accommodata,</strong></span> <span class='ocrx_word' id='word_1_632' title='bbox 3347 3778 3471 3819; x_wconf 90' lang='lat' dir='ltr'><strong>cum</strong></span> <span class='ocrx_word' id='word_1_633' title='bbox 3500 3767 3569 3823; x_wconf 78' lang='lat' dir='ltr'><strong>ab</strong></span> 
     </span>
    </p>
   </div>
   <div class='ocr_carea' id='block_1_94' title="bbox 1987 3851 3570 3927">
    <p class='ocr_par' dir='ltr' id='par_1_94' title="bbox 1987 3851 3570 3927">
     <span class='ocr_line' id='line_1_94' title="bbox 1987 3851 3570 3927; baseline -0.001 -18"><span class='ocrx_word' id='word_1_634' title='bbox 1987 3866 2085 3909; x_wconf 87' lang='lat' dir='ltr'><strong>esu</strong></span> <span class='ocrx_word' id='word_1_635' title='bbox 2115 3851 2324 3922; x_wconf 88' lang='lat' dir='ltr'><strong>carnis,</strong></span> <span class='ocrx_word' id='word_1_636' title='bbox 2369 3862 2426 3909; x_wconf 88' lang='lat' dir='ltr'><strong>et</strong></span> <span class='ocrx_word' id='word_1_637' title='bbox 2466 3854 2606 3921; x_wconf 78' lang='lat' dir='ltr'><strong>ovis,</strong></span> <span class='ocrx_word' id='word_1_638' title='bbox 2641 3861 2700 3909; x_wconf 81' lang='lat' dir='ltr'><strong>et</strong></span> <span class='ocrx_word' id='word_1_639' title='bbox 2756 3855 2984 3924; x_wconf 82' lang='lat' dir='ltr'><strong>nuptiis,</strong></span> <span class='ocrx_word' id='word_1_640' title='bbox 3037 3863 3094 3911; x_wconf 90' lang='lat' dir='ltr'><strong>et</strong></span> <span class='ocrx_word' id='word_1_641' title='bbox 3143 3854 3263 3912; x_wconf 79' lang='lat' dir='ltr'><strong>aliis</strong></span> <span class='ocrx_word' id='word_1_642' title='bbox 3300 3854 3570 3927; x_wconf 82' lang='lat' dir='ltr'><strong>ejusmodi</strong></span> 
     </span>
    </p>
   </div>
   <div class='ocr_carea' id='block_1_95' title="bbox 1991 3945 2495 4003">
    <p class='ocr_par' dir='ltr' id='par_1_95' title="bbox 1991 3945 2495 4003">
     <span class='ocr_line' id='line_1_95' title="bbox 1991 3945 2495 4003; baseline -0.002 -2"><span class='ocrx_word' id='word_1_643' title='bbox 1991 3947 2160 4003; x_wconf 88' lang='lat' dir='ltr'><strong>rebus</strong></span> <span class='ocrx_word' id='word_1_644' title='bbox 2187 3945 2495 4003; x_wconf 81' lang='lat' dir='ltr'><strong>abstineant</strong></span> 
     </span>
    </p>
   </div>
   <div class='ocr_carea' id='block_1_96' title="bbox 2060 4154 3568 4225">
    <p class='ocr_par' dir='ltr' id='par_1_96' title="bbox 2060 4154 3568 4225">
     <span class='ocr_line' id='line_1_96' title="bbox 2060 4154 3568 4225; baseline 0.003 -13"><span class='ocrx_word' id='word_1_645' title='bbox 2060 4157 2156 4213; x_wconf 80' lang='lat'><strong>&#39;58.</strong></span> <span class='ocrx_word' id='word_1_646' title='bbox 2207 4154 2357 4218; x_wconf 84' lang='lat' dir='ltr'><strong>Esto,</strong></span> <span class='ocrx_word' id='word_1_647' title='bbox 2407 4154 2601 4225; x_wconf 89' lang='lat' dir='ltr'><strong>inquit,</strong></span> <span class='ocrx_word' id='word_1_648' title='bbox 2658 4154 2987 4211; x_wconf 80' lang='lat' dir='ltr'><strong>consentiens</strong></span> <span class='ocrx_word' id='word_1_649' title='bbox 3035 4158 3341 4212; x_wconf 68' lang='lat' dir='ltr'><strong>adversario</strong></span> <span class='ocrx_word' id='word_1_650' title='bbox 3389 4168 3476 4212; x_wconf 84' lang='lat' dir='ltr'><strong>tuo</strong></span> <span class='ocrx_word' id='word_1_651' title='bbox 3523 4160 3568 4216; x_wconf 83' lang='lat'><strong>&#39;.</strong></span> 
     </span>
    </p>
   </div>
   <div class='ocr_carea' id='block_1_97' title="bbox 1990 4246 3571 4321">
    <p class='ocr_par' dir='ltr' id='par_1_97' title="bbox 1990 4246 3571 4321">
     <span class='ocr_line' id='line_1_97' title="bbox 1990 4246 3571 4321; baseline 0.003 -20"><span class='ocrx_word' id='word_1_652' title='bbox 1990 4248 2377 4303; x_wconf 68' lang='lat' dir='ltr'><strong>Adversarium</strong></span> <span class='ocrx_word' id='word_1_653' title='bbox 2408 4258 2651 4302; x_wconf 89' lang='lat' dir='ltr'><strong>nostrum</strong></span> <span class='ocrx_word' id='word_1_654' title='bbox 2685 4246 2775 4302; x_wconf 86' lang='lat' dir='ltr'><strong>hic</strong></span> <span class='ocrx_word' id='word_1_655' title='bbox 2799 4248 3069 4304; x_wconf 84' lang='lat' dir='ltr'><strong>diabolum</strong></span> <span class='ocrx_word' id='word_1_656' title='bbox 3129 4251 3459 4321; x_wconf 83' lang='lat' dir='ltr'><strong>intelligunt.</strong></span> <span class='ocrx_word' id='word_1_657' title='bbox 3508 4252 3571 4306; x_wconf 89' lang='lat' dir='ltr'><strong>Et</strong></span> 
     </span>
    </p>
   </div>
   <div class='ocr_carea' id='block_1_98' title="bbox 1994 4340 3571 4411">
    <p class='ocr_par' dir='ltr' id='par_1_98' title="bbox 1994 4340 3571 4411">
     <span class='ocr_line' id='line_1_98' title="bbox 1994 4340 3571 4411; baseline -0.001 -16"><span class='ocrx_word' id='word_1_658' title='bbox 1994 4349 2178 4398; x_wconf 88' lang='lat' dir='ltr'><strong>mente</strong></span> <span class='ocrx_word' id='word_1_659' title='bbox 2240 4340 2380 4411; x_wconf 87' lang='lat' dir='ltr'><strong>capti</strong></span> <span class='ocrx_word' id='word_1_660' title='bbox 2434 4354 2557 4394; x_wconf 89' lang='lat' dir='ltr'><strong>eum</strong></span> <span class='ocrx_word' id='word_1_661' title='bbox 2624 4340 3020 4404; x_wconf 83' lang='lat' dir='ltr'><strong>benevolentia,</strong></span> <span class='ocrx_word' id='word_1_662' title='bbox 3087 4350 3141 4395; x_wconf 91' lang='lat' dir='ltr'><strong>et</strong></span> <span class='ocrx_word' id='word_1_663' title='bbox 3204 4343 3571 4406; x_wconf 68' lang='lat' dir='ltr'><strong>observantia,</strong></span> 
     </span>
    </p>
   </div>
   <div class='ocr_carea' id='block_1_99' title="bbox 1991 4432 3571 4503">
    <p class='ocr_par' dir='ltr' id='par_1_99' title="bbox 1991 4432 3571 4503">
     <span class='ocr_line' id='line_1_99' title="bbox 1991 4432 3571 4503; baseline 0 -16"><span class='ocrx_word' id='word_1_664' title='bbox 1991 4442 2151 4503; x_wconf 88' lang='lat' dir='ltr'><strong>atque</strong></span> <span class='ocrx_word' id='word_1_665' title='bbox 2207 4432 2529 4487; x_wconf 85' lang='lat' dir='ltr'><strong>adoratione</strong></span> <span class='ocrx_word' id='word_1_666' title='bbox 2600 4432 2999 4486; x_wconf 84' lang='lat' dir='ltr'><strong>observandum</strong></span> <span class='ocrx_word' id='word_1_667' title='bbox 3096 4432 3302 4499; x_wconf 90' lang='lat' dir='ltr'><strong>dicunt,</strong></span> <span class='ocrx_word' id='word_1_668' title='bbox 3363 4444 3420 4487; x_wconf 89' lang='lat' dir='ltr'><strong>nt</strong></span> <span class='ocrx_word' id='word_1_669' title='bbox 3482 4450 3571 4487; x_wconf 91' lang='lat' dir='ltr'><strong>su-</strong></span> 
     </span>
    </p>
   </div>
   <div class='ocr_carea' id='block_1_100' title="bbox 1991 4522 3573 4594">
    <p class='ocr_par' dir='ltr' id='par_1_100' title="bbox 1991 4522 3573 4594">
     <span class='ocr_line' id='line_1_100' title="bbox 1991 4522 3573 4594; baseline 0 -15"><span class='ocrx_word' id='word_1_670' title='bbox 1991 4525 2178 4594; x_wconf 87' lang='lat' dir='ltr'><strong>perius</strong></span> <span class='ocrx_word' id='word_1_671' title='bbox 2229 4523 2585 4588; x_wconf 85' lang='lat' dir='ltr'><strong>ostendimus,</strong></span> <span class='ocrx_word' id='word_1_672' title='bbox 2645 4537 2713 4579; x_wconf 87' lang='lat' dir='ltr'><strong>ne</strong></span> <span class='ocrx_word' id='word_1_673' title='bbox 2767 4522 3120 4592; x_wconf 88' lang='lat' dir='ltr'><strong>supplantans</strong></span> <span class='ocrx_word' id='word_1_674' title='bbox 3167 4536 3221 4579; x_wconf 89' lang='lat' dir='ltr'><strong>et</strong></span> <span class='ocrx_word' id='word_1_675' title='bbox 3277 4526 3573 4593; x_wconf 75' lang='lat' dir='ltr'><strong>subiiciens</strong></span> 
     </span>
    </p>
   </div>
   <div class='ocr_carea' id='block_1_101' title="bbox 1992 4614 3573 4688">
    <p class='ocr_par' dir='ltr' id='par_1_101' title="bbox 1992 4614 3573 4688">
     <span class='ocr_line' id='line_1_101' title="bbox 1992 4614 3573 4688; baseline 0 -16"><span class='ocrx_word' id='word_1_676' title='bbox 1992 4626 2344 4672; x_wconf 88' lang='lat' dir='ltr'><strong>contumaces</strong></span> <span class='ocrx_word' id='word_1_677' title='bbox 2383 4618 2561 4671; x_wconf 89' lang='lat' dir='ltr'><strong>tradat</strong></span> <span class='ocrx_word' id='word_1_678' title='bbox 2592 4631 2687 4671; x_wconf 87' lang='lat' dir='ltr'><strong>eos</strong></span> <span class='ocrx_word' id='word_1_679' title='bbox 2706 4614 2875 4684; x_wconf 88' lang='lat' dir='ltr'><strong>judici</strong></span> <span class='ocrx_word' id='word_1_680' title='bbox 2907 4626 2961 4672; x_wconf 88' lang='lat' dir='ltr'><strong>et</strong></span> <span class='ocrx_word' id='word_1_681' title='bbox 3006 4615 3116 4671; x_wconf 89' lang='lat' dir='ltr'><strong>Deo</strong></span> <span class='ocrx_word' id='word_1_682' title='bbox 3150 4619 3201 4671; x_wconf 92' lang='lat' dir='ltr'><strong>in</strong></span> <span class='ocrx_word' id='word_1_683' title='bbox 3250 4618 3338 4674; x_wconf 89' lang='lat' dir='ltr'><strong>die</strong></span> <span class='ocrx_word' id='word_1_684' title='bbox 3382 4619 3573 4688; x_wconf 74' lang='lat' dir='ltr'><strong>judicii</strong></span> 
     </span>
    </p>
   </div>
   <div class='ocr_carea' id='block_1_102' title="bbox 1994 4710 2993 4782">
    <p class='ocr_par' dir='ltr' id='par_1_102' title="bbox 1994 4710 2993 4782">
     <span class='ocr_line' id='line_1_102' title="bbox 1994 4710 2993 4782; baseline -0.005 -14"><span class='ocrx_word' id='word_1_685' title='bbox 1994 4711 2453 4782; x_wconf 87' lang='lat' dir='ltr'><strong>supplantationis</strong></span> <span class='ocrx_word' id='word_1_686' title='bbox 2483 4725 2671 4781; x_wconf 77' lang='lat' dir='ltr'><strong>pcenas</strong></span> <span class='ocrx_word' id='word_1_687' title='bbox 2693 4710 2993 4766; x_wconf 87' lang='lat' dir='ltr'><strong>subituros.</strong></span> 
     </span>
    </p>
   </div>
   <div class='ocr_carea' id='block_1_103' title="bbox 2067 4891 3570 4962">
    <p class='ocr_par' dir='ltr' id='par_1_103' title="bbox 2067 4891 3570 4962">
     <span class='ocr_line' id='line_1_103' title="bbox 2067 4891 3570 4962; baseline -0.004 -15"><span class='ocrx_word' id='word_1_688' title='bbox 2067 4892 2157 4949; x_wconf 83' lang='lat'><strong>&#39;59.</strong></span> <span class='ocrx_word' id='word_1_689' title='bbox 2191 4893 2457 4960; x_wconf 80' lang='lat' dir='ltr'><strong>Quoniam</strong></span> <span class='ocrx_word' id='word_1_690' title='bbox 2489 4891 2619 4945; x_wconf 86' lang='lat' dir='ltr'><strong>illud</strong></span> <span class='ocrx_word' id='word_1_691' title='bbox 2646 4891 2872 4947; x_wconf 86' lang='lat' dir='ltr'><strong>:Omnis</strong></span> <span class='ocrx_word' id='word_1_692' title='bbox 2902 4892 2993 4962; x_wconf 83' lang='lat' dir='ltr'><strong>qui</strong></span> <span class='ocrx_word' id='word_1_693' title='bbox 3016 4892 3273 4945; x_wconf 76' lang='lat' dir='ltr'><strong>dimiserit</strong></span> <span class='ocrx_word' id='word_1_694' title='bbox 3332 4906 3570 4957; x_wconf 74' lang='lat' dir='ltr'><strong>uxorem,</strong></span> 
     </span>
    </p>
   </div>
   <div class='ocr_carea' id='block_1_104' title="bbox 1992 4986 3573 5056">
    <p class='ocr_par' dir='ltr' id='par_1_104' title="bbox 1992 4986 3573 5056">
     <span class='ocr_line' id='line_1_104' title="bbox 1992 4986 3573 5056; baseline -0.003 -14"><span class='ocrx_word' id='word_1_695' title='bbox 1992 4997 2206 5055; x_wconf 67' lang='lat' dir='ltr'><strong>excepta</strong></span> <span class='ocrx_word' id='word_1_696' title='bbox 2254 4986 2624 5056; x_wconf 74' lang='lat' dir='ltr'><strong>fornicationis</strong></span> <span class='ocrx_word' id='word_1_697' title='bbox 2687 5001 2852 5039; x_wconf 88' lang='lat' dir='ltr'><strong>causa</strong></span> <span class='ocrx_word' id='word_1_698' title='bbox 2881 4986 2925 5052; x_wconf 83' lang='grc'>⁸,</span> <span class='ocrx_word' id='word_1_699' title='bbox 2983 4997 3037 5039; x_wconf 81' lang='lat' dir='ltr'><strong>et</strong></span> <span class='ocrx_word' id='word_1_700' title='bbox 3074 5002 3194 5054; x_wconf 65' lang='lat' dir='ltr'><strong>quae</strong></span> <span class='ocrx_word' id='word_1_701' title='bbox 3245 4994 3573 5053; x_wconf 85' lang='lat' dir='ltr'><strong>sequuntur,</strong></span> 
     </span>
    </p>
   </div>
   <div class='ocr_carea' id='block_1_105' title="bbox 1993 5077 3575 5152">
    <p class='ocr_par' dir='ltr' id='par_1_105' title="bbox 1993 5077 3575 5152">
     <span class='ocr_line' id='line_1_105' title="bbox 1993 5077 3575 5152; baseline -0.004 -17"><span class='ocrx_word' id='word_1_702' title='bbox 1993 5081 2227 5152; x_wconf 79' lang='lat' dir='ltr'><strong>dogmati</strong></span> <span class='ocrx_word' id='word_1_703' title='bbox 2266 5080 2511 5148; x_wconf 87' lang='lat' dir='ltr'><strong>ipsorum</strong></span> <span class='ocrx_word' id='word_1_704' title='bbox 2548 5077 2614 5131; x_wconf 88' lang='lat' dir='ltr'><strong>de</strong></span> <span class='ocrx_word' id='word_1_705' title='bbox 2647 5092 2815 5131; x_wconf 75' lang='lat' dir='ltr'><strong>nitore</strong></span> <span class='ocrx_word' id='word_1_706' title='bbox 2854 5093 2962 5131; x_wconf 92' lang='lat' dir='ltr'><strong>non</strong></span> <span class='ocrx_word' id='word_1_707' title='bbox 3011 5078 3252 5130; x_wconf 86' lang='lat' dir='ltr'><strong>ducenda</strong></span> <span class='ocrx_word' id='word_1_708' title='bbox 3312 5085 3575 5143; x_wconf 79' lang='lat' dir='ltr'><strong>repugnat</strong></span> 
     </span>
    </p>
   </div>
   <div class='ocr_carea' id='block_1_106' title="bbox 1991 5168 3576 5234">
    <p class='ocr_par' dir='ltr' id='par_1_106' title="bbox 1991 5168 3576 5234">
     <span class='ocr_line' id='line_1_106' title="bbox 1991 5168 3576 5234; baseline -0.006 -7"><span class='ocrx_word' id='word_1_709' title='bbox 1991 5182 2047 5227; x_wconf 86' lang='lat' dir='ltr'><strong>et</strong></span> <span class='ocrx_word' id='word_1_710' title='bbox 2078 5173 2423 5234; x_wconf 74' lang='lat' dir='ltr'><strong>adversatur,</strong></span> <span class='ocrx_word' id='word_1_711' title='bbox 2469 5168 2659 5222; x_wconf 84' lang='lat' dir='ltr'><strong>dicunt</strong></span> <span class='ocrx_word' id='word_1_712' title='bbox 2703 5183 2764 5223; x_wconf 91' lang='lat' dir='ltr'><strong>ea</strong></span> <span class='ocrx_word' id='word_1_713' title='bbox 2821 5169 2986 5222; x_wconf 84' lang='lat' dir='ltr'><strong>verba</strong></span> <span class='ocrx_word' id='word_1_714' title='bbox 3026 5183 3151 5221; x_wconf 89' lang='lat' dir='ltr'><strong>esse</strong></span> <span class='ocrx_word' id='word_1_715' title='bbox 3200 5182 3424 5232; x_wconf 84' lang='lat' dir='ltr'><strong>arcana,</strong></span> <span class='ocrx_word' id='word_1_716' title='bbox 3477 5182 3576 5218; x_wconf 80' lang='lat' dir='ltr'><strong>nec</strong></span> 
     </span>
    </p>
   </div>
   <div class='ocr_carea' id='block_1_107' title="bbox 1993 5256 3572 5332">
    <p class='ocr_par' dir='ltr' id='par_1_107' title="bbox 1993 5256 3572 5332">
     <span class='ocr_line' id='line_1_107' title="bbox 1993 5256 3572 5332; baseline -0.008 -12"><span class='ocrx_word' id='word_1_717' title='bbox 1993 5266 2062 5320; x_wconf 88' lang='lat' dir='ltr'><strong>ab</strong></span> <span class='ocrx_word' id='word_1_718' title='bbox 2090 5263 2197 5317; x_wconf 91' lang='lat' dir='ltr'><strong>ullo</strong></span> <span class='ocrx_word' id='word_1_719' title='bbox 2224 5276 2384 5332; x_wconf 88' lang='lat' dir='ltr'><strong>posse</strong></span> <span class='ocrx_word' id='word_1_720' title='bbox 2431 5260 2683 5328; x_wconf 77' lang='lat' dir='ltr'><strong>intelligi,</strong></span> <span class='ocrx_word' id='word_1_721' title='bbox 2738 5258 2839 5311; x_wconf 85' lang='lat' dir='ltr'><strong>nisi</strong></span> <span class='ocrx_word' id='word_1_722' title='bbox 2896 5259 2985 5327; x_wconf 88' lang='lat' dir='ltr'><strong>qui</strong></span> <span class='ocrx_word' id='word_1_723' title='bbox 3057 5271 3280 5310; x_wconf 88' lang='lat' dir='ltr'><strong>carnem</strong></span> <span class='ocrx_word' id='word_1_724' title='bbox 3340 5256 3572 5310; x_wconf 78' lang='lat' dir='ltr'><strong>extierit.</strong></span> 
     </span>
    </p>
   </div>
   <div class='ocr_carea' id='block_1_108' title="bbox 1992 5348 3575 5424">
    <p class='ocr_par' dir='ltr' id='par_1_108' title="bbox 1992 5348 3575 5424">
     <span class='ocr_line' id='line_1_108' title="bbox 1992 5348 3575 5424; baseline -0.008 -12"><span class='ocrx_word' id='word_1_725' title='bbox 1992 5357 2511 5424; x_wconf 79' lang='lat' dir='ltr'><strong>Conﬁrmantesque</strong></span> <span class='ocrx_word' id='word_1_726' title='bbox 2569 5352 2858 5407; x_wconf 66' lang='lat' dir='ltr'><strong>caelibatus</strong></span> <span class='ocrx_word' id='word_1_727' title='bbox 2947 5353 3254 5414; x_wconf 81' lang='lat' dir='ltr'><strong>rationein,</strong></span> <span class='ocrx_word' id='word_1_728' title='bbox 3338 5348 3575 5403; x_wconf 78' lang='lat' dir='ltr'><strong>af‘erunt</strong></span> 
     </span>
    </p>
   </div>
   <div class='ocr_carea' id='block_1_109' title="bbox 1994 5439 3573 5511">
    <p class='ocr_par' dir='ltr' id='par_1_109' title="bbox 1994 5439 3573 5511">
     <span class='ocr_line' id='line_1_109' title="bbox 1994 5439 3573 5511; baseline -0.008 -8"><span class='ocrx_word' id='word_1_729' title='bbox 1994 5462 2304 5503; x_wconf 85' lang='lat' dir='ltr'><strong>sermonem</strong></span> <span class='ocrx_word' id='word_1_730' title='bbox 2331 5444 2572 5506; x_wconf 91' lang='lat' dir='ltr'><strong>Domini,</strong></span> <span class='ocrx_word' id='word_1_731' title='bbox 2609 5442 2724 5511; x_wconf 90' lang='lat' dir='ltr'><strong>qui,</strong></span> <span class='ocrx_word' id='word_1_732' title='bbox 2791 5439 2855 5493; x_wconf 81' lang='lat' dir='ltr'><strong>In</strong></span> <span class='ocrx_word' id='word_1_733' title='bbox 2911 5441 3311 5505; x_wconf 69' lang='lat' dir='ltr'><strong>resurrectione,</strong></span> <span class='ocrx_word' id='word_1_734' title='bbox 3375 5440 3573 5508; x_wconf 86' lang='lat' dir='ltr'><strong>inquit,</strong></span> 
     </span>
    </p>
   </div>
   <div class='ocr_carea' id='block_1_110' title="bbox 1995 5533 3577 5613">
    <p class='ocr_par' dir='ltr' id='par_1_110' title="bbox 1995 5533 3577 5613">
     <span class='ocr_line' id='line_1_110' title="bbox 1995 5533 3577 5613; baseline -0.011 -16"><span class='ocrx_word' id='word_1_735' title='bbox 1995 5557 2158 5613; x_wconf 84' lang='lat' dir='ltr'><strong>neque</strong></span> <span class='ocrx_word' id='word_1_736' title='bbox 2196 5540 2407 5601; x_wconf 81' lang='lat' dir='ltr'><strong>nubent,</strong></span> <span class='ocrx_word' id='word_1_737' title='bbox 2441 5552 2602 5605; x_wconf 83' lang='lat' dir='ltr'><strong>neque</strong></span> <span class='ocrx_word' id='word_1_738' title='bbox 2650 5536 2841 5588; x_wconf 77' lang='lat' dir='ltr'><strong>durent</strong></span> <span class='ocrx_word' id='word_1_739' title='bbox 2886 5550 3075 5588; x_wconf 70' lang='lat' dir='ltr'><strong>uxores</strong></span> <span class='ocrx_word' id='word_1_740' title='bbox 3106 5536 3149 5588; x_wconf 89' lang='grc'>⁷.</span> <span class='ocrx_word' id='word_1_741' title='bbox 3201 5533 3577 5587; x_wconf 73' lang='lat' dir='ltr'><strong>Resurrectio-</strong></span> 
     </span>
    </p>
   </div>
   <div class='ocr_carea' id='block_1_111' title="bbox 1995 5622 3576 5704">
    <p class='ocr_par' dir='ltr' id='par_1_111' title="bbox 1995 5622 3576 5704">
     <span class='ocr_line' id='line_1_111' title="bbox 1995 5622 3576 5704; baseline -0.011 -14"><span class='ocrx_word' id='word_1_742' title='bbox 1995 5648 2231 5704; x_wconf 86' lang='lat' dir='ltr'><strong>nemque</strong></span> <span class='ocrx_word' id='word_1_743' title='bbox 2291 5627 2665 5701; x_wconf 62' lang='lat' dir='ltr'><strong>paenitentiam</strong></span> <span class='ocrx_word' id='word_1_744' title='bbox 2732 5637 2786 5679; x_wconf 88' lang='lat' dir='ltr'><strong>et</strong></span> <span class='ocrx_word' id='word_1_745' title='bbox 2843 5627 3005 5679; x_wconf 82' lang='lat' dir='ltr'><strong>vitant</strong></span> <span class='ocrx_word' id='word_1_746' title='bbox 3060 5625 3427 5693; x_wconf 71' lang='lat' dir='ltr'><strong>evangelicum</strong></span> <span class='ocrx_word' id='word_1_747' title='bbox 3492 5622 3576 5674; x_wconf 58' lang='lat' dir='ltr'><strong>in-</strong></span> 
     </span>
    </p>
   </div>
   <div class='ocr_carea' id='block_1_112' title="bbox 2001 5733 2391 5795">
    <p class='ocr_par' dir='ltr' id='par_1_112' title="bbox 2001 5733 2391 5795">
     <span class='ocr_line' id='line_1_112' title="bbox 2001 5733 2391 5795; baseline -0.018 -13"><span class='ocrx_word' id='word_1_748' title='bbox 2001 5733 2391 5795; x_wconf 79' lang='lat' dir='ltr'><strong>terpretantur.</strong></span> 
     </span>
    </p>
   </div>
   <div class='ocr_carea' id='block_1_113' title="bbox 2544 5902 3570 5981">
    <p class='ocr_par' dir='ltr' id='par_1_113' title="bbox 2544 5902 3570 5981">
     <span class='ocr_line' id='line_1_113' title="bbox 2544 5902 3570 5981; baseline -0.007 -18"><span class='ocrx_word' id='word_1_749' title='bbox 2544 5916 2563 5946; x_wconf 80' lang='grc'>³</span> <span class='ocrx_word' id='word_1_750' title='bbox 2593 5908 2785 5963; x_wconf 79' lang='lat' dir='ltr'><strong>Matth.</strong></span> <span class='ocrx_word' id='word_1_751' title='bbox 2824 5921 2877 5971; x_wconf 72' lang='grc' dir='ltr'><strong>ν,</strong></span> <span class='ocrx_word' id='word_1_752' title='bbox 2898 5905 2991 5961; x_wconf 73' lang='lat'><strong>‘25.</strong></span> <span class='ocrx_word' id='word_1_753' title='bbox 3105 5909 3126 5941; x_wconf 79' lang='grc'>⁸</span> <span class='ocrx_word' id='word_1_754' title='bbox 3154 5906 3366 5981; x_wconf 37' lang='grc' dir='ltr'>δΜαιιῐι.</span> <span class='ocrx_word' id='word_1_755' title='bbox 3400 5918 3452 5972; x_wconf 81' lang='lat' dir='ltr'><strong>v,</strong></span> <span class='ocrx_word' id='word_1_756' title='bbox 3481 5902 3570 5961; x_wconf 70' lang='lat'><strong>32.</strong></span> 
     </span>
    </p>
   </div>
  </div>
