3960 6562
298 370 320 437 1
342 373 437 436 λέθ

1190 384 1565 449 PANOI‘LIA
1606 391 2070 463 DOGMATICA.
2111 425 2179 435 --·
2220 402 2371 464 TlT.
2412 406 2658 468 XXV”.

3434 416 3580 481 £330

295 479 575 593 :i‘row‘ar.
637 487 809 543 Ταυτὶ
869 491 925 546 δὲ
980 492 1048 548 τά
1103 496 1327 567 ῥήματα
1388 498 1481 552 τοῦ
1542 501 1858 569 Εὐαγγελίοε

1993 518 2098 576 tes,
2132 511 2232 567 hos
2266 527 2389 569 esse
2424 517 2606 571 dicunt
2639 528 2857 573 sanclos
2888 520 3171 589 pontiﬁces
3207 531 3440 593 nostros,
3490 528 3573 581 th-

294 571 781 648 διερμηνεύοντες,
816 588 951 652 φασὶ
975 587 1201 653 τούτους
1228 586 1369 643 εἶναι
1404 594 1531 657 τοὺς
1572 595 1706 661 παρ’
1747 597 1881 666 ἡμῖν

293 664 485 759 digii”;
534 670 801 743 ἱεράρχας
834 678 931 731 καὶ
962 679 1143 744 θείους
1196 683 1471 753 Πατέρας,
1503 686 1618 739 ὅσοι
1659 664 1882 759 προγιρη..

292 756 456 827 τικῆς
487 762 711 831 χάριτος
750 766 1092 841 ἠξιώθησαν,
1124 774 1221 827 καὶ
1251 774 1517 847 δαίμονας
1558 782 1879 852 ἀπήλασαν,

294 850 390 900 καὶ
449 851 587 907 ἄλλα
643 857 944 928 πάμπολλα
1011 850 1881 941 τεθαυματουργήκασιίπάντα

292 942 403 1011 γὰρ
459 946 587 1008 τοὺς
620 948 970 1017 ἐνοικοῦντας
1032 956 1221 1021 αὐτοῖς
1257 960 1524 1030 δαίμονας
1576 982 1880 1038 τερατουρ-

292 1036 412 1100 γεῖν
439 1036 517 1099 εἰς
552 1037 817 1109 ἔκπληξιν
866 1044 977 1098 τῶν
1018 1048 1425 1122 ἀνοητοτέρων.
1462 1056 1577 1110 Καὶ
1616 1058 1726 1127 μὴν
1763 1036 1881 1113 δάε.

294 1142 412 1224 μων
438 1129 536 1182 ούκ
561 1131 819 1189 ἐκϐάλλει
853 1137 1109 1208 δαίμονα.
1163 1143 1335 1197 Τοῦτο
1375 1147 1485 1219 γάρ
1546 1150 1578 1218 ὴ
1614 1151 1882 1224 αύτοαλή-

292 1216 414 1272 θειά
474 1239 641 1293 φησιν
692 1226 721 1280 ὁ
775 1230 1033 1300 Χριστός.
1076 1216 1506 1293 Λυσσωδέστατε
1562 1216 1732 1309 κύων,
1800 1216 1918 1309 ib},

290 1312 534 1368 ἀσπίδων
566 1318 672 1373 ὑπὸ
691 1321 759 1377 τά
791 1322 944 1395 χείλη
975 1342 1094 1382 σου.
1140 1374 1147 1379 .

385 1407 496 1473 μζ’.
533 1410 740 1480 Ἄνδρα
774 1415 874 1485 μὲν
913 1418 1184 1490 φρόνιμον
1228 1420 1596 1491 ὀνομάζουσιν
1623 1427 1878 1495 ἑαυτοὺς,

288 1496 760 1569 οἰκοδομήσαντας
780 1504 877 1576 τὴν
901 1496 1083 1563 οἰκίαν
1111 1511 1203 1563 ἐπὶ
1221 1512 1319 1581 τὴν
1353 1516 1560 1586 πέτραν
1580 1518 1678 1585 τῆς
1702 1536 1876 1588 προσ-

284 1589 452 1657 ευχῆς
486 1589 579 1643 τοῦ
610 1592 804 1664 Πάτερ
838 1598 1031 1666 ἡμῶν·
1081 1601 1252 1671 ἄνδρα
1310 1604 1366 1658 δὲ
1404 1609 1587 1677 μωρὸν
1617 1610 1875 1665 καλοῦσιν

283 1680 461 1774 ἡμᾶς,
499 1686 974 1761 οἰκοδομήσαντας
1014 1692 1112 1765 τὴν
1141 1696 1324 1751 οἰκίαν
1355 1699 1447 1752 ἐπὶ
1512 1700 1611 1772 τὴν
1642 1702 1874 1774 ψάμμον

282 1771 391 1824 τῶν
419 1773 596 1831 ἇλῖσων
642 1783 984 1855 προσευχῶν,
1013 1786 1118 1839 τῶν
1152 1788 1364 1844 πολλῶν
1397 1793 1515 1863 μὲν.
1543 1795 1792 1851 ἀσθενῶν
1814 1797 1871 1852 δὲ

282 1867 376 1919 καὶ
404 1868 674 1938 ἀνοήτων,
711 1871 788 1938 ὡς
817 1878 932 1938 τοῖς
973 1878 1231 1950 ἀνοήτοις
1258 1883 1470 1945 τούτοις
1504 1884 1674 1942 δοκεῖ.

353 1973 467 2035 μη’,
518 1969 629 2023 Kal
682 1976 1062 2041 προσελθὼν,
1120 1979 1309 2048 φησὶν,
1368 1976 1456 2045 εἷς
1485 1987 1865 2055 γραμματεὺς

281 2054 456 2112 εἶπεν
491 2063 675 2130 αὐτῷ,
717 2066 1080 2134 Διδάσκαλε,
1126 2072 1527 2139 ἀκολουθήσω
1548 2093 1670 2145 σοι,
1708 2079 1863 2136 ὅπου

278 2149 389 2204 ἐὰν
409 2152 663 2225 ἀπέρχῃ.
686 2161 791 2213 Καὶ
811 2160 976 2232 λέγει
996 2164 1154 2230 αὐτῷ
1178 2168 1210 2220 ὀ
1248 2166 1490 2235 Ἰησοῦς
1512 2187 1524 2200 ⁸
1544 2160 1614 2227 A1
1634 2175 1866 2228 ἀλώπε-

278 2259 379 2308 κες
404 2249 677 2314 φωλεοὺς
698 2250 936 2320 ἔχουσι,
969 2257 1068 2310 καὶ
1097 2258 1168 2312 τὰ
1189 2262 1432 2316 πετεινὰ
1455 2262 1561 2318 τοῦ
1592 2267 1862 2335 οὐρανοῦ

274 2342 791 2430 κατασκηνώσεις
820 2349 853 2402 d
878 2346 947 2401 δὲ
978 2349 1112 2417 Υἱὸς
1130 2352 1237 2407 τοῦ
1260 2353 1579 2423 ἀνθρώπου
1598 2360 1710 2414 οὐκ
1736 2361 1863 2430 ἔχει

271 2428 393 2522 ποῦ
428 2428 542 2499 τὴν
576 2436 857 2505 κεφαλὴν
881 2439 1104 2496 κλῖναι.
1134 2443 1173 2495 Γ
1182 2447 1486 2515 ραμματέα
1505 2450 1605 2519 μὲν
1636 2428 1860 2522 λέγουσι

274 2519 456 2619 πάντα
486 2531 906 2619 γραμματικὸν,
941 2534 1038 2588 καὶ
1084 2539 1565 2608 παραγγέλλουσιν
1606 2519 1860 2619 ἀλληλοις

222 2617 231 2623 '
271 2613 349 2708 pi]
385 2618 799 2690 παραδέχεσθαι
855 2631 1253 2698 γραμματικὸν
1289 2635 1371 2697 εἰς
1413 2636 1669 2708 μαθητὰς
1716 2613 1861 2697 κατὰ

270 2703 532 2802 μίμησιν,
597 2710 673 2774 ὡς
702 2714 947 2786 εἴρηται,
983 2718 1082 2772 τοῦ
1122 2722 1368 2794 Χριστοῦ
1415 2703 1498 2799 μὴ
1550 2703 1859 2802 παραδεξα-

268 2794 436 2891 μένου
468 2798 561 2854 τὸν
591 2808 953 2877 γραμματέα’
1001 2812 1299 2880 ἀλώπεκας
1356 2794 1434 2873 δὲ⁷
1485 2794 1671 2878 νοοῦσι
1728 2794 1859 2891 τοὺς

264 2888 326 2989 έν
378 2894 732 2989 στενοχώροις
784 2902 1058 2968 οἱκίσκοις
1118 2909 1558 2982 καθειργμένους
1583 2888 1854 2989 ἀσκητάς,

263 2978 341 3042 ὡς
378 2980 435 3034 ἕν
456 3001 567 3039 τισι
598 2990 852 3057 φωλεοῖς.
884 2995 1116 3051 Πετεινά
1155 3000 1211 3054 δὲ
1269 3004 1364 3056 τοῦ
1436 3007 1678 3077 οὐρανοῦ
1725 3013 1857 3077 τοὺς

264 3076 531 3174 κιονλίτας,
564 3080 639 3147 ὡς
667 3086 923 3158 ἀνωτέρω
949 3093 1296 3163 προείρηται,
1334 3099 1468 3168 παρ’
1489 3076 1571 3164 οἷς
1614 3103 1689 3174 μὴ
1718 3076 1853 3159 κατέ

261 3172 435 3271 οικεῖν
480 3174 619 3271 δλως
669 3178 761 3233 τὸν
806 3183 1066 3254 Χριστὸν,
1101 3188 1177 3253 ὠς
1217 3189 1462 3257 ἀναξίοις
1507 3194 1607 3265 τῆς
1662 3172 1855 3271 imaq-

1986 602 2253 673 vinosque
2282 607 2490 673 Patres,
2512 609 2605 680 qui
2634 612 2931 681 prophetia:
2964 630 3189 669 munere
3210 617 3391 670 donati
3417 626 3571 687 sunt,

1985 695 2185 763 quique
2212 699 2486 755 dmmonas
2514 702 2812 770 ejceerunt,
2866 715 2922 759 et
2966 705 3069 760 alia
3113 707 3278 761 multa
3310 709 3570 763 miracula

1985 788 2290 846 ediderunt.
2340 791 2469 858 Qnte
2510 794 2725 863 quidem
2758 800 2939 852 omnia
2977 817 3006 853 a
3073 800 3433 864 da-monibns,
3477 802 3570 869 qui

1985 883 2039 936 in
2089 883 2221 953 ipsis
2269 885 2608 953 habitabant,
2674 890 2846 946 fuisse
2898 891 3036 947 facta
3099 895 3453 957 contendunt,
3511 901 3572 948 ut

1983 976 2169 1031 oculos
2200 978 2644 1049 prtestringercnt
2686 982 3107 1051 imperitiorum.
3141 987 3303 1053 Atqui
3353 985 3567 1040 daemon

1982 1081 2090 1122 nou
2119 1066 2269 1138 ejicit
2305 1071 2624 1139 daemonem,
2660 1082 2717 1128 ut
2750 1073 2862 1141 ipsa
2908 1074 3106 1129 veritas
3166 1075 3426 1130 Christus
3483 1082 3567 1128 te.
3648 1116 3653 1137 ε

1981 1169 2179 1215 statur.
2210 1162 2577 1220 Βιώἰιιίιςείιιιο
2608 1167 2784 1232 canis,
2835 1182 3100 1223 venenum
3165 1170 3412 1240 aspidem
3463 1169 3570 1222 sub

1981 1251 2139 1310 labiis
2174 1257 2301 1309 tuis.

2052 1439 2139 1493 47.
2180 1438 2362 1494 Virum
2417 1442 2736 1509 prudentem
2802 1457 2862 1498 se
2920 1443 3066 1512 ipsos
3110 1442 3565 1510 interpretantur.

1980 1532 2125 1603 quod
2161 1548 2324 1603 super
2361 1536 2696 1605 precationis
2724 1535 2890 1603 illius,
2928 1536 3092 1591 l’aler
3125 1546 3325 1602 noster,
3346 1545 3567 1604 petram

1979 1628 2195 1681 domum
2225 1627 2526 1697 mdiﬁcent;
2556 1628 2780 1684 stultum
2821 1643 3026 1696 autem,
3060 1644 3159 1685 nos
3210 1630 3299 1699 qni
3340 1632 3562 1683 domum

1977 1720 2306 1776 acdiﬂeemus
2396 1736 2562 1792 super
2627 1723 2765 1777 alias
2859 1738 3102 1792 preces,
3184 1738 3303 1791 qua:
3381 1722 3566 1776 multae

1979 1813 2195 1881 quidem
2240 1814 2368 1878 sint.
2399 1814 2494 1871 sed
2530 1814 2759 1870 infirma:
2788 1825 2842 1870 et
2881 1816 3081 1882 stultae,
3135 1824 3192 1870 ut
3247 1814 3380 1885 ipsis
3428 1814 3564 1868 stul.

1900 1894 1942 1948 Β
1976 1907 2046 1962 tis
2072 1906 2310 1964 videtur.

2039 1999 2130 2054 48.
2167 1998 2230 2052 Et
2260 2002 2534 2069 accedens,
2564 2003 2760 2074 inquit,
2794 2020 2927 2058 unus
2967 2002 3141 2059 scriba
3165 2003 3295 2056 dixit
3330 2002 3414 2057 ei:
3440 2000 3557 2053 Ma-

1968 2094 2149 2163 gister,
2181 2111 2374 2163 sequar
2407 2108 2458 2152 te
2490 2114 2795 2169 quocunque
2824 2099 2971 2154 ieris.
3005 2096 3072 2150 Et
3109 2096 3233 2151 dicit
3260 2096 3307 2147 ei
3341 2093 3496 2148 Jews
3532 2106 3551 2144 -'

1980 2183 2166 2254 Vulpes
2196 2189 2370 2254 foveas
2398 2187 2613 2255 habent,
2639 2197 2687 2241 et
2711 2186 2947 2241 volucres
2979 2187 3094 2240 caeli
3124 2186 3318 2249 nidos;
3374 2183 3553 2238 Filius

1967 2288 2143 2333 autem
2199 2281 2429 2335 hominis
2480 2298 2584 2336 non
2629 2282 2808 2345 habet,
2865 2281 2955 2336 ubi
3018 2291 3179 2350 caput
3227 2280 3440 2333 reclinet
3508 2282 3549 2332 '.

1968 2369 2188 2427 Scribas
2217 2373 2491 2444 appellant
2523 2390 2713 2430 omnes
2736 2375 3026 2442 litteratos,
3062 2390 3198 2445 quos
3231 2374 3283 2428 in
3312 2373 3556 2442 discipli—

1965 2480 2088 2520 nam
2135 2482 2244 2523 non
2293 2482 2414 2524 esse
2458 2469 2799 2540 recipiendos
2837 2483 2957 2526 sese
2999 2478 3184 2524 mutuo
3227 2469 3543 2529 admonent.

1964 2558 2033 2614 ad
2066 2556 2268 2617 Christi
2314 2561 2689 2629 imitationem,
2726 2573 2785 2618 ut
2818 2562 3020 2618 dictum
3045 2570 3150 2629 est,
3185 2560 3276 2632 qui
3310 2561 3546 2616 scribam

1963 2668 2074 2708 non
2108 2653 2332 2724 recepit.
2375 2654 2577 2725 Vulpes
2625 2665 2807 2711 autem
2871 2655 3178 2726 intelligunt
3230 2654 3550 2715 monachos,

1963 2743 2141 2812 quiin
2198 2745 2547 2802 domunculis
2596 2748 2860 2818 angustis,
2912 2757 3169 2818 tauquam
3232 2747 3286 2800 in
3334 2745 3554 2800 latebris

1962 2831 2158 2889 inclusi
2185 2844 2331 2891 sunt.
2369 2833 2626 2893 Volatilia
2649 2837 2775 2893 caeli
2814 2852 2911 2893 eos
2956 2838 3295 2901 existimant,
3354 2836 3444 2905 qui
3494 2835 3548 2889 iu

1962 2925 2227 2982 columnis
2289 2929 2454 2984 vitam
2515 2931 2735 3001 degunt,
2793 2939 2852 2984 ut
2896 2936 3023 2985 ante
3086 2928 3348 2994 diximus,
3408 2929 3547 2998 apud

1961 3033 2097 3089 quos
2124 3021 2378 3079 Christus
2409 3023 2636 3079 omnino
2664 3039 2768 3080 non
2802 3024 3029 3089 habitet,
3070 3038 3189 3078 cum
3224 3023 3368 3077 illius
3408 3037 3547 3092 pne-

1959 3114 2134 3169 sentia
2172 3115 2284 3171 sint
2317 3116 2552 3187 indigni.
2600 3117 2922 3186 Sepulcrum
2976 3131 3103 3172 vere
3132 3126 3326 3187 patens
3359 3124 3546 3186 guttur

1961 3205 2189 3260 istorum
2222 3208 2496 3263 hominum
2532 3208 2915 3276 scelestarum,
2945 3208 3087 3279 quod
3120 3208 3350 3264 multum
3382 3207 3544 3262 [mlo-

262 3262 398 3328 μίχς
451 3265 639 3323 αὐτοῦ.
698 3272 884 3342 Τάφος
932 3275 1102 3343 ὅντως
1149 3282 1503 3353 ἀνεῳγμένος
1562 3262 1600 3342 ’ὁ
1645 3262 1855 3363 λάρυγξ

1968 3310 2075 3352 rem
2105 3297 2325 3353 emittit.

258 3362 375 3417 τῶν
410 3365 751 3440 ἀλαστόρων,
821 3372 1030 3446 πολλὴν
1066 3379 1418 3451 ἀναπέμπων
1467 3362 1758 3455 δυσωδίαν,
1823 3393 1918 3446 καὶ
1959 3393 2293 3463 φθοροποιὸν
2341 3397 2421 3453 ιδν
2464 3400 2718 3471 προχέων
2755 3399 2847 3453 διὰ
2882 3397 2976 3454 τοῦ
3020 3397 3297 3470 θεομάχοι)
3336 3398 3559 3468 στόμια

258 3471 374 3518 τος.

321 3552 431 3620 μθ⁹.
453 3552 558 3608 Δύο
575 3555 1055 3630 δαιμονιζομένους
1074 3564 1327 3632 λέγουσιν
1350 3569 1413 3621 ἐκ
1432 3570 1539 3624 τῶν
1563 3576 1848 3644 μνημείων

254 3645 673 3718 ἐξερχομένους,
701 3651 764 3705 τό
790 3671 849 3707 τε
878 3656 1067 3726 τάγμα
1093 3657 1204 3713 τῶν
1221 3662 1494 3732 μοναχῶν,
1513 3666 1610 3718 καὶ
1634 3667 1694 3719 τὸ
1715 3668 1850 3738 τάγ-

257 3758 337 3809 μα
369 3740 479 3793 τῶν
514 3742 816 3815 κληρικῶν.
889 3749 1004 3804 Ἀεὶ
1047 3752 1157 3823 γὰρ
1200 3756 1258 3807 ὲν
1290 3758 1405 3820 τοῖς
1446 3762 1849 3833 χειροποιήτοις

258 3834 409 3895 ναοῖς
441 3834 765 3906 διατρίϐειν,
794 3840 1049 3907 οὕστινας
1078 3841 1219 3901 εἶναι
1249 3848 1459 3917 τάφους
1488 3852 1848 3927 θησαυρίζονο

256 3944 359 3987 τας
396 3928 561 3981 ὀστέα
595 3934 827 4001 νεκρῶν.
860 3936 1018 3990 Οὕτω
1048 3942 1158 4007 γὰρ
1189 3942 1239 3994 οἱ
1272 3943 1486 4013 ἐναγεῖς
1518 3947 1850 4018 δνομάζουσι

254 4020 328 4073 τὰ
369 4021 599 4114 λείψανα
637 4026 749 4079 τῶν
786 4028 982 4094 ἁγίων.
1018 4027 1175 4085 Εἶναι
1215 4034 1271 4087 δὲ
1297 4037 1364 4089 τὰ
1390 4037 1484 4092 δύο
1512 4039 1684 4095 ταῦτα
1722 4045 1852 4114 τάγ-

256 4127 408 4179 μιτα
451 4113 661 4184 φοΰερὰ
740 4114 866 4171 λίαν
906 4120 1021 4184 τοῖς
1060 4122 1405 4194 Βογομίλοις,
1450 4128 1592 4183 ὥστε
1639 4113 1848 4203 μηδένα

254 4202 462 4254 τούτων
492 4205 701 4275 ἰσχύειν
727 4209 1022 4277 παρελθεῖν
1043 4211 1132 4265 διὰ
1151 4214 1251 4282 τῆς
1276 4216 1399 4270 ὁδοῦ
1427 4219 1666 4291 ἐκείνης.
1698 4202 1849 4292 Ἂγέ-

255 4293 357 4362 λην
398 4293 455 4346 δὲ
498 4296 698 4367 χοίρων
743 4301 960 4357 πολλῶν
1004 4303 1357 4376 βοσκομένων
1401 4310 1672 4383 ὑπάρχειν
1717 4319 1845 4381 τοὺς

254 4385 546 4453 ἀγελαίους
565 4431 581 4454 ,
614 4392 708 4444 καὶ
739 4393 976 4463 ἀμαθεῖς
996 4435 1011 4457 ,
1038 4398 1133 4451 καὶ
1161 4399 1445 4470 χοιρώδεις
1472 4404 1799 4476 ἀνθρώπους
1819 4448 1835 4475 ,

254 4480 336 4539 εἰς
363 4478 456 4543 οὓς
480 4482 821 4556 ἀπέρχεσθαι
846 4487 1093 4555 τούτους,
1120 4494 1217 4546 καὶ
1240 4493 1517 4551 διδάσκειν
1544 4500 1641 4553 καὶ
1672 4517 1842 4555 κατα-

255 4573 608 4667 κρημνίζειν,
669 4580 766 4633 καὶ
805 4579 1133 4652 ἀποπνίγειν
1168 4585 1367 4652 αὐτοὺς
1389 4590 1449 4643 ὲν
1490 4592 1555 4662 τῇ
1592 4590 1836 4667 θαλάσσῃ

251 4666 358 4737 τῆς
384 4667 686 4740 ἁμαρτιας.

2021 3576 2113 3633 49.
2160 3578 2299 3636 Duos
2337 3578 2457 3634 illos
2492 3578 2825 3634 daemonibus
2855 3587 3099 3645 vexatos,
3134 3582 3226 3649 qui
3260 3582 3325 3634 de
3365 3583 3544 3652 sepsit.

1949 3673 2063 3727 cris
2112 3673 2356 3737 exibant,
2414 3675 2548 3728 duos
2607 3673 2829 3728 ordines
2859 3674 3309 3743 interpretantur,
3343 3690 3541 3745 nempe

1950 3764 2275 3821 clericorum
2307 3774 2363 3821 et
2415 3768 2838 3833 monachorum;
2885 3781 3098 3836 semper
3119 3768 3262 3823 enim
3294 3768 3344 3820 in
3377 3782 3538 3821 manu

1951 3853 2112 3912 factis
2141 3856 2355 3926 templis
2403 3871 2524 3925 quas
2556 3858 2640 3912 isti
2676 3858 2921 3925 sepulcra
2952 3856 3166 3924 vocant,
3198 3859 3531 3923 inhabitare,

1952 3946 2006 4003 in
2035 3948 2232 4017 quibus
2262 3957 2602 4004 mortuorum
2635 3963 2758 4005 ossa
2795 3950 3076 4006 recondita
3100 3951 3227 4005 sint.
3267 3950 3360 4007 Sic
3384 3953 3530 4005 enim

1951 4040 2200 4096 homines
2225 4041 2414 4096 nefarii
2453 4042 2724 4111 appellant
2754 4041 3011 4111 reliquias
3039 4051 3376 4101 sanctorum.
3420 4042 3532 4099 llos

1950 4150 2118 4206 porro
2170 4136 2307 4191 duos
2360 4134 2586 4192 ordines
2642 4136 2934 4206 Bogomilis
2988 4152 3109 4194 esse
3153 4136 3307 4192 valde
3334 4134 3529 4191 formi-

1947 4227 2175 4293 dandos,
2226 4229 2363 4284 adeo
2393 4238 2453 4283 ut
2520 4244 2680 4284 nemo
2731 4231 2969 4299 ipsorum
3026 4244 3124 4299 per
3178 4229 3321 4285 illam
3392 4230 3533 4283 viam

1950 4318 2187 4373 transire
2212 4330 2397 4390 queat.
2437 4320 2666 4390 Gregem
2691 4330 2872 4375 autem
2904 4335 3195 4390 porcorum
3238 4320 3534 4376 multorum

1948 4411 2288 4480 pascentium
2321 4425 2442 4469 esse
2477 4411 2725 4466 homines
2750 4412 2905 4476 viles,
2934 4421 2987 4467 et
3012 4411 3327 4481 imperitos,
3358 4428 3424 4468 ac
3449 4412 3531 4466 vi-

1950 4514 2059 4560 tam
2086 4506 2308 4562 suillam
2337 4514 2562 4576 agentes
2595 4519 2731 4575 quos
2762 4505 2836 4561 illi
2859 4506 3131 4563 suffocant
3160 4507 3213 4562 in
3240 4507 3377 4563 mari
3404 4521 3534 4577 pec-

1947 4606 2216 4653 calorum.

325 4771 392 4820 v'.
414 4761 574 4822 Οῐνον
594 4770 693 4840 μὲν
712 4772 937 4827 καλοῦσι
959 4774 1078 4829 νέον
1113 4778 1212 4848 τὴν
1228 4776 1584 4836 διδασκαλίαν
1602 4783 1835 4851 ἑαυτῶν,

2011 4789 2100 4844 50.
2142 4786 2335 4844 Vinum
2381 4803 2579 4844 novum
2638 4789 2913 4859 appellant
2967 4788 3270 4845 doctrinam
3335 4806 3518 4856 suam.

251 4862 460 4926 ἀσκοὺς
499 4864 558 4919 δὲ
598 4866 869 4932 παλαιοὺς
907 4869 1036 4934 τοὺς
1083 4870 1159 4942 μὴ
1203 4873 1605 4944 προσιεμένους
1648 4878 1843 4948 αὐτὴν,

254 4957 461 5023 ἀσκοὺς
486 4958 545 5012 δὲ
570 4960 723 5024 νέους
749 4962 875 5025 τοὺς
903 4964 1334 5036 ὑποδεχομένους
1358 4966 1565 5040 ταύτην
1592 4971 1689 5025 καὶ
1720 4988 1845 5025 συν-

253 5051 560 5122 τηροῦντας
587 5055 646 5107 ἑν
675 5055 915 5118 ἑαυτοῖς.

327 5143 426 5200 να’.
455 5147 695 5200 Γυναῖκα
727 5148 941 5202 νοοῦσιν
957 5150 1362 5223 αἱμοῤῥοοῦσαν
1382 5151 1480 5224 ἐτη
1495 5152 1707 5209 δώδεκα
1739 5154 1840 5227 τὴν

253 5241 313 5292 ὲν
359 5239 625 5310 Ἱεροσολύ
635 5259 756 5309 μοις
773 5241 1547 5318 Ἐκκλησίαν,αιμορροοῦσαν
1576 5250 1691 5311 τοῖς
1716 5266 1836 5320 χεο-

1948 4890 2110 4938 utres
2146 4893 2327 4937 autem
2383 4890 2621 4948 veteres,
2689 4896 2782 4938 eos
2837 4881 2927 4949 qui
2976 4881 3121 4936 illam
3157 4900 3261 4937 non
3329 4886 3524 4939 admit-

1944 4982 2066 5028 tunt
2133 4990 2147 5027 :
2202 4987 2372 5028 novos
2432 4986 2586 5038 vero,
2633 4973 2728 5043 qui
2798 4972 2946 5027 illam
3000 4971 3307 5042 suscipiunt
3367 4984 3529 5043 atque

1942 5076 2289 5122 conservant.

2008 5157 2101 5213 51.
2135 5158 2442 5224 Mulierem,
2484 5173 2603 5229 qua:
2665 5157 2951 5215 duodecim
3006 5174 3180 5215 annos
3233 5161 3520 5231 sanguinis

1939 5251 2083 5305 lluxu
2136 5250 2498 5317 laboraverat,
2553 5252 3095 5319 Hierosolymitanam
3123 5252 3394 5321 appellant
3421 5253 3525 5308 Ec-

252 5329 435 5401 μένοις
454 5328 652 5400 αῐμασι
683 5331 793 5385 τῶν
826 5330 1029 5386 θυσιῶν
1062 5334 1121 5388 ἄν
1143 5338 1263 5401 ταῖς
1283 5337 1489 5391 δώδεκα
1510 5339 1709 5407 φυλαῖς
1741 5339 1836 5393 τοῦ

1972 5345 2183 5410 lesiam,
2241 5359 2362 5413 qua:
2404 5344 2685 5412 sanguinis
2728 5344 3071 5398 victimarum
3116 5344 3515 5401 eﬂusionemiu
3599 5409 3612 5421 ο

263 5422 508 5493 Ἰσραήλ.
556 5423 775 5493 Ταύτης
820 5425 930 5495 γὰρ
978 5426 1076 5497 τὴν
1122 5428 1450 5501 αἱμόρῤοιαν
1496 5432 1695 5502 στῆσαι
1743 5433 1835 5489 τὸν

1974 5436 2218 5491 uodecim
2244 5436 2488 5491 tribubus
2515 5433 2729 5491 lsraclis
2758 5435 3078 5504 patiebatur.
3121 5433 3273 5491 llune
3303 5440 3522 5503 sangui-

252 5514 513 5585 Χριστὸν,
559 5515 1023 5587 ὲξολοθρεύσαντα
1073 5522 1211 5589 μετά
1261 5523 1457 5595 μικρὸν
1502 5525 1572 5577 τά
1602 5525 1832 5595 Ἰεροσό-

251 5608 421 5677 λυμα.
459 5608 621 5661 Ἀλλά
650 5610 769 5671 πῶς
801 5610 868 5664 ἂν
897 5611 991 5681 ἔτη
1026 5611 1235 5666 δώδεκα
1267 5616 1510 5685 νοηθεῖεν
1545 5618 1609 5671 ἂν
1640 5618 1697 5670 αἱ
1729 5618 1834 5672 δώ-

251 5698 381 5750 δεκα
409 5698 606 5766 euitat;
636 5701 707 5753 Τὸ
736 5701 836 5768 μὲν
865 5702 970 5770 γάρ
1002 5702 1121 5767 ἔτος
1150 5710 1401 5776 κρονικόν
1429 5729 1479 5762 τι
1507 5710 1711 5781 κίνημα
1738 5712 1832 5766 καὶ

322 5880 335 5909 ⁸
394 5879 585 5939 Matth.
624 5899 740 5949 vin,
790 5884 990 5948 19,220.

1939 5530 2024 5581 nis
2048 5528 2251 5583 ﬂuxum
2278 5528 2488 5583 stitisse
2519 5526 2817 5593 Christum,
2842 5544 2965 5583 cum
3000 5529 3158 5597 paulo
3183 5540 3298 5597 post
3323 5533 3519 5584 evertit

1935 5618 2385 5690 Hierosolymam.
2423 5618 2527 5672 Sed
2560 5619 2829 5687 quomodo
2872 5633 2969 5689 per
3015 5635 3190 5675 annos
3233 5622 3514 5675 duodecim

1943 5713 2164 5781 intelligi
2236 5724 2461 5781 possunt
2539 5711 2826 5767 duodecim
2887 5712 3059 5768 tribus
3095 5753 3108 5777 ,
3166 5729 3285 5768 cum
3343 5727 3523 5767 annus
