3960 6546
426 357 566 425 1335

1670 376 2054 437 ΕυἸΗ-ΥΜΗ
2100 379 2467 438 ΖΙΟΑΒΕΝΙ

3567 375 3707 440 1336

424 482 590 535 Deum
652 483 989 541 conditorem
1052 487 1309 554 universi,
1343 489 1436 560 qui
1462 504 1637 561 neque
1660 493 1875 561 genitus
1928 493 1992 546 sit

2128 495 2264 563 μήτε
2305 494 2610 563 γεννηθεὶς.
2653 494 2790 563 μήτε
2832 495 3103 564 γεννήσας
3132 508 3143 522 ⁸
3179 494 3275 547 καὶ
3330 493 3415 545 ὅτι
3467 494 3497 545 6
3532 493 3707 559 Λόγος

419 589 597 644 neque
652 579 950 645 genuerit:
987 589 1037 635 et
1083 578 1319 638 Verbum
1374 582 1470 639 Dei
1535 595 1697 653 atque
1748 584 2009 655 Spiritum

418 668 702 737 ejus.quae
753 672 861 725 sint
911 673 1146 739 condita,
1201 675 1443 745 ingressa
1491 676 1715 732 Mariam
1769 692 2009 733 sororem

422 759 585 815 .‘llosis
629 771 681 815 et
734 764 985 829 Aaronis,
1018 766 1265 836 hancque
1293 768 1411 823 sine
1471 769 1681 824 semine
1735 770 2010 840 peperisse

419 850 599 907 lesum
670 853 945 910 Christum
972 897 986 921 ,
1043 859 1132 927 qui
1160 862 1427 929 propheta
1455 871 1508 916 et
1531 877 1723 916 servus
1762 863 1853 918 Dei
1887 862 2007 917 fue-

430 945 518 1011 ril,
588 944 912 1017 Judzeosque
953 951 1159 1007 invidia
1222 955 1786 1013 concitatosvoluisse
1834 959 2005 1026 ipsum

427 1038 481 1091 in
535 1054 751 1095 crucem
814 1043 1046 1112 tollere,
1114 1061 1220 1115 quo
1275 1050 1670 1119 comprehenso
1758 1053 2006 1106 umbram

417 1130 536 1195 ejus
569 1134 941 1192 cruciﬂxeriut
967 1157 980 1192 ε
1008 1138 1286 1194 Christum
1322 1158 1448 1197 vero
1479 1158 1652 1213 neque
1684 1144 2006 1199 cruciﬁxum

420 1221 611 1287 fuisse,
635 1242 807 1298 neque
838 1230 1041 1286 ohiisse
1070 1249 1082 1285 :
1113 1231 1281 1286 Deum
1310 1235 1450 1287 enim
1482 1235 1624 1289 hunc
1648 1236 2009 1304 assumpsisse

421 1330 489 1370 eo
537 1320 680 1386 quod
735 1321 911 1389 ipsum
972 1333 1203 1379 amaret.
1244 1324 1408 1381 Deum
1468 1327 1635 1381 etiam
1699 1327 2002 1382 Christum.

420 1420 770 1477 posteaquam
808 1414 862 1468 in
896 1414 1091 1469 coelum
1126 1418 1485 1483 ascendisset,
1537 1419 1900 1488 interrogasse
1922 1420 2007 1473 di-

416 1510 634 1555 centem
671 1518 686 1555 :
735 1519 755 1553 r
810 1500 854 1558 Ο
893 1502 1020 1559 σιεευ
1056 1507 1067 1559 l
1126 1517 1290 1561 tuane
1336 1508 1449 1563 haec
1479 1519 1564 1562 est
1604 1511 1801 1573 oratio,
1858 1510 2007 1579 quod

416 1601 473 1645 tu
506 1593 717 1649 scilicet
761 1595 837 1651 sis
879 1596 1048 1652 Filius
1090 1597 1182 1654 Dei
1229 1609 1284 1655 et
1345 1600 1488 1655 Deus
1514 1602 1539 1654 ἲ
1588 1612 1644 1656 et
1700 1600 1884 1657 Jesum
1919 1618 2005 1657 re.

417 1681 705 1750 spondisse
730 1701 743 1738 :
768 1699 828 1740 se
847 1700 950 1742 nou
975 1688 1226 1744 docuisse
1251 1688 1349 1743 hoc
1374 1704 1548 1758 neque
1573 1690 1892 1745 erubescere
1910 1684 2002 1746 Dei

415 1783 632 1824 servum
663 1785 807 1837 esse,
840 1787 1029 1827 verum
1056 1775 1303 1831 homines
1330 1776 1445 1831 haec
1467 1778 1539 1831 ita
1564 1777 1786 1832 dixisse.
1822 1797 1841 1829 ι
1882 1777 2005 1834 Haec

2124 581 2220 634 τοῦ
2256 582 2416 649 Θεοῦ,
2461 584 2553 637 καὶ
2593 584 2653 637 τὸ
2689 583 2917 654 Πνεῦμα
2946 584 3136 647 αὑτοῦ,
3165 584 3359 638 κτιστὰ
3399 582 3550 643 ὄντα,
3592 585 3705 637 εἰσι

2122 677 2284 746 ἦλθεν
2316 678 2396 739 είς
2428 676 2644 747 Μαρίαν
2668 676 2768 747 τὴν
2791 676 3031 747 ἀδελφὴν
3058 676 3303 741 Μωσέως
3331 674 3425 729 καὶ
3465 674 3700 746 ’Δαρὼν,

2122 767 2218 821 καὶ
2273 768 2569 839 ἐγέννησεν
2611 769 2750 840 αὑτὴ
2806 769 2932 838 δίχα
2999 768 3320 839 σπέρματος
3373 766 3585 835 Ἰησοῦν
3616 766 3703 819 τὸν

2118 859 2377 930 Χριστὸν,
2410 862 2699 931 προφήτην
2726 860 2820 914 καὶ
2862 859 3051 912 δοῦλον
3096 860 3359 928 γεγονότα
3414 858 3509 911 τοῦ
3542 857 3702 910 Θεοῦο

2119 950 2211 1004 καὶ
2244 950 2326 1003 ὅτι
2358 951 2405 1003 οί
2454 950 2697 1005 Ἰουδαῖοι
2746 951 3121 1021 φθονήσαντες
3200 949 3483 1021 ἠθέλησαν
3532 949 3697 1003 αὐτὸν

2119 1041 2477 1114 σταυρῶσαι·
2534 1044 2628 1096 καὶ
2690 1044 3071 1115 κρατήσαντες
3108 1086 3122 1107 ,
3184 1044 3553 1115 ἐσταύρωσαν
3604 1044 3704 1113 τὴν

2120 1132 2281 1187 σκιὰν
2305 1133 2497 1187 αὐτοῦ·
2532 1135 2697 1199 αὐτὸς
2745 1135 2803 1189 δὲ
2831 1137 2859 1189 6
2908 1135 3149 1205 Χριστὸς
3197 1136 3297 1190 οὐκ
3349 1134 3701 1205 ἐσταυρώθη,

2115 1226 2240 1279 ούδέ
2310 1228 2619 1281 ἀπέθανεν’
2678 1230 2707 1281 6
2755 1228 2865 1298 γὰρ
2900 1226 3038 1292 Θεὸς
3100 1228 3299 1283 ἐλαϐεν
3357 1228 3528 1281 αὐτὸν
3568 1226 3704 1296 πρὸς

2116 1318 2309 1372 ἐαυτὸν
2339 1321 2420 1382 είς
2467 1320 2560 1373 τὸν
2615 1321 2877 1389 οὐρανὸν,
2926 1320 3018 1375 διὰ
3050 1320 3110 1375 τὺ
3137 1321 3315 1389 φιλεῖν
3363 1322 3531 1375 αὐτόν
3563 1338 3578 1351 ο
3609 1321 3700 1374 καὶ

2114 1411 2197 1464 ὅτι
2224 1410 2523 1465 ἀνελθόντα
2545 1411 2638 1465 τὸν
2670 1412 2907 1483 Χριστὸν
2938 1414 3022 1477 είς
3055 1414 3153 1467 τὸν
3178 1414 3437 1483 οὐρανὸν,
3486 1413 3701 1483 ἐρώτη-

2116 1520 2209 1559 σεν
2234 1505 2262 1557 6
2290 1504 2444 1571 Θεὸς,
2470 1506 2680 1573 λέγων’
2716 1525 2735 1559 ι
2763 1502 2837 1560 Ὦ
2876 1506 3083 1577 Ἰησοῦ,
3124 1506 3191 1559 σὺ
3232 1502 3389 1569 εἶπες
3421 1506 3516 1560 τὸν
3542 1507 3701 1573 λόγον

2110 1596 2324 1663 τοῦτον,
2351 1598 2433 1650 ὅτι
2468 1598 2595 1661 Υίδς
2627 1595 2679 1651 εἴ
2722 1596 2819 1651 τοῦ
2856 1597 3020 1663 θεοῦ,
3071 1596 3166 1651 καὶ
3194 1597 3364 1664 Θεός;
3419 1598 3535 1651 Kal
3561 1598 3699 1651 ἀπε-

2114 1688 2275 1759 κρίθη
2325 1688 2532 1760 Ἰησοῦς
2563 1691 2646 1743 ὅτι
2676 1690 2791 1745 Οὐκ
2820 1683 2977 1743 εἷπον
3025 1688 3138 1758 ἐγώ
3162 1705 3175 1721 ⁸
3210 1690 3333 1743 οὐδὲ
3363 1676 3725 1760 αἰσχύνομαί

2113 1776 2256 1833 εῖναι
2288 1779 2474 1844 δοῦλός
2511 1798 2633 1835 σου.
2708 1780 2852 1833 Ἀλλ’
2892 1780 2940 1833 οἱ
2996 1781 3280 1850 ἄνθρωποι
3333 1780 3579 1849 λέγουσι,
3614 1781 3724 1857 ὅτι¹

415 1865 627 1934 aliaque
650 1870 919 1937 permulta
961 1880 1201 1923 monstra
1245 1870 1301 1924 in
1352 1869 1440 1924 illa
1501 1872 1769 1940 scriptura
1826 1869 1997 1926 eﬂ‘utit

2107 1871 2261 1926 εἶπον
2293 1872 2384 1927 τὸν
2416 1873 2576 1941 λόγον
2620 1873 2834 1927 τοῦτον.
2877 1892 2896 1926 ι
2942 1874 3056 1928 Kal
3086 1874 3225 1929 ἄλλα
3255 1872 3432 1925 πολλὰ
3460 1888 3697 1939 τερατο-

420 1957 681 2025 ridicula,
727 1975 891 2029 quam
917 1961 1174 2017 divinitus
1213 1962 1278 2016 ad
1304 1977 1362 2017 se
1395 1963 1627 2017 delatam
1664 1963 1825 2020 nimis
1860 1964 2004 2020 inso-

414 2051 591 2107 lenter
643 2056 883 2123 jactitat.

484 2146 539 2200 3-.
567 2146 676 2203 Nos
710 2163 836 2205 vero
876 2152 1141 2222 discipulo
1170 2155 1288 2223 ejus
1352 2158 1761 2223 respondemus,
1812 2172 2003 2212 omnes

416 2235 714 2301 prephetas
778 2239 845 2292 de
907 2240 1133 2296 Domino
1159 2252 1344 2297 nostro
1406 2243 1532 2299 Jesu
1576 2247 1796 2301 Christo
1846 2262 2002 2316 prm-

413 2326 637 2392 dixisse,
672 2339 726 2383 et
763 2341 888 2385 ante
947 2333 1046 2386 hos
1089 2334 1301 2397 MoSen,
1359 2337 1501 2404 quod
1540 2345 1595 2391 et
1672 2337 1767 2392 Dei
1836 2338 2003 2393 Filius

410 2426 466 2471 et
529 2417 674 2473 Deus
722 2423 981 2478 extremis
1022 2425 1352 2492 temporibus
1411 2427 1700 2481 humanam
1752 2439 1999 2485 naturam

411 2519 560 2566 esset
585 2524 964 2583 assumpturus
993 2534 1008 2570 :
1045 2526 1098 2571 et
1119 2518 1362 2572 absoluta
1387 2518 1793 2588 dispensatione
1819 2536 1917 2575 sua
1946 2522 2001 2575 in

409 2618 579 2659 carne
641 2607 1013 2678 cruciﬁgetur,
1079 2611 1389 2680 sepelietur,
1420 2623 1475 2667 et
1514 2622 1784 2681 resurget,
1823 2624 1875 2669 et
1946 2614 1998 2668 in

410 2698 605 2755 emlum
655 2710 1015 2757 assumetur:
1065 2703 1394 2774 tandemque
1444 2712 1703 2760 venturus
1738 2706 1999 2777 sitjudex

410 2794 655 2848 omnium
678 2834 692 2859 ,
728 2797 959 2851 reddens
986 2798 1280 2867 unicuique
1308 2802 1602 2854 secundum
1635 2816 1797 2871 opera
1830 2802 1948 2871 ejus
1983 2821 1997 2856 :

409 2894 574 2954 atque
604 2886 704 2941 hos
746 2887 965 2958 quidem
998 2891 1291 2961 prophetas
1341 2906 1433 2946 vos
1467 2907 1706 2961 quoque,
1752 2895 1829 2947 uti
1876 2892 2001 2963 qui-

410 2978 531 3031 dem
564 2978 763 3045 dicitis,
789 2980 1057 3049 probatis.
1121 2982 1281 3051 Atqui
1346 2984 1411 3035 de
1462 2984 1771 3040 Moametho
1842 3000 2001 3041 nemo

408 3070 627 3124 illorum
667 3072 921 3141 praedixit
952 3074 1096 3143 quod
1165 3074 1305 3130 Deus
1352 3076 1643 3132 Saracenis
1683 3078 1844 3134 talem
1874 3092 2000 3148 pro-

412 3163 636 3232 phetam
689 3166 1031 3221 excitaturus
1079 3168 1170 3223 sit.
1234 3169 1300 3223 Et
1352 3168 1527 3227 Moses
1591 3172 1813 3241 quidem
1873 3187 2074 3263 cumc

410 3270 566 3312 mons
609 3257 740 3313 Sina
804 3259 1061 3315 terribilis
1088 3274 1231 3316 esset
1259 3264 1512 3331 nubibus,
1549 3265 1693 3335 igne,
1731 3268 1993 3333 tenebris,

408 3356 459 3400 et
490 3348 705 3403 turbine
730 3348 962 3419 aliisque
1009 3352 1403 3421 consimilibus,
1430 3370 1549 3426 quae
1588 3364 1850 3413 terrorem
1914 3358 1999 3412 in-

408 3451 594 3497 cutere
624 3450 679 3497 et
712 3441 1054 3500 formidinem
1077 3446 1280 3502 addere
1337 3449 1555 3516 solent,
1600 3451 1745 3506 omni
1799 3451 1996 3523 populo

408 3544 691 3605 spectante
753 3538 807 3592 in
852 3538 1102 3594 tenebras
1127 3540 1409 3610 ingressus
1443 3553 1526 3599 est
1559 3543 1843 3615 legemque
1908 3560 1996 3601 re-

409 3630 528 3685 tulit
561 3647 575 3684 :
609 3629 953 3688 Moamethus
1003 3647 1132 3689 vero
1175 3635 1278 3691 iste
1344 3636 1864 3708 quibusportentis,
1901 3648 1995 3693 aut

408 3726 734 3789 quibusnam
762 3729 1136 3795 spectantibus
1169 3731 1384 3801 accepit
1435 3731 1588 3786 illam
1616 3732 1876 3788 divinitus
1924 3733 1993 3788 ad

410 3836 469 3874 se
520 3822 768 3885 missam,
802 3830 864 3876 ut
900 3821 1100 3888 aiebat,
1133 3823 1505 3894 scripturam?
1532 3822 1603 3878 At
1634 3825 1725 3879 isti
1757 3840 1880 3879 cum
1907 3825 1994 3882 his

410 3914 715 3969 rationibus
785 3922 1111 3982 premuntur
1132 3925 1188 3970 et
1233 3916 1285 3970 in
1319 3916 1599 3987 angustias
1645 3918 1989 3987 rediguntur,

410 4006 779 4074 respondent.
826 4006 990 4060 Deum
1047 4022 1383 4075 quaecunque
1440 4008 1597 4073 velit,
1650 4016 1705 4062 et
1767 4023 1992 4077 querno-

407 4099 479 4151 do
520 4096 675 4161 velit,
706 4094 904 4150 facere.
945 4094 1150 4151 Deinde
1183 4111 1283 4150 nos
1347 4097 1544 4150 iterum
1593 4110 1847 4165 urgemus
1878 4114 1890 4149 :
1924 4098 1994 4151 At

409 4188 684 4256 quomodo
718 4187 1026 4241 descendit
1084 4186 1175 4242 illa
1218 4187 1485 4258 scriptura
1545 4188 1611 4242 ad
1673 4190 1989 4258 prophetam

409 4276 696 4333 vestrum?
746 4277 811 4331 Et
867 4276 955 4331 isti
1000 4279 1324 4348 respondent
1364 4297 1376 4331 :
1426 4278 1503 4333 Eo
1562 4280 1883 4350 dormiente,
1936 4282 1991 4336 in

408 4374 585 4440 ipsum
638 4370 845 4426 incidit.
887 4368 957 4425 Et
1000 4385 1100 4426 nos
1141 4371 1338 4426 iterum
1399 4373 1710 4441 reponimus
1744 4390 1760 4427 :
1791 4372 1859 4429 Et
1898 4389 1994 4428 un-

408 4466 603 4518 deuam
646 4473 859 4519 constat
912 4463 1056 4533 quod
1124 4463 1380 4520 divinitus
1416 4480 1582 4533 super
1621 4465 1803 4535 ipsum
1846 4467 1993 4521 deci-

2106 1965 2278 2029 λογῶν
2326 1967 2387 2018 ἐν
2417 1968 2482 2036 τῇ
2518 1966 2745 2039 τοιαύτῃ
2796 1968 2988 2037 γραφῇ
3026 1965 3270 2034 γέλωτος
3304 1963 3458 2030 ἄξια,
3484 1962 3696 2033 ταύτην

2104 2063 2168 2115 ἐκ
2190 2058 2326 2113 Θεοῦ
2359 2060 2443 2112 ἐπ’
2466 2060 2632 2112 αὑτὸν
2661 2059 3063 2130 κατενεχθῆναι
3089 2060 3451 2129 φρυάττεται.

2177 2159 2251 2221 γ’.
2287 2153 2483 2223 Ἡμεῖς
2518 2154 2575 2206 δὲ
2609 2153 2841 2225 πρὺςτὸν
2877 2150 3127 2223 μαθητὴν
3151 2151 3319 2206 αὑτοῦ
3350 2151 3587 2221 λέγομεν
3614 2153 3697 2205 ὅτι

2106 2248 2244 2317 Περὶ
2286 2247 2387 2315 μὲν
2409 2246 2503 2299 τοῦ
2534 2246 2743 2317 Κυρίου
2776 2245 2938 2318 ήμῶν
2982 2244 3158 2315 Ἰησοῦ
3194 2244 3442 2315 Χριστοῦ
3486 2243 3696 2306 πάντες

2106 2341 2155 2391 οι
2184 2340 2467 2409 προφῆται
2503 2338 3011 2409 προκατήγγειλαν,
3054 2336 3151 2390 καὶ
3183 2335 3294 2406 πρὸ
3317 2334 3531 2389 τούτων
3560 2336 3695 2388 Μω-

2108 2433 2211 2502 σῆς
2238 2471 2253 2497 ,
2284 2433 2369 2485 ὅτι
2395 2431 2532 2485 Θεοῦ
2560 2432 2689 2496 Υἱὸς
2724 2431 2802 2484 ὢν
2844 2431 2939 2486 καὶ
2988 2430 3146 2495 Θεὸς,
3179 2429 3267 2483 ἐπ’
3307 2428 3559 2499 ἐσχάτων
3588 2426 3699 2481 τῶν

2108 2525 2340 2595 ἡμερῶν
2395 2523 2817 2595 ἐνανθρωπήσει
2841 2538 2857 2554 ο
2893 2522 2988 2575 καὶ
3018 2521 3249 2585 τελέσας
3280 2522 3383 2589 τὴν
3428 2522 3698 2592 ἐνσαρκον

2106 2615 2430 2685 οἰκονομίαν
2484 2614 2679 2679 αὐτοῦ,
2720 2613 3178 2687 σταυρωθήσεται
3223 2615 3323 2666 καὶ
3359 2614 3695 2683 ταφήσεται,

2106 2710 2204 2762 καὶ
2240 2708 2635 2778 ἀναστήσεται,
2678 2708 2774 2762 καὶ
2809 2708 2892 2770 είς
2930 2706 3163 2777 οὐρανὸν
3191 2705 3652 2775 ἀναληφθήσεται
3679 2721 3695 2734 ο

2105 2801 2201 2854 καὶ
2230 2800 2551 2855 τελευταῖον
2586 2799 2709 2869 ἣξει
2735 2801 2932 2869 κριτὴς
2964 2797 3207 2863 πάντων,
3238 2794 3538 2859 ἀποδιδοὺς
3563 2795 3697 2849 ἐκά-

2107 2910 2219 2965 στῳ
2236 2893 2388 2949 κατὰ
2404 2893 2473 2947 τὰ
2498 2892 2638 2962 ἔργα
2665 2892 2855 2946 αὐτοῦ.
2877 2891 3114 2954 Τούτους
3138 2890 3196 2943 δέ
3220 2890 3347 2953 τοὺς
3378 2890 3695 2961 προφήτας,

2106 2988 2201 3041 καὶ
2226 2988 2405 3058 ὑμεῖς,
2430 2987 2506 3051 ὡς
2533 2986 2750 3055 λέγετε,
2779 2984 3022 3056 δέχεσθε.
3048 2984 3186 3054 Περὶ
3213 2983 3269 3037 δέ
3289 2981 3387 3036 τοῦ
3439 2981 3694 3051 Μωάμεθ

2105 3080 2312 3134 τούτων
2327 3079 2506 3141 οὐδεὶς
2540 3080 2978 3149 προεφήτευσεν,
3012 3078 3093 3130 ὅτι
3128 3080 3371 3130 τοιοῦτον
3400 3077 3693 3145 πρεφήτην

2105 3170 2404 3238 ἀναστήσει
2440 3170 2552 3232 τοῖς
2583 3168 2931 3238 Σαρακηνοῖς
2976 3170 3002 3220 6
3034 3167 3185 3231 Θεός.
3233 3168 3347 3221 Καὶ
3374 3167 3401 3218 ὁ
3428 3165 3531 3235 μέν
3559 3166 3694 3218 Μω-

3708 2044 3717 2083 i

3703 2096 3713 2123 ρ

2109 3267 2231 3335 σῆς,
2251 3262 2346 3316 τοῦ
2373 3262 2536 3332 ὅρους
2555 3261 2649 3316 τοῦ
2664 3262 2798 3316 Σινᾶ
2824 3259 3059 3329 φοϐεροῦ
3082 3259 3370 3328 γεγονότος
3388 3260 3445 3310 ἐν
3470 3256 3690 3327 νεφέλῃ,

2106 3356 2202 3410 καὶ
2233 3355 2393 3423 πυρὶ,
2430 3354 2524 3407 καὶ
2568 3355 2778 3424 γνόφῳ,
2831 3352 2929 3406 καὶ
2989 3351 3207 3422 θυέλλῃ,
3260 3352 3355 3403 καὶ
3408 3349 3695 3410 τοιαύταις

2104 3451 2294 3514 ἄλλαις
2326 3450 2583 3518 φρικταίς
2634 3445 3067 3517 καταπλήξεσιν,
3128 3445 3370 3515 ὁρῶντος
3416 3442 3513 3496 τοῦ
3557 3440 3689 3495 λαοῦ

2106 3543 2331 3606 παντὸς,
2378 3542 2630 3611 εἰσῆλθεν
2689 3541 2771 3601 είς
2813 3540 2907 3592 τὸν
2953 3539 3175 3607 γνόφον,
3227 3538 3324 3589 καὶ
3372 3536 3468 3589 τὸν
3524 3535 3688 3603 νόμον

2104 3634 2432 3705 ἐκομίσατο·
2464 3635 2493 3684 6
2523 3633 2579 3685 δὲ
2613 3630 2882 3701 Μωάμεθ,
2919 3631 3091 3685 ποίων
3127 3629 3479 3699 θεοσημείων
3514 3645 3689 3699 προη-

2103 3728 2460 3798 γησαμένων,
2492 3729 2525 3799 ἢ
2560 3727 2724 3783 τίνων
2756 3726 3032 3797 ὁρώντων,
3071 3724 3293 3791 ἐδέξατο
3316 3725 3417 3795 τὴν
3450 3724 3687 3792 θεόπεμ-

2105 3837 2241 3874 πτον
2266 3819 2497 3889 ταύτην,
2531 3821 2605 3881 ὡς
2632 3817 2809 3886 ἔλεγε,
2844 3818 3102 3886 γραφήν;
3145 3816 3254 3868 Καὶ
3287 3808 3438 3867 οὗτοι
3486 3814 3686 3878 ἐξαπο-

2106 3913 2360 3985 ρούμενοι
2395 3911 2816 3982 ἀποκρίνονται,
2842 3911 2926 3964 ὅτι
2954 3912 2983 3963 6
3013 3910 3168 3973 Θεὸς,
3221 3909 3324 3962 ὅσα
3384 3908 3557 3971 θέλει,
3594 3906 3686 3959 xal

2101 4005 2175 4069 ὡς
2207 4004 2372 4070 θέλει,
2410 4005 2577 4056 ποιεῖ.
2610 3997 2746 4055 Εἶτα
2773 4001 2939 4056 πάλιν
2963 4003 3123 4071 ἡμεῖς
3152 4016 3167 4031 '
3209 4000 3371 4053 ’Δλλὰ
3401 3999 3522 4062 πῶς
3553 4015 3683 4052 κατι

2100 4096 2269 4166 ἦλθεν
2307 4096 2401 4149 ἐπὶ
2449 4094 2540 4147 τὸν
2575 4093 2865 4164 προφήτην
2907 4092 3060 4162 ὑμῶν
3100 4093 3133 4161 ἡ
3168 4092 3353 4160 γραφή
3385 4107 3400 4156 ;
3455 4091 3565 4143 Kal
3594 4089 3684 4141 λέ-

2103 4202 2319 4255 γουσιν,
2376 4184 2459 4238 ὅτι
2499 4183 2850 4253 κοιμωμένου
2908 4182 3180 4236 ἐπέπεσεν
3216 4181 3304 4234 ἐπ’
3344 4181 3534 4237 αὐτόν.
3574 4181 3685 4233 Καὶ

2101 4272 2257 4340 αὖθις
2294 4277 2476 4346 ἡμεῖς,
2519 4274 2633 4328 Καὶ
2668 4272 2837 4328 πόθεν
2880 4273 3062 4344 δῆλον,
3096 4275 3180 4327 ὅτι
3241 4272 3431 4325 θεόθεν
3486 4272 3683 4326 ἔπεσεν

2099 4371 2186 4423 ἐπ’
2224 4369 2427 4434 dimov;
2465 4367 2628 4431 Εἰκὸς
2660 4366 2770 4439 γὰρ
2820 4366 3111 4437 ἄνθρωπον
3177 4366 3350 4435 αὐτὴν
3394 4366 3685 4435 γράψαντα

2103 4461 2257 4531 ῥίψαι
2285 4462 2375 4513 ἐπ’
2415 4460 2581 4513 αὐτόν
2602 4474 2618 4491 ⁶
2651 4461 2683 4530 ἢ
2721 4459 2817 4513 καὶ
2843 4458 3010 4513 αὐτὸν
3070 4458 3279 4528 ταύτην
3336 4457 3683 4525 πλασάμενον

409 4558 603 4611 derit?
642 4558 919 4612 enimvero
949 4556 1244 4613 verisimile
1287 4567 1369 4613 est
1426 4558 1701 4613 hominem
1744 4559 1835 4629 qui
1875 4574 1995 4615 eam

2106 4552 2398 4626 κηρύττειν
2430 4552 2513 4605 ὅτι
2550 4551 2736 4606 θεόθεν
2798 4551 2997 4606 ἔπεσεν
3038 4553 3129 4605 ἐπ’
3178 4550 3367 4603 αὐτόν.
3401 4549 3588 4619 Μηδέν
3624 4550 3681 4602 δὲ

410 4650 703 4719 scripserat
757 4650 809 4704 in
843 4649 1018 4718 ipsum
1055 4650 1352 4720 projccisse
1386 4668 1400 4705 :
1452 4651 1538 4707 vel
1574 4650 1759 4720 potius
1817 4651 1992 4720 ipsum

410 4757 533 4795 eam
568 4741 931 4808 conﬁnxisse,
972 4751 1024 4797 et
1057 4752 1273 4812 postea,
1304 4742 1458 4812 quasi
1519 4740 1734 4797 coalitus
1771 4741 1992 4810 delapsa

415 4836 508 4901 sit,
583 4835 930 4905 prtedicasse.
991 4838 1125 4892 Cum
1195 4836 1359 4907 igitur
1388 4835 1523 4891 nihil
1575 4834 1731 4890 solidi
1787 4834 1855 4889 ad
1910 4833 1991 4887 sui

413 4927 786 4983 defensionem
827 4931 877 4981 in
942 4929 1175 4982 medium
1233 4928 1429 4985 aﬂ‘erre
1473 4929 1704 4998 possint,
1764 4926 1996 4983 dicimus

414 5040 517 5077 nos
552 5040 564 5076 :
604 5021 1076 5089 Quemadmodum
1122 5021 1214 5090 qui
1267 5022 1485 5084 dormit,
1525 5020 1791 5089 loquendo
1856 5019 1994 5074 deli-

417 5120 522 5177 rat,
560 5121 614 5167 et
649 5126 792 5183 sepe
847 5108 1052 5179 aliquid
1106 5112 1401 5165 monstrosi
1453 5112 1505 5165 iu
1546 5112 1757 5165 somnis
1827 5109 1989 5175 videt,

413 5210 492 5261 sic
532 5211 697 5261 etiam
737 5205 823 5259 illa
874 5207 1144 5274 scriptura
1207 5220 1328 5274 quae
1369 5205 1424 5260 in
1478 5206 1652 5273 ipsum
1714 5203 1988 5259 dormien-

415 5312 522 5353 tem
555 5298 801 5368 conjecta
846 5306 950 5362 est,
992 5296 1242 5352 deliratio
1292 5307 1342 5351 et
1382 5298 1595 5352 somnio
1654 5298 1989 5351 simillimum

415 5393 754 5448 mendacium
841 5389 958 5443 fuit.
1016 5390 1252 5446 Rursum
1308 5406 1429 5444 cum
1495 5408 1590 5444 nos
1667 5406 1731 5443 ex
1797 5390 1990 5444 iisdem

414 5489 712 5559 qumrimus
762 5486 854 5556 qui
898 5489 989 5539 liat
1054 5495 1108 5537 ut
1145 5500 1267 5540 cum
1307 5485 1379 5539 illi
1419 5501 1482 5539 ex
1542 5494 1814 5554 prmceplo
1848 5484 1994 5537 Moa-

418 5582 583 5636 methi
615 5580 746 5635 nihil
808 5580 923 5632 sine
982 5579 1288 5632 testimonio
1369 5594 1541 5647 reque
1589 5578 1768 5633 facere
1820 5593 1994 5646 neque

419 5674 650 5741 probare
684 5682 739 5725 et
774 5670 1059 5724 admittere
1086 5672 1323 5732 soleant,
1375 5670 1577 5722 nullum
1619 5669 1990 5723 testimonium

419 5770 489 5821 ab
520 5769 708 5820 rudem
749 5764 1048 5833 exegerint,
1088 5766 1229 5832 quod
1265 5763 1404 5816 Deus
1462 5764 1635 5832 ipsum
1668 5772 1723 5816 ut
1758 5763 1993 5831 prophe-

415 5867 523 5937 tam
560 5856 805 5931 elegerit,
848 5856 1101 5927 quodque
1143 5857 1257 5925 ipse
1297 5854 1554 5912 divinitus
1591 5856 1727 5912 hanc
1763 5857 1828 5913 dc
1882 5856 1990 5912 Deo

2070 4647 2315 4718 »καίριον
2343 4645 2880 4717 προσαπολογεϊσθαι
2931 4642 3276 4713 δυναμένων,
3336 4641 3572 4713 λέγομεν
3598 4644 3681 4695 ὅτι

2101 4739 2319 4808 Ὠσπερ
2361 4740 2389 4789 6
2437 4734 2786 4807 κοιμώμενος
2824 4734 3305 4806 παραφθέγγεται,
3340 4734 3436 4788 καὶ
3459 4735 3681 4790 ἀλλοκό-

2097 4850 2227 4897 τους
2274 4832 2520 4903 ὀνείρους
2553 4830 2744 4900 βλέπει
2802 4830 3087 4893 πολλάκις,
3142 4827 3287 4882 οῦτω
3319 4831 3417 4882 καὶ
3476 4832 3546 4882 τὰ
3582 4830 3678 4897 τῆς

2098 4927 2340 4997 γραφῆς,
2373 4926 2496 4996 ἥτις
2526 4923 2614 4977 ἐπ’
2645 4924 2814 4978 αὐτὸν
2856 4922 3063 4994 ἐρρίφη
3092 4922 3465 4993 κοιμώμενον,
3501 4938 3677 4990 παρα-

2099 5021 2267 5091 φορὰ,
2310 5019 2406 5074 καὶ
2438 5014 2947 5091 ὁνειρωδικὼτατον
2977 5015 3038 5068 τὸ
3057 5014 3275 5084 ψεῦδος.
3316 5014 3677 5083 Ἐρωτώντων

2096 5113 2155 5168 δὲ
2187 5113 2350 5167 πάλιν
2382 5111 2565 5182 ἡμῶν,
2602 5110 2750 5174 Πῶς,
2798 5108 2892 5181 τοῦ
2922 5106 3172 5178 Μωάμιθ
3204 5107 3334 5177 ύμῖν
3365 5104 3677 5174 ἐντειλαμέ-

2070 5223 2192 5260 ρνου
2221 5205 2389 5277 μηδὲν
2418 5205 2547 5259 ἄνευ
2583 5202 2895 5275 μαρτυρίας
2919 5202 2952 5272 ἢ
2984 5201 3215 5272 ποιεῖνῆ
3244 5200 3673 5271 παραδέχεσθαι,

2076 5302 2200 5355 ,οὐκ
2233 5301 2561 5371 ἀπῃτήσατε
2613 5296 2780 5351 αὐτὸν
2835 5296 3170 5368 μαρτυρίαν,
3226 5295 3309 5347 ὅτι
3370 5311 3432 5346 τε
3477 5295 3506 5346 6
3543 5294 3673 5355 Θεὸς

2098 5394 2262 5448 αὑτὸν
2286 5394 2575 5463 προφήτην
2602 5390 3003 5462 ἐχειροτόνησε,
3030 5388 3127 5443 καὶ
3143 5389 3225 5442 ὅτι
3252 5388 3440 5441 θεόθεν
3458 5386 3673 5451 ἐδέξατο

2099 5487 2200 5556 τὴν
2260 5487 2565 5556 είρημένην
2611 5482 2934 5549 θεολογίαν;
2999 5479 3290 5535 Σιωπῶσιν
3338 5480 3671 5551 αἰδούμενοι.

2100 5581 2212 5632 Καὶ
2239 5578 2396 5641 αὖθις
2448 5580 2639 5647 ἡμεῖς’
2676 5578 2738 5629 ’Ὠ
2779 5577 2878 5644 τῆς
2934 5576 3204 5637 ἁτοπίαςῐ
3261 5577 3534 5641 γυναῖκας
3578 5572 3677 5643 μὲν

2098 5674 2191 5727 καὶ
2206 5672 2449 5737 δούλους,
2468 5672 2563 5726 καὶ
2588 5671 2846 5742 χρήματα
2866 5672 2961 5723 καὶ
2980 5670 3257 5739 κτήματα,
3280 5668 3373 5721 καὶ
3402 5669 3557 5730 ὄνους
3582 5669 3672 5720 καὶ

2096 5767 2287 5832 κύνας,
2306 5765 2367 5818 τὺ
2388 5764 2802 5823 εὐτελέστατον,
2832 5764 3001 5833 χωρὶς
3027 5760 3340 5832 μαρτυρίας
3365 5762 3468 5813 οὐκ
3483 5760 3638 5828 ἔχετε
3657 5774 3670 5787 ·

2103 5860 2270 5923 μόνην
2291 5857 2348 5913 δὲ
2363 5856 2550 5912 πίστιν
2569 5856 2661 5912 καὶ
2694 5855 2913 5921 γραφὴν
2938 5854 3111 5921 οὕτως
3132 5854 3450 5911 ἁμάοτυοον
3469 5851 3626 5916 ἔχετε
3654 5866 3671 5918 ς
