3960 6562
220 410 351 475 133Ἰ

1101 404 1477 465 PANOI’LIA
1522 398 1986 462 DOGMATICA.
2019 423 2090 436 --
2128 399 2277 460 ΤΙΤ.
2312 397 2593 461 XXVIII.

3335 392 3477 458 1338
3510 396 3522 506 ἰ

168 522 181 529 ’
215 526 517 581 ductrinam
549 522 875 592 acceperit?
910 521 1113 591 pudore
1164 519 1352 575 suffusi
1392 517 1786 573 conticescunt.
1823 514 1891 570 Et
1947 530 2044 569 nos
2081 515 2275 570 iterum
2332 520 2518 569 contra
2555 530 2571 568 :
2609 510 2653 565 0
2709 507 3131 565 absurdissimos
3166 508 3300 562 vos!
3354 525 3480 562 mu-

215 617 371 673 lieres
404 626 458 671 et
486 631 695 681 servos,
726 614 985 685 pecunias
1013 623 1067 668 et
1107 610 1501 683 possessiones,
1543 610 1729 663 asinos
1774 614 1935 676 atque
1998 622 2187 672 canes,
2222 603 2546 659 vilissimum
2618 602 2844 669 animal,
2911 602 3029 658 sine
3084 601 3314 656 testibus
3367 616 3474 654 non

214 710 501 779 possidetis
526 709 724 762 :solam
751 721 881 763 vero
904 707 1127 763 ﬁdemet
1152 714 1475 776 scripturam
1500 703 1636 759 adeo
1669 705 1788 759 sine
1840 702 2066 758 testibus
2098 697 2338 755 tenetis?

288 847 353 900 δ’.
390 844 531 899 Ἀλλ’
558 845 684 897 ἐπεὶ
739 843 950 913 Ἰησοῦν
973 841 1212 914 Χριστὸν
1246 841 1439 908 λέγετε
1480 839 1652 908 Λόγον
1693 838 1790 892 τοῦ

216 937 373 999 Θεοῦ,
405 937 499 990 καὶ
525 937 751 1005 Πνεῦμα
772 936 958 1001 αὑτοῦ,
990 935 1409 1007 συνομολογεῖτε
1441 936 1536 988 καὶ
1558 934 1783 997 ἄκοντες

218 1035 298 1086 ὅτι
329 1034 356 1085 6
384 1032 559 1098 Λόγος
585 1028 680 1083 τοῦ
730 1028 867 1082 Θεοῦ
920 1030 1017 1083 καὶ
1047 1029 1109 1082 τὸ
1166 1028 1393 1098 Πνεῦμα
1429 1026 1595 1081 αὑτοῦ
1626 1028 1685 1079 ὲν
1714 1024 1792 1095 τῷ

218 1126 331 1195 Θεῷ
365 1126 528 1179 εἰσιν.
563 1123 624 1176 Ὀ
651 1123 762 1193 γὰρ
792 1123 965 1191 Λόγος
1016 1121 1111 1175 τοῦ
1148 1120 1284 1174 Θεοῦ
1320 1124 1418 1175 καὶ
1458 1121 1520 1173 τὸ
1565 1120 1792 1188 Πνεῦμα

217 1217 382 1270 αὐτοῦ
413 1214 696 1287 ἀχώριστά
730 1216 835 1268 εισι
863 1213 960 1268 τοῦ
1016 1206 1077 1265 οὗ
1116 1213 1275 1276 εἰσιν,
1335 1213 1426 1265 ἵνα
1471 1212 1546 1282 μὴ
1591 1212 1791 1279 ἄλογος

217 1309 311 1363 καὶ
336 1309 541 1370 ἄπνους
571 1305 896 1377 ὑπολειφθῇ.
934 1307 996 1359 Εἰ
1025 1305 1082 1360 δὲ
1114 1308 1172 1360 ὲν
1203 1304 1281 1375 τῷ
1302 1304 1421 1375 Θεῷ
1451 1305 1598 1357 ἐστιν
1622 1304 1652 1357 6
1686 1306 1793 1358 Λό-

216 1417 310 1467 γος
360 1398 552 1461 αὐτοῦ,
605 1398 847 1469 δηλονότι
878 1398 973 1451 καὶ
1028 1397 1162 1460 Θεός
1207 1399 1347 1471 εστι.
1377 1397 1489 1450 Καὶ
1529 1395 1718 1449 λοιπὸν
1764 1395 1794 1446 ό

217 1488 474 1558 Χριστὸς,
509 1488 583 1552 ὡς
617 1488 718 1559 μὲν
748 1489 921 1556 Λόγος
945 1487 1040 1540 τοῦ
1070 1487 1230 1552 Θεοῦ,
1268 1487 1401 1551 Θεός
1431 1489 1601 1553 ἐστιν,
1634 1486 1710 1549 ὡς
1737 1485 1793 1539 δὲ

217 1583 282 1635 ἐκ
317 1580 599 1650 Παρθένου
641 1580 948 1649 γεννηθεὶς,
990 1578 1279 1650 ἄνθρωπός
1322 1580 1463 1632 ἐστι.
1518 1580 1624 1632 Καὶ
1649 1577 1793 1631 οὕτω

217 1672 441 1727 διπλοῦν
475 1672 607 1727 ὄντα
670 1673 775 1744 χρὴ
843 1671 1037 1727 τοῦτον
1086 1673 1396 1742 ὁμολογεῖν,
1429 1673 1563 1726 Θεόν
1590 1689 1649 1724 τε
1694 1672 1793 1726 καὶ

1963 834 2428 902 6.Verum,quia
2463 849 2560 888 vos
2622 832 2812 888 Jesum
2891 832 3165 888 Christum
3238 831 3479 886 Verbum

1892 928 1986 982 Dei
2038 935 2092 981 et
2148 926 2409 996 Spiritum
2460 926 2575 995 ejus
2616 926 2799 981 dicitis
2829 965 2845 987 ,
2905 925 3152 979 nolentes
3228 925 3475 979 volentes

1892 1018 2164 1083 fatemini,
2224 1016 2454 1071 Verbum
2499 1017 2594 1072 Dei
2634 1026 2688 1073 et
2718 1016 2978 1086 Spiritum
3012 1016 3180 1084 ipsius
3236 1016 3288 1069 in
3348 1018 3466 1085 ipso

1894 1111 2002 1166 Deo
2029 1123 2168 1164 esse.
2211 1109 2443 1163 Verbum
2504 1108 2647 1162 enim
2711 1107 2825 1173 Dei,
2871 1117 2925 1163 et
2988 1106 3224 1177 Spiritus
3276 1108 3369 1161 Dei
3411 1108 3480 1161 ab

1893 1219 1959 1258 eo
1984 1203 2223 1271 separari
2248 1211 2525 1272 nequeunt
2570 1201 2725 1270 cujus
2755 1212 2903 1267 sunt,
2934 1204 3063 1270 quin
3100 1214 3294 1269 expers
3318 1198 3479 1253 Verbi

1891 1317 2199 1375 expersque
2247 1302 2480 1372 Spiritus
2537 1301 2896 1370 relinquatur.
2934 1299 2990 1352 Si
3042 1301 3202 1368 igitur
3231 1298 3284 1351 in
3351 1298 3467 1350 Deo

1890 1407 1973 1456 est
2026 1397 2278 1453 Verbum‘
2326 1395 2464 1464 ejus,
2492 1393 2746 1447 nimirum
2807 1402 2860 1447 et
2922 1392 3099 1460 ipsum
3170 1391 3309 1443 Deus
3373 1398 3479 1444 est.

1890 1489 2078 1558 Itaque
2113 1497 2168 1544 et
2220 1485 2467 1542 Christus
2517 1483 2754 1539 Verbum
2826 1483 2916 1537 Dei
2996 1483 3132 1538 Deus
3188 1490 3295 1536 est.
3342 1478 3481 1545 Quia

1897 1596 2026 1637 vero
2062 1595 2129 1635 ex
2164 1578 2383 1650 Virgine
2423 1586 2582 1632 natus
2632 1585 2741 1641 est,
2795 1577 2956 1628 etiam
3008 1574 3168 1627 homo
3224 1583 3331 1627 est.
3388 1569 3481 1623 Sic

1906 1676 2071 1745 igitur
2128 1674 2333 1728 duahus
2389 1672 2597 1726 naturis
2647 1676 2986 1724 constantem
3047 1682 3193 1730 eum,
3263 1672 3480 1733 oportet

218 1764 526 1835 ἄνθρωπον,
560 1766 618 1818 ὲν
646 1765 742 1818 δύο
765 1764 963 1833 φύσεσι
990 1765 1423 1834 γνωριζόμενον,
1449 1764 1705 1835 θεότητός
1732 1781 1793 1817 τε

1906 1767 2149 1823 conﬁteri
2203 1775 2259 1821 et
2315 1766 2481 1818 Deum
2551 1773 2604 1816 et
2662 1761 2957 1823 hominem,
3016 1766 3200 1826 utpote
3266 1758 3356 1825 qui
3425 1757 3479 1810 in

219 1863 316 1914 καὶ
350 1860 805 1930 ἁνθρωπότητος.
850 1861 1015 1913 Αὐτοὶ
1043 1859 1101 1914 δὲ
1154 1860 1320 1914 πάλιν
1362 1860 1668 1928 ἀλογίστως
1703 1861 1796 1911 ἐπὶ

220 1953 323 2023 τὴν
392 1952 742 2023 θεόπεμπτον
792 1952 1015 2023 γραφὴν
1075 1952 1515 2022 καταφεύγουσι.
1576 1950 1699 2021 Χρὴ
1739 1952 1796 2004 δὲ

219 2047 317 2098 καὶ
345 2044 779 2114 συλλογιστικῶς
803 2044 1001 2108 αὐτοὺς
1030 2045 1334 2111 ἀναγαγεῖν
1385 2042 1480 2096 ἐπὶ
1506 2042 1604 2111 τὴν
1650 2041 1796 2110 ἁλή-

219 2136 396 2191 θειαν.
435 2137 493 2190 '0
518 2136 671 2201 Θεὸς,
702 2138 909 2200 τέλειος
934 2137 1034 2200 ὣν,
1059 2138 1161 2191 οὐκ
1192 2137 1388 2204 ἄλογός
1419 2137 1540 2189 ἐστι
1570 2153 1583 2166 ’
1619 2136 1796 2202 Λόγον

218 2228 272 2281 δὲ
298 2228 459 2298 ἔχων,
497 2228 597 2281 οὐκ
629 2229 1006 2300 ἀνυτξόστατον
1038 2229 1152 2299 ἔχει
1192 2229 1406 2291 τοῦτον,
1463 2228 1582 2282 οὐδὲ
1618 2228 1797 2299 ἀρξά·

221 2337 385 2390 μενον
411 2320 506 2373 τοῦ
531 2315 698 2381 εἶναι,
726 2320 851 2374 οὐδὲ
884 2321 1230 2389 παυσόμενον
1250 2336 1265 2352 ·
1286 2320 1407 2372 οὐδὲ
1440 2321 1548 2388 γὰρ
1575 2315 1643 2390 ἦν
1666 2336 1797 2372 ποτε

217 2410 416 2480 ἄλογος
440 2426 456 2442 ⁸
495 2411 609 2464 ἀλλ’
642 2414 730 2464 ἀεὶ
757 2411 833 2465 ὢν
864 2412 956 2465 τὸν
988 2411 1185 2467 ἑαυτοῦ
1216 2411 1392 2479 Λόγον
1423 2410 1565 2481 ἔχων
1594 2410 1654 2474 ὲξ
1701 2411 1800 2463 αὐ-

217 2505 316 2558 τοῦ
348 2503 713 2576 γεννώμενον,
742 2507 838 2560 καὶ
867 2506 925 2559 ὲν
957 2505 1108 2575 αὐτῷ
1144 2506 1378 2575 μένοντα
1398 2544 1414 2569 ,
1462 2507 1558 2557 κα)⁸
1590 2503 1796 2569 ζῶντα,

217 2598 317 2652 καὶ
350 2598 581 2661 τέλειον,
619 2597 715 2653 καὶ
750 2598 810 2650 οὐ
850 2597 993 2651 κατὰ
1027 2598 1120 2650 τὸν
1179 2597 1450 2667 ἡμέτερον
1480 2596 1662 2664 λόγον.
1696 2590 1799 2647 Ὧν

220 2690 335 2762 γὰρ
361 2691 421 2743 τὸ
449 2684 590 2743 εἶναι
619 2690 900 2758 διάφορον,
926 2687 1135 2741 τούτων
1162 2690 1257 2741 καὶ
1286 2690 1312 2741 ό
1334 2687 1493 2756 λόγος
1518 2687 1797 2757 διάφορος.

222 2782 441 2851 Ὠσπερ
497 2782 556 2835 δὲ
601 2782 928 2850 όὴμὲτερος
982 2779 1145 2847 λόγος
1184 2780 1248 2831 ὲκ
1291 2779 1384 2831 τοῦ
1436 2778 1529 2832 νοῦ
1589 2780 1800 2848 γίνεται

221 2873 544 2946 νοούμενος,
571 2874 670 2927 καὶ
697 2870 822 2925 οὔτε
854 2871 924 2926 δι’
953 2871 1078 2927 ὅλου
1127 2872 1154 2923 6
1197 2871 1364 2935 αὑτός
1416 2872 1534 2924 ἐστι
1578 2871 1658 2941 τῷ
1701 2870 1797 2941 νῷ,

217 2966 347 3021 οὔτε
397 2965 749 3018 παντάπασιν
792 2964 981 3035 ἕτερος
1034 2964 1121 3036 (ἐκ
1154 2964 1248 3017 τοῦ
1282 2962 1375 3017 νοῦ
1414 2966 1514 3035 μὲν
1544 2965 1653 3035 γὰρ
1698 2964 1796 3031 ῶν,

216 3061 380 3123 ἄλλος
407 3058 523 3111 ἐστὶ
552 3060 685 3129 παρ’
700 3059 897 3126 αὐτόνςο
928 3058 1095 3111 αὑτὸν
1125 3059 1183 3112 δὲ
1211 3058 1304 3111 τὸν
1332 3059 1458 3112 νοῦν
1486 3059 1795 3128 ἐμφαίνων,

216 3155 323 3207 οὐκ
350 3152 468 3204 ἐστι
498 3149 779 3214 παντελῶς
810 3150 999 3221 ἔτερος
1026 3150 1156 3222 παρ’
1188 3152 1375 3205 αῖὺτόνο
1406 3151 1523 3205 ἀλλ’
1558 3152 1619 3204 ἓν
1654 3153 1796 3207 κατὰ

215 3243 320 3314 τὴν
358 3242 545 3311 φύσιν,
574 3240 762 3310 ἕτερός
798 3243 916 3295 ἐστι
946 3242 1025 3313 τῷ
1074 3244 1445 3315 ὑποκειμένῳ)
1472 3259 1490 3277 ο
1520 3243 1665 3299 οὕτω
1699 3246 1797 3299 καὶ

215 3338 245 3390 6
275 3334 372 3390 τοῦ
403 3334 542 3389 Θεοῦ
574 3334 771 3403 Λόγος,
801 3334 859 3397 ὃς
889 3333 1040 3387 ἐστιν
1070 3335 1099 3386 6
1141 3335 1289 3399 Υἱὸς,
1321 3336 1395 3402 τῷ
1435 3336 1532 3405 μὲν
1561 3336 1799 3405 ὑφεστά-

214 3448 311 3486 ναι
343 3429 467 3484 καθ’
495 3428 714 3494 ἑαυτὸν,
737 3427 996 3499 διῄρηται
1031 3427 1168 3499 πρὸς
1190 3430 1420 3493 ἐκεῖνον,
1454 3429 1587 3499 παρ’
1611 3423 1671 3483 οῦ
1698 3432 1799 3500 τὴν

218 3524 481 3594 γέννησιν
508 3523 712 3593 ἔσχηκε
737 3538 750 3554 ο
783 3520 862 3591 τῷ
880 3522 936 3575 δὲ
981 3521 1159 3575 ταῦτα
1182 3522 1452 3575 δεικνύειν
1487 3523 1543 3573 ὲν
1593 3521 1794 3591 ἑαυτῷ,

216 3618 256 3673 ἃ
285 3618 419 3689 περὶ
452 3619 547 3670 τὸν
575 3617 709 3669 Θεὸν
737 3615 1048 3686 θεωρεῖται,
1079 3615 1138 3667 ἓν
1160 3616 1277 3667 ἐστι
1297 3614 1436 3686 πρὸς
1469 3613 1631 3666 αὐτὸν
1654 3611 1800 3665 κατὰ

213 3710 322 3780 τὴν
348 3708 533 3779 φύσιν.
556 3709 650 3761 Δεῖ
669 3707 755 3761 τὸν
777 3707 949 3777 Λόγον
980 3707 1126 3779 ἔχειν
1150 3709 1246 3761 καὶ
1271 3708 1519 3775 Πνεῦμα,
1544 3722 1800 3778 συμπαρ-

216 3800 499 3873 ομαρτῶν
526 3818 585 3854 τε
616 3801 785 3872 αὐτῷ,
839 3800 936 3855 καὶ
981 3800 1250 3873 φανεροῦν
1294 3800 1461 3855 αὑτοῦ
1508 3800 1608 3871 τὴν
1647 3802 1800 3869 ἐνέρ-

218 3914 400 3968 γειαν.
435 3898 545 3952 Καὶ
584 3896 695 3968 γὰρ
736 3898 764 3950 6
792 3897 1061 3969 ἡμέτερος
1091 3896 1249 3964 λόγος
1280 3898 1382 3951 οὐκ
1418 3897 1652 3966 ἄμοιρός
1680 3898 1798 3951 ἐστι

220 3994 575 4064 πνεύματος*
628 3994 766 4064 ὅπερ
794 3992 855 4046 ὲν
912 3992 990 4062 τῷ
1046 3990 1223 4061 καιρῷ
1270 3990 1371 4059 τῆς
1428 3989 1799 4058 ὲκφωνήσεως

222 4084 382 4157 φωνὴ
412 4085 620 4152 γίνεται
650 4080 746 4137 τοῦ
778 4082 940 4150 λόγου
971 4078 1155 4150 ἡμῶν,
1195 4076 1512 4147 φανεροῦσα
1546 4077 1646 4143 τὴν
1674 4074 1799 4128 τού-

219 4196 319 4233 του
365 4177 617 4247 δύναμιν.
679 4172 823 4229 Ἀλλ’
854 4173 941 4242 ἐφ’
977 4171 1135 4244 ἡμῶν
1200 4171 1299 4240 μὲν
1356 4168 1641 4237 ἀλλότριον
1698 4167 1801 4234 τῆς

224 4272 505 4344 ἡμετέρας
536 4267 726 4330 οὐσίας
755 4267 816 4320 τὸ
843 4265 1066 4335 πνεῦμα
1100 4263 1279 4330 τοῦτο,
1314 4264 1475 4332 ἀέρος
1509 4260 1568 4314 ὃν
1610 4260 1799 4331 εἰσροὴ

223 4363 321 4418 καὶ
350 4361 541 4433 ὲκροή·
574 4361 665 4413 ἐπὶ
689 4359 745 4414 δὲ
772 4357 867 4413 τοῦ
890 4357 1050 4424 Θεοῦ,
1105 4356 1298 4426 ὥσπερ
1322 4358 1349 4408 6
1377 4355 1550 4423 Λόγος
1574 4354 1634 4406 οὐ
1659 4353 1801 4406 κατὰ

226 4456 318 4509 τὸν
339 4426 632 4525 ἡμέτερον,
663 4451 780 4509 ἀλλ’
821 4450 1100 4512 οὐσιωδῶς
1129 4449 1400 4517 ὑφεστὼς,
1448 4447 1544 4501 καὶ
1575 4445 1677 4515 τῆς
1704 4446 1802 4498 αὐ·
1826 4467 1879 4526 D
1908 4426 2405 4526 (illaalii-dedam!-

224 4547 325 4616 τῆς
351 4544 540 4609 οὐσίας
562 4544 656 4598 καὶ
686 4541 903 4614 φύσεως
959 4541 1037 4611 τῷ
1058 4542 1345 4611 γεννήτορι
1372 4579 1385 4604 ,
1419 4537 1565 4591 οὕτω
1609 4539 1703 4591 καὶ
1734 4536 1797 4590 τὸ

226 4638 451 4708 Πνεῦμα
488 4638 547 4692 τὸ
570 4635 750 4707 ἅγιον,
781 4634 1056 4699 οὐσιωδῶς
1089 4633 1357 4704 ὑφεστὼς,
1382 4631 1480 4686 καὶ
1502 4634 1602 4701 τῆς
1626 4630 1798 4699 αὐτῆς

225 4732 303 4801 τῷ
335 4730 455 4800 Θεῷ
481 4730 669 4794 οὐσίας
706 4729 801 4784 καὶ¹
826 4729 1042 4798 φύσεως
1077 4728 1173 4780 καὶ
1217 4725 1583 4795 τελειότητος,
1612 4726 1678 4777 ὲκ
1700 4723 1798 4776 τοῦ

226 4819 446 4889 Πατρός
479 4819 692 4889 προϊὸν,
720 4819 902 4889 καὶξὲν
945 4817 1098 4888 αὐτῷ
1140 4816 1221 4881 ὃν,
1253 4817 1345 4870 καὶ
1384 4814 1462 4885 τῷ
1510 4814 1671 4884 Λόγῳ
1705 4812 1799 4866 καὶ

225 4914 343 4985 Υἱῷ
375 4913 905 4985 συμπαρομαρτοῦν,
940 4912 1037 4966 καὶ
1068 4911 1400 4980 ὲκφαντικὸν
1423 4907 1671 4980 ὑπάρχον
1704 4907 1802 4960 αὐ-

227 5008 345 5063 τοῦ.
378 5008 516 5077 Περὶ⁵
538 5006 636 5076 μὲν
658 5003 754 5060 οὖν
778 5006 995 5078 Πατρὸς
1024 5007 1120 5060 καὶ
1152 5002 1284 5057 Υἱοῦ
1309 5002 1407 5057 καὶ
1443 5001 1600 5071 ἁγίου
1634 4999 1803 5054 Πνεὺο

233 5121 426 5175 ματος,
474 5103 556 5155 ὅτι
610 5100 707 5155 καὶ
735 5100 868 5166 εἰσὶ,
927 5100 1146 5171 καὶτῆς
1190 5097 1364 5168 αὐτῆς
1404 5098 1511 5149 εἰσι
1561 5095 1800 5166 φύσεως,

231 5196 435 5259 ἱκανῶς
463 5197 594 5267 ἡμῖν
630 5193 1030 5248 ἀποδέδεικται.

1899 1860 2110 1914 duabus
2143 1857 2353 1912 naturis
2380 1865 2755 1925 cognomatur,
2791 1852 3110 1915 divinitatis,
3154 1849 3394 1917 inquam,
3428 1857 3484 1900 et

1899 1949 2275 2005 humanitatis.
2319 1947 2411 2002 Isti
2444 1960 2593 2009 vero,
2630 1954 2687 1997 ut
2721 1953 2899 2005 antea,
2931 1952 3132 1995 temere
3185 1950 3240 1993 et
3297 1941 3485 1992 incon-

1897 2043 2133 2096 siderate
2161 2041 2229 2094 ad
2270 2040 2596 2108 scripturam
2628 2036 2772 2090 illam
2797 2034 2939 2090 falso
2959 2034 3228 2087 divinitus
3252 2033 3476 2084 missam

1903 2133 2245 2204 confugiunt.
2293 2132 2481 2200 Itaque
2517 2129 2929 2183 ratiocinatione
2976 2125 3234 2196 quadam,
3267 2134 3325 2176 ut
3382 2137 3477 2175 vc-

1902 2243 2018 2281 rum
2051 2226 2407 2297 perspiciunt,
2445 2223 2695 2293 adigendi
2731 2230 2879 2277 sunt.
2913 2221 3053 2275 Deus
3085 2234 3209 2273 cum
3242 2218 3313 2271 sit
3364 2232 3478 2282 per-

1899 2318 2094 2381 fectus,
2115 2333 2311 2387 expers
2330 2318 2423 2370 τοῦ
2442 2317 2619 2384 Λόγου
2646 2316 2719 2386 (id
2748 2324 2850 2379 est,
2875 2314 3061 2381 Verbi)
3094 2328 3194 2364 non
3214 2309 3472 2376 esI.C_um

1901 2410 2063 2479 igitur
2091 2409 2168 2477 τῷ
2198 2409 2355 2479 Λόγῳ
2373 2409 2446 2479 (id
2465 2416 2569 2470 est,
2593 2404 2789 2475 Verbo)
2810 2404 3068 2474 prmditns
3105 2403 3195 2466 sit,
3229 2415 3333 2454 non
3362 2400 3482 2452 sine

1902 2505 2173 2580 hypostasi
2202 2504 2342 2557 idem
2371 2501 2599 2564 obtinet,
2638 2512 2809 2567 neque
2838 2495 2984 2566 quod
3015 2495 3303 2564 aliquando
3350 2505 3475 2545 esse

1901 2600 2151 2670 coeperit,
2187 2607 2363 2666 neque
2410 2592 2552 2663 quod
2606 2591 2849 2646 desierit.
2903 2588 3088 2657 Neque
3151 2587 3295 2639 enim
3337 2584 3481 2637 Deus

1902 2709 2135 2765 unquam
2157 2705 2351 2758 expers
2386 2687 2480 2741 τοῦ
2500 2687 2672 2755 Λόγου
2721 2684 2796 2754 (id
2827 2692 2913 2737 est
2958 2679 3141 2751 Verbi)
3179 2678 3315 2733 fuit:
3381 2677 3475 2731 sed

1901 2801 2022 2842 cum
2052 2785 2120 2839 sit
2142 2796 2375 2850 semper,
2410 2791 2679 2847 suumque
2712 2774 2945 2829 Verbum
2996 2773 3213 2837 habeat,
3245 2769 3387 2841 quod
3415 2784 3483 2822 ex

1903 2876 2019 2946 ipso
2042 2881 2353 2946 generatur,
2383 2878 2438 2924 et
2465 2868 2519 2923 in
2548 2869 2666 2937 ipso
2694 2874 2892 2928 manet.
2941 2874 2995 2919 et
3032 2862 3187 2928 vivit,
3247 2872 3303 2914 et
3358 2875 3483 2927 per-

1905 2970 2100 3025 fectum
2128 2973 2260 3021 est:
2306 2977 2411 3017 non
2475 2960 2769 3015 secundum
2827 2966 3074 3011 nostrum
3126 2953 3303 3019 λόγον,
3363 2952 3478 3004 sive

1901 3060 2163 3124 verbum;
2197 3071 2425 3128 quorum
2481 3054 2625 3110 enim
2677 3049 2914 3106 essentia
2954 3048 3162 3102 diversa
3228 3051 3330 3108 cst,
3386 3058 3485 3096 eo-

1907 3168 2025 3207 rum
2072 3152 2233 3206 etiam
2267 3151 2294 3203 6
2325 3147 2482 3217 λόγος
2529 3147 2643 3199 sive
2706 3144 2951 3197 verbum.
3009 3135 3473 3205 Quemadmodum

1904 3248 2083 3295 autem
2116 3246 2358 3293 nostrum
2414 3235 2635 3291 verbum
2692 3233 2854 3302 (sive
2907 3228 3126 3297 oratio)
3176 3242 3242 3281 ex
3294 3235 3472 3280 mente

1908 3331 2148 3385 nascitur
2178 3347 2193 3384 :
2221 3344 2323 3383 non
2349 3337 2530 3383 autem
2557 3326 2779 3380 omnino
2806 3338 2928 3377 cum
2960 3329 3136 3374 mente
3153 3318 3340 3373 eadem
3368 3327 3474 3381 est,

1904 3437 2080 3491 neque
2114 3420 2335 3488 penitus
2392 3418 2604 3471 diversa
2637 3432 2653 3468 :
2690 3430 2757 3468 ex
2801 3421 2979 3465 mente
3013 3412 3155 3465 enim
3213 3424 3335 3463 cum
3369 3402 3486 3470 'sit,

1905 3510 2049 3565 aliud
2131 3508 2387 3577 quiddam
2453 3516 2647 3572 praeter
2714 3494 3025 3570 ipsam’est
3084 3517 3101 3553 :
3168 3514 3289 3552 nam
3353 3498 3492 3563 quia»

1909 3612 2140 3656 mentem
2189 3600 2360 3667 ipsam
2423 3595 2684 3651 declarat.
2741 3606 2845 3644 non
2913 3598 2993 3643 est
3052 3603 3276 3643 ommno
3334 3587 3491 3639 aliud.

1904 3699 2100 3759 prrcter
2133 3687 2304 3756 ipsam
2343 3700 2356 3738 :
2389 3683 2482 3738 sed
2514 3696 2680 3737 unum
2710 3678 2966 3748 quiddam
2997 3693 3120 3733 cum
3151 3677 3261 3730 sint
3314 3685 3491 3729 natu.-

1907 3800 1989 3847 ra,
2019 3780 2263 3853 subjecto
2290 3777 2431 3833 inter
2450 3790 2508 3831 se
2534 3771 2827 3829 diﬁcrunt:
2868 3772 2947 3828 sic
2979 3770 3145 3827 etiam
3187 3767 3279 3824 Dei
3339 3764 3481 3822 Ver-

1906 3876 2032 3931 bum
2067 3874 2244 3944 (qnod
2274 3880 2328 3925 et
2371 3869 2542 3923 Filius
2595 3871 2700 3936 est)
2773 3868 2987 3935 propria
3040 3862 3256 3934 quidem
3306 3862 3489 3929 hypo-

1907 3968 2038 4025 stasi
2077 3967 2144 4021 ab
2167 3980 2232 4021 eo
2262 3962 2572 4019 distinctum
2607 3971 2712 4026 est,
2750 3975 2779 4014 a
2810 3974 2919 4029 quo
2938 3967 3117 4013 ortum
3150 3955 3265 4010 sive
3316 3967 3490 4020 gene~

1908 4062 2175 4117 rationem
2206 4058 2367 4114 habet
2396 4074 2409 4110 :
2443 4055 2566 4124 quia
2596 4068 2726 4108 vero
2759 4052 2813 4106 in
2845 4065 2905 4106 se
2938 4050 3055 4117 ipso
3084 4044 3319 4103 ostendit
3361 4056 3493 4111 quae.

1907 4155 2074 4209 etiam
2127 4152 2185 4206 in
2210 4151 2319 4205 Deo
2350 4155 2650 4204 cernuntur
2678 4186 2695 4212 ,
2742 4158 2909 4199 unum
2939 4156 3067 4198 cum
3114 4142 3235 4209 ipso
3284 4144 3369 4192 est
3420 4140 3487 4188 et.

1907 4229 2127 4316 quidem
2158 4252 2373 4297 natura.
2397 4239 2519 4295 Jam
2555 4253 2684 4293 vero
2709 4237 2943 4307 Verbum
3009 4244 3071 4288 ut
3114 4240 3170 4287 et
3218 4228 3492 4299 Spiritum.

1908 4336 2257 4406 coniunctum
2292 4335 2491 4388 habeat
2510 4338 2748 4399 oportet,
2784 4328 2874 4396 qui
2906 4326 3072 4395 ipsius
3121 4325 3227 4376 vim
3272 4332 3323 4375 et
3357 4319 3481 4374 elli-

2424 4424 2672 4491 Namque
2727 4434 2794 4475 ne
2836 4426 3021 4472 nostra
3083 4412 3305 4484 quidem
3356 4425 3490 4467 ora.

1906 4523 1979 4577 tio
2008 4521 2230 4591 spiritus
2259 4532 2452 4581 expers
2473 4524 2580 4577 est,
2639 4515 2734 4583 qui
2792 4522 3033 4578 tempore
3068 4504 3485 4576 pronuntiatio-

1902 4619 1990 4670 nis
2014 4628 2119 4668 vox
2156 4613 2216 4666 lit
2242 4619 2443 4666 nostra:
2483 4606 2709 4661 rationis
2730 4644 2747 4670 ,
2786 4617 2909 4671 quae
2941 4613 3159 4655 omnem
3195 4596 3341 4650 illius
3371 4591 3490 4646 vim

1904 4706 2159 4769 ostendit,
2184 4713 2242 4759 et
2276 4705 2328 4757 in
2352 4710 2601 4772 apertum
2644 4696 2868 4768 profert.
2904 4693 3011 4748 Sed
3058 4692 3111 4745 in
3143 4688 3300 4743 nobis
3361 4685 3488 4754 spis

1908 4796 2151 4855 ritusille
2176 4795 2384 4850 alienus
2406 4802 2487 4847 est
2519 4809 2548 4845 a
2581 4799 2767 4845 nostra
2793 4786 3054 4850 essentia;
3105 4784 3303 4850 quippe
3358 4789 3491 4831 cum

1909 4888 1981 4943 sit
2011 4884 2246 4941 inﬂuxus
2272 4892 2334 4937 et
2374 4880 2611 4937 reﬁuxus
2642 4893 2787 4933 aeris
2820 4887 2845 4933 ι’
2874 4877 2927 4930 in
2960 4875 3069 4929 Deo
3121 4887 3248 4926 vero
3299 4881 3490 4937 ιιιιειιι-

1913 4979 2204 5033 admodum
2259 4978 2289 5029 6
2340 4975 2513 5041 Λόγος
2548 4968 2857 5042 (Verbum),
2909 4982 3018 5022 non
3082 4964 3161 5019 uti
3243 4971 3493 5016 nostrum

1910 5072 2172 5137 verbum;
2204 5069 2299 5125 sed
2322 5065 2682 5124 essentialiter
2697 5064 3020 5125 subsistens,
3038 5058 3279 5129 ejusdem
3304 5068 3494 5110 essenv

1920 5165 2030 5229 tiae,
2060 5162 2305 5232 ejusdem
2362 5170 2566 5214 natura:
2626 5158 2732 5228 (est
2776 5170 2899 5212 cum
2954 5154 3244 5223 genitore:
3317 5146 3398 5201 sic
3439 5151 3498 5198 et

231 5290 469 5353 Spiritus
503 5299 744 5349 sanctus,
803 5285 1163 5341 essentialiter
1216 5283 1542 5345 subsistens,
1608 5280 1847 5349 ejusdem
1895 5293 2016 5333 eum
2054 5279 2163 5333 Deo
2185 5287 2269 5333 est
2324 5274 2573 5330 essentiae
2624 5280 2679 5325 et
2727 5268 2951 5338 natura)
3001 5275 3055 5321 et
3106 5260 3494 5334 perfectionis?

233 5400 298 5440 ex
321 5381 432 5438 Deo
465 5379 785 5452 procedens,
818 5377 869 5431 in
909 5391 973 5430 eo
1000 5377 1310 5442 exsistit,et
1335 5373 1413 5443 τῷ
1479 5373 1639 5442 Λόγῳ
1674 5372 1925 5442 (Verbo),
1970 5371 2108 5426 Filio
2158 5384 2370 5438 nempe,
2402 5366 2749 5434 coniunctus,
2808 5362 2984 5431 ipsum
3020 5361 3280 5413 declarat.
3326 5356 3402 5410 Ac
3430 5356 3499 5410 de

236 5476 393 5532 Patre
415 5450 658 5545 quidem,
693 5479 748 5527 et
778 5469 935 5536 Filio,
968 5478 1019 5524 et
1048 5469 1251 5538 Spiritu
1292 5478 1504 5531 saneto,
1549 5466 1688 5535 quod
1744 5474 1797 5519 et
1836 5465 1964 5530 sint,
2018 5476 2073 5518 et
2120 5463 2360 5532 ejusdem
2402 5468 2607 5511 natura:
2648 5456 2779 5521 sint,
2805 5455 2941 5506 satis
2997 5468 3025 5505 a
3079 5452 3234 5507 nobis
3264 5450 3496 5505 demon-

238 5580 467 5623 Sll‘ultlttl
492 5578 595 5620 est.

313 5709 374 5764 ε’.
402 5709 538 5778 Περὶ
557 5706 614 5759 δὲ
644 5706 742 5773 τῆς
772 5704 976 5775 μητρὸς
995 5703 1087 5755 τοῦ
1108 5702 1264 5756 ὲνανθ
1275 5701 1627 5772 ρωπήσαντος
1648 5696 1808 5759 Θεοῦ,

1992 5696 2046 5749 5.
2072 5693 2145 5749 De
2178 5702 2350 5748 matre
2378 5706 2504 5745 vero
2526 5690 2645 5744 Filii
2675 5690 2788 5752 Dei,
2813 5690 2903 5758 qui
2937 5683 3501 5752 naturamassumpsit

241 5801 336 5855 τοῦ
364 5775 493 5854 Υίοῦ
530 5799 614 5852 τοῦ
652 5797 812 5861 Θεοῦ,
856 5797 1066 5868 βραχέα
1089 5795 1210 5848 τινὰ
1232 5794 1568 5855 διαλεκτέον,
1595 5790 1689 5843 καὶ
1711 5789 1810 5842 ὅσα

1922 5789 2237 5850 humanam,
2271 5782 2457 5854 paucis
2518 5781 2917 5846 disserendum;
2949 5790 3003 5835 et
3043 5787 3307 5846 quantum
3363 5775 3499 5828 satis

242 5894 440 5948 δύναιτ’
474 5893 535 5948 ἂν
565 5890 786 5955 ἐλέγξαι
814 5888 1283 5958 τὴνρθεόπεμπτον
1310 5885 1526 5954 ἐκείνην
1559 5882 1806 5953 γραφήν,

1921 5876 1989 5932 sit
2054 5879 2119 5933 ad
2178 5877 2569 5947 coarguendam
2636 5873 2959 5943 scripturam
3022 5869 3165 5923 illam
3229 5866 3495 5921 divinitus
