3960 6540
448 312 590 377 1339

1663 311 2043 373 EUTHYMII
2108 316 2439 379 ZIGABEN
2448 319 2474 379 Ι

3585 322 3719 386 13H)

445 432 659 489 scilicet
687 430 936 488 missam.
966 431 1139 489 Abeo
1185 432 1365 502 itaque
1420 442 1660 504 tempore
1707 450 1813 503 quo
1870 433 2032 489 Mosis

2160 439 2270 507 Ἀφ’
2303 435 2364 495 οῦ
2420 441 2591 513 γὰρὴ
2636 439 2729 494 τοῦ
2778 442 3017 507 Μωσέως
3070 443 3165 498 καὶ
3229 442 3441 515 Ἀαρὼν
3514 444 3723 515 “Em

446 534 501 579 et
530 522 763 579 Aaronis
794 537 951 581 soror
994 522 1159 577 Maria
1215 539 1338 583 cum
1364 523 1643 590 jfratrihus
1689 540 1750 578 ex
1799 522 2029 595 Egypto

446 632 666 686 egressa
692 627 795 683 est,
834 617 1086 689 periodus
1119 617 1201 672 bis
1236 618 1382 671 mille
1410 633 1674 672 annorqu
1735 633 1909 684 usque
1963 619 2029 671 ad

447 711 653 766 Christi
684 713 739 765 in
763 725 928 766 carne
962 710 1303 766 nativitatem
1336 711 1483 782 lapsa
1545 722 1649 767 est.
1719 710 1841 766 Haec
1902 726 2029 765 vero

449 804 618 857 Maria
674 818 782 858 non
817 803 1055 858 excessit
1090 817 1401 857 mensuram
1438 802 1560 857 vitae
1604 803 1887 858 mulierum
1918 802 2033 857 illa-

449 909 571 948 rum
625 908 746 963 qua
805 908 990 950 secum
1036 907 1098 949 ea
1137 902 1459 963 tempestate
1520 894 1791 963 vivebant.
1857 892 2035 949 Mani-

450 986 647 1040 festum
723 1000 856 1056 ergo
914 987 1256 1053 mendacium
1322 987 1545 1056 proprio
1606 994 1917 1047 commento
1980 996 2040 1042 et

449 1076 715 1131 historica
751 1077 854 1132 lide
912 1092 1186 1134 eversum.
1228 1077 1297 1132 Et
1359 1075 1633 1147 quomodo
1680 1075 1849 1130 David
1890 1075 2035 1131 inter

449 1165 654 1222 Chrisu
714 1166 969 1237 majores,
1008 1169 1310 1225 secundum
1353 1168 1646 1223 humanam
1700 1167 1821 1237 ejus
1876 1176 2037 1222 natu-

450 1268 569 1313 ran
611 1257 914 1326 computari
940 1268 1124 1325 queat,
1162 1258 1253 1328 qui
1310 1268 1433 1327 post
1480 1257 1684 1315 obitum
1713 1255 1918 1323 Marias,
1949 1271 2040 1313 so-

450 1346 597 1401 roris
642 1346 804 1403 Mosis
856 1358 911 1402 et
944 1348 1199 1411 Aaronis,
1235 1346 1421 1402 multis
1453 1346 1613 1415 annis
1642 1355 1827 1415 postea
1858 1354 1915 1401 et
1940 1360 2040 1405 na-

453 1448 541 1493 tus
562 1448 616 1493 et
629 1441 888 1495 educatus
905 1450 1008 1506 est,
1041 1439 1347 1509 liberosque
1366 1439 1721 1510 procreavit?-

531 1530 587 1587 6.
628 1531 784 1587 Nullo
841 1542 1001 1603 pacto
1023 1532 1191 1605 igitur
1222 1534 1483 1597 divinitus
1530 1535 1699 1597 missa
1757 1544 1842 1597 est
1900 1534 2041 1592 scri-

453 1631 638 1694 plura,
672 1639 791 1694 qua:
858 1626 984 1680 talia
1011 1635 1267 1697 nugatur,
1306 1635 1361 1682 et
1413 1635 1562 1682 tanta
1631 1627 2040 1693 mendaciorum

458 1726 724 1785 portenta.
756 1717 812 1773 Si
842 1719 986 1773 enim
1044 1717 1225 1775 Marize
1274 1719 1479 1775 sororis
1539 1718 1709 1776 Mosis
1763 1729 1820 1775 et
1870 1720 2041 1776 Aaro-

458 1809 544 1864 nis
588 1810 728 1866 ﬁlius
758 1821 903 1869 esset
932 1810 1210 1875 Christus,
1266 1812 1640 1879 conveniebat,
1696 1810 1874 1881 ipsum
1916 1827 2039 1868 cum
2070 1802 2114 1859 Β

458 1904 651 1959 Pontio
702 1904 875 1961 Pilato
906 1905 1232 1974 iudicandus
1268 1913 1497 1971 astaret,
1548 1916 1805 1969 extremae
1861 1904 2039 1962 aetatis

458 2011 596 2055 esse,
627 2004 682 2050 et
712 1996 874 2050 veluti
917 1997 1150 2055 hominis
1173 1997 1427 2066 reliquias
1465 2014 1478 2051 :
1542 2004 1726 2067 utpote
1784 1998 1873 2066 qui
1931 2006 2042 2063 tam

460 2087 645 2140 tiiultis
678 2086 858 2153 anuis,
900 2087 995 2155 qui
1023 2087 1226 2143 interea
1295 2088 1427 2156 lapsi
1458 2096 1606 2155 sunt,
1671 2087 1933 2157 paulatim
1986 2096 2044 2144 et

461 2180 664 2233 sensim
720 2191 1074 2248 consumptus
1112 2188 1279 2237 esset.
1326 2180 1595 2241 Praeterea
1638 2194 1749 2245 non,
1792 2180 2043 2235 umbram

461 2271 689 2349 Christi,
717 2273 809 2329 sed
824 2274 996 2343 ipsum
1016 2273 1294 2331 Christum
1312 2274 1633 2331 cruciﬁxum
1663 2289 1787 2333 esse
1839 2288 2044 2339 secun-

465 2366 593 2419 dum
618 2380 863 2432 carnem,
893 2364 1137 2423 declarat
1183 2366 1424 2436 sanguis,
1459 2366 1555 2437 qui
1589 2370 1658 2424 de
1700 2366 2045 2432 sanctissimo

466 2459 640 2528 ipsius
673 2475 899 2531 corpore
927 2459 1172 2527 deﬂuxit,
1202 2461 1296 2533 qui
1326 2462 1503 2518 adhuc
1528 2462 1672 2533 apud
1695 2461 2051 2521 Christianos

474 2561 831 2609 conservatur
865 2562 921 2609 ct
951 2553 1269 2613 sanatione:
1301 2552 1649 2633 scaturiginis
1689 2553 1864 2611 instar
1893 2553 2044 2622 edit,

470 2644 873 2714 multorumque
905 2644 1292 2702 miraculorum
1338 2644 1651 2707 testimonio
1694 2644 1901 2702 Christi
1927 2660 2048 2702 esse

470 2735 879 2805 comprobatur.
908 2735 1049 2802 Quin
1082 2746 1136 2792 et
1166 2735 1443 2807 propheta
1488 2737 1561 2793 de
1590 2736 1760 2809 ipsius
1783 2737 2050 2808 supplicio

468 2833 672 2893 crucis,
696 2833 875 2903 deque
897 2832 965 2887 iis
993 2847 1114 2903 (με
1134 2832 1265 2888 illud
1293 2841 1720 2901 antecesserunt,
1768 2846 2051 2904 perspicue

469 2923 749 2978 vaticinati
798 2931 928 2981 sunt
959 2942 976 2981 :
1023 2933 1080 2980 ut
1104 2926 1218 2996 jam
1248 2940 1314 2983 ex
1344 2925 1566 2995 reliquis
1595 2926 1895 2989 Scriptura:
1924 2940 2053 2995 par-

472 3016 615 3072 tibus
673 3017 1021 3087 probationes
1050 3019 1390 3085 omittamus,
1439 3033 1579 3090 quas
1607 3018 1841 3089 Agereni
1873 3032 2052 3089 neque

471 3107 674 3173 sciunt,
699 3125 874 3181 neque
911 3124 1042 3165 sane
1064 3111 1376 3166 admittunt.

544 3203 597 3253 7.
633 3202 752 3256 1am
786 3219 937 3267 vero,
973 3204 1117 3273 quod
1147 3205 1282 3258 dicit
1315 3204 1401 3259 ille
1434 3202 1602 3258 Deum
1634 3204 1885 3273 ignorare
1923 3218 2053 3259 num

473 3295 728 3350 Christus
752 3296 996 3351 homines
1020 3298 1267 3351 docuerit
1289 3297 1431 3365 quod
1454 3298 1527 3350 sit
1561 3295 1701 3349 Deus
1729 3295 1894 3350 etiam
1917 3296 2053 3363 ipse,

474 3398 528 3441 et
551 3393 835 3457 propterea
877 3388 1049 3454 ipsum
1081 3388 1419 3457 interrogare
1448 3396 1542 3441 :et
1575 3388 1691 3455 ipso
1715 3389 1817 3441 hoc
1844 3401 2052 3456 negan-

477 3488 553 3542 te,
579 3477 743 3532 Deum
780 3477 943 3532 veluti
1004 3479 1305 3549 apologiam
1363 3478 1532 3547 ipsius
1584 3486 1635 3533 et
1687 3478 2054 3535 defensionem

479 3569 734 3638 probasse
777 3584 792 3622 :
826 3569 926 3623 hoc
954 3584 1085 3624 vero
1128 3584 1306 3622 annon
1339 3569 1531 3637 quavis
1579 3568 1929 3625 damnatione
1978 3571 2058 3625 di-

477 3678 640 3731 gnum
665 3662 1088 3729 estYQuomodo
1116 3663 1262 3719 enim
1294 3660 1439 3718 Deus
1462 3669 1567 3727 est,
1626 3663 1669 3716 si
1729 3677 1848 3730 quae
1899 3663 2055 3729 ﬁunt,

482 3758 734 3825 ignorat?
760 3756 1041 3823 Quomodo
1069 3755 1341 3821 Christus,
1372 3757 1467 3826 qui
1497 3758 1778 3812 veritatem
1817 3756 2059 3824 seipsum

480 3849 533 3900 in
569 3847 857 3917 Evangelio
881 3848 1200 3913 nominavit,
1230 3847 1338 3902 Deo
1379 3847 1572 3902 falsum
1597 3848 1753 3912 dixit,
1782 3860 1907 3902 cum
1962 3860 2061 3900 ve-

484 3941 703 3993 ritatem
744 3940 997 4009 negavit?
1028 3942 1226 4008 quippe
1248 3940 1338 4009 qui
1380 3939 1643 4004 Deusest,
1703 3940 2063 4012 quemadmo-

481 4032 607 4085 dum
639 4031 790 4101 prius
826 4036 1256 4086 demonstratum
1284 4040 1385 4086 est.

555 4125 610 4175 8.
660 4122 972 4177 Traducuut
1002 4131 1162 4192 atque
1193 4123 1454 4179 infamant
1504 4138 1603 4180 nos
1638 4123 1801 4180 veluti
1842 4126 2068 4181 simula-

485 4227 706 4268 crorum
744 4211 1000 4277 cultores,
1032 4227 1098 4267 eo
1126 4213 1270 4283 quod
1319 4229 1536 4271 crucem
1561 4216 1876 4283 adoremus,
1902 4232 2063 4287 quam

486 4306 563 4360 illi
583 4307 745 4360 etiam
779 4316 1155 4362 exsecrantur.
1193 4309 1256 4363 Et
1296 4310 1732 4375 respondemus:
1782 4310 2067 4378 Quomodo

487 4412 616 4468 ergo
649 4414 742 4453 vos
764 4398 925 4469 lapidi
950 4400 1237 4456 adhzeretis
1264 4399 1595 4468 Brackman,
1624 4412 1680 4455 et
1710 4400 1886 4470 ipsum
1906 4415 2068 4457 oscu-

2078 3139 2125 3204 Ο

2138 530 2321 601 Μαρία
2366 534 2504 604 μετά
2533 535 2640 588 τῶν
2682 534 2933 604 ἀδελφῶν
2982 535 3153 600 αὐτῆς
3197 536 3426 605 ἐξῆλθεν
3462 538 3574 590 ἀπὸ
3620 542 3717 611 τῆς

2134 624 2440 692 Αἰγύπτου,
2487 626 2768 697 δισχιλίων
2822 628 2960 681 ὲτῶν
3024 630 3273 701 περίοδος
3314 632 3445 700 ἄχρι
3486 631 3586 700 τῆς
3629 632 3720 683 τοῦ

2137 721 2347 791 Κυρίου
2400 721 2544 774 κατά
2581 720 2761 791 σάρκα
2817 723 3126 792 γεννήσεως
3165 724 3545 794 παρέδραμεν.
3576 724 3723 794 Αὕτη

2135 810 2197 862 δὲ
2225 811 2256 880 ἡ
2282 810 2475 881 Μαρία
2504 812 2603 880 οὑχ
2637 811 2885 882 ύπερὲὁη
2937 814 2997 866 τὸ
3046 814 3249 884 μέτρον
3275 814 3379 883 τῆς
3410 815 3559 881 ζωῆς
3617 814 3723 866 τῶν

2137 902 2315 956 οὐσῶν
2346 904 2471 956 τότε
2492 902 2613 958 κατ’
2646 904 2819 975 αὐτὴν
2860 905 3165 973 γυναικῶν.
3218 905 3499 975 Πρόδηλον
3544 901 3640 957 οῦν
3668 908 3725 957 τὸ

2136 995 2358 1064 ψεῦδος,
2394 998 2491 1052 καὶ
2536 997 2945 1062 κακόπλαστον,
2978 1000 3074 1053 καὶ
3114 999 3247 1071 παρ’
3283 998 3553 1068 ἱστορίαν.
3606 997 3726 1059 Πῶς

2138 1089 2185 1143 δ’
2214 1088 2281 1142 ἂν
2316 1089 2413 1143 καὶ
2444 1090 2473 1142 δ
2508 1088 2698 1156 Δαδὶδ,
2734 1090 3004 1161 πρόγονος
3048 1089 3143 1143 τοῦ
3172 1088 3443 1160 Χριστοῦ,
3492 1088 3636 1141 κατά
3666 1086 3728 1139 τὸ

2138 1181 2500 1253 ἀνθρώπινον,
2536 1182 2706 1238 αὑτοῦ
2756 1181 3061 1253 λογισθείη,
3092 1182 3232 1251 μετά
3260 1180 3354 1235 τὸν
3378 1180 3479 1251 τῆς
3506 1179 3727 1247 Μαρίας

2142 1277 2395 1344 θάνατον,
2424 1276 2523 1346 τῆς
2550 1277 2788 1347 ἀδελφῆς
2821 1277 3066 1339 Μωσέως
3090 1276 3187 1330 καὶ
3241 1275 3478 1344 Ἀαρὼν,
3509 1272 3727 1333 πολλοῖς

2143 1373 2371 1444 ὕστερον
2405 1373 2551 1429 ἔτεσι
2574 1372 2863 1447 γεννηθεὶς
2890 1372 2986 1427 καὶ¹
3011 1369 3357 1443 ἀνατραφεὶς
3390 1371 3489 1423 καὶ
3542 1367 3728 1421 παιδο-

2143 1469 2380 1540 ποιήσας
2407 1483 2425 1533 ;

2217 1559 2292 1628 ς’.
2320 1561 2446 1624 Πῶς
2460 1558 2553 1615 οὖν
2578 1559 2926 1623 θεόπεμπτος
2944 1559 2977 1631 ἡ
2998 1556 3228 1612 τοιαῦτα
3254 1554 3575 1627 φλυαροῦσα
3596 1569 3733 1623 γρα-

2146 1655 2244 1725 φὴ,
2290 1656 2385 1709 xui.
2438 1644 2744 1724 τηλικαῦτα
2773 1651 3084 1722 ψευδομένη
3113 1666 3128 1717 ;
3178 1651 3240 1704 Ei
3264 1650 3375 1721 γὰρ
3394 1649 3616 1719 Μαρίας
3634 1645 3732 1715 τῆς

2144 1748 2387 1821 ἀδελφῆς
2418 1747 2661 1813 Μωσέως
2692 1751 2790 1802 καὶ
2823 1748 3037 1817 ’Δαρὼν
3060 1745 3174 1807 υίὸς
3196 1739 3265 1816 ἦν
3286 1741 3591 1812 δΧριστὸς.
3626 1740 3734 1792 ἔδει

2141 1844 2356 1906 τοῦτον,
2377 1844 2468 1897 ὅτε
2499 1843 2811 1912 παρίστατο
2852 1838 3066 1908 Ποντίῳ
3102 1839 3333 1907 Πιλάτῳ
3378 1836 3732 1906 κρινόμενος,

2142 1936 2536 2007 ὲσχατόγηρων
2557 1929 2718 1993 εῖναι.
2753 1936 2852 1987 καὶ
2877 1926 2992 1986 οἷον
3025 1930 3320 2000 ἀνθρώπου
3348 1927 3630 1997 λείψανον,
3658 1925 3736 1994 τῷ

2144 2028 2327 2101 πολλῷ
2356 2030 2524 2099 μήκει
2559 2027 2666 2080 τῶν
2701 2027 2757 2079 ὲν
2790 2027 2941 2096 μέσῳ
2971 2024 3185 2095 χρόνων
3212 2022 3359 2075 κατά
3402 2020 3606 2097 μικρὸν
3636 2019 3735 2071 διο

2145 2121 2492 2195 πανιῖψενον.
2531 2120 2655 2175 Ὀτι
2680 2120 2736 2173 δὲ
2764 2120 2864 2190 οὐχ
2894 2122 2926 2190 ἡ
2957 2119 3087 2171 σκιὰ
3119 2116 3220 2170 τοῦ
3257 2112 3531 2186 Χριστοῦ,
3565 2110 3683 2164 ἀλλ’
3710 2111 3739 2163 δ
3776 2152 3782 2156 .

2144 2217 2384 2289 Χριστὸς
2441 2216 2604 2279 αὐτὸς
2647 2214 2975 2285 ἐσταυρώθη
3021 2210 3171 2266 κατά
3206 2210 3441 2279 σάρκα,
3477 2206 3636 2277 δηλοῖ
3678 2204 3739 2256 τὸ

2146 2309 2535 2383 καταρρεῦσαν
2582 2307 2721 2379 αἷμα
2768 2308 2863 2362 τοῦ
2906 2306 3182 2375 παναγίου
3238 2303 3503 2373 σώματος
3539 2296 3735 2361 αὑτοῦ,

2145 2402 2304 2473 παρὰ
2331 2402 2684 2472 Χριστιανοῖς
2710 2397 3148 2470 φυλαττόμενον,
3170 2394 3269 2449 καὶ
3302 2391 3475 2464 βρύον
3529 2392 3736 2451 ίάσεσι,

2147 2496 2246 2551 καὶ
2272 2495 2491 2559 πολλοῖς
2523 2492 2773 2563 θαύμασι
2829 2486 3311 2563 μαρτυρούμενον,
3346 2485 3431 2539 ὅτι
3465 2482 3567 2537 τοῦ
3597 2484 3739 2552 Χρι-

2151 2587 2282 2643 στοῦ
2304 2588 2445 2641 ἑστι.
2472 2586 2584 2639 Καὶ
2612 2585 2663 2639 οἱ
2689 2584 2967 2656 προφῆται
2996 2582 3054 2635 δὲ
3075 2578 3206 2649 περὶ
3233 2575 3335 2647 τῆς
3364 2592 3504 2629 σταυ
3516 2575 3741 2645 ρὼσεως

2148 2683 2315 2738 αὐτοῦ
2349 2680 2445 2736 καὶ
2474 2680 2584 2735 τῶν
2611 2679 2719 2749 πρὸ
2747 2676 2957 2745 ταύτης
2996 2675 3350 2746 παθημάτων
3380 2670 3576 2739 σαφῶς
3605 2684 3744 2737 προσ

2150 2774 2524 2847 κατήγγειλαν
2547 2791 2562 2807 ο
2596 2771 2683 2826 ῖνα
2710 2771 2807 2835 τὰς
2838 2772 2902 2825 ἑκ
2927 2770 3035 2824 τῶν
3065 2768 3242 2824 ἄλλων
3274 2767 3521 2839 Γραφῶν
3565 2764 3744 2817 ἐάσω-
3792 2828 3797 2832 ὁ

2154 2846 2255 2942 μεν
2294 2866 2628 2943 ἀποδείξεις,
2668 2864 2737 2928 ἀς
2763 2863 2885 2918 οὐδὲ
2912 2862 3237 2943 ἐπίστανται
3285 2863 3335 2915 oi
3386 2857 3738 2931 Σαρακηνοὶ,

2151 2957 2244 3012 ναὶ
2276 2955 2386 3028 μὴν
2418 2954 2543 3009 οὐδὲ
2579 2942 3007 3026 παραδέχονται.

2228 3224 2293 3293 ζτ.
2318 3225 2392 3280 Τὸ
2405 3224 2465 3279 δὲ
2484 3225 2579 3281 καὶ
2603 3222 2699 3277 τδν
2720 3222 2856 3275 Θεὸν
2880 3219 3119 3289 ἀγνοεῖν,
3142 3219 3190 3273 εί
3212 3221 3241 3273 δ
3266 3218 3513 3289 Χριστὸς
3531 3218 3744 3282 ἐδίδαξε

2156 3320 2285 3383 τοὺς
2323 3318 2647 3390 ἀνθρώπους
2689 3316 2771 3368 ὅτι
2805 3313 2939 3378 Θεὸς
2990 3314 3108 3365 ἔστι
3141 3312 3240 3365 καὶ
3293 3310 3482 3376 αὐτὸς,
3525 3313 3624 3363 καὶ
3657 3310 3745 3363 διὰ

2156 3413 2316 3466 τοῦτο
2349 3412 2635 3481 ἐπερωτᾷν
2666 3408 2850 3470 αὑτὸν,
2907 3406 3001 3459 καὶ
3047 3403 3441 3475 ἀρνησαμένου
3485 3402 3745 3467 δέξασθαι

2158 3503 2295 3567 τέως
2350 3503 2450 3575 τὴν
2484 3502 2786 3570 ἀπολογίαν
2818 3498 3013 3563 αὐτοῦ,
3050 3498 3213 3561 ποίας
3251 3499 3351 3550 οὐκ
3387 3497 3455 3551 ἂν
3493 3500 3578 3565 εῖη
3644 3515 3745 3548 κα-

2158 3597 2485 3665 ταγνώσεως
2520 3592 2708 3660 ἅξιον;
2746 3593 2868 3656 Πῶς
2909 3592 3018 3663 γὰρ
3052 3591 3209 3654 Θεὸς,
3250 3590 3299 3642 εί
3333 3592 3523 3658 ἀγνοεῖ
3561 3588 3625 3641 τὸ
3652 3605 3744 3656 γε·

2160 3691 2389 3759 νόμενον
2420 3706 2434 3754 ;
2469 3687 2592 3751 Πῶς
2622 3688 2679 3741 δὲ
2714 3687 2808 3740 καὶ
2834 3686 2863 3738 δ
2912 3685 3177 3753 Χριστὸς,
3219 3682 3489 3746 ἀλήθειαν
3549 3682 3746 3734 ἑαυτὸν

2161 3783 2304 3838 κατά
2329 3782 2390 3836 τὸ
2417 3780 2755 3850 Εὐαγγέλιον
2801 3778 3102 3848 ὀνομάσας,
3135 3776 3408 3846 ἐψεύσατο
3477 3776 3636 3844 παρὰ
3670 3773 3745 3842 τῷ

2161 3876 2282 3949 Θεῷ
2304 3876 2401 3948 τὴν
2444 3876 2704 3946 ἀλήθειαν
2736 3875 3140 3948 ἀρνησάμενος,
3176 3874 3359 3931 καίτοι
3388 3871 3524 3935 Θεὸς
3550 3871 3648 3936 ῶν,
3672 3870 3745 3935 ὡς

2163 3969 2661 4040 προαποδέδεικται
2688 3984 2704 4036 ς

2233 4128 2305 4202 η’.
2343 4126 2739 4185 Διαόἀλλουσιν
2807 4127 2958 4198 ἡμᾶς
3000 4125 3077 4192 ὡς
3119 4121 3663 4194 είδωλολάτρας,διά
3687 4121 3747 4173 τὸ

2164 4222 2498 4292 προσκυνεῖν
2544 4221 2638 4275 τὸν
2694 4220 2951 4289 σταυρὸν,
2981 4218 3040 4285 ὃν
3070 4205 3168 4271 καὶ
3203 4216 3608 4289 βδελύττονται.
3642 4216 3747 4269 Καὶ

2164 4311 2401 4381 λέγομεν
2426 4310 2559 4381 πρὸς
2599 4310 2828 4374 αὐτούς’
2869 4310 2990 4371 Πῶς
3016 4308 3111 4361 οῦν
3154 4308 3248 4360 καὶ
3291 4307 3450 4374 ὑμεῖς
3481 4304 3745 4375 προστρί-

2174 4402 2339 4467 ϐεσθε
2378 4402 2458 4474 τῷ
2488 4401 2622 4475 λίθῳ
2645 4401 2742 4454 τοῦ
2780 4398 3087 4471 Βραχθὰν,
3136 4399 3228 4453 καὶ
3272 4396 3484 4475 φιλεῖτε
3516 4393 3748 4457 τοῦτονς

484 4490 712 4545 lamini?
741 4491 806 4546 Et
830 4492 1430 4563 respondentmounulll
1453 4508 1519 4549 ex
1554 4494 1722 4564 ipsis:
1747 4495 1896 4563 Ideo,
1936 4495 2054 4565 quia

2172 4494 2283 4557 Καί
2312 4509 2459 4559 τινες
2494 4494 2595 4564 μὲν
2620 4493 2798 4547 αὐτῶν
2829 4508 2963 4561 φασι
2989 4507 3003 4523 ο
3028 4489 3175 4545 Διότι
3205 4488 3394 4543 ἐπάνω
3426 4485 3598 4541 αὐτοῦ
3626 4502 3748 4538 συν⁹

488 4599 651 4655 super
677 4584 854 4654 ipsum
897 4585 1168 4640 Abraham
1192 4600 1316 4640 cum
1365 4588 1509 4655 Agar
1560 4600 1884 4657 congressus
1934 4595 2066 4644 est:

486 4677 577 4731 alii
604 4693 756 4743 vero,
785 4678 909 4747 quia
937 4680 1003 4732 ad
1061 4678 1239 4748 ipsum
1289 4678 1533 4748 alligavit
1586 4679 1883 4744 camelum,
1941 4694 2067 4735 cum

488 4768 1125 4825 lsaacumimmolaturus
1152 4777 1320 4828 esset.
1355 4770 1435 4825 Ad
1458 4786 1596 4841 quos
1650 4786 1750 4827 nos
1822 4773 2015 4827 iterum
2048 4789 2065 4827 :

486 4858 640 4915 Itane
666 4875 762 4914 vos
790 4874 895 4914 non
926 4861 1088 4930 pudet
1115 4863 1346 4918 adorare
1381 4870 1435 4917 et
1459 4864 1725 4917 honorare
1756 4863 1988 4933 lapidem
2016 4866 2069 4920 in

487 4967 595 5021 quo
612 4966 734 5005 cum
762 4952 986 5006 muliere
1005 4952 1279 5008 Abraham
1296 4955 1483 5021 coivit,
1513 4964 1604 5011 aut
1625 4957 1692 5010 ad
1712 4972 1871 5026 quem
1892 4972 2073 5013 came-

489 5044 603 5099 Ium
631 5044 872 5115 alligavit
904 5060 919 5098 :
968 5045 1125 5102 nobis
1157 5060 1285 5103 vero
1306 5049 1649 5118 exprobratis
1673 5050 1817 5120 quod
1855 5065 2072 5105 crucem

486 5140 797 5202 adoremus,
822 5153 1098 5209 perquam
1172 5142 1318 5197 vires
1379 5141 1712 5205 daemonum.
1759 5152 1818 5199 et
1868 5142 2073 5198 diaboli

488 5232 667 5288 omnis
688 5234 940 5303 deceptio
972 5243 1306 5289 enervantur
1341 5242 1397 5290 et
1447 5233 1859 5304 infringuntur?
1910 5234 2077 5306 Atqui

493 5325 782 5392 praedictus
809 5324 941 5393 lapis
971 5325 1073 5380 iste
1106 5337 1267 5396 caput
1303 5335 1389 5381 est
1413 5324 1659 5392 Veneris,
1687 5343 1848 5396 quam
1873 5325 2077 5382 lsmae-

494 5414 604 5471 lita
628 5413 904 5491 janfolim
922 5416 1238 5472 adorahant.
1274 5416 1436 5487 Lapis
1465 5417 1556 5473 ille
1604 5417 1899 5472 etiamnum
1938 5433 2077 5488 pra:-

497 5496 858 5576 h2rt,'(quis
888 5519 1143 5562 accurate
1192 5519 1418 5578 spectet,
1441 5509 1634 5578 capitis
1668 5508 1927 5576 sculpello
1968 5508 2081 5562 for-

504 5600 633 5651 mati
664 5597 916 5670 elligicm.
944 5598 1034 5652 Est
1057 5598 1405 5653 simulacrum
1435 5598 1644 5654 Baccha
1678 5597 1949 5652 Ismakeclt
1973 5598 2079 5651 illis

506 5691 730 5755 dictum,
766 5692 906 5757 quod
941 5691 1052 5760 ipse
1100 5690 1396 5745 Adoramen
1436 5692 1803 5747 observationis
1824 5691 2077 5760 appellat,

508 5792 565 5836 et
585 5791 639 5835 ut
676 5785 855 5837 miseri
886 5780 1101 5835 barbari
1136 5783 1427 5841 adorarent
1451 5784 1725 5856 praecepit.
1762 5782 1866 5839 Sed
1888 5793 1938 5838 et
1973 5783 2079 5837 duo

2171 4589 2398 4644 ουσίασε
2433 4590 2501 4659 τῇ
2554 4586 2728 4657 ’Λγὰρ
2780 4588 2809 4639 δ
2854 4583 3147 4659 Ἀϐραάμ·
3172 4581 3423 4659 exieras,
3466 4581 3551 4657 ὅτι
3584 4593 3752 4649 προσ-

2171 4682 2360 4749 έδησεν
2381 4680 2532 4751 αύτῷ
2561 4680 2660 4749 τὴν
2683 4679 2953 4751 κάμηλον,
2986 4676 3199 4750 μέλλων
3216 4672 3383 4729 θῦσαι
3412 4672 3506 4726 τδν
3543 4673 3749 4726 Ἰσαάκ.

2172 4774 2318 4845 Πρὸς
2344 4773 2439 4838 οὓς
2471 4771 2637 4826 πάλιν
2663 4772 2855 4842 ἡμεῖς*
2891 4765 3026 4839 Εἶτα
3063 4769 3222 4837 ὑμεῖς
3250 4767 3349 4836 μὲν
3388 4766 3490 4818 οὑκ
3513 4762 3751 4815 αἰδεῖσθε

2173 4864 2613 4937 προσκυνοῦντες
2645 4862 2743 4918 καὶ
2779 4862 3054 4931 τιμῶντες
3082 4858 3256 4933 λίθον,
3286 4856 3371 4926 ἐφ’
3422 4849 3485 4908 οῦ
3524 4854 3752 4924 γυναικὶ

2178 4956 2533 5025 συνουσίασεν
2567 4957 2595 5009 ὁ
2637 4954 2915 5031 Ἀϐραὰμ,
2950 4952 2983 5023 ἢ
3011 4950 3317 5023 προσέδησε
3345 4948 3446 5019 τὴν
3478 4945 3751 5031 κᾴμηλονζ

2176 5054 2310 5123 ημῖν
2348 5049 2407 5104 δὲ
2434 5047 2772 5114 ὀνειδίζεσθε
2805 5028 3174 5117 προσκυνοῦσι
3211 5042 3306 5101 τὸν
3335 5028 3575 5106 σταυρὸν
3592 5028 3670 5088 δι’
3693 5028 3752 5089 οὗ

2174 5143 2449 5214 δαιμόνων
2486 5141 2666 5212 ίσχὺς,
2714 5139 2810 5194 καὶ
2844 5137 3104 5193 διαϐόλου
3160 5132 3500 5213 καταλύεται
3532 5130 3752 5199 πλάνης

2186 5236 2249 5289 '0
2270 5235 2328 5289 δὲ
2360 5234 2554 5307 ῥηθεὶς
2613 5232 2762 5297 λίθος
2806 5230 3021 5301 κεφαλὴ
3058 5230 3160 5298 τῆς
3209 5225 3537 5297 ’Δφροδίτης
3578 5224 3751 5287 ἐστὶν,

2177 5328 2246 5398 ἢν
2283 5328 2453 5382 παλαι
2480 5325 2858 5399 προσεκύνουν
2879 5325 2931 5378 oi.
2970 5321 3351 5394 ’1σμσηλῖται·
3394 5318 3555 5388 φέρει
3596 5318 3703 5388 γὰρ
3726 5317 3753 5367 δ

2178 5421 2326 5483 λίθος
2359 5421 2524 5491 μέχρι
2556 5420 2651 5472 καὶ
2678 5416 2774 5475 νῦν
2791 5420 2905 5480 τοῖς
2939 5414 3185 5485 ἀκριϐῶς
3214 5409 3664 5467 κατασκοποῦσιν
3691 5410 3755 5460 ὲκ

2179 5515 2437 5585 γλυφίδος
2467 5511 2823 5569 ἀποτύπωσιν
2846 5510 3111 5579 κεφαλῆς·
3139 5507 3198 5559 τὸ
3222 5505 3429 5572 Βακχὰ
3466 5501 3753 5571 Ἰσμακὲχ

2181 5608 2517 5675 καλούμενον
2548 5605 2788 5666 εἴδωλον,
2814 5604 2951 5671 ὅπερ
2979 5600 3143 5661 αὐτὸς
3193 5598 3603 5667 προσκύνημα
3644 5612 3755 5647 :xa—

2176 5701 2599 5769 ρατηρήματος
2632 5696 2913 5768 ὀνομάζει,
2976 5693 3105 5757 τοὺς
3155 5694 3381 5756 ἀθλίους
3442 5692 3755 5762 βαρϐάρους

2184 5796 2515 5855 προσκυνεῖν
2551 5791 2828 5847 ἐκέλευσε.
2864 5790 2974 5844 Καὶ
3003 5786 3098 5843 δύο
3122 5787 3180 5842 δὲ
3211 5790 3455 5859 ὀνόματα
3480 5789 3755 5859 βάρϐαρα,
