3930 6550
190 382 320 449 lli!

1101 389 1484 452 PANOPLIA
1542 388 2007 455 DOGMATICA.
2040 417 2108 430 -
2141 393 2295 457 ΤΙΤ.
2313 394 2588 458 XXVIII.

3336 397 3470 459 132

182 500 250 553 τὸ
312 498 588 570 Τζὶτζαφίι
628 498 724 555 καὶ
787 502 1058 571 Μαρουὰ,
1126 506 1191 557 ἐκ
1253 502 1364 557 τῶν
1412 504 1777 574 σεϐασμάτων

1890 508 2149 563 vocabula
2185 510 2444 577 barbara,
2475 494 2668 581 nempe
2699 506 2988 581 Tzilzaphd
3010 515 3063 566 et
3119 509 3342 578 Μαι-αα,
3398 529 3468 567 ex

184 587 329 647 εἶναι
355 592 505 660 λέγει
534 593 628 647 τοῦ
660 593 798 648 Θεοῦ
826 610 839 625 ·
873 593 1011 648 Θεοῦ
1044 594 1104 649 δὲ
1146 595 1363 659 πάντως
1391 595 1487 649 τοῦ
1539 597 1769 650 οἰκείου.

185 686 299 739 Καὶ
326 688 441 749 τοῖς
466 687 651 756 ἡπατη
662 687 848 759 μένοις
874 687 931 741 δὲ
968 688 1060 741 ὐπ’
1081 688 1270 754 αὐτοῦ,
1308 693 1773 763 παραγινομένοις

184 776 333 834 κατὰ
363 778 425 831 τὺ
457 780 637 832 ἐκεῖσε
682 780 881 851 μιαρὸν
910 779 1118 850 οἴκημα
1154 779 1250 833 τοῦ
1302 782 1770 854 προσευκτηρίου,

182 873 498 942 περιελθεῖν
525 872 659 925 αὐτὸ
700 873 980 934 κυκλικῶς
1014 872 1371 942 προστάσσει.
1413 873 1501 938 Ὠς
1525 874 1581 927 δὲ
1618 874 1771 945 παρά

181 980 331 1024 τινος
381 965 438 1030 ἐξ
478 964 659 1018 αὐτῶν
699 965 835 1033 πρὸς
879 964 1244 1035 Χριστιανοὺς
1290 965 1768 1037 αὐτομολήσαντος

184 1057 416 1128 ἔμαθον,
450 1056 671 1111 εἴδωλόν
701 1074 753 1108 τι
779 1056 982 1110 λίθινον
1014 1056 1250 1129 κάθηται
1276 1058 1443 1128 μέσον
1477 1056 1571 1111 τοῦ
1593 1058 1769 1112 οἴκουο

182 1154 280 1201 καὶ
310 1151 359 1201 οἱ
394 1150 492 1219 τὴν
531 1148 732 1220 πρᾶξιν
782 1148 879 1202 τοῦ
937 1149 1329 1219 δαιμονιώδους
1387 1152 1769 1223 ἐπιτάγματος

182 1244 393 1298 τούτου
427 1245 785 1314 πληροῦντες,
828 1243 1150 1308 κεκλικότες
1178 1245 1302 1308 τοὺς
1333 1245 1553 1309 ἀθλίους
1585 1245 1768 1300 αὐτῶν

182 1338 441 1407 αὐχένας,
469 1338 565 1392 καὶ
594 1337 694 1408 τὴν
727 1340 882 1410 χεῖρα
912 1338 1098 1404 ὄρθιον
1136 1340 1273 1401 πρὸς
1306 1338 1441 1392 αὐτὸ
1471 1339 1768 1393 ἐκτετακό-

181 1449 299 1497 τες,
340 1437 406 1504 τῇ
443 1449 502 1485 τε
536 1434 701 1504 ἑτέρᾳ
726 1432 785 1485 τὸ
813 1432 917 1494 οῦς,
944 1432 1154 1486 ἑαυτῶν
1186 1432 1535 1503 κατέχοντες,
1572 1431 1768 1485 κυκλο-

183 1525 366 1597 τερῶς
404 1526 832 1599 περιέρχονται,
866 1525 1066 1598 μὲχρις
1093 1526 1157 1581 ἂν
1186 1526 1493 1597 σκοτοδινίᾳ
1532 1523 1769 1597 ληφθέν-

180 1636 276 1683 τες
327 1621 741 1676 καταπέσωσιν.
815 1618 950 1673 Ἰδοὺ
1011 1620 1296 1692 προδήλως
1354 1619 1767 1690 εἰδωλολατρεῖν

180 1710 603 1782 ἐνομοθέτησεν.

256 1802 323 1858 θ’.
376 1803 455 1871 (ι)
523 1795 695 1866 Οὗτος
746 1804 773 1856 ὁ
827 1801 1120 1874 Μωάμεθ,
1180 1802 1362 1857 καίτοι
1429 1803 1647 1875 ἀμαθὴς
1691 1804 1768 1858 ὣν

181 1895 279 1946 καὶ
321 1896 604 1964 ἄγροικος,
625 1895 756 1966 τρία
797 1896 890 1948 καὶ
908 1895 1042 1948 δέκα
1062 1894 1155 1949 καὶ
1173 1895 1369 1947 ἑκατὸν
1389 1894 1771 1965 συνεγράψατο

184 1986 468 2057 μυθάρια,
509 1988 725 2057 ἑκάστῳ
763 1986 969 2040 τούτων
1020 1987 1193 2056 ὄνομα
1226 1986 1434 2049 ἐπιθεὶς
1475 1984 1625 2050 ἄξιον
1672 1985 1772 2056 τῆς

182 2079 545 2143 ἀπαιδευσίας
582 2079 673 2133 καὶ
695 2079 1042 2151 μωρολογίας
1070 2072 1366 2133 αὐτοῦ.Ὦν
1394 2080 1652 2134 ἁπάντων
1672 2077 1772 2150 τὴν

181 2174 532 2245 ἀκαθαρσίαν
585 2176 681 2228 καὶ
730 2176 830 2244 τὴν
885 2175 1156 2245 πρόδηλον
1211 2174 1488 2246 φλυαρίαν
1552 2172 1614 2226 τὸ
1676 2172 1773 2226 καὶ

180 2266 551 2337 διηγήσασθαι
568 2268 664 2321 καὶ
689 2268 994 2339 ἀνατρέψαι
1019 2269 1135 2321 ἴσον
1167 2267 1288 2320 ἐστὶ
1313 2266 1391 2337 τῷ
1409 2267 1508 2337 τὴν
1535 2265 1771 2335 Αὐγείου

183 2359 396 2431 κόπρον
430 2361 750 2430 ἐκκομίσαι,
783 2359 926 2414 κατὰ
961 2362 1052 2413 τὸν
1095 2360 1398 2430 Ἡρακλέα.
1423 2357 1630 2413 Λοιπὸν
1650 2353 1770 2426 οὖν,

181 2452 358 2507 τᾶλλα
399 2451 883 2523 παραδραμόντες,
912 2451 1111 2520 ὀλίγων
1145 2449 1494 2522 ποιησόμεθα
1522 2451 1769 2522 μνήμην,

181 2548 283 2599 καὶ
332 2546 431 2599 ὅσα
462 2544 683 2608 πάντως
713 2542 1143 2613 ἀναγκαιότερα,
1175 2540 1313 2615 πρὸς
1348 2540 1407 2595 τὸ
1434 2539 1777 2612 διαγνωσθῆ-

181 2641 277 2696 ναί
300 2659 357 2694 τε
390 2641 479 2693 καὶ
511 2638 994 2709 καταγνωσθῆναι.

268 2734 602 2806 Ὀλόσφυρον
627 2733 779 2801 λέγει
808 2733 900 2786 τὸν
923 2732 1081 2797 Θεὸν,
1108 2732 1227 2803 ἦτοι
1258 2728 1575 2803 σφαιρικόν.
1600 2726 1774 2783 Τοῦτο

180 2829 243 2883 δδ
271 2828 333 2882 τὸ
370 2829 555 2899 σχῆμα
585 2826 840 2898 σώματός
878 2827 1020 2890 ἐστι,
1044 2824 1139 2879 καὶ
1167 2823 1330 2893 σῶμα
1354 2822 1639 2893 ἔμφαίνευ
1670 2820 1768 2875 ὦσ-

184 2943 296 2999 πιρ
320 2926 386 2996 δὴ
418 2924 516 2979 καὶ
546 2925 638 2978 τὸν
666 2922 874 2978 πυκνὸν
900 2922 997 2976 καὶ
1025 2920 1431 2989 πεπιλημένον.
1473 2920 1693 2990 Σφαῖρα
1716 2916 1775 2970 δὲ

183 3019 355 3091 ὐλικὴ
396 3017 520 3073 κατ’
553 3016 718 3071 αὐτὸν
754 3018 784 3070 ὀ
811 3015 949 3079 Θεὸς
987 3012 1087 3080 ὢν,
1117 3009 1247 3068 οὔτε
1286 3010 1606 3077 ἀκούσεται,
1642 3008 1769 3064 οὐτε

186 3111 383 3181 Were;
405 3124 423 3139 °
455 3109 553 3164 καὶ
586 3107 982 3179 καταπρανῶς,
1013 3106 1090 3171 ὡς
1136 3105 1365 3178 ἔτυχεν,
1386 3103 1771 3177 ἑνιχθήσεται,

198 3202 287 3262 (αὶ
324 3206 543 3260 ἄτακτα
576 3200 1136 3272 κατακυλισθήσεται.

273 3384 643 3455 Δογματίζων
673 3382 846 3439 αἴτιον
884 3377 1028 3436 εἶναι
1058 3379 1261 3444 παντὸς
1292 3376 1466 3433 κακοῦ
1499 3378 1592 3431 τὸν
1618 3377 1777 3436 Θεὸν.

185 3477 381 3549 ὥσπερ
428 3478 493 3546 δὴ
523 3477 617 3531 καὶ
650 3474 853 3539 παντὸς
880 3474 1110 3543 ἀγαθοῦ,
1161 3470 1328 3542 φησίν
1352 3488 1364 3502 ·
1405 3488 1425 3523 ι
1464 3470 1563 3523 ’ον
1589 3469 1781 3540 ὁδηγιῖ

191 3573 218 3627 5
244 3567 641 3635 Θεὸς,’ὲκεῖνό;
678 3569 827 3620 ἐστιν
868 3563 1258 3637 ὼδηγημένοςο
1304 3561 1403 3615 καὶ
1434 3561 1529 3625 οὓς
1574 3560 1778 3631 πλανᾷ,

200 3663 391 3721 ἰκεῖνοί
421 3663 558 3714 εἰσιν
582 3662 633 3714 οἱ
661 3659 1002 3729 λειπόμενοι.
1034 3675 1053 3709 ι
1085 3656 1196 3712 Καὶ
1233 3655 1353 3727 μετ’
1375 3653 1535 3722 ὀλίγα
1567 3653 1627 3707 τὸ
1651 3652 1783 3707 αὐτὸ

202 3752 429 3809 δεδαιῶν
458 3754 766 3824 ἐπήγαγεν,
790 3751 873 3806 ὅτι
914 3768 932 3801 ι
968 3750 1041 3805 Οὐ
1066 3747 1310 3821 κυριεύω
1338 3746 1440 3819 τῆς
1467 3747 1649 3818 ψυχῆς
1675 3762 1779 3819 μου

198 3847 274 3908 είς
320 3844 615 3915 ὠφέλειαν,
674 3843 787 3896 εἴτε
824 3840 1070 3912 βλάϐην,
1121 3841 1172 3894 εἰ
1236 3838 1312 3912 μὴ
1362 3840 1500 3907 ὅπερ
1547 3838 1724 3892 ιθέλει
1754 3837 1785 3893 ὁ

189 3937 347 4001 Θεός.
383 3955 401 3989 ι
438 3936 550 3989 Καὶ
574 3932 973 4002 ἐπιλαθόμενος
997 3933 1081 3986 ὅτι
1106 3932 1398 4003 προφήτην
1430 3929 1540 4003 πρὸ
1581 3930 1783 4001 μικροῦ

189 4031 506 4102 ὲκήρυσσεν
565 4028 781 4091 ἑαυτὸν,
817 4025 1008 4094 λέγει’
1064 4043 1084 4078 ι
1116 4026 1227 4079 Καὶ
1264 4024 1313 4076 si
1357 4024 1665 4092 ιγίνωσκον
1715 4022 1786 4076 τὰ

194 4125 429 4188 ἀπόντα,
456 4118 602 4193 εἶχον
646 4121 713 4175 ἂν
741 4118 1039 4174 πλεονάσαι
1070 4120 1133 4172 ὶκ
1159 4116 1256 4171 τοῦ
1292 4116 1527 4185 ἀγαθοῦ,
1558 4117 1655 4169 καὶ
1685 4117 1788 4169 οὐκ

197 4218 260 4272 ἂν
298 4211 412 4285 εἶχέ
449 4231 551 4286 μου
581 4211 821 4283 ἅψασθαι
851 4211 1053 4266 δεινόν.
1088 4227 1107 4261 ι
1148 4209 1259 4263 Καὶ
1290 4207 1407 4271 πῶς
1436 4206 1504 4263 ἃν
1522 4206 1787 4276 tatem;

201 4310 265 4363 τὰ
290 4308 461 4374 δεινὰ,
503 4305 685 4377 φύσει,
748 4303 936 4367 καθὼς
989 4300 1149 4365 αὐτὸς
1193 4300 1399 4369 λέγεις,
1436 4300 1606 4367 ὄντας
1643 4298 1705 4354 Et
1730 4298 1790 4353 δὲ

192 4400 438 4471 ἡδύνασο
490 4397 775 4467 διαφυγεῖν
817 4393 984 4461 αὐτὰ,
1038 4393 1099 4447 οὐ
1148 4392 1310 4462 φύσει
1357 4392 1575 4457 πάντως
1614 4390 1781 4446 εἰσίν.

195 4498 327 4550 ὀτι
376 4495 434 4549 δὲ
465 4494 566 4547 οὐκ
594 4492 743 4546 ἔστιν
792 4491 964 4556 αίτιος
996 4489 1106 4543 τῶν
1141 4488 1327 4544 κακῶν
1362 4489 1390 4541 ὁ
1415 4487 1545 4551 Θεδς
1573 4486 1794 4541 ἀπεδεί-

195 4589 377 4659 ξαμεν
402 4588 461 4642 ἐν
492 4583 570 4655 τῷ
593 4581 747 4638 κατὰ
809 4580 931 4635 τῶν
985 4576 1446 4637 Μασσαλιωνῶν
1471 4578 1660 4649 τίτλῳ,
1697 4580 1795 4633 καὶ

194 4682 441 4750 ζήτησον
465 4677 527 4731 τὸ
558 4674 624 4741 ιζ’
656 4674 986 4744 κεφάλαιον.

273 4772 447 4844 Φησὶν
476 4771 536 4824 ἐν
565 4769 646 4839 τῷ
670 4767 841 4837 ὀγδόῳ
866 4766 975 4820 τῶν
998 4764 1281 4837 μυθαρίων
1317 4764 1484 4820 αὐτοῦ
1506 4781 1520 4796 ο
1559 4765 1796 4834 «Δέγουο

197 4884 290 4921 σιν
310 4867 360 4921 οι
393 4864 641 4919 Ἰουδαῖοι
671 4877 689 4895 ο
734 4861 794 4917 '0
826 4859 1048 4931 Ἰσραήλ
1094 4861 1244 4914 ἔστιν
1279 4860 1307 4913 6
1342 4858 1458 4922 υίὸς
1488 4858 1585 4916 τοῦ
1624 4856 1787 4915 Θεοῦ⁶

199 4958 304 5013 καὶ
340 4955 596 5027 λέγουσιν
622 4952 675 5006 οί
724 4950 1071 5022 Χριστιανοὶ,
1111 4950 1194 5002 ὅτι
1235 4950 1264 5001 ὁ
1290 4947 1532 5018 Χριστός
1584 4949 1734 5003 ἐστιν
1763 4946 1791 4999 ὀ

201 5052 337 5116 Υἱὸς
366 5048 460 5102 τοῦ
499 5045 639 5101 Θεοῦ
664 5061 680 5077 ο
729 5043 872 5097 τοῦτ’
903 5042 1053 5096 ἐστιν
1081 5043 1109 5095 ὀ
1141 5040 1302 5110 λόγος
1352 5040 1536 5096 αὐτῶν
1572 5038 1662 5094 διὰ
1683 5037 1794 5091 τῶν

205 5140 504 5211 στομάτων
529 5137 711 5193 αὐτῶν
738 5150 750 5165 ·
776 5155 796 5189 ι
839 5136 936 5190 καὶ
962 5136 1034 5189 τὰ
1061 5136 1211 5206 ἑξῆς.
1258 5133 1399 5189 Ἀλλ’
1425 5133 1684 5199 ἄκουσον,
1708 5131 1797 5186 υἱὲ

204 5234 305 5289 τοῦ
342 5233 553 5304 πατρὸς
581 5230 676 5286 τοῦ
729 5228 979 5300 ψεύδους.
1022 5228 1268 5284 Ἰουδαῖοι
1328 5226 1428 5298 μὲν
1464 5228 1526 5280 οὐ
1571 5227 1798 5297 γνήσιον

208 5329 331 5382 υἱὸν
358 5324 451 5379 τοῦ
484 5322 620 5378 Θεοῦ
652 5322 871 5394 Ἰσραὴλ
907 5321 1294 5391 ὀνομάζουσιν,
1332 5318 1452 5372 ἀλλ’
1482 5317 1514 5389 ἢ
1543 5317 1668 5371 ὅσον
1689 5316 1798 5370 δεῖ·

211 5422 304 5489 ξαι
352 5420 453 5491 τὴν
498 5417 638 5488 πρὸς
686 5415 887 5478 αὐτοὺς
930 5413 1025 5466 τοῦ
1054 5409 1193 5466 Θεοῦ
1254 5408 1495 5481 στοργὴν
1549 5407 1640 5462 διὰ
1695 5405 1796 5479 τὴν

218 5511 526 5584 προσοῦσαν
579 5509 763 5572 αὐτοῖς
803 5505 1123 5561 εὐσέὗειαν·
1180 5504 1229 5557 οί
1277 5502 1334 5556 δέ
1386 5519 1449 5571 γε
1477 5499 1797 5570 Χριστιανοὶ

215 5605 379 5673 φύσει
408 5601 536 5655 Υίὸν
553 5598 711 5665 Θεοῦ,
745 5599 836 5652 καὶ
865 5593 1153 5666 ὁμοούσιον
1178 5591 1259 5660 τῷ
1284 5590 1463 5662 Ila-cpi.
1482 5630 1498 5656 ,
1527 5588 1669 5643 κατὰ
1698 5590 1798 5657 τὴν

214 5696 470 5765 Θεὸτητα,
500 5692 593 5746 τὸν
630 5689 868 5764 Χριστὸν
896 5686 1271 5759 ὁμολογοῦσιν.
1320 5686 1381 5738 Εί
1413 5682 1544 5754 γὰρ,
1594 5682 1669 5744 ὼς
1700 5682 1798 5733 αὐ-

288 5833 358 5891 (1)
398 5831 651 5879 Palatinus
681 5843 774 5881 ms.
798 5828 889 5879 Ἐκ
912 5828 1007 5875 τῶν
1039 5822 1124 5872 τοῦ
1153 5823 1289 5891 ἁγίου
1314 5821 1644 5891 Εὐοδίουηυιὶ
1668 5824 1727 5891 (δὲ
1748 5818 1795 5866 li

1890 5829 1900 5883 ι
1926 5813 2273 5891 ἰιιωα-ΓΞἹΕΕ

220 5880 559 5945 ωὸιὶυιιιεηιίε
590 5880 852 5955 sequentia
888 5891 1147 5950 desumpta
1183 5880 1299 5946 Sint,
1331 5889 1385 5933 ut
1412 5891 1513 5933 luta
1541 5881 1647 5931 fere
1692 5880 1929 5943 Pnnoplta
1968 5890 1999 5927 e
2031 5884 2260 5928 veterum

1883 603 2140 671 singulari
2179 602 2270 658 Dei
2306 603 2520 660 colendi
2549 604 2810 674 religione
2850 618 2973 660 esse
2998 605 3183 670 docet;
3219 603 3313 659 Dei
3374 620 3470 658 au-

1878 706 1980 749 tem
2014 697 2236 751 omnino
2287 698 2370 753 sui
2404 706 2457 753 et
2487 699 2714 768 proprii.
2740 697 2882 765 Quin
2909 698 3077 754 etiam
3114 697 3201 753 illc
3253 697 3468 753 miseris

1875 787 1981 843 illis
2020 796 2116 843 eta
2150 803 2209 842 se
2246 790 2506 860 deceptis,
2542 792 2593 845 in
2629 790 2949 847 exsecrabili
3010 790 3103 845 illo
3162 790 3462 854 domicilio,

1875 881 2018 951 quod
2042 880 2447 950 precationibus
2472 882 2828 946 destinatum,
2867 883 3081 943 adesse.
3115 891 3170 936 et
3199 882 3251 936 in
3276 882 3467 936 orbem

1874 973 2003 1028 illud
2036 975 2271 1030 circuire
2294 974 2485 1043 jubet;
2524 985 2577 1031 et
2606 977 3081 1045 (quemadmodum
3113 990 3213 1045 ego
3236 990 3300 1029 ex
3326 991 3463 1043 quo-

1872 1064 1995 1119 dam
2023 1066 2190 1135 ipsius
2205 1064 2610 1133 discipulorum,
2630 1068 2719 1135 qui
2748 1069 2811 1120 ad
2830 1066 3258 1122 Christianorum
3289 1078 3468 1133 partes

1875 1157 2111 1222 transiit,
2147 1156 2406 1225 intellexi)
2441 1164 2618 1213 statua
2655 1158 2900 1225 quaedam
2930 1159 3140 1228 lapidea
3168 1168 3350 1212 erecta
3380 1148 3467 1211 est

1873 1251 1928 1305 in
1966 1248 2141 1303 medio
2165 1249 2455 1314 domicilii,
2480 1258 2535 1304 et
2584 1249 2674 1319 qui
2733 1249 3060 1306 daamoniaca
3089 1251 3193 1305 illa.
3221 1250 3465 1304 mandati

1878 1343 2043 1399 istius
2072 1341 2288 1397 actione
2317 1340 2705 1412 defunguntur,
2759 1342 2976 1397 miseris
3026 1344 3137 1397 suis
3163 1343 3465 1397 cervicibus

1873 1433 2168 1499 inclinatis,
2220 1433 2394 1488 altera
2453 1448 2619 1489 manu
2647 1449 2862 1490 sursum
2919 1435 2987 1488 ad
3034 1433 3211 1505 ipsam
3258 1445 3462 1497 erecta,

1872 1527 2042 1580 altera
2102 1533 2280 1581 autem
2341 1536 2608 1589 tenentes,
2668 1526 3055 1589 circumeunt,
3119 1528 3291 1580 donec
3342 1540 3464 1581 ver-

1872 1619 2039 1690 tigine
2072 1619 2306 1689 correpti
2334 1618 2644 1674 concidant.
2705 1618 3001 1677 Enimvero.
3034 1618 3167 1686 quid
3190 1617 3282 1675 hic
3321 1616 3469 1672 aliud

1872 1726 2033 1781 quam
2058 1719 2294 1768 statuam
2316 1711 2495 1767 colere
2537 1712 2691 1784 quasi
2720 1711 2836 1780 lege
2858 1711 3085 1769 sanxit?

1946 1805 2003 1861 9.
2039 1803 2137 1860 llic
2166 1803 2389 1874 quidem
2412 1805 2680 1860 Moameth
2716 1803 2843 1859 licet
2867 1813 3006 1861 esset
3059 1803 3211 1859 rudis
3239 1812 3291 1862 et
3313 1818 3474 1874 agre-

1881 1899 1981 1955 stis
2006 1900 2190 1965 homo,
2222 1908 2403 1954 tamen
2426 1906 2641 1953 centum
2663 1910 2718 1952 et
2747 1898 3004 1953 tredecim
3035 1897 3360 1964 conscripsit
3392 1894 3474 1949 fa-

1875 1992 2064 2057 bellas,
2080 2000 2127 2045 et
2157 1990 2453 2059 unicuique
2479 1991 2669 2043 harum
2698 1988 2921 2056 dignum
2971 1991 3243 2058 quoddam
3276 2003 3471 2043 nomen

1876 2085 1981 2141 hac
2018 2099 2119 2139 sua
2169 2082 2391 2138 inscitia
2421 2082 2637 2137 indidit.
2674 2080 2916 2147 Quarum
2952 2082 3166 2151 quidem
3226 2084 3468 2135 omnium

1877 2176 2245 2246 impuritatem
2276 2185 2331 2231 et
2362 2190 2535 2243 nugas
2562 2173 2879 2230 manifestas
2903 2184 2957 2228 et
2985 2188 3269 2229 recensere
3297 2186 3352 2228 et
3385 2190 3469 2229 re-

1875 2267 2065 2325 fellere
2089 2267 2224 2338 quid
2251 2266 2400 2323 aliud
2432 2265 2633 2334 fuerit,
2671 2281 2834 2339 quam
2866 2282 2988 2323 cum
3026 2266 3257 2322 Hercule
3286 2267 3472 2338 Angia:

1875 2350 2147 2421 stabulum
2176 2376 2361 2435 egesto
2386 2372 2630 2420 stercore
2665 2362 2929 2433 purgare?
2965 2361 3257 2431 Reliquum
3305 2362 3471 2432 igitur

1875 2457 2066 2526 fuerit,
2091 2457 2212 2513 aliis
2232 2458 2545 2528 praeteritis,
2574 2458 2760 2526 paucis
2787 2470 2975 2511 eorum
2994 2453 3261 2509 duntaxat
3284 2454 3477 2509 memi-

1876 2552 2184 2621 nisse,quae
2218 2552 2447 2623 majoris
2470 2549 2731 2605 momenti
2755 2557 2903 2615 sunt,
2924 2557 2979 2603 et
3004 2549 3070 2603 ad
3103 2556 3251 2603 recte
3277 2559 3480 2615 cogno-

1877 2641 2157 2707 scendam,
2185 2650 2239 2696 et
2286 2640 2354 2695 ad
2395 2640 2758 2696 damnandam
2798 2648 3009 2695 sectam
3057 2636 3473 2703 exsecrabilem,

1951 2733 2122 2791 Deum
2151 2732 2455 2805 ὀλόσφυρον
2534 2732 2686 2797 dicit,
2744 2731 3066 2800 spbaaricum
3113 2729 3369 2784 videlicet
3408 2741 3477 2783 ac

1878 2826 2199 2883 rotundum.
2231 2823 2395 2893 Atqui
2426 2825 2543 2878 hinc
2573 2822 2744 2892 figura
2769 2820 3016 2891 corporis
3073 2828 3181 2887 est,
3248 2828 3303 2872 et
3343 2832 3470 2872 cor-

1878 2932 1980 2988 pus
2010 2915 2283 2981 declarat;
2338 2912 2793 2983 quemadmodum
2856 2909 2998 2980 quod
3035 2910 3259 2964 densum
3313 2917 3476 2976 atque

1878 3010 2243 3078 constipatum
2270 3015 2375 3061 est.
2402 3005 2538 3062 Cum
2571 3005 2758 3075 igitur,
2813 3010 2871 3058 ut
2906 3001 3006 3071 ipsi
3083 3001 3282 3070 placet,
3334 2999 3483 3054 Deus

1878 3097 2165 3154 materiata
2197 3095 2442 3166 quadam
2463 3094 2535 3149 sit
2573 3094 2813 3163 sphicra,
2869 3104 3045 3160 neque
3090 3087 3301 3153 audiet,
3362 3102 3471 3142 ne-

1799 3197 1846 3262 ο
1879 3204 1984 3261 que
2006 3186 2208 3243 videbit
2232 3201 2247 3240 :
2271 3194 2327 3241 et
2345 3186 2399 3239 in
2423 3198 2663 3255 praceps
2686 3191 2889 3239 temere
2912 3179 3137 3243 feretur,
3164 3177 3475 3233 incondito-

1880 3293 1986 3349 que
2018 3285 2169 3332 motu
2196 3275 2557 3332 volutabitur.

1950 3372 2089 3427 Cum
2126 3379 2306 3425 autem
2341 3369 2530 3425 statuit
2563 3366 2733 3422 Deum
2764 3371 3043 3422 auctorem
3107 3361 3293 3418 omnis
3350 3358 3486 3415 mali

1882 3462 2341 3533 quemadmodum
2377 3469 2429 3516 et
2464 3461 2643 3515 omnis
2672 3457 2822 3522 boni,
2872 3458 2950 3531 ait
2990 3472 3006 3511 :
3049 3473 3068 3508 ι
3107 3456 3279 3522 Quem
3334 3451 3481 3508 Deus

1889 3554 2062 3618 ducit,
2101 3551 2191 3607 ille
2237 3563 2385 3607 recte
2415 3551 2631 3605 ducitur
2678 3558 2777 3604 :et
2826 3561 2964 3618 quos
2998 3547 3085 3601 ille
3118 3547 3170 3600 in
3229 3559 3475 3599 errorem

1888 3645 2143 3717 impellit,
2182 3644 2259 3698 illi
2290 3641 2539 3713 suntqui
2583 3640 2929 3697 deseruntur.
2968 3658 2986 3690 ι
3024 3639 3089 3692 Et
3129 3638 3290 3717 paulo
3337 3647 3481 3705 post,

1890 3716 2003 3795 haec
2071 3737 2431 3802 confirmans;
2487 3734 2702 3802 subjicit
2766 3750 2840 3786 ιι
2880 3731 2995 3785 Non
3053 3716 3170 3785 sum
3230 3729 3482 3783 dominus

1887 3830 2102 3897 animae,
2145 3841 2321 3899 neque
2354 3829 2420 3879 ad
2441 3826 2670 3880 salutem
2722 3839 2901 3893 neque
2934 3822 2999 3877 ad
3037 3819 3351 3889 perniciem,
3379 3820 3483 3873 nisi

1889 3930 2161 3994 quatenus
2195 3921 2297 3974 hoc
2367 3918 2544 3988 ipsum
2580 3915 2719 3970 Deus
2772 3916 2907 3975 vult.
2958 3933 2977 3969 ι
3034 3912 3243 3968 Oblitus
3285 3910 3482 3964 deinde

1891 4014 2033 4085 quod
2056 4012 2370 4083 prophetam
2392 4011 2551 4080 paulo
2572 4016 2695 4063 ante
2710 4008 2785 4063 sei
2795 4022 2946 4076 psum
2968 4004 3339 4075 pandicusset,
3366 4003 3443 4056 ait
3464 4021 3491 4057 ::

1897 4126 1916 4160 ‹
1943 4105 2079 4161 Etsi
2110 4119 2327 4160 nossem
2380 4117 2445 4156 ea
2469 4117 2587 4172 qua:
2623 4101 2841 4166 absunt,
2873 4113 3084 4169 possem
3141 4111 3275 4152 sane
3322 4095 3491 4149 bonis

1892 4199 2136 4260 allluere,
2168 4210 2345 4267 neque
2368 4210 2454 4250 me
2484 4203 2666 4263 posset
2700 4193 2900 4252 malum
2937 4191 3224 4258 attingere.
3281 4207 3301 4242 ι
3337 4187 3487 4254 Quo-

1893 4291 2055 4347 modo
2104 4304 2237 4343 vero
2268 4299 2323 4342 tu
2360 4286 2497 4347 mala
2529 4284 2816 4355 ellugeres,
2866 4299 3005 4352 qua,
3051 4284 3128 4345 uti
3190 4292 3245 4337 tu
3294 4282 3487 4349 doces,

1893 4394 2018 4440 sunt
2048 4381 2286 4439 natura?
2334 4379 2393 4437 Si
2438 4391 2565 4435 vero
2614 4385 2671 4430 tu
2732 4374 2824 4430 illa
2852 4375 3028 4431 vitare
3075 4372 3326 4443 potuisti,
3376 4386 3497 4428 non.

1900 4478 2067 4548 igitur
2100 4473 2191 4530 illa
2226 4481 2419 4528 natura
2443 4464 2594 4525 sunt.
2633 4467 2799 4523 Deum
2842 4480 2974 4522 vero
3011 4482 3117 4525 non
3146 4479 3270 4523 esse
3298 4474 3507 4520 auctos

1817 4543 1872 4605 D
1900 4543 2016 4624 rem
2061 4567 2327 4623 malorum
2369 4564 2426 4620 in
2455 4562 2611 4623 titulo
2653 4571 2839 4615 contra
2886 4557 3233 4615 Massaliota:
3272 4572 3301 4612 a
3331 4554 3506 4617 nobis.

1901 4665 2332 4719 demonstratum
2384 4665 2470 4713 est
2502 4673 2517 4711 :
2548 4655 2772 4715 consule
2796 4667 2917 4723 cap.
2971 4651 3058 4711 17.

1974 4754 2030 4809 ln
2058 4764 2246 4809 octava
2273 4750 2596 4808 fabellarum
2625 4763 2847 4805 suarum
2879 4747 2957 4801 ait
2999 4761 3016 4800 :
3043 4761 3063 4797 ι
3098 4742 3269 4800 Judmi
3302 4743 3503 4799 dicunt

1901 4843 2160 4901 Israelem
2198 4857 2322 4899 esse
2348 4842 2514 4896 tilium
2540 4841 2633 4894 Dei
2660 4856 2675 4894 :
2698 4850 2753 4895 et
2786 4837 3084 4894 Christiani
3121 4837 3308 4903 dicunt
3329 4832 3493 4888 Chri-

1901 4946 2044 4995 stum
2078 4947 2201 4996 esse
2228 4932 2428 4991 Filium
2491 4932 2583 4988 Dei
2612 4946 2631 4988 :
2666 4930 2756 4986 hic
2787 4940 2871 4993 est
2922 4942 3107 4989 sermo
3140 4941 3210 4983 ex
3276 4924 3496 4995 proprio

1900 5030 2140 5100 ipsorum
2177 5040 2272 5083 ore
2302 5026 2603 5097 protectus,
2634 5040 2653 5077 ι
2683 5033 2736 5081 et
2760 5037 2883 5093 quae
2942 5028 3264 5091 sequuntur.
3295 5015 3495 5071 Verum

1900 5122 2150 5188 attende,
2209 5134 2243 5173 ο
2306 5118 2379 5174 lili
2439 5117 2611 5185 patris
2683 5113 2993 5171 mendacii!
3056 5110 3227 5166 Judaei
3279 5109 3501 5180 quidem

1898 5227 2010 5273 non
2053 5225 2373 5285 germanum
2432 5208 2529 5264 Dei
2570 5206 2739 5263 tilium
2770 5204 3029 5260 lsraelem
3064 5201 3370 5266 nominant,
3393 5198 3496 5256 sed

1899 5314 2134 5372 tantum,
2154 5310 2216 5359 ut
2250 5301 2539 5359 ostendant
2568 5298 2660 5354 Dei
2683 5311 2810 5368 erga
2832 5310 2895 5351 se
2921 5309 3164 5355 amorem
3184 5301 3238 5348 et
3260 5305 3500 5361 propen-

1898 5398 2128 5465 sionem,
2174 5395 2244 5451 ob
2278 5409 2398 5451 eam
2454 5406 2561 5462 qua
2592 5399 2774 5461 patres
2805 5386 3145 5444 excellebant
3170 5386 3433 5455 pietatem
3474 5397 3497 5469 ί

1894 5487 2196 5547 Christiani
2286 5500 2416 5541 vero
2499 5493 2695 5539 natura
2761 5480 2958 5536 Filium
3026 5476 3123 5533 Det
3208 5473 3290 5550 sit;
3347 5471 3500 5529 Patr'

1899 5580 2427 5639 consubstantialem
2497 5576 2797 5635 secundum
2838 5573 3182 5629 divinitatem
3213 5570 3501 5625 Christum

1890 5676 2236 5733 conﬁtentur.
2274 5671 2406 5726 Nam
2429 5672 2496 5737 si,
2516 5680 2574 5725 ut
2603 5668 2815 5734 fateris,
2848 5667 3065 5722 Christo
3095 5680 3124 5720 a
3162 5664 3269 5719 Deo
3328 5661 3507 5714 Evan-

2357 5805 2488 5858 vodii
2509 5803 2734 5857 monachi
2763 5801 2977 5866 scriptis,
3011 5798 3148 5863 quasi
3186 5810 3249 5848 ex

2357 5878 2516 5922 atrum
2549 5868 2749 5932 scriptis
2774 5860 3067 5918 concinnata
3103 5868 3201 5914 est.
3242 5860 3499 5911 .Srutuae.

3324 5796 3503 5847 Evodil
3564 5817 3577 5823 δ
