3960 6544
438 344 577 409 1353

1671 341 2053 406 EUTIlYMlI
2096 342 2464 425 ZJGABENI

3557 344 3695 405 ΓΗ

435 462 632 533 gelium
664 460 846 515 datum
878 469 978 527 est,
1008 460 1459 531 quemadmodmn
1500 471 1596 511 nos
1650 457 1751 527 ipsi
1784 457 1839 511 in
1873 457 2001 509 sub-

2132 458 2201 520 τὸς
2231 458 2539 527 ὁμολογεῖς,
2582 460 2642 511 ὲκ
2662 458 2796 513 Θεοῦ
2826 459 3038 513 δέδοται
3072 457 3150 527 τῷ
3174 458 3399 529 Χριστῴ
3429 459 3489 510 τὸ
3516 459 3697 522 Euar-

435 550 785 621 sequentibus
821 537 1311 608 demonstrabimus
1340 569 1352 604 :
1382 557 1435 604 et
1470 549 1525 603 in
1555 548 1842 619 Evangelio
1872 547 2006 602 scri—

433 658 581 714 p'um
604 654 687 699 est
716 645 853 714 quod
875 656 955 700 ter
983 646 1120 700 Deus
1142 643 1352 700 ccelitus
1367 644 1430 697 de
1446 644 1661 698 Christo
1691 643 2007 697 testiﬁcatus

434 737 505 789 sit
533 754 547 801 ;
583 736 778 789 alicubi
846 737 1060 805 quidem
1091 736 1277 793 dicens
1308 755 1321 793 :
1355 736 1456 789 llic
1523 746 1594 790 est
1628 731 1800 787 Filius
1862 748 2006 786 meus

438 828 470 879 ιι
495 827 657 880 lectus
692 829 707 858 ¹
746 844 758 879 :
818 827 1012 882 alicubi
1053 843 1201 894 vero,
1236 826 1303 881 Et
1339 826 1633 899 gloriﬁcavi
1667 836 1715 881 et
1752 823 2008 898 (rursum)

434 918 742 987 glori/irabo
767 920 785 949 ¹
831 936 846 985 ;
877 928 927 973 ει
955 921 1006 972 in
1035 928 1214 975 monte
1238 919 1487 975 Tbabore
1519 936 1533 973 :
1568 918 1748 988 Ipsum
1788 918 2009 982 audite;

438 1009 694 1075 quidnam
760 1011 979 1064 absurdi
1046 1020 1100 1066 ct
1153 1012 1315 1066 alieni
1370 1013 1655 1065 admittunt
1690 1008 2007 1072 Christiani,

439 1100 528 1169 qui
556 1109 609 1154 et
644 1101 832 1165 Deum,
876 1111 930 1156 et
960 1101 1050 1158 Dei
1097 1103 1289 1158 Filium
1332 1104 1605 1157 Christum
1642 1102 1965 1157 conﬁtentur
1994 1118 2008 1156 :

438 1205 563 1243 cum
591 1198 641 1244 et
677 1190 813 1246 Deus
836 1192 1052 1247 Christo
1082 1208 1144 1247 ea
1180 1194 1378 1248 tribuat
1412 1208 1477 1247 ex
1507 1192 1814 1247 testimonio
1834 1192 2012 1245 Evan-

441 1279 587 1345 gelii.
622 1282 764 1350 quod
805 1284 971 1339 etiam
1007 1292 1059 1338 tu
1089 1282 1348 1339 divinitus
1387 1284 1570 1339 datum
1636 1283 1806 1339 fuisse
1867 1281 2013 1336 aﬂir-

444 1370 610 1424 mas?

511 1461 647 1516 Cum
686 1476 816 1517 vero
836 1461 1038 1517 Christi
1071 1473 1125 1518 et
1161 1463 1437 1534 Evangelii
1468 1467 1795 1521 mentionem
1833 1467 2011 1537 {facit,

440 1566 506 1605 ex
538 1566 772 1620 persona
814 1551 906 1607 Dei
951 1553 1076 1607 ait:
1143 1570 1161 1605 ι
1224 1553 1466 1610 Misimus
1518 1567 1639 1625 post
1698 1559 1796 1613 bos
1825 1573 2014 1613 omnes

442 1638 599 1708 (alios
651 1639 858 1723 scilicet
942 1642 1275 1714 prophetas)
1341 1643 1523 1700 Jesum
1562 1646 1730 1700 ﬁlium
1792 1647 2013 1714 Mariae;

442 1742 586 1784 utea
619 1747 739 1802 qua:
798 1733 853 1788 in
886 1733 1005 1805 lege
1038 1747 1164 1792 ante
1218 1738 1417 1806 scripta
1468 1750 1650 1807 erant,
1707 1755 1830 1796 vera
1893 1757 2015 1797 cer-

441 1835 605 1893 tique
680 1839 1137 1896 reprmsentaret,
1195 1829 1489 1900 Evangelia
1552 1834 1619 1887 ad
1686 1837 1861 1902 ipsum
1924 1838 2013 1890 de-

443 1916 613 1970 misso
653 1934 665 1970 :
731 1919 781 1971 in
836 1934 942 1987 quo
969 1929 1048 1975 est
1080 1922 1184 1988 via,
1222 1922 1310 1977 lux
1359 1925 1685 1993 etjustitia:
1724 1928 2023 1983 secundum

444 2009 735 2076 potentiam
757 2009 911 2076 legis,
941 2027 1062 2081 qua}
1098 2013 1270 2082 ipsum
1296 2018 1608 2082 antecessit,
1638 2019 1702 2072 ad
1728 2019 2025 2075 institutio-

444 2111 562 2150 nem
594 2108 647 2151 et
678 2099 1088 2165 promissionem
1121 2118 1305 2158 eorum
1328 2106 1419 2176 qui
1452 2106 1626 2176 ipsum
1656 2108 1868 2172 timent,
1890 2110 2027 2165 etad

438 2188 783 2252 judicandum
803 2192 1129 2248 domesticos
1146 2196 1445 2265 Evangelii.
1459 2215 1477 2250 ι
1497 2196 1552 2251 Si
1579 2198 1741 2265 igitur
1760 2197 2026 2267 Christus,

442 2291 500 2333 ut
517 2297 576 2334 ea
605 2297 721 2350 qua:
749 2284 942 2353 deipso
966 2287 1216 2355 praedicta
1241 2299 1416 2358 erant,
1445 2305 1569 2343 vera
1593 2302 2027 2361 reprzesentaret,

444 2375 493 2425 id
534 2387 619 2429 est
650 2386 705 2429 ut
728 2375 900 2445 legem
936 2392 1173 2436 veterem
1211 2387 1472 2452 expleret,
1509 2384 1749 2449 advenit,
1783 2384 2029 2455 Evange-

443 2466 680 2536 li-tmque
732 2469 894 2537 viam,
948 2473 1365 2542 institutionem,
1424 2478 1599 2531 lucem
1658 2486 1715 2531 et
1760 2480 2026 2549 justitiam

442 2558 753 2615 boninibus
822 2562 1066 2627 tradidit,
1115 2566 1567 2634 quemadmodum
1611 2578 1666 2622 tu
1719 2572 1834 2640 ipse
1896 2586 2031 2626 con-

442 2648 633 2714 ﬁteris,
667 2659 720 2705 et
774 2652 889 2721 ipse
938 2654 1202 2724 judicium
1234 2656 1475 2714 facturus
1505 2668 1607 2723 est,
1655 2661 1920 2732 reliquum
1948 2673 2030 2717 est

442 2738 586 2794 aliud
622 2750 673 2797 te
709 2744 841 2799 nihil
868 2748 1177 2805 hominibus
1238 2750 1529 2808 obtrudere
1574 2768 1731 2822 quam
1791 2769 2024 2821 errores,

442 2840 499 2885 et
547 2848 666 2901 quae
724 2852 788 2891 ex
857 2839 1126 2896 diametro
1173 2857 1293 2899 cum
1332 2843 1580 2901 doctrina
1631 2847 1876 2905 veritatis
1932 2865 2030 2919 pu-

444 2932 635 2989 gnent.

516 3012 714 3071 lterum
743 3029 995 3091 tanquam
1027 3039 1090 3079 ex
1120 3041 1346 3095 persona
1398 3028 1489 3085 Dei
1523 3033 1773 3103 proponit
1805 3050 1817 3086 :
1844 3052 1863 3088 ι
1890 3032 2025 3089 Cum

2110 548 2312 615 γέλιον,
2346 548 2527 613 καθὼς
2560 550 2949 614 ὑποκιτιόντες
3010 550 3402 618 ἀποδείξομενο
3438 551 3498 603 ὲν
3542 550 3696 618 αὐτῷ

2108 640 2166 693 δὲ
2194 640 2271 710 τῷ
2302 641 2616 712 Εὑαγγελίῳ
2652 642 2967 712 γέγραπται
2990 686 3004 708 ,
3050 643 3132 695 ὅτι
3162 643 3347 713 τρίτον
3403 641 3618 695 ἄνωθεν
3668 645 3697 694 ό

2110 734 2242 797 Θεὸς
2295 733 2435 804 ὑπὲρ
2471 733 2712 805 Χριστοῦ
2767 736 3160 805 ἐμαρτύρησε,
3218 736 3295 805 πῆ
3356 734 3459 804 μὲν
3494 736 3695 803 λέγων,

2112 825 2192 877 ὄτι
2221 818 2412 889 Οὗτός
2444 826 2614 880 ἐστιν
2643 829 2675 880 ὀ
2712 826 2845 892 Υίός
2902 844 3024 896 μου
3066 830 3098 880 ὁ
3125 826 3436 895 ἀγαπητός
3458 843 3473 855 ο
3507 827 3584 895 πῆ
3618 828 3696 889 δὲ,

2112 915 2222 972 Καὶ
2243 917 2528 983 ἐδόξασα,
2565 919 2665 972 καὶ
2718 918 2907 974 πάλιν
2948 918 3190 984 δοξάσω
3212 936 3224 949 ·
3257 921 3351 973 καὶ
3386 922 3442 973 ὲν
3476 920 3553 989 τῷ
3580 921 3700 990 δρει

2113 1007 2167 1060 δὲ
2196 1007 2272 1075 τῷ
2302 1008 2521 1079 Θαῦὼρ,
2547 1010 2748 1064 Αὐτοῦ
2776 1011 3029 1065 ἀκούετε
3048 1027 3061 1042 ⁸
3102 1011 3156 1063 τί
3197 1010 3403 1065 ἄτοπον
3422 1015 3511 1063 καὶ
3547 1011 3699 1074 ξένον

2116 1100 2363 1153 ποιοῦσιν
2415 1101 2465 1153 oi
2506 1101 2848 1173 Χριστιανοὶ,
2886 1103 3017 1158 Θεὸν
3056 1104 3151 1156 καὶ
3182 1102 3317 1156 Θεοῦ
3352 1103 3477 1155 Υίὺν
3504 1104 3700 1171 ὁμολο-

2114 1188 2333 1258 γοῦντες
2360 1190 2453 1243 τὸν
2481 1191 2737 1261 Χριστὸν,
2767 1191 2862 1246 τοῦ
2889 1190 3024 1245 Θεοῦ
3080 1190 3175 1245 καὶ
3218 1192 3298 1263 τῷ
3322 1192 3545 1262 Χριστῷ
3567 1191 3704 1243 ταῦο

2113 1299 2181 1336 τα
2214 1283 2790 1356 προσμαρτυροῦντος,
2843 1284 2920 1349 ὡς
2967 1284 3218 1339 διδάσκει
3248 1286 3311 1338 τὸ
3339 1284 3700 1353 Εὐαγγέλιον,

2114 1376 2142 1429 ὃ
2173 1379 2235 1429 ὲκ
2261 1376 2395 1430 Θεοῦ
2422 1378 2674 1432 δεδόσθαι
2706 1379 3027 1448 όμολογείςς

2199 1468 2586 1541 Ἐπιμνησθεὶς
2610 1470 2668 1525 δὲ
2692 1471 2787 1524 τοῦ
2814 1470 3054 1542 Χριστοῦ
3084 1474 3181 1526 καὶ
3212 1470 3307 1525 τοῦ
3332 1469 3699 1540 Εὑαγγελίου.

2120 1562 2285 1629 φησιν
2314 1562 2375 1614 ὲκ
2404 1561 2701 1629 προσώπου
2726 1562 2821 1616 τοῦ
2855 1564 2994 1617 Θεοῦ
3018 1580 3033 1595 ο
3067 1582 3086 1616 ι
3110 1563 3541 1633 ’Δπεστείλαμεν
3570 1562 3707 1617 ἀκόο

2117 1653 2308 1707 λουθον
2325 1653 2532 1707 τούτων
2552 1656 2775 1710 πάντων
2792 1655 3013 1727 (δηλαδὴ
3032 1656 3143 1709 τῶν
3166 1656 3706 1727 προφητῶνγιησοῦν

2118 1746 2210 1799 τὸν
2254 1746 2371 1800 υἱὸν
2390 1748 2630 1818 Μαρίας,
2668 1750 2750 1812 είς
2770 1749 2832 1801 τὸ
2860 1748 3265 1820 ἁληθοποιῆσαι
3284 1750 3353 1803 τὰ
3383 1750 3489 1819 πρὸ
3513 1750 3705 1814 αὑτοῦ,

2127 1838 2197 1891 τὰ
2241 1838 2331 1892 τοῦ
2372 1840 2563 1912 νόμου,
2606 1845 3019 1911 καταγαγόντες
3070 1845 3208 1915 πρὸς
3250 1844 3413 1899 αὐτὸν
3433 1844 3497 1898 τὸ
3522 1843 3709 1911 Εὐαγ-

2129 1931 2309 1998 γέλιον
2330 1948 2344 1963 ·
2383 1935 2441 1986 εν
2466 1926 2511 2002 ᾦ
2540 1934 2690 1988 ἐστιν
2718 1935 3001 2007 δδὴγησις,
3043 1938 3184 2007 φῶς,
3214 1940 3306 1991 καὶ
3356 1937 3707 2007 δικαιοσύνη,

2131 2025 2270 2078 κατά
2294 2023 2390 2095 τὴν
2416 2025 2649 2094 δύναμιν
2677 2026 2772 2081 τοῦ
2823 2029 2928 2099 πρὸ
2960 2029 3126 2083 αὐτοῦ
3162 2031 3357 2101 νόμου,
3392 2032 3472 2095 εἰς
3502 2030 3711 2102 651371;-

2131 2132 2219 2169 σιν
2264 2116 2357 2170 καὶ
2385 2118 2720 2187 ἐπαγγελίαν
2758 2123 2871 2184 τοῖς
2898 2122 3260 2190 φοϐουμένοις
3286 2123 3471 2187 αὐτὸν,
3509 2125 3606 2177 καὶ
3635 2125 3713 2186 εἰς

2130 2207 2190 2263 τὸ
2227 2212 2411 2278 κρῖναι
2439 2210 2566 2274 τοὺς
2591 2212 2826 2276 οἰκείους
2852 2212 2948 2266 τοῦ
2982 2214 3337 2283 Εὐαγγελίου.
3370 2235 3389 2267 ›
3420 2214 3559 2269 Εἰδὲ
3577 2215 3712 2285 ἀλη-

2132 2302 2423 2373 θοποιῆσαι
2456 2302 2523 2356 τὰ
2554 2304 2662 2373 πρὸ
2708 2304 2899 2369 αὑτοῦ,
2952 2306 3198 2361 τουτέστι
3229 2308 3299 2361 τά
3328 2306 3424 2360 τοῦ
3478 2306 3712 2360 παλαιοῦ

2132 2396 2324 2465 νόμου,
2360 2398 2812 2468 παραγενόμενος
2860 2398 2888 2451 ὀ
2916 2399 3174 2469 Χριστὸς,
3213 2403 3306 2455 καὶ
3350 2400 3412 2454 τὸ
3465 2400 3717 2470 Εὐαγγέ-

2130 2493 2265 2558 λιον,
2293 2493 2575 2564 ὁδήγησιν,
2608 2493 2704 2549 καὶ
2754 2495 2893 2563 φῶς,
2926 2496 3021 2547 καὶ
3074 2494 3426 2567 δικαιοσύνην
3473 2499 3591 2561 τοῖς
3624 2500 3716 2551 ἀν-

2133 2583 2374 2653 θρώποις
2392 2583 2732 2654 παρέδωκεν,
2757 2585 2835 2647 ὼς
2855 2584 3015 2648 αὐτὸς
3035 2584 3342 2655 ὁμολογεῖς,
3361 2590 3456 2640 καὶ
3472 2588 3574 2658 τὴν
3597 2587 3719 2659 κρί-

2134 2693 2217 2729 σιν
2253 2677 2414 2741 αὐτὸς
2444 2676 2629 2747 μέλλει
2660 2680 2859 2742 ποιεῖν,
2898 2679 2979 2732 σοὶ
3033 2681 3450 2750 περιλελειπται
3488 2699 3717 2736 συνεισ-

2132 2768 2376 2836 ενεγκεῖν
2427 2770 2542 2831 τοῖς
2602 2767 2916 2837 ἀνθρώποις
2954 2769 3108 2824 οὐδὲν
3153 2771 3344 2841 ἕτερον
3402 2772 3437 2842 ἢ
3505 2771 3717 2843 πλάνην

2133 2858 2228 2913 καὶ
2260 2858 2580 2913 ἐναντίωσιν
2602 2858 2704 2929 τῆς
2728 2858 2990 2931 ἀληθείας
3013 2858 3322 2928 δογμάτων.

2204 3023 2367 3092 Λέγει
2405 3021 2572 3077 πάλιν
2591 3022 2655 3076 ἐκ
2684 3022 2979 3092 προσώπου
3011 3023 3106 3078 τοῦ
3127 3024 3266 3078 Θεοῦ
3288 3040 3305 3057 ο
3337 3043 3356 3076 ι
3389 3025 3565 3078 Ὅταν
3591 3026 3718 3095 ἠθέ-

446 3106 716 3171 regionem
779 3110 1015 3182 aliquam
1055 3120 1279 3184 perdere
1306 3120 1635 3186 volebamus,
1702 3122 2022 3193 juhehamus

2133 3119 2298 3189 λομεν
2331 3116 2596 3170 ἀπολέσαι
2628 3116 2850 3187 χωρίον,
2884 3116 3212 3187 ἐκελεύομεν
3247 3119 3362 3181 τοῖς
3394 3119 3633 3172 ἑστῶσιν
3663 3123 3720 3173 ἐν

445 3196 691 3254 homines
715 3201 769 3254 in
797 3206 985 3260 eadem
1012 3220 1255 3278 agentes,
1274 3227 1391 3269 sese
1418 3213 1561 3268 luxui
1585 3223 1639 3270 et
1662 3216 2031 3288 intemperan-

446 3291 535 3343 tia:
566 3292 762 3347 dedere
796 3314 809 3350 :
843 3306 897 3351 et
924 3300 1025 3354 hoc
1054 3302 1325 3357 decretmn
1358 3307 1423 3360 de
1452 3306 1748 3373 perditione
1768 3311 2027 3376 ipsorum,

446 3382 514 3434 de
555 3382 684 3451 ipsis
716 3401 900 3441 vermn
950 3390 1129 3457 ﬁebat,
1190 3409 1295 3448 una
1348 3410 1469 3450 cum
1526 3398 1791 3454 oraculo:
1842 3410 1895 3454 et
1955 3401 2033 3457 sic

446 3477 594 3546 ipsos
624 3493 748 3533 vere
779 3482 1184 3548 pet-domuimus
1218 3504 1233 3542 :
1268 3488 1571 3560 multosque
1598 3492 1934 3561 perdidimus
1963 3511 2029 3550 ex

448 3570 661 3626 smculis
693 3571 798 3629 illis
846 3584 969 3643 post
994 3575 1124 3633 Noe.
1162 3598 1179 3632 ι
1221 3579 1346 3636 llaec
1390 3584 1550 3638 verba
1582 3586 1795 3639 cuinam
1849 3589 2032 3656 potius

448 3666 769 3720 conveniant
794 3667 817 3721 ι
840 3666 1023 3725 Deone
1050 3673 1241 3728 salutis
1272 3676 1523 3731 humanae
1544 3680 1768 3745 amanti,
1803 3693 1869 3734 an
1901 3694 2032 3735 vero

449 3755 702 3823 darmoni,
732 3758 823 3828 qui
885 3758 1131 3818 homines
1193 3779 1408 3819 summo
1462 3767 1586 3822 odio
1638 3770 2030 3839 prosequitur?

446 3844 659 3901 Densne
704 3850 856 3916 jubet
915 3852 1161 3911 homines
1189 3856 1615 3927 intemperanter
1680 3863 1866 3918 vivere
1898 3908 1912 3931 ,
1962 3881 2028 3920 an

445 3938 734 3995 diabolus?
763 3943 832 3995 At
866 3945 956 4012 qui
982 3942 1129 4015 jubet
1152 3947 1578 4018 intemperanter
1604 3953 1807 4018 vivere,
1872 3958 1915 4012 is
1948 3968 2031 4012 est

445 4040 636 4087 auctor
700 4035 1131 4105 intemperantiae
1153 4050 1207 4095 et
1234 4041 1413 4107 luxus,
1436 4052 1597 4113 atque
1647 4048 1785 4101 adeo
1836 4049 2029 4120 majori

450 4136 607 4190 paena
637 4125 856 4193 dignus.

519 4214 695 4268 Moses
725 4217 945 4285 quidem
996 4217 1193 4278 litteris
1227 4224 1504 4282 mandavit
1568 4231 1710 4299 quod
1755 4230 1890 4287 Filii
1934 4234 2033 4291 Dei

446 4307 673 4361 videntes
709 4308 849 4377 ﬁlias
877 4310 1149 4367 hominum
1181 4316 1320 4385 quod
1348 4327 1519 4373 essent
1557 4320 1822 4389 formosa,
1861 4328 2029 4383 duxe-

451 4397 678 4469 runtjsibi
702 4414 892 4457 uxores
939 4404 995 4461 ἰ
1047 4406 1185 4461 ﬁlios
1212 4408 1302 4463 Dei
1322 4420 1569 4479 posteros
1587 4412 2028 4486 Setbiappellans

447 4494 548 4562 (sic
577 4493 720 4547 enim
756 4493 849 4549 ille
901 4499 1209 4555 nominatus
1234 4510 1316 4556 est
1336 4503 1782 4562 obimitationem
1839 4509 1934 4566 Dei
1976 4522 2031 4568 et

444 4585 682 4640 studium
758 4588 1025 4659 virtutis,
1092 4593 1366 4664 vitamque
1445 4597 1822 4674 religiosam),
1883 4605 2026 4671 ﬁlias

444 4687 572 4729 vero
595 4677 862 4733 hominum
893 4681 1032 4735 dixit
1069 4696 1184 4749 eas,
1238 4699 1356 4741 oua:
1387 4700 1415 4739 a
1446 4687 1619 4743 Caino
1654 4702 1839 4748 essent
1900 4710 2028 4765 pro-

443 4777 640 4824 creatze
677 4780 769 4825 aut
797 4773 864 4828 ab
900 4774 1019 4845 ipso
1065 4790 1236 4847 genus
1264 4782 1544 4837 ducerent.
1578 4780 1848 4842 Moameth
1900 4803 2028 4846 vero

443 4869 630 4950 contra
688 4862 871 4919 dixit:
914 4876 970 4922 et
1019 4882 1117 4937 pro
1166 4872 1289 4928 ﬁliis
1336 4875 1550 4942 quidem
1624 4876 1718 4932 Dei
1803 4881 2024 4950 angelos

444 4949 674 5006 feminas
725 4957 1047 5025 nominavit,
1082 4970 1139 5015 ut
1178 4973 1265 5019 est
1323 4964 1375 5018 in
1413 4967 1608 5022 fabulis
1664 4949 1973 5026 Grmcorum
2006 4991 2021 5028 :

444 5040 536 5092 Ast
566 5039 669 5095 Iris
711 5041 925 5099 Helena
945 5046 1192 5116 formosa:
1223 5053 1408 5107 nuntia
1441 5055 1643 5110 venit‘.
1676 5055 1785 5111 Pro
1817 5058 2026 5116 ﬁliabus

445 5148 574 5187 vero
627 5135 904 5193 hominum
966 5138 1104 5197 ﬁlios
1166 5143 1443 5200 hominum
1479 5147 1748 5216 subjecit;
1798 5153 2023 5221 etquod

445 5229 691 5283 omnium
730 5233 963 5289 maxime
1002 5236 1311 5293 miserabile
1342 5251 1450 5307 est,
1486 5242 1601 5296 haec
1634 5257 1663 5296 a
1712 5242 1825 5297 Deo
1881 5244 2022 5298 facta

446 5327 657 5384 narrat,
683 5335 806 5375 cum
852 5323 927 5377 ait
961 5342 975 5379 :
1015 5342 1034 5376 ι
1071 5325 1244 5397 Elegit
1288 5328 1551 5384 Dominus
1587 5340 1770 5386 noster
1823 5333 1966 5388 ﬁlios
2006 5350 2023 5389 :

446 5417 501 5461 et
524 5412 816 5481 accepitex
881 5416 1087 5483 angelis
1146 5419 1362 5487 quidem
1422 5420 1670 5477 feminas.
1742 5421 1849 5479 Vos
1896 5440 2027 5480 vero

448 5499 619 5553 ardua
678 5505 924 5572 quamlam
978 5516 1033 5561 et
1106 5524 1299 5578 magna
1357 5513 1742 5580 pronuntiatis,
1809 5518 1862 5569 id
1919 5527 2024 5581 est,

453 5587 620 5645 Deum
656 5595 857 5652 liberes
889 5600 1089 5656 habere
1120 5602 1413 5674 divulgatis
1440 5622 1454 5659 :
1500 5607 1663 5659 immo
1686 5620 1813 5659 vero
1847 5609 2029 5676 potius

525 5754 543 5784 ⁸
570 5752 757 5811 Matth.
794 5774 873 5823 ιιι,
908 5760 1005 5813 Π·
1053 5778 1184 5827 xm,
1219 5764 1271 5817 ὅ.

2133 3209 2303 3280 αὐτῷ,
2328 3210 2423 3262 καὶ
2452 3210 2729 3279 ὴσώτευον
2746 3211 2804 3263 ὲν
2838 3207 2989 3280 αὑτῷ
3012 3224 3026 3241 ο
3051 3212 3149 3264 καὶ
3181 3210 3493 3264 ἑδικαιοῦτο
3533 3214 3719 3265 ἐπάνω

2134 3302 2315 3355 αὐτῶν
2373 3302 2401 3355 ὁ
2453 3302 2633 3371 λόγος,
2688 3304 2717 3356 ὁ
2750 3302 2852 3372 τῆς
2884 3302 3162 3366 ἀπωλείας
3209 3304 3394 3358 αὐτῶν
3448 3304 3715 3374 δηλονότι,

2134 3393 2231 3447 καὶ
2260 3392 2358 3462 τῆς
2410 3392 2534 3445 κατ’
2573 3391 2753 3446 αὐτῶν
2803 3394 3173 3462 ἀποφάσεωςο
3220 3396 3317 3449 καὶ
3360 3396 3718 3466 ὲδαμάσαμεν

2133 3486 2331 3550 αὐτοὺς
2356 3486 2627 3556 δαμάσει,
2663 3487 2761 3540 καὶ
2802 3486 3036 3549 πολλοὺς
3086 3487 3459 3558 ἀπωλέσαμεν
3500 3490 3567 3567 ἐμ
3612 3488 3719 3543 τῶν

2133 3579 2336 3645 γενεῶν
2363 3580 2502 3649 μετά
2524 3578 2615 3632 τὸν
2652 3580 2798 3634 Νῶε.
2827 3598 2845 3631 ι
2880 3579 3071 3634 Ταῦτα
3093 3580 3161 3634 τά
3198 3582 3426 3651 ῥήματα
3446 3582 3554 3634 xiv:
3577 3584 3716 3651 μᾶλ-

2136 3670 2229 3725 λον
2270 3670 2524 3742 ἁρμόζει,
2559 3670 2638 3741 τῷ
2695 3670 3069 3741 φιλανθρώπῳ
3113 3671 3255 3742 Θεῷ,
3310 3673 3343 3741 ἦ
3403 3672 3483 3740 τῷ
3523 3689 3716 3740 μισαν-

2134 3763 2340 3836 θρὼπῳ
2363 3764 2611 3835 δαίμονις
2638 3762 2772 3823 Θεὸς
2793 3763 3009 3817 κελεύει
3036 3764 3361 3829 ἀσωτεύειν,
3380 3764 3414 3835 ἢ
3433 3765 3713 3829 διάϐολοςς

2145 3858 2204 3911 Ὀ
2229 3858 2285 3911 δὲ
2314 3856 2553 3911 κελεύων
2586 3857 2912 3923 ἀσωτεῦειν,
2962 3858 3175 3921 ἐκεῖνος
3204 3856 3308 3927 τῆς
3357 3857 3602 3921 ἀσωτίας
3632 3856 3713 3910 αἴ-

2130 3967 2245 4014 τιος
2280 3949 2538 4022 μάλιστα,
2559 3952 2654 4005 καὶ
2686 3950 2935 4016 πλείονος
2961 3950 3241 4014 κολάσεως
3273 3951 3449 4018 ἄξιος.

2204 4222 2413 4294 Μωσῆς
2450 4220 2553 4291 μὲν
2600 4220 2863 4293 ἔγραψεν,
2895 4222 2979 4276 ὅτι
3029 4220 3293 4287 Ἰδόντες
3337 4224 3397 4275 oi
3444 4224 3563 4276 υἱοί
3614 4222 3715 4276 τοῦ

2132 4312 2281 4367 Θεοῦ
2328 4311 2436 4379 τὰς
2488 4313 2821 4383 θυγατέρας
2862 4313 2982 4368 τῶν
3023 4314 3373 4382 ἀνθρώπων,
3415 4314 3508 4368 ὅτι
3538 4320 3714 4369 καλαί

2131 4407 2313 4469 εἰσιν,
2339 4403 2632 4459 ἐλάϐοντο
2651 4404 3200 4476 ἑαυτοῖς-’γυναῖκας
3219 4422 3236 4440 ο
3285 4407 3437 4469 υἱοὺς
3469 4408 3569 4475 μὲν
3585 4407 3715 4459 Θεοῦ

2134 4499 2262 4560 τοὺς
2284 4498 2590 4567 ἀπογόνους
2622 4498 2717 4550 τοῦ
2749 4498 2858 4569 Σὴθ
2899 4498 3330 4569 προσαγορεύων
3383 4497 3555 4567 (οὕτω
3612 4501 3715 4571 γὰρ

2135 4590 2284 4644 δοκεῖ
2314 4589 2632 4659 ὠνομάσθαι
2663 4591 2753 4645 διὰ
2804 4590 2866 4645 τὸ
2901 4590 3241 4663 θεομίμητον
3273 4591 3442 4645 αὐτοῦ
3488 4592 3588 4646 καὶ⁵
3618 4593 3715 4661 τὴν

2134 4682 2393 4753 ἐνάρετον
2434 4685 2527 4737 καὶ
2592 4683 2803 4755 εὐλασῆ
2857 4685 3185 4756 πολιτείαν),
3256 4687 3599 4755 θυγατέρας
3650 4685 3713 4739 δὲ

2133 4776 2468 4844 ἀνθρώπων
2495 4777 2597 4841 τὰς
2617 4777 2682 4833 ὲκ
2706 4776 2805 4832 τοῦ
2827 4778 2969 4833 Κάῖν
3004 4780 3101 4833 καὶ
3128 4778 3235 4835 τῶν
3264 4779 3324 4844 ἐξ
3351 4779 3522 4833 αὑτοῦ
3554 4798 3714 4834 καταο

2132 4870 2419 4940 γομένων’
2470 4873 2501 4926 δ
2553 4872 2609 4926 δὲ
2648 4872 2898 4943 Μωάμεθ
2938 4872 3253 4927 τούναντίον
3310 4872 3564 4943 εἴρηκεν·
3599 4874 3716 4927 ἀντὶ

2135 4962 2235 5033 μὲν
2263 4962 2373 5017 τῶν
2408 4963 2541 5018 υἱῶν
2575 4964 2670 5018 τοῦ
2735 4965 2872 5018 Θεοῦ
2922 4964 3146 5033 θηλείας
3195 4963 3467 5032 ἀγγέλους
3523 4966 3712 5029 εἰπὼν,

2130 5055 2275 5110 me
2298 5054 2392 5109 τὸν
2421 5054 2665 5127 Ἕλληνα
2718 5056 2908 5128 μῦθον,
2948 5053 3107 5126 Ἶρις
3139 5057 3191 5109 δ’
3214 5053 3294 5113 αὖ
3328 5057 3540 5125 Ἑλένῃ
3577 5063 3719 5111 λευ-

2128 5150 2373 5215 κωλένῳ
2401 5149 2662 5220 ἅγγελος
2706 5146 2929 5222 ἦλθενο
2977 5152 3098 5205 ἀντὶ
3150 5151 3208 5205 δὲ
3234 5150 3343 5204 τῶν
3394 5151 3721 5220 θυγατέρων

2130 5240 2240 5294 τῶν
2265 5241 2570 5311 ἀνθρώπων
2600 5243 2754 5299 υἱοὺς
2806 5243 3112 5314 ἀνθρώπων
3155 5240 3477 5311 ἐπαγαγών.
3505 5229 3617 5296 Κῖιὶ
3655 5243 3719 5292 τὸ

2136 5333 2355 5387 πάντων
2389 5334 2782 5401 ὲλεεινότατον,
2819 5336 2902 5389 ὅτι
2933 5336 3087 5406 παρὰ
3112 5335 3247 5389 Θεοῦ
3278 5335 3441 5389 τοῦτο
3460 5332 3716 5404 γενέσθαι

2136 5425 2521 5494 καταγγέλλει,
2553 5426 2730 5493 λέγων
2751 5442 2766 5457 ·
2803 5446 2821 5480 ι
2846 5428 3161 5494 Ἐξελέξατο
3207 5427 3413 5497 Κύριος
3465 5426 3625 5495 ἡμῶν
3648 5424 3720 5475 τὰ

2137 5514 2336 5567 τέκνα·
2369 5515 2461 5567 καὶ
2495 5515 2690 5567 ἔλασεν
2722 5517 2786 5569 ἐκ
2821 5516 2930 5569 τῶν
2960 5517 3209 5586 ἀγγέλων
3237 5517 3483 5587 Θηλείας.
3525 5515 3717 5583 Ὑμεῖς

2136 5606 2190 5659 δὲ
2214 5606 2401 5674 λέγετε
2436 5606 2631 5675 λόγους
2677 5609 2971 5677 μεγάλους,
3033 5610 3282 5664 τουτέστι
3328 5608 3599 5679 φημίξετε
3627 5606 3719 5658 τὸν

1352 5766 1369 5793 ’
1397 5762 1553 5819 Joan.
1588 5782 1682 5831 xu,
1710 5766 1801 5820 28.
1881 5768 1899 5797 ³
1932 5768 2069 5824 Gen.
2101 5785 2153 5825 vt
2210 5769 2263 5823 ει.
2343 5771 2362 5801 δ
2404 5769 2559 5825 lliad.
2603 5787 2687 5828 ιιι.
