3930 6556
262 427 401 491 13-ίὸ

1150 418 1531 495 minori.”
1573 434 2035 496 DOGMATICA.
2073 460 2137 471 -
2178 434 2330 497 Tl'f.
2376 434 2653 497 XXVIII.

3402 436 3537 502 Ῑῖίΰ

253 545 391 597 Θεὸν
420 544 571 607 υἱοὺς
599 545 744 616 ἔχειν
780 563 792 577 ο
832 547 1033 617 μᾶλλον
1067 546 1163 613 μὲν
1190 542 1282 600 οὖν
1317 547 1538 618 θηλείας
1587 544 1858 614 ἀγγέλους

1962 545 2184 613 angelos
2219 545 2471 609 feminas,
2529 545 2796 616 nymphas
2850 546 2998 602 dedit
3050 546 3135 604 ille
3178 548 3302 605 ﬁliis
3362 551 3538 606 licinio

256 637 482 708 νύμφας
513 638 717 692 δέδωκε
754 641 865 703 τοῖς
901 641 1036 704 υἱοῖς
1066 640 1175 692 τῶν
1223 638 1531 710 ἀνθρώπων
1553 656 1567 669 ⁸
1614 638 1675 706 ἐξ
1703 631 1778 692 ὧν
1799 639 1851 692 οί

254 731 516 799 γίγαντες
574 731 970 802 ἐγεννήθησαν.
1013 750 1031 783 ι
1086 733 1196 786 Καὶ
1244 732 1328 785 ὅτι
1378 732 1477 804 μὲν
1537 732 1593 785 αἱ
1632 731 1851 803 θήλειαι

252 821 479 888 ἄγγελοι
508 819 609 875 οὔκ
640 824 747 875 είσι
782 822 1086 894 θυγατέρες
1130 822 1290 891 Θεοῦ,
1326 826 1467 879 κατὰ
1515 826 1609 878 τὸν
1644 822 1722 889 ις’
1749 823 1850 894 μῦ-

256 912 376 979 θον,
419 914 638 985 ὄμνυσι,
717 916 812 969 καὶ
869 917 1149 988 ἐπαρᾶται
1186 916 1279 970 τὸν
1328 916 1491 971 τοῦτο
1529 916 1851 989 ὑπολαμϐά-

253 1023 443 1061 νοντα·
472 1007 555 1060 ὅτι
582 1006 640 1061 δὲ
672 1006 893 1078 θήλειαι
924 1007 1150 1077 ἄγγελοί
1206 1010 1367 1074 είσιν,
1395 1009 1699 1078 ἐνίσταται,
1750 1012 1848 1067 καὶ

216 1154 217 1157 η
252 1098 673 1171 διισχυρίζεται.
716 1100 861 1153 Ἀλλ’
889 1102 937 1154 εί
971 1102 1065 1156 καὶ
1098 1101 1307 1174 δοθείη,
1351 1103 1490 1175 ὅπερ
1535 1105 1844 1175 ἀμήχανον,

252 1194 425 1266 ἄνδρα
455 1195 646 1269 θηλείᾳ
676 1196 893 1268 ἀγγέλῳ
926 1197 1247 1268 μίγνυσθαι,
1279 1199 1372 1253 καὶ
1403 1201 1765 1271 σπερμαίνειν
1790 1201 1847 1255 ἐν

253 1290 393 1358 αὐτῇ
415 1304 428 1318 ·
472 1288 533 1341 ὲν
563 1287 694 1357 ποία
715 1288 899 1361 μήτρᾳ
936 1286 1149 1354 συνέξει
1179 1289 1276 1344 καὶ
1310 1287 1528 1354 ζωώσει
1562 1291 1622 1342 τὸ
1650 1307 1845 1357 σωμα-

250 1379 407 1433 τικὸν
431 1379 657 1450 σπέρμα
687 1381 719 1451 ή
753 1378 1085 1449 ἀσώματος;
1119 1378 1257 1452 Ποία
1284 1381 1341 1434 δὲ
1374 1380 1704 1451 καταλλήλῳ
1740 1378 1844 1452 ὕλῃ

254 1469 451 1543 θρέψει
478 1470 674 1538 τοῦτο;
734 1470 853 1534 πῶς
880 1471 937 1524 δὲ
992 1471 1091 1526 καὶ
1127 1473 1459 1541 ὲγγάστριον
1496 1470 1755 1544 περιάξει
1785 1472 1847 1525 τὸ

253 1562 487 1635 βρέφος;
523 1564 641 1629 πῶς
679 1565 735 1618 δὲ
766 1567 860 1620 καὶ
893 1564 1237 1636 γαλουχήσει
1280 1565 1339 1618 τὸ
1370 1565 1585 1636 χυμοὺς
1618 1565 1847 1635 θρεπτι-

249 1658 384 1720 κοῦς
414 1657 604 1721 είωθδς
633 1657 975 1713 ἐπισπᾶσθαι
1038 1657 1180 1722 ζῶον
1231 1658 1264 1728 ἡ
1302 1658 1465 1721 amo;
1494 1658 1587 1712 καὶ
1613 1658 1846 1729 ἄναιμος

250 1751 451 1819 φύσιςς
513 1750 628 1806 Οὐκ
674 1751 785 1822 ἄρα
824 1753 1045 1815 πάντως
1082 1751 1207 1805 οὔτε
1266 1751 1460 1824 θήλειά
1491 1752 1645 1806 ἐστιν
1678 1751 1847 1822 ἀγγε-

250 1843 375 1907 λος*
410 1845 471 1897 τὸ
505 1846 615 1914 γὰρ
647 1844 818 1916 apem
857 1848 951 1899 καὶ
984 1846 1045 1900 τὸ
1100 1846 1239 1917 θῆλυ
1269 1847 1543 1916 σωμάτων
1572 1846 1701 1900 tam.

1959 651 2119 702 num;
2155 636 2403 705 equibtts
2436 637 2684 705 gigantes
2734 639 2849 692 nati
2909 648 3055 701 sunt.
3142 658 3160 691 ι
3223 638 3341 695 lam
3404 657 3533 697 vero

1955 725 2177 794 angelos
2215 726 2447 782 feminas
2474 741 2579 780 non
2622 741 2745 783 esse
2777 729 2915 783 tilias
2946 728 3065 795 Dei,
3098 740 3158 783 ut
3214 739 3298 785 Cal
3349 731 3400 785 in
3453 732 3536 785 fa-

1953 818 2092 872 bella
2127 833 2235 882 xw,
2264 818 2623 889 jurejurando
2690 820 2965 885 affirmat;
3025 837 3260 891 eumque
3310 824 3401 892 qui
3469 826 3539 879 ita

1955 913 2232 981 Opinetur,
2264 923 2605 968 exsecratur.
2635 914 2788 981 Quod
2812 929 2939 970 vero
2962 914 3177 971 feminae
3203 915 3380 985 angeli
3407 919 3537 989 sint,

1954 1004 2149 1060 lterum
2176 1005 2481 1075 iterumque
2535 1006 2763 1063 affirmat
2814 1017 2869 1063 et
2929 1010 3220 1078 pertendit.
3272 1009 3426 1076 Quod
3490 1012 3537 1063 si

1951 1101 2117 1155 etiam
2174 1099 2417 1167 daretur,
2482 1103 2629 1169 quod
2676 1108 2857 1155 tamen
2924 1103 3039 1156 ficri
3100 1103 3310 1173 nequit,
3359 1107 3535 1157 virum

1950 1209 2069 1248 cum
2101 1193 2300 1249 femina
2328 1196 2521 1264 angelo
2551 1210 2663 1248 rem
2689 1195 2914 1261 habere,
2956 1208 3010 1251 et
3064 1211 3248 1253 semen
3294 1199 3344 1251 in
3385 1213 3538 1252 eam-

1951 1289 2070 1341 dem
2097 1289 2351 1343 eminere
2388 1306 2403 1343 :
2436 1303 2695 1359 quanam,
2733 1290 2889 1352 cedo,
2942 1290 3172 1346 matrice
3213 1290 3534 1353 continebit,

1950 1390 2000 1432 et
2034 1379 2216 1434 vivum
2253 1379 2450 1435 efficiet
2476 1394 2539 1435 ea
2560 1395 2681 1450 quae
2706 1381 2956 1450 corporis
2977 1390 3059 1435 est
3091 1396 3305 1450 expers,
3347 1398 3535 1437 semen

1950 1486 2275 1541 corporeum
2312 1473 2335 1525 ’ί
2376 1472 2599 1538 Deinde,
2644 1488 2883 1543 quanam
2910 1484 3248 1543 congruente
3281 1475 3539 1531 alimonia

1948 1570 2153 1624 nutriet
2196 1568 2339 1623 istud
2369 1569 2392 1623 ?
2419 1572 2694 1641 quomodo
2760 1570 3045 1637 infantem,
3084 1574 3174 1642 qni
3229 1580 3356 1628 ante
3409 1588 3541 1643 par-

1951 1673 2064 1715 tum
2122 1662 2175 1716 in
2224 1671 2414 1717 ventre
2477 1662 2713 1726 fovetur,
2806 1664 3156 1719 circumferet
3216 1664 3240 1718 ’ἰ
3292 1664 3539 1734 Denique

1946 1753 2220 1824 quomodo
2255 1755 2392 1810 lacte
2418 1755 2621 1811 fovebit
2646 1757 2866 1823 animal,
2897 1758 3039 1827 quod
3066 1772 3261 1813 succos
3286 1760 3539 1813 nutrien-

1948 1854 2027 1900 tcs
2094 1846 2369 1902 attrahere
2434 1846 2763 1912 consuevit,
2844 1861 2907 1901 ea
2965 1863 3089 1918 qua:
3149 1848 3396 1903 materiae
3480 1855 3536 1901 et

249 1938 537 2009 sanguinis
575 1948 659 1992 est
710 1953 909 2011 expers
938 1942 1177 1995 natura?
1242 1938 1361 1995 Non
1409 1939 1581 2011 igitur
1652 1938 1879 1995 omnino
1912 1950 1993 1995 est
2046 1939 2272 2009 angelus
2298 1938 2539 1996 femina:
2578 1942 2783 1997 femina
2825 1942 2971 1998 enim
3033 1952 3089 1998 et
3155 1957 3270 1998 mas
3319 1942 3535 2012 propria

249 2040 377 2085 sunt
423 2046 802 2101 corpororum.

328 2123 381 2179 ι’.
402 2126 633 2195 Είσάγει
658 2128 750 2181 τὸν
767 2127 902 2184 Θεὸν
923 2129 1072 2201 αὐτῷ
1090 2128 1332 2203 τοιούτον
1351 2131 1512 2205 ὅρκον
1541 2130 1837 2201 ὀμνύοντα,

2017 2127 2107 2182 10.
2138 2126 2352 2183 lnduclt
2391 2128 2555 2183 Deum
2585 2144 2741 2184 suum
2768 2128 2856 2183 tali
2885 2128 3239 2199 jurejurando
3276 2146 3395 2187 sese
3425 2137 3492 2189 ob
3516 2167 3534 2176 -

256 2237 274 2270 ι
314 2216 401 2272 Ma
436 2218 631 2287 φουλκὶ
680 2218 793 2272 τῶν
859 2220 1135 2290 φουλκῶν,
1186 2221 1281 2275 xal
1321 2221 1675 2292 προθίσματα
1709 2239 1841 2290 προ-

249 2310 558 2379 θισμάτων.
600 2331 618 2363 ι
680 2314 789 2366 Kal
849 2310 1010 2377 αὖθις
1049 2316 1105 2368 ὲν
1157 2315 1333 2387 ἑτέρῳ
1367 2316 1641 2385 μυθαρίῳ,
1685 2335 1702 2367 ι
1748 2316 1843 2369 Ma

247 2402 555 2472 λικμούντα
608 2403 977 2475 λικμούντων,
1033 2406 1129 2459 καὶ
1184 2406 1563 2477 βασταζούσας
1610 2406 1835 2477 γόμους,

250 2496 346 2550 καὶ
382 2495 685 2569 τρεχούσας
726 2495 964 2564 εὐθεῖαν,
1012 2501 1110 2553 καὶ
1141 2499 1209 2552 τὰ
1246 2498 1543 2569 μερίζοντα
1579 2502 1841 2571 πράγμα-

249 2605 322 2640 τα
344 2601 356 2615 ⁸
401 2606 418 2638 ›
457 2588 550 2640 καὶ
575 2587 739 2642 πάλιν
762 2588 821 2641 ὲν
848 2588 1040 2661 ἐτέρῳο
1068 2608 1086 2640 ι
1111 2589 1205 2644 ma
1233 2590 1293 2643 τὸ
1325 2590 1469 2661 ὅρος,
1504 2592 1600 2644 καὶ
1623 2590 1842 2661 γραφὴν

249 2678 674 2749 δ.στιχισμένην
706 2681 766 2733 ὲν
801 2679 1114 2751 μεμϐράνῳ
1145 2680 1276 2751 λιτῷ
1306 2697 1322 2712 ο
1355 2683 1449 2734 καὶ
1483 2680 1543 2734 τδ
1577 2681 1841 2752 ὀσπήτιον

250 2774 313 2823 τὸ
345 2771 797 2842 ᾠκοδομημένον,
821 2772 915 2825 καὶ
943 2773 1004 2825 τὸ
1037 2773 1228 2843 στέγος
1260 2774 1319 2829 τὸ
1350 2774 1710 2845 σηκούμενον,
1747 2776 1842 2827 καὶ

251 2864 351 2933 τὴν
378 2863 658 2917 θάλασσαν
685 2860 786 2935 τὴν
812 2864 1129 2937 δεδεμένην.
1171 2884 1190 2918 ι
1237 2866 1350 2919 Καὶ
1376 2868 1433 2919 ὲν
1471 2867 1682 2937 ἑτέροις
1706 2864 1842 2921 ἄλλα

253 2958 379 3009 τινὰ
410 2956 721 3029 βαρϐαρικά
738 2958 833 3011 καὶ
865 2959 1092 3028 ἀνόητα,
1126 2959 1347 3029 καὶτῆς
1379 2961 1545 3013 αὐτοῦ
1573 2961 1841 3033 φλυαρίας

256 3049 801 3118 καὶφρενοϐλαόείας
826 3050 929 3104 οὐκ
961 3051 1280 3106 ἀποδέοντα.
1311 3054 1423 3107 Kal
1468 3053 1706 3125 ἀλλαχοῦ
1737 3055 1841 3109 πά-

253 3141 375 3193 λιν·
438 3160 456 3193 ι
498 3142 586 3196 Μὰ
635 3143 727 3196 τὸν
787 3143 1030 3214 κάλαμον
1086 3146 1180 3199 καὶ
1222 3145 1257 3199 ἃ
1301 3148 1673 3215 στιχίζουσι.»
1726 3147 1841 3201 Καὶ

253 3232 420 3286 πάλιν
446 3234 504 3285 ἐν
526 3233 888 3306 ᾶλλοιςβρκον
918 3236 1233 3307 πεποίηται,
1273 3256 1291 3289 t
1334 3238 1425 3291 Μὰ
1455 3238 1555 3302 τὰς
1602 3238 1840 3293 ἀπολυο-

256 3326 426 3395 μένας
472 3325 707 3394 ὀρδίνου,
750 3327 842 3379 καὶ
906 3328 1243 3396 καταιγίδων
1315 3330 1680 3398 καταιγίδας,
1748 3332 1840 3383 καὶ

253 3417 618 3472 ἀπλωθέντων
649 3418 983 3490 ἀπλώματα,
1015 3422 1112 3475 καὶ
1140 3420 1430 3492 χωρούσας
1456 3420 1716 3493 χώρημα,
1742 3424 1840 3476 καὶ

1950 2222 2305 2290 stringentem
2335 2239 2349 2276 :
2388 2240 2405 2272 ι
2438 2220 2531 2277 Nae
2566 2236 2662 2291 per
2693 2223 2920 2293 phulcos
2948 2223 3289 2291 phttlcorum,
3324 2240 3376 2279 et
3409 2244 3535 2296 pro—

1953 2316 2211 2369 thismata
2249 2314 2690 2384 prothismatum.
2734 2334 2753 2367 ›
2823 2315 2889 2369 Ει
2921 2317 3116 2370 iterum
3152 2318 3202 2369 in
3236 2320 3338 2371 alia
3370 2321 3537 2375 fabel~

1948 2406 1993 2458 la
2035 2424 2047 2461 :
2094 2425 2113 2459 ι
2164 2406 2255 2461 Nae
2296 2422 2393 2476 per
2427 2406 2689 2460 licmunta
2727 2406 3079 2470 licmuntum,
3151 2417 3204 2459 et
3254 2420 3536 2476 portantes

1947 2513 2135 2564 onera,
2189 2508 2581 2566 currentesque
2639 2507 2844 2551 rectam
2872 2497 3038 2562 viam,
3072 2505 3128 2552 et
3159 2512 3221 2550 ea
3279 2516 3399 2569 qum
3446 2518 3533 2557 res

1946 2588 2274 2656 partiuntur.
2316 2606 2332 2638 ι
2401 2587 2465 2641 Et
2499 2589 2691 2641 iterum
2725 2586 2781 2639 in
2844 2586 2946 2639 alia
2987 2604 3051 2641 :t
3106 2586 3196 2641 Na?
3226 2604 3323 2657 per
3384 2608 3534 2644 mon-

1949 2686 2054 2731 tem
2089 2687 2144 2732 et
2191 2677 2521 2748 scripturam
2584 2677 2796 2733 duobus
2852 2678 3101 2734 versibus
3162 2681 3421 2750 scriptam
3479 2685 3533 2737 in

1944 2766 2262 2819 membrana
2323 2764 2514 2829 tenui;
2572 2774 2627 2819 et
2694 2764 2987 2835 hospitium
3073 2766 3421 2832 aedificatum,
3479 2782 3535 2825 et

1947 2860 2335 2928 rectuni'quod
2364 2860 2711 2928 appenditur,
2750 2868 2801 2912 et
2853 2874 2952 2929 per
2991 2875 3141 2915 mare
3198 2864 3463 2919 vinctum.
3504 2884 3523 2919 ι

1948 2954 2013 3008 Et
2047 2954 2100 3008 in
2132 2952 2255 3008 aliis
2316 2955 2420 3007 alia
2464 2955 2708 3020 quzedam
2759 2953 3068 3017 barbarica,
3107 2956 3293 3022 stulta,
3324 2958 3533 3030 inepta.

1950 3060 2049 3100 nec
2074 3044 2249 3099 aliena
2298 3045 2365 3097 ab
2430 3045 2601 3114 ipsius
2659 3044 2818 3113 nugis
2860 3056 2912 3098 et
2961 3049 3221 3103 amentia.
3287 3049 3350 3104 Et
3406 3053 3533 3107 alilii

1948 3153 2210 3193 rursum:
2282 3154 2301 3188 ι
2362 3136 2468 3191 Per
2533 3137 2828 3202 calamum,
2899 3147 2955 3191 et
3022 3154 3144 3207 qua:
3194 3141 3535 3213 distinguunt

1947 3242 2159 3283 versus.
2203 3245 2222 3279 ι
2258 3227 2323 3281 Et
2366 3229 2560 3281 iterum
2595 3227 2646 3280 in
2680 3226 2800 3281 aliis
2823 3228 3202 3295 jurainentum
3236 3232 3474 3301 concipit
3514 3248 3532 3290 :

1952 3337 1972 3372 ι
2016 3317 2120 3374 Per
2170 3318 2453 3374 absolutas
2488 3319 2703 3383 ordine,
2758 3328 2814 3373 et
2866 3333 2961 3387 per
2994 3322 3358 3389 procellarum
3413 3339 3536 3393 pro-

1950 3412 2140 3478 cellas,
2177 3427 2274 3483 per
2302 3426 2665 3481 expansorum
2701 3413 3089 3479 expansiones,
3126 3423 3181 3468 et
3246 3416 3533 3484 capientes

257 3512 563 3583 ριπτούσας
596 3477 826 3582 γνώμην
850 3477 1278 3585 ἀπολογητίξιήν.
1322 3532 1340 3565 ι
1407 3477 1733 3577 ὶιὲιᾈῶοά
1780 3516 1838 3569 ὲν

1952 3509 2367 3572 conceptamen,
2394 3511 2449 3555 et
2468 3502 2734 3570 jacientes
2755 3503 3081 3555 sententiam
3101 3504 3460 3560 defensoriam
3480 3546 3495 3562 .
3510 3528 3528 3560 ι

253 3604 441 3669 ἄλλοις
462 3620 476 3635 ο
518 3623 533 3656 ι
564 3605 657 3659 Μὰ
706 3604 806 3668 τὰς
835 3606 1240 3676 ἀνασπωμένας
1284 3605 1542 3678 βόλισμα,
1580 3610 1674 3661 καὶ
1704 3609 1841 3677 ἀφε-

252 3696 488 3767 λομένας
514 3697 803 3767 ἀφέλωμα,
862 3698 955 3750 καὶ
984 3699 1362 3767 κολυμὸούσας
1396 3700 1689 3770 κόλυμδον,
1745 3702 1838 3754 καὶ

256 3786 643 3855 προλαϐοῦσας
676 3786 1041 3857 προλάϐωμα,
1068 3790 1163 3842 καὶ
1184 3789 1496 3854 διοικούσας
1516 3793 1753 3863 πρᾶγμα
1782 3793 1841 3845 ὲν

255 3882 442 3955 ἡμέρᾳ
492 3883 550 3935 ὲν
648 3882 783 3936 σείει
816 3884 1041 3952 σεισμός
1063 3902 1075 3916 ·
1120 3903 1138 3937 ι
1202 3886 1298 3939 καὶ
1331 3881 1488 3951 αὖθις
1520 3889 1579 3941 ὲν
1632 3889 1801 3962 ἑτέρῳ
1823 3905 1837 3921 ο

264 3997 283 4027 ι
312 3977 404 4030 Μὰ
420 3976 511 4030 τὸν
529 3977 758 4047 οὐρανὸν
778 3977 868 4030 τὸν
895 3993 1039 4030 πεπυ
1050 3980 1350 4048 ργωμένον,
1381 3982 1473 4032 καὶ
1498 3979 1596 4052 τὴν
1626 3982 1840 4052 ἡμέραν

263 4069 364 4139 τῆς
399 4071 697 4139 συνταγῆςο
717 4070 811 4123 καὶ
839 4069 1053 4141 μάρτυν
1073 4070 1168 4122 καὶ
1202 4070 1671 4140 μαρτυρούμενον.
1689 4090 1707 4123 ι
1732 4070 1844 4124 Kal

256 4160 422 4216 ’πάλιν
460 4162 517 4213 ὲν
553 4161 726 4232 ἑτέρῳ
750 4179 764 4194 ·
805 4180 824 4214 ι
854 4162 947 4215 Μὰ
986 4161 1077 4214 τὸν
1105 4160 1337 4232 οὐρανὸν
1390 4162 1488 4215 καὶ
1518 4163 1611 4216 τὸν
1650 4165 1841 4218 Ἀλτα-

258 4253 368 4324 ρίκ.
404 4272 422 4305 ι
456 4253 562 4307 Καί
592 4255 644 4307 τί
676 4249 826 4317 οἶδας
858 4254 910 4306 τί
934 4253 995 4307 τὸ
1032 4253 1329 4323 Ἀλταρίκ;
1373 4253 1432 4309 '0
1457 4254 1633 4325 ἀστὴρ
1662 4257 1689 4309 ὁ
1714 4273 1845 4328 τρυ-

254 4348 465 4419 πητός*
524 4348 618 4401 καὶ
674 4349 732 4401 ὲν
792 4347 938 4417 ἄλλῳ
981 4348 1179 4401 πάλιν·
1241 4364 1259 4399 ι
1294 4347 1388 4402 Μὰ
1417 4347 1479 4402 τὸ
1536 4347 1701 4417 αὖγος
1750 4349 1844 4402 καὶ

256 4442 460 4504 νύκτας
490 4441 653 4494 δέκαο
684 4441 777 4495 καὶ
811 4441 844 4511 ἡ
877 4441 1018 4512 ζυγὴ
1044 4441 1137 4494 καὶ
1168 4441 1201 4509 ἡ
1237 4439 1489 4511 ἀποζυγή
1514 4456 1526 4471 ·
1560 4441 1655 4494 καὶ
1684 4444 1716 4513 ἡ
1748 4440 1847 4507 νὺξ

259 4540 390 4590 όταν
412 4532 758 4603 ὲφαπλῶται.
791 4551 809 4585 ›
837 4532 947 4585 Kal
975 4530 1131 4595 αὖθις
1153 4533 1210 4585 ὲν
1231 4532 1376 4603 ἄλλῳ
1397 4548 1410 4562 '
1435 4552 1453 4585 ι
1483 4532 1577 4587 Μὰ
1614 4531 1711 4594 τὰς
1746 4548 1844 4584 συ-

258 4631 361 4693 κᾶς
390 4630 482 4680 καὶ
507 4628 602 4689 τὰς
631 4624 816 4688 ἐλαίας
840 4623 935 4677 τοῦ
953 4624 1103 4687 Σινᾶ,
1128 4624 1223 4677 καὶ
1244 4625 1450 4695 ταύτην
1479 4625 1579 4695 τὴν
1602 4624 1838 4696 χώραν.»
1898 4677 1904 4683 ,

259 4722 372 4775 Kal
410 4722 467 4774 ἐν
499 4720 644 4789 ἀλλῳ
677 4716 839 4771 πάλιν
862 4732 876 4747 ο
920 4734 938 4768 ι
978 4717 1072 4771 Ma
1106 4717 1205 4780 τὰς
1257 4716 1574 4788 δραμούσας
1617 4719 1676 4771 ὲν
1709 4716 1844 4771 ὑλα-

261 4812 472 4883 κισμῷ,
520 4813 617 4865 καὶ
650 4811 749 4874 τὰς
793 4806 1152 4873 δεικνυούσας
1179 4810 1517 4881 πυροὸολίαν
1544 4848 1560 4874 ,
1619 4808 1716 4863 καὶ
1744 4808 1845 4871 τὰς

266 4890 707 4980 περιπιπτούσας
740 4904 822 4967 είς
849 4904 910 4957 τὸ
937 4918 1127 4971 αυγος,
1159 4904 1249 4955 xal
1278 4903 1627 4972 ταράξαντας
1660 4905 1738 4966 είς
1784 4902 1845 4957 τὸ

266 4998 635 5071 ὐδρόσταθμα.
674 5015 692 5047 ι
744 4997 852 5048 Kal
885 4993 1159 5066 ἀλλαχοῦο
1204 5012 1222 5047 ι
1254 4995 1346 5048 Μὰ
1387 4995 1483 5049 τὸν
1526 4993 1781 5067 Ἀλεζερ.
1819 5013 1837 5046 ι

266 5094 483 5148 Τούτων
509 5091 565 5145 δὲ
583 5090 690 5143 τῶν
715 5090 895 5159 ὅρκων
930 5090 1057 5153 τοὺς
1090 5087 1188 5155 μὲν
1213 5087 1306 5140 τοῦ
1335 5086 1466 5158 παρ’
1503 5086 1669 5141 αὐτοῦ
1706 5086 1843 5140 Θεοῦ

266 5201 432 5255 φησιν
462 5178 620 5247 εἶναι,
650 5180 775 5242 τοὺς
799 5177 857 5231 δὲ
884 5177 1043 5239 αὐτὸς
1063 5177 1281 5246 ὄμνυσι,
1315 5175 1713 5244 καταπλήττων
1740 5174 1843 5228 κάν

266 5277 474 5339 τούτοις
506 5274 629 5335 τοὺς
657 5269 992 5341 βαρϐάρους,
1038 5270 1133 5321 καὶ
1188 5267 1360 5321 θέλων
1411 5267 1579 5334 δεῖξαι
1634 5266 1844 5329 τούτοις

268 5367 609 5439 πολυμαθὴς,
638 5363 731 5417 καὶ
747 5361 917 5433 βαθέα
947 5363 1225 5431 μυστήρια
1248 5360 1635 5430 ἐπιστάμενο;,
1661 5359 1848 5428 ὥσπερ

269 5462 363 5515 καὶ
389 5461 517 5513 ὅταν
542 5459 697 5528 λέγῃ,
732 5473 750 5507 ι
796 5451 1112 5522 Ἐπιγραφὴ
1147 5455 1226 5515 είς
1255 5452 1316 5505 τὸ
1362 5453 1564 5506 ’Δκκά’
1598 5470 1617 5503 ι
1659 5453 1752 5505 καὶ
1800 5454 1850 5505 τί

271 5552 419 5617 οἶδας
446 5551 499 5605 τί
538 5550 597 5603 τὸ
637 5548 809 5602 Ἀκκά
838 5562 851 5611 ;
884 5548 979 5599 καὶ
1010 5546 1144 5599 ἀλλα
1199 5544 1370 5600 πολλᾶ
1404 5545 1626 5598 τοιαῦτα
1651 5561 1845 5598 παντεο

272 5648 380 5711 λῶς
412 5645 734 5713 δύσφραστα
759 5642 855 5695 καὶ
884 5641 1115 5709 ἀνόητα,
1154 5642 1251 5694 καὶ
1272 5641 1371 5704 τὰς
1411 5638 1581 5701 ἀκοὰς
1614 5654 1852 5692 κατατυ-

278 5739 483 5793 ποῦντα
501 5736 610 5791 τῶν
643 5733 1106 5806 μαθητευομένων
1130 5732 1301 5805 αὐτῷ.

352 5897 479 5956 Ἔτι
510 5898 800 5966 ἐξόμνυται
845 5893 1090 5965 Μωάμεθ
1125 5893 1264 5950 κατά
1292 5910 1349 5948 τε
1388 5893 1537 5963 ἡλίου
1568 5893 1660 5947 καὶ
1696 5891 1854 5963 σελή-

1945 3596 2011 3651 Ει
2040 3596 2236 3648 iterum
2264 3593 2314 3647 in
2363 3592 2523 3648 aliis:
2576 3610 2594 3643 ι
2655 3590 2749 3645 Nai
2813 3608 2911 3662 per
2964 3608 3058 3648 eas
3094 3609 3214 3663 quae
3248 3604 3300 3650 at
3331 3600 3535 3655 ralnmt

1945 3687 2205 3751 bolidem,
2243 3700 2339 3756 per
2364 3685 2669 3740 adimentes
2722 3688 3081 3751 adimentum,
3141 3702 3237 3757 per
3282 3700 3533 3746 natantes

1944 3780 2301 3845 natationcm,
2336 3793 2430 3848 per
2457 3778 2820 3847 antlcipantes
2853 3778 3242 3849 anticipamen,
3280 3796 3373 3849 pcr
3437 3783 3534 3836 ad-

1953 3872 2337 3927 ministrantes
2382 3870 2661 3941 negotium
2723 3871 2778 3923 in
2826 3870 2913 3923 die
2967 3884 3078 3938 quo
3132 3878 3295 3926 terra:
3354 3881 3534 3932 motus

1945 3966 2145 4037 quatit.
2173 3983 2192 4017 ι
2216 3964 2514 4020 Etrursum
2550 3964 2605 4017 in
2628 3963 2732 4017 alia
2768 3979 2781 4017 :
2826 3980 2846 4015 ι
2884 3961 2976 4017 Nae
3004 3978 3100 4031 per
3130 3966 3327 4020 cmlum
3373 3969 3534 4021 turri-

1948 4067 2084 4122 tum,
2116 4065 2171 4109 et
2195 4053 2337 4109 diem
2370 4053 2799 4121 compositionis,
2836 4070 2932 4124 per
2962 4066 3154 4111 testem
3181 4066 3236 4111 et
3276 4057 3537 4112 testifica-

1949 4156 2086 4200 tum.
2131 4163 2149 4197 ι
2196 4144 2261 4199 Et
2292 4145 2586 4200 rnrsumin
2613 4146 2768 4200 alia:
2838 4165 2854 4197 ι
2920 4144 3013 4201 Nae
3066 4162 3164 4217 per
3218 4149 3418 4203 caelum
3480 4161 3533 4205 et

1944 4234 2175 4291 Altarilt.
2210 4253 2229 4285 ι
2271 4235 2338 4287 Ει
2390 4234 2481 4301 qui
2538 4234 2679 4288 scire
2734 4234 2911 4303 possis
2965 4233 3098 4305 quid
3158 4236 3231 4288 sit
3277 4235 3535 4291 Altarik?

1952 4342 1973 4377 ι
2001 4322 2192 4387 Stella,
2211 4322 2408 4391 inquit,
2431 4320 2758 4390 perforata.»
2785 4322 2918 4376 Etin
2939 4322 3047 4377 alio
3065 4323 3184 4379 loco
3214 4342 3229 4379 :
3270 4341 3289 4375 ι
3314 4324 3404 4378 Na:
3438 4337 3533 4396 per

1950 4416 2211 4487 fulgorem
2243 4423 2296 4469 et
2333 4424 2519 4468 noctes
2551 4413 2743 4467 decem
2777 4429 2793 4469 :
2848 4412 3282 4482 perjuncturam
3334 4424 3393 4470 et
3442 4431 3532 4471 se-

1946 4509 2291 4578 juncturam,
2325 4520 2423 4572 per
2455 4513 2669 4559 noctem
2716 4518 2839 4559 cum
2871 4518 3113 4573 expansa
3147 4503 3331 4559 fuerit.
3388 4524 3407 4557 ι
3467 4505 3535 4559 Ει

1950 4601 2218 4657 rursusin
2279 4599 2428 4653 alio:
2476 4616 2493 4648 ι
2536 4594 2628 4649 Nae
2655 4610 2752 4664 per
2770 4596 2903 4652 ficus
2937 4606 2991 4651 et
3017 4597 3167 4652 oleas
3203 4599 3404 4653 montis
3450 4599 3536 4653 Si-

1948 4709 2044 4755 na,
2088 4703 2141 4745 et
2177 4706 2272 4761 per
2306 4692 2450 4743 hanc
2480 4687 2782 4757 regionem.
2815 4705 2834 4738 ι
2869 4687 3006 4741 Etin
3035 4686 3145 4741 alio
3178 4704 3191 4741 :
3251 4705 3271 4740 ι
3315 4688 3406 4743 Na:
3439 4704 3535 4759 per

1950 4796 2258 4839 currentem
2294 4783 2343 4836 in
2412 4783 2638 4843 latratu,
2710 4788 2765 4834 et
2824 4794 2922 4848 per
2970 4792 3342 4836 monstrantes
3392 4782 3535 4853 ignis

1945 4876 2292 4945 jaeula;per
2332 4889 2453 4929 eam
2486 4888 2608 4943 quae
2660 4872 2853 4927 incidit
2899 4873 2952 4927 in
2999 4872 3288 4943 fulgorem,
3330 4884 3383 4928 et
3436 4890 3535 4942 per

1950 4983 2045 5023 eos
2076 4969 2166 5038 qui
2206 4969 2428 5022 turbant
2463 4981 2664 5035 aquam
2723 4974 3091 5037 stagnantem.
3155 4985 3175 5020 ι
3215 4968 3283 5023 Ει
3339 4969 3467 5025 alibi
3516 4987 3528 5023 :

1958 5080 1975 5113 ι
2010 5059 2103 5115 Na:
2127 5076 2223 5128 per
2258 5060 2474 5113 Alczer.
2509 5077 2526 5111 ι
2556 5058 2759 5113 llarum
2787 5072 2916 5112 vero
2941 5056 3301 5113 formularum
3341 5062 3533 5128 juran—

1951 5155 2029 5217 di,
2092 5154 2226 5207 alias
2261 5154 2481 5223 quidem
2518 5152 2604 5208 sui
2640 5152 2734 5207 Dei
2752 5165 2877 5206 esse
2905 5151 3021 5216 ait;
3050 5151 3172 5205 aliis
3224 5166 3353 5208 vero
3419 5153 3533 5223 ipse

1954 5251 2147 5311 utitur,
2197 5248 2385 5301 volens
2418 5248 2472 5299 in
2538 5246 2626 5299 his
2702 5259 2917 5316 quoque
2975 5246 3238 5302 barbaros
3282 5259 3528 5303 constcr.

1954 5355 2109 5404 nare,
2176 5350 2340 5407 atque
2396 5336 2689 5391 ostendere
2739 5350 2799 5391 se
2872 5336 3230 5406 multiplicem
3294 5338 3534 5407 discipli-

1957 5448 2081 5487 nam
2136 5448 2201 5487 ac
2259 5429 2529 5499 profunda
2583 5428 2839 5498 mysteria
2888 5428 3126 5494 callere;
3186 5437 3243 5484 ut
3296 5439 3351 5483 et
3405 5446 3529 5484 cum

1957 5526 2125 5581 dicit:
2153 5526 2440 5593 Inscriptio
2467 5523 2524 5576 in
2560 5522 2745 5585 Acca;
2779 5528 2835 5576 et
2867 5520 2958 5589 qui
3000 5522 3142 5576 scire
3192 5520 3376 5588 possis
3401 5522 3530 5587 quid

1964 5617 2034 5671 sit
2055 5617 2198 5671 Acca
2217 5618 2240 5669 7
2257 5616 2473 5683 aliaque
2500 5612 2765 5681 permulta
2790 5611 3077 5681 ejusmodi,
3103 5626 3222 5681 quae
3247 5622 3297 5667 et
3322 5613 3530 5681 prolatu

1958 5720 2085 5765 sunt
2127 5708 2389 5772 difficilia,
2429 5717 2481 5760 et
2512 5705 2734 5774 intelligi
2767 5718 2991 5773 prorsus
3030 5713 3326 5774 nequeunt,
3368 5717 3533 5760 aures

1963 5818 2155 5872 nempe
2179 5815 2407 5855 suorum
2431 5796 2823 5868 discipulorum
2856 5796 3225 5866 percellentia.

2031 5893 2185 5951 Jurat
2234 5902 2495 5962 prmterea
2564 5888 2837 5946 Moaunetlt
2903 5902 2999 5957 per
3063 5875 3527 5957 sulcutglttnam.
