  <div class='ocr_page' id='page_1' title='image "/cluster/home/n/w/nwhite01/storage/ocr_20150623/130/hvd.32044019208255/682.png"; bbox 0 0 3930 6554; ppageno 0'>
   <div class='ocr_carea' id='block_1_1' title="bbox 245 445 384 510">
    <p class='ocr_par' dir='ltr' id='par_1_1' title="bbox 245 445 384 510">
     <span class='ocr_line' id='line_1_1' title="bbox 245 445 384 510; baseline -0.029 0"><span class='ocrx_word' id='word_1_1' title='bbox 245 445 384 510; x_wconf 68' lang='grc' dir='ltr'><strong>1Ἰ49</strong></span> 
     </span>
    </p>
   </div>
   <div class='ocr_carea' id='block_1_2' title="bbox 1110 427 2578 498">
    <p class='ocr_par' dir='ltr' id='par_1_2' title="bbox 1110 427 2578 498">
     <span class='ocr_line' id='line_1_2' title="bbox 1110 427 2578 498; baseline -0.008 0"><span class='ocrx_word' id='word_1_2' title='bbox 1110 435 1484 498; x_wconf 77' lang='lat' dir='ltr'><strong>PANOPLlA</strong></span> <span class='ocrx_word' id='word_1_3' title='bbox 1528 428 1982 492; x_wconf 70' lang='lat' dir='ltr'><strong>DOGMATICA.</strong></span> <span class='ocrx_word' id='word_1_4' title='bbox 2022 453 2090 465; x_wconf 83' lang='grc'><strong>-·-</strong></span> <span class='ocrx_word' id='word_1_5' title='bbox 2123 428 2269 489; x_wconf 89' lang='lat' dir='ltr'><strong>TlT.</strong></span> <span class='ocrx_word' id='word_1_6' title='bbox 2302 427 2578 490; x_wconf 76' lang='lat' dir='ltr'><strong>XXVIII.</strong></span> 
     </span>
    </p>
   </div>
   <div class='ocr_carea' id='block_1_3' title="bbox 3361 419 3502 486">
    <p class='ocr_par' dir='ltr' id='par_1_3' title="bbox 3361 419 3502 486">
     <span class='ocr_line' id='line_1_3' title="bbox 3361 419 3502 486; baseline -0.035 0"><span class='ocrx_word' id='word_1_7' title='bbox 3361 419 3502 486; x_wconf 80' lang='lat'><strong>1350</strong></span> 
     </span>
    </p>
   </div>
   <div class='ocr_carea' id='block_1_4' title="bbox 240 535 1848 628">
    <p class='ocr_par' dir='ltr' id='par_1_4' title="bbox 240 549 1848 628">
     <span class='ocr_line' id='line_1_4' title="bbox 240 549 1848 628; baseline -0.011 -13"><span class='ocrx_word' id='word_1_8' title='bbox 240 581 346 618; x_wconf 90' lang='grc' dir='ltr'>σιν.</span> <span class='ocrx_word' id='word_1_9' title='bbox 364 561 528 614; x_wconf 74' lang='grc' dir='ltr'>Ἀλλὰ</span> <span class='ocrx_word' id='word_1_10' title='bbox 547 560 660 622; x_wconf 83' lang='grc' dir='ltr'><strong>πῶς</strong></span> <span class='ocrx_word' id='word_1_11' title='bbox 682 558 865 628; x_wconf 79' lang='grc' dir='ltr'>ἄψυχα</span> <span class='ocrx_word' id='word_1_12' title='bbox 887 555 1057 610; x_wconf 83' lang='grc' dir='ltr'>ταῦτα</span> <span class='ocrx_word' id='word_1_13' title='bbox 1073 556 1222 618; x_wconf 76' lang='grc' dir='ltr'>ὄντα,</span> <span class='ocrx_word' id='word_1_14' title='bbox 1240 552 1493 605; x_wconf 76' lang='grc' dir='ltr'>ἱππεύειν</span> <span class='ocrx_word' id='word_1_15' title='bbox 1524 549 1776 602; x_wconf 82' lang='grc' dir='ltr'>δύνανται</span> <span class='ocrx_word' id='word_1_16' title='bbox 1797 561 1812 608; x_wconf 84' lang='grc'>;</span> <span class='ocrx_word' id='word_1_17' title='bbox 1845 593 1848 603; x_wconf 80' lang='grc'><strong>,</strong></span> 
     </span>
    </p>
   </div>
   <div class='ocr_carea' id='block_1_5' title="bbox 1965 535 3503 628">
    <p class='ocr_par' dir='ltr' id='par_1_5' title="bbox 1965 535 3503 606">
     <span class='ocr_line' id='line_1_5' title="bbox 1965 535 3503 606; baseline -0.007 -9"><span class='ocrx_word' id='word_1_18' title='bbox 1965 547 2187 600; x_wconf 80' lang='lat' dir='ltr'><strong>nomodo</strong></span> <span class='ocrx_word' id='word_1_19' title='bbox 2221 560 2353 606; x_wconf 70' lang='lat' dir='ltr'><strong>nzec,</strong></span> <span class='ocrx_word' id='word_1_20' title='bbox 2382 559 2500 597; x_wconf 88' lang='lat' dir='ltr'><strong>cum</strong></span> <span class='ocrx_word' id='word_1_21' title='bbox 2535 550 2641 596; x_wconf 89' lang='lat' dir='ltr'><strong>sutt</strong></span> <span class='ocrx_word' id='word_1_22' title='bbox 2668 539 2926 600; x_wconf 84' lang='lat' dir='ltr'><strong>inanima,</strong></span> <span class='ocrx_word' id='word_1_23' title='bbox 2955 535 3198 602; x_wconf 89' lang='lat' dir='ltr'><strong>equitare</strong></span> <span class='ocrx_word' id='word_1_24' title='bbox 3233 535 3503 602; x_wconf 71' lang='lat' dir='ltr'><strong>pos-unt?</strong></span> 
     </span>
    </p>
   </div>
   <div class='ocr_carea' id='block_1_6' title="bbox 242 641 1816 718">
    <p class='ocr_par' dir='ltr' id='par_1_6' title="bbox 242 641 1816 718">
     <span class='ocr_line' id='line_1_6' title="bbox 242 641 1816 718; baseline -0.011 -11"><span class='ocrx_word' id='word_1_25' title='bbox 242 655 360 716; x_wconf 82' lang='grc' dir='ltr'><strong>πῶς</strong></span> <span class='ocrx_word' id='word_1_26' title='bbox 393 653 447 706; x_wconf 80' lang='grc' dir='ltr'><strong>δὲ</strong></span> <span class='ocrx_word' id='word_1_27' title='bbox 483 653 574 704; x_wconf 76' lang='grc' dir='ltr'><strong>καὶ</strong></span> <span class='ocrx_word' id='word_1_28' title='bbox 605 653 654 703; x_wconf 81' lang='lat' dir='ltr'><strong>oi</strong></span> <span class='ocrx_word' id='word_1_29' title='bbox 696 651 852 703; x_wconf 76' lang='grc' dir='ltr'>ἵπποι</span> <span class='ocrx_word' id='word_1_30' title='bbox 881 649 1062 718; x_wconf 76' lang='grc' dir='ltr'>ὄχημα</span> <span class='ocrx_word' id='word_1_31' title='bbox 1098 646 1270 716; x_wconf 80' lang='grc' dir='ltr'>πυρὸς</span> <span class='ocrx_word' id='word_1_32' title='bbox 1292 641 1431 698; x_wconf 74' lang='grc' dir='ltr'>εἶναι</span> <span class='ocrx_word' id='word_1_33' title='bbox 1477 641 1816 710; x_wconf 84' lang='grc' dir='ltr'>ύποστήσον-</span> 
     </span>
    </p>
   </div>
   <div class='ocr_carea' id='block_1_7' title="bbox 239 731 1815 814">
    <p class='ocr_par' dir='ltr' id='par_1_7' title="bbox 239 731 1815 814">
     <span class='ocr_line' id='line_1_7' title="bbox 239 731 1815 814; baseline -0.01 -16"><span class='ocrx_word' id='word_1_34' title='bbox 239 763 358 811; x_wconf 78' lang='grc' dir='ltr'>ται;</span> <span class='ocrx_word' id='word_1_35' title='bbox 394 746 579 814; x_wconf 74' lang='grc' dir='ltr'>Γῄῖνος</span> <span class='ocrx_word' id='word_1_36' title='bbox 610 743 717 811; x_wconf 84' lang='grc' dir='ltr'>γὰρ</span> <span class='ocrx_word' id='word_1_37' title='bbox 752 743 985 803; x_wconf 74' lang='grc' dir='ltr'>ἕκαστος</span> <span class='ocrx_word' id='word_1_38' title='bbox 1023 741 1206 804; x_wconf 79' lang='grc' dir='ltr'>ἵππος,</span> <span class='ocrx_word' id='word_1_39' title='bbox 1242 740 1334 790; x_wconf 77' lang='grc' dir='ltr'>καὶ</span> <span class='ocrx_word' id='word_1_40' title='bbox 1371 735 1581 803; x_wconf 85' lang='grc' dir='ltr'>δαπάνη</span> <span class='ocrx_word' id='word_1_41' title='bbox 1622 731 1815 803; x_wconf 83' lang='grc' dir='ltr'>πυρός.</span> 
     </span>
    </p>
   </div>
   <div class='ocr_carea' id='block_1_8' title="bbox 245 818 1819 902">
    <p class='ocr_par' dir='ltr' id='par_1_8' title="bbox 245 818 1819 902">
     <span class='ocr_line' id='line_1_8' title="bbox 245 818 1819 902; baseline -0.009 -12"><span class='ocrx_word' id='word_1_42' title='bbox 245 838 310 890; x_wconf 83' lang='grc' dir='ltr'><strong>Οί</strong></span> <span class='ocrx_word' id='word_1_43' title='bbox 341 837 397 890; x_wconf 81' lang='grc' dir='ltr'><strong>δὲ</strong></span> <span class='ocrx_word' id='word_1_44' title='bbox 434 836 572 889; x_wconf 75' lang='grc' dir='ltr'>κατὰ</span> <span class='ocrx_word' id='word_1_45' title='bbox 602 833 694 886; x_wconf 77' lang='grc' dir='ltr'>τὸν</span> <span class='ocrx_word' id='word_1_46' title='bbox 738 834 923 887; x_wconf 80' lang='grc' dir='ltr'>Ἠλίαν</span> <span class='ocrx_word' id='word_1_47' title='bbox 958 833 1196 902; x_wconf 79' lang='grc' dir='ltr'>ἔμπυροι</span> <span class='ocrx_word' id='word_1_48' title='bbox 1241 830 1395 882; x_wconf 81' lang='grc' dir='ltr'>ἵπποι</span> <span class='ocrx_word' id='word_1_49' title='bbox 1432 828 1491 881; x_wconf 81' lang='grc' dir='ltr'>οὑ</span> <span class='ocrx_word' id='word_1_50' title='bbox 1545 823 1707 896; x_wconf 82' lang='grc' dir='ltr'>φύσιν</span> <span class='ocrx_word' id='word_1_51' title='bbox 1742 818 1819 876; x_wconf 77' lang='grc' dir='ltr'><strong>εῖ-</strong></span> 
     </span>
    </p>
   </div>
   <div class='ocr_carea' id='block_1_9' title="bbox 245 915 1822 1000">
    <p class='ocr_par' dir='ltr' id='par_1_9' title="bbox 245 915 1822 1000">
     <span class='ocr_line' id='line_1_9' title="bbox 245 915 1822 1000; baseline -0.007 -20"><span class='ocrx_word' id='word_1_52' title='bbox 245 948 340 1000; x_wconf 83' lang='grc' dir='ltr'>χον</span> <span class='ocrx_word' id='word_1_53' title='bbox 367 929 572 993; x_wconf 78' lang='grc' dir='ltr'>ἵππων,</span> <span class='ocrx_word' id='word_1_54' title='bbox 605 925 741 981; x_wconf 74' lang='grc' dir='ltr'>ἀλλὰ</span> <span class='ocrx_word' id='word_1_55' title='bbox 774 927 963 997; x_wconf 84' lang='grc' dir='ltr'>σχῆμα</span> <span class='ocrx_word' id='word_1_56' title='bbox 990 923 1177 996; x_wconf 84' lang='grc' dir='ltr'>μόνον,</span> <span class='ocrx_word' id='word_1_57' title='bbox 1210 920 1432 992; x_wconf 75' lang='grc' dir='ltr'>ἄγγελοι</span> <span class='ocrx_word' id='word_1_58' title='bbox 1458 917 1594 973; x_wconf 81' lang='grc' dir='ltr'>Θεοῦ</span> <span class='ocrx_word' id='word_1_59' title='bbox 1622 915 1822 986; x_wconf 84' lang='grc' dir='ltr'>τυγχά-</span> 
     </span>
    </p>
   </div>
   <div class='ocr_carea' id='block_1_10' title="bbox 244 1039 450 1086">
    <p class='ocr_par' dir='ltr' id='par_1_10' title="bbox 244 1039 450 1086">
     <span class='ocr_line' id='line_1_10' title="bbox 244 1039 450 1086; baseline -0.01 -10"><span class='ocrx_word' id='word_1_60' title='bbox 244 1039 450 1086; x_wconf 87' lang='grc' dir='ltr'>νοντες.</span> 
     </span>
    </p>
   </div>
   <div class='ocr_carea' id='block_1_11' title="bbox 324 1103 1824 1182">
    <p class='ocr_par' dir='ltr' id='par_1_11' title="bbox 324 1103 1824 1182">
     <span class='ocr_line' id='line_1_11' title="bbox 324 1103 1824 1182; baseline -0.005 -16"><span class='ocrx_word' id='word_1_61' title='bbox 324 1111 405 1166; x_wconf 86' lang='grc' dir='ltr'>ιε’.</span> <span class='ocrx_word' id='word_1_62' title='bbox 451 1113 543 1165; x_wconf 85' lang='grc' dir='ltr'><strong>Ἐκ</strong></span> <span class='ocrx_word' id='word_1_63' title='bbox 566 1110 790 1182; x_wconf 76' lang='grc' dir='ltr'>βδέλλης</span> <span class='ocrx_word' id='word_1_64' title='bbox 844 1107 1132 1181; x_wconf 74' lang='grc' dir='ltr'>ἄνθρωπον</span> <span class='ocrx_word' id='word_1_65' title='bbox 1170 1106 1418 1177; x_wconf 87' lang='grc' dir='ltr'>γίνεσθαι</span> <span class='ocrx_word' id='word_1_66' title='bbox 1447 1105 1620 1172; x_wconf 81' lang='grc' dir='ltr'><strong>λέγει.</strong></span> <span class='ocrx_word' id='word_1_67' title='bbox 1661 1103 1824 1158; x_wconf 72' lang='grc' dir='ltr'>Ἀλλὰ</span> 
     </span>
    </p>
   </div>
   <div class='ocr_carea' id='block_1_12' title="bbox 249 1195 1822 1274">
    <p class='ocr_par' dir='ltr' id='par_1_12' title="bbox 249 1195 1822 1274">
     <span class='ocr_line' id='line_1_12' title="bbox 249 1195 1822 1274; baseline -0.006 -17"><span class='ocrx_word' id='word_1_68' title='bbox 249 1205 371 1268; x_wconf 84' lang='grc' dir='ltr'><strong>πῶς</strong></span> <span class='ocrx_word' id='word_1_69' title='bbox 399 1205 464 1257; x_wconf 78' lang='grc' dir='ltr'><strong>ὲκ</strong></span> <span class='ocrx_word' id='word_1_70' title='bbox 521 1203 614 1258; x_wconf 82' lang='grc' dir='ltr'><strong>τοῦ</strong></span> <span class='ocrx_word' id='word_1_71' title='bbox 654 1203 978 1274; x_wconf 82' lang='grc' dir='ltr'>ἀτιμοτάτου</span> <span class='ocrx_word' id='word_1_72' title='bbox 1023 1201 1084 1255; x_wconf 84' lang='grc' dir='ltr'>τὸ</span> <span class='ocrx_word' id='word_1_73' title='bbox 1111 1200 1463 1270; x_wconf 85' lang='grc' dir='ltr'>τιμιώτατον,</span> <span class='ocrx_word' id='word_1_74' title='bbox 1506 1196 1602 1250; x_wconf 61' lang='grc' dir='ltr'><strong>καλ¹</strong></span> <span class='ocrx_word' id='word_1_75' title='bbox 1635 1197 1698 1249; x_wconf 80' lang='grc' dir='ltr'><strong>ὲκ</strong></span> <span class='ocrx_word' id='word_1_76' title='bbox 1730 1195 1822 1248; x_wconf 78' lang='grc' dir='ltr'><strong>τοῦ</strong></span> 
     </span>
    </p>
   </div>
   <div class='ocr_carea' id='block_1_13' title="bbox 251 1285 1820 1364">
    <p class='ocr_par' dir='ltr' id='par_1_13' title="bbox 251 1285 1820 1364">
     <span class='ocr_line' id='line_1_13' title="bbox 251 1285 1820 1364; baseline -0.008 -16"><span class='ocrx_word' id='word_1_77' title='bbox 251 1295 452 1364; x_wconf 81' lang='grc' dir='ltr'>ἀλόγου</span> <span class='ocrx_word' id='word_1_78' title='bbox 487 1295 577 1348; x_wconf 80' lang='grc' dir='ltr'>τὸν</span> <span class='ocrx_word' id='word_1_79' title='bbox 601 1293 846 1361; x_wconf 68' lang='grc' dir='ltr'>λογικὸν,</span> <span class='ocrx_word' id='word_1_80' title='bbox 877 1292 973 1347; x_wconf 72' lang='grc' dir='ltr'><strong>καὶ</strong></span> <span class='ocrx_word' id='word_1_81' title='bbox 1003 1291 1067 1344; x_wconf 76' lang='grc' dir='ltr'><strong>ὲκ</strong></span> <span class='ocrx_word' id='word_1_82' title='bbox 1092 1289 1188 1344; x_wconf 75' lang='grc' dir='ltr'>τοῦ</span> <span class='ocrx_word' id='word_1_83' title='bbox 1230 1288 1466 1359; x_wconf 76' lang='grc' dir='ltr'>φευκτοῦ</span> <span class='ocrx_word' id='word_1_84' title='bbox 1497 1288 1557 1338; x_wconf 77' lang='grc' dir='ltr'>τὸ</span> <span class='ocrx_word' id='word_1_85' title='bbox 1593 1285 1820 1349; x_wconf 83' lang='grc' dir='ltr'>εύκτόν;</span> 
     </span>
    </p>
   </div>
   <div class='ocr_carea' id='block_1_14' title="bbox 327 1551 1832 1629">
    <p class='ocr_par' dir='ltr' id='par_1_14' title="bbox 327 1551 1832 1629">
     <span class='ocr_line' id='line_1_14' title="bbox 327 1551 1832 1629; baseline -0.011 -11"><span class='ocrx_word' id='word_1_86' title='bbox 327 1561 425 1629; x_wconf 86' lang='grc' dir='ltr'>ις’.</span> <span class='ocrx_word' id='word_1_87' title='bbox 453 1562 550 1616; x_wconf 81' lang='grc' dir='ltr'><strong>Ἐκ</strong></span> <span class='ocrx_word' id='word_1_88' title='bbox 572 1560 790 1614; x_wconf 78' lang='grc' dir='ltr'>πάντων</span> <span class='ocrx_word' id='word_1_89' title='bbox 806 1559 914 1613; x_wconf 84' lang='grc' dir='ltr'><strong>τῶν</strong></span> <span class='ocrx_word' id='word_1_90' title='bbox 934 1558 1089 1621; x_wconf 75' lang='grc' dir='ltr'>ζώων</span> <span class='ocrx_word' id='word_1_91' title='bbox 1105 1558 1202 1628; x_wconf 81' lang='grc' dir='ltr'>τῆς</span> <span class='ocrx_word' id='word_1_92' title='bbox 1228 1555 1483 1628; x_wconf 79' lang='grc' dir='ltr'><strong>βρώσεως</strong></span> <span class='ocrx_word' id='word_1_93' title='bbox 1503 1551 1832 1622; x_wconf 81' lang='grc' dir='ltr'>ἀποπέμπε-</span> 
     </span>
    </p>
   </div>
   <div class='ocr_carea' id='block_1_15' title="bbox 256 1643 1831 1727">
    <p class='ocr_par' dir='ltr' id='par_1_15' title="bbox 256 1643 1831 1727">
     <span class='ocr_line' id='line_1_15' title="bbox 256 1643 1831 1727; baseline -0.01 -17"><span class='ocrx_word' id='word_1_94' title='bbox 256 1673 347 1710; x_wconf 86' lang='grc' dir='ltr'><strong>ται</strong></span> <span class='ocrx_word' id='word_1_95' title='bbox 367 1655 529 1727; x_wconf 84' lang='grc' dir='ltr'>μόνον</span> <span class='ocrx_word' id='word_1_96' title='bbox 558 1653 650 1706; x_wconf 78' lang='grc' dir='ltr'>τὸν</span> <span class='ocrx_word' id='word_1_97' title='bbox 680 1654 889 1722; x_wconf 70' lang='grc' dir='ltr'>χοῖρον*</span> <span class='ocrx_word' id='word_1_98' title='bbox 921 1650 1044 1703; x_wconf 78' lang='grc' dir='ltr'>οὕτε</span> <span class='ocrx_word' id='word_1_99' title='bbox 1072 1649 1128 1702; x_wconf 82' lang='grc' dir='ltr'><strong>δὲ</strong></span> <span class='ocrx_word' id='word_1_100' title='bbox 1157 1649 1316 1715; x_wconf 83' lang='grc' dir='ltr'>κύνα,</span> <span class='ocrx_word' id='word_1_101' title='bbox 1345 1646 1468 1701; x_wconf 72' lang='grc' dir='ltr'>οὔτε</span> <span class='ocrx_word' id='word_1_102' title='bbox 1495 1645 1681 1708; x_wconf 80' lang='grc' dir='ltr'>λύκον,</span> <span class='ocrx_word' id='word_1_103' title='bbox 1706 1643 1831 1696; x_wconf 76' lang='grc' dir='ltr'>οὔτε</span> 
     </span>
    </p>
   </div>
   <div class='ocr_carea' id='block_1_16' title="bbox 254 1736 1830 1812">
    <p class='ocr_par' dir='ltr' id='par_1_16' title="bbox 254 1736 1830 1812">
     <span class='ocr_line' id='line_1_16' title="bbox 254 1736 1830 1812; baseline -0.01 -8"><span class='ocrx_word' id='word_1_104' title='bbox 254 1767 308 1804; x_wconf 88' lang='grc' dir='ltr'><strong>τι</strong></span> <span class='ocrx_word' id='word_1_105' title='bbox 353 1749 515 1803; x_wconf 79' lang='grc' dir='ltr'>ἄλλο·</span> <span class='ocrx_word' id='word_1_106' title='bbox 555 1747 692 1802; x_wconf 80' lang='grc' dir='ltr'>ἀλλὰ</span> <span class='ocrx_word' id='word_1_107' title='bbox 725 1745 944 1798; x_wconf 88' lang='grc' dir='ltr'>πάντων</span> <span class='ocrx_word' id='word_1_108' title='bbox 978 1743 1230 1812; x_wconf 76' lang='grc' dir='ltr'><strong>μετέχειν</strong></span> <span class='ocrx_word' id='word_1_109' title='bbox 1271 1739 1644 1811; x_wconf 77' lang='grc' dir='ltr'><strong>προτρέπεται</strong></span> <span class='ocrx_word' id='word_1_110' title='bbox 1700 1736 1830 1799; x_wconf 76' lang='grc' dir='ltr'>τοὺς</span> 
     </span>
    </p>
   </div>
   <div class='ocr_carea' id='block_1_17' title="bbox 1924 627 3502 706">
    <p class='ocr_par' dir='ltr' id='par_1_17' title="bbox 1924 627 3502 706">
     <span class='ocr_line' id='line_1_17' title="bbox 1924 627 3502 706; baseline -0.006 -16"><span class='ocrx_word' id='word_1_111' title='bbox 1924 638 2336 706; x_wconf 89' lang='lat' dir='ltr'><strong>quomodoequi</strong></span> <span class='ocrx_word' id='word_1_112' title='bbox 2367 636 2505 704; x_wconf 84' lang='lat' dir='ltr'><strong>ignis</strong></span> <span class='ocrx_word' id='word_1_113' title='bbox 2563 629 2875 687; x_wconf 86' lang='lat' dir='ltr'><strong>vehiculum</strong></span> <span class='ocrx_word' id='word_1_114' title='bbox 2931 643 3048 684; x_wconf 88' lang='lat' dir='ltr'><strong>esse</strong></span> <span class='ocrx_word' id='word_1_115' title='bbox 3121 627 3502 682; x_wconf 81' lang='lat' dir='ltr'><strong>sustinebunt?</strong></span> 
     </span>
    </p>
   </div>
   <div class='ocr_carea' id='block_1_18' title="bbox 1923 719 3500 798">
    <p class='ocr_par' dir='ltr' id='par_1_18' title="bbox 1923 719 3500 798">
     <span class='ocr_line' id='line_1_18' title="bbox 1923 719 3500 798; baseline -0.008 -15"><span class='ocrx_word' id='word_1_116' title='bbox 1923 730 2108 798; x_wconf 84' lang='lat' dir='ltr'><strong>Equus</strong></span> <span class='ocrx_word' id='word_1_117' title='bbox 2130 728 2274 782; x_wconf 92' lang='lat' dir='ltr'><strong>enim</strong></span> <span class='ocrx_word' id='word_1_118' title='bbox 2317 725 2594 782; x_wconf 86' lang='lat' dir='ltr'><strong>terrestris</strong></span> <span class='ocrx_word' id='word_1_119' title='bbox 2621 735 2723 789; x_wconf 75' lang='grc' dir='ltr'>εει,</span> <span class='ocrx_word' id='word_1_120' title='bbox 2759 731 2810 777; x_wconf 91' lang='lat' dir='ltr'><strong>et</strong></span> <span class='ocrx_word' id='word_1_121' title='bbox 2844 722 2951 790; x_wconf 84' lang='lat' dir='ltr'><strong>igni</strong></span> <span class='ocrx_word' id='word_1_122' title='bbox 2985 719 3278 790; x_wconf 82' lang='lat' dir='ltr'><strong>deﬂagrare</strong></span> <span class='ocrx_word' id='word_1_123' title='bbox 3304 727 3500 787; x_wconf 91' lang='lat' dir='ltr'><strong>potest.</strong></span> 
     </span>
    </p>
   </div>
   <div class='ocr_carea' id='block_1_19' title="bbox 1923 810 3504 892">
    <p class='ocr_par' dir='ltr' id='par_1_19' title="bbox 1923 810 3504 892">
     <span class='ocr_line' id='line_1_19' title="bbox 1923 810 3504 892; baseline -0.008 -16"><span class='ocrx_word' id='word_1_124' title='bbox 1923 821 2052 877; x_wconf 77' lang='lat' dir='ltr'><strong>Elite</strong></span> <span class='ocrx_word' id='word_1_125' title='bbox 2081 837 2206 876; x_wconf 87' lang='lat' dir='ltr'><strong>vero</strong></span> <span class='ocrx_word' id='word_1_126' title='bbox 2238 820 2310 874; x_wconf 83' lang='lat' dir='ltr'><strong>illi</strong></span> <span class='ocrx_word' id='word_1_127' title='bbox 2339 820 2478 892; x_wconf 81' lang='lat' dir='ltr'><strong>ignei</strong></span> <span class='ocrx_word' id='word_1_128' title='bbox 2514 820 2634 888; x_wconf 90' lang='lat' dir='ltr'><strong>equi</strong></span> <span class='ocrx_word' id='word_1_129' title='bbox 2695 817 2920 888; x_wconf 75' lang='lat' dir='ltr'><strong>figuram</strong></span> <span class='ocrx_word' id='word_1_130' title='bbox 2944 829 3203 882; x_wconf 89' lang='lat' dir='ltr'><strong>equorum</strong></span> <span class='ocrx_word' id='word_1_131' title='bbox 3255 810 3504 883; x_wconf 65' lang='lat' dir='ltr'><strong>praefere-</strong></span> 
     </span>
    </p>
   </div>
   <div class='ocr_carea' id='block_1_20' title="bbox 1923 909 2993 982">
    <p class='ocr_par' dir='ltr' id='par_1_20' title="bbox 1923 909 2993 982">
     <span class='ocr_line' id='line_1_20' title="bbox 1923 909 2993 982; baseline -0.008 -11"><span class='ocrx_word' id='word_1_132' title='bbox 1923 915 2074 981; x_wconf 88' lang='lat' dir='ltr'><strong>bant,</strong></span> <span class='ocrx_word' id='word_1_133' title='bbox 2102 929 2222 969; x_wconf 87' lang='lat' dir='ltr'><strong>cum</strong></span> <span class='ocrx_word' id='word_1_134' title='bbox 2253 927 2436 968; x_wconf 81' lang='lat' dir='ltr'><strong>revera</strong></span> <span class='ocrx_word' id='word_1_135' title='bbox 2464 912 2636 982; x_wconf 81' lang='lat' dir='ltr'><strong>angeli</strong></span> <span class='ocrx_word' id='word_1_136' title='bbox 2664 909 2757 967; x_wconf 87' lang='lat' dir='ltr'><strong>Dei</strong></span> <span class='ocrx_word' id='word_1_137' title='bbox 2789 915 2993 964; x_wconf 86' lang='lat' dir='ltr'><strong>essent.</strong></span> 
     </span>
    </p>
   </div>
   <div class='ocr_carea' id='block_1_21' title="bbox 2002 1094 3510 1166">
    <p class='ocr_par' dir='ltr' id='par_1_21' title="bbox 2002 1094 3510 1166">
     <span class='ocr_line' id='line_1_21' title="bbox 2002 1094 3510 1166; baseline -0.001 -16"><span class='ocrx_word' id='word_1_138' title='bbox 2002 1097 2086 1152; x_wconf 81' lang='lat' dir='ltr'><strong>l5.</strong></span> <span class='ocrx_word' id='word_1_139' title='bbox 2121 1097 2193 1150; x_wconf 84' lang='lat' dir='ltr'><strong>Ex</strong></span> <span class='ocrx_word' id='word_1_140' title='bbox 2235 1094 2493 1150; x_wconf 86' lang='lat' dir='ltr'><strong>hirudine</strong></span> <span class='ocrx_word' id='word_1_141' title='bbox 2536 1095 2649 1151; x_wconf 86' lang='lat' dir='ltr'><strong>sive</strong></span> <span class='ocrx_word' id='word_1_142' title='bbox 2679 1097 3004 1166; x_wconf 77' lang='lat' dir='ltr'><strong>sanguisuga</strong></span> <span class='ocrx_word' id='word_1_143' title='bbox 3070 1095 3340 1151; x_wconf 81' lang='lat' dir='ltr'><strong>hominem</strong></span> <span class='ocrx_word' id='word_1_144' title='bbox 3395 1097 3510 1150; x_wconf 79' lang='lat' dir='ltr'><strong>ﬁeri</strong></span> 
     </span>
    </p>
   </div>
   <div class='ocr_carea' id='block_1_22' title="bbox 1931 1189 3514 1261">
    <p class='ocr_par' dir='ltr' id='par_1_22' title="bbox 1931 1189 3514 1261">
     <span class='ocr_line' id='line_1_22' title="bbox 1931 1189 3514 1261; baseline -0.003 -15"><span class='ocrx_word' id='word_1_145' title='bbox 1931 1189 2081 1246; x_wconf 87' lang='lat' dir='ltr'><strong>dicit.</strong></span> <span class='ocrx_word' id='word_1_146' title='bbox 2119 1190 2321 1245; x_wconf 69' lang='lat' dir='ltr'><strong>Verum</strong></span> <span class='ocrx_word' id='word_1_147' title='bbox 2354 1190 2635 1244; x_wconf 83' lang='lat' dir='ltr'><strong>enimvero</strong></span> <span class='ocrx_word' id='word_1_148' title='bbox 2682 1205 2784 1259; x_wconf 85' lang='lat' dir='ltr'><strong>qua</strong></span> <span class='ocrx_word' id='word_1_149' title='bbox 2816 1190 3024 1246; x_wconf 80' lang='lat' dir='ltr'><strong>ratione</strong></span> <span class='ocrx_word' id='word_1_150' title='bbox 3052 1207 3115 1245; x_wconf 91' lang='lat' dir='ltr'><strong>ex</strong></span> <span class='ocrx_word' id='word_1_151' title='bbox 3146 1191 3514 1261; x_wconf 69' lang='lat' dir='ltr'><strong>abiectissium</strong></span> 
     </span>
    </p>
   </div>
   <div class='ocr_carea' id='block_1_23' title="bbox 1929 1281 3514 1355">
    <p class='ocr_par' dir='ltr' id='par_1_23' title="bbox 1929 1281 3514 1355">
     <span class='ocr_line' id='line_1_23' title="bbox 1929 1281 3514 1355; baseline 0.001 -18"><span class='ocrx_word' id='word_1_152' title='bbox 1929 1284 2410 1355; x_wconf 87' lang='lat' dir='ltr'><strong>pretiosissimum,</strong></span> <span class='ocrx_word' id='word_1_153' title='bbox 2439 1299 2502 1337; x_wconf 87' lang='lat' dir='ltr'><strong>ex</strong></span> <span class='ocrx_word' id='word_1_154' title='bbox 2538 1284 2699 1338; x_wconf 88' lang='lat' dir='ltr'><strong>bruto</strong></span> <span class='ocrx_word' id='word_1_155' title='bbox 2749 1281 2956 1336; x_wconf 89' lang='lat' dir='ltr'><strong>ratione</strong></span> <span class='ocrx_word' id='word_1_156' title='bbox 3022 1286 3324 1352; x_wconf 72' lang='lat' dir='ltr'><strong>prazditum,</strong></span> <span class='ocrx_word' id='word_1_157' title='bbox 3357 1299 3419 1339; x_wconf 87' lang='lat' dir='ltr'><strong>ex</strong></span> <span class='ocrx_word' id='word_1_158' title='bbox 3449 1301 3514 1338; x_wconf 82' lang='lat' dir='ltr'><strong>eo</strong></span> 
     </span>
    </p>
   </div>
   <div class='ocr_carea' id='block_1_24' title="bbox 1931 1375 3514 1448">
    <p class='ocr_par' dir='ltr' id='par_1_24' title="bbox 1931 1375 3514 1448">
     <span class='ocr_line' id='line_1_24' title="bbox 1931 1375 3514 1448; baseline -0.002 -19"><span class='ocrx_word' id='word_1_159' title='bbox 1931 1376 2073 1448; x_wconf 91' lang='lat' dir='ltr'><strong>quod</strong></span> <span class='ocrx_word' id='word_1_160' title='bbox 2132 1375 2445 1444; x_wconf 81' lang='lat' dir='ltr'><strong>fugiendum</strong></span> <span class='ocrx_word' id='word_1_161' title='bbox 2505 1385 2559 1430; x_wconf 91' lang='lat' dir='ltr'><strong>et</strong></span> <span class='ocrx_word' id='word_1_162' title='bbox 2613 1375 2974 1430; x_wconf 90' lang='lat' dir='ltr'><strong>aversandutn</strong></span> <span class='ocrx_word' id='word_1_163' title='bbox 3042 1385 3164 1441; x_wconf 85' lang='lat' dir='ltr'><strong>est,</strong></span> <span class='ocrx_word' id='word_1_164' title='bbox 3231 1376 3284 1431; x_wconf 88' lang='lat' dir='ltr'><strong>id</strong></span> <span class='ocrx_word' id='word_1_165' title='bbox 3369 1377 3514 1447; x_wconf 76' lang='lat' dir='ltr'><strong>quod</strong></span> 
     </span>
    </p>
   </div>
   <div class='ocr_carea' id='block_1_25' title="bbox 1931 1469 2244 1539">
    <p class='ocr_par' dir='ltr' id='par_1_25' title="bbox 1931 1469 2244 1539">
     <span class='ocr_line' id='line_1_25' title="bbox 1931 1469 2244 1539; baseline -0.006 -14"><span class='ocrx_word' id='word_1_166' title='bbox 1931 1469 2244 1539; x_wconf 77' lang='lat' dir='ltr'><strong>expetitur?</strong></span> 
     </span>
    </p>
   </div>
   <div class='ocr_carea' id='block_1_26' title="bbox 2007 1561 3520 1619">
    <p class='ocr_par' dir='ltr' id='par_1_26' title="bbox 2007 1561 3520 1619">
     <span class='ocr_line' id='line_1_26' title="bbox 2007 1561 3520 1619; baseline -0.001 -1"><span class='ocrx_word' id='word_1_167' title='bbox 2007 1565 2091 1619; x_wconf 72' lang='lat' dir='ltr'><strong>lli.</strong></span> <span class='ocrx_word' id='word_1_168' title='bbox 2125 1564 2201 1617; x_wconf 82' lang='lat' dir='ltr'><strong>Ex</strong></span> <span class='ocrx_word' id='word_1_169' title='bbox 2220 1578 2312 1618; x_wconf 91' lang='lat' dir='ltr'><strong>esu</strong></span> <span class='ocrx_word' id='word_1_170' title='bbox 2343 1562 2580 1618; x_wconf 86' lang='lat' dir='ltr'><strong>omnium</strong></span> <span class='ocrx_word' id='word_1_171' title='bbox 2609 1561 2926 1617; x_wconf 89' lang='lat' dir='ltr'><strong>animalium</strong></span> <span class='ocrx_word' id='word_1_172' title='bbox 2966 1562 3139 1617; x_wconf 89' lang='lat' dir='ltr'><strong>solum</strong></span> <span class='ocrx_word' id='word_1_173' title='bbox 3174 1562 3520 1618; x_wconf 84' lang='lat' dir='ltr'><strong>abominatnr</strong></span> 
     </span>
    </p>
   </div>
   <div class='ocr_carea' id='block_1_27' title="bbox 1934 1654 3521 1727">
    <p class='ocr_par' dir='ltr' id='par_1_27' title="bbox 1934 1654 3521 1727">
     <span class='ocr_line' id='line_1_27' title="bbox 1934 1654 3521 1727; baseline -0.001 -18"><span class='ocrx_word' id='word_1_174' title='bbox 1934 1671 2187 1727; x_wconf 89' lang='lat' dir='ltr'><strong>porcum;</strong></span> <span class='ocrx_word' id='word_1_175' title='bbox 2217 1662 2399 1724; x_wconf 89' lang='lat' dir='ltr'><strong>neque</strong></span> <span class='ocrx_word' id='word_1_176' title='bbox 2428 1670 2637 1720; x_wconf 89' lang='lat' dir='ltr'><strong>canem,</strong></span> <span class='ocrx_word' id='word_1_177' title='bbox 2669 1670 2842 1724; x_wconf 89' lang='lat' dir='ltr'><strong>neque</strong></span> <span class='ocrx_word' id='word_1_178' title='bbox 2872 1654 3076 1722; x_wconf 89' lang='lat' dir='ltr'><strong>lupum,</strong></span> <span class='ocrx_word' id='word_1_179' title='bbox 3130 1669 3304 1724; x_wconf 88' lang='lat' dir='ltr'><strong>neque</strong></span> <span class='ocrx_word' id='word_1_180' title='bbox 3356 1655 3521 1708; x_wconf 92' lang='lat' dir='ltr'><strong>ullum</strong></span> 
     </span>
    </p>
   </div>
   <div class='ocr_carea' id='block_1_28' title="bbox 1935 1747 3523 1817">
    <p class='ocr_par' dir='ltr' id='par_1_28' title="bbox 1935 1747 3523 1817">
     <span class='ocr_line' id='line_1_28' title="bbox 1935 1747 3523 1817; baseline 0 -16"><span class='ocrx_word' id='word_1_181' title='bbox 1935 1748 2121 1813; x_wconf 87' lang='lat' dir='ltr'><strong>aliud;</strong></span> <span class='ocrx_word' id='word_1_182' title='bbox 2158 1748 2254 1803; x_wconf 88' lang='lat' dir='ltr'><strong>sed</strong></span> <span class='ocrx_word' id='word_1_183' title='bbox 2283 1747 2496 1804; x_wconf 71' lang='lat' dir='ltr'><strong>caeteris</strong></span> <span class='ocrx_word' id='word_1_184' title='bbox 2526 1747 2779 1803; x_wconf 90' lang='lat' dir='ltr'><strong>omnibus</strong></span> <span class='ocrx_word' id='word_1_185' title='bbox 2833 1749 2974 1802; x_wconf 90' lang='lat' dir='ltr'><strong>vesci</strong></span> <span class='ocrx_word' id='word_1_186' title='bbox 3017 1748 3173 1817; x_wconf 86' lang='lat' dir='ltr'><strong>jubet</strong></span> <span class='ocrx_word' id='word_1_187' title='bbox 3229 1748 3279 1802; x_wconf 93' lang='lat' dir='ltr'><strong>di</strong></span> <span class='ocrx_word' id='word_1_188' title='bbox 3313 1749 3523 1817; x_wconf 87' lang='lat' dir='ltr'><strong>cipnlos</strong></span> 
     </span>
    </p>
   </div>
   <div class='ocr_carea' id='block_1_29' title="bbox 262 1829 1848 1909">
    <p class='ocr_par' dir='ltr' id='par_1_29' title="bbox 262 1829 1835 1909">
     <span class='ocr_line' id='line_1_29' title="bbox 262 1829 1835 1909; baseline -0.01 -14"><span class='ocrx_word' id='word_1_189' title='bbox 262 1840 356 1896; x_wconf 77' lang='grc' dir='ltr'><strong>ὑπ’</strong></span> <span class='ocrx_word' id='word_1_190' title='bbox 377 1840 543 1893; x_wconf 79' lang='grc' dir='ltr'>αὑτοῦ</span> <span class='ocrx_word' id='word_1_191' title='bbox 577 1837 968 1909; x_wconf 68' lang='grc' dir='ltr'><strong>ἠπατημένους</strong></span> <span class='ocrx_word' id='word_1_192' title='bbox 991 1851 1003 1866; x_wconf 77' lang='grc' dir='ltr'><strong>ο</strong></span> <span class='ocrx_word' id='word_1_193' title='bbox 1029 1854 1045 1886; x_wconf 86' lang='grc' dir='ltr'><strong>ι</strong></span> <span class='ocrx_word' id='word_1_194' title='bbox 1065 1835 1272 1904; x_wconf 78' lang='grc' dir='ltr'>Φάγετε</span> <span class='ocrx_word' id='word_1_195' title='bbox 1302 1833 1432 1901; x_wconf 86' lang='grc' dir='ltr'>γὰρ,</span> <span class='ocrx_word' id='word_1_196' title='bbox 1462 1849 1480 1882; x_wconf 72' lang='grc' dir='ltr'><strong>ι</strong></span> <span class='ocrx_word' id='word_1_197' title='bbox 1513 1829 1700 1900; x_wconf 75' lang='grc' dir='ltr'>φησὶν,</span> <span class='ocrx_word' id='word_1_198' title='bbox 1727 1847 1744 1879; x_wconf 83' lang='grc' dir='ltr'><strong>ι</strong></span> <span class='ocrx_word' id='word_1_199' title='bbox 1771 1829 1835 1880; x_wconf 74' lang='grc' dir='ltr'><strong>ὲκ</strong></span> 
     </span>
    </p>
   </div>
   <div class='ocr_carea' id='block_1_30' title="bbox 1965 1829 3526 1909">
    <p class='ocr_par' dir='ltr' id='par_1_30' title="bbox 1965 1840 3526 1909">
     <span class='ocr_line' id='line_1_30' title="bbox 1965 1840 3526 1909; baseline -0.001 -15"><span class='ocrx_word' id='word_1_200' title='bbox 1965 1869 1968 1894; x_wconf 62' lang='grc' dir='ltr'><strong>ι</strong></span> <span class='ocrx_word' id='word_1_201' title='bbox 1997 1855 2055 1895; x_wconf 87' lang='lat' dir='ltr'><strong>se</strong></span> <span class='ocrx_word' id='word_1_202' title='bbox 2081 1841 2354 1909; x_wconf 87' lang='lat' dir='ltr'><strong>deceptos.</strong></span> <span class='ocrx_word' id='word_1_203' title='bbox 2399 1857 2418 1891; x_wconf 80' lang='grc' dir='ltr'><strong>ι</strong></span> <span class='ocrx_word' id='word_1_204' title='bbox 2455 1841 2754 1906; x_wconf 88' lang='lat' dir='ltr'><strong>Comedite,</strong></span> <span class='ocrx_word' id='word_1_205' title='bbox 2783 1840 2977 1909; x_wconf 82' lang='lat' dir='ltr'><strong>inquit,</strong></span> <span class='ocrx_word' id='word_1_206' title='bbox 3011 1840 3078 1894; x_wconf 87' lang='lat' dir='ltr'><strong>de</strong></span> <span class='ocrx_word' id='word_1_207' title='bbox 3124 1840 3208 1894; x_wconf 88' lang='lat' dir='ltr'><strong>his</strong></span> <span class='ocrx_word' id='word_1_208' title='bbox 3244 1855 3360 1908; x_wconf 68' lang='lat' dir='ltr'><strong>quae</strong></span> <span class='ocrx_word' id='word_1_209' title='bbox 3394 1849 3526 1894; x_wconf 92' lang='lat' dir='ltr'><strong>sunt</strong></span> 
     </span>
    </p>
   </div>
   <div class='ocr_carea' id='block_1_31' title="bbox 253 1902 1848 2001">
    <p class='ocr_par' dir='ltr' id='par_1_31' title="bbox 253 1902 1834 2001">
     <span class='ocr_line' id='line_1_31' title="bbox 253 1902 1834 2001; baseline -0.009 -16"><span class='ocrx_word' id='word_1_210' title='bbox 253 1933 362 1985; x_wconf 85' lang='grc' dir='ltr'>τῶν</span> <span class='ocrx_word' id='word_1_211' title='bbox 383 1933 551 1985; x_wconf 78' lang='grc' dir='ltr'>ὄντων</span> <span class='ocrx_word' id='word_1_212' title='bbox 583 1902 638 1983; x_wconf 69' lang='grc' dir='ltr'><strong>έν</strong></span> <span class='ocrx_word' id='word_1_213' title='bbox 661 1933 726 2001; x_wconf 82' lang='grc' dir='ltr'>τῇ</span> <span class='ocrx_word' id='word_1_214' title='bbox 855 1946 869 1961; x_wconf 92' lang='grc'><strong>·</strong></span> <span class='ocrx_word' id='word_1_215' title='bbox 902 1926 1120 1996; x_wconf 77' lang='grc' dir='ltr'>καθαρὰ</span> <span class='ocrx_word' id='word_1_216' title='bbox 1153 1902 1260 1995; x_wconf 83' lang='grc' dir='ltr'>γὰρ</span> <span class='ocrx_word' id='word_1_217' title='bbox 1289 1925 1384 1976; x_wconf 70' lang='grc' dir='ltr'><strong>καὶ</strong></span> <span class='ocrx_word' id='word_1_218' title='bbox 1409 1921 1552 1975; x_wconf 75' lang='grc' dir='ltr'>καλά</span> <span class='ocrx_word' id='word_1_219' title='bbox 1574 1939 1586 1952; x_wconf 91' lang='grc'><strong>·</strong></span> <span class='ocrx_word' id='word_1_220' title='bbox 1631 1920 1728 1973; x_wconf 75' lang='grc' dir='ltr'><strong>καὶ</strong></span> <span class='ocrx_word' id='word_1_221' title='bbox 1761 1919 1834 1988; x_wconf 79' lang='grc' dir='ltr'>μὴ</span> 
     </span>
    </p>
   </div>
   <div class='ocr_carea' id='block_1_32' title="bbox 1965 1902 3527 2001">
    <p class='ocr_par' dir='ltr' id='par_1_32' title="bbox 1965 1929 3527 2000">
     <span class='ocr_line' id='line_1_32' title="bbox 1965 1929 3527 2000; baseline 0.001 -18"><span class='ocrx_word' id='word_1_222' title='bbox 1965 1947 1993 1982; x_wconf 94' lang='lat' dir='ltr'><strong>n</strong></span> <span class='ocrx_word' id='word_1_223' title='bbox 2025 1939 2168 1982; x_wconf 89' lang='lat' dir='ltr'><strong>terra</strong></span> <span class='ocrx_word' id='word_1_224' title='bbox 2200 1946 2216 1997; x_wconf 90' lang='lat'><strong>;</strong></span> <span class='ocrx_word' id='word_1_225' title='bbox 2245 1945 2376 2000; x_wconf 91' lang='lat' dir='ltr'><strong>pura</strong></span> <span class='ocrx_word' id='word_1_226' title='bbox 2409 1929 2551 1984; x_wconf 86' lang='lat' dir='ltr'><strong>enim</strong></span> <span class='ocrx_word' id='word_1_227' title='bbox 2583 1940 2709 1984; x_wconf 91' lang='lat' dir='ltr'><strong>sunt</strong></span> <span class='ocrx_word' id='word_1_228' title='bbox 2741 1939 2797 1984; x_wconf 91' lang='lat' dir='ltr'><strong>et</strong></span> <span class='ocrx_word' id='word_1_229' title='bbox 2821 1931 2993 1996; x_wconf 91' lang='lat' dir='ltr'><strong>bona;</strong></span> <span class='ocrx_word' id='word_1_230' title='bbox 3028 1945 3203 1999; x_wconf 91' lang='lat' dir='ltr'><strong>neque</strong></span> <span class='ocrx_word' id='word_1_231' title='bbox 3239 1931 3527 1998; x_wconf 86' lang='lat' dir='ltr'><strong>sequimini</strong></span> 
     </span>
    </p>
   </div>
   <div class='ocr_carea' id='block_1_33' title="bbox 256 2011 1836 2093">
    <p class='ocr_par' dir='ltr' id='par_1_33' title="bbox 256 2011 1836 2093">
     <span class='ocr_line' id='line_1_33' title="bbox 256 2011 1836 2093; baseline -0.009 -15"><span class='ocrx_word' id='word_1_232' title='bbox 256 2024 590 2093; x_wconf 77' lang='grc' dir='ltr'>ἀκολουθῆτε</span> <span class='ocrx_word' id='word_1_233' title='bbox 625 2026 736 2084; x_wconf 80' lang='grc' dir='ltr'>τοῖς</span> <span class='ocrx_word' id='word_1_234' title='bbox 772 2022 943 2091; x_wconf 76' lang='grc' dir='ltr'>ἴχνεσι</span> <span class='ocrx_word' id='word_1_235' title='bbox 984 2019 1079 2072; x_wconf 80' lang='grc' dir='ltr'><strong>τοῦ</strong></span> <span class='ocrx_word' id='word_1_236' title='bbox 1113 2017 1350 2071; x_wconf 80' lang='grc' dir='ltr'><strong>Σατανᾶ.</strong></span> <span class='ocrx_word' id='word_1_237' title='bbox 1396 2035 1413 2066; x_wconf 70' lang='grc' dir='ltr'><strong>ι</strong></span> <span class='ocrx_word' id='word_1_238' title='bbox 1462 2013 1707 2065; x_wconf 77' lang='grc' dir='ltr'>Σατανᾶν</span> <span class='ocrx_word' id='word_1_239' title='bbox 1743 2011 1836 2079; x_wconf 86' lang='grc' dir='ltr'><strong>δη-</strong></span> 
     </span>
    </p>
   </div>
   <div class='ocr_carea' id='block_1_34' title="bbox 255 2104 1837 2181">
    <p class='ocr_par' dir='ltr' id='par_1_34' title="bbox 255 2104 1837 2181">
     <span class='ocr_line' id='line_1_34' title="bbox 255 2104 1837 2181; baseline -0.008 -13"><span class='ocrx_word' id='word_1_240' title='bbox 255 2116 434 2168; x_wconf 87' lang='grc' dir='ltr'>λονότι</span> <span class='ocrx_word' id='word_1_241' title='bbox 481 2113 662 2168; x_wconf 83' lang='grc' dir='ltr'>καλῶν</span> <span class='ocrx_word' id='word_1_242' title='bbox 716 2113 807 2165; x_wconf 80' lang='grc' dir='ltr'>τὸν</span> <span class='ocrx_word' id='word_1_243' title='bbox 861 2111 929 2165; x_wconf 80' lang='grc' dir='ltr'>τὰ</span> <span class='ocrx_word' id='word_1_244' title='bbox 966 2111 1063 2181; x_wconf 82' lang='grc' dir='ltr'>μὲν</span> <span class='ocrx_word' id='word_1_245' title='bbox 1097 2108 1336 2178; x_wconf 79' lang='grc' dir='ltr'>καθαρὰ,</span> <span class='ocrx_word' id='word_1_246' title='bbox 1376 2106 1442 2158; x_wconf 77' lang='grc' dir='ltr'>τὰ</span> <span class='ocrx_word' id='word_1_247' title='bbox 1464 2105 1519 2158; x_wconf 74' lang='grc' dir='ltr'><strong>δὲ</strong></span> <span class='ocrx_word' id='word_1_248' title='bbox 1548 2104 1837 2172; x_wconf 84' lang='grc' dir='ltr'>ἀκάθαρτα</span> 
     </span>
    </p>
   </div>
   <div class='ocr_carea' id='block_1_35' title="bbox 259 2189 1837 2278">
    <p class='ocr_par' dir='ltr' id='par_1_35' title="bbox 259 2189 1837 2278">
     <span class='ocr_line' id='line_1_35' title="bbox 259 2189 1837 2278; baseline -0.009 -18"><span class='ocrx_word' id='word_1_249' title='bbox 259 2205 745 2278; x_wconf 76' lang='grc' dir='ltr'>προσηγορευκότα</span> <span class='ocrx_word' id='word_1_250' title='bbox 775 2203 931 2255; x_wconf 84' lang='grc' dir='ltr'>Θεόν.</span> <span class='ocrx_word' id='word_1_251' title='bbox 965 2201 1107 2254; x_wconf 80' lang='grc' dir='ltr'>Ἀλλ’</span> <span class='ocrx_word' id='word_1_252' title='bbox 1129 2202 1177 2252; x_wconf 85' lang='grc' dir='ltr'><strong>εί</strong></span> <span class='ocrx_word' id='word_1_253' title='bbox 1214 2199 1461 2260; x_wconf 76' lang='grc' dir='ltr'>Σατανᾶς</span> <span class='ocrx_word' id='word_1_254' title='bbox 1485 2189 1665 2263; x_wconf 73' lang='grc' dir='ltr'>οὗτος,</span> <span class='ocrx_word' id='word_1_255' title='bbox 1719 2195 1837 2258; x_wconf 83' lang='grc' dir='ltr'>πῶς</span> 
     </span>
    </p>
   </div>
   <div class='ocr_carea' id='block_1_36' title="bbox 257 2287 1838 2362">
    <p class='ocr_par' dir='ltr' id='par_1_36' title="bbox 257 2287 1838 2362">
     <span class='ocr_line' id='line_1_36' title="bbox 257 2287 1838 2362; baseline -0.009 -11"><span class='ocrx_word' id='word_1_256' title='bbox 257 2300 390 2351; x_wconf 63' lang='grc' dir='ltr'>Θεὸν</span> <span class='ocrx_word' id='word_1_257' title='bbox 421 2297 580 2350; x_wconf 77' lang='grc' dir='ltr'>αὑτὸν</span> <span class='ocrx_word' id='word_1_258' title='bbox 615 2298 671 2348; x_wconf 82' lang='grc' dir='ltr'><strong>ὲν</strong></span> <span class='ocrx_word' id='word_1_259' title='bbox 706 2295 887 2357; x_wconf 84' lang='grc' dir='ltr'>ἄλλοις</span> <span class='ocrx_word' id='word_1_260' title='bbox 936 2293 1246 2362; x_wconf 77' lang='grc' dir='ltr'><strong>ὀνομάζεις,</strong></span> <span class='ocrx_word' id='word_1_261' title='bbox 1272 2307 1315 2344; x_wconf 90' lang='grc' dir='ltr'><strong>ω</strong></span> <span class='ocrx_word' id='word_1_262' title='bbox 1338 2289 1469 2360; x_wconf 76' lang='grc' dir='ltr'>λῆρε</span> <span class='ocrx_word' id='word_1_263' title='bbox 1501 2289 1596 2342; x_wconf 68' lang='grc' dir='ltr'><strong>καὶ</strong></span> <span class='ocrx_word' id='word_1_264' title='bbox 1627 2287 1838 2356; x_wconf 75' lang='grc' dir='ltr'>σεαυτῷ</span> 
     </span>
    </p>
   </div>
   <div class='ocr_carea' id='block_1_37' title="bbox 265 2391 585 2463">
    <p class='ocr_par' dir='ltr' id='par_1_37' title="bbox 265 2391 585 2463">
     <span class='ocr_line' id='line_1_37' title="bbox 265 2391 585 2463; baseline -0.009 -18"><span class='ocrx_word' id='word_1_265' title='bbox 265 2391 547 2463; x_wconf 81' lang='grc' dir='ltr'>μαχόμενε</span> <span class='ocrx_word' id='word_1_266' title='bbox 571 2407 585 2454; x_wconf 89' lang='grc'>;</span> 
     </span>
    </p>
   </div>
   <div class='ocr_carea' id='block_1_38' title="bbox 334 2475 1839 2552">
    <p class='ocr_par' dir='ltr' id='par_1_38' title="bbox 334 2475 1839 2552">
     <span class='ocr_line' id='line_1_38' title="bbox 334 2475 1839 2552; baseline -0.007 -15"><span class='ocrx_word' id='word_1_267' title='bbox 334 2483 419 2548; x_wconf 78' lang='grc' dir='ltr'>ιζ’.</span> <span class='ocrx_word' id='word_1_268' title='bbox 461 2484 595 2552; x_wconf 69' lang='grc' dir='ltr'>Περὶ</span> <span class='ocrx_word' id='word_1_269' title='bbox 654 2481 908 2552; x_wconf 79' lang='grc' dir='ltr'><strong>νηστείας</strong></span> <span class='ocrx_word' id='word_1_270' title='bbox 957 2479 1265 2548; x_wconf 77' lang='grc' dir='ltr'>νομοθετῶν</span> <span class='ocrx_word' id='word_1_271' title='bbox 1317 2477 1459 2530; x_wconf 76' lang='grc' dir='ltr'>οὕτω</span> <span class='ocrx_word' id='word_1_272' title='bbox 1507 2475 1706 2546; x_wconf 76' lang='grc' dir='ltr'>φησίνο</span> <span class='ocrx_word' id='word_1_273' title='bbox 1758 2475 1839 2527; x_wconf 85' lang='grc' dir='ltr'>ὅτι</span> 
     </span>
    </p>
   </div>
   <div class='ocr_carea' id='block_1_39' title="bbox 264 2570 1840 2645">
    <p class='ocr_par' dir='ltr' id='par_1_39' title="bbox 264 2570 1840 2645">
     <span class='ocr_line' id='line_1_39' title="bbox 264 2570 1840 2645; baseline -0.009 -11"><span class='ocrx_word' id='word_1_274' title='bbox 264 2579 548 2644; x_wconf 72' lang='grc' dir='ltr'>(Ἔξεστιν</span> <span class='ocrx_word' id='word_1_275' title='bbox 567 2577 695 2644; x_wconf 84' lang='grc' dir='ltr'>ὑμῖν</span> <span class='ocrx_word' id='word_1_276' title='bbox 715 2577 745 2645; x_wconf 79' lang='grc' dir='ltr'>ὴ</span> <span class='ocrx_word' id='word_1_277' title='bbox 763 2573 859 2638; x_wconf 70' lang='grc' dir='ltr'>νὺξ</span> <span class='ocrx_word' id='word_1_278' title='bbox 873 2575 969 2643; x_wconf 80' lang='grc' dir='ltr'>τῆς</span> <span class='ocrx_word' id='word_1_279' title='bbox 986 2572 1242 2641; x_wconf 79' lang='grc' dir='ltr'>νηστείας</span> <span class='ocrx_word' id='word_1_280' title='bbox 1263 2573 1342 2633; x_wconf 84' lang='grc' dir='ltr'><strong>εἰς</strong></span> <span class='ocrx_word' id='word_1_281' title='bbox 1362 2571 1508 2640; x_wconf 80' lang='grc' dir='ltr'>μίξιν</span> <span class='ocrx_word' id='word_1_282' title='bbox 1526 2570 1634 2622; x_wconf 85' lang='grc' dir='ltr'><strong>τῶν</strong></span> <span class='ocrx_word' id='word_1_283' title='bbox 1651 2585 1840 2635; x_wconf 59' lang='grc' dir='ltr'>γυναις</span> 
     </span>
    </p>
   </div>
   <div class='ocr_carea' id='block_1_40' title="bbox 261 2660 1841 2740">
    <p class='ocr_par' dir='ltr' id='par_1_40' title="bbox 261 2660 1841 2740">
     <span class='ocr_line' id='line_1_40' title="bbox 261 2660 1841 2740; baseline -0.01 -13"><span class='ocrx_word' id='word_1_284' title='bbox 261 2673 377 2727; x_wconf 80' lang='grc' dir='ltr'>κῶν</span> <span class='ocrx_word' id='word_1_285' title='bbox 431 2671 604 2740; x_wconf 84' lang='grc' dir='ltr'>ὑμῶν.</span> <span class='ocrx_word' id='word_1_286' title='bbox 632 2663 800 2722; x_wconf 74' lang='grc' dir='ltr'>Αὒται</span> <span class='ocrx_word' id='word_1_287' title='bbox 832 2669 941 2738; x_wconf 84' lang='grc' dir='ltr'><strong>γὰρ</strong></span> <span class='ocrx_word' id='word_1_288' title='bbox 991 2665 1144 2734; x_wconf 84' lang='grc' dir='ltr'>ὑμῶν</span> <span class='ocrx_word' id='word_1_289' title='bbox 1172 2665 1278 2717; x_wconf 79' lang='grc' dir='ltr'>εἰσι</span> <span class='ocrx_word' id='word_1_290' title='bbox 1314 2663 1680 2730; x_wconf 76' lang='grc' dir='ltr'><strong>σκεπάσματα</strong></span> <span class='ocrx_word' id='word_1_291' title='bbox 1706 2675 1720 2690; x_wconf 78' lang='grc'><strong>⁸</strong></span> <span class='ocrx_word' id='word_1_292' title='bbox 1749 2660 1841 2712; x_wconf 66' lang='grc' dir='ltr'><strong>καὶ</strong></span> 
     </span>
    </p>
   </div>
   <div class='ocr_carea' id='block_1_41' title="bbox 263 2750 1845 2835">
    <p class='ocr_par' dir='ltr' id='par_1_41' title="bbox 263 2750 1845 2835">
     <span class='ocr_line' id='line_1_41' title="bbox 263 2750 1845 2835; baseline -0.011 -16"><span class='ocrx_word' id='word_1_293' title='bbox 263 2765 425 2835; x_wconf 79' lang='grc' dir='ltr'>ὑμεῖς</span> <span class='ocrx_word' id='word_1_294' title='bbox 448 2763 638 2825; x_wconf 79' lang='grc' dir='ltr'>αὑταῖς</span> <span class='ocrx_word' id='word_1_295' title='bbox 687 2763 809 2812; x_wconf 80' lang='grc' dir='ltr'>ὲστε</span> <span class='ocrx_word' id='word_1_296' title='bbox 872 2758 1258 2828; x_wconf 79' lang='grc' dir='ltr'>σκεπάσματα.</span> <span class='ocrx_word' id='word_1_297' title='bbox 1291 2754 1474 2821; x_wconf 85' lang='grc' dir='ltr'><strong>Ἔγνω</strong></span> <span class='ocrx_word' id='word_1_298' title='bbox 1511 2752 1621 2822; x_wconf 81' lang='grc' dir='ltr'>γὰρ</span> <span class='ocrx_word' id='word_1_299' title='bbox 1657 2753 1684 2804; x_wconf 98' lang='lat'><strong>6</strong></span> <span class='ocrx_word' id='word_1_300' title='bbox 1713 2750 1845 2814; x_wconf 82' lang='grc' dir='ltr'>Θεὸς</span> 
     </span>
    </p>
   </div>
   <div class='ocr_carea' id='block_1_42' title="bbox 264 2844 1842 2926">
    <p class='ocr_par' dir='ltr' id='par_1_42' title="bbox 264 2844 1842 2926">
     <span class='ocr_line' id='line_1_42' title="bbox 264 2844 1842 2926; baseline -0.011 -15"><span class='ocrx_word' id='word_1_301' title='bbox 264 2859 349 2911; x_wconf 84' lang='grc' dir='ltr'>ὃτι</span> <span class='ocrx_word' id='word_1_302' title='bbox 377 2852 860 2926; x_wconf 78' lang='grc' dir='ltr'>παραϐουλεύεσθε</span> <span class='ocrx_word' id='word_1_303' title='bbox 886 2854 1006 2914; x_wconf 82' lang='grc' dir='ltr'>ταῖς</span> <span class='ocrx_word' id='word_1_304' title='bbox 1034 2851 1234 2919; x_wconf 77' lang='grc' dir='ltr'><strong>ψυχαῖς</strong></span> <span class='ocrx_word' id='word_1_305' title='bbox 1257 2847 1408 2916; x_wconf 82' lang='grc' dir='ltr'>ὑμῶν</span> <span class='ocrx_word' id='word_1_306' title='bbox 1428 2847 1485 2899; x_wconf 82' lang='grc' dir='ltr'><strong>ὲν</strong></span> <span class='ocrx_word' id='word_1_307' title='bbox 1503 2846 1569 2915; x_wconf 83' lang='grc' dir='ltr'>τῇ</span> <span class='ocrx_word' id='word_1_308' title='bbox 1596 2844 1842 2912; x_wconf 76' lang='grc' dir='ltr'>νηστείᾳ,</span> 
     </span>
    </p>
   </div>
   <div class='ocr_carea' id='block_1_43' title="bbox 268 2937 1848 3015">
    <p class='ocr_par' dir='ltr' id='par_1_43' title="bbox 268 2937 1848 3015">
     <span class='ocr_line' id='line_1_43' title="bbox 268 2937 1848 3015; baseline -0.007 -13"><span class='ocrx_word' id='word_1_309' title='bbox 268 2950 366 3003; x_wconf 80' lang='grc' dir='ltr'><strong>καὶ</strong></span> <span class='ocrx_word' id='word_1_310' title='bbox 401 2949 558 3009; x_wconf 80' lang='grc' dir='ltr'>ἵλεως</span> <span class='ocrx_word' id='word_1_311' title='bbox 591 2947 721 3015; x_wconf 81' lang='grc' dir='ltr'>ὑμῖν</span> <span class='ocrx_word' id='word_1_312' title='bbox 753 2945 986 3014; x_wconf 83' lang='grc' dir='ltr'>γίνεται.</span> <span class='ocrx_word' id='word_1_313' title='bbox 1040 2941 1288 3012; x_wconf 85' lang='grc' dir='ltr'>Μίχθητε</span> <span class='ocrx_word' id='word_1_314' title='bbox 1318 2939 1512 3001; x_wconf 82' lang='grc' dir='ltr'>αὑταῖς</span> <span class='ocrx_word' id='word_1_315' title='bbox 1556 2939 1635 2999; x_wconf 92' lang='grc' dir='ltr'><strong>είς</strong></span> <span class='ocrx_word' id='word_1_316' title='bbox 1667 2937 1848 3006; x_wconf 86' lang='grc' dir='ltr'>παρά·</span> 
     </span>
    </p>
   </div>
   <div class='ocr_carea' id='block_1_44' title="bbox 269 3027 1848 3110">
    <p class='ocr_par' dir='ltr' id='par_1_44' title="bbox 269 3027 1848 3110">
     <span class='ocr_line' id='line_1_44' title="bbox 269 3027 1848 3110; baseline -0.009 -16"><span class='ocrx_word' id='word_1_317' title='bbox 269 3042 492 3110; x_wconf 73' lang='grc' dir='ltr'>κλησινο</span> <span class='ocrx_word' id='word_1_318' title='bbox 554 3038 757 3106; x_wconf 82' lang='grc' dir='ltr'>φάγετε</span> <span class='ocrx_word' id='word_1_319' title='bbox 814 3033 1052 3105; x_wconf 76' lang='grc' dir='ltr'><strong>ἑσπέρας</strong></span> <span class='ocrx_word' id='word_1_320' title='bbox 1101 3031 1196 3084; x_wconf 71' lang='grc' dir='ltr'><strong>καὶ</strong></span> <span class='ocrx_word' id='word_1_321' title='bbox 1269 3030 1454 3094; x_wconf 84' lang='grc' dir='ltr'>πίετε,</span> <span class='ocrx_word' id='word_1_322' title='bbox 1520 3029 1628 3090; x_wconf 69' lang='grc' dir='ltr'>ἕως</span> <span class='ocrx_word' id='word_1_323' title='bbox 1661 3027 1848 3096; x_wconf 80' lang='grc' dir='ltr'>τὸτῆς</span> 
     </span>
    </p>
   </div>
   <div class='ocr_carea' id='block_1_45' title="bbox 267 3119 1849 3201">
    <p class='ocr_par' dir='ltr' id='par_1_45' title="bbox 267 3119 1849 3201">
     <span class='ocr_line' id='line_1_45' title="bbox 267 3119 1849 3201; baseline -0.011 -14"><span class='ocrx_word' id='word_1_324' title='bbox 267 3135 463 3194; x_wconf 83' lang='grc' dir='ltr'>νυκτὸς</span> <span class='ocrx_word' id='word_1_325' title='bbox 500 3130 668 3201; x_wconf 80' lang='grc' dir='ltr'>μέλαν</span> <span class='ocrx_word' id='word_1_326' title='bbox 701 3130 844 3199; x_wconf 80' lang='grc' dir='ltr'>φανῇ</span> <span class='ocrx_word' id='word_1_327' title='bbox 873 3125 1068 3180; x_wconf 73' lang='grc' dir='ltr'>λευκὸν</span> <span class='ocrx_word' id='word_1_328' title='bbox 1095 3124 1184 3178; x_wconf 79' lang='grc' dir='ltr'><strong>διὰ</strong></span> <span class='ocrx_word' id='word_1_329' title='bbox 1213 3123 1315 3193; x_wconf 82' lang='grc' dir='ltr'>τῆς</span> <span class='ocrx_word' id='word_1_330' title='bbox 1340 3121 1554 3192; x_wconf 74' lang='grc' dir='ltr'>ἡμέρας</span> <span class='ocrx_word' id='word_1_331' title='bbox 1575 3127 1594 3150; x_wconf 74' lang='grc'><em>⁶’</em></span> <span class='ocrx_word' id='word_1_332' title='bbox 1618 3120 1712 3172; x_wconf 74' lang='grc' dir='ltr'><strong>καὶ</strong></span> <span class='ocrx_word' id='word_1_333' title='bbox 1740 3119 1849 3172; x_wconf 86' lang='grc' dir='ltr'>πά-</span> 
     </span>
    </p>
   </div>
   <div class='ocr_carea' id='block_1_46' title="bbox 1941 2021 3527 2092">
    <p class='ocr_par' dir='ltr' id='par_1_46' title="bbox 1941 2021 3527 2092">
     <span class='ocr_line' id='line_1_46' title="bbox 1941 2021 3527 2092; baseline 0.001 -17"><span class='ocrx_word' id='word_1_334' title='bbox 1941 2022 2164 2092; x_wconf 85' lang='lat' dir='ltr'><strong>vestigia</strong></span> <span class='ocrx_word' id='word_1_335' title='bbox 2234 2022 2538 2076; x_wconf 53' lang='lat' dir='ltr'><strong>Satanae”</strong></span> <span class='ocrx_word' id='word_1_336' title='bbox 2605 2021 2862 2076; x_wconf 88' lang='lat' dir='ltr'><strong>Satanam</strong></span> <span class='ocrx_word' id='word_1_337' title='bbox 2940 2022 3146 2077; x_wconf 82' lang='lat' dir='ltr'><strong>scilicet</strong></span> <span class='ocrx_word' id='word_1_338' title='bbox 3204 2024 3527 2092; x_wconf 79' lang='lat' dir='ltr'><strong>appellitans</strong></span> 
     </span>
    </p>
   </div>
   <div class='ocr_carea' id='block_1_47' title="bbox 1945 2114 3522 2183">
    <p class='ocr_par' dir='ltr' id='par_1_47' title="bbox 1945 2114 3522 2183">
     <span class='ocr_line' id='line_1_47' title="bbox 1945 2114 3522 2183; baseline -0.001 -16"><span class='ocrx_word' id='word_1_339' title='bbox 1945 2114 2130 2177; x_wconf 89' lang='lat' dir='ltr'><strong>Deum,</strong></span> <span class='ocrx_word' id='word_1_340' title='bbox 2161 2115 2248 2183; x_wconf 87' lang='lat' dir='ltr'><strong>qui</strong></span> <span class='ocrx_word' id='word_1_341' title='bbox 2281 2115 2383 2169; x_wconf 89' lang='lat' dir='ltr'><strong>alia</strong></span> <span class='ocrx_word' id='word_1_342' title='bbox 2418 2116 2635 2183; x_wconf 88' lang='lat' dir='ltr'><strong>quidem</strong></span> <span class='ocrx_word' id='word_1_343' title='bbox 2671 2115 2891 2178; x_wconf 90' lang='lat' dir='ltr'><strong>munda,</strong></span> <span class='ocrx_word' id='word_1_344' title='bbox 2930 2116 3033 2170; x_wconf 78' lang='lat' dir='ltr'><strong>alia</strong></span> <span class='ocrx_word' id='word_1_345' title='bbox 3064 2130 3191 2169; x_wconf 89' lang='lat' dir='ltr'><strong>vero</strong></span> <span class='ocrx_word' id='word_1_346' title='bbox 3246 2116 3522 2168; x_wconf 72' lang='lat' dir='ltr'><strong>immunda</strong></span> 
     </span>
    </p>
   </div>
   <div class='ocr_carea' id='block_1_48' title="bbox 1943 2206 3528 2275">
    <p class='ocr_par' dir='ltr' id='par_1_48' title="bbox 1943 2206 3528 2275">
     <span class='ocr_line' id='line_1_48' title="bbox 1943 2206 3528 2275; baseline 0 -15"><span class='ocrx_word' id='word_1_347' title='bbox 1943 2207 2102 2261; x_wconf 82' lang='lat' dir='ltr'><strong>dixit.</strong></span> <span class='ocrx_word' id='word_1_348' title='bbox 2140 2206 2245 2261; x_wconf 85' lang='lat' dir='ltr'><strong>Sed</strong></span> <span class='ocrx_word' id='word_1_349' title='bbox 2277 2207 2323 2261; x_wconf 88' lang='lat' dir='ltr'><strong>si</strong></span> <span class='ocrx_word' id='word_1_350' title='bbox 2384 2209 2599 2275; x_wconf 83' lang='lat' dir='ltr'><strong>quidem</strong></span> <span class='ocrx_word' id='word_1_351' title='bbox 2638 2207 2740 2262; x_wconf 85' lang='lat' dir='ltr'><strong>iste</strong></span> <span class='ocrx_word' id='word_1_352' title='bbox 2791 2206 3023 2261; x_wconf 88' lang='lat' dir='ltr'><strong>Satanas</strong></span> <span class='ocrx_word' id='word_1_353' title='bbox 3094 2216 3198 2269; x_wconf 88' lang='lat' dir='ltr'><strong>est,</strong></span> <span class='ocrx_word' id='word_1_354' title='bbox 3255 2209 3528 2274; x_wconf 79' lang='lat' dir='ltr'><strong>quomodo</strong></span> 
     </span>
    </p>
   </div>
   <div class='ocr_carea' id='block_1_49' title="bbox 1943 2297 3528 2369">
    <p class='ocr_par' dir='ltr' id='par_1_49' title="bbox 1943 2297 3528 2369">
     <span class='ocr_line' id='line_1_49' title="bbox 1943 2297 3528 2369; baseline -0.001 -18"><span class='ocrx_word' id='word_1_355' title='bbox 1943 2297 2115 2368; x_wconf 87' lang='lat' dir='ltr'><strong>ipsum</strong></span> <span class='ocrx_word' id='word_1_356' title='bbox 2143 2299 2196 2352; x_wconf 91' lang='lat' dir='ltr'><strong>in</strong></span> <span class='ocrx_word' id='word_1_357' title='bbox 2234 2298 2355 2353; x_wconf 88' lang='lat' dir='ltr'><strong>aliis</strong></span> <span class='ocrx_word' id='word_1_358' title='bbox 2395 2298 2559 2353; x_wconf 88' lang='lat' dir='ltr'><strong>Deum</strong></span> <span class='ocrx_word' id='word_1_359' title='bbox 2599 2298 2860 2369; x_wconf 84' lang='lat' dir='ltr'><strong>appellas,</strong></span> <span class='ocrx_word' id='word_1_360' title='bbox 2891 2313 2923 2353; x_wconf 88' lang='lat'><strong>0</strong></span> <span class='ocrx_word' id='word_1_361' title='bbox 2953 2314 3088 2354; x_wconf 89' lang='lat' dir='ltr'><strong>vane</strong></span> <span class='ocrx_word' id='word_1_362' title='bbox 3119 2313 3367 2368; x_wconf 83' lang='lat' dir='ltr'><strong>nugator,</strong></span> <span class='ocrx_word' id='word_1_363' title='bbox 3405 2298 3528 2352; x_wconf 88' lang='lat' dir='ltr'><strong>tihi-</strong></span> 
     </span>
    </p>
   </div>
   <div class='ocr_carea' id='block_1_50' title="bbox 1944 2389 2571 2459">
    <p class='ocr_par' dir='ltr' id='par_1_50' title="bbox 1944 2389 2571 2459">
     <span class='ocr_line' id='line_1_50' title="bbox 1944 2389 2571 2459; baseline 0.002 -16"><span class='ocrx_word' id='word_1_364' title='bbox 1944 2405 2050 2459; x_wconf 87' lang='lat' dir='ltr'><strong>que</strong></span> <span class='ocrx_word' id='word_1_365' title='bbox 2081 2389 2184 2458; x_wconf 90' lang='lat' dir='ltr'><strong>ipsi</strong></span> <span class='ocrx_word' id='word_1_366' title='bbox 2224 2390 2571 2459; x_wconf 77' lang='lat' dir='ltr'><strong>repugnans?</strong></span> 
     </span>
    </p>
   </div>
   <div class='ocr_carea' id='block_1_51' title="bbox 2016 2477 3625 2551">
    <p class='ocr_par' dir='ltr' id='par_1_51' title="bbox 2016 2477 3625 2551">
     <span class='ocr_line' id='line_1_51' title="bbox 2016 2477 3625 2551; baseline 0 -17"><span class='ocrx_word' id='word_1_367' title='bbox 2016 2481 2100 2534; x_wconf 85' lang='grc'>17.</span> <span class='ocrx_word' id='word_1_368' title='bbox 2136 2479 2430 2550; x_wconf 84' lang='lat' dir='ltr'><strong>Dejejunio</strong></span> <span class='ocrx_word' id='word_1_369' title='bbox 2448 2481 2572 2536; x_wconf 91' lang='lat' dir='ltr'><strong>dum</strong></span> <span class='ocrx_word' id='word_1_370' title='bbox 2601 2482 2744 2551; x_wconf 90' lang='lat' dir='ltr'><strong>leges</strong></span> <span class='ocrx_word' id='word_1_371' title='bbox 2765 2482 2885 2548; x_wconf 81' lang='lat' dir='ltr'><strong>fert,</strong></span> <span class='ocrx_word' id='word_1_372' title='bbox 2909 2482 2985 2534; x_wconf 90' lang='lat' dir='ltr'><strong>sic</strong></span> <span class='ocrx_word' id='word_1_373' title='bbox 3006 2481 3114 2534; x_wconf 89' lang='lat' dir='ltr'><strong>ait:</strong></span> <span class='ocrx_word' id='word_1_374' title='bbox 3158 2498 3175 2530; x_wconf 81' lang='grc' dir='ltr'><strong>ι</strong></span> <span class='ocrx_word' id='word_1_375' title='bbox 3207 2479 3317 2533; x_wconf 81' lang='lat' dir='ltr'><strong>Nox</strong></span> <span class='ocrx_word' id='word_1_376' title='bbox 3342 2477 3528 2549; x_wconf 83' lang='lat' dir='ltr'><strong>jejunti</strong></span> <span class='ocrx_word' id='word_1_377' title='bbox 3616 2528 3625 2538; x_wconf 86' lang='lat'><em>.</em></span> 
     </span>
    </p>
   </div>
   <div class='ocr_carea' id='block_1_52' title="bbox 1952 2572 3536 2638">
    <p class='ocr_par' dir='ltr' id='par_1_52' title="bbox 1952 2572 3536 2638">
     <span class='ocr_line' id='line_1_52' title="bbox 1952 2572 3536 2638; baseline -0.001 -12"><span class='ocrx_word' id='word_1_378' title='bbox 1952 2572 2108 2628; x_wconf 85' lang='lat' dir='ltr'><strong>vobis</strong></span> <span class='ocrx_word' id='word_1_379' title='bbox 2139 2573 2304 2627; x_wconf 86' lang='lat' dir='ltr'><strong>libera</strong></span> <span class='ocrx_word' id='word_1_380' title='bbox 2323 2588 2576 2629; x_wconf 86' lang='lat' dir='ltr'><strong>concessa</strong></span> <span class='ocrx_word' id='word_1_381' title='bbox 2593 2583 2693 2638; x_wconf 88' lang='lat' dir='ltr'><strong>est,</strong></span> <span class='ocrx_word' id='word_1_382' title='bbox 2713 2583 2771 2627; x_wconf 85' lang='grc' dir='ltr'><strong>ιιι</strong></span> <span class='ocrx_word' id='word_1_383' title='bbox 2786 2590 2904 2627; x_wconf 81' lang='lat' dir='ltr'><strong>eum</strong></span> <span class='ocrx_word' id='word_1_384' title='bbox 2922 2572 3114 2628; x_wconf 86' lang='lat' dir='ltr'><strong>vestris</strong></span> <span class='ocrx_word' id='word_1_385' title='bbox 3135 2573 3392 2626; x_wconf 81' lang='lat' dir='ltr'><strong>uxoribus</strong></span> <span class='ocrx_word' id='word_1_386' title='bbox 3415 2589 3536 2626; x_wconf 83' lang='lat' dir='ltr'><strong>con-</strong></span> 
     </span>
    </p>
   </div>
   <div class='ocr_carea' id='block_1_53' title="bbox 1947 2664 3536 2737">
    <p class='ocr_par' dir='ltr' id='par_1_53' title="bbox 1947 2664 3536 2737">
     <span class='ocr_line' id='line_1_53' title="bbox 1947 2664 3536 2737; baseline 0 -17"><span class='ocrx_word' id='word_1_387' title='bbox 1947 2664 2379 2737; x_wconf 79' lang='lat' dir='ltr'><strong>cumbatistsa:</strong></span> <span class='ocrx_word' id='word_1_388' title='bbox 2395 2667 2540 2721; x_wconf 90' lang='lat' dir='ltr'><strong>enim</strong></span> <span class='ocrx_word' id='word_1_389' title='bbox 2557 2677 2680 2722; x_wconf 87' lang='lat' dir='ltr'><strong>sunt</strong></span> <span class='ocrx_word' id='word_1_390' title='bbox 2698 2677 2877 2722; x_wconf 86' lang='lat' dir='ltr'><strong>vestra</strong></span> <span class='ocrx_word' id='word_1_391' title='bbox 2894 2676 3198 2737; x_wconf 76' lang='lat' dir='ltr'><strong>tegumenta</strong></span> <span class='ocrx_word' id='word_1_392' title='bbox 3211 2673 3385 2730; x_wconf 84' lang='lat' dir='ltr'><strong>,etvos</strong></span> <span class='ocrx_word' id='word_1_393' title='bbox 3402 2665 3536 2729; x_wconf 84' lang='lat' dir='ltr'><strong>ipsis</strong></span> 
     </span>
    </p>
   </div>
   <div class='ocr_carea' id='block_1_54' title="bbox 1948 2759 3538 2830">
    <p class='ocr_par' dir='ltr' id='par_1_54' title="bbox 1948 2759 3538 2830">
     <span class='ocr_line' id='line_1_54' title="bbox 1948 2759 3538 2830; baseline -0.003 -16"><span class='ocrx_word' id='word_1_394' title='bbox 1948 2760 2082 2814; x_wconf 86' lang='lat' dir='ltr'><strong>estis</strong></span> <span class='ocrx_word' id='word_1_395' title='bbox 2105 2759 2598 2830; x_wconf 68' lang='lat' dir='ltr'><strong>tc-gumenta.Deus</strong></span> <span class='ocrx_word' id='word_1_396' title='bbox 2636 2761 2777 2814; x_wconf 87' lang='lat' dir='ltr'><strong>enim</strong></span> <span class='ocrx_word' id='word_1_397' title='bbox 2801 2769 3140 2829; x_wconf 83' lang='lat' dir='ltr'><strong>perspectum</strong></span> <span class='ocrx_word' id='word_1_398' title='bbox 3183 2760 3370 2812; x_wconf 83' lang='lat' dir='ltr'><strong>habuit</strong></span> <span class='ocrx_word' id='word_1_399' title='bbox 3413 2759 3538 2811; x_wconf 82' lang='lat' dir='ltr'><strong>insi-</strong></span> 
     </span>
    </p>
   </div>
   <div class='ocr_carea' id='block_1_55' title="bbox 1949 2851 3536 2921">
    <p class='ocr_par' dir='ltr' id='par_1_55' title="bbox 1949 2851 3536 2921">
     <span class='ocr_line' id='line_1_55' title="bbox 1949 2851 3536 2921; baseline -0.001 -14"><span class='ocrx_word' id='word_1_400' title='bbox 1949 2853 2067 2907; x_wconf 91' lang='lat' dir='ltr'><strong>dias</strong></span> <span class='ocrx_word' id='word_1_401' title='bbox 2088 2854 2238 2908; x_wconf 86' lang='lat' dir='ltr'><strong>vobis</strong></span> <span class='ocrx_word' id='word_1_402' title='bbox 2258 2853 2371 2906; x_wconf 67' lang='lat' dir='ltr'><strong>lio-.ri</strong></span> <span class='ocrx_word' id='word_1_403' title='bbox 2395 2853 2617 2921; x_wconf 73' lang='lat' dir='ltr'><strong>jejunio,</strong></span> <span class='ocrx_word' id='word_1_404' title='bbox 2637 2864 2691 2905; x_wconf 90' lang='lat' dir='ltr'><strong>et</strong></span> <span class='ocrx_word' id='word_1_405' title='bbox 2706 2852 2970 2921; x_wconf 87' lang='lat' dir='ltr'><strong>propitius</strong></span> <span class='ocrx_word' id='word_1_406' title='bbox 2991 2863 3092 2906; x_wconf 90' lang='lat' dir='ltr'><strong>est.</strong></span> <span class='ocrx_word' id='word_1_407' title='bbox 3112 2851 3294 2921; x_wconf 86' lang='lat' dir='ltr'><strong>Itaque</strong></span> <span class='ocrx_word' id='word_1_408' title='bbox 3312 2852 3536 2907; x_wconf 85' lang='lat' dir='ltr'><strong>miscea-</strong></span> 
     </span>
    </p>
   </div>
   <div class='ocr_carea' id='block_1_56' title="bbox 1951 2943 3538 3013">
    <p class='ocr_par' dir='ltr' id='par_1_56' title="bbox 1951 2943 3538 3013">
     <span class='ocr_line' id='line_1_56' title="bbox 1951 2943 3538 3013; baseline -0.001 -13"><span class='ocrx_word' id='word_1_409' title='bbox 1951 2945 2085 3000; x_wconf 91' lang='lat' dir='ltr'><strong>mini</strong></span> <span class='ocrx_word' id='word_1_410' title='bbox 2106 2960 2228 3000; x_wconf 84' lang='lat' dir='ltr'><strong>cum</strong></span> <span class='ocrx_word' id='word_1_411' title='bbox 2265 2945 2370 3000; x_wconf 92' lang='lat' dir='ltr'><strong>illis</strong></span> <span class='ocrx_word' id='word_1_412' title='bbox 2395 2948 2459 3000; x_wconf 89' lang='lat' dir='ltr'><strong>ad</strong></span> <span class='ocrx_word' id='word_1_413' title='bbox 2487 2945 2914 3000; x_wconf 87' lang='lat' dir='ltr'><strong>consolationem</strong></span> <span class='ocrx_word' id='word_1_414' title='bbox 2939 2955 3024 3010; x_wconf 89' lang='lat' dir='ltr'><strong>;et</strong></span> <span class='ocrx_word' id='word_1_415' title='bbox 3041 2946 3248 3013; x_wconf 90' lang='lat' dir='ltr'><strong>vesperi</strong></span> <span class='ocrx_word' id='word_1_416' title='bbox 3271 2943 3538 2999; x_wconf 78' lang='lat' dir='ltr'><strong>comedite</strong></span> 
     </span>
    </p>
   </div>
   <div class='ocr_carea' id='block_1_57' title="bbox 1951 3035 3538 3106">
    <p class='ocr_par' dir='ltr' id='par_1_57' title="bbox 1951 3035 3538 3106">
     <span class='ocr_line' id='line_1_57' title="bbox 1951 3035 3538 3106; baseline 0.001 -17"><span class='ocrx_word' id='word_1_417' title='bbox 1951 3050 2014 3090; x_wconf 89' lang='lat' dir='ltr'><strong>ac</strong></span> <span class='ocrx_word' id='word_1_418' title='bbox 2042 3035 2231 3100; x_wconf 87' lang='lat' dir='ltr'><strong>bibite,</strong></span> <span class='ocrx_word' id='word_1_419' title='bbox 2278 3039 2446 3092; x_wconf 87' lang='lat' dir='ltr'><strong>donec</strong></span> <span class='ocrx_word' id='word_1_420' title='bbox 2474 3050 2538 3090; x_wconf 85' lang='lat' dir='ltr'><strong>ex</strong></span> <span class='ocrx_word' id='word_1_421' title='bbox 2562 3047 2677 3090; x_wconf 90' lang='lat' dir='ltr'><strong>atra</strong></span> <span class='ocrx_word' id='word_1_422' title='bbox 2704 3038 2879 3091; x_wconf 89' lang='lat' dir='ltr'><strong>noctis</strong></span> <span class='ocrx_word' id='word_1_423' title='bbox 2904 3037 3134 3106; x_wconf 82' lang='lat' dir='ltr'><strong>caligine</strong></span> <span class='ocrx_word' id='word_1_424' title='bbox 3163 3036 3389 3091; x_wconf 71' lang='lat' dir='ltr'><strong>candida</strong></span> <span class='ocrx_word' id='word_1_425' title='bbox 3421 3037 3538 3090; x_wconf 83' lang='lat' dir='ltr'><strong>dies</strong></span> 
     </span>
    </p>
   </div>
   <div class='ocr_carea' id='block_1_58' title="bbox 1953 3128 3538 3201">
    <p class='ocr_par' dir='ltr' id='par_1_58' title="bbox 1953 3128 3538 3201">
     <span class='ocr_line' id='line_1_58' title="bbox 1953 3128 3538 3201; baseline 0.001 -19"><span class='ocrx_word' id='word_1_426' title='bbox 1953 3128 2236 3184; x_wconf 84' lang='lat' dir='ltr'><strong>illucescat</strong></span> <span class='ocrx_word' id='word_1_427' title='bbox 2256 3146 2271 3188; x_wconf 88' lang='lat'><strong>:</strong></span> <span class='ocrx_word' id='word_1_428' title='bbox 2291 3139 2346 3185; x_wconf 91' lang='lat' dir='ltr'><strong>et</strong></span> <span class='ocrx_word' id='word_1_429' title='bbox 2373 3130 2564 3185; x_wconf 87' lang='lat' dir='ltr'><strong>iterum</strong></span> <span class='ocrx_word' id='word_1_430' title='bbox 2588 3130 2800 3200; x_wconf 84' lang='lat' dir='ltr'><strong>expleto</strong></span> <span class='ocrx_word' id='word_1_431' title='bbox 2817 3145 2989 3200; x_wconf 86' lang='lat' dir='ltr'><strong>usque</strong></span> <span class='ocrx_word' id='word_1_432' title='bbox 3012 3130 3076 3185; x_wconf 90' lang='lat' dir='ltr'><strong>ad</strong></span> <span class='ocrx_word' id='word_1_433' title='bbox 3100 3146 3380 3200; x_wconf 87' lang='lat' dir='ltr'><strong>vesperam</strong></span> <span class='ocrx_word' id='word_1_434' title='bbox 3396 3131 3538 3201; x_wconf 84' lang='lat' dir='ltr'><strong>jeju-</strong></span> 
     </span>
    </p>
   </div>
   <div class='ocr_carea' id='block_1_59' title="bbox 268 3213 1848 3295">
    <p class='ocr_par' dir='ltr' id='par_1_59' title="bbox 268 3213 1848 3294">
     <span class='ocr_line' id='line_1_59' title="bbox 268 3213 1848 3294; baseline -0.009 -15"><span class='ocrx_word' id='word_1_435' title='bbox 268 3225 354 3279; x_wconf 83' lang='grc' dir='ltr'><strong>λιν</strong></span> <span class='ocrx_word' id='word_1_436' title='bbox 381 3223 708 3294; x_wconf 85' lang='grc' dir='ltr'>πληρώσατε</span> <span class='ocrx_word' id='word_1_437' title='bbox 736 3219 834 3291; x_wconf 79' lang='grc' dir='ltr'>τὴν</span> <span class='ocrx_word' id='word_1_438' title='bbox 885 3217 1140 3289; x_wconf 82' lang='grc' dir='ltr'>νηστείαν</span> <span class='ocrx_word' id='word_1_439' title='bbox 1175 3218 1282 3280; x_wconf 81' lang='grc' dir='ltr'>ῑως</span> <span class='ocrx_word' id='word_1_440' title='bbox 1307 3217 1409 3286; x_wconf 82' lang='grc' dir='ltr'>τῆς</span> <span class='ocrx_word' id='word_1_441' title='bbox 1445 3214 1710 3284; x_wconf 75' lang='grc' dir='ltr'>ἑσπέρας,</span> <span class='ocrx_word' id='word_1_442' title='bbox 1756 3213 1848 3266; x_wconf 72' lang='grc' dir='ltr'><strong>καὶ</strong></span> 
     </span>
    </p>
   </div>
   <div class='ocr_carea' id='block_1_60' title="bbox 1965 3213 3537 3295">
    <p class='ocr_par' dir='ltr' id='par_1_60' title="bbox 1965 3220 3537 3290">
     <span class='ocr_line' id='line_1_60' title="bbox 1965 3220 3537 3290; baseline 0.002 -17"><span class='ocrx_word' id='word_1_443' title='bbox 1965 3220 2066 3285; x_wconf 82' lang='lat' dir='ltr'><strong>nio,</strong></span> <span class='ocrx_word' id='word_1_444' title='bbox 2098 3235 2218 3275; x_wconf 91' lang='lat' dir='ltr'><strong>cum</strong></span> <span class='ocrx_word' id='word_1_445' title='bbox 2251 3220 2571 3277; x_wconf 78' lang='lat' dir='ltr'><strong>mulieribus</strong></span> <span class='ocrx_word' id='word_1_446' title='bbox 2596 3237 2710 3276; x_wconf 88' lang='lat' dir='ltr'><strong>rent</strong></span> <span class='ocrx_word' id='word_1_447' title='bbox 2739 3221 2958 3290; x_wconf 87' lang='lat' dir='ltr'><strong>habete,</strong></span> <span class='ocrx_word' id='word_1_448' title='bbox 2989 3223 3290 3278; x_wconf 87' lang='lat' dir='ltr'><strong>oratorium</strong></span> <span class='ocrx_word' id='word_1_449' title='bbox 3317 3225 3537 3277; x_wconf 84' lang='lat' dir='ltr'><strong>assidue</strong></span> 
     </span>
    </p>
   </div>
   <div class='ocr_carea' id='block_1_61' title="bbox 274 3305 1848 3390">
    <p class='ocr_par' dir='ltr' id='par_1_61' title="bbox 274 3305 1848 3390">
     <span class='ocr_line' id='line_1_61' title="bbox 274 3305 1848 3390; baseline -0.009 -19"><span class='ocrx_word' id='word_1_450' title='bbox 274 3319 510 3390; x_wconf 83' lang='grc' dir='ltr'>μίχθητε</span> <span class='ocrx_word' id='word_1_451' title='bbox 546 3315 759 3378; x_wconf 83' lang='grc' dir='ltr'>αὑταῖς,</span> <span class='ocrx_word' id='word_1_452' title='bbox 795 3310 949 3381; x_wconf 81' lang='grc' dir='ltr'>ὑμῶν</span> <span class='ocrx_word' id='word_1_453' title='bbox 977 3310 1358 3379; x_wconf 78' lang='grc' dir='ltr'>συχναξὸντων</span> <span class='ocrx_word' id='word_1_454' title='bbox 1392 3311 1448 3360; x_wconf 83' lang='grc' dir='ltr'><strong>ὲν</strong></span> <span class='ocrx_word' id='word_1_455' title='bbox 1496 3305 1573 3377; x_wconf 78' lang='grc' dir='ltr'>τῷ</span> <span class='ocrx_word' id='word_1_456' title='bbox 1603 3322 1848 3377; x_wconf 85' lang='grc' dir='ltr'>προσκυ-</span> 
     </span>
    </p>
   </div>
   <div class='ocr_carea' id='block_1_62' title="bbox 270 3399 1846 3480">
    <p class='ocr_par' dir='ltr' id='par_1_62' title="bbox 270 3399 1846 3480">
     <span class='ocr_line' id='line_1_62' title="bbox 270 3399 1846 3480; baseline -0.009 -16"><span class='ocrx_word' id='word_1_457' title='bbox 270 3409 538 3480; x_wconf 84' lang='grc' dir='ltr'>νητηρίῳ.</span> <span class='ocrx_word' id='word_1_458' title='bbox 568 3406 719 3474; x_wconf 75' lang='grc' dir='ltr'>Αὕτη</span> <span class='ocrx_word' id='word_1_459' title='bbox 748 3403 898 3457; x_wconf 76' lang='grc' dir='ltr'>ἐστὶν</span> <span class='ocrx_word' id='word_1_460' title='bbox 924 3404 952 3456; x_wconf 94' lang='lat'><strong>6</strong></span> <span class='ocrx_word' id='word_1_461' title='bbox 983 3403 1146 3472; x_wconf 82' lang='grc' dir='ltr'>νόμος</span> <span class='ocrx_word' id='word_1_462' title='bbox 1175 3401 1336 3466; x_wconf 71' lang='grc' dir='ltr'>Θεοῦ,</span> <span class='ocrx_word' id='word_1_463' title='bbox 1374 3419 1392 3453; x_wconf 68' lang='grc' dir='ltr'><strong>ι</strong></span> <span class='ocrx_word' id='word_1_464' title='bbox 1433 3399 1570 3453; x_wconf 88' lang='grc' dir='ltr'>Ποία</span> <span class='ocrx_word' id='word_1_465' title='bbox 1597 3400 1846 3469; x_wconf 85' lang='grc' dir='ltr'>νηστεία,</span> 
     </span>
    </p>
   </div>
   <div class='ocr_carea' id='block_1_63' title="bbox 271 3490 1850 3571">
    <p class='ocr_par' dir='ltr' id='par_1_63' title="bbox 271 3490 1850 3571">
     <span class='ocr_line' id='line_1_63' title="bbox 271 3490 1850 3571; baseline -0.009 -15"><span class='ocrx_word' id='word_1_466' title='bbox 271 3503 574 3571; x_wconf 72' lang='grc' dir='ltr'>ὰλάθαρτε,</span> <span class='ocrx_word' id='word_1_467' title='bbox 624 3498 658 3569; x_wconf 76' lang='grc' dir='ltr'>ἦ</span> <span class='ocrx_word' id='word_1_468' title='bbox 712 3499 864 3559; x_wconf 79' lang='grc' dir='ltr'>ποῖος</span> <span class='ocrx_word' id='word_1_469' title='bbox 922 3496 1086 3565; x_wconf 87' lang='grc' dir='ltr'>νόμος</span> <span class='ocrx_word' id='word_1_470' title='bbox 1121 3493 1282 3559; x_wconf 79' lang='grc' dir='ltr'>Θεοῦ,</span> <span class='ocrx_word' id='word_1_471' title='bbox 1335 3492 1397 3546; x_wconf 82' lang='grc' dir='ltr'>τὸ</span> <span class='ocrx_word' id='word_1_472' title='bbox 1426 3492 1491 3546; x_wconf 84' lang='grc' dir='ltr'><strong>δι’</strong></span> <span class='ocrx_word' id='word_1_473' title='bbox 1523 3490 1650 3558; x_wconf 85' lang='grc' dir='ltr'>ὅλης</span> <span class='ocrx_word' id='word_1_474' title='bbox 1704 3490 1850 3561; x_wconf 78' lang='grc' dir='ltr'>(τῆς)</span> 
     </span>
    </p>
   </div>
   <div class='ocr_carea' id='block_1_64' title="bbox 271 3586 1264 3656">
    <p class='ocr_par' dir='ltr' id='par_1_64' title="bbox 271 3586 1264 3656">
     <span class='ocr_line' id='line_1_64' title="bbox 271 3586 1264 3656; baseline -0.012 -7"><span class='ocrx_word' id='word_1_475' title='bbox 271 3594 470 3654; x_wconf 80' lang='grc' dir='ltr'>νυκτὸς</span> <span class='ocrx_word' id='word_1_476' title='bbox 505 3590 726 3654; x_wconf 70' lang='grc' dir='ltr'>εὐαζειν</span> <span class='ocrx_word' id='word_1_477' title='bbox 755 3589 851 3641; x_wconf 73' lang='grc' dir='ltr'><strong>καὶ</strong></span> <span class='ocrx_word' id='word_1_478' title='bbox 880 3586 1264 3656; x_wconf 80' lang='grc' dir='ltr'>ἀσελγαίνειν;</span> 
     </span>
    </p>
   </div>
   <div class='ocr_carea' id='block_1_65' title="bbox 346 3677 1850 3758">
    <p class='ocr_par' dir='ltr' id='par_1_65' title="bbox 346 3677 1850 3758">
     <span class='ocr_line' id='line_1_65' title="bbox 346 3677 1850 3758; baseline -0.008 -18"><span class='ocrx_word' id='word_1_479' title='bbox 346 3687 482 3758; x_wconf 73' lang='grc' dir='ltr'>Περὶ</span> <span class='ocrx_word' id='word_1_480' title='bbox 509 3682 867 3754; x_wconf 78' lang='grc' dir='ltr'>σωφροσύνης</span> <span class='ocrx_word' id='word_1_481' title='bbox 900 3682 1082 3744; x_wconf 84' lang='grc' dir='ltr'>αὐτοῖς</span> <span class='ocrx_word' id='word_1_482' title='bbox 1113 3678 1491 3749; x_wconf 84' lang='grc' dir='ltr'>διαλεγόμενός</span> <span class='ocrx_word' id='word_1_483' title='bbox 1514 3694 1680 3749; x_wconf 80' lang='grc' dir='ltr'>φησιν</span> <span class='ocrx_word' id='word_1_484' title='bbox 1701 3693 1713 3706; x_wconf 86' lang='grc'><strong>·</strong></span> <span class='ocrx_word' id='word_1_485' title='bbox 1756 3677 1850 3730; x_wconf 66' lang='lat' dir='ltr'><strong>«Ai</strong></span> 
     </span>
    </p>
   </div>
   <div class='ocr_carea' id='block_1_66' title="bbox 272 3769 1854 3852">
    <p class='ocr_par' dir='ltr' id='par_1_66' title="bbox 272 3769 1854 3852">
     <span class='ocr_line' id='line_1_66' title="bbox 272 3769 1854 3852; baseline -0.009 -18"><span class='ocrx_word' id='word_1_486' title='bbox 272 3783 535 3852; x_wconf 82' lang='grc' dir='ltr'>γυναῖκες</span> <span class='ocrx_word' id='word_1_487' title='bbox 595 3776 772 3846; x_wconf 83' lang='grc' dir='ltr'>ὑμῶν,</span> <span class='ocrx_word' id='word_1_488' title='bbox 824 3773 1014 3837; x_wconf 78' lang='grc' dir='ltr'>ναετδς</span> <span class='ocrx_word' id='word_1_489' title='bbox 1065 3771 1242 3844; x_wconf 78' lang='grc' dir='ltr'>ὑμῶν.</span> <span class='ocrx_word' id='word_1_490' title='bbox 1283 3769 1566 3823; x_wconf 83' lang='grc' dir='ltr'>Είσέλθετε</span> <span class='ocrx_word' id='word_1_491' title='bbox 1602 3770 1682 3832; x_wconf 86' lang='grc' dir='ltr'><strong>είς</strong></span> <span class='ocrx_word' id='word_1_492' title='bbox 1727 3769 1854 3830; x_wconf 77' lang='grc' dir='ltr'>τοὺς</span> 
     </span>
    </p>
   </div>
   <div class='ocr_carea' id='block_1_67' title="bbox 274 3861 1854 3941">
    <p class='ocr_par' dir='ltr' id='par_1_67' title="bbox 274 3861 1854 3941">
     <span class='ocr_line' id='line_1_67' title="bbox 274 3861 1854 3941; baseline -0.013 -10"><span class='ocrx_word' id='word_1_493' title='bbox 274 3876 499 3936; x_wconf 83' lang='grc' dir='ltr'>ναετοὺς</span> <span class='ocrx_word' id='word_1_494' title='bbox 553 3871 730 3941; x_wconf 82' lang='grc' dir='ltr'>ὑμῶν,</span> <span class='ocrx_word' id='word_1_495' title='bbox 765 3868 888 3921; x_wconf 84' lang='grc' dir='ltr'>ὃθεν</span> <span class='ocrx_word' id='word_1_496' title='bbox 936 3865 1229 3936; x_wconf 82' lang='grc' dir='ltr'>βούλεσθε·</span> <span class='ocrx_word' id='word_1_497' title='bbox 1277 3863 1370 3916; x_wconf 76' lang='grc' dir='ltr'>καὶ</span> <span class='ocrx_word' id='word_1_498' title='bbox 1419 3861 1699 3915; x_wconf 69' lang='grc' dir='ltr'>συνέλθετε</span> <span class='ocrx_word' id='word_1_499' title='bbox 1733 3861 1854 3922; x_wconf 85' lang='grc' dir='ltr'>ταῖς</span> 
     </span>
    </p>
   </div>
   <div class='ocr_carea' id='block_1_68' title="bbox 274 3952 1859 4043">
    <p class='ocr_par' dir='ltr' id='par_1_68' title="bbox 274 3952 1859 4043">
     <span class='ocr_line' id='line_1_68' title="bbox 274 3952 1859 4043; baseline -0.011 -20"><span class='ocrx_word' id='word_1_500' title='bbox 274 3971 478 4043; x_wconf 77' lang='grc' dir='ltr'>ψυχαῖς</span> <span class='ocrx_word' id='word_1_501' title='bbox 506 3965 660 4036; x_wconf 84' lang='grc' dir='ltr'>ὑμῶν</span> <span class='ocrx_word' id='word_1_502' title='bbox 684 3979 697 3992; x_wconf 86' lang='grc'><strong>·</strong></span> <span class='ocrx_word' id='word_1_503' title='bbox 723 3982 741 4016; x_wconf 83' lang='grc'>›</span> <span class='ocrx_word' id='word_1_504' title='bbox 781 3961 1049 4024; x_wconf 80' lang='grc' dir='ltr'>τουτέστι,</span> <span class='ocrx_word' id='word_1_505' title='bbox 1079 3959 1259 4012; x_wconf 79' lang='grc' dir='ltr'>πᾶσαν</span> <span class='ocrx_word' id='word_1_506' title='bbox 1290 3955 1590 4026; x_wconf 75' lang='grc' dir='ltr'>ἐπιθυμίαν</span> <span class='ocrx_word' id='word_1_507' title='bbox 1620 3952 1727 4008; x_wconf 85' lang='grc' dir='ltr'>τῶν</span> <span class='ocrx_word' id='word_1_508' title='bbox 1753 3952 1859 4043; x_wconf 73' lang='grc' dir='ltr'>ψυ-</span> 
     </span>
    </p>
   </div>
   <div class='ocr_carea' id='block_1_69' title="bbox 275 4042 1857 4134">
    <p class='ocr_par' dir='ltr' id='par_1_69' title="bbox 275 4042 1857 4134">
     <span class='ocr_line' id='line_1_69' title="bbox 275 4042 1857 4134; baseline -0.012 -21"><span class='ocrx_word' id='word_1_509' title='bbox 275 4042 386 4134; x_wconf 68' lang='grc' dir='ltr'><strong>χῶν</strong></span> <span class='ocrx_word' id='word_1_510' title='bbox 411 4057 563 4128; x_wconf 81' lang='grc' dir='ltr'>ὑμῶν</span> <span class='ocrx_word' id='word_1_511' title='bbox 595 4052 954 4124; x_wconf 85' lang='grc' dir='ltr'>πληρώσατε,</span> <span class='ocrx_word' id='word_1_512' title='bbox 996 4049 1092 4102; x_wconf 78' lang='grc' dir='ltr'><strong>καὶ</strong></span> <span class='ocrx_word' id='word_1_513' title='bbox 1157 4045 1434 4118; x_wconf 85' lang='grc' dir='ltr'>χρήσασθε</span> <span class='ocrx_word' id='word_1_514' title='bbox 1464 4047 1586 4108; x_wconf 85' lang='grc' dir='ltr'>ταῖς</span> <span class='ocrx_word' id='word_1_515' title='bbox 1612 4042 1857 4112; x_wconf 68' lang='grc' dir='ltr'>γυναιξὶν</span> 
     </span>
    </p>
   </div>
   <div class='ocr_carea' id='block_1_70' title="bbox 276 4136 1860 4224">
    <p class='ocr_par' dir='ltr' id='par_1_70' title="bbox 276 4136 1860 4224">
     <span class='ocr_line' id='line_1_70' title="bbox 276 4136 1860 4224; baseline -0.011 -17"><span class='ocrx_word' id='word_1_516' title='bbox 276 4153 433 4224; x_wconf 81' lang='grc' dir='ltr'>ὑμῶν</span> <span class='ocrx_word' id='word_1_517' title='bbox 466 4145 873 4219; x_wconf 73' lang='grc' dir='ltr'>ἀμφοτέρωθεν.</span> <span class='ocrx_word' id='word_1_518' title='bbox 920 4144 986 4195; x_wconf 83' lang='grc' dir='ltr'>Τί</span> <span class='ocrx_word' id='word_1_519' title='bbox 1019 4143 1117 4211; x_wconf 83' lang='grc' dir='ltr'>τῆς</span> <span class='ocrx_word' id='word_1_520' title='bbox 1170 4141 1268 4207; x_wconf 80' lang='grc' dir='ltr'>σῆς</span> <span class='ocrx_word' id='word_1_521' title='bbox 1331 4136 1669 4208; x_wconf 85' lang='grc' dir='ltr'>ἀκαθαρσίας</span> <span class='ocrx_word' id='word_1_522' title='bbox 1725 4136 1860 4190; x_wconf 86' lang='grc' dir='ltr'>ταύ-</span> 
     </span>
    </p>
   </div>
   <div class='ocr_carea' id='block_1_71' title="bbox 277 4233 1332 4316">
    <p class='ocr_par' dir='ltr' id='par_1_71' title="bbox 277 4233 1332 4316">
     <span class='ocr_line' id='line_1_71' title="bbox 277 4233 1332 4316; baseline -0.02 -16"><span class='ocrx_word' id='word_1_523' title='bbox 277 4261 378 4316; x_wconf 86' lang='grc' dir='ltr'><strong>της</strong></span> <span class='ocrx_word' id='word_1_524' title='bbox 409 4240 809 4308; x_wconf 81' lang='grc' dir='ltr'>ἀσελγέστερον</span> <span class='ocrx_word' id='word_1_525' title='bbox 833 4235 925 4288; x_wconf 73' lang='grc' dir='ltr'><strong>καὶ</strong></span> <span class='ocrx_word' id='word_1_526' title='bbox 953 4233 1332 4303; x_wconf 83' lang='grc' dir='ltr'>μιαρώτερον;</span> 
     </span>
    </p>
   </div>
   <div class='ocr_carea' id='block_1_72' title="bbox 355 4314 1860 4403">
    <p class='ocr_par' dir='ltr' id='par_1_72' title="bbox 355 4314 1860 4403">
     <span class='ocr_line' id='line_1_72' title="bbox 355 4314 1860 4403; baseline -0.013 -16"><span class='ocrx_word' id='word_1_527' title='bbox 355 4329 446 4403; x_wconf 84' lang='grc' dir='ltr'>ιη’.</span> <span class='ocrx_word' id='word_1_528' title='bbox 481 4325 647 4392; x_wconf 72' lang='grc' dir='ltr'>Οὗτος</span> <span class='ocrx_word' id='word_1_529' title='bbox 666 4323 1022 4396; x_wconf 70' lang='grc' dir='ltr'>ἐνομοθέτησε</span> <span class='ocrx_word' id='word_1_530' title='bbox 1041 4323 1305 4390; x_wconf 84' lang='grc' dir='ltr'>γυναῖκας</span> <span class='ocrx_word' id='word_1_531' title='bbox 1323 4317 1423 4389; x_wconf 80' lang='grc' dir='ltr'>μὲν</span> <span class='ocrx_word' id='word_1_532' title='bbox 1440 4315 1713 4387; x_wconf 80' lang='grc' dir='ltr'>τέσσαρας</span> <span class='ocrx_word' id='word_1_533' title='bbox 1729 4314 1860 4368; x_wconf 69' lang='grc' dir='ltr'><strong>ἔκα-</strong></span> 
     </span>
    </p>
   </div>
   <div class='ocr_carea' id='block_1_73' title="bbox 281 4407 1857 4495">
    <p class='ocr_par' dir='ltr' id='par_1_73' title="bbox 281 4407 1857 4495">
     <span class='ocr_line' id='line_1_73' title="bbox 281 4407 1857 4495; baseline -0.014 -16"><span class='ocrx_word' id='word_1_534' title='bbox 281 4442 410 4479; x_wconf 86' lang='grc' dir='ltr'>στον</span> <span class='ocrx_word' id='word_1_535' title='bbox 441 4419 640 4495; x_wconf 69' lang='grc' dir='ltr'>[ὑμῶν]</span> <span class='ocrx_word' id='word_1_536' title='bbox 660 4417 996 4487; x_wconf 77' lang='grc' dir='ltr'>λαμϐάνειν·</span> <span class='ocrx_word' id='word_1_537' title='bbox 1039 4411 1320 4471; x_wconf 82' lang='grc' dir='ltr'>παλλακὰς</span> <span class='ocrx_word' id='word_1_538' title='bbox 1346 4410 1403 4463; x_wconf 83' lang='grc' dir='ltr'><strong>δὲ</strong></span> <span class='ocrx_word' id='word_1_539' title='bbox 1436 4408 1636 4478; x_wconf 87' lang='grc' dir='ltr'>χιλίας,</span> <span class='ocrx_word' id='word_1_540' title='bbox 1669 4407 1857 4478; x_wconf 77' lang='grc' dir='ltr'>ἢὸσας</span> 
     </span>
    </p>
   </div>
   <div class='ocr_carea' id='block_1_74' title="bbox 282 4499 1860 4586">
    <p class='ocr_par' dir='ltr' id='par_1_74' title="bbox 282 4499 1860 4586">
     <span class='ocr_line' id='line_1_74' title="bbox 282 4499 1860 4586; baseline -0.013 -14"><span class='ocrx_word' id='word_1_541' title='bbox 282 4519 351 4573; x_wconf 74' lang='grc' dir='ltr'>ἂν</span> <span class='ocrx_word' id='word_1_542' title='bbox 377 4518 596 4586; x_wconf 80' lang='grc' dir='ltr'>τρέφειν</span> <span class='ocrx_word' id='word_1_543' title='bbox 620 4510 903 4582; x_wconf 87' lang='grc' dir='ltr'>δυνηθείη.</span> <span class='ocrx_word' id='word_1_544' title='bbox 919 4502 1282 4560; x_wconf 71' lang='grc' dir='ltr'>’Ὑποκεϊσθαι</span> <span class='ocrx_word' id='word_1_545' title='bbox 1309 4503 1363 4556; x_wconf 75' lang='grc' dir='ltr'><strong>δὲ</strong></span> <span class='ocrx_word' id='word_1_546' title='bbox 1389 4505 1511 4565; x_wconf 90' lang='grc' dir='ltr'>ταῖς</span> <span class='ocrx_word' id='word_1_547' title='bbox 1528 4501 1740 4569; x_wconf 78' lang='grc' dir='ltr'>γυναιξὶ</span> <span class='ocrx_word' id='word_1_548' title='bbox 1759 4499 1860 4563; x_wconf 78' lang='grc' dir='ltr'><strong>τὰς</strong></span> 
     </span>
    </p>
   </div>
   <div class='ocr_carea' id='block_1_75' title="bbox 281 4573 1940 4671">
    <p class='ocr_par' dir='ltr' id='par_1_75' title="bbox 281 4573 1940 4671">
     <span class='ocr_line' id='line_1_75' title="bbox 281 4573 1940 4671; baseline -0.014 -9"><span class='ocrx_word' id='word_1_549' title='bbox 281 4573 570 4668; x_wconf 62' lang='grc' dir='ltr'>παλλαιίάς</span> <span class='ocrx_word' id='word_1_550' title='bbox 592 4621 607 4638; x_wconf 74' lang='grc'><strong><em>⁸</em></strong></span> <span class='ocrx_word' id='word_1_551' title='bbox 644 4573 840 4671; x_wconf 36' lang='grc' dir='ltr'><strong>καὶυὴν</strong></span> <span class='ocrx_word' id='word_1_552' title='bbox 865 4573 956 4653; x_wconf 43' lang='grc' dir='ltr'><strong>’ἂν</strong></span> <span class='ocrx_word' id='word_1_553' title='bbox 989 4597 1016 4652; x_wconf 90' lang='lat'><strong>6</strong></span> <span class='ocrx_word' id='word_1_554' title='bbox 1045 4596 1183 4668; x_wconf 83' lang='grc' dir='ltr'><strong>ἀνὴρ</strong></span> <span class='ocrx_word' id='word_1_555' title='bbox 1235 4593 1529 4666; x_wconf 84' lang='grc' dir='ltr'>βούληται,</span> <span class='ocrx_word' id='word_1_556' title='bbox 1575 4591 1859 4658; x_wconf 77' lang='grc' dir='ltr'>ἀπολύειν,</span> <span class='ocrx_word' id='word_1_557' title='bbox 1885 4573 1940 4638; x_wconf 82' lang='grc' dir='ltr'><strong>Ῑ)</strong></span> 
     </span>
    </p>
   </div>
   <div class='ocr_carea' id='block_1_76' title="bbox 284 4684 1865 4768">
    <p class='ocr_par' dir='ltr' id='par_1_76' title="bbox 284 4684 1865 4768">
     <span class='ocr_line' id='line_1_76' title="bbox 284 4684 1865 4768; baseline -0.013 -11"><span class='ocrx_word' id='word_1_558' title='bbox 284 4703 383 4757; x_wconf 70' lang='grc' dir='ltr'>καὶ</span> <span class='ocrx_word' id='word_1_559' title='bbox 412 4699 579 4768; x_wconf 83' lang='grc' dir='ltr'>ἄλλην</span> <span class='ocrx_word' id='word_1_560' title='bbox 623 4695 990 4762; x_wconf 74' lang='grc' dir='ltr'>ἀντεισάγειν.</span> <span class='ocrx_word' id='word_1_561' title='bbox 1051 4691 1116 4742; x_wconf 83' lang='grc' dir='ltr'><strong>Ὢ</strong></span> <span class='ocrx_word' id='word_1_562' title='bbox 1163 4689 1265 4758; x_wconf 79' lang='grc' dir='ltr'>τῆς</span> <span class='ocrx_word' id='word_1_563' title='bbox 1295 4685 1712 4757; x_wconf 76' lang='grc' dir='ltr'>ἀνυπερΰλητου</span> <span class='ocrx_word' id='word_1_564' title='bbox 1771 4684 1865 4738; x_wconf 79' lang='grc' dir='ltr'><strong>καὶ</strong></span> 
     </span>
    </p>
   </div>
   <div class='ocr_carea' id='block_1_77' title="bbox 286 4779 1334 4866">
    <p class='ocr_par' dir='ltr' id='par_1_77' title="bbox 286 4779 1334 4866">
     <span class='ocr_line' id='line_1_77' title="bbox 286 4779 1334 4866; baseline -0.012 -20"><span class='ocrx_word' id='word_1_565' title='bbox 286 4789 582 4866; x_wconf 80' lang='grc' dir='ltr'>χοιρὼὂους</span> <span class='ocrx_word' id='word_1_566' title='bbox 620 4786 653 4858; x_wconf 78' lang='grc' dir='ltr'>ἢ</span> <span class='ocrx_word' id='word_1_567' title='bbox 685 4782 964 4844; x_wconf 83' lang='grc' dir='ltr'>κυνὼδους</span> <span class='ocrx_word' id='word_1_568' title='bbox 999 4779 1334 4842; x_wconf 76' lang='grc' dir='ltr'>ἅκολασίαςί</span> 
     </span>
    </p>
   </div>
   <div class='ocr_carea' id='block_1_78' title="bbox 362 4963 1867 5043">
    <p class='ocr_par' dir='ltr' id='par_1_78' title="bbox 362 4963 1867 5043">
     <span class='ocr_line' id='line_1_78' title="bbox 362 4963 1867 5043; baseline -0.011 -12"><span class='ocrx_word' id='word_1_569' title='bbox 362 4978 583 5038; x_wconf 87' lang='grc' dir='ltr'>Λύσεως</span> <span class='ocrx_word' id='word_1_570' title='bbox 641 4969 1022 5043; x_wconf 80' lang='grc' dir='ltr'>μνημονεύσας</span> <span class='ocrx_word' id='word_1_571' title='bbox 1079 4965 1340 5035; x_wconf 82' lang='grc' dir='ltr'>γυναικὸς</span> <span class='ocrx_word' id='word_1_572' title='bbox 1398 4963 1459 5028; x_wconf 80' lang='grc' dir='ltr'><strong>ἐξ</strong></span> <span class='ocrx_word' id='word_1_573' title='bbox 1506 4963 1697 5034; x_wconf 83' lang='grc' dir='ltr'>ἀνδρός</span> <span class='ocrx_word' id='word_1_574' title='bbox 1736 4978 1867 5030; x_wconf 86' lang='grc' dir='ltr'>φησι</span> 
     </span>
    </p>
   </div>
   <div class='ocr_carea' id='block_1_79' title="bbox 287 5056 1870 5132">
    <p class='ocr_par' dir='ltr' id='par_1_79' title="bbox 287 5056 1870 5132">
     <span class='ocr_line' id='line_1_79' title="bbox 287 5056 1870 5132; baseline -0.016 -3"><span class='ocrx_word' id='word_1_575' title='bbox 287 5073 438 5130; x_wconf 80' lang='grc' dir='ltr'>τάδε’</span> <span class='ocrx_word' id='word_1_576' title='bbox 472 5089 489 5120; x_wconf 82' lang='grc' dir='ltr'><strong>ι</strong></span> <span class='ocrx_word' id='word_1_577' title='bbox 524 5068 653 5122; x_wconf 80' lang='grc' dir='ltr'>Ἐάν</span> <span class='ocrx_word' id='word_1_578' title='bbox 678 5083 759 5127; x_wconf 90' lang='grc' dir='ltr'><strong>τις</strong></span> <span class='ocrx_word' id='word_1_579' title='bbox 795 5062 1042 5132; x_wconf 75' lang='grc' dir='ltr'>ἀπολύσῃ</span> <span class='ocrx_word' id='word_1_580' title='bbox 1072 5059 1168 5129; x_wconf 78' lang='grc' dir='ltr'><strong>τὴν</strong></span> <span class='ocrx_word' id='word_1_581' title='bbox 1195 5058 1431 5126; x_wconf 75' lang='grc' dir='ltr'>γυναῖκα</span> <span class='ocrx_word' id='word_1_582' title='bbox 1467 5056 1653 5120; x_wconf 83' lang='grc' dir='ltr'>αὐτοῦ,</span> <span class='ocrx_word' id='word_1_583' title='bbox 1686 5071 1870 5126; x_wconf 81' lang='grc' dir='ltr'>γαμη-</span> 
     </span>
    </p>
   </div>
   <div class='ocr_carea' id='block_1_80' title="bbox 291 5147 1869 5236">
    <p class='ocr_par' dir='ltr' id='par_1_80' title="bbox 291 5147 1869 5236">
     <span class='ocr_line' id='line_1_80' title="bbox 291 5147 1869 5236; baseline -0.012 -18"><span class='ocrx_word' id='word_1_584' title='bbox 291 5166 441 5236; x_wconf 83' lang='grc' dir='ltr'>θήτω</span> <span class='ocrx_word' id='word_1_585' title='bbox 469 5160 613 5231; x_wconf 64' lang='grc' dir='ltr'>αὕτη</span> <span class='ocrx_word' id='word_1_586' title='bbox 640 5157 813 5227; x_wconf 76' lang='grc' dir='ltr'>ἑτέρῳ</span> <span class='ocrx_word' id='word_1_587' title='bbox 835 5172 850 5188; x_wconf 78' lang='grc' dir='ltr'><strong>ο</strong></span> <span class='ocrx_word' id='word_1_588' title='bbox 884 5154 980 5207; x_wconf 76' lang='grc' dir='ltr'><strong>καὶ</strong></span> <span class='ocrx_word' id='word_1_589' title='bbox 1019 5151 1215 5216; x_wconf 82' lang='grc' dir='ltr'>οὓτως,</span> <span class='ocrx_word' id='word_1_590' title='bbox 1245 5151 1292 5202; x_wconf 85' lang='grc' dir='ltr'><strong>εί</strong></span> <span class='ocrx_word' id='word_1_591' title='bbox 1321 5149 1577 5220; x_wconf 82' lang='grc' dir='ltr'>βούλεται</span> <span class='ocrx_word' id='word_1_592' title='bbox 1610 5151 1638 5202; x_wconf 86' lang='grc'>6</span> <span class='ocrx_word' id='word_1_593' title='bbox 1667 5147 1869 5202; x_wconf 84' lang='grc' dir='ltr'>ἀπολύ-</span> 
     </span>
    </p>
   </div>
   <div class='ocr_carea' id='block_1_81' title="bbox 295 5243 1871 5326">
    <p class='ocr_par' dir='ltr' id='par_1_81' title="bbox 295 5243 1871 5326">
     <span class='ocr_line' id='line_1_81' title="bbox 295 5243 1871 5326; baseline -0.012 -14"><span class='ocrx_word' id='word_1_594' title='bbox 295 5277 392 5321; x_wconf 84' lang='grc' dir='ltr'><strong>σας</strong></span> <span class='ocrx_word' id='word_1_595' title='bbox 424 5257 594 5326; x_wconf 76' lang='grc' dir='ltr'>αὐτὴν</span> <span class='ocrx_word' id='word_1_596' title='bbox 625 5253 764 5323; x_wconf 79' lang='grc' dir='ltr'>ἀνὴρ</span> <span class='ocrx_word' id='word_1_597' title='bbox 810 5249 1002 5320; x_wconf 79' lang='grc' dir='ltr'>αὐτῆς,</span> <span class='ocrx_word' id='word_1_598' title='bbox 1039 5244 1542 5316; x_wconf 70' lang='grc' dir='ltr'>ὲπαναστρεψάσθω</span> <span class='ocrx_word' id='word_1_599' title='bbox 1590 5243 1727 5316; x_wconf 80' lang='grc' dir='ltr'>πρὸς</span> <span class='ocrx_word' id='word_1_600' title='bbox 1771 5244 1871 5298; x_wconf 84' lang='grc' dir='ltr'><strong>αὐ-</strong></span> 
     </span>
    </p>
   </div>
   <div class='ocr_carea' id='block_1_82' title="bbox 294 5338 1870 5412">
    <p class='ocr_par' dir='ltr' id='par_1_82' title="bbox 294 5338 1870 5412">
     <span class='ocr_line' id='line_1_82' title="bbox 294 5338 1870 5412; baseline -0.009 -9"><span class='ocrx_word' id='word_1_601' title='bbox 294 5353 409 5405; x_wconf 74' lang='grc' dir='ltr'>τόν.</span> <span class='ocrx_word' id='word_1_602' title='bbox 443 5352 555 5402; x_wconf 79' lang='grc' dir='ltr'><strong>Οὐκ</strong></span> <span class='ocrx_word' id='word_1_603' title='bbox 581 5347 797 5412; x_wconf 76' lang='grc' dir='ltr'>ἐξέσται</span> <span class='ocrx_word' id='word_1_604' title='bbox 823 5344 878 5397; x_wconf 79' lang='grc' dir='ltr'>δὲ</span> <span class='ocrx_word' id='word_1_605' title='bbox 905 5343 1065 5411; x_wconf 79' lang='grc' dir='ltr'>αὐτῇ,</span> <span class='ocrx_word' id='word_1_606' title='bbox 1090 5341 1196 5410; x_wconf 79' lang='grc' dir='ltr'>πρὸ</span> <span class='ocrx_word' id='word_1_607' title='bbox 1221 5338 1314 5392; x_wconf 80' lang='grc' dir='ltr'>τοῦ</span> <span class='ocrx_word' id='word_1_608' title='bbox 1339 5338 1656 5409; x_wconf 85' lang='grc' dir='ltr'>γαμηθῆναι</span> <span class='ocrx_word' id='word_1_609' title='bbox 1677 5339 1870 5408; x_wconf 78' lang='grc' dir='ltr'>ἑτέρῳ,</span> 
     </span>
    </p>
   </div>
   <div class='ocr_carea' id='block_1_83' title="bbox 297 5431 1874 5513">
    <p class='ocr_par' dir='ltr' id='par_1_83' title="bbox 297 5431 1874 5513">
     <span class='ocr_line' id='line_1_83' title="bbox 297 5431 1874 5513; baseline -0.011 -14"><span class='ocrx_word' id='word_1_610' title='bbox 297 5441 706 5513; x_wconf 71' lang='grc' dir='ltr'>ὲπαναστρέψαι</span> <span class='ocrx_word' id='word_1_611' title='bbox 765 5437 900 5507; x_wconf 68' lang='grc' dir='ltr'>πρὸς</span> <span class='ocrx_word' id='word_1_612' title='bbox 945 5434 1122 5486; x_wconf 82' lang='grc' dir='ltr'>αὐτόν.</span> <span class='ocrx_word' id='word_1_613' title='bbox 1166 5453 1184 5486; x_wconf 75' lang='grc' dir='ltr'><strong>ι</strong></span> <span class='ocrx_word' id='word_1_614' title='bbox 1266 5432 1444 5495; x_wconf 81' lang='grc' dir='ltr'>Καλὸς</span> <span class='ocrx_word' id='word_1_615' title='bbox 1494 5431 1654 5500; x_wconf 78' lang='grc' dir='ltr'>νόμος</span> <span class='ocrx_word' id='word_1_616' title='bbox 1689 5433 1716 5482; x_wconf 92' lang='lat'><strong>6</strong></span> <span class='ocrx_word' id='word_1_617' title='bbox 1750 5447 1874 5499; x_wconf 84' lang='grc' dir='ltr'>μοι·</span> 
     </span>
    </p>
   </div>
   <div class='ocr_carea' id='block_1_84' title="bbox 296 5522 1872 5609">
    <p class='ocr_par' dir='ltr' id='par_1_84' title="bbox 296 5522 1872 5609">
     <span class='ocr_line' id='line_1_84' title="bbox 296 5522 1872 5609; baseline -0.011 -17"><span class='ocrx_word' id='word_1_618' title='bbox 296 5541 450 5609; x_wconf 81' lang='grc' dir='ltr'>χείαν</span> <span class='ocrx_word' id='word_1_619' title='bbox 483 5535 806 5594; x_wconf 78' lang='grc' dir='ltr'>ἐπιτάττων,</span> <span class='ocrx_word' id='word_1_620' title='bbox 840 5530 932 5582; x_wconf 79' lang='grc' dir='ltr'><strong>καὶ</strong></span> <span class='ocrx_word' id='word_1_621' title='bbox 978 5525 1279 5595; x_wconf 81' lang='grc' dir='ltr'>καθάρσιον</span> <span class='ocrx_word' id='word_1_622' title='bbox 1320 5525 1488 5596; x_wconf 80' lang='grc' dir='ltr'>αὐτὴν</span> <span class='ocrx_word' id='word_1_623' title='bbox 1534 5526 1633 5594; x_wconf 80' lang='grc' dir='ltr'>τῆς</span> <span class='ocrx_word' id='word_1_624' title='bbox 1663 5522 1872 5576; x_wconf 80' lang='grc' dir='ltr'>ἀπολύ-</span> 
     </span>
    </p>
   </div>
   <div class='ocr_carea' id='block_1_85' title="bbox 298 5625 822 5700">
    <p class='ocr_par' dir='ltr' id='par_1_85' title="bbox 298 5625 822 5700">
     <span class='ocr_line' id='line_1_85' title="bbox 298 5625 822 5700; baseline -0.019 -14"><span class='ocrx_word' id='word_1_625' title='bbox 298 5651 436 5692; x_wconf 71' lang='grc' dir='ltr'>σεως</span> <span class='ocrx_word' id='word_1_626' title='bbox 469 5628 780 5700; x_wconf 76' lang='grc' dir='ltr'>ὁριζόμενος</span> <span class='ocrx_word' id='word_1_627' title='bbox 808 5625 822 5677; x_wconf 87' lang='lat'><strong>!</strong></span> 
     </span>
    </p>
   </div>
   <div class='ocr_carea' id='block_1_86' title="bbox 375 5712 1877 5784">
    <p class='ocr_par' dir='ltr' id='par_1_86' title="bbox 375 5712 1877 5784">
     <span class='ocr_line' id='line_1_86' title="bbox 375 5712 1877 5784; baseline -0.005 -11"><span class='ocrx_word' id='word_1_628' title='bbox 375 5721 459 5774; x_wconf 61' lang='lat' dir='ltr'><strong>v.6”.</strong></span> <span class='ocrx_word' id='word_1_629' title='bbox 487 5722 572 5782; x_wconf 77' lang='grc' dir='ltr'><strong>Εἰς</strong></span> <span class='ocrx_word' id='word_1_630' title='bbox 605 5720 692 5770; x_wconf 68' lang='grc' dir='ltr'><strong>τὸν</strong></span> <span class='ocrx_word' id='word_1_631' title='bbox 723 5715 845 5768; x_wconf 88' lang='grc' dir='ltr'>καθ’</span> <span class='ocrx_word' id='word_1_632' title='bbox 867 5714 1022 5784; x_wconf 76' lang='grc' dir='ltr'><strong>ἡμῶν</strong></span> <span class='ocrx_word' id='word_1_633' title='bbox 1050 5715 1281 5783; x_wconf 75' lang='grc' dir='ltr'>πόλεμον</span> <span class='ocrx_word' id='word_1_634' title='bbox 1300 5712 1528 5783; x_wconf 74' lang='grc' dir='ltr'>ἐγείρων</span> <span class='ocrx_word' id='word_1_635' title='bbox 1547 5714 1671 5775; x_wconf 79' lang='grc' dir='ltr'>τοὺς</span> <span class='ocrx_word' id='word_1_636' title='bbox 1701 5712 1877 5783; x_wconf 86' lang='grc' dir='ltr'>μαθη-</span> 
     </span>
    </p>
   </div>
   <div class='ocr_carea' id='block_1_87' title="bbox 302 5803 1874 5879">
    <p class='ocr_par' dir='ltr' id='par_1_87' title="bbox 302 5803 1874 5879">
     <span class='ocr_line' id='line_1_87' title="bbox 302 5803 1874 5879; baseline -0.007 -14"><span class='ocrx_word' id='word_1_637' title='bbox 302 5814 398 5874; x_wconf 69' lang='grc' dir='ltr'>τὰς</span> <span class='ocrx_word' id='word_1_638' title='bbox 416 5813 579 5864; x_wconf 77' lang='grc' dir='ltr'>αὑτοῦ</span> <span class='ocrx_word' id='word_1_639' title='bbox 609 5829 739 5879; x_wconf 77' lang='grc' dir='ltr'>φησι</span> <span class='ocrx_word' id='word_1_640' title='bbox 757 5826 771 5839; x_wconf 88' lang='grc'><strong>·</strong></span> <span class='ocrx_word' id='word_1_641' title='bbox 796 5830 812 5860; x_wconf 81' lang='grc' dir='ltr'><strong>ι</strong></span> <span class='ocrx_word' id='word_1_642' title='bbox 835 5807 1133 5860; x_wconf 84' lang='grc' dir='ltr'>Φονεύσατε</span> <span class='ocrx_word' id='word_1_643' title='bbox 1159 5806 1354 5867; x_wconf 66' lang='grc' dir='ltr'>αὐτοὺς</span> <span class='ocrx_word' id='word_1_644' title='bbox 1371 5803 1504 5856; x_wconf 81' lang='grc' dir='ltr'>ὅπου</span> <span class='ocrx_word' id='word_1_645' title='bbox 1531 5804 1594 5858; x_wconf 84' lang='grc' dir='ltr'><strong>ἂν</strong></span> <span class='ocrx_word' id='word_1_646' title='bbox 1616 5805 1874 5871; x_wconf 81' lang='grc' dir='ltr'>συναντή-</span> 
     </span>
    </p>
   </div>
   <div class='ocr_carea' id='block_1_88' title="bbox 305 5889 1871 5976">
    <p class='ocr_par' dir='ltr' id='par_1_88' title="bbox 305 5889 1871 5976">
     <span class='ocr_line' id='line_1_88' title="bbox 305 5889 1871 5976; baseline -0.008 -17"><span class='ocrx_word' id='word_1_647' title='bbox 305 5895 433 5976; x_wconf 85' lang='grc' dir='ltr'>οητε</span> <span class='ocrx_word' id='word_1_648' title='bbox 465 5907 668 5969; x_wconf 76' lang='grc' dir='ltr'>αὐτοῖς.</span> <span class='ocrx_word' id='word_1_649' title='bbox 711 5924 727 5957; x_wconf 72' lang='grc' dir='ltr'><strong>ι</strong></span> <span class='ocrx_word' id='word_1_650' title='bbox 763 5901 925 5955; x_wconf 66' lang='grc' dir='ltr'>Ἀλλὰ</span> <span class='ocrx_word' id='word_1_651' title='bbox 955 5901 1098 5963; x_wconf 83' lang='grc' dir='ltr'>τίνος</span> <span class='ocrx_word' id='word_1_652' title='bbox 1139 5899 1297 5952; x_wconf 75' lang='grc' dir='ltr'>ἕνεκα</span> <span class='ocrx_word' id='word_1_653' title='bbox 1334 5897 1490 5950; x_wconf 74' lang='grc' dir='ltr'>τοῦτο</span> <span class='ocrx_word' id='word_1_654' title='bbox 1524 5897 1790 5962; x_wconf 76' lang='grc' dir='ltr'>κελεύεις,</span> <span class='ocrx_word' id='word_1_655' title='bbox 1829 5889 1871 5946; x_wconf 79' lang='grc' dir='ltr'><strong>ὢ</strong></span> 
     </span>
    </p>
   </div>
   <div class='ocr_carea' id='block_1_89' title="bbox 1957 3309 3532 3383">
    <p class='ocr_par' dir='ltr' id='par_1_89' title="bbox 1957 3309 3532 3383">
     <span class='ocr_line' id='line_1_89' title="bbox 1957 3309 3532 3383; baseline 0.002 -18"><span class='ocrx_word' id='word_1_656' title='bbox 1957 3309 2391 3380; x_wconf 83' lang='lat' dir='ltr'><strong>l‘requentantes.</strong></span> <span class='ocrx_word' id='word_1_657' title='bbox 2425 3312 2549 3368; x_wconf 85' lang='lat' dir='ltr'><strong>Haec</strong></span> <span class='ocrx_word' id='word_1_658' title='bbox 2578 3313 2858 3383; x_wconf 86' lang='lat' dir='ltr'><strong>jejunandi</strong></span> <span class='ocrx_word' id='word_1_659' title='bbox 2903 3315 3040 3370; x_wconf 84' lang='lat' dir='ltr'><strong>ratio</strong></span> <span class='ocrx_word' id='word_1_660' title='bbox 3074 3314 3159 3369; x_wconf 89' lang='lat' dir='ltr'><strong>lex</strong></span> <span class='ocrx_word' id='word_1_661' title='bbox 3223 3313 3314 3368; x_wconf 89' lang='lat' dir='ltr'><strong>Dei</strong></span> <span class='ocrx_word' id='word_1_662' title='bbox 3363 3325 3468 3368; x_wconf 90' lang='lat' dir='ltr'><strong>est.</strong></span> <span class='ocrx_word' id='word_1_663' title='bbox 3512 3332 3532 3368; x_wconf 73' lang='grc' dir='ltr'><strong>ι</strong></span> 
     </span>
    </p>
   </div>
   <div class='ocr_carea' id='block_1_90' title="bbox 1958 3405 3538 3476">
    <p class='ocr_par' dir='ltr' id='par_1_90' title="bbox 1958 3405 3538 3476">
     <span class='ocr_line' id='line_1_90' title="bbox 1958 3405 3538 3476; baseline 0.001 -18"><span class='ocrx_word' id='word_1_664' title='bbox 1958 3405 2240 3470; x_wconf 85' lang='lat' dir='ltr'><strong>Quodnam</strong></span> <span class='ocrx_word' id='word_1_665' title='bbox 2275 3405 2714 3475; x_wconf 82' lang='lat' dir='ltr'><strong>verojejunium,</strong></span> <span class='ocrx_word' id='word_1_666' title='bbox 2755 3422 2788 3462; x_wconf 91' lang='grc' dir='ltr'>ο</span> <span class='ocrx_word' id='word_1_667' title='bbox 2824 3407 3074 3476; x_wconf 88' lang='lat' dir='ltr'><strong>impure;</strong></span> <span class='ocrx_word' id='word_1_668' title='bbox 3129 3421 3376 3476; x_wconf 72' lang='lat' dir='ltr'><strong>quasnam</strong></span> <span class='ocrx_word' id='word_1_669' title='bbox 3443 3405 3538 3461; x_wconf 85' lang='lat' dir='ltr'><strong>Dei</strong></span> 
     </span>
    </p>
   </div>
   <div class='ocr_carea' id='block_1_91' title="bbox 1960 3485 3540 3564">
    <p class='ocr_par' dir='ltr' id='par_1_91' title="bbox 1960 3485 3540 3564">
     <span class='ocr_line' id='line_1_91' title="bbox 1960 3485 3540 3564; baseline 0.001 -14"><span class='ocrx_word' id='word_1_670' title='bbox 1960 3496 2071 3559; x_wconf 87' lang='lat' dir='ltr'><strong>lex,</strong></span> <span class='ocrx_word' id='word_1_671' title='bbox 2101 3510 2197 3564; x_wconf 88' lang='lat' dir='ltr'><strong>per</strong></span> <span class='ocrx_word' id='word_1_672' title='bbox 2227 3507 2394 3552; x_wconf 88' lang='lat' dir='ltr'><strong>totam</strong></span> <span class='ocrx_word' id='word_1_673' title='bbox 2437 3485 2652 3552; x_wconf 84' lang='lat' dir='ltr'><strong>noctem</strong></span> <span class='ocrx_word' id='word_1_674' title='bbox 2685 3497 2943 3552; x_wconf 82' lang='lat' dir='ltr'><strong>bacchari</strong></span> <span class='ocrx_word' id='word_1_675' title='bbox 3014 3506 3067 3552; x_wconf 91' lang='lat' dir='ltr'><strong>et</strong></span> <span class='ocrx_word' id='word_1_676' title='bbox 3122 3498 3330 3552; x_wconf 92' lang='lat' dir='ltr'><strong>libidini</strong></span> <span class='ocrx_word' id='word_1_677' title='bbox 3357 3497 3540 3553; x_wconf 85' lang='lat' dir='ltr'><strong>indul-</strong></span> 
     </span>
    </p>
   </div>
   <div class='ocr_carea' id='block_1_92' title="bbox 1959 3589 2124 3659">
    <p class='ocr_par' dir='ltr' id='par_1_92' title="bbox 1959 3589 2124 3659">
     <span class='ocr_line' id='line_1_92' title="bbox 1959 3589 2124 3659; baseline 0.006 -17"><span class='ocrx_word' id='word_1_678' title='bbox 1959 3589 2124 3659; x_wconf 76' lang='lat' dir='ltr'><strong>gere?</strong></span> 
     </span>
    </p>
   </div>
   <div class='ocr_carea' id='block_1_93' title="bbox 2032 3674 3540 3753">
    <p class='ocr_par' dir='ltr' id='par_1_93' title="bbox 2032 3674 3540 3753">
     <span class='ocr_line' id='line_1_93' title="bbox 2032 3674 3540 3753; baseline -0.001 -16"><span class='ocrx_word' id='word_1_679' title='bbox 2032 3683 2108 3740; x_wconf 83' lang='lat' dir='ltr'><strong>De</strong></span> <span class='ocrx_word' id='word_1_680' title='bbox 2133 3674 2462 3740; x_wconf 75' lang='lat' dir='ltr'><strong>Continentia</strong></span> <span class='ocrx_word' id='word_1_681' title='bbox 2495 3693 2657 3753; x_wconf 89' lang='lat' dir='ltr'><strong>atque</strong></span> <span class='ocrx_word' id='word_1_682' title='bbox 2709 3682 2973 3738; x_wconf 84' lang='lat' dir='ltr'><strong>modestia</strong></span> <span class='ocrx_word' id='word_1_683' title='bbox 3016 3682 3155 3751; x_wconf 90' lang='lat' dir='ltr'><strong>apud</strong></span> <span class='ocrx_word' id='word_1_684' title='bbox 3196 3697 3323 3736; x_wconf 86' lang='lat' dir='ltr'><strong>suos</strong></span> <span class='ocrx_word' id='word_1_685' title='bbox 3364 3682 3540 3737; x_wconf 87' lang='lat' dir='ltr'><strong>disse-</strong></span> 
     </span>
    </p>
   </div>
   <div class='ocr_carea' id='block_1_94' title="bbox 1963 3762 3535 3827">
    <p class='ocr_par' dir='ltr' id='par_1_94' title="bbox 1963 3762 3535 3827">
     <span class='ocr_line' id='line_1_94' title="bbox 1963 3762 3535 3827; baseline -0.002 -2"><span class='ocrx_word' id='word_1_686' title='bbox 1963 3785 2090 3827; x_wconf 90' lang='lat' dir='ltr'><strong>rens</strong></span> <span class='ocrx_word' id='word_1_687' title='bbox 2120 3772 2238 3826; x_wconf 86' lang='lat' dir='ltr'><strong>ait:</strong></span> <span class='ocrx_word' id='word_1_688' title='bbox 2287 3771 2573 3826; x_wconf 73' lang='lat' dir='ltr'><strong>«Mulieres</strong></span> <span class='ocrx_word' id='word_1_689' title='bbox 2626 3778 2819 3825; x_wconf 66' lang='lat' dir='ltr'><strong>vestraa</strong></span> <span class='ocrx_word' id='word_1_690' title='bbox 2860 3769 3222 3824; x_wconf 89' lang='lat' dir='ltr'><strong>habitaculum</strong></span> <span class='ocrx_word' id='word_1_691' title='bbox 3297 3762 3535 3823; x_wconf 76' lang='lat' dir='ltr'><strong>v&#39;estrum</strong></span> 
     </span>
    </p>
   </div>
   <div class='ocr_carea' id='block_1_95' title="bbox 1965 3862 3537 3926">
    <p class='ocr_par' dir='ltr' id='par_1_95' title="bbox 1965 3862 3537 3926">
     <span class='ocr_line' id='line_1_95' title="bbox 1965 3862 3537 3926; baseline -0.002 -7"><span class='ocrx_word' id='word_1_692' title='bbox 1965 3871 2116 3919; x_wconf 87' lang='lat' dir='ltr'><strong>sunt.</strong></span> <span class='ocrx_word' id='word_1_693' title='bbox 2171 3863 2377 3918; x_wconf 88' lang='lat' dir='ltr'><strong>lutrate</strong></span> <span class='ocrx_word' id='word_1_694' title='bbox 2410 3864 2462 3918; x_wconf 93' lang='lat' dir='ltr'><strong>in</strong></span> <span class='ocrx_word' id='word_1_695' title='bbox 2494 3872 2736 3919; x_wconf 88' lang='lat' dir='ltr'><strong>vestrum</strong></span> <span class='ocrx_word' id='word_1_696' title='bbox 2801 3862 3190 3926; x_wconf 86' lang='lat' dir='ltr'><strong>habitaculum,</strong></span> <span class='ocrx_word' id='word_1_697' title='bbox 3261 3863 3537 3916; x_wconf 83' lang='lat' dir='ltr'><strong>undecun-</strong></span> 
     </span>
    </p>
   </div>
   <div class='ocr_carea' id='block_1_96' title="bbox 1965 3955 3532 4023">
    <p class='ocr_par' dir='ltr' id='par_1_96' title="bbox 1965 3955 3532 4023">
     <span class='ocr_line' id='line_1_96' title="bbox 1965 3955 3532 4023; baseline -0.002 -15"><span class='ocrx_word' id='word_1_698' title='bbox 1965 3969 2072 4023; x_wconf 90' lang='lat' dir='ltr'><strong>que</strong></span> <span class='ocrx_word' id='word_1_699' title='bbox 2099 3955 2284 4020; x_wconf 89' lang='lat' dir='ltr'><strong>vultis,</strong></span> <span class='ocrx_word' id='word_1_700' title='bbox 2309 3965 2363 4010; x_wconf 90' lang='lat' dir='ltr'><strong>et</strong></span> <span class='ocrx_word' id='word_1_701' title='bbox 2388 3971 2508 4011; x_wconf 88' lang='lat' dir='ltr'><strong>cum</strong></span> <span class='ocrx_word' id='word_1_702' title='bbox 2529 3956 2726 4010; x_wconf 88' lang='lat' dir='ltr'><strong>animis</strong></span> <span class='ocrx_word' id='word_1_703' title='bbox 2773 3955 2974 4010; x_wconf 83' lang='lat' dir='ltr'><strong>vestris</strong></span> <span class='ocrx_word' id='word_1_704' title='bbox 3021 3955 3412 4022; x_wconf 83' lang='lat' dir='ltr'><strong>congredimini</strong></span> <span class='ocrx_word' id='word_1_705' title='bbox 3454 3971 3469 4010; x_wconf 91' lang='lat'><strong>:</strong></span> <span class='ocrx_word' id='word_1_706' title='bbox 3513 3973 3532 4005; x_wconf 75' lang='grc' dir='ltr'><strong>ι</strong></span> 
     </span>
    </p>
   </div>
   <div class='ocr_carea' id='block_1_97' title="bbox 1967 4045 3540 4116">
    <p class='ocr_par' dir='ltr' id='par_1_97' title="bbox 1967 4045 3540 4116">
     <span class='ocr_line' id='line_1_97' title="bbox 1967 4045 3540 4116; baseline -0.001 -14"><span class='ocrx_word' id='word_1_707' title='bbox 1967 4047 2020 4103; x_wconf 92' lang='lat' dir='ltr'><strong>id</strong></span> <span class='ocrx_word' id='word_1_708' title='bbox 2051 4057 2156 4112; x_wconf 89' lang='lat' dir='ltr'><strong>est,</strong></span> <span class='ocrx_word' id='word_1_709' title='bbox 2187 4063 2402 4103; x_wconf 88' lang='lat' dir='ltr'><strong>omnem</strong></span> <span class='ocrx_word' id='word_1_710' title='bbox 2433 4048 2714 4103; x_wconf 90' lang='lat' dir='ltr'><strong>libidinem</strong></span> <span class='ocrx_word' id='word_1_711' title='bbox 2755 4049 2922 4102; x_wconf 91' lang='lat' dir='ltr'><strong>animi</strong></span> <span class='ocrx_word' id='word_1_712' title='bbox 2979 4045 3143 4102; x_wconf 80' lang='lat' dir='ltr'><strong>vestri</strong></span> <span class='ocrx_word' id='word_1_713' title='bbox 3195 4045 3431 4116; x_wconf 81' lang='lat' dir='ltr'><strong>explete,</strong></span> <span class='ocrx_word' id='word_1_714' title='bbox 3484 4057 3540 4100; x_wconf 86' lang='lat' dir='ltr'><strong>et</strong></span> 
     </span>
    </p>
   </div>
   <div class='ocr_carea' id='block_1_98' title="bbox 1971 4136 3537 4208">
    <p class='ocr_par' dir='ltr' id='par_1_98' title="bbox 1971 4136 3537 4208">
     <span class='ocr_line' id='line_1_98' title="bbox 1971 4136 3537 4208; baseline -0.001 -15"><span class='ocrx_word' id='word_1_715' title='bbox 1971 4139 2184 4193; x_wconf 91' lang='lat' dir='ltr'><strong>utimini</strong></span> <span class='ocrx_word' id='word_1_716' title='bbox 2209 4139 2530 4196; x_wconf 89' lang='lat' dir='ltr'><strong>mulieribus</strong></span> <span class='ocrx_word' id='word_1_717' title='bbox 2569 4140 2765 4195; x_wconf 88' lang='lat' dir='ltr'><strong>vestris</strong></span> <span class='ocrx_word' id='word_1_718' title='bbox 2802 4140 3081 4208; x_wconf 90' lang='lat' dir='ltr'><strong>utrinque.</strong></span> <span class='ocrx_word' id='word_1_719' title='bbox 3119 4136 3257 4205; x_wconf 85' lang='lat' dir='ltr'><strong>Quid</strong></span> <span class='ocrx_word' id='word_1_720' title='bbox 3290 4137 3391 4192; x_wconf 87' lang='lat' dir='ltr'><strong>hac</strong></span> <span class='ocrx_word' id='word_1_721' title='bbox 3446 4145 3537 4191; x_wconf 88' lang='lat' dir='ltr'><strong>tua</strong></span> 
     </span>
    </p>
   </div>
   <div class='ocr_carea' id='block_1_99' title="bbox 1969 4231 3147 4300">
    <p class='ocr_par' dir='ltr' id='par_1_99' title="bbox 1969 4231 3147 4300">
     <span class='ocr_line' id='line_1_99' title="bbox 1969 4231 3147 4300; baseline 0 -16"><span class='ocrx_word' id='word_1_722' title='bbox 1969 4231 2290 4299; x_wconf 79' lang='lat' dir='ltr'><strong>intpuritate</strong></span> <span class='ocrx_word' id='word_1_723' title='bbox 2322 4233 2572 4300; x_wconf 89' lang='lat' dir='ltr'><strong>spurcius</strong></span> <span class='ocrx_word' id='word_1_724' title='bbox 2591 4242 2644 4288; x_wconf 89' lang='lat' dir='ltr'><strong>et</strong></span> <span class='ocrx_word' id='word_1_725' title='bbox 2676 4231 3093 4286; x_wconf 87' lang='lat' dir='ltr'><strong>abominabilius</strong></span> <span class='ocrx_word' id='word_1_726' title='bbox 3123 4231 3147 4284; x_wconf 85' lang='lat'>?</span> 
     </span>
    </p>
   </div>
   <div class='ocr_carea' id='block_1_100' title="bbox 2043 4321 3544 4394">
    <p class='ocr_par' dir='ltr' id='par_1_100' title="bbox 2043 4321 3544 4394">
     <span class='ocr_line' id='line_1_100' title="bbox 2043 4321 3544 4394; baseline -0.001 -18"><span class='ocrx_word' id='word_1_727' title='bbox 2043 4323 2130 4378; x_wconf 78' lang='grc'><strong>18.</strong></span> <span class='ocrx_word' id='word_1_728' title='bbox 2172 4321 2270 4377; x_wconf 82' lang='lat' dir='ltr'><strong>Hic</strong></span> <span class='ocrx_word' id='word_1_729' title='bbox 2295 4323 2467 4394; x_wconf 86' lang='lat' dir='ltr'><strong>legem</strong></span> <span class='ocrx_word' id='word_1_730' title='bbox 2510 4322 2650 4386; x_wconf 89' lang='lat' dir='ltr'><strong>tulit,</strong></span> <span class='ocrx_word' id='word_1_731' title='bbox 2683 4332 2740 4376; x_wconf 92' lang='lat' dir='ltr'><strong>ut</strong></span> <span class='ocrx_word' id='word_1_732' title='bbox 2771 4323 3000 4392; x_wconf 89' lang='lat' dir='ltr'><strong>quisque</strong></span> <span class='ocrx_word' id='word_1_733' title='bbox 3033 4332 3274 4376; x_wconf 86' lang='lat' dir='ltr'><strong>vestrum</strong></span> <span class='ocrx_word' id='word_1_734' title='bbox 3313 4331 3544 4390; x_wconf 84' lang='lat' dir='ltr'><strong>quatuor</strong></span> 
     </span>
    </p>
   </div>
   <div class='ocr_carea' id='block_1_101' title="bbox 1967 4414 3544 4486">
    <p class='ocr_par' dir='ltr' id='par_1_101' title="bbox 1967 4414 3544 4486">
     <span class='ocr_line' id='line_1_101' title="bbox 1967 4414 3544 4486; baseline -0.003 -14"><span class='ocrx_word' id='word_1_735' title='bbox 1967 4431 2166 4473; x_wconf 83' lang='lat' dir='ltr'><strong>uxores</strong></span> <span class='ocrx_word' id='word_1_736' title='bbox 2205 4418 2406 4472; x_wconf 86' lang='lat' dir='ltr'><strong>ducere</strong></span> <span class='ocrx_word' id='word_1_737' title='bbox 2442 4425 2642 4486; x_wconf 88' lang='lat' dir='ltr'><strong>queat;</strong></span> <span class='ocrx_word' id='word_1_738' title='bbox 2677 4415 2895 4486; x_wconf 87' lang='lat' dir='ltr'><strong>pellices</strong></span> <span class='ocrx_word' id='word_1_739' title='bbox 2917 4430 3046 4470; x_wconf 83' lang='lat' dir='ltr'><strong>vero</strong></span> <span class='ocrx_word' id='word_1_740' title='bbox 3072 4414 3240 4479; x_wconf 86' lang='lat' dir='ltr'><strong>mille,</strong></span> <span class='ocrx_word' id='word_1_741' title='bbox 3267 4423 3360 4468; x_wconf 91' lang='lat' dir='ltr'><strong>aut</strong></span> <span class='ocrx_word' id='word_1_742' title='bbox 3384 4425 3544 4484; x_wconf 87' lang='lat' dir='ltr'><strong>quot-</strong></span> 
     </span>
    </p>
   </div>
   <div class='ocr_carea' id='block_1_102' title="bbox 1968 4505 3534 4581">
    <p class='ocr_par' dir='ltr' id='par_1_102' title="bbox 1968 4505 3534 4581">
     <span class='ocr_line' id='line_1_102' title="bbox 1968 4505 3534 4581; baseline -0.002 -19"><span class='ocrx_word' id='word_1_743' title='bbox 1968 4517 2100 4581; x_wconf 89' lang='lat' dir='ltr'><strong>quot</strong></span> <span class='ocrx_word' id='word_1_744' title='bbox 2136 4508 2332 4580; x_wconf 85' lang='lat' dir='ltr'><strong>aliquis</strong></span> <span class='ocrx_word' id='word_1_745' title='bbox 2371 4507 2515 4562; x_wconf 76' lang='lat' dir='ltr'><strong>alere</strong></span> <span class='ocrx_word' id='word_1_746' title='bbox 2547 4508 2736 4578; x_wconf 86' lang='lat' dir='ltr'><strong>possit.</strong></span> <span class='ocrx_word' id='word_1_747' title='bbox 2779 4505 2979 4560; x_wconf 77' lang='lat' dir='ltr'><strong>Verum</strong></span> <span class='ocrx_word' id='word_1_748' title='bbox 3017 4506 3278 4560; x_wconf 83' lang='lat' dir='ltr'><strong>uxoribus</strong></span> <span class='ocrx_word' id='word_1_749' title='bbox 3313 4506 3534 4574; x_wconf 82' lang='lat' dir='ltr'><strong>subjec-</strong></span> 
     </span>
    </p>
   </div>
   <div class='ocr_carea' id='block_1_103' title="bbox 1967 4595 3540 4668">
    <p class='ocr_par' dir='ltr' id='par_1_103' title="bbox 1967 4595 3540 4668">
     <span class='ocr_line' id='line_1_103' title="bbox 1967 4595 3540 4668; baseline -0.004 -12"><span class='ocrx_word' id='word_1_750' title='bbox 1967 4609 2197 4656; x_wconf 74' lang='lat' dir='ltr'><strong>tas‘esse</strong></span> <span class='ocrx_word' id='word_1_751' title='bbox 2225 4599 2340 4654; x_wconf 87' lang='lat' dir='ltr'><strong>vult</strong></span> <span class='ocrx_word' id='word_1_752' title='bbox 2371 4597 2590 4668; x_wconf 86' lang='lat' dir='ltr'><strong>pelliees</strong></span> <span class='ocrx_word' id='word_1_753' title='bbox 2615 4615 2628 4652; x_wconf 90' lang='lat'><strong>:</strong></span> <span class='ocrx_word' id='word_1_754' title='bbox 2657 4595 3038 4667; x_wconf 82' lang='lat' dir='ltr'><strong>permittltque&#39;</strong></span> <span class='ocrx_word' id='word_1_755' title='bbox 3061 4595 3345 4664; x_wconf 86' lang='lat' dir='ltr'><strong>repudiare</strong></span> <span class='ocrx_word' id='word_1_756' title='bbox 3374 4610 3540 4665; x_wconf 89' lang='lat' dir='ltr'><strong>quam</strong></span> 
     </span>
    </p>
   </div>
   <div class='ocr_carea' id='block_1_104' title="bbox 1968 4685 3542 4760">
    <p class='ocr_par' dir='ltr' id='par_1_104' title="bbox 1968 4685 3542 4760">
     <span class='ocr_line' id='line_1_104' title="bbox 1968 4685 3542 4760; baseline -0.005 -13"><span class='ocrx_word' id='word_1_757' title='bbox 1968 4693 2198 4749; x_wconf 86' lang='lat' dir='ltr'><strong>maritus</strong></span> <span class='ocrx_word' id='word_1_758' title='bbox 2229 4692 2380 4757; x_wconf 86' lang='lat' dir='ltr'><strong>velit,</strong></span> <span class='ocrx_word' id='word_1_759' title='bbox 2425 4701 2477 4747; x_wconf 89' lang='lat' dir='ltr'><strong>et</strong></span> <span class='ocrx_word' id='word_1_760' title='bbox 2532 4693 2691 4746; x_wconf 89' lang='lat' dir='ltr'><strong>aliam</strong></span> <span class='ocrx_word' id='word_1_761' title='bbox 2734 4706 2829 4760; x_wconf 92' lang='lat' dir='ltr'><strong>pro</strong></span> <span class='ocrx_word' id='word_1_762' title='bbox 2868 4699 2944 4744; x_wconf 88' lang='lat' dir='ltr'><strong>ea&#39;</strong></span> <span class='ocrx_word' id='word_1_763' title='bbox 2982 4688 3214 4744; x_wconf 87' lang='lat' dir='ltr'><strong>ducere.’</strong></span> <span class='ocrx_word' id='word_1_764' title='bbox 3254 4685 3298 4742; x_wconf 89' lang='grc' dir='ltr'><strong>Ο</strong></span> <span class='ocrx_word' id='word_1_765' title='bbox 3331 4687 3542 4741; x_wconf 81' lang='lat' dir='ltr'><strong>incom-</strong></span> 
     </span>
    </p>
   </div>
   <div class='ocr_carea' id='block_1_105' title="bbox 1969 4779 3546 4856">
    <p class='ocr_par' dir='ltr' id='par_1_105' title="bbox 1969 4779 3546 4856">
     <span class='ocr_line' id='line_1_105' title="bbox 1969 4779 3546 4856; baseline -0.006 -16"><span class='ocrx_word' id='word_1_766' title='bbox 1969 4785 2291 4856; x_wconf 83' lang='lat' dir='ltr'><strong>parabilem,</strong></span> <span class='ocrx_word' id='word_1_767' title='bbox 2329 4783 2717 4854; x_wconf 87' lang='lat' dir='ltr'><strong>porcinamquc</strong></span> <span class='ocrx_word' id='word_1_768' title='bbox 2747 4791 2842 4836; x_wconf 90' lang='lat' dir='ltr'><strong>aut</strong></span> <span class='ocrx_word' id='word_1_769' title='bbox 2872 4782 3121 4836; x_wconf 87' lang='lat' dir='ltr'><strong>caninam</strong></span> <span class='ocrx_word' id='word_1_770' title='bbox 3171 4779 3546 4847; x_wconf 84' lang='lat' dir='ltr'><strong>intemperan-</strong></span> 
     </span>
    </p>
   </div>
   <div class='ocr_carea' id='block_1_106' title="bbox 1971 4878 2141 4932">
    <p class='ocr_par' dir='ltr' id='par_1_106' title="bbox 1971 4878 2141 4932">
     <span class='ocr_line' id='line_1_106' title="bbox 1971 4878 2141 4932; baseline 0 0"><span class='ocrx_word' id='word_1_771' title='bbox 1971 4878 2099 4932; x_wconf 88' lang='lat' dir='ltr'><strong>tiam</strong></span> <span class='ocrx_word' id='word_1_772' title='bbox 2128 4879 2141 4932; x_wconf 74' lang='grc' dir='ltr'><strong>ί</strong></span> 
     </span>
    </p>
   </div>
   <div class='ocr_carea' id='block_1_107' title="bbox 2045 4968 3543 5028">
    <p class='ocr_par' dir='ltr' id='par_1_107' title="bbox 2045 4968 3543 5028">
     <span class='ocr_line' id='line_1_107' title="bbox 2045 4968 3543 5028; baseline -0.007 -1"><span class='ocrx_word' id='word_1_773' title='bbox 2045 4971 2180 5027; x_wconf 88' lang='lat' dir='ltr'><strong>Cum</strong></span> <span class='ocrx_word' id='word_1_774' title='bbox 2216 4971 2436 5027; x_wconf 90' lang='lat' dir='ltr'><strong>divortii</strong></span> <span class='ocrx_word' id='word_1_775' title='bbox 2463 4969 2712 5024; x_wconf 91' lang='lat' dir='ltr'><strong>meminit</strong></span> <span class='ocrx_word' id='word_1_776' title='bbox 2753 4969 2898 5023; x_wconf 87' lang='lat' dir='ltr'><strong>inter</strong></span> <span class='ocrx_word' id='word_1_777' title='bbox 2969 4968 3248 5021; x_wconf 83' lang='lat' dir='ltr'><strong>virtrm&#39;et</strong></span> <span class='ocrx_word' id='word_1_778' title='bbox 3299 4971 3543 5028; x_wconf 77' lang='lat' dir='ltr'><strong>uxorem,</strong></span> 
     </span>
    </p>
   </div>
   <div class='ocr_carea' id='block_1_108' title="bbox 1974 5059 3546 5129">
    <p class='ocr_par' dir='ltr' id='par_1_108' title="bbox 1974 5059 3546 5129">
     <span class='ocr_line' id='line_1_108' title="bbox 1974 5059 3546 5129; baseline -0.004 -14"><span class='ocrx_word' id='word_1_779' title='bbox 1974 5061 2089 5117; x_wconf 74' lang='lat' dir='ltr'><strong>lttec</strong></span> <span class='ocrx_word' id='word_1_780' title='bbox 2127 5061 2415 5118; x_wconf 90' lang='lat' dir='ltr'><strong>constituit</strong></span> <span class='ocrx_word' id='word_1_781' title='bbox 2448 5079 2462 5116; x_wconf 92' lang='lat'><strong>:</strong></span> <span class='ocrx_word' id='word_1_782' title='bbox 2507 5079 2524 5112; x_wconf 83' lang='grc' dir='ltr'><strong>ι</strong></span> <span class='ocrx_word' id='word_1_783' title='bbox 2558 5060 2613 5115; x_wconf 91' lang='lat' dir='ltr'><strong>Si</strong></span> <span class='ocrx_word' id='word_1_784' title='bbox 2647 5061 2769 5129; x_wconf 86' lang='lat' dir='ltr'><strong>quis</strong></span> <span class='ocrx_word' id='word_1_785' title='bbox 2805 5074 3033 5114; x_wconf 89' lang='lat' dir='ltr'><strong>uxorem</strong></span> <span class='ocrx_word' id='word_1_786' title='bbox 3093 5073 3244 5113; x_wconf 88' lang='lat' dir='ltr'><strong>suam</strong></span> <span class='ocrx_word' id='word_1_787' title='bbox 3295 5059 3546 5126; x_wconf 84' lang='lat' dir='ltr'><strong>repudia-</strong></span> 
     </span>
    </p>
   </div>
   <div class='ocr_carea' id='block_1_109' title="bbox 1973 5150 3544 5224">
    <p class='ocr_par' dir='ltr' id='par_1_109' title="bbox 1973 5150 3544 5224">
     <span class='ocr_line' id='line_1_109' title="bbox 1973 5150 3544 5224; baseline -0.003 -17"><span class='ocrx_word' id='word_1_788' title='bbox 1973 5156 2134 5221; x_wconf 89' lang='lat' dir='ltr'><strong>verit,</strong></span> <span class='ocrx_word' id='word_1_789' title='bbox 2167 5154 2284 5224; x_wconf 87' lang='lat' dir='ltr'><strong>ipsa</strong></span> <span class='ocrx_word' id='word_1_790' title='bbox 2318 5153 2483 5209; x_wconf 88' lang='lat' dir='ltr'><strong>nubat</strong></span> <span class='ocrx_word' id='word_1_791' title='bbox 2520 5152 2610 5208; x_wconf 89' lang='lat' dir='ltr'><strong>alii</strong></span> <span class='ocrx_word' id='word_1_792' title='bbox 2643 5171 2658 5219; x_wconf 87' lang='lat'><strong>;</strong></span> <span class='ocrx_word' id='word_1_793' title='bbox 2687 5162 2848 5223; x_wconf 89' lang='lat' dir='ltr'><strong>atque</strong></span> <span class='ocrx_word' id='word_1_794' title='bbox 2873 5153 2970 5217; x_wconf 88' lang='lat' dir='ltr'><strong>ita,</strong></span> <span class='ocrx_word' id='word_1_795' title='bbox 3013 5151 3057 5206; x_wconf 91' lang='lat' dir='ltr'><strong>si</strong></span> <span class='ocrx_word' id='word_1_796' title='bbox 3089 5150 3222 5205; x_wconf 87' lang='lat' dir='ltr'><strong>velit</strong></span> <span class='ocrx_word' id='word_1_797' title='bbox 3277 5151 3367 5220; x_wconf 89' lang='lat' dir='ltr'><strong>qui</strong></span> <span class='ocrx_word' id='word_1_798' title='bbox 3423 5163 3544 5203; x_wconf 86' lang='lat' dir='ltr'><strong>eam</strong></span> 
     </span>
    </p>
   </div>
   <div class='ocr_carea' id='block_1_110' title="bbox 1975 5240 3547 5314">
    <p class='ocr_par' dir='ltr' id='par_1_110' title="bbox 1975 5240 3547 5314">
     <span class='ocr_line' id='line_1_110' title="bbox 1975 5240 3547 5314; baseline -0.007 -11"><span class='ocrx_word' id='word_1_799' title='bbox 1975 5248 2178 5303; x_wconf 80' lang='lat' dir='ltr'><strong>dimisit</strong></span> <span class='ocrx_word' id='word_1_800' title='bbox 2217 5247 2448 5301; x_wconf 84' lang='lat' dir='ltr'><strong>maritus</strong></span> <span class='ocrx_word' id='word_1_801' title='bbox 2475 5245 2614 5314; x_wconf 87' lang='lat' dir='ltr'><strong>ejus,</strong></span> <span class='ocrx_word' id='word_1_802' title='bbox 2648 5246 2712 5298; x_wconf 85' lang='lat' dir='ltr'><strong>ad</strong></span> <span class='ocrx_word' id='word_1_803' title='bbox 2747 5244 2919 5313; x_wconf 89' lang='lat' dir='ltr'><strong>ipsum</strong></span> <span class='ocrx_word' id='word_1_804' title='bbox 2949 5251 3276 5298; x_wconf 79' lang='lat' dir='ltr'><strong>revertatur.</strong></span> <span class='ocrx_word' id='word_1_805' title='bbox 3330 5240 3547 5293; x_wconf 63' lang='lat' dir='ltr'><strong>lit-verti</strong></span> 
     </span>
    </p>
   </div>
   <div class='ocr_carea' id='block_1_111' title="bbox 1976 5332 3548 5406">
    <p class='ocr_par' dir='ltr' id='par_1_111' title="bbox 1976 5332 3548 5406">
     <span class='ocr_line' id='line_1_111' title="bbox 1976 5332 3548 5406; baseline -0.005 -14"><span class='ocrx_word' id='word_1_806' title='bbox 1976 5355 2105 5393; x_wconf 88' lang='lat' dir='ltr'><strong>vero</strong></span> <span class='ocrx_word' id='word_1_807' title='bbox 2133 5340 2198 5391; x_wconf 88' lang='lat' dir='ltr'><strong>ad</strong></span> <span class='ocrx_word' id='word_1_808' title='bbox 2238 5338 2436 5406; x_wconf 88' lang='lat' dir='ltr'><strong>ipsum,</strong></span> <span class='ocrx_word' id='word_1_809' title='bbox 2470 5347 2759 5406; x_wconf 84' lang='lat' dir='ltr'><strong>antequam</strong></span> <span class='ocrx_word' id='word_1_810' title='bbox 2797 5335 2886 5387; x_wconf 87' lang='lat' dir='ltr'><strong>alii</strong></span> <span class='ocrx_word' id='word_1_811' title='bbox 2945 5335 3207 5402; x_wconf 82' lang='lat' dir='ltr'><strong>nupserit,</strong></span> <span class='ocrx_word' id='word_1_812' title='bbox 3255 5348 3360 5386; x_wconf 88' lang='lat' dir='ltr'><strong>nou</strong></span> <span class='ocrx_word' id='word_1_813' title='bbox 3418 5332 3548 5386; x_wconf 90' lang='lat' dir='ltr'><strong>lice-</strong></span> 
     </span>
    </p>
   </div>
   <div class='ocr_carea' id='block_1_112' title="bbox 1934 5428 3545 5503">
    <p class='ocr_par' dir='ltr' id='par_1_112' title="bbox 1934 5428 3545 5503">
     <span class='ocr_line' id='line_1_112' title="bbox 1934 5428 3545 5503; baseline -0.006 -15"><span class='ocrx_word' id='word_1_814' title='bbox 1934 5494 1946 5503; x_wconf 37' lang='grc' dir='ltr'><em>η</em></span> <span class='ocrx_word' id='word_1_815' title='bbox 1975 5435 2071 5488; x_wconf 87' lang='lat' dir='ltr'><strong>hit.</strong></span> <span class='ocrx_word' id='word_1_816' title='bbox 2131 5453 2148 5485; x_wconf 74' lang='grc' dir='ltr'><strong>ι</strong></span> <span class='ocrx_word' id='word_1_817' title='bbox 2187 5432 2450 5487; x_wconf 76' lang='lat' dir='ltr'><strong>Praeclara</strong></span> <span class='ocrx_word' id='word_1_818' title='bbox 2485 5445 2611 5485; x_wconf 82' lang='lat' dir='ltr'><strong>vero</strong></span> <span class='ocrx_word' id='word_1_819' title='bbox 2647 5431 2754 5493; x_wconf 85' lang='lat' dir='ltr'><strong>lex,</strong></span> <span class='ocrx_word' id='word_1_820' title='bbox 2805 5445 2923 5498; x_wconf 71' lang='lat' dir='ltr'><strong>qua:</strong></span> <span class='ocrx_word' id='word_1_821' title='bbox 2968 5428 3289 5482; x_wconf 88' lang='lat' dir='ltr'><strong>adulterium</strong></span> <span class='ocrx_word' id='word_1_822' title='bbox 3348 5428 3545 5492; x_wconf 79' lang='lat' dir='ltr'><strong>sancit,</strong></span> 
     </span>
    </p>
   </div>
   <div class='ocr_carea' id='block_1_113' title="bbox 1976 5520 2881 5590">
    <p class='ocr_par' dir='ltr' id='par_1_113' title="bbox 1976 5520 2881 5590">
     <span class='ocr_line' id='line_1_113' title="bbox 1976 5520 2881 5590; baseline -0.007 -12"><span class='ocrx_word' id='word_1_823' title='bbox 1976 5537 2028 5578; x_wconf 90' lang='lat' dir='ltr'><strong>et</strong></span> <span class='ocrx_word' id='word_1_824' title='bbox 2057 5539 2123 5579; x_wconf 87' lang='lat' dir='ltr'><strong>eo</strong></span> <span class='ocrx_word' id='word_1_825' title='bbox 2162 5523 2276 5578; x_wconf 87' lang='lat' dir='ltr'><strong>vult</strong></span> <span class='ocrx_word' id='word_1_826' title='bbox 2306 5521 2587 5590; x_wconf 89' lang='lat' dir='ltr'><strong>repudium</strong></span> <span class='ocrx_word' id='word_1_827' title='bbox 2628 5520 2835 5589; x_wconf 83' lang='lat' dir='ltr'><strong>expiari</strong></span> <span class='ocrx_word' id='word_1_828' title='bbox 2869 5526 2881 5572; x_wconf 88' lang='lat'><strong>!</strong></span> 
     </span>
    </p>
   </div>
   <div class='ocr_carea' id='block_1_114' title="bbox 2053 5699 3551 5772">
    <p class='ocr_par' dir='ltr' id='par_1_114' title="bbox 2053 5699 3551 5772">
     <span class='ocr_line' id='line_1_114' title="bbox 2053 5699 3551 5772; baseline -0.008 -8"><span class='ocrx_word' id='word_1_829' title='bbox 2053 5709 2135 5764; x_wconf 86' lang='lat' dir='ltr'><strong>l9.</strong></span> <span class='ocrx_word' id='word_1_830' title='bbox 2179 5710 2310 5763; x_wconf 83' lang='lat' dir='ltr'><strong>Cum</strong></span> <span class='ocrx_word' id='word_1_831' title='bbox 2337 5723 2465 5761; x_wconf 91' lang='lat' dir='ltr'><strong>vero</strong></span> <span class='ocrx_word' id='word_1_832' title='bbox 2492 5721 2617 5760; x_wconf 90' lang='lat' dir='ltr'><strong>suos</strong></span> <span class='ocrx_word' id='word_1_833' title='bbox 2655 5703 2953 5772; x_wconf 80' lang='lat' dir='ltr'><strong>discipulos</strong></span> <span class='ocrx_word' id='word_1_834' title='bbox 2975 5703 3027 5756; x_wconf 90' lang='lat' dir='ltr'><strong>in</strong></span> <span class='ocrx_word' id='word_1_835' title='bbox 3062 5699 3264 5755; x_wconf 90' lang='lat' dir='ltr'><strong>bellum</strong></span> <span class='ocrx_word' id='word_1_836' title='bbox 3291 5700 3551 5753; x_wconf 81' lang='lat' dir='ltr'><strong>adversus</strong></span> 
     </span>
    </p>
   </div>
   <div class='ocr_carea' id='block_1_115' title="bbox 1981 5789 3551 5866">
    <p class='ocr_par' dir='ltr' id='par_1_115' title="bbox 1981 5789 3551 5866">
     <span class='ocr_line' id='line_1_115' title="bbox 1981 5789 3551 5866; baseline -0.011 -8"><span class='ocrx_word' id='word_1_837' title='bbox 1981 5820 2076 5858; x_wconf 92' lang='lat' dir='ltr'><strong>nos</strong></span> <span class='ocrx_word' id='word_1_838' title='bbox 2115 5804 2322 5866; x_wconf 83' lang='lat' dir='ltr'><strong>incitat,</strong></span> <span class='ocrx_word' id='word_1_839' title='bbox 2352 5801 2460 5855; x_wconf 90' lang='lat' dir='ltr'><strong>ait:</strong></span> <span class='ocrx_word' id='word_1_840' title='bbox 2494 5818 2510 5850; x_wconf 84' lang='grc' dir='ltr'><strong>ι</strong></span> <span class='ocrx_word' id='word_1_841' title='bbox 2532 5795 2778 5853; x_wconf 88' lang='lat' dir='ltr'><strong>Occidite</strong></span> <span class='ocrx_word' id='word_1_842' title='bbox 2803 5793 3302 5865; x_wconf 85' lang='lat' dir='ltr'><strong>ipsos,ubicunque</strong></span> <span class='ocrx_word' id='word_1_843' title='bbox 3326 5789 3378 5843; x_wconf 91' lang='lat' dir='ltr'><strong>in</strong></span> <span class='ocrx_word' id='word_1_844' title='bbox 3403 5789 3551 5858; x_wconf 87' lang='lat' dir='ltr'><strong>ipsos</strong></span> 
     </span>
    </p>
   </div>
   <div class='ocr_carea' id='block_1_116' title="bbox 1985 5878 3549 5960">
    <p class='ocr_par' dir='ltr' id='par_1_116' title="bbox 1985 5878 3549 5960">
     <span class='ocr_line' id='line_1_116' title="bbox 1985 5878 3549 5960; baseline -0.012 -11"><span class='ocrx_word' id='word_1_845' title='bbox 1985 5894 2306 5950; x_wconf 69' lang='lat' dir='ltr'><strong>llit‘itittl&#39;llls.</strong></span> <span class='ocrx_word' id='word_1_846' title='bbox 2351 5911 2366 5942; x_wconf 74' lang='grc' dir='ltr'><strong>ι</strong></span> <span class='ocrx_word' id='word_1_847' title='bbox 2411 5889 2517 5946; x_wconf 83' lang='lat' dir='ltr'><strong>Sed</strong></span> <span class='ocrx_word' id='word_1_848' title='bbox 2552 5889 2706 5960; x_wconf 82' lang='lat' dir='ltr'><strong>cujus</strong></span> <span class='ocrx_word' id='word_1_849' title='bbox 2732 5887 2810 5942; x_wconf 85' lang='lat' dir='ltr'><strong>rei</strong></span> <span class='ocrx_word' id='word_1_850' title='bbox 2846 5898 3012 5941; x_wconf 83' lang='lat' dir='ltr'><strong>causa</strong></span> <span class='ocrx_word' id='word_1_851' title='bbox 3065 5884 3169 5938; x_wconf 89' lang='lat' dir='ltr'><strong>hoc</strong></span> <span class='ocrx_word' id='word_1_852' title='bbox 3231 5882 3407 5952; x_wconf 74' lang='lat' dir='ltr'><strong>ipsum</strong></span> <span class='ocrx_word' id='word_1_853' title='bbox 3455 5878 3549 5948; x_wconf 71' lang='lat' dir='ltr'><strong>&#39;ju-</strong></span> 
     </span>
    </p>
   </div>
  </div>
