3960 6544
485 371 621 439 1351

1741 370 2128 433 EUTHYMII
2170 370 2340 428 ΖΜΔ
2356 366 2532 426 BENI

3629 362 3764 425 1332

475 483 593 552 bes,
646 497 679 537 ο
724 482 1068 553 sanguinarie
1102 479 1123 534 ἲ
1162 480 1239 535 Ne
1288 478 1561 546 videlicet,
1618 494 1738 535 cum
1791 482 2065 552 sapientes

2190 476 2429 547 ιιαιφόνε
2456 493 2469 541 ;
2519 476 2608 527 ῐνα
2634 473 2851 534 πάντως
2887 474 2983 543 μὴ,
3010 476 3275 542 νουνεχεῖς
3304 473 3478 536 ὅντες,
3496 471 3763 543 ὲλέγχωσι

477 574 606 638 sint,
639 574 803 644 impia
856 582 942 627 tua
973 581 1026 626 et
1051 587 1247 642 spurca
1280 571 1476 641 placita
1504 580 1827 642 coarguant.

550 687 642 741 20.
670 688 886 741 Excitat
911 694 1091 741 autem
1114 685 1301 742 multis
1322 686 1494 741 modis
1512 696 1563 741 et
1584 695 1759 740 armat
1782 686 2063 747 barbaros,

482 788 542 832 ut
577 778 1016 833 Christianorum
1060 778 1328 848 sanguine
1376 778 1696 847 polluantur
1734 796 1746 832 :
1791 777 1920 833 dum
1958 778 2066 832 illis

481 885 804 940 persuasum
832 884 956 925 esse
986 871 1120 935 vult,
1149 886 1401 940 magnam
1433 880 1487 925 et
1519 872 1798 940 copiosam
1855 885 2065 926 merce-

482 963 606 1018 dem
646 966 787 1033 apud
825 963 991 1018 Deum
1038 966 1332 1032 repositam
1352 978 1476 1019 esse
1510 965 1575 1018 iis
1632 967 1722 1033 qui
1777 963 2069 1019 crudeliter

484 1056 705 1124 inipsos
746 1066 1090 1126 grassentur.
1119 1055 1281 1112 Jubet
1328 1058 1493 1112 etiam
1549 1058 1795 1126 quintam
1855 1066 2066 1126 partem

481 1151 822 1217 Captivorum
845 1158 899 1201 et
931 1148 1163 1202 aliorum
1191 1149 1490 1216 spoliorum
1528 1149 1770 1203 dedicari
1833 1149 1968 1211 Deo,
2013 1158 2071 1201 et

482 1239 759 1308 propheta:
786 1238 1141 1308 aposmloque
1192 1240 1314 1310 ejus
1340 1240 1668 1297 Moametho.
1708 1239 1893 1308 Neque
1923 1238 2068 1294 enim

480 1348 699 1402 aequum
738 1343 857 1387 erat
880 1334 1019 1387 lucri
1052 1350 1154 1387 non
1176 1349 1442 1399 esse_cum
1472 1335 1579 1389 illis
1598 1332 1915 1403 participem
1943 1347 2066 1385 eum

485 1424 574 1492 qui
615 1425 748 1493 ipsis
786 1424 1107 1493 perditionis
1137 1424 1576 1480 Christianorum
1611 1424 1799 1479 luisset
1827 1436 2021 1478 auctor
2052 1438 2068 1488 ;

448 1519 579 1583 _sed
623 1532 719 1586 par
771 1526 890 1571 erat
944 1532 1006 1571 ex
1060 1519 1412 1588 sanguinario
1472 1516 1670 1585 populo
1714 1514 2070 1587 sanguinario

483 1616 762 1679 promit-tce
790 1610 1171 1678 sanguinarias
1204 1611 1475 1679 primitias
1502 1609 1756 1666 decerni.

558 1720 662 1775 Sed
696 1729 875 1774 tamen
909 1724 1230 1786 rogantibus
1260 1723 1589 1779 Christianis
1621 1724 1775 1792 jubet
1821 1724 2067 1780 reconci-

2169 572 2236 623 τὰ
2269 568 2548 624 ἁσέὸαστά
2582 584 2676 621 σου
2712 566 2805 620 καὶ
2830 566 3189 620 κατάπτυστα
3211 566 3486 635 δόγματα.

2241 682 2332 752 κ⁰.ί
2362 684 2679 753 Διανίστησι
2709 681 2802 737 καὶ
2846 681 3118 748 ἐξοπλίζει
3164 682 3611 752 παντοιοτρόπως
3640 682 3763 741 τοὶς

2173 778 2480 851 βαρϐάρους
2514 776 2649 845 πρὸς
2678 774 2735 827 τὸ
2764 777 2873 837 τοῖς
2929 773 3039 826 τῶν
3073 774 3416 843 Χριστιανῶν
3443 775 3641 838 αἵμασι
3671 791 3765 825 xz-

2170 867 2584 939 ταχραίνεσθαι,
2619 868 2978 927 πιστεύοντας
3000 865 3207 937 πολλὴν
3236 868 3389 936 παρὰ
3417 866 3539 936 Θεῷ
3565 865 3764 934 μισθα-

2172 959 2429 1012 ποδοσίαν
2484 957 2698 1012 κεῖσθαι
2744 959 2857 1022 τοῖς
2893 956 3061 1027 ὠμῶς
3114 957 3237 1011 κατ’
3276 958 3459 1010 αὐτῶν
3503 956 3759 1026 χωροῦσι.

2172 1054 2284 1122 Τὴν
2326 1053 2584 1123 πέμπτην
2635 1052 2691 1105 δὲ
2726 1052 2921 1122 μοῖραν
2955 1051 3066 1103 τῶν
3122 1050 3494 1121 αἰχμαλώτων
3528 1054 3626 1101 καὶ
3658 1048 3761 1100 τῶν

2171 1143 2349 1198 ἄλλων
2382 1145 2595 1198 σκύλων
2626 1144 2978 1199 ἀνατίθεσθαι
3011 1143 3087 1214 τῷ
3110 1145 3249 1213 Θεῷ,
3280 1148 3372 1197 καὶ
3400 1144 3477 1214 τῷ
3508 1144 3760 1213 προφήτῃ

2172 1238 2267 1290 καὶ
2294 1237 2580 1311 ἀποστόλῳ
2623 1236 2791 1292 αὐτοῦ
2832 1236 3116 1306 Μωάμεθ·
3158 1238 3219 1289 οὐ
3273 1238 3381 1308 γὰρ
3414 1238 3525 1289 ἔδει
3562 1238 3642 1307 μὴ
3673 1242 3758 1289 καὶ

2171 1329 2266 1383 τοῦ
2290 1330 2523 1401 κέρδους
2586 1331 2768 1393 αὐτοῖς
2820 1328 3147 1400 κοινωνῆσαι
3203 1331 3295 1382 τὸν
3337 1329 3438 1399 τῆς
3489 1329 3759 1391 ἀπωλείας

2174 1423 2358 1486 αὐτοῖς
2389 1422 2585 1477 αἴτιον.
2641 1422 2840 1494 Ἐχρῆν
2868 1423 2925 1476 δὲ
2958 1424 3023 1476 ἐκ
3057 1423 3342 1493 μιαιφόνου
3377 1421 3509 1475 λαοῦ
3539 1422 3762 1492 μιαιφό⁴

2174 1533 2249 1587 νῳ
2286 1516 2543 1589 προφήτῃ
2570 1516 2890 1586 μιαιφόνους
2919 1511 3057 1568 εἶναι
3092 1516 3200 1581 τὰς,
3225 1514 3599 1587 προσενέξεις.

2247 1718 2357 1771 Καὶ
2388 1716 2852 1773 καταλλάττεσθαι
2904 1716 2962 1770 δὲ
3005 1715 3243 1780 κελεύει,
3293 1715 3762 1786 παρακαλούντων

483 1810 630 1865 liari.
704 1814 863 1881 Papae
927 1813 1277 1868 inhumanam
1338 1816 1781 1871 humanitatem!
1827 1818 1883 1871 Si
1928 1818 2071 1872 enim

2190 1809 2542 1881 Χριστιανῶν.
2575 1809 2749 1862 Βαϐαὶ
2783 1810 2880 1879 τῆς
2904 1807 3275 1876 ἀπανθρώπου
3305 1808 3757 1877 φιλανθρωπέαςί

488 1904 807 1970 Christiani,
849 1912 992 1960 facta
1030 1907 1497 1971 reconciliatione,
1554 1909 1607 1961 in
1674 1908 2073 1962 Saracenorum

488 2010 673 2066 partes
698 2000 1091 2063 concesserint,
1142 2010 1197 2053 et
1245 2010 1431 2069 postea
1467 2002 1533 2055 ab
1574 2001 1888 2055 earumdem
1926 2010 2077 2069 pote-

485 2096 633 2143 state
662 2104 719 2143 sc
736 2089 1033 2158 abgrt'gare
1061 2092 1177 2144 ausi
1240 2092 1460 2157 lucrittl,
1502 2092 1698 2145 bellum
1738 2102 1929 2146 contra
1986 2109 2078 2146 eos

487 2178 716 2235 conﬂari
757 2181 1059 2251 ctjugulari
1084 2197 1178 2236 eos
1208 2184 1324 2236 vult
1349 2199 1363 2246 ;
1388 2192 1443 2234 at
1483 2184 1527 2237 si
1561 2185 1807 2238 eamdem
1860 2184 2077 2255 religio»

489 2290 614 2328 nem
652 2274 1059 2343 amplexentur,
1092 2275 1144 2328 in
1187 2274 1414 2329 fratrum
1446 2291 1731 2330 numerum
1770 2277 1964 2347 recipi.

567 2408 586 2440 ι
626 2388 740 2443 Non
774 2389 1009 2457 adigetis
1071 2390 1242 2459 ipsos.
1292 2391 1388 2456 ait,
1416 2392 1482 2445 ad
1515 2392 1695 2445 ﬁdem.
1718 2390 1854 2445 Nam
1886 2407 1948 2447 ex
1995 2395 2078 2447 lu-

492 2483 649 2536 brico
682 2490 736 2536 et
768 2481 1099 2549 periculoso,
1134 2484 1273 2550 quod
1309 2494 1518 2552 gratum
1549 2495 1942 2554 acceptumque
1971 2496 2075 2549 est,

498 2577 717 2645 planum
748 2575 952 2630 factum
979 2588 1079 2643 est,
1124 2596 1143 2629 ι
1213 2578 1262 2630 id
1293 2586 1403 2642 est,
1465 2580 1713 2648 apparuit
1741 2585 1916 2631 vestra
1946 2578 2079 2633 ﬁdes

493 2668 606 2723 Deo
645 2679 822 2738 grata,
877 2670 998 2724 aliis
1032 2669 1383 2737 religionibus
1419 2669 1762 2738 improbatis,
1816 2680 2074 2740 tanquam

491 2762 842 2833 periculosis.
882 2761 1048 2833 Euge,
1085 2776 1278 2833 magna
1303 2777 1434 2816 sane
1463 2763 1794 2829 humanitas,
1822 2765 1963 2832 quod
1994 2766 2077 2819 in-

492 2856 749 2911 terﬁcere
774 2854 1121 2911 Christianos
1154 2856 1456 2911 mandasti!
1508 2856 1728 2926 adigere
1758 2856 1972 2911 interim
2008 2863 2077 2913 ad

499 2949 660 3001 tidem
690 2963 795 3002 non
839 2947 1071 3017 iussisti,
1109 2947 1207 3003 sed
1238 2950 1493 3003 occidere
1519 2950 1786 3003 mandasti
1815 2950 1828 3003 l
1861 2965 1966 3005 non
2004 2952 2076 3007 ob

492 3040 727 3092 alienam
755 3039 948 3104 ﬁdem,
987 3042 1081 3094 sed
1110 3042 1180 3094 ob
1233 3041 1454 3095 insitam
1481 3042 1741 3096 saevitiem
1774 3051 1937 3112 atque
1990 3043 2074 3098 in-

2180 1905 2243 1957 Ei
2301 1904 2400 1973 μὲν
2437 1902 2898 1970 καταλλαγέντες,
2935 1903 3029 1954 καὶ
3075 1900 3195 1954 καθ’
3257 1902 3489 1963 ἑαυτοὺς
3538 1899 3764 1968 γενόμε-

2179 2013 2283 2060 νοι,
2332 1995 2665 2065 τολμήσουσι
2705 1995 2802 2062 τῆς
2859 1993 3032 2062 αὐτῆς
3087 1993 3335 2056 ἐξουσίας
3373 1992 3762 2062 ἀποδιαιρεθῆ-

2182 2104 2291 2151 ναι,
2330 2086 2570 2156 πόλεμον
2603 2085 2724 2139 κατ’
2758 2084 2943 2138 αὐτῶν
2975 2088 3322 2154 συγκροτεῖν,
3353 2086 3450 2137 καὶ
3483 2085 3764 2150 ἀποσφατ-

2180 2196 2296 2231 τειν
2358 2178 2587 2241 αὐτούς·
2641 2179 2691 2230 εί
2726 2178 2783 2231 δὲ
2829 2179 2927 2246 τὴν
2992 2177 3165 2247 αὐτὴν
3211 2177 3559 2229 ὲπανέλοιντο
3640 2176 3764 2246 θρη-

2183 2270 2398 2337 σκείαν,
2425 2272 2506 2333 είς
2537 2270 2802 2337 ἀδελφοὺς
2826 2270 3023 2334 αὐτοὺς
3053 2269 3479 2340 παραδέχεσθαι.

2260 2403 2276 2435 ι
2316 2384 2389 2437 Uti
2460 2384 2931 2453 καταναγκάσετε.
2990 2388 3197 2456 φησὶν,
3264 2388 3344 2449 είς
3418 2387 3608 2439 πίστιν
3668 2390 3765 2440 αὖε

2180 2476 2328 2539 τούς.
2396 2477 2745 2548 Ἐφανερώθη
2778 2478 2885 2547 γὰρ
2916 2478 2975 2530 τὸ
2995 2476 3394 2548 εὑπρόσδεκτον
3418 2482 3485 2533 ὲκ
3512 2482 3606 2535 τοῦ
3632 2498 3767 2550 σφα-

2181 2565 2364 2637 λεροῦ.
2404 2584 2422 2617 ι
2474 2566 2789 2631 Τουτέστιν,
2845 2568 3081 2636 ὲφάνηή
3118 2567 3242 2619 καθ’
3284 2568 3433 2637 ὑμᾶς
3464 2567 3655 2629 πίστις
3683 2567 3767 2618 εὖ·

2184 2660 2516 2730 πρόσδεκτος
2571 2660 2649 2730 τῷ
2683 2660 2826 2729 Θεῷ,
2881 2660 2990 2713 τῶν
3024 2660 3198 2714 ἀλλων
3223 2660 3464 2714 πίστεων
3507 2660 3765 2714 ἀποδοκι-

2188 2753 2522 2823 μασθεισῶν,
2544 2748 2633 2806 οἷα
2662 2754 2973 2824 σφαλερῶν.
3005 2749 3145 2823 Εὖγε
3178 2757 3277 2823 τῆς
3306 2752 3762 2824 φιλανθρωπίαςί

2182 2848 2265 2900 ὅτι
2294 2845 2527 2915 σφάξειν
2558 2848 2685 2909 τοὺς
2712 2849 3078 2918 Χριστιανοὺς
3109 2847 3394 2913 ἐπιτάξας.
3424 2847 3504 2919 μὴ
3525 2848 3765 2914 ἀναγκά-

2184 2941 2299 3007 ζειν
2328 2941 2465 3004 τέως
2483 2942 2562 3003 εις
2580 2941 2678 3011 τὴν
2706 2942 2891 2994 πίστιν
2914 2942 3168 2994 ἐκέλευσε
3196 2942 3445 3011 φονεύειν
3474 2939 3762 3005 ἐπιτάξας,

2183 3039 2246 3090 οὐ
2317 3037 2384 3091 δι’
2425 3037 2815 3107 ἀλλοτριότητα
2897 3037 3172 3103 πίστεως,
3236 3036 3375 3090 ἀλλὰ
3422 3037 3497 3090 δι’
3560 3035 3766 3088 οἰκείαν

507 3132 930 3201 hmnanitatem,
967 3143 1023 3187 et
1047 3148 1115 3188 ne
1132 3133 1463 3203 superstites
1486 3146 1788 3205 coarguant
1822 3146 1968 3190 tuam
1996 3137 2075 3191 in-

2190 3131 2449 3200 ἀπήνειαν
2508 3131 2604 3183 καὶ
2655 3128 3096 3199 ἀπανθρωπίαν,
3146 3131 3242 3183 κα)⁵
3291 3129 3380 3183 ἶνα
3435 3131 3514 3201 μὴ
3565 3130 3768 3194 ζῶντες

490 3224 704 3279 saniam
728 3235 889 3295 atque
931 3226 1284 3297 impietatem,
1313 3229 1386 3280 uti
1416 3229 1732 3297 prmdictum
1761 3242 1866 3283 εει.

565 3426 833 3481 Admonet
859 3442 987 3481 suos
1028 3427 1211 3482 dicens
1244 3444 1259 3482 :
1296 3447 1314 3480 ι
1357 3426 1433 3483 Ne
1467 3428 1587 3483 sitis
1618 3430 1749 3485 socii
1778 3447 1951 3502 neque
1978 3431 2078 3489 Ju-

495 3521 762 3584 daeorum,
833 3535 1008 3589 neque
1065 3520 1526 3577 Christianorum.
1577 3522 1710 3577 Nam
1767 3526 2083 3597 quicunque

495 3615 641 3685 ipsos
671 3613 935 3678 defendit.
963 3629 1027 3668 ex
1056 3615 1186 3684 ipsis
1203 3623 1306 3670 est.
1342 3634 1359 3666 ι
1392 3615 1522 3670 Esto
1545 3632 1709 3671 sane:
1738 3616 2080 3675 Christianos

494 3708 921 3776 omnipotentem
958 3718 1310 3778 sanctamque
1334 3708 1653 3764 Trinitatem
1691 3712 1931 3767 colentes
1957 3712 2081 3769 odio

497 3801 878 3870 prosequeris;
918 3800 973 3854 in
1005 3798 1220 3856 Judzeos
1255 3815 1400 3865 vero,
1453 3801 1545 3869 qui
1581 3802 1909 3871 proﬁtentur
1958 3821 2079 3861 sese

496 3894 792 3947 Abrahami
824 3892 981 3948 fidem
1019 3908 1369 3959 conservare,
1413 3908 1511 3947 cur
1547 3896 1649 3949 hoc
1686 3897 1933 3950 moliris?
1972 3896 2079 3952 Sed

499 3990 632 4043 nihil
665 3990 896 4044 alienum
930 4005 959 4041 a
991 4000 1079 4043 tua
1101 3989 1329 4043 malitia.
1367 3987 1519 4043 Nosti
1547 3993 1691 4043 enim
1725 3992 1866 4060 quod
1895 3993 1981 4046 lex
2001 3992 2081 4047 di-

499 4082 774 4134 vinitatem
802 4079 1003 4134 Christi
1027 4079 1265 4132 declaret
1290 4097 1302 4131 :
1329 4079 1531 4133 idcirco
1556 4088 1814 4149 utrosque
1836 4082 1962 4135 odio
1990 4082 2081 4137 ha-

494 4174 628 4227 bere
685 4171 963 4240 praecipis,
996 4170 1087 4239 qui
1110 4169 1331 4235 Christi,
1367 4169 1574 4235 imo,ut
1638 4172 1817 4242 potius
1872 4173 2076 4242 dicam,

500 4264 593 4318 Dei
612 4263 793 4318 hostis
815 4278 895 4318 es.

570 4559 774 4618 Deinde
815 4558 891 4615 sic
924 4559 1175 4615 condolet
1232 4559 1431 4625 Judazis
1458 4565 1514 4615 et
1562 4546 1923 4627 Christianis,
1956 4574 2081 4616 cum

495 4657 616 4711 ait:
676 4673 699 4707 ι
732 4651 825 4707 Vae
856 4653 1033 4720 vobis,
1095 4653 1385 4711 domestici
1449 4651 1891 4721 Scripturarum!
1938 4655 2083 4710 nihil

501 4750 654 4804 vobis
677 4747 803 4812 erit,
842 4746 1020 4815 quoad
1052 4747 1227 4815 legem
1255 4746 1556 4815 sequcmini
1583 4755 1641 4800 et
1667 4746 2076 4815 Erangelium.»

497 4840 670 4905 Nihil,
702 4852 895 4905 nempe
948 4837 1219 4892 utilitatis.
1280 4839 1443 4908 Atqui
1489 4837 1649 4908 paulo
1688 4848 1815 4892 ante
1840 4838 2015 4910 legem
2052 4855 2083 4893 a

495 4933 720 4989 Christo
792 4933 1069 5001 impletam
1128 4931 1300 4985 fuisse
1355 4929 1558 4995 dixisti,
1614 4929 2084 5001 Evangeliumque

499 5024 899 5098 promulgatum
958 5037 1082 5079 esse
1142 5022 1285 5075 viam
1344 5030 1399 5076 et
1458 5023 1631 5077 lucem
1696 5037 1751 5078 et
1789 5022 2080 5092 justitiam.

498 5116 611 5175 Sed
644 5130 833 5171 revera
861 5116 1202 5170 mendacium
1234 5115 1471 5184 seipsqu
1499 5114 1727 5186 jugulat,
1786 5125 1843 5170 ut
1864 5117 2079 5171 eviden-

500 5220 582 5267 ter
610 5218 957 5280 coarguatur.

574 5387 648 5441 De
676 5385 1094 5442 circumcisione
1124 5397 1176 5441 et
1200 5387 1427 5441 marium
1483 5398 1536 5441 et
1556 5386 1882 5441 feminarum
1910 5386 2080 5455 legem

502 5482 622 5539 tulit
657 5498 670 5534 :
704 5480 987 5535 interdixit
1022 5479 1129 5547 illis
1169 5479 1331 5533 etiam
1369 5480 1517 5535 vino.
1554 5478 1621 5533 Et
1659 5494 1833 5533 mares
1860 5480 2077 5547 quidem

500 5572 895 5631 circumcidere
941 5570 1269 5625 liebraicum
1304 5588 1318 5637 ;
1348 5569 1580 5625 fetutinas
1611 5586 1737 5623 vero
1801 5570 2085 5638 impuden-

501 5668 588 5722 tia:
627 5664 998 5718 Muamethica:
1024 5664 1326 5733 prOprium.
1369 5662 1577 5716 scilicet
1613 5671 1671 5716 ut
1706 5663 2079 5716 circumcisio—

504 5773 628 5812 nem
694 5758 747 5810 in
802 5755 919 5824 lege
975 5756 1349 5824 prmscriptam
1403 5753 1507 5808 hoc
1555 5762 1710 5822 pacto
1759 5756 2076 5821 corrigeret.

502 5849 844 5908 Abstinentia
876 5864 905 5906 a
937 5850 1057 5905 riuo
1088 5847 1191 5903 hoc
1236 5847 1372 5917 vult,
1411 5864 1479 5906 ne
1514 5847 1649 5906 ebrii
1710 5846 1861 5916 facti,
1921 5846 2076 5904 facile

2186 3226 2452 3295 ἑλέγχωσι
2503 3224 2604 3294 τὴν
2669 3222 2850 3277 αὐτῶν
2922 3223 3185 3277 ἀπόνοιαν
3231 3224 3325 3277 καὶ
3378 3224 3765 3289 ἀτέϐειαν,ῶς

2187 3322 2535 3389 προείρηται.

2260 3434 2525 3504 Παραινεῖ
2546 3437 2656 3497 τοῖς
2692 3433 2841 3497 ἰδίοις
2870 3432 3045 3501 λέγων
3072 3446 3085 3461 ·
3124 3449 3143 3484 ι
3182 3431 3275 3504 Μὴ
3304 3431 3522 3498 γίνεσθε
3551 3431 3769 3504 ἀντιλή-

2188 3544 2387 3597 πτορες
2428 3526 2702 3579 Ἰουδαίων
2764 3544 2821 3578 τε
2860 3527 2973 3579 ’καὶ
3008 3526 3374 3597 Χριστιανῶν.
3412 3526 3607 3588 Ὅστις
3660 3528 3763 3596 γὰρ

2186 3619 2628 3690 ὑπερασπίζεται
2661 3619 2841 3673 αὐτῶν
2863 3619 2923 3683 ἐξ
2951 3618 3127 3688 ὑμῶν,
3160 3621 3186 3671 ὁ
3220 3617 3462 3682 τοιοῦτος
3506 3618 3564 3684 ἐξ
3594 3620 3767 3672 αὐτῶν

2186 3712 2451 3783 ὑπάρχει.
2489 3730 2507 3763 ι
2570 3710 2797 3763 Ἐστωο
2858 3709 3224 3779 Χριστιανοὺς
3293 3710 3415 3780 μὲν,
3486 3713 3617 3774 τοὺς
3673 3712 3765 3781 τὴν

2190 3804 2535 3875 παντουργδν
2569 3806 2664 3859 καὶ
2695 3804 2859 3872 ἁγίαν
2889 3803 3100 3873 Τριάδα
3131 3803 3413 3867 σέϐοντας,
3447 3807 3652 3874 μισεῖς,
3672 3805 3764 3857 καὶ

2185 3897 2410 3950 τοιαῦτα
2462 3897 2755 3967 ὑπομένειν
2823 3895 3108 3959 κελεύεις⁶
3174 3895 3455 3959 Ἰουδαίοις
3522 3898 3601 3961 δὲ,
3657 3900 3762 3959 τοῖς

2188 3989 2689 4059 ἐπαγγελλομένοις
2751 3988 2851 4058 τὴν
2876 3988 2971 4040 τοῦ
3018 3987 3272 4058 Ἀϐραὰμ
3302 3988 3619 4053 ἀποσώζειν
3677 3990 3763 4042 πί-

2190 4100 2334 4149 στιν,
2382 4082 2470 4135 διὰ
2504 4082 2557 4134 τί
2617 4081 2794 4135 ταῦτα
2837 4081 3116 4153 προξενεῖς
3149 4099 3164 4145 ;
3202 4081 3341 4135 Ἀλλ’
3397 4081 3497 4133 οὐκ
3551 4081 3766 4147 {grex-11

2188 4179 2349 4232 τοῦτο
2380 4178 2480 4249 τῆς
2511 4180 2608 4248 σῆς
2631 4176 3070 4246 κακοφροσύνης.
3104 4171 3266 4237 Οἶδας
3292 4176 3400 4245 γὰρ
3430 4176 3513 4228 ὅτι
3548 4179 3575 4229 ό
3604 4177 3763 4245 νόμος

2190 4273 2288 4343 τὴν
2334 4271 2430 4324 τοῦ
2473 4267 2722 4341 ’Χριστοῦ
2754 4268 2985 4337 θεότητα
3018 4265 3257 4319 δείκνυσι
3297 4282 3310 4297 ·
3345 4268 3439 4321 καὶ
3488 4267 3577 4319 διὰ
3609 4268 3761 4321 τοῦτο

2192 4365 2545 4436 ἀμφοτέρους
2597 4360 2907 4433 ὲχθραίνείν
2968 4359 3235 4427 κελεύεις,
3279 4362 3668 4432 χριστομάχος,
3727 4361 3759 4431 ἢ

2108 4496 2160 4556 D
2195 4459 2395 4531 μᾶλλον
2431 4459 2630 4522 εἰπεῖν,
2661 4453 2929 4525 θεομάχος
2950 4452 3051 4508 ὧν.

2259 4548 2375 4604 Εἴθ’
2432 4547 2580 4602 οὕτω
2633 4546 2909 4611 ταλανίζει
2956 4545 3322 4616 Χριστιανούς
3378 4563 3439 4598 τε
3475 4548 3570 4601 καὶ
3636 4548 3747 4601 Ἰου-

2186 4644 2394 4708 δαίους,
2444 4641 2651 4711 λέγων’
2719 4658 2736 4691 ι
2775 4638 2914 4693 Οὑαλ⁵
2949 4637 3102 4708 ὑμῖν,
3160 4640 3353 4692 οἰκεῖοι
3386 4639 3759 4711 Γραφηῖνίοὺο

2146 4726 2151 4727 ν
2185 4738 2274 4791 etv
2332 4737 2460 4806 ὑμῖν
2494 4733 2667 4798 ἔσται,
2700 4732 2806 4794 ἕως
2846 4729 2911 4785 ἂν
2942 4730 3337 4802 ὲξακολουθῆτε
3392 4730 3471 4800 τῷ
3494 4732 3643 4802 νόμῳ
3671 4736 3758 4784 καὶ

2185 4832 2263 4903 τῷ
2308 4828 2649 4898 Εὑαγγελίῳ.
2693 4845 2711 4877 ›
2750 4825 2982 4894 Ὄφελον
3035 4823 3307 4894 δηλονότι.
3355 4826 3467 4878 Καὶ
3493 4825 3599 4894 μὴν
3630 4828 3751 4878 ἀνω-

2185 4925 2331 4993 τέρω
2380 4920 2586 4991 ,μικρὸν
2652 4914 3120 4987 ἀληθοποιηθῆναι
3187 4913 3289 4981 μὲν
3322 4914 3471 4981 παρὰ
3519 4912 3755 4981 Χριστοῦ

2184 5016 2273 5068 τὸν
2306 5011 2467 5076 νόμον
2501 5011 2728 5077 εἴρηκας
2760 5022 2773 5035 ·
2815 5005 3035 5075 δοθῆναι
3066 5003 3123 5055 δὲ
3162 5002 3249 5056 διὰ
3286 5001 3381 5055 τοῦ
3424 5003 3758 5071 Εὑαγγελίου

2185 5110 2464 5176 όδὲδγησιν,
2514 5103 2605 5155 καὶ
2666 5100 2802 5169 φῶς,
2834 5098 2934 5151 καὶ
2958 5095 3327 5164 δικαιοσύνην.
3401 5094 3545 5149 Ἀλλ’
3593 5095 3756 5155 ὅντως

2187 5197 2366 5266 ἑαυτῷ
2404 5193 2725 5267 περιπίπτει
2753 5191 2821 5243 τὰ
2848 5189 3020 5242 πολλά
3049 5189 3109 5241 τὸ
3138 5188 3355 5258 ψεῦδος,
3390 5188 3480 5242 ἵνα
3512 5205 3756 5256 φανερωο

2184 5292 2359 5361 τὲρως
2399 5287 2708 5359 ἐλεγχθείη.

2258 5381 2614 5452 Περιτέμνειν
2650 5377 2743 5431 καὶ
2794 5377 2919 5437 τοὺς
2974 5375 3207 5443 ἄρρενας
3262 5372 3488 5435 καὶτὰς
3537 5372 3754 5442 θηλείας

2185 5474 2583 5546 νομοθετήσας,
2643 5468 3029 5539 ἀπηγόρευσεν
3090 5468 3276 5525 αὐτοῖς
3331 5466 3425 5518 καὶ
3478 5465 3566 5516 τὸν
3598 5461 3756 5516 οἷον.
3788 5470 3809 5493 κ

2184 5569 2256 5621 Τὸ
2296 5567 2395 5638 μὲν
2426 5565 2518 5617 οὖν
2550 5562 2904 5632 περιτέμνειν
2940 5562 3065 5621 τοὺς
3084 5560 3321 5629 ἅρῥειας
3352 5558 3666 5628 Ἐϐραῖκόνυ
3701 5556 3755 5608 τὸ

2184 5662 2238 5714 δὲ
2268 5662 2363 5722 τὰς
2400 5658 2618 5725 θηλείας
2654 5655 2752 5725 τῆς
2776 5652 2870 5705 τοῦ
2905 5652 3150 5722 Μωάμεθ
3183 5652 3573 5720 ἀναισχυντίας
3605 5650 3752 5707 ἴδιον,

2188 5754 2283 5805 ἐπὶ
2313 5748 2600 5820 διορθώσει
2651 5747 2812 5817 δῆθεν
2853 5745 2952 5815 τῆς
3004 5745 3237 5814 νομικῆς
3274 5746 3580 5813 περιτομῆς
3610 5759 3621 5771 ·

2188 5842 2369 5915 ἀποχὴ
2405 5840 2493 5894 τοῦ
2533 5841 2699 5907 οἴνου,
2758 5839 2848 5893 ἵνα
2914 5836 2987 5908 μὴ
3046 5835 3455 5907 μεθυσκόμενοι
3506 5835 3616 5895 τοῖς
3670 5834 3754 5899 ἕλ’
