3930 6564
253 605 401 677 θροίς
453 600 636 657 αὐτῶν
692 601 959 657 εὐάλωτοι
1024 601 1376 670 γίγνωνται,

249 700 358 761 τοῖς
399 697 772 766 Χριστιανοῖς.

334 788 742 860 Ἐμυθολόγησε
784 785 1031 857 κάμηλόν
1077 801 1198 835 τινα
1245 785 1541 852 γενέσθαι,
1597 785 1839 853 δυναμέο

254 902 349 954 νην
381 884 559 937 πίνειν
593 883 716 937 ὅλον
758 881 850 935 τὸν
902 879 1291 950 παραρρέοντα
1349 880 1599 949 ποταμόν
1630 892 1642 907 ·
1699 876 1840 932 εἶναι

254 977 306 1029 δὲ
331 975 533 1047 ταύτην
565 974 924 1046 παμμεγέθη.
962 973 1060 1027 καὶ
1092 973 1169 1043 μὴ
1196 972 1564 1042 χωρουμένην
1624 971 1834 1041 μεταξῦ

253 1071 345 1123 δύο
393 1070 502 1123 τῶν
535 1070 813 1140 μεγίστων
866 1069 1060 1138 ὀρέων.
1108 1066 1253 1129 Λαὸς
1306 1061 1423 1129 οῦν,
1460 1067 1647 1135 φησιν,
1678 1061 1746 1136 ἦν
1779 1066 1838 1118 ἐν

253 1158 330 1228 τῷ
360 1160 508 1229 τόπῳ
534 1174 549 1190 ⁸
599 1161 694 1212 καὶ
721 1160 822 1230 τὴν
854 1159 955 1227 μὲν
988 1158 1116 1227 μίαν
1147 1158 1367 1229 ἡμέραν
1399 1158 1564 1218 αὐτὸς
1597 1156 1749 1210 ἔπινε
1776 1157 1838 1209 τὸ

257 1251 398 1321 ὕδωρ
432 1251 525 1304 τοῦ
562 1250 833 1320 ποταμοῦ,
893 1251 992 1320 τὴν
1050 1250 1108 1303 δὲ
1136 1251 1329 1318 ἑτέραν
1369 1251 1402 1319 ή
1436 1248 1701 1319 κάμηλος.
1741 1251 1841 1303 Πί-

257 1359 421 1396 νουσα
450 1343 507 1395 δὲ
542 1344 604 1397 τὸ
654 1342 798 1414 ὕδωρ
832 1345 929 1397 τοῦ
996 1343 1276 1414 ποταμοῦ,
1330 1342 1586 1406 ἐπότιζεν
1614 1343 1838 1408 αὐτοὺς,

257 1437 315 1487 τὸ
368 1438 570 1505 ἑαυτῆς
626 1437 768 1504 γάλα
846 1436 1202 1508 παρεχομένη
1258 1436 1383 1489 ἀντὶ
1446 1435 1543 1490 τοῦ
1609 1426 1826 1497 ὕδατος.

269 1531 601 1599 Ἀνέστησαν
644 1530 738 1585 οῦν
779 1532 1006 1594 ἐκεῖνοι,
1047 1531 1281 1601 πονηροὶ
1314 1531 1493 1595 ὄντες,
1560 1530 1657 1584 καὶ
1696 1530 1840 1583 ἀπέ-

256 1636 479 1675 κτειναν
509 1621 609 1691 τὴν
649 1622 918 1692 κάμηλον.
955 1621 1064 1675 Ἦν
1088 1623 1145 1675 δὲ
1174 1622 1380 1693 ταύτης
1438 1625 1710 1694 γέννημα,
1746 1639 1838 1691 μι-

258 1713 365 1782 κρά
440 1714 752 1786 κάμηλος-,4
793 1716 939 1785 ἥτις,
972 1699 1391 1786 ’ἀναιρεθείσηξ
1439 1717 1541 1785 τῆς
1602 1716 1837 1786 μητρὸς.

256 1806 450 1877 ἐϐόησε
483 1806 619 1876 πρὸς
651 1784 755 1859 τὸν.
775 1784 911 1861 Θεόν
946 1823 960 1838 ο
992 1809 1090 1861 καὶ
1121 1784 1317 1861 ἐλαϐεν
1346 1784 1522 1879 αὐτὴν
1550 1784 1689 1878 πρὸς
1711 1810 1841 1860 ἐαυ-

254 1898 366 1953 τόν.
411 1900 735 1968 Ἐρωτῶμεν
765 1899 859 1953 οῦν
885 1902 1012 1963 τοὺς
1048 1900 1144 1954 τοῦ
1205 1901 1688 1972 μυθολογήσαντος
1706 1901 1841 1954 ταῦ-ο

254 2007 322 2044 τα
379 1991 653 2062 μαθητὰς,
684 1992 919 2064 πότερον
952 1994 1017 2046 ὲκ
1066 1993 1411 2064 συνδυασμοῦ
1445 1994 1774 2062 γεγέννηται

258 2086 427 2153 μικρὰ
472 2086 743 2156 κάμηλος,
780 2087 812 2157 ἢ
845 2087 968 2157 δίχα
1028 2087 1320 2151 συνουσίας
1350 2104 1364 2152 ;
1440 2086 1554 2141 Kal.
1581 2086 1826 2155 λέγουσι,

260 2195 278 2227 ι
312 2178 434 2247 δίχα
488 2178 799 2243 συνουσίας.
844 2198 864 2232 ι
917 2180 1028 2232 Καὶ
1072 2180 1239 2232 πάλιν
1295 2180 1481 2249 ἡμεῖς,
1544 2180 1685 2232 (Καὶ
1718 2178 1837 2243 πῶς

254 2268 374 2337 δίχα
432 2271 771 2335 συνουσίας;
817 2288 836 2322 ι
922 2270 1036 2324 Καὶ
1083 2271 1339 2339 λέγουσιν
1411 2272 1651 2340 ἀγνοεῖν.
1726 2273 1837 2325 Καὶ

256 2356 413 2423 αὖθις
444 2362 625 2429 ἡμεῖς,
671 2379 689 2412 t
730 2362 855 2425 Πῶς
890 2362 1027 2430 πρὸς
1057 2363 1259 2416 ἑαυτὸν
1284 2362 1311 2416 ὁ
1336 2363 1470 2425 Θεὸς
1497 2362 1596 2433 τὴν
1631 2364 1837 2434 μικρὰν

255 2449 501 2520 κάμηλον
534 2449 858 2513 ἁνελάὸετο,
893 2453 989 2505 καὶ
1017 2453 1122 2505 ποῦ
1159 2452 1464 2522 βόσκεται;
1506 2454 1625 2518 πῶς
1650 2454 1706 2507 δὲ
1739 2455 1838 2508 καὶ

254 2546 280 2597 ὁ
312 2546 599 2615 προφήτης
624 2544 781 2614 ὑμῶν
811 2546 912 2600 οὐκ
946 2544 1156 2611 ἐδίδαξε
1184 2547 1251 2600 τὰ
1280 2549 1411 2619 περὶ
1440 2551 1542 2619 τῆς
1570 2547 1839 2602 άσυνδυά-

256 2654 381 2689 στου
411 2637 609 2707 γέννης
644 2638 857 2708 αὐτῆς;
888 2639 1003 2692 Καὶ
1032 2638 1135 2692 ποῦ
1160 2638 1390 2709 νέμεται
1416 2657 1430 2704 ;
1460 2642 1570 2694 Kal
1600 2643 1649 2695 εί
1676 2642 1744 2711 ζῇ
1779 2642 1838 2693 ὲν

252 2728 332 2798 τῷ
387 2729 631 2799 οὐρανῷ,
687 2732 719 2800 ἢ
785 2730 926 2800 μετὰ
952 2731 1053 2801 τὴν
1098 2730 1371 2802 ἀνάληψιν
1393 2732 1836 2802 τετελεύτηκεν;

256 2818 293 2891 ἢ
323 2818 637 2890 πρόδρομος
671 2819 828 2890 ὑμῶν
861 2820 1115 2890 εἰσῆλθεν
1154 2823 1235 2882 είς
1267 2823 1359 2875 τὸν
1390 2821 1720 2892 παράδεισον
1754 2839 1769 2889 ;
1810 2842 1829 2874 ο

257 2912 364 2965 Καὶ
398 2912 567 2983 μηδὲν
598 2912 819 2982 ἔχοντες
851 2914 1054 2979 εἰπεῖν,
1090 2916 1317 2985 μένουσι
1347 2916 1633 2983 σιγῶντες.

327 3011 433 3060 ua’.
482 3006 708 3058 Ἑαυτὸν
738 3006 887 3075 λέγει
920 3008 1019 3070 τὰς
1046 3007 1197 3071 κλεῖς
1225 3006 1321 3061 τοῦ
1359 3008 1692 3079 παραδείσου
1740 3010 1839 3063 λα-

256 3092 391 3146 ϐεῖν·
421 3096 518 3148 καὶ
553 3096 697 3150 κατὰ
716 3097 816 3167 τὴν
833 3099 1050 3169 ἡμέραν
1071 3099 1172 3168 τῆς
1204 3100 1554 3169 παγκοσμίου
1578 3100 1839 3171 κρίσεως,

261 3187 400 3256 μετὰ
426 3190 485 3241 τὸ
516 3190 983 3260 καταδικασθῆναι
1015 3192 1220 3246 Μωσέα
1259 3192 1402 3262 μετὰ
1425 3193 1535 3246 τῶν
1569 3193 1838 3265 Ἑϐραίων

253 3281 520 3335 ἁπάντων
591 3281 681 3335 διὰ
706 3282 805 3353 τὴν
858 3282 948 3335 τοῦ
982 3283 1148 3353 νόμου
1198 3285 1536 3355 παράϐασιν,
1569 3289 1663 3340 καὶ
1701 3289 1840 3356 μετὰ

257 3374 361 3443 τὴν
430 3375 574 3428 κατὰ
630 3374 739 3427 τῶν
776 3375 1119 3446 Χριστιανῶν
1156 3375 1357 3446 ψῆφον,
1389 3380 1459 3448 ἢν
1502 3380 1840 3449 ύποστήσον-

249 3485 345 3521 ται
401 3467 911 3538 προσαγορεύοντες
966 3470 1059 3522 τὸν
1106 3469 1348 3539 Χριστὸν
1407 3471 1538 3525 Υἰὸν
1569 3472 1705 3526 Θεοῦ
1738 3475 1835 3527 καὶ

252 3561 417 3625 Θεὸν,
468 3560 755 3631 ἀνοιγῆναι
817 3560 916 3631 μὲν
975 3561 1069 3616 τὸν
1117 3564 1448 3634 παράδεισον
1470 3565 1565 3618 ὑπ’
1617 3564 1784 3619 αὐτοῦ
1818 3582 1834 3598 θ

254 3652 618 3705 συνεισελθεῖν
676 3653 732 3705 δὲ
784 3654 936 3724 αὐτῷ
980 3654 1226 3724 χιλιάδας
1273 3657 1654 3727 ἑϐδομήκοντα
1729 3662 1841 3714 ἀπὸ

252 3741 363 3794 τῶν
396 3742 859 3813 παραδεξαμένων
890 3744 992 3815 τὴν
1047 3744 1400 3801 διδασκαλίαν
1447 3749 1615 3803 αὑτοῦ
1645 3764 1660 3780 ⁸
1713 3753 1839 3815 τοὺς

253 3831 314 3882 δὲ
338 3830 556 3895 λοιποὺς
580 3832 688 3885 τῶν
718 3833 882 3885 αὑτοῦ
909 3834 1174 3904 μαθητῶν
1208 3836 1568 3906 κριθήσεσθαι
1600 3838 1837 3909 φάσκειο

255 3923 517 3985 καὶτοὺς
577 3925 675 3994 μὲν
712 3925 1031 3995 κρείττονας
1096 3924 1157 3992 ἐξ
1214 3927 1394 3981 αὐτῶν
1453 3929 1842 4000 ἀναμφιϐόλως

254 4014 354 4065 καὶ
399 4013 598 4077 αὐτοὺς
638 4016 717 4076 είς
772 4014 863 4067 τὸν
918 4015 1247 4085 παράδεισον
1278 4019 1598 4089 εἰσαχθῆναι
1630 4061 1646 4086 ,
1709 4023 1839 4085 τοὺς

254 4104 317 4156 δὲ
348 4104 563 4174 χείρους
623 4106 716 4158 καὶ
747 4106 1115 4175 ἁμαρτωλοὺς
1162 4108 1448 4162 πιττάκιον
1472 4109 1553 4179 τῷ
1579 4114 1841 4182 τραχήλῳ

259 4198 475 4251 ἑαυτῶν
506 4198 923 4269 περιδεδεμένον
963 4198 1257 4269 φέροντας,
1284 4202 1380 4253 καὶ
1412 4200 1613 4265 αὐτοὺς
1645 4206 1725 4266 είς
1750 4202 1842 4256 τὸν

254 4291 595 4361 παράδεισον
666 4291 1036 4361 εἰσαχθῆναι·
1092 4294 1186 4345 καὶ
1260 4293 1545 4348 καλεῖσθαι
1614 4295 1841 4361 τούτους

263 4401 283 4433 ι
320 4382 715 4454 ἀπελευθέρους
765 4384 858 4437 τοῦ
899 4384 1039 4438 Θεοῦ
1078 4386 1173 4439 καὶ
1218 4386 1314 4439 τοῦ
1348 4388 1632 4460 προφήτου
1666 4390 1839 4444 Μωά-

259 4475 396 4544 μεο.
438 4496 457 4527 ι

330 4568 434 4637 κβ’.
484 4568 585 4622 Τὸν
632 4570 963 4640 παράδεισον
1007 4574 1281 4641 τέσσαρας
1339 4572 1488 4640 λέγει
1551 4576 1837 4643 ποταμοὺς

1135 484 1519 549 PANOPLIA
1564 482 2030 544 DOGMATICA.
2057 508 2127 521 -
2151 484 2301 547 TIT.
2344 482 2623 546 XXVIII.

1438 603 1535 654 καὶ
1603 601 1842 669 μάλιστα

1952 597 2020 653 ab
2049 598 2294 653 hostibus
2328 598 2379 652 in
2422 603 2743 667 potestatem
2773 593 3174 663 redigerentur,
3199 604 3253 651 et
3288 597 3527 653 maxime

1801 1959 1915 2065 ἠΒ

3386 464 3524 540 135!

1944 702 1973 741 a
2003 686 2353 745 Christianis.
3192 730 3215 753 ρ

2014 778 2309 835 Fabulatus
2354 790 2438 837 est
2493 779 2663 835 fuisse
2706 777 2974 835 camelum
3031 778 3349 848 quamdam,
3401 793 3524 849 qua!

1942 873 2185 941 potuerit
2228 874 2475 943 integros
2519 872 2717 930 fluvios
2757 871 3192 943 praeterﬂuentes
3251 879 3519 939 epotare:

1941 963 2111 1020 fuisse
2144 976 2329 1019 autem
2366 965 2511 1020 illam
2548 980 2926 1037 permagnam,
2958 973 3014 1019 et
3061 976 3180 1033 quae
3216 964 3359 1019 inter
3385 963 3524 1018 duos

1941 1068 2154 1112 montes
2188 1057 2454 1115 maximos
2482 1073 2587 1113 non
2645 1067 2952 1129 caperetur.
3015 1058 3080 1112 Et
3110 1060 3162 1113 in
3213 1072 3297 1125 eo,
3326 1057 3520 1127 inquit,

1947 1149 2069 1205 loco
2126 1151 2360 1220 pepulus
2414 1161 2578 1219 erat;
2638 1164 2697 1205 et
2754 1151 2924 1208 altero
2989 1153 3207 1223 quidem
3268 1152 3356 1205 die
3409 1151 3525 1219 ipse

1944 1257 2137 1312 aquam
2172 1242 2318 1299 ﬂuvii
2353 1244 2592 1308 bibebat,
2621 1243 2793 1300 altero
2824 1259 2976 1308 vero,
3004 1244 3246 1299 camelus
3288 1256 3303 1297 :
3349 1255 3526 1312 eaque

1942 1351 2064 1390 cum
2092 1336 2318 1393 bibisset
2342 1352 2561 1407 aquam,
2594 1337 2792 1407 populo
2814 1335 2888 1393 illi
2918 1345 3102 1407 potum
3133 1336 3407 1408 praebebat
3439 1337 3524 1391 lac

1942 1444 2122 1496 suum,
2170 1443 2268 1498 pro
2317 1444 2477 1500 aqua.
2521 1428 2625 1487 Hic
2697 1430 2885 1499 itaque
2946 1429 3198 1500 populus.
3252 1444 3376 1485 cum
3422 1442 3513 1484 ese

1943 1529 2027 1577 set
2061 1522 2258 1587 malus,
2301 1522 2603 1578 insurrexit
2645 1528 2701 1577 et
2737 1521 3003 1578 camelutu
3045 1520 3343 1577 interfecit.
3392 1521 3525 1575 Erat

1942 1631 2123 1673 autem
2167 1617 2327 1686 hujus
2368 1616 2545 1686 pullus
2599 1617 2831 1688 exiguus
2879 1618 3140 1683 eatnelus,
3199 1616 3295 1686 qui
3344 1616 3518 1671 inter‘

1942 1710 2081 1766 fecta
2115 1720 2289 1765 matre
2326 1711 2393 1764 ad
2436 1709 2603 1766 Deum
2658 1711 2936 1775 clamavit,
2958 1719 3015 1766 et
3045 1710 3341 1779 assumpsit
3371 1724 3525 1766 eum‘

1942 1804 2061 1859 dem
2124 1804 2190 1857 ad
2241 1803 2501 1874 seipsum.
2557 1802 2959 1875 lnterrogemus
3012 1804 3175 1872 igitur
3226 1804 3523 1873 discipulos

1944 1895 2103 1965 hujus
2134 1896 2457 1952 fabulatoris
2484 1937 2499 1962 ,
2564 1908 2747 1952 utrum
2787 1912 2855 1953 ex
2902 1897 3284 1966 conjunctione
3327 1906 3528 1966 parvus

1944 1988 2189 2045 camelos
2236 1998 2399 2044 natus
2431 1989 2525 2057 sit,
2567 2005 2634 2043 an
2682 1989 2890 2061 absque
2958 1990 3146 2045 coitu?
3196 1989 3264 2045 Et
3286 1990 3525 2046 dicunt:

1951 2101 1970 2133 ι
2018 2082 2236 2153 Absque
2268 2082 2435 2138 coitu.
2475 2102 2493 2135 ι
2549 2084 2615 2138 Ει
2650 2097 2751 2139 nos
2795 2097 3011 2139 rursum
3052 2099 3066 2136 :
3111 2101 3132 2135 ι
3167 2083 3233 2137 Et
3256 2083 3528 2153 quomodo

1944 2178 2151 2247 absque
2184 2177 2331 2233 coitu
2356 2176 2379 2230 ?
2404 2194 2422 2228 ι
2473 2176 2540 2230 Et
2584 2178 2914 2247 respondent
2944 2192 3002 2234 se
3035 2178 3303 2250 ignorare.
3343 2179 3407 2233 Et
3430 2194 3527 2234 nos

1946 2270 2142 2325 iterum
2182 2286 2197 2324 :
2251 2289 2271 2321 ι
2310 2270 2593 2336 Quomodo
2633 2285 2762 2326 vero
2816 2268 2959 2326 Deus
2999 2273 3063 2325 ad
3109 2273 3345 2341 seipsum
3404 2287 3532 2343 para

1948 2375 2072 2413 vum
2104 2359 2252 2414 illum
2295 2360 2565 2416 camclum
2597 2362 2913 2425 assumpsit,
2946 2367 3000 2414 et
3028 2360 3118 2413 tthi
3151 2361 3400 2428 pascitur
3426 2403 3442 2427 ,
3474 2369 3528 2415 et

1948 2461 2057 2517 quo
2084 2454 2244 2515 pacto
2286 2446 2547 2515 propheta
2574 2445 2753 2502 vester
2798 2460 2902 2501 non
2934 2447 3226 2517 explicavit
3271 2444 3388 2514 ejus
3433 2460 3528 2501 ore

1952 2549 2088 2606 turn,
2118 2555 2242 2596 cum
2290 2539 2432 2595 nulla
2474 2543 2634 2611 plane
2669 2540 3026 2595 antecesserit
3059 2540 3417 2609 coniunctio?
3459 2540 3527 2595 Et

1948 2633 2040 2688 ubi
2065 2634 2351 2703 pascitur?
2389 2632 2455 2690 Et
2479 2643 2662 2689 utrum
2693 2635 2825 2693 vivit
2849 2634 2900 2689 in
2940 2634 3102 2701 eteio,
3130 2646 3199 2689 an
3224 2648 3356 2690 vero
3381 2644 3529 2704 post-

1948 2742 2113 2795 quam
2151 2737 2462 2799 assumptus
2512 2737 2596 2784 est
2632 2728 2789 2796 obiit,
2859 2738 2955 2783 aut
2998 2743 3097 2786 vos
3134 2730 3189 2785 in
3214 2726 3527 2800 paradisum

1948 2822 2276 2891 praecurrit?
2317 2841 2337 2875 ι
2378 2822 2472 2879 Isti
2501 2837 2633 2880 vero
2658 2838 2782 2879 cum
2822 2832 2931 2880 non
2977 2823 3213 2881 habeant
3266 2827 3409 2896 quod
3444 2838 3531 2882 re-

1950 2915 2273 2983 spondeant,
2302 2916 2701 2973 conticescunt.

2020 3004 2114 3060 21.
2138 3004 2388 3077 Seipsum
2417 3008 2494 3062 ait
2515 3009 2690 3065 claves
2720 3009 2955 3079 paradisi
2984 3011 3283 3082 accepisse,
3313 3021 3369 3068 e‘t
3387 3013 3532 3070 circa

1953 3098 2103 3155 diem
2165 3101 2495 3158 universalis
2543 3102 2759 3171 iudicii,
2821 3113 3114 3174 postquam
3167 3105 3347 3162 Moses
3403 3121 3527 3161 cum

1950 3188 2218 3261 iiebraeis,
2276 3195 2347 3249 ob
2398 3194 2536 3267 iegis
2601 3199 3093 3268 transgressiones,
3137 3198 3532 3255 condemnatus

1948 3282 2151 3351 fuerit,
2216 3293 2271 3340 et
2310 3295 2435 3355 post
2476 3288 2807 3343 sententiam
2856 3293 2924 3345 de
2956 3290 3290 3347 Christianis
3337 3294 3524 3358 latam,

1946 3393 2110 3447 quam
2144 3376 2223 3433 illi
2259 3376 2436 3434 ferent
2488 3380 2619 3448 quia
2659 3381 2936 3437 Christum
2968 3392 3023 3437 et
3067 3380 3165 3439 Dei
3222 3382 3420 3439 Filium
3474 3397 3531 3442 et

1947 3470 2118 3526 Deum
2147 3471 2445 3541 appellant,
2511 3481 2759 3542 apertum
2802 3474 2867 3529 iri
2915 3474 3229 3546 paradisum
3264 3476 3334 3532 ab
3388 3479 3527 3548 ipso.

1945 3572 2000 3618 et
2042 3562 2204 3616 simul
2259 3577 2383 3641 cum
2450 3564 2570 3631 ipso
2616 3564 2915 3621 intraturas
2973 3566 3237 3622 cbiliadas
3303 3578 3529 3637 septua-

1946 3659 2118 3729 ginta,
2159 3673 2227 3713 ex
2255 3671 2444 3714 eorum
2474 3674 2708 3715 numero
2746 3661 2839 3731 qui
2881 3652 3185 3717 doctrinam
3211 3663 3382 3733 ipsius
3411 3678 3529 3718 ant-

1945 3752 2089 3826 plexi
2126 3755 2348 3822 fuerint,
2396 3756 2634 3826 reliquos
2668 3771 2798 3813 vero
2832 3772 2960 3814 suos
2987 3758 3283 3829 discipuios
3307 3761 3527 3831 judica-

1949 3857 2059 3902 tunt
2096 3849 2160 3902 iri
2201 3850 2412 3905 dictitat
2463 3858 2554 3905 :et
2579 3850 2806 3921 quidem
2842 3850 3096 3908 meliores
3122 3853 3359 3923 ipsorum
3381 3848 3541 3908 citra

1945 3955 2162 3996 omnem
2191 3942 2622 3999 controversiam
2655 3952 2711 3998 et
2742 3945 2887 4014 ipsos
2921 3945 3177 4014 paradiso
3212 3946 3522 4017 petituros:

1945 4033 2157 4103 pejores
2202 4049 2330 4090 vero
2395 4045 2450 4089 et
2494 4044 2835 4105 peccatores,
2894 4036 3198 4092 chartulam
3250 4038 3319 4094 de
3384 4041 3529 4094 colitr

1946 4127 2269 4194 pendentem
2314 4128 2570 4194 ferentes,
2613 4136 2669 4183 et
2698 4128 2843 4199 ipsos
2892 4129 2946 4182 in
2980 4130 3295 4199 paradisum
3344 4131 3515 4185 intro-

1946 4218 2174 4273 missum
2231 4219 2318 4283 iri,
2359 4220 2735 4290 appellarique
2788 4221 2924 4277 istos
2959 4238 2985 4273 s
3051 4221 3279 4277 libertos
3333 4220 3426 4277 Dei
3466 4232 3521 4276 et

1947 4310 2221 4381 prophetae
2245 4310 2560 4368 Moamethi.
2620 4330 2643 4362 ι

2014 4568 2107 4623 22.
2140 4566 2462 4621 Paradisum
2498 4568 2719 4637 quidem
2784 4578 3022 4639 quatuor
3056 4568 3284 4626 ﬂumina
3317 4572 3521 4632 habere

254 4662 429 4732 ἔχειν,
454 4663 513 4726 ἐξ
542 4662 731 4726 ὓδατος
784 4661 1060 4717 άθολώτου
1087 4704 1102 4729 ,
1141 4665 1235 4717 καὶ
1268 4663 1537 4732 γάλακτος
1568 4663 1839 4737 καθαροῦ,

1954 4660 2138 4725 tradit,
2166 4674 2231 4715 ex
2262 4674 2403 4729 aqua
2434 4675 2591 4730 pura,
2622 4661 2758 4717 lacte
2786 4676 2942 4733 puro,
2960 4673 3016 4716 et
3047 4662 3187 4718 dulci
3216 4665 3365 4731 vino,
3391 4672 3523 4725 mel-

254 4756 355 4809 καὶ
376 4757 519 4808 οίνου
539 4757 712 4825 ἡδέος,
729 4758 820 4809 καὶ
848 4757 1069 4826 μέλιτος
1092 4758 1333 4811 ὑλιστοῦ.
1359 4759 1432 4811 Συ
1449 4758 1744 4825 ιουσιάζειν
1771 4760 1829 4813 δὲ

255 4851 356 4902 καὶ
391 4850 640 4916 γυναιξὶν
669 4852 728 4902 ὲν
758 4848 834 4920 τῷ
865 4849 1184 4920 παραδείσῳ
1207 4866 1221 4878 ⁸
1268 4852 1363 4904 καὶ
1400 4847 1542 4904 εἶναι
1579 4853 1680 4923 τὴν
1713 4870 1839 4907 συν-

253 4944 451 4995 ουσίαν
478 4942 661 4995 αὐτῶν
691 4942 967 5013 ήδυτάτην
1003 4943 1169 5007 πάνυ,
1202 4943 1295 4995 καὶ
1342 4943 1568 5014 διαρκῆ,
1608 4946 1703 5000 καὶ
1740 4944 1839 5019 άρ-

258 5036 509 5106 ρευστον.
566 5034 710 5097 Τοὺς
773 5036 957 5104 μέντοι
1019 5034 1332 5101 Ἐϐραίους,
1374 5036 1629 5101 καὶτοὺς
1662 5039 1839 5110 Χρισ-

254 5129 476 5188 τιανοὺς
510 5126 643 5190 ξύλα
668 5127 762 5179 τοῦ
816 5126 1037 5179 αἰωνίου
1069 5127 1433 5197 χρηματίζειν
1464 5128 1636 5197 πυρός
1665 5144 1677 5157 ·
1712 5132 1839 5194 τοὺς

255 5221 319 5272 δὲ
350 5219 699 5290 Σαμαρείτας
747 5218 1120 5287 ἁποτετάχθαι
1148 5219 1287 5288 πρὸς
1324 5219 1422 5289 τὴν
1465 5220 1711 5290 ἐκφορὰν
1744 5224 1841 5293 τῆς

256 5313 472 5382 κόπρου
497 5315 606 5366 τῶν
639 5316 696 5365 ὲν
721 5312 797 5383 τῷ
830 5313 1150 5383 παραδείσῳ
1179 5314 1585 5384 διαιτωμένων,
1648 5316 1734 5369 ἵνα
1761 5316 1838 5386 μὴ

257 5406 520 5476 ὲποζέσῃ,
572 5408 760 5474 φησιν,
792 5405 1201 5475 ὀπαράδεισος.
1267 5407 1454 5461 Ταῦτα
1510 5408 1711 5473 πάντα,
1778 5410 1843 5461 τὰ

256 5499 645 5567 καταγέλαστα
700 5500 879 5552 πάντα
939 5500 1034 5551 καὶ
1081 5499 1438 5570 άπαράδεκτα
1488 5502 1839 5569 Χριστιανοίς

254 5593 412 5655 ὄντα,
453 5594 547 5645 καὶ
586 5591 845 5662 μυθάρια,
897 5591 991 5644 καὶ
1018 5590 1322 5657 άσύστατα,
1380 5592 1481 5646 οὐκ
1528 5593 1837 5646 ἐπιδέονταί

254 5702 405 5749 τινος
438 5686 777 5755 ἀνατροπῆς,
808 5685 1034 5738 αὐτόθεν
1055 5684 1420 5755 ἐληλεγμένα.

334 5866 444 5927 κγ’.
476 5858 810 5912 Ἀποκλείων
838 5860 973 5911 πᾶσι
1004 5858 1103 5928 τὴν
1131 5858 1361 5929 ἔρευναν
1386 5860 1496 5914 τῶν
1523 5862 1652 5931 παρ’
1671 5859 1837 5914 αὑτοῦ

253 5953 767 6025 δογματιζομένων,
822 5956 871 6004 εί
903 5951 1081 6021 ἀληθῆ
1135 5954 1379 6025 ταῦταῆ
1431 5956 1534 6026 μὴ,
1594 5950 1837 6023 κελεύει,

593 6051 859 6109 Parum.
891 6054 1010 6115 Gtt.
1048 6053 1281 6120 CXXX.

1957 4755 2118 4822 ieque
2174 4753 2455 4809 defaecato.
2514 4752 2647 4808 item
2730 4756 3088 4810 concumbere
3159 4758 3307 4828 ipsos
3395 4774 3519 4817 cum

1950 4845 2266 4901 mulieribus
2309 4847 2359 4899 in
2393 4845 2645 4914 paradiso
2676 4861 2689 4899 :
2722 4860 2949 4913 esseque
2976 4860 3323 4917 cengressum
3380 4852 3524 4919 ipso-

1951 4953 2069 4992 rum
2103 4937 2555 5005 jucundissimum
2596 4939 2815 4993 omnino
2843 4948 2899 4994 et
2923 4939 3302 5010 sufﬁcientem,
3341 4954 3396 4999 et
3429 4947 3521 5015 qui

1950 5046 2224 5100 nunquam
2269 5030 2499 5086 diiiiuat.
2585 5030 2844 5090 Hebraeos
2898 5049 3027 5091 vero
3078 5042 3133 5091 et
3186 5036 3526 5094 Christianos

1951 5125 2094 5193 ligna
2134 5123 2445 5192 sempiterni
2495 5124 2632 5193 ignis
2671 5124 2927 5194 appellari
2968 5141 2983 5178 :
3019 5125 3392 5184 Samaritanos
3416 5145 3518 5187 au-
3586 5126 3603 5191 ξ

1950 5230 2055 5274 tem
2083 5218 2384 5273 destinatos
2412 5231 2534 5271 esse
2570 5226 2627 5270 ut
2654 5227 2870 5273 stercus
2926 5219 3155 5273 efferant
3188 5235 3379 5277 eorum
3427 5226 3522 5293 qui
3588 5256 3591 5263 -

1948 5314 2002 5367 in
2036 5310 2291 5382 paradiso
2319 5318 2507 5379 agunt,
2533 5324 2601 5363 ne
2624 5310 2866 5378 graviter
2892 5312 3036 5365 oleat
3064 5315 3370 5381 paradisus.
3398 5315 3525 5372 Haec
3624 5310 3625 5315 “

1947 5403 2162 5473 quidem
2190 5401 2395 5463 omnia,
2423 5408 2478 5454 et
2505 5400 2727 5453 ridicula
2756 5401 3113 5471 undequaque
3148 5414 3202 5457 et
3230 5404 3408 5459 aliena
3454 5408 3524 5459 ah

1947 5496 2091 5551 omni
2124 5495 2563 5550 Christianorum
2603 5494 2871 5562 doctrina,
2915 5496 3153 5568 itemque
3199 5498 3432 5568 fabellzn,
3467 5513 3524 5556 et

1949 5592 2187 5647 absurda
2262 5590 2488 5645 minime
2548 5593 2940 5665 .consistentia,
2997 5608 3104 5650 non
3181 5608 3343 5666 egent
3418 5600 3522 5653 ulla

1950 5682 2300 5745 refutatione,
2328 5686 2387 5734 ut
2417 5684 2536 5750 quae
2566 5697 2595 5733 a
2629 5681 2824 5752 seipsis
2872 5684 3275 5756 redarguantur
3296 5697 3363 5767 et,
3385 5704 3527 5744 con-

1951 5772 2263 5823 vincantur.

2019 5862 2111 5916 25.
2137 5862 2203 5916 Et
2234 5871 2291 5915 ut
2320 5862 2708 5920 intercluderet
2735 5866 2987 5924 omnibus
3005 5870 3143 5926 viam
3163 5872 3537 5939 investigandi.

1950 5970 2045 6039 sua
2081 5956 2305 6026 placita,
2346 5963 2527 6010 utrum
2584 5956 2823 6031 scilicet_
2860 5974 2983 6017 vera
3045 5963 3175 6029 sint,
3226 5979 3293 6017 an
3344 5964 3480 6019 falsa
3508 6005 3526 6031 ,

3130 6056 3207 6119 43
