3960 6548
410 377 545 437 1355

1650 381 1961 439 EU'I‘HYM
1978 382 2031 439 li
2072 385 2109 440 Ζ
2125 384 2343 443 lGAllE
2356 386 2428 443 .‘il

3528 388 3656 450 1356

411 490 653 557 mandat,
698 491 801 546 ltoc
834 492 1047 559 quidem
1089 501 1349 559 tempore,
1406 501 1661 561 tanquam
1717 494 1976 548 divinitus

2102 498 2178 549 νῦν
2234 501 2334 569 μὲν
2379 503 2452 563 ὡς
2504 502 2844 556 θεόπνευστα
2892 502 3148 571 δέχεσθαι
3203 502 3267 554 τὰ
3302 501 3431 571 παρ’
3495 498 3653 555 αὐτοῦ

412 586 693 654 inspirata,
722 600 817 640 sua
842 584 1091 654 amplecti
1114 586 1319 649 omnia,
1346 585 1821 652 investigationem
1846 601 1977 640 vero

413 679 626 731 illorum
656 689 710 731 et
752 678 1122 747 probationem
1154 677 1219 731 ad
1253 678 1395 731 diem
1454 693 1625 747 usque
1672 687 1973 732 extremum

413 771 604 839 judicii
634 768 955 825 universalis
1002 769 1401 827 reservandam.
1440 772 1589 826 Tunc
1638 772 1781 825 enim
1839 772 1979 841 quod

418 865 643 930 probum
707 862 1093 932 sincerumque
1141 868 1231 932 sit,
1270 867 1486 933 planum
1536 866 1675 920 fore.
1714 866 1791 919 Ne
1852 881 1979 919 vero

417 954 703 1025 quisquam
742 957 890 1010 dicat
922 975 936 1014 :
974 976 992 1009 ι
1042 957 1256 1012 Postula
1286 974 1312 1011 a
1346 958 1452 1013 Deo
1490 960 1704 1028 signum
1763 958 1980 1027 aliquod

413 1047 483 1102 ad
513 1046 981 1102 conﬁrmationem
1035 1059 1245 1102 tuorum
1300 1048 1643 1115 placitorum,
1690 1068 1707 1099 ι
1757 1049 1982 1102 simulat

415 1139 747 1206 petitionem,
778 1149 831 1194 et
863 1139 931 1193 ad
962 1140 1126 1193 Deum
1157 1142 1235 1192 ait
1264 1156 1277 1192 :
1320 1158 1337 1191 ι
1382 1139 1666 1195 Postulant
1704 1156 1731 1193 a
1790 1148 1840 1195 te
1880 1140 1978 1195 do-

415 1231 623 1287 mestici
672 1239 726 1285 et
781 1231 1057 1285 vernaculi
1124 1231 1370 1298 discipuli
1420 1232 1701 1300 scriptura:
1744 1232 1821 1301 (id
1871 1244 1974 1295 ρει,

417 1324 509 1391 qui
557 1324 882 1392 scripturam
927 1324 1070 1379 illam
1102 1324 1357 1380 divinitus
1390 1325 1608 1379 missam
1640 1326 1979 1395 αηιριοειιιηο

418 1415 526 1484 tur)
559 1424 619 1469 ut
647 1416 901 1472 demittas
934 1418 1000 1471 ad
1040 1430 1134 1473 eos
1170 1416 1494 1485 scripturam
1535 1431 1563 1471 e
1602 1416 1775 1477 coelis,
1826 1436 1844 1466 ι
1879 1420 1984 1470 sci-

417 1509 552 1563 licet
579 1510 901 1578 scripturam
935 1510 1243 1572 secundam,
1290 1524 1413 1578 qnae
1437 1518 1618 1563 certos
1654 1524 1748 1563 eos
1796 1511 1980 1565 reddat

419 1602 615 1669 placita
648 1617 677 1655 a
709 1617 797 1657 me
846 1602 1116 1671 proposita
1164 1613 1217 1656 et
1252 1603 1543 1656 constituta
1600 1616 1721 1657 esse
1763 1618 1891 1656 vera
1930 1612 1983 1657 et

418 1693 517 1748 tibi
550 1702 724 1762 grata.
756 1692 950 1748 Postea
981 1694 1046 1748 de
1105 1692 1347 1748 Hebraeis
1383 1694 1652 1763 proponit,
1705 1695 1847 1762 quod
1907 1695 1983 1748 illi

424 1787 598 1855 majus
631 1786 906 1856 quippiam
935 1799 967 1839 a
998 1785 1151 1840 Mose
1191 1785 1462 1855 petierint,
1504 1786 1780 1843 dicentes:
1826 1807 1843 1838 ι
1883 1788 1985 1843 Os-

420 1880 579 1935 tende
618 1880 773 1934 uobis
828 1879 996 1933 Deum
1032 1878 1338 1941 manifesto,
1390 1898 1408 1931 ι
1456 1888 1508 1933 et
1557 1882 1702 1948 quod
1734 1895 1985 1946 compre-
2018 1858 2062 1912 Β

425 1974 673 2029 henderit
729 1974 874 2043 ipsos
904 1971 1047 2027 Deus
1074 1972 1142 2025 ob
1195 1972 1517 2041 injustitiam
1562 1988 1738 2036 suam,
1794 1973 1844 2026 id
1905 1984 1987 2027 est

425 2064 759 2119 sustulerite
789 2062 988 2129 medio,
1014 2062 1083 2117 ob
1110 2062 1249 2116 hanc
1302 2062 1594 2117 absurdam
1650 2074 1707 2119 et
1755 2064 1985 2132 ineptam

425 2156 737 2225 petitionem
773 2154 1037 2225 ipsorum.
1095 2152 1219 2208 Haec
1250 2154 1466 2224 quidem
1524 2154 1611 2208 ille
1659 2157 1885 2219 addidit,
1934 2166 1990 2210 ut

428 2258 658 2303 terreret
686 2245 979 2315 discipulos
1005 2260 1153 2313 Suos,
1184 2256 1240 2300 ut
1264 2247 1570 2313 prohiberet
1597 2246 1693 2317 (uti
1746 2247 1992 2301 declara-

429 2353 541 2392 tum
568 2339 673 2410 est)
704 2338 980 2405 inquirere
1024 2339 1512 2395 demonstrationes
1569 2340 1817 2396 veritatis
1853 2358 1869 2406 ;
1918 2356 1991 2407 ne

429 2432 635 2488 scilicet
685 2431 883 2496 similia
911 2430 1041 2500 ipsis
1071 2431 1402 2487 acciderent.
1436 2432 1606 2488 Judzei
1641 2445 1821 2489 tamen
1872 2448 1989 2487 ma-

426 2524 509 2593 gis
543 2523 815 2591 deprecati
837 2532 981 2587 sunt,
1049 2538 1115 2577 ne
1147 2523 1286 2578 Deus
1330 2524 1641 2592 loqueretur
1699 2527 1764 2581 ad
1820 2528 1989 2595 ipsos,

427 2624 483 2672 et
503 2616 728 2688 gloriam
765 2615 880 2682 Dei,
915 2630 1033 2683 quae
1062 2614 1193 2683 ipsis
1223 2615 1275 2670 in
1311 2625 1496 2671 monte
1542 2616 1673 2672 Sina
1727 2634 1992 2688 apparue-

424 2719 530 2777 rat,
566 2708 877 2766 horribilem
907 2708 1287 2763 existimarunt
1312 2718 1365 2765 et
1409 2709 1803 2766 intolerabilem
1836 2730 1847 2764 :
1892 2711 1993 2764 ιρι-

425 2816 655 2872 sinuque
684 2810 769 2858 est
810 2802 1121 2872 exemplum
1181 2798 1528 2858 Hebraiorum
1581 2803 1672 2872 qui
1718 2818 1784 2858 eo
1839 2805 1995 2859 modo

424 2892 711 2961 perierint.

497 2984 762 3043 Praeterea
836 3001 1068 3047 conatur
1125 2994 1421 3050 conciliare
1473 2994 1573 3049 sibi
1606 2993 1850 3050 veritatis
1873 3003 1991 3048 stu-

427 3078 598 3143 dium,
632 3092 685 3135 et
723 3082 825 3135 lide
868 3084 1083 3155 dignam
1142 3090 1531 3143 auctoritatem
1606 3089 1821 3158 placitis
1879 3088 1995 3143 suis

2083 591 2260 644 πάντα
2293 608 2309 619 ⁸
2339 594 2708 663 παραπέμψαι
2764 596 2820 647 δὲ
2852 594 2949 664 τὴν
2984 595 3216 648 ’τούτων
3285 594 3515 663 ἔρευναν
3566 594 3656 647 καὶ

2081 684 2402 751 δοκιμασίαν
2432 687 2513 746 εἰς
2543 685 2641 750 τὴν
2662 686 2983 739 τελευταίαν
3015 687 3230 755 ἡμέραν
3261 685 3363 750 τῆς
3453 700 3655 750 παγκοο

2085 776 2245 840 σμίου
2276 775 2515 842 κρίσεως
2547 792 2559 806 ·
2593 779 2714 829 τότε
2742 778 2852 847 γὰρ
2881 777 3117 847 φανῆναι
3161 776 3221 829 τὸ
3248 777 3465 836 πάντως
3509 775 3650 827 δόκιο

2087 883 2203 934 μον.
2239 867 2357 922 Ἵνα
2385 868 2441 920 δὲ
2478 871 2553 938 μή
2577 886 2661 932 τις
2696 871 2846 941 εῐπῃ,
2881 888 2899 921 ι
2941 870 3176 938 Αίτησαι
3210 868 3362 937 παρὰ
3398 868 3493 920 τοῦ
3515 868 3648 919 Θεοῦ

2085 962 2309 1027 σημεῖον
2347 962 2425 1023 είς
2458 962 2723 1015 πίστωσιν
2777 962 2889 1015 τῶν
2928 963 3082 1029 ποιρά
3138 961 3234 1014 σοῦ
3263 962 3657 1028 δογματιζομέ.

2084 1068 2211 1112 νων,
2246 1070 2263 1102 ι
2302 1051 2657 1122 ὑποκρίνεται
2685 1055 2783 1123 τὴν
2808 1054 3042 1124 αἴτησιν,
3109 1052 3205 1105 καί
3251 1069 3383 1120 φησι
3412 1051 3545 1120 πρὸς
3570 1052 3656 1103 τὸν

2083 1141 2217 1194 Θεόν
2240 1156 2252 1170 '
2300 1160 2317 1192 ι
2359 1142 2647 1195 Αίτοῦνταί
2676 1160 2735 1196 σε
2771 1146 2819 1197 οί
2849 1145 3041 1197 οίκεῖοι
3074 1144 3174 1212 τῆς
3200 1144 3419 1211 γραφῆς
3457 1143 3658 1212 (τουτέ-

2087 1252 2203 1287 στιν
2231 1237 2278 1287 οί
2314 1236 2413 1303 τὴν
2456 1234 2806 1302 θεόπεμπτόν
2840 1253 2932 1289 σου
2964 1234 3186 1305 γραφὴν
3216 1236 3525 1304 δεξάμενοι)
3562 1234 3656 1287 τοῦ

2086 1328 2412 1392 κατενέγκαι
2438 1328 2623 1379 ὲποὶνω
2651 1327 2831 1379 αὐτῶν
2862 1327 3083 1397 γραφὴν
3112 1328 3176 1379 ἐκ
3202 1325 3294 1378 τοῦ
3322 1326 3552 1394 ούρανοῦ
3571 1341 3587 1357 ο
3630 1344 3650 1377 ι

2084 1419 2302 1489 γραφὴν
2331 1420 2591 1489 δευτέραν
2610 1420 2875 1488 δηλονότι,
2904 1417 3362 1490 πληροφοροῦσαν
3396 1418 3525 1486 περὶ
3550 1417 3658 1469 τῶν

2085 1512 2219 1581 παρ’
2272 1512 2435 1565 αὐτοῦ
2475 1513 2989 1582 δογματιζομένων,
3020 1513 3106 1564 ὃτι
3138 1511 3314 1579 ἀληθῆ
3350 1513 3443 1563 καὶ
3468 1512 3661 1581 εὐάρεο

2088 1621 2206 1657 στα.
2247 1600 2377 1657 Εἶτα
2441 1604 2835 1673 προσεκτίθησι
2881 1604 3009 1671 περὶ
3063 1603 3172 1655 τῶν
3242 1603 3536 1672 Ἐϐραίων,
3578 1604 3659 1655 ὅτι

2086 1698 2357 1767 ᾐτήσαντο
2412 1698 2503 1748 τὸν
2564 1699 2773 1766 Μωσῆν
2836 1696 3068 1764 μείζονα
3107 1695 3323 1758 τούτου,
3365 1693 3656 1756 καὶεῖπον,

2100 1808 2117 1841 ι
2156 1790 2339 1853 Δεῖξον
2363 1793 2493 1860 ἡμῖν
2527 1792 2620 1844 τὸν
2654 1792 2787 1845 Θεὸν
2820 1791 3068 1860 φανερῶς
3096 1808 3110 1823 ·
3151 1809 3169 1841 ι
3218 1791 3312 1842 καὶ
3346 1790 3536 1844 ἔλαξεν
3566 1791 3659 1842 αὐο

2091 1881 2217 1941 τοὺς
2242 1881 2303 1932 τὸ
2350 1883 2505 1933 Θεῖον
2537 1882 2623 1947 διὰ
2684 1883 2781 1951 τῆς
2830 1881 3041 1943 ἀδικίας
3092 1882 3274 1933 αὐτῶν
3308 1895 3322 1910 ⁸
3362 1881 3662 1943 τουτέστιν,

2091 1972 2299 2024 ἀνεῖλεν
2364 1974 2561 2037 αὐτοὺς
2600 1974 2687 2027 διὰ
2715 1974 2815 2045 τὴν
2876 1974 3188 2043 παράλογον
3213 1975 3421 2039 ταύτην
3444 1974 3663 2039 αἴτησιν

2091 2064 2290 2117 αὐτῶν.
2328 2065 2516 2120 Ταῦτα
2550 2066 2606 2119 δὲ
2636 2066 3003 2136 προσέθηκεν.
3035 2066 3285 2133 ἐκφοϐῶν
3308 2066 3435 2126 τοὺς
3486 2064 3658 2133 μαθη-

2090 2158 2189 2219 τὰς
2217 2156 2406 2219 αὑτοῦ,
2445 2158 2541 2210 καὶ
2586 2157 2810 2211 κωλύων
2857 2158 2955 2226 (ὡς
2977 2156 3293 2227 δεδήλωται)
3352 2157 3533 2226 ζητεῖν
3564 2155 3662 2209 αύ-

2090 2252 2217 2313 τοὺς
2254 2251 2557 2317 ἀποδείξεις
2611 2252 2710 2321 τῆς
2734 2252 3013 2321 ἀληθείας,
3040 2252 3126 2303 ἵνα
3154 2252 3230 2321 μὴ
3270 2254 3337 2305 τὰ
3368 2252 3531 2319 ὅμοια
3551 2252 3661 2304 πά-

2094 2343 2245 2398 θωσι.
2306 2345 2493 2397 Καίτοι
2527 2346 2914 2415 παρῃτήσαντο
2958 2346 3157 2414 μᾶλλον
3208 2346 3257 2396 οἱ
3323 2344 3571 2401 Ἰουδαῖοι
3604 2346 3663 2395 τὸ

2095 2436 2277 2489 λαλεῖν
2325 2438 2460 2506 πρὸς
2507 2439 2710 2500 αὐτοὺς
2761 2438 2853 2490 τὸν
2892 2437 3025 2492 Θεόν
3056 2454 3069 2467 ³
3130 2438 3226 2490 καὶ
3266 2438 3368 2506 τὴν
3418 2437 3512 2489 ἐπὶ
3568 2435 3660 2487 τοῦ

2094 2530 2251 2598 δρους
2281 2530 2540 2598 ὀφθεῖσαν
2572 2528 2663 2583 τοῦ
2695 2529 2831 2585 Θεοῦ
2887 2530 3047 2594 δόξαν
3086 2530 3354 2601 φορτικὴν
3391 2532 3667 2600 ἡγήσαντο

2094 2622 2189 2675 καὶ
2226 2623 2597 2675 ἀνυπόστατον
2627 2640 2641 2653 ·
2680 2622 2774 2676 καὶ
2805 2624 2999 2691 ψευδὲς
3047 2623 3179 2676 αὐτὸ
3218 2622 3278 2676 τὸ
3306 2622 3666 2692 παράδειγμα

2092 2714 2204 2767 τῶν
2232 2715 2405 2778 οὕτως
2435 2714 2822 2769 ἀποθανόντων
2862 2713 3152 2785 Ἐϐραίων.

2169 3012 2287 3063 Ἔτι
2320 3008 2771 3078 περιποιούμενος
2806 3008 2985 3076 ἐαυτῷ
3014 3004 3269 3076 ἀλήθειαν
3318 3003 3413 3057 καὶ
3454 3002 3664 3067 ἀξιοπι-

2098 3104 2249 3156 στίαν
2275 3102 2366 3155 ἐπὶ
2416 3103 2527 3164 τοῖς
2578 3099 3081 3170 δογματιζομένοις,
3144 3097 3355 3163 εἰσάγει
3390 3093 3663 3162 πρόσωπά

428 3182 698 3239 astruere,
751 3176 875 3229 dum
912 3177 963 3231 in
1002 3179 1236 3233 medium
1261 3181 1764 3250 adducitpersonas
1832 3195 1993 3248 quaso

2102 3214 2219 3250 τινα
2282 3197 2449 3249 πᾶσιν
2505 3195 2869 3261 ἀδιάγνωστα,
2933 3196 3012 3255 είς
3093 3193 3361 3261 κήρυγμα
3412 3188 3519 3257 πρὸ
3574 3187 3666 3239 τοῦ

428 3264 551 3319 dam
577 3267 822 3323 diﬂiciles
854 3273 1095 3341 cognitu,
1128 3289 1247 3342 quae
1276 3284 1402 3329 ante
1427 3273 1542 3329 Noe
1575 3276 1638 3327 ad
1686 3275 1993 3342 przcdican-

428 3359 558 3415 dum
592 3363 860 3426 venerint,
880 3373 937 3416 et
961 3363 1012 3417 in
1035 3364 1229 3434 quibus
1254 3368 1470 3435 quidem
1495 3368 1625 3435 ipsis
1660 3366 1791 3418 lides
1814 3364 1994 3418 habits

431 3451 618 3516 fuerit,
661 3452 1088 3512 benedictionem
1129 3472 1374 3529 magnam
1422 3466 1701 3513 assecutos
1743 3471 1865 3511 esse
1900 3457 1996 3510 lto-

429 3545 638 3615 mines;
698 3549 751 3601 in
816 3547 1010 3616 quibus
1065 3562 1192 3605 vero
1249 3550 1378 3606 lides
1406 3552 1656 3620 derogata
1699 3550 1790 3616 sit,
1828 3549 1996 3603 male-

330 3654 333 3659 ·
428 3638 719 3694 dictionem
737 3650 1002 3697 summam
1019 3642 1275 3697 sensisse.
1295 3646 1424 3698 Post
1441 3642 1548 3699 Noe
1566 3658 1693 3697 vero
1706 3643 1997 3701 introducit

428 3728 626 3787 Tzaled
652 3732 940 3801 quemdam
968 3735 1309 3805 prophetam,
1334 3734 1552 3789 fratrem
1582 3734 1841 3791 Thamodi
1862 3776 1877 3800 ,
1903 3736 1995 3802 qui

431 3839 603 3892 neque
650 3840 883 3897 unquam
912 3826 1032 3892 fuit,
1069 3841 1244 3896 neque
1284 3826 1351 3881 ab
1380 3828 1487 3882 ullo
1530 3828 1633 3881 alio
1686 3828 1997 3883 nominatus

430 3926 553 3982 est;
588 3918 714 3971 item
755 3927 811 3973 et
841 3918 1086 3990 Saipum,
1121 3920 1368 3974 similiter
1404 3921 1642 3989 ignotum
1668 3930 1721 3975 et
1757 3919 1914 3986 Mosi,
1945 3930 2000 3975 et

428 4013 680 4068 omnibus
711 4012 832 4066 aliis
863 4011 1159 4068 historicis.
1192 4012 1368 4079 Atque
1408 4012 1506 4065 hos
1550 4012 1764 4079 quidem
1808 4026 1996 4065 omnes

431 4109 756 4179 praedicasse
788 4107 939 4171 dicit,
965 4107 1295 4175 eosdemque
1319 4104 1422 4159 illis
1445 4106 1536 4174 qui
1558 4104 1717 4160 iidem
1746 4106 1880 4174 ipsis
1905 4105 2000 4158 ha-

431 4201 673 4264 buerint,
699 4199 868 4253 Deum
908 4198 1200 4268 propitium
1228 4197 1524 4265 praebuisse
1553 4215 1567 4253 :
1597 4196 1685 4253 ubi
1713 4212 1839 4252 vero
1866 4198 1998 4252 ﬁdes

434 4294 542 4348 illis
562 4296 775 4362 penitus
796 4292 975 4349 habita
998 4308 1102 4347 non
1128 4292 1249 4355 fuit,
1266 4307 1359 4349 eas
1376 4301 1563 4363 gentes
1582 4289 1747 4347 fuisse
1759 4306 1995 4347 eversas.

502 4384 593 4439 24.
616 4384 878 4455 Deinceps
898 4385 963 4440 de
996 4385 1175 4457 seipso
1211 4385 1358 4440 addit
1376 4384 1499 4439 talia
1528 4402 1540 4437 :
1572 4403 1589 4435 ι
1614 4382 1699 4438 ναξ
1717 4384 1994 4440 homines!

436 4494 536 4551 ego
567 4494 684 4534 sum
712 4478 801 4532 Dei
827 4478 1122 4547 apostolus.
1156 4496 1175 4530 ι
1228 4476 1304 4532 Ex
1367 4477 1582 4546 placitis
1610 4478 1716 4533 tuis
1777 4478 1997 4546 planum

2097 3288 2222 3340 Νῶε
2280 3286 2501 3339 ἐλθόντα
2536 3302 2549 3316 ·
2582 3288 2678 3337 καὶ
2714 3287 2771 3337 ὲν
2797 3278 2878 3347 οἷς
2912 3286 3008 3350 μὲν
3044 3281 3470 3350 ἐπιστεύθησαν,
3507 3278 3661 3333 θείαν

2098 3376 2351 3445 εὐλογίαν
2415 3378 2839 3447 προεξενηκότα,
2918 3378 2975 3427 ὲν
3034 3369 3115 3437 οἷς
3156 3374 3213 3426 δὲ
3266 3370 3669 3443 ἠπιστήθησαν,

2100 3473 2345 3540 κατάραν
2380 3472 2669 3539 μεγίστην.
2704 3470 2860 3523 Μετὰ
2891 3470 3073 3539 μέντοι
3095 3468 3184 3521 τὸν
3217 3469 3341 3521 Νῶε
3391 3468 3671 3534 ἐπεισάγει

2100 3564 2305 3627 Τζάλεδ
2365 3564 2486 3615 τινὰ
2512 3561 2824 3632 προφήτην,
2885 3559 3113 3629 ἀδελφὸν
3155 3557 3380 3628 Θαμὼδ,
3424 3558 3518 3609 τὸν
3546 3555 3670 3609 οὔτε

2100 3658 2384 3724 γεγονότα,
2454 3654 2579 3708 οὔτε
2636 3653 2767 3721 παρ’
2824 3654 2983 3707 άλλου
3046 3651 3458 3721 ὀνομασθέντα·
3508 3648 3671 3701 ἔτιδὲ

2101 3749 2197 3800 καὶ
2247 3748 2470 3808 Σάῖπον,
2525 3747 2729 3814 ὁμοίως
2785 3745 3063 3813 ἄγνωστον
3094 3744 3189 3796 καὶ
3242 3744 3319 3810 τῷ
3350 3743 3670 3811 Μωσῇ,καὶ

2100 3842 2235 3892 πᾶσι
2267 3840 2376 3900 τοῖς
2395 3838 2575 3899 ἄλλοις
2609 3837 2903 3906 ἱστορικοῖς
2933 3850 2947 3865 ’
2985 3834 3077 3897 οὓς
3134 3834 3286 3902 λέγει
3320 3833 3669 3903 κηρύξαντας

2102 3933 2233 4003 παρ’
2253 3928 2334 3995 οἷς
2371 3932 2467 4001 μὲν
2489 3929 2909 3997 ἐπιστεύθησαν,
2970 3927 3063 3981 τὸν
3091 3926 3224 3981 Θεὸν
3253 3928 3441 3990 αὐτοῖς
3466 3927 3669 3996 εὐμενῆ

2104 4026 2533 4095 παρεσχηκέναι,
2561 4021 2692 4090 παρ’
2725 4015 2807 4083 οἷς
2833 4020 2890 4073 δὲ
2918 4019 3323 4091 ἠπιστήθησαν,
3364 4033 3670 4087 καταστρο·

2104 4115 2209 4185 φῆν
2240 4117 2419 4177 αὐτοῖς
2446 4112 2722 4187 γενέσθαι.

2177 4384 2275 4437 κδ’.
2320 4377 2452 4435 Εἶτα
2490 4380 2815 4451 προστίθησι
2849 4379 2981 4449 περὶ
3010 4377 3207 4432 ἑαυτοῦ
3242 4377 3453 4431 τοιάδε·
3489 4393 3509 4427 ι
3535 4375 3663 4429 Οὐαὶ

2105 4476 2381 4545 ἄνθρωποι
2411 4476 2421 4525 l
2449 4471 2559 4541 ἐγὼ
2587 4471 2879 4534 ἀπόστολός
2903 4471 3017 4539 ειμι
3037 4468 3131 4522 τοῦ
3164 4468 3323 4521 Θεοῦ.
3354 4487 3374 4519 ι
3408 4466 3666 4530 Ἔδειξας,

437 4574 518 4639 ﬁt,
566 4572 719 4642 cujus
765 4571 873 4636 dei,
906 4586 941 4625 o
980 4571 1279 4640 impostor,
1334 4570 1411 4626 sis
1466 4572 1766 4639 apostolus,
1838 4569 1993 4634 falso,

2108 4567 2203 4637 ἀφ’
2237 4561 2312 4621 ὧν
2335 4565 2705 4634 δογματίζεις,
2733 4559 2780 4616 ὦ
2812 4562 3003 4624 πλάνε,
3036 4562 3193 4613 ποίου
3243 4559 3367 4613 θεοῦ
3414 4559 3671 4627 ὑπάρχεις

436 4666 684 4734 inquam,
714 4663 792 4718 sic
826 4661 1111 4732 appellati,
1159 4675 1352 4731 nempe
1394 4661 1645 4723 Satanae;
1694 4662 1818 4716 huic
1850 4676 2001 4715 nam-

436 4770 543 4826 que
569 4765 721 4825 grata
746 4764 800 4810 et
820 4754 994 4808 amica
1037 4753 1221 4818 doces,
1251 4762 1308 4807 at
1328 4752 1548 4807 inimica
1579 4765 1706 4807 vero
1731 4761 1786 4807 et
1808 4766 2001 4820 magno

438 4850 569 4904 Deo.
667 4896 671 4900 .

508 4946 741 5001 Rursum
780 4945 923 4999 ve!ut
949 4960 1013 5000 ex
1052 4958 1280 5013 persona
1327 4943 1416 4996 Dei
1449 4941 1581 4996 dicit
1617 4958 1630 4993 :
1664 4944 1709 4991 1(
1761 4938 2003 4993 Misimus

440 5051 493 5096 te
530 5040 596 5094 ad
635 5047 871 5105 gentem,
907 5046 965 5090 ut
1002 5051 1065 5090 ea
1094 5052 1213 5105 qua:
1243 5036 1335 5090 tibi
1380 5034 1612 5088 revelata
1643 5042 1696 5087 et
1735 5031 1999 5101 patefacta

383 5128 391 5138 ’
438 5140 586 5197 sunt,
615 5132 791 5188 eidem
826 5130 1049 5199 praisint
1078 5138 1131 5185 et
1176 5129 1464 5197 imperent,
1495 5143 1515 5177 ι
1559 5125 1613 5180 id
1640 5134 1747 5189 est,
1794 5133 1852 5177 ut
1912 5122 1999 5175 illa

440 5224 679 5293 subjecta
726 5223 797 5278 sit
843 5223 909 5276 iis
968 5236 1088 5292 quae
1138 5220 1231 5275 tibi
1298 5219 1535 5273 revelata
1592 5226 1717 5271 sunt
1767 5216 1997 5282 placitis.

438 5322 612 5387 Atque
651 5316 751 5371 hoc
799 5315 1014 5383 quidem
1052 5312 1173 5367 ideo
1215 5310 1387 5375 dixit,
1436 5316 1494 5362 ut
1532 5307 1908 5362 auctoritatem
1947 5315 2002 5359 et

442 5410 601 5464 iidem
659 5407 763 5462 sibi
817 5411 1181 5477 compararet,
1238 5400 1689 5472 quemadmodum
1759 5412 2003 5468 saepenu-

444 5517 599 5557 mero
635 5500 919 5556 consuevit
980 5499 1180 5552 facere.
1241 5495 1306 5547 Et
1355 5495 1548 5548 iterum
1598 5491 1791 5545 addit:
1832 5509 1849 5540 ι
1902 5490 2003 5556 Qui

436 5592 752 5662 religionem
788 5600 1035 5645 nostram
1080 5587 1405 5657 improbant,
1440 5586 1594 5639 aiunt
1619 5597 1705 5636 me
1742 5596 1855 5636 non
1882 5595 2003 5635 esse

442 5683 745 5754 spostolnm
793 5699 808 5737 :
858 5681 997 5737 Dens
1030 5679 1158 5734 mihi
1211 5675 1458 5739 sufﬁciat,
1493 5674 1578 5728 hic
1613 5674 1757 5727 inter
1813 5685 1901 5725 me
1951 5680 2005 5724 et

441 5793 536 5831 vos
561 5777 735 5833 testis.
780 5793 799 5828 ι
833 5773 987 5841 Quod
1040 5780 1217 5825 autem
1271 5768 1447 5823 dicit:
1490 5785 1508 5819 ι
1575 5765 1814 5822 Suﬂiciat
1869 5763 2002 5819 mihi

443 5870 614 5935 Deus,
635 5883 653 5919 ι
689 5868 833 5922 idem
868 5873 952 5923 est
982 5878 1044 5919 ac
1065 5862 1112 5918 si
1133 5860 1397 5918 dixisset:
1430 5859 1670 5917 Suﬂiciet
1698 5860 1827 5915 mihi
1855 5860 1999 5915 Deus

2113 4658 2432 4722 ἀπόστολος,
2448 4657 2529 4709 ὅτι
2546 4654 2640 4707 τοῦ
2655 4653 3016 4722 ψευδωνύμου
3033 4691 3050 4718 ,
3073 4652 3217 4722 φημὶ
3233 4651 3297 4719 δὴ
3329 4650 3425 4702 τοῦ
3445 4648 3667 4701 Σατανᾶ.

2114 4752 2301 4821 Τούτῳ
2335 4751 2433 4821 μὲν
2458 4750 2565 4818 γὰρ
2599 4747 2730 4816 φίλα
2753 4746 3052 4811 διδάσκεις,
3079 4743 3255 4815 ἔχθρά
3283 4743 3339 4796 δὲ
3372 4741 3453 4811 τῷ
3485 4739 3673 4809 ἀληθεῖ

2111 4846 2205 4898 καὶ
2238 4843 2457 4911 μεγάλῳ
2479 4842 2619 4911 Θεῷ.
3336 4824 3356 4846 ⁴

2183 4934 2346 5001 Λέγει
2372 4933 2530 4986 πάλιν
2563 4933 2639 4993 ὼς
2664 4934 2727 4984 ἐκ
2758 4928 3053 5002 προσώπου
3104 4924 3198 4978 τοῦ
3225 4922 3362 4977 Θεοῦ
3399 4923 3530 4992 περὶ
3554 4926 3673 4974 ἑαυ-

2108 5026 2203 5079 τοῦ
2231 5042 2245 5057 ο
2286 5045 2305 5077 ι
2349 5024 2777 5094 Ἀπεστείλαμέν
2804 5040 2862 5076 σε
2885 5023 3023 5087 πρὸς
3055 5020 3231 5080 ἔθνος,
3264 5016 3359 5070 τοῦ
3384 5017 3672 5085 τυγχάνειν

2109 5121 2294 5174 ἐπάνω
2322 5119 2499 5175 αὐτῶν
2520 5119 2589 5172 τά
2620 5114 3045 5187 ὁηλοποιηθέντα
3074 5111 3211 5181 πρὸς
3247 5110 3330 5174 σὲ,
3376 5127 3395 5160 ι
3433 5107 3671 5161 τουτέστι

2110 5212 2203 5265 τοῦ
2260 5210 2583 5264 ὑποκεῖσθαι
2631 5209 2829 5268 αὐτοὺς
2899 5206 3015 5265 τοῖς
3075 5199 3508 5271 δηλοποιηθείσι.
3566 5198 3669 5249 Καὶ

2108 5303 2266 5356 τοῦτο
2296 5304 2353 5355 δὲ
2377 5304 2620 5371 εἴρηκεν,
2654 5298 2970 5363 ἀξιόπιστον
2998 5292 3188 5347 ἑαυτὸν
3206 5291 3399 5353 ποιῶν,
3418 5289 3497 5351 ὡς
3524 5286 3671 5340 εἴωθε

2111 5394 2370 5455 πολλάκις
2406 5395 2602 5446 ποιεῖν.
2672 5389 2780 5442 Καὶ
2811 5387 2967 5449 αὖθις
3014 5382 3336 5455 προστίθησι
3367 5396 3383 5411 ⁸
3427 5398 3445 5431 ι
3479 5381 3665 5439 Λέγου·

2115 5507 2198 5543 σιν
2236 5489 2287 5542 oi
2315 5486 2663 5555 ἀρνούμενοι,
2698 5484 2778 5535 ὅτι
2802 5480 2902 5533 οὔκ
2928 5482 3046 5549 εἰμι
3082 5476 3409 5538 ἀπόστολος.
3509 5474 3672 5544 Apu-

2116 5582 2217 5651 σθῇ
2259 5596 2347 5650 μοι
2377 5578 2405 5629 ό
2470 5574 2604 5637 Θεός
2633 5585 2649 5603 ⁸
2698 5568 2852 5635 οὗτος
2911 5570 3118 5639 μάρτυς
3149 5567 3353 5639 μεταξὺ
3398 5564 3535 5635 ἐμοῦ
3586 5562 3672 5616 καὶ

2116 5674 2291 5742 ὑμῶν.
2329 5690 2347 5721 ι
2406 5669 2478 5721 Τὸ
2506 5667 2583 5729 δὲ,
2621 5684 2639 5717 ι
2674 5667 2729 5719 Ἀ
2745 5663 2944 5733 ρκεσθῇ
2990 5663 3129 5731 μοιὸ
3154 5660 3313 5723 Θεὸς,
3357 5676 3377 5709 s
3409 5657 3534 5710 ἀντὶ⁸
3560 5651 3670 5714 τοῦ.

2121 5761 2369 5830 ’Δρκέσει
2408 5775 2497 5828 μοι
2532 5758 2612 5818 είς
2664 5753 2970 5825 μαρτυρίαν
3016 5752 3044 5801 ὁ
3077 5750 3209 5813 Θεός
3240 5764 3255 5779 ο
3286 5749 3345 5811 ὃς
3380 5749 3497 5800 ἐστι
3540 5744 3670 5813 μάρ-

2110 5870 2202 5916 τυς
2239 5848 2372 5922 ἐμοῦ
2410 5849 2528 5920 μὲν,
2559 5847 2640 5901 ὅτι
2678 5845 2796 5916 εἰμὶ
2836 5841 3137 5905 ἀπόστολος
3183 5838 3371 5905 αὐτοῦ,
3407 5835 3561 5904 ὑμῶν
3593 5834 3670 5896 δὶα,
