3930 6564
295 374 430 438 1357

1184 378 1560 441 PANOPLIA
1602 381 2157 447 DOGMATICA.-—
2194 391 2343 450 Tl'l‘.
2387 393 2666 457 XXVIII.

3417 403 3554 461 1358

289 489 373 545 ὅτι
415 491 696 544 ἁπιστεϊτέ
730 508 842 560 μοι.
877 491 1010 546 Θεὸν
1057 493 1156 562 μὲν
1183 491 1275 545 οῦν
1307 493 1668 562 προῦἀλλεται
1735 495 1876 566 μάρ-

1981 501 2034 555 in
2065 503 2456 573 testimonium,
2480 509 2570 577 qui
2591 507 2746 564 testis
2769 517 2852 564 est
2877 509 3006 565 mibl
3030 510 3267 580 quidem,
3291 515 3430 581 quod
3448 516 3550 568 sim

288 601 428 651 τυρα
463 585 562 653 τῆς
592 583 900 654 ἀποστολῆς
929 584 1118 650 αὐτοῦ,
1144 585 1298 638 οὐδὲν
1320 585 1378 637 δὲ
1401 583 1539 637 Θεοῦ
1575 586 1726 650 ἀξιον
1755 589 1877 640 ἐπι-

291 676 561 746 φέρεται·
599 677 686 729 ναὶ
749 677 856 747 μὴν
909 675 1033 729 οὔτε
1097 677 1397 730 ἀποστόλου
1461 664 1751 746 σύμϐολον,
1813 677 1874 729 οὐ

1977 595 2294 662 apostolus;
2333 597 2485 652 vobis
2513 614 2664 666 vero,
2695 603 2836 670 quod
2869 603 3002 657 mihi
3041 603 3200 657 ﬁdem
3233 618 3338 658 non
3383 607 3551 660 babe-

1980 682 2068 735 tis.
2122 684 2212 739 Sic
2296 686 2462 740 Dcurn
2521 690 2610 745 ille
2661 693 2964 748 obtestatur
3005 694 3154 749 velut
3199 704 3390 750 testem
3467 697 3549 750 sui

293 767 761 838 θαυματουργίαν,
827 769 887 820 ού
919 769 1265 840 προφητείαν
1318 769 1605 840 ἀληθινὴν,
1657 771 1716 821 οῦ
1759 769 1874 839 βίον

1981 774 2361 844 apostolatus;
2415 794 2520 833 nec
2577 791 2758 836 tamen
2810 785 3105 853 quidquam
3175 785 3286 841 Deo
3329 786 3548 856 dignum

291 861 688 930 ἐξησκημένον,
718 863 842 914 οὐδὲ
875 863 1065 925 ἀπλῶς
1093 864 1296 930 γνῶσιν
1336 880 1348 894 ο

291 969 463 1015 κτως,
500 971 518 1003 ι
558 953 693 1016 Θεός
725 972 813 1022 μοι
844 955 1073 1024 μάρτυς,
1114 974 1132 1006 ι
1163 956 1349 1025 φησίν.

1421 865 1538 918 ἀλλ’
1583 865 1681 917 ἀνα
1691 863 1814 916 ποδε
1825 864 1839 915 ί
1850 892 1872 904 -

1974 863 2172 928 adfert,
2206 868 2297 932 qui
2352 870 2550 924 nullam
2581 888 2794 943 quoque
2829 878 3056 944 apostoli
3128 888 3389 934 tesseram
3430 879 3545 932 sive

1976 957 2300 1025 Symbolum,
2339 975 2510 1028 neque
2549 966 2883 1033 prophetiam
2930 984 3134 1031 veram,
3174 986 3342 1040 neque
3379 972 3547 1026 mir-au

290 1045 438 1112 cuia,
473 1059 646 1113 neque
674 1048 836 1100 vitam
866 1050 1349 1106 exercitationibus
1386 1054 1589 1106 sanctis
1622 1049 1910 1110 excultum,
1937 1065 2112 1120 neque
2132 1051 2292 1106 aliam
2325 1055 2406 1124 (ut
2439 1057 2756 1124 simpliciter
2793 1061 2992 1132 dicam)
3029 1066 3395 1132 cognitionem
3417 1080 3547 1132 pro-

291 1139 395 1192 fert
439 1155 453 1191 :
489 1139 580 1192 scd
609 1141 816 1208 absque
874 1142 1020 1196 omni
1065 1143 1383 1211 probatione
1411 1155 1464 1196 et
1514 1143 1978 1197 demonstratione
2021 1161 2035 1196 :
2077 1163 2094 1194 ι
2149 1145 2287 1200 Deus
2351 1146 2481 1200 Inibi
2535 1150 2686 1203 testis
2715 1162 2816 1216 est,
2858 1172 2875 1203 ι
2915 1153 3108 1224 inquit.

361 1251 462 1306 κε’.
493 1254 604 1304 Καὶ
636 1253 800 1307 πάλιν
830 1254 888 1307 ἐν
915 1255 1089 1326 ἑτέρῳ
1108 1256 1253 1326 λόγῳ
1273 1256 1401 1310 τάδε
1443 1255 1726 1319 διέξεισιν,
1781 1257 1864 1308 ὃτι

293 1360 313 1395 ι
338 1343 562 1406 Πάντως
586 1345 771 1413 ἐροῦσι
791 1363 906 1415 μοι,
926 1347 1006 1399 ὅτι
1024 1349 1485 1418 Δαιμονιςόμενος
1508 1344 1578 1408 εἴ,
1606 1348 1782 1414 λέγων
1801 1349 1865 1399 ὲκ

288 1434 424 1487 Θεοῦ
456 1435 717 1501 δέξασθαι
756 1438 953 1494 ταῦτα.
996 1440 1058 1490 Ei
1091 1439 1199 1509 γὰρ
1227 1435 1367 1510 ἦσαν
1397 1439 1597 1509 ἀληθῆ,
1633 1439 1864 1506 ἄγγελος

285 1524 352 1578 ἂν
379 1527 765 1596 κατήγγειλεν.
804 1529 1045 1590 »Αἰτίοις
1117 1530 1174 1582 δὲ
1242 1529 1428 1598 τίθησι
1487 1530 1582 1582 τοῦ
1657 1529 1863 1598 μηδένα

285 1617 595 1685 καταϐῆναι
645 1617 898 1684 ἄγγελον,
956 1618 1053 1670 καί
1111 1636 1301 1687 φησιν,
1369 1621 1453 1672 ὅτι
1494 1637 1513 1670 ‹
1551 1618 1670 1670 Εἰσί
1720 1634 1865 1679 τινες

269 1695 351 1778 ξδι’
384 1708 477 1770 οὒς
536 1709 698 1762 τοῦτο
755 1709 1070 1763 κωλύεται·
1136 1713 1227 1762 καὶ
1280 1712 1384 1776 ὅτι,
1439 1712 1548 1764 τῶν
1613 1711 1864 1778 ἀγγέλων

2043 1253 2134 1310 25.
2169 1258 2236 1311 Et
2266 1260 2460 1313 iterum
2487 1261 2540 1314 in
2573 1262 2682 1316 alio
2711 1278 2962 1318 sermone
2987 1265 3101 1319 bazc
3135 1273 3353 1318 narrat:
3385 1283 3402 1315 ι
3423 1262 3552 1318 0m-

1975 1353 2104 1404 uino
2139 1350 2298 1404 tnihi‘
2337 1352 2617 1422 objicient,
2641 1370 2730 1408 me
2777 1356 3020 1409 daemone
3067 1357 3402 1426 exagitatum
3442 1357 3554 1408 dic-

1972 1443 2131 1497 titare
2187 1444 2356 1498 Deum
2413 1445 2524 1499 haec
2578 1445 2709 1499 mibi
2769 1446 3076 1498 tradidisse.
3109 1445 3166 1499 Si
3194 1474 3211 1502 ξι,
3233 1447 3376 1500 enim
3436 1447 3552 1498 haec

1970 1545 2153 1588 essent
2193 1551 2340 1600 vera,
2374 1537 2596 1603 angelus
2626 1537 2830 1606 aliquis
2882 1539 2995 1591 haec
3041 1539 3175 1590 mibi
3229 1538 3550 1591 annumin;-

1986 1632 2088 1677 εει.
2137 1641 2156 1674 ›
2191 1623 2419 1693 Exponit
2451 1625 2613 1678 etiam
2643 1640 2837 1680 causas
2872 1641 2972 1677 cur
3003 1625 3181 1698 nullus
3231 1625 3546 1693 angelorum

1971 1717 2280 1783 descendat,
2319 1728 2371 1772 et
2391 1719 2500 1772 ait:
2531 1737 2548 1770 ι
2577 1719 2707 1773 Esse
2728 1719 2938 1788 aliquos
2962 1735 3056 1786 per
3078 1734 3211 1787 quos
3237 1720 3338 1774 hoc
3373 1720 3547 1788 ipsum

286 1800 685 1862 κατελθόντων,
716 1801 778 1854 τὸ
810 1801 932 1854 ὅλον
966 1803 1237 1872 ἤνυσταιο
1280 1803 1377 1857 καὶ
1424 1803 1508 1867 τίς
1556 1803 1716 1873 χάρις
1750 1804 1864 1864 τοῖς

1981 1810 2294 1879 impediatur
2324 1828 2338 1864 :
2375 1812 2588 1880 etquod
2618 1811 2823 1882 angelis
2853 1810 3305 1867 descendentibus
3326 1811 3548 1864 univer-

284 1892 598 1962 ἀνθρώποις
624 1911 637 1960 ς
665 1910 684 1946 ›
731 1891 898 1946 Ἀλλά
916 1896 1023 1962 μὴν
1048 1895 1322 1965 πρόφασις
1337 1893 1494 1947 τοῦτο
1510 1895 1608 1959 τῆς
1631 1894 1867 1960 ἀπορίας

284 1987 378 2038 καὶ
424 1987 525 2054 τῆς
579 1986 875 2050 ἀσθενείας
932 2003 1052 2040 σου.
1123 1987 1398 2049 Πολλάκις
1456 1987 1566 2056 γὰρ
1637 1986 1867 2054 ἄγγελοι

287 2079 564 2146 κατῆλθον
614 2080 696 2140 εἰς
749 2078 849 2149 τὴν
905 2080 1033 2146 γῆν,
1101 2079 1305 2148 μᾶλλον
1365 2079 1420 2132 δὲ
1473 2079 1592 2132 καθ’
1625 2080 1864 2149 ἑκάστην

289 2171 741 2238 καταϐαίνουσιν,
799 2176 880 2235 εἰς
911 2171 1192 2226 διακονίαν
1240 2172 1702 2241 ἀποστελλόμενοι
1755 2173 1865 2226 τῶν

287 2264 639 2334 σωζομένων.

360 2563 484 2622 κς’.
515 2557 735 2612 Ὀποῖον
764 2557 821 2612 δὲ
845 2557 941 2612 καὶ
961 2557 1020 2611 τὸ
1038 2559 1264 2628 σημεῖον
1289 2558 1385 2612 καὶ
1417 2559 1448 2627 ἡ
1473 2555 1748 2622 ἀπόδειξις
1766 2559 1866 2627 τῆς

288 2651 594 2721 ἀποστολῆς
625 2650 792 2706 αὐτοῦ
822 2669 836 2718 ;
868 2669 888 2702 ι
925 2649 1091 2704 Ἴδετε
1115 2651 1243 2720 γὰρ,
1278 2668 1297 2699 ι
1324 2650 1480 2718 φησι,
1513 2668 1532 2700 ι
1570 2650 1670 2712 τὰς
1697 2651 1857 2703 ἀστε-

292 2743 563 2813 ροτοξίας,
601 2744 846 2814 ὁπηνίκα
875 2742 1160 2798 ἀναϐαίνει
1190 2745 1216 2794 ὀ
1241 2743 1510 2808 Σατανᾶς,

289 2836 415 2889 σθαι
472 2835 737 2890 θέλωντά
783 2838 840 2888 ὲν
889 2834 1108 2905 οὐρανῷ
1155 2834 1465 2903 λαλούμενα
1496 2851 1510 2865 ·
1563 2835 1650 2889 διὰ
1701 2835 1865 2888 τοῦτο

287 2916 644 2994 πιστεύσατε,
676 2931 760 2982 ὅτι
804 2928 1109 2991 ἀπόστολός
1145 2929 1286 2995 ειμι.
1320 2928 1518 2990 Ἀλλος
1569 2929 1676 2996 γὰρ
1704 2927 1865 2981 τοῦτο

285 3020 394 3092 πρὸ
420 3021 554 3092 ἐμοῦ
576 3021 677 3074 οὐκ
710 3020 984 3086 ἐδίδαξεν.
1027 3039 1046 3073 ι
1084 3022 1294 3082 Ὄντως
1311 3020 1490 3082 οὐδεὶς
1514 3020 1677 3084 ἄλλος
1703 3019 1866 3074 τοῦτο

285 3114 493 3179 ἐδίδαξε
515 3129 528 3142 °
566 3114 698 3167 διότι
721 3113 990 3183 πρόδηλόν
1016 3115 1132 3166 ἐστι
1167 3113 1384 3182 ψεῦδος.
1423 3116 1536 3167 Οὐκ
1563 3116 1872 3186 ἀστεροτο-

1590 2744 1871 2813 ἀκροάσα-

1973 1915 2092 1956 sum
2116 1899 2220 1954 boc
2258 1915 2356 1968 per
2389 1915 2484 1955 eos
2517 1910 2956 1955 consummatum
3013 1911 3178 1967 esset,
3225 1909 3278 1955 ct
3303 1910 3553 1968 quantum

1979 1993 2150 2062 gratia
2186 1992 2494 2047 hominibus
2522 1992 2731 2047 fuerit?
2769 2011 2788 2046 ι
2825 1994 2986 2062 Atqui
3022 1994 3133 2047 haec
3169 1991 3344 2046 oratio
3398 1990 3553 2044 fucus

1980 2095 2031 2141 et
2065 2093 2355 2154 praetextus
2385 2095 2467 2140 est
2523 2086 2762 2155 perplexi
2826 2088 2990 2140 animi
3047 2087 3146 2146 tui,
3201 2094 3257 2138 et
3325 2083 3554 2138 inscitia:

1977 2184 2140 2246 atque
2175 2175 2561 2232 imbecillitatis
2590 2188 2714 2231 tute.
2754 2177 3137 2245 Saepenumero
3183 2177 3328 2229 enim
3376 2173 3580 2241 :tttgcli_

1977 2271 2030 2324 in
2057 2278 2251 2323 terram
2284 2269 2676 2324 descenderunt
2707 2286 2722 2327 ;
2755 2269 2861 2322 imo
2909 2267 3153 2337 quotidie
3195 2268 3548 2329 descendunt,

1977 2378 2099 2417 cum
2151 2362 2437 2417 tuittuntur
2496 2363 2562 2418 ad
2619 2361 2978 2417 ministerium
3028 2375 3214 2415 eorum
3275 2359 3368 2428 qui
3425 2367 3552 2412 sunt

1976 2456 2246 2510 servandi.

2047 2571 2138 2625 26.
2172 2571 2454 2638 Quodnam
2479 2587 2606 2644 ergo
2630 2574 2837 2642 signum
2857 2581 2909 2627 et
2928 2570 3316 2627 demonstratio
3339 2578 3552 2636 aposto-

1973 2663 2114 2717 latus
2139 2663 2298 2732 ejus?
2331 2682 2349 2715 ι
2382 2662 2697 2726 Obsorvate,
2725 2665 2819 2731 ait,
2846 2664 3229 2734 ejaculationes
3254 2671 3549 2722 astrorum,

1978 2755 2195 2821 quando
2236 2755 2466 2809 Satanas
2516 2757 2761 2810 ascendit
2817 2756 2884 2809 ad
2938 2753 3261 2808 audiendum
3310 2766 3373 2805 ea
3425 2767 3550 2818 quae

1979 2847 2031 2898 in
2064 2847 2202 2898 coelo
2245 2846 2499 2899 dicuntur
2561 2863 2574 2898 :
2631 2857 2792 2915 atque
2831 2845 2899 2900 ob
2961 2845 3010 2898 id
3052 2843 3255 2898 credite
3287 2855 3374 2894 me
3429 2854 3550 2894 esse

1980 2935 2314 3004 apostolum,
2349 2937 2486 2992 alius
2531 2937 2672 2991 enim
2733 2950 2858 2991 ante
2919 2951 3005 2990 me
3074 2936 3171 2989 hoc
3227 2931 3405 2986 nullus
3449 2933 3547 2983 do-

1982 3031 2112 3084 cuit.
2158 3047 2176 3081 t
2233 3032 2249 3098 (
2290 3027 2453 3093 Sane,
2518 3029 2698 3084 nullus
2734 3029 2872 3083 alius
2921 3028 3022 3082 hoc
3057 3025 3244 3082 docuit
3297 3022 3545 3090 ideoque)

1983 3121 2330 3177 manifestum
2385 3129 2467 3176 est
2538 3121 2934 3188 mendacium;
3019 3133 3194 3188 neque
3248 3119 3392 3173 enim
3443 3116 3546 3169 ista

286 3207 395 3272 ξίαι
423 3206 534 3276 γάρ
565 3205 766 3272 ταῦτα,
801 3205 986 3269 καθὼς
1020 3207 1186 3269 αὑτός
1219 3224 1374 3276 φησι,
1430 3207 1571 3260 κατά
1600 3183 1718 3262 τοῦ*
1747 3209 1868 3262 δαί-

1981 3221 2103 3266 sunt
2135 3211 2414 3266 stellarum
2441 3211 2783 3281 saginatum
2808 3226 2950 3279 quae,
3009 3219 3066 3263 ut
3091 3221 3096 3228 ‘
3124 3209 3238 3277 ipse
3268 3208 3365 3272 ait,
3411 3220 3546 3259 cou-

289 3315 448 3368 μονος
523 3298 968 3366 ἐκπεμπόμενα·
1027 3296 1145 3349 ἀλλ’
1204 3298 1697 3370 ἀποσπινθηρίσεις
1751 3301 1861 3352 τῶν

285 3393 553 3462 ἀστέρων.
590 3391 864 3451 Ἕκαστος
893 3390 1002 3457 γὰρ
1035 3388 1213 3460 ἀστὴρ
1255 3388 1368 3458 πῦρ
1418 3391 1556 3452 ἐστι,
1590 3391 1684 3442 καὶ
1719 3393 1859 3444 κατά

282 3483 381 3555 τὴν
408 3485 502 3536 τοῦ
533 3482 704 3552 πυρὸς
763 3481 929 3551 φύσιν
970 3481 1370 3552 ὲκπυρηνίσεις
1407 3481 1712 3550 ἐκπέμπει.

356 3595 525 3650 Πάλιν
558 3596 738 3666 ἑαυτῷ
769 3597 1205 3659 κατασκευάζων
1245 3596 1304 3648 τὸ
1334 3596 1674 3660 ἀξιόπιστον,
1711 3597 1860 3650 εἰσά-

285 3705 373 3756 γει
420 3689 512 3741 τὸν
551 3687 687 3741 Θεὸν
743 3688 1128 3758 μαρτυροῦντα
1174 3687 1303 3756 περὶ
1337 3689 1532 3740 ἑαυτοῦ
1567 3690 1664 3741 καὶ
1690 3687 1858 3759 ὀμνύ-

285 3796 432 3843 οντα,
457 3779 549 3832 καὶ
576 3777 832 3845 λέγονται
870 3799 888 3829 ‹
919 3777 1012 3831 Μὰ
1032 3778 1092 3830 τὸ
1125 3778 1325 3847 ἄστρον
1359 3781 1419 3832 τὸ
1439 3781 1721 3850 δυόμενον,
1754 3782 1854 3834 οὐκ

285 3871 564 3941 ἐπλανήθη
587 3873 614 3924 ὁ
642 3871 858 3941 ἑταῖρος
891 3869 1067 3939 ὑμῶν,
1112 3859 1260 3923 οὖδὲ¹
1294 3870 1572 3942 ἠνόμησε,
1635 3874 1728 3927 καὶ
1761 3876 1860 3927 οὐκ

285 3963 589 4032 ἐφθέγξατο
625 3965 687 4016 ὲκ
733 3963 1080 4033 θελήματος*
1135 3965 1235 4016 οὐκ
1281 3965 1431 4016 ἔστιν
1479 3967 1628 4036 αὐτῷ
1683 3971 1731 4021 εί
1783 3970 1858 4039 μὴ

283 4056 631 4124 ἀποκάλυψις
693 4054 1174 4124 ἀποκαλυφθείσα,
1246 4057 1313 4123 ἢν
1363 4057 1565 4120 ἔδειξεν
1625 4061 1772 4130 αὑτῷ
1831 4063 1859 4113 ὁ

288 4148 504 4220 ἰσχυρὸς
553 4151 632 4212 εἰς
657 4146 911 4218 δύναμιν,
965 4147 993 4198 ὁ
1039 4145 1384 4216 ἀθεώρητος.
1433 4167 1452 4199 ι
1502 4148 1663 4201 Ἀ).λά
1727 4155 1857 4221 μὴν,

286 4243 475 4310 ὥσπερ
505 4241 567 4292 τὸ
598 4241 691 4294 τὸν
737 4241 870 4294 Θεὸν
927 4239 1128 4309 ὀμόσαι
1159 4240 1298 4293 κατά
1351 4242 1582 4310 ἀστέρος
1637 4243 1854 4310 ψευδὲς,

283 4335 426 4387 οὕτω
452 4335 516 4406 δὴ
543 4335 637 4387 καὶ
663 4335 760 4388 ὅσα
784 4332 1148 4404 ἀπεκαλύφθη
1187 4332 1266 4402 τῷ
1295 4333 1542 4404 Μωάμεθ
1569 4335 1736 4406 ψευδῆ
1765 4339 1858 4391 καὶ

283 4426 635 4496 δαιμονιώδη.

353 4627 490 4695 Φησὶ
526 4627 904 4698 προφητεῦσαι
951 4628 1160 4700 Ἰησοῦν
1185 4632 1274 4684 τὸν
1305 4633 1434 4684 Υἰὸν
1481 4633 1701 4703 Μαρίας
1736 4633 1863 4702 περὶ

284 4718 503 4782 ἑαυτοῦ,
534 4719 795 4772 είπόντω
841 4739 858 4772 ι
910 4720 1052 4790 Ἐγὼ
1103 4723 1402 4787 ἀπόστολός
1451 4725 1567 4793 εἰμι
1600 4724 1694 4776 τοῦ
1723 4724 1859 4777 Θεοῦ

286 4811 426 4879 πρὸς
454 4811 619 4880 ὑμᾶς,
658 4810 1006 4880 ἀληθοποιῶν
1054 4811 1123 4864 τὰ
1157 4813 1471 4883 ἔμπροσθέν
1509 4833 1607 4882 μου
1657 4813 1726 4866 τά
1764 4813 1857 4865 τοῦ

281 4903 470 4970 νόμου,
529 4904 622 4956 καὶ
671 4905 1164 4974 εὐαγγελιζόμενος
1203 4905 1506 4958 ἀπόστολον
1558 4905 1859 4976 ἐρχόμενον

285 4996 400 5066 μετ’
435 4999 534 5066 ὲμέ
563 5013 577 5027 ο
607 4997 780 5066 ὄνομα
824 4998 973 5066 αὐτῷ
1023 4997 1294 5066 Μωάμεθ.
1325 5017 1344 5050 ι
1381 4998 1494 5050 Καὶ
1544 4997 1648 5050 ποῦ
1689 5001 1852 5051 τοῦτο

283 5091 695 5160 προεφήτευσεν
734 5093 761 5142 ὁ
797 5091 1056 5159 Χριστὸς,
1089 5092 1120 5161 ἢ
1170 5092 1228 5142 ἑν
1275 5091 1407 5161 ποία
1445 5094 1632 5161 γραφῇ
1665 5108 1678 5152 ;
1718 5091 1859 5145 [ἰάν-

280 5200 389 5246 τως
414 5183 520 5254 γὰρ
547 5183 673 5245 τοὺς
701 5182 793 5234 τοῦ
829 5183 1069 5249 Χριστοῦ
1121 5183 1333 5248 λόγους,
1374 5183 1695 5252 ὁπηδήποτε
1754 5201 1862 5236 κει.

285 5277 503 5346 μένους,
563 5279 644 5338 εἰς
699 5275 987 5345 ἀκρίῦειαν
1043 5276 1361 5328 ἐπίστασθε.
1418 5279 1626 5343 Ἤγουν
1684 5275 1859 5343 δειξάα

283 5385 459 5421 τωσαν
481 5369 532 5419 οἱ
558 5367 654 5420 τοῦ
685 5367 934 5436 Μωάμεθ
990 5369 1234 5438 μαθηταὶ
1283 5372 1686 5442 γεγραμμένην
1753 5389 1855 5424 που

281 5458 784 5512 τῶνθεοπνεύστων
835 5457 1066 5527 Γραφῶν
1121 5459 1332 5530 ταύτην
1412 5462 1510 5532 τὴν
1583 5463 1712 5530 περῖ⁵
1761 5461 1854 5513 τοῦ

283 5551 529 5620 Μωάμεθ
577 5551 926 5621 πρόρῤησινο
980 5553 1012 5622 ἢ
1073 5553 1262 5619 σαφῶς
1323 5557 1557 5607 ἴστωσαν
1608 5554 1688 5605 ὅτι
1763 5554 1856 5605 καὶ

280 5643 440 5696 τοῦτο
466 5641 684 5712 ψεῦδος,
730 5642 919 5716 ὥσπερ
947 5644 1012 5715 δὴ
1043 5645 1137 5700 καὶ
1164 5646 1332 5699 τᾶλλα
1373 5647 1481 5701 τῶν
1511 5647 1855 5717 διδαγμάτων

283 5752 474 5789 αυτοῦ.

361 5829 466 5892 κζ’.
494 5830 564 5882 Τὸ
583 5831 876 5885 ἑκατοστὸν
911 5831 1213 5886 δωδέκατον
1251 5831 1519 5902 μυθάριον
1552 5834 1852 5904 ἐπιγέγραα

1980 3314 2060 3356 tra
2087 3305 2382 3357 daemonem
2411 3304 2758 3367 emittuntur,
2786 3303 2881 3358 sed
2918 3300 3334 3357 scintillationes
3359 3314 3387 3352 a
3414 3297 3549 3352 stel-

1975 3394 2044 3450 lis
2069 3395 2304 3450 cmissze.
2342 3395 2774 3464 Unumquodque
2803 3394 2946 3448 enim
2999 3401 3208 3447 astrum
3260 3390 3400 3458 ignis
3442 3398 3547 3454 est,

1974 3494 2028 3540 et
2057 3500 2155 3554 pro
2183 3496 2378 3541 natura
2408 3488 2545 3556 ignis
2575 3488 2840 3542 scintillas
2863 3485 3080 3539 emittit.

2045 3603 2244 3656 Iterum
2307 3601 2519 3654 laudent
2587 3600 2960 3654 auctoritatem
3020 3610 3074 3653 et
3121 3598 3280 3653 [idem
3334 3599 3546 3676 sibia-

1976 3702 2188 3748 struere
2235 3691 2447 3756 nititur,
2478 3706 2598 3746 cum
2647 3691 2938 3745 introducit
2963 3692 3129 3744 Deum
3168 3689 3543 3744 testiﬁcantom

1975 3787 2038 3841 de
2069 3786 2270 3855 seipso,
2321 3785 2704 3853 jurantcmque
2757 3797 2821 3837 ac
2873 3781 3140 3836 dicentem
3184 3798 3197 3833 :
3243 3799 3261 3832 ι
3303 3778 3396 3833 Nae
3443 3793 3537 3847 per

1973 3887 2176 3932 astrum
2234 3877 2374 3944 quod
2442 3875 2659 3941 occidit,
2697 3875 2881 3930 socius
2938 3887 3124 3928 vester
3195 3890 3297 3928 non
3354 3882 3436 3927 est
3491 3873 3543 3925 in

1973 3984 2210 4024 errorem
2244 3968 2544 4033 inductus;
2611 3983 2787 4036 neque
2831 3968 3018 4036 inique
3047 3967 3176 4036 egit,
3224 3981 3396 4034 neque
3450 3980 3546 4033 pro

1975 4078 2074 4117 suo
2122 4063 2385 4116 arbitratu
2437 4061 2648 4114 locutus
2673 4067 2757 4114 est
2787 4077 2802 4126 ;
2833 4073 3005 4128 neque
3039 4071 3122 4113 est
3159 4057 3399 4112 doctrina
3428 4058 3544 4124 ejus

1975 4157 2118 4210 aliud
2149 4173 2308 4225 quam
2345 4154 2602 4208 revelatio
2639 4153 2742 4222 ipsi
2785 4135 3020 4208 revelata
3052 4168 3066 4217 ;
3099 4166 3260 4220 quam
3307 4149 3544 4205 ostendit

1975 4250 2022 4304 ei
2055 4247 2212 4302 fortis
2247 4247 2334 4299 ille
2371 4244 2580 4300 viribus
2611 4252 2665 4301 et
2699 4246 3004 4300 invisrbilis.
3037 4262 3056 4294 ι
3106 4243 3210 4298 Sed
3261 4251 3319 4296 ut
3381 4241 3544 4294 Deum

1971 4341 2160 4405 jurare
2206 4353 2300 4407 per
2363 4337 2599 4402 stellam,
2661 4345 2744 4390 est
2809 4336 3170 4399 mendacium,
3246 4335 3326 4387 sic
3383 4332 3542 4385 etiam

1977 4442 2313 4498 quacunque
2369 4427 2637 4495 patefacta
2688 4435 2812 4482 sunt
2845 4423 3164 4488 Moametlto,
3227 4421 3359 4476 falsa
3421 4434 3547 4478 sunt

1887 4547 1941 4606 Π
1976 4531 2029 4575 et
2063 4520 2352 4574 diabolica.

2045 4634 2253 4698 Tradit,
2286 4633 2473 4688 Jesum
2515 4633 2694 4688 Mariae
2761 4631 2960 4687 Filium
3019 4633 3334 4702 pradixisse
3377 4631 3442 4685 de
3489 4645 3548 4684 se

1971 4727 2056 4783 bis
2098 4727 2278 4782 verbis
2321 4743 2336 4780 :
2377 4743 2396 4777 ι
2447 4723 2558 4795 Ego
2624 4741 2742 4780 sum
2794 4724 2887 4779 Dei
2941 4725 3220 4794 apostolus
3264 4734 3389 4777 ante
3426 4737 3545 4786 vos.

1971 4821 2199 4891 impleas
2227 4837 2287 4876 ea
2315 4835 2434 4891 qua:
2505 4827 2632 4874 ante
2679 4835 2762 4874 me
2788 4821 2841 4872 in
2901 4817 3017 4888 lege
3066 4818 3322 4886 praedicta
3377 4818 3544 4873 fuere.

1968 4914 2036 4969 Et
2075 4915 2340 4966 annuntio
2384 4913 2539 4967 vobis
2570 4912 2877 4981 apostolum
2933 4921 3224 4966 venturum
3265 4920 3384 4980 post
3435 4927 3545 4972 me,

1970 5006 2056 5059 cui
2093 5018 2291 5059 nomen
2322 5003 2619 5056 Moametb.
2677 5024 2705 5050 ιι
2753 5001 3167 5058 Ubinam.vero
3231 5003 3331 5056 hoc
3389 5000 3546 5055 Chri-

1969 5107 2084 5152 stus
2125 5097 2420 5167 praedixit?
2470 5103 2564 5150 aut
2591 5095 2646 5149 in
2675 5110 2910 5164 quanant
2954 5096 3271 5164 scriptura?
3307 5093 3541 5148 Omnino
3603 5083 3638 5174 ’-

1967 5193 2108 5249 enim
2182 5193 2381 5248 Cbristi
2435 5192 2676 5257 oracula,
2739 5192 3047 5261 ubicunque
3110 5191 3328 5245 tandem
3415 5202 3545 5245 sunt
3599 5173 3602 5176 ’

1967 5286 2193 5355 scripta,
2255 5295 2507 5340 accurate
2568 5286 2781 5339 tenetis.
2855 5285 2958 5336 Aut
3049 5284 3210 5352 igitur
3293 5283 3539 5352 discipuli

1968 5377 2232 5432 Moamedi
2273 5379 2652 5431 demonstrent
2683 5377 2826 5430 hanc
2855 5377 2920 5430 de
2975 5375 3286 5430 Moametlto
3313 5376 3539 5444 praedii:-

1967 5471 2165 5524 tionem
2228 5470 2280 5522 in
2342 5467 2521 5538 aliqua
2576 5476 2728 5535 parte
2806 5466 3064 5521 divinitus
3141 5467 3535 5535 iuspiratarum

1966 5561 2372 5632 Scripturarum
2402 5561 2756 5629 perscriptum
2803 5573 2928 5614 esse
2963 5573 2976 5608 :
3006 5568 3098 5613 aut
3134 5557 3339 5627 liquido
3361 5558 3539 5612 sciant

1963 5667 2082 5708 esse
2109 5655 2276 5709 etiam
2326 5653 2429 5707 hoc
2491 5652 2854 5719 mendacium,
2913 5651 3369 5723 quemadmodum
3429 5651 3582 5702 aliae

1963 5745 2134 5812 ipsius
2169 5744 2444 5812 dogmata.

2030 5837 2122 5892 27.
2160 5837 2466 5896 Centesima
2500 5834 2818 5893 duodecima
2873 5834 3066 5891 fabella
3123 5834 3533 5903 inscriptionem
