3960 6556
333 444 472 511 1361
1525 444 1846 505 PANOPL]
1860 445 1903 502 A
1947 442 2405 505 DOGMATICA.
3445 445 3587 510 1362

655 620 803 683 1133c
836 619 897 680 iu
934 620 1055 682 ﬁne
1095 617 1389 682 editionis
1420 615 1946 698 Tergobystensis
1978 614 2271 695 leguntur
2302 639 2319 679 :

1224 792 1407 863 Ἀλγεί
1440 790 1697 859 ἀλάστωρ
1727 789 2114 861 αἱρετιζόντων
2151 788 2366 861 βλέπων

1220 885 1389 958 Τύπῳ
1422 886 1675 952 δοθείσας
1702 887 1804 950 τὰς
1841 885 2087 959 πονηρὰς
2119 885 2361 956 αἱρέσεις

1214 978 1389 1032 Αὑτοῦ
1411 995 1469 1031 τε
1502 979 1720 1033 καύτῶν
1753 979 1891 1050 πρὸς
1926 977 2194 1048 Θρίαμϐον
2220 979 2315 1032 καὶ
2350 976 2567 1045 στύγος,

1216 1073 1678 1143 Κατατρεχούσηι,
1710 1074 1880 1128 τῶνδε
1914 1073 2018 1144 τῆς
2039 1072 2352 1134 Πανοπλίας

1217 1167 1329 1235 Τῆς
1351 1166 1690 1236 δογματικῆς
1718 1168 1951 1239 πυρίνου
1985 1165 2203 1236 σπάθης
2232 1165 2390 1237 δίκην

1228 1260 1467 1327 Ἀλεξίου
1503 1262 1740 1327 ἄνακτος
1764 1260 2185 1326 εὐσεϐεστάτου,

1212 1354 1322 1409 Καὶ
1355 1353 1743 1427 πυρπολούσης
1767 1355 2056 1426 δογμάτων
2084 1354 2196 1409 τῶν
2215 1351 2456 1408 δυσθέων

1224 1450 1406 1502 "Amm
1441 1448 1641 1519 νόημα,
1683 1449 1777 1502 καὶ
1805 1448 2019 1519 πλάνην
2053 1448 2388 1504 λαοπλάνων.

1224 1545 1289 1594 Ἀ
1324 1542 1430 1613 γάρ
1461 1540 1693 1612 Τριάδος
1719 1543 1769 1596 οἱ
1805 1543 2115 1615 ὑπέρμαχοι
2146 1543 2316 1613 πόνῳ,

1220 1635 1313 1697 Εἰς
1344 1635 1443 1707 τὴν
1479 1636 1687 1706 Τριάδα
1716 1636 2040 1700 ἐλπίσαντες
2069 1636 2337 1701 ἐκτόπως,

1232 1732 1656 1802 Ἐξειργάσαντο
1686 1731 1827 1786 Πνεύ
1836 1748 2008 1803 ματος
2032 1733 2311 1807 δᾳδουχίᾳ,

1222 1825 1493 1897 Κράντωρ
1524 1829 1553 1880 ὁ
1588 1826 1732 1893 θεῖος
1758 1827 1932 1882 ταῦτα
1963 1827 2229 1893 συλλέξας
2262 1827 2434 1900 πόθῳ,

1209 1919 1321 1971 Καὶ
1349 1918 1413 1989 δὴ
1442 1918 1761 1989 προτρέψας
1795 1920 2085 1993 Ζιγαδηνῷ
2116 1921 2382 1992 ἁρμόσαι,

1191 2005 1301 2064 Ἶιν
1329 2012 1703 2083 Μητροφάνης
1728 2012 1825 2067 νῦν
1854 2012 2010 2085 τύπῳ
2038 2015 2317 2085 διορθόων,

1196 2104 1391 2175 Χαίρει
1429 2121 1489 2159 τε
1524 2104 1682 2175 θυμῷ
1710 2104 1850 2175 φθὰς
1883 2106 1944 2159 τὸ
1974 2106 2074 2176 τῆς
2103 2107 2288 2178 βίϐλου
2322 2107 2496 2171 τέλος.

1125 2264 1214 2320 Ἐν
1241 2263 1353 2318 ἔτει
1383 2261 1725 2333 Σωτηριώδει
1752 2260 1899 2331 mw,
1943 2262 2378 2335 Σκιροφοριῶνος
2411 2262 2457 2335 β’
2492 2262 2805 2334 μεσοῦντος.

1305 2427 1364 2483 '0
1398 2428 1681 2500 ἐλάχιστος
1708 2427 1818 2481 τῶν
1852 2429 2227 2501 ἱερομονάχων
2249 2427 2625 2503 Μητροφάνης

1592 2527 1884 2599 Γρηγορᾶς
1909 2528 1939 2580 ὁ
1964 2529 2029 2583 ὲκ
2058 2528 2346 2601 Δωδώνης.
