4130 6408
500 384 566 447 15
1731 370 2115 434 EUTHYMII
2154 366 2515 431 ZIGABENI
3680 366 3745 429 16

563 498 638 551 Τὸ
664 495 876 550 τοιοῦτο
903 489 1190 565 τοιγαροῦν
1213 490 1311 546 καὶ
1333 487 1623 561 τηλικοῦτο
1648 488 1747 558 τῆς
1780 488 2058 551 εὐσεϐείας
2079 488 2362 559 κειμήλιον
2384 488 2491 542 τίνι
2521 485 2567 540 δ’
2592 484 2658 540 ἀν
2680 484 2853 559 ἐτέρῳ
2877 486 3340 558 προσφωνήσαιμι
3367 485 3708 557 δικαιότερον
3733 527 3747 547 .

497 585 935 655 ἐκλαμπρότατε,
967 584 1062 635 καὶ
1090 578 1665 652 μεγαλεπιφανέστατε
1696 576 1854 647 κύριε
1885 577 2124 645 Στέφανε
2154 576 2590 648 Μπραγκοϐἄνε,
2613 576 2822 645 πατρὸς
2845 575 3053 644 ἀγαθοῦ
3084 576 3320 647 χρηστὸν
3350 576 3620 645 γέννημα,
3653 577 3748 627 καὶ

496 677 596 743 τῆς
639 671 850 726 ἐκείνου
893 672 1093 741 ἀρετῆς
1126 669 1221 722 καὶ
1248 666 1616 737 χρηστότητος
1646 666 1944 734 ἐκμαγεῖον
1965 704 1981 729 ,
2014 663 2111 716 καλ⁵
2138 664 2362 735 γνήσιον
2393 662 2827 733 ἀποσφράγισμα
2847 703 2863 729 ,
2892 662 3017 733 ῆτῇ
3049 666 3114 734 σῇ
3147 662 3587 733 ὲκλαμπρότητι,
3621 662 3746 731 ἣτις

497 762 686 815 πᾶσαν
723 758 824 829 μὲν
868 757 967 828 τὴν
998 756 1103 823 ἔξω
1144 754 1531 825 λαμπρότητα,
1569 752 1669 824 τὴν
1713 752 1822 806 ἀπὸ
1849 751 1945 804 τοῦ
1982 752 2309 806 θεοστέπτου
2354 750 2591 820 κράτους
2632 749 2726 803 τοῦ
2758 749 3214 820 ἐκλαμπροτάτου
3251 750 3346 804 καὶ
3377 748 3746 819 γαληνοτάτου

414 895 427 908 ,
498 848 709 919 πατρός
743 863 839 899 σου
875 846 1068 916 κυρίου
1106 842 1298 914 κυρίου
1348 841 1593 895 Ἰωάννου
1630 839 2045 895 Κωνσταντίνου
2079 839 2413 910 Βασσαράϐα
2446 836 2671 891 ϐοεϐόδα
2715 840 2810 891 καὶ
2875 838 3146 908 ἡγεμόνος
3190 838 3373 909 πάσης
3401 838 3726 909 Οὐγγροϐλα

499 937 623 1006 χίας
652 932 1041 1004 ἐπιρῥέουσαν,
1070 930 1161 983 καὶ
1193 929 1442 997 ἀφθόνως
1472 927 1999 999 μετοχετευομένην,
2034 928 2228 999 μικρὸν
2260 928 2352 982 καὶ
2392 926 2616 989 ἀσθενὲς
2643 926 2780 995 πρός
2811 942 2876 992 γε
2905 926 3005 995 τὴν
3032 927 3347 996 ἀκροτάτην
3377 924 3623 990 εὐδοξίαν
3652 927 3752 978 σὺν

497 1024 576 1091 τῷ
613 1021 807 1089 ἀληθεῖ
840 1019 982 1089 λόγῳ
1016 1016 1338 1087 ἡγησαμένη
1360 1055 1375 1078 ,
1407 1017 1503 1068 καὶ
1536 1017 1647 1078 τοῖς
1675 1015 1930 1083 ἀγεννέσι
1957 1014 2158 1084 μᾶλλον
2184 1014 2429 1085 οίηθεῖσα
2449 1015 2750 1083 προσήκειν
2784 1012 3091 1083 ἀλλοτρίοις
3124 1014 3312 1075 καλοῖς
3345 1011 3750 1083 σεμνύνεσθαι,

500 1113 597 1165 καὶ
625 1108 829 1180 ἀπορίᾳ
856 1107 1075 1161 οἰκείων
1104 1106 1242 1176 πρὸς
1276 1104 1375 1175 τὴν
1402 1103 1511 1156 τῶν
1545 1104 1830 1174 Πατέρων,
1852 1103 1929 1169 ώς
1952 1103 2084 1175 πρὸς
2112 1103 2174 1156 τὸ
2199 1102 2373 1164 νόθον,
2408 1100 2505 1155 καὶ
2530 1101 2787 1171 τεχνητὸν
2816 1100 3039 1169 ἔρευθος
3071 1104 3127 1154 αί
3154 1099 3249 1154 τοῦ
3278 1101 3523 1169 ἐμφύτου
3552 1100 3752 1169 χηρεύ-

498 1214 681 1261 ουσαι,
724 1193 1093 1265 καταφεύγειν
1122 1192 1342 1263 ἀρετὴν,
1381 1192 1476 1245 καὶ
1506 1192 1866 1261 λαμπρότητα
1886 1229 1901 1254 ,
1946 1189 2120 1254 οὑτως
2150 1191 2351 1260 ἑαυτὴν
2380 1189 2674 1260 ἐξεπόνησε
2708 1191 2803 1243 καὶ
2859 1189 3191 1261 διεκόσμησε
3231 1189 3379 1260 πάσῃ
3416 1188 3517 1259 μὲν
3546 1188 3753 1258 ἀρετῆς

503 1286 640 1358 ἰδέᾳ,
669 1286 816 1355 πάσῃ
845 1282 899 1336 δὲ
920 1281 1140 1351 παιδείᾳ
1192 1281 1287 1333 καὶ
1307 1278 1407 1346 ζὼς
1437 1280 1713 1334 συνελόντι
1744 1281 1929 1345 πᾶσιν,
1956 1276 2039 1342 οἷς
2083 1279 2408 1347 κοσμεῖσθαι
2456 1279 2553 1331 καὶ
2575 1272 2657 1341 οἷς
2684 1280 2713 1331 ὀ
2741 1276 2949 1348 ἀληθὴς
2975 1276 3478 1347 χαρακτηρίζεσθαι
3507 1276 3755 1344 πέφυκεν

499 1374 821 1443 ἄνθρωπος,
849 1370 992 1423 ὥστε
1029 1368 1253 1437 ἄγαλμα
1287 1367 1353 1438 δή
1384 1385 1436 1420 τι
1465 1370 1567 1436 τῆς
1608 1366 1815 1437 ἀρετῆς
1845 1366 2110 1436 ἔμπνουν,
2142 1368 2239 1421 καὶ
2271 1366 2477 1437 ἀγαθοῦ
2515 1367 2717 1432 παντὸς
2748 1367 2944 1438 ἐμϐιον
2979 1368 3205 1438 ἄγαλμα
3240 1368 3555 1438 πρόκειται.
3609 1364 3754 1421 ’Δνθ’

500 1468 628 1519 ὅτου
658 1465 754 1517 καὶ
791 1463 853 1515 τὸ
882 1461 982 1532 μὲν
1002 1460 1177 1528 αὐτῆς
1213 1459 1375 1529 σῶμα
1404 1458 1456 1510 οί
1484 1456 1702 1518 Μυσίας
1740 1457 1857 1527 ὅροι
1883 1455 2299 1526 περιειλήφασι,
2329 1456 2390 1509 τὸ
2410 1455 2469 1509 δὲ
2494 1456 2596 1526 τῆς
2623 1457 2829 1527 ἀρετῆς
2885 1457 2980 1511 καὶ
3019 1455 3426 1523 καλοκαγαθίας
3460 1452 3617 1517 κλέος
3648 1470 3752 1505 πε-

506 1555 653 1624 ριθεῖ
685 1552 787 1623 τὴν
821 1551 910 1620 ὑφ’
956 1549 1110 1618 ἥλιον
1131 1588 1146 1613 ,
1178 1547 1277 1601 καὶ
1314 1546 1573 1616 περιηχεῖ
1599 1547 1713 1608 τοῖς
1744 1543 1990 1608 ἐπαίνοις
2018 1543 2116 1614 τῆς
2148 1547 2472 1618 σοφωτάτης
2511 1564 2606 1601 σου
2638 1548 3118 1619 ἐκλαμπρότητος.
3157 1549 3319 1612 Ἥτις
3356 1550 3415 1601 ἐν
3446 1546 3753 1619 τηλικαύτῃ

500 1640 734 1711 ἀφθονία
763 1638 870 1692 τῶν
899 1635 1026 1702 ἐξω,
1053 1636 1147 1689 καὶ
1178 1635 1404 1706 εὑρῥοίᾳ
1435 1636 1775 1705 πραγμάτων
1802 1632 1864 1685 οὐ
1895 1634 2149 1704 παρεῖδεν
2177 1634 2379 1705 ἐαυτὴν
2419 1635 2834 1707 ὑποσυρομένην
2863 1638 2941 1701 είς
2963 1636 3000 1691 ἀ
3036 1637 3283 1704 πέφυκεν
3315 1634 3565 1697 ἐλεεινῶς
3594 1634 3755 1703 ὑφέλ-

501 1745 621 1782 κειν
648 1725 947 1795 ἐξυϐρίζων
973 1725 1001 1776 ὁ
1028 1721 1280 1786 πλοῦτος,
1307 1720 1445 1774 ἀλλά
1474 1720 1706 1790 γενναίῳ
1754 1720 1850 1773 καὶ
1887 1719 2186 1792 ἐρῥωμένῳ
2206 1723 2516 1792 φρονήματι
2544 1723 2640 1795 ὅλη
2667 1722 2719 1792 γ’
2751 1723 3010 1795 ὑπεράνω
3034 1723 3134 1791 τῆς
3161 1721 3283 1775 κατ’
3318 1722 3481 1774 αὑτὸν
3508 1720 3630 1790 βίας
3659 1735 3756 1787 γε-

502 1814 708 1885 νομένη
728 1853 744 1877 ,
787 1814 867 1875 είς
896 1810 1090 1880 σκέψιν
1127 1810 1326 1878 ἑαυτὴν
1361 1809 1571 1876 καθῆκε
1593 1845 1610 1872 ,
1645 1807 1743 1860 καὶ
1776 1805 2183 1877 διηκριϐώσατο
2220 1810 2487 1881 νουνεχῶς
2515 1810 2657 1865 ἅττα
2697 1813 2928 1883 κοσμεῖν
2960 1807 3070 1865 οἶδε
3095 1811 3187 1865 τὸν
3225 1809 3536 1879 ἄνθρωπον.
3574 1807 3665 1860 Διὸ
3687 1807 3753 1876 δὴ

504 1901 729 1971 παιδείᾳ
754 1898 952 1954 σαυτὸν
985 1899 1050 1950 ἐκ
1083 1899 1206 1950 νέου
1234 1899 1301 1966 τῇ
1333 1894 1628 1964 ἐλευθερίῳ
1655 1892 1966 1960 ὑποϐαλὼν,
2003 1895 2189 1967 διττὴν
2220 1898 2430 1951 ἐκεῖθεν
2457 1899 2524 1969 τῇ
2560 1898 2761 1954 σαυτοῦ
2786 1899 2934 1970 ψυχῇ
2967 1899 3151 1969 πηγὴν
3181 1898 3515 1968 ἐφειλκύσω,
3544 1898 3658 1959 τοῖς
3689 1912 3751 1949 τε

506 1989 649 2045 κατὰ
674 1987 906 2058 θεωρίαν
929 1986 1023 2041 καὶ
1053 1986 1164 2048 τοῖς
1197 1984 1252 2037 ἐν
1280 1982 1477 2051 πράξει
1506 1981 1686 2044 καλῶς
1704 1981 2160 2053 ἐνησχολημένος.
2191 1986 2282 2038 Διὸ
2313 1987 2405 2040 καὶ
2436 1987 2745 2057 εὐδοκιμεῖς
2776 1987 2876 2057 μὲν
2906 1989 2964 2040 ἐν
2990 1987 3255 2057 συνεδρίῳ
3280 1989 3482 2055 σοφῶν,
3515 1979 3597 2048 οἷς
3624 2002 3753 2038 συν-

505 2075 853 2147 διημερεύειν
888 2076 983 2129 καὶ
1043 2071 1507 2144 συμπαννυχίζειν
1530 2069 1598 2125 τά
1626 2069 1855 2124 πλεῖστα
1877 2071 2072 2141 φιλεῖς,
2091 2073 2220 2127 ὅσου
2247 2074 2346 2143 τῆς
2378 2075 2516 2141 πρὸς
2546 2075 2872 2145 φιλοσοφίαν
2906 2073 3237 2138 οίκειώσεως
3269 2075 3467 2144 δεῖγμα
3500 2074 3754 2144 λαμπρό-

504 2181 686 2227 τατον,
712 2162 874 2217 ὁπότε
895 2163 1008 2225 τοῖς
1030 2161 1244 2229 ὁμοίοις
1272 2161 1487 2229 χαίρειν
1514 2159 1749 2212 ἕκαστον
1772 2161 1884 2222 τοῖς
1905 2162 2091 2229 σοφοῖς
2117 2165 2554 2233 γνωματεύεται,
2575 2162 2761 2227 αὑξεις
2785 2163 2841 2217 δὲ
2872 2163 2960 2216 διά
2986 2162 3184 2217 σαυτοῦ
3210 2163 3303 2217 τὸν
3326 2162 3626 2232 κατάλογον
3642 2164 3752 2216 τῶν

505 2252 647 2306 κατά
669 2250 767 2321 τὴν
793 2252 852 2305 ἐν
871 2248 1068 2322 πράξει
1088 2247 1294 2318 ἀρετὴν
1320 2245 1650 2315 εὐδοκίμων,
1675 2244 1995 2316 εὐαρίθμων
2014 2246 2156 2315 ἀγαν
2183 2252 2366 2320 φέρων
2390 2251 2460 2304 τά
2481 2249 2735 2319 δεύτερα,
2758 2251 2987 2314 καὶτοῖς
3014 2250 3360 2321 πρωτεύουσι
3389 2249 3509 2303 κατ’
3535 2250 3753 2317 ἐκείνην

503 2337 958 2410 διαμιλλώμενος,
997 2334 1141 2389 ὥστε
1182 2350 1251 2404 με
1282 2335 1382 2386 οὐκ
1412 2335 1491 2397 είς
1526 2333 1744 2404 μακράν
1771 2349 1829 2385 σε
1861 2334 2073 2398 πάντας
2099 2335 2256 2392 ἐᾶσαι
2289 2338 2524 2392 κατόπιν
2546 2342 2612 2411 τῇ
2652 2338 2785 2410 δόξῃ
2815 2339 2924 2393 τῶν
2956 2339 3409 2409 κατορθουμένων
3441 2337 3753 2410 θαρῥεῦντα

506 2426 903 2492 διατείνεσθαι,
937 2425 1050 2494 εῐγε
1079 2424 1149 2477 τά
1178 2423 1464 2492 φθάσαντα
1493 2424 1605 2477 τῶν
1639 2425 1917 2494 ἐσομένων
1956 2425 2346 2495 ἀσφαλέστατα
2374 2427 2658 2497 τεκμήρια
2689 2426 2957 2495 πέφυκεν.
3004 2426 3167 2480 Ἀλλά
3195 2429 3402 2480 τούτων
3438 2428 3537 2497 μὲν
3563 2425 3713 2480 ἄλλοι
3735 2466 3751 2490 ,

506 2517 603 2571 καὶ
644 2509 724 2578 οἷς
752 2514 913 2584 ἔργον
943 2511 1197 2582 ἐγκώμια
1229 2510 1452 2565 πλέκειν
1480 2511 1608 2575 τοὺς
1635 2514 1891 2574 ἐπαίνους
1917 2513 2400 2585 φιλοτεχνούντων.
2446 2513 2592 2582 Ἐγὼ
2620 2513 2667 2566 δ’
2694 2511 2724 2567 δ
2752 2515 2853 2585 τῆς
2884 2515 3157 2585 ὑμετέρας
3189 2513 3536 2584 ἐνδοξότητος
3568 2513 3756 2582 διαφε-

512 2606 713 2677 ρόντως
745 2600 1082 2667 ἀποδέχομαι
1105 2615 1166 2651 τε
1200 2598 1294 2651 καὶ
1321 2598 1536 2668 ἄγαμαι
1570 2603 1699 2671 σιγῇ
1733 2601 2118 2673 παραδραμεῖν
2145 2602 2248 2655 οὐκ
2279 2601 2574 2672 ἀνέχομαι,
2614 2601 2754 2656 ἀλλά
2782 2603 2878 2656 καὶ
2905 2600 2982 2666 ὡς
3013 2601 3122 2673 έχω
3152 2602 3439 2672 δυνάμεως
3471 2602 3579 2667 ἕως
3612 2604 3754 2672 ὑπὲρ

510 2694 612 2761 γῆς
642 2692 761 2760 εἵην
790 2685 1125 2758 διαθρυλλῶν
1175 2687 1270 2739 καὶ
1332 2685 1621 2755 κηρύττων
1661 2687 1803 2757 μετά
1831 2705 1895 2758 γε
1940 2687 2217 2757 θαύματος
2250 2687 2313 2741 οὐ
2346 2688 2650 2759 παύσομαι.
2684 2689 2810 2752 Πῶς
2838 2688 2950 2759 γάρ
2995 2690 3095 2743 οὐκ
3130 2689 3197 2744 ἀν
3237 2690 3411 2760 λήθην
3459 2690 3491 2761 ἢ
3556 2691 3754 2761 φθόνον

510 2779 663 2848 ὄφλω
690 2777 938 2838 δικαίως,
961 2774 991 2827 ὃ
1015 2789 1078 2841 γε
1102 2773 1190 2827 διά
1215 2772 1487 2826 πλείστων
1519 2773 1821 2844 πέπεισμαι
1851 2776 1926 2845 μὴ
1956 2774 2255 2846 προτιθεὶς,
2278 2775 2415 2846 μηδέ
2442 2774 2810 2847 δημοσιεύων,
2842 2776 3168 2847 ἀποστερῶν
3197 2776 3255 2830 δὲ
3285 2780 3351 2847 τῇ
3376 2777 3596 2848 ἀκαίρῳ
3627 2782 3755 2849 σιγῇ

508 2868 612 2937 τῆς
641 2867 706 2919 ἐκ
732 2863 923 2919 τούτου
952 2860 1222 2931 ὠφελείας
1249 2862 1373 2923 τούς
1400 2877 1464 2929 γε
1487 2862 1858 2933 εὐγνώμονας,
1884 2858 1965 2926 οἷς
1987 2862 2324 2934 ὑπέκκαυμα
2353 2863 2642 2933 γίγνεσθαι
2669 2863 2885 2934 φιλοῦσι
2919 2864 3055 2931 πρὸς
3082 2864 3150 2918 τά
3177 2863 3373 2935 βελτίω
3400 2866 3510 2919 τῶν
3531 2867 3757 2934 ἀγαθῶν

502 2945 689 3028 Ἐργων
727 2954 777 3007 οί
807 2952 1050 3015 ἐπαινοις
1076 2952 1139 3003 Εί
1164 2950 1221 3004 δὲ
1250 2950 1320 3005 τὰ
1350 2950 1458 3003 τῶν
1497 2951 1678 3005 ἀλλων
1710 2952 2008 3022 σπινθῆρος
2038 2949 2230 3023 χρείαν
2261 2950 2628 3021 συμϐάλλοιτο
2647 2991 2663 3015 ,
2696 2951 2814 3014 πῶς
2839 2950 2961 3021 οὐχὶ
2997 2952 3210 3023 πυρσὸν
3244 2955 3302 3006 ἐν
3333 2954 3521 3017 αὐτοῖς
3554 2953 3757 3025 ἀρετῆς

510 3042 812 3101 ἀνακαύσει
837 3040 933 3095 τοῦ
964 3041 1022 3094 ἐν
1050 3039 1134 3093 σοὶ
1163 3040 1284 3093 κατ’
1318 3038 1511 3111 ἐξοχὴν
1538 3040 1943 3111 ἐνυπάρχοντος
1968 3041 2030 3095 τὸ
2062 3040 2337 3111 διήγημα;
2367 3034 2553 3112 Οὐπερ
2585 3039 2810 3103 οὐδένας
2838 3034 2996 3110 οἶμαί
3026 3042 3079 3110 γ’
3105 3042 3162 3104 ἐς
3187 3041 3304 3095 τόδε
3334 3042 3601 3096 διατελεῖν
3630 3045 3756 3109 ἀνη-

510 3134 695 3199 κόους,
729 3130 870 3202 πλὴν
893 3130 942 3184 εί
961 3129 1038 3199 μή
1068 3144 1152 3191 τις
1174 3127 1261 3197 είη
1288 3127 1591 3198 ἀνέραστος
1617 3128 1728 3182 τῶν
1750 3129 1932 3182 καλῶν
1959 3129 2055 3183 καὶ
2075 3128 2359 3199 ὀλίγωρος.
2388 3124 2524 3181 Τίνα
2547 3127 2655 3198 γὰρ
2686 3126 2752 3181 ἂν
2780 3129 2872 3183 καὶ
2895 3128 3117 3199 λήσειεν
3141 3131 3169 3183 ὀ
3196 3128 3329 3200 παρ’
3354 3130 3492 3203 αὐτῇ
3554 3129 3758 3202 θερμός

511 3226 608 3276 καὶ
656 3219 921 3290 διάπυρος
967 3216 1108 3287 ὑπὲρ
1148 3214 1431 3279 εὐσεϐείας
1477 3214 1663 3285 ζῆλος,
1707 3218 1804 3270 καὶ
1873 3217 1949 3281 ώς
2000 3216 2140 3289 μετὰ
2180 3217 2384 3287 πολλῆς
2428 3216 2524 3270 καὶ
2560 3215 2822 3281 διακαοῦς
2866 3217 3178 3288 προθυμίας
3223 3220 3612 3291 ὑπεραγωνίζῃ
3662 3224 3761 3275 καὶ

512 3306 878 3382 προασπίζεις
898 3304 1010 3358 τῶν
1030 3302 1227 3373 ὀρθῶν,
1260 3303 1357 3355 καὶ
1384 3303 1627 3374 πατρίων
1654 3304 1967 3375 δογμάτων,
2004 3305 2301 3376 στρατείαν
2325 3303 2531 3375 ταύτην
2558 3302 2795 3375 ἀρίστην
2824 3305 2904 3376 τῷ
2928 3304 3149 3379 Χριστῷ
3181 3309 3637 3377 στρατευόμενος,
3660 3312 3760 3362 καὶ

512 3394 878 3470 προπολεμῶν
926 3391 1025 3463 τῆς
1067 3389 1379 3463 ὀρθοδοξίας
1404 3390 1543 3462 μετά
1582 3392 1785 3463 πολλῆς
1828 3393 1922 3445 καὶ
1953 3391 2288 3464 καρτερικῆς
2314 3392 2414 3463 τῆς
2454 3393 2758 3457 ἐνστάσεως
2790 3394 2824 3464 ἢ
2857 3392 3057 3458 πύλαις
3086 3393 3212 3465 ᾅδου
3242 3394 3385 3449 κατά
3413 3395 3512 3467 τὴν
3543 3395 3754 3469 ἀψευδῆ

511 3485 605 3540 τοῦ
636 3483 886 3553 Σωτῆρος
912 3477 1244 3547 ἐπαγγελίαν
1272 3478 1531 3535 οὐδέποτε
1552 3479 2038 3551 κατισχυθήσεται,
2069 3480 2179 3551 ὅσῳ
2204 3480 2366 3533 πλέον
2390 3480 2717 3552 πολεμεῖται
2751 3481 2955 3550 μᾶλλον
2983 3481 3339 3552 ἀκμάζουσα,
3364 3484 3459 3536 καὶ
3480 3483 3539 3536 ἐν
3568 3487 3634 3556 τῇ
3659 3502 3759 3538 ται

513 3575 776 3631 πεινώσει
800 3568 972 3638 αὐτῆς
993 3566 1427 3637 λαμπρυνομένη
1462 3565 1558 3620 καὶ
1581 3564 1994 3634 ἀεαθάλλουσα;
2027 3569 2127 3621 Διά
2158 3568 2313 3623 ταῦτ’
2344 3569 2454 3639 ἄρα
2489 3569 2648 3636 κάγὼ
2676 3570 2761 3624 σοὶ
2789 3569 2868 3641 τῷ
2892 3570 3082 3642 θερμῷ
3105 3571 3323 3642 ζηλωτῇ
3354 3572 3451 3625 καὶ
3483 3574 3755 3643 προμάχῳ

514 3662 627 3717 τῶν
655 3661 758 3729 τῆς
789 3656 1048 3728 ἀληθείας
1081 3654 1372 3726 δογμάτων
1404 3654 1629 3725 ταυτηνὶ
1663 3655 1845 3725 φέρων
1874 3656 2184 3726 προσφωνῶ
2204 3656 2301 3727 τὴν
2326 3657 2671 3728 δογματικῆν
2707 3658 3024 3713 Πανοπλίαν
3043 3698 3059 3725 ,
3096 3660 3245 3723 ὅπως
3280 3661 3759 3733 τεθωρακισμένος

514 3754 582 3822 τῇ
606 3749 701 3802 τοῦ
734 3744 1054 3816 Πνεύματος
1085 3742 1303 3814 χάριτι,
1329 3740 1762 3815 ῥωμαλεώτερον
1792 3742 2238 3815 ἀντιπαρατάττῃ
2261 3744 2320 3797 τδ
2344 3744 2452 3798 ἀπὸ
2472 3745 2629 3799 τοῦδε
2652 3747 2768 3811 τοῖς
2794 3746 3136 3816 ἀντιλέγουσι
3162 3750 3226 3820 τῇ
3249 3748 3499 3822 ἀληθείᾳ,
3526 3752 3586 3805 τό
3614 3751 3759 3804 θεῖον

516 3839 670 3911 ῥῆμα
705 3836 889 3905 φέρων
922 3832 1065 3886 κατά
1095 3830 1195 3902 τὴν
1230 3829 1508 3899 σάλπιγγα
1536 3830 1646 3883 τῶν
1688 3826 2048 3903 Ἐκκλησιῶν,
2082 3829 2295 3887 Παῦλόν
2320 3850 2465 3905 φημι
2488 3832 2583 3888 τὸν
2604 3834 2905 3907 μακάριον,
2934 3833 3075 3906 ὑπὲρ
3103 3836 3284 3890 πᾶσαν
3319 3836 3596 3907 μάχαιραν
3615 3877 3630 3902 ,
3661 3838 3759 3891 καὶ

517 3924 798 3998 ῥομφαίαν
822 3920 1080 3991 ἀμφήκη,
1114 3918 1207 3970 καὶ
1238 3916 1305 3969 δι’
1334 3914 1502 3970 αὐτοῦ
1528 3916 1654 3981 τοὺς
1687 3917 1782 3969 τοῦ
1815 3918 2071 3982 εὐσεϐοῦς
2100 3918 2262 3988 λόγου
2293 3919 2669 3992 διαχρώμενος
2700 3923 3018 3992 πολεμίους,
3049 3922 3144 3977 καὶ
3170 3923 3398 3995 λαμπρά
3426 3924 3545 3979 κατ’
3574 3924 3758 3979 αὑτῶν

519 4011 685 4067 ίστῶν
711 4009 952 4081 τρόπαια
971 4045 987 4073 ,
1016 3998 1201 4074 ὧνπερ
1228 4002 1289 4056 οὑ
1318 4004 1513 4073 ῥέοντα
1541 4004 1635 4056 καὶ
1672 4003 1992 4073 χαμαίζηλα
2024 4008 2231 4079 κομίσῃ
2260 4008 2326 4062 τά
2351 4003 2511 4074 ἆθλα,
2544 4009 2667 4063 οὑδέ
2691 4010 2851 4073 δόξαν
2873 4009 3030 4081 ῥᾷστ’
3072 4010 3420 4066 ἀπανθοῦσαν
3464 4012 3556 4066 καὶ
3584 4010 3761 4067 ἐκλεί-

518 4120 750 4166 πουσαν,
774 4096 887 4153 ἀλλ’
910 4096 1055 4167 άπερ
1081 4092 1195 4147 οὐτ’
1223 4092 1532 4175 ὀφθαλμοῖς
1559 4094 1640 4157 είς
1662 4094 1790 4147 θέαν
1814 4097 2032 4164 ἐφικτὰ,
2060 4093 2173 4148 οὐτ’
2198 4094 2335 4162 ἀκοῇ
2362 4093 2606 4162 χωρητά,
2635 4091 2732 4146 καὶ
2761 4092 2920 4163 λόγου
2952 4092 3153 4158 παντὸς
3179 4094 3475 4165 ὑπερπαίει
3502 4093 3758 4167 δύναμιν,

522 4189 799 4263 βασιλείαν
828 4183 1093 4255 οὐρανῶν,
1124 4181 1216 4235 καὶ
1243 4182 1620 4251 μακαριότητα
1642 4181 2081 4246 διαιωνίξουσαν,
2114 4182 2211 4253 τήν
2243 4183 2621 4253 ἀποκειμένην
2650 4186 2762 4249 τοῖς
2793 4184 3211 4256 ἐκλελεγμένοις
3245 4187 3351 4258 πρὸ
3377 4187 3598 4241 πάντων
3633 4188 3765 4243 αίώ-

520 4296 649 4335 νων.
683 4276 759 4332 Οὑ
787 4272 946 4344 μόνον
977 4272 1035 4325 δέ
1063 4269 1151 4323 διά
1182 4268 1359 4324 ταῦτα
1392 4270 1693 4341 προσήκειν
1722 4269 1891 4339 ἔγνων
1923 4288 2015 4324 σου
2049 4273 2114 4342 τῇ
2150 4271 2455 4343 ἐνδοξότητι
2488 4272 2548 4325 τὸ
2576 4272 2827 4343 δώρημα,
2860 4273 2999 4328 ἀλλά
3026 4274 3123 4327 καὶ
3158 4274 3245 4328 ὅτι
3272 4274 3337 4346 δή
3368 4274 3521 4345 παρὰ
3551 4276 3764 4340 πάντας

520 4368 660 4437 αὑτῇ
681 4362 975 4435 ᾡκείωται,
1002 4357 1275 4430 βασίλειον
1294 4352 1352 4410 οὗ
1363 4373 1427 4409 σα
1454 4353 1763 4427 κειμήλιον,
1785 4361 1867 4411 σοὶ
1889 4359 1932 4410 δ’
1958 4358 2019 4412 οὐ
2046 4358 2204 4429 μόνον
2225 4359 2292 4412 τὰ
2318 4358 2411 4412 τοῦ
2440 4360 2631 4429 γένους
2652 4363 2717 4414 ἐκ
2740 4360 3038 4428 βασιλικῶν
3063 4363 3257 4433 πηγῶν
3277 4364 3607 4435 ἐπιρῥέοντα
3628 4365 3764 4436 ὀμο-

520 4455 787 4523 λογεῖται,
817 4448 887 4502 τά
928 4448 1066 4517 προς
1104 4447 1339 4517 μάμμης
1388 4446 1471 4507 είς
1504 4444 1631 4508 τούς
1682 4448 1969 4513 ἐπιφανείς
2004 4445 2498 4517 Καντακουζηνοὺς
2530 4448 2871 4520 ἀναγόμενα,
2909 4449 3048 4504 ἀλλά
3073 4451 3138 4522 δὴ
3171 4452 3266 4505 καὶ
3298 4454 3366 4505 τά
3412 4454 3764 4522 πραττόμενα

525 4538 816 4617 βασιλικῆς
856 4533 1144 4617 εὐγενείας
1172 4531 1536 4601 λαμπρότατα
1565 4529 1839 4596 ἀποσώζει
1870 4532 2148 4604 μαρτύρια
2169 4576 2184 4601 ,
2217 4539 2312 4592 καὶ
2346 4540 2611 4609 κηρύττει
2657 4541 2759 4613 τὴν
2791 4541 2925 4613 πρὸς
2960 4541 3205 4605 ἐκείνους
3234 4543 3552 4612 συγγένειαν
3588 4546 3619 4614 ή
3653 4545 3763 4598 τῶν

522 4611 776 4702 ἱεράξεων
808 4622 1083 4693 ὁμοιότης.
1116 4611 1218 4671 Ὧν
1248 4618 1458 4672 οίκοθεν
1492 4617 1636 4688 ἔχεις
1657 4657 1673 4684 ,
1710 4619 1804 4671 καὶ
1854 4618 1948 4688 ἀφ’
1982 4620 2166 4683 ἑστίας
2215 4623 2351 4691 φασὶ
2376 4626 2436 4678 τὸ
2476 4611 2861 4698 παράδειγμα,
2893 4629 2970 4691 ὡς
3003 4629 3108 4681 ὑπὸ
3143 4611 3635 4703 ζῶπινάρχετύπῳ
3684 4632 3764 4701 τῷ

521 4717 718 4787 κλεινῷ
766 4717 861 4768 καὶ
889 4708 1327 4779 ἐκλαμπροτάτῳ
1359 4705 1553 4776 γενέτῃ
1587 4705 2131 4775 παιδαγωγούμενος,
2163 4709 2260 4761 καὶ
2309 4709 2457 4765 σύνει
2489 4713 2706 4787 νύκτωρ
2737 4717 2831 4769 κιὶ
2881 4716 3001 4785 μεθ’
3032 4716 3250 4788 ⁴ήμέραν
3280 4721 3348 4789 τῇ
3381 4723 3535 4791 πηγῇ
3557 4761 3572 4786 ,
3610 4718 3668 4784 ἐξ
3694 4716 3766 4790 ἧς

523 4804 769 4876 ἀφθόνως
802 4798 1040 4867 ὑπάρχει
1077 4791 1346 4865 ἀρύεσθαι
1372 4808 1475 4857 σοι,
1508 4791 1603 4844 καὶ
1633 4792 1775 4845 κατὰ
1800 4792 1900 4856 τὰς
1929 4793 2224 4864 φιλεργοὺς
2253 4800 2510 4868 μελίττας
2542 4800 2653 4859 οἷον
2683 4805 2741 4871 ἐξ
2769 4805 3042 4859 ἀθανάτου
3075 4805 3341 4877 λειμῶνος
3369 4808 3763 4871 ἀπανθίζεσθτι

522 4897 632 4950 τῶν
661 4889 872 4963 ἀρετῶν
904 4887 974 4940 τά
1010 4884 1186 4951 εὐώδη
1227 4883 1324 4936 καὶ
1349 4880 1576 4951 ἀειθαλῆ
1609 4880 1766 4951 ἀνθη.
1807 4881 1949 4967 Ἀνθ’
1993 4883 2114 4937 ὅτου
2156 4885 2253 4938 καὶ
2282 4886 2600 4961 διπλασίους
2646 4890 2871 4954 εἰκότως
2906 4893 3196 4965 τυγχάνεις
3225 4896 3455 4965 ὀφείλων
3500 4898 3566 4967 τῇ
3596 4895 3764 4950 αὑτοῦ

524 4981 829 5051 ἐκλάμπρῳ
859 4973 1187 5060 γαληνότητι
1216 4971 1445 5042 χάριτας
1466 5008 1482 5033 ,
1508 4969 1645 5039 πρός
1667 4986 1731 5038 γε
1755 4969 1834 5039 τῷ
1862 4966 2002 5025 εἶναι
2049 4971 2144 5026 καὶ
2173 4976 2337 5055 αὑτοῦ
2368 4982 2463 5032 τοῦ
2484 4975 2544 5033 εὖ
2577 4976 2715 5035 εἶναι
2738 4983 2889 5053 ποιρά
2917 4986 3016 5056 τῆς
3038 4988 3201 5040 αὑτοῦ
3232 4966 3565 5056 ὑψηλότητος
3590 5006 3764 5060 προσ-

523 5071 881 5141 υπάρχονεος.
912 5057 1018 5126 Ἶις
1047 5062 1182 5130 δῆτα
1226 5060 1346 5114 καθ’
1373 5061 1522 5148 ἡμᾶς
1558 5062 1624 5148 αί-
1645 5061 1834 5130 ἀρεταὶ
1863 5062 1975 5124 τοῖς
2023 5060 2221 5134 πέρασι
2254 5066 2754 5139 διατεθρύλληνται,
2800 5074 2898 5143 τῆς
2924 5075 3155 5144 ἀρίστης
3187 5074 3447 5143 εὐνομίας
3484 5057 3759 5148 μετάντῆς

526 5154 868 5221 δικαιοσύνης
895 5148 1369 5219 καταγλαῖζούσης
1417 5147 1508 5235 τὸν
1565 5146 1898 5217 ὑψηλότατον
1939 5148 2036 5202 καὶ
2090 5150 2473 5224 λαμπρότατον
2509 5157 2719 5226 θρόνον,
2750 5161 2836 5230 ἐφ’
2868 5156 2930 5214 οὗ
2959 5161 3024 5231 δὴ
3056 5162 3191 5229 πρὸς
3222 5161 3358 5215 Θεοῦ
3386 5162 3557 5217 πάλαι
3580 5146 3763 5235 προωο

508 5236 765 5320 ’ρισμένη
805 5242 863 5294 ἐν
897 5238 974 5309 τῷ
1017 5235 1343 5306 καταλλήλῳ
1373 5234 1551 5304 χρόνῳ
1588 5236 1739 5307 παρά
1791 5235 1889 5304 τῆς
1935 5236 2100 5289 αὐτοῦ
2150 5242 2409 5309 προνοίας
2454 5243 2761 5313 ἐφίδρυται,
2813 5248 2975 5300 ὁπότε
3020 5249 3053 5318 ή
3098 5248 3191 5302 τοῦ
3235 5249 3427 5319 χρόνου
3476 5252 3767 5321 ἀνωμαλία

528 5339 618 5391 τὸν
644 5330 815 5385 δεινὸν
840 5329 920 5389 εἰς
951 5325 1219 5396 διοίκησιν
1241 5323 1461 5393 ἀπῄτει,
1487 5322 1576 5375 διὰ
1606 5325 1943 5395 πολυσχιδῶν
1967 5326 2101 5378 ὀδών
2136 5329 2559 5398 παραστήσοντα
2590 5332 2687 5400 τὴν
2706 5332 2944 5403 ἔμφυτον
2975 5333 3404 5403 καλοκαγαθίαν,
3429 5341 3523 5391 καὶ
3549 5340 3766 5411 ἑκάστῳ

530 5420 853 5496 προσφόρως
883 5416 1257 5487 ἐπαρκέσοντα
1290 5413 1424 5481 πρὸς
1449 5411 1546 5483 τήν
1575 5414 1783 5482 χρείαν,
1814 5414 1907 5467 καὶ
1934 5416 2010 5484 τῷ
2035 5414 2216 5483 οἰκείῳ
2248 5414 2605 5485 ὑποδείγματι
2633 5417 2720 5471 τὸν
2745 5418 2847 5471 ὑπὸ
2873 5421 3027 5490 χεῖρα
3053 5419 3191 5473 λεὼν
3219 5422 3284 5474 τά
3316 5422 3540 5494 θεοφιλῆ
3569 5428 3767 5479 ἐκπαι-

528 5510 807 5567 δεύσοντα.
852 5502 1012 5556 Ἀλλά
1043 5501 1126 5564 τίς
1164 5500 1230 5552 ἀν
1267 5515 1355 5583 μοι
1382 5498 1537 5567 λόγος
1572 5502 1847 5571 ἀρκέσειε,
1883 5504 2032 5563 ποῖος
2069 5501 2311 5571 κάλαμος
2337 5503 2672 5577 ὑπηρετήσει
2706 5506 2771 5560 ἵν’
2801 5508 3182 5578 ἀπαριθμήσει
3213 5507 3343 5578 γοῦν
3374 5510 3509 5582 μόνῃ
3539 5515 3765 5583 χρήσω-

533 5616 630 5671 μαι
659 5594 765 5647 τῶν
795 5588 1249 5662 προτερημάτων,
1277 5580 1357 5647 οἷς
1383 5588 1410 5639 ὁ
1438 5587 1526 5649 σὸς
1557 5588 1780 5658 γενέτης
1810 5587 2236 5659 καθωραϊζεται,
2264 5590 2370 5644 τῶν
2400 5593 2621 5660 ἀγαθῶν
2642 5634 2656 5659 ,
2687 5587 2760 5647 ὧν
2793 5594 2853 5647 οὐ
2890 5599 2952 5666 τῇ
2989 5597 3171 5667 Μυσία
3201 5599 3359 5670 μόνῃ,
3388 5601 3453 5669 ἦν
3486 5580 3577 5653 καί
3606 5580 3766 5668 λόγου

534 5682 731 5759 μικροῦ
759 5681 867 5735 δεῖν
898 5680 1127 5751 ἀμοιρον
1175 5675 1369 5747 πρώην
1394 5675 1559 5731 οὖσαν
1582 5715 1597 5741 ,
1634 5676 1866 5731 Μουσῶν
1901 5678 2153 5745 ἀπέφηνε
2187 5677 2534 5749 καταγώγιον
2556 5720 2570 5744 ,
2602 5680 2698 5734 καὶ
2728 5682 2908 5750 σοφῶν
2941 5684 3152 5754 ἀνδρῶν
3180 5684 3526 5755 περιώνυμον
3559 5688 3764 5739 ἐνδιαί-

530 5792 678 5849 τημα
697 5815 711 5843 ,
745 5772 943 5843 ἀρετῆς
973 5786 1032 5825 τε
1060 5770 1238 5840 πάσης
1268 5768 1345 5840 τῷ
1375 5768 1489 5825 ὄντι
1516 5771 1816 5840 γυμνάσιον
1838 5811 1851 5838 ,
1878 5768 1995 5826 ἀλλ’
2025 5768 2125 5840 ήδη
2159 5768 2252 5823 καὶ
2280 5771 2345 5839 τῇ
2376 5767 2588 5838 ὑφηλίῳ
2619 5766 2880 5841 ξυμπάσῃ
2911 5770 3123 5840 ὑπῆρξε
3152 5773 3337 5838 πατὴρ
3360 5811 3376 5837 ,
3408 5772 3762 5832 πολυτρόπως
