4130 6404
324 336 393 398 25
1525 361 1896 429 PANOPLIA
1943 370 2404 446 DOGMATICA.

3515 403 3590 470 26

389 451 564 505 Πόθεν
593 447 694 509 οὖν
725 456 858 527 ἡμῖν
894 459 1125 529 ἀρκτέον
1159 465 1252 520 τοῦ
1285 475 1647 540 προκειμένου
1672 480 1859 550 συντάγ

389 559 492 575 ,Μ
542 550 637 575 __,
680 550 1132 575 -___,“_____e,
1227 559 1274 575 ιλ
1393 564 1470 575 --ι
1520 565 1540 575 -
1661 570 1684 575 —

1955 487 1980 545 ι
2067 486 2270 546 Verum
2302 493 2576 552 undenam
2631 495 2860 571 hujusce
2909 504 3092 575 operis
3118 509 3401 565 exordium
3431 514 3590 572 nobis

323 559 492 613 ματος
542 550 642 599 καὶ
678 550 1134 621 σπουδάσματοςς
1172 559 1340 614 πόθεν
1386 564 1606 619 ἄλλοθεν

321 635 493 704 μέγας
534 639 592 690 ὲν
629 639 885 716 θεολογίᾳ
927 646 1062 715 φησὶ
1102 648 1404 722 Γρηγόριος
1425 695 1440 721 ,
1465 659 1630 730 Τρεῖς
1665 635 1722 716 αἱ
1757 665 1900 720 ἀνω..

317 726 463 779 τάτω
495 727 673 794 δόξαι,
704 731 882 801 λέγων
916 739 1044 808 περὶ
1067 737 1206 795 Θεοῦ
1226 757 1242 774 ο
1273 726 1531 818 ἀναρχία,
1571 752 1900 825 πολυαρχία,

315 818 410 870 καὶ
470 823 768 892 μοναρχία.
823 825 889 878 Al
939 829 1040 898 μὲν
1089 830 1185 887 οὖν
1227 834 1321 889 δύο
1377 842 1568 895 παισὶν
1631 818 1901 916 Ἑλλήνων
2002 818 2245 928 nullius;

314 912 681 983 ὲπαίχθησαν,
709 919 804 972 καὶ
854 924 1276 987 παιζέσθωσαν·
1325 932 1386 986 τό
1425 951 1486 988 τε
1523 935 1633 1008 γὰρ
1663 912 1899 1011 ἄναρχον

1612 570 1688 641 ,ἢ
1727 571 1903 628 ὅθενὸ
2006 579 2315 638 ducendum
2355 594 2440 642 est
2471 627 2485 653 ,
2529 589 2634 645 nisi
2663 570 2730 647 ex
2765 593 2873 650 illis
2923 570 3107 654 verbis
3161 602 3306 657 unde
3355 570 3586 676 magnus

2006 670 2097 726 ille
2126 675 2180 728 in
2221 676 2490 750 theologia
2544 681 2840 755 Gregorius
2899 692 3198 759 exorditur,
3265 695 3402 752 Tres
3430 670 3588 766 ,vin-

1998 958 2248 1003 asserunt
2274 951 2508 1021 imperio
2537 959 2799 1012 mundum
2832 963 3149 1030 gubernari.
3217 968 3438 1028 Priores
3459 973 3582 1028 duae

309 1005 569 1072 ἄτακτον,
626 1009 688 1060 τό
749 1027 806 1063 τε
862 1014 1172 1086 πολύαρχον
1214 1025 1532 1090 στασιῶδες,
1583 1030 1678 1082 καὶ
1723 1030 1859 1086 οὕτω

309 1096 547 1126 ιιι-λεια...
601 1101 692 1126 ...Α
730 1102 902 1126 -κ----
933 1105 1025 1126 εκ-.
1215 1111 1275 1126 η.
1485 1118 1497 1126 .
1617 1120 1630 1126 -
1730 1125 1738 1126 ,

2354 1005 2376 1021 τ
2401 1005 2501 1008 --κ-
2537 1005 2799 1012 --ς---ν-ν--κ
2832 1005 3149 1030 υ-υνειιυιιιο
3217 1005 3239 1022 ι
3263 1005 3364 1025 ΙΙυΙ
3379 1005 3438 1028 εδ
3459 1005 3580 1028 uua:

1997 1041 2240 1110 pueriles
2271 1054 2400 1100 sunt
2429 1087 2444 1110 ,
2502 1056 2556 1102 et
2587 1063 2617 1102 a
2673 1047 2879 1108 Grazcis
2936 1055 3205 1112 inventae.
3281 1060 3463 1126 Quare
3518 1075 3580 1120 ut

307 1096 570 1165 ἄναρχον,
601 1101 696 1152 καὶ
728 1102 902 1167 οὕτως
926 1105 1183 1165 ἄτακτον.
1214 1111 1309 1176 Εἰς
1341 1118 1542 1171 ταυτὸν
1571 1120 1680 1189 γὰρ
1717 1125 1896 1193 ἀμφό-

235 1243 238 1247 _
306 1200 437 1254 τερα
464 1188 622 1257 φέρει
656 1192 753 1261 τὴν
781 1195 1028 1262 ἀταξίαν,
1055 1202 1086 1269 ἡ
1117 1202 1172 1254 δὲ
1208 1205 1288 1266 εις
1337 1207 1492 1263 λύσιν
1512 1226 1526 1242 ⁸
1561 1188 1894 1289 ἀταξίανγὰρ

309 1275 513 1346 μελέτη
575 1279 804 1346 λύσεως.
861 1287 1026 1356 Ἡμῖν
1070 1291 1126 1343 δὲ
1157 1297 1426 1367 μοναρχία
1457 1302 1518 1352 τὸ
1554 1275 1890 1373 τιμῶμενονζ

308 1371 586 1436 μοναρχία
639 1371 695 1424 δὲ
729 1375 830 1443 ούχ
850 1379 957 1460 ᾲῆν
985 1378 1043 1432 ἒν
1083 1387 1422 1456 περιγράφει
1457 1371 1772 1460 πρόσωπον,
1796 1398 1890 1450 καὶ

296 1824 666 1898 παραδρομὴν
718 1831 1064 1903 ἐλέγξαντες,
1095 1842 1190 1892 καὶ
1235 1842 1668 1916 ἀνατρέψαντες,
1704 1851 1881 1920 οὕτως
1910 1831 1954 1888 Β

1995 1134 2234 1204 pueriles
2265 1146 2704 1195 contemnantur.
2733 1141 2868 1197 Nam
2892 1155 2945 1200 et
2968 1149 3108 1216 quod
3134 1149 3366 1220 imperio
3385 1164 3573 1222 caret,

1991 1225 2276 1281 confusum
2310 1237 2435 1284 est:
2474 1241 2530 1287 et
2555 1235 2700 1300 quod
2743 1236 3043 1292 multorum
3078 1242 3284 1312 regitur
3320 1244 3571 1316 imperio,

1993 1317 2335 1387 seditiosum,
2357 1331 2412 1377 et
2437 1323 2640 1380 idcirco
2674 1327 2836 1383 etiam
2872 1331 3104 1401 imperio
3158 1350 3378 1399 vacans,
3408 1348 3574 1409 atque

1993 1406 2118 1462 ideo
2156 1409 2448 1466 confusum
2474 1451 2488 1467 .
2528 1415 2718 1486 itaque
2757 1419 2932 1474 ambae
2995 1426 3283 1479 sententia:
3316 1427 3373 1481 in
3441 1406 3574 1485 con-

1990 1496 2258 1556 fusionem
2291 1505 2609 1561 incurrunt.
2647 1509 3039 1567 Confusionem
3104 1531 3271 1584 porro
3321 1521 3572 1591 sequitur

1989 1590 2202 1644 eversio
2251 1607 2316 1646 ac
2369 1593 2674 1650 dissolutio.
2739 1597 3052 1664 Quidenim
3095 1605 3241 1660 aliud
3294 1590 3571 1666 estcon—

1983 1863 2254 1918 sententia
2292 1867 2680 1936 comprobatur
2707 1909 2723 1936 ,
2761 1873 3056 1940 quaunius
3087 1877 3352 1932 asseritur
3392 1879 3568 1950 impe-

291 1917 389 1970 ἐπὶ
427 1921 498 1972 τὰ
529 1923 708 1976 οικεῐα
741 1929 1088 1999 χωρήσομεν.
1115 1933 1240 1987 Τῶν
1265 1937 1374 2008 γὰρ
1409 1939 1682 2012 Ἑλλήνων
1704 1946 1753 1998 οε
1781 1947 1859 2017 μὲ·

2233 1917 2238 1918 ,
2303 1917 2670 1936 ---Ἴ-,ἠὼ
2707 1917 2723 1936 ,
2764 1917 2867 1940 1--
2897 1917 3056 1929 ..-......
3087 1917 3344 1932 ..υσυηηη
3392 1917 3548 1950 ...νυ

1977 1951 2061 2007 rio
2091 1968 2156 2008 ac
2217 1955 2524 2026 principatu
2571 1972 2768 2017 cuncta
2795 1965 2907 2034 regi
2959 1974 3122 2035 atque
3149 1968 3548 2028 administrari.

289 2010 468 2079 ἣλιον,
519 2014 570 2065 οἱ
625 2015 682 2068 δὲ
717 2018 973 2090 σελήνην,
992 2025 1040 2076 οἱ
1098 2025 1154 2079 δὲ
1187 2027 1441 2101 ἀστέρων
1474 2010 1698 2104 πλῆθος,
1729 2010 1792 2091 οἱ.
1820 2040 1878 2093 δὲ

287 2102 528 2171 οὐρανὸν
553 2107 742 2173 αὑτὸν,
769 2112 889 2179 ἄμα
940 2116 1172 2184 τούτοις,
1201 2139 1285 2185 οις
1329 2125 1423 2178 καὶ
1455 2125 1518 2180 τὸ
1559 2102 1667 2182 πᾶν
1717 2132 1876 2198 ἄγειν

287 2192 562 2248 δεδώκασι
605 2203 748 2254 κατὰ
777 2204 838 2256 τὸ
861 2206 1014 2258 ποιὸν
1036 2210 1070 2280 ἢ
1088 2211 1148 2263 τὸ
1173 2214 1335 2267 ποσὸν
1367 2215 1466 2286 τῆς
1487 2192 1786 2289 κινήσεωςλ
1823 2225 1873 2278 οἱ

288 2284 346 2337 δὲ
393 2289 467 2385 τὲ
508 2296 774 2363 στοιχεῖα,
797 2298 920 2366 γῆν,
943 2299 1109 2375 ὕδωρ,
1129 2305 1291 2375 ἀέρα,
1309 2284 1431 2381 πῦρ
1451 2310 1539 2365 διὰ
1586 2284 1646 2367 τὸ
1683 2316 1878 2385 χρειῶ-

285 2377 398 2443 δες,
424 2374 503 2434 ὧν
533 2383 660 2436 ἄνευ
693 2387 813 2440 οὐδὲ
846 2374 1109 2463 συστῆναι
1140 2374 1367 2451 δυνατὸν
1391 2374 1484 2452 τὸν
1531 2374 1878 2472 ἀνθρῶπινον

286 2468 406 2536 βίον
430 2488 444 2502 ο
473 2474 524 2526 ol
556 2474 616 2528 δὲ
647 2477 676 2530 ὃ
708 2495 761 2531 τι
782 2479 998 2550 τύχοιεν
1027 2484 1256 2551 ἕκαστος
1282 2488 1392 2543 τῶν
1414 2493 1517 2561 όρα
1547 2468 1656 2546 τῶν
1684 2495 1879 2550 ἐσεϐά-

285 2567 520 2638 σθησαν,
540 2564 618 2624 ὧν
645 2573 835 2642 ἐώρων
854 2578 922 2631 τὰ
945 2580 1207 2636 κάλλιστα
1229 2584 1386 2648 θεοὺς
1409 2589 1875 2660 προστησάμενοι.

1979 2041 2152 2100 Unius
2209 2055 2395 2102 autem
2450 2049 2818 2120 principatum
2875 2055 3117 2129 intelligo
3155 2098 3172 2125 ,
3231 2077 3342 2116 non
3387 2079 3550 2133 quem

1973 2149 2082 2190 una
2113 2151 2346 2206 persona
2414 2140 2848 2212 circumscribit;
2901 2156 2958 2202 et
3002 2165 3122 2218 quae
3171 2151 3429 2224 deinceps
3476 2171 3563 2212 se-

1971 2235 2253 2296 quuntur.
2287 2229 2576 2300 Reliquum
2622 2243 2708 2288 est
2749 2236 2953 2307 igitur,
2986 2249 3044 2294 ut
3100 2258 3271 2311 pauca
3320 2248 3556 2318 conjun-

1974 2327 2171 2388 cteque
2199 2319 2446 2377 dicamus
2496 2331 2610 2378 tum
2640 2335 2827 2382 contra
2847 2329 3046 2400 impios
3071 2333 3368 2404 Epicureos
3399 2376 3416 2402 ,
3449 2342 3541 2409 qui

1972 2423 2003 2462 a
2035 2410 2186 2464 nullo
2213 2449 2230 2475 ,
2286 2418 2400 2467 tum
2459 2414 2722 2472 adversus
2756 2419 2893 2475 alios
2930 2422 3146 2481 Graecos
3173 2465 3189 2490 ,
3222 2429 3314 2497 qui
3354 2444 3385 2484 a
3414 2433 3556 2486 mul-

1975 2499 2046 2554 tis
2083 2500 2356 2557 alﬁrmant
2395 2507 2663 2563 mundum
2714 2512 3004 2581 gubernari
3057 2555 3074 2581 ,
3123 2518 3436 2591 duplicique
3498 2533 3556 2579 et

1988 2597 2266 2653 contrario
2308 2599 2541 2656 istorum
2575 2620 2764 2662 errore
2808 2607 3050 2663 breviter
3078 2611 3362 2668 confutan
3390 2625 3555 2686 atque

280 2665 578 2731 convicto,
634 2670 703 2724 ad
730 2665 936 2728 nostra'
983 2678 1544 2753 veniamus.Reliqui
1610 2683 1784 2740 Graeci
1822 2688 2020 2756 partim
2071 2691 2266 2758 solem,
2331 2697 2529 2764 partim
2597 2698 2831 2768 lunam,
2887 2705 3086 2773 partim
3144 2707 3551 2766 multitudinem

277 2755 562 2811 stellarum
594 2797 611 2822 ,

679 2765 930 2821 nonnulli
1015 2781 1126 2823 una
1159 2785 1284 2825 cum
1333 2774 1421 2829 his
1473 2777 1670 2831 ccelum
1702 2779 1880 2847 ipsum
1911 2818 1928 2845 ,
1969 2793 2202 2852 quorum
2239 2786 2500 2855 qualitate
2546 2800 2728 2846 motus
2779 2765 2835 2847 et
2882 2765 3186 2862 quantitate
3229 2814 3387 2870 agere
3441 2809 3554 2856 tra-

1986 2847 2002 2852 -
2255 2847 2272 2855 _
3229 2847 3386 2870 Ἰμ,
3443 2847 3551 2856 ____

275 2847 414 2900 dunt
434 2849 626 2904 orbem
659 2854 1012 2924 universum;
1047 2861 1270 2931 quidam
1319 2864 1590 2923 elementa
1611 2907 1625 2932 ,
1659 2877 1878 2934 terram,
1922 2885 2116 2942 aquam
2142 2913 2157 2939 ,
2197 2885 2321 2930 aera
2351 2915 2368 2943 ,
2430 2877 2610 2950 ignem
2660 2890 2883 2952 propter
2912 2885 3203 2941 utilitatem
3231 2926 3247 2955 ,
3274 2903 3400 2943 cum
3429 2889 3551 2945 sine

271 2938 361 2994 bis
391 2941 508 2994 vita
537 2942 773 3001 humana
805 2948 922 3020 degi
958 2967 1070 3006 non
1131 2955 1338 3024 possit;
1401 2959 1492 3014 alii
1561 2975 1697 3017 vero
1769 2938 1988 3034 aliquid.
2039 2981 2232 3023 eorum
2285 2984 2407 3039 qua:
2456 2982 2760 3028 cernuntur
2797 2978 3039 3060 venerati
3122 2988 3250 3035 sunt
3277 3021 3310 3064 ,_
3337 2989 3392 3036 et
3430 2997 3552 3053 quae

271 3036 642 3064 ..ΑΛΒ---ξυμ
679 3040 890 3064 1⁵.--...-.
952 3048 1246 3064 --Α,ᾉ.,,,ι
1332 3057 1344 3064 ,
1523 3052 1535 3064 .
1711 3054 1725 3064 .
1916 3061 1925 3064 Α

267 3036 644 3102 pdcberrima
676 3040 893 3096 fuerant
945 3048 1248 3118 conspicati
1290 3057 1350 3105 ut
1386 3052 1610 3108 numina
1643 3054 1950 3110 coluerunt.

368 3159 512 3226 Περὶ
542 3158 650 3213 τοῦ
693 3160 1045 3232 Ἐπικούρου
1092 3170 1381 3240 ποσαχῶς
1419 3173 1485 3227 τὸ
1535 3173 1782 3245 ἄτομον.

2051 3173 2128 3230 De
2154 3175 2399 3246 Epicuro,
2442 3181 2812 3252 quotupliciler
2857 3193 3064 3242 atomus
3092 3187 3444 3262 intelligatur.

355 3249 689 3320 Ἐπίκουρος
715 3253 774 3306 δὲ
832 3254 1110 3312 ἐκϐάλλων
1143 3260 1239 3313 καὶ¹
1290 3261 1426 3316 Θεὸν
1464 3263 1564 3318 καὶ
1592 3266 1853 3337 πρόνοιαν

262 3339 323 3391 τὸ
356 3341 675 3410 αὐτόματον
704 3342 918 3412 εἰσῆγε,
941 3345 1039 3399 καὶ
1065 3347 1167 3412 τὰς
1193 3348 1457 3422 ἀτόμους.
1486 3354 1852 3428 Πολυσήμαν-

261 3445 356 3482 τον
389 3431 446 3483 δὲ
483 3429 546 3483 τὺ
575 3432 803 3502 ἄτομον.
838 3436 1074 3504 Λέγεται
1127 3440 1235 3510 γὰρ
1273 3442 1334 3496 τὸ
1367 3443 1694 3518 δύστμητον,
1719 3449 1792 3513 ῶς
1822 3451 1851 3504 ό

263 3522 508 3591 ἀδάμας,
539 3523 637 3577 καὶ
667 3526 730 3578 τδ
759 3527 1041 3592 παντελῶς
1064 3530 1330 3602 ἄτμητον,
1349 3535 1424 3599 ὡς
1452 3539 1510 3591 τὸ
1533 3539 1847 3612 ἀσώματον,

262 3615 352 3666 καὶ
387 3616 448 3667 τὸ
487 3615 644 3684 παρὰ
674 3619 787 3680 τοῖς
821 3611 1139 3690 φιλοσόφοις
1172 3626 1403 3696 μερικδν
1435 3631 1532 3685 καὶ
1569 3633 1694 3685 καθ’
1717 3611 1848 3688 Exn;

274 3705 452 3767 atoma
484 3707 766 3777 τμηθῆναι
800 3711 900 3779 μὲν
927 3712 1176 3784 δύναται,
1211 3720 1560 3791 τετμημένον
1605 3724 1662 3776 δὲ
1688 3725 1844 3795 φθεί-

267 3810 435 3865 ρεται,
481 3795 683 3869 ὥσπερ
720 3801 748 3851 ό
783 3802 1087 3876 Σωκράτης
1120 3809 1320 3878 τυχόν·
1364 3814 1698 3884 τεμνόμενος
1732 3818 1843 3890 γὰρ

258 3889 334 3949 εἰς
364 3889 641 3960 κεφαλὴν,
670 3892 762 3943 καὶ
791 3894 1001 3964 χεῖρας,
1063 3898 1160 3950 καὶ
1209 3900 1444 3967 κοιλίαν,
1490 3905 1676 3960 οὐκέτι
1723 3909 1842 3963 ἐστὶ

255 3978 589 4050 Σωκράτης’
644 3983 910 4054 τέταρτον
968 3988 1173 4058 ἄτομον
1201 3991 1261 4044 τὸ
1290 3991 1380 4046 διὰ
1416 3993 1734 4068 βραχύτητα
1764 4000 1838 4073 μὴ

250 4067 559 4139 δυνάμενον
593 4073 989 4143 τμηθῆναι,ὡς
1021 4079 1083 4131 τὸ
1125 4084 1355 4150 σημεῖον
1388 4084 1488 4152 μὲν
1519 4087 1668 4157 παρά
1701 4067 1840 4158 γεωλ

249 4162 511 4232 μέτραις,
554 4166 588 4233 ἠ
626 4165 795 4234 μονὰς
827 4166 884 4222 δὲ
936 4170 1092 4240 παρά
1145 4172 1552 4246 ἀριθμητικοῖς,
1578 4181 1606 4232 ὁ
1635 4179 1730 4234 νῦν
1779 4182 1836 4236 δὲ

242 4254 442 4321 χρόνος
471 4256 626 4324 παρᾶ
657 4261 932 4326 φυσικοῖς.
954 4262 1214 4318 Τοιοῦτόν
1239 4282 1292 4318 τι
1322 4266 1549 4339 ἄτομον,
1567 4272 1664 4326 καὶ
1694 4272 1752 4326 τὸ
1775 4273 1835 4342 ἐξ

241 4343 491 4410 ἡλιακῆς
521 4343 741 4407 ἀκτῖνος
771 4347 831 4398 ὲν
873 4348 997 4419 ἀέρι
1035 4350 1480 4424 διαφαινόμενον,
1507 4360 1603 4413 καὶ
1629 4357 1742 4416 οἷον
1769 4365 1833 4418 ἐκ

2024 3265 2094 3319 At
2121 3266 2408 3336 Epicurus,
2442 3269 2553 3326 Deo
2599 3275 3048 3347 providentiaque
3094 3280 3319 3350 reiecta,
3351 3299 3541 3340 casum

1955 3364 2011 3412 et
2031 3366 2240 3413 atomos
2264 3361 2584 3418 introduxit.
2618 3365 2796 3421 Multis
2844 3380 3025 3424 autem
3086 3373 3260 3429 modis
3311 3383 3528 3432 atomus

1951 3446 2292 3521 intelligitur.
2322 3452 2454 3508 Nam
2495 3464 2549 3510 et
2574 3455 2626 3510 id
2660 3458 2926 3529 signiﬁcat
2986 3463 3132 3532 quod
3157 3480 3282 3520 cum
3309 3468 3541 3524 dilllcul-

1950 3545 2061 3595 tate
2089 3542 2262 3597 secari
2299 3552 2498 3613 potest,
2527 3558 2586 3600 ut
2615 3547 2871 3616 adamas;
2938 3559 2994 3605 et
3030 3553 3179 3621 quod
3211 3556 3416 3611 nullam
3451 3573 3541 3613 se~

1949 3631 2184 3687 etionem
2213 3634 2468 3701 admittit,
2499 3648 2560 3693 ut
2591 3639 2644 3694 id
2669 3641 2813 3710 quod
2842 3651 2996 3698 vacat
3027 3659 3275 3716 corpore,
3307 3659 3358 3704 et
3391 3651 3538 3720 quod

1945 3735 1976 3776 a
2005 3723 2340 3792 philosophis
2369 3727 2708 3785 indivi‘duum
2745 3733 3121 3806 singulareque
3145 3740 3364 3806 dicitur,
3391 3745 3538 3812 quod

1945 3812 2116 3867 secari
2141 3815 2358 3882 quidem
2390 3827 2584 3888 potest,
2614 3830 2820 3878 sectum
2845 3833 3024 3879 tamen
3040 3831 3426 3899 corrumpitur,
3452 3845 3532 3898 ut,

1940 3906 2172 3974 exempli
2213 3907 2403 3976 gratia,
2431 3908 2706 3970 Socrates.
2750 3913 2964 3971 Etenim
3005 3918 3048 3973 si
3102 3929 3321 3977 secetur
3355 3923 3410 3978 in
3442 3940 3538 3980 ca-

1940 4003 2058 4062 put,
2118 4005 2174 4050 et
2224 4013 2440 4067 manus,
2489 4012 2545 4058 et
2596 4013 2866 4074 ventrem,
2926 4017 2980 4064 et
3022 4011 3208 4081 pedes,
3265 4031 3375 4072 non
3425 4018 3532 4074 erit

1939 4089 2171 4158 amplius
2212 4090 2487 4151 Socrates.
2541 4097 2797 4155 Atomum
2846 4102 3084 4176 denique
3139 4107 3332 4166 dicunt
3379 4115 3526 4183 quod

1937 4188 2159 4249 propter
2186 4184 2533 4254 exiguitatem
2557 4188 2724 4245 dividi
2757 4195 2966 4263 nequit,
3000 4207 3060 4252 ut
3085 4211 3350 4268 punctum
3373 4208 3519 4274 apud

1936 4279 2260 4339 geometras,
2294 4277 2473 4335 unitas
2502 4281 2643 4351 apud
2706 4284 3102 4354 arithmeticos,
3167 4301 3221 4347 et
3279 4311 3528 4353 momen-

1936 4368 2053 4415 tum
2086 4367 2227 4434 apud
2260 4366 2613 4440 philosophos
2674 4378 2971 4435 naturales.
3007 4379 3167 4439 Tales
3189 4388 3352 4442 atomi
3411 4398 3524 4446 tum

240 4435 338 4488 τοῦ
383 4436 618 4504 ἐδάφους
644 4437 1019 4509 ἀνιμώμενον,
1045 4441 1316 4515 ξεσμάτιά
1340 4465 1461 4504 τινα
1483 4449 1634 4504 δοκεί
1655 4453 1830 4510 ταῦτα

1955 4466 1996 4504 ιιι
2021 4467 2145 4508 aere
2178 4435 2309 4514 solis
2337 4435 2500 4517 radiis
2544 4463 2817 4522 illustrato
2855 4484 3136 4541 apparent,
3178 4483 3294 4532 tum
3324 4494 3357 4534 e
3407 4484 3526 4538 solo

242 4545 338 4580 κον
348 4544 397 4580 ιο
406 4527 590 4598 ρτώδη
606 4530 703 4583 καὶ
717 4547 749 4582 α
761 4530 888 4584 ύτοῦ
901 4532 996 4586 τοῦ
1017 4535 1142 4605 χοὸς
1161 4536 1488 4612 λεπτότερα.
1514 4543 1610 4596 Ἐκ
1625 4546 1832 4601 τούτων

1955 4543 2358 4617 )avimentoque
2380 4551 2661 4611 tolluntur.
2696 4558 2830 4624 Quae
2851 4527 3096 4619 ramenta
3122 4527 3385 4637 quaedam
3413 4583 3522 4627 ter-

235 4621 334 4672 οὗν
379 4621 715 4692 Ἐπίκουρος
749 4625 1110 4682 συνίστασθαι
1142 4631 1319 4688 πάντα
1347 4634 1556 4703 ἔλεγεν,
1575 4631 1664 4691 οἷα
1689 4640 1832 4695 κατὰ

236 4713 515 4766 ἀνάλυσιν
551 4715 661 4768 ἀπὸ
696 4716 808 4769 τῶν
869 4720 1126 4788 μεγεθῶν
1169 4726 1387 4796 χωρῶν,
1414 4728 1507 4781 καὶ
1540 4730 1707 4800 μηδὲν
1739 4733 1833 4786 εύ-

241 4805 456 4872 ρισκων
486 4805 865 4878 ἁπλούστερον
920 4810 953 4880 ἢ
988 4810 1044 4864 λε
1056 4813 1343 4882 πτότερον.
1369 4819 1630 4888 Λέγονται
1652 4822 1708 4875 δὲ
1735 4824 1831 4877 καὶ

237 4896 543 4966 οὐδετέρως
573 4899 776 4968 ἄτομα,
811 4901 910 4954 καὶ
956 4902 1206 4975 θηλυκῶς
1235 4909 1454 4979 ἄτομοι.

233 5008 1294 5094 Katdn‘Eiztxovpe."wr30531:”de
1345 5027 1680 5094 Γρηγορῖου
1718 5031 1826 5086 τοῦ

385 5082 688 5149 Θεολόγου
711 5083 780 5137 ἐκ
812 5086 918 5140 τοῦ
954 5082 1088 5157 περὶ
1114 5082 1439 5164 Θεολογίᾰς
1456 5082 1678 5167 ’.λό’γου.

297 5170 414 5225 τοῦ
455 5172 558 5241 μὲν
589 5173 699 5242 γὰρ
734 5170 876 5229 εἶναι
913 5177 1066 5246 Θεὸν,
1102 5183 1196 5234 καὶ
1231 5183 1331 5255 τὴν
1395 5188 1614 5243 πάντων
1659 5209 1822 5264 ποιη-

1937 4635 2130 4690 restria
2162 4637 2439 4706 videntur,
2480 4642 2599 4714 ipso
2655 4648 2820 4703 etiam
2864 4653 3090 4721 pulvere
3140 4635 3410 4716 tenuiora.
3441 4661 3520 4718 Ex

1934 4723 2020 4782 his
2049 4731 2230 4785 omnia
2253 4737 2504 4805 componi
2526 4721 2590 4793 et
2612 4741 2916 4800 consistere
2957 4746 3190 4804 afﬁrmat
3223 4752 3516 4822 Epicurus,

1933 4831 2055 4871 cum
2089 4834 2186 4889 per
2237 4823 2625 4884 resolutionem
2659 4847 2690 4885 a
2727 4834 2938 4905 magnis
2990 4841 3309 4909 corporibus
3338 4845 3517 4903 disce-

1932 4907 2086 4975 dens,
2127 4913 2262 4968 nihil
2289 4917 2590 4989 simplicius
2617 4923 2994 4998 subtiliusque
3024 4907 3263 5001 reperiat

1999 5039 2194 5097 Contra
2224 5043 2531 5134 Epicureos,
2563 5054 2749 5134 magna“;
2766 5053 3011 5134 gregarii
3040 5060 3283 5134 Theologt'
3305 5081 3512 5123 exora-

2413 5121 2552 5174 tione
2584 5136 2622 5175 ιι
2649 5121 2711 5176 ἂε
2735 5121 3013 5198 theologia.

1995 5200 2150 5267 Quod
2187 5203 2327 5262 Deus
2357 5208 2448 5273 sit,
2477 5212 2730 5282 quodque
2761 5215 2904 5272 idem
2947 5236 3132 5276 rerum
3168 5223 3240 5279 sit
3263 5228 3508 5283 omnium

231 5266 396 5334 τικήν
435 5281 494 5316 τε
533 5265 628 5318 καὶ
665 5271 989 5342 συνεκτικὴν
1029 5274 1237 5340 αἰτίαν,
1265 5279 1360 5330 καὶ
1410 5281 1532 5349 ὄψις
1563 5283 1820 5340 διδάσκα-

1955 5308 2084 5350 ausa
2108 5297 2373 5365 ell'cctrix,
2396 5312 2450 5356 et
2470 5310 2864 5375 conservatrix,
2892 5328 3016 5369 cum
3071 5317 3215 5372 oculi
3269 5336 3372 5376 nos
3409 5323 3506 5376 do-

232 5357 341 5422 ὶος,
379 5361 478 5410 καὶ
514 5359 542 5410 ὀ
577 5359 807 5427 φυσικὸς
863 5363 1050 5432 νόμος,
1111 5368 1142 5436 ἡ
1192 5368 1292 5436 μὲν
1346 5371 1456 5424 τῶν
1523 5376 1817 5447 ὁρωμένων

230 5446 641 5514 προϐάλλουσα,
691 5449 789 5502 καὶ
833 5453 1112 5522 πεπηγόσι
1162 5458 1364 5525 καλῶς,
1410 5462 1504 5514 καὶ
1539 5446 1813 5533 ὁδεύουσι,

227 5539 321 5590 καὶ
353 5539 658 5603 ἀκινήτως,
706 5540 776 5593 ἶν’
803 5542 977 5606 οὕτως
1004 5545 1164 5613 εἴπω,
1221 5551 1564 5621 κινουμένως
1591 5557 1685 5610 καὶ
1719 5577 1813 5627 φε-

227 5629 502 5696 ρομένοις,
534 5632 561 5682 ό
596 5629 652 5682 δὲ
685 5631 777 5684 διὰ
813 5631 924 5684 τῶν
965 5636 1260 5705 ὁρωμένων
1308 5641 1407 5698 καὶ,
1451 5649 1810 5715 τεταγμένων

225 5722 312 5775 τὸν
365 5723 613 5792 ἀρχηγὸν
667 5725 878 5781 τούτων
920 5727 1391 5804 συλλογιζόμενος.
1427 5738 1550 5802 Πῶς
1595 5741 1701 5811 γὰρ
1739 5743 1804 5798 Ξιν

1919 5397 2045 5444 ccnt
2071 5387 2193 5458 ipsi,
2229 5399 2346 5446 tum
2381 5393 2463 5448 lcx
2509 5401 2788 5455 naturalis.
2826 5402 3004 5471 Oculi,
3072 5411 3201 5464 dum
3260 5411 3380 5467 illos
3435 5415 3503 5469 ad

1917 5492 2004 5532 res
2059 5495 2179 5550 qua:
2238 5485 2494 5550 praeclare
2529 5502 2825 5561 compactae
2869 5509 3000 5553 sunt
3054 5509 3108 5554 et
3128 5501 3319 5557 ordine
3350 5503 3501 5560 inca.

1915 5568 2072 5636 dunt,
2131 5572 2523 5648 immobilique,
2561 5592 2624 5636 ut
2679 5585 2752 5640 ita
2805 5587 3006 5654 dicam,
3057 5594 3266 5648 ratione
3334 5607 3495 5654 mut-.e

1913 5661 2184 5722 feruntur.
2213 5669 2656 5738 contemplandas
2685 5679 3092 5746 convertimus;
3139 5691 3345 5740 naturre
3379 5687 3492 5753 lex,

1911 5751 2040 5810 dum
2055 5769 2115 5812 ex
2135 5754 2252 5827 ipso
2270 5773 2476 5832 rerum,
2500 5779 2636 5834 quas
2663 5767 2940 5828 cernimus
2956 5779 3010 5828 et
3039 5778 3495 5846 contemplamur.
