4130 6460
535 351 602 413 Ἦ
1757 359 1966 420 EUTH
1977 358 2129 422 YMIl

2230 361 2572 423 EIGABENI
2605 381 2608 386 '
3732 359 3804 423 28

533 471 748 534 ordine,
782 487 970 527 earum
1018 482 1304 528 auctorem
1359 473 2118 545 moderatoremque.colligi-

2230 476 2318 527 καὶ
2356 475 2568 544 ὑπέστη
2603 474 2724 526 τόδε
2750 475 2808 527 τὸ
2840 475 2969 539 πᾶν,
2995 473 3024 539 ἢ
3053 472 3180 527 συνέ
3193 489 3312 543 ῖτη,
3350 474 3425 543 μὴ
3455 472 3594 526 Θεοῦ
3622 475 3806 528 πάντα

534 580 679 618 mus.
713 564 1002 630 Quomodo
1047 565 1191 618 enim
1243 564 1389 618 orbis
1421 565 1764 619 constitisset
1793 574 1884 620 aut
1915 581 2128 634 perma-

533 664 712 714 ncrt-t,
739 655 842 707 nisi
870 663 1066 708 cuncta
1091 653 1233 709 Deus
1254 662 1309 708 et
1333 653 1608 710 effecisset
1650 668 1705 710 et
1726 656 2127 710 conservaret?

537 746 636 808 Ac,
667 735 1125 813 quemadmodum
1155 746 1199 798 si
1219 746 1342 814 quis
1373 745 1593 800 cithara:
1621 747 1988 816 pulcherrime
2018 748 2130 802 ela-

538 837 738 890 borata:
773 837 1200 890 concinnitatem
1230 849 1286 891 et
1313 838 1770 907 compositionem
1825 840 2130 905 intueatur,

534 939 626 982 aut
644 928 884 997 ejusdem
911 937 1232 984 concentum
1251 931 1526 996 exaudiat,
1550 933 1716 1002 ipsius
1735 931 2128 1001 citharrcOpiﬁ-

535 1036 652 1073 com
721 1028 777 1074 ct
839 1022 1241 1075 moderatorem
1296 1024 1698 1090 considerabit,
1754 1023 1821 1078 ad
1889 1039 2128 1094 eumque

535 1113 716 1165 statim
783 1112 1116 1182 cogitatione
1188 1114 1452 1182 rapietur,
1487 1115 1614 1170 licet
1668 1116 1847 1186 ipsum
1895 1115 2129 1171 fortasse

533 1221 817 1274 nunquam
855 1207 1172 1276 aspexerit:
1207 1207 1279 1260 ita
1329 1208 1493 1263 nobis
1550 1224 1742 1263 eorum
1796 1223 1917 1277 qua:
1980 1208 2124 1262 facta

533 1310 682 1363 sunt,
713 1303 942 1363 auelor,’
958 1308 1013 1353 et
1041 1309 1415 1366 conservator,
1444 1309 1496 1355 et
1520 1309 1696 1358 motor
1739 1309 1826 1354 est
1893 1301 2126 1356 manife-

535 1401 672 1456 stus,
700 1391 948 1460 quamvis
980 1391 1164 1446 animo
1191 1406 1297 1445 non
1323 1391 1841 1460 comprehendatur.
1877 1390 2032 1457 Quod
2075 1392 2124 1447 si

535 1479 662 1546 quis
711 1495 820 1534 non
886 1480 953 1534 ad
1020 1481 1137 1536 haec
1189 1496 1364 1549 usque
1415 1482 1562 1536 ultro
1608 1482 2004 1552 progrediatur,
2064 1491 2126 1538 ut

537 1571 879 1625 naturalibus
915 1571 1474 1630 demonstrationibus
1501 1573 1834 1643 acquiescat,
1884 1575 1930 1630 is
1987 1588 2122 1630 sane

535 1677 698 1731 quam
721 1663 1002 1732 improbus
1029 1679 1092 1717 ac
1120 1663 1324 1720 stultus
1369 1672 1474 1719 est.

855 1772 917 1827 In
951 1773 1154 1827 eosdem
1192 1789 1256 1827 ex
1290 1772 1473 1827 eadem
1501 1774 1760 1830 oratione.

605 1863 720 1918 Nos
745 1873 946 1929 autem,
976 1864 1069 1934 qui
1095 1865 1192 1919 Dei
1219 1866 1403 1920 studio
1455 1875 1728 1930 tenemur,
1786 1881 1891 1922 nec
1925 1866 2121 1922 adduci

536 1969 848 2023 possumus,
876 1965 936 2007 ut
957 1955 1218 2008 mundum
1247 1955 1365 2009 sine
1385 1957 1636 2026 principe
1667 1965 1726 2011 et
1753 1958 2124 2026 gubernatore

536 2047 822 2100 credamus
852 2060 994 2108 esse,
1029 2045 1242 2100 ratione
1292 2047 1408 2116 ipsa
1439 2047 1548 2101 huc
1579 2045 1935 2116 impellimur,
1987 2057 2045 2103 ut
2060 2064 2124 2103 ea

537 2153 658 2206 qua:
686 2138 943 2191 sensibus
991 2148 1122 2191 sunt
1157 2138 1403 2207 exposita
1448 2139 1906 2208 contemplemur,
1938 2140 1993 2194 in
2024 2140 2126 2196 iis-

534 2245 641 2296 que
671 2228 741 2282 ab
774 2229 930 2282 initio
949 2228 1260 2297 repetendis
1282 2238 1339 2283 et
1356 2229 1707 2298 clplorandis
1729 2229 2117 2286 immoremur.

545 2320 745 2374 Verum
775 2321 900 2389 quia
929 2334 1040 2373 non
1061 2329 1146 2374 est
1189 2329 1643 2383 consentaneum,
1675 2329 1737 2375 ut
1797 2321 1874 2375 illi
1933 2337 2123 2376 eorum

537 2427 677 2480 quae,
715 2421 982 2480 quantum
1037 2411 1104 2465 ad
1141 2427 1364 2467 sensum
1423 2414 1684 2482 pertinet,
1711 2413 1968 2468 eumdem
2026 2414 2126 2469 ob-

541 2506 717 2558 tinent
750 2505 977 2558 honoris
1005 2504 1253 2575 gradum,
1278 2504 1441 2559 detur
1501 2506 1866 2574 principatus,
1927 2507 2122 2560 eadem

538 2593 748 2646 ratione
782 2595 920 2647 duce
953 2609 1114 2662 supra
1145 2594 1586 2656 conscendimus,
1613 2605 1777 2664 atque
1807 2596 1880 2650 ita
1907 2597 2125 2651 tandem

539 2684 603 2736 ad
641 2699 766 2736 eum
797 2685 1168 2752 pervenimus,
1220 2698 1317 2753 per
1358 2699 1521 2751 quem
1575 2685 1693 2741 lure
1733 2687 1868 2755 ipsa,
1901 2696 1960 2741 ut
1994 2688 2126 2752 sint,

545 2774 791 2837 habent;
823 2773 903 2827 sic
942 2775 1089 2828 enim
1125 2774 1228 2843 ipsi
1260 2775 1549 2830 nobiscum
1578 2793 1591 2829 :
1631 2775 1766 2840 Quis
1810 2777 2128 2833 coelestibus

540 2863 1000 2931 terrestribusque
1057 2864 1246 2925 rebus.
1295 2872 1350 2917 et
1383 2864 1450 2919 iis
1481 2880 1603 2934 qua:
1634 2866 1687 2920 in
1734 2881 1863 2922 aere
1893 2876 1951 2921 et
1985 2882 2128 2936 aqua

541 2962 852 3018 versantur,
910 2955 1254 3024 praescripsit
1305 2956 1452 3010 hunc
1490 2957 1780 3012 ordinem?
1826 2957 1941 3012 [mo
1968 3011 1970 3014 ,
1999 2973 2130 3014 vero

541 3046 663 3116 quis
717 3062 780 3100 ea
832 3061 953 3116 qua:
1003 3049 1313 3117 antiquiora
1365 3058 1516 3110 sunt.
1558 3065 1750 3120 nempe
1827 3053 2023 3106 cmlum
2075 3061 2130 3107 et

541 3149 770 3216 terrain,
818 3148 873 3194 et
921 3154 1125 3204 aerem,
1179 3149 1233 3196 et
1284 3156 1440 3210 aquae
1494 3154 1743 3196 naturam
1802 3143 2128 3198 constituit?

541 3228 676 3296 Quis
718 3245 779 3284 ea
827 3229 1119 3298 disjunxit?
1153 3231 1257 3285 l’cr
1292 3248 1451 3300 quem
1502 3242 1688 3286 mutua
1731 3233 1871 3288 inter
1905 3234 2020 3290 haec
2049 3249 2133 3289 so~

541 3320 730 3384 cietas,
769 3336 1070 3375 consensus
1113 3333 1167 3376 et
1205 3323 1574 3393 conspiratio?
1618 3324 1726 3392 Ego
1763 3325 1906 3379 enim
1956 3327 2132 3381 virum

546 3410 720 3476 illum,
759 3411 976 3466 tametsi
1030 3413 1239 3468 alienus
1283 3424 1385 3479 est,
1435 3415 1615 3472 laudo.
1659 3415 1794 3482 Quis
1847 3416 1961 3472 haec
2013 3432 2132 3472 mo-

543 3511 654 3563 vet,
694 3516 1064 3573 perpetuoque
1109 3520 1173 3560 ac
1218 3521 1494 3574 nunquam
1539 3516 1786 3562 cessante
1837 3525 2132 3578 progressu

549 3595 918 3668 circumagit?
947 3597 1139 3652 Nonne
1181 3613 1370 3653 eorum
1409 3608 1601 3654 auctor
1636 3609 1798 3670 atque
1826 3602 2008 3670 opifex
2038 3601 2132 3673 qui

544 3686 808 3740 rationem
845 3689 948 3743 illis
1018 3689 1268 3760 inseruit,
1333 3705 1436 3759 qua
1473 3692 1901 3760 unumquodque
1960 3691 2134 3746 fertur

543 3787 705 3846 atque
743 3780 1050 3850 dirigitur?
1088 3780 1224 3846 Quis
1277 3797 1442 3851 porro
1473 3797 1663 3837 eorum
1722 3793 1913 3838 auctor
1967 3795 2130 3854 atque

542 3867 745 3938 opifex,
779 3886 961 3926 nonne
987 3873 1034 3926 is
1058 3873 1147 3941 qui
1174 3888 1240 3928 ea
1269 3873 1566 3930 fabricatus
1598 3883 1700 3938 est,
1733 3886 1810 3940 et,
1836 3885 1896 3929 ut
1925 3883 2131 3939 essent,

544 3960 823 4030 perfecit?
857 3964 1042 4033 Neque
1080 3965 1226 4018 enim
1257 3965 1310 4018 in
1362 3981 1494 4020 casu
1536 3974 1738 4020 tantam
1771 3981 1894 4022 esse
1954 3966 2131 4023 facul-

2233 567 2326 618 καὶ
2359 565 2731 628 οὐσιώσαντος
2778 567 2873 620 καὶ
2931 567 3278 634 συνέχοντος;
3314 565 3452 619 Οὐδὲ
3504 569 3614 636 γὰρ
3646 566 3806 620 κιθά-

2230 673 2332 726 ραν
2363 675 2447 721 τις
2473 658 2617 727 ὁρῶν
2650 657 2912 712 κάλλιστα
2954 657 3299 728 ἠσκημένην,
3327 657 3421 710 καὶ
3459 657 3558 727 τὴν
3599 657 3807 724 ταύτης

2228 749 2597 820 εὐαρμοστίαν
2621 751 2716 803 καὶ
2744 749 3019 814 εὐταξίαν,
3076 749 3108 820 ἢ
3142 749 3240 817 τῆς
3271 748 3602 818 κιθαρῳδίας
3629 749 3804 818 αὐτῆς

2227 841 2460 906 ἁκούων,
2499 841 2630 896 ἄλλο
2667 859 2721 894 τι
2749 842 2780 912 ἢ
2815 842 2906 896 τὸν
2939 842 3036 910 τῆς
3063 842 3298 910 κιθάρας
3329 841 3683 911 δημιουργὸν,
3711 841 3807 894 καὶ

2225 932 2320 986 τὸν
2353 933 2658 1002 κιθαρῳδὸν
2691 933 3069 1000 ὲννοήσει,καὶ
3109 931 3246 1002 πρὸς
3270 929 3436 984 αὐτὸν
3468 929 3804 998 ἀναδραμεῖ-

2227 1043 2322 1078 ται
2357 1027 2424 1095 τῇ
2489 1025 2726 1096 διανοίᾳ,
2776 1025 2880 1079 κᾶν
2941 1022 3154 1090 ἀγνοῶν
3216 1021 3358 1095 τύχῃ
3421 1024 3542 1086 ταῖς
3596 1021 3806 1090 ὄψεσιν.

2227 1117 2386 1170 υύτω
2435 1115 2530 1168 καὶ
2585 1117 2719 1186 ἡμῖν
2749 1115 2809 1166 τὸ
2839 1113 3128 1184 ποιητικὸν
3162 1113 3346 1180 δῆλον,
3376 1112 3474 1166 καὶ
3500 1113 3562 1165 τὸ
3606 1111 3807 1182 τηροῦν

2226 1212 2322 1265 καὶ
2359 1209 2555 1280 δηλοῦν
2578 1211 2644 1264 τὰ
2661 1211 3035 1281 πεποιημένα,
3067 1211 3170 1264 κᾶν
3193 1210 3269 1280 μὴ
3291 1209 3501 1279 διανοίᾳ
3533 1208 3808 1278 περιλαμ-

2225 1303 2487 1374 ϐάνηται·
2520 1301 2617 1356 καὶ
2654 1302 2774 1358 λίαν
2807 1301 3102 1372 ἀγνώμων,
3153 1304 3182 1355 6
3218 1301 3353 1372 μηδὲ
3383 1302 3552 1371 μέχρι
3594 1299 3806 1354 τούτων

2224 1395 2434 1465 προῖὼν
2489 1397 2780 1464 ἑκουσίως,
2802 1395 2898 1452 καὶ
2926 1398 3050 1460 ταῖς
3081 1397 3344 1465 φυσικαῖς
3377 1395 3646 1464 ἑπόμενος
3668 1395 3806 1447 ἁπο-

2222 1489 2441 1554 δείξεσι.

2396 1759 2562 1813 Κατὰ
2591 1756 2710 1815 τῶν
2745 1759 2950 1814 αὐτῶν
2979 1759 3047 1813 ἐκ
3087 1759 3195 1814 τοῦ
3223 1760 3412 1814 αὑτοῦ
3445 1760 3662 1827 λόγου.

2305 1853 2483 1922 Ἠμᾶς
2518 1852 2576 1905 δὲ
2601 1855 2630 1906 6
2671 1853 2830 1919 λόγος
2849 1851 3143 1922 δεξάμενος
3188 1851 3509 1920 ἐφιεμένους
3536 1851 3695 1915 Θεοῦ,
3721 1851 3812 1905 καὶ

2227 1943 2304 2012 μὴ
2330 1943 2694 2011 ἀνεχομένους
2719 1942 2779 1994 τὺ
2807 1941 3249 2011 ἁνηγεμόνευτόν
3279 1958 3337 1994 τε
3373 1943 3481 2007 ικαὶ
3499 1941 3811 2012 ἀκυϐέρνη-

2224 2050 2336 2099 τον,
2393 2030 2514 2088 εἷτα
2559 2037 2674 2095 τοῖς
2737 2035 3040 2106 ὁρωμένοις
3093 2034 3476 2106 προσϐάλλων,
3537 2035 3640 2089 καί
3709 2033 3810 2104 τῆς

2223 2126 2482 2196 ἀπαρχῆς
2539 2126 2886 2195 ἐντυγχάνων
2921 2124 3046 2178 οὐτε
3079 2127 3246 2195 μέχρι
3295 2125 3507 2180 τούτων
3549 2126 3808 2196 ἔστησεν.

2224 2219 2297 2274 Οὐ
2326 2219 2436 2288 γὰρ
2472 2212 2541 2288 ἦν
2573 2217 2734 2289 λόγου
2768 2216 2955 2271 δοῦναι
2984 2217 3086 2288 την
3132 2217 3438 2288 ἡγεμονίαν
3470 2222 3584 2282 τοῖς
3614 2219 3808 2285 ὁμοτί-

2228 2325 2352 2379 μοις
2386 2310 2530 2364 κατά
2565 2310 2666 2380 τὴν
2701 2309 2984 2380 αἴσθησιν,
3010 2310 3105 2362 καὶ
3143 2309 3231 2363 διά
3260 2308 3469 2364 τούτων
3515 2310 3639 2378 ἄγει
3671 2310 3810 2378 πρὸς

2223 2403 2286 2455 τὸ
2317 2402 2457 2472 ὑπὲρ
2485 2403 2660 2456 ταῦτα
2685 2405 2781 2457 καὶ
2809 2402 2876 2455 δι’
2901 2395 2962 2453 οὐ
3002 2403 3218 2464 τούτοις
3263 2401 3326 2454 τὸ
3350 2397 3490 2454 εἶναι
3529 2401 3804 2469 περίεστι.

2227 2497 2291 2548 Τί
2325 2496 2434 2568 γὰρ
2463 2498 2524 2550 τὺ
2549 2495 2720 2562 τάξαν
2754 2495 2822 2552 τά
2847 2496 3076 2568 οὐράνιά
3102 2514 3161 2550 τε
3219 2497 3310 2550 καὶ
3341 2496 3582 2564 ἐπίγεια,
3605 2498 3707 2549 ὅσα
3745 2509 3808 2549 τι

2226 2586 2294 2640 δι’
2323 2587 2505 2659 ἀέρος.
2556 2593 2650 2640 καὶ
2683 2588 2785 2640 ὅσα
2847 2589 2970 2642 καθ’
3025 2588 3242 2654 ὓδατος,
3272 2590 3476 2659 μᾶλλον
3506 2590 3563 2643 δὲ
3597 2590 3666 2644 τά
3701 2590 3810 2660 πρὸ

2226 2679 2454 2744 τούτων,
2483 2679 2718 2749 οὐρανόν
2743 2697 2827 2743 τε,
2861 2683 2955 2736 καὶ(⁵
2996 2682 3122 2752 γῆν,
3153 2682 3266 2736 Stal.
3320 2682 3481 2751 ἀέρα,
3510 2684 3608 2735 καὶ
3641 2683 3806 2750 φύσιν

2229 2773 2458 2839 ὖδατσς;
2493 2773 2590 2837 Τίς
2619 2771 2793 2826 ταῦτα
2823 2772 3004 2842 ἔμιξε,
3057 2775 3150 2827 καὶ
3178 2774 3409 2846 ἐμέρισε
3435 2791 3449 2840 ;
3488 2775 3585 2838 Τίς
3615 2776 3648 2845 ή
3687 2792 3809 2828 κοι-

2228 2863 2400 2918 νωνία
2452 2864 2662 2916 τούτων
2697 2863 2835 2934 πρὸς
2889 2863 3120 2936 ἄλληλα,
3152 2866 3248 2918 καὶ
3299 2865 3548 2934 συμφυῖα
3599 2865 3810 2918 τούτων

2229 2957 2323 3008 καὶ
2347 2953 2656 3022 stigmata;
2697 2953 2939 3008 Ἐπαινῶ
2963 2956 3072 3025 γὰρ
3103 2954 3195 3008 τὸν
3219 2955 3506 3026 εἰρηκότα.
3531 2953 3632 3010 κᾶν
3654 2955 3812 3009 ἀλλό-

2228 3060 2379 3116 τριος
2498 3043 2564 3097 Τί
2599 3045 2660 3097 τὸ
2691 3044 2864 3098 ταῦτα
2893 3046 3214 3115 κεκινηκὸς.
3239 3047 3330 3100 καὶ
3351 3047 3486 3116 ἄγον
3511 3047 3610 3117 τὴν
3635 3047 3812 3116 ἄληκ-

2230 3152 2322 3189 τον
2341 3137 2539 3206 φοράν,
2565 3136 2660 3190 καὶ
2682 3134 2967 3208 ἀκώλυτον
2983 3131 3070 3203 ;'A
3085 3137 3244 3208 ρὀὐχ
3264 3139 3292 3189 ὁ
3315 3139 3563 3208 τεχνίτης
3581 3138 3812 3205 τούτων,

2231 3227 2328 3280 καὶ
2356 3226 2688 3302 πᾶσι.λόγον
2717 3207 2915 3290 ἐνθείς,
2952 3207 3133 3290 καθὼς
3155 3227 3215 3280 τὸ
3238 3207 3346 3282 πᾶν
3371 3207 3596 3302 φέρεταί
3619 3247 3678 3283 τε
3705 3232 3800 3284 καὶ

2229 3301 2576 3387 amid-ferat;
2631 3317 2728 3381 Τίς
2783 3317 2829 3372 δ’
2881 3318 2908 3370 ὁ
2967 3318 3221 3390 τεχνίτης
3273 3301 3508 3386 τούτωνς
3554 3317 3809 3396 ⁷Αρὀὺχ

2229 3412 2258 3466 6
2287 3407 2606 3481 πεποιηκὼς
2651 3408 2846 3476 ταῦτα,
2872 3410 2971 3463 καὶ
3025 3411 3108 3473 εἰς
3135 3410 3197 3464 τδ
3233 3407 3374 3465 εἶναι
3411 3412 3798 3485 παραγαγών;

2229 3503 2290 3556 οὐ
2334 3501 2443 3572 γὰρ
2464 3501 2528 3572 δὴ
2561 3501 2636 3570 τῷ
2677 3501 2972 3572 αὐτομάτῳ
3011 3501 3190 3557 δοτέον
3239 3505 3510 3576 τοσαύτην
3555 3504 3807 3575 δύναμιν.

2236 3597 2415 3649 Ἔστω
2429 3594 2536 3664 γὰρ
2559 3595 2618 3647 τὸ
2638 3595 2893 3664 γενέσθαι
2913 3594 3008 3648 τοῦ
3033 3595 3360 3668 αὐτομάτου·
3382 3598 3523 3662 τίνος
3545 3597 3603 3650 τὸ
3623 3599 3805 3662 τάξαις

2234 3689 2342 3741 Καὶ
2393 3686 2573 3752 τοῦτο,
2614 3689 2663 3740 εί
2697 3686 2866 3752 δοκεῖ,
2897 3685 3098 3758 δῶμεν.
3123 3687 3281 3753 Τίνος
3327 3689 3390 3742 τὸ
3440 3693 3672 3763 τηρῆσαι
3716 3689 3812 3743 καὶΙ

2233 3779 2469 3852 φυλάξαι
2517 3777 2640 3834 καθ’
2670 3778 2766 3843 οὒς
2818 3778 3033 3850 πρῶτον
3070 3781 3280 3853 ὑπέστη
3320 3782 3547 3849 λόγους;
3608 3782 3801 3852 ἑτέρου

2230 3873 2376 3936 τινὸς
2421 3870 2454 3942 ἢ
2516 3869 2611 3924 τοῦ
2660 3871 3004 3942 αὐτομάτους
3058 3871 3247 3942 ἐτέρου
3312 3872 3511 3942 δηλαδὴ
3546 3873 3697 3941 παρὰ
3749 3871 3814 3924 τὸ

2236 3963 2571 4034 αὐτόματον.
2620 3961 2792 4017 Τοῦτο
2815 3961 2871 4017 δὲ
2894 3963 2947 4016 τί
2981 3981 3112 4018 ποτε
3133 3963 3260 4018 ἄλλο
3286 3962 3423 4033 πλὴν
3457 3963 3591 4026 Θεός
3616 3980 3632 4028 ;

545 4064 712 4108 tatem
778 4053 1188 4112 concedendum
1264 4065 1368 4120 est,
1431 4067 1490 4111 ut
1549 4072 1767 4110 causam
1829 4075 2016 4116 eorum
2090 4058 2356 4114 fateamur
2399 4055 2692 4113 exstitisse.
2755 4053 2911 4123 Quod
2959 4056 3006 4112 si
3056 4057 3108 4112 id
3151 4056 3622 4121 concesserimus,
3680 4072 3813 4112 num

545 4146 708 4199 etiam
768 4149 1122 4217 pulcherrimi
1182 4151 1416 4220 hujusce
1487 4167 1670 4208 rerum
1716 4153 1931 4209 ordinis
2009 4155 2114 4210 erit
2157 4153 2362 4210 causa?
2414 4149 2519 4207 Sed
2550 4152 2744 4208 demus
2811 4153 2865 4209 id
2895 4167 3133 4224 quoque,
3178 4153 3222 4208 si
3264 4152 3498 4209 videtur.
3528 4153 3598 4209 Ut
3623 4151 3813 4207 eadem

543 4247 722 4295 autem
773 4243 1003 4310 ratione,
1061 4260 1166 4314 qua
1217 4247 1488 4318 principio
1543 4265 1723 4303 rerum
1793 4249 2124 4306 universitas
2168 4249 2436 4313 constitit,
2495 4255 2874 4314 conservetur,
2927 4261 3112 4302 nonne
3172 4246 3239 4302 ad
3297 4247 3469 4312 aliud,
3527 4261 3690 4316 quam
3749 4243 3821 4299 ad

543 4346 730 4386 casum
762 4332 1107 4390 referendum
1149 4337 1268 4392 est?
1290 4338 1375 4392 Ad
1399 4339 1548 4408 aliud
1573 4337 1836 4409 proiecto.
1867 4337 2075 4410 Ecquid
2106 4350 2290 4396 autem
2322 4342 2428 4396 erit
2455 4340 2601 4395 istuc
2635 4339 2823 4394 aliud?
2866 4337 3012 4392 Nihil
3043 4352 3199 4404 sane,
3249 4337 3358 4393 nisi
3391 4337 3558 4392 Deus.

619 4461 927 4547 In‘sosdsnt
961 4464 1199 4550 Gregorii
1232 4466 1418 4550 (tigna?
1442 4469 1784 4550 pontiﬁciis:
1810 4469 1939 4524 libro
1967 4471 2056 4541 qui

2240 4474 2351 4528 τοῦ
2386 4473 2650 4540 Νύσσης
2675 4471 2745 4525 ἐκ
2786 4469 2895 4550 τῆς
2916 4471 3155 4550 ﬁlatim).
3176 4469 3648 4550 τῆςλςγομένης
3680 4474 3829 4526 Θεο-

898 4537 1206 4593 immbimr
1237 4537 1315 4592 De
1341 4537 1634 4608 cognitione
1664 4541 1780 4596 Dei.
1978 4537 1988 4541 ⁷

2599 4537 2878 4612 ’γνωσίας
2900 4543 3052 4595 κατὰ
3083 4539 3202 4596 τῶν
3230 4537 3451 4598 αὐτῶν.

607 4661 770 4728 Quod
834 4679 898 4719 ex
929 4665 1255 4736 simplicium
1302 4669 1697 4723 elementorum
1745 4676 1925 4732 terrae,
1957 4683 2130 4738 aquae,

545 4769 710 4820 aeris,
726 4755 868 4826 ignis
885 4758 1259 4826 permistione,
1280 4768 1375 4814 aut
1396 4775 1460 4818 ex
1485 4761 1822 4828 corpusculis
1843 4760 2134 4815 individuis

545 4850 752 4912 omnia,
797 4864 917 4918 quae
956 4847 1012 4903 in
1044 4851 1250 4906 mundo
1307 4861 1458 4915 sunt,
1511 4861 1783 4916 conSIent,
1842 4861 1901 4906 ut
1940 4853 2136 4907 asserit

547 4939 844 5007 Epicurus,
873 4941 1017 5010 quod
1049 4943 1294 5012 genitum
1335 4953 1418 4999 est
1461 4958 1568 4997 non
1601 4945 1806 5014 genito,
1876 4945 2134 5014 quodque

550 5031 750 5086 factum
781 5032 1042 5090 eﬂ‘eetore
1072 5034 1191 5090 sine
1249 5035 1358 5090 ulla
1411 5036 1751 5092 dubitatione
1791 5043 1947 5091 tanto
1994 5049 2137 5107 pra:-

552 5124 790 5179 Stantius
849 5134 1013 5196 atque
1045 5128 1363 5198 praeclarius
1417 5129 1882 5200 deprehendetur,
1932 5137 2136 5199 quanto

549 5216 898 5286 simplicibus
969 5220 1259 5276 clementis
1329 5232 1386 5276 et
1441 5222 1782 5293 corpusculis
1837 5220 1962 5281 illis.
2017 5237 2136 5290 quae

548 5320 762 5366 atomos
792 5313 1003 5382 dicunt,
1038 5314 1203 5371 homo
1234 5315 1497 5387 praecellit
1528 5353 1542 5369 .
1569 5315 1838 5371 Praeterea
1861 5315 2137 5383 quomodo

550 5418 672 5471 quae
697 5413 892 5458 natura
925 5405 1070 5460 inter
1097 5422 1156 5461 se
1179 5409 1457 5463 contraria
1485 5415 1636 5473 sunt,
1674 5416 1770 5461 aut
1808 5405 1932 5460 sine
1961 5405 2135 5460 detri-

551 5506 740 5551 mento
776 5497 844 5551 ad
881 5498 1045 5552 unius
1085 5500 1234 5554 orbis
1260 5500 1655 5570 perfectionem
1693 5507 2133 5556 concurrerunt:

551 5593 646 5638 aut
683 5589 802 5642 sine
833 5590 1068 5644 consilio
1109 5591 1433 5661 rationeque
1468 5591 1767 5645 convenire
1820 5589 1965 5645 inter
1995 5598 2053 5646 se
2083 5597 2138 5645 et

555 5689 864 5746 congruere
910 5688 1247 5750 potuerunt:
1297 5690 1393 5736 aut
1423 5681 1631 5736 homini
1677 5682 1940 5737 rationem
1990 5683 2138 5737 inse-

556 5780 695 5837 rere,
727 5786 830 5843 qua
859 5772 972 5849 ipsa
1005 5783 1192 5831 carent
1229 5774 1478 5843 omnino,
1506 5774 1706 5848 quippe
1729 5789 1849 5849 qua:
1877 5775 2044 5833 animi
2073 5789 2138 5834 ac

2308 4659 2480 4731 Εἴπερ
2509 4661 2572 4714 ἐκ
2604 4659 2707 4728 τῆς
2731 4659 2840 4712 τῶν
2858 4657 3043 4712 ἁπλῶν
3066 4657 3347 4728 στοιχείων
3365 4658 3676 4724 συνουσίας,
3717 4659 3833 4728 γῆς

2237 4754 2400 4820 λέγω,
2436 4754 2531 4806 καὶ
2570 4751 2786 4814 ὕδατος,
2815 4751 2910 4805 καὶ
2937 4751 3118 4823 ἀέρος,
3159 4753 3255 4805 καὶ
3307 4753 3553 4824 πυρὸς,ἢ
3587 4754 3695 4805 τῶν
3725 4753 3835 4805 λε-

2235 4849 2484 4920 γομένων
2505 4848 2724 4919 ἀτόμων
2744 4845 2866 4901 κατ’
2910 4846 3229 4917 Ἐπίκουρον
3259 4846 3331 4899 τὰ
3351 4847 3624 4914 ὲγκόσμια
3655 4845 3836 4914 γεγέ-

2236 4957 2415 5011 νηται,
2445 4938 2806 5008 εὑρεθήσεται
2840 4938 2903 4991 τὸ
2932 4941 3194 5009 γεννητὸν
3229 4937 3322 4990 τοῦ
3371 4939 3698 5008 ἀγεννήτου,
3725 4941 3842 4996 καὶ

2236 5033 2298 5086 τὸ
2337 5031 2562 5102 ποιηθὲν
2609 5031 2706 5085 τοῦ
2761 5033 3094 5103 ποιήσαντος
3155 5029 3506 5100 ἀσυγκρίτως
3549 5033 3834 5101 κρεῖττον,

2238 5125 2334 5177 καὶ
2367 5121 2718 5193 τιμιώτερον,
2746 5125 2842 5177 καὶ
2872 5123 3131 5176 τοσοῦτον
3185 5121 3312 5174 ὅσον
3340 5123 3367 5173 6
3391 5119 3682 5191 ἄνθρωπος
3712 5120 3843 5176 τῶν

2235 5215 2427 5269 ἁπλῶν
2465 5217 2745 5285 στοιχείων
2795 5217 2891 5270 καὶ
2945 5216 3055 5269 τῶν
3107 5213 3419 5284 εἰρημένων
3457 5213 3676 5283 ἀτόμων
3707 5210 3846 5266 δια-

2239 5308 2566 5380 φορώτερος.
2593 5311 2715 5374 Πῶς
2736 5310 2783 5363 δ’
2805 5310 2872 5363 ἂν
2903 5309 2998 5362 καὶ
3027 5307 3172 5361 κατά
3197 5305 3363 5375 φύσιν
3396 5307 3616 5359 ἐναντία
3680 5320 3826 5359 συν-

2239 5405 2476 5475 έδραμον
2523 5391 2775 5466 ἀϐλαϐῶς
2814 5403 2893 5465 είς
2950 5401 3069 5464 ἐνὸς
3121 5401 3330 5468 κόσμου
3392 5401 3843 5471 συμπλήρωσιν;

2242 5491 2369 5558 Πῶς
2396 5495 2441 5549 δ’
2486 5495 2555 5550 ἂν
2589 5495 2686 5548 καὶ
2720 5492 3118 5562 συνεφώνησαν
3151 5492 3252 5545 οὐκ
3299 5492 3494 5563 ἔχοντα
3538 5491 3845 5560 βούλησιν,

2235 5587 2274 5660 ἢ
2306 5588 2502 5658 λόγον;
2535 5588 2606 5641 Ἦ
2637 5586 2754 5650 πῶς
2783 5586 2862 5656 τῷ
2913 5583 3190 5658 ἀνθρώπῳ
3237 5584 3398 5652 λόγον
3450 5583 3724 5654 ἀνέθηκαν
3757 5586 3851 5639 τὰ

2242 5682 2518 5745 παντελῶς
2550 5680 2752 5750 ἀψυχα,
2796 5681 2890 5734 καὶ⁸
2919 5679 3114 5748 ἄλογα,
3162 5683 3256 5733 καὶ
3287 5678 3630 5748 ἀναίσθητας
3673 5673 3851 5733 Ἔδει

2242 5775 2300 5830 δὲ
2334 5775 2426 5830 καὶ
2454 5765 2502 5842 ᾧ
2528 5773 2588 5826 τὸ
2617 5771 2779 5827 πλέον
2820 5771 2921 5844 τῆς
2971 5771 3241 5844 σφετέρας
3278 5771 3467 5834 οὐσίας
3497 5766 3847 5840 ἀπεκλήρω-
