4130 6466
573 393 638 458 3l
1820 395 2207 458 EUTHYMII
2241 397 2605 459 ZIGABENI
3775 400 3845 461 32

593 541 3830 577 Μ

2020 716 2384 814 ΠΙΝΑΞ

1072 906 1211 963 ΤΗΣ
1248 907 1502 962 ΒΙΒΛΟΥ
1542 907 1679 963 ΤΗΣ
1718 907 2390 964 ΕΠΟΝΟΜΔΖΟΜΕΝΗΣ
2425 907 2888 963 ΔΟΓΜΔΤΙΚΗΣ
2925 908 3383 965 ΠΛΝΟΠΛΙΑΣ.

2021 1311 2351 1391 INDEX

1480 1482 1662 1539 LIBRI
1711 1482 2066 1544 PANOPLIA
2117 1486 2536 1545 DOGHATICA
2587 1485 2965 1545 INSCRIPTI.

567 1886 785 1944 Titulus
810 1886 856 1945 l.
885 1916 957 1931 -
988 1887 1352 1947 Ratiocinatio
1422 1893 1771 1963 sylloyiatiea.
1853 1911 1959 1964 qua
2016 1894 2148 1949 Deus

2256 1891 2453 1959 Τιτλος
2485 1889 2659 1953 A'.—
2693 1892 3150 1965 Συλλογιστική
3210 1891 3544 1963 ἀπόδειξις,
3602 1895 3693 1950 ὅτι
3763 1888 3854 1964 εἷς

1065 1998 1200 2036 unus
1223 2000 1333 2037 esse
1366 1985 1598 2053 ejusdem
1630 1996 1879 2040 natura:
1916 1986 2156 2051 Verbum,

1059 2091 1126 2128 ac
1152 2072 1414 2144 Spiritum
1442 2075 1588 2139 item,
1618 2091 1801 2141 nempe
1860 2074 2064 2129 Filium
2108 2084 2159 2131 et

1064 2164 1326 2233 Spiritum
1358 2177 1599 2221 sanctum
1622 2168 2160 2222 haberedemonstra-

1060 2268 1170 2313 tur.
1201 2257 1281 2312 Ea:
1299 2259 1538 2314 oratione
1563 2260 1872 2315 catechetica
1920 2259 2158 2331 Gregorii

1056 2350 1244 2420 Nysae
1272 2352 1553 2420 pontiﬁcis.
1874 2343 1880 2350 ’

562 2443 781 2498 Titulus
812 2440 877 2498 II.
909 2471 979 2485 —
1014 2441 1092 2497 De
1119 2443 1285 2498 Patre
1312 2452 1359 2498 et
1390 2441 1536 2497 Filio
1594 2452 1645 2498 et
1698 2442 1909 2511 Spiritu
1971 2452 2157 2499 sancto

1059 2535 1315 2590 distincta
1342 2536 1504 2590 simul
1524 2548 1682 2608 atque
1706 2537 1988 2606 conjuncta
2015 2537 2155 2592 divi-

1059 2629 1247 2682 nitatis
1284 2630 1446 2683 ratio.

562 2719 779 2776 Titulus
810 2718 907 2777 IlI.
931 2749 1001 2761 —-
1031 2720 1109 2775 De
1164 2720 1273 2776 Deo
1321 2737 1411 2775 seu
1465 2720 1757 2775 Divinitate
1778 2721 2147 2778 communiter.

1059 2814 1161 2880 Qui
1191 2813 1380 2881 Deum,
1409 2823 1504 2867 aut
1527 2812 1867 2868 Dioinitatem
1893 2823 1988 2868 aut
2023 2814 2157 2869 dioi-

1065 2921 1189 2959 num
1225 2905 1436 2959 Numen
1463 2904 1613 2968 dicit,
1643 2904 1910 2958 communi
1966 2904 2154 2958 horum

1056 2998 1415 3068 appellatione
1466 3005 1573 3052 tres
1620 2998 1778 3052 unius
1856 2997 2153 3052 divinitatis

1059 3092 1387 3161 bypostases,
1460 3091 1570 3145 sive
1653 3106 1907 3161 personas
1963 3089 2149 3145 decla-

1063 3201 1210 3240 rare.

2767 1983 2902 2037 ἐστι
2937 1984 3106 2052 Θεὸς,
3132 1984 3233 2039 real
3257 1984 3346 2038 ὅτι
3375 1984 3476 2039 καὶ
3504 1986 3700 2055 Λόγον
3728 1984 3855 2052 ἔχει

2762 2075 3096 2143 ὀμοούσιον
3174 2072 3389 2139 ἐαυτῷ,
3442 2075 3541 2130 καὶ
3611 2076 3857 2147 Πνεῦμα

2765 2166 3009 2235 ὁμοίως,
3058 2165 3211 2233 ἅπερ
3239 2165 3401 2221 εἰσιν
3429 2169 3462 2222 ὀ
3502 2166 3635 2235 Υἱὸς
3659 2168 3757 2222 καὶ
3786 2171 3852 2223 τὸ

2760 2257 3009 2325 Πνεῦμα
3035 2258 3101 2312 τὸ
3129 2258 3305 2328 ἅγιον
3343 2257 3417 2313 ἐκ
3449 2260 3559 2315 τοῦ
3589 2277 3857 2332 κατηχη-

2762 2346 2937 2401 τικοῦ
2965 2348 3155 2416 λόγου
3182 2347 3291 2402 τοῦ
3324 2349 3607 2417 Νύσσης.

2258 2436 2453 2503 Τίτλος
2492 2434 2659 2494 B'.--
2692 2437 2837 2505 Περὶ
2876 2439 3110 2507 Πατρὸς
3165 2438 3265 2493 καὶ
3324 2440 3473 2516 Υιοῆ
3521 2439 3621 2495 καὶ
3680 2440 3856 2509 ἁγίου

2760 2531 3116 2600 Πνεύματος
3153 2531 3578 2603 διακεκριμένη
3608 2531 3730 2603 ἅμα
3750 2532 3854 2587 και

2757 2620 3040 2691 ἡνωμένη
3073 2621 3375 2691 θεολογία.

2256 2712 2453 2777 Τίτλος
2489 2712 2662 2769 Γ’.-·
2690 2713 2832 2783 Περὶ
2869 2712 3020 2768 Θεοῦ
3076 2711 3316 2781 κοινῶς.
3362 2711 3564 2781 Δῆλον
3594 2714 3663 2769 δὲ
3698 2715 3784 2770 ὅτι
3819 2717 3855 2772 ὁ

2765 2807 2916 2862 Θεὸν
2929 2805 3138 2872 εἰπὼν,
3157 2806 3195 2876 ἢ
3221 2806 3558 2875 Θεότητα,ἣ
3584 2806 3648 2860 τὸ
3689 2806 3853 2861 θεῖον

2749 2897 2956 2966 ἁπλῶς
3008 2896 3109 2952 καὶ
3151 2896 3691 2967 ἀπροσδιορίστως,
3739 2898 3850 2964 τὰς

2758 2992 2918 3061 τρεῖς
2974 2990 3351 3067 ὑποστάσεις
3400 2988 3512 3059 τῆς
3546 2990 3689 3061 μιᾶς
3714 2989 3853 3044 Θεό-

2751 3102 2936 3154 τητος
2974 3085 3233 3155 ἐνέφηνε
3270 3082 3347 3155 τῇ
3380 3082 3677 3155 καθολικῇ
3719 3083 3852 3139 τού-

2747 3194 2866 3232 των
2898 3177 3295 3247 προσηγορίᾳ.

556 3278 773 3337 τίιιιιιε
808 3277 900 3335 1V.
926 3306 999 3318 —-
1028 3234 1273 3332 Diiiridm
1323 3288 1574 3332 naturam
1624 3275 1990 3347 comprehendi
2047 3289 2148 3331 non

2256 3266 2455 3333 Titio;
2495 3268 2572 3325 A’.
2596 3298 2666 3311 -ι-
2689 3267 2833 3339 Περι
2896 3234 3004 3323 τοῦ
3060 3234 3495 3337 άλιάτάληπτον
3553 3261 3708 3325 εἶναι
3736 3268 3852 3340 τὴν

932 3434 935 3435 ν
1052 3387 1223 3440 posse.

556 3464 774 3519 Titulus
806 3463 873 3520 γ.
892 3492 962 3505 --
986 3460 1061 3516 De
1091 3461 1271 3517 divina
1304 3461 1683 3529 appellatione.

556 3556 771 3610 Titulus
796 3553 886 3608 VI.
916 3582 988 3593 —
1019 3553 1098 3607 De
1125 3554 1335 3623 opiﬁcis
1371 3553 1488 3607 Dei.

557 3647 776 3702 Titulus
805 3644 920 3702 VII.
949 3675 1019 3687 -—
1052 3645 1127 3700 De
1161 3647 1344 3699 divina
1376 3645 1789 3699 Immanatione.

557 3737 771 3796 Titulus
802 3738 937 3795 VIII.
964 3769 1036 3780 —
1064 3738 1267 3794 Contra
1308 3737 1573 3799 Hebrtcos.
1601 3754 1665 3793 ex
1689 3738 1844 3803 libro,
1876 3746 1933 3792 ut
1960 3740 2146 3810 fertur,

994 3828 999 3835 ’
1055 3829 1109 3885 Ν
1114 3833 1308 3902 ysseni,
1334 3830 1414 3885 De
1440 3832 1735 3902 cognitione
1764 3831 1882 3887 Dei.

555 4000 775 4059 Titulus
796 4001 893 4060 1X.
919 4033 989 4047 —
1014 4002 1211 4057 Contra
1228 4001 1496 4059 Simonem
1511 4001 1970 4069 Samarensem,'et
1989 4002 2147 4057 Mar-

1053 4097 1258 4151 ciouem
1282 4096 1582 4159 Ponticum,
1614 4104 1663 4149 et
1686 4094 1950 4150 Manetem
2004 4094 2146 4154 Per-

1047 4204 1191 4255 sam,
1219 4196 1270 4242 et
1296 4186 1642 4244 Manichwos.

553 4369 770 4426 Titulus
800 4369 870 4426 X.
895 4400 964 4413 -
992 4368 1255 4425 Adversus
1291 4367 1580 4425 Sabeliium
1603 4384 1666 4424 ea:
1688 4365 1747 4424 S.
1777 4367 1999 4440 Cyrilio.

553 4547 769 4606 Titulus
792 4547 882 4605 XI.
899 4580 966 4592 -
985 4549 1049 4605 In
1072 4549 1321 4617 Arianae,
1349 4547 1531 4619 magni
1559 4545 1860 4604 Athanasii.

553 4729 774 4787 Titulus
803 4729 924 4787 XII.
950 4762 1019 4775 —-
1046 4732 1248 4788 Contra
1319 4731 1554 4791 Soiritus
1600 4735 1771 4790 sancti
1860 4734 2148 4808 impugna-

1047 4834 1204 4880 τοῖσι.
1451 4828 1454 4832 ’

549 4909 766 4967 Titulus
794 4911 936 4967 XIII.
976 4942 1044 4954 —
1084 4913 1262 4970 Photii
1307 4919 1651 4987 patriarcha,
1704 4916 2146 4984 contraLatinos,

1050 5010 1189 5078 quod
1213 5026 1278 5064 ex
1303 5009 1471 5064 Patre
1502 5021 1708 5065 tantum
1742 5012 1977 5074 procedit
2023 5010 2149 5079 Spio

1055 5103 1188 5155 ritus
1214 5112 1451 5168 sanctus,
1489 5119 1591 5157 non
1626 5112 1677 5158 et
1693 5119 1758 5159 ea:
1779 5100 1943 5158 Filio.

550 5275 766 5332 Titulus
796 5276 930 5332 XIV.
959 5309 1031 5320 ——
1057 5278 1252 5335 Contra
1283 5282 1700 5352 Apollinarium.

552 5365 767 5431 Titulus
803 5367 919 5423 XV.
952 5369 1242 5427 —Contra
1270 5372 1645 5432 Nestorianoa.

556 5458 770 5515 Titulus
790 5458 931 5517 XVI.
959 5492 1031 5504 —-
1058 5462 1259 5520 Contra
1314 5456 1735 5538 Monophgeitas,
1771 5486 1997 5540 quorum
2048 5487 2149 5527 aue

1055 5567 1169 5611 ctor
1193 5557 1453 5630 Eutyche:
1484 5562 1928 5618 archimandrita.

560 5644 775 5702 Titulus
807 5644 968 5703 XVII.
989 5678 1060 5688 —
1083 5648 1287 5705 Contra
1350 5656 1894 5721 Aphtltartodocetas.

563 5737 773 5797 Titulus
801 5742 989 5801 XVIII.
1014 5776 1083 5789 —-
1116 5745 1317 5802 Contra
1341 5765 1426 5803 eos
1466 5752 1557 5822 qui
1594 5753 1776 5807 dicunt
1800 5753 1967 5810 Deum
2021 5752 2150 5812 Ver-

1046 5840 1167 5894 bum
1191 5842 1556 5901 inmatibiliter
1586 5861 1693 5902 esse
1724 5863 1958 5903 nassum.

2730 3360 2899 3414 θείαν
2925 3358 3141 3430 φύσιν.

2252 3454 2449 3517 Τίτλος
2492 3453 2570 3507 Ε’.
2590 3480 2659 3495 -—-
2679 3450 2823 3521 Hepl
2855 3452 3225 3521 Θεωνυμίας.

2251 3546 2445 3610 Titio;
2477 3543 2811 3613 (ῖ’.-Περὶ
2852 3542 2962 3612 τῆς
2992 3545 3158 3612 θείας
3188 3543 3601 3617 δημιουργίας.

2251 3638 2446 3702 Τίτλος
2487 3636 2559 3693 Z'.
2583 3669 2651 3681 —
2671 3637 2811 3706 Περὶ
2838 3636 2951 3708 τῆς
2982 3638 3145 3705 θείας
3172 3637 3704 3709 ἐνανθρωπήσεως.

2249 3732 2444 3797 Τίτλος
2486 3732 2852 3788 Η¹.-Κατὰ
2904 3730 3193 3799 Ἐϐραίων
3238 3730 3308 3785 ἐκ
3333 3730 3442 3802 τῆς
3503 3730 3844 3802 λεγομένης

2751 3818 2910 3877 εἶναι
2974 3822 3083 3878 τοῦ
3133 3824 3394 3890 Νύσσης
3452 3824 3690 3886 βίϐλου.
3737 3823 3852 3893 τῆς

2750 3914 3353 3985 προσαγορευομένης
3376 3914 3772 3983 Θεογνωσίας.

2246 4008 2441 4076 Τιτλος
2480 4007 2560 4067 8'.
2589 4038 2660 4051 -—
2686 4008 2849 4064 Κατὰ
2892 4008 3161 4079 Σίμωνος
3207 4005 3316 4062 τοῦ
3364 4003 3707 4074 Σαμαρέως,
3743 4009 3852 4064 καὶ

2747 4102 3105 4169 Μαρκίωνος
3134 4100 3241 4155 τοῦ
3269 4098 3585 4163 Ποντικοῦ,
3610 4098 3711 4152 καὶ
3735 4098 3850 4153 τοῦ

2739 4192 2984 4263 Πέρσου
3023 4195 3357 4263 Μάνεντος,
3396 4192 3497 4249 καὶ
3548 4191 3669 4247 τῶν
3718 4194 3850 4246 Ma-

2741 4287 3020 4355 νιχαίων.

2244 4378 2439 4444 Τίτλος
2480 4377 2633 4433 I'.—
2664 4378 2830 4432 Κατὰ
2872 4377 3305 4436 Σαϐελλιανῶν
3345 4377 3456 4433 τοῦ
3511 4377 3686 4448 ἁγίου
3727 4380 3853 4433 Κυι-

2711 4470 2963 4536 ρίλλου.

2171 4596 2216 4655 c
2245 4559 2439 4626 Titio;
2459 4558 2817 4631 ΙΛἏξ--Κατὰ
2862 4559 3176 4627 Ἀρειανῶν
3220 4560 3331 4617 τοῦ
3374 4557 3647 4630 μεγάλου
3684 4559 3855 4616 Ἀθα-

2746 4653 2992 4707 νασίου.

2250 4744 2446 4809 Τίτλας
2479 4744 2578 4804 1Β’.
2598 4744 2851 4803 -Κατὰ
2889 4746 3441 4817 Πνευματομάχων.

2251 4927 2447 4990 Τιτλος
2478 4923 2578 4981 II".
2604 4926 2910 4981 -Φωτίου
2960 4924 3341 4997 Πατριάρχου
3378 4924 3529 4981 κατὰ
3571 4922 3690 4978 τῶν
3732 4923 3863 4995 τῆς
3928 4927 3947 4937 “

2745 5016 3009 5085 παλαιᾶς
3068 5016 3317 5084 Ῥώμης,
3348 5015 3437 5069 ὅτι
3483 5016 3553 5069 ἐκ
3608 5015 3861 5086 Πατρὸς

2745 5110 2943 5180 μόνου
2982 5108 3371 5176 ἐκπορεύεται
3401 5107 3466 5161 τὸ
3502 5108 3745 5174 Πνεῦμα
3774 5112 3863 5166 τὸ

2755 5201 2952 5272 ἅγιον,
2983 5201 3122 5255 ἀλλ’
3161 5201 3295 5267 οὐχι
3331 5200 3433 5254 και
3456 5201 3526 5255 ἐκ
3554 5201 3661 5261 τοῦ
3680 5201 3859 5265 Υιοῦ.

2252 5293 2444 5358 Τίτλος
2480 5295 2845 5353 ΙΔ’.--Κατὰ
2882 5294 3376 5361 Ἀπολλιναρίου.

2252 5387 2443 5451 Τίτλος
2481 5385 2845 5444 1Ε’.--Κατὰ
2874 5384 3315 5455 Νεστοριανῶν.

2253 5479 2450 5548 Titio;
2469 5480 2664 5550 tq'.--
2675 5478 2839 5537 Κατὰ
2860 5477 3324 5548 Μονοςρυσιτῶν,
3340 5471 3427 5533 ὧν
3450 5478 3866 5552 αἱρεσιάρχτις

2721 5576 2753 5627 ό
2783 5570 3086 5640 Εἰιτυχὴςο
3112 5575 3144 5629 ὀ
3166 5572 3653 5643 ἀρχιμανδρίτης.

2251 5665 2440 5730 Titio;
2471 5664 2571 5721 IZ'.
2598 5663 2841 5719 -Κατὰ
2868 5664 3451 5734 Ἀφθαρτοδοκητῶν.

2252 5759 2444 5827 Τξτλος
2477 5755 2826 5815 Ill'.——Kata
2855 5755 2973 5811 τῶν
2995 5760 3331 5829 λεγόντωνι
3346 5760 3609 5815 Ἐπαθεν
3638 5761 3669 5817 ὁ
3695 5759 3864 5831 Θεὸς

2726 5851 2916 5919 Λόγος
2947 5849 3212 5919 ἀπαθῶς.
