4130 6434
549 374 624 433 39
1827 363 2211 427 EUTHYMII
2252 361 2620 424 ZIGABENI
3752 363 3822 415 tu

549 484 832 538 auditores
878 481 1212 553 cogitatione
1269 480 1607 553 distinguant
1670 478 1910 534 Verbum
1961 480 2030 533 ab
2078 492 2137 533 eo

2249 473 2559 526 ἀκουόντων
2609 470 2818 527 διάνοια
2844 468 3006 525 αὐτόν
3036 484 3095 523 τε
3125 466 3215 521 τὸν
3239 465 3434 533 Λόγον,
3464 464 3561 522 καὶ
3584 465 3674 520 τὸν
3701 466 3825 520 ὅθεν

552 575 713 642 cujus
744 582 829 627 est
858 568 1121 636 Verbum,
1150 587 1261 626 non
1287 570 1521 639 amplius
1551 568 1870 641 mysterium
1896 568 2052 623 nobis
2083 568 2137 622 in

558 664 808 737 periculo
855 673 1131 730 versatur,
1182 678 1251 718 ne
1301 662 1427 717 dum
1483 661 1796 717 Graecorum
1855 661 2142 731 opiniones

555 758 876 818 refellimus,
905 757 1190 810 videamur
1227 755 1538 810 Iudaeorum
1576 754 1904 809 sententiam
1934 770 2137 824 appro—

498 910 503 917 _
556 848 818 902 bantibus
865 846 1145 901 assentiri.
1199 846 1332 900 Nam
1385 844 1847 916 quemadmodum
1897 845 1951 899 in
1985 845 2143 900 nobis

549 940 784 995 dicimus
852 941 1078 995 verbum
1129 954 1157 992 a
1207 943 1390 992 mente
1437 938 1731 1009 proficisci,
1782 954 1961 1009 neque
2002 939 2142 993 ident

552 1032 777 1084 omnino
835 1045 956 1085 esse
1006 1030 1151 1099 quod
1187 1038 1272 1084 est
1322 1045 1496 1096 mens,
1527 1045 1629 1084 nec
1676 1030 1745 1084 ab
1782 1031 1872 1084 illa
1918 1046 2143 1100 prorsus

555 1121 831 1174 diversum
862 1120 1088 1190 (etenim
1131 1130 1403 1190 quatenus
1443 1121 1511 1175 ab
1548 1122 1636 1177 illa
1678 1122 1955 1191 provenit,
1993 1121 2142 1177 aliud

549 1210 810 1277 quiddam
842 1226 1005 1279 quam
1052 1212 1167 1281 ipsa
1211 1222 1293 1266 est
1330 1229 1345 1265 :
1393 1223 1663 1282 quatenus
1690 1222 1872 1267 autem
1903 1222 2142 1267 mentem

551 1300 898 1367 perspicuam
934 1298 1063 1354 facit
1101 1310 1156 1354 et
1182 1301 1439 1370 eXplicat,
1496 1315 1606 1355 non
1646 1302 1795 1356 aliud
1834 1302 1944 1374 jam
1974 1302 2044 1355 ab
2080 1315 2142 1355 ea

552 1388 831 1442 diversum
891 1390 1183 1461 cogitatur,
1247 1394 1340 1447 sed
1389 1394 1582 1446 natura
1640 1408 1833 1458 unum,
1894 1392 2144 1462 subjecto

550 1486 766 1531 tantum
796 1479 1078 1548 differenS)
1113 1499 1125 1535 :
1155 1480 1234 1535 sic
1264 1481 1427 1536 etiam
1456 1481 1551 1535 Dei
1581 1479 1844 1547 Verbum,
1874 1491 2144 1553 quatenus

550 1583 650 1636 per
692 1584 751 1622 se
775 1569 1050 1634 subsistit,
1093 1572 1162 1625 ab
1204 1586 1270 1626 eo
1307 1571 1662 1642 distinguitur
1711 1573 1855 1626 unde
1904 1580 1964 1626 ut
2014 1573 2143 1628 sub-

551 1660 717 1714 sistat
743 1660 942 1714 habet':
972 1669 1244 1730 quatenus
1272 1670 1453 1715 autem
1485 1676 1547 1715 ea
1589 1661 1833 1716 declarat
1860 1662 1914 1716 in
1942 1662 2142 1732 seipso,

554 1769 678 1821 qua:
714 1764 1014 1807 cernuntur
1048 1752 1102 1807 in
1141 1752 1271 1819 Deo,
1316 1753 1459 1807 idem
1490 1762 1578 1808 est
1609 1766 1804 1808 natura
1840 1770 1963 1809 cum
2000 1755 2139 1824 ipso,

2243 564 2420 629 ἐστὶν,
2448 564 2551 617 οῦκ
2575 561 2655 615 ἐτ’
2678 562 2744 615 ἂν
2771 562 2902 632 ἡμῖν
2932 559 3260 631 κινδυνεύσῃ
3283 557 3343 610 τὸ
3369 558 3673 628 μυστήριον
3704 558 3825 618 ταῖς

2243 655 2552 726 ἑλληνικαῇ
2595 653 2904 725 μαχόμενον
2939 650 3247 720 smmum
3278 650 3392 713 τοῖς
3430 645 3499 701 τὰ
3549 646 3823 699 Ἰουδαίων

2245 744 2612 815 πρεσϐεύουσι
2645 743 3052 814 συνενεχθῆναι.
3076 742 3289 811 Ὠσπερ
3319 740 3429 810 γὰρ
3455 739 3539 807 ἐφ’
3568 737 3726 807 ἡμῶν
3761 739 3827 791 ὲκ

2243 836 2341 889 τοῦ
2379 835 2470 890 νοῦ
2525 853 2707 906 φαμεν
2754 832 2896 888 εἶναι
2952 836 3043 888 τὸν
3095 834 3278 902 λόγον,
3323 832 3448 885 οὔτε
3499 829 3678 883 διόλου
3731 831 3826 883 τὸν

2245 929 2408 981 αὐτὸν
2431 927 2560 981 ὄντα
2590 927 2667 997 τῷ
2695 927 2793 996 νῷ,
2820 925 2941 980 οὗτε
2975 927 3321 981 παντάπασιν
3390 924 3607 995 ἕτερον’
3636 922 3699 977 τδ
3721 922 3825 993 μὲν

2245 1018 2354 1090 γὰρ
2379 1018 2438 1083 ἐξ
2462 1018 2672 1071 ἐκείνου
2698 1011 2840 1071 εἶναι
2870 1017 2999 1072 ἄλλο
3024 1036 3099 1084 τι,
3127 1018 3219 1071 καὶ
3246 1017 3346 1071 οὐκ
3380 1016 3559 1070 ἐκεῖνό
3588 1016 3729 1069 ἐστι’
3765 1014 3826 1069 τὸ

2242 1113 2299 1165 δὲ
2328 1112 2491 1165 αὑτὸν
2530 1111 2619 1164 τὸν
2650 1110 2777 1165 νοῦν
2808 1111 2899 1164 τὸν
2924 1112 3004 1174 είς
3033 1110 3093 1163 τὸ
3126 1109 3367 1181 ἐμφανὲς
3399 1110 3557 1177 ἄγειν
3612 1109 3713 1161 οῦκ
3747 1106 3826 1162 ἐτ’

2246 1204 2313 1258 ἂν
2364 1204 2554 1274 ἕτερόν
2585 1220 2637 1257 τι
2660 1204 2791 1275 παρ’
2826 1205 3033 1256 ἐκεῖνον
3057 1204 3359 1266 ὑπονοοῖτο,
3395 1201 3531 1255 ἀλλὰ
3555 1201 3699 1254 κατὰ
3723 1203 3825 1271 τὴν

2247 1296 2413 1366 φύσιν
2436 1295 2496 1348 ἓν
2522 1294 2597 1349 ὣν
2636 1297 2824 1367 ἕτερον
2850 1296 2926 1367 τῷ
2963 1296 3311 1365 ὑποκειμένῳ
3338 1294 3486 1347 ἐστίν
3506 1309 3521 1325 ο
3556 1292 3703 1347 οὕτω
3731 1302 3827 1346 και

2245 1390 2276 1442 ό
2335 1388 2429 1442 τοῦ
2468 1388 2604 1442 Θεοῦ
2658 1390 2832 1459 Λόγος
2874 1388 2952 1460 τῷ
2990 1389 3090 1459 μὲν
3119 1388 3422 1457 ὑφεστάναι
3475 1388 3598 1442 καθ’
3628 1387 3825 1443 ἑαυτὸν

2245 1480 2501 1552 διῄρηται
2540 1482 2676 1552 πρὸς
2714 1484 2922 1535 ἐκεῖνον
2962 1481 3092 1552 παρ’
3119 1472 3181 1534 οὗ
3212 1481 3310 1553 τὴν
3340 1482 3640 1535 ὑπόστασιν
3667 1480 3784 1550 ἔχει
3809 1497 3822 1511 ·

2244 1572 2323 1641 τῷ
2349 1572 2405 1624 δὲ
2447 1572 2623 1627 ταῦτα
2677 1572 2947 1626 δεικνύειν
2983 1574 3041 1627 ἐν
3063 1570 3245 1642 ἑαυτῷ
3294 1570 3331 1625 ἃ.
3358 1572 3487 1641 περὶ
3544 1573 3638 1623 τὸν
3687 1570 3825 1623 Θεὸν

2246 1662 2574 1733 καθορᾶται,
2618 1663 2646 1717 ό
2671 1664 2835 1727 αὑτός
2868 1664 2985 1717 ἐστι
3015 1662 3160 1717 κατὰ
3185 1664 3284 1733 τὴν
3314 1662 3479 1731 φύσιν
3510 1662 3705 1732 ἐκείνῳ
3747 1661 3825 1730 τῷ

2245 1754 2511 1808 δι”αὺτῶν
2539 1756 2649 1808 τῶν
2683 1756 3084 1827 γνωρισμάτων
3105 1754 3505 1827 εὑρισκομένῳ.
3536 1754 3665 1807 Εἴτε
3715 1752 3825 1823 γὰρ

552 1820 611 1898 in
645 1859 755 1913 quo
798 1844 991 1899 eadem
1052 1843 1253 1898 indicia
1297 1842 1361 1899 et
1394 1853 1538 1899 notae
1580 1847 1953 1915 reperiuntur.
2003 1820 2137 1900 IVam

2248 1847 2585 1915 ἀγαθότητα,
2612 1820 2725 1899 εἴτε
2751 1820 3006 1916 δῦναμιν,
3035 1847 3147 1899 εἴτε
3174 1820 3396 1915 σοφίαν,
3421 1820 3534 1898 eis:
3556 1845 3616 1898 τὸ
3640 1820 3826 1906 ἀϊδίως

554 1936 671 1989 sive
730 1935 1054 1999 bonitatem,
1106 1937 1225 1990 sive
1276 1936 1595 2006 potentiam,
1645 1938 1760 1991 sive
1791 1937 2139 2007 sapientiam,

551 2027 669 2083 sive
696 2029 1081 2094 aeternitatem,
1116 2028 1232 2083 sive
1264 2029 1510 2093 malitiae,
1532 2017 1727 2087 mo'rtis
1753 2040 1809 2084 et
1830 2030 2140 2100 corruptio-

553 2120 639 2174 nis
669 2122 1021 2187 vacuitatem,
1055 2120 1170 2175 sive
1204 2119 1421 2189 aliquod
1456 2120 1603 2175 aliud
1637 2120 1904 2189 ejusmodi
1924 2121 2140 2190 signum

553 2212 880 2275 constituas,
912 2226 1023 2281 quo
1051 2210 1210 2265 Patre
1239 2211 1355 2280 ipse
1406 2211 1923 2280 comprehendatur,
1950 2212 2142 2267 eodem

549 2302 710 2372 signo
761 2311 818 2358 et
864 2303 1145 2371 Verbum,
1198 2306 1343 2373 quod
1388 2318 1455 2357 ex
1508 2304 1601 2358 illo
1656 2306 1928 2369 subsistit,
1983 2306 2141 2361 inve-

551 2398 723 2450 neris.

1051 2587 1124 2643 De
1161 2586 1364 2658 Spiritu
1400 2597 1605 2643 sancto.

625 2702 705 2755 Ac
749 2700 1211 2769 quemadmodum
1262 2700 1414 2755 hisce
1467 2699 1729 2771 gradibus
1782 2701 2144 2758 ascendentes

547 2806 622 2848 ex
648 2800 835 2847 nostra
867 2807 1176 2862 supremam
1208 2791 1353 2845 illam
1387 2800 1636 2845 naturam
1664 2794 2032 2864 cognovimus,
2064 2794 2144 2849 sic

556 2882 788 2947 umbris,
821 2898 886 2937 ac
921 2883 1229 2937 simulacris
1269 2883 1596 2952 quibusdam
1631 2885 1917 2952 potestatis
1970 2884 2140 2949 illius,

550 2989 676 3045 quae
705 2975 888 3031 verbis
916 2974 1177 3046 explicari
1230 2990 1339 3029 non
1387 2982 1590 3045 potest,
1625 2976 1677 3030 in
1729 2986 1922 3031 natura
1954 2987 2142 3031 nostra

552 3067 867 3138 conspectis
926 3068 996 3123 ad
1072 3066 1310 3138 Spiritus
1358 3068 1732 3138 cognitionem
1800 3069 2140 3124 accedimus.

2247 1934 2413 2001 εἷναι,
2467 1936 2577 1990 εἴτε
2634 1937 2695 1991 τδ
2748 1937 2973 2002 κακίας,
3020 1938 3117 1991 καὶ
3167 1936 3424 2001 θανάτου,
3462 1937 3559 1989 καὶ
3615 1935 3827 2005 φθορᾶς

2245 2029 2623 2096 ἀνεπίδεκτον,
2684 2031 2795 2084 εἴτε
2841 2031 2935 2084 τὸν
2993 2033 3051 2084 ὲν
3097 2029 3261 2084 παντὶ
3319 2029 3553 2094 τέλειον,
3611 2030 3721 2082 εἴτε
3770 2044 3825 2081 τι

2238 2120 2487 2177 ’τοιοῦτον
2519 2123 2657 2187 ὅλως
2707 2124 2937 2195 σημεῖόν
2967 2140 3050 2186 τις
3086 2125 3295 2176 ποιείτο
3338 2124 3437 2193 τῆς
3465 2123 3562 2174 τοῦ
3602 2120 3821 2192 Πατρδς

2248 2214 2638 2284 καταλήψεως,
2679 2214 2767 2268 διὰ
2813 2214 2923 2267 τῶν
2946 2214 3126 2267 αὐτῶν
3159 2214 3383 2285 εὑρήσει
3437 2211 3685 2284 σημείων
3733 2214 3827 2266 καὶ

2243 2310 2336 2360 τὸν
2376 2308 2435 2374 ἐξ
2476 2308 2691 2362 ἐκείνου
2732 2307 3019 2377 ὑφεστῶτα
3048 2307 3247 2376 Λόγον.

2568 2556 2712 2626 Περὶ
2773 2557 2881 2613 τοῦ
2922 2557 3098 2628 ἁγίου
3140 2558 3507 2626 Πνεύματος.

2324 2674 2544 2746 Ὠσπερ
2591 2674 2649 2728 δὲ
2680 2675 2772 2729 τὸν
2818 2676 2992 2743 Λόγον
3020 2675 3083 2727 ἐκ
3130 2673 3239 2727 τῶν
3274 2672 3399 2726 καθ’
3425 2672 3572 2743 ἡμᾶς
3607 2670 3823 2739 ἀναγω-

2249 2768 2423 2837 γικῶς
2448 2768 2542 2821 ἐπὶ
2574 2766 2672 2836 τῆς
2701 2765 3107 2836 ὑπερκειμένης
3136 2763 3385 2834 ἔγνωμεν
3418 2762 3654 2831 φύσεως,
3684 2763 3827 2816 κατὰ

2242 2862 2337 2914 τὸν
2366 2860 2530 2912 αὑτὸν
2558 2858 2760 2930 τρόπον
2788 2858 2880 2911 καὶ
2912 2859 2980 2927 τῇ
3013 2858 3146 2926 περ)⁵
3170 2856 3265 2911 τοῦ
3295 2854 3616 2925 Πνεῦματος
3641 2856 3825 2927 ἐννοίᾳ

2247 2950 2707 3022 ὑπαχθησόμεθα,
2758 2951 2921 3013 σκιάς
2973 2965 3148 3017 τινας,
3220 2947 3318 3003 καὶ
3367 2948 3665 3019 μιμήματα
3723 2949 3828 3017 τῆς

2246 3044 2527 3116 ἀφράστου
2575 3042 2859 3113 δυνάμεως
2904 3043 2961 3097 ὲν
3009 3045 3077 3112 τῇ
3116 3041 3239 3096 καθ’
3285 3041 3432 3110 ἡμᾶς
3488 3039 3826 3111 Θεωροῦντες

549 3132 877 3227 Quanquam
931 3132 1161 3227 spiritus
1218 3156 1313 3226 qui
1374 3132 1454 3211 inv
1479 3158 1637 3213 nobis
1664 3167 1783 3226 est,
1833 3174 1901 3213 ex
1959 3159 2137 3213 alieno

2244 3137 2425 3207 φύσει.
2469 3135 2610 3189 Ἀλλ’
2644 3135 2730 3204 ἐφ’
2768 3135 2929 3207 ήμῶν
2968 3134 3066 3206 μὲν
3094 3135 3154 3189 τδ
3198 3133 3417 3205 πνεῦμα
3454 3134 3488 3206 ἠ
3532 3132 3626 3187 τοῦ
3659 3134 3823 3205 ἀέρος

549 3251 853 3313 reducitur,
890 3264 1092 3320 nempe
1129 3265 1195 3304 ex
1227 3263 1379 3310 aere.
1404 3249 1498 3320 qui
1537 3250 1603 3305 ad
1640 3251 1889 3320 corporis
1930 3254 2142 3306 consti-

551 3341 822 3397 tutionem
861 3340 1176 3399 necessario
1204 3340 1459 3396 hauritur
1486 3348 1542 3397 et
1572 3341 1893 3408 effunditur,
1929 3352 1984 3397 et
2012 3357 2138 3397 eum

549 3432 776 3487 verbum
805 3432 1222 3503 pronuntiatur,
1250 3433 1310 3487 fit
1339 3448 1441 3487 vox
1466 3447 1589 3503 qua:
1636 3435 1787 3488 verbi
1815 3443 2140 3504 potestatem

549 3522 609 3578 in
631 3524 811 3593 seipsa
837 3525 1116 3593 declarat;
1151 3524 1206 3579 in
1242 3525 1425 3579 divina
1457 3540 1586 3580 vero
1616 3534 1832 3588 natura,
1863 3526 1961 3580 etsi
1992 3525 2139 3596 piqu

549 3621 656 3678 est,
690 3612 784 3669 Dei
813 3613 1083 3684 Spiritum
1132 3616 1400 3686 cogitare,
1436 3615 1899 3684 quemadmodum
1937 3625 1993 3670 et
2033 3616 2129 3673 Dei

553 3709 787 3765 Verbum
818 3710 1048 3765 inferius
1077 3714 1171 3774 sit,
1211 3710 1258 3765 si
1304 3720 1551 3766 nostrum
1586 3726 1712 3767 cum
1746 3712 1967 3782 Spiritu,
2004 3713 2135 3767 illud

545 3802 668 3857 sine
712 3802 916 3874 spiritu
976 3818 1101 3858 esse
1123 3805 1416 3871 credatur,
1465 3820 1576 3860 non
1626 3813 1811 3859 tamen
1849 3816 2138 3861 consenta-

549 3907 715 3948 neum
822 3902 909 3950 est
970 3894 1192 3964 Deoque
1265 3896 1490 3965 dignum
1544 3895 1836 3950 arbitrari
1898 3897 2135 3952 alienum

551 3982 835 4052 quiddam,
877 3992 937 4037 ut
983 3984 1039 4037 in
1077 3985 1272 4053 spiritu
1310 3995 1501 4039 nostro
1546 3986 1833 4055 contingit,
1877 3985 1929 4039 in
1965 3986 2137 4042 Deum

520 4074 896 4136 .extriusecus
921 4073 1169 4136 influere,
1191 4073 1247 4128 in
1282 4074 1510 4144 ipsoque
1540 4076 1790 4145 spiritum
1815 4075 1974 4131 elllci.
2021 4077 2130 4131 Sed

550 4167 695 4223 sicut
723 4166 815 4220 Dei
851 4165 1088 4221 Verbum
1125 4167 1432 4230 audientes,
1488 4181 1598 4220 non
1650 4166 1955 4239 cogitamus
2001 4166 2136 4224 illud

551 4255 845 4326 eiusmodi,
894 4258 1043 4326 quod
1097 4272 1195 4327 per
1239 4273 1299 4311 se
1348 4273 1457 4315 non
1503 4257 1793 4325 subsistat,
1848 4268 1941 4313 aut
1989 4259 2135 4329 quod

552 4349 802 4404 doctrina
854 4350 1228 4420 ingeneretur,
1275 4364 1474 4404 voeeve
1515 4348 1843 4419 proferatur,
1897 4358 1992 4404 aut
2030 4351 2136 4406 dis.

552 4440 796 4496 solvatur
844 4449 1203 4511 posteaquam
1263 4441 1678 4511 pronuntiatum
1742 4448 1847 4507 est,
1894 4450 1991 4496 aut
2044 4441 2133 4496 cui

552 4532 789 4601 denique
830 4531 1034 4599 aliquid
1081 4545 1271 4585 eorum
1319 4532 1537 4586 eveniat
1578 4547 1701 4601 qua:
1733 4531 1903 4587 verbo
1945 4542 2135 4589 nostro

556 4621 813 4677 videmus
841 4622 1111 4689 accidere,
1151 4622 1247 4677 sed
1284 4632 1484 4677 natura
1531 4622 1861 4690 subsistens,
1897 4632 1953 4679 et
1997 4624 2136 4679 libe-

553 4733 697 4782 rum,
728 4727 784 4772 et
811 4717 1024 4781 etlicax,
1052 4727 1108 4772 et
1143 4716 1533 4786 omnipotens:
1570 4716 1762 4772 eodem
1803 4717 1964 4773 modo
2006 4732 2131 4773 cum

556 4808 656 4862 Dei
688 4806 977 4878 Spiritum,
995 4810 1090 4875 qui
1131 4806 1310 4861 Verbo
1354 4807 1728 4861 testimonium
1765 4806 1942 4873 affert,
1985 4806 2135 4877 ejus-

553 4913 662 4969 que
718 4898 827 4951 vim
874 4898 1216 4966 perspicuam
1277 4898 1495 4964 rcddit,
1554 4898 1945 4969 intelligimus,
2022 4915 2131 4954 non

553 4989 825 5043 anhelitus
868 4988 1123 5057 spiritum
1160 4987 1463 5060 cogitamus
1498 4988 1695 5057 (nimis
1742 4989 1889 5043 enim
1925 4988 2132 5060 abjice-

553 5089 705 5135 retur
731 5079 929 5134 divina
976 5080 1262 5150 potestatis
1310 5079 1646 5149 magnitudo,
1679 5080 1723 5133 si
1756 5080 1980 5148 spiritus
2011 5081 2131 5150 ejus

556 5182 743 5225 nostro
765 5169 956 5224 similis
990 5168 1293 5240 putaretur)
1320 5186 1336 5223 :
1370 5169 1466 5223 sed
1497 5185 1621 5223 cum
1650 5170 1704 5222 in
1736 5184 1796 5223 se
1836 5169 2131 5225 subsisten-

553 5269 666 5316 tem
705 5275 827 5330 quae
882 5259 936 5313 in
989 5262 1207 5331 propria
1251 5270 1444 5314 natura
1501 5259 1848 5330 perspicitur,
1900 5277 2131 5332 qumque

550 5368 655 5407 nec
682 5369 711 5406 a
751 5354 859 5406 Deo
882 5352 939 5405 in
970 5367 1079 5420 quo
1123 5362 1226 5416 est,
1278 5367 1379 5405 nec
1413 5367 1442 5406 a
1494 5351 1586 5406 Dei
1614 5350 1813 5419 Verbo,
1857 5353 1945 5408 cui
1982 5356 2133 5409 testi-

553 5446 797 5501 monium
850 5444 1060 5509 tribuit,
1107 5444 1348 5512 separari
1395 5452 1593 5513 potest.
1652 5452 1747 5498 aut
1791 5444 1845 5497 iu
1896 5446 2128 5501 nihilum

554 5537 746 5606 redigi,
797 5535 895 5591 sed
946 5534 1014 5588 ad
1067 5533 1232 5589 Verbi
1291 5534 1385 5589 Dei
1432 5536 1869 5601 similitudinem,
1920 5552 2017 5606 per
2069 5553 2129 5593 se

553 5627 818 5692 subsistit,
850 5637 906 5683 et
930 5625 1100 5681 libera
1128 5636 1230 5691 est,
1264 5636 1318 5680 et
1348 5643 1445 5696 per
1480 5643 1539 5682 se
1564 5635 1830 5693 movetur,
1855 5637 1910 5683 et
1943 5628 2129 5685 efficax
2162 5699 2173 5708 _

552 5729 659 5783 est,
694 5727 750 5773 et
778 5735 993 5789 semper
1042 5720 1246 5774 bonum
1280 5721 1413 5782 vult,
1447 5728 1500 5775 et
1551 5722 1671 5793 ejus
1715 5721 1978 5779 voluntati
2015 5732 2127 5780 sta-

554 5809 654 5866 tim
686 5807 1001 5880 periiciendi
1032 5820 1273 5881 potestas
1296 5811 1472 5865 adest.

2244 3231 2395 3285 ἐστὶν
2446 3230 2603 3300 ὁλκὴ,
2641 3228 2931 3300 ἀλλοτρίου
2984 3229 3317 3299 πράγματος
3369 3227 3509 3300 πρὸς
3562 3227 3664 3299 τὴν
3720 3228 3823 3280 τοῦ

2246 3321 2498 3393 σώματος
2537 3322 2798 3375 σύστασιν
2833 3322 3150 3391 ἀναγκαίως
3185 3321 3567 3391 εἰσελκομένου
3625 3339 3686 3374 τε
3724 3326 3825 3376 καὶ

2242 3410 2644 3480 προχεομὲνου,
2695 3411 2834 3481 ὅπερ
2880 3410 2937 3461 ὲν
2969 3409 3047 3479 τῷ
3078 3408 3260 3479 καιρῷ
3288 3411 3388 3480 τῆς
3442 3410 3822 3480 ὲκφωνήσεως

2243 3504 2338 3558 τοῦ
2368 3504 2531 3572 λόγου
2564 3501 2716 3575 φωνὴ
2757 3504 2971 3571 γίνεται
3014 3504 3117 3573 τὴν
3153 3502 3245 3554 τοῦ
3280 3503 3459 3571 Λόγου
3491 3502 3722 3571 δύναμιν
3761 3504 3823 3554 ὲν

2242 3590 2411 3662 ἑαυτῇ
2445 3590 2793 3662 φανεροῦσα”
2833 3591 2928 3642 ἐπὶ
2958 3590 3015 3643 δὲ
3049 3590 3150 3658 τῆς
3192 3589 3344 3653 θείας
3379 3590 3596 3659 φύσεως
3623 3595 3681 3645 τὸ
3712 3592 3815 3661 μὲν

2242 3678 2384 3736 εἶναι
2421 3682 2649 3753 Πνεῦμα
2692 3682 2828 3736 Θεοῦ
2878 3681 3103 3745 εὐσεϐὲς
3146 3682 3433 3754 ἐνομίσθη,
3480 3683 3623 3738 καθὰ
3657 3683 3815 3756 ἐδόθη

2242 3774 2339 3826 καὶ
2380 3775 2555 3842 Λόγον
2585 3770 2727 3827 εἶναι
2767 3774 2903 3829 Θεοῦ
2935 3775 3025 3828 διὰ
3069 3774 3131 3827 τὸ
3180 3775 3351 3846 μηδὲν
3401 3776 3818 3848 ἐλλειπέστερον

2239 3861 2333 3915 τοῦ
2360 3863 2634 3933 ἡμετέρου
2664 3864 2824 3931 λόγου
2854 3864 2945 3918 τὸν
2970 3862 3066 3917 τοῦ
3087 3863 3224 3917 Θεοῦ
3255 3864 3394 3918 εἶναι
3426 3867 3620 3933 Λόγον,
3652 3868 3815 3937 εἴπερ

2237 3952 2431 4008 τούτου
2477 3955 2617 4024 μετὰ
2657 3955 2753 4008 τοῦ
2795 3955 3103 4026 πνεύματος
3154 3955 3559 4028 θεωρουμένου,
3606 3960 3817 4024 ἐκεῖνος

2237 4046 2363 4119 δίχα
2398 4047 2712 4117 Πνεύματος
2745 4044 2887 4102 εἶναι
2927 4051 3271 4107 πιστεῦοιτο’
3302 4053 3364 4105 οὐ
3394 4051 3503 4123 μὴν
3528 4051 3815 4121 ἀλλότριόν

2237 4154 2290 4191 τι
2316 4136 2441 4193 καθ’
2466 4139 2767 4211 ὁμοιότητα
2796 4140 2893 4195 τοῦ
2941 4141 3216 4213 ἡμετέρου
3253 4142 3569 4210 πνεύματος
3608 4142 3816 4207 ἔξωθεν

2236 4233 2487 4303 ἐπιρρεῖν
2537 4232 2615 4305 τῷ
2650 4234 2794 4313 Θεῷ,
2833 4237 2930 4290 καὶ
2984 4238 3043 4291 ἐν
3097 4236 3248 4309 αὑτῷ
3291 4237 3540 4307 γίνεσθαι
3590 4239 3814 4308 πνεῦμα

2239 4320 2544 4392 θεοπρεπές
2603 4326 2752 4377 ἐστιν
2809 4324 3039 4380 οἴεσθαι.
3104 4326 3246 4381 Ἀλλ’
3303 4329 3380 4391 ὡς
3439 4328 3577 4383 Θεοῦ
3639 4329 3817 4399 Λόγον

2238 4413 2571 4478 ἀκούσαντες
2602 4417 2703 4468 οὐκ
2731 4416 3107 4471 ἀνυπόστατόν
3136 4434 3190 4472 τι
3235 4420 3474 4490 πρᾶγμα
3506 4421 3596 4475 τὸν
3638 4423 3816 4491 Λόγον

2165 4492 2215 4552 Β
2238 4503 2523 4575 ᾠήθημεν,
2563 4506 2685 4559 οὐδὲ
2716 4508 2781 4560 ἑκ
2819 4508 3112 4578 μαθήσεως
3148 4511 3522 4581 ἐγγινόμενον,
3555 4513 3680 4568 οὔτε
3721 4517 3817 4570 διὰ

2237 4595 2421 4665 φωνῆς
2452 4596 2922 4668 προσφερόμενον,
2958 4597 3084 4653 οὕτε
3112 4603 3253 4673 μετὰ
3280 4605 3338 4657 τὸ
3373 4607 3815 4678 προσενεχθῆναι

2234 4685 2608 4758 διαλυόμενον,
2656 4690 2779 4743 οὐδὲ
2827 4690 2957 4744 ἄλλο
2987 4710 3041 4746 τι
3077 4695 3355 4766 πάσχοντα
3399 4699 3666 4767 τοιοῦτον,
3719 4699 3815 4756 οἷα

2235 4779 2369 4849 περὶ
2421 4781 2513 4835 τὸν
2565 4783 2842 4853 ἡμέτερον
2898 4784 3056 4852 λόγον
3108 4787 3399 4859 θεωρεῖται
3454 4792 3626 4864 πάθη,
3692 4795 3813 4849 ἀλλ’

2234 4873 2509 4939 οὐσιωδώς
2542 4876 2855 4945 ὑφεστῶτα,
2892 4883 3283 4953 προαιρετικόν
3313 4900 3372 4936 τε
3425 4889 3519 4937 καὶ
3551 4886 3806 4957 ἐνεργὸν,

2234 4965 2331 5016 καὶ
2377 4967 2789 5038 παντοδύναμον
2817 4968 2996 5024 οὕτω·
3034 4977 3128 5030 καὶ
3168 4974 3391 5045 Πνεῦμα
3426 4979 3810 5050 μεμαθηκότες

2232 5052 2391 5121 Θεοῦ,
2426 5058 2485 5111 τὸ
2516 5066 3024 5135 συμπαρομαρτοῦν
3056 5065 3134 5137 τῷ
3186 5067 3365 5138 Λόγῳ,
3411 5076 3504 5124 καὶ
3535 5077 3810 5144 φανεροῦν

2237 5150 2403 5204 αὑτοῦ
2435 5152 2533 5221 τὴν
2561 5154 2866 5224 ἐνέργειαν,
2896 5159 2957 5210 οὐ
2988 5160 3158 5229 πνοὴν
3202 5158 3446 5230 ᾄσματος
3490 5164 3808 5235 ἐννοοῦμεν.

2231 5238 2309 5296 Ἦ
2344 5244 2453 5314 γὰρ
2494 5245 2559 5299 ἂν
2606 5250 2923 5320 καθαιροίτο
2955 5251 3089 5320 πρὸς
3130 5254 3497 5325 ταπεινότητα
3526 5256 3587 5308 τὸ
3628 5274 3807 5327 μεγαι

2229 5340 2373 5393 λεῖον
2408 5342 2507 5411 τῆς
2533 5341 2684 5408 θείας
2730 5345 3035 5415 δυνάμεως,
3095 5350 3143 5401 εί
3202 5348 3327 5402 καθ’
3379 5351 3674 5420 ὁμοιότητα
3708 5355 3809 5408 τοῦ

2231 5436 2501 5508 ἡμετέρου
2534 5439 2629 5491 καὶ
2671 5439 2731 5490 τὸ
2782 5440 2841 5490 ὲν
2886 5438 3035 5510 αὐτῷ
3078 5439 3303 5511 Πνεῦμα
3332 5442 3637 5508 ὐπονοοῖτο,
3666 5445 3810 5503 ἀλλὰ

2229 5528 2458 5598 δύναμιν
2501 5528 2732 5598 οὐσιώδη
2790 5529 2961 5598 αὐτὴν
3008 5532 3094 5599 ἐφ’
3158 5532 3359 5601 ἑαυτῆς
3414 5535 3471 5587 ἐν
3525 5534 3806 5611 ίδιαζούσῃ

2231 5621 2529 5675 ὑποστάσει
2559 5622 2966 5693 θεωρουμένην,
3016 5622 3139 5676 οὔτε
3176 5625 3519 5697 χωρισθῆναι
3540 5630 3633 5680 τοῦ
3666 5630 3809 5684 Θεοῦ

2231 5713 2288 5767 ὲν
2317 5707 2361 5782 ᾧ
2391 5717 2563 5779 ἐστιν,
2600 5715 2631 5785 ἢ
2668 5713 2760 5765 τοῦ
2806 5715 2984 5783 Λόγου
3008 5715 3104 5769 τοῦ
3152 5718 3313 5784 Θεοῦ,
3359 5711 3402 5787 ᾧ
3434 5725 3805 5791 παρομαρτεῖ,

2234 5812 2562 5883 δυναμένην,
2597 5809 2719 5866 οὔτε
2751 5811 2885 5878 πρὸς
2926 5812 2987 5866 τὸ
3023 5812 3372 5885 ἀνύπαρκτον
3398 5814 3797 5886 ἀναχεομένην,
