4130 6420
289 382 338 447 ιι
1325 377 1704 440 PANOPLIA
1741 376 1884 438 DOG

1992 376 2199 437 lTICA.
2236 397 2298 413 ο
2335 377 2485 437 TlT.
2529 375 2578 435 Ι.
3520 377 3591 439 42

296 500 418 558 ἁλλὰ
446 500 580 555 καθ’
610 500 930 571 ὁμοιότητα
958 496 1049 552 τοῦ
1102 495 1241 551 Θεοῦ
1294 498 1471 565 Λόγου
1503 495 1956 552 καθ’ὐπόστασιν
1995 494 2182 560 οὖσαν,
2233 498 2655 568 προαιρετικὴν,
2709 496 3089 569 αὐτοκίνητον,
3140 498 3399 569 ἐνεργὸν,
3451 499 3590 553 τεάν.

304 617 409 656 τοτε
468 600 531 652 τὸ
594 597 819 666 ἀγαθὸν
868 594 1225 665 αἱρουμένην,
1288 592 1385 646 καὶ
1434 592 1573 663 πρὸς
1634 593 1814 648 πᾶσαν
1858 593 2121 663 πρόθεσιν
2180 591 2484 664 σύνδρομον
2526 592 2724 662 ἔχουσα
2770 596 2837 665 τῇ
2884 593 3141 667 βουλήσει
3189 594 3288 670 τὴν
3335 596 3588 667 δύναμιν.

368 758 535 812 ’Ὥστε
565 753 661 808 τὸν
705 753 955 824 ἀκριϐῶς
994 750 1066 804 τὰ
1120 750 1259 822 βάθη
1310 748 1402 804 τοῦ
1441 748 1745 825 μυστηρίου
1784 749 1875 807 δια

2072 748 2443 816 Quamobrem
2495 751 2589 821 qui
2637 750 2929 823 diligenter
2988 752 3325 824 profundum
3390 768 3591 828 mystc-

310 850 697 919 σκοπούμενον,
744 849 805 902 ὲν
857 845 958 916 μὲν
1005 846 1071 916 τῇ
1115 844 1261 914 ψυχῇ
1314 841 1455 898 κατὰ
1490 842 1551 894 τὸ
1581 840 1884 915 ἀπόρρητον

2000 843 2144 898 rium
2199 844 2622 914 contemplatur,
2673 845 2729 898 in
2777 845 2945 900 animi
2994 862 3198 903 arcano
3255 849 3591 906 mediocrem

1999 936 2291 1006 quamdam
2343 937 2546 995 divinae
2595 937 2925 1009 cognitionis
2974 940 3281 999 doctrinam
3332 949 3626 1014 compre-'

2001 1025 2212 1093 hendit,
2262 1028 2355 1085 sed
2407 1045 2526 1083 eam
2577 1038 2757 1086 tamen
2794 1031 3042 1102 mysterii
3080 1032 3426 1091 altitudinem
3470 1050 3592 1093 ora.

2000 1120 2149 1176 tione
2197 1121 2478 1201 declarare
2525 1138 2636 1177 non
2677 1130 2861 1192 potest
2896 1140 2910 1178 :
2953 1127 3229 1195 quomodo
3274 1129 3464 1184 eadem
3503 1147 3591 1186 res

2000 1215 2352 1270 numerabilis
2385 1214 2479 1281 sit,
2509 1230 2614 1270 nec
2656 1224 2840 1270 tamen
2877 1218 3352 1274 enumerationem
3387 1222 3591 1278 admit-

2001 1318 2112 1374 tat;
2151 1316 2411 1363 cernatur
2434 1307 2633 1375 divisa,
2669 1318 2723 1363 et
2743 1307 2905 1363 simul
2935 1308 3301 1381 intelligatur;
3338 1314 3589 1382 personis

1998 1399 2257 1456 distincta
2295 1399 2386 1465 sit,
2411 1410 2467 1455 et
2492 1384 2685 1459 natura
2714 1415 2826 1454 non
2853 1410 3159 1470 separetur.
3197 1403 3315 1457 Alia
3352 1419 3591 1476 namque

2000 1504 2233 1560 persona
2265 1487 2503 1559 Spiritus
2548 1498 2653 1554 est,
2704 1489 2812 1545 alia
2844 1488 3110 1554 Verbum,
3141 1491 3245 1545 alia
3274 1492 3321 1547 is
3347 1493 3505 1564 cujus
3535 1505 3591 1549 et

1998 1576 2238 1638 Verbum
2272 1586 2358 1635 est
2407 1585 2461 1633 et
2516 1577 2776 1648 Spiritus.
2830 1579 2942 1635 Sed
2990 1594 3116 1635 cum
3163 1579 3360 1637 horum
3395 1583 3593 1639 distin-

1997 1668 2238 1725 ctionem
2266 1669 2616 1741 cogitaveris,
2649 1679 2858 1726 naturae
2886 1671 3068 1727 unitas
3098 1673 3304 1731 nullam
3337 1675 3591 1732 admittet

1996 1759 2345 1828 divisionem,
2394 1776 2466 1817 ne
2512 1761 2600 1816 vel
2642 1762 2987 1833 principatus
3035 1774 3092 1821 et
3140 1766 3360 1838 imperii
3418 1770 3591 1825 robur

1996 1853 2372 1926 confringatur
2401 1854 2459 1910 in
2489 1855 2737 1912 diversas
2779 1856 3080 1915 dissectum
3128 1860 3470 1927 divinitates,
3500 1864 3589 1919 vel

1991 1944 2219 2003 Iudaica
2288 1946 2474 2018 opinio
2541 1948 2963 2018 comprobetur,
3035 1951 3134 2007 sed
3199 1953 3379 2008 media
3440 1953 3587 2010 inter

1996 2047 2282 2110 utramque
2329 2040 2648 2112 opinionem
2695 2043 2901 2099 veritas
2947 2043 3207 2105 incedens
3260 2046 3342 2103 sic
3397 2048 3587 2103 ambas

307 943 527 1016 μετρίιν
558 942 687 998 τινὰ
729 938 1062 1009 κατανόησιν
1091 935 1189 1007 τῆς
1239 935 1382 991 κατά
1430 932 1528 1004 τὴν
1564 931 1892 1001 θεογνωσίαν

305 1038 651 1099 aeuum;
694 1033 1018 1104 λαμϐάνειν,
1075 1030 1152 1100 μὴ
1218 1029 1402 1099 μέντοι
1452 1026 1715 1083 δύνασθαι
1748 1027 1892 1098 λόγῳ

304 1131 587 1202 διασαφεῖν
630 1126 729 1197 τὴν
777 1125 1153 1195 ἀνέκφραστον
1191 1120 1395 1190 ταύτην
1453 1120 1547 1174 τοῦ
1585 1120 1890 1192 μυστηρίου

302 1222 607 1292 βαθύτητα,
659 1217 780 1281 πῶς
826 1216 889 1269 τὸ
928 1214 1061 1268 αὐτὸ
1111 1214 1206 1268 καὶ
1259 1212 1562 1284 ἀριθμητόν
1604 1213 1745 1278 ἐστι,
1796 1211 1891 1264 καὶ

258 1306 269 1333 ⁹
302 1312 585 1381 δαφεύγει
615 1310 713 1381 τὴν
745 1307 1129 1379 ἐξαρίθμησιν,
1163 1307 1258 1361 καὶ
1291 1305 1637 1379 διῃρημένως
1668 1306 1887 1376 ὁρᾶται,

301 1406 388 1458 καὶ
432 1405 488 1457 ὲν
533 1401 699 1472 όμὰδι
749 1398 1247 1475 καταλαμϐάνεται,
1292 1400 1388 1451 καὶ
1432 1396 1774 1467 διακέκριται
1819 1399 1886 1468 τῇ

299 1496 619 1561 ὑποστάσει,
653 1494 746 1549 καὶ
779 1494 839 1547 ού
873 1490 1152 1563 διώρισται
1195 1492 1263 1562 τῇ
1286 1488 1464 1561 οὐσίᾳ.
1503 1488 1666 1543 Ἀλλο
1692 1489 1803 1559 γάρ
1837 1506 1889 1542 τι

298 1590 362 1660 τῇ
392 1584 691 1644 ὑποστάσει
740 1582 799 1636 τὸ
847 1582 1091 1656 Πνεῦμα,
1141 1584 1237 1637 καὶ
1276 1581 1465 1656 ἕτερον
1503 1580 1533 1633 ό
1569 1580 1761 1649 Λόγος,
1794 1578 1890 1634 καὶ

295 1680 424 1735 ἄλλο
470 1678 633 1731 πάλιν
689 1678 886 1740 ἐκεῖνο,
948 1668 1009 1729 οῦ
1059 1673 1153 1728 καὶ
1202 1675 1231 1727 ό
1283 1673 1456 1741 Λόγος
1502 1673 1643 1736 ἐστὶ,
1687 1674 1782 1726 καὶ
1827 1673 1889 1726 τὸ

296 1771 547 1840 Πνεῦμα.
597 1769 740 1823 Ἀλλ’
790 1768 1011 1822 ἐπειδᾶν
1044 1766 1105 1821 τὸ
1131 1765 1550 1836 διακεκριμένον
1579 1765 1639 1819 ὲν
1676 1765 1888 1829 τούτοις

290 1866 664 1936 κατινοησης,
702 1863 867 1918 πάλιν
895 1864 931 1933 ἡ
959 1861 1059 1932 τῆς
1102 1860 1321 1930 φύσεως
1360 1858 1550 1930 ἑνότης
1580 1859 1671 1913 τὸν
1696 1858 1888 1931 διαμε-

288 1956 491 2024 ρισμὸν
548 1955 612 2008 οὐ
668 1954 973 2025 προσίεται,
1021 1950 1099 2016 ὡς
1152 1952 1290 2022 μήτε
1332 1950 1394 2004 τὸ
1444 1967 1542 2020 της
1587 1950 1887 2021 μοναρχίας

288 2043 579 2115 σχὲζεσθαι
628 2045 829 2115 κράτος
873 2045 953 2107 είς
1000 2042 1264 2115 θεότητας
1304 2041 1600 2113 διαφόρους
1648 2057 1885 2095 κατατε-

292 2140 591 2206 μνόξεβνον,
627 2138 765 2209 μήτε
793 2136 871 2207 τῷ
885 2134 1165 2211 Ἰουδαῐκῷ
1196 2135 1427 2206 δόγματι
1451 2134 1774 2205 πμὸαίνειν
1796 2134 1884 2194 τὸν

1992 2132 2231 2188 haereses
2271 2133 2446 2200 tollat,
2485 2142 2547 2191 ut
2597 2134 2667 2191 ab
2720 2145 2954 2207 utraque
2999 2145 3181 2193 tamen
3221 2148 3401 2195 sumat
3439 2141 3587 2211 quod

286 2230 469 2301 Λόγον,
508 2230 646 2285 ἀλλὰ
687 2229 778 2284 διὰ
825 2230 1010 2300 μέσων
1047 2229 1157 2283 τῶν
1202 2227 1296 2282 δύο
1330 2226 1653 2297 ὕπολήψεων
1685 2229 1887 2303 χωρεῖν

287 2324 385 2395 τὴν
412 2322 702 2394 ἀλήθειαν,
738 2322 1008 2392 ἑκατέραν
1027 2337 1087 2375 τε
1126 2319 1236 2374 τῶν
1266 2318 1537 2392 αίρισεων
1583 2318 1886 2390 καθαιροῦ-

287 2399 413 2484 σαν,
443 2418 543 2475 καὶ
585 2415 678 2486 ἀφ’
710 2415 979 2487 ἑκατέρας
1008 2413 1465 2485 παραδεχομένην
1495 2412 1556 2467 τὸ
1589 2413 1884 2485 χρήσιμον.

284 2509 396 2567 τοῦ
428 2509 536 2579 μὲν
586 2508 697 2577 γὰρ
736 2507 993 2565 Ἰουδαίου
1025 2506 1373 2574 καθαιρείται
1411 2504 1473 2558 τὺ
1507 2503 1689 2575 δόγμα
1713 2507 1779 2578 τῇ
1827 2521 1889 2558 τε

284 2602 381 2659 τοῦ
415 2603 599 2671 Λόγου
623 2601 930 2677 παραδοχῇ,
962 2600 1056 2655 καὶ
1102 2602 1170 2672 τῇ
1205 2598 1390 2652 πίστει
1418 2596 1515 2652 τοῦ
1544 2596 1885 2668 Πνεύματος,

280 2698 394 2752 τῶν
432 2697 496 2751 δὲ
518 2693 914 2765 ὲλληνιζόντων
950 2694 984 2765 ἡ
1015 2691 1278 2758 πολύθεος
1310 2690 1698 2762 ὲξαφανίζεται
1744 2691 1886 2746 πλάο

279 2808 375 2865 νη,
404 2788 512 2858 τῆς
552 2786 696 2844 κατὰ
741 2786 905 2857 φύσιν
939 2785 1193 2857 ἑνότητός
1242 2783 1745 2858 παραγραφομὲνης
1788 2781 1887 2854 τὴν

282 2882 666 2954 πληθυντικην
720 2878 1044 2949 φαντασίαν.
1101 2876 1274 2936 Πάλιν
1330 2876 1388 2930 δὲ
1435 2875 1503 2931 αὖ
1538 2877 1603 2930 ἐκ
1645 2874 1744 2947 μὲν
1785 2873 1886 2945 τῆς

279 2976 569 3046 ιουδαῖκῆς
624 2972 950 3045 ὑπολήψεως
987 2972 1020 3043 ἡ
1066 2969 1169 3042 τῆς
1226 2969 1443 3040 φύσεως
1473 2968 1666 3040 ἑνότης
1700 2983 1881 3038 παρα-

280 3073 526 3143 μενέτω,
576 3070 645 3123 ἐκ
687 3068 746 3122 δὲ
789 3066 886 3122 τοῦ
929 3060 1258 3136 ἑλληνισμοῦ
1289 3062 1323 3132 ἡ
1350 3061 1492 3116 κατὰ
1511 3059 1609 3124 τὰς
1642 3057 1882 3117 ὑποστάσ-

276 3182 399 3227 σιις
449 3164 728 3234 διάκρισις
800 3160 977 3233 μόνη,
1042 3155 1475 3229 θεραπευθείσης
1537 3150 1880 3222 ἑκατέρωθεν

1994 2225 2130 2285 utile
2157 2236 2262 2282 est.
2308 2224 2445 2281 Nam
2496 2236 2553 2282 et
2594 2226 2910 2287 Iudaeorum
2958 2229 3211 2302 profligat
3247 2232 3585 2302 opinionem,

1992 2319 2123 2375 dum
2170 2328 2226 2376 et
2269 2319 2508 2375 Verbum
2558 2320 2812 2395 suscipit,
2860 2330 2918 2377 et
2965 2323 3227 2393 Spiritum
3280 2324 3488 2393 credit;
3531 2338 3586 2383 et

1993 2411 2307 2475 Grmcorum
2339 2428 2555 2469 errores
2603 2413 2770 2481 deiet,
2804 2414 2935 2471 dum
2968 2425 3178 2472 natura:
3225 2421 3419 2474 statuit
3457 2421 3583 2476 uni-

1997 2508 2190 2568 tatem,
2220 2516 2324 2571 qua
2354 2501 2595 2574 plurium
2620 2503 2874 2561 conﬁctio
2912 2508 3204 2576 perimitur
3230 2523 3283 2565 et
3309 2511 3583 2567 aboletur.

1994 2589 2232 2645 Rursum
2258 2599 2440 2646 autem
2472 2606 2539 2647 ex
2578 2591 2805 2648 Judaica
2840 2596 3114 2650 sententia
3154 2608 3371 2655 natura:
3403 2602 3585 2656 unita.

1994 2692 2102 2738 tem
2147 2682 2408 2750 admittit,
2445 2700 2511 2740 ex
2562 2684 2877 2741 Graecorum
2926 2703 3059 2745 vero
3101 2690 3363 2760 opinione
3404 2693 3580 2750 solam

1991 2791 2350 2847 personarum
2401 2776 2834 2839 distinctionem.
2901 2779 3079 2851 Atque
3144 2783 3219 2838 ita
3287 2793 3585 2859 utrumque

1991 2866 2286 2939 impietatis
2316 2869 2569 2924 morbum
2602 2879 2782 2925 curat.
2822 2869 3041 2927 Etenim
3093 2876 3236 2931 sicut
3261 2891 3452 2932 eorum
3486 2881 3581 2952 qui

1990 2961 2135 3019 circa
2164 2977 2334 3017 unum
2365 2971 2618 3033 peccant,
2645 2963 2917 3020 medicina
2966 2975 3051 3022 est
3095 2982 3362 3025 numerus
3396 2970 3582 3027 Trini-

1990 3053 2139 3123 tatis,
2177 3063 2233 3109 et
2258 3054 2486 3109 unitatis
2535 3056 2676 3111 ratio
2704 3057 3167 3115 medicamentum
3212 3060 3454 3132 illorum,
3487 3067 3582 3136 qui

1989 3145 2301 3202 distrahunt
2337 3146 2393 3202 in
2425 3147 2599 3214 plura.

277 3264 645 3335 καταλλήλως
667 3262 766 3331 τῆς
795 3258 1027 3323 ἀσεϐοῦς
1062 3257 1342 3314 ὑπονοίας.
1397 3254 1555 3309 Ἔστι
1585 3250 1694 3322 γὰρ
1722 3250 1912 3320 ὥσπερ
1948 3244 2216 3318 θεραπεία
2254 3245 2365 3300 τῶν
2432 3246 2531 3317 μὲν
2577 3248 2707 3321 περὶ
2733 3247 2792 3303 τὺ
2823 3249 2882 3307 ἒν
2928 3250 3297 3325 πλανωμένων
3339 3256 3368 3309 ό
3425 3257 3583 3331 ἀριθη

283 3361 387 3431 μνδεῖ
417 3334 525 3424 τῆς
551 3350 806 3424 Τριάδος.
835 3349 947 3404 τῶν
984 3347 1043 3401 δὲ
1070 3347 1153 3411 είς
1196 3345 1403 3417 πλῆθοί
1437 3342 1853 3413 ἐσκεδασμένων
1886 3340 1915 3393 6
1940 3338 2038 3408 τῆς
2063 3334 2317 3406 ὲνότητος
2356 3336 2533 3406 λόγος.

284 3516 405 3579 Ῑρῡ
434 3508 847 3583 Δαμασκηνοῦ
894 3506 1027 3583 περὶ
1054 3500 1413 3583 ζῶν-αἰιτῴν
1434 3495 1884 3583 συλλογιστική

1996 3493 2210 3549 Eisdem
2235 3496 2299 3550 de
2326 3495 2477 3551 rebus
2507 3498 2823 3583 Qamasceni
2866 3503 3209 3583 ratiocinatio
3256 3506 3581 3580 syllogistica

678 3572 1011 3644 ἀπόδειξις,
1050 3576 1141 3630 ὅτι
1172 3574 1303 3628 ἔστι
1335 3572 1502 3638 θεός.

349 3728 474 3781 Πᾶν
510 3725 572 3779 ὃν
610 3725 645 3795 ἢ
680 3722 896 3777 κτιστόν
932 3721 1102 3784 ἐστιν,
1148 3717 1182 3789 ἢ
1217 3716 1494 3770 ἄκτιστον.
1539 3711 1652 3765 Καὶ
1698 3710 1749 3763 εἰ
1781 3708 1882 3779 μὲν

276 3818 531 3882 κτιστὸν,
562 3815 656 3884 ὑφ’
686 3814 876 3885 ἑτέρου
905 3811 1123 3872 πάντως
1152 3805 1379 3872 ἐκτίσθη
1402 3821 1418 3837 ο
1451 3803 1499 3857 εί
1521 3803 1567 3856 δ’
1600 3802 1880 3865 ἄκτιστον,

275 3912 430 3969 τοῦτ’
471 3912 542 3965 ἂν
570 3910 656 3978 είη
686 3907 747 3962 τὸ
777 3907 844 3960 τὰ
875 3903 1067 3958 κτιστὰ
1103 3901 1295 3955 κτίσαν
1327 3914 1339 3926 ·
1374 3898 1455 3951 δεῖ
1488 3895 1597 3967 γὰρ
1627 3894 1882 3951 ἄκτιστον

276 4004 427 4061 εἶναι
460 4004 558 4057 τδν
590 4001 854 4054 ἀνωτάτω
896 3994 1252 4066 δημιουργόν.
1299 3989 1471 4044 Τοῦτο
1496 3988 1553 4042 δὲ
1581 3986 1635 4039 τί
1661 3986 1727 4039 ἂν
1753 3985 1884 4039 ἄλλο

276 4100 369 4168 εἴη
401 4097 438 4167 ἢ
464 4094 643 4156 Θ-ός;
695 4092 791 4154 Τίς
823 4086 917 4144 οὖν
943 4090 1041 4158 οὐχ
1076 4085 1406 4156 ὁμολογήσει
1437 4081 1616 4137 πάντα
1655 4079 1722 4133 τὰ
1751 4077 1882 4168 ὅντα

276 4167 486 4242 κτέστὰ
531 4185 675 4253 πλὴν
727 4180 888 4246 Θεοῦ,
934 4179 1100 4247 νοητά
1139 4193 1199 4229 τε
1232 4174 1323 4228 καὶ
1370 4171 1644 4241 αἰσθητάς
1708 4169 1772 4221 Εἰ
1823 4167 1882 4219 δὲ

275 4279 506 4343 κτιστὰ,
565 4276 661 4329 καὶ
700 4274 931 4345 τρεπτὰ.
968 4265 1067 4325 ’Ὧν
1100 4268 1210 4340 γὰρ
1250 4267 1313 4319 τὸ
1357 4261 1497 4319 εἶναι
1538 4263 1648 4317 ἀπὺ
1675 4261 1883 4330 τροπῆς

274 4371 522 4441 ἡρξατο,
583 4366 761 4419 ταῦτα
812 4364 1033 4424 πάντως
1084 4362 1151 4429 τῇ
1204 4358 1379 4427 τροπῇ
1424 4353 1802 4417 ὑποκείσεται,
1847 4351 1879 4422 ἢ

275 4462 632 4531 φθειρόμενα
682 4459 758 4520 ὡς
810 4456 878 4509 τὰ
933 4454 1227 4522 ὲγκόσμια,
1364 4446 1507 4502 κατὰ
1556 4445 1881 4516 προαίρεσιν

270 4552 671 4620 ἁὶλοιούμενα,
703 4549 778 4611 ὡς
805 4546 1025 4615 ἄγγελοι
1055 4543 1148 4598 καὶ
1172 4541 1365 4612 ψυχαὶ,
1386 4538 1546 4611 κατά,
1564 4554 1622 4591 τε
1645 4538 1758 4608 ,τὴν
1784 4537 1880 4589 ἐπὶ

272 4645 339 4697 τὸ
368 4643 547 4697 καλὸν
584 4637 892 4711 προκοπὴν,
936 4636 1028 4689 καὶ
1066 4637 1165 4705 τὴν
1199 4633 1293 4685 ἐπὶ
1337 4632 1399 4685 τὸ
1433 4629 1604 4684 κακὸν
1639 4630 1877 4699 κίνησιν.

286 4737 452 4791 Ἐπεὶ
495 4734 558 4787 δὲ
607 4736 636 4785 ὁ
682 4732 816 4793 Θεὶς
861 4730 1117 4788 ἄκτιστος
1168 4727 1408 4790 πάντως,
1449 4726 1543 4778 καὶ
1587 4724 1876 4794 ἄτρεπτος.

275 4824 383 4883 Ὧν
420 4831 532 4899 γὰρ
572 4828 633 4881 τὸ
678 4820 817 4879 εἶναι
856 4824 1121 4887 ἐναντίον,
1176 4819 1386 4873 τούτων
1430 4818 1529 4872 καὶ
1557 4822 1585 4871 ὀ
1628 4817 1723 4871 τοῦ
1760 4817 1878 4879 πῶς

278 4920 429 4979 ιῖναι
446 4923 608 4988 λόγος
637 4918 901 4981 ἐναντίος.
936 4916 1147 4978 ’Ἄλλως
1174 4931 1234 4967 τε
1255 4914 1314 4967 οὐ
1340 4913 1500 4985 μόνον
1526 4912 1593 4988 τὰ
1619 4913 1885 4984 δημιουρ-

272 5018 899 5091 γήματαθεωρούμενα
932 5012 1197 5084 κηρύττει
1245 5012 1335 5064 τὸν
1361 4987 1715 5080 δημιουργὸν,
1748 5006 1884 5060 ἀλλὰ

273 5115 379 5168 καὶ
432 5115 467 5182 ἡ
497 5109 710 5163 τούτων
755 5108 928 5173 τάξις,
963 5109 1057 5161 καὶ
1089 5104 1452 5175 εὐαρμοστία,
1485 5104 1579 5157 καὶ
1615 5101 1884 5171 συντήρη-

274 5224 387 5271 τις.
420 5206 551 5266 Πῶς
582 5206 693 5274 γὰρ
719 5205 773 5257 ai
820 5204 1058 5257 ἐναντίαι
1085 5200 1193 5257 τῶν
1219 5200 1502 5268 στοιχείων
1530 5196 1720 5266 φύσεις
1752 5210 1881 5246 συν-

268 5300 453 5369 πῄθον
482 5301 564 5361 είς
595 5298 711 5360 ἐνὸς
752 5298 955 5367 κόσμου
1006 5293 1426 5364 συμπλήρωσιν,
1470 5291 1544 5360 μή
1575 5305 1717 5349 τινος
1742 5304 1880 5357 συμ-

268 5394 617 5452 ϐιϐάσαντος
664 5391 802 5443 αὐτὰ
830 5390 924 5442 καὶ
955 5388 1305 5461 συνέχοντος;
1342 5382 1466 5445 Πῶς
1489 5383 1545 5435 δὲ
1580 5381 1685 5443 καὶ,
1700 5381 1877 5433 πάντα

268 5489 375 5556 την
410 5486 512 5541 ἀπ’
540 5483 716 5555 ἀρχῆς
767 5481 1065 5551 ἐφύλαττον
1098 5479 1277 5547 τάξιν,
1320 5476 1398 5547 μὴ
1439 5475 1589 5536 ὄντος
1645 5471 1737 5526 τοῦ
1776 5490 1876 5525 κυ-

269 5578 589 5648 ϐερνςοντος
617 5576 712 5630 καὶ
736 5574 1076 5642 διεξάγοντος
1098 5590 1113 5636 ;

2376 3585 2482 3625 aua
2508 3569 2677 3625 Deum
2699 3588 2811 3627 esse
2841 3576 3191 3635 demonstrat.

2061 3704 2335 3776 Quidquid
2362 3715 2465 3773 est,
2495 3717 2587 3762 aut
2616 3718 2860 3765 creatum
2896 3722 3003 3778 est,
3035 3721 3131 3773 aut
3158 3731 3268 3770 non
3306 3729 3578 3776 creatum.

1990 3797 2145 3864 Quod
2190 3810 2371 3853 autem
2430 3810 2675 3857 creatum
2722 3812 2841 3868 est,
2897 3804 2966 3859 ab
3024 3806 3130 3862 alio
3191 3819 3438 3865 creatum
3499 3824 3584 3870 est

1990 3893 2240 3953 omnino.
2261 3889 2418 3959 Quod
2448 3908 2579 3947 vero
2623 3908 2733 3947 non
2780 3903 2865 3949 est
2898 3905 3167 3961 creatum,
3203 3898 3255 3954 id
3282 3903 3491 3957 creavit
3518 3920 3581 3959 ea

1990 3998 2113 4052 qua:
2146 3991 2327 4038 creata
2362 3993 2509 4040 sunt.
2558 3984 2672 4043 Hoc
2730 3998 2913 4043 autem
2955 3991 3084 4062 quid
3126 3991 3271 4048 aliud
3309 3996 3433 4061 erit,
3473 3998 3580 4054 nisi

1993 4074 2176 4135 Deus?
2204 4074 2340 4142 Quis
2363 4092 2493 4147 ergo
2530 4093 2619 4133 res
2653 4094 2866 4145 omnes,
2896 4094 3093 4152 praeter
3126 4082 3320 4152 Deum,
3349 4103 3470 4159 qua:
3498 4094 3583 4147 ve!

1992 4167 2225 4235 ratione,
2253 4171 2338 4225 vel
2390 4184 2555 4225 sensu
2604 4174 3169 4245 comprehenduntur,
3214 4191 3425 4237 creatas
3458 4199 3584 4242 esse

1991 4276 2101 4315 non
2126 4261 2519 4320 conﬁtebitur?
2551 4263 2705 4329 Quod
2754 4266 2798 4320 si
2826 4277 3028 4325 creata:
3077 4282 3226 4341 sunt,
3258 4285 3387 4329 sunt
3417 4266 3583 4333 etiam

1992 4354 2303 4412 mutabiles.
2338 4355 2471 4425 Quae
2502 4356 2649 4411 enim
2695 4361 3021 4429 mutatione,
3071 4372 3132 4418 ut
3179 4377 3386 4431 essent,
3431 4385 3582 4425 assc-

1990 4458 2115 4504 cuta
2150 4458 2299 4515 sunt,
2326 4465 2389 4504 ea
2425 4449 2674 4521 profecto
2705 4462 2800 4509 aut
2829 4456 3117 4517 mutationi
3160 4469 3290 4512 sunt
3318 4462 3576 4528 obnoxia,

1990 4550 2045 4598 et
2079 4543 2358 4614 corrumpi
2389 4555 2619 4614 queunt,
2652 4546 2831 4616 qualia
2871 4557 3021 4613 sunt,
3067 4566 3188 4619 quae
3216 4552 3420 4607 mundo
3448 4570 3581 4611 con—

1991 4636 2235 4692 tinentur
2272 4654 2285 4690 :
2318 4647 2413 4691 aut
2444 4638 2726 4692 voluntate
2760 4650 2993 4709 possunt
3030 4640 3104 4695 ita
3144 4647 3491 4713 commutari,
3520 4658 3581 4704 ut

1989 4728 2074 4783 vel
2114 4728 2345 4785 honesta
2391 4738 2447 4785 et
2480 4731 2643 4798 bona,
2691 4732 2776 4787 vel
2825 4749 2946 4803 quae
2978 4733 3064 4789 bis
3107 4739 3381 4794 contraria
3422 4751 3577 4811 sunt,

1991 4826 2444 4895 complectantur,
2492 4828 2681 4898 quales
2728 4840 2858 4885 sunt
2910 4832 3087 4902 angeli
3140 4841 3194 4889 et
3254 4836 3443 4892 animi.
3507 4841 3580 4898 At

1990 4920 2155 4984 Deus,
2181 4921 2275 4990 qui
2303 4929 2523 4977 creatus
2547 4936 2657 4975 non
2690 4930 2793 4989 est,
2826 4939 3051 4992 prorsus
3079 4936 3162 4981 est
3193 4927 3575 4991 immutabilis.

1986 5012 2232 5078 Quorum
2301 5014 2447 5069 enim
2515 5013 2752 5068 essentia
2818 5016 3032 5073 diversa
3091 5028 3207 5086 est,
3266 5038 3457 5078 eorum
3519 5037 3575 5081 et

1985 5106 2239 5161 essentia:
2269 5105 2413 5161 ratio
2442 5106 2744 5160 contraria.
2785 5106 2904 5162 Jam
2949 5126 3059 5165 non
3105 5112 3282 5167 solum
3312 5130 3400 5170 res
3438 5116 3573 5189 ipsa:

1982 5214 2119 5269 quas
2164 5208 2479 5268 procreatas
2521 5200 2913 5270 conspicimus,
2961 5214 3369 5273 procreatorem
3417 5209 3571 5277 opili-

1983 5305 2101 5345 cem
2152 5291 2455 5359 praedicant
2504 5306 2689 5356 suum,
2746 5307 2937 5347 verum
2974 5296 3139 5351 etiam
3184 5313 3371 5353 earum
3411 5300 3567 5364 ordo,

1985 5396 2289 5437 concentus
2325 5392 2380 5438 et
2431 5386 2799 5439 conservatio.
2849 5389 3133 5453 Quomodo
3159 5391 3305 5444 enim
3345 5400 3568 5445 contra-

1984 5475 2081 5529 riae
2113 5474 2507 5531 elementorum
2551 5487 2760 5537 naturae
2791 5480 2859 5535 ad
2894 5481 3058 5538 unius
3087 5483 3234 5537 orbis
3274 5482 3575 5551 perfectio-'

1990 5582 2114 5621 nem
2169 5570 2584 5636 convenissent,
2634 5571 2739 5626 nisi
2788 5572 2910 5643 quis
2953 5588 3046 5628 eas
3095 5574 3463 5638 conciliasset,
3514 5584 3567 5627 et

271 5673 683 5741 coniunxisset.
741 5678 795 5722 et
849 5663 1206 5721 contineret?
1254 5665 1363 5718 Aut
1417 5657 1693 5732 quomodo
1748 5658 2165 5731 prtescriptutn_
2192 5660 2297 5715 sibi
2354 5660 2423 5716 ab
2481 5661 2641 5723 initio
2686 5664 2956 5731 ordinem,
3018 5664 3125 5718 nisi
3168 5663 3365 5734 aliquis
3418 5674 3565 5730 esset

273 5783 474 5822 eorum
504 5774 689 5821 rector
713 5778 777 5816 ac
822 5760 1161 5823 moderator,
1199 5768 1483 5827 tuerentur
1512 5765 1568 5809 et
1607 5753 2041 5813 conservarent?

532 5912 813 5974 Ριτιιοι..
862 5906 980 5969 Gtt.
1025 5906 1190 5971 CXX
1207 5908 1284 5968 Χ.

3199 5892 3237 5963 2
