4130 6500
478 352 549 415 43
1713 356 2031 417 EUTHYM
2048 358 2060 416 l

2178 359 2541 420 ZlGABENI

3695 365 3768 431 4L

471 466 725 537 Ejusdem
767 466 1105 522 ratiocinatio
1161 465 1484 549 syllogistica
1532 484 1637 539 qua
1695 466 1858 522 Deum
1906 485 2062 521 unum

2181 472 2288 526 Τοῦ
2320 474 2508 528 αὐτοῦ
2537 475 2983 549 συλλογιστικὴ
3010 474 3340 543 ἀπόδειξις,
3378 475 3467 531 ὅτι
3493 475 3584 547 εἷς
3620 482 3765 549 Θεός

1022 554 1132 592 esse
1159 539 1507 600 demonstrat,

542 629 774 687 Deusin
824 629 1085 685 omnibus
1138 628 1416 696 perfectus
1466 637 1570 683 est.
1602 628 1756 695 Quod
1792 630 1834 683 si
1882 630 2065 701 plures

472 722 776 777 dixerimus
825 721 958 776 deos
1004 736 1146 784 esse,
1206 734 1433 779 necesse
1479 721 1586 774 erit
1633 720 1926 775 discrimen
1970 721 2068 775 ali-

471 811 697 882 quodin
726 810 828 873 illis
861 808 1115 880 perspici.
1160 808 1294 862 Nam
1329 807 1374 862 si
1415 808 1563 863 nulla
1606 809 1661 865 in
1700 809 1779 863 eis
1809 810 2066 865 dideren-

474 904 570 971 tia,
617 919 726 957 non
776 913 902 957 sunt
949 901 1172 972 plures.
1217 901 1317 955 sed
1358 915 1501 955 unus
1544 901 1745 971 potius.
1778 899 1872 955 Sin
1907 900 2066 956 dige-

474 995 650 1050 tentia
678 995 823 1049 inter
850 993 973 1048 illos
1006 992 1314 1057 intercedit,
1347 993 1440 1063 qui
1481 992 1535 1046 in
1587 992 1844 1049 omnibus
1889 993 2068 1063 perfe-

470 1098 592 1143 ctus
620 1097 723 1154 est,
750 1088 795 1142 is
839 1087 988 1142 solus
1027 1095 1111 1141 est
1143 1086 1308 1144 Deus.
1362 1085 1467 1153 Qui
1511 1102 1643 1141 vero
1680 1085 1763 1141 vel
1798 1086 2064 1153 bonitate,

470 1180 555 1235 vel
590 1179 853 1250 polentia.
885 1179 969 1239 vel
989 1178 1279 1248 sapientia,
1309 1178 1392 1233 vel
1434 1177 1614 1248 aliqua
1639 1178 1741 1241 alia
1774 1178 2067 1249 perfectio-

467 1288 540 1329 ne
563 1283 733 1339 caret,
760 1271 806 1327 is
827 1272 968 1328 Deus
991 1287 1115 1328 esse
1134 1287 1242 1326 non
1266 1280 1468 1342 putest.
1486 1270 1780 1339 Praeterea,
1809 1271 1852 1327 si
1881 1270 2066 1342 plures

469 1375 620 1432 sunt,
676 1365 769 1436 qui
816 1365 933 1420 ﬁeri
970 1365 1191 1435 poterit,
1247 1373 1308 1420 ut
1351 1379 1459 1419 non
1514 1364 2062 1432 circumscribantur,

468 1474 592 1521 cum
623 1458 716 1519 ubi
746 1473 890 1519 unus
928 1466 1033 1525 est,
1065 1457 1208 1512 alter
1230 1472 1354 1514 esse
1393 1473 1501 1512 non
1537 1466 1724 1528 queat,
1756 1457 1847 1528 qui
1878 1465 2063 1512 autem

470 1550 617 1609 Deus
665 1557 770 1619 est,
810 1536 857 1606 is
905 1564 1008 1613 nec
1054 1548 1560 1615 circumscribatur,
1602 1558 1658 1606 et
1707 1551 1891 1604 omnia
1949 1557 2063 1604 tum

468 1642 712 1713 impleat,
755 1650 870 1696 tum
901 1638 1317 1712 complectatur,
1363 1648 1420 1695 et
1462 1639 1939 1710 comprehendat?
1982 1640 2064 1698 Ad

470 1737 588 1793 lucc
613 1751 850 1809 quonam
879 1743 1040 1817 pacto
1067 1732 1438 1797 constituatur
1495 1732 1733 1788 mundus
1772 1742 1827 1787 et
1864 1732 2064 1804 guber-

471 1836 653 1895 netur,
682 1843 806 1882 cum
844 1843 906 1883 ea
940 1815 1013 1891 sit
1042 1824 1368 1894 dilIerentia:
1397 1832 1613 1893 natura,
1658 1835 1716 1893 ut
1747 1826 1920 1897 pariat
1949 1824 2063 1892 tlis-
2090 1815 2139 1882 Β

469 1918 824 1978 censionem?
1328 1981 1330 1985 ν
1622 1978 1627 1993 ,

470 2032 724 2104 Ejusdem
787 2028 1137 2104 ratiocinatio
1180 2031 1510 2104 syuogistica
1557 2046 1663 2100 qua
1738 2028 1968 2087 Verbum
2014 2036 2062 2083 et

953 2100 1154 2158 Filiam
1177 2100 1289 2158 esse
1319 2100 1586 2157 'declarat.

541 2194 709 2259 Deus.
741 2210 866 2260 cum
895 2197 1172 2265 perfectus
1197 2195 1285 2260 sit,
1350 2195 1566 2256 ratione
1602 2206 1701 2253 seu
1738 2192 1906 2247 verbo
1951 2204 2062 2246 non

465 2299 637 2353 caret.
673 2286 915 2345 Verbum
966 2296 1155 2347 autem
1205 2287 1327 2356 ejus
1383 2302 1496 2341 non
1532 2294 1616 2340 est
1666 2282 1959 2355 ejusmodi,
2002 2289 2063 2337 ut

467 2396 565 2451 per
601 2396 660 2435 se
692 2396 802 2434 non
837 2378 1129 2442 consistat,
1172 2387 1267 2432 aut
1299 2393 1424 2433 esse
1475 2378 1728 2451 creperit,
1765 2387 1859 2431 aut
1893 2375 2061 2431 tinctu

466 2488 707 2543 unquam
744 2472 814 2526 sit
862 2471 1198 2525 habiturum.
1254 2468 1546 2541 Nunquam
1590 2467 1739 2525 enim
1790 2466 1896 2522 fuit
1943 2469 2063 2522 sine

464 2566 659 2632 verbo,
689 2563 781 2625 sed
810 2578 935 2619 cum
978 2577 1196 2634 semper
1225 2562 1315 2624 sit,
1368 2577 1586 2633 semper
1627 2562 1794 2615 etiam
1825 2558 2063 2615 Verbum

466 2673 626 2724 suum
681 2656 871 2717 habet,
902 2669 971 2710 ex
1017 2669 1078 2715 se
1116 2653 1387 2726 genitum,
1413 2636 1566 2713 et'in
1620 2667 1681 2713 se
1717 2666 1969 2714 manens,
2008 2659 2063 2706 et

468 2753 679 2815 vivens,
701 2759 755 2805 et
784 2746 1109 2825 perlectum,
1131 2761 1243 2809 non
1267 2756 1449 2801 autem
1480 2745 1606 2812 tale,
1632 2745 1791 2815 quale
1814 2751 2060 2803 nostrum

465 2851 551 2901 est
618 2841 869 2905 verbum.
928 2839 1171 2917 Quorum
1222 2838 1371 2895 enim
1426 2845 1622 2892 natura
1681 2837 1895 2893 diversa
1955 2842 2059 2899 est,

467 2951 661 2995 eorum
703 2944 760 2989 et
819 2933 1049 2997 verbum
1098 2940 1186 2987 est
1233 2931 1531 2995 diversum.
1586 2927 2059 2996 Quemadmodum

466 3035 650 3081 autem
682 3024 907 3080 verbum
944 3028 1193 3079 nostrum
1219 3037 1248 3075 a
1280 3031 1463 3088 mente
1491 3019 1751 3091 gignitur,
1783 3031 1885 3070 nec
1917 3014 2057 3069 idem

464 3130 551 3176 est
571 3116 818 3182 cumino,
847 3115 993 3186 quod
1036 3115 1150 3185 ipsa
1196 3129 1371 3179 mens,
1402 3129 1503 3167 nec
1536 3112 1697 3182 plane
1743 3111 2055 3174 diversum:

467 3225 593 3273 nam
634 3224 758 3263 cum
796 3222 823 3261 a
865 3215 1052 3265 mente
1090 3204 1492 3275 proﬁciscatur,
1544 3201 1693 3257 aliud
1736 3211 1823 3259 est
1893 3215 2055 3271 quam

465 3314 644 3367 meus,
699 3310 756 3355 et
808 3314 932 3353 cum
988 3307 1228 3352 mentem
1292 3296 1468 3366 ipsam
1521 3295 1749 3359 indicat,
1808 3309 1918 3349 non
1974 3301 2059 3369 est

466 3408 693 3467 prorsus
721 3394 788 3448 ab
823 3392 913 3451 illa
943 3390 1243 3459 diversum,
1270 3387 1365 3447 sed
1391 3402 1514 3449 cum
1542 3387 1613 3441 sit
1635 3401 1804 3440 unum
1839 3394 2056 3450 natura,

465 3470 614 3554 aliud
647 3495 830 3547 tamen
874 3482 1129 3553 subjecto
1163 3489 1287 3537 est:
1339 3478 1421 3541 sic
1448 3487 1504 3533 et
1538 3477 1635 3545 Dei
1667 3477 1930 3541 Verbum,
1962 3476 2060 3546 qui

469 3578 644 3644 Filius
681 3586 785 3640 est.
824 3585 1100 3648 quatenus
1138 3573 1359 3644 propria
1396 3570 1654 3631 subsistit
1700 3583 1961 3640 persona,
1990 3566 2059 3621 ab

466 3688 533 3729 eo
558 3670 932 3742 distinguitur,
963 3686 994 3723 a
1029 3683 1136 3739 quo
1163 3666 1408 3737 genitum
1431 3676 1534 3721 εει.
1563 3662 1849 3729 Quatenus
1873 3675 2056 3716 autem

467 3766 561 3822 illa
601 3764 656 3819 in
688 3779 747 3819 se
780 3760 1060 3834 exprimit,
1101 3775 1223 3831 quae
1267 3764 1572 3827 cernuntur
1619 3755 1676 3810 in
1717 3754 1851 3821 Deo,
1888 3766 2058 3817 unum

468 3868 663 3913 natura
701 3871 826 3911 cum
855 3854 948 3909 illo
976 3862 1080 3909 est.
1234 3852 1237 3857 “

466 3969 723 4045 Ejusdem
752 3966 1094 4025 ratiocinatio
1113 3963 1439 4045 syllogistica
1472 3977 1578 4045 qua
1624 3958 1887 4030 Spiritum
1928 3974 2060 4013 tan-

1016 4032 1161 4089 ctuni
1172 4032 1280 4088 esse
1309 4032 1518 4103 probat.

545 4132 776 4204 Oportet
837 4138 897 4184 ut
968 4127 1208 4191 Verbum
1278 4111 1477 4181 habeat
1547 4120 1850 4192 Spiritum,
1903 4120 2059 4190 cujus

477 4224 789 4279 testimonio
827 4220 1156 4285 declaretur,
1206 4226 1264 4272 et
1312 4217 1456 4271 actio
1507 4213 1678 4285 ipsius
1710 4212 2056 4268 ostendatur.

472 4313 702 4387 Quando
741 4329 843 4369 nec
871 4313 1100 4370 verbum
1141 4318 1392 4366 nostrum
1443 4307 1639 4377 spiritu
1669 4313 1843 4367 vacat,
1873 4305 1966 4374 qui
2001 4302 2059 4358 in

469 4408 590 4477 ipsa
636 4403 1087 4477 pronuntiatione
1122 4398 1276 4456 verbi
1311 4397 1487 4455 nostri
1517 4410 1619 4453 vox
1664 4394 1918 4459 eﬂicitur,
1951 4408 2059 4464 qua

2870 545 3063 600 ἐστιν.

2254 635 2314 687 '0
2345 635 2477 701 Θεὸς
2510 635 2715 701 τέλειός
2749 639 2865 691 ἐστι
2906 640 3046 694 κατὰ
3074 638 3274 695 πάντα.
3308 640 3373 696 Εἰ
3404 640 3498 695 οὖν
3534 643 3765 709 πολλοὺς

2169 722 2407 793 ἐροῦμεν
2475 725 2659 792 θεοὺς,
2721 727 2938 799 ἀνάγκη
2980 728 3216 800 διαφορᾶ
3273 732 3332 783 ὲν
3385 734 3498 796 τοῖς
3545 733 3762 799 πολλοῖς

2169 818 2515 888 θεωρεῖσθαι.
2556 820 2618 873 Εἰ
2648 820 2758 893 γὰρ
2783 821 3008 891 οὐδεμία
3040 822 3275 892 διαφορὰ
3299 821 3383 896 εἴη
3411 827 3468 878 ὲν
3492 825 3697 892 αὐτοῖς,
3733 830 3762 881 6

2173 912 2274 979 μὲν
2310 912 2453 972 κατὰ
2488 912 2668 966 πάντα
2699 912 2929 983 τέλειος,
2961 908 3116 979 οὗτος
3163 915 3228 970 ἂν
3263 916 3348 988 εἴη
3396 918 3555 988 μόνος
3604 918 3757 981 Θεός.

2172 1002 2288 1066 Πᾶς
2318 1003 2374 1069 δὲ
2406 1005 2432 1055 ό
2459 1002 2552 1057 τοῦ
2592 1003 2799 1058 τελείου
2847 1004 3220 1078 λειπόμενοςῆ
3252 1009 3390 1062 κατὰ
3421 1010 3759 1078 ἁγαοότητα,

2166 1095 2484 1166 ἢδύναμιν,
2527 1096 2559 1167 ἢ
2601 1098 2816 1166 σοφίαν,
2867 1097 2900 1170 ἣ
2953 1098 3089 1162 ὅλως
3138 1101 3282 1154 κατά
3328 1119 3401 1162 τι.
3438 1103 3538 1154 οὐκ
3579 1103 3645 1155 ἂν
3671 1103 3756 1174 εἴη

2167 1188 2326 1254 Θεός.
2359 1189 2482 1252 Πῶς
2509 1187 2567 1242 δὲ
2597 1189 2688 1242 καὶ
2718 1189 2935 1256 πολλοῖς
2962 1190 3078 1244 οὖσι
3113 1191 3173 1245 τὸ
3216 1192 3632 1265 ἀπερίγραπτον
3657 1212 3759 1263 φυ-

2167 1280 2545 1352 λαχθήσεταις
2595 1281 2725 1336 ἔνθα
2772 1282 2881 1353 γὰρ
2914 1283 2980 1336 ἂν
3027 1283 3111 1356 εἴη
3152 1284 3181 1337 6
3220 1280 3324 1351 εἷς,
3362 1286 3465 1339 οὐκ
3508 1284 3574 1340 ἂν
3614 1288 3701 1358 εἴη
3729 1289 3758 1341 6

2168 1373 2379 1443 ἕτερος.
2422 1374 2515 1426 Δεῖ
2564 1372 2621 1439 δὲ
2672 1374 2764 1427 τὸν
2806 1374 2941 1428 Θεὸν
2992 1376 3412 1446 ἀπερίγραπτον
3458 1373 3621 1440 εἶναι,
3666 1376 3760 1429 καὶ

2167 1467 2351 1531 πάντα
2415 1465 2770 1537 πληροῦντα,
2818 1466 2913 1522 καὶ
2974 1466 3034 1520 ἐν
3083 1467 3265 1538 ἐαυτῷ
3318 1470 3757 1539 περιγρᾲφοντα.

2169 1554 2384 1620 ’Λλλως
2411 1573 2468 1610 τε
2497 1558 2590 1611 καὶ
2616 1556 2734 1621 πῶς
2767 1556 2871 1611 ὑπὸ
2907 1557 3119 1611 πολλῶν
3148 1561 3175 1612 6
3210 1558 3416 1631 κόσμος
3470 1561 3759 1629 σύγκειται

2167 1650 2263 1702 καὶ
2292 1646 2787 1722 κυϐερνηθήσεται,
2815 1652 2914 1723 τῆς
2943 1650 3208 1721 διαφορᾶς
3262 1651 3581 1707 ἐναντίωσιν
3608 1654 3760 1707 εἰσα-

2167 1740 2369 1808 γούσης
2391 1755 2407 1809 ;

2170 2037 2281 2093 Τοῦ
2304 2038 2491 2103 αὑτοῦ
2520 2038 2971 2114 συλλογιστικὴ
2998 2037 3310 2114 ᾀῃόρειξις
3339 2038 3474 2108 περὶ
3504 2036 3613 2095 τοῦ
3641 2038 3755 2101 Adv

2732 2127 2841 2178 γου
2877 2110 2976 2167 καὶ
3014 2110 3173 2164 Υἱοῦ.

2249 2202 2306 2256 '0
2336 2200 2491 2268 Θεὸς,
2524 2200 2730 2267 τέλειος
2764 2200 2864 2268 ὢν,
2917 2202 3018 2255 οὐκ
3062 2198 3257 2269 ἄλογός
3302 2203 3440 2254 ἐστι.
3481 2200 3653 2269 Λόγον
3695 2198 3753 2259 δδ

2167 2294 2331 2366 ἔχων,
2374 2294 2476 2348 οὐκ
2504 2293 2874 2347 ἀνυπόστατον
2913 2292 3027 2362 ἔχει
3058 2289 3268 2357 τοῦτον,
3302 2291 3411 2346 οὐδ’
3446 2292 3755 2361 ἀρξάμενον

2162 2389 2256 2444 τοῦ
2287 2381 2451 2453 εἶναι,
2482 2386 2603 2441 οὐδὲ
2632 2385 3002 2457 παυσόμενον.
3025 2385 3101 2439 Οὐ
3127 2384 3236 2456 γὰρ
3272 2379 3341 2457 ἦν
3376 2402 3504 2438 ποτε
3535 2386 3754 2454 ἄλογος,

2162 2481 2299 2536 ἀλλά
2330 2480 2419 2534 ἀεὶ
2466 2478 2565 2546 ὢν,
2596 2481 2683 2533 ἀεὶ
2714 2479 2806 2533 τὸν
2855 2476 3054 2533 ἑαυτοῦ
3100 2479 3274 2547 Λόγον
3305 2476 3442 2549 ἔχει,
3495 2478 3556 2542 ἐξ
3586 2475 3753 2531 αὐτοῦ

2166 2589 2226 2625 τε
2252 2569 2616 2642 γεννώμενον,
2652 2569 2749 2622 καὶ
2774 2568 2833 2621 ὲν
2858 2566 3008 2638 αὑτῷ
3041 2565 3291 2636 μένοντα,
3319 2563 3415 2619 καὶ
3432 2563 3629 2629 ζῶντα,
3660 2563 3755 2616 καὶ

2162 2661 2389 2731 τέλειον,
2430 2660 2525 2721 καὶ
2572 2659 2634 2713 οὐ
2675 2660 2819 2714 κατὰ
2850 2658 2942 2717 τὸν
2968 2654 3237 2728 ἡμέτερον
3281 2653 3458 2725 λόγον.
3494 2650 3597 2707 Ὧν
3642 2651 3755 2723 γὰρ

2162 2758 2223 2809 τὸ
2273 2749 2412 2808 εἶναι
2461 2753 2740 2823 διάφορον,
2787 2748 2995 2803 τούτων
3042 2747 3140 2802 καὶ
3176 2748 3202 2800 ό
3249 2746 3411 2813 λόγος
3468 2743 3750 2815 διάφορος.

2165 2849 2376 2918 Ὥσπερ
2405 2846 2460 2899 δὲ
2495 2848 2522 2899 ό
2556 2844 2827 2916 ἡμέτερος
2858 2842 3017 2911 λόγος
3068 2843 3132 2895 ἐκ
3161 2838 3256 2893 τοῦ
3291 2838 3383 2893 νοῦ
3414 2836 3753 2908 γεννώμενος

2161 2932 2285 2991 οὔτε
2317 2936 2493 2990 διόλου
2542 2937 2570 2988 ὁ
2604 2933 2764 2998 αὐτός
2795 2935 2911 2985 ἐστι
2946 2930 3025 3001 τῷ
3069 2929 3166 2999 νῷ,
3219 2928 3346 2982 οὔτε
3401 2927 3751 2981 παντάπασιν

2161 3032 2348 3102 ἕτερος
2371 3044 2386 3060 ⁸
2414 3029 2479 3083 ἐκ
2506 3027 2600 3081 τοῦ
2627 3024 2719 3079 νοῦ
2760 3026 2859 3097 μὲν
2888 3024 2999 3096 γὰρ
3026 3024 3104 3078 ὢν
3135 3021 3297 3086 ἄλλος
3344 3022 3459 3074 ἐστὶ
3490 3017 3621 3089 παρ’
3649 3020 3752 3071 αὑ-

2164 3121 2275 3187 τὸν,
2301 3120 2462 3183 αὐτὸν
2496 3117 2552 3171 δὲ
2580 3117 2671 3170 τὸν
2693 3114 2818 3170 νοῦν
2850 3114 3134 3187 ἐμφαίνων
3179 3113 3280 3165 οὐκ
3319 3112 3434 3165 ἔστι
3463 3108 3750 3170 παντελῶς

2160 3212 2246 3264 Ere
2258 3228 2347 3281 ρος
2381 3210 2514 3280 παρ’
2541 3207 2725 3271 αὐτὸν,
2763 3205 2880 3261 ἀλλ’
2929 3205 2987 3259 ἓν
3016 3203 3091 3259 ὣν
3106 3206 3252 3260 κατὰ
3280 3202 3377 3274 τὴν
3416 3201 3602 3272 φύσιν,
3627 3199 3753 3253 Esse

2163 3305 2253 3376 ρός
2278 3305 2393 3356 ἐστι
2427 3301 2506 3373 τῷ
2544 3297 2929 3369 ὑποκειμένῳ·
2978 3298 3120 3352 οὓτω
3153 3299 3246 3350 καὶ
3277 3299 3306 3349 ὁ
3344 3294 3439 3349 τοῦ
3473 3292 3611 3347 Θεοῦ
3639 3294 3747 3349 A6.-

2159 3412 2276 3463 γος,
2314 3396 2369 3456 ες
2399 3396 2546 3446 ἐστιν
2575 3394 2604 3446 6
2627 3393 2776 3458 Υἱὸς,
2805 3391 2883 3464 τῷ
2917 3391 3017 3463 μὲν
3057 3390 3355 3460 ὑφεστάναι
3402 3387 3526 3441 καθ’
3553 3387 3748 3441 ἑαυτὸν

2159 3488 2416 3563 διῄρηται
2463 3486 2602 3557 πρὸς
2650 3486 2861 3549 ἐκεῖνον
2914 3483 3046 3556 παρ’
3076 3478 3137 3538 οὗ
3169 3482 3268 3552 τὴν
3314 3479 3570 3551 γέννησιν
3607 3479 3742 3550 ἔχει,

2160 3581 2238 3652 τῷ
2292 3582 2350 3634 δὲ
2409 3581 2584 3634 ταῦτα
2667 3578 2939 3634 δεικνύειν
3004 3578 3062 3631 ὲν
3127 3572 3330 3647 ἐαυτῷ,
3383 3571 3420 3627 ἃ
3475 3572 3601 3642 περὶ
3654 3570 3745 3633 τὸν

2159 3674 2291 3744 Θεὸν
2331 3672 2618 3745 θεωρεῖται
2678 3673 2738 3741 ἒν
2775 3675 2891 3726 ἐστι
2915 3671 3050 3744 πρὸς
3090 3669 3253 3737 αὐτὸν
3281 3665 3426 3736 κατὰ
3452 3664 3635 3736 φύσιν.

2168 3959 2275 4013 Τοῦ
2325 3957 2514 4012 αὐτοῦ
2580 3954 3022 4025 συλλογιστικὴ
3084 3952 3392 4020 ἀπόδειξις
3446 3949 3582 4019 περὶ
3631 3952 3743 4011 τοῦ

2662 4029 2835 4098 ἁγίου
2865 4026 3252 4095 Πνεύματος.ξ
3366 4028 3369 4031 ’

2159 4130 2169 4141 ’
2232 4120 2324 4174 Δεῖ
2354 4118 2447 4174 τὸν
2496 4118 2672 4187 Λόγον
2718 4118 2865 4189 ἔχειν
2910 4121 3004 4171 καὶ
3062 4118 3286 4189 Πνεῦμα
3338 4133 3746 4189 συμπαρομαρτ-

2162 4213 2288 4268 τοῦν
2324 4213 2495 4283 αὐτῷ,
2543 4213 2638 4265 καὶ
2668 4210 2940 4282 φανεροῦν
2966 4210 3131 4279 αὐτοῦ
3162 4209 3261 4279 τὴν
3289 4210 3596 4281 ἐνέργειαν.
3624 4210 3740 4263 Καὶ

2163 4307 2274 4376 γὰρ
2308 4307 2334 4359 ὁ
2359 4306 2629 4376 ἡμέτερος
2663 4303 2818 4373 λόγος
2842 4304 2940 4356 οὐκ
2973 4302 3204 4373 ἄμοιρός
3237 4304 3356 4357 ἐστι
3405 4303 3742 4373 πνεύματος.

2161 4398 2301 4466 ὅπερ
2353 4398 2411 4449 ὲν
2448 4393 2529 4466 τῷ
2570 4394 2749 4466 καιρῷ
2793 4395 2889 4465 τῆς
2943 4393 3309 4463 ἐκφωνήσεως
3340 4394 3491 4464 φωνὴ
3532 4393 3745 4462 γίνεται

470 4501 557 4556 vis
587 4500 731 4554 illius
778 4496 1112 4557 declaratur.
1162 4490 1363 4546 Verum
1399 4489 1456 4545 in
1501 4487 1661 4544 nobis
1697 4486 1920 4556 spiritus
1967 4485 2057 4540 hic

2165 4489 2238 4560 τῷ
2265 4490 2407 4561 λόγῳ
2428 4488 2589 4559 ἡμῶν
2615 4488 2929 4559 φανεροῦσα
2959 4486 3057 4558 τὴν
3087 4486 3278 4540 τούτου
3307 4486 3562 4556 δύναμιν.
3601 4485 3745 4540 Ἀλλ’

470 4594 540 4647 ab
564 4590 798 4646 essentia
830 4595 1020 4643 nostra
1055 4583 1268 4640 alienus
1296 4591 1401 4647 est,
1447 4595 1573 4636 cum
1604 4580 1676 4635 sit
1726 4577 1961 4633 inﬂuens
2004 4585 2060 4632 et

470 4682 700 4739 eiiiueus
723 4678 942 4751 quidam
975 4689 1091 4731 aer.
1126 4674 1187 4729 ln
1218 4674 1329 4729 Deo
1372 4680 1555 4727 autem
1599 4669 2058 4741 quemadmodum

470 4772 711 4830 Verbum
756 4784 869 4825 non
920 4768 988 4823 ad
1037 4765 1193 4821 verbi
1241 4764 1418 4836 nostri
1477 4760 1910 4824 similitudinem,
1964 4759 2061 4814 sed

471 4879 571 4937 per
606 4861 907 4919 essentiam
958 4858 1231 4923 subsistit,
1287 4865 1343 4911 et
1382 4855 1652 4919 eamdem,
1696 4868 1859 4923 quam
1904 4853 2061 4908 Pater

474 4964 727 5013 naturam
760 4952 950 5017 habet,
981 4951 1060 5007 sic
1098 4958 1154 5006 et
1190 4948 1432 5021 Spiritus
1471 4953 1695 5002 sanctus
1727 4960 1825 5013 per
1866 4958 2060 4999 essen-

480 5050 608 5104 tiam
645 5043 916 5111 subsistit,
965 5052 1021 5099 et
1064 5058 1131 5100 ex
1179 5042 1340 5099 Patre
1385 5039 1710 5112 procedens,
1752 5047 1807 5094 et
1850 5039 1904 5093 in
1942 5039 2062 5109 ipso

477 5141 771 5203 exsistens,
804 5147 861 5192 et
892 5136 1066 5192 Verbo
1099 5153 1163 5191 ac
1192 5134 1327 5191 Filio
1382 5134 1755 5190 testimonium
1807 5134 2060 5199 reddens,

476 5236 710 5301 eumque
743 5228 1074 5299 significans,
1132 5240 1295 5283 unam
1354 5234 1409 5282 et
1455 5225 1701 5282 eamdem
1750 5239 1874 5280 cum
1926 5222 2060 5296 ipsis

478 5335 735 5379 naturam
772 5321 960 5375 habet.

476 5434 731 5509 Ejusdem
757 5432 1089 5509 adntitgtltilis
1129 5448 1220 5503 per
1259 5431 1498 5509 exenipia
1549 5430 1910 5494 ratiocinatio,
1956 5445 2060 5509 qua

546 5509 785 5570 Patrem,
828 5514 875 5560 et
904 5505 1121 5571 Filium,
1170 5515 1215 5557 ct
1254 5503 1511 5572 Spiritum
1541 5510 1785 5557 sanctum
1830 5515 1940 5555 esse
1966 5506 2062 5551 ded

548 5587 827 5634 monstrat.

548 5691 1015 5760 Quemadmodum
1070 5688 1201 5743 solis
1253 5687 1459 5753 radius,
1502 5696 1556 5742 et
1600 5687 1688 5741 lux
1733 5685 1813 5741 sic
1861 5685 1929 5740 ad
1964 5697 2067 5737 nos.

483 5801 655 5856 usque
688 5786 1034 5855 perveniunt,
1089 5791 1145 5837 ut
1176 5797 1276 5836 nec
1327 5796 1355 5834 a
1404 5780 1518 5835 sole
1562 5779 1868 5846 discedant,
1901 5793 1998 5832 nec
2030 5791 2059 5830 a

2165 4584 2252 4654 ἐφ’
2293 4581 2447 4654 ἡμῶν
2503 4583 2603 4653 μὲν
2655 4581 2934 4650 ἀλλότριον
2978 4583 3078 4650 τῆς
3127 4581 3400 4651 ἡμετέρας
3454 4579 3641 4647 οὐσίας
3681 4581 3746 4635 τὺ

2164 4676 2382 4744 πνεῦμα
2410 4676 2470 4728 τὸ
2519 4675 2681 4739 ἀέρος
2710 4671 2771 4726 ὃν
2814 4671 3002 4744 είσροὴ
3059 4673 3154 4731 καὶ
3203 4673 3368 4745 ἑκροή
3400 4688 3416 4706 ⁸
3442 4673 3538 4726 ἑπί
3563 4671 3619 4725 δὲ
3645 4671 3743 4726 τοῦ

2164 4771 2315 4839 Θεοῦ,
2341 4769 2530 4841 ὥσπερ
2580 4766 2608 4827 6
2646 4767 2818 4837 Λόγος
2861 4767 2922 4821 οὐ
2959 4769 3103 4822 κατὰ
3140 4768 3230 4822 τὸν
3289 4767 3581 4840 ἡμέτερον,
3622 4767 3742 4820 ἀλλ’

2164 4862 2436 4924 οὐσιωδῶς
2484 4857 2755 4929 ὑφεστὼς,
2807 4859 2902 4912 καὶ
2936 4860 3038 4930 τῆς
3080 4861 3251 4930 αὐτῆς
3290 4861 3476 4922 οὐσίας
3516 4862 3612 4913 καὶ
3641 4858 3746 4926 φύ-

2167 4971 2304 5017 σεως
2342 4952 2421 5023 τῷ
2462 4952 2771 5023 γεννήτορι,
2824 4951 2966 5006 οὕτω
2998 4954 3088 5006 καὶ
3117 4955 3179 5006 τὸ
3227 4950 3453 5019 Πνεῦμα
3484 4950 3547 5003 τὸ
3587 4951 3750 5018 ἅγιον

2163 5045 2439 5108 οὕσιωδῶς
2495 5041 2767 5113 ὑφεστὼς,
2813 5044 2907 5097 καὶ
2952 5048 3049 5112 τῆς
3084 5045 3251 5111 αὐτῆς
3278 5041 3354 5111 τῷ
3392 5041 3511 5113 Θεῷ
3552 5041 3748 5105 οὐσίας

2164 5142 2257 5193 καὶ
2287 5138 2503 5208 φύσεως
2537 5138 2632 5189 καὶ
2668 5137 3004 5206 τελειότητος
3034 5139 3097 5189 ὲκ
3119 5134 3214 5188 τοῦ
3260 5135 3475 5205 Πατρὸς
3527 5132 3743 5205 προϊὸν,

2163 5232 2259 5286 καὶ
2306 5232 2361 5282 ὲν
2392 5229 2542 5296 αὐτῷ
2594 5228 2675 5294 ὃν,
2711 5230 2807 5284 καὶ
2844 5229 2922 5301 τῷ
2975 5229 3137 5297 Λόγῳ
3166 5230 3260 5282 καὶ
3289 5226 3404 5298 Υἱῷ
3445 5240 3744 5297 συμπαρο-

2166 5321 2430 5395 μαρτοῦν,
2462 5322 2557 5375 καὶ
2595 5321 2929 5392 ὲκφαντικὸν
2957 5320 3209 5391 ὑπάρχον
3240 5319 3429 5376 αὐτοῦ.

2167 5435 2280 5491 τοῦ
2351 5433 2539 5489 αὐτοῦ
2593 5432 3103 5504 παραδειγματικὴ
3157 5433 3468 5499 ἀπόδειξις
3521 5435 3747 5504 θαυμα-

2186 5514 2193 5517 “
2237 5506 2496 5571 σιωτάτη
2550 5503 2685 5576 περι
2734 5507 2987 5573 Πατρός,
3047 5505 3147 5558 καὶ
3206 5505 3359 5571 Υἱοῦ,
3418 5504 3519 5558 καὶ
3568 5503 3748 5573 ἁγίου

2235 5577 2600 5646 Ιινεύματος.
2769 5588 2774 5594 “

2234 5689 2448 5762 Ὥσπερ
2477 5692 2511 5759 ή
2548 5688 2639 5742 τοῦ
2668 5688 2818 5760 ἡλίου
2845 5688 3003 5753 ἀκτὶς
3039 5689 3134 5744 καὶ
3174 5688 3288 5757 φῶς
3311 5688 3444 5765 οὔτε
3467 5687 3561 5743 τοῦ
3589 5686 3748 5757 ἡλίου

2164 5782 2534 5856 χωριζόμενα,
2565 5781 2687 5836 οὔτε
2726 5783 2972 5853 ἀλλήλων
3007 5784 3475 5852 ἀποδιαιρούμενα
3517 5779 3642 5835 κατί
3684 5797 3745 5832 σι
