4130 6444
345 4784 359 4791 ”
416 4772 623 4838 sident,
650 4777 1038 4831 communione
1060 4782 1293 4847 quadam
1325 4781 1551 4837 unitatis
1574 4784 1718 4840 illius
1746 4787 1999 4843 omnibus

2102 4784 2190 4840 τοῦ
2250 4783 2465 4855 Πατρδς
2493 4821 2509 4849 ,

344 5132 381 5141 αν

420 326 493 392 47

1640 338 2026 402 ΕΠΤΗΥΜῙΙ
2101 342 2467 405 ZlGABENI

3612 336 3687 399 48

421 443 714 515 theologia.
747 443 865 513 Qua
912 447 1126 506 ratione
1155 463 1223 505 ex
1253 448 1582 521 incorporeo
1612 449 1999 521 individuoque

2113 452 2398 524 θεολογια;
2441 454 2562 516 Πῶς
2592 455 2657 508 ἐκ
2705 452 2803 508 τοῦ
2841 453 3010 510 ἀΰλου
3046 453 3139 509 καὶ
3185 450 3431 524 ἀμεροῦς
3477 450 3689 521 ἀγαθοῦ

418 533 563 588 bono
592 535 782 590 intima
806 536 1062 593 bonitatis
1094 538 1301 594 lumina
1327 537 1616 610 pullulent,
1641 550 1699 597 et
1727 557 1756 594 a
1780 550 2007 596 coaeter-

420 642 490 680 na
521 642 648 682 cum
699 628 817 699 ipsa
845 630 1200 700 pullulatione
1248 631 1303 685 in
1331 632 1472 703 ipso,
1506 640 1563 686 et
1595 631 1650 686 in
1705 632 1921 703 seipsis,
1949 643 2005 690 et

420 718 562 773 inter
601 735 661 775 se
713 722 998 779 mansione
1050 724 1131 780 sic
1160 734 1381 794 exeant,
1419 735 1478 782 ut
1504 724 1576 781 ab
1601 739 1665 781 ea
1722 740 2004 798 nunquam

420 813 729 870 discedant.

545 929 633 983 Ea:
668 930 841 1000 capite
864 928 900 984 2
928 930 991 986 ἀι
1017 930 1169 985 unita
1214 928 1572 1002 distinctaque
1595 930 1877 1002 theologia.

486 1101 548 1156 ln
580 1102 783 1158 unione
805 1103 986 1160 divina
1010 1105 1129 1161 sive
1158 1117 1356 1162 natura
1391 1107 1480 1163 illa
1506 1108 1802 1164 essentiam
1840 1124 2004 1181 supe-

416 1203 571 1248 rante
600 1194 900 1263 conjuncta
939 1197 1165 1267 quidem
1219 1208 1349 1254 sunt
1397 1208 1454 1255 et
1480 1200 1795 1256 communia
1827 1202 2004 1256 unicae

415 1285 811 1357 principalique
874 1290 1101 1344 trinitati
1135 1290 1459 1347 exsistentia
1508 1293 1801 1349 essentiam
1842 1308 2004 1365 supe-

414 1390 562 1443 rans,
603 1377 864 1434 divinitas
886 1379 1175 1437 divinitate
1200 1383 1473 1452 superior,
1502 1382 1723 1439 bonitas
1754 1384 2002 1441 bonitate

414 1468 784 1536 praestantior,
814 1472 1011 1526 eadem
1047 1475 1190 1529 ratio
1223 1474 1390 1529 totius
1431 1476 1785 1546 proprietatis
1816 1477 2001 1533 omnia

413 1560 727 1630 superantis
746 1563 932 1617 omnia
957 1576 1247 1633 superans.
1280 1564 1464 1621 unitas
1496 1566 1768 1638 principio
1820 1568 2003 1623 excel-

414 1654 632 1717 lentior,
662 1653 958 1721 ineifabile,
980 1648 1127 1726 quad
1161 1657 1351 1712 multis
1385 1658 1621 1715 vocibus
1650 1661 1996 1727 enuntiatur,

415 1744 689 1816 ignoratio
735 1760 856 1815 quze
904 1747 1108 1817 passim
1172 1748 1497 1821 intelligitur
1524 1752 1769 1807 omnium
1803 1752 1999 1823 positio

413 1837 656 1891 omnium
680 1836 903 1902 ablatio,
921 1838 1242 1894 excellentia
1262 1855 1482 1897 omnem
1501 1842 1835 1913 positionem
1859 1844 2003 1900 abla-

414 1925 728 1998 tionemque
754 1943 1044 1999 superans,
1076 1945 1442 2000 personarum
1494 1934 1709 1990 ratione
1742 1936 1999 2007 principii

413 2017 834 2086 dominantium,
856 2022 900 2076 si
919 2022 1105 2078 dicere
1130 2023 1204 2079 ita
1225 2024 1372 2092 licet,
1401 2035 1590 2082 mutua
1609 2026 1753 2083 inter
1768 2044 1828 2083 se
1849 2044 2003 2084 man-

412 2109 516 2174 sio,
554 2121 716 2181 atque
746 2113 906 2168 sedes
951 2129 1119 2184 supra
1151 2116 1374 2171 modum
1433 2118 1608 2185 unita,
1637 2119 1897 2191 nullaque
1933 2136 2000 2176 ex

412 2209 567 2268 parte
591 2202 840 2269 confusa,
862 2205 1326 2273 quemadmodum
1355 2206 1563 2264 lumina
1586 2209 1920 2280 lampadnm,
1938 2219 2000 2266 ut

411 2293 599 2347 sensui
652 2294 917 2362 expositis
949 2303 1003 2350 et
1033 2295 1274 2365 propriis
1314 2307 1537 2354 utamur
1594 2301 1887 2371 exetnplis,
1940 2301 1997 2356 in

413 2383 579 2438 domo
620 2399 726 2438 una
752 2400 874 2439 cum
913 2385 1046 2453 sint,
1085 2395 1141 2441 et
1174 2396 1286 2443 tota
1321 2390 1376 2444 in
1429 2390 1558 2446 totis
1623 2401 1813 2447 mutuo
1847 2401 1996 2457 sunt,

410 2487 466 2532 et
498 2492 689 2547 puram
720 2479 1139 2550 absolutamque
1183 2481 1328 2537 inter
1362 2498 1420 2537 se
1452 2483 1671 2553 proprie
1694 2484 1999 2539 subsisten-

411 2580 523 2624 tem
559 2569 761 2625 habent
782 2571 1220 2637 distinctionem,
1250 2572 1588 2629 discretione
1610 2576 1831 2644 quidem
1867 2592 1999 2633 con-

411 2663 620 2732 juncta,
649 2672 707 2719 et
741 2664 943 2720 unione
973 2680 1196 2721 rursum
1224 2665 1370 2721 inter
1400 2682 1458 2723 se
1486 2668 1748 2725 discreta.
1788 2667 1846 2724 In
1881 2669 2001 2740 ipsa

410 2756 631 2825 quidem
661 2757 825 2813 domo
854 2773 985 2815 cum
1020 2758 1301 2830 lampades
1337 2774 1587 2816 accensae
1615 2770 1745 2817 sunt
1790 2762 2000 2830 multae,

411 2849 663 2905 videmus
693 2850 939 2905 omnium
981 2851 1188 2905 lumina
1233 2851 1301 2908 ad
1340 2867 1512 2907 unum
1563 2853 1834 2923 quoddam
1865 2869 1999 2909 con-

410 2940 603 3010 juncta
665 2942 872 3007 lumen,
909 2956 1189 3013 unumque
1238 2944 1591 3014 splendorem
1648 2944 1996 3002 individuum

413 3031 989 3102 praeferentia.Neque
1013 3042 1220 3102 posset,
1252 3042 1313 3087 ut
1342 3033 1600 3099 arbitror,
1633 3033 1832 3105 aliquis
1864 3036 2001 3090 lall-

2028 1805 2076 1865 B

2107 547 2176 599 τὰ
2210 545 2480 616 ὲγκάρδια
2511 548 2613 616 τῇς
2647 544 2983 616 ἀγαθότητος
3031 544 3195 615 ἐξέφυ
3238 543 3417 614 φῶτα,
3452 541 3549 597 καὶ
3589 540 3690 610 τῆς

2107 637 2166 690 ὲν
2218 636 2389 707 αὐτῷ,
2443 637 2540 692 καὶ
2577 637 2640 692 ἐν
2689 638 2895 703 αὐτοῖς,
2945 637 3043 691 καὶ
3092 637 3152 691 ιν
3204 635 3456 707 ἀλλήλοις
3508 635 3692 687 novati-

2104 729 2222 784 δίου
2271 733 2338 802 τῇ
2389 729 2796 803 ἀναδλαστὴσει
2837 729 3011 803 μονῆς
3059 728 3486 802 ἀπομεμινηκεν
3532 725 3693 782 ἀνεκ-

2106 823 2339 894 φοιτητα
2363 839 2380 890 ;

2119 935 2215 990 Ἐκ
2236 934 2342 989 τοῦ
2387 932 2521 1004 περὶ
2546 932 2861 1058 ἠνωμιὶνης
2884 936 2984 989 καὶ
3009 932 3462 1070 δὲοακεκριμένης
3486 934 3689 988 θεολο-

2699 1023 2735 1070 τ
2758 1021 2833 1070 ας
2864 1022 2999 1070 nego.
3093 1043 3109 1059 .

2699 1021 2833 1075 γιας
2864 1022 2999 1073 nego.
3023 1021 3109 1070 ρ’.

2187 1098 2312 1154 Ἐπὶ
2340 1099 2440 1168 τῆς
2476 1096 2729 1162 ὲνώσεως
2751 1097 2850 1166 τῆς
2876 1097 3049 1163 θείας,
3071 1097 3190 1168 ἦτοι
3240 1096 3342 1167 τῆς
3376 1096 3688 1167 ὕπερουσιό-

2102 1205 2287 1257 τητος.
2315 1187 2596 1259 ἡνωμένον
2631 1186 2754 1241 ἐστὶ
2781 1191 2847 1260 τῇ
2885 1189 3152 1259 ἑναρχικῇ
3202 1186 3420 1258 Τριὰδι,
3450 1185 3547 1240 καὶ
3570 1203 3690 1240 κοι-

2104 1281 2196 1335 νὺν
2239 1280 2274 1352 ἡ
2324 1279 2653 1352 ὑπερούσιος
2706 1277 2963 1350 ὓπαρξις,
3021 1281 3055 1349 ἡ
3109 1278 3374 1349 ὑπέρθεος
3412 1277 3687 1349 θεότης,ἠ

2106 1373 2454 1444 ὐπεράγαθος
2493 1372 2790 1443 ἀγαθότης,
2822 1373 2856 1443 ἠ
2894 1369 3037 1442 ὑπὲρ
3070 1371 3334 1441 ἑναρχίαν
3373 1368 3586 1440 ἑνότης,
3623 1370 3690 1422 τὸ

2102 1466 2431 1537 ἄφθεγκτον,
2481 1464 2544 1519 τὸ
2577 1464 2920 1535 πολύφωνον,
2959 1465 2992 1535 ὴ
3045 1462 3311 1533 ἀγνωσία,
3350 1461 3690 1543 τδῗπαννδη-

2100 1574 2215 1625 τον,
2269 1560 2304 1630 ἡ
2353 1557 2574 1614 πάντων
2625 1557 2797 1623 θέσις,
2843 1558 2878 1627 ἠ
2929 1557 3152 1612 πάντων
3199 1555 3513 1626 ἀφαίρεσις,
3556 1555 3592 1626 ἡ
3628 1556 3688 1607 ἐν

2101 1652 2383 1724 ἀλλήλαις,
2420 1654 2467 1706 εἰ
2511 1651 2656 1707 οὕτω
2693 1650 2801 1722 χρὴ
2831 1650 3018 1720 φάναι,
3060 1647 3172 1703 τῶν
3208 1648 3514 1720 ἑναρχικῶν
3547 1646 3688 1701 ὕπο·

2105 1744 2350 1799 στάσεων
2404 1742 2542 1814 μονὴ
2590 1741 2686 1797 καὶ
2732 1742 2967 1813 ἵδρυσις,
3019 1740 3219 1804 δλικῶς
3262 1738 3686 1812 δπερηνωμένη,

2104 1836 2364 1908 καθάπερ
2419 1835 2578 1906 φῶτα
2630 1836 2995 1908 λαμπτήρων,
3047 1834 3114 1889 ἶν’
3156 1832 3438 1905 αἰσθητοῖς
3471 1834 3568 1885 καὶ
3609 1832 3690 1884 οἱ·

2103 1929 2276 1993 κείοις
2320 1929 2789 2001 παραδείγμασιν,
2831 1928 3008 1981 ὄντων
3037 1927 3096 1980 ὲν
3131 1924 3269 1998 οἴκῳ
3302 1924 3408 1982 ἑνί.
3451 1926 3561 1979 Καὶ
3589 1924 3689 1977 ὅλα

2102 2020 2216 2090 γὰρ
2246 2022 2305 2074 ὲν
2337 2020 2590 2091 ἀλλήλοις
2619 2006 2765 2083 ὅλοις
2810 2020 2949 2085 ἐστὶ,
2971 2019 3069 2073 καὶ
3099 2016 3304 2090 ἀκριϐῆ
3337 2019 3436 2089 τὴν
3464 2017 3561 2071 ἀπ’
3590 2017 3689 2070 ἀλ-

2101 2108 2279 2180 λήλων
2307 2108 2494 2174 ιδικῶς
2520 2110 2898 2181 ὕφισταμένην
2941 2110 3058 2180 ἔχει
3098 2109 3398 2178 διάκρισιν,
3424 2106 3688 2179 ὴνωμένα

2100 2206 2167 2274 τῇ
2222 2204 2519 2275 διακρίσει,
2579 2205 2678 2259 καὶ
2731 2208 2799 2275 τῇ
2858 2204 3055 2258 ὲνώσει
3103 2203 3524 2275 διακεκριμένα.
3575 2203 3688 2257 Καὶ

2101 2295 2234 2364 γοῦν
2264 2296 2501 2366 ὁρῶμεν,
2528 2297 2588 2350 ἐν
2632 2296 2768 2367 οἴκῳ
2799 2295 3010 2351 πολλῶν
3045 2295 3276 2351 ἐνόντων
3318 2296 3686 2369 λαμπτήρων,

2102 2388 2244 2459 πρὸς
2288 2388 2349 2441 ἓν
2394 2403 2450 2441 τι
2495 2388 2612 2457 φῶς
2650 2387 2918 2457 ἑνούμενα
2972 2387 3044 2441 τὰ
3096 2389 3316 2443 πάντων
3364 2389 3543 2457 φῶτα,
3590 2388 3689 2442 καὶ

2106 2480 2239 2550 μίαν
2263 2479 2461 2551 αἴγλην
2509 2479 2827 2549 ἀδιάκριτον
2872 2479 3289 2548 ἀναλάμποντα,
3333 2480 3430 2534 καὶ
3482 2481 3582 2535 οὒκ
3619 2482 3687 2535 ἄν

2100 2590 2207 2637 τις,
2238 2572 2313 2636 ὡς
2347 2569 2541 2643 οἶμαι,
2562 2572 2784 2627 δύναιτο
2813 2572 2875 2625 τὸ
2904 2572 3058 2625 τοῦδε
3087 2568 3183 2626 τοῦ
3218 2572 3544 2645 λαμπτῆρος
3567 2574 3687 2645 φῶς

2102 2665 2212 2721 ἀπὸ
2247 2667 2355 2720 τῶν
2384 2666 2566 2721 ἀλλων
2599 2667 2664 2720 ὲκ
2710 2663 2805 2720 τοῦ
2831 2665 3010 2719 πάντα
3035 2666 3103 2718 τὰ
3137 2664 3294 2733 φῶτα
3334 2665 3684 2738 περιέχοντος

2101 2760 2265 2829 ἀέρος
2324 2759 2625 2828 διακρῖναι,
2667 2758 2763 2812 καὶ
2814 2757 2943 2810 ἰδεῖν
2966 2757 3098 2812 ἄνευ
3152 2757 3383 2828 θατέρου
3429 2757 3681 2829 θάτερον,

2101 2853 2240 2907 ὅλων
2294 2853 2352 2905 ιν
2412 2850 2565 2925 ὅλοις
2592 2849 2814 2922 ἀμιγῶς
2851 2852 3338 2919 συγκεκραμένων.
3387 2850 3548 2904 ’Δλλὰ
3589 2853 3686 2903 καὶ

2102 2943 2151 2996 εἰ
2209 2941 2301 2998 τὸν
2352 2942 2451 2996 ἕνα
2492 2958 2577 3007 τις
2640 2943 2851 3011 πυρσὸν
2896 2941 3161 3009 ὑπεξάγοι
3203 2941 3299 2995 τοῦ
3359 2942 3681 3014 δωματὶου,

2107 3032 2554 3100 συνεξελεύσεται
2612 3033 2710 3087 καὶ
2764 3032 2825 3085 τὸ
2879 3031 3084 3085 οἰκεῖον
3136 3031 3286 3087 ἅπαν
3343 3032 3493 3101 φῶς,
3527 3033 3683 3087 οὐδέν

411 3123 567 3193 podis
600 3122 760 3190 hujus
794 3123 982 3178 lumen
1020 3123 1090 3179 ab
1127 3123 1248 3180 aliis
1290 3139 1359 3180 ex
1388 3139 1516 3180 aere
1543 3136 1741 3183 cuncta
1792 3128 1999 3185 lumina

2102 3141 2157 3178 τι
2210 3125 2320 3178 τῶν
2351 3123 2554 3196 ἑτέρων
2620 3125 2812 3193 φώτων
2871 3124 3051 3194 ἑαυτῷ
3089 3127 3678 3196 συνεπισπασάμενον,

413 3216 732 3270 continente
755 3230 1073 3283 secernere,
1105 3227 1161 3272 et
1193 3231 1363 3273 unum
1385 3219 1454 3274 ab
1482 3219 1657 3275 altero
1683 3221 1996 3291 sejunctum

411 3308 642 3371 intueri,
673 3322 802 3362 cum
867 3317 979 3363 tota
1014 3308 1069 3362 in
1110 3309 1240 3365 totis
1288 3310 1408 3365 sine
1462 3310 1721 3368 mistione
1757 3314 1869 3369 sint
1909 3316 1998 3370 in-

412 3399 774 3466 serta.~Quod
804 3400 852 3455 si
916 3400 1038 3471 quis
1073 3400 1381 3472 lampadem
1412 3418 1576 3458 unam
1612 3419 1644 3459 e
1684 3407 1864 3461 medio
1895 3408 1998 3464 toi.

404 3489 526 3554 lat,
557 3491 839 3561 proprium
872 3492 995 3562 ejus
1021 3492 1207 3548 lumen
1249 3502 1422 3549 totum
1468 3495 1761 3551 abeuntem
1784 3497 2000 3569 lampa-

413 3586 541 3637 dem
562 3583 945 3648 comitabitur,
981 3598 1084 3639 nec
1109 3585 1345 3640 aliorum
1385 3586 1660 3643 luminum
1697 3591 1997 3661 quidquam

413 3686 601 3726 secum
639 3674 886 3740 trahens,
918 3688 1102 3744 neque
1151 3689 1216 3729 ex
1251 3689 1354 3732 suo
1393 3679 1613 3734 caeteris
1644 3679 1853 3750 aliquid
1892 3683 2000 3738 lin-

411 3777 612 3833 quens.
644 3763 775 3818 Erat
806 3765 976 3829 enim,
1027 3776 1089 3821 ut
1121 3765 1382 3835 diximus,
1436 3769 1548 3825 illis
1581 3770 1823 3841 perfecta
1855 3781 2027 3830 toto-‘

413 3869 534 3908 runt
578 3868 705 3909 cum
748 3856 877 3910 totis
927 3858 1244 3929 coniunctio
1296 3874 1400 3916 nec
1439 3861 1551 3917 ullo
1599 3861 1762 3920 modo
1812 3864 1994 3932 mista,

410 3958 592 4013 neque
650 3945 758 4000 ulla
792 3960 861 4001 ex
919 3956 1080 4016 parte
1108 3949 1364 4006 confusa.
1406 3951 1475 4009 Et
1527 3953 1644 4009 haec
1671 3954 1889 4024 quidem
1921 3958 1999 4013 ita

413 4048 475 4088 se
531 4034 763 4115 habent,
802 4039 1056 4106 quamvis
1108 4040 1300 4095 lumen
1328 4043 1403 4097 sit
1452 4042 1506 4096 in
1537 4058 1788 4114 corpore,
1844 4061 1993 4115 aere,

412 4135 469 4180 et
525 4142 591 4181 ex
646 4112 896 4193 materia,
930 4143 1126 4200 nempe
1173 4131 1299 4202 igne
1347 4112 1673 4204 dependeat.
1726 4112 1997 4196 Ultionem

413 4233 548 4273 vero
589 4219 735 4274 illam
779 4224 1019 4277 essentia
1056 4225 1396 4294 superiorem
1431 4218 1820 4288 transcendere
1853 4234 1996 4288 dici-

412 4324 559 4376 mus,
583 4324 693 4366 non
721 4313 952 4369 uniones
987 4322 1216 4376 tantum.
1243 4331 1365 4387 quae
1387 4319 1523 4374 llunt
1553 4319 1608 4374 in
1632 4336 1881 4393 corpore,
1900 4324 1998 4380 sed

413 4400 537 4455 illas
567 4401 757 4468 etiam,
787 4419 911 4473 qu-.e
967 4406 1021 4460 in
1054 4407 1261 4464 animis
1293 4410 1686 4479 coniiciuntur,
1734 4414 1846 4470 itno
1904 4430 1997 4472 eas

2101 3215 2136 3287 ἤ
2169 3216 2229 3269 τὸ
2270 3214 2467 3268 ἑαυτοῦ
2515 3216 2631 3278 τοῖς
2680 3214 2891 3286 ἑτέροις
2927 3213 3248 3270 καταλιπόν.
3310 3209 3420 3267 Ἶιν
3452 3216 3561 3285 γὰρ
3590 3215 3686 3268 αὑ-

2100 3306 2232 3372 τῶν,
2271 3307 2411 3378 ὅπερ
2460 3305 2622 3377 ἔφην,
2654 3308 2688 3378 ὴ
2723 3306 2864 3360 ὅλων
2928 3307 3066 3377 πρὸς
3110 3305 3211 3361 ὅλα
3245 3306 3517 3377 παντελὴς
3546 3307 3684 3362 ἔνω-

2102 3416 2188 3461 σις
2235 3399 2442 3470 ἀμιγὴς
2486 3399 2741 3459 καθόλου.
2785 3402 2882 3454 καὶ
2927 3400 3107 3455 οὐδενὶ
3147 3399 3307 3470 μέρει
3351 3416 3671 3471 συμπεφυρ-

2105 3490 2266 3561 μένη.
2303 3491 2415 3549 Καὶ
2444 3489 2617 3546 ταῦτα
2654 3490 2809 3555 ὄντος
2837 3482 2896 3547 ὲν
2953 3490 3170 3563 σώματι
3194 3491 3275 3563 τῷ
3307 3492 3470 3564 οάἐρι,
3500 3492 3594 3546 καὶ
3621 3492 3685 3558 ἐξ

2103 3580 2291 3635 ὲνύλου
2344 3581 2440 3635 τοῦ
2496 3583 2670 3653 πυρὸς
2719 3582 3034 3654 ἠρτημένου
3085 3582 3182 3637 τοῦ
3222 3582 3422 3651 φωτὸς,
3453 3583 3590 3637 ὅπου
3617 3600 3682 3652 γι

2098 3671 2198 3743 τὴν
2223 3670 2552 3743 ὐπερούσιον
2598 3672 2796 3726 ἕνωσιν
2835 3669 3234 3743 ὑπεριδρὺσθαι
3271 3670 3451 3741 φαμὲν
3480 3670 3543 3723 οὗ
3571 3671 3683 3723 τῶν

2098 3763 2158 3818 ὲν
2199 3764 2415 3834 σώματι
2453 3767 2616 3835 μόνον
2656 3763 2929 3832 ἑνώσεων,
2960 3763 3100 3818 ἀλλὰ
3139 3762 3237 3819 καὶ
3265 3762 3376 3818 τῶν
3396 3762 3456 3817 ὲν
3481 3761 3682 3833 ψυχαῖς

2099 3855 2316 3921 αὐταῖς,
2345 3856 2441 3911 καὶ
2469 3857 2527 3910 ἑν
2565 3856 2754 3920 αὐτοῖς
2802 3856 2936 3923 νοῖς,
2965 3854 3033 3919 θος
3073 3853 3290 3926 ἔχουσιν
3322 3853 3543 3925 ἀμιγῶς
3587 3856 3681 3909 καὶ

2101 3947 2492 4020 ὑπερκοσμίως
2525 3948 2597 4002 δι’
2637 3949 2775 4002 ὅλων
2804 3948 2903 4005 ὅλα
2963 3947 3035 4002 τὰ
3085 3947 3292 4018 θεοειδῆ
3320 3952 3414 4001 καὶ
3444 3949 3681 4017 ὕπερον-

2101 4042 2265 4112 ρανια
2299 4041 2456 4111 φῶτα
2503 4039 2649 4095 κατά
2688 4040 2908 4111 μέθεξιν
2953 4039 3218 4109 ἀνάλογον
3244 4040 3358 4103 τοῖς
3389 4036 3707 4109 μετέχουσι

2097 4134 2199 4204 τῆς
2250 4134 2472 4189 πάντων
2518 4133 2915 4205 θπερηρμένης
2956 4133 3228 4197 ἑνώσεως.
3291 4133 3449 4186 ’Ἐστι
3486 4132 3544 4186 δὲ
3584 4132 3683 4186 καὶ

2096 4226 2377 4296 διάκρισις
2420 4228 2479 4281 ὲν
2511 4228 2633 4290 ταῖς
2676 4224 3027 4298 ὑπερουσίοις
3088 4224 3413 4293 θεολογίαις,
3467 4224 3568 4295 οὐχ
3612 4223 3683 4294 ἣν
3742 4270 3747 4279 .

2102 4318 2241 4389 ἔφην
2290 4318 2474 4390 μόνον,
2522 4318 2606 4372 ὅτι
2649 4317 2793 4372 κατά
2845 4317 2949 4389 τὴν
3006 4317 3202 4374 ῑνωσιν
3257 4317 3476 4387 άμιγῶς
3529 4317 3682 4387 ἰδρυ-

2097 4429 2190 4468 ται
2236 4412 2335 4465 καὶ
2374 4409 2701 4483 ἀσυγχύτως
2733 4409 2944 4481 ἑκάστη
3000 4410 3109 4465 τῶν
3166 4410 3475 4481 ἑναρχικῶν
3537 4408 3684 4463 ὑπο·

412 4508 654 4563 quoque,
686 4510 810 4565 quae
837 4496 1152 4554 adiciuntur
1192 4502 1245 4555 in
1275 4504 1571 4572 mentibus,
1611 4521 1748 4576 quas
1772 4508 1996 4579 quidem

2105 4506 2372 4567 στάσεων.
2424 4503 2540 4558 ἀλλ’
2571 4504 2656 4558 ὅτι
2699 4504 2797 4558 καὶ
2834 4503 2906 4558 τά
2952 4503 3055 4573 τῆς
3107 4504 3439 4575 ὑπερουσίου
3495 4503 3684 4571 θεογο-

418 4596 530 4642 tota
565 4588 654 4641 illa
680 4588 867 4645 divina
896 4601 953 4646 et
1005 4596 1421 4665 supercoelestia
1449 4598 1679 4667 lumina,
1710 4616 1808 4670 per
1860 4609 1998 4671 tota,

413 4679 628 4735 ratione
649 4680 770 4751 plus
794 4698 957 4753 quam
989 4686 1265 4742 mundana
1293 4687 1510 4745 sincere
1534 4693 1829 4750 admodum
1867 4709 1997 4766 pos-

2099 4598 2220 4662 νίας
2264 4599 2367 4651 οὐκ
2413 4596 2770 4669 ἀντιστρέφει
2798 4595 2935 4667 πρὸς
2983 4594 3213 4666 ἄλληλα.
3254 4595 3407 4665 Μόνη
3438 4595 3496 4648 δὲ
3528 4594 3683 4667 πηγὴ

2098 4691 2198 4762 τῆς
2236 4688 2565 4760 ὑπερουσιου
2608 4688 2866 4759 θεότητος
2894 4689 2922 4741 ὁ
2953 4687 3164 4759 Πατὴρ,
3201 4689 3305 4744 οὐκ
3348 4687 3505 4751 bno;
3548 4687 3682 4741 Υιοῦ

2556 4782 2678 4837 οὐδὲ
2726 4783 2942 4854 Πατρὶς
3000 4780 3097 4836 τοῦ
3165 4781 3290 4836 Υἱοῦ
3325 4795 3341 4811 ⁶
3377 4779 3680 4849 φυλαττόν-

421 4864 806 4920 antecellentis
859 4875 915 4921 et
999 4870 1295 4941 unicuique
1355 4887 1456 4944 pro
1511 4875 1777 4947 cujusque
1833 4879 1999 4934 modo

2102 4892 2206 4930 των
2243 4875 2299 4931 δὲ
2350 4875 2421 4929 τά
2451 4876 2631 4929 οἰκεῖα
2677 4873 2789 4929 τῶν
2826 4874 3012 4946 ὓμνων
3060 4875 3275 4945 εὐαγῶς
3322 4874 3531 4947 ἑκάστῃ
3573 4872 3681 4926 τῶν

412 4952 648 5024 seipsam
677 4954 1065 5026 impartientis.
1117 4960 1213 5015 Est
1265 4972 1447 5019 autem
1478 4965 1738 5022 discretio
1778 4969 1833 5022 in
1885 4984 1983 5024 su-

2101 4966 2412 5039 θεαρχικῶν
2450 4965 2831 5022 ὑποστάσεων.

404 5036 604 5133 :prema
641 5049 930 5122 theologia,
986 5068 1099 5108 non
1154 5054 1353 5121 solum,
1384 5071 1547 5126 quam
1600 5061 1765 5115 modo
1822 5062 2096 5128 dicebam,
2122 5036 2332 5132 quiain
2384 5075 2501 5131 ipsa
2569 5060 2776 5116 unitate
2817 5060 3000 5118 divina
3058 5059 3287 5133 singulae
3335 5059 3705 5117 dominantes.

410 5159 665 5217 persona:
699 5162 892 5217 puram
950 5158 1005 5204 et
1048 5149 1441 5220 impermistam
1500 5155 1602 5210 sibi
1659 5167 1883 5213 servant
1934 5160 2346 5230 praprietatem,
2403 5157 2498 5214 sed
2564 5157 2729 5213 etiam
2779 5158 3034 5227 quoniam
3069 5170 3191 5226 qua:
3230 5155 3288 5213 in
3345 5156 3436 5211 illa
3494 5157 3680 5212 divina

413 5247 469 5294 et
516 5240 812 5293 essentiam
864 5253 1165 5311 superante
1214 5246 1562 5315 generatione
1611 5257 1763 5316 sunt,
1802 5250 2043 5306 vicissim
2110 5267 2221 5307 non
2280 5261 2695 5306 convertuntur.
2755 5250 2915 5306 Solus
2971 5252 3117 5305 enim
3206 5250 3332 5306 fons
3382 5254 3681 5307 essentiam

411 5333 726 5403 superantis
766 5332 1068 5389 divinitatis
1125 5345 1212 5392 est
1260 5338 1444 5405 Pater,
1498 5356 1676 5412 neque
1728 5342 1891 5399 Pater
1920 5353 2007 5401 est
2057 5344 2249 5412 Filius,
2284 5360 2462 5414 neque
2493 5344 2663 5402 Filius
2692 5356 2778 5402 est
2810 5344 2995 5400 Pater.
3044 5344 3232 5414 Itaque
3280 5346 3424 5400 sacri
3491 5346 3704 5427 hymni.

412 5438 508 5480 sua
536 5426 833 5495 unicuique
878 5426 1187 5482 divinarum
1221 5445 1584 5499 personarum
1614 5438 1706 5508 pie
1740 5451 2041 5511 sancteque
2067 5448 2416 5498 conservant.

930 5526 1018 5577 Ea:
1050 5528 1227 5581 eodem
1272 5534 1465 5602 capite.

491 5612 740 5676 c~NulLus
764 5614 964 5675 bonus,
995 5613 1098 5670 nisi
1141 5632 1282 5673 unus
1317 5621 1517 5699 Deus’.
1550 5627 1738 5697 λωιιά
1778 5639 1833 5689 et
1858 5630 1985 5688 alibi

487 5785 508 5819 ⁸
569 5779 762 5836 Matth.
800 5794 909 5843 xix,
951 5779 1034 5832 Π.

2345 5582 2350 5586 .
2470 5540 2573 5594 Ἐκ
2605 5537 2712 5593 τοῦ
2742 5537 2927 5593 αὐτοῦ
2955 5539 3311 5608 κεφαλαίου.

2167 5632 2355 5705 Otiosi;
2389 5632 2591 5704 ἀγαθὸς
2635 5633 2685 5688 si
2747 5630 2825 5703 μὴ
2880 5632 2908 5685 ὁ
2954 5632 3106 5698 Θεός.
3139 5631 3308 5688 Τοῦτο
3338 5633 3440 5705 μὲν
3461 5628 3554 5689 οὖν
3584 5634 3681 5688 καὶ
