4130 6474
389 477 451 539 ω
1367 480 1748 544 PANOPLIA
1791 481 2257 546 DOGMATICA.
2284 506 2355 521 —
2394 484 2547 547 TIT.
2587 483 2672 545 Il.
3585 485 3653 547 50

396 593 445 645 ἐν
468 591 651 654 ἄλλοις
682 591 971 658 ὲξετασθὲν
1000 592 1128 662 ἡμῖν
1162 592 1540 648 ἀποδέδεικται
1561 610 1575 624 ·
1624 598 1685 650 τὸ
1715 597 1892 658 πάσας
1917 596 1975 649 ἂν

2087 613 2114 651 a
2151 598 2313 652 nobis
2369 613 2672 667 eXpensum
2728 611 2791 652 ac
2839 597 3269 653 demonstratum
3326 606 3431 663 est,
3464 614 3656 654 omnes

398 687 485 741 τὰς
520 682 855 751 θεοπρεπεῖς
884 682 1188 752 θεωνυμίας
1216 685 1275 738 οὗ
1308 686 1569 755 μερικῶς,
1604 685 1716 740 ἀλλ’
1754 688 1844 739 ἐπὶ
1875 688 1973 757 τῆς

396 774 521 839 ὅλης
551 775 644 826 καὶ
680 774 978 838 παντελοῦς
1013 778 1104 829 καὶ
1147 777 1440 849 ὁλοκλήρου
1471 778 1563 831 καὶ
1592 778 1837 849 πλήρους
1860 779 1975 831 θεό-

393 884 551 934 τητος
576 865 682 919 ὑπὸ
707 866 815 918 τῶν
857 866 1052 934 λογίων
1086 868 1369 936 ὑμνεῖσθαι
1395 883 1409 898 ⁸
1457 872 1548 922 καὶ
1600 871 1778 933 πάσας
1808 869 1975 932 αὑτὰς

393 953 637 1023 ἀμερῶς,
685 955 992 1021 ἀπολύτως,
1031 957 1493 1029 ἀπαρατηρήτως,
1543 959 1737 1023 όλικῶς
1787 960 1972 1031 ἁπάσῃ

393 1049 454 1114 τῇ
483 1047 693 1113 όῗιότητι
736 1050 836 1118 τῆς
860 1047 1133 1110 ὀλοτελοῦς
1179 1051 1272 1102 καὶ
1303 1049 1481 1120 πάσης
1509 1050 1758 1120 θεότητος
1796 1052 1977 1104 ἀνατί-

393 1136 608 1193 θεσθαι.
655 1140 765 1192 Kal.
810 1138 939 1206 γοῦν
973 1140 1049 1203 ὡς
1077 1142 1134 1194 ἐν
1169 1142 1287 1203 ταῖς
1325 1141 1661 1208 θεολογτκαίς
1690 1140 1978 1197 ὑποτυπώ-

392 1248 545 1284 σετιν
592 1234 1007 1304 ὑπεμνήσκμεν,
1047 1237 1095 1288 εἰ
1145 1233 1220 1306 μὴ
1261 1237 1520 1305 περὶτῆς
1566 1236 1691 1306 ὅλης
1725 1236 1977 1307 θεότητος

394 1320 529 1390 eain
584 1338 668 1385 τις
710 1323 865 1377 τοῦτο
898 1325 1175 1395 εἰρῆσθαι,
1210 1326 1303 1380 καὶ
1356 1326 1671 1397 ἀποσχίζεέν
1719 1327 1977 1397 ἀθέσμως

393 1418 568 1486 τολμᾷ
598 1414 695 1485 τὴν
734 1417 1161 1489 ὑπερηνωμένην
1192 1420 1372 1485 ένάδα,
1396 1422 1585 1492 ῥητέον
1615 1421 1689 1484 ὼς
1723 1421 1882 1483 αὐτός
1915 1439 1975 1475 τε

393 1514 420 1564 6
442 1512 758 1583 ἁγαθοφυὴς
800 1511 903 1581 ἔφη
954 1512 1148 1579 Λόγος,
1188 1512 1269 1567 ὅτι
1313 1534 1330 1564 ι
1355 1510 1496 1582 Ἐγὼ
1534 1515 1737 1583 ἀγαθός
1772 1517 1923 1584 εἰμι’
1953 1535 1971 1566 ι

397 1604 487 1655 καί
518 1620 604 1666 τις
638 1604 747 1657 τῶν
775 1605 1088 1673 θεολήπτων
1119 1606 1416 1677 προφητῶν
1448 1607 1625 1676 ὑμνεῖ,
1663 1626 1682 1659 ι
1714 1607 1785 1659 Τὸ
1816 1608 1977 1661 πνεῦ-

401 1696 476 1763 μα
511 1712 603 1748 σου
636 1696 695 1748 τὸ
742 1696 977 1763 ἀγαθόν·
1014 1717 1032 1749 ι
1087 1698 1181 1752 καὶ
1230 1694 1384 1762 αὖθις
1431 1699 1510 1764 τὸ,
1563 1718 1581 1751 ι
1618 1699 1758 1767 Ἐγώ
1801 1701 1916 1770 εἰμι
1950 1704 1977 1753 6

398 1786 469 1838 (ειν
497 1802 511 1815 °
550 1805 569 1838 ι
618 1786 667 1839 ei
696 1788 771 1857 μὴ
812 1787 935 1840 καθ’
964 1789 1091 1858 ὅλης
1131 1792 1364 1860 φήσουσι
1396 1791 1490 1863 τῆς
1535 1793 1786 1863 θεότητος
1828 1794 1979 1865 εἰρῆ-

399 1878 546 1942 σθαι,
588 1880 712 1932 καθ’
744 1880 801 1933 ἓν
835 1881 892 1934 δὲ
938 1882 1102 1952 μέρος
1134 1883 1267 1936 αὐτὸ
1297 1886 1638 1955 περιγράψαι
1673 1884 1974 1956 βιάσαιντο.

2079 704 2296 757 semper
2325 689 2798 744 denominationes
2823 688 2934 744 Deo
2962 689 3150 760 dignas
3181 705 3287 742 non
3321 705 3417 759 per
3446 700 3651 757 partes,

2082 781 2176 835 sed
2208 780 2259 834 in
2305 790 2437 843 tota.
2469 780 2746 850 perfecta.
2805 780 3013 851 integra
3054 788 3109 835 et
3156 781 3314 851 plena
3347 780 3655 853 divinitate

2080 873 2131 926 in
2165 874 2370 928 sanctis
2419 872 2598 927 Libris
2629 873 2917 939 celebrari,
2951 882 3003 929 et
3028 887 3222 928 omnes
3267 872 3411 943 ipsas
3454 872 3656 927 indivi-

2078 964 2204 1030 due,
2258 965 2527 1029 absolute,
2581 974 2781 1035 praeter
2826 980 3043 1020 omnem
3082 965 3417 1020 discriminis
3470 964 3658 1019 obser-

2080 1056 2341 1119 vantiam,
2380 1057 2588 1127 integra
2616 1058 2832 1112 ratione
2865 1057 3136 1113 universa:
3178 1056 3475 1127 integritati
3532 1071 3656 1125 per-

2078 1148 2234 1203 fectae
2259 1158 2313 1202 et
2344 1149 2511 1203 totius
2531 1148 2834 1204 divinitatis
2862 1150 3108 1204 attribui.
3136 1149 3253 1203 Jam
3281 1164 3430 1213 vero,
3463 1163 3657 1217 quem-

2079 1240 2371 1294 admodum
2425 1239 2479 1293 in
2558 1241 2882 1310 theologicis
2968 1241 3403 1295 institutionibus
3463 1241 3654 1294 admo-

2080 1332 2321 1397 nuimus,
2380 1332 2485 1386 nisi
2539 1332 2663 1401 quis
2706 1334 2808 1387 hoc
2838 1334 2907 1387 de
2952 1342 3062 1387 tota
3110 1333 3395 1385 divinitate
3453 1332 3654 1386 dictum

2080 1422 2424 1487 eontiteatur,
2453 1424 2704 1477 scindere
2733 1425 2898 1479 audet
2931 1425 3239 1478 temeritate
3260 1423 3506 1478 nefanda
3539 1425 3657 1477 uni-

2088 1521 2254 1567 tatem
2306 1516 2477 1585 ipsam
2528 1518 2928 1587 superunitam.
2996 1518 3295 1572 Dicendum
3340 1516 3534 1585 igitur,
3589 1516 3657 1570 de

2084 1616 2195 1661 tota
2224 1608 2511 1663 divinitate
2552 1611 2722 1680 accipi
2755 1620 3009 1680 oportere
3043 1611 3270 1664 verbum
3306 1611 3406 1664 hoc
3453 1609 3654 1679 ipsum,

2082 1710 2278 1756 natura
2332 1702 2558 1756 bonum.
2606 1704 2786 1773 Atque
2818 1703 3016 1772 aliquis
3042 1718 3107 1757 ex
3146 1702 3428 1772 prophetis
3460 1701 3658 1756 divini-

2083 1801 2169 1847 tus
2244 1791 2441 1847 amatis
2501 1794 2698 1849 canit:
2767 1813 2782 1846 ι
2846 1792 3085 1864 Spiritus
3151 1795 3326 1849 bonus
3364 1794 3406 1847 ⁸.
3453 1812 3469 1843 ι
3539 1792 3657 1847 Huc

2085 1885 2257 1940 tendit
2307 1895 2362 1940 et
2411 1885 2586 1941 illud:
2649 1906 2667 1938 ι
2698 1888 2808 1957 Ego
2857 1903 3000 1950 sum,
3056 1886 3147 1956 qui
3200 1902 3319 1942 sum
3351 1888 3393 1940 ⁸.
3434 1904 3452 1937 ι
3500 1886 3656 1953 Quod

396 1974 511 2036 πῶς
540 1972 868 2026 ἀκούσοντιι
926 1974 1040 2040 τοῦ,
1084 1976 1252 2029 «Τάδε
1282 1975 1429 2044 λέγει
1470 1977 1499 2029 6
1550 1978 1647 2045 ὢν,
1680 1980 1772 2033 καὶ
1821 1982 1848 2034 6
1880 1974 1968 2051 ἦν,

2079 1976 2179 2031 nisi
2210 1977 2277 2031 de
2309 1984 2419 2032 tota
2446 1978 2651 2032 dictum
2684 1978 2970 2032 divinitate
3000 1980 3366 2042 consentiant,
3424 1978 3520 2032 sed
3564 1978 3656 2031 uni

394 2068 487 2117 καὶ
518 2068 545 2118 ὁ
566 2065 861 2136 ἐρχόμενος
886 2068 913 2119 6
937 2069 1349 2138 παντοκράτωρ,
1395 2087 1414 2121 ι
1456 2070 1573 2135 καὶ,
1600 2089 1618 2122 ι
1649 2072 1720 2125 Σὺ
1747 2072 1803 2125 δὲ
1827 2074 1854 2125 6
1879 2074 1975 2125 αύ-

392 2158 482 2217 τός
507 2154 580 2221 εἷ,
615 2178 633 2211 ι
686 2163 801 2224 κα“·,
840 2160 956 2212 ιΤδ
1005 2159 1230 2229 Πνεῦμα
1271 2159 1370 2230 τῆς
1416 2160 1672 2231 ἀληθείας
1710 2162 1772 2214 τὸ
1814 2161 1894 2228 ὃν,
1946 2163 1975 2216 ὃ

390 2256 548 2325 παρὰ
598 2254 689 2308 τοῦ
736 2255 946 2325 [lat-pb;
992 2256 1384 2327 ὲκπορεύεται;
1424 2275 1441 2308 ι
1489 2258 1599 2312 Kal.
1638 2257 1685 2310 εὶ
1724 2259 1822 2328 μὲν
1848 2259 1976 2329 ὅλην

391 2342 531 2397 εἶναι
564 2363 696 2413 φασι
724 2346 821 2417 τὴν
850 2347 1107 2418 θεαρχίαν
1152 2347 1315 2420 ζωὴν,
1347 2349 1463 2413 πῶς
1497 2348 1706 2420 ἀληθὴς
1740 2351 1768 2403 ὁ
1796 2351 1975 2420 φήσας

396 2437 541 2505 ἱερὸς
568 2438 757 2503 Λόγος,
792 2436 1035 2508 «Ὥσπερ
1070 2439 1097 2490 6
1127 2439 1313 2509 Πατὴρ
1342 2440 1546 2507 ἐγείρει
1571 2442 1694 2503 τοὺς
1725 2442 1971 2511 νεκροὺς,

392 2526 489 2578 καὶ
513 2526 789 2592 ζωοποιεῖ,
822 2527 966 2581 οὕτω
995 2528 1088 2582 καὶ
1115 2531 1142 2582 6
1168 2531 1293 2595 Υἱὸς
1345 2531 1437 2594 οὓς
1471 2531 1612 2584 θέλει
1641 2530 1897 2596 ζωοποιεῖ
1921 2549 1969 2598 ;ι

393 2622 490 2673 καὶ
505 2622 588 2673 ὅτι
613 2621 673 2674 τὸ
699 2621 923 2693 Πνεῦμά
952 2624 1066 2676 ἐστι
1095 2624 1154 2678 τὺ
1181 2624 1509 2695 ζωοποιοῦν;
1538 2626 1659 2679 Ὀτι
1683 2627 1737 2681 δὲ
1758 2625 1852 2680 καὶ
1875 2627 1975 2698 τὴν

392 2715 592 2784 κυρίαν
642 2717 755 2787 ἔχει
794 2718 904 2771 τῶν
936 2718 1131 2789 ὅλωνή
1181 2719 1278 2790 ὅλη
1329 2719 1537 2791 θεότης,
1586 2723 1715 2793 περὶ
1749 2722 1848 2789 μὲν
1876 2723 1978 2792 τῆς

392 2805 648 2868 Θεογόνου
679 2806 955 2878 θεότητος,
995 2810 1026 2881 ἢ
1062 2809 1158 2879 τῆς
1198 2810 1398 2878 υίικῆς,
1429 2810 1550 2863 οὐδὲ
1598 2811 1775 2864 εἰπεῖν
1807 2810 1975 2876 ἔστιν,

390 2896 570 2967 οἶμαι,
614 2901 826 2970 ποσαχῆ
875 2902 974 2971 τῆς
1018 2902 1291 2970 θεολογίας
1336 2902 1431 2957 ἐπὶ
1480 2903 1689 2973 Πατρὸς
1720 2903 1814 2957 καὶ
1844 2901 1975 2956 Υἱοῦ

387 2988 798 3059 διαθρυλλείται
849 2992 944 3058 τὸ,
994 2993 1229 3061 Κύριος.
1301 2994 1463 3047 Ἀλλὰ
1512 2995 1608 3049 καὶ
1662 2995 1864 3065 Κύριος
1913 2994 1976 3047 τδ

394 3081 624 3150 11·λεῦμά
649 3084 786 3140 ἐστι.

2081 2076 2291 2120 tantum
2346 2068 2481 2137 parti
2522 2080 2791 2122 conentur
2842 2067 3136 2129 ascribere,
3194 2083 3432 2139 quonam
3492 2065 3658 2119 modo

2078 2158 2209 2213 illud
2257 2159 2526 2229 accipient
2574 2175 2590 2213 :
2647 2178 2666 2210 ι
2712 2158 2841 2214 Ilaec
2886 2160 2963 2213 ait
3002 2160 3234 2229 quiest,
3288 2158 3380 2225 qui
3431 2166 3570 2221 erat,
3602 2166 3659 2211 et

2077 2249 2169 2317 qui
2195 2259 2457 2304 venturus
2478 2257 2580 2316 est,
2610 2250 2703 2319 qui
2737 2257 2823 2304 est
2844 2250 3191 2319 omnipotens
3211 2250 3288 2314 ⁶;ι
3328 2248 3456 2303 item
3482 2248 3609 2303 illud
3640 2269 3652 2303 :

2083 2363 2101 2395 ι
2137 2343 2217 2396 Tu
2243 2352 2424 2396 autem
2461 2342 2605 2396 idem
2664 2342 2780 2411 ipse
2815 2355 2874 2395 es
2898 2342 2954 2406 ";
2997 2360 3016 2392 ι
3080 2356 3182 2396 nec
3216 2357 3325 2395 non
3388 2351 3444 2396 et
3479 2340 3606 2395 illud
3640 2360 3656 2394 ι

2083 2456 2101 2489 ι
2148 2436 2384 2506 Spiritus
2416 2434 2682 2500 veritatis,
2740 2433 2831 2504 qui
2880 2442 2985 2498 est,
3039 2433 3131 2503 qui
3186 2450 3217 2489 a
3269 2433 3429 2493 Patre
3468 2448 3658 2503 procc-

2077 2530 2246 2583 dit'?
2282 2548 2300 2579 ι
2362 2528 2527 2599 Atqui
2592 2528 2697 2583 nisi
2732 2536 2898 2583 totam
2935 2526 3273 2582 divinitatem
3318 2542 3440 2582 esse
3487 2527 3658 2582 vitam

2078 2622 2260 2678 dicant
2285 2632 2447 2690 atque
2476 2618 2769 2685 vivitieam,
2795 2633 3031 2687 quonam
3065 2618 3226 2673 modo
3252 2634 3436 2672 verum
3462 2628 3545 2672 est
3580 2616 3657 2683 id,

2080 2718 2225 2785 quod
2258 2713 2496 2770 Verbum
2538 2728 2754 2767 sacrum
2806 2713 2881 2766 ait
2916 2728 2930 2767 :
2992 2730 3011 2762 ‹
3041 2710 3534 2776 Quemadmodum,
3573 2709 3659 2763 in—

2079 2806 2295 2874 quiens,
2333 2803 2498 2858 Pater
2541 2802 2770 2857 suscitat
2801 2810 3065 2865 mortuos,
3102 2808 3157 2856 et
3196 2800 3452 2865 viviﬁcat,
3497 2800 3577 2855 sic
3601 2810 3658 2857 et

2080 2900 2267 2965 Filius,
2300 2912 2437 2968 quos
2473 2896 2590 2950 vult
2638 2895 2877 2950 viviﬁeat
2906 2895 2969 2948 ’ἲ
3003 2913 3020 2945 ι
3055 2894 3175 2949 Jam
3200 2910 3332 2949 vero
3365 2894 3507 2963 quod
3544 2902 3654 2947 tota

2077 2991 2333 3047 divinitas
2373 2991 2574 3044 habeat
2623 2988 2867 3044 omnium
2937 2987 3302 3053 dominatum,
3360 2988 3653 3057 perspicue

2080 3092 2248 3153 patet.
2281 3082 2356 3136 Ac
2387 3082 2455 3136 de
2497 3080 2736 3135 secunda
2764 3080 2981 3149 quidem
3014 3078 3190 3139 Patris
3217 3078 3525 3143 divinitate,
3572 3079 3659 3134 rel

390 3178 461 3230 de
507 3176 794 3232 divinitate
830 3176 971 3240 Filii,
1027 3194 1138 3232 non
1199 3178 1353 3233 facile
1392 3191 1617 3235 narratu
1652 3189 1756 3244 est,
1818 3187 1879 3235 ut
1918 3175 2178 3242 arbitror,
2241 3188 2403 3244 quam
2463 3173 2652 3228 multis
2721 3170 3005 3242 theologia:
3054 3171 3188 3226 locis
3246 3170 3313 3226 de
3388 3168 3547 3226 Patre
3592 3162 3659 3226 et

393 3269 534 3324 Filio
554 3273 782 3337 dicatur,
819 3274 1103 3331 Dominus.
1133 3276 1332 3331 Verum
1365 3285 1420 3331 et
1453 3276 1688 3346 Spiritus
1708 3274 1976 3334 Dominus
2006 3279 2109 3327 est.

394 3398 525 3470 Ἐζι
555 3396 687 3465 περὶ
717 3399 949 3470 Πατρός
978 3399 1075 3452 καί
1110 3400 1245 3453 Υίοῦ
1277 3401 1373 3453 καὶ
1402 3401 1572 3468 ἁγίου
1609 3401 1975 3470 Πνεύματος.

2085 3396 2159 3450 De
2190 3395 2354 3449 Patre
2382 3394 2527 3455 item,
2568 3399 2617 3443 et
2638 3390 2797 3470 Filio,
2828 3400 2876 3444 et
2904 3387 3107 3470 Spirita
3139 3395 3323 3470 sancto
3350 3386 3678 3470 distinctam.

460 3466 887 3536 διακεκριμένη
940 3470 1059 3538 ἅμα
1107 3470 1205 3522 καὶ
1258 3466 1533 3539 ἡνωμένη
1562 3466 1837 3539 θεολογῖία
1866 3469 1972 3523 τοῦ

456 3539 732 3605 μεγάλου
787 3539 1165 3609 Ἀθανοσίου.
1224 3540 1332 3593 Καὶ
1376 3541 1464 3593 ὅτι
1511 3540 1547 3593 d
1592 3541 1886 3609 λέγουσιν
1915 3542 1975 3592 al

461 3612 618 3662 θεῖαι
644 3608 875 3675 Γραραὶ
901 3610 1032 3676 περὶ
1066 3609 1170 3663 τοῦ
1198 3609 1443 3676 Πατρός.
1473 3611 1659 3664 ταῦτὰ
1686 3626 1837 3679 φασι
1865 3609 1972 3663 πά-

459 3683 570 3733 .ltr
595 3680 692 3732 καὶ
726 3680 859 3750 {rapi
886 3680 990 3732 τοῦ
1021 3679 1152 3733 Ποῦ
1179 3683 1277 3750 καὶ
1306 3679 1563 3745 περὶτοῦ
1588 3683 1760 3750 ἁγίου
1789 3682 1977 3750 Drsti-

456 3767 671 3817 ματος,
721 3747 1112 3803 δεικνύουσαι
1161 3747 1310 3819 alar
1360 3751 1476 3817 τὴν
1520 3751 1592 3803 ἐν
1636 3747 1765 3816 ’τοῖς
1813 3748 1974 3818 τρισὶ

460 3821 639 3887 θεότη
651 3836 735 3873 τα.

466 3915 652 3982 "Amp
681 3909 835 3967 εἶπεν
860 3916 889 3967 ό
920 3913 1109 3984 Πατὴρ
1140 3914 1197 3967 ὲν
1227 3915 1305 3984 τῷ
1349 3914 1564 3984 Ἡσαΐᾳ,
1597 3911 1768 3965 ταῦτα
1802 3912 1829 3964 6
1858 3912 1973 3965 Ἰω-

386 4004 563 4075 άννης
591 4004 761 4073 λέγει,
796 4006 877 4057 ὅτι
904 4007 931 4058 6
960 4006 1085 4068 Υἱὸς
1112 4001 1285 4072 εἶπεν,
1306 4006 1394 4060 Ἑν
1418 4006 1473 4058 δὲ
1496 4008 1616 4068 ταῖς
1644 4004 1916 4075 Πράξεσιν
1947 4004 1976 4056 6

382 4096 609 4160 Ηλῦλύς
654 4113 836 4166 φησιν,
878 4099 957 4150 ὅτι
991 4097 1051 4151 τὸ
1092 4096 1318 4167 Πνεῦμα
1362 4098 1424 4150 τὸ
1469 4096 1623 4165 ἅγιον
1661 4093 1896 4179 εἶπεζΤξ
1918 4097 1975 4149 δὲ

382 4192 709 4259 γέγραπται
738 4191 795 4243 ἐν
824 4188 901 4259 τῷ
918 4189 1152 4261 Ἦσαῖᾳ;
1192 4187 1378 4242 «Εἶδον
1403 4188 1489 4242 τὸν
1517 4189 1722 4259 Κύριον
1746 4186 1973 4242 Σαϐαὼθ

385 4283 714 4351 καθήμενον
762 4283 858 4334 ἐπὶ
906 4280 1095 4350 θρόνου
1128 4280 1336 4350 ὑψηλοῦ
1367 4279 1461 4335 καὶ
1500 4281 1839 4350 ἐπηρμένου,
1881 4280 1975 4332 καὶ

383 4376 613 4445 πλήρης
653 4376 681 4427 6
712 4369 860 4437 οἶκος
901 4375 1001 4444 τῆς
1042 4374 1203 4443 δόξης
1249 4371 1437 4436 αὑτοῦ,
1488 4372 1582 4426 καὶ
1622 4372 1868 4442 σεραφὶμ
1894 4374 1976 4425 st-

380 4479 690 4537 στηκεισαν
729 4465 915 4538 κύκλῳ
939 4466 1127 4534 αὑτοῦ,
1155 4466 1215 4532 ἓξ
1243 4468 1515 4537 πτέρυγες
1545 4466 1765 4536 τῷιὲνὶ,
1793 4467 1886 4519 καὶ
1916 4466 1974 4533 ἒξ

379 4562 671 4632 πτέρυγες
719 4560 797 4630 τῷ
847 4560 950 4615 ἑνί.
982 4560 1089 4613 Kal.
1112 4561 1235 4623 ταῖς
1277 4559 1377 4629 μὲν
1406 4557 1529 4612 δυσὶ
1560 4558 1819 4627 πτέρυξιν
1842 4559 1976 4612 ἑκά-

376 4653 600 4705 λυπτον
641 4651 707 4705 τὰ
743 4652 1015 4721 πρόσωπα
1059 4649 1261 4715 αὐτῶν,
1305 4650 1423 4712 ταῖς
1458 4648 1514 4701 δὲ
1561 4649 1683 4702 δυσὶ
1716 4649 1843 4711 τοὺς
1885 4648 1976 4701 πό-

372 4746 509 4812 δας,
540 4745 633 4797 καὶ
653 4747 777 4808 ταῖς
808 4745 964 4798 δυσὶν
987 4745 1270 4798 ἑπέταν-το.
1308 4742 1420 4795 Καὶ
1449 4742 1751 4812 ἐκέκραγον
1784 4740 1972 4811 ἕτερος

2079 4756 2131 4799 ct
2158 4745 2411 4799 dicebant
2467 4761 2481 4797 :

375 4838 532 4908 πρὸς
577 4838 669 4892 τὸν
712 4837 897 4909 ἕτερον
923 4855 936 4869 ·
974 4837 1184 4906 Ἀγιος,
1222 4836 1399 4904 ἅγιος,
1447 4836 1601 4904 ἅγιος
1634 4832 1839 4905 Κύριος
1868 4837 1976 4890 Σα-

373 4931 564 4996 ϐαὼθ,
614 4932 828 5003 πλήρης
869 4930 1022 4984 πᾶσα
1061 4930 1096 5000 ἡ
1130 4929 1202 4999 γῆ
1236 4929 1333 4999 τῆς
1378 4927 1537 4998 δόξης
1583 4925 1771 4980 αὑτοῦ.
1808 4946 1826 4979 ι
1865 4928 1977 4982 Καὶ

377 5023 514 5094 μετ’
563 5022 718 5090 ὀλίγα
771 5023 800 5075 6
841 5021 1041 5086 αὐτός’
1098 5022 1385 5075 «Ἰικουσα
1416 5021 1517 5089 τῆς
1557 5020 1742 5091 φωνῆς
1772 5020 1975 5091 Κυρίου

372 5115 645 5185 λέγοντος
672 5132 685 5146 ·
713 5116 848 5169 Τίνα
877 5116 1203 5182 ἀποστείλω,
1238 5117 1331 5168 καὶ
1365 5116 1449 5179 τίς
1485 5114 1812 5184 πορεύσεται
1839 5113 1976 5184 πρὸς

370 5207 485 5259 τὸν
527 5205 659 5259 λαὸν
700 5205 922 5275 “ratirati;
967 5211 1059 5260 καὶ
1093 5202 1226 5262 εἶπα
1254 5222 1270 5240 ⁸
1320 5207 1450 5262 Ἰδοὺ
1491 5206 1623 5276 ἐγὼ,
1653 5206 1976 5261 ἀπόστειλόν

375 5315 485 5369 με.
519 5298 635 5352 Ka‘t
656 5293 778 5352 εἶπέ
808 5317 899 5369 μοι
917 5315 933 5331 °
976 5299 1282 5372 Πορεύθητι
1323 5300 1461 5369 πρὸς
1483 5301 1574 5353 τὸν
1599 5300 1748 5365 λαὸν,
1776 5298 1873 5353 καὶ
1901 5295 1978 5351 εἴ·

370 5403 494 5441 πον
527 5388 715 5459 αύτῷ·
753 5387 917 5461 Ἀκοῇ
945 5389 1230 5456 ἀκούσετε,
1278 5389 1373 5443 καὶ
1414 5390 1473 5443 οὐ
1521 5390 1597 5459 μὴ
1628 5390 1847 5461 συνῆτε,
1883 5388 1983 5442 καὶ·

458 5538 480 5567 ⁸
514 5538 664 5592 Psal.
695 5553 860 5603 cxm,
886 5538 1039 5595 6-l0.
1114 5541 1135 5573 '
1170 5538 1339 5593 Exod.
1394 5552 1472 5601 ιιι,
1502 5535 1695 5590 1544.
1756 5536 1779 5568 ⁸
1807 5535 1975 5606 Apoc.

2102 5535 2159 5592 4.
2237 5537 2256 5568 ⁷
2313 5536 2457 5593 Psal.
2488 5549 2575 5606 et,
2596 5532 2689 5590 28.

367 5608 482 5663 2|.
573 5609 618 5639 ³⁸
651 5609 753 5665 lsa.
788 5624 863 5677 VI,
896 5610 919 5663 t
950 5624 1071 5681 sqq,
1147 5610 1187 5642 “
1212 5610 1345 5665 ibid.
1376 5608 1409 5662 8
1438 5624 1561 5679 sqq.

468 5754 549 5826 (ι)
579 5752 905 5826 Qapitulum
937 5753 1044 5809 hoc
1097 5769 1222 5826 cum
1253 5752 1504 5826 sequenti
1540 5752 1693 5826 deest
1741 5752 1795 5806 in
1845 5751 1967 5826 edi-

368 5823 539 5879 esse
572 5824 993 5894 Tergobystensi
1025 5825 1153 5894 anni
1181 5825 1350 5886 i7l0;
1379 5833 1596 5878 exstant
1634 5825 1685 5877 in
1715 5823 1967 5894 versione

366 5894 482 5950 Fr.
541 5892 702 5951 Zinil
748 5892 997 5950 Primum
1050 5893 1240 5952 Graece
1315 5894 1483 5950 edidit
1530 5896 1637 5951 Ch.
1691 5893 1840 5950 Frid.
1898 5892 1967 5948 de

2149 3467 2309 3520 simul
2341 3476 2496 3529 atque
2527 3462 2863 3530 canjnnctam
2897 3476 3008 3512 esse
3040 3458 3348 3512 Divinitatis
3372 3456 3655 3530 rationem,

2145 3546 2195 3589 et
2229 3550 2345 3605 qua:
2380 3534 2559 3605 dicunt
2602 3529 3207 3605 divingﬁeriptnrm‘ae
3247 3530 3435 3605 Patre,
3471 3529 3655 3605 cadent

2147 3597 2393 3659 similiter
2427 3603 2547 3655 illas
2575 3612 2623 3656 et
2660 3603 2724 3654 de
2749 3601 2905 3663 Filio,
2935 3597 2984 3653 et
3025 3601 3088 3652 de
3114 3599 3317 3665 Spiritu
3340 3607 3525 3651 sancto
3561 3597 3651 3649 τιέ-

2149 3692 2293 3737 cere,
2337 3675 2551 3726 unicam
2601 3675 2653 3724 in
2696 3673 2861 3724 tribus
2921 3670 3260 3723 Divinitatcm
3309 3669 3657 3723 ostendentes.

2146 3744 2326 3815 Magni
2356 3741 2633 3797 Athanasii
2666 3742 2764 3811 (l).

2145 3916 2276 3984 Quae
2316 3916 2477 3970 Pater
2508 3916 2583 3971 ait
2613 3914 2755 3985 apud
2800 3913 3025 3977 lsaiam',
3077 3928 3140 3969 ea
3176 3911 3417 3969 Joannes
3459 3914 3660 3973 Filium

2073 4010 2279 4065 dixisse
2314 4009 2527 4063 asserit.
2589 4008 2786 4061 l'aulus
2817 4015 3001 4060 autem
3045 4004 3234 4059 eadem
3275 4004 3391 4073 ipsa
3424 4006 3655 4075 Spiritui

2076 4112 2267 4158 saneto
2325 4104 2378 4155 in
2435 4102 2806 4172 apostolorum
2864 4098 3013 4154 Actis
3059 4097 3303 4152 ascribit.
3361 4098 3453 4153 Sic
3511 4100 3656 4153 enim

2074 4196 2215 4265 apud
2249 4194 2438 4249 Isaiam
2475 4194 2737 4263 scriptum
2772 4191 2999 4262 legimus
3025 4191 3070 4222 ‘°
3105 4209 3118 4246 :
3167 4188 3321 4243 «Vidi
3362 4187 3657 4245 Dominum

2074 4287 2351 4342 sedentem
2382 4285 2438 4341 in
2461 4285 2597 4339 solio
2620 4285 2833 4339 excelso
2857 4293 2912 4338 et
2940 4284 3169 4348 elevato,
3192 4291 3246 4337 et
3272 4283 3427 4356 plena
3460 4283 3661 4341 domus

2074 4379 2242 4449 gloria
2274 4378 2424 4447 ejus,
2468 4386 2519 4431 et
2566 4376 2844 4445 seraphim
2882 4374 3188 4449 stabantin
3239 4373 3475 4429 circuitu
3512 4375 3655 4443 ejus.

2078 4447 2183 4526 Sex
2210 4471 2307 4525 alte
2333 4470 2449 4534 uni,
2477 4478 2532 4525 et
2567 4483 2659 4523 sex
2688 4470 2789 4523 ala:
2819 4469 2998 4524 alteri.
3052 4447 3270 4523 Duabus
3306 4468 3525 4537 quidem
3558 4482 3661 4522 νος

2076 4563 2266 4616 labant
2298 4562 2492 4617 faciem
2528 4576 2679 4615 suam
2703 4602 2718 4627 ,
2754 4560 2967 4615 duabus
3005 4576 3135 4615 vero
3169 4561 3425 4631 tegebant
3458 4561 3663 4630 pedes,

2077 4663 2131 4709 et
2173 4653 2386 4708 duabus
2424 4654 2679 4708 volabant
2712 4661 2768 4706 et
2800 4651 3110 4707 clamabant
3134 4653 3270 4707 alter
3308 4652 3374 4707 ad
3404 4654 3657 4719 alterum,

2551 4743 2818 4806 Sanctus,
2854 4754 3108 4806 sanctus,
3142 4753 3365 4798 sanctus
3397 4744 3660 4803 Dominus

2082 4838 2341 4903 Sabaoth,
2362 4837 2522 4907 plena
2554 4844 2637 4890 est
2659 4836 2839 4891 omnis
2872 4846 3013 4889 terra
3038 4834 3207 4906 gloria
3239 4835 3375 4905 ejus.
3396 4835 3489 4890 nEt
3511 4836 3654 4890 idem

2082 4930 2244 5000 paulo
2270 4937 2390 4999 post
2418 4929 2458 4960 “
2483 4943 2501 4981 :
2530 4946 2548 4979 ι
2589 4927 2657 4981 Et
2695 4926 2876 4982 audivi
2906 4941 3091 4983 vocem
3137 4926 3354 4984 Domini
3384 4924 3653 4981 dicentis:

2080 5022 2254 5089 Quem
2289 5020 2532 5084 mittam,
2575 5028 2632 5075 et
2659 5020 2782 5090 quis
2810 5019 2911 5075 ibit
2934 5020 3003 5074 ad
3032 5019 3293 5090 populum
3330 5018 3531 5076 istum?
3590 5019 3659 5075 Et

2081 5113 2233 5169 disi:
2268 5114 2406 5168 Ecce
2444 5127 2562 5184 ego,
2596 5112 2750 5166 mitte
2784 5126 2891 5166 me.
2929 5110 2995 5168 Et
3032 5111 3173 5167 dixit
3206 5128 3220 5165 :
3279 5110 3429 5166 Vade
3470 5118 3527 5165 et
3565 5110 3658 5167 dic

2086 5204 2287 5273 pepulo
2320 5204 2481 5258 huic:
2510 5204 2717 5258 Auditu
2746 5203 2983 5261 audietis
3014 5212 3069 5257 et
3102 5218 3210 5257 non
3236 5203 3567 5274 intelligetis,
3601 5211 3659 5256 et

2084 5297 2333 5352 videntes
2394 5294 2670 5360 videbitis,
2719 5305 2777 5351 et
2821 5311 2933 5350 non
2981 5295 3348 5365 perspicietis.
3401 5294 3657 5348 Crassum

2085 5389 2231 5444 enim
2260 5396 2347 5443 est
2371 5387 2629 5444 etl‘ectum
2679 5402 2774 5444 eor
2814 5388 3001 5459 populi
3038 5389 3228 5459 hujus.
3268 5388 3505 5443 Auribus
3532 5396 3660 5454 gra-

2793 5535 2815 5565 '
2841 5534 3002 5592 Joan.
3046 5548 3139 5599 xv,
3169 5530 3259 5585 26.
3347 5530 3369 5560 ’
3403 5528 3566 5585 Joan.
3596 5543 3656 5599 ν,

2074 5751 2309 5809 Mattltaai
2338 5752 2393 5807 in
2418 5750 2635 5824 Proleg.
2658 5751 2723 5806 ad
2738 5748 3016 5824 Euthymii
3049 5746 3339 5824 Comment
3357 5744 3424 5824 in
3442 5741 3652 5824 Eva-ns.

2074 5839 2133 5894 ι).
2166 5825 2415 5896 tua“.
2456 5837 2472 5891 ;
2504 5812 2736 5880 alt'érurn
2762 5812 2941 5876 exstat
2972 5818 3118 5873 inter
3145 5813 3321 5885 Opera
3357 5815 3414 5870 S.
3446 5812 3653 5874 Basilii.
