4130 6408
505 348 577 416 55
1751 353 1797 411 Ε
1809 351 2083 414 UTHYM]

2186 350 2533 414 ZIGABENI
3709 347 3780 413 56

507 459 663 516 radix
697 498 714 526 ,
763 476 830 516 ex
859 475 969 532 quo
1000 461 1123 518 l‘ons
1170 460 1294 516 vitae
1342 459 1583 530 proﬂuit.
1627 459 1928 530 Sapientia,
1989 473 2083 529 p0-

2193 465 2306 526 τοῐς
2348 458 2519 528 οὖσιν,
2575 463 2607 534 ἡ
2665 460 2791 534 ῥίζα
2852 457 2962 514 τῶν
3019 458 3260 524 ζώντων.
3307 457 3473 512 Ὅθεν
3537 458 3779 530 προῆλθε

482 592 486 598 μ
509 561 701 618 testas,
732 553 912 626 imago
937 554 1028 608 Dei
1049 554 1340 608 invisibilis
1361 552 1791 619 absolutissima,
1819 550 1990 607 Filius
2013 567 2081 605 ex

509 643 670 700 Patre
688 647 923 717 genitus,
943 648 1035 718 qui
1059 650 1245 703 vivens
1275 655 1360 701 est
1384 644 1647 710 Verbum,
1677 646 1766 717 qui
1804 646 1948 702 Deus
1978 655 2083 708 est.

508 744 566 790 et
596 746 681 792 est
722 739 867 808 apud
915 740 1151 796 Patrem.
1194 737 1285 794 Sic
1329 747 1514 794 autem
1550 748 1653 802 est,
1700 746 1760 794 ut
1805 755 2083 809 nunquam

481 842 618 882 non
648 827 830 896 fuerit,
877 847 1000 886 cum
1035 832 1109 886 sit
1147 837 1275 886 ante
1317 831 1538 897 secula,
1587 846 1696 884 non
1744 839 1928 886 autem
1961 841 2085 902 post

509 920 832 988 acquisitus.
864 923 1054 986 Filius,
1080 923 1327 992 inquam,
1355 939 1464 978 non
1491 923 1799 993 possessio;
1834 924 2080 991 effector,

509 1023 619 1062 non
650 1009 828 1065 factus
858 1029 871 1064 :
905 1022 1140 1077 creator,
1183 1028 1292 1067 non
1321 1021 1562 1078 creatus,
1596 1013 1688 1083 qui
1712 1014 1874 1070 habet
1897 1018 2084 1070 omnia

507 1114 629 1167 quae
683 1102 736 1156 in
775 1103 935 1158 Patre
990 1116 1142 1169 sunt,
1181 1104 1382 1158 Filium
1419 1113 1475 1159 et
1519 1104 1733 1160 Patrem
1783 1106 1928 1166 dico.
1976 1106 2085 1162 Has

506 1193 662 1248 mihi.
687 1197 1052 1267 pr0prietates
1090 1198 1339 1252 observa.
1380 1195 1438 1251 In
1468 1211 1534 1252 eo
1567 1212 1804 1268 namque
1833 1215 2082 1265 manens,

506 1292 567 1336 ut
596 1284 766 1340 Filius
797 1288 890 1351 sit,
929 1290 1194 1359 quidquid
1256 1299 1342 1346 est
1383 1289 1577 1358 Pater,
1617 1293 1757 1348 idem
1813 1293 1930 1362 ipse
1978 1302 2083 1358 cst,

504 1379 971 1442 quemadmodum
1006 1383 1244 1453 ipsemet
1281 1387 1549 1442 Dominus
1593 1401 1727 1442 voce
1774 1401 1870 1440 sua
1904 1386 2085 1442 decla-

507 1481 623 1540 rat,
697 1492 716 1524 ι
751 1473 947 1530 Omnia
971 1514 986 1540 ,
1019 1496 1040 1530 ι
1089 1477 1342 1548 inquiens
1367 1519 1385 1546 ,
1471 1498 1490 1530 ι
1529 1495 1870 1549 ιμιωοιιηίιιιε
1919 1479 2087 1533 habet

477 1563 689 1630 Pater,
724 1578 843 1618 mea
889 1574 1018 1619 sunt
1055 1565 1122 1620 ⁸⁰.
1159 1584 1179 1618 ι
1232 1566 1372 1622 Vere
1421 1567 1567 1621 enim
1611 1567 1820 1632 omnia,
1852 1579 1972 1636 qua:
2025 1566 2082 1622 in

505 1661 837 1726 exemplaris
881 1659 1057 1713 forma
1106 1668 1254 1725 sunt,
1312 1662 1492 1730 imago
1551 1661 1816 1716 continet.
1876 1680 1895 1713 ι
1933 1659 2085 1715 Vidi-

506 1764 652 1812 mus,
695 1767 713 1800 ι
750 1749 932 1817 inquit
967 1751 1326 1822 evangelista,
1368 1770 1386 1803 ι
1421 1753 1648 1823 gloriam
1680 1754 1823 1823 ejus,
1854 1754 2080 1826 gloriam

2190 557 2224 626 ἡ
2259 557 2412 627 πηγὴ
2442 557 2540 628 τῆς
2581 556 2750 626 ζωῆς,
2793 557 2826 627 ἡ
2872 554 3054 623 σοφία,
3099 555 3132 626 ἡ
3180 553 3432 624 δύναμις,
3472 554 3505 622 ἠ
3555 553 3718 606 εἰκὼν
3743 555 3778 626 ἡ

2188 648 2610 718 ἀπαράλλακτος
2639 647 2732 701 τοῦ
2779 647 3015 718 ἀοράτου
3049 645 3209 711 Θεοῦ,
3258 645 3287 698 6
3335 647 3400 699 ὲκ
3440 646 3534 699 τοῦ
3569 648 3780 718 Πατρδς

2187 739 2471 808 γεννηθεὶς
2499 738 2648 802 Υίδς,
2699 740 2728 791 6
2767 737 2875 803 ζῶν
2917 737 3113 806 Λόγος,
3153 741 3182 791 6
3219 737 3353 800 Θεὸς
3385 737 3482 801 ὣν,
3515 738 3612 791 καὶ
3641 739 3780 806 πρὸς

2189 830 2278 883 τὸν
2325 829 2459 883 Θεὸν
2502 828 2620 881 ὤν’
2668 827 2766 893 ὢν,
2816 828 2940 897 οὐχὶ
2987 826 3464 898 προσγενόμενος*
3511 827 3777 896 ὑπάρχων

2190 920 2298 991 πρὸ
2324 918 2434 974 τῶν
2470 920 2706 983 αἰώνων,
2736 918 2873 987 ὀὐχὶ
2909 916 3280 988 προσκτηθεὶς
3309 916 3540 993 ’ὕστερον
3565 933 3580 948 ο
3626 917 3776 980 Υίδς,
3831 936 3835 938 ·

2187 1012 2312 1082 οὐχὶ
2358 1012 2578 1081 κτῆμα·
2653 1010 2926 1078 ποιητὴς,
2991 1009 3114 1078 οὐχὶ
3180 1008 3437 1077 ποίημαο
3511 1006 3779 1076 κτίστηςῗ.

2187 1105 2308 1174 οὐχὶ
2356 1103 2598 1172 κτίσμα·
2647 1103 2824 1157 πάντα
2859 1102 2935 1154 ὢν
2970 1102 3073 1154 ὅσα
3113 1102 3265 1153 ἐστὶν
3288 1101 3316 1152 6
3346 1100 3540 1170 Πατήρ
3564 1115 3577 1130 ·
3614 1099 3772 1162 Υίὶς.

2188 1193 2366 1261 εἷπον,
2410 1195 2508 1250 καὶ
2553 1194 2769 1264 Πατήρ.
2807 1193 3054 1247 Φύλασσέ
3113 1208 3204 1262 μοι
3256 1194 3457 1254 ταύτας
3498 1192 3599 1253 τὰς
3651 1191 3778 1244 ίδιότ-

2186 1306 2379 1360 τητας.
2418 1289 2613 1343 Μένων
2660 1285 2752 1340 οῦν
2787 1288 2844 1340 ὲν
2889 1284 2970 1356 τῷ
3015 1280 3157 1337 εἶναι
3203 1284 3350 1347 Υἱὸς,
3399 1282 3579 1336 πάντα
3629 1282 3778 1335 ἐστὶν

2189 1384 2291 1437 ὅσα
2347 1383 2496 1436 ἐστὶν
2543 1383 2573 1434 6
2623 1381 2838 1450 Πατὴρ,
2886 1377 3032 1432 κατὰ
3089 1377 3192 1447 τὴν
3235 1375 3422 1446 φωνὴν
3467 1372 3633 1428 αὐτοῦ
3682 1372 3778 1426 τοῦ

2187 1475 2398 1548 Κυρίου
2453 1472 2734 1538 εἰπόντος·
2779 1471 2982 1526 Πάντα
3031 1471 3150 1524 ὅσα
3179 1469 3306 1536 ἕχει
3337 1470 3370 1521 ὁ
3412 1465 3634 1533 Πατὴρ,
3665 1463 3782 1533 ἐμὰ

2188 1565 2340 1619 ἐστι.
2366 1562 2456 1633 Τῷ
2475 1564 2590 1618 ὄντι
2611 1564 2722 1632 γὰρ
2741 1563 2839 1632 τῆς
2863 1561 3071 1624 εἰκόνος
3097 1559 3218 1612 ἐστὶ
3246 1559 3447 1619 πάντα,
3481 1559 3583 1610 ὅσα
3604 1555 3781 1626 πρόσο

2189 1674 2307 1711 εστι
2367 1659 2434 1728 τῇ
2491 1659 2837 1725 πρωτοτύπῳ
2885 1655 3091 1723 μορφῇ.
3172 1649 3584 1718 Ἐθεασάμεθα
3642 1647 3776 1716 γὰρ,

2193 1752 2361 1822 φησιν
2389 1752 2417 1803 6
2445 1748 2862 1818 εὐαγγελιστὴς,
2887 1746 3002 1815 τὴν
3027 1745 3218 1810 δόξαν
3243 1743 3456 1806 αὐτοῦ,
3486 1741 3674 1805 δόξαν
3695 1741 3779 1808 ᾡς

505 1849 568 1893 ιιι
607 1837 882 1910 Unigeniti
909 1856 937 1894 a
981 1840 1142 1896 Patre
1173 1842 1241 1907 “,
1287 1862 1306 1896 ι
1339 1843 1446 1899 hoc
1473 1854 1586 1910 est,
1635 1860 1743 1899 non
1787 1860 1871 1900 res
1905 1845 2082 1899 admi-

2189 1840 2570 1911 Μονογενοῦς
2598 1837 2758 1907 παρὰ
2795 1837 3028 1905 Πατρός
3048 1851 3064 1868 ο
3115 1835 3416 1897 τουτέστιν,
3451 1833 3553 1884 οὐκ
3584 1833 3650 1884 ἐκ
3675 1831 3778 1883 δω-

505 1929 706 1985 rabiles
749 1932 801 1985 ei
843 1947 1073 1987 munere
1125 1944 1181 1988 et
1228 1934 1404 2004 gratia
1455 1936 1720 2000 tributas,
1775 1935 1872 1990 sed
1917 1951 2082 2006 quam

507 2037 574 2074 ex
602 2022 869 2078 societate
905 2024 1141 2079 naturali
1173 2024 1346 2081 Filius
1399 2026 1613 2082 obtinet
1655 2037 1897 2098 paterna:
1944 2027 2084 2082 divi-

503 2112 693 2167 nitatis
751 2113 1096 2184 dignitatem.
1153 2118 1446 2187 Accepisse
1519 2119 1663 2174 enim
1725 2134 1848 2174 cum
1915 2120 2082 2175 rebus

500 2201 701 2256 creatis
733 2217 1029 2258 commune
1062 2215 1164 2268 est,
1211 2213 1406 2260 natura
1440 2219 1619 2262 autem
1661 2207 1908 2261 obtinere
1950 2223 2080 2278 pro-

457 2291 682 2360 'prium
721 2303 804 2347 est
847 2293 1039 2364 geniti.
1070 2294 1438 2361 Quamobrem
1504 2305 1566 2350 ut
1612 2296 1779 2352 Filius
1836 2297 2082 2368 possidet

498 2396 846 2456 quaecunque
911 2397 1038 2442 sunt
1096 2386 1308 2455 Patris,
1367 2397 1428 2443 ut
1500 2387 1826 2459 Unigenitus
1895 2399 2078 2444 autem

501 2492 760 2532 universa
813 2479 868 2531 in
921 2494 982 2534 se
1030 2479 1154 2550 ipso
1217 2481 1467 2535 continet
1517 2488 1572 2534 et
1623 2482 2078 2552 comprehcndit,

499 2569 650 2624 nulla
691 2584 754 2624 re
783 2586 908 2625 cum
955 2573 1062 2625 alio
1097 2572 1293 2627 divisa.
1336 2570 1415 2625 Ex
1462 2573 1578 2641 ipsa
1621 2571 1785 2643 igitur
1839 2572 2083 2643 appella-

503 2670 654 2716 tione
685 2676 812 2716 eum
862 2673 1072 2717 naturae
1118 2662 1328 2716 socium
1361 2663 1733 2734 intelligimus,
1767 2679 1879 2718 non
1924 2665 2079 2729 jussu

501 2762 772 2816 creatum,
806 2755 901 2809 sed
941 2769 1006 2808 ex
1045 2755 1283 2810 essentia
1313 2754 1687 2826 eﬂ‘ulgentem,
1739 2756 1859 2811 sine
1912 2757 2084 2813 inter-

501 2845 680 2908 vallo,
724 2847 845 2900 sine
893 2855 1141 2918 tempore
1175 2847 1534 2918 coniunctum
1577 2847 1748 2915 Patri,
1781 2865 1968 2920 parem
2022 2851 2079 2906 in

499 2937 770 3003 bonitate,
827 2937 881 2992 in
951 2940 1196 3008 potentia
1241 2943 1538 3010 aequalem,
1602 2941 1787 3014 gloriae
1846 2943 2081 3000 socium.

499 3029 642 3096 Quid
673 3029 821 3084 enim
855 3041 940 3087 est
965 3030 1132 3097 aliud,
1177 3032 1277 3087 nisi
1312 3033 1576 3103 sigillum,
1610 3045 1666 3089 et
1693 3035 1872 3108 imago
1903 3044 2079 3092 totum

500 3121 560 3175 in
599 3137 659 3176 se
703 3121 922 3177 Patrem
960 3123 1315 3192 exprimens?
1360 3124 1492 3188 Quae
1535 3135 1720 3180 autem
1764 3135 1974 3197 postea,
2023 3127 2080 3181 in

499 3227 734 3283 corpore
766 3214 1103 3269 constitutus
1149 3215 1216 3290 ad
1246 3224 1298 3270 te
1343 3215 1606 3286 loquitur,
1648 3218 1949 3288 disponens
1982 3221 2084 3275 ho-

500 3304 712 3358 minum
761 3308 996 3361 salutem
1039 3323 1203 3376 quam
1260 3308 1316 3363 in
1377 3324 1544 3364 carne
1600 3311 1763 3367 nobis
1812 3327 2085 3382 apparens

499 3398 709 3465 attulit,
740 3415 800 3455 se
838 3401 1066 3454 missum
1090 3414 1214 3456 esse
1237 3401 1453 3470 dicens,
1485 3415 1542 3458 et
1571 3404 1711 3460 nihil
1743 3421 1809 3460 ex
1838 3421 1898 3461 se
1922 3421 2086 3476 posse

502 3493 707 3556 facere,
741 3501 796 3547 et
838 3507 899 3548 se
931 3492 1249 3548 mandatum
1284 3495 1587 3564 accepisse,
1625 3505 1682 3551 et
1724 3496 1807 3552 his
1859 3491 2082 3558 similia.

502 3596 658 3648 cave,
703 3596 773 3661 ne
816 3583 1092 3653 praebeant
1115 3583 1210 3639 tibi
1260 3587 1631 3651 occasionem,
1690 3597 1749 3644 ut
1807 3581 2086 3660 Unigeniti

503 3674 849 3730 divinitatem
879 3677 1196 3734 imminuas.
1266 3677 1515 3735 Potentia
1539 3679 1685 3735 enim
1730 3680 1797 3736 ad
1843 3681 2087 3737 imbecil-

503 3765 714 3820 litatem
741 3776 887 3820 tuam
923 3767 1244 3823 summissio
1274 3784 1387 3824 non
1420 3768 1584 3824 debet
1615 3785 1736 3827 esse
1778 3771 2083 3828 divinitatis

503 3856 625 3927 ejus
665 3857 1001 3913 imminutio.
1051 3859 1319 3914 Naturam
1357 3861 1526 3931 igitur
1564 3861 1741 3933 cogita
1797 3863 1906 3918 Deo
1951 3878 2086 3917 con-

503 3957 817 4020 grueutem,
849 3967 914 4005 cx
936 3952 1119 4006 verbis
1150 3961 1334 4008 autem
1361 3949 2086 4025 abjectioribusdispositio-

505 4058 632 4097 nem
655 4043 918 4114 intellige.
942 4044 1144 4099 Verum
1182 4044 1226 4100 si
1252 4045 1319 4100 de
1356 4046 1440 4100 his
1478 4047 1743 4102 vellemus
1770 4050 2086 4106 accuratius

505 4126 560 4189 in
594 4137 884 4206 praesentia
910 4137 1208 4203 disserere,
1245 4137 1463 4211 longam
1493 4150 1659 4210 atque
1703 4143 1841 4198 adeo
1895 4145 2082 4200 inlini-

505 4225 614 4280 tam
679 4229 920 4282 sermoni
970 4237 1161 4283 nostro
1217 4229 1645 4301 diSputationem
1703 4232 2087 4306 imprudenter

504 4320 897 4375 insereremus.
949 4320 1129 4386 Quare
1193 4321 1261 4376 ad
1303 4323 1644 4394 propositum
1721 4338 2082 4385 revertamur.

469 4411 754 4478 Animus,
797 4413 890 4482 qui
913 4428 950 4467 a.
992 4414 1232 4468 materia:
1268 4415 1658 4472 affectionibus
1685 4433 1806 4474 sese
1846 4422 2086 4490 potuerit

2193 1937 2321 2006 ρεᾶς
2351 1934 2448 1988 καὶ
2477 1934 2702 2004 χάριτος
2730 1931 2994 1984 δοθέντων
3017 1928 3166 1995 αὐτῷ
3187 1927 3296 1981 τῶν
3315 1924 3635 1994 θαυμάτων,
3660 1920 3778 1975 ἀλλ’

2188 2028 2254 2079 ἐκ
2287 2027 2388 2096 τῆς
2435 2025 2579 2078 κατὰ
2613 2023 2778 2094 φύσιν
2811 2019 3099 2082 κοινωνίας
3138 2019 3358 2089 ἔχοντος
3386 2015 3482 2070 τοῦ
3511 2013 3643 2067 Υίοῦ
3675 2013 3777 2080 τῆς

2189 2120 2470 2189 πατρικῆς
2510 2116 2769 2186 θεότητος
2805 2114 2870 2168 τδ
2908 2113 3150 2184 ἀξίωμα.
3198 2110 3273 2164 Τὸ
3325 2111 3426 2180 μὲν
3455 2109 3564 2180 γὰρ
3591 2106 3782 2161 λαϐεῖν

2188 2211 2372 2265 κοινὸν
2412 2211 2508 2265 καὶ
2548 2209 2688 2280 πρὸς
2724 2207 2824 2278 τὴν
2849 2207 3062 2260 κτίσινο
3093 2205 3155 2257 τὸ
3190 2205 3248 2258 δὲ
3281 2201 3429 2274 ἔχειν
3459 2202 3524 2254 ικ
3561 2200 3781 2269 φύσεως

2189 2304 2322 2358 ίδιον
2363 2304 2458 2357 τοῦ
2504 2302 2883 2372 γεννηθέντος.
2933 2300 3024 2363 Ὠς
3070 2299 3173 2368 μὲν
3203 2294 3298 2351 οῦν
3349 2296 3495 2359 Υίδς,
3532 2293 3782 2362 φυσικῶς

2186 2391 2458 2468 κέκτηταὶ
2487 2397 2555 2450 τὰ
2577 2395 2673 2449 τοῦ
2709 2394 2924 2464 Πατρός
2949 2411 2962 2426 ο
2995 2393 3070 2457 ὼς
3097 2393 3154 2446 δὲ
3176 2388 3512 2459 Μονογενὴς,
3537 2387 3634 2442 ὅλα
3663 2387 3780 2457 ἔχει

2186 2493 2244 2544 ὲν
2276 2489 2460 2560 ἑαυτῷ
2496 2487 2806 2551 συλλαϐὼν,
2834 2484 3051 2549 οὐδενὸς
3083 2479 3603 2552 καταμεριζομένου
3640 2477 3780 2549 πρὸς

2185 2580 2399 2652 ἕτερον.
2461 2580 2549 2646 Ἐξ
2596 2577 2771 2647 αὐτῆς
2818 2577 3002 2631 τοίνυν
3054 2576 3156 2643 τῆς
3211 2572 3338 2628 Υίοῦ
3398 2573 3780 2642 προσηγορίας

2186 2673 2570 2744 διδασκόμεθα,
2605 2673 2688 2727 ὅτι
2711 2671 2812 2742 τῆς
2839 2669 3054 2739 φύσεώς
3075 2671 3190 2723 ἔστι
3213 2664 3487 2730 κοινωνόςο
3523 2663 3584 2716 οὒ
3605 2677 3780 2732 προσο

2185 2767 2430 2835 τάγματι
2485 2764 2752 2829 κτισθεὶς,
2816 2761 2935 2816 ἀλλ’
2990 2761 3056 2813 ὲκ
3100 2759 3203 2830 τῆς
3247 2758 3435 2821 οὐσίας
3483 2754 3778 2825 ἐκλάμψας

2185 2857 2547 2918 ἀδιαστάτως,
2588 2852 2835 2924 ἀχρόνως
2885 2849 2967 2921 τῷ
3023 2847 3202 2918 Πατρ)⁵
3242 2845 3612 2917 συνημμένος,
3661 2843 3779 2904 ἴσος

2185 2948 2246 3001 ὲν
2273 2945 2594 3016 ἀγαθότητι,
2642 2945 2758 3007 ῐσος
2804 2944 2864 2996 ὲν
2893 2940 3152 3011 δυνάμει,
3179 2939 3435 3003 κοινωνὸς
3459 2938 3562 3009 τῆς
3593 2937 3776 3006 δόξης.

2189 3041 2300 3093 Καὶ
2330 3038 2384 3092 τί
2415 3037 2546 3108 γὰρ,
2574 3037 2690 3090 ἀλλ’
2725 3035 2761 3109 ἢ
2803 3034 3044 3106 σφραγὶς
3070 3033 3166 3086 καὶ
3195 3031 3386 3097 εἰκὼν,
3419 3030 3540 3084 ὅλον
3568 3029 3626 3083 ὲν
3649 3029 3779 3082 ἑαυ-

2185 3131 2262 3204 τῷ
2299 3131 2518 3197 δεικνὺς
2564 3129 2656 3182 τὸν
2696 3129 2950 3200 Πατέρα;
2987 3127 3132 3180 Ὅσα
3180 3123 3241 3178 δέ
3290 3139 3375 3176 σοι
3424 3120 3564 3192 μετὰ
3602 3120 3780 3176 ταῦτα

2187 3224 2294 3280 ἀπο
2337 3223 2438 3293 τῆς
2488 3220 2816 3293 σωματικῆς
2868 3217 3222 3288 κατασκευῆς
3269 3215 3625 3284 διαλέγεται,
3671 3215 3779 3284 τὴν

2185 3319 2295 3373 τῶν
2329 3315 2637 3388 ἀνθρώπων
2669 3313 2947 3385 σωτηρίαν
2976 3310 3307 3382 οἰκονομῶν,
3359 3308 3428 3381 ἢν
3455 3307 3546 3362 διὰ
3571 3306 3780 3378 σαρκὸς

2189 3409 2480 3481 ἐπιφανεὶς
2529 3409 2665 3479 ἡμῖν
2707 3404 3045 3470 ἐπεδείξατο,
3087 3401 3560 3473 ἁποστελλόμενον
3597 3400 3778 3469 λέγων

2187 3505 2403 3568 ἑαυτὸν,
2444 3501 2540 3556 καὶ
2566 3499 2734 3572 μηδὲν
2759 3497 3063 3569 δυνάμενον
3091 3497 3185 3567 ἀφ’
3213 3492 3409 3550 ἑαυτοῦ
3442 3495 3644 3558 ποιεῖν,
3681 3492 3778 3546 καὶ

2186 3597 2411 3668 ἐντολὴν
2439 3594 2696 3659 λαϐόντα,
2724 3593 2823 3647 καὶ
2865 3593 2969 3647 ὅσα
2997 3590 3243 3658 τοιαῦτα,
3273 3591 3350 3662 μή
3376 3606 3460 3642 σοι
3488 3588 3778 3660 παρεχέτω

2187 3689 2445 3761 ἀφορμὰς
2499 3686 2638 3758 πρὸς
2671 3687 2734 3740 τδ
2767 3682 3243 3756 κατασμικρύνειν
3284 3681 3381 3736 τοῦ
3430 3677 3780 3748 Μονογενοῦς
3881 3692 3900 3702 ·

2187 3779 2285 3853 τὴν
2314 3779 2566 3850 ϐιότητα.
2593 3777 2668 3832 Οὐ
2691 3777 2800 3848 γὰρ
2825 3777 2858 3846 ἠ
2885 3775 3020 3843 πρὸς
3044 3777 3106 3828 τὸ
3135 3773 3227 3828 σὶν
3248 3771 3474 3834 άσοενὶς
3501 3769 3782 3840 συγκατὰο

2188 3873 2346 3936 ϐασις
2371 3871 2668 3932 ἐλάττωσις
2703 3869 2910 3938 ὀφείλει
2942 3865 3190 3935 γίνεσθαι
3223 3867 3323 3938 τῆς
3355 3863 3512 3929 ἀξίας
3557 3861 3650 3915 τοῦ
3679 3861 3777 3913 δυο

2189 3963 2384 4018 νατοῦο
2413 3963 2550 4016 ἀλλὰ
2586 3960 2687 4031 τὴν
2721 3961 2822 4030 μὲν
2870 3959 3037 4029 φύσιν
3075 3959 3189 4012 νόει
3241 3956 3588 4032 θεοπρεπῶς,
3618 3954 3687 4007 τὰ
3717 3953 3778 4006 δὲ

2186 4051 2550 4122 ταπεινότερα
2579 4050 2688 4104 τῶν
2725 4049 2988 4122 ῥημάτων
3019 4049 3178 4118 δέχου
3220 4047 3605 4118 οἰκονομικῶς.
3638 4045 3780 4116 Περὶ

2187 4141 2263 4200 ὧν
2304 4146 2353 4198 ει
2412 4143 2812 4216 βουληθείημεν
2847 4145 2905 4196 ὲν
2936 4143 3014 4214 τῷ
3049 4142 3278 4214 παρόντι
3313 4142 3450 4212 πρὶς
3482 4139 3780 4213 ἀκρίϐειαν

2186 4236 2518 4308 διηγεῖσθαι,
2559 4235 2824 4306 λάθοιμεν
2863 4235 2932 4289 ἂν
2975 4236 3207 4300 ἑαυτοὺς
3251 4235 3387 4288 πολύ
3425 4252 3479 4288 τι
3513 4237 3607 4288 καὶ
3635 4233 3780 4287 and.

2190 4349 2386 4405 ραντον
2442 4329 2648 4401 πλῆθος
2690 4328 2870 4398 λόγων
2930 4329 3324 4397 ἐπεισάγοντες
3359 4330 3427 4400 τῇ
3491 4327 3780 4384 ὑποθέσει.

2199 4423 2340 4478 Ἀλλ’
2399 4423 2495 4476 ἐπὶ
2543 4423 2604 4476 τὸ
2653 4423 3019 4495 προκείμενον
3066 4423 3401 4493 ὲπανίωμεν.
3460 4422 3583 4476 Ὀτι
3653 4421 3780 4475 διά-

502 4518 828 4574 expurgarc,
874 4512 932 4559 et
991 4505 1056 4560 iis
1116 4521 1237 4575 quae
1289 4517 1474 4562 creata
1549 4519 1678 4565 sunt
1729 4513 2078 4579 posthabitis,

2186 4534 2305 4572 νοια
2327 4517 2362 4588 ἡ
2400 4515 2692 4586 δυνηθεῖσα
2732 4516 2842 4569 τῶν
2869 4532 2929 4568 τε
2970 4515 3175 4570 ὑλικῶν
3212 4515 3553 4587 καθαρεῦσαι
3586 4514 3781 4569 παθῶν

503 4611 574 4651 ex
625 4595 899 4666 profundo
966 4597 1033 4654 ad
1091 4612 1290 4668 supera
1338 4600 1506 4670 piscis
1558 4601 1730 4658 instar
1775 4620 2081 4675 emergere,

2131 4639 2133 4641 ι
2182 4607 2282 4661 καὶ
2309 4608 2410 4676 τὴν
2453 4605 2652 4677 νοητὴν
2703 4607 2880 4661 κτίσιν
2923 4609 3109 4662 πᾶσαν
3145 4608 3494 4673 καταλιπεῖν,
3528 4609 3622 4662 καὶ
3664 4605 3782 4661 οἶόν

467 4689 557 4742 .in
622 4703 687 4743 ea
735 4691 994 4759 puritate,
1069 4705 1180 4760 qua
1208 4690 1466 4747 conditus
1505 4703 1627 4759 est,
1665 4695 1823 4760 situs,
1878 4699 2083 4753 ridebit

2186 4717 2268 4764 τις
2323 4699 2479 4770 ἰχθὺς
2527 4700 2639 4752 ἀπὸ
2698 4699 2791 4752 τοῦ
2843 4699 3012 4768 βυθοῦ
3062 4701 3200 4772 πρὸς
3258 4700 3358 4771 τὴν
3406 4701 3520 4755 ἄνω
3571 4701 3782 4770 ἐπιφά-

468 4820 470 4822 τ
498 4781 614 4836 illic
645 4797 766 4837 esse
798 4783 1066 4853 Spiritum
1099 4794 1384 4851 sanetum,
1447 4785 1538 4840 ubi
1572 4785 1765 4854 Filius,
1827 4799 1885 4844 et
1920 4791 2085 4848 Pater

462 4913 464 4915 ›
499 4885 606 4941 est,
661 4876 954 4933 habentem
986 4889 1042 4932 et
1083 4877 1260 4947 ipsum
1297 4879 1483 4932 omnia
1529 4880 1893 4950 coniunctim,
1937 4893 1992 4938 et
2017 4899 2085 4940 ex

467 4977 721 5033 .natura,
769 4971 1094 5038 bonitatem,
1139 4972 1544 5038 rectitudinem,
1589 4974 1963 5040 sanctitatem,
1999 4979 2085 5034 vi-

465 5074 609 5119 .tam
651 5079 667 5116 :
712 5061 952 5134 Spiritus
1013 5064 1185 5130 enim,
1216 5065 1414 5135 inquit,
1449 5073 1576 5119 tuus
1623 5065 1725 5142 ille
1767 5067 1979 5135 bonus,
2033 5080 2090 5125 et

385 5228 441 5236 Μ
501 5156 737 5227 Spiritus
781 5166 987 5221 rectus,
1015 5168 1070 5212 et
1101 5157 1338 5227 Spiritus
1377 5169 1530 5226 tuus,
1554 5159 1702 5214 illum
1728 5172 1998 5218 sanctum.
2026 5165 2088 5219 Et

499 5250 582 5304 lex
637 5247 874 5318 Spiritus
929 5248 1076 5312 vitae,
1122 5247 1324 5304 Paulus
1369 5249 1466 5305 ait.
1517 5250 1759 5315 Quorum
1814 5254 1952 5309 nihil
1986 5255 2088 5326 ipsi

499 5353 880 5414 comparatum
923 5353 1025 5407 est,
1091 5351 1186 5396 aut
1239 5343 1512 5411 posterius
1555 5346 1912 5415 adiunctum,
1983 5349 2079 5404 sed

473 5433 964 5502 .quemadmodum
1025 5447 1129 5532 nae
1174 5433 1526 5488 calefaciendi
1567 5437 1656 5490 vis.
1680 5437 1748 5490 ab
1793 5438 1938 5509 igne,
1981 5454 2082 5494 nec

501 5525 766 5592 splendor
801 5541 830 5578 a
879 5525 1000 5578 luce
1033 5524 1279 5594 separari
1315 5536 1514 5594 potest,
1556 5528 1635 5583 sic
1665 5546 1693 5583 a
1740 5529 1948 5601 Spiritu
1982 5548 2082 5588 nec

503 5616 766 5669 sanctitas
802 5616 1037 5687 scjungi,
1075 5631 1177 5671 nec
1223 5617 1458 5686 b0nitas,
1497 5636 1598 5676 nec
1624 5625 1918 5680 rectitudo.
1969 5625 2081 5682 Illic

505 5716 634 5774 ergo
664 5709 918 5762 consistit
968 5709 1239 5780 Spiritus,
1276 5711 1384 5767 illic
1427 5713 1482 5765 in
1517 5713 1674 5771 beata
1703 5727 1898 5774 natura
1927 5760 1941 5787 ,
1980 5735 2079 5775 nec

581 5811 629 5849 ⁵⁸
653 5820 806 5875 Juan.
834 5839 940 5889 xvn,
971 5825 1055 5880 ιδ.
1098 5826 1139 5859 ⁸³
1175 5831 1331 5883 Joan.
1372 5843 1411 5896 ι,
1447 5829 1531 5885 Η.

2185 4808 2338 4847 νειαν
2395 4790 2790 4860 ἀνανήεασθαι,
2820 4793 2879 4846 ὲν
2908 4792 2986 4864 τῷ
3035 4793 3265 4864 καθαρῷ
3291 4793 3394 4864 τῆς
3429 4793 3659 4858 κτίσεως
3684 4809 3783 4861 γε·

2184 4887 2408 4956 νομένη,
2471 4886 2592 4937 ἐκεῖ
2649 4883 2840 4954 ὄψεται
2889 4887 2952 4939 τὸ
3011 4885 3239 4957 Πνεῦμα
3293 4886 3356 4939 τὸ
3410 4885 3591 4954 ἅγιον,
3638 4887 3781 4940 ὅπου

2187 4975 2338 5040 Υἱὸς,
2369 4975 2464 5029 καὶ
2503 4975 2639 5028 ὅπου
2668 4975 2881 5046 Πατὴρ,
2916 4975 3099 5030 πάντα
3137 4973 3262 5045 ἔχον
3290 4975 3388 5028 καὶ
3419 4975 3553 5028 αὐτὸ
3584 4990 3784 5027 συνου-

2187 5067 2474 5138 σιωμένως
2523 5069 2667 5120 κατὰ
2706 5066 2805 5137 τὴν
2846 5068 3033 5137 φύσιν,
3063 5067 3166 5135 τὴν
3192 5065 3528 5137 άγαθότητα,
3564 5067 3665 5137 τὴν
3689 5065 3783 5118 εὗ-

2187 5161 2414 5231 θύτητα,
2446 5161 2538 5214 τὸν
2587 5161 2883 5232 ἁγιασμὸν,
2931 5162 3030 5232 τὴν
3061 5160 3230 5230 ζωήν.
3279 5160 3348 5215 Τὸ
3378 5159 3625 5232 Πνεῦμα
3652 5160 3782 5231 ,γὰρ

2189 5271 2332 5317 σου,
2363 5255 2552 5324 φησὶν,
2586 5256 2650 5308 τὸ
2679 5255 2906 5324 ἀγαθόν
2927 5269 2943 5284 °
2969 5252 3067 5307 καὶ
3095 5251 3282 5317 πάλιν,
3312 5253 3559 5322 Πνεῦμα
3578 5253 3778 5318 εὐθέςο

2191 5350 2286 5401 καὶ
2332 5345 2510 5410 πάλιν,
2565 5346 2635 5401 Τὸ
2683 5345 2929 5416 Πνεῦμα
2958 5343 3026 5398 τὸ
3055 5343 3246 5414 ἅγιον.
3289 5345 3401 5398 Καὶ
3447 5345 3476 5396 ὁ
3524 5345 3783 5398 Ἀπὸστο-

2190 5439 2321 5502 λοςιο
2367 5439 2430 5492 Ὀ
2478 5440 2662 5509 νόμος
2715 5439 2821 5494 τοῦ
2882 5441 3232 5510 Πνεύματος
3275 5437 3383 5506 τῆς
3415 5438 3590 5507 ζωῆς.
3643 5437 3782 5491 Τού-

2191 5548 2300 5585 των
2352 5532 2506 5584 οῦδὲν
2551 5532 2849 5602 ἐπίκτητον
2905 5533 3076 5605 αὐτῷ,
3109 5533 3229 5586 οὐδὲ
3271 5533 3780 5604 ὓστερον-ἐπιγενό-

2196 5641 2360 5693 μενον
2387 5626 2708 5696 πρὸσεστινο
2743 5625 2857 5678 ἀλλ’
2892 5625 3082 5697 ὥσπερ
3114 5627 3419 5697 ἀχώριστον
3452 5626 3528 5694 τῷ
3559 5624 3693 5694 πυρὶ
3717 5624 3783 5676 τὸ

2189 5719 2526 5791 θερμαίνειν,
2574 5719 2665 5774 καὶ
2709 5719 2785 5792 τῷ
2813 5719 2953 5790 φωτὶ
2981 5720 3041 5774 τὸ
3089 5720 3325 5790 λάμπειν
3349 5735 3364 5753 ·
3402 5717 3546 5773 οὕτω
3577 5717 3671 5772 καὶ
3699 5715 3782 5788 τῷ
