4130 6414
300 350 363 404 5‘!
1262 353 1643 414 PANOPLIA
1687 354 1834 416 DOG
1844 357 1891 415 Μ

1993 357 2150 419 'ICA.
2197 375 2264 396 -··
2304 359 2459 420 TlT.
2503 359 2585 419 Ιῐ.
3503 360 3571 423 58

298 458 576 527 Πνεῦματι
602 457 663 509 τό
716 460 998 529 ἁγιάζειν,
1028 461 1085 514 τὸ
1124 461 1429 526 ζωοποιεῖν,
1466 466 1497 534 ἡ
1531 464 1827 533 άγαοότης,
1860 467 1891 534 ἡ

1998 483 2120 521 cum
2152 468 2499 523 multitudine
2540 478 2882 533 numeratur,
2915 469 3007 523 sed
3046 469 3098 523 iu
3144 468 3409 523 Trlnitate
3438 484 3575 522 con-

296 552 552 620 εὐϐύτης.
588 551 737 605 Ἐκεῖ
764 554 951 607 τοίνυν
984 548 1179 623 ἕστηκε
1209 556 1269 609 τὸ
1306 556 1548 624 Πνεῦμα,
1581 558 1718 621 ἐκεῖ,
1748 560 1805 608 ἐν
1824 560 1887 628 τῇ

301 644 552 712 μακαρῐα
584 642 769 710 φύσει,
802 644 865 696 οὐ
894 646 1031 715 μετὰ
1057 646 1297 716 πλήθους
1320 648 1740 717 ἀριθμούμενον,
1776 650 1889 701 ἀλλ’

295 734 358 786 ἐν
392 738 457 803 τῇ
492 736 685 802 Τριάίι
717 736 1098 806 Θεωρούμενον
1126 755 1137 767 ’
1174 740 1477 807 μοναδικῶς
1501 739 1893 811 ἐξαγγελλόμε-

293 845 408 888 νον,
437 829 541 882 οὐκ
573 832 1114 901 ἐμπεριειλημμένον
1138 837 1248 895 τοῖς
1276 835 1637 903 συστήμασιν.
1677 836 1762 897 Ὠς
1782 837 1891 907 γὰρ

300 918 500 987 Πατὴρ
552 913 655 981 εἷς,
702 920 797 970 καὶ
842 920 970 980 Υἱὸς
1025 914 1105 984 εἷς
1132 937 1149 954 ⁸
1190 921 1362 985 οὕτως
1395 922 1453 975 ἓν
1502 924 1682 976 καὶτὸ
1736 925 1890 993 ἅγιον

298 1012 553 1080 Πνεῦμα.
588 1012 670 1064 Τὰ
711 1012 767 1063 δὲ
799 1013 1153 1081 λειτουργικὰ
1183 1014 1472 1083 πνεύματα
1508 1017 1631 1069 καθ’
1657 1017 1890 1069 ἕκαστον

296 1105 497 1173 τάγμα
527 1103 733 1171 πλῆθος
780 1105 915 1174 ἡμῖν
945 1106 1232 1173 ὑποφαίνει
1273 1107 1765 1177 δυσεξαρίθμητον.
1797 1108 1891 1178 Μὴ

296 1197 485 1248 τοίνυν
538 1194 698 1263 ζήτει
732 1196 791 1247 ὲν
818 1197 883 1264 τῇ
930 1195 1105 1248 κτίσει
1152 1195 1215 1248 τὸ
1253 1194 1393 1268 ὑπὲρ
1433 1198 1531 1262 τὴν
1560 1198 1774 1251 κτίσιν·
1813 1198 1890 1269 μὴ

296 1288 628 1355 καταγάγῃς
645 1286 706 1337 τὸ
728 1286 954 1353 ἁγιάζον
982 1288 1120 1355 μετὰ
1144 1286 1252 1340 τῶν
1284 1287 1685 1358 άγιαζομένων.
1719 1290 1892 1343 Τοῦτο

298 1377 505 1447 πληροῖ
529 1377 826 1443 ἀγγέλους,
854 1376 1055 1446 πληροί
1076 1380 1471 1447 άρχαγγέλους,
1495 1378 1709 1448 ἁγιάζει
1726 1381 1890 1435 δυνάφ

299 1484 445 1537 μείς,
480 1466 741 1531 ζωοποιεῖ
771 1469 838 1521 τά
878 1468 1195 1538 σύμπαντα.
1221 1468 1391 1523 Τοῦτο
1414 1460 1692 1534 είςπᾶσαν
1715 1473 1891 1529 κτίσιν

300 1560 693 1628 μεριζόμενον,
736 1561 831 1612 καὶ
863 1556 1036 1624 άλλως
1064 1560 1156 1613 ὐπ’
1179 1562 1343 1616 ἄλλον
1380 1566 1766 1634 μετεχόμενον,
1795 1566 1891 1619 οὐ-

292 1650 386 1703 δὲν
420 1644 750 1704 ἐλαττοῦται
780 1654 930 1721 παρὰ
962 1652 1070 1703 τῶν
1106 1653 1461 1724 μετεχόντων.
1498 1658 1638 1709 nam
1667 1656 1767 1726 μὲν
1793 1656 1890 1727 τὴν

296 1744 435 1811 παρ’
483 1742 683 1795 ἑαυτοῦ
717 1744 877 1812 χάριν
922 1743 1139 1797 δίδωσιν
1165 1760 1178 1775 ·
1211 1746 1310 1799 οὐκ
1339 1745 1689 1798 ἀναλίσκεται
1721 1747 1776 1799 δὲ
1810 1749 1890 1811 εἰς

288 1830 425 1893 τούς
460 1831 796 1901 μετέχοντας
815 1847 831 1864 ο
879 1832 1015 1885 ἀλλά
1042 1835 1136 1887 καὶ
1163 1836 1212 1886 οἱ
1242 1834 1499 1897 λαϐόντες
1532 1830 1887 1906 πληροῦνται,

286 1924 389 1975 καὶ
448 1922 585 1974 αὐτό
617 1923 783 1988 ξὲστιν
829 1924 1095 1987 ἁνενδεές.
1145 1925 1254 1979 Καὶ
1305 1924 1494 1996 ὥσπερ
1525 1927 1551 1979 ό
1585 1926 1736 1998 ἥλιος
1768 1930 1891 1981 ἑπι-

294 2014 539 2084 λάμπων
571 2016 683 2077 τοῖς
710 2013 950 2084 σώμασι,
989 2017 1082 2068 καὶ
1118 2017 1379 2081 ποικίλως
1407 2018 1499 2072 ὐπ’
1526 2020 1706 2072 αὐτῶν
1734 2037 1892 2088 μετε-

294 2104 555 2173 χέμενος,
606 2104 759 2156 οὐδὲν
806 2103 1127 2157 ἐλαττοῦται
1175 2106 1327 2177 παρὰ
1360 2107 1471 2160 τῶν
1512 2109 1887 2178 μετεχόντων*

294 2195 444 2247 οῦτω
494 2196 593 2247 καὶ
635 2194 699 2248 τὸ
749 2190 976 2267 Πνεῦμα
1019 2198 1154 2250 πᾶσι
1195 2196 1293 2268 τὴν
1332 2199 1463 2270 παρ’
1492 2200 1686 2252 ἑαυτοῦ
1729 2201 1894 2271 χάριν

296 2289 567 2358 παρέχον,
623 2289 900 2356 ἀμείωτον
955 2288 1110 2359 μένει
1158 2289 1252 2343 καὶ
1300 2290 1630 2361 ἀδιαίρετον.
1675 2293 1892 2359 Πάντας

296 2380 530 2449 φωτίζει
573 2381 710 2450 πρὸς
736 2380 837 2451 τὴν
867 2380 960 2434 τοῦ
994 2380 1129 2435 Θεοῦ
1162 2381 1514 2453 κατανόησιν,
1553 2385 1754 2453 ἔμπνεί
1781 2389 1893 2452 τοῖς

297 2476 641 2545 προφήταις,
687 2474 989 2544 νομοθέτας
1044 2476 1277 2546 σοφίζει,
1334 2477 1521 2549 ἱερέας
1551 2480 1769 2546 τελειοζ,
1805 2483 1891 2535 ὲν-

300 2569 482 2639 ισχύει
528 2567 795 2638 βασιλεῖς,
830 2566 1149 2642 καταρτίζει
1177 2572 1446 2637 δικαίους,
1492 2574 1746 2643 σεμνύνει
1783 2574 1891 2627 σώσ

299 2677 534 2729 φρονας,
579 2660 796 2730 ἐνεργεῖ
825 2661 1143 2730 χαρίσματα
1187 2662 1456 2733 ἰαμάτων,
1486 2663 1741 2728 ζωοποιεῖ
1766 2666 1893 2728 τοὺς

297 2766 355 2803 νε
366 2752 559 2821 κροὸς,
581 2750 701 2803 λύει
727 2751 853 2814 τοὺς
878 2752 1084 2822 πεπεδη
1094 2754 1311 2823 μένους,
1335 2755 1570 2809 υίοθετεῖ
1590 2756 1716 2820 τούς
1738 2757 1896 2828 ἠλλο-

295 2842 668 2913 τριωμένους.
693 2838 883 2898 Ταῦτα
916 2844 1004 2899 διά
1032 2845 1131 2915 τῆς
1159 2845 1375 2900 άνωοεν
1401 2848 1710 2917 γεννήσεως
1739 2851 1891 2919 ὲνερ.

296 2940 407 3002 γεῐ.
450 2936 581 2989 Ἐὰν
628 2936 869 3009 τελώνην
919 2939 1060 3013 λάϐῃ
1104 2940 1451 3003 πιστεύοντα.
1499 2936 1895 3013 εὐαγγελιστὴν

296 3025 691 3081 ἀποδείκνυσιν
712 3044 727 3059 ·
771 3028 867 3081 ἐάν
897 3027 955 3081 ἐν
997 3028 1143 3082 ά).ιεῖ
1184 3030 1435 3099 γένηται,
1467 3024 1719 3103 θεολόγον
1752 3034 1893 3087 ἀπο.

1994 559 2241 627 Spicilur.
2283 558 2441 613 Solus
2468 566 2768 625 nuntiatur,
2803 576 2912 613 non
2961 577 3083 614 cum
3136 561 3382 629 pluribus
3429 576 3576 613 cmu-

1992 651 2370 721 prehenditur.
2403 652 2553 704 Sicut
2581 652 2729 706 enim
2779 651 2942 704 Pater
2981 659 3064 704 est
3092 668 3254 714 unus,
3308 661 3359 703 et
3407 651 3575 704 Filius

1993 761 2156 807 unus,
2182 745 2261 798 sic
2316 756 2370 800 et
2427 743 2664 814 Spiritus
2694 761 2832 800 unus
2882 753 2982 798 est.
3022 745 3088 797 At
3141 726 3572 797 ministrantium

1993 835 2282 902 spirituum
2364 833 2770 887 multitudinem
2827 848 3152 887 enumerare
3235 834 3325 887 vix
3382 850 3573 901 queas.

1994 928 2227 982 Proinde
2256 930 2307 981 in
2346 929 2507 980 rebus
2532 926 2731 981 creatis
2757 940 2824 979 ne
2859 940 3073 993 qumras
3101 940 3249 986 cum,
3279 924 3371 991 qui
3411 938 3579 992 super

1995 1023 2111 1075 illas
2135 1029 2240 1075 est.
2281 1020 2355 1073 Nc
2387 1020 2679 1073 deduxeris
2714 1018 2862 1071 illum
2884 1059 2897 1079 ,
2952 1017 3040 1085 qui
3068 1026 3286 1071 sanctos
3311 1015 3462 1079 iacit,
3508 1016 3575 1069 ad

1993 1128 2086 1166 eos
2101 1113 2191 1181 qui
2222 1112 2358 1165 ﬁunt
2382 1111 2576 1164 sancti.
2622 1108 2718 1162 llic
2736 1108 2958 1176 angelos
2989 1108 3182 1176 replet,
3205 1116 3421 1160 sanctas
3460 1107 3576 1158 0Πί-

1992 1204 2067 1258 cit
2092 1210 2409 1271 potestates,
2445 1200 2708 1255 omnibus
2743 1199 2904 1253 vitam
2937 1202 3159 1268 praebet.
3204 1196 3299 1251 llic
3330 1213 3387 1251 se
3418 1197 3579 1250 rebus

1995 1294 2291 1364 procreatis
2336 1293 2416 1347 sic
2473 1293 2802 1360 impartitur,
2869 1300 2927 1345 ut
2980 1306 3105 1343 cum
3140 1289 3208 1342 ab
3248 1289 3368 1342 aliis
3419 1289 3579 1342 aliter

1992 1392 2281 1454 perceptus
2308 1383 2398 1446 sit,
2438 1397 2469 1435 a
2500 1381 2649 1434 nulla
2678 1390 2857 1435 tamen
2889 1380 3011 1449 ejus
3066 1379 3331 1449 participe
3366 1380 3579 1431 minua-

1994 1485 2122 1543 tur;
2155 1475 2407 1528 omuibus
2439 1474 2531 1527 dat
2557 1473 2787 1543 gratiam
2817 1488 2994 1533 suam,
3024 1486 3124 1525 nec
3157 1480 3339 1524 tamen
3395 1470 3451 1523 in
3485 1484 3576 1521 ae-

1993 1566 2262 1634 eipientes
2312 1562 2625 1624 insumitur,
2658 1561 2751 1614 sed
2805 1576 2931 1615 cum
2985 1560 3084 1623 illi,
3132 1560 3223 1630 qui
3277 1559 3574 1627 accipiunt,

1994 1655 2352 1725 impleantur,
2383 1653 2497 1721 ipse
2544 1661 2726 1705 tamen
2784 1651 2994 1721 integer
3036 1660 3241 1704 manet.
3302 1648 3579 1715 Quemad-

1994 1747 2216 1799 modum
2248 1744 2329 1799 sol
2364 1759 2394 1797 a
2428 1742 2772 1812 corporibus,
2798 1757 2920 1810 qua:
2956 1741 3071 1810 ipse
3120 1741 3380 1802 illustrat,
3414 1739 3580 1793 variis

1994 1839 2168 1894 modis
2216 1837 2507 1907 excipitur,
2568 1850 2671 1890 nec
2734 1845 2917 1889 tamen
2950 1836 3017 1890 ab
3068 1835 3174 1889 illis
3202 1834 3578 1895 imminuitur,

1992 1931 2073 1986 sic
2110 1941 2165 1983 et
2219 1928 2461 1998 Spiritus
2492 1925 2719 1997 gratiam
2775 1940 2928 1979 suam
2965 1926 3222 1980 omnibus
3271 1925 3581 1979 communi-

1991 2042 2125 2081 cans
2163 2024 2374 2094 integer
2404 2020 2789 2089 indivisusque
2820 2026 3128 2084 permanet.
3185 2014 3392 2070 Omnes
3453 2015 3580 2067 illu-

1994 2125 2133 2171 strat
2189 2115 2256 2170 ad
2286 2113 2677 2183 cognitionem
2727 2110 2844 2164 Dei.
2880 2107 3111 2162 Nomine
3141 2122 3241 2161 suo
3293 2108 3583 2176 prOpbctas

1994 2208 2158 2271 aﬂlat,
2181 2205 2523 2276 legislatores
2567 2201 2730 2257 ellicit
2781 2200 3082 2270 sapientes,
3112 2198 3426 2253 sacerdotes
3454 2212 3583 2250 eru-

1994 2299 2093 2363 dit,
2142 2312 2297 2368 reges
2345 2295 2691 2356 corroborat,
2738 2293 2919 2363 justos
2981 2292 3185 2361 dirigit,
3244 2298 3580 2358 temperatos

1993 2398 2262 2453 exornat;
2301 2392 2524 2457 prmstat
2552 2398 2779 2438 munera
2809 2382 3181 2443 curationum,
3223 2390 3472 2434 mortuos
3525 2379 3580 2431 in

1998 2479 2170 2533 vitam
2201 2487 2442 2542 revocat,
2506 2476 2727 2530 vinctos
2761 2474 2945 2536 solvit,
3000 2474 3207 2527 alienos
3240 2472 3463 2541 adoptat
3523 2470 3581 2523 in

1996 2571 2156 2626 lilios.
2203 2570 2327 2625 llaec
2391 2584 2491 2639 per
2548 2568 2825 2623 caelestem
2880 2566 2989 2636 agit
3026 2564 3455 2635 generationem.
3522 2560 3580 2616 Si

1995 2664 2351 2735 publicanum
2410 2661 2726 2716 credentem
2778 2659 3105 2728 susceperit,
3137 2672 3263 2709 eum
3337 2655 3581 2709 declarat

1994 2751 2437 2823 evangelistam:
2502 2750 2548 2804 si
2608 2748 2774 2803 fuerit
2828 2748 2882 2802 in
2936 2748 3228 2817 piscatore,
3265 2744 3579 2830 theologum

1994 2844 2287 2900 redditui
2348 2852 2761 2913 persecutorem
2817 2838 3241 2909 resipiscentem
3282 2836 3579 2901 invenerit,

1994 2936 2234 3007 gentium
2263 2934 2572 3004 apostolum
2632 2932 2786 2996 facit,
2827 2946 3136 3003 pneconem
3169 2930 3318 2995 ﬁdei,
3348 2944 3444 2983 vas
3472 2929 3587 2984 ele-

1994 3027 2217 3083 ctionis.
2268 3024 2378 3080 Per
2434 3024 2583 3079 hunc
2611 3024 2868 3079 imbecilli
2916 3023 3083 3077 fortes
3127 3022 3281 3084 ﬁunt,
3315 3034 3585 3090 pauperes

294 3118 488 3169 τελείο
537 3118 635 3170 ιὰν
678 3116 916 3190 διώκτην
964 3112 1102 3192 εὐρῃ
1158 3122 1548 3190 μετανοοῦντα,
1596 3124 1891 3178 ἀπόστολον

1998 3118 2298 3183 ditescunt,
2322 3114 2490 3171 rudes
2534 3115 2882 3185 infantesque
2944 3113 3282 3184 sapientibus
3342 3111 3585 3165 evadunt

298 3207 477 3260 ιονῶν
512 3207 915 3277 ἀπεργάζεται,
945 3212 1163 3281 κήρυκα
1212 3213 1470 3278 πίστεως,
1514 3212 1705 3278 σκεῦος
1735 3215 1892 3269 ὲκλοά-

296 3299 430 3367 γῆς.
488 3301 565 3351 Δι’
625 3298 795 3354 αὐτοῦ
860 3301 912 3354 οἱ
970 3301 1222 3366 ἀσθενεῖς
1272 3304 1524 3376 ίσχυροίο
1576 3306 1625 3359 οἱ
1683 3299 1893 3376 πτωχοὶ

301 3388 726 3453 πλουτίζουσιν·
785 3393 834 3445 οί
889 3393 1097 3447 ἰδιῶται
1151 3394 1230 3466 τῷ
1276 3395 1421 3464 λόγῳ
1451 3394 1751 3468 σοφώτεροί
1782 3392 1892 3451 είσι

303 3482 419 3535 τῶν
451 3481 656 3551 σοφῶν.
706 3482 921 3548 Παῦλος
961 3483 1223 3555 ἀσθενὴς,
1262 3484 1397 3539 ἀλλὰ
1425 3485 1513 3539 διά
1554 3487 1654 3557 τὴν
1679 3504 1891 3557 παρου-

304 3570 433 3625 σίαν
457 3570 554 3625 τοῦ
586 3572 728 3625 Πνεύ
738 3590 910 3643 ματος
948 3574 1017 3628 τὰ
1045 3574 1305 3646 σουδάρια
1332 3575 1451 3630 λτοῦ
1488 3578 1703 3648 χρωτὸς
1725 3576 1892 3631 αὐτοῦ

301 3663 456 3715 ιάσιν
490 3665 723 3733 παρεῖχε
751 3666 865 3729 τοῖς
892 3666 1336 3737 ὑποδεχομένοις.
1368 3666 1573 3738 Πέτρος
1601 3669 1697 3721 καὶ
1733 3669 1895 3733 αὐτὸς

302 3754 471 3824 σῶμα
524 3755 911 3825 περικείμενος
966 3760 1275 3823 ἀσθενείας,
1316 3759 1453 3813 άλλᾶ
1504 3759 1592 3813 διά
1626 3759 1727 3831 τὴν
1759 3760 1897 3813 ἐνοι-

300 3845 512 3900 κοῦσαν
540 3848 701 3917 χάριν
741 3848 836 3902 τοῦ
880 3849 1198 3919 Πνεύματος
1226 3851 1259 3920 ἡ
1291 3850 1635 3905 ἐκπίπτουσα
1662 3850 1756 3905 τοῦ
1790 3852 1897 3905 σώ-

305 3949 485 4007 ματος
534 3940 665 3991 σκιὰ
714 3940 991 3995 ἀπεδίωκε
1034 3943 1131 4004 τὰς
1166 3941 1358 4006 νόσους
1409 3940 1520 3995 τῶν
1550 3958 1894 3996 καταπονου-

1987 3208 2369 3278 sapientiores.
2393 3206 2517 3277 ,Hic
2558 3215 2614 3262 et
2663 3207 2718 3262 in
2776 3205 2914 3262 caelo
2963 3203 3233 3270 consistit,
3277 3211 3332 3257 et
3381 3211 3584 3256 terram

1991 3299 2263 3371 implevit,
2331 3306 2387 3357 et
2438 3299 2643 3368 ubique
2699 3307 2806 3363 est,
2841 3308 2896 3353 et
2940 3311 3210 3366 nusquam
3255 3294 3580 3350 includitur.

1990 3391 2163 3447 Totus
2195 3392 2254 3446 in
2301 3391 2529 3463 singulis
2562 3390 2854 3452 inhabitat,
2907 3397 2963 3443 et
2991 3399 3076 3444 est
3099 3397 3246 3443 totus
3279 3402 3403 3443 cum
3443 3385 3578 3452 Deo,

1989 3498 2102 3538 non
2137 3482 2515 3538 ministrantis
2541 3497 2695 3537 more
2731 3481 2873 3536 dona
2904 3479 3200 3546 distribuit,
3222 3480 3316 3533 sed
3347 3478 3585 3531 auctorid

1991 3581 2101 3626 tate
2132 3587 2230 3627 sua
2267 3586 2498 3626 munera
2524 3570 2835 3641 dilargitur.
2906 3566 3112 3621 Dividit
3140 3566 3290 3619 enim
3321 3564 3577 3635 singulis.

1992 3661 2190 3731 inquit,
2240 3660 2596 3731 peculiariter
2643 3660 2723 3713 uti
2760 3657 2901 3715 vult.
2950 3656 3183 3711 Mittitur
3232 3655 3324 3709 ille
3362 3656 3583 3724 quidem

1994 3766 2053 3812 ut
2084 3757 2365 3825 minister,
2416 3755 2512 3811 sed
2549 3768 2647 3810 sua
2694 3755 2807 3824 agit
2845 3761 3137 3823 potestate.
3190 3750 3349 3805 llunc
3382 3749 3584 3804 animis

1994 3851 2198 3906 nostris
2228 3857 2286 3904 ut
2316 3858 2521 3918 praesto
2559 3847 2631 3901 sit
2672 3846 2939 3915 nulloque
2996 3859 3100 3899 nos
3147 3851 3394 3912 tempore
3421 3841 3587 3897 dese-v

1994 3952 2084 3998 rat
2113 3943 2489 3998 Obsecremus.

302 4034 514 4099 μένων.
566 4034 787 4107 Πτωχὸς
845 4036 1048 4107 Πέτρος
1075 4037 1173 4089 καὶ
1223 4037 1474 4109 Ἰωάννης
1500 4052 1516 4068 ⁶
1570 4037 1633 4092 οὐ
1661 4038 1771 4109 γάρ
1822 4032 1968 4111 εἳχον
2000 4039 2285 4110 ἀργύριον,
2342 4037 2466 4092 οὐδὲ
2525 4035 2788 4109 χρυσίον·
2846 4032 2965 4090 ἀλλ’
3011 4032 3335 4105 ἐχαρίζοντο
3371 4031 3586 4100 ὐγιειαν

299 4125 524 4181 πολλῶν
594 4129 837 4199 χρυσίων
880 4128 1237 4200 τιμιωτέραν.
1276 4130 1437 4202 Παρὰ
1464 4129 1676 4185 πολλῶν
1710 4132 1818 4201 γὰρ
1869 4131 2053 4185 λαϐὼν
2102 4133 2330 4204 χρυσίον
2377 4133 2407 4184 ὁ
2456 4132 2650 4203 χωλὸς,
2706 4129 2788 4185 [τι
2840 4128 3144 4199 προσαίτης
3180 4123 3283 4197 ἦν·
3340 4125 3494 4195 παρὰ
3524 4120 3583 4177 δὲ

302 4216 523 4288 Πέτρου
553 4216 847 4289 δεξάμενος
870 4219 974 4289 τὴν
1016 4221 1199 4292 χάριν,
1238 4220 1517 4276 ἐπαύσατο
1573 4224 1907 4294 προσαιτῶν,
1964 4221 2262 4294 ἁλλόμενος
2300 4222 2492 4295 ὥσπερ
2541 4223 2766 4293 ἔλαφος,
2807 4222 2904 4275 καὶ
2954 4220 3123 4273 αίτῶν
3157 4220 3251 4272 τὸν
3280 4217 3435 4272 Θεόν.
3468 4217 3584 4270 Οὐκ

299 4309 424 4380 ⁴[εδει
479 4309 735 4380 Ἰωάννης
785 4310 885 4380 τὴν
916 4310 1012 4363 τοῦ
1050 4312 1260 4381 κόσμου
1304 4311 1521 4382 σοφίαν,
1574 4314 1691 4368 ἀλλ’
1744 4314 2046 4385 ἐφθέγξατο
2094 4319 2319 4388 ῥήματα
2356 4320 2424 4388 τῇ
2480 4315 2711 4384 δυνάμει
2749 4313 2847 4368 τοῦ
2902 4312 3243 4385 Πνεύματος,
3286 4306 3369 4376 οἷς
3435 4310 3585 4365 οὐδε.

304 4402 411 4471 μία
444 4401 608 4471 σοφία
632 4403 973 4474 προσϐλέψαι
1029 4404 1277 4461 δύναται.
1303 4406 1477 4462 Τοῦτο
1502 4409 1596 4462 καὶ
1618 4409 1676 4463 ἑν
1705 4409 1921 4481 οὐρανῷ
1970 4411 2198 4482 ἔστηκε,
2225 4413 2320 4465 καὶ
2343 4411 2443 4484 τὴν
2472 4410 2577 4480 γῆν
2606 4408 2964 4478 πεπλήρωκε,
2992 4410 3088 4463 καὶ
3119 4406 3395 4478 πανταχοῦ
3440 4406 3585 4476 πάρ·

298 4509 445 4555 εστι.
476 4492 574 4548 καὶ
602 4491 840 4565 οὐδαμοῦ
893 4495 1231 4567 περιέχεται.
1258 4497 1421 4551 Ὅλον
1446 4497 1663 4570 ἑκάστῳ
1687 4500 1911 4567 ἐνοικεῖ,
1965 4501 2062 4556 καὶ
2113 4503 2237 4556 ὅλον
2268 4503 2389 4556 ἐστὶ
2429 4502 2569 4572 μετὰ
2602 4499 2697 4555 τοῦ
2737 4499 2899 4553 Θεοῦ.
2936 4499 3013 4553 Οὐ
3042 4499 3440 4570 λειτουργικῶς
3469 4498 3589 4551 δια-

301 4584 460 4642 κονεί
505 4588 604 4651 τὰς
658 4588 888 4657 δωρεὰς,
921 4588 1038 4642 ἀλλ’
1089 4589 1425 4655 αὐθεντικῶς
1466 4590 1669 4665 διαιρεῖ
1712 4596 1780 4648 τὰ
1834 4593 2168 4665 χαρίσματα.
2227 4594 2451 4661 Διαιρεῖ
2486 4592 2621 4663 γάρ,
2669 4591 2858 4661 φησὶν,
2923 4584 3045 4659 ἰδίᾳ
3090 4591 3354 4658 ἑκάστῳ.
3387 4594 3586 4658 καθὼς

298 4688 623 4753 βούλεται.
668 4686 1087 4742 Ἀποστέλλεται
1135 4689 1235 4759 μὲν
1282 4689 1667 4759 οἰκονομικῶς,
1719 4691 1935 4764 ἐνεργεῖ
1970 4692 2028 4745 δὲ
2086 4691 2470 4756 αὐτεξουσίως.
2526 4689 2698 4743 Τοῦτο
2730 4690 2992 4759 παρεῖναι
3043 4692 3173 4753 ταῖς»
3198 4690 3397 4761 ψυχαῖς
3426 4689 3585 4761 ημῶν

303 4783 623 4852 εὐξώμεθα,
667 4786 762 4838 καὶ
802 4779 1007 4856 μηδένα
1045 4786 1238 4857 καιρὸν
1274 4786 1422 4857 ἡμᾶς
1452 4786 1880 4858 ἀπολιμπάνειν.

305 4929 435 5014 ἐει
494 4930 629 4996 περὶ
676 4930 929 5014 Πατρός,
964 4929 1105 5014 Υιοῦ
1169 4932 1268 5014 καὶ
1319 4933 1509 5014 ᾀγῐουΔ
1544 4935 1891 5014 Πγεύματος

2004 4933 2080 4991 De
2117 4936 2282 5014 Putre
2325 4938 2473 5004 item,
2520 4936 2775 5014 et_Fili_o_,
2794 4933 3079 5014 _et_Spt:ritu
3107 4942 3290 5014 sancto
3334 4930 3585 5014 distincta

376 4999 798 5082 διακεκριμένη
842 4999 971 5082 εἷμα
1006 5002 1105 5082 καὶ
1150 4998 1754 5082 ῄνωμόςίμη-θεολογὶα
1784 4998 1891 5082 τοῦ

2069 5012 2286 5082 pariter,
2313 4998 2473 5082 atque
2506 5010 2657 5082 unita
2701 4998 2998 5082 diuinitatis
3056 5005 3216 5082 ralio_,
3254 4998 3585 5082 magniBaf

370 5068 993 5155 μεγάλουβασιλείργ
1020 5070 1222 5150 ἐκητῆς
1250 5068 1401 5155 πρός
1418 5068 1761 5155 Γρηζόρὶον
1790 5075 1891 5155 τὸν

2069 5068 2177 5133 ξέίὶἱ
2206 5068 2428 5155 epistola
2462 5080 2531 5132 ad
2555 5078 2864 5155 Gregorium
2908 5081 3133 5149 fratrem
3168 5075 3234 5129 de
3267 5068 3502 5128 euentu:
3529 5077 3579 5125 et

377 5140 656 5208 ἀδελφὸν
684 5140 1013 5208 ἐπιστολῆς
1035 5140 1148 5208 τῆς
1178 5144 1312 5211 περὶ
1338 5140 1636 5215 διαφορᾶς-⁷
1678 5146 1891 5211 οὐσίας

381 5211 486 5262 καὶ
516 5212 935 5262 ὑποστάσεωο.

2066 5140 2300 5219 persona:
2322 5150 2642 5219 differentia.

381 5226 486 5264 και
516 5226 935 5278 υποστασεως.

394 5322 522 5380 Ἐπὶ
560 5324 660 5395 τῆς
685 5326 847 5395 ἁγίας
881 5328 1109 5398 Τριάδος
1139 5327 1167 5381 ὁ
1194 5327 1284 5382 τὸν
1312 5328 1529 5396 Πατέρα
1560 5329 1762 5400 νοήσας
1792 5328 1891 5384 αὐ-

2068 5322 2127 5381 ln
2163 5332 2349 5379 sancta
2394 5321 2665 5378 Trinitate
2694 5320 2788 5391 qui
2816 5318 3036 5375 Patrem
3072 5316 3250 5376 novit.
3276 5324 3331 5371 et
3363 5312 3581 5368 Patrem

306 5420 404 5473 τόν
425 5437 487 5473 τε
519 5414 604 5488 ἐφ’
628 5418 821 5472 ἑαυτοῦ
845 5421 1164 5490 κατενόησε,
1193 5421 1289 5474 καὶ
1312 5418 1403 5474 τὸν
1430 5419 1558 5473 Υίδν
1590 5423 1655 5491 τῇ
1687 5419 1895 5490 διανοίᾳ

310 5515 787 5583 συμπαρεδέξατο.
862 5513 923 5567 ’0
980 5513 1038 5568 δὲ
1095 5515 1188 5567 τὸν
1251 5514 1380 5567 Υἰδν
1434 5512 1613 5566 λαϐὼν
1667 5514 1762 5567 καὶ
1832 5513 1895 5566 τὸ

308 5608 541 5677 Πνεῦμα
587 5607 1005 5677 συμπαρέλαϐε,
1036 5608 1130 5660 καὶ
1162 5606 1470 5670 ἀκολούθως
1510 5606 1607 5677 μὲν
1631 5604 1772 5659 κατὰ
1794 5602 1893 5676 τὴν

306 5695 485 5762 τάξιν,
538 5699 904 5768 συνημμένως
950 5698 1006 5751 δὲ
1055 5699 1196 5754 κατὰ
1240 5698 1338 5768 τὴν
1380 5698 1542 5768 φύσιν
1586 5697 1695 5751 τῶν
1725 5696 1893 5768 τριῶν

310 5788 375 5843 ἰν
418 5790 594 5864 ἐαυτῷ
631 5790 1093 5862 συγκεκραμένην
1130 5790 1229 5864 τὴν
1258 5791 1439 5848 πίστιν
1483 5790 1892 5846 ἁνετυπώσατο.

1996 5418 2173 5488 ipsum
2194 5414 2463 5487 intelligit,
2481 5422 2538 5467 et
2553 5412 2743 5467 eadem
2765 5409 3096 5481 cOgitatione
3114 5408 3308 5461 Filium
3328 5417 3580 5472 compreo

1992 5507 2207 5563 hendit.
2229 5504 2332 5571 Qui
2350 5520 2480 5559 vero
2499 5501 2693 5557 Filium
2713 5501 2937 5571 accipit,
2961 5509 3015 5556 et
3030 5498 3301 5566 Spiritum
3322 5494 3485 5549 simul
3502 5508 3583 5548 as-

1993 5601 2181 5665 sumit,
2213 5607 2269 5653 et
2291 5604 2688 5665 consequenter
2720 5593 2944 5663 quidem
2974 5588 3274 5646 secundum
3296 5585 3578 5651 ordinem,

1995 5695 2285 5765 conjuncte
2312 5698 2496 5745 autem
2524 5685 2826 5742 secundum
2856 5691 3136 5741 naturam,
3158 5677 3325 5730 trium
3346 5675 3400 5729 in
3432 5674 3577 5730 idem

1994 5785 2335 5843 commistam
2367 5783 2420 5840 in
2466 5796 2523 5838 se
2558 5779 2678 5851 ipso
2710 5779 2869 5834 [idem
2901 5772 3195 5844 expressit,
3245 5779 3302 5827 et
3325 5770 3419 5843 qui
3450 5769 3577 5841 Spi-
