4130 6480
528 392 601 454 59
797 418 805 424 -
1778 360 2163 444 EU'mi'Mn
2208 383 2570 445 ZIGABENI
3738 385 3811 447 δυ

530 511 700 565 ritum
732 515 946 562 tantum
992 503 1154 567 dixit,
1204 500 1622 573 comprehendit
1653 500 1815 553 simul
1854 500 1956 553 hac
1984 515 2118 554 con-

2249 502 2333 553 ἰαὶ
2376 501 2404 552 6
2456 500 2517 554 τὸ
2562 498 2784 569 Πνεῦμα
2836 496 2999 571 μόνον
3055 499 3225 554 εἰπὼν
3280 500 3692 571 συμπεριὲλαϐε
3749 509 3819 577 τῇ

530 601 770 656 fessione
794 599 944 652 illum
979 596 1167 660 etiam,
1218 596 1376 663 cuius
1407 604 1486 649 est
1527 593 1797 662 spiritus:
1850 601 1934 646 est
1969 592 2114 646 enim

529 691 738 747 Christi
773 707 786 745 :
823 701 879 744 et
912 698 1063 751 eum,
1114 702 1181 741 ex
1207 701 1343 754 quo;
1389 684 1512 739 nam
1543 695 1627 739 est
1658 700 1722 738 ex
1759 684 1889 746 Deo,
1944 692 2003 738 ut
2038 683 2122 737 in-

531 785 651 855 quit
720 782 1032 852 Apostolus.
1083 780 1142 833 Et
1169 778 1630 848 quemadmodum
1686 777 1738 830 in
1783 785 1977 831 catena
2029 775 2122 844 qui

531 876 933 933 extremitatem
997 886 1157 925 unam
1220 869 1458 939 attingit,
1508 869 1667 923 simul
1697 869 1859 921 etiam
1889 867 2118 921 alteram

535 968 700 1022 trahit
731 963 1152 1027 extremitatem,
1219 962 1301 1016 sic
1346 959 1441 1031 qui
1494 957 1764 1030 Spiritum
1822 959 2004 1022 traxit,
2064 966 2127 1011 ut.

532 1058 710 1129 inquit
738 1056 1034 1125 Propheta,
1084 1068 1183 1123 per
1234 1053 1415 1122 ipsum
1464 1061 1519 1106 ct
1574 1050 1771 1106 Filium
1820 1060 1877 1106 et
1910 1050 2123 1104 Patrem

535 1147 698 1203 simul
745 1145 986 1200 attraxit.
1043 1144 1109 1198 Et
1137 1143 1229 1213 qui
1284 1139 1479 1196 Filium
1532 1141 1979 1212 apprehenderit,
2028 1141 2125 1195 ha-

535 1240 684 1294 bebit
716 1239 895 1309 ipsum
926 1237 994 1291 ab
1023 1237 1193 1290 altera
1227 1235 1448 1305 quidem
1487 1242 1641 1304 parte
1688 1235 1902 1288 Patrem
1939 1248 2123 1297 suum,

534 1328 603 1380 ab
642 1326 811 1380 altera
844 1332 1028 1378 autem
1062 1331 1214 1393 parte
1241 1321 1503 1392 Spiritum
1530 1323 1815 1392 proprium
1849 1322 2125 1376 adducen-

538 1428 668 1473 tem.
729 1416 916 1484 Neque
958 1416 1106 1468 enim
1159 1429 1188 1468 a
1238 1413 1405 1468 Patre
1448 1413 1648 1483 poterit
1697 1414 1976 1482 separari,
2030 1414 2125 1482 qui

537 1522 759 1577 semper
784 1517 869 1561 cst
907 1507 962 1560 in
994 1506 1179 1569 Patre,
1236 1519 1417 1574 neque
1447 1521 1477 1559 a
1511 1489 1718 1573 Spiritu
1743 1506 1979 1576 seiungi,
2032 1507 2127 1574 qui

536 1599 726 1655 omnia
790 1614 887 1668 per
915 1598 1095 1667 ipsum
1155 1598 1285 1667 agit.
1340 1596 1708 1662 Quamobrem
1753 1597 1900 1651 nulla
1935 1598 2124 1661 sectio,

539 1703 636 1746 aut
667 1691 868 1747 divisio
924 1691 1033 1745 ullo
1064 1690 1228 1745 modo
1264 1698 1448 1759 potest
1506 1689 1828 1761 excogitari,
1883 1704 1990 1759 qua
2042 1689 2129 1743 vel

542 1784 705 1838 l‘ater
757 1782 878 1838 sine
922 1782 1081 1841 Filio.
1115 1783 1201 1837 vel
1261 1782 1431 1836 Filius
1463 1780 1584 1836 sine
1623 1780 1830 1850 Spiritu
1859 1780 2128 1851 intelliga-

544 1886 652 1927 tur.
689 1873 797 1928 Sed
834 1889 896 1927 ea
944 1874 998 1926 in
1033 1874 1117 1926 his
1170 1881 1254 1927 est
1310 1868 1425 1927 tum
1460 1873 1615 1934 unio,
1674 1880 1787 1925 tum
1834 1872 2131 1937 distinctio,

542 1982 664 2033 qua:
699 1981 803 2020 nec
823 1966 1070 2020 oratione
1095 1974 1279 2035 potest
1305 1965 1593 2035 explicari.
1622 1980 1727 2019 nec
1773 1966 1958 2020 animo
1982 1982 2136 2019 com-

543 2056 831 2127 prehendi,
867 2072 991 2111 cum
1022 2055 1124 2112 nec
1162 2054 1522 2127 personarum
1558 2057 1840 2111 distinctio
1880 2058 2135 2113 essentia)

545 2151 814 2206 distrahat
854 2151 1303 2219 coniunctionem
1346 2164 1451 2204 nec
1508 2151 1761 2204 assentiar
1811 2151 2132 2218 coniunctio

544 2254 906 2310 personarum
939 2240 1239 2293 confundat
1266 2240 1683 2309 proprietatem.
1714 2239 1943 2294 Mirabili
1976 2255 2130 2293 nam-

548 2347 656 2400 que
688 2330 898 2385 ratione
952 2330 1007 2385 in
1064 2331 1148 2385 his
1176 2334 1260 2386 ρει
1308 2340 1419 2386 tum
1479 2333 1771 2401 conjuncta
1830 2332 2133 2398 distinctio,

546 2433 663 2479 tum
715 2424 973 2478 distincta
1021 2423 1359 2492 conjunctio.
1409 2423 1605 2477 Verum
1650 2433 1708 2478 ut
1747 2423 1927 2494 aliquo
1973 2425 2138 2478 modo

548 2515 627 2568 rei
660 2514 968 2568 obscuritas
991 2512 1311 2576 illustretur.
1364 2514 1449 2569 v'el
1485 2515 1731 2584 quaedam
1766 2518 1948 2586 potius
1976 2516 2138 2570 adhi-

548 2608 741 2662 beatur
764 2607 1110 2661 adumbratio
1149 2602 1420 2668 veritatis,
1461 2607 1704 2662 caelestis
1736 2623 1920 2670 arcus,
1974 2622 2138 2677 quem

549 2700 675 2752 irim
709 2699 1009 2768 appellant,
1050 2698 1363 2767 exemplum
1393 2696 1832 2753 consideremus.
1868 2698 2129 2754 Omnium

551 2788 699 2855 enim
735 2787 977 2840 colorum
1006 2787 1182 2855 ipsius
1213 2787 1538 2856 Splendores
1589 2798 1643 2841 et
1675 2789 1919 2844 distincti
1950 2791 2142 2846 viden-

551 2886 643 2933 tur
675 2892 814 2941 esse,
839 2880 1101 2946 quoniam
1137 2877 1301 2933 lucidi
1351 2887 1498 2944 sunt,
1548 2888 1603 2933 et
1645 2878 1947 2950 conjuntiti,
2000 2891 2140 2953 quo-

548 2970 700 3023 niam
772 2968 947 3023 latent
1012 2969 1202 3023 oculos
1240 2980 1459 3026 nostros
1527 2972 1843 3027 mi:tionum
1896 2974 2139 3040 termini,

552 3062 755 3129 quibus
838 3061 1256 3132 distinguuntur
1333 3062 1576 3116 colorum
1647 3060 2017 3131 diversitates,
2080 3072 2141 3120 ut

2224 589 2488 661 ὁμολογίᾳ
2549 591 2726 662 ταύτῃ
2779 593 2874 644 καὶ
2920 590 2982 643 τὸ
3033 581 3092 643 οὗ
3144 593 3260 643 ἐστι
3311 591 3371 643 τὸ
3415 590 3688 661 Πνεῦμαθ
3721 594 3819 648 τοῦ

2224 681 2464 752 Χριστοῦ
2500 681 2609 751 γάρ
2632 698 2644 712 ο
2676 682 2769 733 καὶ
2798 682 2859 734 τὸ
2893 681 2952 746 ἐξ
2993 674 3054 735 οῦ
3085 699 3098 713 ·
3143 682 3207 735 ἐκ
3242 680 3338 735 τοῦ
3382 681 3521 735 Θεοῦ
3555 682 3686 754 γὰρ,
3718 696 3824 740 κα-

2227 770 2294 822 θά
2348 785 2514 841 φησιν
2562 773 2590 825 6
2644 768 2878 836 Παῦλος.
2919 772 3032 826 καὶ
3070 770 3262 845 ὥσπερ
3310 773 3407 827 ἐπὶ
3441 773 3541 840 τῆς
3578 774 3825 839 ἁλύσεως

2223 862 2252 913 6
2285 862 2405 926 ἑνὸς
2463 861 2635 933 ἄκρου
2666 863 2972 933 ξάψάμενος
3008 868 3100 918 καὶ⁵
3144 864 3207 917 τὸ
3234 864 3426 934 ἕτερον
3457 864 3628 935 ἄκρον
3664 883 3828 920 συνε-

2227 954 2577 1020 πεσπάσατο,
2604 954 2779 1019 οῦτως
2802 958 2829 1009 6
2855 958 2917 1008 τὸ
2939 955 3163 1027 Πνεῦμα
3191 955 3447 1023 ἑλκύσας,
3480 957 3625 1012 καθά
3656 959 3828 1027 φησιν

2226 1047 2255 1099 ὁ
2284 1049 2596 1118 προφήτης,
2632 1047 2701 1100 δι’
2732 1048 2899 1100 αὐτοῦ
2932 1048 3030 1101 διαὶ
3047 1049 3139 1101 τὸν
3175 1049 3330 1115 Υἱὸν,
3360 1050 3456 1102 καὶ
3484 1054 3576 1105 τὸν
3607 1052 3831 1122 Πατέρα

2228 1136 2567 1191 συνείλκυσε.
2616 1139 2727 1191 Καὶ
2776 1140 2825 1193 εί
2860 1140 2952 1193 τὸν
2996 1139 3126 1193 Υίόν
3156 1157 3240 1203 τις
3285 1140 3470 1207 λάϐοι,
3518 1140 3630 1205 ἕξει
3660 1143 3833 1197 αὐτὸν

2228 1228 2597 1299 ἑκατέρωθεν,
2638 1233 2714 1301 πῆ
2758 1231 2859 1301 μὲν
2895 1230 2986 1283 τὸν
3042 1229 3243 1284 ἑαυτοῦ
3298 1231 3540 1302 Πατέρα,
3575 1230 3650 1300 πῆ
3685 1232 3742 1286 δὲ
3771 1232 3834 1285 τὸ

2229 1321 2362 1375 ἴδιον
2388 1321 2613 1391 Πνεῦμα
2647 1323 3112 1393 συνεπαγόμενον.
3162 1320 3305 1375 Οῦτε
3339 1322 3448 1391 γὰρ
3480 1324 3575 1376 τοῦ
3608 1324 3830 1394 ιΙατρὸς

2228 1414 2256 1466 6
2289 1415 2376 1468 ἀεὶ
2398 1413 2456 1465 ὲν
2490 1413 2568 1484 τῷ
2601 1414 2773 1484 Πατρὶ
2801 1414 2874 1467 ὢν
2904 1415 3296 1485 ἀποτμηθῆναι
3326 1413 3646 1485 δυνήσεται,
3701 1414 3835 1468 οὔτε

2220 1504 2325 1559 τοῦ
2375 1505 2694 1577 Πνεύματός
2751 1523 2882 1559 ποτε
2936 1505 3031 1559 τοῦ
3093 1506 3224 1560 Υἱοῦ
3293 1506 3747 1578 διαζευχθήσεται
3807 1510 3839 1562 6

2231 1598 2413 1651 πάντα
2443 1600 2502 1651 ὲν
2560 1597 2711 1668 αὐτῷ
2741 1598 3008 1668 ἐνεργῶν.
3038 1598 3156 1652 Οὐκ
3206 1596 3357 1650 ἔστιν
3405 1595 3499 1651 οῦν
3538 1599 3838 1668 ἐπινοῆσαι

2231 1690 2404 1763 τομὴν
2451 1691 2484 1761 ἢ
2544 1691 2812 1760 διαίρεσιν
2861 1689 2986 1743 κατ’
3032 1689 3229 1744 οὐδένα
3282 1690 3510 1759 τρόπν,
3561 1690 3634 1752 ὡς
3668 1690 3703 1762 ἢ
3742 1692 3842 1744 τὸν

2241 1785 2468 1855 Πατέρα
2502 1785 2674 1854 χωρὶς
2706 1782 2799 1836 τοῦ
2832 1783 2964 1836 Υίοῦ
2995 1781 3277 1851 νοηθῆναι,
3323 1781 3358 1850 ἥ
3382 1781 3477 1835 τὸν
3500 1781 3631 1834 Υίὸν
3665 1783 3843 1853 χωρὶς

2239 1873 2334 1926 τοῦ
2387 1874 2726 1942 Πνεύματος,
2772 1872 2909 1926 ἀλλά
2937 1888 3020 1936 τις
3047 1873 3289 1943 ᾶρῤητος
3322 1872 3415 1926 καὶ
3462 1869 3842 1943 ἀκατανόητος

2242 1971 2302 2021 ὲν
2332 1965 2549 2031 τούτοις
2605 1968 2700 2020 καὶ
2731 1967 2931 2029 ’ἐνωσις
2964 1965 3060 2020 καὶ
3099 1965 3390 2036 διαίρεσις,
3440 1965 3567 2019 οὗτε
3593 1966 3693 2036 τῆς
3728 1965 3844 2021 τῶν

2243 2060 2602 2113 ὖποστάσεων
2629 2060 2896 2129 διαφορᾶς
2941 2056 3004 2110 τὸ
3050 2057 3276 2128 συνεχὲς
3312 2057 3409 2128 τῆς
3450 2057 3665 2128 φύσεως
3717 2059 3843 2114 διας

2245 2155 2493 2226 σπώσης,
2522 2153 2647 2208 οὔτε
2668 2155 2765 2226 τῆς
2790 2155 2931 2207 κατὰ
2956 2153 3054 2224 τὴν
3076 2154 3266 2207 οὐσίαν
3297 2153 3594 2224 συναςςείας
3618 2153 3678 2206 τὸ
3701 2154 3847 2207 ιδιά-

2243 2247 2337 2312 ζον
2365 2246 2473 2300 τῶν
2506 2230 2910 2316 γνωρισμάτων
2951 2244 3314 2316 ἁναχεούσης.
3357 2245 3469 2300 Καὶ
3507 2244 3624 2297 ἔστι
3664 2261 3850 2311 παρα·-

2242 2336 2417 2400 δόξως
2459 2337 2556 2389 ἐπὶ
2608 2336 2816 2389 τούτων
2869 2336 2964 2389 καὶ
3010 2334 3284 2406 διάκρισις
3339 2335 3690 2405 συνημμένη,
3746 2334 3849 2388 καὶ

2243 2428 2642 2499 διακεκριμένη
2698 2426 2986 2497 συνάφεια.
3048 2426 3446 2498 Προσκείσεται
3503 2426 3561 2479 δὲ
3627 2427 3721 2481 καί
3785 2443 3848 2480 τι

2245 2524 2384 2594 πρὸς
2421 2523 2719 2591 ἐπίγνωσιν
2745 2524 2995 2594 ἀμυδρὰν
3027 2520 3357 2591 ὑπόδειγμα,
3398 2520 3599 2591 μᾶλλον
3633 2519 3688 2572 δὲ
3711 2527 3849 2573 σκιά

2250 2627 2334 2675 τις
2369 2610 2629 2682 ἀληθείας
2663 2614 2694 2681 ἠ
2726 2611 3026 2683 πολύχροος
3057 2606 3189 2682 ἶρις.
3222 2611 3448 2664 Πάντων
3494 2609 3604 2680 γὰρ
3637 2609 3747 2663 τῶν
3783 2609 3851 2661 ἐν

2245 2703 2385 2776 αὐτῇ
2412 2704 2718 2775 χρωμάτων
2762 2703 2819 2756 al
2850 2703 3020 2770 αὐγαὶ
3052 2704 3146 2756 καὶ
3182 2702 3603 2772 διακεκριμέναι
3627 2700 3853 2770 φαίνονέ

2249 2820 2341 2857 ται
2380 2803 2458 2874 τῷ
2518 2804 2813 2873 τηλαυγεῖς
2867 2797 3032 2866 εἶναι,
3074 2798 3179 2853 καὶ
3227 2797 3578 2870 συνηνῶσθαι
3624 2796 3851 2849 δοκοῦσι

2245 2895 2324 2967 τῷ
2355 2894 2643 2949 λανθάνειν
2690 2894 2849 2966 ἡμῶν
2888 2892 2985 2956 τὰς
3038 2892 3193 2962 ὄψεις
3233 2893 3360 2954 τοὺς
3413 2890 3575 2960 ὄρους
3605 2887 3716 2941 τῶν
3752 2888 3851 2958 μί-

2250 2986 2405 3054 ξεων,
2438 2988 2563 3052 τοὺς
2590 2985 2969 3056 διακρίνοντας
2992 2986 3091 3048 τὰς
3116 2985 3223 3035 τῶν
3250 2981 3461 3052 χρόνων
3495 2980 3846 3051 ἑτερότηταςι

2247 3080 2322 3144 ὡς
2351 3081 2639 3152 ἀμήχανον
2661 3078 2905 3150 ἐξευρεῖν
2937 3078 3103 3148 μέχρι
3122 3076 3269 3139 τίνος
3300 3074 3503 3144 ἔστηκε
3535 3073 3594 3127 τὸ
3629 3090 3856 3142 πυραυη

550 3151 865 3206 discernere
893 3156 1252 3221 nequeamus.
1280 3165 1573 3221 quousque
1606 3155 1881 3223 pertineat
1906 3162 2003 3209 aut
2035 3154 2140 3209 ini-

2249 3172 2364 3241 γὲς,
2398 3151 2441 3244 ίῆ
2479 3170 2859 3243 σμαραγδίζον
2881 3169 2981 3240 τῆς
3014 3167 3288 3239 αῖγλης,ἢ
3324 3165 3554 3236 χλοάζον
3584 3164 3858 3255 τῆςᾷλαμ·

553 3244 693 3296 tium
756 3250 939 3298 sumat
996 3241 1082 3296 vel
1147 3242 1365 3304 rutilus,
1419 3242 1508 3297 vel
1564 3243 1992 3314 smaragdinus,
2059 3243 2148 3298 vel

556 3332 780 3402 glaucus
803 3330 1027 3385 luminis
1050 3332 1217 3386 nitor.
1241 3328 1362 3395 Quo
1381 3332 1603 3399 quidem
1635 3342 1845 3389 naturae
1894 3332 2149 3403 exemplo

562 3438 666 3478 nos
702 3425 843 3478 ratio
873 3424 1052 3486 docet,
1083 3438 1151 3475 ne
1183 3422 1387 3478 frustra
1422 3424 1665 3479 laborem
1718 3425 2061 3480 insumamus
2089 3426 2145 3480 in

557 3515 827 3586 dogmatis
864 3514 1171 3569 rationibus
1204 3515 1592 3585 exquirendis,
1627 3532 1754 3572 cum
1785 3520 1841 3573 in
1872 3519 2149 3576 difﬁcilem

557 3607 793 3676 aliquam
823 3606 1248 3676 diSputationem
1281 3607 1593 3673 incidimus,
1622 3620 1678 3665 et
1703 3611 1885 3665 utrum
1916 3611 2006 3678 iis,
2034 3626 2154 3683 qua!

557 3700 840 3764 dicuntur,
876 3699 1294 3755 assentiendum
1352 3701 1443 3766 sit,
1482 3700 1820 3759 haesitamus.
1870 3701 2152 3770 Quemad-

556 3793 783 3846 modum
810 3791 958 3847 enim
987 3793 1042 3845 in
1076 3791 1141 3845 iis
1195 3807 1317 3861 qua:
1349 3793 1524 3848 oculis
1564 3805 1890 3861 cernuntur,
1921 3797 2153 3852 rationi-

556 3883 662 3940 bus
693 3893 954 3954 praestant
1001 3884 1401 3954 experimenta,
1452 3887 1531 3942 sic
1581 3888 1635 3942 in
1689 3888 2016 3944 sublimibus
2059 3888 2154 3945 do-

560 3977 863 4047 gmatibus,
925 3977 1251 4047 cognitioni,
1282 3992 1404 4047 quae
1431 3978 1736 4035 rationibus
1782 3990 2153 4051 comparatur,

560 4068 700 4122 ﬁdes
732 4067 1030 4122 antecellit.

564 4179 822 4250 Ejusdem
870 4196 936 4235 ea:
992 4181 1194 4235 decimo
1253 4190 1435 4256 octava
1476 4185 1705 4254 capitum
1759 4187 1831 4242 ad
1886 4180 2158 4256 Amph-ilo:-

1264 4253 1461 4309 citium.

641 4344 798 4400 Unus
829 4343 972 4399 Deus
1007 4354 1064 4400 et
1101 4342 1283 4410 Pater,
1319 4356 1374 4401 et
1406 4363 1546 4403 unus
1582 4350 1897 4422 unigenitus
1939 4349 2110 4409 Filius
2136 4393 2153 4421 ,

563 4442 624 4491 et
665 4452 806 4490 unus
832 4436 1073 4506 Spiritus
1101 4450 1345 4494 sanctus.
1374 4439 1831 4511 Unamquamque
1858 4456 2155 4514 personam

570 4528 854 4598 sigillatim
909 4529 1286 4586 enuntiamus;
1349 4532 1601 4604 Cumque
1646 4545 1901 4605 Oporteat
1940 4551 2157 4591 connu-
2187 4535 2232 4591 D

571 4638 810 4686 merare,
840 4638 949 4678 non
981 4625 1035 4679 id
1067 4625 1299 4694 agimus,
1337 4634 1396 4680 ut
1452 4627 1726 4682 inerudita
1765 4629 2152 4684 numeratione

570 4715 641 4767 ad
691 4714 1015 4784 multiplicis
1072 4716 1374 4775 divinitatis
1434 4716 1852 4788 intelligentiam
1910 4718 2159 4773 adduca-

572 4821 717 4858 mur.
773 4804 960 4875 Neque
996 4806 1139 4860 enim
1170 4807 1556 4877 componendo
1610 4822 2025 4873 enumeramus,
2078 4809 2166 4863 iu-

574 4896 916 4952 ci'crnentum
948 4898 1018 4952 ab
1072 4913 1182 4952 uno
1207 4899 1274 4952 ad
1302 4899 1716 4953 multitudinem
1748 4899 2037 4965 facientes,
2083 4902 2162 4956 di-

574 4995 875 5057 ‘ccntcsque
930 5004 1122 5053 unum,
1179 4997 1232 5043 et
1295 4988 1427 5053 duo,
1456 4997 1515 5043 ‘et
1544 4989 1648 5043 tria
1694 5006 1708 5042 :
1760 5001 1855 5044 aut
1895 4991 2161 5061 primum,

577 5090 676 5134 aut
702 5081 1032 5145 secundum,
1059 5088 1155 5135 aut
1182 5080 1428 5135 tertium.
1470 5100 1489 5131 ι
1525 5082 1641 5151 Ego
1674 5098 1692 5132 ι
1767 5082 1936 5144 enim,
1965 5082 2163 5152 inquit,

583 5174 605 5222 ι
650 5170 790 5224 Deus
821 5170 1032 5241 primus
1057 5213 1073 5237 ,
1130 5181 1185 5226 et
1240 5186 1344 5242 ego
1371 5172 1655 5243 deinceps.
1694 5188 1712 5224 ›
1757 5174 1928 5229 Deum
1964 5190 2163 5230 secun-

580 5264 713 5314 dum
750 5263 817 5316 ad
848 5262 995 5316 hunc
1039 5277 1214 5332 usque
1281 5262 1426 5318 diem
1484 5280 1767 5335 nunquam
1833 5266 2166 5323 audivimus.

579 5348 676 5406 Sic
706 5354 851 5406 enim
886 5354 1057 5408 Deum
1082 5369 1150 5408 ex
1183 5354 1295 5408 Deo
1342 5359 1657 5423 adoramus,
1715 5367 1773 5412 ut
1805 5373 2167 5428 personarum

584 5446 989 5517 proprietatem
1068 5445 1416 5512 conﬁtentes,
1510 5430 1732 5504 unicum
1801 5453 2171 5522 principatum

582 5552 924 5603 asseramus,
958 5552 1062 5592 nec
1092 5538 1399 5595 divinitatis
1437 5542 1706 5599 rationem
1753 5544 1806 5598 in
1860 5545 2172 5600 multitudi-

588 5624 716 5683 item
776 5631 1113 5686 subdivisam
1181 5631 1579 5699 discindimus,
1642 5637 1903 5706 quoniam
1951 5653 2060 5692 una
2117 5638 2171 5692 in

593 5710 727 5785 Deo,
752 5730 807 5777 et
839 5723 1020 5787 Patre,
1049 5731 1106 5777 et
1138 5720 1279 5777 Filio
1300 5724 1588 5795 unigenito
1622 5729 1772 5796 quasi
1801 5730 1974 5783 forma
2015 5744 2175 5799 sper.-

596 5809 743 5870 tatur
793 5817 1222 5873 incommutabili
1258 5818 1550 5887 conjuncta
1584 5820 1802 5878 vinculo
1845 5822 2173 5881 divinitatis.

2251 3264 2502 3334 πηδόνος,
2528 3265 2624 3318 καὶ
2646 3263 2757 3317 ἀπὸ
2787 3261 2934 3326 τίνος
2965 3262 3220 3333 ἄρχεται,
3258 3257 3629 3322 παιδεύοντος.
3664 3253 3845 3328 οἶμαι,

2250 3354 2346 3409 τοῦ
2386 3355 2549 3424 λόγου
2583 3354 2678 3408 καὶ
2710 3355 2800 3407 διὰ
2852 3353 2949 3424 τῆς
2987 3353 3221 3415 κτίσεως
3259 3350 3418 3422 ἡμῶν
3452 3348 3531 3421 μὴ
3576 3356 3851 3403 καινοπαό

2255 3446 2370 3500 θεῖν
2409 3448 2521 3508 τοῖς
2556 3443 2688 3517 περὶ
2735 3443 2829 3499 τοῦ
2880 3444 3152 3514 δόγματος
3208 3443 3413 3513 λόγοις,
3468 3443 3622 3508 ὅταν,
3668 3441 3749 3505 είς
3790 3440 3853 3494 τὸ

2252 3539 2632 3611 δυσθεώρητον
2680 3537 3039 3609 ἐμπεσόντες,
3097 3535 3235 3605 πρὸς
3284 3535 3384 3606 τὴν
3436 3532 3848 3603 σογκατάὅασιν

2255 3621 2380 3686 τῶν
2400 3631 2714 3702 λεγομένων
2752 3631 3169 3701 ἰλιγγιάσωμεν.
3211 3629 3301 3692 Ὠς
3338 3628 3446 3701 γὰρ
3476 3628 3573 3682 ἐπὶ
3601 3628 3712 3682 τῶν
3736 3628 3845 3690 τοῖς

2254 3724 2558 3795 ὀφθαλμοῖς
2597 3723 2947 3795 φαινομένων
2982 3722 3253 3793 κρείττων
3298 3721 3610 3791 ἐφάνη-τῆς
3653 3717 3855 3777 ἀντιλα-

2256 3817 2381 3888 γὶας
2418 3819 2451 3889 ἡ
2483 3820 2671 3889 πεῖρα,
2712 3808 2985 3872 οὕτωκαὶ
3018 3814 3251 3869 ἐπὶτῶν
3284 3811 3856 3884 ὑπεραναδεεηκότων

2255 3911 2546 3981 δογμάτων
2594 3912 2863 3981 κρείττων
2893 3910 2928 3983 ἡ
2973 3908 3158 3974 πίστις
3196 3906 3339 3963 ἔστω
3368 3906 3469 3979 τῆς
3506 3903 3595 3961 διὰ
3631 3903 3742 3959 τῶν
3766 3901 3858 3956 λοέ

2255 4003 2477 4075 γισμῶν
2507 4002 2892 4073 καταλήψεως.

2270 4182 2373 4236 Ἐκ
2390 4177 2498 4233 τοῦ
2526 4180 2715 4236 αὑτοῦ
2746 4177 3283 4250 ἀποκεφαλαῑωσις
3311 4176 3534 4245 δεκάτη
3567 4174 3686 4231 τῶν
3706 4172 3870 4243 πρέζ·

2864 4250 3274 4320 Ἀμφιλόχιον.

2331 4334 2427 4412 Εἷς
2451 4347 2581 4410 Θεὸς
2608 4345 2703 4400 καὶ
2731 4344 2945 4415 Πατὴρ,
2988 4342 3084 4397 καὶ
3121 4336 3202 4405 εἷς
3237 4338 3538 4413 μονογενὴς
3585 4332 3736 4402 Υἱὸς,
3766 4339 3872 4393 καὶ

2260 4440 2319 4496 ἓν
2348 4442 2504 4512 ἅγιον
2542 4439 2792 4511 Πνεῦμα.
2840 4436 3114 4508 Ἐκάστην
3147 4436 3258 4489 τῶν
3304 4435 3658 4491 ὑποστάσεων
3695 4449 3872 4505 μονα-

2260 4533 2371 4607 χῶς
2412 4532 2840 4603 ἐξαγγέλλομεν.
2890 4529 3140 4611 Ἐπειδὰν
3169 4529 3225 4581 δὲ
3251 4526 3709 4596 συναριθμεῖσθαι
3739 4525 3869 4598 δὲῃ,

2261 4627 2383 4698 οὐχὶ
2422 4625 2743 4693 ἀπαιδεύτῳ
2791 4622 3092 4696 ἀριθμήσει
3123 4621 3261 4692 πρὸς
3301 4620 3597 4682 πολυθεῒας
3642 4618 3866 4674 ἔννοιαν

2258 4717 2634 4786 ὲκφερόμεθα.
2688 4716 2764 4768 Οὐ
2824 4715 2934 4782 γὰρ
2994 4712 3139 4767 κατὰ
3199 4712 3450 4766 σύνθεσιν
3511 4710 3875 4782 ἀριθμοῦμεν

2261 4812 2355 4880 ἀφ’
2385 4812 2505 4873 ἑνὸς
2550 4813 2631 4873 εἰς
2666 4807 2874 4878 πλῆθος
2908 4805 3229 4877 ποιούμενοι
3258 4804 3357 4877 τὴν
3399 4805 3772 4877 παραύξησιν,
3804 4804 3878 4859 ἒν

2265 4905 2360 4960 καὶ
2386 4905 2503 4969 δύο,
2551 4903 2644 4957 καί⁵
2678 4903 2811 4973 τρία
2860 4899 3151 4970 λέγοντεςκ
3188 4898 3315 4952 οὐδὲ
3348 4897 3591 4969 πρῶτον,
3620 4896 3716 4951 καὶ
3740 4896 3880 4949 δεύὸ

2263 5014 2445 5067 τερον,
2478 4996 2574 5049 καὶ
2601 4993 2806 5065 τρίτοι,
2844 4991 3035 5061 ιἘγὼ
3063 4992 3198 5063 γὰρ,
3231 5010 3251 5043 ι
3295 4992 3455 5060 φησὶ,
3494 5008 3515 5041 ι
3542 4990 3676 5051 Θεὸς
3716 4990 3882 5059 πρῶ-

2262 5102 2378 5154 νιος,
2405 5086 2519 5156 ἐγὼ
2558 5085 2655 5141 καὶ
2699 5084 2839 5156 μετὰ
2880 5084 3078 5138 ταῦτα.
3112 5101 3131 5135 ι
3183 5080 3449 5150 Δεύτερον
3490 5081 3622 5134 Θεὸν
3653 5079 3879 5134 οὐδέπω

2265 5177 2364 5236 ’καὶ
2403 5181 2646 5249 τήμερον
2681 5176 3024 5247 ἀκηκόαμεν.
3078 5174 3213 5227 Θεὸν
3265 5174 3374 5240 γὰρ
3424 5174 3489 5226 ὲκ
3521 5171 3675 5226 Θεοῦ
3698 5187 3883 5242 προσ-

2271 5271 2564 5333 κυνοῦντες
2589 5309 2603 5334 ,
2655 5271 2749 5324 καὶ
2788 5268 2852 5324 τὸ
2915 5267 3119 5330 ἰδιάζον
3150 5267 3251 5335 τῆς
3285 5267 3639 5327 ὑποστάσεως
3670 5263 3879 5332 διο).οὲ-

2271 5363 2501 5433 γοῦμεν,
2543 5361 2640 5413 καὶ
2673 5361 2909 5431 μένομεν
2934 5360 3031 5411 ἐπὶ
3070 5356 3167 5428 τῆς
3193 5356 3520 5429 μοναρχίας,
3553 5358 3632 5421 εἰς
3664 5355 3879 5426 πλῆθος

2273 5456 2678 5525 ἀπεσχισμένον
2705 5455 2803 5524 τὴν
2830 5451 3110 5520 θεολογίαν
3150 5450 3226 5522 μὴ
3261 5449 3671 5518 σκεδαννύντες,
3695 5449 3782 5503 διὰ
3806 5451 3877 5505 τὸ

2281 5547 2412 5618 μίαν
2463 5549 2521 5599 ὲν
2575 5544 2695 5616 Θεῷ
2746 5544 2841 5598 καὶ
2887 5545 3064 5612 Πατρὶ
3114 5545 3208 5595 καὶ
3261 5540 3376 5613 Υίῷ
3435 5542 3718 5611 μονογενεῑ
3764 5540 3872 5610 τὴν

2276 5639 2439 5693 οἱονεὶ
2476 5638 2692 5710 μορφὴν
2717 5634 3043 5705 θεωρεῖσθαι
3074 5632 3152 5703 τῷ
3180 5633 3594 5704 ἀπαραλλάκτῳ
3621 5632 3719 5702 τῆς
3750 5633 3874 5685 θεό-

2277 5749 2443 5804 τητος
2485 5731 2825 5800 ἑνιζομένην.
2861 5727 2990 5790 Υἱὸς
3026 5724 3137 5797 γὰρ
3170 5727 3227 5778 ὲν
3279 5726 3475 5796 Πατρὶ,
3535 5726 3631 5780 καὶ
3676 5723 3874 5795 Πατὴρ

2281 5828 2341 5881 ὲν
2390 5823 2530 5889 Titi),
2588 5820 2779 5888 ἐπειδὴ
2833 5820 2930 5875 καὶ
2969 5812 3131 5884 οὗτος
3175 5818 3435 5887 τοιοῦτος,
3473 5812 3585 5883 οἶος
3618 5817 3863 5900 ἐκεῖνος.
