4130 6464
173 337 247 400 65
1190 337 1572 400 PANOPLiA
1616 340 2085 406 DOGMATICA.
2127 371 2194 384 -·
2231 348 2385 412 TIT.
2419 351 2505 413 Il.
3433 352 3503 430 66

186 449 408 519 Ἀρείου
451 444 642 511 καλῶς
675 445 1090 516 ὀνομασθεῖσαν
1153 451 1377 518 μανίαν,
1422 450 1456 522 ἢ
1513 451 1778 522 ἀνάρχου;

1896 455 2162 512 dissectas
2186 471 2412 516 naturas
2440 461 2833 531 distrahamus,
2859 475 2918 522 ιιι
2949 467 3061 523 Arii
3093 455 3209 526 vult
3242 472 3396 530 furor
3442 488 3500 531 et

175 543 275 597 καὶ
306 540 610 602 ἀτάκτους,
650 550 757 592 καὶ
787 534 906 592 οἷον
932 541 1108 592 εἰπεῖν
1137 541 1440 606 ἀντιθέους,
1467 543 1544 612 τῷ
1593 544 1690 612 μὲν
1717 545 1778 606 ει,

1899 545 2111 601 insania
2191 552 2431 606 autsine
2481 553 2812 626 principatu,
2866 569 2962 612 aut
3011 559 3129 614 sine
3176 562 3388 641 ordine,
3443 574 3502 623 et

187 632 507 703 Ίουδαῑκὴν
546 630 962 702 σμικρολογίαν
1006 631 1475 702 κατακλεισθῆναι
1527 635 1677 705 μόνῳ
1717 637 1778 705 τᾷ

1897 637 2050 707 quasi
2083 637 2449 707 adversarios,
2483 653 2543 698 ut
2573 645 2643 698 ita
2671 646 2872 710 dicam,
2911 648 3043 704 deos
3069 630 3498 725 constituentes,

169 727 478 797 ἀγεννήτῳ
529 725 636 797 τὴν
672 727 910 796 Θεὸτητα
964 726 1432 799 περιγράψαντας,
1475 728 1554 800 τῷ
1602 729 1659 781 δὲ
1713 730 1778 794 εις

1897 729 1981 782 vel
2015 729 2078 784 ad
2107 729 2390 787 Judaicam
2428 734 2819 792 demissionem
2849 740 3206 807 declinemus,
3244 757 3304 798 ut
3351 747 3504 817 inge-

169 821 426 875 ιναντῖον
452 818 582 888 μὲν,
611 820 790 872 κακὸν
812 821 869 873 δὲ
897 821 1012 873 τσον
1050 822 1238 874 πεσεῖν
1263 823 1416 890 τρεῖς
1437 819 1625 906 ¹ἀρχὰς
1657 821 1778 874 61:0-

1897 820 2015 875 nito
2062 833 2274 878 tantum
2319 825 2660 882 divinitatem
2702 832 3066 898 ascribamus,
3131 837 3214 892 \el
3259 838 3312 891 in
3363 854 3500 893 eon-

172 912 540 981 τιθεμινους,
610 913 708 966 καὶ
759 914 917 982 τρεῖς
955 911 1134 978 θεοὺς,
1164 911 1193 964 ὃ
1223 913 1335 966 τῶν
1369 914 1778 983 προειρημένωι

1894 912 2142 975 trariam.
2172 917 2266 970 sed
2293 933 2446 988 aeque
2479 920 2672 975 malam
2701 922 3016 992 opinionem
3052 927 3409 995 adducamur,
3441 943 3502 988 ut

167 1003 565 1073 ἀτοπώτερον,
590 1003 716 1056 διον
747 1003 887 1075 μήτε
910 1002 1088 1068 οὕτως
1126 1000 1267 1059 εἶναι
1298 1021 1454 1068 τινας
1495 1006 1793 1076 φιλοπάτο-

173 1114 297 1165 ρας,
323 1097 404 1158 ῶς
443 1096 550 1148 καὶ
581 1094 645 1148 τὸ
676 1089 820 1148 εἶναι
861 1095 1078 1165 Πατέρα
1117 1097 1430 1166 περιαιρεῖν
1457 1111 1475 1127 ο
1509 1097 1656 1161 τίνος
1681 1097 1793 1169 γὰρ

177 1189 244 1240 ἀν
265 1189 364 1240 καὶ
395 1185 491 1256 εἴη
520 1187 719 1257 Πατὴρ
742 1186 838 1240 τοῦ
870 1187 1001 1240 Υῐοῦ
1035 1188 1134 1256 τὴν
1168 1188 1334 1257 φύσιν
1367 1187 1789 1261 ἀπιξενωμένου

176 1283 265 1330 καὶ
316 1277 781 1348 ἠλλοτριωμένου
827 1280 967 1348 μετά
994 1279 1097 1350 τῆς
1142 1280 1418 1347 κτίσιωςς
1468 1283 1608 1352 μήτε
1646 1282 1792 1337 οὕτω

166 1371 603 1441 φιλοχρῖστοος,
667 1370 743 1434 ὼς
789 1372 931 1444 μήτε
978 1371 1155 1444 τούτῳ
1195 1375 1489 1442 φυλάττειν
1532 1376 1598 1430 τδ
1647 1373 1791 1430 εἶναι

169 1464 302 1516 Πάν
330 1478 352 1495 ο
383 1463 545 1526 τίνος
585 1463 701 1534 γὰρ
737 1462 805 1517 ἀν
855 1466 951 1518 καὶ
999 1464 1089 1537 εἴη
1125 1465 1254 1529 Υἱὸς
1288 1466 1366 1536 μὴ
1419 1467 1556 1538 πρὸς
1609 1472 1788 1524 αἴτιον

164 1556 607 1626 ἀναφερόμενος
643 1557 738 1610 τὸν
789 1558 1048 1630 Πατέρας
1088 1561 1229 1631 μήτε
1276 1559 1354 1632 τῷ
1390 1561 1568 1632 “arpi.
1597 1561 1656 1616 τὸ
1687 1565 1791 1633 τῆς

164 1649 350 1720 ἀρχῆς
380 1649 871 1720 κατασμικρῦνων
899 1649 1142 1723 ἀξίωμα,
1179 1655 1287 1724 τῆς
1336 1653 1413 1717 ὡς
1462 1655 1640 1726 Πατρὶ
1688 1655 1788 1710 καὶ

171 1742 501 1811 γεννήτορι.
557 1742 796 1811 Μικρῶν
836 1744 943 1816 γὰρ
979 1745 1046 1798 ἀν
1079 1745 1168 1816 εῐη
1205 1747 1302 1801 καὶ
1333 1747 1575 1813 ἀναξίων
1615 1749 1783 1821 ἀρχὴ,

175 1835 245 1901 μὴ
274 1832 558 1902 θεότητος
607 1832 686 1884 ὢν
731 1834 903 1896 αἴτιος
952 1835 1054 1906 τῆς
1105 1838 1164 1890 ὲν
1198 1836 1313 1906 Υἱῴ
1367 1837 1464 1891 καὶ
1510 1838 1792 1909 Πνεύματι

177 1924 544 1994 θεωρουμένη
563 1941 600 1979 ·.
644 1924 869 1996 Ἐπειδὴ
902 1927 1008 1997 χρὴ
1041 1927 1134 1981 καὶ
1169 1929 1262 1982 τὸν
1292 1929 1388 1982 ἕνα
1417 1929 1550 1983 Θεὸν
1574 1932 1790 2001 τηρεῖν,

173 2014 262 2067 καὶ
312 2017 420 2076 τὰς
469 2016 632 2085 τρεῖς
692 2016 1027 2081 ὑποστάεεις
1084 2019 1397 2088 ὁμολογεῖν,
1435 2019 1617 2074 εῖτουν
1658 2023 1788 2092 τρ⁷α

173 2107 479 2176 πρόσωπα..
523 2108 624 2158 καὶ
665 2107 908 2179 ἑκάστην
942 2109 1082 2179 μετά
1119 2109 1218 2181 τῆς
1255 2111 1538 2180 ἰδιότητος.

1895 1005 1994 1057 tria
2031 1015 2334 1064 statuamus
2375 1011 2666 1082 principia,
2699 1021 2754 1068 et
2811 1024 2922 1070 tres
2975 1018 3133 1083 deos,
3185 1021 3331 1089 quod
3377 1039 3499 1077 om~

1891 1095 2046 1149 nium
2097 1111 2218 1166 qua
2255 1097 2404 1154 dicta
2435 1110 2585 1165 sunt,
2635 1111 2720 1156 est
2765 1102 3239 1161 absurdissimum.
3291 1108 3500 1163 Caven-

1891 1187 2020 1242 dum
2053 1189 2200 1244 enim
2226 1200 2330 1256 e~t,
2363 1207 2433 1245 ne
2455 1192 2584 1248 dum
2636 1193 2820 1250 Patris
2852 1195 3081 1250 nimium
3117 1198 3346 1252 studiosi
3375 1214 3501 1254 esse

1891 1281 2170 1346 volumus,
2210 1282 2390 1351 ipsum
2426 1283 2761 1341 auferamus.
2802 1288 2974 1356 Cujus
3004 1287 3150 1341 enim
3185 1288 3290 1342 erit
3315 1290 3497 1352 Pater,

1890 1371 1937 1428 si
1975 1382 2187 1428 natura:
2217 1374 2449 1430 diversae
2480 1375 2678 1441 Filius,
2710 1387 2898 1448 utpote
2929 1394 3052 1433 cum
3105 1381 3270 1434 rebus
3297 1383 3498 1436 creatis

1887 1474 2210 1521 numeratus
2277 1467 2634 1535 assignetur?
2673 1470 2782 1524 Aut
2838 1471 2968 1525 dum
3014 1471 3221 1526 Christi
3267 1472 3493 1527 nimium

1887 1566 2134 1612 amantes
2162 1557 2336 1613 videri
2360 1561 2632 1630 cupimus,
2676 1560 2722 1614 ei
2755 1575 2826 1614 ne
2858 1561 2991 1615 illud
3035 1561 3256 1631 quidem
3303 1577 3493 1615 serve-

1888 1665 2032 1709 mus,
2071 1659 2130 1704 ut
2157 1648 2326 1704 Filius
2353 1650 2441 1704 sit.
2481 1649 2616 1704 Nam
2655 1650 2814 1720 cujus
2835 1651 2941 1706 erit
3005 1649 3197 1717 Filius,
3262 1651 3368 1706 nisi
3425 1653 3497 1708 ad

1887 1757 2109 1798 causam
2143 1743 2244 1814 (l),
2269 1744 2361 1814 qui
2399 1743 2560 1799 Pater
2584 1754 2689 1808 est,
2745 1743 3064 1800 referatur?
3127 1743 3278 1800 Neve
3339 1745 3489 1799 Patri

1823 1823 1866 1881 Β
1895 1835 2212 1889 minuamus
2240 1832 2492 1903 principii
2549 1833 2891 1905 dignitatem,
2950 1849 3072 1904 quae
3119 1835 3186 1888 ad
3241 1834 3390 1888 illum
3437 1842 3500 1890 ut

1899 1925 2116 1981 Patrem
2175 1926 2592 1996 genitorcmque
2642 1926 2904 1996 pertinet.
2961 1926 3310 2002 Minutarum.
3349 1927 3497 1981 enim

1900 2033 2107 2079 rerum,
2135 2028 2193 2072 et
2225 2032 2346 2088 quae
2376 2033 2435 2071 se
2465 2017 2614 2072 haud
2666 2019 2804 2073 satis
2831 2018 3012 2073 forent
3063 2019 3242 2089 dignae
3293 2017 3497 2088 princi-

1899 2109 2049 2181 pium
2081 2118 2268 2176 esset,
2332 2108 2440 2164 nisi
2481 2125 2645 2164 causa
2680 2118 2828 2164 esset
2879 2109 3202 2172 divinitatis,
3256 2126 3376 2179 qua:
3440 2109 3495 2163 in

175 2200 310 2257 Filio
337 2212 395 2258 et
420 2202 644 2273 Spiritu
702 2212 903 2258 sancto
936 2205 1296 2274 conspicitur.
1336 2205 1428 2262 Sic
1455 2207 1626 2278 igitur
1657 2212 1877 2275 oportet
1927 2203 2098 2258 Deum
2156 2217 2325 2258 unum
2373 2217 2640 2266 asserere,
2691 2210 2752 2258 ut
2812 2213 2921 2258 tres
2983 2203 3325 2275 hypostascs,
3397 2217 3493 2256 seu

177 2300 280 2350 tres
315 2312 599 2368 personas
631 2313 756 2353 cum
807 2311 906 2351 sua
946 2314 1219 2368 quamque
1247 2301 1585 2371 praprietate
1610 2300 1897 2354 fateamur.

189 2415 282 2471 Ἐκ
319 2417 434 2470 τοῦ
469 2418 668 2488 λόγου
718 2418 826 2472 τοῦ
863 2420 952 2484 εις
992 2420 1237 2488 Ἥρωνα
1276 2418 1386 2473 τὸν
1410 2419 1778 2489 φιλόσοφον.

246 2509 478 2580 Ὅρὶζου
525 2509 584 2562 δὲ
623 2510 719 2564 καὶ
751 2512 850 2578 τὴν
877 2511 1162 2583 ἡμετέραν
1195 2511 1484 2565 εὐσέϐειαν
1511 2511 1782 2566 διδάσκων

174 2603 263 2658 ινα
291 2604 393 2672 μὲν
425 2603 638 2656 εἰδέναι
689 2603 823 2657 Θεδν
849 2604 1146 2675 ἀγέννητον
1178 2603 1270 2656 τὸν
1299 2602 1517 2674 Πατέρα
1543 2619 1557 2633 ⁸
1598 2603 1696 2656 ἕνα
1725 2603 1781 2656 δὲ

173 2695 434 2766 γεννητὸν
470 2693 684 2765 Κύριον
715 2695 968 2749 τὸνΥῖὺν
1001 2695 1132 2749 Θεὸν
1161 2696 1282 2766 μὲν,
1313 2696 1401 2749 ὅτε
1433 2694 1559 2748 καθ’
1588 2695 1782 2748 ἑαυτὸν

172 2785 400 2855 ima-at
432 2784 1018 2856 προσαγορευόμενον,
1056 2785 1262 2856 Κύριον
1321 2786 1398 2850 δὲ,
1445 2785 1575 2840 ὅταν
1632 2786 1776 2857 μετά

171 2877 257 2931 τοῦ
304 2878 533 2948 Πατρὶς
567 2877 931 2947 ὀνομάζηται,
989 2879 1049 2930 τὸ
1085 2877 1185 2950 μὲν
1224 2876 1312 2930 διὰ
1342 2877 1442 2948 τὴν
1493 2877 1676 2947 φύσιν,
1722 2878 1784 2930 τδ

170 2971 220 3024 δὲ
240 2972 331 3024 διὰ
355 2971 462 3040 τὴν
497 2969 805 3040 μοναρχίαν
827 2985 842 2999 ·
876 2969 940 3023 ἓν
963 2969 1018 3022 δὲ
1049 2969 1275 3039 Πνεῦμα
1335 2969 1491 3036 ἅγιον
1522 2968 1786 3036 προελθὸν

170 3063 228 3114 ὲκ
250 3061 350 3114 τοῦ
383 3063 628 3132 Πατρδς,
657 3060 691 3130 ἢ
716 3059 813 3112 καὶ
843 3059 1043 3130 προϊὸν
1069 3060 1202 3114 Θεὸν
1229 3063 1338 3124 τοῖς
1361 3061 1570 3130 νοητῶς
1598 3059 1782 3114 νοοῦσι

170 3153 233 3206 τὰ
270 3153 714 3224 παρακείμενα·
750 3154 865 3216 τοῖς
917 3153 1021 3222 μὲν
1071 3152 1295 3206 ἀσεϐέσι
1350 3153 1446 3206 καὶ
1506 3151 1781 3224 πολεμού-

173 3263 362 3315 μενον,
396 3247 517 3308 τοῖς
563 3245 622 3298 δὲ
663 3245 806 3315 ὑπὲρ
837 3244 1069 3309 τούτους
1119 3244 1435 3316 νοούμενον,
1467 3247 1580 3308 τοῖς
1613 3262 1780 3299 πνευ-

171 3340 584 3409 ματεκωτέροις
643 3337 700 3390 δὲ
748 3337 846 3390 καὶ
891 3337 1227 3407 λεγόμενον·
1289 3339 1431 3410 μήτε
1459 3338 1564 3391 ὑπὸ
1604 3337 1782 3410 ἀρχὴν

168 3433 349 3484 ποιεῖν
393 3430 493 3482 τὸν
528 3429 772 3498 Πατέρα,
815 3428 905 3484 (va
948 3429 1024 3501 μὴ
1067 3427 1164 3482 τοῦ
1214 3429 1436 3499 πρῶτον
1473 3447 1526 3483 τι
1561 3431 1782 3501 πρῶτον

172 3523 524 3590 εἰσάγωμεν,
555 3521 614 3586 ἐξ
641 3515 702 3576 οὗ
741 3521 837 3574 καὶ
882 3519 945 3574 τὸ
991 3516 1130 3574 εῖναι
1168 3519 1374 3592 πρώτῳ
1419 3523 1778 3593 περιτραπὴ-

172 3632 371 3671 utar
431 3615 576 3686 μήτε
615 3615 855 3690 ἄναρχον
901 3614 993 3669 τὸν
1046 3615 1201 3681 Υῖδν,
1247 3616 1282 3688 ἢ
1321 3617 1383 3670 τὸ
1431 3617 1656 3689 Πνεῦμα
1718 3617 1780 3671 τὸ

171 3710 352 3778 ἅγιον,
385 3707 480 3764 ἵνα
511 3707 590 3782 μὴ
622 3706 684 3759 τὸ
721 3706 815 3761 τοῦ
844 3706 1058 3777 Πατρδς
1101 3708 1235 3762 ἴδιον
1262 3707 1613 3780 περιέλωμεν
1635 3727 1649 3742 ·
1679 3710 1780 3762 οὐκ

173 3803 390 3872 ἀναρχα
443 3799 558 3871 γάρ
618 3799 834 3872 ἀναρχά
869 3817 1008 3867 πως,
1045 3800 1075 3854 ὃ
1131 3802 1226 3856 καὶ
1281 3801 1588 3870 παράδοξον
1621 3819 1635 3834 ·
1679 3803 1778 3856 οὐκ

173 3894 389 3964 dupla
430 3893 537 3963 μὲν
573 3893 684 3962 γὰρ
719 3892 794 3964 τῷ
826 3893 1029 3965 αἰτίῳ,
1060 3895 1126 3948 ἐκ
1157 3893 1293 3948 Θεοῦ
1331 3896 1460 3965 γὰρ,
1498 3897 1547 3948 ει
1575 3897 1671 3950 καὶ
1699 3895 1778 3969 μὴ

179 3989 292 4056 μετ’
319 3986 518 4050 αὑτὸν,
547 3985 626 4048 ὼς
660 3986 721 4050 ἐξ
747 3984 899 4057 ἡλίου
929 3987 1046 4057 φῶς
1074 4004 1090 4020 ο
1128 3985 1340 4058 ἀναρχα
1377 3987 1433 4041 δὲ
1459 3987 1539 4060 τῷ
1574 3989 1770 4060 χρόνῳο

182 4082 242 4132 οὐ
268 4080 383 4151 γὰρ
419 4079 533 4131 ὑπὸ
575 4079 790 4149 χρόνον,
827 4079 911 4132 [va
951 4081 1026 4150 μὴ
1063 4079 1127 4133 τδ
1157 4080 1282 4150 ῥέον
1373 4079 1484 4134 τῶν
1517 4081 1771 4136 ἑστώτων

179 4171 578 4240 πρεσϐύτερον,
624 4171 718 4223 καὶ
771 4169 881 4224 τῶν
935 4171 1135 4225 οὐσιῶν
1179 4172 1242 4224 τὸ
1283 4155 1589 4226 ἀνούσιονῖ
1633 4174 1774 4244 μήτε

179 4263 343 4332 ἀρχὰς
369 4262 548 4330 τρεῖς,
577 4259 664 4312 ῖνα
693 4258 768 4330 μὴ
813 4251 1131 4330 Ἑλληνικὸν
1217 4261 1273 4314 τὸ
1301 4261 1561 4315 πολύϐεον
1585 4280 1598 4290 ·
1634 4265 1771 4334 μήτε

181 4355 299 4421 pinv
343 4353 474 4422 μὲν,
526 4351 833 4420 ’ἰουδαῖκὴν
865 4351 919 4403 δὲ
961 4353 1154 4420 στενήν
1196 4365 1319 4405 τινα
1355 4355 1450 4406 καὶ
1481 4353 1771 4424 φθονερὰν,

1960 2415 2218 2485 Eiusdem
2243 2432 2309 2471 ea:
2340 2417 2584 2472 oratione
2613 2418 2668 2470 in
2696 2416 2954 2472 Heronem
2971 2417 3364 2488 pltilosOphum.

1954 2509 2556 2581 Religionempostram
2576 2510 2647 2565 ita
2663 2509 2910 2573 definito,
2928 2521 2986 2564 ut
3001 2527 3168 2568 unum
3183 2527 3302 2566 esse
3322 2510 3492 2574 Deum

1881 2600 2099 2664 doceas,
2125 2603 2460 2671 ingenitum,
2495 2601 2670 2671 ipsum
2709 2599 2965 2657 Patrem:
3019 2617 3188 2656 unum
3241 2603 3486 2673 genitura

1883 2691 2206 2757 Dominum,
2244 2707 2446 2761 nempe
2469 2690 2689 2755 Filium,
2716 2692 2808 2763 qui
2839 2700 2895 2749 ct
2931 2693 3048 2765 ipse
3080 2693 3299 2763 quidem
3325 2711 3489 2750 voca-

1885 2793 1975 2838 tur
2006 2782 2173 2844 Dcus,
2205 2797 2330 2836 cum
2364 2797 2464 2852 per
2488 2797 2548 2836 se
2579 2781 2798 2848 dicitur,
2827 2781 3091 2841 Dominus
3131 2793 3341 2849 autem,
3361 2800 3487 2842 cum

1883 2892 1990 2931 una
2016 2890 2142 2930 cum
2170 2872 2335 2930 Patre
2359 2874 2672 2933 nominatur
2699 2873 2845 2929 Deus
2866 2875 3086 2942 quidem
3129 2887 3349 2942 natura,
3381 2877 3488 2936 Do-

1885 2968 2066 3022 minus
2095 2975 2280 3021 autem
2311 2964 2642 3036 principatu.
2682 2964 2864 3024 Unum
2897 2963 3162 3037 Spiritum
3229 2979 3484 3024 sanctum

1887 3060 1977 3130 qui
2008 3074 2074 3116 ex
2102 3057 2260 3114 Patre
2287 3059 2567 3129 provenit,
2596 3058 2712 3114 sive
2749 3058 3018 3130 prosedit.
3052 3058 3118 3119 Et
3165 3060 3308 3118 Deus
3359 3062 3486 3130 qui-

1887 3151 2011 3206 dem
2039 3149 2393 3221 cognoscitur
2416 3148 2485 3204 ab
2519 3147 2586 3203 iis
2621 3147 2712 3218 qui
2771 3162 2986 3212 eorum,
3018 3164 3140 3217 qua:
3204 3154 3483 3225 propos'ta

1885 3253 2035 3308 sunt,
2078 3242 2329 3298 notitiam
2358 3241 2584 3298 habent.
2624 3240 2706 3295 Ab
2734 3239 2920 3311 impiis
2949 3249 3132 3296 autem
3189 3241 3482 3313 impugna-

1887 3344 2011 3400 tur;
2037 3335 2180 3390 etab
2207 3335 2329 3392 aliis
2357 3335 2576 3406 quidem
2611 3342 2822 3392 tantum
2853 3333 3210 3405 intelligitur;
3235 3335 3304 3394 ah
3361 3336 3484 3394 aliis

1882 3441 2035 3493 vero,
2064 3425 2158 3496 qui
2203 3425 2375 3497 magis
2403 3425 2677 3497 spiritales
2695 3432 2843 3486 sunt,
2906 3424 3071 3480 etiam
3132 3412 3478 3496 praedicatur.

1881 3517 1959 3574 Ac
1992 3518 2208 3575 Patrem
2235 3516 2455 3588 quidem
2486 3517 2588 3576 sub
2622 3515 2889 3587 principio
2922 3530 3028 3576 non
3069 3531 3188 3575 esse
3233 3527 3483 3578 statuen-

1883 3610 2037 3676 dum,
2070 3625 2140 3667 ne
2173 3611 2353 3680 primo
2412 3610 2642 3681 aliquid,
2717 3607 2862 3664 unde
2923 3616 2978 3664 et
3010 3608 3190 3678 ipsum
3229 3612 3480 3675 exsistat,

1881 3702 2266 3772 adiungamus.
2304 3702 2501 3757 Filium
2544 3715 2674 3756 vero
2715 3711 2770 3757 et
2797 3701 3061 3772 Spiritum
3095 3711 3342 3759 sanctqu
3366 3717 3478 3756 nou

1882 3805 2003 3846 esse
2038 3792 2158 3845 sine
2187 3791 2477 3862 principio,
2513 3806 2580 3845 ne
2618 3792 2760 3856 quod
2816 3793 3098 3859 proprium
3162 3801 3250 3847 est
3294 3793 3477 3851 Patris

1880 3881 2205 3936 adimamus.
2237 3877 2340 3947 Qui
2393 3893 2516 3932 cum
2547 3876 2665 3932 sine
2700 3878 2976 3948 principio
3030 3894 3138 3933 non
3180 3881 3309 3944 sint,
3370 3881 3473 3934 ali-

1879 3980 2184 4041 quotamen
2215 3970 2396 4036 modo,
2417 3969 2562 4039 quod
2589 3969 2838 4024 mirabile
2870 3978 2974 4033 est,
3013 3980 3141 4027 sunt
3164 3971 3284 4026 sine
3320 3971 3475 4040 prin-

1879 4064 2046 4135 cipio.
2080 4064 2200 4120 Non
2233 4065 2352 4120 sine
2419 4062 2688 4134 principio
2743 4073 2892 4127 sunt,
2943 4063 2996 4117 id
3056 4073 3160 4123 est.
3205 4080 3313 4118 non
3351 4063 3472 4118 sine

1879 4175 2045 4217 causa
2079 4177 2095 4226 ;
2129 4166 2260 4213 sunt
2281 4158 2428 4212 enim
2450 4173 2518 4213 e1
2545 4157 2678 4220 Deo,
2709 4157 2960 4228 quamvis
2989 4167 3111 4227 post
3153 4158 3328 4228 ipsum
3358 4172 3471 4211 non

1877 4252 2010 4317 sint,
2042 4262 2101 4308 ut
2125 4253 2217 4309 lux
2239 4267 2299 4307 ex
2340 4252 2475 4308 sole.
2511 4251 2643 4305 Sine
2667 4251 2937 4321 principio
2972 4259 3176 4314 autem,
3219 4249 3361 4318 quod
3400 4250 3471 4303 ad

1881 4353 2100 4414 tempus
2160 4345 2414 4415 pertinet,
2441 4359 2512 4398 ne
2535 4358 2624 4398 res
2652 4343 2796 4401 ﬂuxa
2855 4341 3129 4398 stantibus
3193 4341 3472 4411 antiquior

178 4450 260 4498 καὶ
309 4445 611 4508 ἀδύνατον,
661 4441 695 4510 ἢ
756 4443 818 4496 τὸ
873 4442 1188 4496 ἀναλίσκειν
1239 4445 1321 4507 εἰς
1377 4444 1580 4516 ἑαυτὴν
1640 4445 1771 4498 Θεό-

1881 4438 1988 4499 sit,
2020 4445 2074 4490 et
2093 4437 2352 4494 essentiis
2399 4435 2452 4492 id
2504 4435 2650 4505 quod
2709 4435 2948 4489 essentia
2979 4444 3150 4489 caret.
3201 4434 3314 4489 Nec
3365 4434 3467 4488 tria

177 4558 324 4610 “ﬁl,
359 4540 389 4592 ὃ
409 4540 529 4600 τοῖς
557 4537 861 4606 προάγουσι
896 4537 997 4606 μὲν
1025 4539 1090 4591 ὲκ
1118 4537 1212 4591 τοῦ
1249 4539 1466 4609 [ἰατρὸς
1496 4538 1585 4591 τὸν
1614 4538 1768 4606 Υἱὺν,

179 4636 247 4692 εἰς
290 4631 465 4685 αὑτὸν
500 4628 556 4681 δὲ
599 4626 764 4682 πάλιν
793 4628 1123 4682 ἀναλύουσιν
1155 4629 1377 4700 ἤρεσεν,
1419 4631 1452 4701 ἢ
1488 4629 1548 4682 τὸ
1596 4647 1771 4684 κατα-

177 4725 394 4778 ϐἀλλειν
437 4721 540 4783 τὰς
598 4721 813 4788 φύσεις,
870 4721 968 4774 καὶ
1015 4721 1338 4792 ἀλλοτριοῦν
1390 4721 1678 4792 Θεότητος,
1739 4721 1768 4775 ὃ

177 4820 279 4880 257.;
316 4815 418 4869 νῦν
462 4813 694 4884 ἀρέσκει
729 4814 938 4882 σοφοῖς,
963 4812 1155 4885 ὥσπερ
1191 4813 1495 4866 δεδοικυῖαν
1534 4814 1607 4884 μὴ
1645 4814 1772 4867 ἀντ-

177 4911 502 4978 εξάγωνται,
537 4905 572 4975 ἦ
617 4905 784 4976 μηδὲν
813 4905 1122 4975 δυναμένην
1159 4905 1300 4976 ὑπὲρ
1331 4907 1402 4958 τά
1439 4906 1717 4976 κτίσματα
1752 4922 1767 4938 ·

182 5004 310 5072 μήτε
350 5001 662 5070 ἀγέννητον
697 5003 790 5053 τὸν
825 4998 976 5063 Υἱὺν,
1016 4993 1100 5062 εἷς
1136 4999 1244 5070 γὰρ
1283 5003 1310 5054 ὁ
1353 5001 1545 5071 Πατήρ
1570 5015 1583 5029 ·
1626 5001 1764 5069 μήτε

178 5095 297 5149 Υἱδν
351 5094 418 5147 τὸ
475 5092 724 5163 Πνεῦμα,
776 5087 858 5156 εἷς
915 5094 1025 5163 γὰρ
1069 5096 1097 5146 ὁ
1129 5093 1492 5166 γΜλνογενὴς,
1532 5092 1617 5144 ἵνα
1673 5091 1767 5145 καὶ

179 5188 326 5242 τοῦτο
354 5185 548 5241 Θεῖκδν
589 5185 756 5256 ἔχωσι
795 5186 858 5238 τὸ
884 5169 1213 5250 Μοναδικὸν,
1243 5185 1270 5238 ὃ
1304 5185 1404 5255 μὲν
1444 5185 1544 5256 τῆς
1581 5185 1768 5253 υῖότη-

183 5297 283 5348 τος,
309 5282 370 5333 τὸ
399 5280 463 5334 δὲ
494 5277 596 5347 τῆς
627 5279 889 5349 προόδου,
935 5279 1028 5332 καὶ
1067 5280 1164 5348 οὐχ
1200 5280 1472 5348 υἰότητος.
1522 5275 1767 5348 ’Δληθῶς

183 5377 391 5444 Πατέρα
429 5374 524 5428 τδν
560 5374 810 5445 Πατέρα,
867 5375 963 5426 καὶ
1002 5372 1136 5426 πολύ
1185 5390 1249 5443 γε
1295 5372 1408 5425 τῶν
1459 5373 1591 5442 παρ’
1633 5372 1767 5441 ἡμῖν

186 5468 564 5538 ἀληθέστερον,
629 5468 714 5520 ὅτι
789 5465 991 5536 μόνως.
1065 5465 1411 5535 ’ἰδιοτρόπως
1472 5463 1602 5534 γὰρ,
1672 5464 1767 5517 καὶ

189 5561 272 5632 οὐχ
296 5559 369 5624 ὡς
397 5560 469 5614 τά
505 5558 762 5630 σώματα.
800 5557 912 5609 Καὶ
955 5555 1141 5624 μιενος,
1179 5557 1240 5610 οὐ
1271 5557 1380 5628 γὰρ
1421 5555 1560 5626 μετά
1602 5555 1767 5620 συζυ-

1879 4525 2170 4596 principia,
2199 4542 2270 4580 ne
2298 4541 2327 4581 a
2358 4525 2561 4582 Grtrcis
2615 4525 2846 4581 conﬁcta
2898 4525 3120 4578 deorum
3177 4524 3470 4578 multitudo

1882 4626 2274 4688 consequatur.
2305 4616 2417 4674 Nec
2447 4633 2615 4670 unum
2669 4632 2736 4672 eo
2786 4617 3055 4672 duntaxat
3112 4618 3294 4680 modo,
3360 4633 3469 4685 quo

1872 4707 2042 4764 Judaei
2068 4715 2260 4777 putant
2313 4714 2604 4778 angustum
2635 4707 2932 4775 quoddam,
2990 4715 3044 4762 ct
3073 4707 3348 4767 invidum,
3384 4709 3466 4760 in-

1875 4801 2225 4870 validumque
2249 4798 2603 4870 principium,
2638 4797 2806 4856 utvel
2847 4798 2900 4851 in
2955 4798 3133 4867 seipsa
3200 4797 3465 4853 Divinitas

1875 4903 2252 4956 consumatur,
2286 4891 2340 4946 id
2373 4891 2517 4961 quod
2571 4891 2779 4961 placuit
2841 4890 2908 4946 iis
2979 4893 3070 4962 qui
3138 4889 3333 4945 Filium
3390 4893 3466 4948 ita

1874 4985 2156 5038 deducunt
2177 5000 2208 5036 a
2235 4985 2392 5039 Patre
2413 5023 2428 5048 ,
2453 4991 2516 5038 ut
2538 4999 2663 5040 eum
2701 5000 2893 5040 rursus
2948 5001 3070 5040 cum
3130 4984 3288 5040 Patre
3319 4989 3468 5040 'con-

1876 5077 2112 5131 fundant
2149 5093 2162 5129 :
2199 5077 2304 5140 vel,
2335 5077 2481 5148 quod
2501 5077 2761 5146 probatur
2818 5076 3013 5131 abillis
3081 5079 3170 5148 qui
3216 5095 3274 5134 se
3319 5095 3466 5138 nunc

1877 5167 2160 5236 sapientes
2191 5175 2410 5236 putant,
2439 5173 2500 5219 ut
2561 5164 2682 5218 Filii
2710 5163 3058 5234 Spiritusque
3106 5180 3315 5220 naturae
3369 5167 3464 5222 de-

1875 5258 2166 5313 mittantur
2218 5265 2272 5310 et
2317 5255 2655 5325 dejiciantur
2685 5270 2714 5309 a
2752 5256 3065 5321 Divinitate,
3110 5267 3332 5310 verente
3393 5274 3464 5311 ne

1873 5348 1975 5404 sibi
2009 5348 2370 5402 adversentur
2396 5385 2410 5410 ,
2446 5355 2538 5402 aut
2562 5357 2709 5401 certe
2760 5347 2962 5400 nullam
3001 5347 3238 5400 habente
3291 5348 3462 5411 majo-

1871 5453 1987 5492 rem
2015 5438 2150 5500 vim,
2178 5452 2339 5506 quant
2376 5435 2508 5505 ipsze
2550 5436 2787 5490 habeant
2822 5450 2907 5489 res
2965 5443 3278 5504 procreatae.
3349 5433 3460 5485 Nec

1871 5530 2068 5586 Filiqu
2097 5531 2439 5602 ingenitum;
2464 5529 2622 5584 unius
2647 5527 2794 5583 enim
2820 5539 2900 5583 cst
2924 5528 3103 5581 Pater.
3121 5525 3230 5580 Nec
3260 5523 3456 5577 Filium

251 5745 319 5815 (Ι)
359 5749 526 5806 νοωι
581 5747 806 5802 Patrem
852 5759 1099 5804 causam.
1165 5752 1224 5798 ut
1267 5741 1448 5798 ευίοηι
1501 5741 1748 5798 doctores
1811 5738 1989 5797 Graeci
2044 5754 2264 5796 causam
2320 5753 2540 5796 sumere
2570 5750 2668 5808 pro
2731 5732 2999 5806 principio
3058 5729 3144 5784 vel
3214 5729 3455 5800 origine,

195 5822 316 5887 quod
338 5831 390 5877 et
417 5821 471 5876 in
501 5817 876 5891 sequentibus
903 5816 1218 5884 frequenter
1247 5815 1515 5870 invcnics.
