4130 6410
274 307 343 370 73
1272 305 1651 374 PANOPLIA
1696 305 2160 370 DOGMATICA.
2204 333 2268 345 -
2309 308 2460 372 TlT.
2503 311 2588 373 II.
3505 315 3575 376 τι

273 435 374 472 σαν
410 419 728 490 μεριστῶς·
782 416 910 472 οὔτε
951 417 1240 489 ἀνώμαλον
1288 419 1502 484 οὐσίαις
1547 420 1580 490 ἦ
1628 420 1878 488 φύσεσιν,

1988 420 2086 475 tim
2137 423 2581 491 comprehendit.
2627 423 2819 495 Neque
2890 426 3154 492 essentia,
3215 436 3311 483 aut
3376 436 3575 482 natura

271 516 395 568 οὕτε
427 513 484 566 δὲ
513 511 920 582 αὐξανομένην,
953 512 986 584 ἢ
1044 511 1377 582 μειουμένην
1409 511 1740 582 ὑπερϐολαῖς
1779 512 1876 566 καῖ⁵

272 608 504 677 ὑφέσεσι
529 624 544 638 ·
574 606 847 661 πάντοθεν
878 607 1022 678 ῐσην,
1054 605 1155 676 τὴν
1195 605 1366 676 αὐτὴν
1391 605 1676 672 πάντοθεν,
1711 605 1787 669 ὡς
1818 605 1877 657 ἓν

268 700 507 773 οὐρανοῦ
532 699 726 762 κάλλος
757 701 856 754 καὶ
888 700 1117 770 μέγεθος
1140 713 1156 730 ο
1181 698 1351 769 τριῶν
1379 698 1626 769 ἀπείρων
1649 698 1879 766 ἄπειρον

272 793 563 864 συμφυΐαν
589 806 605 822 ο
646 791 782 844 Θεὸν
820 789 1058 843 ἕκαστον
1096 787 1218 841 καθ’
1258 787 1419 841 ἑαυτὸ
1459 785 1876 858 θεωρούμενον,

268 889 344 947 ὡς
400 883 628 953 Πατέρα
670 882 768 936 καὶ
813 882 964 946 Υίὸν,
1006 881 1083 945 ὼς
1128 879 1260 934 Υίὸν
1302 880 1397 934 καὶ
1450 880 1512 933 τὸ
1552 879 1776 947 Πνεῦμα
1817 879 1880 932 τὸ

270 983 451 1048 ἅγιον,
480 975 911 1046 φυλασσομένης
942 963 1160 1045 ἑκάστῳ
1195 974 1294 1045 τῆς
1331 973 1623 1045 ἰδιότητος⁸
1654 973 1787 1028 θεὸν
1813 973 1881 1028 τά

268 1076 396 1144 τρέα
441 1073 542 1126 σὺν
578 1071 830 1141 ἀλλήλοις
861 1067 1132 1140 νοούμενα
1157 1083 1170 1097 ’
1205 1068 1383 1122 ἐκεῖνο
1422 1067 1511 1121 διὰ
1546 1067 1643 1139 τὴν
1680 1067 1881 1138 ὁμοθυ-

276 1167 505 1237 σιὸτητα
526 1206 540 1228 ,
576 1163 734 1218 τοῦτο
767 1161 856 1216 διὰ
890 1162 992 1233 τὴν
1029 1161 1355 1233 μοναρχίαν.
1393 1161 1471 1215 Οὐ
1503 1159 1692 1230 φθάνω
1728 1159 1790 1213 τὸ
1824 1159 1884 1213 ἓν

273 1259 494 1323 νοῆσαι,
529 1260 630 1309 καὶ
661 1258 775 1319 τοῖς
811 1256 962 1327 τρισὶ
998 1253 1446 1325 περιλάμπομαι.
1483 1254 1558 1307 Οὐ
1598 1253 1788 1323 φθάνω
1813 1253 1906 1306 τά·

274 1352 402 1420 τρία
434 1349 661 1414 διελεῖν,
696 1349 789 1401 καὶ
817 1349 896 1410 είς
919 1347 979 1399 τὸ
1004 1347 1062 1400 ἓν
1085 1345 1456 1418 ἁναφέρομαι.
1493 1345 1666 1399 Ὀταν
1697 1344 1756 1397 ἐν
1778 1344 1887 1399 τῶν

273 1447 448 1515 τριῶν
497 1441 817 1512 φαντασθῶ,
853 1442 1014 1494 τοῦτο
1062 1441 1270 1511 νομίζω
1326 1440 1389 1493 τὸ
1460 1439 1594 1504 πᾶν,
1636 1438 1736 1492 καὶ
1787 1438 1888 1509 τὴν

277 1539 406 1608 δψιν
440 1536 838 1608 πεπλήρωμαι,
891 1534 984 1589 καὶ
1010 1535 1069 1589 τὸ
1097 1535 1284 1590 πλεῖον
1309 1533 1586 1605 διέφυγεν.
1627 1534 1742 1588 Οὐκ
1780 1532 1888 1602 ἔχω

270 1634 338 1687 τὸ
374 1631 621 1703 μέγεθος
663 1629 859 1684 τούτου
899 1628 1251 1695 καταλαϐεῖν,
1279 1628 1368 1682 ἵνα
1399 1627 1476 1681 δῶ
1501 1626 1564 1680 τὸ
1597 1627 1780 1681 πλεῖον
1809 1627 1890 1700 τῷ

272 1727 617 1795 λειπομένῳ.
657 1723 829 1776 Ὅταν
859 1723 926 1777 τὰ
961 1721 1087 1793 τρία
1129 1721 1338 1775 σννέλω
1370 1720 1439 1792 τῇ
1473 1718 1713 1792 θεωρίᾳ,
1753 1719 1888 1790 μίαν

269 1817 388 1888 ὁρῶ
427 1814 718 1886 λαμπάδα.
759 1812 877 1869 Οὐκ
911 1812 1020 1884 ἔχω
1048 1812 1326 1883 διελεῖν,ἢ
1366 1810 1642 1884 μετρῆσαι
1666 1811 1727 1865 τὸ
1765 1811 1884 1881 φῶς

272 1908 618 1979 ινιζόμενον.
656 1908 802 1978 Φοϐῇ
843 1906 908 1961 σὺ
943 1906 1216 1976 γέννησιν,
1252 1905 1340 1960 ῖνα
1374 1907 1450 1977 μὴ
1475 1923 1528 1960 τι
1564 1903 1717 1978 πάθῃ
1749 1904 1883 1967 Θεὸς

271 2006 300 2057 ὸ
338 2001 416 2074 μὴ
458 2003 730 2073 πάσχωνς
786 2000 900 2070 ἐγὼ
949 1998 1225 2072 φοϐοῦμαι
1262 2000 1364 2070 τὴν
1401 1998 1607 2066 κτίσιν,
1662 1998 1750 2052 ἵνα
1804 1997 1882 2068 μὴ

275 2095 411 2148 Θεὸν
441 2094 706 2150 ἀπολέσω
740 2093 830 2147 διὰ
858 2093 961 2163 τῆς
995 2091 1208 2163 ὕϐρεως
1235 2093 1330 2145 καὶ
1356 2092 1457 2162 τῆς
1489 2091 1676 2145 ἀδίκου
1707 2107 1880 2144 κατα-

271 2187 479 2255 τομῆς,
531 2185 566 2257 ἢ
616 2186 711 2239 τὸν
758 2185 889 2240 Υίὸν
921 2188 1134 2256 τέμνων
1172 2183 1281 2238 ἀπὸ
1305 2182 1402 2237 τοῦ
1432 2184 1668 2255 Πατρὸς,
1701 2183 1736 2254 ἢ
1771 2182 1881 2236 ἀπὸ

271 2278 366 2332 τοῦ
408 2276 548 2331 Υῑοῦ
589 2277 688 2349 τὴν
726 2276 920 2331 οὐσίαν
947 2275 1041 2330 τοῦ
1078 2273 1422 2345 Πνεῦματος.
1460 2273 1536 2327 Τὸ
1564 2274 1674 2344 γὰρ
1705 2271 1921 2344 παράο,

272 2373 450 2438 δοξον,
490 2373 576 2426 ὅτι
617 2371 696 2442 μὴ
739 2371 917 2435 κτίσις
947 2370 1216 2438 ἐπάγεται
1249 2371 1411 2440 μόνον
1437 2367 1557 2439 Θεῷ
1595 2368 1748 2438 παρὰ
1772 2369 1888 2431 τοῖς

275 2463 469 2525 κακῶς
498 2462 731 2531 θεότητα
763 2460 1209 2526 ταλαντεῦουσιν,
1241 2459 1377 2513 ἀλλὰ
1413 2459 1510 2512 καὶ
1540 2457 1680 2527 αὑτὴ
1723 2455 1887 2512 πάλιν

277 2558 312 2627 ἡ
355 2556 540 2618 κτίσις
587 2557 668 2619 είς
702 2554 908 2626 ἑαυτὴν
951 2554 1231 2624 τέμνεται.
1276 2553 1492 2622 Ὥσπερ
1529 2549 1625 2604 τοῦ
1664 2550 1887 2621 [ἰατρὸς

278 2647 677 2702 ὑποστέλλεται
707 2649 736 2700 ὀ
768 2646 898 2710 Υίὸς
924 2647 1038 2709 τοῖς
1074 2646 1353 2708 ταπεινοῖς
1377 2643 1475 2698 καὶ
1511 2643 1662 2698 κάτω
1687 2641 1885 2713 κειμέ-

278 2757 416 2804 νοις,
445 2738 621 2803 οῦτως
652 2738 1127 2808 ὑποστελλομένης
1159 2736 1325 2790 πάλιν
1355 2736 1451 2789 καὶ
1486 2733 1593 2787 ἀπὸ
1620 2732 1717 2788 τοῦ
1751 2733 1882 2787 Υίοῦ

274 2832 381 2901 τῆς
402 2832 565 2896 ἀξίας
603 2831 699 2886 τοῦ
729 2831 1070 2901 Πνεῦματος,
1099 2829 1176 2893 ὡς
1204 2829 1270 2882 ἂν
1293 2829 1386 2882 καὶ
1416 2827 1550 2892 Θεὸς
1575 2826 1674 2882 καὶ
1705 2826 1885 2891 κτίσις

276 2923 579 2995 ὑϐρίζηται
605 2927 672 2996 τῇ
702 2925 831 2995 κενῇ
861 2921 1036 2994 ταύτῃ
1066 2920 1342 2992 θεολογίᾳ.
1373 2911 1382 2918 ’

1979 520 2064 566 est
2127 511 2470 583 inaequalis,.
2513 529 2710 588 neque.
2760 518 3153 587 superlatione,
3207 517 3576 574 demissione-

1979 618 2046 658 γε
2107 615 2364 674 augetur,
2386 617 2481 663 aut
2528 609 2895 677 imminuitur,
2921 612 3015 666 sed
3040 611 3282 682 undique
3326 610 3576 681 aequalis,

1981 696 2233 766 undique
2282 697 2499 763 eadem,
2541 701 3006 769 quemadmodum
3051 719 3158 758 una
3204 713 3289 758 est
3334 704 3580 773 pulchri-

1984 786 2116 841 tudo
2142 787 2264 842 cceli
2313 797 2369 843 et
2400 790 2722 860 magnitudo
2749 810 2764 848 :
2798 792 2961 848 trium
2989 793 3200 848 inﬁnita
3231 794 3576 864 conjunctio,

1981 895 2216 951 quorum
2263 885 2669 954 unusquisque,
2706 888 2889 957 si'per
2930 902 2990 942 se
3035 889 3442 951 consideretur,
3491 899 3580 942 est.

1983 973 2165 1029 Deus:
2198 975 2340 1030 sicut
2372 976 2554 1043 Pater,
2574 978 2652 1032 sic
2686 979 2850 1033 etiam
2883 980 3049 1036 Filius
3078 996 3091 1046 ;
3116 991 3173 1035 et
3205 981 3349 1036 sicut
3378 979 3573 1044 Filius,

1982 1067 2064 1122 sic
2082 1069 2244 1123 etiam
2267 1070 2504 1141 Spiritus
2521 1081 2764 1137 sanctus,
2789 1074 3122 1143 proprietate
3143 1075 3580 1145 uniuscujusque

1986 1173 2330 1218 conservata.
2366 1162 2463 1218 Sin
2495 1174 2608 1220 tres
2629 1165 2790 1220 simul
2818 1167 3260 1234 considerentur,
3280 1176 3410 1221 sunt
3435 1183 3581 1222 unus

1988 1254 2156 1310 Deus.
2204 1255 2260 1309 id
2311 1266 2534 1326 propter
2577 1258 2825 1312 eamdem
2857 1269 3072 1314 natura!
3116 1262 3438 1326 essentiam,
3471 1263 3580 1318 hoc

1986 1354 2212 1416 propter
2255 1345 2552 1425 imperium
2592 1348 2890 1419 singulare.
2947 1350 3132 1406 Unum
3177 1352 3418 1421 cogitare
3464 1369 3580 1408 non

1988 1453 2236 1508 possum,
2287 1440 2419 1509 quin
2458 1455 2488 1494 a
2538 1440 2716 1496 tribus
2763 1442 3066 1499 luminibus
3123 1446 3381 1501 iilustrer.
3446 1448 3576 1505 llaec

1989 1531 2186 1587 intueri
2238 1532 2490 1590 distincta
2519 1549 2780 1604 \nequeo,
2809 1537 2944 1607 quin
2978 1539 3045 1593 ad
3102 1555 3273 1595 unum
3309 1543 3579 1612 perducar

1989 1624 2364 1694 splendorem.
2397 1625 2534 1682 Cum
2557 1628 2776 1700 aliquod
2795 1645 2987 1686 eorum
3014 1647 3185 1687 unum
3214 1636 3579 1706 contemplor,

1991 1714 2046 1769 in
2079 1729 2147 1771 eo
2201 1725 2371 1771 totam
2404 1717 2582 1774 lucem
2625 1721 3028 1787 animadverto,
3076 1725 3377 1796 oculosque
3427 1743 3580 1784 meos

1991 1805 2065 1862 ita
2122 1809 2365 1879 repletos
2411 1812 2613 1874 sentio.
2675 1822 2734 1868 ut
2789 1813 2858 1882 si,
2895 1815 3040 1886 quod
3085 1818 3264 1887 majus
3302 1827 3408 1886 est,
3457 1820 3581 1878 illos

1990 1901 2242 1974 ellugiat,
2287 1918 2396 1958 non
2441 1904 2654 1960 valeam
2697 1907 3129 1977 magnitudinem
3170 1909 3290 1980 ejus
3327 1925 3574 1982 compre-

1990 1991 2258 2060 hendere,
2321 2003 2376 2048 et
2436 1993 2739 2061 deﬁcienti,
2804 1996 2859 2051 id
2917 1997 3063 2067 quod
3123 1999 3214 2054 alii
3259 2010 3579 2072 exsuperat,

1987 2084 2312 2141 attribuere.
2361 2085 2497 2140 Cum
2524 2088 2627 2141 tria
2662 2088 2996 2159 cogitatione
3035 2091 3334 2163 conjungo,
3375 2093 3555 2164 lampa

1986 2172 2114 2229 dem
2149 2189 2314 2230 unam
2341 2176 2435 2231 sic
2490 2176 2729 2243 intueor,
2767 2187 2829 2233 ut
2874 2179 3053 2234 lucem
3098 2181 3220 2250 ejus
3265 2183 3578 2252 copulatam

1990 2277 2154 2336 atque
2219 2267 2426 2322 unitam
2477 2269 2746 2337 dividere,
2800 2281 2896 2326 aut
2931 2272 3170 2327 dimetiri
3206 2288 3316 2329 non
3350 2277 3581 2344 possim.

1990 2361 2073 2414 Tu
2119 2361 2530 2431 generationem
2569 2364 2914 2432 reformidas,
2959 2380 3028 2421 ne
3068 2365 3180 2422 Deo
3222 2367 3581 2423 aﬂ'ectionum

1990 2456 2210 2527 experti
2292 2455 2643 2512 affectionem
2717 2460 3018 2531 assignes;
3091 2475 3192 2533 ego
3242 2462 3582 2516 creationem

1990 2551 2178 2616 timeo,
2213 2565 2285 2604 ne
2323 2549 2497 2604 Deum
2535 2549 2742 2617 tollam,
2763 2550 2811 2606 si
2841 2552 2924 2606 vel
2965 2550 3162 2607 Filium
3198 2567 3229 2606 a
3261 2550 3452 2617 Patre,
3491 2553 3581 2607 vel

1990 2640 2231 2713 Spiritus
2270 2651 2523 2697 naturam
2554 2657 2586 2697 a
2615 2641 2752 2698 Filio
2786 2643 3184 2700 contumeliosa
3218 2654 3274 2699 et
3328 2644 3585 2714 inaequali

1994 2735 2248 2790 sectione
2296 2734 2598 2807 sejungam.
2652 2733 2712 2790 id
2756 2735 2904 2791 enim
2948 2720 3247 2791 absurdum
3288 2745 3392 2801 est,
3438 2735 3587 2806 quod

1992 2827 2062 2882 ab
2089 2825 2236 2892 istis,
2275 2827 2368 2897 qui
2398 2841 2658 2897 perverse
2698 2827 3057 2884 Divinitatem
3099 2829 3438 2893 examinant,
3473 2843 3586 2883 non

1994 2922 2172 2976 solum
2227 2918 2341 2976 Deo
2397 2920 2712 2988 ascribitur,
2761 2921 2910 2992 quod
2965 2931 3184 2977 creatus
3233 2922 3345 2989 sit,
3389 2938 3584 2979 verum

284 3025 459 3078 etiam
519 3038 660 3093 quos
700 3031 920 3078 creatos
968 3029 1248 3086 asserunt,
1307 3033 1526 3074 rursum
1603 3017 1896 3074 dissecant.
1975 3016 2112 3073 Nam
2177 3028 2236 3073 ut
2316 3033 2348 3074 a
2413 3019 2576 3075 Patre
2648 3019 2961 3089 sejunctum
3038 3019 3236 3073 Filium
3297 3019 3353 3073 in
3420 3017 3586 3074 rebus

276 3117 585 3172 humilibus
641 3127 698 3173 et
735 3115 877 3172 intra
937 3116 1154 3187 positis,
1216 3129 1414 3185 nempe
1463 3114 1663 3170 creatis
1706 3114 1910 3180 locant,
1975 3113 2054 3170 sic
2108 3131 2326 3170 rursum
2400 3115 2594 3184 procul
2647 3131 2677 3169 a
2751 3113 2889 3171 Filio
2952 3115 3271 3188 dignitatem
3345 3113 3583 3185 Spiritus

276 3224 592 3283 separatam
671 3221 914 3282 ponunt,
981 3219 1042 3266 ut
1095 3210 1200 3266 ista
1270 3224 1415 3266 nova
1480 3208 1754 3280 theologia
1814 3220 1870 3265 et
1915 3211 2062 3266 Deus
2135 3211 2319 3277 simul,
2379 3220 2435 3268 et
2500 3227 2590 3268 res
2658 3219 2857 3268 creata:
2922 3209 3227 3264 adiciantur
3261 3207 3584 3278 ignominia.

741 3326 844 3379 Ἕκ
871 3324 979 3380 τοῦ
1003 3325 1193 3380 αὑτοῦ
1215 3325 1430 3393 λόγου.

349 3422 508 3475 Θέλω
554 3421 647 3476 τὸν
690 3419 912 3487 Πατέρα
957 3417 1134 3489 μείζω
1186 3420 1385 3484 εἰπεῖν,
1438 3417 1498 3484 ἐξ
1555 3409 1616 3471 οὗ
1667 3417 1764 3471 καὶ
1816 3416 1880 3470 τὸ

279 3515 423 3576 [σοις
474 3508 620 3566 εἶναι
651 3513 766 3574 τίς
804 3513 940 3573 ίσοις
977 3511 1094 3563 ἐστὶ
1119 3549 1135 3575 ,
1171 3510 1268 3563 καὶ
1292 3510 1353 3562 τὸ
1381 3507 1554 3564 εἶναι·
1587 3508 1748 3563 τοῦτο
1772 3507 1881 3579 γὰρ

278 3607 440 3677 παρὰ
494 3609 720 3661 πάντων
766 3605 1096 3676 δοθήσεται·
1143 3604 1241 3657 καὶ
1288 3603 1501 3658 δέδοικα
1530 3604 1631 3674 τὴν
1680 3602 1878 3674 ἀρχὴν,

283 3705 365 3773 μὴ
395 3703 702 3755 ἰλαττόνων
735 3700 912 3770 ἀρχὴν
936 3699 1174 3768 ποιήσω,
1205 3697 1301 3750 καὶ
1331 3695 1650 3766 καθυϐρίσω
1670 3695 1758 3748 διὰ
1783 3695 1882 3765 τῆς

283 3795 706 3864 προτιμήσεως.
732 3791 808 3844 Οὐ
834 3789 944 3859 γὰρ
976 3788 1104 3855 δόξα
1142 3787 1222 3859 τῷ
1252 3787 1312 3852 ἐξ
1334 3783 1395 3843 οὗ
1427 3789 1461 3859 ἡ
1492 3787 1604 3840 τῶν
1633 3786 1692 3851 ἐξ
1715 3785 1883 3840 αὑτοῦ

280 3888 649 3947 ταπείνωσις.
689 3884 834 3955 Πρὸς
866 3884 922 3938 δὲ
976 3881 1075 3935 καὶ
1105 3881 1403 3950 ὑφορῶμαι
1433 3880 1536 3949 τὴν
1573 3881 1671 3950 σὴν
1703 3877 1886 3947 ἀπλη-

280 3984 464 4045 στίαν,
515 3980 614 4048 μὴ,
641 3977 703 4030 τὸ
737 3975 924 4047 μεῖζον
948 3973 1154 4038 λαϐὼν,
1188 3971 1555 4044 διχοτομήσῃς
1583 3970 1683 4040 τὴν
1719 3968 1885 4037 φύσιν

285 4076 432 4129 κατὰ
459 4073 641 4126 πάντα
669 4070 746 4141 τῷ
781 4069 991 4140 μείζονι
1021 4066 1334 4140 χρώμενος.
1368 4067 1443 4120 Οὐ
1479 4066 1587 4135 γὰρ
1617 4063 1760 4118 κατὰ
1785 4063 1886 4133 τὴν

283 4169 453 4240 εύσιν
509 4167 570 4219 τὸ
625 4165 831 4234 μεῖζον,
888 4162 986 4233 τὴν
1035 4161 1219 4216 αἰτίαν
1263 4160 1340 4214 δέ.
1398 4159 1568 4212 Οὐδὲν
1618 4158 1729 4227 γὰρ
1777 4155 1886 4211 τῶν

281 4258 600 4328 ὁμοουσίων
650 4259 719 4326 τῇ
777 4255 936 4324 οὐσίᾳ
982 4253 1169 4323 μεῖζον
1216 4251 1534 4322 ἢέλαττον.
1584 4249 1735 4304 Θέλω
1793 4247 1886 4301 τὸν

285 4354 422 4406 Υίὸν
470 4348 816 4421 προτιμῆσαι
872 4343 968 4399 τοῦ
1011 4342 1328 4414 Πνεῦματος
1365 4343 1441 4406 ὼς
1487 4341 1636 4404 Υίζν,
1688 4340 1782 4393 καὶ
1824 4337 1886 4390 οὐ

288 4443 576 4514 συγχωρεί
635 4457 727 4511 μοι
778 4439 840 4494 τὸ
899 4437 1186 4507 βάπτισμα
1245 4433 1488 4489 τελειοῦν
1545 4451 1613 4504 με
1661 4431 1750 4486 διὰ
1791 4430 1886 4485 τοῦ

285 4538 435 4592 Ilva-.3
444 4552 641 4607 ματος.

293 4769 408 4822 Ἕκ
448 4764 558 4819 τοῦ
594 4764 783 4832 λόγου
816 4759 925 4815 τοῦ
971 4762 1058 4827 εἷς
1103 4757 1213 4812 τὸν
1244 4755 1599 4832 κατάπλουν
1639 4752 1758 4807 τῶν
1794 4754 1890 4807 Αι-

613 4843 627 4854 ‘
684 4831 691 4832 ί
761 4833 1030 4903 τυπτίων
1052 4831 1428 4884 ἐπισκόπων.

363 4932 470 4983 Δύο
496 4927 766 4998 διαφορὰς
793 4928 850 4979 ὲν
887 4927 1004 4988 τοῖς
1038 4923 1160 4977 οὖσι
1192 4922 1449 4991 γινώσκω
1472 4919 1572 4983 τὰς
1599 4915 1889 4981 ἀνωτάτω,

284 5021 619 5077 δεσποτείαν
651 5037 710 5072 τε
741 5019 836 5073 καὶ
866 5015 1136 5080 δουλείαν,
1177 5015 1278 5084 οὐχ
1312 5013 1378 5076 ἃς
1407 5010 1540 5081 παρ’
1565 5011 1700 5080 ἡμῖν
1728 5008 1760 5080 ἢ
1798 5024 1889 5061 τυ-

288 5115 488 5186 ραννὶς
545 5111 762 5181 ἔτεμεν,
818 5111 851 5180 ἦ
894 5109 1057 5162 πενία
1104 5105 1410 5175 διέστησεν,
1454 5102 1572 5156 ἀλλ’
1612 5101 1680 5164 ἃς
1726 5099 1890 5168 φύσις

283 5207 581 5277 διώρισεν,
606 5205 757 5274 είτῳ
797 5202 950 5272 φίλον
981 5201 1125 5254 οῦτω
1153 5198 1363 5253 καλεῖν.
1405 5194 1480 5248 Τὸ
1518 5195 1629 5264 γὰρ
1668 5192 1888 5263 πρῶτον

285 5305 388 5356 καὶ
425 5301 569 5370 ὑπὲρ
605 5299 704 5368 τὴν
739 5299 925 5368 φύσιν.
965 5296 1186 5349 Τούτων
1227 5294 1284 5347 δὲ
1323 5294 1356 5363 ἡ
1397 5290 1498 5360 μὲν
1532 5288 1790 5359 ποιητική
1829 5284 1888 5337 τέ

285 5401 410 5450 ἐστι
433 5436 446 5458 ,
485 5397 580 5448 καὶ
609 5394 814 5465 ἀρχικὴ
834 5436 848 5458 ,
883 5393 978 5445 καὶ
1017 5392 1310 5462 ἀκίνητος,
1340 5389 1374 5458 ἡ
1411 5386 1466 5438 δὲ
1499 5383 1850 5452 πεποιημένη
1871 5419 1887 5445 ,

287 5495 387 5549 καὶ
419 5490 527 5545 ὑπὸ
555 5492 738 5562 χεῖρα,
767 5489 863 5540 καὶ
891 5485 1328 5556 μεταπίπτουσα.
1361 5481 1470 5534 Καὶ
1497 5478 1576 5531 ἐτι
1608 5474 1888 5544 συντομώ-

285 5604 449 5654 τερον
484 5584 683 5647 είπεῖν,
716 5581 750 5652 ἡ
796 5582 896 5653 μὲν
951 5579 1090 5649 ὑπὲρ
1121 5577 1312 5647 χρόνον
1335 5618 1348 5640 ,
1381 5577 1416 5644 ἡ
1446 5573 1502 5626 δὲ
1531 5570 1636 5624 ὑπὸ
1670 5571 1883 5640 χρόνον.

287 5682 554 5734 Καλεῖται
594 5680 650 5732 δὲ
687 5680 722 5748 ἡ
765 5675 868 5746 μὲν
916 5672 1070 5736 Θεὸς,
1111 5672 1206 5722 καὶ
1250 5669 1299 5722 ει
1344 5671 1401 5721 ὲν
1453 5666 1604 5738 τρισ)⁸
1638 5667 1748 5725 τοῖς
1790 5679 1885 5731 με·

288 5774 494 5844 γίστοις
534 5776 759 5829 ἵσταται
783 5811 795 5834 ,
835 5769 1022 5837 αἰτίῳ,
1057 5765 1154 5819 καὶ
1191 5761 1510 5835 δημιουργῷ
1551 5761 1643 5814 καὶ
1681 5757 1884 5812 τελειο-

627 5870 910 5929 Pu'ttoc.
953 5864 1069 5926 Gtt.
1104 5860 1368 5924 CXXX.

1903 3331 1950 3391 C

2475 3327 2559 3383 Ex
2588 3328 2773 3382 eadem
2813 3327 3086 3382 oratione.

2056 3419 2190 3475 Volo
2201 3419 2418 3476 Patrem
2447 3420 2708 3491 majorem
2727 3419 2943 3476 dicere:
2969 3435 3032 3475 ex
3049 3433 3157 3489 quo
3177 3419 3323 3474 enim
3344 3419 3586 3491 aequales

1982 3511 2187 3568 habent
2214 3521 2276 3567 ut
2297 3514 2405 3568 sint
2436 3514 2695 3583 aequales,
2714 3528 2779 3568 ex
2807 3513 2999 3568 eodem
3031 3512 3237 3567 habent
3255 3511 3330 3584 (id
3356 3513 3495 3582 quod
3515 3512 3583 3568 ab

1983 3604 2242 3662 omnibus
2258 3605 2626 3676 concedetur)
2658 3615 2716 3661 ut
2753 3606 2863 3662 sint
2894 3622 2910 3660 :
2944 3604 3040 3660 sed
3071 3620 3265 3661 vereor
3318 3604 3579 3672 neilluiu,

1983 3697 2074 3767 qui
2103 3697 2431 3767 principium
2449 3709 2554 3765 est,
2572 3699 2847 3754 minorum
2875 3698 3206 3769 principium
3228 3700 3581 3764 constituam,

1985 3797 2039 3842 et
2057 3789 2142 3843 cui
2167 3789 2430 3844 honorem
2455 3790 2698 3844 tribuere
2730 3790 2993 3860 majorem
3021 3803 3210 3852 conor,
3230 3789 3581 3860 ignominiam

1986 3883 2235 3939 all‘eram.
2265 3883 2326 3938 Ei
2347 3897 2585 3950 namque
2606 3882 2788 3937 decori
2811 3897 2932 3937 esse
2961 3897 3072 3936 non
3099 3892 3280 3951 potest
3304 3883 3583 3939 humilitas

1985 3991 2198 4041 eorum,
2225 3973 2317 4046 qui
2341 3975 2409 4031 ab
2437 3977 2557 4047 ipso
2585 3985 2731 4031 sunt.
2761 3976 2962 4032 Adhaac
2993 3984 3046 4030 te
3080 3975 3197 4030 lore
3229 3975 3480 4044 suspicor
3500 3975 3582 4028 in-

1986 4068 2317 4133 satiabilem,
2369 4077 2429 4123 ut
2449 4083 2574 4123 cum
2595 4069 2857 4137 majorem
2892 4067 3190 4137 acceperis,
3222 4067 3294 4121 ita
3328 4075 3581 4122 naturam

1988 4177 2165 4226 seces,
2198 4162 2341 4216 ut'in
2374 4160 2636 4217 omnibus
2666 4161 2938 4230 majorem
3001 4160 3176 4216 dicas.
3229 4157 3365 4214 Nam
3386 4167 3583 4214 natura

1989 4256 2166 4326 major
2224 4270 2336 4310 non
2402 4263 2510 4320 est,
2572 4254 2830 4323 quamvis
2887 4253 3071 4318 detur,
3129 4261 3192 4308 ut
3244 4266 3410 4307 causa
3481 4251 3580 4306 sit.

1989 4349 2194 4404 Eorum
2247 4347 2418 4412 enim,
2459 4349 2841 4418 qumejusdem
2888 4356 3022 4402 sunt
3059 4344 3334 4410 essentia,
3369 4345 3580 4399 nullum

1989 4442 2236 4499 essentia
2270 4439 2448 4509 majus
2477 4448 2580 4494 est.
2621 4439 2758 4494 Volo
2791 4439 2846 4493 in
2872 4439 3084 4493 honore
3119 4435 3349 4507 Spiritui
3381 4435 3579 4490 Filium

1991 4537 2289 4602 anteferre,
2342 4533 2439 4589 sed
2493 4533 2800 4604 haptismus
2849 4547 2962 4586 non
3012 4531 3238 4602 patitur,
3297 4545 3411 4601 quo
3437 4545 3578 4602 _sum

1993 4631 2242 4687 initiatus
2271 4643 2369 4700 per
2399 4630 2580 4701 ipsum
2609 4628 2900 4698 Spiritum.

1997 4744 2255 4816 Ejusdem
2338 4760 2402 4799 ex
2477 4743 2721 4798 oratione
2807 4742 2878 4795 ad
2936 4741 3236 4816 _e_piscopos,
3299 4741 3391 4809 qui
3458 4741 3582 4794 navi

2396 4817 2720 4870 advenerant
2785 4830 2851 4867 ex
2904 4811 3168 4883 AEgypto.

2069 4912 2214 4969 Duas
2264 4911 2319 4967 in
2369 4911 2539 4967 rebus
2578 4909 2844 4965 maximas
2877 4920 3157 4978 cognosco
3211 4904 3580 4972 diﬂ'erentias,

1990 5004 2429 5061 dominationem
2466 5012 2524 5059 et
2558 5004 2908 5064 servitutem,
2957 5015 3069 5055 non
3113 5014 3251 5069 quas
3292 4998 3438 5067 apud
3481 5013 3584 5053 nos

1990 5099 2076 5154 vel
2129 5099 2378 5168 tyrannis
2447 5098 2648 5161 secuit,
2702 5096 2788 5152 vel
2851 5103 3154 5167 paupertas
3213 5092 3422 5158 divisit,
3477 5091 3577 5146 sed

1991 5207 2131 5262 quas
2180 5192 2298 5262 ipsa
2350 5200 2545 5246 natura
2601 5189 2990 5261 praescripsit,
3031 5186 3076 5241 si
3112 5196 3294 5241 tamen
3351 5185 3436 5240 fas
3491 5197 3580 5240 est

1993 5285 2068 5340 ita
2105 5284 2277 5356 loqui,
2308 5298 2432 5339 cum
2457 5284 2609 5354 prior
2639 5284 2711 5337 sit
2732 5283 2894 5338 etiam
2927 5283 3045 5353 ipsa
3071 5290 3269 5336 natura
3296 5279 3572 5347 superior.

1996 5381 2202 5436 Harum
2222 5395 2332 5434 una
2351 5387 2436 5434 est
2456 5377 2733 5442 eli'ectrix,
2761 5385 2816 5432 et
2849 5377 3126 5448 princeps,
3152 5387 3206 5433 et
3228 5371 3527 5432 immobilis
3554 5386 3571 5428 :

1996 5475 2168 5528 altera
2214 5472 2378 5538 facta,
2431 5481 2487 5527 et
2515 5471 2782 5540 subjecta,
2819 5470 3249 5525 commutabilis.
3280 5469 3477 5534 Atque,
3517 5473 3579 5518 ut

1997 5570 2221 5624 brevius
2271 5567 2474 5633 dicam,
2507 5581 2616 5621 una
2660 5581 2824 5637 supra
2880 5574 3096 5635 tempus
3130 5571 3236 5626 est,
3275 5560 3442 5613 altera
3475 5557 3582 5611 sub

1996 5673 2266 5733 tempore.
2342 5659 2499 5716 Prior
2558 5671 2785 5715 vocatur
2848 5659 3042 5722 Deus,
3100 5655 3231 5709 licet
3286 5653 3341 5706 in
3406 5649 3584 5705 tribus

1997 5755 2280 5822 consistat,
2325 5769 2511 5821 causa,
2565 5753 2785 5825 opiﬁce,
2820 5767 2875 5805 et
2926 5747 3266 5821 perticicnte.
3317 5747 3420 5800 hoc
3473 5751 3581 5808 est,

3219 5840 3257 5901 3
