4130 6418
507 278 576 340 π,
1764 270 2139 332 summu
2183 269 2540 332 ZlGABENl
3709 268 3781 331 76

511 393 689 454 Patre,
724 388 880 451 Filio,
917 396 972 442 ct
1023 386 1230 457 Spiritu
1283 395 1496 442 sancto.
1553 385 1657 452 Qui
1704 401 1804 440 nec
1854 385 1925 438 ita
1975 383 2088 438 dis-

2197 387 2356 454 ποιῷ,
2395 384 2476 454 τῷ
2515 381 2712 452 ηατρτ,
2748 380 2913 450 λέγω,
2947 381 3042 436 καὶ
3089 381 3164 452 τῷ
3207 380 3342 452 Υἱῷ.
3380 379 3476 434 καὶ
3515 379 3594 451 τῷ
3631 382 3776 453 ἁγίῳ

509 481 670 536 tracti
724 487 876 544 sunt,
916 487 979 532 ut
1019 477 1353 533 dirimuntur
1402 486 1598 553 natura
1636 487 1651 535 :
1687 489 1792 530 nec
1840 473 1914 528 ita
1943 488 2088 528 com-

511 571 711 644 pressi,
745 580 809 625 ut
873 584 982 625 una
1042 568 1440 625 concludantur
1501 581 1786 637 persona:
1823 565 1876 620 id
1939 564 2091 619 enim

508 664 768 718 Arianam
797 663 940 731 sapit
982 660 1250 716 insaniam
1288 676 1304 724 ;
1373 660 1480 715 hoc
1505 658 1870 715 Sabellianam
1899 655 2092 726 impie-

511 767 682 813 tatem
721 773 735 809 :
769 756 861 811 sed
909 765 966 810 et
1016 754 1176 824 plane
1233 752 1517 808 distractis
1582 749 1927 817 conjunctior
1987 756 2090 812 est,

510 861 567 905 et
599 851 819 920 penitus
848 847 1107 903 solitariis
1136 847 1433 916 copiosior.
1477 844 1758 899 Posterior
1802 843 2090 897 nobiscum

510 952 635 1003 est,
665 952 721 997 et
770 956 894 1010 quas
945 951 1129 995 creata
1178 949 1330 1002 sunt,
1381 938 1638 994 universa
1685 935 2090 1006 complectitur,

511 1049 767 1103 quorum,
791 1043 850 1088 ut
871 1033 1298 1102 unumquodque
1322 1030 1511 1101 magis,
1535 1043 1632 1084 aut
1651 1029 1834 1083 minus
1881 1026 2094 1081 accedit

513 1129 580 1181 ad
643 1127 834 1192 Deum,
907 1129 986 1182 sic
1048 1127 1195 1181 inter
1253 1135 1448 1180 caetera
1503 1125 1698 1194 magis,
1755 1133 1849 1178 aut
1907 1121 2094 1178 minus

509 1219 747 1289 excellit.

586 1309 715 1363 llaec
750 1321 877 1361 cum
906 1305 982 1360 ita
1006 1321 1065 1361 se
1105 1305 1361 1369 habeant,
1401 1305 1603 1375 quibus
1642 1304 1908 1360 Dominus
1937 1305 2090 1359 cordi

511 1411 618 1466 est,
653 1401 689 1454 ii
727 1400 991 1455 accedant
1028 1399 1094 1453 ad
1127 1414 1248 1463 nos,
1284 1408 1341 1454 ut
1387 1413 1550 1452 unam
1585 1399 1640 1451 in
1674 1398 1848 1453 tribus
1880 1397 2092 1452 Divini-

515 1501 682 1546 tatcm
749 1489 1063 1552 adoremus,
1132 1489 1270 1543 nihil
1349 1488 1650 1558 abjectum,
1728 1498 1826 1544 aut
1890 1488 2094 1542 humile

517 1580 740 1636 sublimi
791 1580 868 1634 illi
919 1580 1320 1649 inaccessaeque
1372 1579 1558 1649 gloriae
1596 1579 1962 1644 ascribentes,
1997 1579 2093 1634 sed

2197 478 2498 547 Πνεύματι,
2529 475 2568 530 ἃ
2603 480 2742 547 μήτε
2772 474 2947 547 οὕτως
2981 475 3228 544 ἀλλήλων
3257 476 3590 545 ἀπήρτηται,
3633 473 3777 528 ὥστε

2195 545 2358 638 φύσει
2391 545 2718 638 τέμνεσθαι,
2752 545 2893 636 μίῖτε
2927 563 3102 630 οὕτως
3129 563 3460 630 ὲστένωται,
3487 562 3563 628 ὡς
3595 565 3674 628 εἰς
3712 563 3774 617 ἐν

2196 661 2486 731 πρόσωπον
2512 658 2971 729 περιγράφεσθαι.
2993 657 3068 710 Τὸ
3094 657 3192 725 μὲν
3213 656 3320 728 γὰρ
3347 657 3444 726 τῆς
3487 656 3775 726 ’Δρειανῆς

2201 753 2413 822 μανίας,
2445 753 2506 804 τὸ
2549 750 2608 804 δὲ
2651 754 2748 821 τῆς
2796 749 3160 819 Σαϐελλιαιῆς
3195 749 3384 812 ἁθεῖας
3416 749 3586 802 ἐστίν.
3633 748 3774 801 Ἀλλ’

2195 847 2312 898 ἐστι
2367 845 2474 896 τῶν
2527 845 2626 915 μὲν
2684 843 2903 906 πάντως
2956 841 3249 912 διαιρετῶν
3297 841 3618 909 ἑνικώτερα,
3665 840 3776 893 τῶν

2193 939 2251 991 δὲ
2282 938 2504 1001 τελείως
2528 935 2836 1006 μοναδικῶν
2860 934 3237 1002 ἀςθονώτερα.
3279 933 3344 985 'H
3376 933 3430 986 δὲ
3466 930 3586 1000 μεθ’
3617 930 3776 998 ἡμῶν

2193 1049 2252 1082 τε
2324 1030 2440 1082 ἐστι
2497 1028 2590 1082 καὶ
2649 1026 2895 1080 καλεῖται
2965 1027 3180 1090 κτίσις,
3241 1024 3346 1077 κᾶν
3405 1023 3542 1077 ἄλλα
3599 1023 3778 1077 ἄλλων

2197 1121 2473 1190 ὑπεραίρῃ
2517 1119 2660 1174 κατὰ
2702 1118 2802 1188 τὴν
2835 1117 3131 1186 ἀναλογίαν
3175 1115 3275 1184 τῆς
3319 1115 3456 1186 πρὸς
3499 1115 3632 1169 Θεὸν
3683 1115 3776 1182 ὲγο

2196 1213 2456 1284 γύτητος.

2267 1302 2488 1356 Τούτων
2515 1302 2572 1354 δὲ
2597 1301 2771 1364 οὕτως
2799 1300 3054 1369 ἐχόντων,
3085 1299 3193 1370 ὅτῳ
3226 1298 3325 1369 μὲν
3357 1299 3608 1370 ἡκαρδία
3643 1301 3780 1369 πρὸς

2196 1395 2422 1463 Κύριον,
2460 1394 2556 1445 ἴτω
2594 1393 2710 1461 μεθ’
2742 1392 2920 1462 ήμῶν,
2953 1393 3046 1445 καὶ
3079 1392 3481 1462 προσκυνῶμεν
3513 1392 3612 1462 τὴν
3647 1392 3779 1462 μίαν

2197 1487 2254 1537 ἐν
2281 1488 2389 1546 τοῖς
2427 1486 2574 1552 τρισὶ
2599 1484 2862 1554 Θεότητα,
2890 1481 3056 1554 μηδὲν
3084 1483 3474 1553 ταπεινότητος
3501 1484 3673 1554 ὄνομα
3707 1488 3778 1556 τῇ

2195 1579 2482 1650 ἁπροσίτῳ
2517 1577 2645 1648 δόξῃ
2677 1579 3073 1647 προσάγοντες,
3104 1577 3240 1631 ἀλλὰ
3271 1577 3369 1640 τὰς
3407 1576 3646 1648 ὑψώσεις
3679 1578 3778 1631 τοῦ

514 1671 791 1728 excelsam
828 1670 992 1726 unius
1026 1670 1121 1725 Dei
1155 1671 1498 1741 majestatem
1533 1669 1586 1724 in
1633 1669 1809 1725 tribus
1841 1670 2093 1739 personis

2197 1669 2313 1730 év‘c
2353 1669 2488 1721 Θεοῦ
2525 1669 2580 1722 ὲν
2617 1671 2730 1730 τοῖς
2761 1671 2906 1738 τρισὶ
2937 1670 3024 1723 διὰ
3067 1669 3270 1732 παντὸς
3315 1670 3371 1723 ὲν
3413 1668 3491 1739 τῷ
3540 1668 3780 1740 λάρυγγι

516 1762 798 1832 perpetuis
833 1762 1122 1827 laudibus,
1165 1770 1220 1816 et
1243 1737 1363 1814 iuno
1394 1775 1491 1816 ore
1541 1737 1904 1818 celebrantes.
1942 1759 2090 1827 Quo-

2197 1747 2636 1830 φέροντες..¹Ἠς
2689 1737 2808 1832 γὰρ
2851 1762 2973 1816 οὐδὲ
3027 1761 3257 1832 μέγεθος
3307 1737 3522 1832 φύσεως
3572 1737 3780 1832 κυρίως

516 1855 679 1912 modo
753 1855 901 1910 enim
982 1854 1033 1909 ei
1107 1862 1334 1917 naturae,
1412 1853 1572 1923 cujus
1648 1851 2093 1923 amplitudinem,

513 1948 770 2020 quoniam
824 1947 1096 2002 immensa
1147 1945 1470 2015 inﬁnitaque
1526 1954 1634 2011 est,
1674 1943 1950 2014 explicare
1984 1959 2092 1998 non

517 2053 832 2108 possumus,
865 2038 1165 2109 quidquam
1193 2037 1494 2106 abiectum,
1520 2046 1617 2090 aut
1642 2034 1852 2092 humile
1883 2034 2094 2089 tribue-

517 2147 638 2192 usus
657 2132 680 2184 ?
700 2130 961 2200 Quisquis
984 2138 1170 2186 autem
1191 2129 1349 2184 aliter
1370 2127 1538 2183 sentit
1556 2128 1622 2183 de
1652 2126 1784 2191 Deo,
1810 2109 1868 2182 et
1889 2125 2106 2182 idcirco.

513 2222 1018 2293 praestautissimam
1066 2223 1187 2292 ejus
1231 2221 1524 2276 essentiam
1551 2220 1608 2274 in
1640 2229 1867 2276 naturas
1895 2217 2102 2274 scindit

511 2313 835 2384 inaequales,
892 2315 938 2370 is
963 2313 1010 2368 si
1045 2313 1232 2369 divino
1260 2311 1441 2382 gladio
1466 2309 1851 2374 dissecabitur,
1881 2318 1938 2365 et
1967 2325 2094 2380 pars

517 2407 694 2475 ipsius
742 2415 982 2476 ponetur
1036 2420 1167 2460 cum
1221 2404 1554 2467 inﬁdelibus,
1607 2413 1663 2458 et
1717 2416 1868 2457 nunc
1921 2409 1980 2458 ct
2036 2401 2098 2456 in

516 2504 794 2565 posterum
817 2493 1048 2551 acerbos
1073 2509 1256 2566 prava:
1275 2494 1552 2565 opinionis
1571 2492 1595 2546 l'
1597 2503 1783 2556 ructus
1807 2489 2094 2562 percipiat,

515 2583 745 2639 minime
777 2583 880 2638 erit
911 2583 1312 2640 admirandum.

587 2678 665 2729 Ac
699 2675 768 2729 de
799 2673 960 2728 Patre
993 2673 1215 2742 quidem
1256 2674 1395 2728 nihil
1451 2675 1651 2728 attinet
1689 2673 1897 2739 dicere,
1941 2673 2096 2742 cujus

517 2767 585 2822 ab
635 2767 900 2821 omnibus
947 2767 1038 2834 qui
1086 2766 1324 2820 naturali
1387 2766 1700 2838 cognitione
1733 2766 2094 2820 etcomnmni

516 2871 684 2912 sensu
733 2854 946 2924 praediti
985 2862 1135 2914 sunt,
1171 2854 1472 2923 amplitudo
1519 2853 1864 2920 conceditur,
1917 2868 2095 2922 quan-

512 2962 677 3014 quam
703 2944 1016 3015 ignominiw
1039 2943 1245 3012 primas
1273 2942 1389 3012 ipse
1420 2942 1563 3008 tulit,
1599 2959 1722 2998 cum
1754 2957 1785 2996 a
1817 2944 2110 2998 veteribus.

515 3039 620 3091 illis
643 3052 907 3092 novarum
941 3039 1124 3090 rerum
1157 3035 1417 3090 studiosis
1451 3036 1508 3089 in
1541 3035 1746 3091 bonum
1777 3046 1833 3091 et
1889 3037 2092 3092 malum

513 3129 765 3198 Opilicem
806 3127 1016 3183 divisus
1069 3137 1175 3183 est.
1225 3126 1299 3182 De
1349 3127 1487 3182 Filio
1559 3137 1745 3183 autem
1786 3139 1839 3184 et
1883 3129 2092 3198 Spiritu

514 3231 709 3274 sancto
767 3219 967 3281 videte,
1028 3233 1192 3288 quam
1259 3216 1494 3286 simplici
1542 3224 1598 3270 ct
1659 3215 1812 3271 brevi
1881 3219 2094 3270 ratione

516 3314 876 3374 disseramus,
909 3312 953 3366 si
1005 3312 1130 3379 quis
1179 3310 1380 3378 poterit
1411 3307 1615 3378 aliquid
1649 3309 1704 3362 in
1756 3309 1841 3362 liis
1892 3310 2092 3378 depre-

513 3401 780 3464 hendere,
830 3403 976 3471 quod
1029 3401 1228 3455 inverti
1287 3398 1686 3454 commutarive
1714 3407 1916 3467 queat;
1947 3396 2094 3467 quod

513 3494 800 3565 temporis,
852 3501 949 3546 aut
1011 3493 1142 3556 loci,
1197 3500 1292 3545 aut
1355 3490 1665 3560 potestatis,
1721 3498 1817 3544 aut
1861 3490 2099 3545 actionis

511 3586 697 3656 aliquo
751 3586 881 3649 line,
934 3591 1029 3638 aut
1080 3598 1338 3639 mensura
1408 3582 1930 3652 comprehendatur,
1987 3581 2096 3636 nisi

517 3683 696 3749 ipsum
737 3687 930 3731 natura
973 3677 1204 3740 bonum,
1260 3676 1366 3729 nisi
1439 3684 1637 3744 sponte
1691 3689 1789 3729 sua
1841 3675 2094 3740 mobiles,

514 3773 621 3826 nisi
654 3771 901 3840 ejusdem
943 3769 1220 3830 essentize,
1254 3768 1360 3821 nisi
1405 3767 1690 3829 adorandi,
1738 3766 1843 3820 nisi
1889 3765 2100 3820 collau-

515 3862 703 3925 dandi,
733 3860 838 3915 nisi
871 3858 1192 3920 venerandi,
1221 3856 1325 3910 nisi
1355 3856 1551 3910 eodem
1589 3870 1820 3910 immero
1853 3855 2094 3910 liaben‘di

515 3954 678 4022 plane
723 3951 1076 4014 videbuntur,
1143 3948 1197 4002 id
1262 3947 1651 4016 comprobetur
1698 3956 1862 4016 atque
1907 3956 2098 4002 osten‘

512 4049 697 4108 datur,
741 4057 846 4097 nee
893 4041 1123 4096 verbum
1155 4037 1372 4103 faciam,
1402 4037 1539 4106 quin
1565 4038 1854 4093 sententiae
1897 4049 2097 4095 vestra

511 4137 927 4205 acquiescantes
975 4146 1077 4187 eos
1122 4144 1517 4186 conservorum
1567 4130 1779 4185 honore
1827 4132 2092 4188 colendos

515 4241 645 4282 esse
691 4227 985 4286 fateamur,
1041 4225 1172 4278 licet
1215 4236 1283 4277 eo
1333 4222 1560 4278 nomine
1608 4223 1667 4277 in
1718 4223 1804 4278 his
1847 4223 2096 4280 facienda

521 4323 597 4373 sit
628 4317 946 4372 Divinitatis
972 4319 1208 4387 jactura,
1235 4315 1323 4369 sin
1345 4315 1550 4380 omnia,
1578 4331 1702 4386 quae
1719 4315 1883 4371 Pater
1907 4317 2093 4382 habet,

521 4411 642 4464 Filii
673 4420 823 4475 sunt,
848 4418 1099 4479 excepto,
1126 4416 1274 4478 quod
1316 4407 1487 4463 Filius
1511 4421 1624 4462 non
1657 4416 1745 4463 est
1777 4409 2094 4477 ingenitus:

511 4513 569 4559 et
619 4515 962 4573 quaecunque
1013 4509 1146 4558 sunt
1204 4499 1352 4567 Filii,
1407 4510 1538 4556 sunt
1598 4500 1763 4556 etiam
1809 4497 2092 4571 Spiritus,

512 4605 710 4665 ιππιει·
749 4609 917 4648 unum
971 4593 1048 4658 id,
1101 4593 1248 4664 quod
1294 4592 1533 4663 Spiritus
1569 4608 1680 4648 non
1718 4602 1805 4650 est
1849 4594 2089 4664 genitus.

507 4686 791 4756 Quidquid
843 4697 1028 4742 autem
1071 4685 1140 4741 de
1181 4683 1322 4740 Filio
1352 4685 1573 4750 dicitur,
1611 4685 1754 4752 quod
1792 4685 1858 4741 ad
1891 4701 2092 4756 corpus
2147 4689 2154 4694 ’

509 4788 740 4846 spectet,
803 4778 855 4832 id
894 4777 962 4832 ad
1025 4785 1372 4848 assumptum
1409 4775 1664 4847 pertinet
1711 4775 1990 4832 hominem
2037 4779 2124 4831 et'

2197 1855 2345 1906 ἐστιν
2375 1855 2548 1908 εἰπεῖν
2577 1854 2665 1907 διὰ
2691 1853 2751 1907 τὸ
2781 1854 3008 1921 ἄπειρον
3037 1857 3131 1909 καὶ
3156 1855 3428 1927 ἀόριστον,
3460 1857 3578 1920 πῶς
3603 1859 3780 1930 ταύτῃ

2194 1945 2563 2016 ταπεινότητα
2593 1945 2956 2015 ὲπεισὰξομεν
2983 1964 2996 2013 ;
3031 1947 3223 2011 Ὅστις
3255 1947 3312 2000 δὲ
3343 1947 3640 2018 ἀλλοτρίως
3666 1948 3779 2019 ἔχει

2196 2034 2352 2099 Θεοῦ,
2383 2036 2477 2112 καὶ
2499 2035 2587 2088 διὰ
2617 2035 2774 2089 τοῦτο
2803 2038 2990 2105 τέμνει
3011 2039 3111 2108 τὴν
3143 2039 3269 2106 μίαν
3303 2035 3397 2092 καὶ
3431 2038 3571 2109 ὑπὲρ
3599 2039 3780 2092 πάντα

2195 2126 2264 2180 τὰ
2293 2127 2421 2181 ὅντα
2449 2128 2635 2182 οὐσίαν
2666 2131 2745 2194 είς
2770 2129 3070 2202 ἀνισότητα
3102 2129 3318 2200 φύσεων
3339 2172 3352 2196 ,
3387 2127 3700 2200 θαυμαστὸν
3728 2129 3778 2181 εί

2199 2216 2275 2289 μὴ
2321 2219 2390 2289 τῇ
2430 2219 2678 2290 ῥομφαίᾳ
2720 2219 3108 2290 τμηθήσεται,
3156 2221 3250 2274 καὶ
3292 2220 3352 2274 τὸ
3399 2220 3565 2291 μέρος
3609 2219 3776 2274 αὐτοῦ

2198 2310 2334 2379 μετὰ
2378 2311 2488 2364 τῶν
2516 2312 2761 2365 ἀπίστων
2802 2314 3110 2384 τεθήσεται,
3155 2313 3392 2384 πονηρὸν
3439 2312 3776 2384 δρεπομένου

2198 2403 2442 2473 πονηρᾶς
2473 2403 2632 2474 δόξης
2665 2403 2877 2476 καρπὸν
2907 2407 3000 2460 καὶ
3027 2403 3122 2459 νῦν
3143 2445 3159 2472 ,
3190 2406 3277 2459 καὶ
3315 2403 3563 2477 ὕστερον.

2268 2663 2404 2736 Περὶ
2445 2663 2545 2736 μὲν
2576 2663 2688 2736 γὰρ
2725 2665 2818 2718 τοῦ
2861 2666 3074 2735 Πατρὸς
3103 2665 3159 2720 τί
3188 2667 3297 2740 χρὴ
3333 2673 3426 2721 καὶ
3458 2667 3677 2737 λέγεινς
3714 2662 3777 2722 οὗ

2197 2756 2289 2808 καὶ
2328 2757 2388 2809 τὸ
2431 2756 2584 2828 παρὰ
2626 2757 2844 2813 πάντων
2886 2760 3313 2831 συγκεχωρηκὸς
3354 2760 3616 2829 φείδεται,
3656 2765 3776 2826 ταῖς

2197 2851 2456 2916 φυσικαῖς
2507 2849 2738 2914 ἐννοίαις
2786 2851 3370 2923 προκατειλημμένων,
3424 2854 3472 2906 εί
3525 2854 3620 2906 καὶ
3671 2854 3772 2923 τῆς

2197 2939 2421 3008 ἀτιμίας
2453 2939 2521 2996 τὰ
2569 2943 2760 3013 πρῶτα
2789 2943 3082 3013 ἠνέγκατο,
3126 2944 3342 3013 πρῶτος
3391 2945 3641 3017 τιμηθεὶς
3697 2947 3777 3008 είς

2197 3033 2406 3103 ἀγαθὸν
2448 3035 2544 3088 καὶ
2574 3035 2911 3105 δημιουργὸν
2955 3033 3106 3106 παρᾶ
3137 3037 3238 3106 τῆς
3268 3037 3503 3107 ἀρχαίας
3535 3055 3780 3092 καινοτο-

2198 3125 2369 3196 μίαςο
2415 3128 2542 3196 περὶ
2577 3125 2633 3179 δὲ
2679 3125 2773 3179 τοῦ
2817 3127 2947 3180 Υίοῦ
2976 3128 3068 3182 καὶ
3111 3129 3206 3181 τοῦ
3250 3128 3408 3196 ἁγίου
3461 3130 3778 3199 Πνεύματος

2196 3221 2451 3293 σκοπεῖτε
2477 3258 2491 3282 ,
2523 3218 2599 3281 ὡς
2632 3217 2816 3281 ἁπλῶς
2850 3220 2943 3272 καὶ
2981 3221 3260 3290 συντόμως
3301 3220 3681 3292 διαλεξόμεθα.
3715 3223 3778 3277 Ei

2199 3309 2298 3380 μέν
2327 3325 2408 3372 τις
2440 3308 2553 3379 ἔχοι
2584 3309 2789 3363 τούτων
2821 3326 2874 3364 τι
2908 3307 3088 3378 λέγειν
3107 3312 3363 3382 τρεπτὸν,
3399 3313 3430 3383 ἢ
3463 3315 3779 3378 ἀλλοιωτὸν,

2195 3402 2227 3471 ἢ
2259 3409 2454 3473 χρόνῳ,
2490 3401 2524 3473 ﬂ
2556 3403 2767 3471 τρόπῳ,
2794 3402 2826 3473 η
2850 3403 3097 3472 δυνάμει,
3126 3405 3158 3473 ἢ
3191 3403 3440 3475 ἆνεργεία
3479 3407 3782 3476 μετρούμε-

2195 3509 2306 3558 νον,
2335 3494 2369 3563 ἢ
2396 3493 2459 3545 οὐ
2489 3492 2738 3563 φυσικῶς
2759 3495 2986 3563 ἀγαθὸν,
3012 3495 3046 3566 ἢ
3076 3496 3176 3550 οὐκ
3210 3497 3587 3568 αὐτοκίνητον,
3615 3498 3647 3569 ἢ
3677 3499 3781 3553 οὐκ

2197 3581 2567 3649 αὐτεξούσιον,
2592 3583 2624 3654 ἢ
2653 3583 2990 3652 λειτουργὸν,
3014 3584 3046 3654 ἢ
3076 3585 3339 3655 ὑμνῳδὸν,
3364 3586 3396 3656 ἢ
3423 3587 3779 3657 φοϐούμενον,

2196 3675 2231 3745 ἢ
2260 3674 2736 3746 ἑλευθερούμενον,
2767 3676 2801 3747 ἦ
2841 3677 2902 3729 οὐ
2941 3676 3445 3746 συναριθμούμενον
3468 3695 3483 3710 ·
3515 3679 3786 3734 δεικνύτω

2196 3768 2376 3834 τοῦτο,
2429 3769 2522 3822 καὶ
2569 3771 2732 3838 ἡμεῖς
2779 3768 3076 3839 στέρξομεν
3131 3769 3431 3824 συνδούλων
3488 3771 3794 3841 σεμνότητι

2195 3861 2576 3932 δοξαζόμενα,
2611 3861 2664 3913 ει
2696 3861 2792 3914 καὶ
2821 3861 2956 3914 Θεὸν
2993 3860 3340 3930 ζημιούμεθα
3367 3875 3382 3890 ⁶
3419 3862 3466 3914 εί
3502 3862 3560 3916 δὲ
3603 3863 3788 3916 πάντα

2197 3954 2298 4007 ὅσα
2343 3953 2458 4023 ἔχει
2489 3956 2519 4008 ό
2556 3953 2768 4024 Πατὴρ,
2796 3952 2892 4007 τοῦ
2933 3953 3068 4007 Υίοῦ
3101 3957 3220 4008 ἐστι
3254 3953 3392 4026 πλὴν
3421 3954 3524 4024 τῆς
3553 3957 3790 4026 ἁγεννη-

2200 4045 2344 4110 σίας,
2378 4047 2556 4100 πάντα
2584 4045 2640 4098 δὲ
2681 4046 2782 4098 ὃσα
2819 4045 2916 4099 τοῦ
2972 4045 3122 4111 Υίοῦ,
3169 4047 3265 4100 καὶ
3317 4045 3413 4100 τοῦ
3461 4047 3788 4117 Πνεύματος

2199 4137 2340 4208 πλὴν
2381 4138 2484 4206 τῆς
2524 4137 2794 4206 υίότητος,
2835 4139 2928 4190 καὶ
2967 4139 3079 4190 τῶν
3124 4139 3225 4193 ὅσα
3277 4138 3608 4208 σωματικῶς
3653 4139 3791 4208 περὶ

2199 4227 2368 4284 αὐτοῦ
2417 4229 2637 4297 λέγεται
2708 4229 2797 4283 διὰ
2848 4230 2942 4284 τὸν
2985 4230 3118 4301 ἐμὸν
3168 4229 3476 4300 ἄνθρωπον,
3536 4230 3630 4284 καὶ
3681 4231 3792 4300 τὴν

2201 4321 2343 4391 ἐμὴν
2395 4323 2710 4392 σωτηρίαν,
2763 4323 2851 4376 ἵνα
2904 4321 2967 4376 τὸ
3024 4323 3158 4393 ᾱμὸν
3217 4323 3402 4376 λαϐὼν
3463 4322 3526 4376 τὸ
3585 4323 3791 4390 ἑαυτοῦ

2200 4414 2495 4485 χαρίσηται
2537 4415 2626 4467 διὰ
2665 4415 2765 4481 τῆς
2814 4415 3006 4485 καινῆς
3053 4415 3410 4485 ἀνακράσεως
3436 4431 3450 4446 ο
3497 4413 3792 4468 παύσασθε

2201 4505 2666 4577 παραληροῦντες.
2746 4506 2874 4577 Ὀψὲ
2945 4506 3097 4575 γοῦν,
3172 4501 3218 4561 ὦ
3283 4510 3534 4576 σοφισταὶ
3586 4507 3796 4560 κσνῦν

2201 4599 2463 4668 ῥημάτων
2523 4598 2689 4652 αὑτοῦ
2750 4599 3092 4666 πιπτόντων,
3149 4601 3243 4654 καὶ
3297 4599 3384 4654 ἴνα
3444 4600 3498 4653 τί
3547 4596 3798 4666 ἀποθνή-

2203 4705 2395 4758 σκητε,
2433 4685 2580 4752 οἶκος
2641 4689 2891 4760 Ἰσραὴλ,
2939 4691 3004 4742 ἵν’
3065 4695 3129 4746 ἐκ
3199 4692 3296 4763 τῆς
3362 4691 3589 4764 Γραφῆς
3640 4689 3798 4758 ὑμᾶς

2199 4780 2483 4851 ὀδύρωμαι
2515 4800 2530 4849 ;
3397 4803 3400 4806 ’

508 4875 745 4930 salutem
813 4883 1082 4940 nostram,
1161 4889 1290 4930 cum
1343 4873 1425 4940 id,
1489 4871 1640 4944 quod
1705 4882 1958 4929 nostrum
2005 4883 2149 4942 erat,
2204 4879 2588 4948 assumpscrit,
2643 4887 2704 4934 ut
2755 4893 2895 4934 nova
2951 4879 3342 4948 conjunctione
3386 4879 3580 4946 nobis,
3633 4877 3796 4948 quod

509 4989 670 5029 suum
717 4981 835 5028 erat
873 4973 1230 5042 elargiretur.
1297 4969 1543 5026 Desinite
1573 4968 1793 5024 tandem
1825 4970 2120 5040 aliquando
2181 4972 2438 5041 delirare,
2483 4973 2730 5030 inanium
2769 4975 3061 5031 verborum
3091 4985 3148 5030 et
3177 4991 3277 5032 nos
3309 4976 3379 5031 ab
3429 4975 3549 5047 ipso
3591 4974 3797 5046 depel-

511 5063 738 5119 lentium
792 5066 1109 5120 inventores
1175 5063 1250 5120 Ut
1316 5062 1448 5133 quid
1505 5060 1789 5132 deperitis,
1831 5076 1866 5117 o
1927 5061 2126 5118 domus

505 5158 794 5227 deplorem
815 5159 840 5212 ι

582 5254 828 5308 Veneror
863 5251 1124 5322 equidem
1145 5250 1269 5306 Filii.
1297 5249 1692 5321 appellationes
1748 5258 1858 5305 tam
1887 5249 2092 5305 multas

505 5355 737 5416 tamque
804 5345 1068 5400 sublimes
1129 5355 1188 5399 et
1267 5359 1534 5415 magnas,
1603 5359 1741 5415 quas
1816 5347 2090 5398 daemones

509 5451 731 5507 quoque
797 5436 1214 5506 pertimescunt.
1294 5433 1543 5490 Veneror
1615 5435 1747 5489 item
1823 5433 2089 5502 aqualem

512 5527 755 5596 Spiritus
809 5527 983 5582 sancti
1041 5527 1389 5594 dignitatem,
1442 5526 1542 5581 sed
1594 5526 1775 5582 minas
1827 5525 2089 5579 adversus

511 5615 655 5681 illos,
691 5619 782 5686 qui
818 5619 1080 5687 Spiritum
1114 5617 1296 5685 ipsum
1340 5624 1718 5680 exsecrantur,
1767 5612 2085 5668 reformido.

511 5703 827 5763 Exsceratio
863 5710 1008 5763 enim
1041 5719 1148 5773 est,
1188 5726 1295 5762 non
1340 5708 1632 5776 theologia,
1668 5723 1790 5776 qua
1817 5704 2082 5775 Spiritum

2212 5065 2450 5128 lsraeiis.
2529 5074 2590 5119 ut
2661 5063 2962 5136 Scriptum
3036 5066 3218 5123 verbis
3291 5065 3466 5122 vicem
3545 5074 3796 5122 vestram

2201 5301 2208 5304 _
2275 5245 2369 5309 Ὠς
2403 5243 2578 5313 ἔγωγε
2617 5245 2872 5316 αἰδοῦμαι
2904 5246 3004 5316 μὲν
3036 5246 3133 5310 τὰς
3168 5245 3262 5300 τοῦ
3295 5247 3470 5318 Λόγου
3500 5267 3799 5322 προσηγο-

2199 5336 2326 5406 ρίας
2375 5333 2646 5399 τοσαύτας
2704 5353 2763 5389 τε
2812 5336 3000 5400 οὔσας,
3049 5336 3145 5391 καὶ
3196 5336 3369 5401 οὕτως
3421 5338 3634 5409 ὑψηλὰς
3685 5342 3799 5393 καὶ

2201 5429 2484 5496 μεγάλας,
2524 5427 2588 5491 ἃς
2628 5431 2719 5482 καὶ
2762 5427 3016 5499 δαίμονες
3058 5429 3474 5500 ὲνετράπησανο
3521 5431 3801 5502 αἰδοῦμαι

2196 5521 2253 5579 δὲ
2287 5520 2384 5592 τὴν
2418 5523 2711 5592 ὁμοτιμίαν
2739 5524 2832 5574 τοῦ
2875 5522 3192 5592 Πνεύματος
3222 5538 3233 5550 ·
3275 5522 3552 5595 φοϐοῦμαι
3584 5525 3640 5578 δὲ
3678 5526 3798 5594 τὴν

2196 5614 2511 5685 ὡρισμένην
2575 5615 2806 5683 ἀπειλὴν
2870 5615 2982 5676 τοῖς
3040 5617 3121 5679 εἰς
3178 5617 3312 5669 αὐτὸ
3370 5615 3794 5688 βλασφημοῦσι.

2192 5705 2520 5776 ιίλασφημία
2557 5706 2611 5759 δὲ
2644 5707 2739 5776 οὐχ
2770 5709 2802 5776 ἡ
2839 5706 3082 5775 Θεολογία
3104 5750 3117 5774 ,
3155 5709 3214 5760 τὸ
3242 5709 3295 5760 δὲ
3330 5707 3643 5777 ἀλλοτριοῦν
3678 5705 3799 5776 τῆς
