4130 6414
355 380 426 443 ’Π
1382 389 1753 451 PANOPLIA
1796 391 1941 454 DOG

2040 396 2259 459 LTICA.
2291 424 2359 437 —
2399 400 2547 461 ἸῚΤ.
2584 401 2670 463 ΙΙ.
3570 413 3644 475 73

365 489 649 558 θεότητος,
704 492 821 546 καὶ.
851 493 1116 564 τηρητέον
1169 494 1424 563 ἐνταῦθα,
1456 499 1539 554 ὅτι
1570 500 1632 554 τὸ
1663 501 1767 571 μὲν
1804 501 1941 571 βλασ

2040 520 2100 563 χει
2154 507 2436 566 divinitate
2460 520 2731 567 remotum
2784 513 2990 569 statuit.
3016 513 3154 570 illud
3213 526 3395 574 autem
3427 519 3517 575 hic
3562 531 3646 579 est

371 581 732 651 τηρούμενον
774 586 804 637 ὁ
832 585 1056 655 -Κύριος
1107 581 1199 656 ἦν,
1249 589 1311 639 τὸ
1350 589 1405 643 δὲ
1457 591 1841 663 δκδικούμενον
1898 593 1965 647 τὸ

372 674 603 745 Πνεῦμα
650 676 715 729 τὸ
772 676 952 745 ἆγιον,
1001 677 1076 740 ὡς
1108 679 1333 750 Κύριος,
1376 680 1438 735 οὗ
1472 682 1624 753 φὲρω
1657 684 1962 753 ἀφώτιστος

371 762 514 818 εἶναι
540 766 683 835 μετὰ
707 767 769 819 τὸ
793 767 1071 839 φώτισμα,
1093 771 1537 842 παραχαράσσων
1558 790 1610 828 τι
1632 775 1739 829 τῶν
1766 777 1957 847 τριῶν,

368 860 451 919 εἰς
482 858 519 912 ἃ
559 858 959 927 βεϐάπτισμαι,
996 861 1091 914 καὶ
1132 860 1305 925 οὕτως
1344 865 1643 934 ἐνταφῆναι
1676 866 1757 936 τῷ
1804 867 1958 922 ὕδατι

365 951 475 1003 οὐκ
518 950 602 1014 είς
657 950 1044 1021 ἁναγέννησιν,
1100 952 1220 1007 ἀλλ’
1266 955 1348 1018 εἰς
1405 955 1677 1028 νέκρωσιν
1721 958 1961 1012 τελειοῦ-

367 1060 560 1116 μινυς-

437 1251 644 1321 Το).μῶ
663 1268 717 1305 τι
752 1251 1114 1321 φθέγξασθαι,
1148 1245 1195 1305 ὧ
1218 1251 1411 1318 Τριὰς,
1439 1252 1534 1306 καὶ
1564 1251 1864 1327 συγγνώμη
1886 1256 1954 1327 τῇ

362 1341 602 1413 ἀπονοίᾳ
622 1363 640 1377 ·
672 1343 803 1412 περὶ
830 1342 1009 1412 ψυχῆς
1043 1342 1153 1412 γὰρ
1179 1342 1207 1395 ὁ
1231 1342 1492 1404 κίνδυνος.
1524 1342 1701 1397 Είκὼν
1724 1345 1839 1414 είμι
1862 1346 1958 1399 καὶ

362 1437 532 1499 αὐτδς
583 1434 723 1488 Θεοῦ
756 1435 859 1501 τῆς
896 1435 1009 1489 ἅνω
1040 1435 1232 1505 δόξης,
1260 1437 1310 1489 εἰ
1358 1435 1455 1489 καὶ
1497 1437 1649 1491 κάτω
1680 1437 1950 1508 τέθειμαι.

361 1530 439 1582 Οὐ
485 1527 749 1598 πείθομαι
780 1526 859 1597 τῷ
898 1527 1147 1599 ὁμοτίμῳ
1184 1527 1474 1591 σώζεσθαι.
1510 1530 1577 1583 Ei
1618 1530 1693 1600 μὴ
1724 1530 1856 1595 Θεδς
1894 1530 1954 1585 τὸ

359 1620 595 1689 Πνεῦμα
622 1619 683 1673 τδ
706 1620 882 1688 ἆγιον,
906 1618 1168 1689 θεωθήτω
1198 1620 1435 1689 πρῶτον,
1462 1618 1556 1674 καὶ
1576 1618 1721 1674 οὕτω
1749 1621 1954 1676 θεούτω

361 1730 431 1784 με
474 1712 570 1765 τὸν
598 1711 885 1782 ὁμότιμον.
923 1711 1039 1763 Νῦν
1067 1711 1125 1763 δὲ
1156 1710 1243 1775 τίς
1271 1712 1304 1781 ἠ
1335 1711 1520 1782 ἀπάτη
1559 1712 1659 1781 τῆς
1692 1712 1951 1785 χάριτος,

362 1805 575 1876 μᾶλλον
621 1804 676 1857 δὲ
725 1804 837 1857 τῶν
875 1802 1127 1857 διδόντων
1169 1804 1272 1872 τὴν
1326 1802 1509 1875 χάριν,
1546 1804 1626 1867 ὡς
1680 1806 1762 1869 είς
1817 1806 1953 1861 Θεὸν

355 1896 658 1951 πιστεῦσαι
680 1934 694 1959 ,
729 1897 825 1951 καὶ
858 1896 1103 1950 ἀνελθεῖν
1135 1895 1333 1963 ἄθεονς
1372 1897 1537 1954 ’Δλλο
1568 1897 1952 1969 καθομολογῆ-

353 2006 471 2055 σαι,
500 1989 595 2042 καὶ
625 1988 755 2041 ἄλλο
777 1986 1155 2055 διδάσκεσθαι;
1181 1983 1305 2041 Οἷαι
1331 1988 1441 2041 τῶν
1462 1989 1635 2056 λόγων
1653 1989 1711 2041 αἱ
1732 1989 1948 2056 κλοπαὶ,

353 2085 449 2135 καὶ
484 2080 697 2137 ἀπάται
730 2078 799 2134 δι’
823 2080 991 2149 ἄλλης
1026 2081 1353 2151 ἐρωτήσεως
1373 2121 1389 2147 ,
1422 2081 1516 2134 καὶ
1548 2080 1840 2150 ὁμολογίας
1871 2083 1951 2146 εἰς

349 2175 487 2228 ἄλλο
526 2177 836 2245 φέρουσιις
871 2172 1030 2243 Οῐμοι
1062 2175 1161 2243 τῆς
1190 2171 1603 2245 λαμπρότητοςί
1637 2173 1685 2227 εί
1721 2175 1863 2244 μετὰ
1890 2173 1951 2228 τὸ

348 2265 583 2336 λουτρὸν
630 2265 1064 2334 μεμελάνωμαι’
1106 2266 1156 2317 εί
1202 2263 1620 2336 λαμπροτέρους
1663 2267 1773 2337 ὁρῶ
1823 2268 1949 2331 τοὺς

347 2360 509 2412 οῦπω
545 2356 998 2428 κεκαθαρμένονς
1026 2371 1042 2387 ⁸
1083 2358 1129 2409 εἰ
1158 2358 1226 2427 τῇ
1245 2357 1339 2409 τοῦ
1366 2357 1674 2411 Βαπτιστοῦ
1708 2357 1944 2411 κακοδο-

347 2451 441 2520 ξία
477 2449 789 2519 κυδεῦομαι
816 2465 829 2479 ·
868 2450 915 2501 εί
955 2447 1101 2519 ζητῶ
1137 2449 1362 2519 Πνεῦμα
1398 2452 1684 2518 κρεῖττον,
1721 2449 1817 2502 καὶ
1847 2450 1946 2519 οὐχ

347 2544 617 2614 εὑρίσκω.
667 2543 766 2604 Δός
814 2557 905 2609 μοι
954 2540 1175 2611 λουτρὸν
1219 2540 1493 2611 δεύτερον,
1537 2542 1634 2595 καὶ
1683 2539 1945 2611 περὶτοῦ

352 2635 508 2705 πρὼτ
520 2653 579 2688 ου
605 2634 796 2697 κακῶς
826 2636 1100 2703 ἐννόησον.
1137 2633 1202 2685 Τί
1232 2650 1322 2702 μοι
1353 2632 1569 2702 φθονεῖς
1598 2631 1700 2701 τῆς
1730 2631 1946 2695 τελείας

346 2727 776 2797 ἀναγεννήσεω;
806 2742 821 2790 ;
855 2727 921 2779 Τί
946 2741 1012 2796 με
1044 2728 1217 2789 ποιεῖς
1244 2725 1369 2780 ναὸν
1398 2725 1529 2778 ὄντα
1562 2724 1656 2777 τοῦ
1688 2723 1944 2793 Πνεῦμα-

344 2837 441 2883 τος
486 2819 563 2882 ὡς
601 2818 738 2872 Θεοῦ
778 2819 1203 2889 κατοικητήριον
1244 2820 1580 2888 κτίσματος;
1629 2817 1694 2870 Τί
1734 2816 1794 2869 τὸ
1840 2816 1942 2887 μὲν

347 2913 523 2983 τιμᾷς
564 2911 675 2965 τῶν
721 2910 893 2981 ἐμῶν,
944 2910 1005 2964 τὸ
1041 2910 1099 2964 δὲ
1143 2910 1456 2980 ἀτιμάζεις,
1498 2908 1685 2972 κακῶς
1724 2908 1942 2978 θεότητι

342 3003 596 3068 διαιτῶν,
628 3002 697 3057 ἶν’
720 3003 844 3075 ἐμοὶ
870 3002 1046 3075 τίμῃς
1075 3001 1135 3055 τὸ
1157 3002 1426 3072 χάρισμα,
1461 3000 1663 3071 μᾶλλον
1691 3000 1747 3053 δὲ
1774 2998 1941 3053 αὑτὸν

342 3096 452 3165 ἐμὲ
485 3098 563 3166 τῷ
584 3096 925 3167 χαρίσματις
962 3096 1032 3147 Ἦ
1060 3094 1121 3148 τὸ
1146 3097 1254 3149 πᾶν
1282 3099 1537 3164 τίμησον,
1569 3085 1615 3147 ὦ
1640 3092 1793 3145 καινὴ
1826 3090 1941 3144 θεο-

2063 598 2463 657 ohservandum
2483 642 2499 667 ,
2531 603 2679 672 quod
2715 618 2838 659 cum
2859 604 3121 661 Dominus
3158 608 3229 661 sit
3261 610 3324 672 is,
3357 610 3445 665 cui
3478 611 3648 667 male-

2062 690 2263 747 dicitur
2298 692 2561 764 Spiritus,
2594 703 2851 766 tanquam
2906 697 3168 753 Dominus
3201 701 3344 755 ultor
3403 703 3644 771 exsistit,

2061 779 2204 836 ferre
2260 798 2371 840 non
2402 800 2644 854 possum,
2679 796 2738 841 ut
2765 802 2949 842 verser
3006 788 3060 842 in
3106 790 3363 856 tenebris,
3426 802 3643 861 postea-

2061 889 2220 943 quam
2252 889 2371 929 sum
2404 875 2724 943 illustratus,
2764 886 2818 932 et
2845 892 2913 932 ex
2941 878 3133 943 tribus,
3171 880 3223 932 in
3256 896 3487 950 quorum
3526 899 3643 937 no-

2060 967 2210 1020 mine
2239 967 2546 1038 baptizatus
2576 984 2720 1034 sum,
2751 970 2986 1040 aliquem
3018 971 3283 1026 minorem
3319 973 3515 1038 dicam,
3582 985 3643 1030 ut

2059 1070 2187 1111 vere
2209 1055 2264 1111 in
2305 1072 2444 1127 aqua
2471 1059 2717 1127 sepultus
2742 1059 2869 1128 sim,
2899 1076 3009 1117 non
3062 1061 3129 1117 ad
3166 1066 3638 1131 regenerationem

2057 1145 2326 1209 initiatus.
2350 1147 2445 1204 sed
2466 1150 2532 1204 ad
2554 1160 2806 1206 mortem.

2126 1257 2403 1314 Audacter
2429 1258 2630 1327 dicam,
2661 1276 2695 1316 ο
2722 1259 2963 1318 Trinitas
2992 1271 3201 1331 sancta,
3261 1274 3319 1323 tu
3385 1283 3644 1338 arrogan-

2057 1346 2145 1402 tiae
2173 1346 2425 1419 ignoscas
2446 1364 2580 1405 mea
2605 1368 2620 1404 :
2661 1366 2787 1406 nam
2818 1352 2886 1407 de
2916 1353 3115 1407 animae
3146 1355 3389 1424 periculo
3440 1358 3639 1428 agitur.

2056 1438 2173 1507 Ego
2192 1452 2408 1507 quoque
2469 1438 2648 1511 imago
2702 1456 2824 1496 sum
2885 1442 2981 1497 Dei
3030 1445 3375 1516 cmlestisque
3429 1447 3639 1519 gloria’,

2056 1528 2184 1585 licet
2216 1529 2269 1583 in
2299 1530 2458 1587 terris
2488 1531 2706 1602 degam.
2729 1531 3095 1599 Quamobrem
3121 1536 3317 1593 adduci
3352 1555 3461 1595 non
3504 1556 3637 1611 pos-

2054 1636 2200 1686 sum,
2239 1622 2558 1690 utcredam,
2587 1639 2673 1680 me
2695 1640 2791 1695 per
2811 1626 2963 1681 illum
2990 1628 3081 1697 qui
3111 1630 3355 1699 ejusdem
3391 1632 3465 1685 sit
3507 1649 3639 1688 con-

2052 1714 2298 1780 ditionis,
2335 1730 2443 1786 qua
2467 1730 2570 1786 ego
2597 1731 2740 1785 sum,
2773 1719 3005 1774 salutem
3041 1724 3279 1791 assequi.
3313 1723 3371 1778 Si
3404 1722 3639 1793 Spiritus

2055 1814 2280 1861 sanctus
2310 1820 2417 1861 non
2459 1816 2546 1862 est
2584 1807 2746 1875 Deus,
2794 1810 2991 1866 evadat
3046 1811 3223 1881 prius,
3280 1828 3496 1886 meque,
3543 1816 3637 1885 qui

1994 1896 2025 1921 ⁵³
2056 1896 2246 1953 eodem
2276 1912 2403 1953 cum
2433 1898 2528 1955 illo
2555 1914 2676 1955 sum
2716 1900 2933 1965 ordine,
2973 1910 3101 1957 tunc
3136 1904 3384 1960 divinum
3417 1909 3633 1965 eiiiciat.

2053 1986 2211 2043 None
2238 2000 2419 2044 autem
2455 2005 2575 2059 quae
2600 1990 2769 2058 fraus,
2802 1993 2893 2063 qui
2928 1993 3083 2048 dolus
3137 2004 3224 2050 est
3261 1998 3469 2066 gratia,
3524 1999 3635 2055 imo

2053 2093 2186 2132 vero
2216 2094 2429 2143 corum,
2464 2081 2553 2150 qui
2589 2081 2817 2150 gratiam
2854 2082 3143 2139 tribuunt?
3186 2084 3369 2157 Egone
3413 2089 3631 2145 credam

2052 2169 2109 2225 in
2146 2170 2341 2236 Deum,
2377 2181 2440 2226 ut
2473 2174 2672 2243 impius
2704 2175 2945 2229 reddar?
2979 2176 3143 2232 Aliud
3191 2179 3515 2247 confitebor,
3573 2192 3634 2237 ut

2049 2260 2198 2317 aliud
2234 2262 2480 2318 discam?
2506 2262 2766 2329 Quaenam
2799 2265 2915 2321 istae
2950 2266 3179 2323 fallacia:
3239 2271 3533 2326 verborum
3575 2283 3633 2329 et

2051 2353 2295 2419 fraudes,
2334 2370 2459 2425 quae
2498 2357 2612 2414 suis
2634 2360 2752 2427 {me
2813 2358 3334 2431 interrogationibus
3380 2364 3445 2419 ad
3516 2366 3634 2420 haec

2049 2444 2354 2499 conﬁtenda
2389 2445 2716 2514 perducunt.
2755 2454 2814 2501 ut
2850 2447 2919 2502 ad
2970 2449 3059 2503 illa
3107 2448 3438 2507 deveniam?
3477 2453 3633 2509 Mise-

2048 2550 2171 2592 rum
2220 2543 2384 2606 atque
2454 2537 2749 2593 obscurum
2797 2538 3140 2609 Splendm'em
3192 2558 3396 2610 meum,
3450 2546 3632 2600 sordi-

2046 2627 2282 2697 damque
2311 2629 2660 2693 munditiem,
2691 2630 2737 2686 si
2769 2630 3042 2702 baptismo
3064 2635 3144 2689 sic
3178 2635 3391 2701 abluor,
3429 2647 3489 2692 ut
3544 2639 3631 2691 ni-

2050 2722 2200 2794 grior
2244 2721 2411 2789 liam;
2449 2722 2493 2776 si
2522 2723 2811 2779 nitidiores
2839 2733 3003 2794 atque
3054 2728 3371 2784 mundiores
3400 2731 3627 2801 aspicio,

2045 2817 2137 2884 qui
2155 2827 2265 2868 non
2285 2812 2622 2881 suntabluti;
2644 2814 2691 2869 si
2707 2815 2844 2869 mala
2865 2815 3629 2892 baptizantisopinionegdeiu.

2044 2906 2254 2970 ἀοι·ςεί
2276 2906 2528 2976 spiritum
2552 2905 2834 2961 meliorem
2857 2922 3065 2976 qua-ro,
3113 2920 3168 2965 ct
3220 2927 3331 2968 non
3384 2913 3625 2972 invenio.

2044 2997 2644 3068 Da,mihibaptismum
2704 2998 2956 3063 alterum,
3017 3002 3186 3058 etde
3252 3004 3434 3074 priore
3488 3009 3628 3065 male

2044 3089 2267 3144 sentito.
2295 3085 2435 3153 Quid
2478 3086 2609 3141 mihi
2645 3086 2940 3158 perfectam
2996 3089 3207 3147 invides
3258 3099 3631 3165 regeneratio-

340 3188 502 3257 λόγε,
554 3190 587 3257 ἢ
618 3188 679 3240 τὸ
717 3188 830 3240 πᾶν
866 3184 1160 3255 ἁτίμασον,
1211 3184 1324 3248 ἵνα.
1374 3185 1478 3238 κᾶν
1522 3184 1749 3252 ἁσεῦᾔς,
1802 3181 1938 3237 ἀλλὰ

2046 3173 2208 3231 nem?
2239 3174 2547 3228 Curmeex
2610 3176 2813 3245 templo
2859 3172 3120 3247 Spiritus,
3172 3183 3262 3251 qui
3322 3183 3465 3241 Deus
3496 3194 3626 3252 ‘est,

344 3275 568 3346 σεαυτῷ
606 3292 670 3345 γε
704 3275 1000 3338 ἀκόλουθος
1034 3272 1137 3348 ᾗς,
1176 3275 1251 3345 μὴ
1285 3274 1488 3345 κρίνων
1526 3271 1729 3334 ἀνίσως
1771 3271 1933 3340 φύσιν

2041 3267 2209 3323 creati
2237 3266 2465 3336 spiritus
2496 3266 2863 3323 habitaculum
2898 3270 3120 3327 reddis?
3146 3272 3253 3329 Cur
3273 3291 3484 3343 eorum,
3504 3296 3627 3350 qua:

340 3371 636 3441 ὁμότιμον,
2041 3374 2163 3415 mea
2201 3366 2352 3423 sunt,
2397 3356 2543 3413 aliud
2572 3358 2834 3426 honoras,
2877 3361 3024 3417 aliud
3071 3363 3240 3422 allicis
3290 3369 3626 3447 ignominia?

342 3465 658 3535 inaequales
691 3464 744 3519 in
778 3462 1073 3517 Divinitate
1098 3473 1285 3533 partes
1315 3464 1632 3527 constituis,
1687 3467 1747 3518 ut
1802 3457 1938 3517 mibi
2003 3455 2232 3526 gratiam
2268 3465 2422 3507 seces
2447 3462 2505 3506 et
2539 3450 2857 3518 imminuas,
2882 3455 2967 3509 vel
3015 3459 3197 3528 potius
3225 3471 3283 3515 ut
3327 3466 3512 3535 gratiae
3541 3485 3627 3520 me

342 3561 622 3615 subducas
647 3568 703 3613 et
732 3557 1067 3613 subtrahas?
1093 3564 1202 3612 Aut
1231 3566 1405 3613 totum
1440 3559 1670 3624 honora,
1688 3571 1828 3613 vane
1883 3552 2152 3620 theologia.
2177 3558 2276 3604 θυι
2322 3555 2494 3603 mium
2526 3547 2744 3619 despice
2774 3566 2792 3615 ἱ
2828 3560 2883 3605 ι¹¹
2907 3554 3153 3621 θυίωηίδ
3180 3555 3346 3627 impii?
3388 3563 3617 3625 sentias:

344 3653 447 3707 tibi
472 3661 657 3704 tamen
694 3649 814 3719 ipse
835 3658 1075 3715 constes,
1118 3664 1221 3704 nec
1246 3659 1497 3704 naturam
1518 3664 1674 3720 mque
1696 3648 2019 3703 honoratam
2045 3644 2229 3712 inique
2269 3640 2505 3708 iudices.

416 3790 737 3859 Κεφάλαιον
779 3787 837 3842 δὲ
875 3789 972 3844 τοῦ
1001 3788 1193 3858 λόγου,
1229 3789 1368 3860 μετὰ
1394 3791 1505 3843 τῶν
1558 3792 1809 3863 Σεραφὶμ
1846 3794 1935 3846 δό-

337 3881 515 3946 ξισον
546 3880 897 3946 συναγόντων
948 3880 1051 3943 τὰς
1111 3882 1262 3949 τρεῖς
1318 3880 1614 3950 ἁγιότητας
1663 3885 1743 3947 είς
1799 3882 1931 3954 μίαν

339 3973 676 4043 κυριότητα.
716 3972 813 4027 καὶ
843 3972 1102 4027 τοσοῦτον
1144 3977 1633 4046 παραδεικνύντων
1658 3977 1756 4050 τῆς
1777 3976 1928 4049 πρὼ-

333 4082 447 4135 της
505 4064 719 4129 οὐσίας,
771 4066 897 4120 ὅσον
937 4066 1293 4135 ὑπανοίγουσι
1356 4069 1471 4132 τοῖς
1503 4070 1815 4139 φιλοπόνοις
1867 4071 1924 4125 αι

338 4160 651 4230 πτέρυγες.
689 4160 846 4214 Μετὰ
885 4160 1053 4214 Δαϐὶδ
1083 4161 1392 4231 φωτίσθητι
1429 4162 1567 4232 πρὸς
1596 4162 1658 4215 τὸ
1701 4163 1814 4230 φῶς
1836 4163 1925 4218 λί-

335 4266 564 4317 γοντος,
613 4268 630 4300 ι
691 4249 780 4302 Ἐν
817 4250 897 4320 τῷ
926 4252 1066 4319 φωτί
1097 4268 1194 4306 σου
1251 4252 1496 4325 ὀψόμεθα
1552 4253 1690 4321 φῶς,
1736 4273 1754 4306 ι
1811 4253 1925 4309 οἷον

339 4342 548 4411 ῶσπερ
577 4343 637 4394 ἐν
690 4341 768 4411 τῷ
799 4343 1078 4413 Πνεῦματι
1100 4343 1194 4397 τὸν
1238 4343 1391 4411 Υἱὺν,
1424 4336 1487 4398 οὗ
1525 4346 1579 4398 τί
1615 4345 1681 4400 ἂν
1714 4346 1926 4416 γένοιτο

338 4434 794 4504 τηλαυγέστερον
827 4451 843 4499 ;
878 4436 1037 4490 Μετὰ
1080 4434 1329 4490 Ἰωάννου
1364 4436 1657 4507 βρόντησον
1684 4438 1776 4492 τοῦ
1791 4438 1922 4493 Υίοῦ

330 4526 441 4592 τῆς
476 4523 738 4594 βροντῆς,
780 4525 949 4596 μηδὲν
985 4526 1118 4597 περὶ
1142 4525 1281 4580 Θεοῦ
1308 4526 1568 4581 ταπεινὸν
1592 4528 1763 4600 ἠχῶν,
1789 4530 1924 4602 μηδὲ
1952 4558 2005 4620 D

337 4618 458 4671 ἀπὸ
483 4619 616 4686 γῆς,
674 4618 793 4670 ἀλλ’
818 4618 1048 4688 ὑψηλὸν,
1089 4620 1186 4675 καὶ
1222 4621 1525 4693 μετέωρον,
1566 4622 1660 4676 τὸν
1702 4623 1759 4677 ὲν
1779 4623 1921 4695 ἀρχῇ

333 4727 399 4761 τε
426 4710 583 4772 ὄντα,
614 4711 709 4763 καὶ
754 4711 890 4781 πρὸς
930 4711 1024 4765 τὸν
1078 4711 1211 4764 Θεδν
1240 4712 1398 4778 ὄντα,
1430 4716 1527 4767 καὶ
1556 4713 1692 4767 Θεὸν
1723 4716 1922 4782 Λόγον,

334 4801 477 4853 Θεὸν
500 4801 809 4869 γινώσκων,
862 4804 956 4857 καὶ
982 4803 1117 4857 Θεὸν
1145 4803 1405 4873 ἀληθινὸν
1433 4805 1492 4872 ἐξ
1525 4804 1785 4876 ἀληθινοῦ
1814 4808 1922 4860 lla-

334 4892 638 4961 τρός,ὰλλ’
686 4892 748 4947 οὐ
800 4892 1085 4947 σύνδουλον
1142 4894 1351 4963 ἀγαθὸν
1401 4895 1533 4950 Υἱοῦ
1578 4897 1924 4970 προσηγορίᾳ

339 4985 485 5055 μόνῃ
521 4985 915 5056 τετιμημένον,
946 4988 1039 5043 καὶ
1060 4987 1154 5041 τὸν
1203 4987 1364 5043 ἄλλον
1400 4987 1778 5061 παράκλητον,
1826 4990 1923 5059 δη·-

337 5076 482 5143 λαόὴ
521 5073 684 5130 ἄλλον
742 5076 840 5130 τοῦ
899 5076 1179 5144 λέγοντος.
1223 5077 1358 5131 Θεοῦ
1389 5078 1449 5131 δὲ
1497 5081 1525 5132 ό
1559 5078 1757 5149 Λόγος.
1812 5078 1924 5132 Καὶ

328 5170 468 5221 ὅταν
508 5168 635 5238 μὲν,
669 5186 688 5220 ι
736 5167 876 5237 Ἐγὼ
898 5172 994 5223 καὶ
1016 5173 1045 5223 ό
1069 5170 1261 5242 Πατὴρ
1277 5171 1336 5225 ἓν
1362 5174 1553 5242 ἐσμεν,
1605 5190 1623 5225 ι
1651 5171 1922 5241 ἀναγινώο

335 5276 502 5333 σκῃς.
530 5261 591 5315 τὸ
614 5262 851 5331 συναφὲς
884 5262 987 5332 τῆς
1017 5263 1209 5326 οὐσίας
1242 5264 1697 5334 ἐνοπτριζόμενος
1731 5284 1742 5295 ·
1791 5266 1921 5320 ὅταν

328 5354 417 5414 ὁὶ.
453 5372 473 5405 ε
514 5354 660 5423 Πρὸς
689 5354 858 5409 αὐτὸν
892 5355 1256 5425 ἐλευσόμεθα,
1288 5356 1382 5409 καὶ
1408 5356 1579 5426 μονὴν
1614 5357 1744 5428 παρ’
1769 5358 1919 5429 αὐτῷ

326 5448 667 5517 ποιήσομεν,
706 5465 723 5498 ι
764 5448 825 5501 τὸ
849 5447 1185 5520 διῃρημένον
1218 5449 1327 5502 τῶν
1378 5449 1731 5504 ὑποστάσεων
1764 5450 1913 5519 λογι-

327 5539 565 5605 ζόμενος
585 5552 605 5568 ⁸
639 5539 770 5592 ὅταν
802 5538 863 5591 δὲ
895 5540 958 5593 τὸ
1005 5541 1240 5613 [ἰατρὸς.
1290 5542 1387 5594 καὶ
1429 5539 1583 5601 Υἱοῦ,
1626 5543 1721 5595 καὶ
1753 5542 1911 5611 ἁγίου

328 5630 654 5702 Πνιὺματος
681 5631 880 5702 ὄνομα,
917 5634 1017 5695 τὰς
1045 5637 1194 5704 τρεῖς
1226 5634 1518 5703 ἰδιότητας.
1564 5623 1573 5632 ’

398 5787 446 5819 ⁸⁸
476 5788 616 5844 Psai.
652 5806 817 5851 xxxv,
849 5790 942 5846 50.
1021 5788 1240 5844 “Joan.
1264 5806 1316 5856 x,
1345 5792 1435 5846 30.
1515 5792 1559 5823 “
1586 5789 1743 5851 Ioan.
1778 5810 1888 5855 xlv,
1920 5798 2013 5852 25.

2110 3780 2183 3833 Fa
2215 3794 2343 3835 vero
2368 3788 2570 3834 nostrae
2597 3781 2668 3834 sit
2686 3782 2953 3837 orationis
2980 3799 3214 3848 summa,
3269 3788 3365 3843 Dei
3430 3791 3624 3851 laudes

2033 3888 2163 3927 cum
2208 3871 2520 3941 serapliinis
2546 3872 2798 3939 decanta,
2832 3875 2922 3943 qui
2960 3892 3128 3930 unum
3167 3877 3219 3932 in
3248 3884 3619 3954 principatum

2032 3976 2148 4021 tres
2186 3967 2480 4020 conferunt
2518 3966 2923 4031 sanctitates,et
2951 3973 3208 4028 essentia:
3230 3973 3376 4033 illius
3427 3979 3622 4049 prima:

2028 4065 2236 4111 tantum
2256 4056 2571 4119 ostendunt,
2587 4066 2847 4127 quantum
2867 4058 3108 4129 ipsorum
3132 4067 3229 4120 alae
3246 4068 3503 4125 studiosis
3527 4088 3621 4142 pa-

2029 4149 2313 4204 tefaciunt.
2346 4150 2620 4205 “lustrare
2645 4151 2807 4206 simul
2833 4168 2959 4208 cum
2997 4156 3196 4213 Davide
3227 4160 3405 4216 lumen
3442 4165 3618 4235 ipsum

2037 4242 2479 4313 sicailoquente:
2503 4266 2522 4297 ‹
2552 4248 2606 4299 in
2635 4246 2954 4303 iumineluo
2981 4250 3291 4309 videbimus
3322 4255 3611 4323 lumen",o

2028 4329 2224 4386 Filium
2250 4334 2508 4387 nimirum
2534 4336 2587 4389 in
2619 4334 2847 4408 Spiritu,
2872 4356 2979 4409 quo
3004 4342 3130 4409 quid
3154 4345 3265 4400 fieri
3300 4357 3476 4417 potest
3496 4350 3619 4406 illu-

2028 4424 2387 4480 strius?Cum
2406 4426 2619 4483 Joanne
2661 4431 2900 4487 tonitrus
2942 4433 3049 4488 lilio
3083 4437 3346 4493 tonitrum
3384 4444 3608 4508 emitte,

2033 4515 2172 4571 nihil
2194 4518 2261 4572 de
2288 4519 2397 4573 Deo
2422 4520 2650 4586 humile,
2678 4523 3146 4592 nihii‘terrenurn,
3182 4531 3277 4585 sed
3326 4536 3609 4592 excelsum

2028 4618 2193 4677 atque
2222 4610 2456 4663 sublime
2481 4612 2684 4681 aliquid
2716 4628 2938 4680 sonans,
2964 4628 3153 4687 utpote
3170 4624 3260 4692 qui
3286 4638 3607 4695 cognoscas,

2029 4701 2082 4753 in
2113 4702 2384 4772 principio
2444 4718 2564 4758 esse
2592 4704 2853 4771 Verbum,
2908 4717 2963 4763 et
3007 4709 3249 4769 Verbum
3299 4734 3420 4775 esse
3466 4725 3608 4793 apud

2032 4792 2223 4859 Deum,
2258 4803 2314 4849 et
2344 4796 2510 4850 Deum
2535 4811 2660 4853 esse
2694 4798 2953 4866 Verbum,
2990 4814 3045 4859 et
3081 4805 3251 4861 Dcnm
3297 4792 3606 4872 verumiiex

2024 4900 2155 4940 vero
2188 4885 2368 4952 Patre,
2402 4903 2510 4943 non
2535 4899 2717 4944 autem
2758 4907 3085 4952 conservum
3115 4898 3346 4969 bonum,
3372 4907 3485 4962 sola
3516 4909 3607 4964 Fi-

1998 4978 2081 5030 'lii
2114 4978 2479 5048 appellatione
2506 4982 2846 5050 decoratum,
2875 4997 2929 5040 ct
2966 4988 3130 5044 alium
3169 4992 3604 5067 Consolatorcm,

2025 5070 2191 5124 alium
2227 5072 2488 5127 nimirum
2517 5075 2584 5129 ab
2610 5089 2697 5141 eo,
2734 5077 2827 5146 qui
2863 5080 3130 5149 loquitur,
3182 5088 3326 5157 quod
3369 5101 3452 5147 est
3507 5093 3602 5150 Dei

2026 5160 2288 5241 Verbum.
2318 5163 2380 5218 Et
2417 5180 2544 5220 cum
2570 5166 2701 5239 legis
2736 5185 2751 5223 :
2784 5187 2803 5220 ι
2840 5169 2954 5244 Ego
2979 5184 3035 5229 et
3080 5175 3239 5232 Pater
3286 5198 3453 5239 unum
3504 5202 3603 5242 su-

2024 5269 2147 5307 mus
2218 5254 2267 5286 “
2304 5296 2318 5318 ,
2357 5274 2375 5308 ι
2433 5266 2638 5312 naturae
2695 5261 3138 5333 coniunctionem
3201 5279 3599 5348 contemplare.

2022 5347 2251 5410 Quando
2276 5349 2404 5403 illud
2425 5351 2583 5406 audis
2617 5369 2632 5407 :
2673 5372 2689 5404 ι
2720 5356 2801 5411 Ad
2835 5371 2960 5413 eum
2990 5362 3294 5432 veniemus,
3334 5378 3390 5422 et
3427 5347 3598 5424 iman-

2024 5439 2235 5493 sionem
2263 5440 2405 5512 apud
2433 5457 2558 5497 eum
2586 5443 2850 5504 faciemus
2874 5440 2942 5519 δέ,
2982 5470 3004 5504 ι
3062 5470 3419 5524 personarum
3483 5462 3596 5518 dis-

2026 5530 2344 5588 tinctionem
2379 5532 2639 5609 intellige.
