4130 6484
524 384 621 477 τε
1738 402 2091 467 ΕΙΙΤΗΥΜΙ

2195 405 2555 470 ZIGABENI
3714 408 3789 473 80

594 529 665 584 At
700 543 822 583 cum
844 523 1033 587 Patris,
1062 532 1116 578 et
1142 518 1298 589 Filii,
1328 530 1382 577 et
1405 520 2091 593 'Spiritus-sanctiﬁnomen.

2276 527 2431 580 Μετὰ
2469 527 2654 580 Ἀουκᾶ
2678 524 3052 597 ὲμπνεύσθητι
3093 525 3483 598 ταῖςἮυράξεσι
3518 528 3630 583 τῶν
3654 529 3784 584 ἀπο-

531 636 645 677 tres
669 620 859 689 utique
889 618 1250 688 proprietates
1282 656 1296 682 ,
1332 630 1438 669 una
1471 630 1595 669 cum
1624 615 1769 670 Luca
1825 613 1879 670 in
1942 615 2107 670 rebus

525 715 593 769 ab
632 713 894 783 apostolis
918 711 1085 783 gestis
1116 723 1343 765 versans
1367 707 1609 772 invenis,
1634 723 1745 763 cur
1777 724 1901 763 cum
1959 710 2107 762 Ana-

524 806 610 860 nia
640 816 696 860 et
749 803 979 873 Saphira
1015 801 1174 856 novis
1198 800 1410 854 furibus
1453 799 1559 854 inis
1582 800 1943 855 societatem?
1964 801 2106 856 Vere

525 898 669 953 enim
696 912 896 951 novum
932 894 1148 949 furandi
1187 909 1362 964 genus
1393 903 1497 959 est,
1530 909 1653 948 cum
1694 894 1817 963 quis
1865 908 1928 948 ea
1984 909 2107 963 quae

522 990 735 1059 propria
757 986 1163 1056 suntsubripit,
1203 980 1502 1054 praesertim
1548 985 1594 1041 si
1652 1001 1760 1041 non
1795 995 2104 1057 argentum,

519 1091 613 1135 aut
642 1080 785 1135 aliud
806 1078 1082 1149 quidpiam
1109 1078 1254 1148 quod
1281 1078 1388 1134 vile
1430 1094 1766 1150 parvumque
1794 1078 1886 1142 sit,
1913 1087 1971 1131 ut
2002 1077 2106 1132 lin-

519 1190 676 1245 guam
699 1187 942 1237 auream,
995 1180 1087 1225 aut
1120 1180 1465 1237 tenuem,aut
1490 1170 1829 1234 didrachma,
1860 1179 1919 1225 ut
1951 1169 2105 1226 miles

522 1270 609 1323 ille
660 1267 936 1337 quondam
982 1266 1333 1331 insatiabilis,
1378 1265 1473 1320 sed
1522 1265 1873 1320 Divinitatem
1931 1263 2103 1332 ipsam

521 1361 757 1427 furetur,
783 1360 1187 1427 mentiaturqne
1208 1356 1668 1426 quemadmodum
1688 1354 1964 1420 audivisti,
1992 1369 2103 1408 non

521 1452 750 1519 homini,
793 1452 886 1506 sed
931 1449 1058 1504 Deo.
1087 1448 1465 1504 Venerandam
1502 1446 1738 1518 Spiritus
1784 1446 1902 1501 cole
1952 1455 2106 1515 pote-

518 1552 738 1609 statem,
767 1542 964 1610 quibus
1020 1539 1155 1605 vult,
1211 1549 1267 1594 et
1302 1538 1523 1608 quando
1560 1536 1697 1601 vult,
1740 1545 1795 1591 et
1835 1546 2103 1605 quantum

515 1637 648 1697 vult.
679 1635 995 1706 aspirantis.
1037 1631 1331 1686 Descendit
1363 1631 1509 1684 enim
1575 1643 1741 1699 super
1788 1629 2102 1684 Cornelium

516 1737 571 1780 et
593 1726 926 1781 domesticos
983 1724 1125 1793 ejus,
1177 1730 1301 1776 ante
1345 1722 1726 1791 baptismum;
1759 1735 1923 1790 super
1966 1720 2103 1775 alios

516 1828 697 1872 antem
721 1833 819 1888 per
841 1817 1115 1887 apostolos
1141 1822 1263 1885 post
1296 1814 1656 1884 baptismum,
1680 1821 1740 1867 ut
1783 1823 1841 1867 et
1888 1827 1955 1867 ex
2010 1812 2101 1879 iis,

2212 617 2416 671 στόλων
2455 618 2831 689 προσομιλῶν.
2856 620 2923 672 Τί
2961 619 3103 690 μετὰ
3155 619 3398 674 Ἀνανίου
3451 620 3649 693 τάττῃ,
3691 622 3787 676 καὶ

2211 708 2558 781 Σαπφείρας,
2617 711 2727 763 τῶν
2776 711 2980 764 καινῶν
3024 712 3358 780 νοσφιστῶν,
3417 711 3536 781 εἴγε
3601 711 3788 767 καινὸν

2208 799 2379 862 ὅντως
2413 801 2446 868 ή
2481 801 2590 854 τῶν
2642 801 2787 855 ἰδίων
2832 802 3036 872 κλοπή;
3090 805 3185 855 καὶ
3234 805 3405 856 ταῦτα
3457 804 3788 873 νοσφιζόμε-

2208 904 2298 954 νος
2342 892 2444 946 οὐκ
2490 893 2785 965 ἀργύριον,
2823 894 2934 946 οὐδ’
2989 894 3118 949 ἄλλο
3164 897 3360 949 τιτῶν
3407 897 3641 949 εὐτελῶν
3670 899 3787 961 ,καὶ

2210 983 2450 1055 μικρῶν,
2502 981 2616 1039 οἷον
2655 987 2912 1056 γλῶσσαν
2947 989 3180 1058 χρυσῆν,
3214 988 3246 1059 ἢ
3284 988 3469 1060 ψιλὴν,
3507 989 3789 1060 ἢδίδραχ-

2209 1091 2335 1144 μον,
2369 1075 2446 1140 ὡς
2499 1077 2632 1131 ποτὲ
2688 1079 3035 1151 στρατιώτης
3097 1081 3396 1150 ἄπληστος,
3446 1081 3562 1134 ἄλλ’
3616 1081 3788 1152 αὐτὴν

2208 1166 2464 1222 κλέπτων
2515 1170 2768 1241 θεότητα,
2821 1173 2918 1225 καὶ
2953 1171 3284 1244 ψευδόμενος
3338 1173 3441 1227 οὐκ
3471 1173 3785 1244 ἄνθρωπον,

2204 1260 2343 1315 ἀλλὰ
2395 1262 2555 1329 Θεὸν,
2586 1265 2723 1334 ὅπερ
2751 1264 2988 1336 ἤκουσα.
3035 1265 3102 1318 Τί
3161 1283 3255 1334 μοι
3294 1265 3349 1318 δὲ
3398 1264 3496 1335 τὴν
3533 1265 3787 1329 ἐξουσίαν

2206 1354 2333 1425 αἰδῇ
2362 1354 2458 1408 τοῦ
2495 1356 2843 1434 Πνεύματος,
2875 1358 2962 1427 ἐφ’
2997 1356 3093 1422 οὓς
3127 1358 3294 1423 θέλει,
3318 1360 3414 1412 καὶ
3451 1359 3636 1429 ήνίκα,
3689 1357 3787 1413 καὶ

2203 1444 2328 1497 ὅσον
2360 1446 2652 1512 πνέοντος;
2684 1448 2985 1518 Ἐπιδημεῖ
3009 1452 3123 1513 τοῖς
3179 1451 3307 1521 περὶ
3336 1450 3638 1521 Κορνήλιον
3677 1452 3786 1521 πρὸ

2203 1536 2299 1590 τοῦ
2361 1537 2988 1609 βαπτίσματος,οάλλοις
3050 1541 3191 1611 μετὰ
3220 1541 3281 1594 τὸ
3345 1541 3634 1611 βάπτισμα
3698 1542 3788 1597 διὰ
3844 1540 3855 1551 ’

2203 1626 2313 1679 τῶν
2338 1628 2680 1684 ἀποστόλων.
2717 1631 2880 1683 Ὥστε
2918 1631 3313 1703 ἀμφοτέρωθεν
3354 1631 3419 1685 ἐκ
3448 1650 3506 1686 τε
3540 1626 3616 1685 ὧν
3664 1635 3789 1687 ἐπι-

2205 1722 2378 1791 φοιτᾷ
2428 1722 2791 1788 δεσποτικῶς,
2826 1724 2946 1777 ἀλλ’
3001 1726 3064 1778 ού
3101 1725 3395 1792 δουλικῶς,
3453 1726 3550 1779 καὶ
3605 1725 3667 1791 ἐξ
3709 1720 3787 1782 ὧν

2204 1813 2548 1885 ἑπιζητεῖται
2575 1817 2713 1887 πρὸς
2737 1815 2835 1888 τὴν
2861 1817 3147 1872 τελείωσιν
3174 1817 3275 1891 τὴν
3306 1816 3540 1891 θεότητα
3571 1822 3755 1892 μαρτυ

514 1924 793 1980 qum,non
820 1918 882 1962 ut
908 1922 1119 1974 servus,
1157 1906 1253 1961 sed
1268 1915 1538 1975 tanquam
1569 1903 1827 1959 dominus
1857 1904 2020 1974 gerit,
2042 1913 2091 1959 et

2206 1883 2424 1978 963664“
2456 1908 2552 1962 τοῦ
2597 1883 2944 1981 Πνεύματος.

515 2017 581 2055 ex
603 2000 727 2065 illis,
767 2015 887 2071 quae
923 2000 976 2054 in
998 2013 1104 2063 eo,
1138 1998 1230 2068 qui
1262 1996 1565 2052 initiandus
1584 2004 1698 2062 est,
1722 1995 1973 2066 requirit,
2012 1993 2099 2052 di-

517 2091 796 2146 vinitatem
837 2098 1070 2145 testetur
1101 2104 1281 2145 suam.

579 2183 717 2239 Cum
746 2182 931 2247 Paulo,
966 2182 1057 2253 qui
1080 2182 1134 2236 in
1167 2180 1388 2236 tertium
1449 2178 1698 2235 sublatus
1735 2187 1823 2233 est
1874 2177 2096 2245 omlum,

512 2287 684 2333 tracta
744 2276 1090 2347 theologiam,
1121 2275 1211 2342 qui
1272 2286 1417 2327 nunc
1472 2279 1585 2326 tres
1616 2277 1899 2341 personas,
1952 2271 2099 2327 ordi-

517 2388 587 2425 ne
621 2378 959 2425 commutato
1009 2367 1082 2421 ita
1136 2372 1516 2427 connumerat,
1589 2370 1648 2415 ut
1687 2377 1835 2417 nunc
1894 2363 2095 2432 primo,

512 2474 660 2513 nunc
694 2456 959 2522 secundo,
998 2470 1150 2510 nunc
1177 2455 1340 2509 tertio
1363 2454 1482 2509 loco
1520 2453 1768 2507 eamdem
1806 2467 2093 2522 personam

506 2549 824 2617 nominans,
872 2558 1082 2603 naturae
1145 2546 1390 2601 declaret
1448 2546 1811 2615 aequalitatem
1867 2562 1882 2599 :
1948 2559 2097 2599 nunc

510 2642 666 2702 duas,
694 2650 789 2695 aut
817 2654 980 2693 unam
1011 2652 1200 2692 earum
1236 2636 1474 2705 aliquam
1512 2646 1722 2689 tantum
1756 2635 1930 2705 ponit,
1972 2644 2095 2688 tan-

510 2750 672 2805 quam
702 2733 921 2802 reliqute
949 2737 1355 2799 consequantur
1384 2728 1632 2782 omnino.
1678 2728 1829 2781 Alias
1860 2726 2090 2796 Spiritui

508 2822 752 2896 assignat
785 2823 1057 2877 actionem
1083 2820 1199 2884 Dei,
1230 2820 1384 2889 quasi
1416 2817 1555 2872 nihil
1602 2818 1997 2883 referat,‘bunc
2023 2832 2091 2872 an

506 2922 659 2976 illum
682 2918 847 2973 dicat.
881 2916 1027 2970 Alias
1051 2923 1232 2969 autem
1254 2929 1352 2983 pro
1374 2911 1581 2983 Spiritu
1605 2913 1882 2967 Christum
1912 2911 2087 2967 aﬂ'ert.

507 3013 572 3068 Et
611 3010 900 3081 aliquando
937 3008 1156 3077 quidem
1183 3021 1444 3075 personas
1474 3005 1760 3074 distinguit
1787 3019 1801 3056 :
1844 3002 2082 3070 «Unus,»

506 3101 779 3173 inquiens,
816 3119 835 3151 ‹
871 3099 1032 3164 Deus,
1064 3112 1128 3151 ex
1162 3112 1268 3165 quo
1292 3097 1497 3157 omnia,
1536 3104 1591 3149 et
1617 3110 1717 3149 nos
1746 3094 1801 3147 in
1851 3095 2030 3162 ipsum
2067 3109 2082 3146 :

2276 2175 2433 2229 Μετὰ
2458 2175 2677 2231 Παύλου
2705 2175 3036 2247 θεολόγησον
3058 2174 3151 2230 τοῦ
3176 2174 3315 2245 πρὸς
3347 2174 3538 2248 τρίτον
3604 2176 3774 2247 οὖρα·

2202 2266 2293 2321 νὸν
2328 2267 2682 2338 ἀναχθέντος,
2718 2268 2849 2322 ποτὲ
2884 2269 2985 2339 μὲν
3020 2267 3488 2340 συναριθμοῦντος
3512 2270 3609 2333 τὰς
3633 2272 3783 2341 τρεῖς

2201 2360 2560 2426 ὑποστάσεις,
2595 2363 2693 2415 καὶ
2732 2360 2891 2415 τοῦτο
2922 2361 3371 2431 ἐνηλλαγμένως,
3434 2361 3495 2415 οὐ
3547 2378 3785 2433 τετηρη-

2203 2453 2381 2523 μένως
2409 2456 2530 2516 ταῖς
2550 2453 2761 2518 τάξεσι,
2794 2452 3299 2523 προαριθμοῦντος,
3331 2454 3782 2524 ὲναριθμοῦντος,

2200 2545 2646 2615 ύπαριθμοῦντος
2692 2546 2752 2598 τὸ
2779 2546 2914 2598 αὐτό
2944 2562 2956 2574 ·
2996 2547 3083 2597 ἵνα
3133 2544 3187 2598 τί
3234 2545 3488 2619 δηλώσῃς
3538 2547 3636 2617 τὴν
3671 2548 3784 2600 loo-

2195 2639 2382 2708 τιμίαν
2421 2640 2519 2709 τῆς
2580 2637 2833 2706 φύσεως·
2873 2638 3003 2690 ποτὲ
3056 2636 3113 2689 δὲ
3142 2636 3252 2690 τῶν
3293 2637 3463 2706 τριῶν
3495 2638 3783 2707 μεμνημέ-

2195 2748 2307 2796 νου,
2367 2729 2499 2781 ποτὲ
2539 2727 2597 2781 δὲ
2641 2727 2749 2781 τῶν
2798 2725 2830 2798 ἢ
2893 2727 3059 2793 τινὸς,
3126 2727 3199 2791 ὡς
3244 2728 3516 2797 ἑπομένου
3554 2729 3776 2793 πάντως

2193 2822 2287 2875 τοῦ
2336 2821 2659 2883 λείποντοςο
2723 2821 2817 2874 καὶ
2870 2821 3001 2872 ποτὲ
3050 2822 3150 2891 μὲν
3199 2820 3297 2898 τὴν
3352 2823 3635 2892 ἐνέργειαν
3684 2823 3781 2877 τοῦ

2192 2914 2329 2968 Θεοῦ
2382 2914 2462 2984 τῷ
2503 2912 2786 2982 Πνεύματι
2813 2913 3070 2982 διδόντος,
3115 2913 3187 2976 ὡς
3233 2913 3385 2966 οὐδὲν
3408 2913 3778 2985 διαφέροντος,

2192 3009 2323 3060 ποτὲ
2349 3006 2407 3059 δὲ
2435 3006 2558 3059 ἀντὶ
2580 3005 2673 3058 τοῦ
2726 3006 3046 3074 Πνεύματος
3081 3007 3171 3058 τὸν
3200 3007 3434 3074 Χριστὸν
3488 3008 3778 3077 ἐπιφέρον-

2189 3117 2301 3166 τος,
2331 3102 2426 3154 καὶ
2451 3101 2540 3153 ὅτε
2571 3102 2669 3169 μὲν
2694 3099 2894 3169 διαιρεί
2922 3100 3017 3161 τὰς
3053 3100 3402 3163 ὑποστάσεις,
3435 3093 3559 3162 «Εἴ,⁵
3585 3100 3771 3165 Θεὸς,›

507 3202 564 3248 et
602 3208 743 3247 unus
768 3187 1034 3243 Dominus
1063 3184 1224 3239 .lesus
1252 3184 1530 3249 Christus,
1564 3200 1659 3253 per
1682 3198 1847 3252 quem
1877 3183 2082 3248 omnia,

544 3293 553 3295 ξ
855 3282 864 3291 ·
920 3294 923 3295 ν
1014 3294 1022 3295 κ
1054 3275 1104 3295 LA
1223 3275 1508 3295 AI!_-___,I_
1548 3285 1717 3295 ___.-___
1766 3290 1925 3295 --μ-..Α
1995 3290 2052 3295 -_

2195 3193 2460 3261 λέγοντος,
2490 3194 2578 3260 (ἐξ
2606 3188 2666 3247 οὗ
2695 3193 2764 3247 τὰ
2795 3192 2997 3257 πάντα,
3030 3191 3125 3244 καὶ
3152 3193 3313 3259 ἡμεῖς
3341 3192 3421 3253 είς
3453 3192 3638 3247 αὐτόν.
3664 3194 3777 3248 Καὶ

505 3293 559 3340 et
588 3297 690 3337 nos
721 3296 819 3351 per
855 3282 1032 3350 ipsum
1054 3275 1126 3331 “.
1164 3295 1182 3329 ι
1211 3275 1515 3344 Aliquando
1543 3285 1724 3329 autem
1766 3290 1930 3331 unam
1988 3290 2086 3329 ex-

505 3372 1100 3447 pzimitdivinitatem:
1138 3385 1156 3420 ι
1226 3366 1521 3434 Quoniam,
1576 3386 1594 3419 ι
1626 3368 1903 3437 inquiens,
1967 3385 1985 3417 ι
2018 3382 2084 3420 ex

508 3464 649 3533 ipso,
686 3474 740 3515 et
773 3476 870 3531 per
893 3461 1096 3529 ipsum,
1130 3467 1185 3512 et
1216 3457 1271 3511 in
1304 3458 1480 3525 ipsum
1534 3458 1715 3511 omnia
1743 3457 1810 3522 ",
1847 3474 1866 3508 ι
1921 3456 2089 3510 nimi-

503 3563 629 3609 rum
658 3569 757 3625 per
787 3552 964 3623 ipsum
994 3550 1284 3620 Spiritum,
1315 3549 1776 3620 quemadmodum
1808 3548 1861 3603 in
1902 3549 2087 3604 multis

506 3649 802 3719 Scripturae
818 3645 953 3701 locis
972 3644 1303 3699 declaratur.

505 3760 755 3830 Ejusdem
785 3774 850 3814 ea:
902 3759 1144 3813 oratione
1184 3756 1236 3811 in
1272 3756 1536 3822 .Arianos,
1601 3756 1656 3811 in
1681 3773 1786 3827 qua
1844 3765 1894 3811 et
1939 3756 2086 3813 dese

1103 3832 1216 3898 ipso
1247 3829 1501 3898 loquitur.

570 3924 682 3979 Nos
709 3932 891 3978 autem
917 3922 1212 3976 adoramus
1228 3919 1470 3984 Patrem,
1496 3930 1551 3975 et
1572 3918 1800 3984 Flllllll'l,
1831 3920 2086 3990 etSpiri-

503 4028 615 4072 tum
648 4013 1151 4089 sanctum,.Patrem
1182 4014 1370 4074 Deum,
1399 4012 1595 4066 Filium
1625 4011 1824 4083 Deum,
1840 4022 1896 4065 et
1918 4013 2087 4082 Spiri—

503 4121 617 4163 tum
659 4119 933 4169 sanctum,
966 4104 1069 4157 nisi
1134 4104 1361 4156 moleste
1392 4102 1523 4167 fers,
1583 4102 1777 4155 Deum.
1825 4103 2084 4157 Naturam

505 4217 667 4255 unam
712 4201 768 4252 in
822 4197 996 4252 tribus
1056 4193 1637 4265 proprietatibus,quae
1696 4202 1879 4247 mente
1913 4194 2088 4263 perci-

500 4296 753 4364 piuntur,
775 4289 1136 4360 perfectaeque
1172 4296 1320 4349 sunt,
1349 4295 1401 4340 et
1440 4301 1537 4356 per
1570 4300 1627 4339 se
1654 4293 1923 4340 constant.
1956 4284 2086 4351 Quae

502 4397 733 4438 munero
759 4381 978 4450 quidem
1000 4376 1728 4447 distinguuntur,divinitate
1760 4394 1887 4433 vero
1920 4379 2084 4434 dividi

499 4481 801 4539 nequeunt.
830 4472 939 4523 llas
964 4470 1094 4524 mihi
1128 4486 1288 4524 voces
1307 4471 1547 4525 concede
1573 4482 1648 4537 tu,
1682 4472 1773 4541 qui
1809 4471 1967 4525 hodie
1987 4472 2086 4526 mi-

2190 3278 2270 3345 εἷς
2320 3285 2520 3355 Κύριος
2561 3283 2771 3355 Ἰησοῦς
2816 3284 3076 3353 Χριστὸς,
3110 3282 3178 3336 δι’
3212 3278 3273 3338 οὗ
3320 3284 3389 3337 τὰ
3427 3288 3628 3353 πάντα,
3680 3288 3779 3341 καὶ

2193 3378 2353 3446 ἡμεῖς
2381 3378 2450 3430 δι’
2481 3376 2670 3431 αὐτοῦ’
2702 3396 2720 3429 ›
2750 3379 2837 3430 ὅτε
2868 3377 2924 3429 δὲ
2953 3377 3174 3444 συνάγει
3214 3378 3313 3448 τὴν
3346 3379 3479 3446 μίαν
3521 3379 3776 3451 θεότητα,

2195 3484 2215 3519 ι
2229 3469 2350 3520 Ὅτι
2373 3465 2433 3532 ἐξ
2455 3466 2643 3532 αὐτοῦ,
2663 3464 2844 3520 metu
2859 3466 3049 3529 αὑτοῦ,
3067 3465 3254 3529 καὶείς
3280 3467 3442 3519 αὑτὸν
3454 3468 3522 3520 τὰ
3541 3470 3770 3533 πάντα,»

2187 3559 2389 3630 δηλαδὴ
2409 3560 2499 3614 διὰ
2515 3559 2611 3613 τοῦ
2628 3559 2786 3626 ἁγίου
2814 3558 3155 3628 Πνεύματος,
3174 3559 3248 3621 ὡς
3272 3558 3542 3628 πολλαχοῦ
3566 3560 3775 3613 δείκνυ-

2188 3669 2278 3705 ται
2304 3652 2403 3722 τῆς
2434 3653 2677 3723 Γραφῆς.
2701 3651 2860 3725 Δύτῷ
2888 3650 3070 3723 natea
3090 3652 3167 3713 εἰς
3188 3652 3314 3715 τοὺς
3339 3651 3561 3714 αίῶνας.
3577 3652 3773 3722 Ἀμήν.

2200 3760 2296 3815 Ἐκ
2330 3760 2439 3815 τοῦ
2456 3760 2646 3830 λόγου
2673 3759 2781 3815 τοῦ
2810 3759 2974 3882 πρὸὲ
2996 3759 3358 3829 Ἀρειανοὺς,
3390 3760 3487 3814 καὶ
3517 3762 3605 3828 είς
3637 3761 3776 3815 ἐαυ-

2904 3847 2935 3882 τ
2974 3846 3031 3882 ν.

2904 3846 3031 3885 τον.

2263 3924 2430 3977 Αὐτοὶ
2481 3923 2539 3977 δὲ
2592 3920 3024 3993 προσκυνοῦμεν
3073 3922 3166 3975 τὸν
3228 3921 3474 3991 Πατέρα,
3526 3924 3620 3975 καὶ
3682 3924 3775 3978 τὸν

2188 4017 2342 4081 Υίὸν,
2378 4018 2473 4069 καὶ
2507 4017 2570 4068 τὸ
2600 4017 2828 4085 Πνεῦμα
2861 4015 2923 4067 τὸ
2972 4014 3149 4081 ἅγιον.
3180 4013 3316 4068 Θεὸν
3374 4014 3470 4067 τὸν
3525 4016 3770 4086 Πατέρα,

2184 4107 2321 4159 “Θ;ὸν
2375 4106 2467 4157 τὸν
2518 4104 2669 4169 Υίὸν,
2721 4104 2895 4169 Θεὸν,
2953 4105 3001 4155 εί
3064 4101 3140 4173 μὴ
3189 4102 3458 4173 τραχύνῃ,
3494 4102 3556 4153 τὸ
3602 4102 3773 4155 Πνεῦ-

2192 4216 2268 4269 μα
2311 4197 2373 4250 τὸ
2404 4196 2559 4265 ἅγιον
2588 4213 2600 4225 ·
2648 4197 2777 4266 μίαν
2830 4196 2993 4263 φύσιν
3058 4197 3116 4247 ὲν
3168 4194 3345 4264 τρισὶν
3382 4194 3607 4262 ἰδιότησι
3661 4211 3778 4246 νοε-

2190 4291 2332 4362 ραῖς,
2369 4290 2626 4351 τελείαις,
2668 4287 2788 4341 καθ’
2846 4287 3046 4349 ἑαυτὰς
3107 4288 3448 4355 ύφεστώσαις
3483 4322 3499 4348 ,
3557 4285 3777 4354 ἀριθμῷ

2188 4384 2525 4453 διαιρεταῖς,
2588 4381 2682 4434 καὶ
2740 4381 2801 4434 ού
2863 4382 3161 4449 διαιρετοῖς
3238 4379 3473 4448 θεότητι.
3554 4379 3777 4431 Τούτων

2188 4474 2513 4546 παραχώρει
2572 4491 2662 4544 μοι
2720 4473 2831 4526 τῶν
2884 4472 3077 4539 φωνῶν
3147 4472 3254 4532 πᾶς
3291 4472 3319 4523 6
3378 4471 3619 4524 ἀπειλῶν
3676 4472 3779 4540 σή·-

502 4568 717 4628 nitaris,
748 4566 953 4634 reliqua
982 4565 1075 4634 qui
1108 4565 1319 4628 volunt,
1351 4576 1562 4619 curent.
1592 4566 1714 4619 Non
1764 4564 1967 4635 patitur
2026 4565 2081 4618 in

2195 4585 2377 4639 μερον,
2406 4570 2513 4620 τῶν
2533 4567 2587 4620 δὲ
2615 4566 2790 4620 ἄλλων
2820 4564 3331 4634 μεταποιείσθωσαν
3348 4565 3395 4615 οἱ
3430 4564 3772 4633 βουλόμενοι.

490 4658 637 4714 Filio
678 4660 1123 4727 Paterjacturam
1176 4657 1314 4720 ﬁeri,
1370 4673 1472 4712 nec
1518 4657 1711 4721 Filius,
1768 4658 1822 4711 in
1880 4654 2084 4726 Spiritu

2195 4661 2302 4713 Οὐκ
2327 4660 2584 4729 ἀνέχεται
2619 4659 2809 4728 Πατὴρ
2853 4658 2980 4711 Υίὸν
3029 4657 3420 4727 ζημιούμενος,
3461 4657 3582 4710 οὐδὲ
3640 4657 3775 4718 Υἱὸς

490 4760 711 4805 sancto.
745 4750 927 4805 Fieret
956 4759 1137 4804 autem
1158 4749 1404 4819 jactura,
1429 4749 1473 4803 si
1503 4762 1685 4804 essent
1710 4748 1914 4804 creati:
1940 4747 2086 4819 quod

494 4847 639 4898 enim
679 4855 919 4898 creatum
941 4851 1045 4905 est,
1079 4842 1223 4896 Deus
1275 4841 1554 4897 nonest.
1610 4840 1728 4897 Non
1792 4841 1932 4907 fero,
1995 4844 2085 4894 in-

494 4936 641 5003 quis,
661 4933 1057 5002 perfectionem
1088 4933 1340 4987 imminui
1374 4953 1388 4988 :
1415 4948 1593 5003 neque
1632 4948 1753 5003 ego.
1783 4934 1907 4989 Una
1928 4934 2084 4998 ﬁdes,

487 5038 644 5078 .nnus
675 5022 963 5086 Dominus,
995 5039 1166 5077 unum
1204 5024 1497 5093 baptisma.
1537 5027 1593 5078 Si
1648 5026 1719 5079 ab
1776 5026 1881 5079 hoc
1934 5026 2084 5079 exci-

482 5117 652 5185 dero,
686 5114 775 5169 ubi
803 5116 1095 5169 nanciscar
1155 5115 1431 5169 alterunt?
1488 5114 1696 5185 Ecquid
1745 5115 1930 5170 dicitis
1966 5132 2084 5181 vos,

495 5207 588 5278 qui
619 5207 928 5276 baptizatis,
964 5216 1059 5260 aut
1095 5205 1489 5276 rebaptizatis?
1518 5207 1745 5262 Licetne
1804 5222 1928 5263 esse
1968 5209 2086 5279 epi-

497 5299 706 5352 ritalem
737 5297 857 5351 sine
889 5297 1137 5367 Spiritu?
1192 5298 1304 5352 Aut
1358 5298 1629 5367 particeps
1685 5298 1920 5366 Spiritus
1978 5309 2085 5366 est,

495 5392 588 5459 qui
613 5387 878 5458 Spiritum
911 5404 1022 5441 non
1058 5388 1231 5443 colit?
1263 5389 1373 5442 Aut
1407 5388 1673 5458 Spiritum
1707 5391 1833 5444 colit
1861 5390 1926 5454 is,
1984 5392 2077 5458 qui

496 5481 553 5531 in
587 5481 811 5534 nomine
848 5479 1017 5534 creati
1045 5483 1414 5550 conservique
1444 5480 1673 5551 spiritus
1736 5483 2076 5554 baptizatur?

494 5569 717 5626 Minime
746 5586 896 5627 vero.
929 5571 1220 5640 Nunquam
1247 5571 1397 5626 dices
1430 5580 1537 5627 tam
1571 5574 1761 5639 multa,
1794 5586 1903 5628 uta
1949 5590 2075 5629 vera

493 5665 763 5719 sententia
808 5664 1106 5720 discedam.
1145 5665 1263 5721 Non
1307 5664 1492 5719 fallam
1554 5676 1627 5733 te,
1668 5664 1830 5722 Pater
1879 5682 2074 5738 expers

566 5831 662 5885 “1
694 5832 816 5889 Cor.
859 5849 977 5901 wn,
1002 5836 1056 5889 θ.
1130 5836 1179 5869 ⁴⁷
1208 5834 1397 5901 Col.t,
1436 5836 1519 5892 16.

2187 4752 2247 4805 τὸ
2283 4752 2511 4822 Πνεῦμα
2546 4752 2604 4801 τὸ
2657 4751 2814 4817 ἆγιον
2840 4764 2853 4776 ο
2900 4747 3273 4817 ζημιοῦταιδὲ
3294 4748 3342 4800 εί
3385 4749 3537 4813 ποτὲ,
3574 4747 3666 4801 καὶ
3718 4749 3775 4800 εί

2190 4845 2421 4914 κτίσμα.
2455 4843 2531 4895 Οὐ
2559 4842 2666 4912 γὰρ
2705 4841 2838 4900 Θεὸς
2878 4840 2939 4893 τὸ
2970 4840 3311 4910 κτιζόμενον.
3370 4842 3447 4893 Ού
3485 4842 3634 4909 φέρω
3669 4843 3778 4910 ςη-

2191 4934 2485 5005 μτούμενος
2512 4933 2634 4985 οὐδὲ
2658 4932 2778 4999 ἐγὼ
2823 4930 2924 5001 τὴν
2950 4931 3249 4985 τελείωσιν.
3292 4926 3389 4992 Εἷς
3417 4930 3637 5002 Κύριος,
3672 4932 3785 4999 μίσ.

2186 5027 2395 5089 πίστις,
2445 5024 2507 5076 ἓν
2581 5023 2890 5094 βάπτισμα.
2948 5024 3009 5076 Et
3073 5022 3232 5075 τοῦτο
3286 5022 3601 5091 ἁκυρωθείη
3652 5038 3779 5092 μοι,

2187 5122 2340 5189 παρὰ
2370 5119 2513 5181 τίνος
2526 5117 2584 5169 τὸ
2603 5117 2858 5187 δεύτερον
2882 5133 2897 5183 ;
2924 5116 2989 5169 Τί
3010 5131 3146 5183 φατε
3161 5116 3214 5167 οἱ
3245 5114 3780 5180 κατασαπτίςοντες,

2183 5214 2217 5286 ἢ
2263 5210 2770 5275 ἀναὸαπτίζοντες;
2806 5208 2997 5261 Ἔστιν
3045 5201 3187 5260 εἶναι
3226 5206 3600 5276 πνευματικὸν
3636 5210 3783 5260 ἄνευ

2186 5306 2282 5359 τοῦ
2315 5303 2634 5374 Πνεύματος
2661 5320 2676 5370 ;
2711 5302 2950 5369 Μετέχει
2979 5298 3037 5351 δὲ
3067 5297 3383 5368 Πνεύματος
3420 5300 3448 5351 ὁ
3480 5298 3555 5369 μὴ
3588 5298 3782 5367 τιμῶν

2185 5395 2247 5449 τὸ
2280 5393 2541 5463 Πνεῦμας
2572 5393 2722 5463 Τιμᾷ
2745 5392 2853 5444 δὲὸ
2887 5390 2968 5452 είς
3025 5390 3257 5458 κτίσμα,
3320 5391 3415 5443 καὶ
3472 5390 3781 5460 ὁμόδουλον

2188 5486 2624 5557 βαπτιζόμενοςς
2660 5485 2774 5537 οὐκ
2803 5484 2977 5535 ἔστιν.
3029 5482 3143 5553 Οὐχ
3192 5481 3334 5534 οὕτω
3383 5482 3554 5535 πολλὰ
3591 5485 3770 5553 ἐρεῖς,

2187 5576 2262 5630 Oti
2298 5574 2577 5645 ψεύσομαι
2610 5589 2694 5639 σε,
2728 5575 2914 5642 Πάτερ
2959 5573 3184 5643 ἄναρχε.
3230 5572 3305 5625 Οὐ
3344 5573 3620 5643 ψεύσομαι
3679 5590 3775 5641 σε,

2187 5670 2482 5743 μονογενὲς
2536 5667 2699 5737 Λόγε.
2743 5666 2817 5719 Οὐ
2851 5666 3127 5738 ψεύσομαι
3188 5683 3271 5734 σε,
3307 5667 3369 5721 τὸ
3408 5667 3633 5738 Πνεῦμα
3700 5668 3780 5722 τὸ
