4130 6454
548 522 630 590 83
648 561 652 566 ι
1563 553 1565 556 ⁴
1813 524 2144 586 EUTHYM.‘

2243 525 2406 586 ZIGA
2418 525 2562 586 BEN
2568 524 2593 585 Ι
3407 510 3412 515 ’
3743 508 3804 577 84

551 633 795 706 graditur
829 635 1051 698 chorus,
1096 646 1154 701 ut
1185 643 1439 692 asserunt
1469 635 1566 699 illi,
1591 636 1684 707 qui
1742 637 1796 692 in
1859 638 2131 707 ejusmodi

2243 639 2453 709 ἀρετῶν
2491 638 2752 709 ἔστηκεν,
2791 637 2868 702 ὡς
2905 637 3056 691 δοκεῖ
3079 638 3192 700 τοῖς
3240 635 3412 691 ταῦτα
3444 631 3664 697 δεινοῖς,
3719 649 3806 684 πι·

554 725 737 780 studio
771 729 1352 796 praestant,crcdimus
1385 729 1444 782 in
1492 728 1730 795 Patrem,
1798 740 1855 785 et
1914 728 2138 793 Filium,

557 826 611 872 et
644 815 906 886 Spiritum
931 829 1201 879 sanetum.
1233 834 1538 887 eorumque
1593 834 1756 874 unam
1779 829 1835 874 et
1889 819 2138 874 ean‘idem

556 916 804 961 naturam
833 923 958 962 esse
994 907 1230 962 dicimus
1261 917 1318 963 et
1346 909 1688 980 dignitatem.
1743 909 1800 964 In
1827 910 1913 966 his
1969 919 2025 964 et
2045 911 2139 965 ba-

568 998 1180 1068 pusula-perfectionem
1210 999 1399 1065 habet,
1431 1009 1485 1056 et
1521 1001 1575 1055 in
1599 1002 1936 1067 nominibus,
1974 1010 2028 1056 et
2083 1002 2138 1056 in

558 1087 740 1142 rebus.
766 1088 1016 1159 Abnegas
1061 1087 1208 1143 enim
1237 1098 1296 1144 ut
1325 1090 1464 1145 nosti
1513 1100 1592 1156 tu,
1617 1093 1707 1160 qui
1737 1092 1994 1155 initiaris,
2034 1091 2138 1147 im-

556 1175 814 1246 pietatem
842 1177 1084 1243 ii‘lorum,
1108 1178 1199 1250 qui
1241 1178 1459 1248 Filium,
1496 1192 1591 1236 aut
1619 1180 1889 1252 Spiritum
1944 1183 2140 1238 volunt

553 1282 676 1323 esse
703 1267 904 1336 Deum,
929 1271 1134 1339 quique
1164 1270 1403 1336 Patrem,
1429 1282 1483 1328 et
1511 1272 1730 1340 Filium,
1765 1283 1819 1330 et
1872 1273 2138 1346 Spiritum

557 1357 918 1415 commiscent
960 1370 1125 1431 atque
1154 1362 1518 1428 confundunt,
1551 1374 1606 1418 et
1633 1365 1946 1420 distinctam
1976 1376 2140 1437 atque

555 1461 720 1502 unam
753 1448 1097 1505 divinitatem
1133 1453 1440 1508 conliteris.
1502 1453 1678 1519 Quem
1733 1455 1898 1526 igitur
1942 1465 2138 1511 natura

555 1556 724 1594 unum
753 1543 1101 1612 agnoscimus
1122 1553 1177 1597 et
1201 1544 1516 1609 adoramus,
1555 1547 1608 1599 in
1650 1555 1760 1600 tres
1797 1546 2137 1618 bypostases,

555 1630 675 1686 sive
698 1646 988 1701 personas,
1015 1634 1064 1688 si
1100 1635 1188 1689 cui
1221 1651 1282 1689 ea
1314 1651 1412 1689 vox
1436 1637 1606 1708 magis
1646 1637 1844 1708 placet,
1902 1639 1972 1695 ita
2026 1638 2138 1693 dis-

557 1721 875 1793 tinguimus.
909 1723 1097 1796 Neque
1126 1727 1274 1781 enim
1311 1728 1402 1798 qui
1459 1727 1528 1783 de
1575 1729 1843 1799 ejusmodi
1911 1732 2140 1788 vocibus

556 1811 947 1882 digladiantur,
986 1832 1066 1882 se,
1103 1834 1226 1872 cum
1264 1818 1413 1874 idem
1439 1821 1705 1890 sentiant,
1736 1822 1974 1879 vicissim
2039 1823 2138 1880 de-

555 1905 688 1962 bent
712 1907 993 1973 insectari,
1020 1910 1250 1980 perinde
1281 1912 1438 1982 quasi
1471 1913 1646 1984 pietas
1687 1914 1743 1969 in
1794 1914 1998 1980 verbis,
2075 1931 2139 1970 ac

559 2009 672 2050 non
741 1997 796 2052 in
848 1999 1016 2054 rebus
1089 2001 1225 2071 ipsis
1272 1980 1558 2062 consistat.
1605 2004 1748 2070 Quid
1773 2005 1924 2062 enim
1957 2007 2140 2062 dicitis
2171 1980 2213 2035 Β

553 2101 677 2154 vos,
708 2090 799 2159 qui
827 2099 940 2146 tres
963 2091 1172 2148 aﬂ'ertis
1195 2094 1553 2164 hypostases?
1582 2096 1724 2150 Num
1750 2108 1860 2152 tres
1883 2113 2005 2154 esse
2039 2114 2140 2152 na-

558 2190 713 2237 turas
742 2182 1070 2241 existimatis
1095 2185 1120 2239 ?
1147 2187 1503 2254 reSpondete.
1542 2187 1670 2243 Scio
1702 2203 1797 2242 vos
1826 2203 1946 2244 esse
1968 2189 2144 2243 recla-

551 2282 820 2340 maturos,
870 2275 916 2329 si
953 2275 1078 2345 quis
1109 2277 1181 2331 ita
1214 2277 1281 2332 de
1313 2279 1464 2333 vobis
1491 2281 1825 2348 saepicetur.
1879 2279 2018 2347 Quid
2049 2297 2147 2336 au-

553 2373 664 2419 tem
704 2380 821 2434 vos,
846 2368 938 2437 qui
998 2385 1264 2439 personas
1324 2371 1618 2438 adducitis,
1673 2388 1919 2428 unumne
1984 2374 2147 2444 quid-

559 2457 705 2526 piam
743 2461 1136 2530 compositum,
1192 2471 1248 2517 et
1303 2464 1478 2520 tribus
1523 2465 1812 2531 praditum
1869 2467 2144 2532 personis,

555 2559 612 2603 ct
640 2550 879 2606 hominis
928 2553 1158 2608 omnino
1183 2552 1378 2609 faciem
1438 2556 1734 2624 pmferens
1789 2556 2146 2626 conlingitis?

555 2641 762 2712 Apage,
801 2658 901 2697 vos
935 2642 1067 2696 item
1101 2645 1264 2698 valde
1300 2645 1692 2700 reclamaturos
1741 2647 1879 2708 scio,
1924 2645 2138 2701 Nullam

553 2732 701 2785 enim
728 2732 998 2802 ejusmodi
1026 2748 1152 2788 esse
1183 2749 1473 2803 personam
1508 2733 1624 2789 Dei.
1653 2733 1796 2800 Quid
1860 2751 1994 2805 ergo
2045 2749 2142 2790 ve-

553 2831 690 2877 stra
723 2824 882 2879 vobis
905 2824 1096 2878 volunt
1120 2826 1492 2896 hypostases?
1523 2835 1617 2881 aut
1669 2841 1888 2881 rursum
1947 2835 2142 2881 vestrae

552 2915 709 2970 vobis
742 2916 1032 2986 personae?
1055 2903 1179 2973 'V'os
1209 2917 1354 2972 enim
1374 2917 1571 2972 iterum
1598 2917 1961 2988 interrogabo.
1994 2915 2142 2972 Non-

556 3021 627 3061 ne
653 3006 726 3061 ita
752 3015 863 3063 tres
893 3023 1035 3072 esse,
1073 3018 1133 3064 ut
1187 3024 1302 3065 non
1361 3017 1556 3063 natura
1619 3007 1803 3073 divisi,
1857 3007 1952 3062 sed
2015 3023 2142 3078 pro-

2243 731 2510 800 στεύομεν
2547 731 2628 794 είς
2671 731 2895 802 Πατέρα
2915 730 3011 784 καὶ
3041 729 3172 782 Υίὸν
3201 729 3298 782 καὶ
3355 725 3584 794 Πνεῦμα
3634 723 3806 791 ἅγιον,

2240 823 2510 893 ὁμοούσιά
2559 840 2621 875 τε
2657 823 2754 877 καὶ
2781 821 3038 892 δμόδοξα,
3067 822 3127 874 ἀν
3163 816 3246 882 οἷς
3278 819 3374 873 καὶ
3431 817 3495 871 τὸ
3527 815 3808 886 βάπτισμα

2240 915 2340 986 τὴν
2377 914 2658 969 τελείωσιν
2685 915 2800 987 ἔχει
2839 915 2898 968 ἐν
2924 931 2983 968 τε
3039 913 3269 979 ὀνόμασι
3321 910 3416 964 καὶ
3471 908 3806 978 πράγμασιν.

2242 1005 2404 1071 Οἶδας
2434 1011 2462 1062 ὁ
2497 1008 2753 1080 μυηθεὶς,
2791 1009 3022 1078 ἄρνησις
3051 1004 3112 1059 δν
3148 1005 3359 1069 ἀθεῖας,
3413 1001 3510 1056 καὶ
3555 998 3810 1069 ὁμολογία

2241 1103 2514 1172 θεότητος,
2545 1105 2639 1157 καὶ
2665 1101 2811 1158 οὓτω
2839 1100 3286 1173 καταρτιζόμεθα
3311 1115 3329 1133 ο
3380 1098 3441 1152 τὸ
3489 1097 3590 1166 μὲν
3631 1096 3691 1148 ἓν
3745 1097 3808 1165 τῇ

2240 1197 2404 1268 οὐσίᾳ
2425 1195 2820 1265 γινώσκοντες,
2861 1195 2958 1249 καὶ
3006 1195 3068 1248 τὸ
3102 1191 3388 1263 ἀμερίστῳ
3425 1193 3525 1258 τῆς
3577 1204 3811 1258 προσκυ-

2241 1291 2473 1359 νήσεως,
2500 1289 2570 1343 τὰ
2603 1290 2660 1342 δὲ
2688 1289 2816 1360 τρία
2855 1290 2978 1350 ταῖς
3005 1286 3372 1340 ὑποστάσεσιν
3388 1281 3489 1336 εἴτ’
3522 1279 3616 1334 οὖν
3643 1295 3813 1348 προσ-

2240 1382 2437 1449 ώποις,
2489 1382 2517 1436 ὃ
2539 1397 2650 1435 τισι
2684 1381 2860 1450 φίλον.
2892 1378 3047 1450 Μηδὲ
3070 1377 3180 1446 γὰρ
3209 1377 3261 1429 oi
3301 1375 3430 1446 περὶ
3454 1373 3632 1427 ταῦτα
3657 1371 3813 1437 ζυγοο

2241 1472 2550 1544 μαχοῦντες
2609 1471 3125 1543 ἀσχημονείτωσαν,
3198 1469 3390 1539 ὥσπερ
3468 1468 3528 1518 ὲν
3589 1465 3813 1532 ὀνόμασι

2241 1564 2506 1634 κειμένης
2541 1565 2674 1634 ἡμῖν
2704 1563 2806 1633 τῆς
2853 1562 3160 1625 εὐσεϐείας,
3226 1559 3344 1614 ἀλλ’
3391 1558 3492 1612 οὐκ
3545 1558 3604 1609 ὲν
3639 1554 3813 1624 πράγ-

2239 1673 2399 1726 ματι.
2434 1656 2499 1708 Τί
2529 1658 2640 1728 γάρ
2677 1673 2814 1727 φατε
2857 1657 2908 1709 οῖ
2945 1655 3046 1718 τὰς
3071 1655 3223 1725 τρεῖς
3255 1652 3591 1710 ὑποστάσεις
3629 1645 3840 1730 εἰσφέ-ι

2241 1766 2438 1818 ροντες
2472 1765 2488 1816 ;
2524 1750 2621 1819 Μὴ
2671 1750 2824 1820 τρεῖς
2867 1746 3058 1809 οὐσίας
3123 1743 3604 1811 ὑπολαμῦἁνοντες
3660 1737 3818 1792 τοῦτο

2239 1841 2466 1909 λέγετε;
2518 1841 2682 1908 Μέγα
2736 1835 2836 1892 οἷδ’
2883 1841 2966 1893 ὅτι
3017 1837 3242 1908 βοήσετε
3285 1835 3429 1889 κατὰ
3488 1833 3598 1886 τῶν
3645 1829 3818 1892 οὔτως

2240 1932 2648 2003 ὑπειληφότων.
2689 1933 2840 1985 Μίαν
2872 1931 2982 2001 γὰρ
3031 1929 3130 1983 καὶ
3163 1928 3261 1998 τὴν
3292 1927 3468 1998 αὐτὴν
3504 1925 3616 1978 τῶν
3651 1921 3820 1992 τριῶν

2241 2022 2628 2092 δογματίζετε.
2661 2022 2728 2075 Τί
2754 2019 2813 2074 δὲ
2841 2023 2889 2073 οἱ
2920 2021 2989 2074 τὰ
3021 2019 3328 2087 πρόσωπα,
3381 2017 3460 2088 μὴ
3525 2016 3586 2069 ἓν
3629 2009 3741 2068 οἷὸν
3764 2029 3818 2066 τι

2247 2113 2509 2166 σύνθετον
2535 2111 2939 2172 ἀναπλάσσετε,
2957 2111 3052 2165 καὶ
3082 2109 3493 2179 τριπρόσωπον,
3525 2105 3560 2175 ἢ
3609 2105 3820 2174 ἀνθρω-

2241 2206 2527 2277 πόμορφον
2556 2205 2731 2272 ὅλως;
2779 2205 3020 2271 Ἀπαγε,
3077 2203 3174 2257 καὶ
3233 2201 3394 2272 ὑμεῖς
3442 2197 3821 2266 ἀντιδοήσετε,

2241 2299 2397 2369 Μηδὲ
2425 2299 2720 2369 πρόσωπον
2748 2297 2777 2350 ὃ
2804 2295 2859 2348 τί
2889 2296 3022 2349 ποτέ
3071 2297 3222 2349 ἐστιν
3249 2294 3348 2348 ἴδοι
3379 2292 3542 2357 Θεοῦ,
3570 2291 3630 2354 ὃς
3650 2289 3825 2352 οὕτως

2251 2387 2387 2460 ἔχει.
2424 2389 2490 2442 Τί
2525 2383 2620 2443 οὖν
2649 2389 2778 2456 ὑμῖν
2806 2387 2866 2440 αί
2897 2385 3228 2448 ὑποστάσεις
3265 2383 3572 2454 βούλονται,
3607 2382 3639 2451 ἢ
3693 2380 3825 2448 ὑμῖν

2245 2485 2316 2533 τὰ
2365 2478 3129 2549 πρόσωπα;ῐ1ροσερήσομαι
3187 2475 3324 2546 γάρ.
3380 2474 3454 2526 Τὸ
3501 2473 3628 2539 τρία
3681 2465 3826 2524 εἶναι

2245 2573 2316 2624 τὰ
2336 2570 2695 2642 διαιρούμενα
2728 2570 2789 2621 ού
2824 2566 3081 2637 φύσεσιν,
3106 2566 3222 2620 ἀλλ’
3270 2567 3530 2636 ἰδιότησιν
3561 2582 3577 2632 ;
3620 2563 3826 2632 Ὑπέρο

2245 2679 2396 2730 ευγε.
2455 2662 2579 2724 Πῶς
2621 2661 2689 2715 ἄν
2735 2677 2880 2722 τινες
2934 2660 3299 2730 συμφρονοῖεν
3367 2656 3569 2727 μᾶλλον
3621 2655 3718 2709 καὶ
3761 2653 3828 2707 τὸ

2243 2755 2375 2809 αὐτὸ
2403 2754 2638 2822 λέγοιεν,
2676 2753 2710 2826 ἢ
2746 2752 2924 2817 οὕτως
2955 2753 3194 2822 ἔχοντες,
3241 2751 3344 2806 κᾶν
3373 2752 3494 2812 ταῖς
3525 2746 3824 2811 συλλαϐαῖς

2247 2847 2581 2916 διαφέρωσιν
2608 2863 2624 2912 ;
2667 2843 2862 2915 Ὁρᾶτε
2881 2843 3000 2908 οἷος
3028 2843 3140 2913 ἐγὼ
3179 2841 3503 2911 διαλλακτὴς
3524 2840 3653 2910 ὑμῖν
3687 2838 3827 2909 πρὸς

2250 2939 2341 2994 τὸν
2370 2937 2494 2992 νοῦν
2515 2938 2665 3007 ἄγων
2695 2938 2804 2993 ἀπὸ
2825 2937 2918 2990 τοῦ
2949 2938 3318 3009 γράμματος,
3341 2933 3534 3003 ὥσπερ
3563 2931 3663 3002 τὴν
3721 2947 3829 2984 πα-

2251 3028 2432 3094 λαιὰν,
2465 3029 2562 3082 καὶ
2587 3029 2687 3099 τὴν
2711 3029 2877 3095 νέαν;

557 3120 889 3190 ριὶοιοιίιιυε
941 3123 1188 3179 distincti
1223 3125 1370 3179 sint?
1426 3123 1665 3196 Optime.
1713 3123 2000 3190 Quomodo
2039 3121 2254 3192 possint
2298 3123 2467 3194 aliqui
2516 3125 2691 3195 magis
2757 3124 2900 3180 inter
2946 3138 3008 3178 se
3059 3123 3377 3185 convenire,
3429 3130 3488 3176 et
3532 3121 3675 3176 idem
3739 3115 3825 3172 di-

555 3231 716 3282 cere,
748 3233 908 3286 quam
937 3218 1028 3286 qui
1074 3218 1150 3284 ita
1202 3219 1471 3282 sentiunt,
1532 3219 1660 3275 licet
1702 3220 1883 3274 verbis
1931 3229 1988 3274 et
2043 3217 2330 3282 vocabulis
2375 3217 2728 3286 discrepent?
2787 3217 3037 3280 cernitis,
3088 3215 3305 3286 qualem
3353 3229 3441 3268 me
3481 3213 3640 3268 vobis
3687 3228 3825 3268 con-

554 3315 860 3370 ciliatorem
895 3313 1205 3383 praebeam?
1240 3312 1362 3379 Quo
1420 3323 1581 3384 pacto
1633 3331 1663 3368 a
1716 3315 2011 3369 verborum
2055 3313 2456 3387 significatione
2493 3311 2561 3367 ad
2596 3311 2770 3383 ipsam
2825 3327 2965 3377 rem,
3000 3310 3368 3380 eamdemque
3411 3323 3636 3364 sensum
3705 3319 3822 3364 tum

557 3415 822 3471 veterem,
854 3418 968 3463 tum
1002 3423 1197 3461 novam
1216 3409 1530 3479 opinionem
1565 3409 1880 3465 deducam?

625 3500 734 3557 Sed
770 3499 1109 3556 redeundum
1143 3500 1211 3555 ad
1279 3501 1642 3571 propositum.
1686 3502 1843 3558 Alius
1908 3517 2040 3572 ergo
2089 3512 2144 3557 et

2318 3500 2468 3556 Ἀλλ’
2491 3499 2780 3554 ἐπανιτέον
2807 3516 2901 3570 μοι
2924 3499 3091 3553 πάλιν
3116 3498 3255 3570 πρὸς
3281 3499 3374 3553 τὸν
3422 3497 3591 3551 αὑτὸν
3634 3497 3818 3567 λόγον.

552 3593 790 3657 dicatur,
853 3602 907 3650 et
968 3594 1238 3649 sentiatur
1318 3594 1644 3664 ingenitus,
1695 3594 1836 3650 alius
1862 3594 2136 3665 (genitus,

555 3683 698 3739 alius
733 3683 1056 3752 procedens,-
1085 3682 1129 3737 si
1153 3682 1278 3753 quis
1329 3682 1597 3754 ﬁngendis
1649 3684 1934 3741 vocabulis
1988 3685 2141 3742 deie-

558 3785 760 3833 ctctur.
788 3773 909 3831 Non
938 3777 1086 3831 enim
1117 3789 1332 3842 vereor,
1355 3790 1421 3830 ne
1453 3777 1544 3846 qui
1570 3787 1701 3831 sunt
1733 3787 1988 3848 expertes
2016 3793 2142 3834 cor-

551 3869 735 3942 paris,
762 3868 974 3924 ratione
1009 3881 1276 3936 corporea
1329 3867 1660 3937 cogitentur,
1713 3875 1772 3923 ut
1823 3877 2022 3939 putant
2080 3869 2140 3936 ii,

565 3961 660 4033 qui
695 3961 1044 4015 Divinitatem
1071 3959 1504 4014 calumniantur.
1561 3959 1691 4023 Quae
1744 3969 1928 4014 autem
1955 3971 2138 4016 creata

556 4066 706 4118 sunt,
734 4054 988 4107 dicantur
1020 4051 1112 4106 illa
1147 4050 1369 4120 quidem
1462 4063 1586 4104 esse
1639 4049 1756 4102 Dei.
1813 4050 1950 4106 Nam
2008 4050 2142 4105 illud

553 4147 718 4201 etiam
758 4158 1013 4215 magnum
1072 4158 1099 4196 a
1165 4141 1324 4198 nobis
1381 4140 1726 4195 existimatur
1769 4162 1782 4198 :
1833 4141 1928 4196 sed
1982 4142 2145 4208 nihil,

554 4236 703 4307 quod
757 4244 1002 4290 creatum
1059 4234 1132 4288 sit
1223 4231 1451 4288 omnino
1508 4232 1723 4288 dicatur
1807 4232 1976 4287 Deus.
2034 4232 2145 4287 Aut

557 4339 690 4380 tunc
722 4323 1012 4388 assentiar,
1025 4322 1172 4392 quod
1213 4329 1457 4377 creatum
1483 4321 1576 4387 sit,
1609 4335 1730 4376 esse
1763 4320 1960 4384 Deum,
2017 4337 2143 4376 cum

558 4433 662 4489 ego
687 4431 907 4487 quoque
963 4415 1186 4487 praprie
1243 4424 1299 4469 et
1333 4428 1467 4469 vere
1525 4413 1663 4470 deus
1713 4417 2002 4471 exstitero.
2051 4415 2145 4472 Sic

556 4509 706 4564 enim
738 4523 825 4564 res
856 4507 1036 4564 habet.
1095 4505 1152 4564 Si
1178 4507 1322 4562 Deus
1345 4515 1450 4569 est,
1489 4520 1603 4562 non
1625 4514 1711 4561 est
1758 4514 1997 4572 creatus,
2039 4507 2146 4563 hoc

557 4602 705 4658 enim
755 4600 812 4655 in
848 4614 969 4667 nos,
1005 4599 1098 4669 qui
1147 4598 1226 4654 di-i
1259 4613 1370 4654 non
1405 4613 1616 4664 sumus,
1643 4597 1811 4653 cadit.
1837 4596 1934 4652 Sin
1989 4612 2145 4655 crea-

561 4703 648 4749 tus
675 4701 780 4759 est,
807 4707 916 4747 non
952 4702 1036 4749 est
1079 4691 1263 4747 Deus:
1304 4705 1430 4745 nam
1459 4699 1706 4760 tempore
1760 4689 1943 4758 aliquo
1976 4687 2146 4759 cepit

555 4802 702 4846 esse.
734 4786 888 4853 Quod
905 4800 1026 4840 esse
1063 4784 1253 4855 erepit,
1299 4783 1594 4851 aliquando
1633 4797 1742 4836 non
1801 4781 1924 4836 fuit.
1981 4781 2139 4847 Quod

559 4887 746 4933 autem
775 4891 902 4932 vere
959 4891 1073 4930 non
1095 4853 1198 4940 est,
1226 4875 1283 4932 id.
1309 4874 1581 4944 quomodo
1612 4871 1788 4928 Deus?
1841 4872 1987 4927 Nihil
2041 4871 2143 4941 igi-
2172 4853 2214 4908 D

562 4979 670 5034 t-ur,
697 4970 842 5039 quod
865 4977 1108 5022 creatum
1127 4976 1230 5033 est,
1262 4967 1455 5021 horum
1500 4964 1659 5019 trium
1684 4964 1852 5018 ullum
1882 4978 2004 5019 esse
2050 4978 2149 5033 po-

560 5071 702 5128 test;
725 5076 789 5116 ac
817 5061 989 5116 multo
1013 5061 1217 5123 minus,
1253 5057 1396 5127 quod
1427 5057 1493 5111 ab
1527 5057 1748 5110 homine
1796 5053 1997 5109 factum
2039 5064 2144 5123 est,

559 5168 686 5208 cum
719 5167 833 5206 non
851 5151 1015 5206 modo
1044 5160 1287 5204 creatum
1314 5148 1404 5212 sit,
1438 5146 1533 5200 sed
1563 5146 1727 5199 etiam
1775 5143 1938 5198 vilius
1967 5144 2146 5198 homi-

560 5258 652 5306 ne,
677 5239 772 5310 qui
797 5239 926 5294 illud
952 5238 1100 5292 fecit.
1141 5236 1278 5290 Nam
1309 5234 1353 5290 si
1419 5235 1584 5289 homo
1649 5233 1715 5287 ad
1767 5232 1988 5304 gloriam
2047 5233 2145 5288 Dei

564 5336 855 5397 iactusest,
884 5347 1024 5402 Opus
1044 5340 1226 5385 autem
1257 5327 1496 5382 hominis
1544 5327 1613 5381 ad
1665 5325 1785 5394 ejus
1847 5325 2138 5380 utilitatem

2247 3595 2325 3649 Τὸ
2354 3594 2453 3665 μὲν
2490 3591 2586 3648 οὖν
2609 3595 2928 3664 ἀγέννητον,
2949 3593 3045 3646 καὶ
3065 3591 3128 3644 τὸ
3162 3590 3448 3660 γεννητὸν,
3505 3589 3602 3642 καὶ
3630 3588 3695 3640 τὸ
3723 3590 3824 3640 ἑκ-

2243 3682 2508 3752 πορευτὸν
2532 3680 2778 3750 λεγέσθω
2822 3697 2885 3733 τε
2917 3683 3014 3735 καὶ
3047 3681 3295 3745 νοείσθω,
3325 3680 3380 3733 εί
3405 3696 3482 3750 τῳ
3507 3678 3660 3748 φίλον
3723 3678 3823 3746 δη-

2244 3776 2531 3844 μιουργεῖν
2561 3773 2823 3840 ὀνόματα.
2849 3771 2926 3826 Οὐ
2952 3773 3061 3840 γὰρ
3095 3771 3350 3840 δείσομεν
3386 3769 3598 3841 μήποτε
3626 3766 3826 3838 νοῆται

2246 3865 2582 3936 σωματικῶς
2611 3865 2682 3918 τὰ
2727 3865 3019 3931 ἀσώματα,
3069 3864 3211 3932 ὅπερ
3245 3864 3394 3916 δοκεῖ
3429 3862 3545 3923 τοῖς
3582 3863 3828 3930 ἐπηρεα-

2247 3959 2402 4023 σταῖς
2433 3957 2532 4026 τῆς
2556 3957 2846 4026 Θεότητος.
2879 3956 3104 4023 Κτίσμα
3141 3953 3360 4006 δὲ.,Θεοῦ
3392 3953 3495 4022 μὲν
3527 3950 3773 4018 λεγέσθω
3801 3966 3816 3981 ⁸

2245 4047 2389 4116 μέγα
2418 4046 2528 4117 γὰρ
2557 4048 2690 4116 ημῖν
2729 4047 2826 4100 καὶ
2866 4046 3028 4100 τοῦτο
3053 4061 3067 4076 ·
3115 4045 3250 4108 Θεὸς
3298 4043 3357 4097 δὲ
3410 4042 3700 4114 μηδαμῶς.
3750 4043 3827 4096 Ἦ

2243 4139 2368 4190 τότε
2417 4136 2647 4207 δέξομαι
2697 4138 2906 4207 κτίσμα
2937 4133 3081 4192 εἶναι
3154 4137 3310 4199 Θεὸν,
3355 4137 3484 4190 ὅταν
3528 4133 3688 4203 κάγὼ
3735 4134 3834 4201 γέ-

2211 4241 2226 4256 ·
2248 4246 2438 4298 νωμαι
2471 4230 2674 4301 κυρίως
2699 4231 2862 4295 Θεός.
2897 4231 3054 4303 Ἔχει
3083 4231 3193 4302 γὰρ
3223 4229 3418 4293 οὕτως.
3445 4230 3507 4282 Εί
3535 4228 3636 4298 μὲν
3661 4226 3826 4294 Θεὸς,

2245 4323 2306 4376 οὐ
2337 4321 2545 4392 κτίσμα
2565 4323 2735 4393 ’,μεθ’
2763 4324 2924 4395 ἡμῶν
2958 4324 3068 4396 γὰρ
3102 4325 3163 4377 τὸ
3193 4323 3405 4393 κτίσμα
3434 4321 3544 4376 τῶν
3574 4320 3636 4374 ού
3653 4319 3822 4372 θεῶν·

2251 4413 2300 4467 εί
2329 4413 2539 4484 κτίσμα
2568 4413 2650 4478 δὲ,
2697 4415 2758 4468 ού
2785 4417 2942 4481 Θεὸς.
2977 4415 3225 4487 Ἤρξατο
3277 4415 3391 4486 γὰρ
3421 4411 3712 4485 χρονικῶς.
3755 4409 3834 4466 Ὃ

2246 4507 2304 4561 δὲ
2335 4506 2557 4579 ἤρξατο,
2590 4504 2660 4580 ἦν
2691 4509 2784 4564 ὅτε
2813 4509 2916 4564 οὑκ
2957 4505 3048 4580 ἦν.
3093 4502 3176 4564 Ob
3221 4509 3281 4563 δὲ
3334 4507 3714 4580 πρεσϐύτερον
3767 4505 3842 4558 rb

2245 4600 2350 4652 οὐκ
2379 4595 2469 4670 ἦν,
2488 4601 2649 4654 τοῦτο
2695 4601 2757 4654 οὐ
2792 4601 3006 4672 κυρίως
3065 4600 3148 4666 ὃν,
3183 4599 3246 4653 τὸ
3269 4599 3326 4653 δὲ
3378 4599 3456 4669 μὴ
3515 4599 3721 4668 κυρίως
3770 4594 3846 4650 ὃν

2249 4692 2365 4755 πῶς
2395 4691 2735 4758 Θεός;Οῦτε
2786 4692 2878 4747 οὖν
2935 4693 3144 4763 κτίσμα
3194 4691 3308 4746 τῶν
3355 4691 3528 4761 τριῶν
3566 4689 3694 4744 οὐδὲ
3748 4687 3848 4751 ἓν,

2247 4782 2372 4834 οὔτε
2405 4783 2434 4836 ὃ
2477 4783 2668 4838 τούτου
2735 4786 2917 4854 χεῖρον
2969 4785 3038 4839 δι’
3073 4784 3176 4854 ἐμὲ
3232 4782 3560 4854 γενόμενον,
3617 4780 3706 4832 ἵνα
3754 4779 3848 4852 μὴ

2247 4871 2518 4948 κτίσμαῇ
2563 4877 2746 4946 μόνον,
2795 4877 2932 4931 ἀλλὰ
3006 4877 3102 4931 καὶ
3160 4876 3320 4946 ήμῶν
3361 4875 3706 4945 ἀτιμότερον.
3769 4871 3854 4926 Εἰ

2249 4969 2358 5037 γὰρ
2389 4968 2500 5037 ἐγὼ
2537 4970 2742 5039 μὲνείς
2775 4969 2937 5035 δόξαν
2988 4969 3150 5036 Θεοῦ,
3205 4967 3365 5022 τοῦτο
3413 4967 3470 5019 δὲ
3522 4965 3591 5019 δι’
3626 4966 3748 5034 ἐμὲ,
3799 4965 3851 5037 ἠ

2249 5059 2490 5131 περίγρα
2521 5060 2610 5114 διὰ
2655 5059 2755 5131 τὴν
2800 5061 3103 5132 ἂμαξαν,ἧ
3151 5062 3179 5114 ὁ
3208 5058 3385 5128 πρίων
3423 5057 3514 5110 διὰ
3564 5057 3665 5125 τὴν
3731 5053 3852 5108 θύ-

2251 5165 2386 5219 ραν,
2409 5149 2546 5203 νικῶ
2568 5153 2635 5222 τῇ
2667 5153 2838 5222 αἰτίᾳ.
2871 5152 3026 5222 Ὂσῳ
3049 5151 3158 5221 γὰρ
3189 5149 3510 5219 κτισμάτων
3539 5148 3670 5212 Θεὸς
3686 5146 3852 5216 ὑψη-

2249 5240 2490 5311 λότερος,
2526 5244 2768 5315 τοσούτῳ
2833 5246 2930 5299 τοῦ
2995 5244 3082 5296 διὰ
3125 5242 3259 5296 Θεὸν
3299 5241 3636 5302 ὑποστάντος
3690 5241 3853 5310 ὲμοῦ

2249 5333 2309 5384 τὸ
2329 5333 2398 5386 δι’
2428 5333 2528 5403 ἐμὲ
2561 5337 2856 5407 γενόμενον
2885 5335 3231 5405 ἀτιμότερον.

564 5429 818 5504 (exempli
860 5429 1032 5499 gratia
1074 5425 1367 5483 :Amussis
1397 5433 1459 5477 ut
1489 5436 1688 5478 currus
1745 5419 1858 5485 ﬁat,
1900 5429 1958 5474 οι
2003 5436 2173 5486 serra,
2217 5436 2275 5488 ul
2301 5431 2501 5484 ostium
2548 5434 2614 5487 ad
2676 5447 3023 5487 communem
3075 5430 3362 5486 hominum
3423 5426 3631 5497 usum),
3664 5421 3854 5479 nimi-

567 5539 686 5577 rum
746 5522 909 5578 homo
971 5520 1223 5592 superior
1239 5527 1343 5576 est.
1375 5518 1590 5584 Quanto
1643 5515 1792 5570 enim
1847 5515 1988 5569 Deus
2050 5514 2214 5571 rebus
2245 5534 2275 5573 a
2300 5535 2359 5575 se
2386 5527 2709 5592 procreatis,
2741 5534 2892 5580 tanto
2923 5524 3108 5580 itidem
3136 5524 3304 5581 homo
3331 5523 3498 5579 rebus
3547 5535 3581 5576 α
3619 5533 3678 5574 se
3699 5532 3861 5573 con-

567 5615 729 5671 tectis.
755 5625 841 5670 est
872 5613 1242 5684 praestantior.

891 5712 976 5767 Ea:
1007 5711 1246 5765 oratione
1280 5710 1344 5764 de
1379 5705 1587 5776 Spiritu
1625 5713 1833 5759 sancta.

2295 5709 2396 5763 Ἐκ
2441 5708 2550 5763 τοῦ
2597 5707 2788 5776 λόγου
2856 5707 2966 5760 τοῦ
3037 5702 3174 5772 περὶ
3215 5702 3324 5758 τοῦ
3383 5700 3558 5772 ἁγίου
3598 5701 3798 5756 Πνεῦ-

2919 5793 3106 5847 ματος
3116 5814 3130 5828 .

643 5889 906 5960 Equidem
962 5892 1093 5945 eum
1133 5887 1423 5945 attentiore
1466 5886 1634 5942 animi
1701 5885 1884 5942 studio
1936 5899 2144 5939 mecum

2331 5873 2422 5935 Ὠς
2469 5871 2646 5939 ἔγωγε
2678 5870 2847 5924 πολλὰ
2879 5867 3323 5938 διασκεψάμενος
3363 5863 3496 5934 πρὸς
3523 5863 3714 5915 ἑαυτὸν
3757 5864 3846 5933 τῇ

572 5983 691 6049 ipse
747 5981 915 6036 multa
968 5981 1398 6047 considerarem,
1459 5989 1515 6035 et
1573 5977 1816 6045 undique
1883 5977 2144 6030 rationem

2253 5965 2748 6038 φιλοπραγμοσύνῃ
2828 5964 2920 6018 τοῦ
2985 5961 3140 6028 Υἱοῦ,
3205 5961 3294 6013 καὶ
3358 5956 3691 6027 πανταχόθεν
3740 5955 3856 6009 τὸν
