4130 6436
396 352 472 416 85
1425 358 1808 421 PANOPLIA
1856 358 2315 422 DOGMATICA.
2348 387 2413 400 --
2449 361 2599 423 Tl'l'.
2639 362 2723 422 II.
3635 364 3706 425 ὃὸ

401 467 566 534 ὶόγον
598 467 881 536 εὖθύνας,
919 470 1015 527 καὶ
1063 470 1243 543 ζητῶν
1286 473 1474 541 εἰκόνα
1522 476 1647 530 τινὰ
1680 473 1781 528 τοῦ
1815 476 2006 533 τοσούσ-

2116 479 2356 552 dirigens
2386 480 2624 551 aliquam
2656 487 2823 537 tanta
2878 478 2957 535 rei
3006 478 3423 535 similitudinem
3484 481 3709 551 indaga-

409 580 504 616 του
544 563 895 635 πράγματος
921 566 1021 621 οὐκ
1069 565 1231 636 ἔσχον
1258 559 1413 635 ᾧτινι
1448 567 1557 639 χρὴ
1598 569 1710 624 τῶν
1737 571 1891 626 κάτω
1909 570 2006 641 τὴν

2118 586 2259 639 rem,
2291 572 2431 627 nihil
2471 587 2662 628 eorum
2699 587 2823 643 qua:
2871 571 3016 628 infra
3062 583 3195 628 sunt
3246 574 3446 642 posita.
3476 574 3707 638 inveni,

390 656 568 736 θείαν
595 659 767 726 φύσιν
789 660 1162 732 παραϐαλεῖν.
1192 662 1315 717 Κᾶν
1338 662 1449 733 γὰρ
1488 664 1667 735 μικρὰ
1696 680 1782 728 τις
1807 664 2012 733 ὁμοίως

418 748 646 824 εὑρεθῇ,
680 750 883 822 φεύγει
917 754 979 808 τὸ
1020 756 1209 809 πλεῖον
1236 755 1379 833 ἀφέν
1437 773 1506 826 με
1540 757 1692 812 κάτω
1735 758 1877 828 μετὰ
1914 758 2012 815 τοῦ

417 842 858 916 ύποόείγματος.
913 843 1227 915 Ὀφθαλμόν
1285 864 1432 915 τινα,
1493 849 1589 903 xui.
1658 850 2013 922 πηγὴν,τκαὶ

414 935 668 1006 ποταμὸν
711 936 986 1009 ἐννόησα,
1046 937 1122 1011 μὴ
1166 937 1246 1009 τῷ
1311 940 1413 1011 μὲν
1460 941 1497 996 ό
1553 942 1789 1015 Πατὴρ,
1840 946 1907 1015 τῇ
1956 944 2014 998 δὲ

417 1027 447 1079 ό
479 1026 628 1092 Υἱὸς,
679 1026 761 1098 τῷ
785 1027 843 1082 δὲ
891 1027 955 1081 τὸ
1000 1027 1227 1101 Πνεῦμα
1258 1030 1325 1084 τὸ
1363 1032 1524 1101 ἅγιον
1561 1033 1847 1105 ἀναλόγως
1887 1034 2011 1110 ἔχῃ.

412 1118 611 1175 Ταῦτα
655 1119 766 1189 γὰρ
813 1119 940 1174 οὔτε
981 1122 1174 1193 χρόνος
1229 1124 1536 1197 διέστηκεν,
1591 1127 1715 1182 οὔτε
1761 1128 2014 1199 ἀλλήλων

411 1212 774 1286 ausaausa:
795 1217 864 1287 τῇ
899 1214 1178 1291 συνεχείᾳ,
1213 1216 1311 1273 καὶ
1332 1218 1493 1275 δοκεῖ
1525 1238 1646 1287 πως
1676 1224 1861 1293 τρισὶν
1884 1223 2012 1277 ἰδιό-

411 1324 545 1379 τησι
596 1306 923 1378 τέμνεσθαι.
986 1309 1128 1363 Ἀλλ’
1170 1310 1352 1367 ἔδεισα
1403 1311 1622 1384 πρῶτον
1688 1315 1790 1385 μὲν
1857 1314 2014 1386 ῥύσιν

416 1398 549 1452 τινὰ
588 1397 845 1473 θεότητος
889 1400 1305 1473 παραδέξασθαι
1337 1404 1531 1459 στάσιν
1593 1406 1695 1459 οὐκ
1737 1405 1970 1477 ἔχουσαν
1995 1422 2011 1439 ·

411 1488 678 1561 δεύτερον
707 1492 764 1544 δὲ
796 1492 872 1565 μὴ
896 1495 956 1547 τὸ
978 1494 1040 1549 ἓν
1084 1496 1167 1568 τῷ
1199 1496 1421 1569 ἀριθμῷ
1466 1499 1555 1553 διὰ
1614 1501 1715 1570 τῆς
1763 1502 2014 1567 εἰκασίας

411 1582 727 1652 εἰσάγηται.
775 1585 1086 1658 Ὀφθαλμὸς
1127 1590 1263 1662 γὰρ,
1297 1591 1391 1645 καὶ
1421 1591 1597 1663 πηγὴ,
1637 1593 1730 1646 καὶ
1772 1596 2016 1665 ποταμὸς

414 1671 479 1724 ῑν
519 1674 672 1729 ἔστιν
733 1677 959 1750 ἀριθμῷ
1004 1680 1276 1752 διαφόρως
1311 1682 1789 1754 σχηματιζόμενα.
1848 1686 2017 1740 Πάλιν

417 1763 581 1834 ἥλιον
615 1767 988 1842 ἐνεθυμήθην,
1020 1776 1115 1827 καὶ
1139 1774 1359 1840 ἀκτῖνα,
1401 1775 1496 1829 καὶ
1526 1775 1664 1846 φῶς.
1703 1775 1865 1829 Ἀλλὰ
1884 1780 2013 1831 κάν-

412 1855 594 1910 ταῦθα
624 1857 762 1923 δέος,
791 1860 1009 1928 πρῶτον
1051 1863 1150 1933 μὲν
1178 1863 1254 1934 μὴ
1317 1864 1565 1928 σύνθεσις
1606 1884 1692 1930 τις
1723 1867 2011 1938 ἐπινοῆται

410 1947 519 2016 τῆς
548 1949 846 2005 ἁσυνθέτου
888 1952 1128 2025 φύσεως,
1174 1954 1367 2028 ὥσπερ
1422 1958 1598 2028 ἡλίου,
1659 1960 1756 2012 καὶ
1809 1960 1918 2013 τῶν
1948 1963 2009 2014 ὲν

408 2038 584 2113 ηλεῳο
619 2040 875 2114 δεύτερον
938 2046 996 2099 δὲ
1060 2047 1137 2117 μὴ
1200 2047 1295 2101 τὸν
1347 2050 1573 2122 Πατέρα
1626 2051 2010 2124 ούσιώσωμεν,

412 2132 589 2188 τᾶλλα
615 2133 670 2188 δὲ
694 2136 769 2208 μὴ
789 2138 1211 2211 ύποστήσωμεν,
1250 2140 1388 2196 ἀλλὰ
1408 2141 1671 2214 δυνάμεις
1694 2144 1828 2198 Θεοῦ
1852 2148 2012 2218 ποιή-

414 2243 607 2297 σωμεν
654 2229 1092 2303 ὲνυπαρχούσας,
1140 2234 1239 2305 οὐχ
1301 2234 1646 2304 ὑφεστώσας.
1715 2237 1852 2292 Οὔτε
1899 2239 2009 2311 γὰρ

390 2320 601 2393 ηὰκτὶς,
631 2320 755 2375 οὔτε
788 2324 905 2394 φῶς
969 2324 1128 2390 ἄλλος
1172 2326 1346 2398 ἥλιος,
1398 2328 1515 2383 ἀλλ’
1585 2330 1813 2402 ηλιακαί
1864 2350 2010 2395 τινες

409 2412 740 2485 ἀπόρροιαι,
799 2418 892 2472 καὶ⁵
939 2418 1227 2491 ποιότητες
1273 2421 1578 2489 οὐσιῶδεις,
1636 2423 1732 2477 καὶ
1785 2423 1904 2494 ἅμα
1951 2424 2011 2477 τὸ

408 2500 577 2573 εἶναι,
605 2508 794 2563 καὶτὸ
846 2511 921 2583 μὴ
964 2507 1125 2580 εἶναι,
1171 2514 1251 2585 τῷ
1297 2515 1418 2586 Θεῷ
1454 2516 1635 2588 δῶμεν
1681 2517 1743 2572 ὲν
1797 2519 2011 2582 τούτοις

405 2599 537 2657 ὅσον
576 2602 643 2655 ἐκ
700 2602 795 2657 τοῦ
848 2603 1269 2678 ύποδείγματος,
1316 2608 1344 2661 ὃ
1401 2609 1638 2665 καὶτῶν
1701 2610 2009 2682 εἰρημένων

408 2690 663 2747 ἀτοπὼτε
671 2713 788 2766 ρον.

2116 665 2207 720 cui
2232 666 2425 721 merito
2457 676 2643 736 posset
2670 667 2853 723 divina
2916 678 3113 722 natura
3176 666 3524 737 comparari;
3581 666 3712 725 licet

2115 756 2264 813 enim
2316 759 2523 828 aliquid
2580 761 2630 815 ei
2681 760 2737 813 in
2785 759 2967 830 aliqua
3020 769 3176 830 parte
3218 760 3397 815 simile
3439 761 3706 823 ridentur,

2115 848 2314 918 majori
2339 859 2523 905 tamen
2562 864 2628 904 ex
2688 864 2845 919 parte
2876 850 3141 907 dissimile
3171 859 3275 914 est,
3307 866 3505 921 meque
3541 850 3707 906 simul

2116 957 2240 998 cum
2274 942 2397 1012 ipso
2451 943 2702 1011 exemplo
2736 944 2993 997 deorsum
3034 942 3222 999 trahit.
3272 941 3704 998 Cousiderabam

2114 1035 2337 1091 oculum
2374 1034 2475 1105 (sic
2494 1035 2641 1091 enim
2666 1034 2880 1104 appello
2906 1032 3077 1090 fontis
3128 1034 3316 1105 caput)
3356 1044 3414 1090 et
3468 1034 3704 1100 fontem,

2115 1138 2171 1183 et
2204 1127 2446 1193 ﬁuvium,
2479 1129 2894 1201 cogitabamque
2934 1144 3065 1182 nunt
3095 1129 3271 1198 primo
3324 1128 3509 1191 Pater,
3546 1129 3702 1184 alteri

2115 1218 2306 1287 Filius,
2353 1221 2514 1277 tertio
2575 1222 2812 1293 Spiritus
2890 1221 3243 1294 proportione
3312 1226 3704 1295 responderet.

2114 1312 2569 1384 Quandoquidem
2601 1316 2719 1370 hmo
2749 1329 2851 1369 nec
2883 1324 3130 1385 tempore
3150 1315 3379 1385 distant,
3422 1335 3523 1374 nec
3556 1336 3695 1379 con-

2116 1409 2329 1462 tinuum
2373 1423 2439 1462 ac
2462 1416 2714 1463 mutuum
2788 1407 2932 1461 inter
2952 1422 3011 1462 se
3040 1422 3242 1462 nexum
3294 1400 3581 1475 dirimunt,
3647 1422 3704 1466 et

2082 1496 2291 1551 'tribus
2317 1496 2719 1568 quodammodo
2777 1494 3032 1551 videntur
3086 1494 3345 1569 distingui
3403 1498 3706 1567 proprieta-

2117 1586 2286 1642 tibus.
2342 1586 2452 1640 Sed
2511 1586 2599 1641 ille
2656 1601 2746 1641 me
2821 1585 2991 1639 timor
3036 1585 3286 1649 incessit,
3343 1587 3579 1657 primum
3634 1586 3702 1641 ne

2116 1684 2409 1748 quemdam
2427 1676 2729 1733 divinitatis
2768 1673 2974 1729 ﬁuxum
3008 1673 3354 1729 admitterem
3406 1675 3611 1730 nullam
3650 1678 3703 1731 in

2116 1769 2506 1828 seﬁrmitatem
2542 1770 2958 1834 continentem;
2999 1769 3220 1835 deinde,
3278 1784 3348 1825 ne
3397 1784 3565 1823 unum
3604 1784 3707 1823 nu-

2115 1864 2721 1922 merointroducerem.
2751 1860 2956 1917 Oculus
3006 1862 3153 1917 enim
3199 1861 3479 1917 etﬁuvius
3533 1876 3704 1915 unum

2113 1971 2348 2013 numero
2382 1971 2507 2011 cum
2544 1954 2676 2020 sint,
2699 1953 2929 2024 ﬁguram
2956 1952 3230 2008 diversam
3274 1954 3535 2008 retinent.
3559 1953 3705 2007 Rur-

2115 2064 2237 2105 sum
2268 2045 2614 2105 consideravi
2648 2043 2847 2108 solem,
2906 2042 3123 2097 radium
3175 2052 3231 2099 et
3258 2042 3461 2099 lucem.
3503 2043 3703 2099 Verum

2114 2152 2171 2201 et
2199 2142 2291 2199 hic
2319 2141 2547 2198 obortus
2574 2147 2658 2194 est
2688 2148 2888 2201 metus,
2918 2138 3180 2209 primum,
3235 2153 3331 2200 ne,
3370 2145 3433 2192 ut
3471 2138 3604 2192 solis
3650 2146 3700 2194 et

2115 2250 2477 2306 eorum,quas
2507 2243 2637 2290 sunt
2699 2233 2753 2287 in
2790 2232 2933 2295 sole,
2987 2232 3067 2289 sic
3118 2231 3500 2301 incompositae
3557 2231 3698 2287 illius

2112 2340 2323 2386 naturae
2353 2327 2683 2398 compositio
2710 2341 2831 2381 esse
2886 2324 3071 2395 aliqua
3127 2324 3431 2379 videretur.
3494 2322 3699 2379 Deinde

2108 2441 2180 2482 ne
2210 2424 2381 2479 Patris
2409 2421 2646 2478 essentia
2677 2420 2997 2486 constituta,
3020 2417 3213 2471 Filium
3239 2416 3563 2487 etSpEritum
3592 2434 3697 2472 non

2108 2518 2473 2576 subsistentes
2522 2513 2941 2574 arbitraremur,
3003 2511 3098 2565 sed
3158 2510 3252 2565 Dei
3294 2510 3692 2579 suspiraremur

2108 2626 2230 2669 esse
2255 2608 2543 2664 facultates
2571 2645 2585 2669 ,
2624 2619 2746 2675 qua:
2776 2619 2887 2658 non
2916 2604 3304 2668 subsisterent,
3337 2601 3431 2656 sed
3467 2602 3706 2658 inhaere—

2110 2712 2254 2761 rent.
2289 2699 2476 2769 Neque
2509 2698 2655 2753 enim
2692 2696 2876 2750 radius
2930 2706 2987 2750 et
3009 2696 3098 2751 lux
3161 2711 3247 2754 est
3281 2702 3424 2758 alius
3471 2700 3575 2764 sol,
3609 2698 3701 2754 sed

406 2800 437 2839 a
461 2786 577 2842 sole
602 2787 823 2857 quidam
854 2791 1023 2847 veluti
1054 2805 1344 2853 manantes
1376 2797 1501 2862 rivi,
1555 2807 1612 2853 et
1640 2798 1888 2869 qumdam
1924 2801 2070 2858 illius
2136 2800 2388 2858 essentiae
2412 2794 2720 2866 qualitates.
2750 2792 3018 2850 Praeterea
3042 2795 3400 2861 verebar.ne,
3438 2795 3581 2867 quod
3614 2794 3702 2856 iis,

406 2898 533 2953 qua:
562 2885 707 2942 dicta
738 2900 887 2955 sunt,
915 2890 1207 2949 absurdius
1242 2904 1346 2961 est,
1376 2895 1489 2953 Deo
1515 2912 1612 2968 per
1636 2896 1742 2952 hoc
1810 2901 2121 2970 exemplum
2151 2897 2316 2955 simul
2341 2904 2398 2950 et
2419 2908 2563 2957 esse,
2587 2902 2644 2948 et
2674 2906 2784 2946 non
2806 2905 2927 2946 esse
2964 2892 3357 2946 tribueremus.

409 3020 542 3104 Ἕξι
582 3024 717 3092 περὶ
739 3026 979 3104 Πατρός
998 3027 1098 3085 καὶ
1127 3021 1264 3104 Υῐοῦ
1290 3032 1391 3087 καὶ
1420 3032 1596 3103 ἁγίου
1640 3034 1994 3104 Πνεύματος

475 3092 900 3174 διακεκριρένὴ
941 3092 1060 3174 ᾇμα
1098 3103 1218 3174 ,και
1263 3092 1541 3171 ήνωμέἆη
1574 3092 1858 3174 θεολοτΖα
1884 3092 1991 3161 toi}

481 3165 742 3235 Νύσσης
767 3167 836 3221 ἐκ
871 3165 1152 3239 τοῦπρὸς
1195 3165 1759 3244 ’Λϐλάὄιονάόγοω

496 3256 927 3328 Ὁμολογοῦντες
960 3261 1097 3315 Θεὸν
1127 3262 1218 3316 τὸν
1261 3264 1505 3336 Πατέρα,
1536 3266 1669 3319 Θεὸν
1714 3265 1809 3335 τὸν
1837 3267 1989 3332 Υῑὸν,

407 3348 545 3403 Θεὸν
585 3350 644 3404 τὸ
688 3352 917 3423 Πνεῦμα
971 3355 1034 3409 τὸ
1076 3346 1253 3425 ἅγιον,
1307 3357 1424 3421 πῶς
1473 3357 1535 3410 οὐ
1573 3358 1806 3432 λέγομεν
1844 3361 1995 3430 τρεῖς

2108 3038 2238 3093 Item
2269 3040 2333 3089 de
2386 3033 2582 3091 Patris.
2612 3040 2660 3086 et
2691 3030 2836 3093 Filii,
2895 3038 2943 3082 et
2968 3028 3200 3097 Spiritus
3232 3037 3414 3080 sane-to
3445 3028 3703 3097 distincta

2184 3106 2346 3161 simul
2387 3114 2435 3158 et
2464 3104 2611 3157 unita
2639 3102 2928 3156 divinitatis
2966 3096 3171 3153 ratione
3227 3098 3470 3166 Gregorii
3520 3096 3704 3170 Nysam

2025 3167 2071 3228 Ο
2175 3175 2442 3246 pontiﬁcis
2469 3191 2534 3229 ea:
2563 3175 2805 3227 oratione
2863 3178 3050 3225 contra
3115 3170 3416 3224 Ablavium.

2168 3272 2304 3327 Cum
2325 3277 2383 3324 et
2401 3268 2613 3322 Patrem
2648 3265 2921 3326 Deum,et
2949 3260 3146 3317 Filium
3182 3263 3374 3325 Deum,
3421 3268 3478 3315 et
3525 3260 3702 3330 Spiri-

2099 3371 2215 3419 tum
2237 3371 2485 3416 sanctum
2522 3359 2694 3412 Deum
2749 3370 2874 3410 esse
2931 3354 3220 3416 fateamur,
3252 3368 3352 3407 cur
3408 3368 3517 3407 non
3567 3352 3702 3408 diei-

410 3441 592 3509 θεοὺς,
633 3444 750 3499 ἀλλ’
796 3447 893 3500 ἕνα
949 3446 1117 3515 Θεόν;
1178 3450 1335 3503 Κατά
1395 3449 1494 3518 μὲν
1548 3450 1641 3504 τὸν
1700 3449 1996 3520 πρόχειρον

2109 3468 2223 3509 mus
2258 3464 2368 3508 tres
2396 3452 2548 3506 deos.
2583 3449 2678 3505 sed
2714 3463 2884 3504 unum
2920 3446 3127 3501 Deum?
3156 3444 3422 3509 Primum,
3459 3456 3518 3499 ut
3551 3443 3702 3513 quod

408 3535 593 3605 λόγον,
616 3538 704 3590 ἵνα
745 3539 823 3610 μὴ
875 3540 1175 3595 πολυθεῖῑιν
1219 3541 1543 3614 Ἑλληνικὴν
1569 3542 1992 3611 εἰσαγάγωμενο

409 3628 557 3682 κατὰ
579 3630 633 3682 δὲ
662 3630 753 3683 τὸν
788 3634 1168 3703 χαριέστερον,
1225 3633 1347 3687 ἐπεὶ
1378 3636 1437 3686 τὸ
1485 3634 1619 3688 Θεοῦ
1646 3636 1819 3705 ὄνομα
1848 3637 1997 3705 svsp-

411 3720 569 3790 γεὲας
607 3722 726 3779 ἐστὶ
760 3724 1078 3794 δηλωτικόν.
1114 3727 1271 3795 Παρᾶ
1308 3727 1417 3795 γὰρ
1440 3726 1499 3778 τὸ
1546 3728 1691 3781 θέειν
1720 3725 1997 3796 πανταχοῦ

410 3818 442 3889 ἢ
478 3817 708 3872 θεᾶσθαι
748 3817 950 3882 πάντα,
979 3818 1011 3889 ἢ
1042 3818 1217 3872 αἴθειν
1255 3819 1357 3889 τὴν
1390 3818 1698 3889 μοχθηρίαν
1727 3819 1999 3889 ὴτυμολό-

408 3927 602 3981 γηται.
636 3908 791 3964 Καθὸ
816 3910 917 3979 μὲν
948 3911 1181 3965 ἕκαστον
1217 3910 1518 3981 πρόσωπον
1576 3910 2000 3981 ἀπηρτισμένην

409 4002 529 4073 ἔχει
559 4001 661 4073 τὴν
711 4001 975 4071 τοιαύτην
1036 3999 1345 4072 ἐνέργειαν,
1409 4001 1825 4072 ἀπηρτισμένον
1888 4000 2001 4064 ἕξει

409 4097 633 4160 πάντως
661 4094 758 4149 καὶ
791 4095 853 4147 τὸ
884 4094 1190 4152 δηλωτικὸν
1228 4094 1400 4164 αὐτῆς
1428 4093 1517 4147 bro
1528 4112 1624 4164 μα,
1652 4094 1756 4147 ’καὶ
1792 4093 1999 4163 κυρίως

407 4191 594 4254 εσται,
621 4189 713 4241 καὶ
740 4186 966 4260 κληθείη
1015 4187 1149 4250 Θεός
1177 4203 1189 4217 ·
1222 4187 1359 4240 καθὸ
1390 4186 1445 4240 δὲ
1475 4185 1574 4256 μία
1621 4186 1716 4239 καὶ
1753 4185 2004 4256 ἀπαράλ-

409 4283 623 4343 λακτος
670 4279 729 4330 ὲν
753 4279 868 4341 τοῖς
901 4278 1079 4348 τρισὶν
1107 4278 1142 4347 ἡ
1180 4275 1451 4347 εἰρημένη
1474 4274 1755 4345 ἐνέργεια,
1790 4275 1887 4344 μία
1908 4277 2003 4326 καὶ

2098 3545 2154 3601 in
2184 3554 2441 3616 promptu
2497 3552 2602 3607 est,
2686 3539 3138 3610 respondemuus,
3193 3552 3263 3592 ne
3344 3536 3698 3605 ttutltipliretu

2103 3641 2334 3695 deorum
2364 3636 2578 3690 turbam
2612 3649 2642 3687 a
2678 3632 2878 3688 Graecis
2909 3632 3193 3686 conﬁt-tam
3264 3629 3699 3685 introducamus.

2106 3729 2337 3791 DeTnde,
2391 3726 2434 3781 si
2493 3725 2623 3796 quid
2665 3722 2968 3794 elegantius
3023 3720 3301 3790 magisque
3359 3718 3697 3774 reconditqu

2101 3819 2393 3878 dicendum
2425 3826 2529 3882 est,
2557 3815 2815 3886 quoniam
2846 3828 3042 3866 nomen
3074 3812 3197 3872 hoc,
3238 3812 3399 3875 Deus,
3430 3810 3697 3865 actionem

2106 3910 2379 3984 signiﬁcat
2407 3926 2422 3975 ;
2460 3926 2490 3965 a
2524 3908 2692 3962 verbo
2722 3906 2867 3961 enim
2896 3904 3039 3957 θέειν
3071 3902 3363 3957 deductum
3392 3910 3497 3966 est,
3554 3902 3698 3971 quod

2103 4003 2305 4077 passim
2343 4010 2563 4067 currat;
2599 3998 2683 4054 vel
2716 4014 2746 4053 a
2782 3996 2951 4052 verbo
3004 3993 3281 4060 θεοῦσθαι,
3307 3994 3455 4064 quod
3511 4004 3701 4047 cernat

2106 4102 2341 4168 omnia;
2385 4097 2467 4154 vel
2533 4112 2564 4156 a
2612 4093 2781 4149 verbo
2834 4090 3031 4156 αἴθειν,
3086 4086 3230 4159 quod
3292 4086 3697 4157 improbitatem

2105 4206 2300 4253 exurat
2357 4210 2421 4250 ac
2456 4191 2665 4265 perdat.
2702 4185 3175 4256 Quemadmodum
3238 4183 3404 4254 igitur
3436 4198 3699 4253 unaqu.c-

2106 4305 2213 4361 que
2248 4303 2489 4358 persona
2518 4284 2683 4339 talem
2708 4283 2980 4336 actionem
3033 4278 3335 4349 perfectam
3392 4276 3584 4341 habet,
3618 4276 3697 4332 sic

407 4376 443 4443 ὴ
471 4372 693 4440 θεότης,
747 4374 841 4422 καὶ
867 4362 950 4431 εἷς
982 4368 1117 4431 Θεὸς
1153 4368 1211 4419 ἐν
1244 4367 1429 4438 τρισὶν
1468 4366 1826 4420 ὑποστάσεσι.
1891 4364 2005 4418 Καὶ

2110 4395 2307 4435 nomen
2331 4378 2600 4434 actionem
2620 4374 2763 4428 illam
2792 4369 3104 4442 signiﬁcans
3126 4369 3361 4433 obtinet,
3410 4379 3471 4425 ut
3526 4379 3582 4425 et
3631 4371 3701 4425 sit

407 4466 531 4528 πῶς
559 4464 789 4533 Πέτρος,
822 4465 920 4515 καὶ
975 4460 1213 4523 Παῦλος,
1252 4460 1348 4512 καὶ
1390 4457 1650 4526 Ἰωάννης
1679 4459 1829 4526 τρεῖς
1865 4456 1999 4509 ύπο-

2109 4481 2164 4529 et
2214 4470 2522 4543 appelletur
2566 4467 2729 4521 Dens.
2784 4463 2999 4517 Rursus
3067 4461 3532 4531 quemadmodum
3592 4479 3699 4519 una

405 4558 635 4617 στάσεις
666 4555 819 4618 ὄντες
840 4554 1097 4622 λέγονται
1131 4552 1226 4604 καὶ
1261 4552 1411 4622 τρεῖς
1448 4550 1759 4619 ἄνθρωπος
1798 4549 1996 4619 Πρῶτα

2109 4576 2264 4637 atque
2298 4557 2759 4617 incommutabilis
2774 4554 2851 4621 i-in
2874 4554 3048 4609 tribus
3077 4562 3162 4608 est
3190 4552 3353 4616 actio,
3408 4554 3487 4608 sic
3533 4554 3698 4612 etiam

409 4650 515 4721 μὲν
533 4649 632 4702 καὶ
668 4642 818 4702 οὗτοι
847 4643 1309 4716 καταχρηστικῶς
1341 4642 1490 4713 τρεῖς
1524 4640 1806 4711 ἄνθρωποι
1870 4639 1996 4692 όνοο

2109 4669 2182 4715 est
2214 4671 2321 4711 una
2352 4651 2627 4714 divinitas,
2658 4656 2713 4703 et
2739 4661 2884 4702 unus
2916 4645 3062 4701 Deus
3117 4644 3171 4698 in
3209 4643 3385 4700 tribus
3425 4648 3696 4713 personis.

408 4742 712 4816 μάζονται·
747 4739 987 4809 καὶγὰρ
1033 4737 1341 4801 ἄνθρωπος,
1379 4735 1476 4789 καὶ
1522 4733 1884 4804 ἀνθρωπότης
1935 4732 1998 4784 τὸ

2109 4749 2169 4804 At
2194 4748 2361 4810 enim,
2404 4743 2637 4813 inquies,
2707 4738 2921 4804 Petrus,
2965 4744 3024 4792 et
3080 4734 3300 4800 Paulus,
3335 4744 3392 4790 et
3433 4735 3697 4804 Joannes,

406 4836 646 4892 καθόλου
693 4835 787 4887 καὶ
816 4830 1168 4904 περιεκτικὸν
1205 4828 1314 4882 τῶν
1361 4826 1507 4881 κατὰ
1561 4827 1731 4899 μέρος
1792 4824 1998 4897 σημαί-

2109 4852 2214 4897 tres
2244 4851 2489 4910 personae
2526 4849 2651 4889 cum
2676 4833 2807 4896 sint,
2838 4831 3098 4886 dicuntur
3153 4829 3317 4883 etiam
3360 4838 3472 4883 tres
3514 4828 3699 4883 homic

404 4945 597 4983 νουσιν
635 4942 649 4958 ⁶
709 4926 901 4979 ἔπειτα
952 4923 1012 4977 τὸ
1063 4919 1309 4976 τοιοῦτον
1360 4919 1533 4987 όνομα
1598 4917 1815 4987 φύσεώς
1872 4920 1993 4970 ἐστι

2109 4947 2220 4987 nes.
2255 4926 2605 4998 Respondeo,
2640 4923 2882 4994 primum
2915 4935 3016 4975 nos
3046 4928 3103 4975 et
3129 4919 3217 4975 hic
3254 4919 3404 4974 abuti
3453 4918 3698 4975 hominis

408 5019 739 5090 δηλωτικόν.
805 5017 932 5071 Ἐπὶ
958 5016 1015 5069 δὲ
1046 5014 1143 5084 τῆς
1174 5012 1431 5066 ἁκτίστου
1454 5008 1689 5083 Τριάδος
1717 5012 1818 5065 οὑκ
1851 5011 1999 5065 ἐστιν

2109 5020 2385 5083 vocabulo,
2418 5033 2544 5073 cum
2572 5030 2668 5071 eos
2705 5024 2817 5070 tres
2840 5012 3092 5068 homines
3117 5010 3474 5081 appellamus.
3508 5010 3694 5082 Siqui-

408 5114 600 5184 εὑρεῖν
625 5111 790 5181 ὄνομα
816 5107 1011 5179 δηλοῦν
1044 5106 1143 5178 τὴν
1161 5105 1326 5175 φύσιν
1347 5105 1540 5174 αὐτῆς.
1562 5104 1673 5158 Καὶ
1701 5103 1843 5156 διατι
1866 5103 2000 5159 Θεὸν

2109 5115 2229 5171 dem
2253 5114 2416 5167 homo
2445 5118 2502 5164 et
2547 5106 2862 5163 humanitas
2886 5104 3200 5159 universum
3233 5100 3492 5171 quiddam
3523 5101 3697 5170 signi-

407 5208 664 5275 ).έγοντες
697 5204 932 5257 ἕκαστον
962 5202 1073 5254 τῶν
1102 5200 1293 5272 τριῶν,
1338 5199 1415 5271 μὴ
1464 5199 1559 5251 καὶ
1616 5198 1857 5268 θεότητα
1907 5197 2000 5250 λέ-

2109 5205 2295 5270 ﬁcant,
2320 5202 2464 5272 quod
2503 5198 2799 5270 singularia
2838 5194 3257 5265 complectatur.
3293 5192 3502 5248 Deinde
3560 5193 3695 5246 illud

409 5316 610 5369 γωμεν
634 5297 864 5349 ἕκαστον
918 5293 1142 5357 αὑτῶνς
1179 5292 1325 5346 Διότι
1390 5291 1645 5361 καθάπερ
1689 5289 1998 5361 ἄνθρωπος,

413 5391 516 5446 καὶ
567 5390 948 5459 ἀνθ’ρωπότης,
1013 5386 1062 5439 ει
1112 5386 1208 5439 καὶ
1248 5384 1311 5438 τδ
1368 5380 1597 5437 καθόλου
1645 5381 2003 5453 σημαίνουσιν

409 5484 645 5555 ὁμοίως,
678 5483 827 5552 ὅμως
858 5481 959 5550 οὐχ
987 5479 1190 5551 ὁμοίως
1212 5478 1465 5546 λέγονται
1514 5475 1656 5529 κατὰ
1704 5475 1815 5528 τῶν
1860 5475 2003 5530 ,ὑπο-

409 5576 712 5649 κειμένωνο
753 5577 782 5629 ό
821 5574 1121 5644 Σωκράτης
1171 5571 1280 5641 γὰρ
1329 5569 1620 5640 ἄνθρωπος
1676 5570 1776 5638 μὲν
1808 5568 1874 5625 ἂν
1902 5570 1999 5639 ρη-

411 5669 559 5741 θεῐη,
594 5669 954 5741 ἁνθρωπότης
985 5666 1042 5719 δὲ
1067 5665 1350 5735 οὐδαμῶς·
1388 5662 1533 5717 οὕτω
1565 5662 1661 5717 καὶ
1714 5662 1868 5728 Θεὸς,
1909 5664 2005 5715 καὶ

412 5762 636 5831 θεότης.
674 5760 810 5822 θεὸς
852 5760 955 5829 μὲν
987 5759 1097 5827 γὰρ
1146 5754 1477 5826 ἐνεργοῦντα
1526 5752 1696 5825 δηλοῖ,
1731 5752 1921 5823 θεότης
1946 5754 2003 5808 δὲ

412 5853 729 5925 ἐνέργειαν.
773 5851 941 5906 Οὐδὲν
972 5850 1028 5903 δὲ
1050 5848 1157 5904 τῶν
1192 5846 1360 5921 τριῶν
1390 5847 1663 5917 ἐνέργεια,
1700 5844 1836 5901 ἀλλὰ
1869 5844 2003 5917 μᾶλ-

2104 5292 2362 5363 adjungo,
2424 5302 2625 5343 nomen
2689 5286 2794 5340 hoc
2848 5282 2926 5338 rei
2984 5291 3237 5336 naturam
3272 5281 3565 5351 explicare.
3630 5279 3693 5333 lu

2105 5382 2373 5436 Trinitate
2396 5393 2545 5446 vero,
2571 5392 2693 5448 quae
2719 5385 2905 5431 creata
2934 5390 3042 5429 non
3069 5382 3173 5439 est,
3220 5373 3429 5426 nullum
3458 5369 3693 5424 inveniri

2104 5486 2327 5537 nomen,
2359 5471 2503 5542 quod
2533 5470 2654 5541 ejus
2685 5476 2934 5523 naturam
2955 5466 3213 5522 declaret.
3275 5467 3342 5517 At
3393 5477 3512 5527 cur,
3564 5475 3691 5515 cum

2106 5579 2368 5636 personas
2427 5563 2671 5634 singulas
2724 5560 3061 5632 appellemus
3114 5558 3305 5619 Deum,
3365 5568 3477 5608 non
3526 5553 3691 5609 etiam

2107 5674 2297 5717 earum
2336 5657 2578 5728 singulas
2612 5655 2951 5712 divinitatem
3008 5647 3381 5722 appellamus?
3418 5644 3693 5710 Quoniam

2107 5752 2563 5823 quemadmodum
2596 5748 2723 5803 licet
2737 5746 2905 5801 homo
2970 5754 3020 5797 et
3046 5740 3360 5797 humanitas
3388 5738 3593 5809 pariter
3621 5732 3692 5788 de

2110 5844 2385 5901 universis
2422 5841 2694 5907 dicantur,
2731 5852 2841 5895 non
2871 5845 3053 5892 tamen
3083 5848 3237 5903 atque
3299 5834 3559 5906 dicuntur
3610 5827 3686 5883 de
