4130 6448
492 342 563 404 87
1766 345 1861 401 it'U
1886 342 2145 402 l‘ﬂYMli
2190 342 2556 409 ZIGABENI
3700 352 3769 417 88

493 454 726 526 singulis
757 473 771 509 :
803 455 1060 515 Socrates
1086 456 1237 511 enim
1268 456 1433 513 homo
1460 455 1567 512 dici
1593 464 1794 528 potest,
1824 456 2082 513 humani-

2204 472 2279 514 ιον
2308 461 2569 535 ἐνεργοῦν
2621 463 2855 523 ἕκαστον
2914 467 3115 525 αὐτῶν.
3162 468 3407 541 θεότητα
3444 466 3500 523 δι
3552 468 3770 540 Πατρδς

493 556 578 603 tas
608 555 789 602 autem
820 558 1166 619 nequaquam
1206 558 1418 620 potest;
1486 549 1564 605 sic
1616 548 1783 605 etiam
1829 550 1974 605 Deus
2023 559 2081 606 et

2204 552 2444 625 λέγομεν,
2518 557 2619 611 καὶ
2683 557 2915 632 θεότητα
2966 560 3123 629 Υίοῦ,
3178 563 3274 617 καὶ
3323 562 3555 633 θεότητα
3606 560 3766 630 ἀγίου

492 634 755 694 divinitas
787 639 1012 695 habent.
1073 640 1218 697 Deus
1275 642 1420 696 enim
1480 648 1730 712 agentem
1786 641 2077 713 significat,

2188 646 2506 720 Πνεῦματος
2537 689 2553 715 ,
2627 652 2705 714 ὡς
2754 653 2850 707 καὶ
2916 653 3317 727 ἀνθρωπότητα
3398 653 3721 724 Σωκράτους
3747 690 3767 718 .

493 732 756 789 divinitas
790 744 974 790 autem
1007 735 1304 789 actionem.
1331 731 1521 789 Trium
1559 750 1689 788 vero
1716 749 2077 804 personarum

2204 742 2287 795 ιαὶ
2341 742 2536 797 οὐσίαν
2560 785 2575 810 ,
2613 743 2709 798 καὶ
2770 742 2958 816 φύσιν,
3009 748 3107 800 καὶ
3134 746 3188 800 εί
3208 764 3261 801 τι
3288 747 3470 801 κοινὸν
3493 745 3603 800 τῶν
3634 746 3771 799 ὑπο-

493 825 641 882 nulla
666 835 772 893 est,
801 842 924 895 quae
950 828 1025 882 sit
1054 826 1220 892 actio,
1248 827 1346 883 sed
1366 842 1535 899 agens
1567 826 1750 898 potius
1798 834 1885 883 est
1947 841 2084 883 una—
2189 832 2457 888 στάσεων.

491 935 723 993 quaque
780 921 1015 979 illarum.
1050 921 1293 979 Dicimus
1343 930 1528 979 tamen
1581 923 1937 979 divinitatem
1984 921 2185 994 Patris,
2255 934 2312 983 et
2368 929 2711 987 divinitatem
2768 929 2911 996 Filii,
2937 938 2992 986 et
3025 929 3368 987 divinitatem
3422 926 3597 986 sancti
3651 923 3777 998 Spi-

493 1013 651 1081 ritus,
675 1014 818 1069 sieut
848 1015 1241 1071 humanitatem
1278 1014 1544 1081 Socratis,
1568 1023 1628 1072 et
1652 1017 1973 1080 essentiam,
2019 1026 2077 1073 et
2111 1027 2385 1087 naturam,
2416 1023 2539 1079 etsi
2573 1021 2705 1095 quid
2761 1024 2910 1081 aliud
2960 1033 3046 1081 est
3093 1024 3345 1097 personis
3390 1034 3702 1078 commune.

495 1169 748 1241 Ejusdem
776 1186 841 1226 ea:
887 1173 1264 1245 oratione_ad
1306 1173 1595 1245 Evagrtum
1654 1190 1972 1231 monacnum
2019 1189 2085 1230 se

1134 1242 1447 1302 Diuinitate'.

562 1351 1037 1418 Quemadmodum
1071 1355 1217 1411 inter
1246 1357 1631 1429 cogitationem
1657 1367 1712 1413 et
1748 1365 2013 1433 mentem,
2034 1364 2090 1413 et

502 1444 751 1501 animum
786 1447 935 1502 nulla
972 1448 1195 1515 divisio,
1259 1451 1543 1506 autsectio
1598 1459 1779 1523 potest
1830 1450 2087 1515 inveniri,

494 1538 572 1594 sic
618 1540 770 1594 nulla
823 1540 969 1595 inter
1023 1549 1275 1598 sanctum
1329 1541 1618 1612 Spiritum,
1670 1552 1726 1599 ct
1772 1543 1969 1599 Filium
2033 1551 2089 1598 et

496 1630 711 1686 Patrem
746 1632 920 1689 sectio
965 1643 1056 1690 aut
1087 1633 1283 1690 divisio
1309 1635 1534 1707 cogitari
1566 1644 1767 1707 potest.
1824 1635 2088 1708 intelligi-

496 1722 688 1780 biiium
727 1724 872 1780 enim
896 1724 1318 1797 divinarumque
1338 1742 1519 1782 rerum
1545 1738 1742 1783 natura
1761 1735 1845 1782 est
1884 1725 2086 1781 indivi-

495 1814 697 1870 sibilis.

886 2000 932 2047 υ
1042 1933 1123 1987 Ex
1153 1935 1338 1989 eadem
1360 1937 1622 1991 oratione.

568 2043 725 2100 Sicut
787 2046 844 2099 in
891 2037 1039 2102 'solis
1081 2046 1375 2117 Splendore
1426 2037 1565 2105 radii
1596 2048 1831 2107 naturali
1857 2047 2093 2119 quodam

496 2134 686 2193 habitu
719 2138 793 2192 ita
816 2136 1094 2207 conjuncti
1126 2149 1254 2194 sunt
1284 2140 1527 2196 utdividi
1554 2143 1696 2196 inter
1718 2156 1778 2196 se
1797 2147 2093 2210 nequeant,

496 2243 604 2285 nec
654 2230 723 2285 ab
782 2230 898 2301 ipsa
961 2231 1080 2287 luce
1155 2233 1543 2301 separari,sed
1592 2232 2095 2304 luminisgratiam

500 2321 568 2376 ad
605 2337 708 2377 nos
735 2338 907 2393 usque
929 2324 1188 2379 deferunt
1226 2326 1346 2380 :sic
1368 2326 1560 2390 Filius,
1595 2336 1652 2382 et
1673 2324 1911 2397 Spiritus
1965 2338 2096 2379 san-

497 2422 646 2478 ctus,
717 2420 978 2484 tanquam
1040 2416 1239 2487 gemini
1296 2415 1474 2472 Patris
1524 2416 1685 2483 radii,
1728 2426 1936 2471 etcum
1977 2416 2097 2485 ipsa

496 2506 777 2576 conjuncti
816 2515 947 2562 sunt
980 2506 1161 2575 Patre,
1186 2517 1241 2564 et
1261 2510 1327 2563 ad
1363 2524 1464 2565 nos
1493 2526 1668 2579 usque
1710 2508 1966 2564 veritatis
2000 2508 2097 2562 de-

497 2599 726 2654 mittunt
757 2599 966 2655 iumen.
992 2598 1059 2655 Et
1095 2600 1561 2670 quemadmodum
1626 2598 1697 2655 ab
1744 2613 1855 2653 uno
1914 2597 2098 2664 aliquo

502 2702 769 2757 aquarum
792 2679 942 2744 fonte
968 2689 1096 2743 bina
1146 2688 1370 2743 fiumina
1404 2689 1726 2754 decurrunt,
1753 2696 1807 2743 ct
1842 2703 1968 2744 cum
1988 2688 2097 2741 situ

498 2778 720 2848 quidem
751 2777 955 2834 ﬂuenta
979 2778 1227 2833 dividant
1284 2790 1401 2845 Sua,
1427 2793 1592 2833 unam
1618 2789 1823 2843 tamen,
1857 2787 1914 2833 et
1947 2793 2100 2833 eam-

502 2869 628 2924 dem
662 2868 913 2925 humoris
935 2869 1188 2926 obtinent
1213 2870 1554 2941 qualitatem,
1580 2880 1638 2925 et
1666 2886 1846 2943 neque
1882 2870 2098 2940 disiun-

502 2970 705 3033 guntur
753 2961 974 3028 afonte,
1047 2972 1103 3019 et
1135 2964 1277 3018 inter
1325 2977 1386 3018 se
1436 2979 1534 3035 per
1582 2965 1762 3035 ipsum
1814 2962 2096 3032 conjuncti

504 3065 656 3121 sunt,
682 3064 737 3110 et
771 3057 988 3125 propria
1022 3064 1202 3110 tamen
1240 3065 1537 3125 utrumque
1583 3057 1797 3111 ratione
1841 3054 2037 3111 deﬂuit
2075 3072 2092 3109 :

504 3146 697 3201 eodem
735 3146 900 3201 modo
941 3145 1198 3216 etprima
1234 3146 1324 3200 illa
1348 3160 1534 3211 causa,
1565 3160 1765 3218 nempe
1794 3145 1975 3209 Pater,
2042 3154 2097 3201 et

2210 3191 2333 3237 στος
2369 3175 2454 3244 ῥεῖ
2475 3189 2489 3203 ·
2517 3145 2611 3229 τδν
2649 3145 2814 3228 αὖτδν
2840 3145 3046 3246 τρόπον

503 3236 632 3292 vita:
658 3236 783 3291 fons
811 3236 1087 3307 duplicem
1119 3235 1412 3307 quamdam
1473 3233 1617 3299 Filii,
1650 3242 1706 3290 et
1727 3235 1902 3291 sancti
1930 3234 2102 3303 Spiri-

504 3336 595 3384 tus
627 3329 682 3383 in
714 3346 816 3385 nos
854 3331 1087 3401 gratiam
1124 3329 1348 3395 emittit,
1405 3345 1509 3386 nec
1540 3330 1656 3400 ipse
1681 3329 1983 3401 quidquam
2012 3345 2102 3385 es-

507 3421 701 3477 sentia:
733 3436 849 3476 sua:
901 3421 1087 3477 damni
1137 3420 1269 3477 facit
1306 3438 1321 3475 :
1362 3422 1512 3477 nulla
1561 3421 1709 3477 enim
1743 3431 1968 3493 propter
2010 3435 2104 3476 eo-

508 3527 631 3568 rum
659 3512 727 3568 ad
770 3528 873 3568 nos
901 3513 1293 3584 perfectionem
1316 3514 1462 3569 illius
1489 3512 2098 3583 sequiturimminutio:

508 3614 566 3661 et
594 3605 649 3659 1ιί
692 3621 815 3660 cum
861 3607 930 3661 ad
978 3620 1079 3663 nos
1115 3622 1288 3678 usque
1313 3607 1654 3677 perveniant,
1679 3621 1786 3662 non
1819 3613 2001 3663 tamen
2069 3621 2099 3660 a

510 3697 672 3753 Patre
698 3707 1048 3768 separantur.

506 3965 640 4021 Item
667 3965 732 4019 de
764 3965 953 4030 Patre,
988 3975 1039 4020 et
1074 3964 1235 4031 Fibo,
1265 3978 1313 4021 et
1353 3965 1562 4035 Spiritu
1622 3977 1806 4021 sancto
1828 3966 2095 4020 distincta

571 4036 734 4089 simul
774 4045 822 4087 et
873 4038 1023 4089 unita
1068 4036 1364 4089 divinitatis
1392 4090 1401 4101 ,
1433 4038 1590 4089 ratio.
1620 4035 1680 4090 S.
1705 4035 1900 4104 Cyrilli
1938 4049 2100 4101 expo-

565 4107 688 4158 sitio
712 4104 858 4172 ﬁdei.

574 4240 866 4297 Credimus
898 4239 954 4294 in
984 4254 1154 4293 unum
1177 4239 1346 4294 Deum
1376 4238 1616 4307 Patrem,
1646 4240 1739 4308 qui
1778 4255 1880 4296 nec
1939 4241 2095 4311 prin-

507 4333 710 4404 cipium
742 4332 926 4398 habet,
964 4346 1066 4385 nec
1096 4332 1313 4402 genitus
1344 4342 1447 4397 est,
1478 4342 1762 4404 etsemper
1789 4333 2095 4400 fuitPater,

507 4441 611 4482 nec
638 4433 825 4495 postea
851 4424 904 4479 id
933 4432 1221 4479 assecutus
1249 4432 1351 4479 est.
1409 4424 1598 4494 Neque
1645 4425 1793 4480 enim
1842 4425 1945 4481 fuit
1993 4441 2094 4480 un-

2200 1181 2313 1237 Τοῦ
2339 1181 2529 1240 αὐτοῦ
2558 1181 2629 1237 ἐκ
2667 1182 2777 1240 τοῦ
2796 1185 2986 1253 λόγου
3010 1184 3120 1240 τοῦ
3146 1185 3300 1251 πρὸς
3335 1183 3636 1253 Εὑάγριον
3658 1197 3777 1251 μου

2617 1258 2813 1325 ναχὸν
2841 1254 2974 1325 περὶ
2999 1255 3310 1325 Θεότητος.

2269 1367 2482 1437 Ὠσπερ
2507 1370 2609 1424 οὒκ
2664 1368 2782 1423 εστι
2819 1370 3022 1441 μεταξὺ
3061 1368 3445 1440 ἐνθυμήσεως,
3495 1365 3592 1421 καὶ
3645 1364 3774 1431 νοῦ,

2195 1462 2292 1516 καὶ
2323 1463 2509 1533 ψυχῆς
2538 1462 2808 1534 διαίρεσιν
2861 1460 3223 1532 ἐπινοηθῆναι
3252 1477 3375 1515 τινα
3413 1460 3509 1514 καὶ
3575 1459 3780 1527 τομὴν,

2196 1553 2374 1618 οὕτως
2399 1554 2523 1609 οὐδὲ
2556 1555 2652 1609 τοῦ
2683 1554 2843 1626 ἀγίου
2874 1554 3217 1625 Πνεῦματος,
3244 1553 3340 1607 καὶ
3372 1551 3470 1605 τοῦ
3504 1549 3661 1615 Υίοῦ,
3681 1550 3785 1603 καὶ

2194 1648 2293 1703 τοῦ
2334 1647 2550 1719 Πατρὸς
2602 1648 2663 1702 ἐν
2705 1648 2856 1720 μέσῳ
2892 1647 3065 1719 τομὴν
3102 1647 3134 1719 ἢ
3183 1645 3452 1714 διαίρεσιν
3480 1640 3785 1711 ἐπινοηθῆ-

2197 1740 2289 1794 ναί
2321 1756 2478 1795 ποτε.
2505 1738 2629 1795 Τῶν
2660 1740 2769 1811 γάρ
2795 1740 3004 1811 νοητῶν
3031 1740 3125 1794 καὶ
3160 1736 3328 1793 θείων
3378 1735 3690 1806 ἀδιαίρετος
3742 1734 3785 1806 ἠ

2124 1824 2169 1882 Β
2198 1832 2384 1903 φύσις.

2603 1950 2703 2006 Ἐκ
2731 1950 2839 2005 τοῦ
2867 1951 3057 2007 αὐτοῦ
3076 1950 3284 2021 λόγου.

2272 2063 2487 2134 Ὠσπερ
2518 2064 2576 2117 αἱ
2616 2065 2711 2117 τοῦ
2747 2063 2976 2134 ἡλιακοῦ
3004 2064 3186 2134 φωτδς
3234 2065 3456 2130 ἀκτῖνες
3475 2064 3792 2136 ἀμέριστον

2198 2157 2422 2228 ἔχουσαι
2460 2155 2607 2210 κατὰ
2655 2155 2822 2225 φύσιν
2862 2155 2964 2226 τὴν
3012 2154 3149 2227 πρὸς
3195 2156 3400 2229 ἄλληλα
3445 2156 3631 2228 σχέσιν
3654 2153 3794 2208 οὔτε

2196 2246 2294 2302 τοῦ
2333 2246 2512 2316 φωτὸς
2538 2245 2895 2318 χωρίζονται,
2927 2247 3052 2301 οὔτε
3081 2247 3329 2319 ἀλλήλων
3352 2248 3789 2317 ἀποτέμνονται,

2197 2339 2292 2393 καὶ
2319 2339 2511 2410 μέχρις
2532 2339 2688 2411 ήμῶν
2710 2340 2806 2411 τὴν
2837 2340 3000 2412 χάριν
3023 2340 3114 2394 τοῦ
3142 2340 3317 2410 φωτὸς
3343 2340 3736 2395 ἀποστέλλουσι
3759 2354 3788 2374 ο

2198 2435 2292 2488 τὸν
2343 2432 2734 2505 αὐτὸντρόπον
2778 2434 2873 2487 καὶ⁵
2912 2434 2941 2487 6
3005 2432 3157 2498 Υἱὸς,
3192 2434 3286 2488 καὶ
3320 2436 3380 2488 τδ
3443 2432 3671 2505 Πνεῦμα
3722 2432 3800 2487 τδ

2200 2522 2378 2593 ἅγιον,
2400 2525 2434 2594 ή
2463 2524 2685 2593 δίδυμος
2715 2524 2809 2577 τοῦ
2832 2521 3043 2594 Πατρδς
3065 2524 3244 2589 ἀκτὶς,
3276 2526 3373 2579 καὶ
3399 2526 3594 2596 μέχρις
3619 2525 3796 2596 ἡμῶν

2201 2614 2512 2668 διακονοῦσι
2542 2614 2605 2668 τὸ
2665 2615 2782 2685 φῶς
2843 2616 2943 2685 τῆς
2995 2614 3277 2685 ἀληθείας,
3341 2616 3438 2671 καὶ
3488 2616 3569 2689 τῷ
3609 2617 3798 2690 [largi

2202 2709 2556 2779 συνήνωνται.
2587 2708 2698 2762 Καὶ
2728 2708 2788 2762 ὃν
2814 2709 3018 2778 τρόπον
3047 2710 3156 2762 ἀπό
3190 2727 3336 2773 τινος
3359 2709 3569 2764 ὑδάτων
3596 2703 3795 2780 πηγῆς

2201 2799 2296 2854 δύο
2338 2798 2575 2871 ποταμοὶ
2607 2801 2815 2872 ῥέουσι,
2840 2802 2935 2855 καὶ⁵
2965 2805 3030 2872 τῇ
3059 2802 3157 2872 μὲν
3185 2801 3334 2857 θέσει
3373 2803 3663 2875 διῄρηνται
3713 2804 3794 2857 τὰ

2206 2891 2421 2966 ῥεῖθρα,
2480 2892 2583 2963 τὴν
2622 2892 2681 2945 δὲ
2713 2893 2806 2946 τοῦ
2834 2892 3013 2963 χυμοῦ
3047 2895 3317 2967 ποιότητα
3375 2895 3507 2966 μίαν
3531 2897 3627 2950 καὶ
3683 2895 3794 2967 τὴν

2203 2986 2375 3057 αὐτὴν
2410 2985 2731 3057 κέκτηνται,
2754 2987 2851 3041 xa‘t
2871 2986 2999 3041 οὔτε
3026 2989 3125 3058 τῆς
3149 2990 3331 3061 πηγῆς
3360 2989 3789 3059 ἀποτέμνονται,

2206 3082 2306 3136 καὶ
2342 3081 2411 3134 δι’
2440 3079 2615 3149 αὐτῆς
2632 3079 2884 3149 ἀλλήλοις
2904 3082 3170 3152 ἦνωνται,
3201 3082 3307 3136 κᾶν
3336 3082 3646 3145 ἰδιαζόντως
3659 3081 3792 3136 ἔκα-

3092 3174 3186 3229 καὶ
3243 3173 3306 3227 τδ
3336 3174 3555 3242 πρῶτον
3614 3176 3789 3231 αἴτιον

2207 3266 2237 3320 6
2268 3267 2479 3337 Πατὴρ,
2514 3267 2725 3339 ὴπηγὴ
2774 3268 2875 3338 τῆς
2914 3266 3084 3337 ζωῆς,
3135 3266 3388 3338 δίρῤυτόν
3427 3285 3548 3322 τινα
3593 3269 3687 3323 τοῦ
3725 3288 3787 3324 τε

2215 3361 2341 3415 Υἰοῦ
2364 3361 2458 3414 καὶ
2492 3360 2586 3413 τοῦ
2616 3359 2773 3429 ἁγίου
2814 3360 3136 3430 Πνεῦμα-τος
3166 3360 3249 3421 εἰς
3286 3359 3435 3428 ἡμᾶς
3458 3359 3788 3423 ἀποστείλας

2206 3454 2391 3526 χάριν,
2416 3452 2531 3506 οὔτ’
2562 3453 2725 3514 αὐτός
2755 3470 2811 3506 τι
2839 3450 3112 3505 πέπονθεν
3151 3450 3233 3514 εἰς
3275 3449 3371 3521 τὴν
3400 3449 3593 3503 οὐσίαν
3653 3449 3786 3518 βλαο

2205 3549 2321 3614 δείς
2342 3566 2356 3581 ο
2399 3549 2461 3603 οῦ
2492 3548 2601 3619 γὰρ
2628 3546 2856 3618 μείωσιν
2892 3546 3104 3613 ὑπέστη
3142 3542 3266 3597 τινὰ
3290 3543 3377 3597 διά
3408 3544 3509 3615 τὴν
3534 3545 3614 3607 εἰς
3637 3541 3790 3612 ἡμᾶς

2205 3642 2432 3697 ἐκείνων
2466 3640 2654 3712 ἄφιξιν
2679 3657 2695 3674 ’
2746 3640 2841 3694 καὶ
2874 3630 3022 3694 οῦτοι
3056 3639 3253 3710 μέχρις
3280 3636 3443 3708 ήμῶν
3469 3635 3793 3706 προεχώρηο

2206 3753 2344 3803 σαν,
2376 3738 2472 3791 καὶ
2518 3734 2614 3789 τοῦ
2650 3732 2867 3806 Πατρδς
2898 3734 3051 3789 οὐδὲν
3087 3728 3253 3789 ἧττον
3303 3731 3601 3803 ἀχώριστοι
3655 3728 3793 3783 καθ-

2202 3833 2519 3903 εστήκασιν.

2205 3971 2337 4024 Ἔτι
2365 3965 2501 4033 περὶ
2531 3964 2764 4033 Πατρός
2790 3963 2892 4018 καί
2934 3960 3073 4033 me
3103 3960 3413 4033 xaidrtov
3438 3959 3793 4033 Πνεύιιατος

2270 4031 2694 4103 διακέκριμένὴ
2724 4034 2845 4103 ἅμα
2885 4035 2985 4086 καὶ
3023 4031 3301 4103 ἡνωμένη
3355 4032 3638 4100 θεολογία
3681 4031 3791 4087 τοῦ

2271 4105 2447 4175 ἁγίου
2481 4101 2791 4173 Κύριλλοὺ
2811 4102 3054 4169 ἕκθεσις
3081 4101 3366 4168 πίστεως.

2279 4240 2623 4306 Πιστεύομεν
2675 4241 2754 4301 εἰς
2790 4238 2891 4293 ἕνα
2922 4237 3055 4292 Θεὸν
3082 4238 3324 4311 Πατέρα,
3384 4239 3646 4311 ἄναρχον,
3694 4237 3794 4293 καὶ

2203 4335 2538 4406 ἀγέννητον,
2591 4332 2681 4388 ἀεὶ
2727 4334 2859 4386 ὄντα
2903 4332 3145 4402 Πατέρα,
3198 4331 3298 4402 οὐχ
3354 4330 3584 4399 ὕστερον
3632 4328 3793 4385 τοῦτο

2206 4429 2576 4498 κτησάμενον.
2611 4426 2686 4479 Οὐ
2715 4425 2824 4496 γὰρ
2847 4421 2915 4497 ἦν
2942 4425 3033 4478 ὅτε
3059 4424 3161 4478 οὐκ
3207 4419 3297 4494 ἦν,
3326 4422 3449 4478 ἀλλ’
3474 4424 3681 4477 ἀνωθεν
3721 4419 3794 4495 ἦν

511 4534 705 4589 quam,
728 4533 856 4572 cum
889 4533 1001 4572 non
1030 4525 1200 4579 esset,
1240 4518 1335 4571 sed
1387 4532 1451 4572 ex
1485 4518 1635 4572 omni
1663 4519 1970 4573 atternitate
1995 4517 2097 4573 Pa-

2213 4518 2424 4589 Πατήρ.
2461 4516 2600 4573 Οὐδὲ
2633 4517 2826 4587 γέγονε
2859 4516 3082 4585 πρῶτον
3108 4514 3259 4580 Υἱὸς,
3289 4508 3410 4569 εἶτα
3440 4515 3631 4586 Πατὴρ
3648 4517 3795 4571 κατά

509 4620 595 4667 ιει·
622 4617 727 4665 est.
760 4607 948 4679 Neque
994 4608 1148 4677 prius
1176 4608 1352 4663 factus
1403 4616 1489 4663 est
1522 4606 1712 4673 Filius,
1744 4608 1944 4664 deinde
2004 4608 2108 4664 Pa-

509 4719 594 4772 ιει·
629 4704 807 4773 qualis
823 4711 910 4758 est
941 4703 997 4758 in
1026 4701 1349 4768 corporibus
1394 4701 1552 4767 ordo,
1583 4700 1679 4757 sed
1734 4716 1800 4755 ex
1852 4716 1965 4772 quo
2002 4710 2106 4769 est,

508 4806 727 4861 semper
757 4800 941 4846 autem
974 4799 1079 4855 est,
1107 4792 1267 4844 Pater
1291 4796 1347 4844 et
1373 4797 1458 4843 est
1487 4798 1543 4862 et
1571 4788 1897 4859 appellatur.

569 4882 862 4938 Credimus
891 4891 947 4935 et
970 4881 1025 4935 in
1052 4896 1221 4935 unum
1253 4879 1447 4935 Filium
1476 4879 1721 4935 Genitori
1748 4890 2104 4949 coaeternum,

509 4976 603 5046 qui
635 4988 918 5044 nunquam
946 4973 1112 5043 etrapit
1133 4987 1276 5037 esse,
1319 4972 1412 5027 sed
1467 4985 1682 5041 semper
1711 4982 1817 5037 est,
1877 4981 1933 5028 et
1980 4989 2103 5028 cum

514 5067 674 5121 Patre
707 5076 814 5121 est.
844 5065 923 5121 Ex
955 5080 1065 5134 quo
1086 5064 1233 5119 enim
1263 5072 1350 5118 est
1407 5064 1585 5130 Pater,
1642 5079 1861 5134 semper
1917 5072 2101 5119 autem

510 5162 619 5219 est,
650 5169 718 5209 ex
748 5170 814 5209 eo
852 5163 907 5209 et
955 5151 1126 5209 Filius
1172 5159 1276 5215 est,
1335 5150 1459 5206 Haec
1517 5152 1664 5206 enim
1717 5161 1826 5206 tam
1863 5153 2105 5216 nomina,

512 5256 677 5318 quam
717 5247 849 5316 ipsa:
882 5259 971 5299 res
1010 5243 1085 5299 ita
1115 5239 1444 5312 copuiantur
1484 5243 1631 5297 inter
1677 5256 1754 5307 se,
1784 5251 1843 5297 ut
1863 5244 2105 5314 separari

514 5356 627 5395 non
658 5339 891 5411 possint.
929 5336 1083 5403 Quod
1113 5336 1158 5391 si
1179 5335 1351 5393 Filius
1387 5351 1499 5393 non
1551 5351 1772 5406 semper
1823 5335 1945 5401 fuit,
2009 5336 2105 5390 sed

515 5433 624 5488 fuit
678 5430 972 5501 aliquando
1000 5446 1122 5485 cum
1154 5445 1263 5485 non
1295 5438 1465 5494 esset,
1486 5443 1589 5483 nec
1620 5428 1783 5482 Pater
1816 5426 1920 5481 fuit
1959 5442 2106 5482 sem-

514 5535 649 5587 per;
677 5536 744 5575 ex
777 5534 888 5589 quo
916 5518 1061 5574 enim
1090 5517 1393 5589 generavit,
1424 5516 1531 5571 hoc
1560 5514 1722 5570 habet
1740 5529 1960 5569 nomen.
2004 5514 2099 5569 Sin

518 5620 705 5664 autem
736 5626 954 5681 semper
977 5620 1063 5665 est
1095 5610 1256 5665 Pater
1287 5609 1432 5663 Deus
1459 5607 1634 5677 (nefas
1656 5607 1803 5662 enim
1829 5616 1933 5673 est,
1967 5615 2108 5661 tem-

521 5696 672 5763 poris
698 5706 978 5753 auctorem
1025 5696 1130 5767 ipsi
1155 5697 1389 5767 tempori
1416 5696 1705 5766 subjicere,
1756 5703 1811 5750 et
1843 5692 2107 5763 temporis

525 5784 704 5856 spatio
726 5788 1076 5855 posteriorem
1106 5788 1465 5859 pronuntiare
1493 5786 1897 5859 generationem
1938 5786 2103 5851 illam,

2211 4612 2313 4681 τὴν
2343 4611 2454 4664 τῶν
2480 4610 2754 4681 σωμάτων
2784 4609 3133 4671 ἀκολουθίαν,
3165 4608 3282 4661 ἀλλ’
3304 4609 3398 4676 ἀφ’
3429 4603 3600 4680 οὗπέρ
3620 4611 3791 4665 ἐστιν.

2222 4702 2339 4757 Ἀεὶ
2368 4702 2427 4757 δέ
2459 4703 2575 4757 ἔστι
2604 4702 2815 4774 Πατὴρ,
2865 4701 2961 4755 καὶ
2985 4700 3099 4754 ἔστι
3140 4702 3236 4754 καὶ
3273 4700 3541 4756 καλεῖται.

2282 4861 2622 4931 Πιστεύομεν
2657 4859 2755 4913 καὶ
2780 4857 2863 4921 είς
2896 4857 2995 4911 ἕνα
3029 4857 3159 4911 Υίδν
3194 4855 3467 4911 συναῒδιον
3496 4854 3573 4926 τῷ
3602 4856 3797 4927 γεννή-

2210 4973 2388 5021 σαντι,
2418 4954 2520 5007 οὐκ
2553 4952 2728 5024 ἀρχὴν
2765 4950 2863 5005 τοῦ
2884 4947 3026 5005 εἷναι
3055 4949 3313 5013 λαϐόντα,
3340 4947 3458 5003 ἀλλ’
3502 4949 3590 5002 ἀεὶ
3640 4950 3794 5016 ὅντα,

2211 5052 2307 5103 καὶ
2334 5046 2432 5099 σὺν
2468 5044 2647 5115 Ila-cpi.
2706 5042 2856 5099 ὄντα.
2927 5044 3037 5096 ’Δεὶ
3079 5043 3139 5097 δὲ
3198 5041 3412 5111 Πατὴρ,
3474 5040 3534 5106 ἐξ
3582 5041 3793 5097 ἐκείνου

2212 5140 2362 5203 Υἱός.
2396 5135 2745 5208 Ἀχωρίστως
2779 5134 2892 5205 γάρ
2913 5135 3027 5206 ἔχει
3057 5132 3233 5189 ταῦτα
3283 5132 3424 5206 πρὸς
3456 5134 3664 5206 ἄλληλα
3716 5134 3790 5189 τά

2208 5249 2269 5285 τε
2305 5230 2548 5299 ὀνόματα
2578 5228 2673 5282 καὶ
2693 5228 2763 5281 τά
2796 5227 3122 5299 πράγματα.
3153 5226 3216 5279 Εἰ
3252 5225 3312 5279 δὲ
3358 5226 3460 5279 οὐκ
3513 5227 3600 5279 ἀεὶ
3635 5226 3789 5293 Υἱὸς,

2209 5323 2328 5376 ἀλλ’
2354 5317 2422 5393 ἦν
2452 5322 2540 5376 ὅτε
2574 5322 2675 5375 οὐκ
2710 5316 2802 5393 ἦν,
2834 5320 2956 5375 οὐδὲ
2984 5317 3073 5371 ἀεὶ
3125 5319 3152 5371 6
3174 5318 3386 5389 Πατήρ.
3431 5318 3553 5388 Ἀφ’
3592 5312 3653 5371 οῦ
3680 5320 3792 5388 γάρ

2210 5414 2491 5484 ἐγέννησε,
2540 5414 2702 5468 τοῦτο
2726 5413 2839 5484 ἔχει
2876 5411 2938 5465 τὸ
2964 5411 3157 5481 ὄνομα.
3192 5410 3256 5463 Ei
3296 5410 3352 5462 δὲ
3390 5410 3480 5463 ἀεὶ
3520 5410 3711 5482 Πατὴρ
3761 5411 3791 5464 6

2211 5506 2377 5569 Θεόςο
2413 5505 2736 5578 βλάσφημον
2781 5506 2891 5576 γὰρ
2931 5505 3124 5577 τῳόντι
3165 5503 3271 5557 ὑπὸ
3310 5504 3535 5574 χρόνους
3567 5503 3790 5571 ποιῆσαι

2210 5597 2302 5653 τὸν
2326 5600 2433 5652 τῶν
2456 5601 2667 5670 χρόνων
2707 5597 2961 5668 ποιητὴν,
2984 5598 3082 5650 καλ⁵
3121 5596 3378 5669 χρονικοῦ
3415 5596 3784 5665 διαστήματος

2211 5692 2491 5763 ἀποφῆναι
2519 5691 2782 5761 δευτέραν
2810 5689 2911 5760 τὴν
2933 5690 3161 5760 ἄχρονον
3173 5690 3267 5742 καὶ
3294 5689 3631 5759 ὑπέρχρονον
3665 5688 3792 5756 γέν-

2213 5803 2367 5856 νησιν
2393 5802 2407 5819 ο
2445 5785 2532 5841 ἀεὶ
2561 5784 2588 5836 6
2616 5781 2741 5847 Υἱὸς
2755 5782 2819 5837 ὲκ
2851 5780 2944 5837 τοῦ
2965 5782 3178 5853 ﬂat:pr
3200 5781 3456 5855 ἀρρήτως
3485 5778 3790 5851 γεννηθεὶς,
