4130 6448
421 370 490 432 8)
1433 387 1815 451 PANOPLIA
1851 392 2313 461 DOGMATICA.
2343 429 2412 441 --
2444 405 2595 473 TIT.
2634 410 2718 472 ΙΙ.

426 491 565 565 μετά
590 490 689 546 τοό
709 494 935 567 Πατρδς
963 495 1021 552 δι
1049 497 1136 555 ἀεὶ
1156 496 1257 570 ὥν,
1291 502 1386 559 καὶ
1422 505 1520 560 σὺν
1551 507 1629 579 τῷ
1657 508 1832 580 Πατρὶ
1861 525 1978 579 γνω

428 602 475 615 ...
492 586 710 615 mm..-

2109 532 2230 588 quae
2261 521 2382 578 sine
2435 532 2679 597 tempore
2715 541 2818 599 est,
2863 542 2920 589 et
2966 547 3189 607 superat
3237 554 3399 597 omne
3429 547 3667 615 tempus)

422 586 730 658 (δεξόμενος.

514 871 535 908 ι
581 854 671 908 Ἐν
700 856 872 926 ἀρχῇ,
911 873 931 909 ι
968 857 1156 927 φησιν,
1206 876 1227 913 ι
1257 857 1326 933 ἦν
1349 862 1377 915 6
1415 862 1610 934 Λόγος,
1634 867 1729 922 καὶ
1752 868 1781 922 ό
1836 869 2009 939 Λόγος

422 943 497 1019 ἦν
531 948 668 1015 πρὸς
702 947 795 1001 τὸν
823 947 985 1013 Θεδν,
1018 950 1111 1004 καὶ
1154 950 1285 1018 Θεὸς
1309 948 1379 1025 ἦν
1430 956 1460 1010 ό
1489 956 1686 1026 Λόγος.
1718 953 1889 1024 Οὗτος
1937 957 2008 1035 ἦν

419 1040 484 1092 ὲν
527 1040 673 1111 ἀρχῇ
702 1040 844 1111 πρὸς
895 1041 989 1095 τὸν
1018 1043 1171 1099 Θεόν.
1209 1063 1230 1098 ι
1301 1046 1366 1101 ’0
1394 1048 1451 1102 δὲ
1487 1050 1546 1104 ιν
1577 1053 1720 1124 ἀρχῇ
1750 1051 1826 1108 ὢν
1875 1055 2004 1109 πότε

415 1132 526 1185 οῦκ
558 1126 662 1203 ἦν;
697 1129 839 1187 Οὔτε
874 1134 1000 1203 νγάρ
1031 1128 1204 1202 εἶπεν,
1248 1136 1338 1191 Ἐν
1376 1139 1521 1213 ἀρχῇ
1571 1143 1807 1211 ἐγένετο,
1860 1145 2002 1212 ἀλλ’,

417 1225 518 1279 ἐν
543 1226 689 1297 ἀρχῇ
730 1221 819 1295 ἦν.
867 1225 995 1279 Ἐὰν
1055 1227 1527 1301 φιλονεικήσωμεν
1566 1235 1682 1299 τοῖς
1715 1235 2004 1307 λογισμοῖς

419 1315 735 1386 ὑπερϐῆναι
760 1312 943 1386 τὸηῷν,
981 1318 1042 1371 οὐ
1077 1317 1423 1390 δυνησόμεθα
1447 1322 1707 1379 επέκεινα
1740 1328 1999 1396 γενέσθαι

336 1394 340 1400 λ
418 1408 527 1477 τῆς
557 1407 762 1477 ἀρχῆς.
805 1408 990 1461 Πάντα
1024 1407 1255 1480 δεύτερα
1296 1411 1391 1466 τοῦ
1431 1414 1490 1467 ὲν
1537 1417 1679 1488 ἀρχῇ
1709 1394 2001 1483 ὄντος,κα“ι

418 1494 562 1564 πρὸς
592 1495 689 1547 τὸν
716 1494 848 1548 Θεὸν
878 1495 1053 1560 ὄντος,
1091 1496 1185 1549 καὶ
1214 1497 1427 1568 χρόνος,
1464 1503 1561 1556 καὶ
1590 1502 1748 1573 αἰὼν,
1799 1506 1895 1559 καὶ
1946 1506 2004 1560 et

412 1601 470 1636 τι
505 1586 573 1637 ἃν
596 1585 785 1656 ἕτερον
813 1585 1065 1659 χρονικδν
1095 1588 1411 1662 ἐπινοηθείη
1466 1592 1761 1665 διάστημα.
1823 1597 1883 1653 El
1940 1599 1998 1653 δὲ

411 1675 520 1728 οῦκ
542 1678 629 1729 ἀεὶ
680 1676 759 1746 τῷ
792 1678 911 1748 Θεῷ
950 1678 1045 1732 καὶ
1086 1678 1261 1751 Πατρὶ
1301 1684 1470 1754 συνῆν
1500 1687 1527 1738 6
1558 1686 1709 1755 Υἱὸς,
1769 1686 1995 1761 ὕστερον

405 1766 469 1818 δέ
509 1783 643 1819 ποτε
672 1767 1059 1836 προσεγένετο,
1084 1770 1298 1843 ἀνάγκη
1338 1774 1532 1845 χρόνον
1558 1776 1652 1831 καὶ
1677 1776 1849 1834 αίῶνα
1882 1782 1995 1836 Πα-

2112 629 2331 710 semper
2356 631 2440 676 cst
2468 623 2663 681 Filius.
2711 626 2787 684 Ex
2811 627 2977 688 Patre
2994 634 3212 703 quidem
3245 652 3306 691 ea
3341 637 3553 695 ratione
3600 655 3693 710 ge-

2110 708 2280 775 nitus,
2319 728 2439 784 qua:
2475 718 2654 774 verbis
2686 721 2939 792 explicari
2974 739 3081 779 non
3110 736 3308 796 potest,
3344 745 3469 785 cum
3526 708 3691 792 Patre

2106 813 2327 874 semper
2353 814 2459 872 est,
2489 818 2544 864 et
2567 826 2671 865 una
2696 827 2818 869 cum
2881 814 3043 871 Patre
3066 822 3436 889 cognoscitur.

2183 929 2206 965 ι
2235 913 2295 970 In
2359 918 2649 990 principio,
2680 921 2878 992 inquit,
2905 937 3022 983 erat
3054 930 3318 1001 Verbum,
3346 944 3402 990 et
3442 934 3682 993 Verbum

2104 1014 2223 1060 erat
2246 1010 2390 1078 apud
2436 1010 2628 1076 Deum,
2659 1025 2715 1069 et
2744 1015 2885 1072 Deus
2908 1030 3026 1076 erat
3069 1023 3326 1080 Verbum.
3392 1027 3505 1086 Hoc
3567 1041 3685 1086 erat

2105 1096 2160 1194 in
2181 1098 2450 1170 principio
2474 1105 2617 1174 apud
2649 1105 2818 1163 Deum
2850 1109 2915 1165 ".
2955 1128 2974 1163 ι
3006 1111 3163 1179 Quod
3216 1128 3397 1173 autem
3428 1121 3481 1175 in
3533 1124 3685 1194 prin-

2102 1189 2248 1260 cipio
2276 1201 2380 1260 est,
2409 1197 2630 1265 quando
2683 1213 2793 1253 non
2830 1202 2952 1258 est?
2995 1202 3182 1274 Neque
3232 1209 3377 1263 enim
3408 1189 3550 1267 dixit
3567 1230 3581 1267 :
3622 1215 3681 1270 lu

2101 1282 2373 1355 principio
2409 1286 2585 1344 factus
2643 1300 2757 1359 est;
2786 1294 2879 1349 sed
2905 1316 2920 1354 :
2951 1298 3006 1351 In
3036 1298 3308 1366 principio
3333 1313 3469 1359 erat.
3507 1305 3562 1360 Si
3593 1324 3683 1362 ra-

2102 1376 2251 1432 tione
2277 1393 2538 1436 conemur
2558 1399 2820 1456 superare
2843 1389 2997 1457 illud,
3028 1402 3145 1447 erat
3173 1407 3191 1447 :
3224 1402 3354 1449 tunc
3394 1412 3517 1452 esse
3566 1416 3677 1455 non

2099 1471 2404 1540 poterimus
2439 1474 2493 1529 in
2529 1477 2820 1549 principio.
2852 1480 3048 1537 Omnia
3078 1486 3379 1555 posteriora
3409 1499 3540 1544 sunt
3561 1490 3677 1554 illo,

2098 1562 2191 1633 qui
2212 1574 2295 1620 est
2324 1566 2379 1620 in
2416 1567 2707 1639 principio,
2736 1581 2791 1627 et
2821 1575 2964 1643 apud
3003 1574 3170 1631 Deum
3189 1586 3295 1640 est,
3330 1590 3385 1635 et
3438 1589 3676 1653 tempus,

2096 1666 2155 1711 et
2182 1671 2381 1723 aevum,
2415 1666 2471 1714 et
2502 1662 2547 1716 si
2570 1663 2716 1731 quod
2750 1666 2975 1734 c0gitari
3026 1678 3209 1737 potest
3239 1673 3501 1740 temporis
3556 1689 3682 1742 spa—

2095 1745 2255 1803 tium.
2278 1748 2436 1814 Quod
2459 1751 2503 1804 si
2531 1766 2639 1805 non
2690 1751 2793 1808 fuit
2814 1768 3034 1824 semper
3063 1770 3188 1810 cum
3250 1753 3360 1812 Deo
3408 1769 3461 1813 et
3520 1758 3678 1815 Patre

409 1860 507 1925 τρὶ
539 1859 641 1912 καὶ
670 1859 786 1930 Υῑῷ
824 1862 1157 1930 μεσιτεύειν.
1199 1836 1263 1917 Εἰ
1285 1836 1535 1920 δέντοῦτο
1563 1867 1678 1940 δοίη
1701 1887 1810 1935 τις,
1845 1873 1972 1944 εόρε

2100 1836 2293 1904 Filius,
2325 1839 2421 1895 sed
2447 1851 2635 1909 postea
2668 1842 2842 1898 factus
2878 1852 2980 1910 est,
3025 1848 3399 1902 necessarium
3459 1850 3586 1915 erit,
3619 1861 3680 1906 ut

407 1949 647 2020 θήσεται
705 1952 767 2004 τὸ
836 1953 1051 2024 ποίημα
1123 1953 1220 2009 τοῦ
1296 1957 1527 2029 ποιητοῦ
1608 1962 1985 2037 προϋπάρχον.

409 2058 429 2093 ι
474 2044 668 2097 Πάντα
698 2044 828 2115 γὰρ,
876 2064 895 2097 ι
969 2048 1135 2116 φησὶν
1174 2050 1202 2104 6
1247 2051 1680 2126 Εὐαγγελιστὴς,
1715 2074 1736 2109 ι
1769 2057 1857 2112 διὰ
1892 2060 1987 2113 τοῦ

402 2136 540 2190 Tia-3
571 2137 813 2206 ἐγένετο,
850 2139 945 2192 καὶ
980 2141 1150 2213 χωρὶς
1182 2143 1350 2197 αὐτοῦ
1406 2148 1633 2215 γέγονεν
1662 2148 1784 2204 οὐδὲ
1838 2150 1920 2206 ἓν.
1959 2168 1980 2203 ι

406 2229 512 2282 Ἐν
552 2229 611 2283 δὲ
644 2229 752 2282 τῶν
803 2228 1026 2285 πάντων
1059 2236 1156 2286 καὶ
1184 2235 1212 2288 6
1258 2235 1418 2304 αἰὼν,
1455 2238 1490 2309 ἦ
1518 2239 1546 2292 6
1573 2239 1789 2310 χρόνος.
1820 2241 1930 2296 Καὶ
1957 2243 1986 2296 6

400 2323 686 2395 μακάριος
723 2323 779 2377 δὲ
807 2324 1038 2392 Παῦλος,
1080 2345 1099 2379 ι
1147 2326 1266 2381 Ἐπ’
1303 2330 1549 2401 ἐσχάτων
1578 2332 1636 2387 δὲ
1687 2333 1798 2386 τῶν
1842 2336 1984 2406 ήμε-

401 2414 541 2483 ρῶν,
579 2431 599 2463 ι
657 2414 848 2482 φησιν,
883 2431 902 2466 t
934 2414 1201 2486 ἐλάλησεν
1240 2421 1377 2491 ἡμῖν
1413 2423 1472 2475 ὲν
1510 2422 1652 2493 Υίῷ,
1694 2423 1754 2479 ὃν
1814 2424 1980 2497 ἔθηκε

397 2501 745 2572 κληρονόμον
796 2502 1036 2570 πάντων,
1064 2506 1131 2560 δι’
1162 2502 1225 2562 οὗ
1253 2509 1350 2562 καὶ
1395 2511 1523 2575 τοὺς
1564 2512 1765 2577 αἰῶνας
1796 2514 1983 2586 ἐποίη-

400 2609 521 2645 σεν.
550 2610 571 2643 ι
608 2592 671 2645 El
700 2592 758 2645 δὲ
790 2593 885 2647 τοῦ
920 2594 1051 2647 Υίοῦ
1082 2598 1130 2650 οἱ
1172 2597 1370 2663 αἰῶνες
1397 2601 1702 2672 ποιήματα,
1724 2603 1784 2655 οὐ
1809 2608 1981 2674 προῦ-

398 2685 679 2753 πάρχουσι
721 2684 815 2737 τοῦ
856 2686 1204 2755 ποιήσαντος,
1231 2689 1456 2744 Λίὼνων
1487 2691 1542 2744 δὲ
1570 2692 1647 2764 μὴ
1687 2698 1978 2766 προϋπαρ-

397 2775 639 2845 χόντων,
671 2774 894 2847 εὔδηλον
920 2778 1004 2841 ὡς
1019 2779 1139 2832 οὐδὲ
1169 2780 1198 2831 6
1229 2782 1444 2850 χρόνος,
1478 2782 1537 2837 δν
1569 2786 1772 2856 ἡμέραι
1797 2804 1858 2840 τε
1882 2791 1977 2842 καὶ

396 2869 599 2931 νῦκτες
670 2867 886 2923 ποιοῦσι
941 2871 1039 2924 καὶ
1108 2874 1425 2944 μετροῦσιν.
1478 2876 1721 2948 Ἡμέρας
1775 2879 1832 2932 δὲ
1881 2881 1977 2935 καὶ

397 2963 606 3026 νύκτας
648 2964 682 3033 ἡ
714 2962 808 3015 τοῦ
835 2964 1013 3032 φωτὸς
1048 2966 1281 3039 ἀνατολὴ
1340 2971 1433 3023 καὶ
1463 2970 1617 3033 δύσις
1655 2973 1967 3044 ἐργάζεται.

396 3056 473 3108 T6
498 3054 556 3108 δὶ
585 3053 703 3124 φῶς
743 3054 881 3123 μετά
919 3055 1011 3108 τὸν
1030 3055 1282 3127 οὐρανὸν,
1313 3060 1409 3113 καὶ
1446 3060 1545 3133 την
1590 3061 1719 3132 γῆν,
1757 3067 1850 3120 καὶ
1880 3069 1973 3123 τὸν

397 3146 541 3215 ἀέρα
574 3136 816 3213 ἐγένετο.
879 3144 1065 3199 Ταῦτα
1105 3148 1163 3201 δὲ
1223 3150 1421 3214 πάντα,
1463 3152 1562 3205 καὶ
1610 3153 1679 3209 τὰ
1730 3158 1788 3211 ἐν
1846 3156 1970 3212 τοῦ-

396 3237 562 3297 τοιςό
622 3236 753 3300 Θεὸς
782 3238 959 3308 Λόγος
984 3239 1203 3312 εὐδοκία
1243 3240 1340 3295 τοῦ
1398 3242 1612 3316 Πατρδς
1675 3246 1976 3320 ἐδημιούρ-

397 3343 560 3398 τησε.

470 3418 595 3473 Τῶν
646 3421 858 3492 χρόνων
890 3421 1091 3491 τοίνυν,
1124 3423 1222 3478 καὶ
1262 3425 1372 3481 τῶν
1410 3425 1624 3483 αἰώνων
1673 3431 1813 3501 μετὰ
1862 3432 1974 3487 τῶν

398 3512 575 3567 ἄλλων
618 3512 879 3568 ἁπάντων
930 3514 1038 3586 ῥπὺ
1077 3515 1174 3570 τοῦ
1221 3517 1397 3586 Λόγου
1432 3519 1790 3590 ποιηθέντων,
1819 3525 1975 3580 οὐδὲν

397 3605 464 3660 ἂν
511 3607 601 3677 εἴη
632 3605 842 3675 μεταξὺ
878 3606 1093 3679 Πατρός
1142 3611 1241 3663 καὶ
1272 3609 1429 3680 Υίοῦ,
1465 3614 1585 3667 ἀλλ’
1615 3618 1704 3669 ἀεὶ
1735 3617 1835 3687 μὲν
1861 3619 1976 3672 Πα-

395 3696 499 3767 τὴρ
522 3698 550 3749 6
572 3696 727 3763 Θεὸς,
757 3699 846 3752 ἀεὶ
873 3698 930 3752 δὲ
958 3699 987 3752 6
1020 3700 1146 3764 Υἱὸς
1179 3703 1276 3756 σὺν
1307 3703 1504 3774 Πατρί.
1539 3706 1631 3761 Διδ
1675 3709 1772 3761 καὶ
1806 3711 1835 3762 6
1862 3710 1973 3764 Εὐ-

396 3788 734 3859 αγγελιστὴς
769 3788 894 3860 βοᾷ,
927 3808 948 3841 ι
1003 3789 1095 3844 Ἐν
1130 3792 1272 3863 ἀρχῇ
1315 3788 1386 3865 ἦν
1430 3795 1675 3864 όΛόγος.
1712 3816 1734 3851 ι
1776 3800 1886 3853 Καὶ
1944 3803 1974 3856 6

394 3880 700 3946 ἀπόστολος
736 3881 949 3946 nasia;
982 3900 1171 3954 φησιν,
1208 3903 1228 3937 ι
1268 3884 1360 3950 Ὧς
1390 3884 1470 3942 ὢν
1493 3887 1841 3959 ἀπαύγασμα
1870 3890 1974 3963 τῆς

392 3973 576 4045 δόξης,
611 3975 709 4028 καὶ
739 3973 1030 4047 χαρακτὴρ
1056 3977 1155 4048 τῆς
1187 3978 1545 4046 ὑποστάσεως
1570 3996 1588 4013 ο
1619 3998 1640 4034 r
1703 3984 1801 4038 καὶ
1852 3985 1973 4039 ἑτέ-

394 4048 554 4137 ρωθι,
610 4084 629 4119 ι
674 4064 774 4131 ’ος
796 4068 855 4122 ἐν
881 4072 1062 4139 μορφῇ
1094 4067 1231 4122 Θεοῦ
1283 4069 1570 4142 ὑπάρχων,
1609 4073 1709 4144 οὐχ
1755 4077 1973 4147 ἁρπαγ-

396 4156 498 4229 μόν
530 4156 784 4226 ἡγήσατο
816 4156 880 4209 τὸ
905 4152 1045 4210 εἶναι
1078 4158 1171 4211 ἴσα
1197 4156 1339 4230 Θεῷ.
1389 4178 1408 4212 ι
1450 4161 1562 4216 Καὶ
1594 4161 1719 4215 οὔτε
1762 4166 1971 4232 ἐκεῖνος

393 4248 454 4301 τὺ
480 4243 571 4318 ἦν,
599 4245 725 4299 οὔτε
764 4239 922 4311 οὗτος
949 4247 1012 4300 τὸ
1040 4246 1141 4313 ῶν,
1172 4249 1207 4321 ἢ
1241 4251 1505 4322 ὑπάρχων
1536 4252 1621 4323 ἑᾷ,
1652 4254 1841 4327 ἐπειδὴ
1875 4257 1969 4312 τὸν

388 4341 477 4395 ἀεὶ
506 4339 639 4392 ὄντα
678 4328 1069 4409 κηρύττουσιν,
1108 4340 1173 4395 οῦ
1219 4342 1382 4413 χάριν
1426 4344 1521 4397 καὶ
1561 4343 1681 4415 μετ’
1736 4345 1894 4415 όλίγα
1940 4350 1970 4402 ό

390 4431 836 4501 Εὕαγγελιστης,
887 4447 908 4483 ι
939 4431 1065 4502 Ζωὴ
1092 4426 1186 4501 ἦν,
1235 4451 1254 4486 1
1294 4433 1452 4504 φησι,
1481 4452 1502 4488 ι
1553 4439 1710 4509 καὶὴ
1746 4438 1860 4511 ζωὴ
1898 4435 1968 4512 ἦν

2100 1936 2315 1999 tempus
2376 1938 2432 1985 et
2468 1947 2645 1988 terum
2679 1944 2774 1989 aut
2804 1935 3023 2004 aliquod
3086 1940 3321 2008 spatium
3371 1941 3516 1995 inter
3574 1941 3678 1997 Pa-

2092 2029 2228 2075 trem
2253 2029 2309 2076 et
2335 2021 2528 2077 Filium
2555 2023 2877 2081 intercedat.
2910 2028 2977 2082 At
3007 2030 3053 2083 si
3109 2030 3162 2083 id
3205 2033 3576 2097 concesseris,
3611 2049 3677 2088 ea

2090 2125 2213 2181 qua:
2252 2111 2395 2168 facta
2434 2123 2585 2180 sunt,
2625 2115 2883 2173 eﬂ'ectore
2914 2120 3096 2188 priora
3127 2136 3248 2175 esse
3275 2123 3621 2190 reperientur
3656 2141 3676 2180 :

2091 2222 2113 2257 ι
2140 2205 2334 2262 Omnia
2355 2208 2560 2274 enim,»
2584 2208 2761 2280 inquit
2785 2211 3175 2282 Evangelistau
3202 2229 3297 2282 per
3319 2214 3514 2269 Filium
3533 2215 3675 2271 facta

2084 2308 2233 2361 sunt,
2251 2307 2306 2353 et
2325 2299 2447 2354 sine
2477 2300 2600 2371 ipso
2630 2318 2701 2356 ne
2721 2316 2894 2357 unum
2917 2304 3138 2373 quidem
3180 2304 3383 2359 factum
3427 2317 3514 2360 est
3549 2309 3616 2360 δ’.
3647 2325 3667 2358 ι

2086 2388 2264 2448 Unum
2303 2403 2484 2448 autem
2515 2409 2580 2449 ex
2608 2395 2862 2451 omnibus
2894 2405 2979 2451 est
3013 2411 3192 2451 aavum
3236 2406 3291 2449 et
3342 2407 3577 2468 tempus.
3609 2400 3675 2454 Et

2082 2481 2274 2538 beatus
2286 2483 2580 2551 Apostolus
2600 2500 2616 2538 :
2645 2484 3013 2551 «Novissimis,
3035 2489 3230 2559 inquit,
3251 2490 3445 2547 diebus
3461 2491 3675 2547 locutus

2080 2584 2165 2631 est
2188 2578 2347 2633 nobis
2367 2577 2421 2632 in
2441 2577 2774 2649 Filio,quem
2798 2581 3084 2645 constituit
3108 2583 3377 2638 haeredem
3400 2585 3670 2649 omnium,

2079 2680 2180 2737 per
2226 2682 2390 2738 quem
2447 2668 2577 2724 fecit
2624 2678 2680 2725 et
2736 2671 2934 2727 saecula
2970 2673 3037 2727 ⁸ο.
3087 2689 3107 2725 ι
3157 2675 3336 2741 Quare
3373 2674 3421 2729 si
3475 2674 3670 2729 saecula

2079 2769 2209 2816 sunt
2242 2776 2406 2831 opera
2446 2761 2588 2831 Filii,
2628 2780 2739 2820 non
2781 2771 2911 2821 sunt
2938 2774 3067 2821 ante
3107 2765 3424 2821 effectorem
3484 2780 3668 2820 suum.

2042 2849 2234 2917 ~Quod
2261 2858 2305 2909 si
2343 2856 2541 2910 saecula
2580 2871 2684 2911 non
2712 2867 2843 2912 sunt
2864 2866 3019 2921 ante,
3053 2873 3123 2913 ne
3185 2867 3401 2927 tempus
3445 2858 3667 2928 quidem

2075 2939 2229 3006 illud,
2252 2945 2399 3014 quod
2425 2947 2543 3001 dies
2570 2955 2841 3002 et'noctes
2906 2947 3149 3004 elﬁciunt
3204 2958 3370 3019 atque
3429 2950 3667 3004 metiun-

2077 3046 2187 3091 tur.
2218 3035 2357 3090 Nam
2410 3037 2529 3093 dies
2588 3047 2644 3093 et
2692 3047 2880 3094 noctes
2937 3039 3074 3094 lucis
3120 3051 3313 3094 exortu
3360 3055 3669 3112 occasuque

2077 3127 2235 3184 ﬁunt.
2266 3128 2384 3184 Lux
2412 3144 2543 3185 vero
2566 3139 2691 3201 post
2738 3131 2933 3187 coelum
2982 3139 3039 3187 et
3081 3139 3280 3186 terram
3330 3142 3385 3187 et
3430 3147 3555 3188 aera
3585 3134 3669 3189 la-

2078 3230 2164 3277 cta
2191 3230 2274 3277 est
2298 3237 2315 3288 ;
2337 3236 2458 3293 quae
2483 3221 2703 3292 quidem
2735 3222 2920 3277 omnia
2951 3222 3093 3278 Deus
3113 3220 3354 3278 Verbum
3386 3224 3665 3280 voluntate

2078 3312 2255 3369 Patris
2314 3313 2610 3369 fabricatus
2655 3323 2758 3370 est.
2780 3316 2789 3324 ’

2147 3429 2512 3497 Quamobrem
2534 3437 2923 3499 cumtempora
2980 3436 3036 3483 et
3090 3429 3288 3485 saecula
3350 3445 3473 3485 cum
3533 3428 3663 3484 reli-

2075 3521 2198 3593 quis
2225 3521 2476 3576 omnibus
2499 3520 2715 3576 rebus'a
2748 3520 2858 3575 Deo
2892 3519 3073 3576 Verbo
3104 3522 3246 3576 facta
3307 3530 3457 3585 sunt,
3517 3520 3656 3574 nihil

2073 3612 2179 3667 erit
2197 3613 2435 3669 medium
2471 3611 2841 3668 iuterPatrem
2876 3623 2931 3667 et
2988 3613 3181 3668 Filium
3219 3631 3234 3678 ;
3288 3613 3383 3667 sed
3435 3629 3652 3683 semper

2077 3700 2224 3756 Deus
2255 3700 2436 3765 Pater,
2459 3709 2515 3755 et
2574 3716 2794 3770 semper
2817 3717 2938 3755 cum
2971 3702 3131 3757 Patre
3180 3701 3366 3756 Filius.
3418 3701 3604 3770 Itaque
3633 3716 3650 3755 :

2080 3812 2098 3845 ι
2149 3791 2209 3847 In
2261 3791 2555 3863 principio,
2599 3792 2798 3847 clamat
2859 3792 3287 3862 Evangelista",
3343 3808 3461 3846 erat
3522 3792 3659 3847 Ver—

2072 3884 2255 3940 bum.»
2289 3882 2355 3937 Et
2391 3882 2590 3938 Paulus
2623 3882 2902 3952 apostolus
2933 3900 2947 3937 :
2994 3902 3012 3935 ι
3044 3882 3146 3947 Qui
3180 3899 3304 3938 cum
3337 3886 3427 3949 sit,
3458 3884 3657 3953 inquit,

2071 3976 2332 4050 splendor
2369 3974 2575 4048 gloriae,
2604 3984 2660 4030 et
2687 3973 2857 4044 ﬁgura
2891 3974 3213 4030 substantiae
3244 3976 3313 4029 ⁸’.
3344 3976 3412 4030 Ει
3473 3975 3599 4031 alibi
3641 3992 3658 4030 :

2078 4069 2210 4137 «Qui
2261 4084 2386 4124 cum
2426 4068 2482 4123 in
2513 4068 2709 4131 forma,
2737 4065 2940 4137 inquit,
2980 4067 3076 4120 Dei
3136 4078 3324 4134 esset,
3374 4083 3479 4120 non
3514 4070 3661 4137 rapi-

2070 4176 2194 4217 nam
2219 4159 2516 4215 arbitratus
2543 4168 2647 4222 est,
2671 4173 2795 4214 esse
2814 4174 2874 4214 se
2903 4157 3166 4227 aequalem
3219 4158 3331 4212 Deo
3356 4157 3459 4210 ⁸³.»
3489 4156 3661 4215 Voces

2071 4254 2177 4310 illa!
2225 4254 2432 4319 :Erat,
2469 4251 2559 4316 sit,
2589 4260 2744 4314 esset,
2806 4251 2959 4305 illum
3016 4266 3233 4321 semper
3294 4266 3415 4305 esse
3476 4250 3661 4306 decla.

2069 4355 2217 4402 rant.
2244 4344 2509 4411 Quocirca
2539 4342 2702 4412 paulo
2726 4350 2848 4411 post
2881 4342 2958 4397 ait
2988 4341 3330 4414 Evangelista
3355 4360 3368 4396 :
3414 4342 3566 4398 «Vita
3597 4358 3660 4398 e-

2070 4443 2172 4496 rat,
2206 4442 2261 4489 et
2310 4433 2420 4488 vita
2450 4441 2568 4487 erat
2621 4431 2713 4485 lux
2770 4432 3055 4485 hominum
3083 4432 3149 4485 ".
3191 4450 3209 4484 ι
3260 4417 3326 4487 Et
3383 4450 3597 4489 rursum
3640 4452 3658 4489 :

385 4524 445 4575 r6
476 4522 591 4591 φῶς
624 4521 732 4574 τῶν
756 4521 1059 4593 ἀνθρώπων
1087 4539 1101 4553 ’
1130 4542 1151 4577 ι
1178 4525 1274 4578 καὶ
1299 4521 1477 4592 αὖθις,
1518 4524 1659 4583 «Ἦν
1688 4530 1749 4584 1:6
1781 4532 1895 4601 φῶς
1912 4532 1975 4585 τὸ

2086 4544 2105 4577 ι
2142 4524 2272 4578 Erat
2297 4524 2385 4577 lux
2424 4538 2574 4587 vera,
2628 4536 2751 4591 qua:
2799 4522 3073 4577 illuminat
3105 4540 3326 4580 onmem
3381 4526 3656 4581 hominem

386 4612 664 4682 ἀληθινὸν,
692 4613 721 4666 δ
751 4614 978 4683 φωτίζει
1006 4616 1185 4669 πάντα
1216 4617 1508 4688 ἄνθρωπον
1536 4620 1834 4691 ἐρχόμενον
1872 4622 1959 4686 είς

386 4706 480 4758 τὸν
513 4706 743 4775 κόσμον.
783 4725 802 4760 ι
853 4695 966 4761 κάι
991 4707 1174 4775 πάλιν,
1211 4726 1230 4760 ι
1279 4708 1340 4764 Ὀ
1391 4712 1691 4784 μονογενὴς
1750 4713 1901 4780 Υἱὸς,
1940 4717 1968 4768 6

385 4797 465 4849 ὧν
488 4800 566 4859 είς
596 4798 688 4851 τὸν
709 4798 907 4852 κόλπον
922 4800 1017 4852 τοῦ
1045 4799 1279 4870 Πατρόςο
1305 4819 1323 4854 ι
1346 4803 1442 4855 καὶ
1460 4805 1522 4855 εν
1554 4806 1618 4875 τῇ
1656 4804 1966 4877 Ἐπιστολῇ,

390 4906 410 4940 ι
462 4889 565 4952 ’ος
597 4883 689 4959 ἦν,
739 4907 759 4941 ι
798 4890 987 4961 φησὶν,
1021 4908 1041 4941 ι
1085 4892 1184 4945 ἀπ’
1211 4892 1410 4963 ἀρχῆς.
1447 4911 1466 4946 ι
1510 4893 1670 4949 Οὕτω
1695 4896 1968 4966 θεολογεϊν

386 4980 497 5033 ὑπὸ
551 4979 648 5034 τοῦ
680 4980 826 5034 θείου
883 4982 1205 5053 Πνεύματος
1245 4985 1338 5038 τὸν
1392 4990 1659 5057 μονογενῆ
1690 4988 1785 5043 τοῦ
1831 4990 1968 5045 Θεοῦ

384 5073 566 5140 Λόγον
615 5073 981 5145 ἐδιδάχθησαν
1026 5077 1075 5128 οι
1140 5077 1239 5130 ἀπ’
1280 5079 1457 5148 ἀρχῆς
1520 5080 1809 5149 αὐτόπται,
1874 5085 1968 5139 καὶ

381 5166 658 5235 ὑπηρέται
705 5166 801 5220 τοῦ
867 5167 1044 5235 Λόγου
1083 5168 1390 5239 γενόμενοι.
1445 5170 1539 5227 Διδ
1593 5174 1657 5227 οὐ
1712 5177 1969 5247 συνηρίθ-

384 5277 573 5330 μησαν
610 5261 675 5331 τῇ
701 5259 880 5313 κτίσει
904 5260 998 5313 τδν
1052 5261 1355 5316 κτίσαντα·
1388 5263 1452 5316 οὐ
1507 5266 1807 5331 συνέταξαν
1872 5269 1965 5324 τὸν

383 5350 620 5418 ποιητὴν
642 5352 755 5413 τοῖς
782 5351 1084 5420 ποιήμασιν
1107 5366 1122 5382 ⁸
1155 5352 1393 5423 οὐδαμοῦ
1421 5354 1628 5427 κτίσμα
1655 5357 1717 5411 τὺ
1738 5361 1962 5430 γνήσιον

375 5440 477 5491 τοῦ
493 5438 629 5493 Θεοῦ
660 5440 1113 5510 προσηγόρευσαν
1142 5443 1412 5513 γέννημα·
1444 5445 1682 5516 οὐδαμοῦ
1723 5450 1816 5503 ιτὸ
1838 5451 1961 5519 ἐγέ-

374 5549 502 5588 νετο
530 5552 549 5585 ι
588 5535 911 5600 συνέζευξαν
943 5539 1007 5605 τῇ
1042 5534 1275 5607 θεότητι.
1308 5536 1453 5591 Ἀλλ’
1482 5535 1639 5603 οὗτος
1671 5542 1788 5611 μὲν,
1826 5562 1845 5595 ι
1868 5544 1957 5597 Ἐν

450 5690 841 5769 δ’..ΙοοΞκιθ-ᾷ.
880 5692 962 5769 Δι’
994 5693 1133 5769 Ibid.
1164 5695 1221 5749 5.
1311 5697 1357 5769 'f’
1390 5698 1555 5759 Hebr.
1588 5717 1628 5769 t,
1658 5703 1713 5760 2.

380 5776 459 5827 tv.
488 5761 542 5816 4.
618 5760 667 5793 ’⁸
698 5761 832 5820 Ibid.
877 5760 931 5818 9.
1008 5764 1210 5820 "Joan
1246 5781 1285 5827 ι.
1312 5768 1366 5824 8.

1812 5706 1852 5739 "
1910 5704 2070 5764 Joau.
2104 5723 2142 5778 ι,
2185 5709 2205 5765 ι
2318 5709 2363 5740 ⁵²
2415 5707 2582 5766 llebr.
2612 5722 2652 5776 ι,
2679 5707 2732 5763 '5.

2068 4614 2384 4669 venientem
2436 4613 2492 4667 in
2545 4612 2836 4666 mundum.
2872 4631 2891 4663 ι
2931 4613 2993 4666 Et
3018 4630 3231 4668 rursum
3287 4630 3302 4667 :
3361 4615 3657 4681 (Unigeni-

2071 4713 2158 4760 tus
2200 4703 2369 4758 Filius
2407 4702 2499 4771 qui
2528 4711 2614 4756 est
2643 4701 2700 4754 in
2733 4703 2856 4755 sinu
2888 4701 3062 4755 Patris
3090 4703 3158 4756 ⁸⁵.
3192 4720 3211 4753 ι
3253 4700 3319 4755 Ει
3356 4705 3412 4757 in
3444 4703 3658 4774 Episto-

2068 4796 2171 4852 lis:
2211 4795 2346 4861 «Ουί
2373 4805 2511 4862 erat,
2538 4815 2557 4849 ι
2601 4796 2803 4862 inquit,
2826 4813 2843 4847 ι
2879 4795 2946 4849 ab
2969 4791 3127 4850 initio
3150 4794 3254 4849 ⁸⁵.»
3276 4797 3355 4849 ita
3374 4794 3442 4850 de
3467 4796 3655 4867 unige-

2073 4890 2192 4945 nito
2233 4888 2329 4943 Dei
2359 4885 2541 4943 Verbo
2566 4888 2944 4959 philosophari
2974 4902 3004 4941 a
3035 4887 3222 4942 divino
3257 4886 3462 4957 Spiritu
3478 4889 3657 4943 edocti

2083 4990 2216 5037 sunt
2245 4981 2343 5047 illi,
2373 4980 2466 5050 qui
2496 4980 2564 5034 ab
2604 4980 2759 5034 initio
2822 4979 2985 5035 Verbi
3040 4978 3264 5031 fuerunt
3319 4979 3660 5046 inSpectores

2078 5080 2134 5127 et
2165 5070 2417 5125 ministri.
2454 5069 2799 5138 Quapropter
2832 5083 2940 5122 non
2968 5068 3018 5120 in
3046 5082 3256 5131 eorum,
3291 5082 3411 5135 qua:
3470 5078 3653 5121 creata

2078 5177 2208 5219 sunt
2244 5176 2496 5223 numero,
2554 5170 2855 5215 creatorem
2892 5159 3157 5228 ipsorum,
3194 5174 3297 5215 nec
3343 5159 3398 5212 in
3460 5174 3650 5213 eorum

2078 5270 2330 5322 numero,
2356 5269 2476 5325 qua:
2500 5253 2641 5308 facta
2685 5260 2833 5319 sunt,
2864 5251 3107 5321 ipsorum
3158 5242 3472 5307 euectorem
3518 5266 3655 5304 con-

2072 5350 2396 5412 stituerunt,
2426 5361 2529 5402 nec
2558 5360 2876 5417 germanum
2939 5342 3034 5398 Dei
3091 5343 3293 5398 Filium
3345 5343 3453 5396 ullo
3486 5341 3648 5394 modo

2068 5432 2313 5493 creatum
2351 5436 2785 5507 appellaverunt.
2837 5435 2950 5491 Nec
2998 5449 3161 5489 voces
3194 5433 3356 5488 illas:
3415 5429 3647 5484 Factum

2065 5540 2139 5585 est
2191 5545 2314 5585 cum
2364 5528 2647 5584 divinitate
2694 5527 3113 5584 coniunxerunt.
3168 5524 3275 5580 Sed
3340 5523 3480 5577 has:
3523 5539 3543 5574 ι
3585 5520 3641 5574 ln

2848 5704 2894 5736 ⁵³
2920 5703 3112 5771 Philip.
3148 5715 3209 5768 η,
3247 5698 3301 5754 6.
3406 5696 3450 5729 "
3483 5699 3643 5755 Joan.
