4130 6458
473 346 538 444 st
1717 373 2081 438 EU'rHYMti

2192 370 2507 433 IGADENI
3684 360 3755 425 92

482 497 756 570 principio
810 508 930 555 erat
992 501 1250 556 Verbum.
1290 518 1308 552 ι
1377 499 1443 552 Et
1503 496 1670 553 illas:
1715 515 1733 549 ι
1768 496 1872 562 Qui
1930 508 2053 549 cum

2186 497 2302 564 ερχῇ
2334 488 2401 563 ἦν
2424 494 2453 547 6
2483 492 2678 561 Λόγος,
2711 509 2730 544 ι
2779 492 2905 557 οὑκ,
2947 488 3037 546 Ἐν
3062 491 3205 564 ἀρχῇ
3234 491 3451 562 ἐγένετο
3477 496 3501 548 6
3533 494 3706 564 Λόγος
3732 511 3750 528 ο

482 599 630 645 esset
685 589 943 654 splendor
980 591 1188 662 gloriae,
1223 598 1277 645 et
1339 590 1510 660 ﬁgura
1563 587 1897 644 substantiae
1924 586 1991 651 ⁵⁷,
2036 605 2053 638 ι

491 697 602 736 non
627 692 811 737 autem
842 684 968 739 bas:
995 704 1012 735 ι
1043 684 1143 750 Qui
1172 700 1297 739 cum
1335 684 1389 738 in
1420 683 1596 737 forma
1628 682 1722 736 Dei
1757 690 1907 736 esset
1934 679 2005 742 ”,
2036 698 2055 731 ι

481 782 537 827 ct
580 753 760 828 alibi:
823 795 841 826 ι
873 776 975 842 Qui
1038 785 1124 830 est
1189 776 1372 847 imago
1433 775 1525 829 Dei
1585 774 1881 830 invisibilis
1924 774 1993 826 ⁸⁸.
2039 790 2057 823 ι

482 865 603 920 Νοη
661 866 838 923 dixit:
883 866 984 934 Qui
1044 870 1213 939 factus
1276 876 1351 923 est
1390 868 1571 940 imago
1610 866 1707 923 Dei
1756 866 2062 933 invisibilis,

482 956 601 1022 sed,
632 959 844 1027 quiest.

555 1241 733 1311 Atque
773 1242 847 1297 ita
878 1242 1187 1299 Divinitatis
1218 1244 1420 1300 rationi
1446 1245 1650 1315 passim
1711 1245 2069 1315 conjunctum

484 1336 571 1409 cst
596 1330 759 1385 illud:
783 1340 920 1396 erat,
963 1344 1018 1387 et
1045 1333 1174 1388 illud
1206 1351 1322 1388 cum
1358 1336 1452 1400 sit,
1477 1344 1532 1391 et
1557 1335 1690 1391 illud
1725 1352 1882 1390 :cum
1916 1346 2071 1401 esset,

484 1414 541 1475 et
561 1422 716 1487 illud,
751 1433 847 1477 est.
876 1422 1019 1490 Quin
1046 1425 1210 1480 etiam
1240 1426 1354 1497 ipse
1392 1427 1535 1483 Deus
1561 1443 1688 1485 cum
1722 1444 1919 1501 magno
1959 1429 2074 1483 Ilo-
2111 1418 2117 1424 ’

485 1526 546 1567 se
576 1514 807 1583 loquens
836 1517 911 1570 ita
950 1532 1011 1572 se
1041 1519 1337 1587 appellavit
1375 1538 1392 1575 :
1453 1538 1475 1576 ι
1507 1520 1640 1592 Ego,
1701 1540 1722 1574 ι
1789 1520 2071 1590 inquiens,

478 1624 511 1673 _(
546 1623 667 1662 sum
711 1611 804 1678 qui
842 1627 966 1667 sum
990 1612 1057 1668 ⁸ο.
1102 1631 1121 1664 ι
1156 1614 1470 1683 Ει,ι·ιιι·ειιηι
1507 1631 1522 1670 :
1574 1634 1594 1667 ι
1650 1617 1834 1683 Haec,»
1873 1616 2074 1684 inquit,

492 1719 511 1750 ι
549 1699 699 1755 dices
727 1701 854 1757 ﬁliis
888 1704 1052 1760 Israel
1089 1722 1103 1758 :
1149 1705 1253 1771 Qui
1283 1716 1390 1771 est,
1420 1708 1573 1764 misit
1606 1725 1694 1764 me
1715 1708 1783 1765 ad
1809 1724 1906 1764 vos
1939 1710 2007 1764 “.
2049 1729 2070 1761 ι

488 1789 618 1844 Ilaec
673 1802 858 1848 autem
934 1810 1060 1851 esse
1117 1798 1243 1852 Filii
1299 1800 1463 1855 verba
1547 1800 1856 1856 concedunt
1910 1803 2075 1857 etiam

487 1880 787 1950 impietatis
843 1888 1192 1944 exsecranda:
1263 1899 1745 1961 propugnatores,
1822 1893 1915 1962 qui
1978 1893 2082 1949 Pa-

491 1984 632 2029 trem
694 1978 916 2046 quidem
967 1980 1392 2052 inseparabilem
1453 1994 1724 2051 statuunt,
1789 1986 1889 2040 sed
1955 2000 2079 2043 me-

487 2066 644 2121 dium
678 2068 823 2125 inter
881 2071 1096 2127 Patrem
1149 2082 1204 2130 et
1263 2091 1350 2131 res
1399 2087 1611 2134 creatas
1640 2077 1836 2135 Filium
1876 2082 2080 2149 locant,

489 2172 727 2227 eumque
809 2162 1140 2230 patriarchis
1195 2175 1250 2221 et
1313 2170 1600 2238 prophetis
1657 2173 1980 2242 apparuisse
2025 2184 2081 2229 et

487 2248 732 2303 locutum
766 2266 887 2307 esse
909 2253 1122 2310 dicunt.
1175 2255 1283 2313 Sed
1335 2258 1449 2328 ipse
1516 2261 1659 2317 Deus
1685 2262 1922 2318 Verbum
1986 2278 2082 2334 per

487 2340 782 2398 Jeremiam
815 2347 1001 2402 verbis
1034 2348 1087 2402 id
1114 2364 1218 2403 nos
1244 2352 1535 2420 perspicue
1573 2353 1753 2420 docet,
1798 2370 1922 2411 cum
1951 2357 2026 2410 ait
2060 2373 2076 2411 :

498 2452 517 2485 ι
546 2434 603 2487 In
635 2436 835 2491 diebus
884 2438 996 2493 illis
1065 2448 1122 2493 et
1151 2440 1205 2494 in
1238 2451 1489 2513 tempore
1524 2445 1616 2500 illo
1657 2445 1855 2502 feriam
1891 2448 2081 2505 domui

495 2525 658 2580 Israel
720 2538 775 2582 et
829 2529 1013 2584 domui
1035 2530 1174 2586 Juda
1225 2541 1614 2590 testamentum
1668 2553 1906 2604 novum,
1968 2554 2078 2594 non

495 2620 798 2674 secundum
834 2631 1249 2690 testamentum,
1287 2627 1433 2696 quod
1487 2629 1583 2683 tuli
1618 2630 1862 2698 patribus
1890 2646 2081 2687 eorum

482 2709 549 2773 in
603 2712 711 2777 die,
761 2729 867 2782 qua
890 2717 1227 2785 apprehendi
1259 2733 1482 2774 manum
1516 2735 1737 2787 eorum,
1772 2733 1833 2778 ut
1881 2724 2086 2780 educe-

498 2814 614 2852 rem
671 2816 767 2856 eos
819 2804 885 2858 de
918 2815 1063 2859 terra
1088 2807 1413 2879 IEgypti".
1463 2829 1483 2862 ι
1544 2811 1868 2877 Quaeramus
1892 2815 2082 2887 igitur,

492 2891 619 2959 quis
648 2900 1036 2952 testamentum
1062 2899 1223 2955 nobis
1249 2901 1355 2957 hoc
1371 2893 1575 2959 novum
1625 2906 1860 2963 dederit.
1886 2907 2082 2965 Nonne

488 2995 706 3040 constat
762 2987 814 3042 id
865 2990 1026 3047 nobis
1082 2992 1376 3050 Dominum
1428 2996 1710 3054 Christum
1776 3002 2087 3058 attulisse?

492 3074 617 3143 Ipse
650 3079 799 3134 enim
833 3080 888 3135 in
916 3084 1124 3140 sanctis
1156 3086 1469 3159 Evangeliis
1514 3090 1718 3147 clamat
1752 3110 1768 3148 :
1831 3093 2082 3149 «Dictum

2166 590 2374 650 ἐκεῖνος
2418 586 2497 651 δὲ,
2564 605 2583 639 ι
2632 587 2719 651 Ὠς
2760 586 2837 640 ὢν
2892 586 3239 657 ἀπαύγασμα
3300 588 3395 658 τῆς
3434 587 3615 658 δόξης,
3656 591 3753 645 καὶ

2168 680 2458 752 χαρακτὴρ
2490 679 2593 749 τῆς
2634 678 3011 741 ὑποστάσεως·
3064 697 3083 731 ι
3124 681 3220 733 καὶ
3269 679 3459 747 πάλιν,
3520 700 3538 732 ι
3573 682 3674 746 ’Ὀς
3699 683 3755 735 ὲν

2172 777 2358 846 μορφῇ
2392 773 2528 827 Θεοῦ
2565 772 2854 844 ὑπάρχων,
2886 773 2947 824 ού
3003 771 3187 843 μορφὴ
3246 773 3385 826 Θεοῦ
3440 775 3754 844 γενόμενος,

2167 868 2285 922 ἀλλ’
2311 868 2580 939 ὑπάρχων
2614 866 2673 919 ὲν
2708 850 2894 936 μορφῇ
2922 862 3114 918 Θεοῦ.»
3162 867 3288 918 Καὶ
3316 865 3568 935 ἑτέρωθι,
3606 867 3756 932 ι”ὐς

2170 965 2322 1017 ἐστιν
2359 962 2525 1016 εἰκὼν
2554 959 2651 1014 τοῦ
2687 958 2826 1013 Θεοῦ
2849 957 2944 1011 τοῦ
2977 958 3234 1032 ἀοράτου.
3269 977 3286 1011 ι
3318 958 3436 1014 Οὑκ
3458 953 3633 1026 εἶπεν,
3660 960 3761 1024 ’ος

2170 1054 2393 1123 ἐγένετο
2449 1051 2617 1106 είκὼν
2671 1050 2766 1104 τοῦ
2821 1048 2959 1103 Θεοῦ
3017 1047 3111 1105 τοῦ
3163 1049 3421 1121 ἀοράτου,
3456 1050 3599 1117 ἀλλ’,
3658 1048 3760 1113 ’ος

2162 1146 2344 1201 ¹ἐστιν.

2245 1236 2405 1291 Οὕτω
2435 1233 2720 1309 πανταχοῦ
2753 1238 2816 1307 τῇ
2846 1235 3105 1307 θεολογίᾳ
3150 1234 3517 1299 συνέζευκται
3556 1233 3620 1287 τὸ
3670 1228 3765 1304 ἦν,

2174 1335 2272 1387 καὶ
2296 1333 2357 1386 τὸ
2380 1330 2478 1394 ὢν,
2508 1330 2605 1386 καὶ
2644 1332 2704 1385 τὸ
2739 1329 3025 1401 ὑπάρχων,
3083 1330 3178 1382 καὶ
3229 1329 3290 1382 τὸ
3345 1327 3519 1383 ἔστιν.
3575 1325 3770 1390 Οὕτως

2177 1425 2372 1480 ἑαυτὸν
2398 1426 2494 1479 καὶ
2536 1423 2618 1496 τῷ
2652 1424 2875 1495 μεγάλῳ
2906 1425 3115 1495 Μωῦσῇ
3164 1422 3546 1493 διαλεγόμενος
3601 1438 3770 1490 προσο

2175 1517 2498 1590 ηγόρευσεν,
2543 1534 2562 1568 ι
2614 1514 2755 1584 Ἐγώ
2785 1516 2899 1586 είμι
2928 1515 3074 1570 όῶν.
3113 1535 3131 1567 ι
3169 1516 3276 1570 Καὶ
3303 1515 3487 1581 πάλιν,
3564 1534 3582 1567 ι
3624 1513 3768 1570 Τάδε

2178 1610 2322 1681 ἐρεῖς
2339 1610 2452 1672 τοῖς
2483 1609 2622 1671 υἱοῖς
2660 1605 2881 1678 Ἰσραήλ
2905 1624 2920 1637 ·
2960 1625 2977 1658 ι
3026 1608 3086 1662 Ὀ
3113 1606 3516 1677 ὣνξάπέσταλκέ
3547 1624 3613 1673 με
3633 1605 3773 1676 πρὸς

2180 1703 2349 1773 ὑμᾶς.
2393 1720 2409 1753 ι
2467 1700 2594 1755 Ὀτι
2626 1700 2681 1753 δὲ
2731 1702 2825 1753 τοῦ
2861 1698 2996 1755 Υίοῦ
3039 1699 3215 1754 ταῦτα
3276 1699 3341 1753 τὰ
3378 1699 3600 1769 ῥήματα
3632 1715 3797 1768 μαρέ

2182 1791 2409 1865 τυροῦσι
2446 1793 2545 1864 μὲν
2574 1796 2669 1845 καὶ
2701 1792 2859 1846 αὐτοὶ
2890 1794 2991 1865 τῆς
3046 1792 3408 1863 βλασφημίας
3456 1793 3502 1845 οἱ
3558 1791 3780 1862 πρόμα-

2182 1906 2291 1962 χοι,
2326 1887 2615 1960 ἀχώρητον
2656 1887 2757 1957 μὲν
2780 1889 2873 1941 τὸν
2899 1887 3127 1957 Πατέρα
3154 1887 3436 1954 λέγοντες,
3467 1884 3698 1955 μεσίτην
3714 1882 3776 1936 δὲ

2181 1980 2277 2035 τοῦ
2306 1980 2523 2051 Πατρὸς
2557 1981 2652 2035 καὶ
2678 1983 2775 2053 τῆς
2804 1979 3039 2043 κτίσεως
3057 1980 3151 2033 τὸν
3178 1979 3307 2033 Υίὸν
3339 1976 3778 2041 ἀποκαλοῦντες,

2186 2070 2283 2125 καὶ
2321 2070 2629 2141 φάσκοντες
2658 2071 2826 2126 αὑτὸν
2858 2075 2973 2135 τοῖς
2997 2072 3377 2143 πατριάρχαις
3408 2086 3466 2122 τε
3515 2068 3610 2122 καὶ
3663 2068 3780 2131 τοῖς

2183 2166 2498 2235 προφήταις
2538 2165 2768 2239 ὀφθῆναί
2801 2182 2862 2219 τε
2892 2166 2990 2220 καὶ
3041 2164 3417 2236 διαλεχθῆναι.
3460 2162 3659 2232 Σαφῶς
3718 2162 3784 2216 δὲ

2183 2261 2335 2332 ἡμᾶς
2366 2260 2528 2324 αὐτὸς
2565 2261 2593 2313 ό
2642 2260 2775 2323 Θεὸς
2827 2260 3003 2329 Λόγος
3041 2258 3290 2312 διδάσκει
3352 2258 3443 2311 διὰ
3508 2257 3781 2327 Ἱερεμίου

2180 2352 2277 2425 τοῦ
2309 2354 2595 2425 προφήτου
2613 2353 2818 2422 λέγων,
2856 2370 2875 2403 ι
2932 2353 3024 2405 Ἐν
3078 2352 3200 2415 ταῖς
3228 2351 3465 2422 ἡμέραις
3514 2350 3780 2417 ἐκείναις,

2184 2446 2284 2500 καὶ
2314 2447 2374 2501 ὲν
2409 2445 2486 2517 τῷ
2512 2445 2690 2515 καιρῷ
2718 2444 2919 2514 ἐκείνῳ
2939 2443 3271 2515 διαθήσομαι
3303 2442 3380 2513 τῷ
3405 2441 3540 2514 οἴκῳ
3557 2442 3784 2513 Ἰσραὴλ

2185 2540 2280 2593 καὶ
2320 2537 2399 2608 τῷ
2430 2539 2565 2608 οἴκῳ
2591 2538 2767 2592 Ἰούδα
2797 2538 3080 2609 Διαθήκην
3113 2537 3335 2607 καινὴν,
3387 2539 3449 2590 οὑ
3480 2540 3625 2589 κατὰ
3674 2536 3782 2605 τὴν

2184 2632 2453 2704 διαθήκην
2517 2631 2586 2703 ἢν
2646 2631 2908 2702 διεθέμην
2965 2634 3079 2695 τοῖς
3133 2630 3411 2700 πατράσιν
3481 2629 3662 2683 αὐτῶν
3718 2630 3782 2683 ἐν

2185 2726 2374 2798 ἡμέρᾳ
2410 2723 2821 2795 ἐπιλαϐομένου
2850 2740 2957 2792 μου
2985 2727 3085 2795 τῆς
3127 2723 3312 2801 χειρὸς
3366 2723 3547 2777 αὐτῶν
3581 2722 3784 2791 ἐξαγα-

2190 2822 2309 2889 γεῖν
2338 2819 2540 2882 αὐτοὺς
2569 2819 2635 2872 ἐκ
2664 2818 2768 2887 γῆς
2796 2817 3100 2888 Αἰγύπτου.
3148 2836 3167 2870 ι
3222 2818 3566 2889 Ζητήσωμεν
3594 2816 3781 2869 τοίνυν

2184 2914 2269 2977 τίς
2293 2913 2391 2984 τὴν
2419 2913 2611 2984 καινὴν
2638 2914 2771 2983 ἡμῖν
2798 2910 3081 2982 Διαθήκην
3100 2926 3115 2942 ·
3178 2910 3213 2981 ἢ
3251 2908 3412 2979 δῆλον
3459 2908 3665 2962 ἅπασιν
3696 2907 3774 2972 ὡς

2184 3006 2212 3058 6
2242 3003 2523 3075 Δεσπότης
2584 3004 2825 3072 Χριστὸς
2878 3004 3085 3075 ταύτης
3126 3001 3245 3055 ἐστὶ
3289 3000 3568 3071 χορηγός;
3607 2998 3783 3061 Αὑτὸς

2186 3098 2298 3169 γὰρ
2349 3101 2407 3151 ἐν
2452 3100 2568 3164 τοῖς
2640 3099 2811 3170 ἱεροῖς
2866 3098 3223 3167 Εὑαγγελίοις
3270 3095 3410 3166 βοᾷο
3470 3112 3489 3145 ι
3538 3092 3778 3165 Ἐρρέθη

486 3173 577 3219 est
606 3168 849 3237 antiquis
884 3190 898 3226 :
935 3172 1054 3229 Non
1082 3176 1325 3233 occides.
1359 3177 1484 3249 iEgo
1510 3192 1693 3236 autem
1717 3182 1844 3237 dico
1882 3184 2076 3240 vobis:

2187 3168 2301 3255 τοῖς
2331 3191 2602 3263 ἀρχαίοις,
2658 3168 2736 3247 Oti
2792 3189 3112 3261 φονεύσειςο
3164 3185 3275 3255 ἐγὼ
3324 3184 3381 3238 δὲ
3430 3183 3575 3254 λέγω
3628 3185 3779 3255 ὑμῖν,

498 3250 690 3310 Omnis
751 3259 845 3326 qui
898 3270 1102 3320 temere
1154 3265 1417 3323 irascitur
1452 3268 1610 3326 fratri
1644 3286 1767 3337 suo,
1814 3288 1941 3328 reus
1974 3277 2084 3335 erit

493 3345 708 3415 iudicii.
736 3349 948 3405 Dictum
971 3364 1051 3409 est
1086 3358 1333 3428 antiquis
1398 3378 1412 3414 :
1470 3359 1593 3417 Non
1646 3365 1939 3434 peierabis.
1971 3367 2083 3438 Ego

494 3450 682 3491 autem
735 3440 860 3494 dico
908 3443 1110 3498 vobis:
1168 3446 1247 3502 Ne
1289 3448 1490 3518 juretis
1540 3455 1864 3511 omnino".
1910 3475 1929 3509 ι
2016 3459 2086 3514 Et

494 3530 601 3584 alia
669 3531 860 3587 horum
923 3537 1121 3593 simil:a
1186 3545 1524 3610 praescribit,
1584 3547 1669 3605 his
1726 3558 1887 3606 utens
1947 3556 2087 3617 {vero

497 3623 582 3678 bis
639 3641 654 3678 :
701 3644 719 3677 ι
751 3623 966 3683 Dictum
1010 3641 1093 3686 est
1131 3634 1393 3705 antiquis,
1436 3655 1455 3689 ι
1511 3639 1569 3695 id
1632 3657 1734 3713 ego
1763 3654 1947 3699 autem
1980 3645 2086 3701 hoc

496 3716 674 3771 dico:
721 3719 802 3775 sic
847 3731 1030 3776 autem
1078 3725 1312 3795 impero,
1360 3742 1554 3786 nonut
1596 3733 1731 3790 latas
1777 3736 1888 3806 jam
1938 3738 2087 3810 leges

494 3821 744 3867 evertam
804 3821 859 3869 et
889 3815 1176 3887 abrogem,
1233 3822 1332 3878 sed
1370 3834 1430 3879 ut
1481 3842 1574 3885 eas
1601 3830 1875 3886 stabiliam
1920 3842 2087 3902 atque

484 3904 842 3985 conﬁrmem,
871 3925 927 3968 et
949 3926 1054 3981 qua
1076 3914 1287 3969 ratione
1309 3916 1663 3975 observanda:
1684 3923 1814 3988 sint,
1835 3924 2087 3981 doceam.

500 3995 714 4052 Novum
772 4014 902 4072 ergo
951 4011 1338 4063 testamentum
1393 4012 1583 4066 tribuit
1620 4014 1781 4068 nobis
1820 4014 2089 4070 Dominus

492 4086 793 4157 Christus;
848 4092 942 4162 qui
1000 4105 1185 4151 autem
1219 4098 1323 4154 hoc
1369 4101 1584 4167 tribuit,
1644 4103 1691 4158 is
1726 4114 1888 4160 vetus
1919 4107 2084 4161 etiam

478 4181 650 4249 dedit
708 4182 893 4238 Israeli
952 4198 1080 4257 post
1123 4190 1657 4259 cjusliberationem
1709 4210 1777 4250 ex
1830 4198 2087 4268 Egypto.

497 4272 602 4338 Qui
658 4291 788 4332 vero
822 4277 960 4335 illud
1016 4281 1193 4351 dedit,
1218 4294 1271 4339 et
1312 4287 1574 4356 populum
1648 4289 1718 4343 ab
1773 4289 2091 4361 Egyptiaca

498 4367 760 4425 servitute
791 4371 1064 4440 liberavit,
1100 4375 1221 4446 ipse
1242 4377 1501 4434 nimirum
1530 4381 1733 4436 Mosem
1759 4384 1824 4438 ad
1843 4385 2092 4441 Pharao-

499 4477 624 4517 nem
680 4464 856 4533 misit,
926 4466 1043 4537 ipse
1113 4470 1293 4524 dixit:
1340 4489 1359 4521 ι
1384 4470 1509 4527 Haec
1539 4474 1687 4529 dices
1721 4475 1845 4531 ﬁliis
1871 4476 2037 4534 Israel
2075 4498 2089 4537 :

2191 3284 2362 3347 Παςὸ
2391 3282 2754 3353 ὀργιζόμενος
2784 3280 2864 3351 τῷ
2912 3279 3128 3349 ἀδελφῷ
3179 3274 3344 3330 αὑτοῦ
3400 3275 3522 3345 είκῆ
3585 3274 3772 3344 ἔνοχος

2190 3374 2345 3429 ἔσται
2376 3377 2443 3445 τῇ
2475 3374 2678 3443 κρίσει.
2719 3370 2954 3441 Ἐρρέθη
2974 3372 3091 3433 τοῖς
3126 3368 3398 3439 ἀρχαίοις,
3432 3368 3550 3419 Οὐκ
3584 3369 3777 3435 ὲπιορυ

2189 3469 2382 3537 κήσεις
2404 3506 2417 3531 ,
2454 3464 2566 3535 ἐγὼ
2595 3463 2651 3517 δὲ
2691 3463 2836 3532 λέγω
2894 3462 3045 3532 ὑμῖν,
3081 3462 3158 3531 μὴ
3191 3460 3390 3529 ὀμόσαι
3422 3458 3582 3517 ὅλως.
3618 3475 3635 3507 ι
3670 3458 3778 3509 Καὶ

2189 3558 2361 3612 τᾶλλα
2408 3557 2463 3610 δὲ
2523 3554 2730 3626 ὁμοίως
2787 3552 3027 3625 τίθησιν,
3080 3553 3163 3608 ὅτι
3226 3550 3433 3625 ἐρρέθη
3499 3550 3596 3617 μὲν
3637 3548 3778 3611 τόδε,

2196 3650 2311 3722 ιγὼ
2345 3651 2401 3704 δὲ
2426 3650 2585 3704 τοῦτο
2604 3647 2830 3701 τοιῶσδε
2863 3646 3168 3718 νομοθετῶ,
3208 3646 3309 3698 οὑκ
3337 3641 3666 3713 ἀνατρέπων
3688 3643 3781 3694 τὸν

2190 3747 2449 3819 κείμενον
2484 3744 2672 3815 νόμον,
2714 3743 2832 3798 ἀλλ’
2866 3740 3271 3813 ἀκριϐεστέραν
3335 3738 3436 3807 τὴν
3500 3734 3783 3790 νουθεσίαν

2192 3840 2389 3904 ποιῶν,
2423 3838 2639 3908 καὶτῆς
2671 3834 2921 3906 φυλακῆς
2968 3834 3057 3887 τὸν
3093 3833 3294 3903 τρόπον
3345 3830 3633 3883 διδάσκων.
3670 3828 3782 3896 Τὴν

2194 3934 2325 3987 νέαν
2354 3922 2559 3986 τοίνυν.
2580 3932 2713 4001 ἡμῖν
2737 3927 3020 3998 Διαθήκην
3050 3926 3078 3978 ό
3107 3923 3388 3996 Δεσπότης
3417 3921 3617 3975 δέδωκε
3646 3921 3785 3993 Χρι-

2197 4022 2343 4083 στός.
2389 4019 2450 4075 Ὀ
2477 4019 2537 4072 δὲ
2586 4018 2797 4087 ταύτην
2821 4013 3216 4087 παρεσχηκὼς,
3262 4013 3357 4067 καὶ
3398 4013 3498 4081 τὴν
3544 4010 3784 4065 παλαιὰν

2198 4112 2342 4183 μετά
2402 4111 2505 4180 τήν
2568 4110 2668 4181 τῆς
2730 4107 3019 4177 Αἰγύπτου
3089 4104 3412 4176 ἀπαλλαγὴν
3462 4103 3662 4156 δέδωκε
3707 4103 3785 4170 τῷ

2207 4205 2452 4279 Ἰσραήλ.
2489 4206 2549 4260 Ὀ
2573 4204 2824 4266 δεδωκὼς
2854 4203 2909 4256 δὲ
2934 4202 3176 4269 ἐκείνην,
3210 4201 3305 4254 καὶ
3350 4201 3452 4269 τῆς
3483 4198 3787 4266 Αἰγυπτια-

2196 4303 2302 4372 κῆς
2334 4298 2655 4363 ἀπαλλάξας
2679 4295 2953 4359 δουλείας,
3012 4294 3179 4357 αὑτὸς
3209 4290 3503 4346 ἀπέστειλε
3534 4289 3784 4359 δηλονότι

2200 4393 2336 4464 πρὸς
2358 4391 2560 4463 Φαραὼ
2588 4390 2679 4444 τὸν
2714 4387 2956 4442 Μωῦσέα
2982 4401 2995 4414 ·
3026 4384 3191 4447 αὑτὸς
3220 4376 3369 4447 εἷπε,
3410 4398 3429 4433 ι
3467 4379 3604 4433 Τάδε
3640 4379 3788 4448 ἐρεῖς

2198 4489 2309 4549 τοῖς
2343 4486 2479 4548 υἱοῖς
2495 4481 2735 4553 Ἰσραὴλ,
2780 4478 2841 4535 Ὀ
2864 4479 2940 4531 ὢν
2967 4475 3283 4530 ἀπέσταλκέ
3319 4491 3387 4544 με
3417 4472 3554 4544 πρὸς
3580 4472 3746 4541 ὑμᾶς.
3765 4490 3783 4523 ι

499 4554 601 4620 Qui
633 4566 735 4622 est,
762 4559 909 4613 misit
936 4576 1021 4614 me
1042 4560 1111 4615 ad
1138 4576 1254 4615 vos.
1279 4579 1299 4612 ι
1337 4560 1452 4619 Hoc
1498 4576 1681 4621 autem
1713 4577 1767 4622 et
1790 4569 1915 4625 alibi
1931 4571 2081 4628 Jure-

2196 4576 2368 4632 Τοῦτο
2406 4576 2465 4630 δὲ
2513 4574 2607 4629 καὶ
2651 4571 2881 4644 ἑτέρωθι
2924 4567 3253 4639 Ἱερεμίαςὸ
3298 4565 3588 4636 προφήτης
3618 4561 3791 4629 σαφὲς

503 4648 640 4701 mias
712 4651 935 4719 planum
992 4651 1173 4708 facit:
1255 4652 1423 4721 illic,
1484 4675 1503 4708 ι
1560 4658 1839 4729 inquiens,
1895 4665 2087 4721 «Deus

501 4751 712 4803 noster,
748 4752 803 4796 et
838 4758 951 4797 non
991 4746 1402 4813 comparabitur
1444 4748 1581 4804 alter
1648 4766 1772 4811 cum
1804 4770 1891 4811 eo.
1927 4756 2087 4813 Inve-

501 4834 579 4889 nit
632 4850 852 4888 omnem
884 4836 1026 4901 viam
1081 4837 1351 4902 scientiae,
1394 4850 1448 4894 et
1483 4841 1652 4897 dedit
1705 4845 1853 4900 illam
1920 4846 2088 4904 Iacob

500 4942 673 4995 puero
701 4942 823 4989 suo,
856 4937 912 4983 et
943 4928 1361 4987 Israelidilecto
1391 4949 1512 4990 suo.
1548 4936 1677 4994 Post
1704 4939 1821 4995 hmo
1844 4941 1901 4996 in
1936 4952 2081 5000 terra

503 5019 654 5073 visus
681 5028 786 5082 est,
811 5028 868 5074 et
900 5034 1026 5076 cum
1074 5021 1389 5083 hominibus
1418 5026 1777 5088 conversatus
1800 5033 1868 5090 “.
1912 5053 1932 5087 ι

571 5227 655 5281 Ab
687 5237 753 5279 eo
796 5225 955 5295 .quod
983 5231 1259 5297 posterius
1292 5242 1380 5291 est
1407 5235 1762 5307 incipientes,
1799 5240 2086 5310 propheti-

504 5333 631 5375 cum
666 5334 891 5375 sensum
942 5322 1412 5396 investigabimus.
1480 5329 1686 5400 Ecquis
1734 5331 1845 5398 ille,
1908 5336 2085 5405 quiin

504 5420 648 5467 terra
719 5413 870 5469 visus
920 5423 1024 5477 est,
1084 5425 1139 5469 et
1168 5432 1292 5471 cum
1330 5418 1645 5477 hominibus
1688 5431 1773 5478 est
1803 5428 2093 5484 versatus?

508 5504 651 5560 Deus
714 5507 960 5575 profecto
1001 5506 1263 5573 Verbum,
1310 5518 1369 5564 ut
1438 5513 1695 5569 omnibus
1738 5529 1922 5574 mente
1968 5522 2092 5591 qui-

505 5599 627 5653 dem
648 5600 887 5666 prazditis
903 5609 1068 5665 natet,
1096 5601 1194 5672 qui
1213 5610 1727 5673 naturamnostram
1751 5614 2082 5684 assumpsit,

2193 4672 2357 4725 ποιεῖ.
2399 4665 2600 4731 «Οὗτος
2625 4667 2791 4735 γὰρ,›
2830 4661 3022 4733 φησὶ),
3071 4678 3090 4713 ι
3111 4662 3138 4714 ὁ
3166 4659 3301 4722 Θεὸς
3329 4658 3513 4729 ἡμῶν,
3538 4656 3599 4709 οὑ
3637 4653 3789 4721 λογι-

2192 4764 2456 4836 σθήσεται
2491 4762 2681 4831 ἕτερος
2718 4758 2855 4829 πρὸς
2914 4756 3103 4811 αὑτόν.
3172 4753 3392 4823 Ἐξεῦρε
3435 4752 3617 4804 πᾶσαν
3670 4747 3791 4799 ὁδὸν

2200 4857 2545 4926 ἐπιστήμης,
2590 4854 2687 4906 καὶ
2741 4852 2941 4904 ἔδωκεν
3003 4848 3178 4917 αὑτὴν
3246 4843 3460 4945 Ἰακὼϐ.
3493 4841 3572 4945 τῷ
3631 4837 3791 4945 παιδὶ

2195 4947 2390 5013 αὑτοῦ,
2445 4947 2541 5000 καὶ
2606 4942 2825 5015 Ἰσραήλ
2894 4942 2976 5013 τῷ
3037 4938 3385 5011 ἠγαπημένῳ
3437 4930 3533 4985 ὑπ’
3592 4930 3785 4982 αὑτοῦ.

2199 5042 2358 5098 Μετὰ
2390 5039 2569 5094 ταῦτα
2590 5038 2686 5091 ἐπὶ
2711 5036 2812 5106 τῆς
2839 5036 2941 5107 γῆς
2974 5033 3160 5104 ὤφθη,
3186 5030 3280 5085 καὶ
3325 5030 3438 5089 τοῖς
3466 5023 3782 5096 ἀνθρώποις

2199 5128 2638 5201 συνανεστράφη.
2654 5129 2692 5180 ἰ

2272 5222 2530 5277 Κάτωθεν
2556 5220 2734 5274 τοίνυν
2760 5217 3059 5289 ἀρξάμενοι
3088 5213 3185 5284 τὴν
3244 5209 3591 5283 προφητικὴν
3616 5207 3792 5263 ἔννοι-

2198 5322 2264 5372 αν
2311 5315 2716 5386 ἒρευνήσωμεν.
2777 5311 2875 5374 Τίς
2923 5311 2952 5362 ό
3010 5307 3107 5361 ἐπὶ
3159 5305 3259 5375 τῆς
3291 5303 3396 5372 γῆς
3433 5302 3644 5371 ὀφθεὶς,
3695 5301 3791 5353 καὶ

2198 5411 2314 5472 τοῖς
2371 5406 2684 5477 ἀνθρώποις
2733 5398 3252 5471 συναναστραφείς;
3301 5395 3539 5464 Εὔδηλον
3596 5396 3787 5457 πᾶσιν,

2199 5502 2275 5566 ὡς
2336 5497 2516 5571 οἶμαι,
2554 5503 2669 5565 τοῖς
2714 5513 2780 5567 γε
2860 5492 2985 5548 νοῦν
3042 5490 3259 5561 ἔχουσιν
3316 5491 3344 5541 6
3404 5487 3536 5549 Θεὸς
3597 5486 3789 5552 Λόγος,

2197 5592 2295 5664 τὴν
2357 5591 2637 5663 ἡμετέραν
2696 5588 2859 5657 φύσιν
2910 5581 3221 5647 ἀναλαϐὼν,
3279 5579 3307 5631 6
3368 5578 3445 5648 μὴ
3497 5574 3794 5647 ἁρπαγμὸν

583 5771 829 5857 "_'A|I.cb_r.
866 5793 908 5857 ι,
927 5780 983 5840 5,
1061 5780 1108 5811 "
1134 5780 1335 5857 Dliiljp.
1367 5797 1430 5851 II,
1461 5782 1515 5839 6.
1592 5784 1637 5817 ”
1666 5786 1781 5844 Col.
1812 5803 1846 5855 ι,
1880 5789 1964 5844 I5.
2042 5791 2081 5823 ⁶⁰

2188 5788 2278 5845 od.
2307 5804 2388 5857 ιιι,
2419 5786 2501 5840 ιιι.
2565 5785 2605 5816 ⁸⁸
2635 5781 2770 5837 Ibid.
2807 5778 2893 5835 15.
2956 5778 2999 5812 ⁶¹
3028 5775 3145 5832 Jer.
3175 5787 3323 5835 xm,
3353 5771 3444 5826 SI.
3518 5768 3565 5800 ⁸³
3599 5765 3793 5821 Matth.

513 5860 567 5911 v,
605 5842 689 5901 I2.
767 5845 810 5877 ’δ
870 5846 992 5907 Bar.
1027 5866 1108 5917 ιιι,
1144 5842 1334 5909 36-53.
