4130 6442
342 438 411 502 93

1352 438 1727 499 PANOPLIA
1765 440 2230 499 DUGMATICA.
2270 464 2337 475 -
2376 442 2530 503 ΤΙΤ.
2568 444 2654 506 II.

3567 447 3637 511 91

350 548 707 621 ἡγησάμενος
768 550 836 604 τὸ
896 545 1040 605 εἶναι
1089 551 1179 604 is:
1205 548 1348 619 Θεῷ,
1400 549 1516 605 ἀλλ’
1549 548 1745 604 ἐμαυτὸν
1782 546 1952 602 κενώ-

2068 567 2205 607 inec
2233 554 2476 624 rapinam
2506 556 2803 614 arbitratus
2829 567 2911 615 est
2932 573 3054 615 esse
3099 573 3157 615 se
3204 560 3464 630 aequalem
3496 561 3631 629 De”.

352 659 478 706 62;;
522 644 624 721 καὶ
715 644 941 714 μορφὴν
997 644 1183 698 δούλου
1241 640 1447 695 λαϐὼν.
1510 635 1682 703 Οὗτος
1760 638 1943 695 τοίνυν

351 737 453 799 τὴν
481 734 601 788 ὁδὸν
630 735 733 807 τῆς
788 737 1107 806 ὲπιστήμης
1142 735 1343 789 ἔδωκεν
1412 731 1607 788 Ἰακὼϐ
1655 730 1735 801 τῷ
1792 732 1945 785 παιδὶ

350 827 542 892 αὐτοῦ,
590 828 687 880 καὶ
768 827 984 899 Ἰσραὴλ
1030 827 1110 897 τῷ
1185 824 1529 897 ἠγαπημένῳ
1607 824 1698 877 ὑπ’
1754 823 1943 889 αὑτοῦ,

348 918 444 971 τὸν
504 917 733 972 παλαιὸν
764 916 1119 989 διαγορεύσας
1145 920 1202 971 ἐν
1233 919 1298 988 τῇ
1326 918 1519 987 ἐρήμῳ
1542 916 1641 973 διὰ
1665 915 1945 979 Μωῦσὲως

351 1010 537 1076 νόμον.
579 1010 636 1062 ’0
664 1011 719 1063 δὲ
755 1013 964 1085 ἐκεῖνον
994 1008 1245 1073 δεδωκὼς
1287 1008 1383 1061 τὸν
1421 1009 1587 1079 νόμον
1611 1008 1689 1078 τῷ
1731 1008 1943 1079 Μωῦσῇ

354 1095 757 1172 διαλεγόμενος
794 1104 924 1170 ὲφη”
965 1121 985 1154 ‹
1015 1102 1153 1155 Τάδε
1196 1104 1345 1172 ἐρεῖς
1376 1102 1489 1164 τοῖς
1514 1100 1651 1163 υἱοῖς
1694 1098 1944 1170 Ἰσραὴλ,

365 1194 424 1244 Ὀ
467 1194 549 1245 ὣν
586 1194 902 1248 ἀπέσταλκε
955 1209 1023 1263 με
1076 1193 1212 1264 πρὸς
1244 1193 1411 1263 ὑμᾶς.
1452 1210 1474 1246 ι
1504 1192 1599 1246 Διὸ
1623 1191 1722 1245 καὶ
1749 1194 1778 1246 6
1814 1208 1948 1259 προ-

354 1287 536 1355 φήτης
570 1287 723 1340 ἒεὸαν
757 1303 777 1336 ι
809 1278 980 1348 Οὗτος
1001 1286 1031 1338 6
1063 1284 1196 1349 Θεὸς
1219 1285 1378 1355 ἡμῶν
1414 1300 1429 1316 ·
1465 1284 1529 1338 οὐ
1559 1284 1948 1353 λογισθήσεται

354 1382 548 1449 ’ἕτερος
588 1378 727 1448 πρὸς
760 1376 945 1444 αὑτὸν,
980 1396 1001 1428 ι
1036 1377 1340 1448 μαρτυρῶν
1372 1375 1524 1447 αὐτῷ
1568 1376 1629 1430 ού
1673 1376 1737 1429 τὸ
1784 1376 1947 1429 ἔλατ-

354 1488 468 1537 τον,
508 1470 648 1524 ἀλλὰ
681 1470 743 1522 τὸ
804 1469 1160 1539 ἀσύγκριτον.
1230 1469 1429 1539 Ὁρᾶτε
1485 1468 1603 1532 πῶς
1632 1467 1782 1521 ἔοικε
1828 1470 1944 1530 τοῖς

354 1561 739 1629 εὖαγγτλικοῖς
766 1560 1064 1629 διδάγμασι
1089 1560 1157 1614 τὰ
1191 1552 1518 1630 προφητικὰ
1548 1559 1891 1630 κηρύγματα
1921 1575 1938 1626 ;

354 1653 605 1724 Μωῦσῆς
663 1653 931 1723 κηρύττει
983 1652 1045 1706 τὸ
1078 1651 1175 1717 ὢν,
1207 1651 1412 1721 μᾶλλον
1441 1650 1497 1704 δὲ
1556 1651 1719 1714 αὐτὸς
1752 1654 1779 1704 6
1812 1651 1947 1713 Θεὸς

356 1746 535 1812 Δόγος
590 1745 722 1815 περὶ
757 1744 927 1799 αὐτοῦ
979 1743 1127 1812 λέγει
1161 1744 1222 1800 τὸ
1248 1742 1345 1798 ὢν.
1385 1744 1721 1813 Προστίθησι
1760 1743 1817 1797 δὲ
1849 1744 1947 1797 καὶ

2049 646 2144 701 sed
2172 648 2410 717 seipsum
2464 651 2786 717 exinanivit,
2817 650 3047 707 formam
3084 652 3229 707 servi
3286 652 3618 721 accipiens.»

2049 739 2150 795 Hic
2178 740 2367 811 utique
2388 740 2531 797 viam
2559 736 2799 799 scientia:
2840 743 3238 799 demonstravit
3263 738 3443 799 Jacob'
3465 760 3636 815 puero

2049 848 2175 898 suo,
2207 844 2262 888 et
2313 833 2497 889 lsraeli
2549 836 2754 890 dilecto
2803 851 2924 902 suo,
2995 836 3127 891 dum
3197 836 3475 906 antiquam
3537 851 3637 905 per

2051 926 2254 982 Iosem
2281 928 2335 981 in
2361 928 2659 983 solitudine
2686 929 2860 998 legem
2890 928 3031 983 tulit.
3060 928 3131 982 At
3166 928 3313 982 illam
3345 928 3438 997 qui
3480 928 3627 990 tulit,

2049 1018 2193 1072 idem
2251 1018 2385 1073 Mosi
2427 1020 2700 1089 loquens:
2732 1038 2753 1071 ι
2796 1019 2942 1084 Hice,
2979 1039 2996 1072 ι
3039 1020 3237 1089 inquit,
3315 1040 3333 1071 ι
3376 1019 3526 1076 dices
3572 1019 3637 1074 li-

2050 1109 2142 1164 liis
2174 1110 2378 1166 lsrael:
2409 1111 2512 1177 Qui
2545 1121 2648 1172 est.
2683 1111 2831 1165 misit
2865 1127 2951 1166 me
2984 1111 3049 1166 ad
3085 1127 3203 1167 vos.
3241 1130 3260 1163 ι
3289 1111 3529 1168 Proinde
3562 1112 3641 1166 sic

2049 1204 2214 1259 etiam
2284 1205 2556 1260 clamabat
2614 1204 2881 1275 propheta
2918 1223 2931 1259 :
2978 1222 2997 1256 ι
3032 1203 3132 1259 Hic
3161 1204 3306 1259 Deus
3337 1210 3549 1267 noster,
3586 1212 3643 1258 et

2049 1310 2161 1350 non
2188 1295 2597 1366 comparabitur
2625 1296 2766 1350 alter
2795 1311 2922 1350 cum
2954 1296 3069 1351 illo.
3115 1313 3135 1348 ι
3164 1295 3378 1361 Quibus
3443 1294 3632 1350 verbis

2054 1392 2182 1443 eum
2226 1401 2349 1443 esse
2397 1387 2558 1442 talem
2620 1397 2887 1454 testatur,
2934 1403 3045 1443 non
3129 1389 3226 1455 qui
3289 1388 3472 1442 minor
3534 1387 3641 1453 sit,

2053 1478 2149 1534 sed
2229 1481 2318 1533 cui
2384 1479 2569 1535 nullus
2624 1488 2996 1550 comparetur.
3023 1479 3263 1535 Cernitis
3300 1520 3315 1545 ,
3368 1478 3644 1549 quomodo

2049 1569 2379 1638 evangelica:
2426 1570 2689 1624 doctrinae
2746 1577 3053 1641 congruant
3114 1566 3434 1639 prophetica
3490 1568 3655 1621 testi-

2047 1660 2231 1715 monia
2268 1659 2291 1712 ?
2323 1658 2498 1714 Moses
2526 1660 2784 1730 prmdicat
2816 1677 2831 1714 :
2881 1677 2901 1711 ι
2946 1660 3052 1726 Qui
3097 1668 3235 1714 est.»
3268 1652 3543 1713 [movero
3565 1657 3653 1727 ip-

2049 1767 2108 1808 se
2143 1752 2286 1806 Deus
2318 1753 2557 1808 Verbum
2613 1754 2680 1808 de
2712 1768 2772 1808 se
2802 1755 2920 1822 ipso
2954 1753 3087 1809 dicit
3114 1770 3129 1808 :
3154 1750 3257 1817 Qui
3286 1760 3389 1807 est.
3447 1749 3647 1803 Paulus

352 1838 416 1887 τὸ
450 1834 719 1905 ὑπάρχων
742 1838 944 1890 ταυτὸν
968 1836 1272 1905 δυνάμενον
1304 1835 1383 1905 τῷ
1412 1833 1517 1890 ὢν.
1549 1835 1719 1903 Λέγει
1752 1837 1847 1889 καὶ
1884 1836 1946 1887 τὸ

2068 1859 2195 1909 ape
2221 1844 2353 1898 dicit
2390 1844 2521 1899 illud
2554 1861 2570 1899 :
2607 1844 2704 1911 ὢν,
2733 1860 2930 1914 nempe
2957 1846 3050 1915 qui
3107 1853 3213 1899 est.
3250 1844 3415 1898 Addit
3480 1844 3648 1896 etiam

354 1928 510 1979 ἐστιν
544 1927 905 1997 ισοδυναμοῦν
938 1928 1169 1991 ἐκείνοις
1190 1929 1335 1981 κατὰ
1358 1928 1458 1997 τὴν
1476 1926 1710 1982 ἔννοιαν.
1752 1926 1937 1981 Ὠσαύο

353 2036 463 2081 τως
493 2019 551 2071 δὲ
576 2021 670 2072 καὶ
716 2020 971 2090 Ἰωάννης
998 2023 1026 2074 6
1052 2020 1318 2089 Θεολόγος
1376 2019 1647 2089 πολλαχοῦ
1681 2020 1742 2073 τὸ
1776 2017 1853 2072 ὢν
1882 2022 1948 2090 τῇ

352 2115 467 2166 τῶν
504 2113 855 2183 Βύαγγελίων
917 2113 1195 2184 ὲνσπείρει
1234 2114 1611 2185 πραγματείᾳ.
1653 2114 1765 2167 Καὶ
1818 2113 1951 2165 αὐτὸ

353 2205 409 2257 δὲ
437 2204 504 2259 τὸ
540 2207 836 2276 προοίμιον
867 2204 1093 2268 ταύταις
1131 2208 1251 2268 ταῖς
1281 2207 1490 2273 φωναῖς
1537 2204 1792 2273 ἀγλαῖζει
1846 2205 1946 2273 οὐχ

360 2298 539 2363 ἂπαξ,
574 2300 697 2352 οὐδὲ
723 2299 828 2363 δὶς,
862 2299 986 2353 οὐδὲ
1013 2300 1155 2370 τρὶς,
1185 2299 1322 2351 ἀλλὰ
1351 2299 1612 2360 πολλάκις
1641 2297 1950 2366 ἀνακηρύτο

354 2407 469 2442 των
510 2389 573 2442 τὸ
605 2384 693 2461 ἦν.
730 2408 748 2441 ι
794 2390 885 2443 Ἑν
933 2391 1074 2460 ἀρχῇ
1115 2390 1249 2459 γὰρ,
1296 2390 1479 2459 φησὶν,
1512 2386 1602 2459 ἢν.
1638 2389 1750 2443 Καὶ
1794 2390 1825 2440 6
1854 2390 1952 2441 A6-

357 2499 454 2548 γος
510 2478 580 2552 ἦν
637 2484 773 2553 πρὸς
832 2482 925 2537 τὸν
974 2484 1129 2546 θεὸν,
1189 2484 1284 2536 καὶ
1334 2482 1469 2544 Θεὸς
1519 2479 1588 2547 ἦν
1641 2484 1669 2535 6
1698 2482 1890 2548 Λόγος.
1931 2500 1950 2533 ι

368 2574 713 2643 Πιστεύομεν
786 2575 880 2628 καὶ
939 2577 1019 2639 είς
1079 2574 1139 2627 τὸ
1212 2574 1437 2643 Πνεῦμα
1493 2574 1555 2627 τὸ
1634 2572 1812 2641 ἅγιον,
1895 2574 1958 2624 τὸ

361 2666 543 2730 ιύθὶς,
562 2666 624 2718 τὸ
639 2667 989 2735 ἡγεμονικὸν,
1003 2665 1062 2719 τὸ
1075 2665 1302 2732 ἀγαθὸν,
1326 2664 1387 2717 τὸ
1411 2666 1787 2735 παράκλητον,
1815 2664 1878 2716 τὸ
1896 2666 1960 2716 ἐκ

2053 1937 2188 1991 illud
2226 1954 2241 1991 :
2271 1939 2562 2007 ὑπάρχω-ι,
2591 1938 2735 2008 quod
2773 1938 2918 1993 idem
2952 1939 3114 1992 valet.
3173 1936 3313 1991 Dicit
3373 1937 3541 1990 etiam
3578 1934 3649 1987 ilo

2053 2029 2144 2084 liud
2170 2047 2186 2085 :
2218 2029 2357 2094 ἐστι,
2388 2030 2533 2098 quod
2566 2031 2948 2099 superioribus
2967 2029 3196 2085 vocibus
3212 2028 3480 2099 aequalem
3530 2027 3644 2081 vim

2066 2120 2258 2175 habet.
2293 2120 2525 2174 Easdem
2560 2136 2723 2175 voces
2749 2121 2989 2175 Joannes
3046 2120 3135 2174 ille
3159 2119 3472 2188 Theologus
3518 2132 3643 2171 cum

2055 2206 2260 2275 Spargit
2287 2216 2452 2274 atque
2484 2207 2807 2263 disseminat
2846 2209 2899 2261 in
2944 2218 3056 2263 tota
3108 2207 3532 2278 Evangeliorum
3568 2206 3654 2258 his

2056 2299 2242 2360 storia,
2314 2309 2429 2353 tum
2491 2303 2669 2370 ipsum
2733 2302 3061 2370 prooemium
3140 2301 3248 2354 illis
3305 2297 3652 2369 potissimum

2058 2389 2313 2443 illustrat.
2343 2391 2529 2460 Neque
2553 2393 2701 2445 enim
2727 2393 2921 2453 semel,
2953 2400 3049 2447 aut
3069 2392 3175 2457 bis,
3233 2400 3329 2445 aut
3393 2400 3496 2455 ter,
3554 2390 3651 2443 sed

2059 2482 2256 2551 saepius
2309 2484 2628 2551 pretxuntiat
2676 2484 2805 2539 illud
2857 2501 2873 2538 :
2924 2492 3061 2549 erat,
3099 2502 3119 2536 ι
3172 2483 3233 2536 1η
3289 2482 3585 2553 principio.
3625 2497 3644 2530 ι

2062 2574 2338 2644 inquiens,
2396 2597 2413 2629 ι
2446 2588 2566 2631 erat
2616 2576 2889 2642 Verbum,
2954 2586 3014 2631 et
3044 2576 3287 2631 Verbum
3336 2584 3455 2629 erat
3492 2572 3638 2643 apud

2063 2667 2259 2730 Deum,
2305 2678 2359 2722 et
2405 2670 2551 2723 Deus
2584 2681 2702 2724 erat
2736 2669 2999 2730 Verbum.
3043 2669 3148 2723 hoc
3182 2675 3302 2721 erat
3360 2665 3416 2717 in
3444 2664 3653 2734 princi-

365 2758 505 2811 Θεοῦ
526 2757 812 2827 προελθὸν,
836 2758 897 2810 οὐ
920 2757 1198 2830 γεννηθέν⁶
1227 2753 1307 2820 εἷς
1350 2756 1460 2825 γὰρ
1497 2754 1960 2827 μονογενήςοοῦτε

2068 2760 2154 2829 pio
2187 2762 2330 2830 apud
2364 2763 2558 2817 Deum.
2589 2781 2607 2813 ι
2629 2763 2917 2817 Credimus
2941 2762 3076 2815 etin
3102 2759 3367 2828 Spiritum
3404 2764 3657 2810 sanctum

368 2851 483 2919 μὴν
534 2848 784 2902 κτισθὲν.
829 2847 1085 2918 Οὐδαμοῦ
1138 2847 1247 2919 γὰρ
1307 2847 1637 2917 εὑρίσκομεν
1662 2849 1720 2899 ὲν
1745 2850 1810 2918 τῇ
1840 2846 1961 2916 θείᾳ.

2071 2853 2222 2909 illum
2253 2863 2486 2913 rectum.
2517 2854 2844 2921 principem,
2875 2854 3103 2914 bonum,
3142 2849 3567 2911 consolatorem,
3590 2860 3658 2899 ex

370 2942 567 3011 Γραφῇ
604 2944 671 3012 τῇ
701 2940 876 2993 κτίσει
907 2940 1437 3010 συναριθμούμενον,
1470 2939 1609 2994 ἀλλὰ
1650 2939 1829 3008 Πατρὶ
1858 2940 1957 2991 καὶ

2068 2939 2177 2997 Deo
2210 2942 2625 3009 procedentem.
2662 2956 2775 2995 non
2836 2942 3081 3012 genitum
3121 2956 3134 2993 :
3172 2953 3315 2994 unus
3366 2937 3516 2991 enim
3573 2943 3660 2989 est

370 3034 486 3105 Υίῷ
514 3033 965 3104 συνταττόμενον.
1022 3032 1491 3103 Ἐκπορευόμενον
1524 3033 1581 3086 δὲ
1601 3032 1735 3086 αὐτὸ
1772 3034 1837 3085 ὲκ
1867 3031 1962 3084 τοῦ

2069 3030 2420 3101 Unigenitus.
2443 3033 2562 3087 Non
2593 3043 2860 3097 creatum,
2896 3046 3171 3102 nusquam
3206 3030 3355 3085 enim
3389 3029 3444 3082 in
3511 3026 3659 3081 divi-

377 3127 590 3197 Πατρδς
623 3126 968 3198 ἠκούσαμεν,
1006 3129 1103 3181 καὶ
1124 3129 1186 3180 οὺ
1220 3125 1789 3195 πολυπραγμονοῦμεν
1840 3126 1959 3188 πῶς

2076 3140 2148 3177 na
2179 3125 2461 3193 Scriptura
2490 3124 2822 3189 invenimus,
2859 3139 2985 3177 eum
3014 3125 3068 3177 in
3107 3137 3293 3177 rerum
3344 3128 3661 3174 creatarum

373 3222 760 3290 ἐκπορεύεται,
831 3220 971 3274 ἀλλὰ
1004 3220 1307 3291 στέργομεν
1365 3221 1480 3281 τοῖς
1537 3217 1782 3271 τεθεῖσιν
1833 3218 1962 3288 ἡμῖν

2068 3232 2302 3270 numero
2354 3217 2612 3286 positum,
2657 3218 2755 3272 sed
2785 3217 2979 3272 ordine
3004 3230 3129 3271 cum
3188 3216 3349 3270 Patre
3398 3223 3453 3266 et
3518 3211 3657 3266 Filio

375 3313 525 3382 ὅροις
546 3311 653 3364 ὑπὸ
676 3310 786 3365 τῶν
812 3312 1081 3380 θεολόγων
1115 3313 1210 3363 καὶ
1245 3310 1535 3380 μακαρίων
1569 3308 1804 3378 ἀνδρῶν.

2074 3312 2461 3365 constitutum.
2489 3312 2812 3367 Audivimus
2842 3312 2973 3366 item
2995 3311 3147 3365 illum
3183 3328 3210 3365 a
3245 3309 3406 3362 Patre
3462 3317 3659 3376 proce-

372 3406 524 3461 dere.
572 3404 857 3472 Quomodo
926 3413 1108 3459 autem
1172 3402 1450 3473 procedat,
1511 3401 1788 3456 curiosius
1846 3403 2165 3475 vestigando
2241 3421 2347 3459 tton
2419 3406 2748 3459 laboramus.
2816 3402 2926 3459 Sed
2985 3404 3129 3457 intra
3200 3402 3466 3456 terminos
3504 3393 3668 3475 nobis

376 3503 664 3569 theologis,
698 3512 754 3557 et
778 3500 957 3557 beatis
1001 3499 1134 3555 viris
1164 3497 1514 3568 praescriptos
1544 3496 1970 3566 acquiescimus.

459 3595 859 3666 Ἐδιδάχθημεν
910 3594 1020 3675 γάρ
1048 3595 1145 3648 καὶ
1180 3594 1272 3647 ὑπ’
1327 3594 1496 3648 αὑτοῦ
1554 3593 1651 3648 τοῦ
1705 3594 1962 3664 Σωτῆρος

2148 3596 2290 3662 Quin
2379 3595 2541 3648 etiam
2603 3594 2672 3647 ab
2742 3594 2861 3663 ipso
2923 3594 3215 3649 Servatore
3284 3607 3471 3651 nostro
3536 3595 3669 3651 Jesu

377 3694 539 3767 ἡμῶν
583 3691 759 3761 Ἰησοῦ
782 3686 1019 3758 Χριστοῦ
1044 3688 1146 3756 τῆς
1166 3687 1395 3757 Τριάδος
1428 3687 1888 3758 συμπληρωτικὸν
1908 3689 1962 3740 τὸ

2074 3686 2297 3741 Christo
2318 3685 2632 3750 didicimus,
2675 3702 2704 3739 a
2734 3694 2925 3740 sancto
2963 3682 3170 3756 Spiritu
3210 3688 3537 3741 Trinitatem
3569 3701 3669 3741 ex-

385 3787 615 3856 Πνεῦμα
633 3784 694 3837 τὸ
727 3782 906 3849 ἅγιον.
942 3802 962 3833 ι
1003 3781 1371 3852 Πορευθέντες
1405 3781 1566 3851 γὰρ,ι
1600 3782 1759 3851 φησὶ,
1793 3799 1811 3831 ι
1861 3796 1962 3850 μα.

2075 3780 2232 3850 pleri.
2264 3779 2521 3841 rl'luntcs,
2556 3778 2749 3845 inquit.
2770 3777 2966 3830 docete
2996 3792 3190 3830 omnes
3245 3789 3456 3846 gentes,
3489 3778 3668 3848 bapti-

380 3878 691 3951 θητεύσατε
726 3874 905 3928 πάντα
931 3872 1003 3926 τὰ
1035 3871 1189 3940 ἔθνη,
1219 3871 1581 3941 βαπτίζοντες
1647 3871 1849 3932 αὐτοὺς
1885 3873 1962 3933 είς

2068 3878 2263 3925 tantes
2289 3884 2386 3923 eos
2406 3869 2459 3922 in
2487 3869 2709 3923 nomine
2734 3867 2930 3932 Patris,
2958 3877 3014 3922 et
3042 3866 3184 3932 Filii,
3206 3878 3260 3922 et
3281 3868 3521 3938 Spiritus
3545 3883 3674 3922 san-

382 3973 445 4026 τὸ
471 3971 646 4039 ὄνομα
698 3965 795 4020 τοῦ
828 3964 1044 4035 Πατρὸς
1092 3965 1190 4017 καὶ
1227 3963 1322 4017 τοῦ
1374 3963 1507 4016 Υἱοῦ
1532 3964 1627 4015 καὶ
1650 3961 1744 4015 τοῦ
1804 3961 1962 4029 ἁγίου

2076 3965 2152 4019 cti
2169 3964 2236 4017 ⁸⁸.
2268 3981 2287 4014 ι
2319 3960 2423 4027 Qui
2456 3976 2580 4016 cum
2607 3961 2765 4015 Patre
2796 3959 3004 4015 etFilio
3018 3971 3466 4023 connumeratur,
3492 3960 3537 4015 is
3563 3963 3674 4014 uti-

387 4059 724 4131 Πνεῦματος.
777 4074 796 4107 t
840 4054 932 4125 Τῷ
974 4053 1150 4125 Πατρὶ
1214 4055 1308 4106 καὶ
1360 4053 1476 4123 Υίῷ
1522 4052 1962 4122 συναριθμούμεη

2078 4072 2187 4125 que
2220 4055 2380 4110 rebus
2408 4054 2614 4109 creatis
2650 4054 2915 4108 omnibus
2949 4053 3268 4108 antecessit.
3305 4052 3671 4119 Quamobrem

387 4169 481 4205 νον
526 4150 628 4212 τῆς
663 4147 893 4207 κτίσεως
921 4144 1140 4214 ἁπάσης
1162 4142 1313 4195 ἐστὶν
1343 4142 1648 4214 ὑπέρτερον
1682 4156 1698 4171 °
1737 4142 1817 4196 διὸ
1882 4144 1962 4194 ml

2083 4149 2285 4204 Paulus
2312 4147 2478 4203 etiam
2511 4149 2565 4201 in
2598 4161 2664 4201 eo
2698 4155 3019 4202 constanter
3051 4154 3259 4210 manet,
3298 4155 3358 4199 ut
3399 4143 3667 4214 Spiritum

385 4242 415 4294 6
488 4240 757 4309 μακάριος
804 4233 1017 4298 Παῦλος
1072 4233 1214 4304 μετὰ
1271 4233 1486 4303 Πατρὸς
1547 4233 1679 4286 αὐτὸ
1717 4234 1810 4286 καὶ
1839 4231 1962 4285 Υίοί

2074 4242 2263 4313 ipsum
2293 4255 2416 4295 cum
2441 4240 2602 4294 Patre
2632 4248 2689 4294 et
2734 4238 2874 4294 Filio
2909 4238 3073 4293 simul
3120 4236 3460 4307 pronuntiet.
3497 4256 3515 4288 ι
3541 4235 3675 4291 Gra-

388 4333 679 4406 κηρύττων
743 4326 1003 4384 διατελεῖ.
1076 4344 1099 4378 ι
1141 4327 1207 4379 Ἢ
1252 4326 1411 4399 χάρις
1471 4326 1601 4397 γὰρ,
1664 4326 1819 4395 φησὶ,
1883 4323 1962 4377 τοί

2074 4335 2182 4396 .tia,
2216 4332 2416 4402 inquit,
2450 4332 2667 4387 Domini
2694 4331 2871 4385 nostri
2902 4331 3031 4385 .Iesu
3072 4329 3303 4396 Christi,
3339 4339 3395 4385 et
3425 4345 3676 4384 commu-

392 4426 600 4497 Κυρίου
627 4424 784 4496 ἡμῶν
810 4422 987 4493 Ἰησοῦ
1008 4419 1269 4493 Χριστοῦ,
1309 4423 1404 4473 καὶ
1434 4421 1468 4489 ἡ
1496 4418 1688 4488 ἀγάπη
1714 4416 1807 4472 τοῦ
1841 4416 1962 4470 Θεοί

2087 4424 2293 4479 nicatio
2324 4433 2498 4479 sancti
2537 4422 2776 4492 Spiritus
2803 4438 2927 4476 cum
2970 4422 3231 4477 omnibus
3287 4420 3443 4475 vobis
3473 4420 3572 4475 ⁸⁸.»
3612 4419 3679 4475 Et

390 4522 487 4573 καὶ
538 4516 777 4587 Πατρδς,
843 4514 938 4567 καὶ
992 4514 1026 4583 ἡ
1077 4511 1333 4566 κοινωνία
1417 4508 1512 4562 τοῦ
1599 4509 1756 4575 ἁγίου
1811 4506 1953 4560 Πνεύ

2094 4533 2349 4572 rursum:
2389 4534 2409 4568 ι
2459 4514 2764 4569 Divisiones
2791 4554 2805 4579 ,
2843 4514 3045 4582 inquit,
3127 4512 3427 4583 gratiarum
3514 4521 3682 4577 sunt,

399 4627 571 4679 ματος
631 4607 775 4677 μετὰ
830 4605 1053 4659 πάντων
1112 4602 1287 4671 ὑμῶν’
1327 4621 1347 4654 ι
1382 4602 1476 4654 καὶ
1532 4600 1718 4663 πάλιν,
1761 4617 1783 4651 ι
1834 4601 1985 4652 Διαι-

396 4704 580 4772 ρέσεις
617 4700 676 4752 δὲ
706 4698 1067 4768 χαρισμάτων
1100 4695 1229 4761 εἰσὶ,
1264 4694 1325 4746 τὸ
1357 4693 1562 4746 αὑτὸδὲ
1591 4692 1837 4761 Πνεῦμαο
1889 4692 1983 4745 καὶ

390 4792 687 4861 διαιρέσεις
743 4788 1035 4842 διακονιῶν
1075 4788 1237 4854 εἰσιν,
1264 4786 1292 4837 6
1321 4786 1379 4837 δὲ
1417 4785 1578 4847 αὐτὸς
1615 4783 1816 4854 Κύριος
1843 4800 1857 4816 ο
1889 4784 1985 4836 καὶ

398 4883 703 4954 διαιρέσεις
771 4879 1170 4950 ἐνεργημάτων
1236 4878 1400 4943 εἰσὶν,
1468 4879 1495 4930 6
1532 4876 1591 4929 δὲ
1650 4875 1814 4938 αὑτός
1869 4877 1986 4928 ἐστι

398 4976 559 5039 Θεὸς,
591 4977 620 5028 6
647 4973 888 5043 ὲνεργῶν
919 4971 989 5026 τά
1024 4971 1202 5024 πάντα
1233 4972 1291 5023 ὲν
1326 4970 1487 5023 πᾶσι.
1525 4988 1543 5021 ι
1594 4969 1897 5038 Κηρύττων
1929 4969 1987 5019 δὲ

404 5066 577 5123 αὐτοῦ
607 5066 702 5136 τὴν
736 5063 990 5130 ἐξουσίαν
1023 5062 1174 5115 ὲδύα·
1209 5081 1227 5115 ι
1272 5063 1457 5116 Πάντα
1517 5061 1575 5114 δὲ
1602 5060 1779 5113 ταῦτα
1828 5062 1987 5129 ἐνερ-

2088 4611 2235 4665 idem
2295 4622 2478 4663 autem
2516 4608 2798 4676 Spiritus;
2840 4614 2895 4661 et
2938 4605 3246 4659 divisiones
3313 4604 3683 4658 ministratio-

2090 4718 2223 4757 num
2260 4710 2424 4764 ‘suut,
2479 4700 2622 4753 idem
2680 4707 2863 4752 autem
2918 4696 3320 4761 Dominus;et
3379 4696 3690 4750 divisiones

2094 4795 2476 4864 Operationunt
2500 4798 2652 4855 sunt,
2688 4790 2831 4843 idem
2864 4796 3050 4842 autem
3082 4785 3246 4853 Deus,
3271 4787 3363 4856 qui
3419 4795 3693 4856 operatur

2096 4886 2282 4943 omnia
2314 4887 2369 4939 in
2392 4884 2705 4939 omnibus.)
2736 4883 2865 4950 Ejus
2897 4896 3029 4935 vero
3070 4880 3367 4935 essentiam
3397 4879 3693 4934 declarans

2096 4979 2404 5036 clamabat:
2448 4976 2602 5032 «Haec
2620 4985 2801 5031 autem
2825 4983 3085 5045 operatur
3125 4987 3269 5028 unus
3306 4981 3363 5028 et
3391 4972 3533 5028 idem
3564 4972 3687 5043 Spi-

2104 5073 2268 5138 ritus,
2295 5070 2549 5125 dividens
2580 5068 2816 5139 singulis
2880 5066 3255 5137 peculiariter,
3312 5074 3479 5137 prout
3508 5066 3679 5120 vult.»

398 5162 492 5229 γεῖ
518 5158 578 5211 τὸ
606 5155 664 5211 ἓν
699 5155 880 5209 καὶτὸ
908 5154 1041 5208 αὐτὸ
1071 5153 1315 5222 Πνεῦμα,
1350 5149 1594 5218 διαιροῦν
1634 5151 1850 5220 ἑκάστῳ
1885 5148 1962 5201 iiii:

2092 5166 2214 5221 Non
2244 5166 2390 5218 enim
2428 5172 2486 5217 ut
2514 5163 2703 5232 jussus
2735 5172 2841 5225 est,
2873 5161 2971 5217 sed
3001 5170 3061 5215 ut
3124 5160 3263 5226 vult,
3331 5158 3699 5214 credentibus.

399 5251 588 5312 καθὼς
613 5248 880 5320 βούλεται.
904 5267 924 5301 ι
954 5247 1027 5300 Ού
1051 5245 1160 5316 γὰρ
1178 5244 1369 5307 κακῶς
1406 5245 1714 5308 κελεύεται,
1735 5242 1873 5298 ἀλλὰ
1896 5259 1995 5294 κα-

402 5344 516 5405 θὼς
566 5339 813 5411 βούλεται
863 5341 979 5401 τοῖς
1035 5338 1354 5391 πιστεύουσι
1423 5334 1674 5404 διανέμει
1724 5333 1794 5386 τὰ
1821 5331 1994 5401 δῶρα.

399 5434 485 5489 Δι’
514 5432 683 5487 αὑτοῦ
708 5432 815 5501 γὰρ
868 5430 981 5484 τῶν
1039 5428 1461 5500 ἁμαρτημάτων
1520 5427 1617 5494 τὴν
1661 5423 1987 5494 ἀπαλλαγὴν

401 5526 695 5596 ἐλάϐομεν·
749 5525 820 5578 δι’
856 5521 1025 5577 αὑτοῦ
1071 5522 1177 5592 τῆς
1238 5518 1557 5589 ἐλευθερίας
1608 5518 1980 5587 τυγχάνομεν·

396 5619 479 5674 δι’
508 5616 673 5672 αὐτοῦ
698 5615 795 5670 τοῦ
830 5618 929 5687 τῆς
952 5615 1224 5676 υἱοθεσίας
1257 5611 1597 5685 χαρίσματος
1620 5608 1990 5679 ἀπολαύομεν.

412 5730 436 5763 ι
460 5709 541 5765 Οὐ
563 5708 671 5779 γὰρ
698 5706 965 5777 ὲλάᾷομεν
989 5703 1217 5776 Πνεῦμα
1234 5703 1502 5767 δουλείας,
1546 5720 1564 5752 ι
1594 5699 1762 5771 φησὶν
1796 5702 1824 5752 6
1848 5698 1997 5753 Παῦ-
2019 5697 2036 5705 ⁴

484 5892 529 5924 ⁸⁵
588 5890 783 5947 Matth.
820 5904 1014 5954 xxt‘tn,
1042 5889 1125 5945 19.
1202 5883 1462 5941 “ll-Cor.
1499 5897 1655 5947 ann,
1706 5879 1788 5934 1?.

2096 5258 2243 5313 dona
2273 5254 2574 5311 distribuit.
2610 5253 2746 5308 Nam
2779 5268 2878 5322 per
2909 5253 3092 5323 ipsum
3150 5252 3372 5307 veniam
3429 5259 3685 5321 peccato—

2098 5364 2220 5404 rum
2266 5347 2630 5417 accepimus;
2666 5360 2766 5416 per
2818 5344 3001 5414 ipsum
3066 5344 3379 5399 libertatem
3447 5340 3692 5397 assecuti

2086 5454 2291 5497 sumus
2312 5456 2329 5506 ;
2364 5454 2463 5508 per
2479 5438 2657 5509 ipsum
2678 5437 2858 5507 adepti
2884 5450 3075 5492 sumus
3104 5436 3330 5507 gratiam
3344 5432 3653 5501 adoptionis
3667 5448 3693 5491 ξ

2100 5548 2126 5584 ι
2167 5528 2290 5586 Non
2348 5528 2496 5584 enim
2533 5527 2875 5599 accepimus,
2919 5527 3095 5597 inquit
3160 5524 3394 5588 Paulus,
3428 5522 3688 5590 spiritum

2100 5621 2386 5680 servitutis
2416 5623 2615 5676 iterum
2646 5619 2704 5673 in
2727 5620 2979 5674 timorem
3019 5616 3152 5685 ;sed
3193 5615 3505 5685 accepimus
3558 5611 3689 5679 8ρὶ-

2105 5718 2273 5774 ritum
2298 5712 2612 5785 adeptionis
2637 5710 2972 5781 ﬁliorum,in
3004 5724 3113 5781 quo
3134 5708 3437 5765 clamamus
3466 5702 3696 5773 :Abba,
