4130 6476
478 420 549 482 95
1728 427 2112 489 EUTHYMII
2154 430 2519 493 ZIGABENI
2712 402 2715 403 ί
3686 431 3756 495 96

481 537 639 593 Pater
657 538 753 594 ⁸⁷.»
775 537 856 593 Et:
874 537 1159 608 tSpirltus,
1179 538 1372 610 inquit,
1391 541 1516 596 vita:
1532 540 1781 599 liberavit
1799 560 1884 599 me
1903 560 1933 599 a
1953 544 2068 615 lege

2184 546 2267 609 λος
2301 546 2486 611 πάλιν,
2526 564 2546 598 ι
2580 545 2660 609 είς
2692 542 2879 614 φόϐον,
2905 543 3025 599 ἀλλ’
3050 544 3319 617 ἐλάϐομεν
3350 545 3579 617 Πνεῦμα
3635 546 3755 599 υἱο-

483 632 687 700 poccati
720 640 775 685 ct
804 632 994 686 mortis
1013 632 1111 686 ⁸⁸.»
1149 630 1215 687 Et
1243 631 1370 687 alibi
1398 649 1413 688 :
1452 631 1749 689 «Dominus
1779 644 1963 690 autem
1983 645 2069 691 est

483 726 746 794 Spiritus,
776 726 867 781 ubi
896 735 1075 781 autem
1106 725 1345 796 Spiritus
1386 727 1625 794 Domini,
1681 729 1757 785 ibi
1815 730 2064 787 libertas.

479 817 600 873 Jam
631 819 722 889 qui
759 819 897 875 alios
930 820 1131 875 liberos
1158 820 1358 887 reddit,
1412 820 1531 891 ipse
1556 837 1668 876 non
1723 823 1893 877 servit
1920 824 1990 877 ⁶⁹.
2042 842 2062 877 ι

481 911 767 978 Quomodo
796 913 943 967 enim
977 910 1254 967 conservis
1286 912 1557 979 dedisset,
1593 914 1741 983 quod
1794 917 1911 985 ipse
1956 930 2067 970 non

482 1004 670 1069 habet,
694 1004 838 1073 quod
900 1004 1120 1072 assequi
1179 1005 1394 1074 nequit,
1426 1021 1543 1074 quo
1603 1005 1709 1062 frui
1764 1008 1917 1077 cupit
1980 1008 2069 1063 ille

481 1096 725 1165 quidem,
766 1096 859 1152 sed
888 1111 998 1150 non
1033 1097 1257 1165 potest?
1286 1094 1391 1163 Qui
1442 1097 1753 1155 libertatem
1785 1100 2068 1156 credenti-

481 1191 585 1246 bus
618 1188 906 1258 elargitur,
972 1199 1029 1244 et
1065 1189 1372 1246 servientes
1392 1190 1592 1247 liberos
1621 1193 1811 1261 etiicit,
1840 1193 1888 1249 is
1941 1210 2070 1265 pro-

483 1282 628 1336 fecto
662 1296 773 1335 non
807 1281 1001 1346 servit,
1037 1282 1133 1336 sed
1169 1282 1510 1346 dominatur,
1543 1293 1598 1338 et
1624 1284 1749 1353 iure
1813 1286 2067 1341 domina-

482 1381 595 1435 tus,
622 1388 762 1441 quos
785 1373 921 1437 vult,
947 1372 1203 1430 libertate
1224 1372 1411 1428 donat.
1445 1374 1813 1441 Quamobrem
1838 1384 1896 1432 et
1926 1377 2060 1432 bea-

482 1475 569 1519 tus
600 1463 837 1519 Paulus:
874 1462 1050 1530 «Haec,
1076 1464 1278 1534 inquit,
1303 1466 1485 1521 omnia
1515 1476 1773 1537 operatur
1802 1484 1946 1524 unus
1983 1477 2070 1524 at-

480 1569 589 1625 que
606 1555 749 1610 idem
778 1554 1036 1625 Spiritus,
1055 1555 1307 1612 dividens
1366 1557 1669 1628 unicuique
1694 1558 2068 1629 peculiariter,

482 1649 564 1703 uti
592 1648 789 1702 vult".
804 1668 822 1702 ι
843 1647 1053 1704 Idcirco
1074 1659 1131 1704 et
1151 1653 1417 1720 propheta
1434 1649 1489 1704 in
1507 1649 1693 1706 Veteri
1710 1649 2071 1707 Testamento

2169 637 2376 701 θεσίας,
2409 640 2468 691 ἐν
2496 633 2541 708 ᾧ
2569 636 2871 708 κράζομεν,
2908 638 3083 692 ’Δὸὅᾶ
3120 640 3147 693 6
3171 640 3419 711 Πατήρ.»
3447 642 3556 697 Καὶ
3586 639 3755 694 ἄλλα-

2169 730 2290 801 χοῦ·
2328 748 2347 783 ι
2372 729 2430 784 '0
2455 729 2566 800 γὰρ
2600 731 2768 799 νόμος
2788 730 2884 784 τοῦ
2920 730 3241 802 Πνεύματος
3262 734 3365 803 τῆς
3396 734 3541 803 ζωῆς
3590 732 3759 805 ἠλευο

2170 822 2380 892 θέρωσέ
2409 839 2477 893 με
2510 821 2619 876 ἀπὸ
2650 821 2744 875 τοῦ
2774 823 2941 891 νόμου
2995 823 3095 892 τῆς
3154 823 3458 895 ἁμαρτίας,
3512 824 3609 878 καὶ
3661 822 3757 876 τοῦ

2169 914 2425 968 θανάτου·
2468 932 2488 968 ι
2516 914 2612 968 καὶ
2647 913 2937 984 ἐτέρωθενο
2977 933 2996 966 ι
3036 913 3097 967 '0
3122 913 3180 967 δέ
3215 914 3421 986 Κύριος
3439 916 3500 968 τὸ
3530 913 3758 984 Πνεῦμᾶ

2171 1005 2339 1060 ἐστιν.
2378 999 2457 1061 Οῦ
2482 1005 2540 1060 δὲ
2594 1005 2654 1059 τὸ
2702 1005 2928 1074 Πνεῦμα
2972 1006 3207 1077 Κυρίου,
3241 1009 3358 1060 ἐκεῖ
3384 1007 3689 1078 ἐλευθερία.
3729 1024 3750 1059 r

2170 1093 2245 1145 Τὸ
2273 1093 2330 1146 δέ
2353 1094 2481 1155 τοὺς
2509 1093 2707 1157 ἄλλους
2732 1086 3057 1165 ἐλευθεροῦν
3092 1095 3152 1148 οὑ
3184 1095 3447 1149 δουλεύει.
3498 1095 3623 1160 Πῶς
3643 1096 3754 1166 γὰρ

2170 1183 2237 1237 ἂν
2251 1185 2363 1247 τοῖς
2377 1183 2685 1253 ὁμοδούλοις
2713 1182 2970 1254 μεταδοίη
2992 1176 3054 1237 οῦ
3086 1184 3162 1257 μὴ
3182 1185 3427 1255 μετέχει,
3461 1180 3522 1239 οὗ
3563 1186 3754 1256 τυχεῖν

2169 1272 2271 1326 οὐκ
2312 1272 2515 1344 ίσχύει,
2548 1264 2611 1327 οῦ
2640 1273 2948 1328 ἀπολαῦσαι
3006 1274 3256 1345 βούλεται
3289 1277 3386 1344 μὲν
3417 1277 3489 1339 ὼς
3506 1277 3672 1342 εἰκὸς,
3699 1277 3762 1330 ού

2174 1365 2399 1420 δυνάται
2416 1365 2472 1418 δέ
2492 1382 2507 1431 ;
2538 1366 2599 1418 ΕΙ
2625 1365 2681 1418 δέ
2698 1365 3020 1435 μεταδίδωσι
3035 1368 3151 1430 τοῖς
3173 1367 3524 1423 πιστεύουσιν
3543 1367 3763 1422 ἐλευθεο

2173 1458 2318 1530 ρίας,
2336 1458 2431 1511 καὶ
2447 1458 2722 1523 ἐλευθεροῖ
2741 1458 2869 1520 τοὺς
2898 1458 3269 1525 δουλεύοντας,
3300 1460 3360 1512 οὐ
3379 1458 3622 1513 δουλεύει
3669 1460 3765 1528 δη·

2169 1549 2367 1613 λονὸτι,
2387 1549 2524 1603 ἀλλὰ
2550 1549 2830 1618 δεσπόζει,
2847 1532 2943 1607 κάι
2967 1551 3305 1615 δεσποτικῶς
3320 1552 3422 1623 τὴν
3452 1551 3766 1623 ἐλευθερίαν

2170 1637 2252 1705 οἷς
2278 1642 2458 1695 ἐθέλει
2498 1643 2817 1712 χαρίζεται.
2857 1644 2949 1697 Διὸ
2984 1644 3081 1698 καὶ
3109 1645 3137 1697 6
3166 1644 3447 1713 μακάριος
3474 1645 3580 1714 ἐφη
3612 1643 3769 1696 Παῦ-

484 1748 819 1810 potcstatem
848 1740 1024 1811 ipsius
1052 1742 1371 1811 signiﬁcans
1390 1743 1672 1799 clamabat
1706 1760 1720 1798 :
1754 1762 1773 1795 ι
1804 1743 2069 1799 Dominus

2184 1739 2263 1799 λος
2288 1736 2370 1789 ὅτι
2407 1752 2426 1787 ι
2463 1736 2651 1789 Ταῦτα
2682 1737 2858 1790 πάντα
2901 1738 3119 1807 ἐνεργεῖ
3170 1736 3229 1791 τὸ
3287 1736 3347 1790 ἓν
3378 1736 3474 1789 καὶ
3504 1736 3565 1789 τὸ
3628 1734 3771 1789 αὐτὸ

482 1830 635 1885 misit
665 1846 775 1897 me,
801 1840 855 1886 et
886 1832 1129 1902 Spiritus
1163 1833 1283 1902 ejus
1313 1832 1405 1887 ⁷³.»
1453 1835 1519 1889 Ει
1549 1836 1694 1891 Deus
1725 1834 1942 1891 Iudaeos
1974 1852 2066 1890 ac-

2184 1827 2423 1897 Πνεῦμα,
2464 1827 2715 1898 διαιροῦν
2762 1828 2981 1899 ἐκάστῳ
3040 1828 3170 1900 ἰδίᾳ,
3199 1827 3383 1891 καθὼς
3422 1827 3696 1897 βούλεται.
3743 1845 3764 1879 ι

483 1922 1015 1989 cusnnsuFecistis,
1045 1924 1244 1995 inquit,
1275 1926 1588 1993 consilium,
1614 1930 1707 1983 sed
1738 1943 1844 1982 non
1875 1944 2074 1983 secun-

2186 1918 2282 1971 Διὸ
2297 1920 2394 1972 καὶ
2420 1920 2448 1971 6
2478 1897 2766 1989 προφήτης
2792 1920 2850 1972 ἐν
2880 1897 2962 1991 τῇ-
2984 1897 3200 1992 Παλαιᾷ
3220 1921 3321 1992 τήν
3360 1920 3629 1985 ἐξουσίαν
3661 1923 3730 1975 αὑ
3748 1951 3768 1961 -

483 2013 615 2070 dum
653 2029 756 2077 me,
790 2024 843 2068 ει
860 2014 1083 2079 foedera,
1122 2017 1215 2070 sed
1242 2032 1348 2071 non
1379 2032 1474 2087 per
1498 2017 1762 2088 Spiritum
1790 2035 1973 2073 meum
2021 2038 2071 2073 ι»

2184 2009 2270 2062 τοῦ
2294 2007 2582 2079 κηρύττων
2609 2008 2740 2062 ἐϐόα
2772 2025 2788 2041 ο
2822 2008 3059 2079 «Κύριος
3096 2010 3409 2064 ἁπέσταλκέ
3448 2028 3538 2081 με,
3566 2013 3659 2066 καὶ
3701 2012 3770 2065 τὸ

486 2106 545 2162 in
574 2122 682 2177 quo
715 2110 925 2163 socium
951 2108 1162 2179 imperii
1190 2109 1451 2180 Spiritum
1476 2120 1726 2167 sanctum
1775 2128 1902 2167 esse
1977 2112 2075 2166 de-

2184 2100 2408 2169 Πνεῦμα
2455 2100 2643 2155 αὑτοῦ.
2676 2120 2694 2153 ι
2743 2102 2856 2157 Καὶ
2883 2104 2912 2156 6
2935 2102 3071 2166 Θεὸς
3125 2104 3240 2167 τοῖς
3281 2103 3561 2165 Ἰουδαίοις
3597 2106 3773 2173 ἐγκα-

484 2198 674 2252 clarat.
731 2198 797 2252 Et
859 2198 968 2252 alio
992 2198 1111 2253 loco
1143 2215 1158 2254 :
1192 2218 1210 2250 ι
1243 2199 1353 2254 Cur
1385 2216 1508 2270 ego.
1557 2201 1759 2270 inquit,
1790 2201 2075 2256 vobiscum

2184 2192 2306 2261 λῶν,
2340 2211 2360 2245 ι
2396 2192 2739 2264 Ἐποιήσατε,
2769 2212 2787 2244 ι
2821 2196 2975 2266 φησὶ,
3009 2215 3027 2246 ι
3065 2194 3282 2265 βουλὴν,
3303 2197 3398 2249 καὶ
3428 2195 3575 2266 ούζδι⁹
3605 2197 3770 2267 ἐμοῦ,

484 2291 651 2345 sum?
680 2292 747 2345 Et
770 2290 1008 2360 Spiritus
1032 2307 1185 2346 meus
1225 2295 1472 2348 constitit
1507 2293 1562 2347 in
1597 2293 1778 2347 medio
1809 2294 1978 2348 vestri
2003 2294 2025 2346 ‘i
2051 2312 2071 2346 ι

2184 2287 2276 2340 καὶ
2307 2286 2605 2353 συνθήκας,
2654 2287 2752 2339 καὶ
2804 2290 2866 2339 ού
2920 2286 3009 2341 διὰ
3068 2287 3165 2340 τοῦ
3217 2286 3540 2357 Πνεύματός
3575 2307 3700 2359 μου,
3741 2309 3765 2342 ι

485 2384 560 2439 At
580 2382 683 2439 Job
717 2384 1035 2440 eﬂectorein
1062 2386 1242 2456 ipsum
1262 2394 1322 2441 et
1366 2388 1691 2456 principem,
1736 2403 1848 2441 non
1877 2395 2064 2442 autem

2184 2378 2441 2433 κοινωνὸν
2464 2382 2568 2450 τῆς
2594 2378 2917 2442 δεσποτείας
2935 2379 3155 2442 δεικνὺς
3167 2381 3227 2432 τὸ
3257 2380 3483 2452 Πνεῦμα
3501 2383 3558 2434 τὸ
3585 2381 3771 2451 ἅγιον·

486 2474 822 2539 ministrum,
859 2484 955 2531 aut
1003 2475 1209 2530 factum
1233 2476 1501 2532 credens:
1530 2495 1549 2528 ι
1589 2477 1847 2546 Spiritus,
1877 2477 2076 2547 inquit,

2184 2472 2275 2525 καὶ
2349 2470 2637 2542 ἑτέρωθεν·
2680 2488 2698 2522 ι
2743 2470 2891 2523 Διότι
2944 2470 3079 2539 ἐγὼ,
3118 2489 3138 2522 ι
3173 2471 3362 2543 φησιν,
3408 2492 3426 2525 ι
3455 2474 3576 2544 είμὶ
3644 2473 3772 2544 μεθ’

487 2566 705 2622 divinus
723 2567 850 2622 fecit
871 2579 1036 2634 me,et
1064 2567 1641 2638 ﬂatusOmnipotentis
1670 2570 1863 2625 edocet
1881 2570 2072 2624 ωεη.»

2184 2560 2358 2632 ὑμῶν,
2380 2562 2479 2615 καὶ
2498 2562 2561 2615 τὸ
2592 2560 2817 2632 Πνεῦμα
2835 2579 2938 2632 μου
2961 2564 3267 2634 ἐφέστηκεν
3284 2565 3344 2618 ἐν
3360 2565 3508 2636 μέσῳ
3531 2566 3706 2637 ὑμῶν.
3745 2586 3769 2622 ι

487 2657 644 2725 Quod
688 2662 733 2716 si
801 2663 1097 2717 humanam
1161 2671 1415 2716 naturam
1452 2661 1751 2717 fabricatus
1788 2674 1891 2727 est,
1927 2677 2079 2717 eam-

2184 2650 2297 2704 Καὶ
2327 2653 2356 2704 6
2428 2650 2551 2705 ’1ὼὸ
2597 2651 2677 2715 δὲ,
2733 2651 3071 2725 δημιουργὸν
3131 2654 3264 2707 αὐτὸ
3300 2653 3417 2720 καὶ,
3446 2655 3775 2710 δεσποτικὸν

485 2751 633 2815 dem,
665 2768 828 2819 quam
861 2755 1023 2808 Pater
1043 2762 1101 2807 et
1134 2752 1324 2816 Filius,
1350 2752 1650 2807 essentiam
1711 2753 1894 2807 habet.
1942 2750 2077 2807 Nam

2188 2742 2490 2808 πιστεύων,
2556 2742 2674 2797 ἀλλ’
2737 2745 2837 2815 οὐχ
2865 2745 3223 2816 ύπουργικὸν,
3261 2763 3283 2799 ι
3321 2746 3397 2800 Οὐ
3420 2746 3530 2817 γὰρ
3555 2748 3777 2818 ποίημα

485 2857 609 2898 cum
644 2844 920 2900 hominem
945 2846 1151 2901 faceret
1181 2847 1358 2903 Deus:
1396 2847 1735 2912 «Faciamus,
1756 2845 1955 2916 inquit,
1990 2846 2081 2899 ho-

2190 2840 2419 2911 Πνεῦμα
2464 2840 2627 2907 θεῖον,
2666 2860 2685 2894 ι
2727 2842 2890 2912 φησὶ,
2927 2860 2946 2895 ι
2983 2842 3045 2898 τὸ
3074 2842 3311 2913 ποιῆσάν
3365 2859 3457 2911 με,
3518 2842 3658 2912 πνοὴ
3716 2842 3777 2896 δὲ

485 2935 690 2991 minem
739 2938 806 2991 ad
839 2938 1127 3008 imaginem
1154 2947 1210 2993 ct
1262 2939 1677 2994 similitudinem
1708 2950 1950 2993 nostram
1983 2939 2081 2993 ".r

2191 2931 2641 3003 Παντοκράτορος
2681 2933 2714 3004 ή
2751 2933 3084 2987 διδάσκουσα
3112 2951 3234 3004 με.»
3264 2934 3325 2987 Ei
3353 2933 3527 3005 δὲτὴν
3563 2932 3767 3004 ἀνθρω-

488 3024 733 3091 Quorum
779 3039 964 3085 autem
1008 3046 1116 3087 una
1170 3040 1254 3087 est
1312 3031 1510 3103 imago,
1578 3046 1771 3086 eorum
1830 3030 2081 3102 profecto

2191 3026 2355 3079 πείαν
2409 3024 2821 3097 ἐδημιούργησε
2849 3025 3037 3096 φύσιν,
3095 3027 3197 3098 τὴν
3232 3028 3409 3097 αὐτὴν
3433 3028 3620 3081 οὐσίαν
3657 3026 3776 3096 ἔχει

490 3133 601 3174 una
635 3132 721 3177 est
752 3123 916 3178 etiam
945 3127 1209 3182 essentia.

2191 3118 2372 3189 Πατρὶ
2417 3118 2513 3171 καὶ
2549 3117 2687 3189 Υίῷ.
2727 3118 2819 3173 Ἐν
2878 3121 2989 3192 γὰρ
3019 3123 3084 3191 τῇ
3111 3120 3209 3173 τοῦ
3235 3118 3525 3190 ἀνθρώπου
3557 3119 3776 3186 ποιήσει

489 3214 650 3273 εἶπεν
734 3223 763 3275 6
826 3221 983 3287 Θεὸς,
1025 3241 1046 3275 ι
1083 3226 1407 3297 Ποιήσωμεν
1463 3228 1757 3299 ἄνθρωπον
1800 3223 1926 3279 κατ’
1961 3220 2148 3275 εἰκόνα
2191 3219 2471 3290 ήμετέραν
2506 3216 2603 3270 καὶ
2643 3216 2768 3272 καθ’
2800 3219 3084 3291 ὁμοίωσιν.
3117 3237 3137 3272 ι
3171 3210 3274 3270 Ὧν
3294 3216 3352 3270 δέ
3382 3218 3416 3287 ἡ
3452 3216 3619 3269 εἰκὼν
3644 3215 3772 3287 μία,

487 3314 696 3371 τούτων
732 3318 981 3387 δηλονότι
1012 3324 1109 3375 καὶ
1140 3323 1359 3392 ήούσία
1386 3322 1507 3393 μία.

490 3431 624 3509 Item
653 3435 714 3509 de
731 3434 915 3509 Patre,
956 3446 1006 3489 et
1037 3435 1198 3501 Filio,
1238 3448 1284 3491 et
1335 3438 1539 3509 Spiritu
1582 3448 1766 3494 sancto
1822 3438 2070 3492 distincta

2184 3428 2303 3509 'Eq
2330 3428 2465 3496 περὶ
2494 3427 2726 3509 Πατρός
2769 3427 2883 3509 καὶ.
2926 3421 3065 3509 Υίοᾷ
3106 3423 3200 3509 καὶ
3229 3424 3404 3509 cipiat),
3433 3425 3775 3509 Πνερλιαςος

526 3504 687 3557 simul
711 3515 759 3558 et
806 3508 955 3559 unita
1014 3495 1313 3564 divinitatis
1364 3495 1520 3565 ratio.
1565 3509 1753 3565 Sancti
1800 3509 2047 3564 Maximi.

2258 3495 2682 3634 ῗὶαέῗκριμένη
2714 3499 2813 3552 καί
2849 3497 3128 3566 ἡνωμένη
3163 3496 3442 3563 θεολογια
3474 3495 3583 3549 τοῦ
3603 3495 3775 3563 ἁγίου

2315 3588 2353 3622 a
2415 3588 2559 3639 μου.

563 3668 715 3724 linus
748 3669 912 3735 Deus,
948 3672 1112 3727 unius
1142 3671 1263 3727 Filii
1301 3674 1498 3729 Pater:
1526 3684 1580 3729 et
1628 3673 1867 3744 Spiritus
1921 3673 2085 3728 unius

490 3765 663 3820 sancti
699 3764 844 3830 fons,
879 3766 1061 3820 unitas
1094 3767 1319 3820 minime
1360 3768 1612 3832 confusa,
1640 3777 1694 3822 et
1720 3767 1949 3822 minime
2001 3767 2085 3821 di-

490 3857 604 3913 visa
645 3856 904 3912 Trinitas.
943 3857 1092 3913 Mens
1125 3859 1246 3914 sine
1286 3860 1577 3931 principio,
1606 3861 1776 3916 solius
1792 3860 1943 3917 solus
1987 3874 2088 3930 per

489 3952 783 4006 essentiam
828 3950 987 4005 Verbi
1023 3952 1300 4022 principio
1326 3955 1565 4009 carentis
1598 3953 1850 4011 Genitor.
1900 3954 1967 4009 Et
1996 3968 2088 4008 so-

493 4044 604 4098 lius
627 4055 848 4099 aeternae
869 4043 993 4097 vitae
1054 4044 1298 4114 Spiritus
1332 4047 1509 4102 sancti
1562 4045 1707 4102 fons.

1169 4137 1449 4206 Ejusdem.

570 4226 725 4283 Unus
757 4229 923 4296 Deus,
953 4231 1213 4300 quoniam
1251 4244 1360 4285 una
1422 4230 1684 4286 divinitas
1750 4231 2006 4303 simplex,
2032 4242 2090 4290 et

495 4317 616 4373 sine
655 4320 948 4390 principio,
989 4331 1044 4377 et
1074 4323 1384 4392 partitionis
1440 4331 1498 4377 et
1532 4324 1823 4380 divisionis
1868 4341 2085 4396 expers.

498 4410 565 4464 Et
597 4420 708 4466 tota
740 4411 982 4469 Trinitas
1011 4416 1423 4481 eadem,unitas
1440 4427 1551 4472 tota
1569 4419 1869 4475 secundum
1899 4435 2091 4477 essen-

495 4500 625 4555 tiam
656 4500 866 4558 eadem.
926 4502 992 4557 Et
1047 4503 1290 4561 Trinitas
1319 4515 1427 4561 tota
1479 4507 1778 4562 secundum
1826 4523 2090 4579 personas

494 4592 711 4648 eadem.
752 4595 932 4660 Pater,
970 4605 1027 4651 et
1057 4596 1247 4659 Filius,
1301 4608 1357 4653 et
1405 4597 1650 4670 Spiritus
1699 4610 1925 4655 sanctus
1969 4601 2089 4671 ipsa

495 4683 761 4738 Divinitas
788 4695 893 4741 est.
922 4687 987 4741 Et
1012 4688 1065 4741 in
1103 4686 1279 4753 Patre,
1304 4698 1361 4744 et
1386 4688 1546 4755 Filio,
1574 4700 1629 4744 et
1651 4690 1857 4761 Spiritu
1899 4701 2091 4747 sancto

2260 3659 2355 3727 Εἷς
2383 3663 2539 3727 Θεὸς,
2588 3661 2709 3725 ἐνὸς
2734 3659 2863 3715 Υίοῦ
2903 3659 3118 3730 Πατήρ,
3172 3659 3267 3712 καὶ
3297 3657 3619 3728 Πνεύματος
3651 3657 3773 3720 ἐνὸς

2187 3755 2349 3825 ἁγίου
2378 3756 2552 3825 πηγή.
2588 3753 2777 3817 Μονὰς
2820 3752 3153 3821 ἀσύγχυτος,
3207 3752 3302 3804 καὶ
3333 3751 3503 3821 Τριὰς
3529 3749 3774 3819 ἀδιαίρε-

2185 3865 2295 3914 νος.
2328 3848 2473 3912 Νοῦς
2496 3847 2756 3917 ἄναρχος,
2793 3844 2968 3915 μόνου
3002 3844 3186 3914 μόνος,
3214 3840 3771 3909 οὐσιωδῶς,ἀνάρχου

2192 3941 2370 4011 Λόγου
2400 3938 2709 4010 γεννήτωρ,
2740 3939 2837 3991 καὶ
2868 3936 3041 4008 μόνης
3070 3934 3247 3989 ἀϊδίου
3274 3932 3420 4002 ζωῆς
3448 3930 3775 4003 Πνεῦματος

2189 4033 2349 4101 ἁγίου
2389 4032 2568 4104 πηγή.

2800 4140 2919 4196 Τοῦ
2962 4139 3175 4197 αὑτοῦ.

2263 4235 2362 4303 Εἷς
2392 4238 2548 4304 Θεὸς,
2580 4237 2663 4290 ὅτι
2695 4237 2795 4306 μία
2831 4233 3024 4300 θεότης
3054 4232 3315 4302 ἄναρχος,
3346 4230 3445 4286 καὶ
3482 4231 3651 4301 ἁπλῆ,
3684 4232 3781 4287 καὶ

2191 4331 2544 4403 ύπερούσιος,
2576 4329 2675 4384 καὶ
2700 4326 2938 4399 ἀμερής,
2996 4327 3093 4379 καὶ
3133 4324 3465 4392 ἀδιαίρετος.
3536 4324 3600 4376 Ἠ
3646 4324 3785 4395 αύτῆ

2196 4423 2364 4495 μονὰς
2416 4422 2513 4477 καὶ
2560 4420 2755 4492 Τριάς.
2827 4419 2966 4487 Ὀλη
3025 4416 3257 4488 μονὰςὴ
3313 4417 3453 4485 αὑτὴ
3482 4457 3503 4482 ,
3542 4418 3635 4468 καὶ
3668 4416 3766 4486 ὅλη

2196 4518 2371 4588 Τριάς
2394 4519 2427 4586 ή
2460 4516 2620 4586 αὐτή.
2660 4512 2847 4576 Μονὰς
2887 4511 2983 4581 ὅλη
3035 4510 3178 4563 κατὰ
3204 4511 3305 4579 τὴν
3340 4509 3588 4579 οὐσίανή
3622 4508 3784 4578 αὐτή,

2192 4609 2290 4662 καὶ
2357 4606 2530 4677 Τριὰς
2587 4606 2686 4673 ὅλη
2765 4603 2908 4659 κατὰ
2974 4601 3075 4666 τὰς
3132 4601 3460 4663 ὑποστάσεις
3520 4602 3556 4670 ή
3623 4600 3787 4670 αὐτή.

2195 4701 2411 4771 Πατὴρ,
2465 4702 2562 4752 καὶ
2625 4698 2776 4764 Υἱὸς,
2850 4697 2945 4749 καὶ
2991 4695 3147 4763 ἆγιον
3196 4692 3424 4763 Πνεῦμα
3477 4694 3510 4762 ή
3570 4690 3788 4761 θεότης,

496 4783 585 4829 est
611 4775 729 4845 ipsa
752 4776 1042 4834 Divinitas.
1082 4778 1218 4834 Tota
1269 4781 1324 4835 in
1361 4790 1474 4835 toto
1506 4782 1666 4837 Patre
1722 4783 1837 4852 ipsa
1865 4794 1982 4850 est;
2033 4793 2081 4839 et

2196 4794 2306 4846 κοιι
2338 4766 2417 4844 ’ἐν
2472 4790 2677 4860 Πατρι,
2718 4789 2814 4841 και
2863 4785 3003 4857 ria,
3046 4787 3144 4841 και
3208 4786 3352 4855 ἁγίῳ
3408 4784 3691 4854 Πνεῦματι
3750 4784 3787 4853 ή

497 4872 648 4920 titus
685 4866 735 4918 in
770 4868 886 4935 ipsa
928 4878 1038 4922 tota
1075 4869 1236 4924 Pater
1257 4879 1365 4925 est.
1405 4869 1471 4923 Et
1506 4866 1646 4925 tota
1698 4872 1753 4926 in
1780 4883 1893 4929 toto
1951 4874 2091 4930 Filio

494 4966 578 5011 est
609 4958 722 5027 ipsa
751 4975 767 5024 ;
800 4967 853 5012 et
886 4967 1032 5013 totus
1069 4959 1121 5012 in
1153 4960 1271 5029 ipsa
1305 4970 1419 5015 tota
1455 4963 1624 5019 Filius
1681 4974 1788 5020 est.
1854 4965 1920 5021 Et
1975 4975 2090 5022 tota

495 5052 552 5103 in
589 5060 701 5105 toto
730 5052 938 5120 Spiritu
971 5063 1159 5107 sancto
1208 5064 1293 5109 est
1324 5056 1459 5125 ipsa.
1514 5056 1580 5111 Et
1641 5067 1792 5114 totus
1854 5060 1908 5114 in
1972 5061 2091 5129 ipsa

500 5151 611 5198 tota
648 5154 733 5198 est
775 5142 1014 5214 Spiritus
1038 5156 1283 5202 sanctus.
1309 5145 1428 5202 Non
1464 5150 1609 5205 enim
1636 5166 1704 5207 ex
1748 5162 1904 5222 parte
1943 5153 2087 5207 Divi-

499 5238 646 5291 nitas
674 5236 835 5291 estin
862 5234 1045 5303 Patre,
1084 5254 1188 5293 nec
1218 5238 1380 5295 Pater
1430 5257 1498 5296 ex
1552 5252 1706 5312 parte
1769 5243 1914 5299 Deus
1973 5253 2083 5300 est.

496 5327 686 5398 Neque
714 5345 779 5383 ex
813 5344 968 5399 parte
1000 5330 1055 5385 in
1081 5330 1221 5386 Filio
1275 5332 1541 5389 Divinitas
1575 5344 1695 5400 est;
1759 5350 1865 5391 nec
1916 5336 2086 5391 Filius

498 5434 565 5472 ex
599 5431 750 5490 parte
772 5420 915 5477 Deus
945 5431 1049 5477 est.
1074 5422 1263 5493 Neque
1284 5439 1351 5480 ex
1375 5435 1528 5496 parte
1556 5426 1611 5481 in
1642 5427 1851 5498 Spiritu
1894 5438 2089 5485 sancto

502 5511 770 5568 Divinitas
802 5521 922 5579 est;
956 5529 1061 5570 nec
1106 5514 1348 5585 Spiritus
1375 5528 1602 5575 sanctus
1630 5534 1701 5574 ex
1748 5531 1905 5590 parte
1930 5522 2078 5575 Deus

499 5608 604 5655 est.
628 5601 763 5656 Nam
784 5619 965 5674 neque
983 5605 1248 5662 Divinitas
1275 5609 1448 5664 secari
1482 5618 1694 5680 potest;
1726 5625 1910 5682 neque
1928 5611 2089 5666 Pater
2138 5682 2141 5685 Α

500 5700 594 5744 aut
629 5692 823 5763 Filius,
858 5706 953 5752 aut
993 5697 1236 5769 Spiritus
1270 5709 1496 5758 sanctus
1544 5702 1688 5759 Deus
1738 5713 1826 5761 est
1884 5704 2092 5775 imper-

572 5804 617 5835 ⁸⁷
652 5806 970 5890 “Optauit,”
999 5813 1085 5868 15.
1177 5814 1412 5890 “illum.
1446 5834 1562 5889 vm,
1596 5818 1660 5875 2.‘
1727 5821 1773 5856 "
1810 5818 1850 5876 ll
1880 5818 2006 5877 Cor.
2041 5836 2124 5890 Ill,
2162 5822 2248 5877 l7.
2324 5821 2370 5855 το
2413 5818 2578 5874 lCor.
2610 5831 2706 5883 xu,
2741 5814 2825 5868 ll.

503 5890 694 5945 xm",
729 5876 783 5931 4.
862 5880 907 5912 ⁷³
932 5881 1072 5937 Gen.
1111 5899 1149 5952 ι,
1176 5883 1268 5940 26.

2193 4885 2405 4956 θεότης,
2450 4882 2590 4951 Ὅλη
2621 4883 2679 4933 ἐν
2733 4881 2840 4948 ὅλῳ
2870 4879 2948 4949 τῷ
3015 4877 3193 4948 Πατρὶ
3235 4876 3465 4948 ήαὺτή,
3521 4877 3618 4927 καὶ
3666 4873 3788 4937 ὅλος

2192 4978 2249 5031 ἐν
2309 4976 2407 5048 ὅλῃ
2456 4975 2526 5045 τῇ
2580 4972 2720 5041 αὐτῇ
2770 4971 2798 5023 6
2848 4969 3064 5041 Πατήρ.
3121 4968 3232 5021 Καὶ
3277 4967 3374 5035 ὅλη
3435 4966 3494 5017 ἐν
3538 4964 3644 5032 ὅλῳ
3710 4963 3791 5032 τῷ

2192 5068 2305 5137 Υἱῷ
2319 5068 2352 5136 ἡ
2373 5065 2536 5133 αὐτή.
2554 5064 2664 5117 Καὶ
2681 5062 2799 5125 ὅλος
2823 5061 2883 5113 ἐν
2901 5060 2997 5128 ὅλη
3017 5060 3083 5129 τῇ
3110 5058 3247 5126 αὐτῇ
3273 5058 3301 5109 6
3321 5055 3468 5117 Υἱός.
3491 5055 3596 5108 Καὶ
3616 5056 3710 5123 ὅλη
3732 5057 3791 5106 ἐν

2196 5161 2305 5230 ὅλῳ
2330 5158 2409 5227 τῷ
2437 5154 2725 5225 Πνεύματι
2748 5154 2826 5223 τῷ
2856 5152 2999 5221 ἁγίῳ
3033 5152 3067 5221 ή
3096 5150 3259 5217 αὐτὴ,
3285 5147 3377 5202 καὶ
3405 5147 3527 5199 ὅλον
3554 5148 3611 5199 ἐν
3645 5147 3787 5217 αὐτῇ

2194 5252 2292 5320 ὅλῃ
2316 5250 2375 5302 τὸ
2402 5246 2630 5317 Πνεῦμα
2663 5247 2724 5300 τὸ
2757 5245 2931 5314 ἅγιον.
2954 5242 3029 5296 Ού
3064 5241 3173 5310 γὰρ
3204 5241 3268 5292 ἐκ
3300 5240 3502 5309 μέρους
3530 5240 3562 5308 ή
3587 5239 3784 5307 θεότης

2198 5344 2256 5396 ἐν
2298 5340 2374 5411 τῷ
2435 5338 2797 5412 Πατρὶ,ἢέκ
2834 5337 3037 5407 μέρους
3096 5332 3230 5395 Θεὸς
3295 5334 3323 5385 6
3380 5332 3594 5401 Πατήρ·
3649 5330 3775 5384 οὒτε

2193 5435 2257 5486 ἐκ
2290 5431 2495 5502 μέρους
2526 5433 2584 5484 ἐν
2616 5429 2695 5501 τῷ
2723 5428 2836 5497 Υἱῷ
2868 5429 2901 5496 ή
2930 5425 3149 5491 θεότης,
3192 5423 3225 5493 ἢ
3293 5424 3358 5474 ἐκ
3396 5422 3598 5491 μέρους
3644 5421 3777 5482 Θεὸς

2195 5522 2225 5575 ὁ
2251 5521 2381 5584 Υἱός
2406 5536 2419 5549 ’
2448 5518 2575 5573 οὔτε
2601 5521 2665 5571 ἐκ
2698 5518 2901 5588 μέρους
2936 5516 2995 5567 ἐν
3014 5513 3090 5583 τῷ
3112 5514 3256 5584 ἁγίῳ
3295 5513 3577 5579 Πνεύματι
3604 5513 3636 5581 ή
3665 5511 3782 5563 θεό-

2194 5611 2378 5683 της,ἢ
2427 5612 2492 5665 ἐκ
2532 5610 2733 5681 μέρους
2768 5606 2902 5668 Θεὸς
2952 5605 3014 5657 τὸ
3040 5603 3271 5674 Πνεῦμα
3316 5604 3379 5656 τὸ
3407 5601 3584 5670 ἅγιον.
3640 5600 3780 5653 Οὔτε

2200 5705 2310 5776 γὰρ
2347 5701 2581 5774 μεριστὴ
2617 5702 2651 5770 ή
2699 5700 2912 5767 θεότης,
2975 5695 3103 5749 οὗτε
3133 5696 3332 5766 ἀτελὴς
3365 5694 3498 5758 Θεὸς
3528 5695 3558 5745 6
3588 5692 3778 5762 Πατὴρ

2931 5814 2970 5846 ⁷¹
3006 5814 3119 5870 lsa.
3178 5827 3371 5880 xum,
3417 5810 3501 5865 16.
3577 5810 3624 5842 "
3659 5808 3785 5866 Job.
