4130 6440
345 346 411 407 91

1349 349 1734 415 PANOPLIA
1773 347 2215 415 DOGMATICA
2281 374 2350 388 -
2387 349 2542 415 TlT.
2583 350 2670 414 ΙΙ.
3575 348 3647 415 98

354 460 392 531 ἢ
415 459 445 513 δ
469 456 559 513 ΥΡ
574 474 605 522 ς
658 457 698 531 ἢ
730 455 796 513 τὸ
822 454 1048 531 Πνεῦμα
1072 457 1134 513 τὸ
1160 456 1467 528 ἄγιον,άλλ⁹
1491 460 1752 531 δληειστὶν
1777 460 1810 533 ἡ
1834 457 1970 532 αὕτη

2076 456 2274 515 lectus.
2309 458 2419 514 Sed
2474 467 2585 515 tota
2620 468 2705 515 est
2761 457 2902 532 ipsa,
2936 459 3007 516 fet
3065 461 3329 532 perlecta.
3379 462 3646 535 perfecte,

363 549 545 606 τελεία
573 549 811 615 τελείως
831 550 893 604 ιν
921 550 1115 621 τελείῳ
1145 549 1225 621 τῷ
1249 550 1446 622 Πατρὶ,
1506 554 1604 606 καὶ
1635 550 1735 621 ὅλη
1769 548 1956 604 τελεία

369 643 592 706 τελείως
626 642 683 694 ὲν
724 641 924 713 τελείῳ
950 640 1027 713 τῷ
1058 640 1173 713 Υίῷ
1228 643 1262 712 ή
1292 643 1456 714 αύτη,
1490 643 1589 697 καὶ
1639 642 1736 712 ὅλη
1769 640 1957 696 τελεία

363 736 589 799 τελείως
630 736 664 803 η
688 734 834 803 αὑτὴ
862 736 920 786 ὲν
948 733 1137 804 τελείῳ
1160 733 1237 805 τῷ
1267 735 1411 805 ἁγίῳ
1452 735 1753 805 Πνεύματι.
1785 732 1951 798 Ὀλος

366 828 484 899 γὰρ
515 827 575 880 ἐν
601 826 709 896 ὅλῳ
736 825 814 895 τῷ
850 826 965 897 mp
995 826 1091 878 xui.
1129 825 1206 895 τῷ
1238 826 1525 897 [Ινεύματι
1551 826 1779 889 τελείως
1803 826 1954 881 ἐστὶν

364 922 395 975 δ
424 922 625 990 Πατήρ
652 935 667 949 ·
707 921 802 973 καὶ
847 919 968 982 ὅλος
1002 923 1060 973 ὲν
1080 920 1189 991 ὅλῳ
1226 919 1302 990 τῷ
1328 920 1505 991 Πατρὶ
1530 920 1625 974 καὶ
1670 918 1750 989 τῷ
1787 920 1957 971 Πνευ-

368 1030 509 1084 ματι
538 1011 763 1085 τελείως
793 1014 941 1065 ἐστὶν
970 1013 997 1064 ὁ
1024 1012 1174 1076 Υἱός.
1201 1012 1313 1064 Καὶ
1330 1011 1452 1065 ὅλον
1476 1012 1657 1081 ὲνόλῳ
1680 1010 1759 1080 τῷ
1779 1010 1959 1080 Πατρὶ

371 1108 471 1158 καὶ
502 1102 585 1173 τῷ
618 1103 738 1173 Υίῷ
769 1102 994 1165 τελείως
1023 1104 1141 1156 ἐστὶ
1170 1102 1228 1156 τὸ
1268 1102 1497 1173 Πνεῦμα
1540 1103 1601 1155 τὸ
1629 1102 1807 1171 ἅγιον.
1842 1102 1959 1154 Μία

366 1196 482 1265 γὰρ
506 1194 609 1247 καὶ
637 1195 671 1263 ἡ
729 1191 868 1263 αύτὴ
919 1192 1078 1245 ούσία
1118 1193 1214 1247 καὶ
1256 1192 1486 1263 δύναμις
1538 1192 1634 1247 καὶ
1675 1192 1957 1261 ,ἐνέργεια

368 1288 614 1357 Πατρὶς,
643 1287 739 1338 καὶ
776 1284 931 1349 Υίοῦ,
976 1287 1070 1339 καὶ
1092 1285 1263 1353 ἁγίους
1287 1285 1637 1356 Πνεύματος,
1667 1285 1771 1338 ούκ
1802 1284 1956 1348 ὄντος

364 1378 582 1439 οὐδενὸς
612 1374 704 1429 τοῦ
742 1376 928 1449 ἑτέρου
957 1378 1149 1448 χωρὶς,
1173 1378 1205 1447 ἢ
1226 1376 1543 1447 νοουμένου.

983 1490 1095 1546 Τοῦ
1141 1490 1358 1565 αὐτοῦ.

446 1586 549 1639 Ἕν
577 1588 697 1639 ἐστι
734 1586 797 1641 τὸ
828 1584 1072 1656 ὑπάρχον
1106 1584 1202 1638 καὶ
1253 1583 1587 1655 ύπερούσιον
1631 1581 1864 1650 ἀγαθὸν,
1924 1583 1961 1655 ἡ

372 1678 511 1746 ἁγία
555 1677 988 1747 τρισυπόστατος
1016 1674 1210 1746 μονὰς,
1244 1675 1459 1745 Πατὴρ,
1512 1676 1607 1729 καὶ
1648 1675 1801 1740 Υίὸς,
1863 1674 1962 1728 καὶ

2061 552 2119 608 in
2152 553 2398 623 perfecto
2432 552 2613 608 Patre.
2643 553 2712 609 Et
2765 562 2875 608 tota
2909 562 2996 609 est
3053 554 3192 624 ipsa,
3249 563 3307 611 et
3369 557 3634 626 perfecta,

2058 643 2321 715 perfecte,
2382 644 2626 716 perfecto
2668 645 2722 700 in
2770 645 2957 712 Filio;
2994 654 3050 701 et
3108 654 3216 701 tota
3267 648 3643 718 perfectaque,

2060 744 2116 790 et
2148 734 2411 804 perfecte,
2456 744 2540 791 est
2583 736 2698 805 ipsa
2761 737 3005 806 perfecto
3060 737 3113 791 in
3176 737 3390 807 Spiritu
3433 749 3647 795 sancto.

2058 824 2192 880 Nam
2222 834 2369 881 totus
2399 827 2455 881 in
2488 836 2599 883 toto
2630 826 2791 891 Filio,
2822 837 2877 882 et
2914 828 3121 897 Spiritu
3153 840 3346 883 sancto
3401 830 3649 900 perfecte

2060 926 2143 971 est
2168 918 2346 975 Pater.
2383 919 2451 974 Et
2492 928 2639 976 totus
2661 921 2715 975 in
2754 931 2870 975 toto
2904 920 3082 983 Patre,
3112 928 3167 974 et
3194 919 3400 990 Spiritu
3456 932 3651 979 sancto

2062 1012 2307 1081 perfecte
2373 1023 2460 1069 est
2521 1013 2713 1068 Filius.
2766 1012 2832 1067 Et
2887 1023 3033 1068 totus
3093 1014 3149 1067 in
3197 1024 3312 1069 toto
3347 1014 3529 1081 Patre,
3589 1024 3646 1070 et

2064 1103 2203 1160 Filio
2265 1106 2507 1175 perfecte
2560 1114 2644 1162 est
2708 1105 2945 1176 Spiritus
2997 1115 3239 1161 sanctus.
3300 1106 3653 1179 Quandoqui-

2064 1196 2187 1254 dem
2224 1214 2332 1253 una
2361 1200 2663 1269 eademque
2693 1199 2956 1262 essentia,
2985 1206 3039 1252 et
3090 1200 3355 1266 potentia,
3405 1210 3460 1253 et
3504 1201 3651 1255 actio

2065 1299 2150 1347 est
2179 1291 2360 1354 Pater,
2398 1300 2454 1346 et
2476 1288 2665 1356 Filius,
2684 1299 2739 1344 et
2761 1288 2999 1360 Spiritus
3020 1298 3261 1353 sanctus,
3287 1304 3410 1343 cum
3468 1291 3654 1345 nullus

2059 1399 2250 1440 eorum
2290 1381 2359 1437 ab
2386 1381 2561 1438 altero
2609 1392 2893 1452 separatus
2924 1389 3018 1434 aut
3076 1380 3170 1445 sit,
3211 1390 3306 1434 aut
3358 1381 3649 1451 cogitetur.

2682 1538 2687 1541 ς
2726 1497 3008 1552 Eiusdem.

2682 1538 2687 1541 ς
2726 1514 2775 1552 ιι
2804 1514 3008 1552 usaem.

2066 1560 2069 1563 ν
2136 1591 2319 1647 Unum
2370 1597 2480 1656 est,
2509 1589 2655 1661 quod
2707 1514 3039 1660 principium
3069 1599 3126 1646 et
3145 1588 3441 1645 essentiam
3489 1601 3657 1643 exsu-

2062 1696 2244 1759 perat,
2268 1686 2497 1749 bonum,
2548 1690 2738 1738 sancta
2788 1682 2956 1737 trium
3011 1697 3376 1753 personarum
3444 1680 3650 1746 unitas,

372 1769 539 1838 ιγιον
593 1768 845 1839 Πνεῦμα·
905 1767 1071 1838 τριῶν
1100 1766 1349 1837 ἀπείρων
1378 1766 1609 1838 ἄπειρος
1680 1764 1961 1839 συμφυτα,

2073 1781 2260 1845 Pater,
2295 1778 2494 1845 Filius,
2521 1785 2578 1833 et
2625 1775 2871 1846 Spiritus
2925 1784 3172 1830 sanctus.
3219 1773 3412 1829 Trium
3476 1772 3658 1828 inﬁni-

367 1860 468 1916 τόν
507 1877 567 1914 τε
626 1858 723 1912 τοῦ
781 1854 944 1925 εἶναι,
994 1860 1090 1913 καὶ
1139 1858 1281 1927 πῶς,
1319 1859 1415 1913 καὶ
1449 1857 1523 1924 τί,
1566 1858 1661 1912 καὶ
1695 1860 1788 1912 ποῖ
1822 1852 1965 1911 εἶναι

2073 1877 2252 1925 torum
2293 1867 2503 1923 inﬁnita
2521 1867 2861 1937 conjunctio,
2907 1881 3030 1937 quae
3071 1866 3348 1937 quomodo
3409 1865 3498 1931 sit,
3563 1875 3660 1919 aut

369 1953 537 2022 λόγον
587 1954 829 2025 πάμπαν
886 1953 1002 2014 τοῖς
1065 1945 1217 2005 οὖσιν
1269 1949 1474 2005 ἄϐατον
1515 1950 1737 2021 ἔχουσα.
1776 1950 1968 2003 Πᾶσαν

381 2048 496 2116 γὰρ
524 2044 818 2114 διαφεύγει
849 2044 1040 2114 νόησιν
1063 2041 1174 2096 τῶν
1199 2043 1486 2106 νοούντων,
1508 2042 1607 2113 τῆς
1641 2041 1785 2096 κατὰ
1804 2040 1968 2111 φύσιν

376 2136 639 2209 οὐδαμῶς
695 2140 938 2208 κρυφίοις
993 2135 1272 2206 ἑνδότητος
1337 2133 1580 2199 ἐξιοῦσα,
1637 2136 1733 2189 καὶ
1786 2134 1970 2205 πάσης

374 2228 572 2282 πασῶν
621 2227 883 2297 γνὼσεων
913 2226 1158 2297 ἀπείρως
1209 2226 1659 2298 ὑπερεκτείνεται
1688 2224 1967 2295 γνώσεως.

1008 2420 1120 2481 Τοῦ
1162 2425 1371 2481 αὑτοῦ.

446 2523 600 2578 Μίαν
654 2523 857 2576 ειδέναι
916 2521 1024 2594 χρὴ
1047 2522 1305 2592 θεότητος
1363 2520 1528 2591 φύσιν
1572 2522 1668 2576 καὶ
1718 2521 1971 2593 δύναμινο

385 2618 559 2689 ἧγουν
600 2616 703 2671 ἕνα
756 2615 913 2680 Θεδν,
965 2616 1022 2668 ὲν
1077 2613 1276 2684 Πατρὶ,
1339 2616 1433 2668 καὶ
1485 2614 1623 2686 Υίῷ,
1687 2617 1780 2670 καὶ
1829 2616 1975 2688 ἀγίφ

378 2707 664 2778 Πνεύματι
701 2707 1097 2779 Θεωρούμενον·
1132 2702 1219 2759 οἷα
1248 2706 1313 2776 δὴ
1354 2708 1514 2777 μόνον
1544 2710 1801 2763 ’ἀναίτιον
1849 2711 1975 2764 νοῦν

378 2801 662 2865 ούσιωδῶς
695 2801 1005 2871 ὑφεστῶτα·
1038 2803 1201 2872 μόνου
1236 2804 1359 2857 κατ’
1405 2802 1597 2856 ούσίαν
1662 2803 1976 2871 ὑφεστῶτος

381 2898 627 2967 ἁνάρχου
685 2896 862 2964 Λόγου
924 2899 1248 2967 γεννήτορά·
1294 2898 1387 2948 καὶ
1413 2895 1581 2966 μόνης
1614 2895 1789 2949 αίδίου
1831 2895 1979 2967 ζωῆς

382 2987 661 3048 ούσιωδῶς
712 2985 1034 3056 ὑφεστώσης
1095 2984 1415 3056 Πνεύματος
1478 2986 1641 3054 ἁγίου
1677 2987 1885 3057 πηγήν·
1918 2989 1977 3039 ὲν

2069 1954 2202 2033 quid
2226 1961 2323 2027 εἰι,
2347 1969 2442 2015 aut
2473 1961 2651 2030 qualis
2708 1959 2801 2025 sit,
2853 1959 3006 2014 nulla
3055 1974 3287 2030 prorsus
3325 1974 3414 2014 res
3469 1968 3659 2014 creata

2070 2060 2252 2123 potest
2284 2053 2589 2123 percipere.
2623 2050 2861 2130 Omnem
2891 2054 3038 2107 enim
3074 2038 3497 2123 intelligentium
3533 2053 3659 2107 vin-

2071 2146 2148 2201 cit
2198 2145 2645 2217 intelligentiam,
2694 2153 2751 2201 et
2819 2161 2851 2201 a
2909 2146 3193 2201 recondita
3240 2154 3405 2215 atque
3466 2143 3658 2199 intima

2070 2247 2268 2293 natura
2303 2253 2402 2293 sua
2434 2253 2545 2293 non
2578 2239 2892 2309 egrediens,
2920 2252 3142 2294 omnem
3174 2239 3421 2293 omnium
3469 2236 3657 2307 cogni-

2076 2332 2290 2390 tionum
2322 2331 2575 2386 notitiam
2598 2339 2847 2402 superat.

2724 2446 3001 2515 Ejusdem.
3048 2506 3052 2509 _

2147 2536 2324 2594 Unam
2360 2554 2524 2595 nosse
2552 2546 2770 2608 oportet
2803 2537 3113 2594 Divinitatis
3160 2547 3407 2593 naturam
3444 2546 3499 2595 et
3525 2539 3660 2602 vim.

2076 2648 2276 2705 nempe
2310 2633 2481 2689 Deum
2515 2648 2710 2697 unum,
2743 2634 2834 2702 qui
2860 2633 2917 2685 in
2950 2631 3133 2697 Patre,
3158 2640 3213 2687 et
3244 2630 3404 2697 Filio,
3444 2642 3498 2688 et
3534 2632 3663 2703 Spi-

2078 2731 2188 2787 ritu
2220 2737 2414 2784 sancto
2436 2736 2738 2798 spectetur.
2774 2725 3094 2797 utpote;sola
3131 2723 3249 2780 sine
3274 2740 3438 2781 causa
3477 2740 3653 2792 mens,

2079 2838 2201 2894 qua:
2233 2837 2329 2893 per
2352 2819 2650 2876 essentiam
2677 2819 2948 2875 subsistit.
2978 2817 3053 2895 Et,
3102 2817 3267 2872 unius
3326 2832 3425 2888 per
3471 2832 3660 2873 essen-

2081 2916 2213 2971 tiam
2252 2912 2603 2970 subsistentis
2630 2911 3013 2983 principioque
3044 2911 3287 2967 carentis
3316 2910 3480 2967 Verbi
3502 2910 3667 2965 Geni-

2084 3018 2169 3064 tor
2187 3017 2308 3063 est:
2343 3005 2593 3061 etsolius
2626 3013 2712 3059 est
2773 3012 2997 3058 aeterna:
3039 3003 3165 3057 vita;
3232 3017 3328 3072 per
3367 3000 3665 3056 essentiam

386 3078 585 3149 μονάδι
632 3076 867 3148 Τριάδα,
928 3079 1025 3130 καὶ
1083 3078 1141 3131 ὲν
1170 3078 1366 3149 Τριάδι
1410 3077 1640 3148 μονάδα·
1673 3078 1773 3131 ούκ
1806 3078 1970 3150 ἄλλην

2083 3097 2438 3155 subsistentis
2486 3096 2725 3167 Spiritus
2779 3094 2954 3151 sancti
3008 3094 3154 3150 fons.
3191 3093 3248 3147 In
3283 3094 3494 3148 unitate
3544 3092 3672 3148 Tri-

385 3146 445 3226 ίν
476 3171 637 3243 ἄλλῃ.
781 3171 890 3242 γὰρ
913 3170 987 3234 ὡς
1019 3172 1081 3224 ὲν
1103 3146 1265 3242 ούσία
1292 3172 1359 3242 τῇ
1398 3146 1587 3241 μονάδι
1618 3146 1970 3239 συμὸεσηκδς

2083 3146 2434 3155 -_-_----_----
2487 3146 2723 3167 erm---
2779 3146 2954 3151 ηπ---
3294 3146 3309 3147 η
3363 3146 3395 3148 _,
3428 3146 3431 3147 ,
3474 3146 3483 3147 ,
3622 3146 3639 3148 _

2081 3192 2248 3254 nitas,
2269 3198 2325 3244 et
2343 3190 2524 3244 unitas
2541 3190 2596 3243 in
2623 3188 2912 3243 Trinitate.
2938 3186 3057 3243 Non
3085 3204 3189 3243 una
3219 3197 3394 3242 tamen
3423 3186 3476 3241 in
3501 3186 3672 3241 altera

388 3268 537 3318 ἔστιν
559 3268 591 3336 η
628 3265 826 3333 Τριὲς,
854 3264 887 3334 ἢ
910 3267 973 3318 τδ
998 3263 1238 3335 ἔμπαλιν
1266 3265 1323 3317 ὲν
1350 3263 1543 3336 Τριάδι
1569 3263 1760 3331 μονάς
1786 3264 1978 3327 ἄποιος

386 3360 519 3429 γάρ·
578 3358 688 3411 οὐδ⁹
716 3358 792 3421 ὼς
834 3358 1005 3427 ἄλλην
1060 3360 1155 3411 καὶ
1190 3357 1383 3429 ἀλλην.
1418 3358 1494 3411 Ού
1542 3357 1652 3428 γὰρ
1690 3356 1977 3428 ἑτερότητι

389 3451 612 3521 etiam);
640 3450 742 3521 τῆς
771 3450 992 3522 τριάδος
1030 3451 1063 3521 ἡ
1109 3450 1281 3522 μονὰς
1315 3450 1624 3521 διενήνοχεν
1651 3465 1667 3482 ο
1725 3448 1873 3517 ἁπλῆ
1915 3464 1976 3502 τι

388 3549 485 3601 καὶ
532 3544 633 3616 μία
698 3543 860 3613 φύσις
917 3543 1304 3613 τυγχάνουσινο
1355 3542 1468 3596 οὐδ’
1529 3544 1605 3606 ὡς
1628 3540 1799 3612 ἄλλην
1832 3540 1969 3613 παρ’

392 3637 688 3709 ἀλλην.ού
722 3636 833 3708 γὰρ
890 3636 1078 3707 ὑφέσει
1131 3638 1415 3707 δυνάμεως
1473 3637 1823 3707 διακέκριται
1877 3635 1980 3706 τῆς

396 3730 626 3801 μονάδος
659 3730 907 3800 ἡΤριὰς,
942 3728 975 3800 ἤ
1003 3730 1105 3800 τῆς
1131 3729 1364 3803 Τριάδος
1397 3729 1430 3801 ἡ
1466 3731 1657 3800 μονὰς,
1688 3729 1722 3799 ἢ
1749 3729 1824 3791 ὡς
1860 3744 1978 3780 κοι-

391 3827 482 3877 νόν
528 3840 579 3875 τι
644 3822 742 3875 καὶ
791 3821 1028 3889 γενικὸν,
1078 3822 1170 3875 καὶ
1236 3821 1453 3892 ἐπινοίᾳ
1506 3821 1645 3893 μόνῃ
1698 3817 1980 3889 θεωρητδν

393 3916 506 3969 τῶν
537 3915 632 3968 ὑπ’
667 3912 803 3967 αὐτὸ
872 3912 1115 3983 μερικῶν
1182 3912 1568 3984 παρήλλακται
1630 3912 1730 3982 τῆς
1759 3910 1980 3982 τριάδος

394 4011 428 4078 ή
493 4007 686 4079 μονὰς,
746 4004 904 4058 ούσία
956 4005 1165 4076 κυρίως
1222 4003 1607 4074 αύθύπαρκτος
1669 4001 1826 4068 οὖσα,
1882 4004 1981 4055 καὶ

389 4102 625 4171 δύναμις
648 4099 820 4161 ὅντως
856 4098 1211 4168 αύτοσθενήςο
1239 4096 1349 4150 οὐδ’
1373 4097 1450 4160 ὡς
1478 4096 1549 4150 δι’
1596 4095 1763 4166 ἄλλης
1788 4095 1982 4167 άλληνο

390 4196 456 4249 οὐ
492 4197 603 4266 γὰρ
631 4191 979 4264 μεσιτεύεται
1000 4190 1186 4263 σχέσει
1202 4189 1263 4242 τὸ
1290 4189 1489 4243 ταυτὸν
1508 4189 1687 4260 πάντη
1705 4189 1800 4241 καὶ
1820 4188 1979 4259 ἄσχε-

393 4305 509 4352 τον,
558 4287 641 4349 ὡς
694 4287 830 4357 πρὶς
888 4285 1061 4337 αττιον
1122 4282 1367 4337 αἰτιατόν
1401 4298 1418 4315 ⁸
1457 4281 1573 4335 οὐδ’
1599 4282 1674 4344 ὼς
1718 4280 1776 4348 ἐξ
1812 4281 1983 4351 ἄλλης

396 4381 591 4450 ἄλλην.
632 4378 707 4431 Ού
745 4378 855 4447 γάρ
910 4375 1054 4431 κατὰ
1115 4374 1483 4446 παραγωγὴν,
1556 4374 1590 4441 ἢ
1646 4371 1982 4443 προαγωγὴν

2078 3280 2161 3336 sic
2176 3266 2294 3343 est,
2314 3288 2374 3334 ut
2398 3278 2481 3334 vel
2512 3278 2564 3332 in
2585 3278 2795 3333 unitate
2824 3275 3084 3340 Trinitas,
3110 3287 3366 3346 tanquam
3396 3276 3452 3330 in
3477 3291 3668 3332 essen-

2080 3371 2154 3432 tia
2215 3369 2475 3425 accidens
2532 3369 2650 3424 sit:
2688 3367 2774 3422 vel
2801 3376 2993 3422 contra
3041 3366 3098 3420 in
3157 3364 3429 3420 Trinitate
3461 3366 3670 3422 unitas.

2081 3464 2178 3520 Est
2199 3464 2346 3518 enim
2370 3476 2569 3532 expers
2588 3458 2889 3531 qualitatis.
2915 3457 3105 3528 Neque
3122 3466 3183 3512 ut
3211 3458 3320 3513 alia
3347 3464 3513 3527 atque
3532 3458 3659 3522 alia,

2081 3556 2352 3627 siquidem
2396 3562 2608 3608 natura!
2637 3551 2956 3607 diversitate
2991 3566 3102 3605 non
3133 3549 3318 3605 diﬂ'ert
3345 3566 3372 3605 a
3406 3547 3673 3606 Trinitate

2082 3650 2284 3713 unitas,
2317 3662 2439 3703 cum
2465 3645 2694 3716 simplex
2717 3645 2790 3701 sit
2844 3654 3008 3714 atque
3053 3660 3159 3699 una
3208 3654 3425 3700 natura.
3483 3643 3673 3716 Neque

2084 3751 2145 3797 ut
2218 3756 2324 3794 una
2383 3739 2486 3794 sub
2560 3739 2753 3793 altera.
2812 3736 2947 3791 Nam
2998 3738 3255 3807 potentiae
3306 3735 3672 3791 submissione

2083 3830 2338 3889 distincta
2358 3845 2467 3883 non
2505 3837 2591 3883 est
2627 3828 2695 3882 ab
2724 3827 2937 3882 unitate
2984 3826 3247 3887 Trinitas,
3308 3836 3403 3879 aut
3437 3824 3672 3880 unitasa

2083 3924 2376 3987 Trinitate,
2420 3936 2544 3987 nec,
2602 3929 2663 3975 ut
2714 3934 3007 3975 commune
3053 3917 3295 3986 aliquod,
3347 3926 3443 3972 aut
3496 3932 3672 3986 genus

2084 4016 2428 4078 universum,
2461 4011 2685 4082 etquod
2759 4009 2873 4065 sola
2927 4008 3254 4081 cogitatione
3302 4008 3669 4078 comprehen-

2083 4108 2267 4173 datur,
2295 4106 2463 4161 distat
2493 4120 2522 4158 a
2551 4101 2796 4174 partibus
2832 4099 3136 4170 formisque
3189 4098 3323 4162 suis,
3357 4097 3433 4152 ita
3487 4097 3670 4153 differt

2076 4210 2116 4256 'a
2134 4196 2402 4254 Trinitate
2431 4194 2638 4257 unitas,
2674 4206 2798 4246 cum
2830 4190 2903 4245 sit
2934 4189 3174 4245 essentia
3216 4187 3437 4260 proprie
3466 4202 3563 4257 per
3586 4202 3670 4254 se,

2084 4298 2141 4344 et
2200 4285 2445 4359 potentia
2481 4298 2576 4354 per
2606 4297 2667 4339 se
2696 4298 2823 4337 vere
2860 4280 3098 4352 pollens.
3129 4278 3321 4350 Neque
3349 4289 3406 4335 ut
3433 4295 3537 4333 una
3574 4294 3675 4349 per

2088 4381 2339 4436 alteram.
2379 4376 2538 4431 Nullo
2569 4376 2717 4429 enim
2749 4373 2941 4428 habitu
2981 4372 3160 4427 medio
3185 4372 3494 4441 capulatur,
3552 4384 3674 4426 tau-

398 4477 464 4526 ἐκ
506 4471 735 4541 μονάδος
769 4468 951 4538 τριὰς,
976 4468 1279 4537 ἀγέννητος
1342 4465 1688 4537 ὑπάρχουσα,
1741 4465 1839 4516 καὶ
1887 4463 1970 4516 αύ·

2091 4487 2255 4544 quam
2287 4485 2449 4526 causa
2475 4482 2599 4523 cum
2650 4480 2714 4521 eo
2740 4466 2897 4536 cujus
2923 4476 3007 4520 est
3035 4480 3222 4529 causa,
3258 4464 3332 4530 id,
3367 4464 3512 4534 quod
3550 4479 3673 4517 om-

395 4570 723 4634 τέκφαντος,
750 4560 889 4616 ἀλλὰ
912 4559 1012 4630 τὴν
1038 4558 1212 4629 αύτὴν
1249 4558 1325 4620 ὡς
1351 4556 1570 4627 άληθῶς
1627 4555 1856 4625 μονάδα,
1888 4555 1970 4608 καί

2093 4562 2224 4617 nino
2253 4560 2396 4615 idem
2436 4565 2542 4622 est,
2571 4567 2738 4627 atque
2768 4555 2956 4610 habitu
2985 4563 3160 4611 caret.
3212 4553 3404 4624 Neque
3460 4564 3517 4609 ut
3567 4569 3674 4608 una

401 4657 607 4727 τριάδα
636 4656 733 4707 καὶ
786 4653 1115 4723 λεγομένην,
1170 4652 1264 4704 καὶ
1330 4650 1656 4717 νοουμένην,
1696 4648 1757 4700 τὸ
1785 4647 1886 4717 μὲν
1910 4645 1970 4717 τιξ

2088 4669 2159 4709 ex
2183 4654 2384 4718 altera;
2412 4667 2521 4706 non
2571 4650 2719 4705 enim
2778 4665 2876 4719 per
2924 4648 3293 4704 accessionem
3358 4646 3678 4715 praecessio-

400 4752 525 4803 κατ’
555 4747 743 4801 ούσίαν
786 4748 953 4817 λόγῳ,
1010 4744 1074 4797 τὸ
1136 4742 1193 4796 δὲ
1216 4741 1297 4813 τῷ
1355 4743 1482 4796 καθ’
1506 4740 1748 4812 ὕπαρξιν
1773 4740 1965 4812 τρόπῳ

2092 4761 2331 4817 nemque
2360 4744 2604 4800 Trinitas
2621 4752 2706 4798 est
2740 4743 2811 4797 ab
2862 4741 3097 4804 unitate,
3121 4756 3244 4794 cum
3297 4741 3369 4794 sit
3434 4739 3678 4809 ingenita

402 4844 534 4913 ὃλην
570 4842 775 4911 μονάδα
795 4841 898 4910 τὴν
925 4837 1120 4908 αὐτὴν,
1137 4837 1211 4907 μὴ
1236 4836 1652 4906 μεμερισμένην
1702 4836 1822 4899 ταῖς
1850 4834 1970 4887 ὐποι

2091 4850 2147 4896 et
2185 4855 2282 4913 per
2307 4854 2368 4894 se
2405 4835 2657 4892 exsistat.
2687 4835 2796 4891 Sed
2835 4842 2896 4889 ut
2925 4848 3047 4904 quae
3072 4832 3261 4887 eadem
3308 4846 3515 4911 revera.
3553 4829 3677 4884 uni-

400 4936 653 4992 στάσεσι·
690 4934 782 4988 καὶ
828 4931 959 5003 ὅλην
990 4929 1201 5001 Τριάδα
1224 4927 1323 4999 τήν
1362 4928 1558 5000 αὐτὴν,
1591 4928 1659 4998 τῇ
1698 4928 1889 4998 μονάδι
1913 4928 1970 4999 μ’]

2091 4943 2175 4990 tas
2204 4941 2261 4989 et
2292 4930 2535 4986 Trinitas
2569 4928 2792 4993 dicitur,
2846 4936 2903 4984 et
2943 4926 3285 4996 intelligitur.
3330 4924 3521 4981 Unitas
3561 4924 3683 4994 qui-

393 5026 890 5098 ουγκεχυμμένην,
925 5023 1014 5078 ῐνα
1068 5023 1148 5094 μὴ
1178 5020 1258 5092 τῷ
1306 5019 1564 5092 μερισμῷ
1603 5021 1665 5074 τὸ
1706 5019 1970 5075 πολύθιον

2094 5025 2220 5081 dem
2250 5022 2465 5078 ratione
2488 5020 2764 5087 essentia,
2799 5018 3041 5074 Trinitas
3099 5027 3283 5073 autem
3353 5018 3534 5083 modo,
3566 5032 3677 5087 quo

404 5128 441 5196 ἢ
482 5128 551 5195 τῇ
580 5121 840 5191 συγχύσει
868 5118 932 5172 τδ
960 5116 1123 5172 άθιον
1154 5114 1607 5184 είσκομίζωνται.

2103 5116 2342 5173 exsistit.
2372 5114 2509 5170 Tota
2538 5113 2722 5168 unitas
2761 5111 2952 5168 eadem
3005 5112 3258 5167 distincta
3302 5112 3573 5181 personis.
3610 5111 3680 5167 Et

405 5229 529 5272 tota
558 5214 798 5269 Trinitas
853 5210 1050 5266 eadem
1103 5222 1214 5264 non
1262 5198 1473 5260 unitate
1493 5202 1757 5261 confusa.
1786 5203 1867 5262 Ne
1895 5206 1980 5263 vel
2007 5208 2277 5266 divisione
2307 5206 2690 5263 introducatur
2735 5206 2965 5262 deorum
3023 5206 3337 5275 multitudo,
3370 5206 3456 5262 vel
3488 5204 3680 5260 conlu-

402 5310 565 5368 sione
591 5305 853 5360 Divinitas
900 5308 1201 5357 evertatur.

1031 5438 1143 5494 Τοῦ
1166 5435 1378 5496 αὐτοῦ.

2774 5431 3049 5501 Ejusdem.

477 5541 633 5611 Μάνη
692 5536 839 5607 ἀπλῆ
885 5532 983 5588 καὶ
1039 5529 1338 5602 μονοειδὴς,
1397 5526 1493 5581 καὶ
1547 5526 1806 5599 ἀνενδεὴς
1833 5569 1848 5596 ,
1898 5547 1970 5585 κα

2142 5596 2145 5597 ν
2172 5526 2296 5583 Sola
2329 5524 2581 5596 simplex,
2618 5533 2673 5580 et
2704 5524 3020 5589 uniformis,
3048 5533 3106 5579 et
3150 5525 3355 5579 nullius
3401 5537 3588 5593 egens,
3619 5532 3677 5581 et

404 5640 683 5706 ἄτρεπτος
709 5633 745 5703 ἠ
774 5624 1147 5701 δημιουργικὴ
1191 5622 1301 5676 τῶν
1333 5620 1472 5675 ὅλων
1501 5619 1662 5673 οὐσία
1691 5619 1792 5690 τῆς
1823 5619 1970 5689 ἁγίας

2096 5617 2457 5701 immutabilis
2489 5624 2572 5671 est
2607 5615 2860 5671 eﬂ‘ectrix
2893 5616 2988 5669 illa
3017 5630 3203 5669 rerum
3260 5614 3506 5669 omnium
3549 5629 3675 5669 san-

403 5704 668 5801 Τριάδος.
728 5725 887 5778 Πᾶσα
922 5721 978 5773 δὲ
1026 5717 1203 5780 κτίσις
1230 5712 1484 5776 σύνθετός
1537 5713 1686 5765 ἐστιν
1710 5711 1771 5777 ἐξ
1796 5712 1970 5778 οὐσίας

2101 5721 2206 5767 cta:
2236 5710 2524 5766 Trinitatis
2542 5709 2806 5764 essentia.
2839 5704 3043 5761 Omnes
3067 5712 3253 5759 autem
3284 5718 3369 5760 res
3385 5715 3680 5775 procreata

405 5793 507 5878 καὶ
552 5817 990 5897 συμϐεϐηκότος,
1029 5811 1122 5866 καὶ
1159 5806 1381 5879 ἐπιδεὴς
1414 5805 1503 5861 ἀεὶ
1536 5803 1635 5876 τῆς
1682 5803 1835 5871 Θείας
1861 5822 1968 5879 προ

2100 5803 2344 5865 essentia
2374 5807 2651 5869 constant,
2692 5806 2747 5855 et
2788 5793 3188 5861 accidentibus,
3222 5802 3277 5849 et
3315 5793 3498 5849 divina
3532 5804 3674 5849 sem-
