4130 6482
504 357 577 421 99
1651 369 1654 372 ‘
1722 347 2089 411 EUTIIYMN

2191 341 2500 409 lGABEN’l

3671 342 3786 408 100

504 482 606 539 per
627 465 874 536 indigent
917 461 1289 534 providentia,
1341 461 1542 534 quippe
1571 477 1693 534 qua:
1753 477 1866 517 non
1912 474 2041 518 sunt
2061 476 2089 526 ,ο

2203 459 2376 526 νοίας,
2444 460 2520 524 ὡς
2583 457 2684 513 οὐκ
2731 455 2995 528 ἐλευθέρα
3049 452 3282 527 τροπῆς.
3340 451 3462 525 Χρὴ
3511 448 3605 508 οῦν
3633 453 3784 524 μήτε

506 558 903 614 mutationibus
927 557 1133 613 liberae.
1164 557 1274 612 Nec
1305 555 1559 611 accidens
1579 555 1743 626 igitur
1759 555 1827 610 de
1859 555 1972 609 Deo
1987 570 2091 609 nec

508 651 828 721 qualitatem
852 659 1068 720 Oportet
1096 649 1301 704 dicere.
1336 645 1460 702 Haec
1494 647 1639 702 enim
1668 646 1721 700 in
1753 662 1842 702 res
1865 662 2090 716 compo-

509 743 646 796 sitas
677 751 731 796 et
761 741 1054 796 mutabiles
1112 739 1338 796 cadunt.
1403 738 1474 793 At
1527 737 1711 793 omnia
1765 753 1886 809 quae
1945 736 2091 793 Deus

513 835 699 902 habet,
731 836 897 890 habet
919 845 1132 900 natura,
1154 849 1258 889 nec
1290 833 1365 888 illi
1398 833 1670 888 inhaerent
1719 843 1776 888 ut
1830 833 2090 902 adjuncta

505 937 559 978 et
579 929 862 997 acquisita.
896 931 954 981 tn
990 927 1222 997 simplici
1253 937 1303 982 et
1343 927 1556 980 inﬁnita
1580 925 1866 980 Trinitatis
1891 941 2088 982 essen.

509 1020 581 1071 tia
618 1034 716 1073 nec
752 1019 989 1083 habitus,
1025 1035 1127 1074 nec
1153 1019 1490 1090 aptitudines
1517 1033 1754 1090 quaeras,
1820 1033 1890 1073 ne
1916 1019 2087 1080 illam,

513 1111 587 1163 uti
623 1126 710 1165 res
742 1120 1056 1180 procreatas
1089 1111 1448 1180 compositam
1483 1125 1604 1166 esse
1633 1109 2087 1165 comminiscaris.

1107 1223 1384 1294 Ejusdem.

581 1317 660 1373 Ex
688 1317 777 1381 iis,
811 1331 932 1387 quae
980 1326 1129 1378 sunt.
1178 1331 1368 1371 eorum
1435 1329 1655 1371 causam
1702 1324 2093 1384 auctoremque

507 1410 913 1482 cognoscimus.
943 1409 1020 1464 Ex
1052 1411 1296 1480 ipsorum
1328 1419 1509 1463 autem
1551 1408 1865 1463 differentia
1919 1407 2089 1463 disci-

514 1519 636 1557 mus
661 1504 1021 1558 exsistentem
1066 1502 1122 1555 in
1153 1515 1242 1568 eo,
1265 1501 1356 1571 qui
1388 1511 1492 1567 est,
1515 1500 1837 1570 sapientiam
1869 1497 2090 1554 Filium.

509 1596 584 1649 Ex
613 1597 848 1650 naturali
876 1610 1005 1650 vero
1028 1595 1345 1650 eorumdem
1369 1604 1521 1648 motu
1542 1595 1894 1649 exsistentem
1917 1593 1973 1646 in
2001 1607 2091 1658 eo,

507 1685 604 1756 qui
644 1693 752 1753 est,
799 1686 1000 1751 vitam,
1043 1694 1368 1755 potestatem
1424 1686 1600 1754 illam,
1638 1687 1783 1741 unde
1812 1701 1898 1741 res
1925 1686 2091 1741 vitam

511 1779 796 1843 hauriunt,
826 1792 1025 1846 nempe
1063 1777 1330 1847 Spiritum
1366 1786 1640 1845 sanctum,
1669 1778 2042 1849 intelligimus.

570 1891 822 1959 Ejusdem
852 1907 915 1945 ea:
939 1893 1372 1961 interpretatione
1402 1894 1718 1978 precationis
1741 1892 2046 1948 Dominicw.
2071 1899 2074 1904 ’

582 2006 794 2061 Nomen
838 1997 933 2061 Dei
963 2018 1018 2063 et
1053 2007 1230 2065 Patris
1286 2024 1384 2080 per
1425 2010 1721 2064 essentiam
1783 2011 2094 2066 subsistens

506 2107 594 2151 est
622 2098 941 2166 "ingenitus
964 2098 1156 2154 Filius.
1179 2099 1246 2154 Et
1276 2116 1500 2171 regnum
1538 2101 1634 2156 Dei
1665 2109 1720 2156 et
1783 2102 1961 2158 Patris
1999 2117 2094 2172 per

508 2189 806 2242 essentiam
861 2190 1170 2246 subsistens
1210 2203 1294 2248 est
1349 2190 1586 2263 Spiritus
1639 2204 1886 2250 sanctus.
1936 2193 2094 2261 Quod

500 2283 652 2336 enim
679 2283 782 2337 hoc
814 2283 934 2338 loco
954 2282 1243 2338 Mattbzeus
1275 2300 1500 2356 regnum
1521 2283 1672 2354 dicit,
1695 2286 1834 2344 alius
1854 2300 2093 2359 evange-

506 2374 630 2428 lista
648 2374 776 2429 alibi
807 2375 1072 2444 Spiritum
1104 2384 1354 2430 sanctum
1390 2377 1680 2448 appellavit
1708 2393 1724 2432 :
1770 2378 2090 2446 «Adveniat,

501 2467 782 2537 inquiens,
829 2466 1068 2537 Spiritus
1107 2477 1353 2534 sanctus,
1385 2479 1440 2525 et
1471 2486 1572 2525 nos
1592 2479 1886 2545 expurget.
1932 2489 1950 2522 ι
1988 2470 2092 2528 Ne-

498 2574 608 2627 que
630 2560 780 2614 enim
816 2559 978 2616 Pater
1000 2561 1166 2617 habet
1197 2561 1530 2631 adjectivum
1554 2577 1783 2617 nomen.
1831 2559 1942 2617 Nec
2000 2578 2090 2617 re-

501 2665 668 2719 gnum
696 2649 751 2702 in
782 2649 902 2718 ipso
941 2660 1198 2719 tanquam
1220 2650 1544 2720 dignitatem
1580 2651 1820 2721 aiiquam
1858 2651 2094 2706 attribu-

504 2748 615 2792 tam
679 2739 1009 2809 c0gitamus.
1069 2739 1362 2809 Nunquam
1425 2741 1572 2796 enim
1627 2757 1755 2796 esse
1799 2742 1987 2812 etrapit,
2034 2751 2094 2797 ut

509 2831 674 2884 etiam
713 2832 900 2896 Pater,
927 2840 1021 2886 aut
1082 2831 1195 2888 Rex
1249 2848 1368 2888 csse
1423 2844 1608 2904 posset
1667 2833 1930 2904 incipere.
1983 2833 2092 2890 Sed

496 2930 632 2976 'cum
666 2939 886 2994 semper
913 2925 1007 2991 sit,
1041 2940 1261 2995 semper
1294 2927 1457 2980 etiam
1492 2935 1578 2980 est
1619 2924 1781 2980 Pater
1840 2936 1894 2980 et
1955 2925 2089 2982 ilex.

505 3009 616 3067 Nec
655 3014 871 3068 initium
907 3016 1096 3070 habuit
1120 3016 1367 3080 omnino,
1398 3027 1454 3072 ut
1486 3017 1569 3071 vel
1621 3025 1789 3083 esset,
1817 3016 1901 3072 vel
1930 3015 2094 3072 Pater

500 3112 559 3154 et
593 3102 703 3157 Rex
739 3113 903 3160 esset.
937 3103 1093 3171 Quod
1119 3106 1162 3160 si
1200 3120 1417 3177 semper
1455 3106 1529 3160 ita
1591 3116 1698 3172 est,
1751 3117 1812 3162 ut
1872 3122 2091 3177 semper

496 3202 560 3247 et
583 3193 744 3248 Pater
783 3195 854 3248 sit
886 3205 941 3249 et
973 3193 1111 3262 Rex,
1171 3171 1390 3266 semper
1427 3200 1615 3267 utique
1667 3171 1722 3253 et
1792 3171 2010 3266 Filius,“
2037 3211 2092 3256 ct
2119 3171 2160 3230 (ἶ

494 3283 745 3352 Spiritus
773 3295 997 3341 sanctus
1029 3302 1130 3356 per
1157 3288 1456 3343 essentiam
1526 3304 1651 3344 cum
1701 3289 1862 3347 Patre
1925 3293 2089 3348 simul

493 3375 802 3444 exsistunt,
829 3391 952 3430 cum
998 3385 1055 3432 et
1098 3394 1162 3433 ex
1193 3379 1312 3450 ipso
1339 3381 1478 3446 sint,
1509 3391 1564 3437 et
1589 3381 1646 3436 in
1695 3384 1815 3454 ipso
1865 3395 2087 3441 natura-

495 3465 650 3530 aliter,
678 3477 732 3520 et
753 3483 918 3537 supra
953 3484 1170 3524 causam
1206 3481 1262 3525 et
1314 3471 1602 3539 rationem,
1637 3469 1748 3529 neu
1783 3486 1964 3530 autem
1993 3492 2090 3547 per

492 3571 726 3614 causam
763 3569 884 3629 post
916 3560 1094 3630 ipsum
1123 3561 1254 3617 sint.
1288 3562 1516 3619 Habitus
1545 3565 1713 3630 enim,
1777 3568 1870 3636 qui
1926 3568 2092 3623 habet

507 3653 652 3706 hanc
687 3653 816 3718 vim,
843 3662 901 3707 ut
935 3670 1022 3710 res
1044 3654 1206 3710 simul
1244 3656 1588 3723 ostendatur,
1645 3673 1757 3712 non
1817 3660 2088 3728 concedit,

502 3754 567 3800 ut
593 3761 678 3808 ea,
710 3761 942 3817 quorum
973 3757 1057 3802 est
1085 3748 1325 3815 habitus,
1350 3759 1540 3805 mutuo
1575 3749 2016 3808 considereutur.

1179 3861 1457 3931 Ejusdem.

579 3949 635 4004 Si
661 3949 900 4006 Verbum
943 3955 1380 4023 procreationem
1412 3971 1596 4011 rerum
1649 3957 1948 4023 antecedit,
1988 3973 2093 4015 nec

505 4041 629 4107 fuit,
660 4057 762 4096 nec
792 4053 896 4105 est,
937 4058 1039 4099 nec
1091 4053 1198 4098 erit
1226 4045 1406 4100 Verbo
1437 4047 1734 4118 quidquam
1786 4049 2086 4121 antiquius.

505 4135 574 4187 At
607 4131 845 4188 Verbum
883 4150 985 4190 nec
1013 4135 1132 4191 sine
1173 4145 1356 4192 mente
1385 4147 1488 4205 est,
1530 4155 1633 4196 nec
1694 4156 1890 4212 expers
1945 4143 2089 4209 vitm,

507 4224 603 4279 sed
627 4236 680 4278 et
719 4235 1052 4293 mentem,et
1095 4228 1263 4282 vitam
1315 4229 1499 4296 habet,
1563 4241 1804 4288 mentem
1864 4234 2086 4303 quidem

508 4323 883 4384 generautcm,
913 4326 967 4370 et
1014 4333 1112 4387 per
1135 4321 1429 4376 essentiam
1453 4324 1809 4378 exsistentem
1849 4325 2089 4392 Patrem,

507 4405 675 4458 vitam
704 4416 885 4460 autem
925 4422 1022 4477 per
1064 4411 1359 4466 essentiam
1410 4415 1762 4470 exsistentem
1823 4416 2088 4486 Spiritum

498 4507 778 4550 sanctum.

503 4631 647 4708 Item
677 4633 739 4708 de
765 4631 946 4700 Patre,
971 4645 1021 4690 et
1051 4636 1205 4703 Filio,
1258 4651 1308 4693 et
1353 4638 1558 4708 Spiritu
1591 4651 1774 4696 sancto
1830 4641 2085 4698 distincta

576 4703 928 4777 simulatque
989 4709 1141 4762 unita
1181 4703 1493 4765 Divinitatis
1522 4715 1683 4766 ratio.
1740 4712 2085 4770 Damasceni.

567 4773 715 4842 "Cap.
752 4772 806 4827 8.

602 4884 897 4942 Credimus
950 4887 1116 4961 igitur
1159 4891 1215 4947 in
1265 4908 1436 4949 unum
1500 4892 1694 4963 Deum,
1761 4897 2088 4968 principium

496 4985 699 5038 unum,
741 4973 1010 5046 principio
1039 4989 1339 5046 carentem,
1388 4981 1719 5047 increatum,
1758 4984 2083 5055 ingenitum,

498 5063 760 5118 interitus
790 5079 854 5118 ac
883 5070 1079 5124 mortis
1102 5073 1374 5138 nescium,
1407 5082 1698 5138 aeternum,
1731 5075 2082 5142 immensum,

500 5154 1066 5228 incircumscriptum,
1100 5163 1272 5219 nullis
1319 5167 1572 5222 terminis
1603 5165 1915 5234 deﬁnitum,
1960 5168 2086 5224 inli-

501 5247 633 5299 nitae
687 5249 968 5316 potentia),
1025 5251 1282 5322 simplex,
1328 5255 1778 5326 incompositum,
1831 5258 2085 5330 incorpo-

498 5354 657 5394 reum
684 5379 698 5402 ,
740 5354 769 5392 a
808 5339 994 5407 ﬂuxu,
1040 5346 1320 5412 passione,
1372 5349 1635 5419 omnique
1682 5351 1986 5407 mutatione
2030 5360 2084 5408 et

502 5431 832 5487 alteratione
876 5433 1130 5499 liberum,
1177 5437 1534 5502 invisibilem,
1583 5440 1763 5497 omnis
1820 5443 2083 5499 bonitatis

495 5535 568 5575 ac
597 5521 826 5590 iustitiae
865 5523 1096 5590 fontem,
1145 5531 1320 5586 lucem
1373 5529 1800 5588 intellectualem
1838 5543 1892 5590 et
1926 5536 2080 5592 inac—

495 5622 738 5676 cessam,
771 5615 1073 5684 potentiam
1110 5617 1257 5670 nulla
1297 5634 1556 5676 mensura
1598 5625 2076 5694 comprehensam,

495 5713 777 5769 quamque
805 5705 922 5759 sola
958 5708 1212 5763 volun-tas
1251 5725 1350 5765 sua
1387 5716 1648 5768 metiatur
1679 5714 1900 5786 (potest
1931 5719 2077 5774 enim

494 5788 765 5857 quidquid
805 5794 979 5865 vult),
1051 5814 1237 5856 rerum
1271 5806 1516 5860 omnium
1554 5808 1940 5880 conditricem,
1963 5820 2075 5867 tam

2199 552 2554 624 συμϐεϐηκὸς
2583 554 2676 606 ἐπὶ
2706 550 2844 605 Θεοῦ
2875 550 3078 619 λέγειν,
3115 549 3254 621 μήτε
3297 547 3584 617 ποιότητα.
3653 546 3777 600 Τῶν

2196 644 2586 715 συνθέτωνγὰρ
2605 643 2779 697 ταῦτα
2809 643 2896 697 xei.
2931 640 3208 713 τρεπτῶν.
3243 638 3430 694 Πάντα
3450 639 3508 693 δὲ
3534 639 3636 692 ὅσα
3665 637 3781 706 ἔχει

2193 739 2222 792 ὁ
2259 739 2413 805 Θεὸς,
2445 738 2606 808 φύσει
2662 737 2798 809 ἔχει,
2848 738 2943 790 καὶ
2987 736 3089 789 οὐκ
3145 734 3437 806 ἐπίκτητα.
3493 732 3586 802 Μὴ
3637 731 3781 796 ἕξεις

2196 832 2290 884 καλ⁵
2357 831 2804 902 ὲπιτηδειότητας
2857 829 3097 900 ζητήσῃς
3147 827 3241 881 ἐπὶ
3289 827 3391 896 τῆς
3449 825 3629 896 ἁπλῆς
3681 825 3779 878 καὶ

2193 924 2422 995 ἀπείρου
2457 925 2648 988 οὐσίας
2671 924 2770 994 τῆς
2801 923 2962 991 ἁγίας
3013 921 3265 995 Τριάδος,
3295 921 3383 974 ἵνα
3415 919 3490 991 μὴ
3524 917 3780 972 σύνθετον

2195 1018 2368 1090 αὐτὴν
2429 1019 2788 1091 δογματίσῃς,
2837 1017 3029 1085 ὥσπερ
3076 1015 3147 1069 τὰ
3199 1015 3493 1086 κτίσματα.

2791 1223 2908 1278 Τοῦ
2953 1223 3030 1277 αὐ
3039 1223 3163 1277 τοῦ.

2278 1322 2375 1374 Ἐκ
2432 1319 2542 1372 τῶν
2569 1317 2737 1371 ὄντων
2784 1316 2894 1370 τῶν
2947 1316 3119 1370 ὄντων
3169 1311 3516 1384 γινώσκομεν
3562 1314 3761 1380 αἴτιον,

2201 1408 2296 1462 καὶ
2329 1411 2393 1460 ὲκ
2448 1410 2547 1478 τῆς
2575 1406 2841 1477 διαφορᾶς
2895 1403 3008 1458 τῶν
3063 1404 3235 1459 ὄντων
3262 1405 3361 1474 τὴν
3411 1403 3784 1458 ὲνυπόστατον

2194 1499 2291 1554 τοῦ
2346 1501 2500 1563 δντος
2565 1496 2935 1568 διδασκόμεθα
3000 1497 3218 1565 σοφίαν,
3265 1496 3357 1551 τὸν
3385 1497 3540 1564 Υίὸν,
3590 1498 3686 1551 καὶ
3716 1498 3787 1551 ὲκ

2195 1594 2298 1664 τῆς
2325 1593 2432 1647 τῶν
2489 1591 2660 1645 ῦντων
2694 1591 2936 1660 φυσικῆς
2963 1591 3236 1660 κινήσεως
3284 1589 3387 1660 τὴν
3415 1590 3788 1644 ὲνυπὸστατον

2195 1684 2291 1738 τοῦ
2320 1685 2476 1747 ὄντος
2509 1683 2859 1755 μανθάνομεν
2887 1681 3056 1750 ζωὴν,
3091 1682 3190 1754 τὴν
3217 1681 3325 1737 τῶν
3347 1681 3518 1736 ὄντων
3544 1683 3788 1748 ζωοποι-

2195 1771 2253 1830 δν
2277 1775 2528 1847 δύναμιν,
2560 1776 2624 1829 τὸ
2651 1776 2876 1846 Πνεῦμα
2904 1775 2966 1829 τὸ
3004 1774 3180 1844 ἅγιον.

2193 1882 2199 1886 ’
2275 1887 2386 1944 Τοῦ
2418 1887 2605 1943 αὐτοῦ
2624 1888 2692 1943 ἐκ
2718 1886 2829 1958 τῆς
2844 1889 3164 1959 ἑρμηνείας
3191 1885 3297 1941 τοῦ
3315 1885 3504 1956 Πάτερ
3523 1885 3713 1956 ἡμῶν.

2276 2004 2498 2071 Ὄνομα
2549 2003 2644 2057 τοῦ
2673 2003 2810 2058 Θεοῦ
2849 2004 2944 2058 καὶ
2978 2002 3194 2074 Πατρὸς
3223 2001 3503 2067 οὐσιωδῶς
3531 2002 3786 2073 ὑφεστὼς

2194 2099 2347 2152 ἐστιν
2375 2097 2404 2149 ὀ
2441 2097 2740 2168 μονογενὴς
2771 2097 2920 2162 Υἱός·
2973 2098 3069 2150 καὶ
3119 2096 3371 2168 βασιλεία
3397 2096 3492 2150 τοῦ
3524 2096 3662 2160 Θεοῦ
3685 2101 3792 2154 καὶ

2189 2189 2414 2262 lla-cpe;
2481 2189 2760 2254 οῦσιωδῶς
2819 2190 2968 2242 ἐστιν
3010 2189 3304 2259 ὑφεστῶσα
3349 2189 3410 2244 τὸ
3463 2189 3690 2261 Πνεῦμα
3722 2193 3793 2246 τὸ

2195 2279 2371 2350 ἅγιον.
2410 2283 2477 2334 Ὃ
2508 2283 2619 2351 γὰρ
2677 2281 2914 2336 ἐνταῦθα
2965 2282 3244 2346 Ματθαῖός
3315 2300 3450 2353 φησι
3507 2283 3792 2354 βασιλεία,

2195 2372 2428 2444 ἀλλαχοῦ
2460 2375 2570 2428 τῶν
2629 2372 3042 2442 εὐαγγελίστῶν
3099 2375 3290 2446 ἕτερος
3319 2374 3548 2446 Πνεῦμα
3617 2378 3784 2445 ἅγιον

2195 2465 2431 2535 κέκληκε
2455 2464 2702 2534 φάσκων,
2743 2484 2763 2518 ‹
2807 2465 3042 2519 Ἐλοέτω
3065 2483 3158 2520 σου
3182 2466 3242 2520 τὸ
3275 2466 3497 2537 Πνεῦμα
3529 2467 3589 2521 τὸ
3625 2467 3795 2537 ἅγιον

2196 2558 2290 2610 καὶ
2314 2557 2672 2626 καθαρισὰτω
2703 2559 2906 2628 ἡμᾶς.»
2947 2559 3022 2611 Οὐ
3071 2559 3182 2629 γὰρ
3209 2559 3503 2631 ἐπίκτητον
3533 2562 3560 2615 ό
3589 2560 3791 2634 Πατὴρ

2195 2649 2306 2720 ἔχει
2334 2650 2396 2704 τὸ
2423 2649 2614 2721 ὄνομα,
2664 2650 2789 2705 οῦτε
2828 2651 2934 2723 μὴν
2963 2653 3038 2715 ὡς
3086 2653 3245 2717 ἀξίαν
3286 2652 3784 2726 ὲπιθεωρουμένην

2195 2739 2348 2813 αὖτῷ
2408 2739 2642 2812 νοοῦμεν
2674 2743 2772 2810 τὴν
2803 2743 3106 2812 βασιλείαν.
3141 2745 3257 2798 Οὐκ
3288 2739 3489 2816 ἦρκται
3543 2748 3651 2818 γὰρ
3685 2747 3790 2802 τοῦ

2195 2830 2358 2900 εἶναι,
2405 2833 2602 2887 ἳνακαὶ
2635 2836 2731 2888 τοῦ
2766 2831 2906 2890 εῖναι
2939 2835 3127 2906 Πατὴρ
3158 2838 3191 2910 ἢ
3223 2836 3478 2907 βασιλεὺς
3523 2838 3697 2910 ἄρξητ
3741 2857 3788 2908 ι,

2193 2925 2312 2982 ἀλλ’
2342 2929 2428 2980 ἀεὶ
2457 2927 2554 2995 ὢν,
2575 2927 2662 2981 ἀεὶ
2682 2930 2776 2982 καὶ
2803 2930 2994 3000 Πατήρ
3026 2931 3163 2994 ἐστι,
3201 2931 3294 2984 καὶ
3325 2929 3604 3002 βασιλεῦς·
3644 2932 3789 3005 μήτε

2193 3018 2289 3072 τοῦ
2318 3016 2483 3086 εἶναι,
2554 3023 2693 3092 μήτε
2747 3023 2842 3076 τοῦ
2877 3023 3065 3094 Πατὴρ
3102 3025 3196 3077 καὶ
3227 3023 3484 3093 βασιλεὺς
3520 3022 3664 3079 εἶναι
3718 3027 3783 3080 τὸ

2197 3110 2462 3180 παράπαν
2513 3113 2812 3184 ἠργμένος.
2878 3114 2942 3167 Εἰ
2969 3115 3025 3168 δὲ
3057 3116 3143 3168 ἀεὶ
3192 3113 3290 3178 ὢν,
3325 3118 3412 3170 ἀεὶ
3443 3120 3537 3170 καὶ
3589 3118 3785 3192 Πατήρ

2195 3203 2334 3266 ἐστι,
2387 3205 2482 3256 καὶ
2535 3205 2812 3275 βασιλεὺς,
2876 3207 2963 3260 ἀεὶ
3025 3208 3132 3277 ἄρα
3193 3209 3521 3277 καὶόΥίὸς,
3592 3211 3778 3266 καὶτὸ

2194 3289 2352 3360 ἅγιον
2385 3294 2610 3364 Πνεῦμα
2639 3295 2914 3360 οὐσιωδῶς
2968 3298 3045 3367 τῷ
3096 3299 3274 3368 Πατρὶ
3300 3303 3781 3372 συνυφεστήκασιν

2193 3386 2252 3453 ἐξ
2287 3385 2456 3440 αὑτοῦ
2489 3405 2548 3441 τε
2585 3389 2736 3456 ὄντα,
2768 3391 2865 3444 καὶ
2888 3391 2943 3442 ἐν
2973 3391 3125 3462 αῦτῷ
3148 3392 3396 3460 φυσικῶς
3431 3395 3571 3465 ὑπὲρ
3601 3398 3780 3450 αἰτίαν

2187 3473 2291 3534 καὶ
2312 3479 2494 3549 λόγον,
2523 3481 2642 3535 ἀλλ’
2697 3483 2757 3536 οὐ
2787 3482 2907 3554 μετ’
2965 3484 3131 3538 αὐτὸν
3190 3485 3462 3554 γενόμενα
3509 3485 3779 3541 διἀίτίαν

2194 3569 2440 3644 ὕστερον.
2459 3574 2523 3627 Ἠ
2539 3577 2646 3648 γὰρ
2659 3579 2841 3646 σχέσις
2860 3578 3064 3631 συνενδέ
3079 3577 3232 3642 (ista;
3249 3577 3513 3650 κέκτηται
3527 3577 3775 3647 δύναμιν,

2190 3664 2261 3718 τὰ
2312 3660 2388 3720 ὧν
2418 3664 2536 3720 ἐστι
2573 3685 2633 3719 τε
2685 3667 2779 3722 καὶ
2819 3669 3039 3738 λέγεται
3092 3671 3275 3742 σχέσις
3312 3669 3431 3744 μετ’
3457 3667 3665 3743 ἄλληλα
3703 3671 3780 3743 μὴ

2188 3757 2554 3832 ’συγχωροῦσα
2583 3762 2926 3834 Θεωρεῖςϐαι.

2808 3878 2920 3937 Τοῦ
2964 3877 3175 3933 αὑτοῦ.

2265 3970 2327 4024 Ei
2359 3969 2530 4036 Λόγος
2557 3970 2990 4040 προκαθηγετται
3017 3972 3116 4040 τῆς
3148 3969 3256 4024 τῶν
3281 3969 3454 4023 ὄντων
3479 3969 3776 4040 γενέσεως⁹

2185 4060 2317 4114 οὔτε
2361 4055 2449 4130 ἦν,
2497 4058 2622 4114 οὔτε
2667 4060 2848 4114 ἐστίν’·
2886 4060 3014 4113 οὔτε
3057 4061 3211 4114 ἔσται
3252 4059 3347 4114 τοῦ
3392 4061 3569 4129 Λόγου
3616 4062 3774 4132 λόγος

2192 4149 2484 4222 ἀνώτερος.
2505 4152 2676 4219 Λόγος
2701 4152 2758 4206 δέ
2789 4152 2939 4209 ἐστιν
2963 4152 3063 4206 οὐκ
3096 4154 3278 4220 ἄνους,
3304 4153 3336 4224 ἢ
3356 4153 3503 4225 ζωῆς
3519 4154 3772 4226 ἄμοιρος,

2189 4241 2305 4296 ἀλλ’
2337 4241 2542 4307 ἔννους,
2565 4245 2661 4298 καὶ
2685 4243 2818 4309 ζῶν.
2845 4242 2924 4305 ὡς
2955 4243 3230 4312 γεννῶντα
3260 4245 3386 4298 νοῦν
3415 4244 3554 4315 ἔχων
3580 4246 3778 4301 auctu)-

2191 4331 2296 4395 δῶς
2326 4331 2616 4402 ὑφεστῶτα
2649 4333 2740 4408 τὸν
2773 4333 3015 4404 Πατέρα,
3044 4334 3138 4387 καὶ
3161 4333 3310 4406 ζωὴν
3337 4336 3661 4405 ὑφεστῶσαν
3687 4335 3780 4389 οῦ-

2196 4424 2402 4490 σιωδῶς
2440 4424 2502 4478 τὸ
2535 4425 2759 4497 Πνεῦμα
2795 4425 2857 4478 τὸ
2883 4424 3063 4495 ἅγιον.

2197 4645 2329 4720 Ἔτι
2359 4645 2492 4713 περὶ
2529 4646 2762 4720 Πατρός
2790 4648 2887 4701 καὶ
2921 4647 3058 4720 ﬂor)
3088 4648 3184 4701 καὶ
3215 4649 3394 4720 -ἀγίου
3425 4649 3779 4720 Πνεύματος

2264 4715 2687 4790 διακεκριμένη
2725 4717 2846 4784 ἅμα
2880 4718 2984 4790 καὶ
3026 4715 3308 4790 ᾑνωμένὴ
3331 4715 3630 4790 θεολοτίά.
3663 4715 3778 4777 ilbi?

2266 4785 2692 4856 Δαμιισκήνοῦ.
2727 4785 2954 4856 Κεφάλ.
2993 4785 3066 4859 η’,

2262 4901 2604 4974 Πιστεύομεν
2648 4903 2938 4974 τοιγαροῦν
2967 4905 3048 4970 εἰς
3078 4907 3174 4962 ἕνα
3209 4908 3376 4971 Θεὸν,
3411 4909 3544 4980 μίαν
3571 4910 3770 4985 ἀρχὴν.

2181 4994 2464 5066 ἄναρχον,
2498 4996 2753 5050 ἄκτιστον
2779 5038 2794 5064 ,
2830 4998 3126 5070 ἀγέννητον
3147 5039 3162 5064 ,
3215 5000 3506 5074 ἀνόλεθρόν
3556 5021 3618 5058 τε
3677 5009 3780 5061 καὶ

2188 5085 2480 5149 ἀθάνατον,
2522 5085 2764 5154 αἰώνιον,
2815 5089 3066 5162 ἄπειρον,
3097 5091 3536 5163 ἀπερίγραπτον,
3570 5096 3772 5166 ἀπερι-

2186 5176 2427 5250 ὀριστον,
2450 5179 2911 5252 ἀπειροδύναμον,
2938 5182 3164 5244 ἁπλοῦν,
3193 5182 3512 5250 ἀσύνθετον,
3537 5185 3769 5255 ἀσώμαο

2183 5286 2311 5334 τον,
2348 5269 2650 5342 ἄῤῥευστον
2678 5313 2693 5340 ,
2749 5275 2979 5346 ἀπαθῆ,
3029 5275 3334 5347 ἄτρεπτον,
3383 5277 3765 5348 ἀναλλοίωτον,

2180 5366 2414 5435 ἀόρατον
2439 5404 2455 5431 ,
2493 5365 2676 5437 πηγὴν
2719 5366 3056 5437 ἀγαθότητος
3105 5367 3200 5421 καὶ
3229 5368 3617 5440 δικαιοσύνης,
3651 5371 3767 5440 φῶς

2183 5455 2390 5525 νοερὸν,
2437 5457 2736 5529 ἀπρόσιτον
2810 5457 3252 5529 δύναμινοοῦδενὶ
3281 5461 3466 5532 μέτρῳ
3497 5461 3766 5533 γνωριζο-

2186 5547 2374 5620 μένην,
2425 5549 2574 5622 μόνῳ
2621 5550 2698 5622 τῷ
2746 5551 2933 5622 οἰκείῳ
2995 5551 3297 5624 βουλήματι
3347 5555 3760 5625 μετρουμένηνο

2180 5643 2359 5697 πάντα
2387 5643 2494 5714 γὰρ
2530 5645 2630 5697 ὅσα
2664 5643 2839 5712 οὲλει,
2868 5644 3091 5698 δύναται
3121 5659 3136 5672 ·
3189 5645 3408 5700 πάντων
3444 5646 3762 5718 κτισμάτων

2179 5735 2392 5806 ὁρατῶν
2431 5753 2490 5789 τε
2549 5735 2643 5790 κα)⁸
2697 5735 2947 5806 ἀοράτων
3008 5738 3329 5808 ποιητικὴν,
3381 5739 3599 5793 πάντων
3633 5756 3758 5816 συγ-

2179 5829 2402 5897 εκτικὴν
2453 5829 2545 5882 καὶ
2600 5829 3041 5900 συντηρητικὴν,
3093 5830 3312 5884 πάντων
3364 5830 3756 5902 προνοητικὴν,
