4130 6404
370 284 466 347 101

1374 285 1748 347 PANOPLIA
1784 284 2239 350 DOGMATICA.
2271 312 2337 323 -
2365 290 2514 350 TIT.
2558 288 2637 356 ΙΙ.

3483 298 3589 367 1οὲ

372 407 589 459 πάντων
610 405 824 476 κρατοῦ
835 423 951 470 σαν,
974 405 1066 459 καὶ
1088 406 1379 476 ἄρχουσαν,
1408 410 1499 460 καὶ
1526 408 1937 477 βασιλεύουσαν,

2062 398 2374 464 visibilium,
2410 414 2572 472 quam
2596 400 2951 460 invisibilium
2970 407 3302 463 eﬂeetrtcem
3328 426 3342 477 ;
3367 418 3607 470 omnium

372 497 717 567 ἀτελευτήτῳ
763 499 859 550 καὶ
884 497 1137 567 ἀθανάτῳ
1168 496 1447 567 βασιλείᾳ,
1485 498 1652 567 μηδὲν
1699 498 1940 552 ἐναντίον

373 590 625 657 ἔχουσαν,
658 588 843 640 πάντα
876 587 1219 657 πληροῦσαν,
1250 587 1341 639 ὑπ’
1371 586 1580 650 οὐδενὸς
1610 586 1931 657 περιεχομέ·

374 696 507 750 νην·
557 680 727 747 αὐτὴν
773 679 832 731 δὲ
880 678 1078 748 μᾶλλον
1110 678 1465 747 περιέχουσαν
1505 678 1572 730 τὰ
1627 677 1935 747 σύμπαντα,

374 771 472 823 καὶ
511 770 874 838 συνέχουσαν,
923 767 1020 819 καὶ
1068 764 1405 836 προέχουσαν
1426 782 1440 796 ·
1492 762 1774 836 ἁχράντως
1816 769 1935 828 ταῖς

373 861 532 921 ὅλαις
559 859 769 920 οὐσίαις
798 856 1242 924 ἐπιϐατεύουσαν,
1273 856 1368 909 καὶ
1410 855 1628 909 πάντων
1644 857 1935 917 ἐπέκεινα,

374 952 473 1003 καὶ
509 951 693 1018 πάσης
716 949 906 1010 οὐσίας
953 948 1312 1018 ὲξῃρημένην,
1354 946 1429 1010 ὡς
1458 946 1802 1016 ὑπερούσιον,
1847 945 1940 999 καὶ

375 1041 521 1107 ὑπὲρ
552 1038 619 1090 τὰ
645 1038 823 1089 πάντα
847 1032 1033 1099 οὖσαν,
1061 1037 1343 1106 ὑπέρθεον,
1373 1035 1737 1106 ὺπεράγαθον,
1766 1036 1936 1105 ὑπερ-

376 1126 568 1196 πλήρη
595 1143 608 1157 ο
641 1127 741 1187 τὰς
784 1126 914 1187 ὅλας
967 1124 1138 1195 ἀρχὰς
1185 1125 1282 1177 καὶ
1324 1123 1504 1188 τάξεις
1550 1124 1935 1195 ἀφορίζουσαν,

373 1219 475 1270 καὶ
511 1217 692 1285 πάσης
718 1215 893 1286 ἀρχῆς
934 1216 1030 1268 καὶ
1060 1214 1265 1281 τάξεως
1316 1214 1767 1285 ὑπεριδρυμένην,
1796 1214 1935 1285 ὑπὲρ

371 1306 589 1367 οὐσίαν,
618 1306 711 1357 καὶ
738 1303 901 1375 ζωὴν,
930 1306 1021 1357 καὶ
1050 1304 1227 1372 λόγον,
1270 1305 1364 1357 καὶ
1391 1304 1597 1357 ῑννοιαν
1620 1319 1636 1334 ο
1665 1303 1934 1370 αὑτοφῶς,

374 1394 846 1463 αὐτοαγαοότητα,
885 1392 1180 1463 αὐτοζωὴν,
1228 1393 1567 1457 αὐτοουσίαν,
1598 1393 1672 1454 ὡς
1700 1391 1776 1463 μὴ
1806 1390 1936 1485 παρ’

376 1487 569 1555 ἑτέρου
597 1485 655 1538 τὸ
686 1479 824 1537 εἶναι
851 1483 1101 1553 ἔχουσαν,
1132 1484 1251 1553 ῆτοι
1281 1485 1386 1537 τῶν
1419 1485 1518 1536 ὅσα
1551 1484 1698 1536 ἐστίν
1720 1501 1732 1514 ·
1765 1479 1935 1552 αὐτὴν

370 1579 434 1629 δὲ
475 1575 654 1645 πηγὴν
680 1571 845 1628 οὖσαν
872 1574 967 1627 τοῦ
995 1570 1133 1627 εἶναι
1162 1577 1273 1638 τοῖς
1313 1571 1435 1627 οὖσι
1456 1590 1470 1604 ⁸
1515 1576 1625 1636 τοῖς
1656 1573 1808 1636 ζῶσι,
1833 1573 1935 1642 τῆς

372 1666 525 1733 ζωῆς
554 1682 568 1695 ·
617 1668 727 1727 τοῖς
758 1665 913 1732 λόγου
956 1665 1260 1736 μετέχουσι,
1292 1662 1383 1717 τοῦ
1416 1662 1596 1729 λόγου,
1638 1664 1751 1724 τοῖς
1797 1664 1934 1716 πᾶσι

2057 488 2539 554 conservatricem,
2565 490 2817 545 onmilms
2846 494 3239 562 providentem,
3272 500 3453 553 omnia
3474 517 3608 556 con-

2056 574 2315 629 tinentem
2342 590 2405 631 ac
2433 586 2727 647 regentem,
2753 590 3182 652 perpetuumque
3209 600 3273 639 ac
3302 588 3609 648 immortale

2058 681 2279 735 regnum
2334 669 2385 720 in
2434 670 2616 722 omnia
2672 671 3045 738 obtinentem;
3088 675 3229 728 nihil
3271 680 3607 735 contrarium

2057 755 2362 819 habentem,
2405 758 2588 811 omnia
2626 759 2962 828 implentem,
2995 778 3025 815 a
3056 765 3205 817 nulla
3247 780 3307 821 re
3358 781 3607 837 compre-

2058 847 2302 913 hensam,
2332 849 2439 902 imo
2477 864 2605 903 vero
2642 849 2815 919 ipsam
2864 854 3117 908 universa
3160 857 3606 925 complectentem

2054 944 2110 991 et
2130 937 2496 992 continentem
2528 954 2592 993 ac
2620 940 3040 1009 prtehabentem,
3066 945 3396 1003 substantias
3419 964 3609 1006 omnes

2056 1028 2174 1083 sine
2224 1029 2524 1097 pollutione
2572 1039 2969 1099 penetrantem,
3017 1035 3159 1090 ultra
3200 1052 3289 1093 res
3332 1056 3524 1098 omnes
3557 1053 3609 1098 et

2052 1119 2321 1174 essentias
2484 1118 2647 1191 longe
2748 1127 3156 1192 provectiorem,
3185 1136 3244 1182 ut
3269 1146 3389 1199 quae
3416 1147 3608 1201 super-

2052 1206 2430 1263 substantialis
2466 1217 2571 1273 est,
2624 1212 2982 1282 omnibusque
3027 1216 3246 1273 entibns
3281 1221 3605 1288 sublimior;

2053 1295 2360 1363 divinitate,
2386 1298 2651 1363 bonitate,
2677 1302 3018 1369 plenitudine
3045 1308 3415 1375 superiorem;
3454 1313 3604 1379 prin-

2053 1386 2268 1456 cipatus
2305 1402 2495 1443 omnes
2561 1400 2723 1459 atque
2772 1392 2993 1448 ordines
3059 1402 3407 1465 statuentem,
3443 1417 3606 1471 super

2051 1490 2263 1530 omnem
2312 1477 2674 1547 principatum
2728 1490 2889 1549 atque
2924 1481 3170 1536 ordinem
3206 1488 3478 1555 positum;
3517 1506 3607 1544 εε-

2049 1565 2244 1630 tientia,
2276 1568 2405 1627 vita.
2431 1582 2701 1633 sermone,
2722 1576 2776 1623 et
2800 1570 3036 1639 cogitatu
3061 1572 3308 1627 altiorem
3333 1592 3487 1646 ;qu;e
3516 1580 3607 1635 lux

2049 1656 2166 1725 ipsa
2198 1665 2304 1722 est,
2334 1658 2548 1713 bonitas
2568 1660 2706 1730 ipsa,
2752 1661 2979 1730 ipsamet
2999 1663 3128 1726 vita,
3159 1666 3389 1735 ipsamet
3414 1686 3608 1727 essen-

380 1756 601 1806 πάντων
643 1754 862 1821 ἀγαθῶν
903 1756 1081 1809 αἰτίαν
1107 1771 1119 1784 ’
1153 1756 1327 1810 πάντα
1375 1756 1578 1810 εἰδυῖαν
1623 1756 1752 1825 πρὶν
1782 1755 1934 1825 γενέ-

2045 1756 2115 1809 tia
2140 1771 2156 1820 ;
2190 1762 2377 1825 utpote
2408 1770 2532 1826 qum
2568 1771 2667 1811 nec
2693 1771 2814 1812 esse
2841 1772 3022 1823 suum,
3054 1771 3154 1811 nec
3181 1759 3475 1827 quidquam
3505 1775 3573 1815 eo
3602 1790 3605 1793 »

380 1860 523 1907 σεως
570 1844 781 1896 αὐτῶν·
817 1845 948 1913 μίαν
983 1846 1192 1908 οὐσίαν,
1232 1846 1361 1914 μίαν
1395 1846 1642 1917 θεότητα,
1688 1847 1817 1916 μίαν
1847 1846 1940 1899 δύ-

375 1952 566 2002 ναμιν.
599 1934 725 2002 μίαν
765 1934 1001 2003 ϐέλησιν,
1052 1934 1181 2004 μίαν
1223 1934 1525 2005 ἐνέργειαν,
1572 1935 1700 2006 μίαν
1740 1935 1937 2007 ἀρχὴν,

378 2025 509 2092 μίαν
539 2024 805 2090 ἐξουσίαν,
849 2024 980 2094 μίαν
1017 2027 1312 2096 κυριότητα
1337 2065 1352 2090 ,
1388 2027 1516 2095 μίαν
1554 2027 1851 2097 βασιλείαν,
1881 2029 1940 2078 ἐν

374 2115 522 2184 τρισὶ
545 2115 776 2175 τελείαις
802 2114 1126 2168 ὑποστάσεσι
1153 2114 1553 2186 γνωριζομένην
1572 2133 1630 2169 τε
1655 2117 1748 2170 καὶ
1777 2134 1942 2188 προσ-

375 2224 536 2257 κυνου
547 2207 714 2274 μένην
743 2208 838 2276 μιᾷ
884 2208 1282 2277 προσκυνήσει,
1328 2207 1723 2277 πιστευομένην
1755 2223 1814 2259 τε
1846 2206 1941 2259 καὶ

372 2294 779 2363 λατρευομένην
808 2293 911 2347 ὑπὸ
946 2295 1125 2363 πάσης
1162 2294 1387 2364 λογικῆς
1416 2294 1664 2359 κτίσεως,
1697 2295 1936 2365 ἀσυγχύ-

375 2400 481 2443 τως
537 2383 851 2452 ἡνωμέναις
896 2385 991 2437 καὶ
1037 2383 1369 2449 ἀδιαστάτως
1423 2386 1830 2457 διαιρουμέναις
1857 2401 1871 2415 °
1909 2386 1937 2439 6

376 2474 468 2524 καὶ
522 2471 847 2541 παράδοξον.
897 2474 991 2535 Εἰς
1040 2473 1258 2545 Πατέρα
1321 2475 1416 2529 καὶ
1463 2476 1591 2529 Υἰδν
1644 2477 1738 2529 καὶ
1782 2477 1938 2545 ἅγιον

376 2560 626 2628 Πνεῦμα,
669 2563 748 2625 εἰς
786 2563 823 2615 ἂ.
870 2563 964 2615 καὶ
1005 2562 1439 2635 βεδαπτίσμεθα.
1629 2566 1784 2621 Οὕτω
1835 2569 1941 2639 γὰρ

374 2654 399 2703 6
449 2652 652 2719 Κύριος
703 2654 816 2716 τοῖς
876 2653 1193 2720 ἀποστόλοις
1246 2656 1528 2727 βαπτίζειν
1586 2656 1895 2714 ἐνετείλατο
1920 2677 1935 2692 ο

379 2741 767 2806 [λακτίζοντες
815 2743 1054 2806 αὐτοὺς,
1108 2745 1354 2813 φάσκων,
1393 2747 1479 2811 εἰς
1520 2746 1586 2799 τὸ
1624 2746 1810 2817 ὄνομα
1832 2748 1939 2804 τοῦ

378 2831 640 2911 Πατρός,
689 2831 787 2885 καί
841 2832 948 2888 τοῦ
1003 2833 1170 2901 Υἰοῦ,
1222 2836 1322 2891 καὶ
1368 2836 1477 2891 τοῦ
1528 2837 1700 2906 ἁγίου
1751 2832 1939 2893 Πνεύ-

366 2935 580 2983 ματος.

380 3017 513 3060 trem
542 3015 596 3061 et
638 3007 831 3062 Filium
878 3017 931 3064 et
977 3007 1239 3079 Spiritum
1278 3021 1548 3077 sanctum,
1612 3013 1665 3066 in
1723 3028 1953 3083 quorum
1991 3016 2157 3071 etiam
2190 3017 2408 3071 nomine
2437 3017 2696 3087 baptizati
2728 3034 2938 3073 sumus.

2044 1858 2164 1897 rum
2186 1859 2307 1914 qua:
2340 1852 2445 1908 est,
2489 1845 2561 1899 ab
2612 1844 2724 1898 alio
2757 1844 2985 1910 habeat;
3016 1859 3204 1899 verum
3240 1844 3356 1913 ipsa
3387 1845 3456 1898 iis
3482 1860 3606 1914 quae

2044 1942 2193 1997 sunt.
2223 1935 2516 2001 essentia;
2549 1934 2661 1989 illis
2682 1948 2804 2003 qum
2824 1935 3035 1997 vivunt,
3070 1934 3229 1997 vitae;
3261 1942 3315 1988 et
3349 1934 3459 1988 illis
3483 1947 3608 2004 qua

2042 2027 2257 2082 ratione
2300 2026 2569 2091 utuntur,
2601 2027 2831 2082 rationis
2867 2025 2991 2081 fons
3029 2026 3255 2081 exsistat
3290 2043 3305 2078 :
3338 2027 3604 2081 bonorum

2043 2118 2284 2173 omnium
2314 2117 2531 2172 cunctis
2560 2124 2860 2187 parentem,
2885 2119 3181 2172 intuentem
3212 2117 3393 2171 omnia
3421 2117 3605 2186 prius-

2033 2221 2196 2275 quam
2226 2205 2390 2273 ﬁant;
2432 2221 2594 2261 unam
2624 2206 3008 2269 substantiam,
3051 2220 3213 2260 unam
3242 2205 3601 2267 divinitatem,

2032 2310 2193 2349 uuam
2237 2295 2511 2359 virtutem,
2545 2310 2705 2351 unam
2755 2297 3103 2360 voluntatem,
3138 2309 3303 2350 unam
3344 2295 3607 2367 operatio-

2044 2400 2191 2453 nem,
2222 2400 2391 2439 uuum
2428 2385 2815 2455 principatum,
2852 2398 3012 2438 unam
3048 2392 3393 2454 potestatem,
3439 2399 3607 2439 unam

2044 2478 2490 2542 dominationem,
2527 2492 2695 2531 unum
2738 2490 3002 2547 regnum;
3034 2484 3094 2528 ut
3126 2476 3389 2537 tamen_in
3426 2476 3605 2529 tribus

2045 2568 2299 2637 perlectis
2329 2568 2575 2637 personis
2600 2577 2876 2633 noscatur,
2911 2575 2966 2622 et
3019 2567 3337 2621 adoratione
3371 2582 3478 2621 una
3507 2568 3617 2620 ail—.

2045 2668 2255 2724 oretur,
2282 2658 2665 2727 credaturque,
2712 2665 2763 2712 et
2792 2659 3003 2711 colatur
3040 2657 3109 2711 ab
3152 2657 3299 2711 omni
3351 2656 3604 2709 rationali

2041 2756 2332 2812 creatura;
2404 2748 2607 2818 quippe
2636 2748 2781 2817 quod
2812 2748 2915 2802 illa:
2942 2751 3081 2802 citra
3109 2747 3522 2817 permistioncm
3552 2755 3607 2799 et

2040 2838 2415 2893 confusionem
2461 2839 2629 2892 unita;
2676 2839 2809 2903 sint,
2866 2846 2921 2894 et
2962 2839 3082 2893 sine
3126 2837 3383 2893 distantia
3424 2836 3619 2905 (quod,

2042 2928 2425 2999 cogitationem
2471 2943 2686 2983 omnem
2745 2930 3016 2999 supcrat)
3064 2928 3317 2983 discreta:
3356 2947 3370 2983 :
3413 2928 3466 2981 in
3504 2926 3607 2979 Pas

3051 3016 3141 3073 Sic
3166 3019 3308 3072 enim
3349 3018 3613 3072 Dominus

376 3100 641 3166 apostolis
688 3100 963 3169 baptizare
1000 3100 1167 3171 jussit
1214 3119 1227 3156 :
1257 3102 1597 3170 Baptizantes
1652 3119 1761 3168 eos,
1821 3103 2017 3173 inquit,
2046 3106 2100 3159 in
2134 3108 2340 3161 nomine
2378 3105 2559 3161 Patris
2593 3117 2641 3160 et
2675 3106 2806 3161 Filii
2822 3118 2885 3161 et
2916 3107 3146 3173 Spiritus
3180 3110 3349 3161 sancti
3404 3109 3446 3161 ί.

447 3188 541 3250 Εἰς
579 3189 674 3241 ἕνα
711 3190 948 3261 Πατέρα,
989 3192 1087 3262 τὴν
1116 3193 1335 3246 πάντων
1382 3194 1556 3264 ἀρχὴν
1588 3195 1680 3248 καὶ
1708 3196 1886 3248 αἰτίαν
1914 3210 1928 3223 ·

2104 3197 2244 3264 Quid
2292 3200 2355 3252 de
2399 3198 2560 3253 Patre
2603 3197 2931 3253 tradendum.
2969 3198 3109 3264 Quid
3154 3199 3217 3252 de
3263 3198 3519 3252 Filio.—
3547 3202 3604 3256 In

374 3279 476 3331 οὐκ
508 3279 568 3331 ἐκ
605 3297 748 3343 τινος
774 3282 1104 3350 γεννηθέντα
1129 3299 1142 3312 ·
1179 3283 1415 3337 ἀναίτιον
1443 3284 1498 3336 δὲ
1530 3285 1623 3337 καὶ
1650 3286 1945 3356 ἀγέννητον

377 3372 542 3443 μόνον
589 3374 900 3442 ὑπάρχοντα
932 3391 945 3405 ·
991 3376 1210 3429 πάντων
1262 3376 1363 3445 μὲν
1412 3378 1682 3448 ποιητήν
1733 3378 1853 3441 ὲνὸς
1886 3376 1943 3431 δὲ

377 3466 539 3534 μόνον
596 3464 812 3534 Πατέρα
845 3464 1003 3531 φύσει
1049 3451 1141 3519 τοῦ
1196 3467 1519 3536 μονογενοῦς
1566 3467 1698 3521 Υίοῦ
1750 3468 1939 3534 αὐτοῦ,

375 3554 582 3623 Κυρίου
628 3554 720 3617 δὲ,
758 3555 849 3607 καὶ
879 3555 1054 3621 Θεοῦ,
1102 3556 1198 3613 καὶ
1247 3558 1497 3628 Σωτῆρος
1544 3560 1700 3628 ἡμῶν
1763 3561 1935 3629 Ἰησοῦ

373 3643 632 3714 Χριστοῦ,
672 3644 765 3696 καὶ
802 3645 1071 3715 προόολέα
1184 3643 1279 3698 τοῦ
1390 3646 1655 3715 παναγίου
1685 3647 1938 3717 Πνεῦμα-

371 3753 484 3800 τος.
516 3738 624 3790 Καὶ
655 3740 736 3801 εἰς
776 3739 877 3801 ἕνα
904 3738 1029 3790 Υἱὸν
1071 3737 1165 3790 τοῦ
1199 3736 1355 3803 Θεοῦ,
1386 3736 1477 3788 τὸν
1517 3738 1812 3807 μονογενῆ,
1847 3738 1939 3791 τὸν

373 3827 577 3898 Κύριον
607 3830 761 3899 ἡμῶν
804 3828 1009 3899 Ἰησοῦν
1042 3828 1274 3897 Χριστόν
1299 3843 1311 3856 ·
1363 3826 1452 3878 τὸν
1495 3827 1558 3878 ἐκ
1602 3824 1692 3879 τοῦ
1724 3826 1939 3897 Πατρδς

369 3918 701 3989 γεννηθέντα
728 3919 831 3990 πρὸ
856 3920 1069 3972 πάντων
1102 3918 1209 3970 τῶν
1236 3916 1446 3971 αἰώνων
1463 3932 1476 3945 ο
1506 3915 1620 3984 φῶς
1649 3917 1712 3969 ἐκ
1739 3916 1936 3983 φωτὸς,

370 4009 506 4063 Θεὸν
549 4010 799 4081 ἀληθινὸν
839 4010 1077 4081 ὲκΥΘεοῦ
1122 4008 1412 4078 ἀληθινοῦο
1470 4006 1825 4075 γεννηθέντα,
1876 4008 1936 4063 οὐ

370 4099 692 4171 ποιηθέντα,
717 4082 995 4172 όμοούσιον
1087 4094 1166 4170 τῷ
1259 4094 1454 4168 Πατρἱ
1479 4097 1545 4149 δι’
1575 4090 1634 4150 οῦ
1662 4097 1730 4149 τὰ
1759 4097 1937 4152 πάντα

369 4195 589 4262 ἐγένετο
620 4208 632 4220 ·
673 4191 732 4243 ὃν
802 4191 907 4261 πρὸ
938 4191 1150 4243 πάντων
1187 4189 1395 4242 αἰώνων
1424 4188 1690 4254 λέγοντες,
1716 4188 1898 4241 δείκνυ
1918 4217 1933 4228 ο

372 4299 474 4349 μεν
499 4282 581 4334 ὅτι
630 4280 857 4349 ἄχρονος
902 4280 993 4332 κατ.
1036 4280 1269 4348 ἄναρχος
1297 4276 1459 4330 αὑτοῦ
1493 4278 1525 4348 ἡ
1557 4276 1804 4346 γέννησις
1826 4296 1842 4313 σ
1875 4267 1936 4329 οῦ

370 4372 482 4441 γὰρ
518 4371 581 4424 ὲκ
625 4370 720 4423 τοῦ
752 4370 827 4441 μὴ
863 4369 1014 4435 ὄντος
1049 4372 1127 4432 εἰς
1165 4370 1227 4422 τὸ
1272 4366 1411 4422 εἶναι
1460 4370 1714 4441 παρήχθη
1747 4370 1776 4423 ὁ
1809 4370 1939 4434 Υἱὸς

368 4462 465 4514 τοῦ
494 4462 654 4524 Θεοῦ,
679 4461 738 4514 τὸ
768 4461 1107 4530 ἀπαύγασμα
1140 4462 1237 4530 τῆς
1268 4460 1446 4529 δόξης,
1475 4461 1503 4514 6
1524 4459 1808 4531 χαρακτὴρ
1841 4461 1938 4531 τῆς

368 4553 467 4605 τοῦ
498 4553 713 4622 Πατρδς
742 4550 1112 4614 ὑποστάσεως,
1221 4550 1368 4614 ζῶσα
1404 4550 1587 4617 σοφία,
1641 4550 1734 4603 καὶ
1774 4547 1939 4604 δύνα-

374 4661 492 4714 μις,
534 4645 560 4696 ὀ
586 4644 757 4710 Λόγος
787 4641 814 4693 ό
840 4644 1221 4707 ὲνυπόστατος,
1259 4643 1291 4713 ἡ
1315 4640 1581 4710 οὐσιώδης
1605 4639 1699 4693 καὶ
1733 4640 1938 4705 τελεία,

372 4738 469 4789 καὶ
504 4734 655 4799 ζῶσα
682 4735 845 4789 εἰκὼν
868 4732 963 4787 τοῦ
997 4733 1230 4804 ἀοράτου
1265 4730 1401 4786 Θεοῦ
1426 4749 1441 4766 ο
1518 4728 1636 4785 ἀλλ’
1722 4731 1808 4786 ἀεὶ
1872 4720 1939 4796 ἦν

375 4828 476 4880 σὺν
519 4826 592 4897 τῷ
628 4827 798 4898 Ila-cpi.
822 4866 836 4889 ,
870 4825 963 4889 καὶ
1017 4825 1074 4877 ὲν
1106 4824 1286 4893 αὐτῷ,
1327 4822 1512 4884 ἀϊδίως
1556 4821 1651 4874 καὶ
1692 4821 1943 4891 ἀνάρχως

374 4920 436 4984 ἐξ
471 4917 637 4971 αὑτοῦ
671 4917 1091 4988 γεγεννημένος.
1141 4915 1214 4969 Οὐ
1256 4915 1364 4985 γὰρ
1395 4911 1463 4986 ἦν
1511 4929 1641 4967 ποτε
1668 4912 1697 4965 6
1728 4910 1940 4983 Πατὴρ,

374 5012 465 5064 ὅτε
504 5011 604 5063 οὐκ
646 5007 711 5080 ἦν
744 5012 771 5064 6
811 5011 940 5074 Υἱός
963 5027 977 5040 ·
1020 5007 1138 5063 ἀλλ’
1180 5006 1295 5077 ἅμα
1330 5006 1540 5079 Πατὴρ,
1572 5005 1689 5073 ἃμα
1724 5003 1874 5070 Υἱὸς,
1908 5001 1943 5055 ό

376 5101 438 5166 ἐξ
467 5100 633 5155 αὑτοῦ
664 5101 1058 5171 γεγεννημένος
1084 5115 1098 5129 ’
1146 5097 1337 5169 Πατὴρ
1362 5097 1470 5167 γὰρ
1504 5097 1661 5157 ἐκτὸς
1687 5093 1818 5147 Υἰοῦ
1845 5094 1944 5148 οὐκ

377 5195 444 5247 ἂν
476 5192 724 5263 κληθείη.
757 5193 819 5246 Εἰ
848 5192 904 5245 δὲ
930 5186 999 5261 ἦν
1027 5190 1101 5262 μὴ
1137 5188 1275 5259 ἔχων
1308 5186 1455 5252 Υίὸν,
1489 5187 1588 5238 οὐκ
1615 5181 1682 5257 ἦν
1711 5180 1904 5255 Πατήρ
1925 5198 1940 5213 ’

377 5288 475 5340 καὶ
511 5287 560 5338 εί
587 5286 725 5355 μετὰ
754 5285 926 5338 ταῦτα
956 5284 1115 5354 ἔσχεν
1156 5282 1306 5349 Υἰὸν,
1341 5278 1478 5350 μετὰ
1514 5277 1686 5331 ταῦτα
1728 5276 1945 5345 ἐγένετο

380 5380 594 5449 Πατὴρ,
627 5379 700 5447 μὴ
744 5377 818 5431 ὣν
857 5377 965 5447 πρὸ
1004 5375 1193 5428 τούτου
1226 5373 1453 5443 Πατὴρ,
1498 5371 1593 5424 καὶ
1639 5368 1850 5440 ἐτράπη
1881 5368 1945 5419 ἐκ

378 5470 475 5525 τοῦ
507 5470 581 5541 μὴ
626 5464 764 5523 εἶναι
802 5468 995 5538 Πατὴρ
1031 5468 1112 5529 εἰς
1153 5466 1213 5519 τὸ
1243 5462 1495 5533 γενέσθαι
1530 5460 1721 5529 Πατήρ
1747 5474 1761 5489 ·
1808 5458 1946 5524 ὅπερ

380 5563 561 5629 πάσης
616 5557 970 5629 βλασφημίας
1029 5556 1145 5610 ἐστὶ
1198 5551 1598 5625 χαλεπώτερον.
1662 5546 1946 5600 ’Δδύνατον

372 5653 477 5722 γὰρ
523 5651 615 5703 τὸν
661 5650 797 5703 Θεὸν
840 5649 1039 5713 εἰπεῖν,
1086 5645 1292 5715 ἔρημον
1344 5642 1445 5712 τῆς
1502 5639 1739 5710 φυσικῆς
1798 5654 1944 5705 γονι-

1972 4465 2015 4522 D
2045 4461 2242 4519 ductus
2268 4470 2390 4523 est;

2043 3300 2212 3340 unum
2270 3286 2483 3343 Patrem
2519 3287 2873 3360 (credimus)
2922 3288 3251 3359 principium
3281 3291 3522 3344 omnium
3555 3301 3607 3345 et

2039 3391 2292 3442 causam,
2328 3394 2397 3433 ex
2429 3379 2579 3434 nullo
2626 3381 2888 3449 genitum,
2915 3378 3006 3448 qui
3050 3380 3201 3435 solus
3241 3394 3418 3433 causae
3440 3388 3492 3435 et
3517 3396 3609 3449 ge-

2037 3468 2341 3523 nerationis
2396 3485 2590 3538 expers
2641 3479 2725 3525 est
2768 3470 3057 3525 :omnium
3092 3470 3312 3539 quidem
3358 3471 3605 3525 condito-

2036 3573 2197 3623 rem;
2260 3568 2516 3612 cmtcrum
2576 3560 2741 3619 unius
2801 3558 3064 3613 duntaxat
3133 3568 3326 3612 natura
3391 3557 3606 3614 Patrem

2035 3648 2296 3717 unigeniti
2325 3648 2447 3703 Filii
2474 3649 2557 3704 sui
2594 3648 2803 3704 Domini
2828 3650 3005 3703 nostri
3032 3648 3159 3705 Jesu
3206 3648 3430 3713 Christi.
3483 3665 3612 3705 san-

2035 3740 2375 3810 ctissimique
2396 3740 2635 3811 Spiritus
2666 3742 3072 3811 productorem.
3157 3741 3222 3795 Et
3243 3741 3296 3794 in
3329 3756 3496 3794 unum
3518 3740 3611 3794 Fl-

2037 3829 2166 3883 lium
2196 3829 2288 3885 Dei
2332 3831 2670 3899 unigenitum
2710 3830 2997 3885 Dominum
3040 3839 3311 3895 nostrum,
3352 3845 3419 3885 ex
3450 3830 3617 3886 Patre

2045 3928 2230 3973 natum
2263 3929 2388 3976 ante
2415 3921 2596 3976 omnia
2625 3920 2819 3976 saecula
2846 3939 2861 3989 ;
2893 3921 3074 3974 lumen
3098 3921 3165 3977 de
3188 3920 3413 3985 lumine,
3440 3920 3615 3977 Deum

2043 4023 2230 4063 verum
2267 4009 2332 4062 de
2368 4009 2481 4064 Deo
2528 4024 2695 4078 vero;
2726 4011 2993 4081 genitum,
3049 4024 3158 4065 non
3206 4008 3431 4076 factum,
3475 4026 3610 4066 con-

2042 4098 2460 4153 substantialem
2506 4098 2677 4167 Patri,
2729 4115 2825 4171 per
2874 4116 3036 4170 quem
3071 4100 3251 4155 omnia
3284 4098 3427 4155 facta
3456 4110 3613 4156 sunt.

2042 4186 2211 4253 Quem
2247 4204 2370 4243 cum
2410 4198 2535 4245 ante
2560 4191 2742 4246 omnia
2795 4191 2995 4247 secula
3024 4191 3282 4256 dicimus,
3316 4190 3489 4261 ipsius
3517 4208 3612 4263 ge.

2050 4281 2409 4346 iterationem,
2439 4295 2538 4335 nec
2572 4289 2802 4343 tempus,
2835 4294 2936 4333 nec
2973 4279 3188 4333 initium
3237 4279 3348 4347 pati
3374 4277 3625 4335 ostendi-

2050 4386 2195 4425 mus.
2231 4369 2350 4427 Non
2377 4370 2521 4426 enim
2554 4370 2647 4424 Dei
2679 4368 2849 4425 Filius
2874 4384 2940 4424 ex
2970 4367 3146 4423 nihilo
3180 4369 3234 4421 in
3269 4376 3451 4422 ortum
3486 4382 3617 4437 pro-

2470 4461 2583 4526 illc,
2610 4460 2852 4530 inquam,
2872 4459 3058 4529 gloriae
3078 4458 3357 4531 splendor,
3382 4468 3623 4528 paterna:

2046 4553 2217 4622 ﬁgura
2244 4550 2561 4606 substantiae
2602 4553 2652 4614 ',
2677 4550 2798 4603 viva
2816 4548 3104 4618 sapientia,
3130 4554 3185 4603 et
3206 4547 3382 4602 virtus
3415 4545 3460 4610 ³.
3483 4548 3618 4601 sub-

2048 4644 2253 4699 sistens
2289 4640 2548 4701 Verbum,
2578 4640 2961 4695 substantialis
2986 4639 3123 4708 ipsa,
3158 4636 3420 4706 perfecta,
3453 4646 3618 4707 atque

2043 4733 2233 4787 vivens
2264 4731 2442 4800 imago
2478 4730 2568 4783 Dei
2602 4727 2625 4760 ⁵
2662 4727 2973 4789 invisibilis,
3004 4727 3100 4781 sed
3128 4741 3342 4797 semper
3362 4740 3483 4779 cum
3512 4726 3615 4779 l’a-

2043 4831 2145 4887 tre,
2161 4831 2214 4878 et
2239 4823 2291 4875 in
2314 4821 2474 4877 Patre
2498 4827 2636 4885 erat,
2664 4819 2995 4888 sempiterne
3017 4826 3066 4873 et
3093 4818 3301 4888 absque
3325 4817 3437 4872 ullo
3460 4817 3613 4873 initic

2043 4931 2111 4970 ex
2150 4915 2269 4983 ipso
2318 4912 2553 4983 genitus.
2603 4909 2787 4982 Neque
2824 4908 2969 4965 enim
3016 4909 3176 4965 Pater
3204 4924 3443 4979 unquam
3490 4908 3627 4974 fuit,

2042 5006 2262 5076 quando
2286 5005 2457 5060 Filius
2489 5020 2594 5059 non
2617 5010 2762 5058 esset
2793 5021 2805 5057 :
2836 5017 3023 5056 verum
3049 5002 3212 5058 simul
3245 5002 3423 5067 Pater,
3452 5001 3622 5057 simul

2043 5096 2237 5158 Filius.
2271 5097 2363 5167 qui
2408 5112 2472 5151 ex
2516 5096 2632 5164 ipso
2671 5094 2887 5163 genitus
2913 5100 3020 5147 est.
3074 5092 3256 5161 Neque
3281 5094 3426 5146 enim
3456 5092 3622 5146 Pater

2045 5188 2227 5244 vocari
2260 5187 2450 5256 possit,
2473 5185 2567 5254 qui
2596 5183 2731 5238 Filio
2754 5193 2957 5238 careat.
2981 5180 3117 5237 Nam
3141 5184 3187 5237 si
3207 5181 3347 5236 Filio
3365 5184 3621 5251 aliquan-

2046 5279 2115 5334 do
2153 5278 2348 5342 caruit,
2391 5276 2550 5331 Pater
2578 5284 2728 5331 certe
2771 5291 2878 5329 non
2908 5284 3043 5330 erat.
3143 5273 3204 5328 Et
3233 5276 3277 5329 si
3311 5281 3496 5344 postea
3524 5273 3618 5326 Fi-

2046 5369 2173 5425 limn
2194 5368 2603 5438 liabuit;postea
2626 5379 2843 5436 quoque
2861 5365 3036 5420 factus
3052 5371 3135 5418 est
3152 5361 3329 5425 Pater,
3346 5377 3467 5416 cum
3490 5368 3621 5412 ante

2047 5460 2207 5515 Pater
2250 5473 2358 5513 non
2393 5464 2557 5521 esset,
2660 5459 2833 5523 atque
2956 5469 3019 5508 ex
3056 5467 3121 5507 eo
3147 5453 3287 5522 quod
3320 5449 3473 5503 Pater
3505 5460 3616 5501 non

2041 5561 2177 5617 erat,
2208 5556 2445 5602 imitatus
2469 5556 2569 5610 est.
2611 5560 2782 5615 eoque
2804 5558 3120 5616 progressus
3147 5551 3204 5596 ut
3232 5542 3388 5594 Pater
3424 5545 3570 5592 esset
3593 5554 3613 5591 τ

2044 5642 2094 5695 id
2123 5640 2266 5711 quod
2303 5639 2451 5693 omni
2505 5636 2840 5707 blasphemia
2920 5634 3138 5704 gravius
3174 5630 3328 5685 foret.
3442 5626 3617 5707 Nefas

458 5752 475 5781 '
506 5752 689 5807 Matth.
730 5764 856 5816 XXV,
894 5748 979 5803 19.
1052 5750 1072 5779 ⁹
1103 5748 1269 5805 llebr.
1306 5762 1346 5812 ι,
1380 5747 1432 5800 5.
1508 5746 1527 5777 ³
1559 5744 1573 5796 l
1602 5740 1729 5796 Cor.
1760 5757 1797 5805 ι,
1829 5740 1918 5792 2i.

2051 5738 2261 5791 (Iole-.5.
2294 5752 2329 5800 ι,
2370 5739 2451 5791 l5.
