4130 6404
539 276 640 338 103

1752 277 2136 340 EUTHYMII
2176 278 2540 341 ZIGABENI

3663 290 3766 349 104

518 390 663 446 enim
683 395 768 444 est
790 384 993 451 dicere,
1013 383 1180 439 Deum
1203 378 1533 436 fecunditate
1554 379 1793 434 naturali
1820 380 2090 435 caruisse.

2214 390 2455 459 ιότητος.
2499 388 2564 441 Ἠ
2614 387 2673 441 δὲ
2710 387 3022 457 γονιμότης,
3054 385 3117 438 τὸ
3162 384 3223 449 ἐξ
3265 381 3462 447 αὑτοῦ,
3511 382 3678 453 ἠγουν
3707 383 3773 435 ἐκ

521 475 846 534 Fecunditas
890 489 1055 544 porro
1086 474 1143 527 in
1174 473 1275 526 hoc
1320 470 1492 541 posita
1517 480 1620 534 est,
1654 478 1711 525 ut
1736 469 1862 539 quis
1905 485 1972 525 ex
2000 484 2095 526 εεο

521 572 667 639 ipso,
709 568 762 622 id
808 576 986 621 estex
1022 563 1240 633 propria
1271 562 1598 627 substantia,
1639 561 1847 632 prolem
1901 573 2096 617 natura

524 660 758 715 similem
798 658 883 713 sui
918 655 1037 711 edat
1050 687 1070 706 .
1832 644 1855 659 ‘

591 749 954 804 Generationis
992 747 1183 797 divina
1230 760 1262 796 a
1318 743 1583 796 creatione
1643 743 1980 797 discrimina.
2023 770 2097 785 -

525 839 763 894 Proinde
803 852 924 892 cum
967 836 1033 889 de
1075 835 1196 887 Filii
1234 833 1593 903 generatione
1631 838 1833 902 agitur,
1877 842 2097 902 tempus

527 928 913 983 intercessisse
950 925 1133 979 dicere
1171 923 1399 991 impium
1439 932 1559 986 θείς
1668 929 1762 975 aut
1794 920 1917 975 Filii
1949 922 2099 975 exsi-

527 1020 782 1075 stentiam
814 1017 970 1070 Patre
1000 1015 1354 1085 posteriorem
1394 1013 1754 1067 constituere.
1864 1012 1941 1065 Ex
1978 1013 2099 1082 ipso

525 1111 668 1162 enim
690 1147 706 1171 ,
742 1108 843 1161 hoc
877 1117 962 1160 est
996 1120 1060 1159 ex
1102 1103 1279 1157 Patris
1315 1112 1545 1166 natura,
1598 1117 1721 1157 esse
1775 1102 2102 1171 proﬁtemur

525 1197 650 1251 Filii
681 1198 1120 1266 generationem.
1156 1196 1234 1247 Ac
1262 1192 1369 1247 nisi
1404 1192 1603 1247 Filium
1633 1206 1661 1246 a
1710 1192 1984 1261 principio
2023 1192 2102 1245 si-

528 1290 638 1343 mul
670 1304 793 1343 cum
828 1286 991 1340 Patre
1022 1301 1052 1338 a
1086 1298 1196 1353 quo
1227 1284 1447 1353 genitus
1476 1291 1561 1338 est
1585 1335 1598 1348 ,
1628 1282 1800 1339 fuisse
1826 1283 2104 1337 conceda-

530 1394 652 1432 mus
674 1418 691 1443 ,
717 1376 963 1431 Paternte
984 1375 1309 1430 substantia:
1340 1375 1701 1429 mutationem
1736 1373 2099 1428 inducemus:

529 1468 828 1538 quoniam,
862 1480 987 1518 cum
1044 1463 1208 1517 Pater
1261 1478 1369 1517 non
1415 1471 1603 1526 esset,
1652 1463 1882 1531 posthac
1925 1463 2106 1518 evasit

532 1560 713 1613 Pater.
753 1555 861 1611 Res
886 1556 1032 1611 enim
1078 1563 1310 1618 creatae,
1356 1554 1460 1608 etsi
1493 1553 1841 1623 postmodum
1872 1554 2106 1609 condita

532 1657 699 1711 sunt,
752 1662 861 1701 non
910 1654 1094 1699 tamen
1135 1659 1203 1698 ex
1256 1643 1352 1698 Dei
1389 1644 1697 1699 substantia
1733 1645 2103 1712 exstiterunt;

2195 481 2294 552 τῆς
2320 481 2461 545 ιδίας
2489 479 2698 546 ούσίας,
2730 480 2919 550 ὄμοιον
2951 476 3092 533 κατά
3124 476 3286 548 φύσιν
3323 477 3539 547 γεννᾷν.

2281 741 2403 796 Ἐπὶ
2445 741 2543 812 μὲν
2591 736 2684 795 οῦν
2735 741 2834 813 τῆς
2882 740 2978 795 τοῦ
3032 740 3163 794 Υίοῦ
3212 742 3521 810 γεννήσεως
3572 739 3771 802 ἀσεὸὲς

2198 834 2377 901 λέγειν
2412 835 2603 904 χρόνον
2638 832 2974 903 μεσιτεύσαι,
3006 833 3101 887 καὶ
3131 832 3270 903 μετὰ
3300 832 3392 884 τὸν
3419 830 3637 901 Πατέρα
3671 829 3771 900 τὴν
3806 873 3811 877 .

2196 926 2292 978 τοῦ
2327 924 2455 978 Υίοῦ
2485 925 2737 992 γενέσθαι
2772 924 3028 993 ὕπαρξιν.
3086 924 3177 987 Ἐξ
3225 922 3391 976 αὑτοῦ
3438 923 3569 992 γάρ,
3605 922 3775 991 ἧγουν

2206 1018 2305 1086 τῆς
2348 1017 2443 1069 τοῦ
2476 1016 2689 1085 Πατρδς
2717 1016 2953 1083 ⁴ψύονεως,
3004 1015 3187 1085 φαμὲν
3220 1015 3320 1083 τὴν
3349 1014 3443 1067 τοῦ
3480 1013 3610 1066 Υἱοῦ
3651 1014 3777 1080 γένο

2203 1123 2381 1176 νησιν.
2416 1108 2525 1160 Καὶ
2557 1106 2605 1156 εἰ
2635 1107 2709 1174 μὴ
2742 1105 2798 1169 ἐξ
2822 1106 2994 1176 ἀρχῆς
3022 1104 3203 1174 δῶμεν
3226 1105 3316 1157 τὸν
3346 1103 3475 1156 Υίὸν
3504 1102 3779 1170 συνυπάρ·

2203 1215 2318 1268 χειν
2349 1198 2426 1268 τῷ
2459 1197 2634 1267 llatth
2673 1197 2730 1262 ἐξ
2759 1198 2924 1251 αὐτοῦ
2973 1197 3405 1267 γεγεννημένον,
3437 1194 3641 1265 τροπὴν
3676 1194 3779 1262 τῆς

2201 1288 2296 1341 τοῦ
2330 1289 2547 1358 Πατρός
2595 1289 2946 1350 ὑποστάσεως
2985 1286 3397 1357 παρεισάγομεν
3421 1302 3432 1315 '
3473 1286 3558 1338 ὅτι
3589 1286 3665 1356 μὴ
3700 1284 3777 1338 ῶν

2204 1380 2395 1451 Πατὴρ
2428 1380 2658 1450 ὕστερον
2696 1380 2913 1447 ἐγένετο
2946 1380 3137 1449 Πατήρ
3162 1394 3176 1409 ο
3232 1381 3265 1449 ἡ
3319 1378 3428 1447 γὰρ
3473 1377 3649 1439 κτίσις
3674 1420 3689 1443 ,
3727 1377 3777 1430 εί

2204 1472 2301 1526 καὶ
2335 1473 2472 1543 μετά
2510 1471 2683 1525 ταῦτα
2716 1473 2959 1539 γέγονεν,
3002 1470 3116 1523 ἀλλ’
3146 1471 3246 1523 ούκ
3287 1470 3351 1524 ὲκ
3384 1469 3483 1539 τῆς
3513 1468 3607 1521 τοῦ
3639 1468 3777 1522 Θεοῦ

2206 1564 2431 1628 οὐσίας’
2482 1566 2547 1617 ἐκ
2593 1564 2649 1617 δὲ
2682 1564 2776 1617 τοῦ
2815 1563 2890 1635 μὴ
2934 1563 3088 1626 ὄντος
3121 1564 3199 1625 εἰς
3232 1561 3293 1615 τὸ
3335 1556 3475 1614 εῖναι
3526 1561 3779 1631 βουλήσει

2208 1656 2304 1709 καὶ
2328 1656 2555 1726 δυνάμει
2588 1654 2751 1709 αὐτοῦ
2791 1656 3068 1727 παρήχθη,
3095 1654 3191 1707 καὶ
3214 1654 3313 1723 οὐχ
3340 1652 3567 1706 ἀπτεται
3597 1651 3778 1723 τροπὴ

532 1741 629 1795 sed
664 1739 839 1808 ipsius
873 1737 1153 1791 voluntate
1196 1742 1253 1790 et
1287 1735 1533 1805 potentia
1569 1735 1790 1790 fuerunt
1825 1736 2099 1805 producta'.

2214 1748 2305 1817 τῆς
2330 1747 2425 1801 τοῦ
2454 1748 2590 1801 Θεοῦ
2620 1747 2854 1816 φύσεως.
2894 1747 3154 1816 Γέννησις
3188 1744 3289 1814 μὲν
3340 1744 3447 1813 γάρ
3479 1744 3595 1796 ἐστι
3622 1743 3684 1796 τὺ
3714 1745 3780 1797 ὲκ

534 1837 594 1883 ut
638 1836 844 1884 essent.
892 1825 1004 1881 Nec
1057 1832 1347 1895 prOpterea
1402 1825 1457 1878 in
1512 1824 1603 1879 Dei
1655 1834 1909 1879 naturam
1957 1825 2099 1879 cadit

2214 1839 2304 1908 τῆς
2349 1838 2537 1902 οὐσίας
2569 1840 2663 1893 τοῦ
2703 1840 3002 1908 γεννῶντος
3037 1837 3374 1908 προάγεσθαι
3414 1837 3476 1890 τὸ
3504 1834 3779 1906 γεννώμε-

534 1921 807 1974 mutatio:
839 1918 1044 1972 etenim
1084 1915 1371 1986 generatio
1408 1914 1632 1984 quidem
1679 1914 1734 1969 in
1785 1915 1889 1969 hoc
1918 1918 2099 1974 consi-

2214 1947 2299 1984 vov
2337 1930 2522 2001 ὅμοιον
2571 1930 2691 1985 κατ’
2735 1932 2945 1986 οὐσίαν.
2979 1931 3171 1994 Κτίσις
3214 1930 3273 1984 δὲ
3324 1930 3419 1983 καὶ
3467 1929 3687 1999 ποίησις
3719 1927 3781 1981 τὺ

535 2012 670 2076 stit,
727 2019 787 2065 ut
819 2025 883 2065 ex
921 2007 1198 2079 gignentis
1248 2006 1558 2061 substantia
1617 2007 1800 2076 proles
1851 2007 2099 2078 ejusdem

2214 2021 2445 2090 EEwOev,
2499 2024 2594 2077 καὶ
2632 2023 2733 2077 οὐκ
2779 2025 2843 2077 ὲκ
2886 2023 2985 2093 τῆς
3019 2023 3206 2086 οὐσίας
3238 2020 3332 2074 τοῦ
3368 2019 3646 2084 κτίζοντος
3683 2016 3780 2071 καὶ

533 2122 658 2161 cum
687 2107 945 2175 gignente
975 2101 1299 2159 substantiae
1326 2102 1695 2171 producatur:
1729 2111 1784 2157 at
1813 2105 2022 2159 creatio
2051 2116 2099 2162 et

2214 2114 2510 2181 ποιοῦντος,
2544 2115 2800 2185 γενέσθαι
2845 2115 2909 2167 τὸ
2963 2114 3284 2185 κτιζόμενον
3321 2113 3415 2166 καὶ
3458 2110 3779 2182 ποιούμενον

532 2195 750 2250 είῐεειίο
781 2195 884 2249 hoc
928 2200 1139 2247 tantum
1186 2192 1449 2261 requirit,
1500 2200 1556 2245 ut
1586 2202 1773 2257 extra,
1806 2201 1860 2249 et
1888 2209 1999 2249 non
2033 2212 2101 2252 ετ

2208 2203 2460 2276 ἀνόμοιον
2490 2202 2767 2269 παντελῶς
2794 2203 2920 2261 κατ’
2949 2204 3158 2260 οὐσίαν.

533 2290 775 2354 creantis
810 2296 903 2342 aut
940 2287 1225 2343 eilicientis
1255 2286 1568 2343 substantia
1624 2287 1721 2343 llat
1769 2288 1905 2344 illud
1952 2291 2098 2361 quod
2140 2308 2364 2355 creatur
2412 2311 2507 2355 aut
2551 2300 2804 2366 edicitur,
2847 2299 3185 2371 omninoque
3222 2303 3490 2368 quantum
3560 2292 3627 2349 ad
3686 2307 3779 2350 es-

533 2381 763 2437 sentiam
798 2378 1066 2434 dissimile
1095 2380 1191 2433 sit.

596 2473 960 2540 Quamobrem
1010 2476 1063 2529 in
1117 2475 1256 2537 Deo,
1308 2476 1401 2545 qui
1456 2475 1610 2531 solus
1658 2489 1689 2528 a
1740 2474 2096 2545 perpessione

532 2564 704 2627 omni,
734 2565 1057 2620 alterations
1096 2581 1159 2619 ac
1204 2567 1507 2621 mulatione
1535 2567 1673 2619 liber
1701 2573 1805 2628 est,
1856 2581 2100 2636 semper-

530 2666 640 2719 que
687 2652 879 2707 eodem
914 2654 1079 2707 modo
1121 2669 1180 2708 se
1209 2654 1412 2721 habet,
1460 2662 1576 2709 tum
1621 2655 1932 2725 generatio,
1981 2663 2096 2709 tum

530 2743 744 2796 creatio
764 2782 779 2807 ,
807 2745 1083 2813 passionis
1109 2760 1310 2815 expers
1340 2753 1447 2802 est.
1542 2746 1678 2802 Nam
1709 2761 1834 2801 cum
1869 2761 1968 2802 nec
1999 2761 2097 2817 pa-

531 2832 743 2899 tibilis,
798 2850 900 2889 nec
942 2834 1101 2890 ﬂuxa:
1164 2845 1379 2892 naturae
1431 2838 1543 2905 sit;
1605 2840 1810 2911 quippe
1867 2841 2096 2911 simplex

529 2930 635 2983 est,
697 2938 797 2978 nec
856 2926 1201 2995 compositus
1261 2944 1276 2982 :
1329 2936 1480 2984 certe
1512 2944 1615 2984 nec
1654 2933 1964 3000 passionem
1998 2948 2098 2989 nec

2299 2474 2421 2528 Ἐπὶ
2451 2474 2550 2543 μὲν
2572 2467 2665 2526 οὖν
2686 2470 2779 2525 τοῦ
2807 2472 2966 2542 μόνου
2993 2470 3255 2536 ἀπαθοῦς,
3282 2472 3376 2525 καὶ
3398 2469 3777 2535 ἀναλλοιώτου,

2217 2567 2314 2623 καὶ
2347 2566 2617 2637 ἀτρέπτου
2639 2604 2654 2627 ,
2705 2564 2793 2617 καὶ
2831 2563 2918 2616 ἀεὶ
2946 2562 3207 2625 ὡσαύτως
3237 2563 3447 2632 ἔχοντος
3478 2560 3613 2615 Θεοῦ
3639 2600 3655 2625 ,
3689 2562 3785 2615 καὶ

2217 2659 2279 2711 τὸ
2313 2658 2530 2727 γεννᾷν,
2564 2655 2659 2709 καὶ
2697 2654 2757 2707 τὸ
2803 2654 3035 2721 κτίζειν,
3082 2654 3324 2719 ἀπαθές’
3370 2653 3528 2723 φύσει
3569 2654 3677 2724 γὰρ
3709 2653 3785 2708 ὢν

2220 2746 2436 2819 ἀπαθὴς
2466 2748 2557 2801 καὶ
2606 2748 2938 2819 ἀρῤευστος,
2977 2746 3051 2809 ὡς
3098 2745 3304 2810 ἁπλοῦς
3337 2747 3429 2801 καὶ
3469 2744 3783 2808 ἀσύνθετος,

2219 2841 2278 2893 ού
2308 2840 2573 2908 πέφυκεν,
2608 2836 2900 2909 ὑπομένειν
2946 2838 3136 2902 πάθος,
3170 2839 3203 2908 ἢ
3235 2837 3441 2908 ρεῦσιν,
3469 2836 3591 2891 οὔτε
3623 2838 3679 2890 ὲν
3707 2837 3786 2907 τῷ

2219 2932 2434 3000 γεννᾷν,
2487 2930 2613 2984 οὔτε
2661 2932 2719 2983 ὲν
2751 2929 2830 3001 τῷ
2884 2930 3110 2995 κτίζειν,
3144 2930 3265 2983 οὐδέ
3302 2947 3447 2993 τινος
3495 2930 3785 3000 συνεργίας

531 3011 771 3077 ﬂuxum,
803 3013 886 3068 vel
914 3015 969 3069 in
1016 3017 1365 3085 generando,
1411 3018 1496 3072 vel
1538 3019 1594 3074 in
1640 3021 1880 3076 creando
1912 3024 2097 3079 subire

2218 3020 2428 3075 δεῖται⁶
2480 3021 2598 3076 ἀλλ’
2642 3021 2673 3093 ὴ
2731 3022 2829 3093 μὲν
2878 3022 3132 3091 γέννησις
3180 3023 3412 3093 ἄναρχος
3461 3024 3555 3077 καὶ
3592 3022 3784 3088 ἀΐδιος,

530 3112 736 3173 potest,
790 3120 893 3160 nec
958 3107 1283 3177 cujusquam
1322 3123 1521 3178 ~opem
1591 3119 1755 3182 atque
1813 3112 2102 3182 adjumen-

530 3203 644 3247 tum
683 3194 983 3251 desiderat.
1035 3198 1428 3268 Atgeneratio
1469 3201 1690 3271 quidem
1736 3203 1957 3258 initium
1989 3220 2096 3259 non

532 3284 697 3339 habet
758 3287 1197 3358 sempiternaque
1254 3299 1370 3355 εει,
1434 3301 1493 3345 ιιι
1561 3308 1687 3363 quae
1760 3305 1969 3350 naturae
2026 3296 2098 3351 sit

529 3389 669 3440 onus
689 3414 704 3438 ,
730 3391 905 3446 exque
929 3378 1104 3448 ipsius
1132 3381 1442 3436 substantia
1473 3380 1708 3454 prodeat
1734 3403 1751 3453 ;
1782 3400 1852 3441 ne
1888 3386 2093 3457 alioqui

529 3467 619 3522 ille
647 3467 740 3537 qui
777 3470 984 3538 gignit,
1038 3471 1401 3527 mutationem
1448 3475 1679 3543 subeat,
1723 3491 1788 3531 ac
1833 3487 2099 3547 praeterea

531 3572 599 3610 ne
628 3556 770 3613 Deus
801 3559 953 3627 prior
983 3561 1092 3626 sit,
1126 3560 1381 3633 Deusque
1418 3568 1714 3636 posterior,
1746 3584 1881 3624 neve
1909 3584 2098 3626 acces-

530 3647 744 3703 sionem
781 3651 1012 3719 recipiat
1043 3668 1057 3705 :
1112 3654 1321 3708 creatio
1361 3664 1544 3710 autem
1587 3658 1641 3712 in
1694 3657 1837 3725 Deo,
1865 3675 1988 3715 cum
2025 3663 2099 3718 sit

532 3739 834 3794 voluntatis
868 3755 1006 3810 opus
1032 3782 1046 3807 ,
1081 3742 1191 3798 Deo
1229 3745 1479 3813 profecto
1508 3756 1782 3805 coaeterna
1832 3767 1940 3808 non
1989 3763 2095 3811 est.

529 3826 683 3882 Haud
718 3830 862 3883 enim
913 3839 1111 3886 natura
1153 3844 1530 3904 comparatum
1576 3847 1690 3903 est,
1730 3848 1788 3893 ut
1830 3842 1978 3911 quod
2029 3858 2097 3898 ex

531 3919 706 3972 nihilo
730 3921 1074 3989 producitur,
1299 3928 1541 3981 eamdem
1569 3944 1695 3983 cum
1726 3947 1790 3984 eo
1819 3933 1963 4002 quod
1995 3934 2100 3989 inl-

531 4015 610 4064 tio
643 4020 829 4075 caret,
873 4020 927 4066 et
974 4014 1371 4082 sempiternum
1421 4026 1545 4083 est,
1589 4022 1953 4079 aeternitatem
2005 4034 2100 4081 aut

531 4096 957 4169 perpetuitatem
993 4103 1216 4157 habeat.
1270 4105 1747 4171 Quemadmodum
1794 4112 1960 4183 igitur
1995 4115 2098 4171 bo-

532 4193 696 4245 minis
723 4201 777 4247 et
808 4192 902 4247 Dei
938 4210 1045 4248 non
1077 4197 1263 4250 eadem
1293 4208 1378 4252 est
1422 4199 1691 4257 efﬁciendi
1734 4206 1916 4273 ratio;
1967 4208 2097 4277 quia

532 4280 698 4333 homo
732 4281 867 4334 nihil
897 4298 961 4336 ex
993 4283 1165 4339 nihilo
1197 4286 1452 4354 producit
1484 4303 1499 4351 ;
1565 4291 1661 4348 sed
1747 4295 1891 4364 quod
1934 4296 2096 4353 ellicit

529 4387 596 4425 ex
626 4372 1035 4439 przeexsistente
1090 4384 1143 4429 et
1174 4377 1422 4446 subjecta
1456 4382 1684 4435 materia
1756 4383 1917 4451 facit;
1994 4403 2095 4444 nec
2131 4386 2176 4442 D

533 4463 867 4518 voluntatem
900 4465 1169 4520 duntaxat
1203 4468 1464 4532 adhibet,
1494 4472 1587 4526 sed
1623 4473 1779 4543 prius
1807 4477 1972 4530 etiam
2004 4493 2098 4534 co-

530 4555 665 4623 gitat
689 4595 702 4618 ,
738 4554 984 4624 illudque
1012 4558 1156 4628 quod
1193 4557 1441 4616 facturus
1469 4570 1591 4629 est,
1629 4564 1813 4620 animo
1851 4566 2091 4638 eilingit,

530 4660 593 4697 ac
622 4648 849 4714 posthac
879 4663 1136 4703 manuum
1168 4667 1387 4722 quoque
1414 4653 1599 4708 addita
1626 4666 1790 4724 Opera
1811 4695 1826 4721 ,
1852 4656 2093 4713 laborem

531 4744 581 4790 et
611 4739 917 4793 molestiam
949 4743 1186 4796 sustinet
1260 4756 1275 4795 :
1334 4758 1435 4797 nec
1468 4759 1598 4799 raro
1633 4747 1799 4801 etiam
1847 4764 1943 4819 spe
1995 4765 2094 4806 sua

531 4826 756 4890 labitur,
783 4835 844 4881 ut
873 4828 961 4882 cui
987 4828 1329 4898 propositum
1355 4846 1418 4885 ex
1450 4832 1618 4886 animi
1656 4835 1941 4890 voluntate
1981 4851 2091 4892 non

532 4914 791 4969 succedat
816 4935 828 4968 :
862 4914 1005 4970 Deus
1032 4927 1212 4971 autem
1246 4917 1360 4971 sola
1390 4920 1670 4975 voluntate
1700 4924 1881 4977 omnia
1911 4938 1976 4979 ex
2010 4926 2093 4980 ni-

531 5006 642 5059 hilo
673 5015 728 5059 ut
763 5014 948 5061 essent
981 5007 1276 5076 produxit:
1311 5008 1384 5063 ita
1424 5026 1521 5065 nec
1566 5013 1756 5067 eodem
1809 5016 1974 5069 modo
2011 5017 2091 5086 gi-

533 5104 707 5166 gnunt
738 5094 882 5152 Deus
911 5105 965 5151 et
992 5097 1174 5152 homo.
1211 5096 1354 5153 Deus
1396 5101 1569 5165 enim,
1618 5110 1676 5155 ut
1722 5103 1813 5172 qui
1862 5104 2091 5174 tempori

2221 3112 2435 3182 φύσεως
2462 3112 2623 3184 ἔργον
2665 3109 2822 3176 οὖσα,
2864 3114 2957 3167 καὶ
3002 3116 3065 3168 ὲκ
3105 3115 3204 3184 τῆς
3231 3115 3420 3177 οὐσίας
3452 3114 3616 3168 αὑτοῦ
3648 3132 3786 3185 προ-

2219 3205 2447 3271 άγουσα,
2486 3204 2574 3258 ἴνα
2616 3203 2824 3275 τροπὴν
2851 3205 2879 3257 6
2901 3204 3107 3272 γεννῶν
3142 3205 3215 3274 μὴ
3245 3205 3532 3277 ὑπομείνῃ,
3572 3206 3666 3259 καὶ
3697 3206 3787 3259 ἵνα

2223 3298 2299 3365 μὴ
2314 3295 2445 3359 Θεδς
2476 3296 2710 3368 πρῶτος,
2747 3296 2843 3351 καὶ
2870 3297 3002 3360 Θεὸς
3032 3297 3256 3367 ὕστερος
3290 3296 3397 3367 εἴη,
3428 3299 3518 3350 καὶ
3546 3297 3785 3369 προσθή-

2219 3402 2323 3456 κην
2354 3386 2589 3458 δέξηται.
2633 3387 2698 3441 Ἠ
2730 3388 2788 3443 δὲ
2831 3388 3008 3451 κτίσις
3045 3386 3138 3440 ἐπὶ
3175 3386 3309 3439 Θεοῦ
3336 3423 3354 3453 ,
3512 3388 3785 3457 θελήσεως

2219 3477 2380 3548 ἔργον
2406 3474 2570 3545 οὖσα,
2600 3479 2661 3532 ού
2702 3479 2971 3541 ωναῖδιός
3019 3479 3135 3532 ἑστι
3179 3476 3258 3548 τῷ
3290 3476 3430 3547 Θεῷ.
3475 3478 3694 3548 Ἐπειδὴ
3720 3481 3781 3532 οὗ

2219 3568 2431 3638 πέφυκε
2470 3570 2531 3623 τὸ
2562 3571 2626 3624 ἐκ
2646 3570 2742 3625 τοῦ
2785 3571 2859 3642 μὴ
2892 3570 3045 3634 ὄντος
3078 3571 3158 3633 είς
3186 3570 3247 3623 τὸ
3290 3564 3430 3622 εἶναι
3468 3571 3783 3640 παραγόμε-

2218 3675 2310 3712 νον
2339 3660 2606 3714 συναῖδιον
2639 3654 2775 3716 εῐναι
2808 3661 2883 3732 τῷ
2916 3661 3136 3731 ἀνάρχῳ
3168 3660 3263 3714 καὶ
3293 3660 3376 3713 ἀεὶ
3414 3659 3547 3713 ὄντι.
3573 3660 3785 3731 Ὥσπερ

2217 3744 2310 3803 οὖν
2333 3749 2362 3790 δ
2394 3750 2493 3821 ούχ
2524 3751 2725 3821 ὁμοίως
2765 3755 2912 3806 ποιεῖ
2949 3751 3236 3824 ἄνθρωπος
3274 3754 3368 3805 καὶ
3408 3752 3574 3814 Θεόςο
3627 3752 3657 3804 6
3688 3753 3787 3821 μὲν

2218 3837 2327 3910 γὰρ
2350 3839 2635 3910 ἄνθρωπος
2663 3840 2814 3894 οὐδὲν
2846 3842 2909 3893 ἐκ
2946 3842 3038 3895 τοῦ
3079 3844 3153 3913 μὴ
3202 3842 3352 3904 ὄντος
3391 3844 3471 3905 εἰς
3503 3841 3608 3913 [1:6]
3639 3839 3782 3896 εἶναι

2218 3927 2478 3997 παράγει,
2530 3927 2644 3982 ἀλλ’
2692 3930 2830 3999 ὅπερ
2861 3931 3005 3982 ποιεῖ
3051 3932 3114 3983 ὲκ
3146 3930 3621 4001 προϋποκειμένης
3656 3929 3789 4001 ὕλης

2218 4020 2393 4085 ποιεῖ,
2440 4019 2501 4071 ού
2537 4018 2769 4089 θελήσας
2818 4021 3011 4089 μόνον,
3046 4019 3181 4075 ἀλλά
3227 4020 3320 4075 καὶ
3363 4022 3781 4093 προεπινοήσας,

2218 4107 2312 4159 καὶ
2340 4108 2397 4161 ἒν
2433 4107 2510 4177 τῷ
2538 4107 2614 4178 νῷ
2638 4108 2995 4171 ἀνατυπώσας
3021 4108 3082 4161 τὸ
3111 4110 3472 4180 γενησόμενον
3493 4154 3508 4177 ,
3540 4108 3655 4166 εἶτα
3694 4113 3780 4165 καὶ

2218 4195 2404 4267 χερσὶν
2434 4196 2840 4267 ἐργασάμενος,
2878 4197 2972 4251 καὶ
3004 4198 3171 4251 κόπον
3220 4199 3519 4269 ὑπομείνας
3554 4204 3648 4255 καὶ
3688 4204 3780 4257 κά-

2222 4304 2412 4357 ματον,
2452 4287 2715 4352 πολλάκις
2757 4289 2814 4342 δὲ
2853 4289 2944 4343 καὶ
2978 4290 3310 4360 ἀστοχήσας,
3344 4292 3417 4362 μὴ
3451 4293 3780 4360 ἀποϐάντος,

2219 4378 2360 4432 καθά
2393 4379 2667 4449 βούλεται,
2708 4380 2800 4434 τοῦ
2830 4381 3288 4452 ἐπιτηδεύματος·
3319 4385 3347 4437 6
3382 4384 3436 4437 δὲ
3463 4384 3593 4448 Θεὸς
3625 4386 3778 4457 θελή-

2221 4485 2321 4533 σας
2350 4472 2527 4541 μόνον,
2562 4472 2627 4524 ἐκ
2656 4472 2749 4525 τοῦ
2784 4472 2858 4543 μὴ
2891 4472 3041 4537 ὄντος
3075 4475 3153 4537 εἰς
3179 4473 3239 4527 τὸ
3271 4471 3410 4528 εἶναι
3439 4477 3616 4530 πάντα
3648 4495 3779 4550 παρο

2219 4556 2446 4628 ήγαγεν.
2480 4558 2665 4622 Οὕτως
2694 4560 2813 4613 οὐδὲ
2857 4561 3057 4630 ὁμοίως
3095 4563 3259 4632 γεννᾷ
3293 4561 3426 4625 Θεὸς
3455 4564 3550 4615 καὶ
3577 4566 3779 4636 ἄνθρωο

2220 4663 2336 4711 πος.
2381 4649 2444 4700 '0
2481 4648 2580 4719 μὲν
2620 4648 2730 4720 γὰρ
2758 4648 2923 4712 Θεὸς,
2966 4650 3195 4721 ἀχρονος
3238 4650 3313 4704 ὢν
3337 4692 3353 4718 ,
3397 4655 3489 4708 καὶ
3529 4654 3779 4727 ἄναρχος,

2219 4737 2315 4790 καὶ
2368 4737 2588 4810 ἀπαθὴς
2613 4781 2628 4805 ,
2671 4739 2766 4793 καὶ
2814 4740 3146 4811 ἄῤῥευστος,
3181 4742 3275 4795 καὶ
3320 4745 3648 4815 ἀσώματος,
3691 4750 3779 4802 καὶ

2222 4827 2401 4898 μόνος,
2425 4829 2518 4882 καὶ
2552 4829 2929 4899 ἀτελεύτητος,
2964 4831 3233 4904 ἀχρόνως,
3273 4836 3367 4888 καὶ
3391 4837 3662 4906 ἀνάρχως,
3688 4840 3778 4892 καὶ

2219 4916 2467 4984 ἀπαθῶς,
2521 4919 2614 4973 καὶ
2662 4918 2982 4990 ἀῤῥεύστως
3036 4925 3238 4994 γεννᾷ,
3299 4926 3391 4977 καὶ
3442 4925 3600 4989 ἐκτὸς
3650 4946 3778 4981 συν-

2218 5003 2462 5076 δυασμοῦ
2495 5006 2515 5027 ⁸
2606 5006 2703 5061 καὶ
2798 5007 2921 5061 οὕτε
2973 5009 3147 5081 ἀρχὴν
3190 5011 3302 5079 ἔχει
3330 5012 3363 5081 η
3396 5011 3783 5083 ἀκατάληπτος

2219 5095 2384 5150 αὐτοῦ
2412 5098 2695 5166 γέννησις,
2742 5099 2863 5152 οὐδὲ
2901 5099 3073 5162 τέλος.

539 5205 647 5242 non
707 5191 902 5255 subsit,
952 5203 1006 5246 ει
1042 5193 1331 5263 principio,
1386 5196 1639 5265 passione
1682 5209 1746 5249 ac
1790 5193 2026 5248 Duxione
2070 5192 2215 5248 omni
2266 5200 2439 5258 vacet,
2483 5191 2658 5261 sitque
2701 5190 3076 5260 incorporeus,
3125 5201 3190 5242 ac
3239 5185 3385 5241 solus
3428 5185 3494 5240 ab
3543 5185 3770 5240 interitu

537 5283 710 5346 liber;
772 5282 845 5335 ita
881 5286 1013 5337 citra
1049 5294 1263 5355 tempus
1293 5302 1527 5357 quoque,
1576 5298 1629 5341 et
1663 5287 2009 5356 principium,
2038 5296 2087 5339 et
2138 5287 2469 5355 passionem,
2504 5294 2558 5339 et
2595 5285 2820 5350 ﬂuxum,
2861 5292 2917 5338 et
2954 5281 3071 5338 sine
3109 5280 3217 5334 ullo
3255 5293 3546 5350 congressu
3577 5278 3769 5355 gignit,

536 5389 599 5428 ae
647 5387 748 5426 nec
779 5374 1024 5439 initium,
1076 5393 1180 5431 nec
1227 5378 1387 5431 linem
1438 5378 1603 5431 habet
1633 5376 2200 5445 incomprehensibilis
2233 5375 2402 5445 ipsius
2432 5377 2734 5445 generatio.

612 5467 685 5519 Ac
714 5467 945 5535 proinde
978 5470 1340 5539 sempiternus
1374 5470 1512 5525 Deus
1542 5470 1775 5523 Verbum
1803 5484 1959 5523 suum
1984 5471 2099 5524 sine

541 5555 807 5626 principio
846 5576 906 5615 ac
968 5560 1073 5615 line
1123 5561 1323 5631 gignit;
1374 5578 1440 5617 ne
1480 5563 1681 5631 alioqui
1730 5561 1892 5625 Deus,
1941 5562 2099 5629 cujus

544 5652 739 5699 natura
787 5665 850 5705 ac
896 5652 1212 5708 cxsistentia
1277 5662 1487 5723 tempus
1533 5668 1695 5709 omne
1756 5660 1999 5721 superat,
2046 5652 2097 5704 in

2273 5468 2438 5539 Γεννᾷ
2486 5470 2663 5521 τοίνυν
2704 5466 2732 5519 6
2781 5464 2868 5519 ἀεὶ
2915 5461 2988 5515 ῶν
3033 5461 3163 5523 Θεὸς
3202 5459 3293 5513 τὸν
3329 5456 3523 5511 ἑαυτοῦ
3573 5459 3771 5526 Atye»,

2203 5558 2407 5610 τέλειον
2440 5557 2589 5619 ὄντα,
2623 5557 2890 5625 ἀνάρχως,
2923 5555 3017 5608 καὶ
3050 5551 3443 5620 ἀτελευτήτως,
3482 5549 3567 5602 ἴνα
3602 5548 3678 5618 μὴ
3708 5549 3769 5601 ὲν

2203 5648 2384 5722 χρόνῳ
2412 5648 2566 5721 τίκτῃ
2604 5646 2757 5707 Θεὸς,
2798 5646 2824 5697 6
2857 5642 3052 5715 χρόνον
3093 5640 3371 5703 ἀνωτέραν
3404 5639 3541 5711 ἒχων
3571 5639 3668 5699 τήν
3704 5650 3766 5686 τε
