4130 6400
585 354 716 418 40‘:
1524 353 1526 358 ’
1853 351 2239 415 ΕΗΤΗΥΜῘΙ
2281 350 2642 416 ΖΙΟΑΒΕΝΙ
3767 352 3871 421 108

615 467 780 521 unico
813 483 862 530 ν,
903 472 1098 531 sonat;
1143 463 1247 517 alia
1285 470 1488 528 creata,
1520 475 1683 533 quam
1719 477 1823 517 vox
1851 463 2052 536 γενητὴ
2109 464 2176 519 de

2301 466 2551 536 διαφέρει
2584 465 2742 520 οὐσία
2773 465 2996 532 οὐσίας·
3043 467 3244 536 παντὸς
3293 469 3400 542 γὰρ
3447 467 3623 534 εἴδους
3655 469 3809 535 ζώων
3842 474 3870 541 ἡ

615 567 786 613 notat.
823 555 1078 612 Secundo
1131 565 1313 610 autem
1358 553 1694 625 signiﬁcandi
1745 569 1945 626 genere
1986 557 2183 610 nullun‘

2302 559 2496 628 πρώτη
2533 560 2830 623 ὑπόστασις
2859 559 3156 632 ἀγέννητός
3189 561 3360 627 ἐστιν,
3393 563 3511 616 ἀλλ’
3539 563 3640 617 οὐκ
3683 564 3879 634 ἀγένη-

614 652 870 708 essentiae
898 650 965 703 ab
995 648 1232 704 essentia
1261 647 1558 701 discrimen
1605 646 1906 703 inducitur.
1949 647 2183 702 Primum

2294 667 2409 714 τος.
2456 650 2820 720 Ἐκτίσθησαν
2850 652 2948 721 μὲν
2976 652 3081 723 γὰρ
3116 653 3218 707 ὐπὸ
3255 653 3351 708 τοῦ
3385 655 3760 726 Δημι.ουργοῦ,
3804 656 3877 727 τῷ

616 745 762 797 cnim
826 744 1089 813 cujusque
1151 741 1513 794 animantium
1579 740 1782 810 speciei
1853 739 2183 795 individuum

2292 741 2436 813 λόγῳ
2468 743 2633 797 αὐτοῦ
2665 743 3019 812 παραχθέντα
3045 747 3125 810 εἰς
3149 747 3386 814 γένεσιν.
3415 749 3489 800 Οὐ
3520 748 3627 818 μὴν
3657 747 3879 818 ἐγεννή-

599 836 935 904 -“ἀγέννητον,
976 849 1068 888 seu
1116 832 1418 904 ingenitum
1449 842 1565 896 est;
1607 848 1714 885 non
1751 833 1878 886 item
1908 833 2183 902 ἀγένητον,

2295 834 2490 902 ϐησαν,
2526 834 2600 904 μὴ
2634 835 3090 907 προῦπάρχοντος
3139 838 3330 908 ἑτέρου
3377 838 3682 914 ὁμοειδοῦς,
3727 841 3786 908 ἐξ
3811 835 3869 896 οὗ

614 928 720 980 hoc
759 939 842 981 est
882 926 1106 979 minimc
1144 925 1421 978 conditum
1455 935 1509 978 et
1548 924 1771 979 factum.
1821 925 1863 977 Λ
1899 927 2183 980 Conditore

2292 925 2617 997 γεννηθῶσι.
2851 937 2854 941 ’

598 1018 809 1088 quippe
835 1033 1036 1081 rerum,
1071 1033 1168 1087 per
1196 1018 1367 1087 ipsius
1392 1017 1631 1072 Verbum
1659 1019 1709 1070 in
1742 1029 1922 1072 ortum
1957 1019 2217 1088 producta
2249 1033 2397 1075 sunt.
2433 1023 2499 1075 At
2531 1039 2638 1076 non
2661 1023 2878 1094 genita;
2907 1039 3033 1079 eum
3060 1034 3186 1079 ante
3212 1025 3420 1079 nullum
3442 1025 3590 1080 aliud
3621 1027 3864 1096 ejusdem

611 1113 808 1184 speciei
833 1113 1113 1183 singulare
1139 1119 1401 1174 exstaret.
1436 1128 1499 1166 ex
1522 1128 1628 1181 quo
1665 1115 2043 1184 gignerentur.

681 1209 961 1273 Quantum
1045 1207 1213 1276 igitur
1290 1207 1355 1261 ad
1439 1209 1667 1277 primam
1737 1209 2192 1280 signiﬁrationem

605 1300 830 1364 attinet,
861 1299 1094 1367 singulis
1120 1301 1294 1368 tribus
1325 1309 1529 1354 sancta:
1577 1300 1801 1356 Deitatis
1832 1302 2189 1358 divinissimis

609 1393 858 1459 personis
903 1405 1002 1444 vox
1052 1393 1314 1461 ἀγένητος
1374 1396 1652 1472 convenit.
1729 1395 1989 1466 Ejusdem
2047 1401 2190 1453 enim

609 1484 929 1538 substantia:
976 1492 1105 1537 sunt
1135 1491 1191 1539 et
1240 1484 1520 1539 increatte.
1567 1485 1843 1552 Quantum
1889 1502 2070 1544 autem
2123 1492 2190 1546 ad

610 1577 1063 1641 secundam,non
1099 1577 1226 1631 item
1261 1597 1272 1631 :
1325 1579 1475 1632 solus
1515 1580 1663 1634 enim
1704 1580 1865 1636 Pater
1913 1569 2189 1654 ingenitus

608 1677 717 1722 est.
751 1652 862 1721 Nec
893 1667 1038 1721 enim
1067 1668 1136 1721 ab
1181 1669 1284 1722 alia
1324 1686 1556 1741 persona
1602 1671 1764 1737 habet
1795 1682 1852 1729 ut
1893 1652 1993 1732 sit.—
2027 1677 2188 1734 Solus

2376 1213 2532 1266 Κατὰ
2582 1212 2684 1283 μὲν
2731 1209 2826 1266 οὖν
2858 1214 2920 1268 τὸ
2965 1214 3184 1286 πρῶτον
3243 1217 3646 1287 σημαινόμενον
3695 1238 3880 1275 κοινω-

2298 1305 2486 1360 νοῦσιν
2539 1308 2593 1360 ai
2621 1308 2773 1377 τρεῖς
2809 1307 2910 1380 τῆς
2958 1308 3121 1374 ἁγίας
3153 1308 3407 1378 Θεότητος
3458 1309 3715 1379 ὐπέρθεοι
3747 1314 3872 1366 ὁποι

2297 1402 2517 1463 στάσεις
2555 1415 2568 1429 ·
2618 1399 2897 1469 ὁμοούσιοι
2955 1399 3065 1469 γὰρ
3110 1404 3204 1470 καὶ
3257 1403 3502 1456 sxum;
3551 1404 3874 1474 ὑπάρχουσι.

2297 1495 2453 1548 Κατὰ
2480 1492 2537 1544 δὲ
2581 1491 2644 1546 τὸ
2671 1492 2926 1562 δεύτερον
2980 1494 3406 1562 σημαινόμενον,
3460 1495 3714 1565 οὐδαμῶς
3735 1513 3751 1528 ο
3778 1501 3877 1567 μό.

2291 1603 2383 1649 νος
2416 1587 2527 1656 γὰρ
2555 1589 2583 1638 ὁ
2614 1586 2805 1657 Πατὴρ
2830 1587 3126 1656 ἁγέννητος
3149 1603 3162 1617 ·
3194 1587 3254 1641 οὐ
3282 1588 3390 1658 γὰρ
3416 1589 3472 1654 ἐξ
3502 1589 3693 1657 ἐτέρας
3726 1591 3875 1652 ἐστίν

2290 1679 2439 1750 αὐτῷ
2477 1680 2833 1744 ὑποστάσεως
2859 1683 2920 1735 τὺ
2950 1676 3114 1735 εἶναι.
3144 1682 3255 1736 Kal
3284 1683 3444 1752 μόνος
3469 1684 3497 1735 ὁ
3528 1683 3654 1744 Υἱὸς
3684 1701 3876 1753 γεννη-

617 1758 780 1813 etiam
816 1757 984 1813 Filius
1020 1762 1236 1831 genitus
1263 1771 1347 1832 est
1382 1781 1395 1818 :
1425 1780 1488 1818 ex
1509 1762 1687 1820 Patris
1708 1754 1855 1822 enim
1879 1769 2183 1829 substantia

2294 1773 2384 1837 τός
2405 1789 2422 1804 ⁸
2480 1776 2545 1828 ἐκ
2578 1775 2680 1844 τῆς
2709 1774 2803 1828 τοῦ
2857 1775 3071 1845 Πατρὸς
3119 1775 3228 1847 γὰρ
3257 1777 3448 1840 οὐσίας
3500 1778 3755 1848 ἁνὰρχως
3779 1779 3874 1834 καὶ

609 1851 814 1922 absque
844 1852 1001 1906 initio
1024 1854 1133 1908 ullo
1165 1871 1228 1909 ac
1254 1865 1498 1926 tempore
1515 1861 1736 1929 genitus
1773 1871 1875 1917 est.
1909 1861 2071 1921 Solus
2091 1867 2188 1923 de-

609 1939 772 2009 nique
801 1939 1038 2010 Spiritus
1063 1953 1287 2000 sanctus
1310 1962 1375 2000 ex
1401 1946 1586 2020 ‘Patris
1619 1953 1839 2020 quidem
1887 1956 2192 2013 substantia

598 2026 978 2096 progreditur,
1018 2043 1130 2082 non
1167 2018 1562 2100 generatione,
1600 2018 1696 2094 sed
1731 2038 2089 2106 processione
2152 2044 2191 2092 ί.

601 2124 682 2170 tta
732 2117 880 2172 enim
927 2133 957 2172 a
1004 2119 1186 2175 divina
1241 2120 1525 2196 Scriptura
1575 2123 1920 2183 edoccmur:
1968 2130 2190 2186 tametsi

603 2207 810 2278 alioqui
861 2212 1231 2278 generationis
1275 2229 1340 2269 ac
1385 2219 1764 2286 processionis
1806 2220 2003 2278 modus
2039 2221 2190 2276 nulla

601 2297 804 2367 ingenii
841 2299 891 2352 vi
929 2302 1314 2370 comprehendi
1354 2306 1546 2378 possit.
1883 2297 1886 2300 ’

669 2390 813 2457 Quin
847 2393 981 2446 illud
1007 2411 1226 2466 quoque
1251 2413 1414 2454 nosse
1437 2401 1701 2465 interest,
1730 2394 2100 2473 patertiitatis,
2129 2404 2194 2458 li-

598 2480 834 2550 lietatis,
871 2492 926 2539 et
960 2489 1341 2555 processiouis
1376 2491 1646 2546 vocabula
1686 2509 1795 2547 non
1841 2509 1872 2547 a
1917 2496 2077 2552 nobis
2120 2479 2190 2551 ad

596 2573 811 2630 beatam
847 2573 1116 2632 Deitatcm
1153 2594 1277 2635 esse
1312 2583 1583 2637 translata
1608 2625 1622 2648 ,
1661 2601 1850 2640 verum
1882 2598 2078 2650 contra
2117 2588 2190 2642 il-

597 2664 709 2718 linc
736 2667 899 2723 nobis
930 2670 1340 2724 communicata
1359 2711 1372 2734 ,
1398 2672 1865 2742 quemadmodum
1890 2678 2188 2746 Apostolus

598 2758 674 2809 ait
705 2777 716 2811 :
759 2758 1042 2826 Propterea
1069 2763 1224 2831 ﬂecto
1255 2757 1426 2834 genua
1460 2783 1574 2838 mea
1609 2767 1677 2819 ad
1714 2766 1963 2835 Patrem,
1990 2785 2056 2824 ea:
2084 2787 2186 2840 quo

597 2851 768 2904 omnis
799 2854 1097 2920 paternitas
1126 2855 1180 2908 in
1209 2856 1336 2909 cotlo
1367 2867 1414 2911 et
1449 2858 1503 2911 in
1532 2869 1676 2913 terra
1707 2869 1792 2915 est
1852 2865 1892 2915 ⁸.

667 3027 945 3095 Quomodo
981 3031 1143 3088 Pater
1175 3035 1349 3104 major
1383 3035 1554 3117 Filio.
1601 3037 1829 3097 Verbum
1859 3057 1962 3096 non
1990 3051 2070 3096 est
2103 3044 2188 3098 in-

594 3132 946 3178 strumentum
982 3125 1186 3181 Patris.
1220 3157 1289 3168 -—
1313 3129 1470 3194 Quod
1502 3131 1552 3186 si
1587 3129 1808 3186 Patrem
1857 3131 1981 3188 Filii
2025 3135 2184 3205 prin-

2288 1866 2534 1937 ἀχρόνως
2565 1867 2908 1938 γεγέννηται.
2947 1866 3054 1920 Καὶ
3088 1869 3252 1937 μόνον
3280 1869 3342 1920 τὸ
3371 1867 3598 1940 Πνεῦμα
3623 1870 3682 1921 τὸ
3715 1868 3871 1936 ἅγιον

2293 1960 2651 2031 ὲκπορευτδν,
2685 1962 2748 2014 ὲκ
2775 1961 2876 2031 τῆς
2898 1962 2996 2014 τοῦ
3032 1960 3246 2032 Πατρὶς
3273 1960 3486 2029 οὐσίας,
3505 1961 3569 2014 οὐ
3591 1960 3871 2032 γεννώμε-

2298 2055 2410 2104 νον,
2438 2039 2554 2093 ἁλλ’
2582 2041 3023 2112 ἐκπορευόμενον
3043 2059 3056 2072 ·
3084 2043 3228 2096 οὕτω
3255 2043 3360 2112 μὲν
3438 2045 3536 2113 τῆς
3565 2046 3717 2112 Θείας
3734 2047 3881 2102 διδα-

2298 2130 2537 2202 σκούσης
2566 2117 2814 2205 Γραφῆς,
2849 2134 2944 2189 τοῦ
2975 2135 3030 2190 δὲ
3069 2137 3277 2207 τρόπου
3309 2137 3410 2208 τῆς
3449 2140 3756 2211 γεννήσεως
3783 2140 3880 2195 καὶ

2292 2221 2396 2292 τῆς
2427 2225 2813 2296 ὲκπορεύσεως
2843 2227 3231 2298 ἀκαταλήπτου
3265 2229 3626 2300 ὑπάρχοντος.

2367 2408 2478 2462 Kal.
2511 2408 2670 2463 τοῦτο
2718 2409 2774 2464 δὲ
2825 2410 3042 2476 ἰστέον,
3123 2413 3200 2474 ὡς
3308 2411 3409 2464 οὐκ
3458 2411 3518 2477 ἐξ
3545 2413 3701 2482 ἡμῶν
3746 2429 3880 2482 μετ..

2291 2499 2498 2572 ηνέχθη
2535 2501 2627 2554 ἐπὶ
2650 2499 2750 2572 τὴν
2789 2501 3068 2574 μακαρίαν
3097 2503 3329 2574 (teat-qm
3365 2503 3429 2557 τὸ
3467 2504 3567 2574 τῆς
3600 2505 3880 2575 πατρότηο

2291 2609 2406 2661 τος,
2435 2594 2532 2646 καὶ
2557 2593 2828 2664 υίότητπος,
2873 2598 2967 2650 καὶ
2991 2596 3381 2668 ἐκπορεύσεως
3417 2598 3590 2668 ὄνομα
3610 2614 3623 2626 ·
3651 2599 3880 2652 τούναν-

2291 2686 2406 2738 τίον
2453 2685 2510 2739 δὲ
2540 2684 2752 2740 ἐκεῖθεν
2788 2688 2922 2757 ἡμῖν
2965 2690 3340 2758 μεταδὲδοται,
3367 2690 3443 2754 ὥς
3474 2707 3640 2762 φησιν
3675 2694 3704 2744 ὁ
3733 2690 3880 2756 Θεῖος

2303 2778 2625 2841 Ἀπόστολος
2651 2797 2662 2808 ·
2703 2778 2805 2848 Διὰ
2860 2780 3036 2834 τοῦτο
3087 2781 3334 2850 κάμπτω
3376 2781 3447 2836 τὰ
3487 2783 3708 2852 γόνατά
3755 2801 3878 2853 μου

2289 2871 2440 2939 πρὸς
2461 2873 2567 2925 τὸν
2595 2871 2848 2939 Πατέρα,
2879 2871 2948 2937 ἐξ
2973 2869 3044 2929 οὗ
3083 2874 3251 2930 πᾶσα
3289 2876 3504 2946 πατριὰ
3524 2876 3598 2928 ἐν
3640 2876 3878 2945 οὐρανῷ

2288 2963 2386 3018 καὶ
2415 2964 2512 3016 ἐπὶ
2546 2963 2679 3033 γῆς.

2359 3057 2424 3110 El
2463 3056 2519 3108 δὲ
2559 3056 2791 3127 λέγομεν
2904 3059 2999 3114 τὸν
3100 3059 3324 3129 Πατέρα
3365 3059 3545 3130 ἀρχὴν
3591 3056 3732 3114 εἶναι
3776 3059 3874 3115 τοῦ

2288 3146 2419 3202 Υίοῦ
2455 3147 2549 3201 καὶ
2597 3149 2842 3218 μείζονα,
2873 3151 2934 3204 οὐ
2980 3150 3337 3222 προτε‹ρεύειν
3385 3147 3550 3204 αὐτὸν
3599 3150 3696 3204 τοῦ
3741 3150 3876 3205 Υῑοῦ

589 3217 794 3288 cipium
820 3226 874 3273 et
901 3220 1166 3287 majorem
1193 3237 1315 3285 esse
1338 3224 1575 3280 dicimus
1595 3268 1609 3290 ,
1639 3226 2068 3298 haudquaquam
2097 3230 2183 3285 his

2289 3238 2549 3310 χρόνῳ,ἢ
2599 3217 2760 3308 τρύσει
2810 3217 3212 3311 ὑποφαίνομενο
3256 3241 3327 3294 ’δι’
3369 3241 3537 3294 αὐτοῦ
3587 3241 3697 3315 γὰρ
3745 3242 3878 3308 τοὺς

591 3308 779 3363 verbis
815 3325 938 3379 cum
975 3309 1117 3364 Filio
1147 3314 1231 3367 vel
1278 3324 1527 3384 tempore
1573 3317 1812 3386 priorem
1856 3320 1941 3374 vel
1984 3329 2184 3376 natura

592 3402 1038 3468 praestantiorem
1073 3419 1197 3460 esse
1232 3405 1550 3462 indicamus
1584 3410 1606 3442 ³
1657 3409 1797 3478 (per
1824 3409 2002 3480 ipsum
2035 3413 2183 3468 enim

592 3495 725 3550 fecit
752 3499 952 3552 saacula
994 3499 1064 3569 ι),
1099 3515 1201 3555 nec
1227 3501 1467 3572 denique
1489 3504 1594 3559 alia
1623 3520 1682 3560 re
1707 3521 1870 3575 quam
1901 3507 2018 3562 sola
2049 3523 2182 3563 cau-

594 3605 651 3643 sa
683 3607 696 3654 ;
735 3592 836 3645 hoc
867 3601 952 3647 est
981 3593 1108 3662 quia
1136 3610 1202 3648 ex
1239 3593 1402 3650 Patre
1430 3598 1650 3667 genitus
1691 3608 1774 3654 est
1795 3639 1810 3665 ,
1851 3615 1960 3654 non
1995 3609 2179 3658 autem

590 3681 758 3738 Pater
789 3702 852 3739 ex
887 3685 1031 3740 Filio
1059 3707 1072 3755 ;
1103 3697 1158 3742 et
1185 3689 1316 3757 quia
1350 3698 1504 3759 pater
1533 3693 1865 3748 naturaliter
1894 3693 1988 3748 lilii
2019 3710 2185 3750 causa

587 3785 674 3831 est
699 3794 712 3830 :
742 3778 1210 3848 quemadmodum
1239 3796 1345 3836 nec
1378 3782 1558 3852 ignem
1590 3799 1655 3838 ex
1693 3785 1814 3841 luce
1849 3785 2072 3857 prodire
2100 3787 2187 3840 di-

579 3869 768 3924 cimus
787 3911 802 3934 ,
830 3885 1020 3923 verum
1051 3871 1229 3927 lucem
1255 3879 1322 3932 ex
1348 3873 1492 3944 igne.
1519 3872 1790 3939 Quocirca
1816 3891 1939 3930 cum
1971 3875 2186 3932 Patrem

590 3959 1084 4032 Filiiprimtipium
1117 3977 1185 4018 ac.
1225 3962 1351 4025 Filii
1404 3965 1674 4033 majorem
1700 3968 2083 4038 audierimus,
2132 3969 2186 4026 id

589 4067 777 4106 causm
811 4054 1022 4108 ratione
1051 4053 1452 4125 intelligamus.
1482 4055 1544 4120 Et
1577 4058 1756 4128 ignem
1789 4059 1935 4117 sicut
1963 4078 2074 4118 non
2107 4065 2189 4118 al-

589 4144 764 4198 terius
793 4144 1120 4220 substantiae
1149 4160 1276 4200 esse
1303 4146 1543 4212 dicimus
1563 4188 1584 4205 .
1635 4164 1701 4204 ac
1751 4167 1948 4210 rursus
1998 4154 2184 4210 lucem

589 4236 827 4292 alterius
855 4254 872 4302 ;
905 4237 1098 4298 eodem
1135 4238 1300 4292 modo
1345 4255 1446 4294 nec
1477 4242 1709 4301 alterius
1734 4244 2059 4303 substantia
2082 4246 2188 4303 Pa—

587 4337 692 4391 ter,
725 4329 956 4384 alterius
976 4327 1154 4384 Filius
1186 4329 1294 4385 dici
1321 4340 1504 4401 potest
1529 4352 1544 4402 ;
1573 4336 1672 4394 sed
1709 4338 1873 4399 unius
1897 4339 2180 4409 ejusdem-

584 4437 715 4491 que.
843 4421 1156 4498 Praeterea,
1207 4424 1354 4479 sicut
1404 4427 1587 4497 ignem
1635 4445 1732 4498 per
1777 4430 1957 4501 lucem
2008 4448 2075 4487 ex
2110 4448 2176 4488 eo

2289 3330 2493 3394 αἰῶνας
2520 3331 2808 3402 ἐποίησενο
2838 3334 2958 3387 οὐδὲ
2987 3333 3109 3386 καθ’
3137 3332 3325 3404 ἕτερόν
3353 3350 3429 3398 τι,
3462 3335 3510 3386 εί
3544 3333 3620 3404 μὴ
3650 3335 3789 3388 κατὰ
3811 3335 3876 3388 τδ

2287 3424 2490 3476 αἴτιον·
2521 3424 2823 3489 τουτέστιν,
2851 3427 2933 3480 ὅτι
2978 3427 3006 3477 ὁ
3035 3425 3162 3487 Υἱὸς
3211 3427 3274 3477 ἐκ
3321 3424 3414 3477 τοῦ
3470 3425 3684 3493 Πατρὸς
3720 3426 3876 3493 ἔγεν-

2288 3515 2448 3586 νήθη,
2479 3517 2574 3570 καὶ
2609 3519 2707 3588 οὐχ
2743 3519 2774 3571 ὁ
2810 3517 3002 3588 Πατὴρ
3036 3519 3100 3570 ὲκ
3133 3515 3226 3570 τοῦ
3257 3516 3420 3570 Υίοῦο
3458 3516 3551 3570 καὶ
3581 3517 3663 3570 ὃτι
3702 3518 3730 3569 ὁ
3754 3517 3873 3569 Πα-

2287 3609 2394 3680 τὴρ
2441 3609 2615 3671 αἴτιός
2648 3611 2765 3664 ἐστι
2803 3609 2898 3662 τοῦ
2945 3609 3076 3662 Υἱοῦ
3127 3607 3408 3677 φυσικῶςο
3450 3607 3639 3678 ὥσπερ
3671 3607 3782 3660 οὐκ
3804 3606 3871 3660 ὲκ

2283 3698 2379 3752 τοῦ
2403 3697 2586 3768 φωτὸς
2619 3699 2682 3753 τὸ
2711 3699 2824 3772 πῦρ
2857 3717 3047 3771 φαμεν
3078 3699 3464 3771 προέρχεσθαι,
3494 3698 3631 3752 ἀλλὰ
3663 3697 3725 3751 τὸ
3754 3697 3876 3768 φῶς

2288 3788 2491 3859 μᾶλλον
2514 3792 2579 3843 ὲκ
2605 3789 2697 3846 τοῦ
2721 3791 2915 3861 πυρός.
2953 3790 3080 3844 Ὅτε
3102 3783 3200 3843 ὀὖν
3225 3789 3550 3857 ἀκούσωμεν
3575 3784 3750 3856 ἀρχὴν
3775 3783 3876 3838 καὶ

2287 3879 2511 3950 μείζονα
2553 3879 2649 3933 τοῦ
2673 3879 2807 3933 Υίοΰ
2834 3881 2925 3932 τὸν
2975 3879 3219 3949 Πατέρα,
3257 3877 3338 3946 τῷ
3367 3877 3527 3946 αἰτίῳ
3562 3876 3873 3944 νοήσωμεν.

2284 3972 2396 4025 Καὶ
2423 3971 2615 4042 ὥσπερ
2646 3971 2708 4023 οὐ
2753 3969 2990 4040 λέγομεν
3034 3970 3228 4040 ἐτέρας
3266 3967 3458 4029 οὐσίας
3488 3965 3550 4018 τὸ
3589 3963 3723 4034 πῦρ,
3772 3964 3878 4018 καὶ

2285 4061 2479 4130 ἐτέρας
2528 4061 2590 4114 τὸ
2625 4060 2762 4128 φῶς,
2819 4059 2995 4122 οὕτως
3040 4057 3137 4128 οὐχ
3195 4052 3308 4113 οἷόν
3351 4073 3410 4110 τε
3451 4055 3620 4125 φάναι
3677 4053 3877 4124 ἑτέρας

2282 4153 2472 4215 οὐσίας
2503 4151 2596 4206 τὸν
2629 4153 2873 4223 Πατέρα,
2914 4153 3008 4204 καί
3035 4151 3128 4204 τὸν
3158 4149 3287 4203 Υίὸν
3309 4149 3502 4220 ἑτέρας
3523 4164 3538 4178 ο
3573 4145 3710 4201 ἀλλὰ
3741 4149 3877 4218 μιᾶς

2283 4249 2378 4308 καὶ
2407 4246 2508 4318 τῆς
2535 4247 2727 4316 αὐτῆς.
2753 4247 2865 4300 Kal
2894 4245 3153 4314 καθάπερ
3173 4243 3358 4314 φαμὲν
3381 4241 3471 4294 διὰ
3501 4237 3596 4295 τοῦ
3616 4237 3676 4305 ἐξ
3702 4237 3872 4292 αὐτοῦ

2285 4337 2694 4410 προερχομένου
2718 4336 2895 4407 φωτὸς
2922 4335 3135 4405 φαίνειν
3157 4333 3218 4386 τὸ
3239 4331 3372 4404 πῦρ,
3400 4333 3492 4386 καὶ
3519 4331 3580 4385 οὐ
3606 4329 3876 4401 τιθέμεθα

2287 4430 2522 4501 ὄργανον
2571 4428 2909 4500 ὐπουργικὸν
2946 4424 3088 4482 εἶναι
3135 4423 3230 4479 τοῦ
3283 4424 3458 4495 πυρὸς
3504 4421 3566 4475 τὸ
3594 4420 3651 4488 ἐξ
3700 4418 3872 4475 αὐτοῦ

586 4513 1026 4584 progredientem
1059 4515 1252 4585 lucere
1277 4516 1516 4578 dicimus
1544 4538 1556 4573 :
1595 4535 1697 4576 nec
1726 4523 1957 4591 proinde
1990 4533 2176 4592 tamen

2289 4521 2428 4592 φῶς,
2455 4520 2689 4592 δύναμιν
2715 4521 2774 4574 δὲ
2809 4520 3012 4591 μᾶλλον
3044 4518 3280 4589 φυσικήν
3299 4533 3312 4549 ·
3345 4515 3487 4568 οὕτω
3516 4513 3750 4585 λέγομεν
3777 4511 3874 4564 τὸν

591 4610 769 4660 lucem
791 4606 1016 4662 illamex
1038 4622 1104 4664 eo
1126 4617 1441 4678 manantem
1457 4626 1728 4678 organum
1753 4611 2030 4678 quoddam
2048 4629 2170 4669 esse

574 4687 678 4756 ipsi
710 4688 1046 4750 inserviens,
1084 4687 1181 4766 sed
1218 4683 1324 4742 vim
1355 4691 1655 4762 quan-Idam
1707 4691 1953 4760 nativam
1978 4696 2178 4754 statui.-

575 4795 705 4834 mus
742 4797 754 4832 :
790 4780 911 4849 puri
961 4780 1128 4850 modo
1178 4779 1410 4850 Patrem
1450 4783 1638 4838 orlinia
1696 4799 1822 4851 quae
1867 4783 2032 4851 facit,
2081 4803 2179 4857 per

577 4871 937 4943 Unigenitum
993 4889 1154 4932 suum
1212 4873 1396 4932 facere
1437 4876 1716 4944 dicimus,
1756 4892 1869 4932 non
1907 4889 2175 4950 tanquam

563 4981 675 5035 φεῖ
698 4965 900 5021 servile
927 4967 1206 5037 quoddam
1229 4983 1529 5038 organum,
1551 4970 1648 5034 sed
1735 4977 1798 5028 ut
1887 4985 1984 5040 per
2064 4969 2173 5034 vim

565 5059 892 5113 naturalem
949 5067 1005 5113 et
1063 5059 1484 5115 subsistentem.
1621 5061 1859 5132 insuper
1911 5060 2175 5132 quemad-

576 5150 802 5204 modum
828 5151 1010 5220 ignem
1031 5152 1354 5226 illuminare
1377 5153 1619 5212 dieimus
1639 5197 1654 5223 ,
1691 5156 1950 5228 idemque
1981 5171 2169 5213 rursus

575 5244 755 5310 ipsius
791 5243 899 5298 luci
937 5245 1238 5302 tribuimus
1271 5262 1284 5310 ;
1320 5247 1402 5302 sic
1429 5248 1612 5302 omnia
1652 5264 1770 5319 qua
1809 5248 1978 5304 Pater
2007 5250 2174 5319 facit,

573 5333 746 5390 Filius
781 5335 948 5390 etiam
981 5337 1235 5393 “utiliter
1275 5338 1414 5407 facit.
1466 5343 1512 5393 ⁸.
1552 5341 1624 5394 At
1661 5356 1791 5396 vero
1826 5341 1883 5396 in
1918 5341 2022 5397 hac
2057 5343 2177 5396 dis-

573 5430 788 5484 i-rimen
817 5429 984 5484 situm
1013 5439 1097 5499 est
1117 5469 1132 5494 ,
1163 5431 1318 5501 quod
1343 5430 1433 5486 lux
1468 5434 1748 5503 propriam
1773 5442 1831 5488 et
1851 5432 2176 5490 distinctam

576 5522 644 5574 ab
676 5523 802 5591 igne
835 5522 1259 5581 subsistentiam
1286 5537 1397 5590 non
1419 5524 1609 5580 habet.
1634 5524 1811 5581 Filius
1835 5536 2018 5582 autem
2051 5541 2180 5597 per-

579 5610 722 5667 tecta
756 5615 1078 5685 Ilypostasis
1117 5623 1240 5680 est,
1275 5631 1307 5670 a
1349 5625 1582 5687 paterna
1631 5617 1915 5690 liypostasi
1954 5618 2180 5688 insepa-

577 5704 775 5759 rabilis
798 5745 813 5769 ,
855 5717 914 5764 ut
948 5711 1210 5780 superius
1247 5725 1276 5764 a
1317 5710 1480 5766 nobis
1517 5719 1804 5768 ostensum
1845 5719 1950 5768 est.
1989 5709 2182 5781 Neque

579 5793 728 5846 enim
763 5794 881 5850 ﬁeri
912 5809 1093 5865 potest
1119 5809 1178 5855 ut
1209 5801 1264 5856 in
1299 5801 1469 5858 rebus
1500 5804 1705 5858 creatis
1733 5803 1917 5870 imago
1947 5802 2055 5857 ulla
2083 5809 2177 5855 aut

2286 4611 2512 4670 Πατιοα
2538 4611 2719 4669 πάντα
2745 4609 2850 4665 ὅσα
2886 4609 3050 4675 ποιεῖ,
3080 4606 3170 4661 διὰ
3195 4605 3298 4660 τοῦ
3333 4601 3659 4676 μονογενοῦς
3702 4598 3871 4654 αὐτοῦ

2284 4692 2417 4747 Υίοῦ
2453 4694 2649 4753 ποιεῖν,
2683 4689 2782 4758 οὐχ
2818 4689 2893 4748 ὡς
2919 4688 2990 4740 δι’
3039 4687 3278 4757 ὀργάνου
3477 4687 3888 4760 λειτουργικοῦ,

2283 4783 2423 4840 ἀλλὰ
2452 4781 2688 4852 φυσικῆς
2716 4781 2805 4833 καί
2831 4779 3202 4832 ὲνυποστάτου
3227 4777 3533 4848 δυνάμεως.
3553 4779 3663 4833 Kal.
3693 4777 3889 4852 ὥσπερ

2283 4876 2520 4946 λέγομεν
2549 4872 2611 4926 τὸ
2636 4870 2749 4942 πῦρ
2788 4870 3070 4940 φωτίζειν,
3106 4870 3202 4923 καὶ
3244 4869 3405 4924 πάλιν
3450 4869 3634 4940 φαμὲν
3666 4870 3728 4922 τδ
3767 4870 3894 4940 φῶς

2285 4967 2382 5020 τοῦ
2414 4964 2586 5035 πυρὸς
2626 4961 2906 5034 φωτίζειν,
2934 4960 3080 5016 οὕτω
3115 4959 3315 5014 πάντα
3344 4959 3463 5014 ὅσα
3501 4959 3665 5015 ποιεῖ
3693 4965 3726 5016 ὁ
3762 4959 3891 5016 Πα-

2288 5058 2424 5127 τὴρ,
2458 5056 2674 5126 ὁμοίως
2717 5056 2818 5110 καὶ
2853 5058 2885 5109 ό
2939 5055 3076 5120 Υἱὸς
3111 5053 3296 5107 ποιεῖ.
3335 5053 3498 5106 Ἀλλὰ
3528 5054 3590 5106 τὸ
3637 5055 3734 5126 μὲν
3771 5053 3896 5123 φῶς

2286 5151 2386 5204 οὐκ
2411 5149 2558 5203 ἰδίαν
2592 5147 2898 5222 ὑπόστασιν
2943 5147 3098 5217 παρὰ
3134 5145 3197 5196 τὸ
3235 5143 3351 5216 πῦρ
3393 5145 3698 5217 κέκτηταιο
3758 5147 3787 5198 ὁ
3832 5145 3896 5200 δὲ

2296 5242 2419 5305 Υἱὸς
2441 5241 2626 5297 τελεία
2649 5240 2958 5303 ὕπόστασίς
2985 5241 3126 5302 ἐστι,
3149 5238 3252 5306 τῆς
3281 5238 3556 5309 πατρικῆς
3578 5237 3898 5312 ἀχὼρὶιστος

2292 5335 2672 5401 ὑποστάσεως,
2703 5333 2784 5398 ὡς
2828 5331 3090 5401 ἀνωτέρω
3114 5331 3565 5402 παρεστήκαμεν.
3599 5329 3898 5400 Ἀδύνατον

2290 5429 2402 5499 γὰρ
2445 5427 2738 5498 εὑρεθῆναι
2777 5427 2836 5478 ἐν
2880 5427 2950 5495 τῇ
2984 5423 3164 5478 κτίσει
3213 5424 3404 5478 εἰκόνα
3447 5425 3898 5497 ἀπαραλλάκτως

2291 5523 2366 5576 ὲν-
2396 5523 2569 5593 ἑαυτῇ
2622 5520 2716 5573 τὸν
2756 5519 2964 5588 τρόπον
2999 5517 3102 5586 τῆς
3151 5518 3314 5585 ἁγίας
3347 5517 3579 5589 Τριάδος
3627 5518 3902 5589 παραδει-

2294 5613 2594 5673 κνύουσαν.
2640 5613 2714 5665 Τὸ
2765 5611 2875 5682 γὰρ
2910 5610 3130 5664 κτιστὺν
3165 5612 3260 5665 καὶ
3307 5610 3592 5678 σύνθετον,
3625 5612 3719 5666 καὶ
3765 5615 3900 5683 ῥευ-

2296 5707 2442 5767 στὸν,
2495 5703 2592 5758 καὶ
2643 5701 2904 5772 τρεπτδν,
2956 5702 3054 5754 καὶ
3102 5703 3514 5774 περίγραπτον,
3555 5702 3651 5757 καὶ
3704 5703 3902 5773 σχῆμα

2297 5796 2440 5866 ἔχον,
2485 5795 2579 5848 καὶ
2609 5793 2876 5864 φθαρτὸν,
2912 5793 3032 5858 πῶς
3056 5797 3248 5865 σαφῶς
3276 5795 3506 5870 δηλώσει
3534 5796 3636 5869 τὴν
3675 5797 3904 5852 πάντων

661 5887 681 5917 ³
706 5885 862 5943 Join.
895 5907 981 5957 xv,
1015 5893 1106 5948 26.
1183 5898 1202 5928 '
1239 5895 1438 5966 Ephcs.
1478 5913 1530 5964 v,
1557 5897 1644 5952 Η.
1725 5897 1742 5929 ³
1767 5896 1923 5952 Joau.
1961 5913 2048 5965 xv,
2081 5897 2172 5954 28.

2311 5897 2474 5954 llebr.
2503 5912 2543 5965 ι,
2579 5895 2666 5954 26.
2747 5899 2768 5932 '
2800 5895 2958 5955 Joan.
2991 5912 3046 5966 v,
3081 5899 3170 5956 t9.
