4130 6400
614 397 715 464 lii

1802 400 2190 464 EUTllYMll
2235 400 2622 462 ZIGABENL

3760 398 3856 462 112

605 525 858 571 naturam
903 515 1196 585 perfectam
1245 517 1654 588 intelligamus;
1701 517 1796 572 sed
1841 533 2005 571 unam
2039 519 2174 570 sim-

2286 533 2402 569 σεσι
2435 519 2566 584 μίαν
2589 513 2772 583 ἁπλῆν
2794 511 3005 576 οὐσίαν,
3053 510 3351 582 ὑπερτελῆ,
3389 511 3483 564 καὶ
3527 511 3854 582 προτέλειον.

604 607 804 679 pliccm
847 608 1212 664 substantiam
1249 619 1303 664 et
1337 609 1628 664 essentiam
1659 611 1808 665 omni
1841 610 2178 678 perfectione

605 699 944 767 superiorem
1008 707 1063 753 et
1128 698 1498 764 anteriorem,
1560 699 1613 753 in
1675 700 1848 754 tribus
1921 699 2179 770 perfectis

606 789 853 860 personis
901 803 1211 846 noscamus.
1245 790 1524 860 Quidquid
1563 793 1706 846 enim
1737 807 1801 847 ex
1844 792 2179 863 imperfectis

603 878 892 945 conﬂatur,
947 885 1261 937 necessario
1316 885 1680 954 compositum
1719 893 1824 940 est.
1855 886 1924 938 At
1957 900 2020 938 ex
2053 901 2177 953 per-

604 971 758 1027 fectis
793 973 1178 1042 ltypostasibus
1209 978 1532 1045 compositio
1559 976 1668 1030 ﬁeri
1697 992 1803 1031 non
1831 988 2031 1048 potest.
2060 977 2180 1044 Quo

605 1061 663 1115 lit
703 1072 761 1116 ut
801 1078 906 1118 nec
958 1067 1197 1134 speciem
1249 1082 1312 1120 ex
1358 1068 1749 1138 ltypostasibus
1782 1070 2035 1141 singulis,
2084 1069 2178 1124 sed

603 1164 659 1205 In
699 1152 1083 1224 bypostasibus
1118 1157 1348 1228 singulis
1381 1159 1648 1216 dicamus.
1703 1162 2024 1232 lmperfecta
2052 1177 2182 1216 vero

600 1243 858 1312 diximus,
893 1263 1014 1318 quae
1053 1252 1290 1320 speciem
1342 1269 1447 1308 non
1503 1265 1728 1309 servant
1780 1256 1899 1324 ejus
1943 1254 2022 1310 rei
2061 1269 2182 1325 qua:

599 1352 665 1392 ex
705 1338 838 1408 ipsis
882 1342 1137 1396 ellicitur.
1169 1343 1334 1415 Lapis
1367 1347 1537 1411 enim,
1582 1347 1809 1419 lignum,
1853 1347 2056 1401 ferrum
2087 1364 2183 1418 per

597 1445 657 1484 se
699 1431 941 1502 quidem,
991 1435 1034 1488 si
1069 1436 1397 1504 peculiarem
1440 1439 1705 1509 cujusque
1756 1448 2005 1492 naturam
2054 1454 2180 1510 spe-

2284 611 2398 663 Πᾶν
2435 609 2545 678 γάρ
2575 608 2633 674 ἐξ
2671 607 2877 661 ἀτελῶν
2912 606 3312 676 συγκείμενον,
3351 605 3610 658 σύνθετον
3645 608 3854 669 πάντως

2279 702 2454 754 ιστίν.
2497 702 2592 754 Ἐκ
2619 701 2675 753 δὲ
2707 700 2928 752 τελείων
2976 700 3330 752 ὑποστάσεων
3368 697 3635 752 ἀδύνατον
3669 697 3854 751 σύνθε-

2281 811 2368 846 σ.ν
2395 792 2667 862 γενέσθαι.
2699 792 2860 844 Ὅθεν
2887 789 3010 843 οὑδὲ
3033 773 3266 858 λέγομεν
3291 791 3350 842 τὸ
3377 786 3515 849 εἶδος
3547 789 3606 852 ἐξ
3630 789 3857 842 ὑποστάς

2283 903 2447 947 σεων,
2478 885 2593 940 ἀλλ’
2622 886 2678 938 ἐν
2711 884 3097 937 ὑποστάσεσιν.
3130 881 3361 936 Ἀτελῶν
3391 882 3446 935 δὲ
3477 880 3729 950 εἴπομεν,
3756 882 3856 932 τιίν

2285 978 2361 1048 μὴ
2403 977 2684 1042 σωζόντων
2718 977 2775 1029 τὸ
2815 971 2958 1038 εἶδος
2989 975 3084 1028 τοῦ
3117 975 3174 1040 ἐξ
3204 975 3384 1028 αὑτῶν
3417 973 3853 1041 ἀποτελούμενον

2284 1070 2633 1139 πράγματος.
2665 1067 2823 1128 Λίῦος
2861 1068 2958 1136 μὲν
2991 1067 3124 1136 γὰρ,
3157 1064 3250 1119 καὶ
3277 1065 3458 1132 ξύλον,
3491 1065 3586 1118 καὶ
3620 1065 3855 1134 σίδηρος,

2281 1162 2515 1216 ἕκαστον
2548 1161 2668 1214 καθ’
2701 1161 2864 1213 ἑαυτὸ
2896 1161 3103 1212 τέλειόν
3133 1161 3250 1211 ἐστι
3292 1162 3430 1210 κατὰ
3460 1156 3558 1228 τὴν
3594 1156 3729 1210 ἰδίαν
3759 1155 3888 1226 φύο-

2285 1271 2402 1307 σιν·
2448 1255 2585 1324 πρὸς
2625 1253 2682 1307 δὲ
2719 1255 2778 1306 τὸ
2819 1255 2875 1319 ἐξ
2919 1253 3100 1306 αὑτῶν
3148 1251 3588 1319 ἀποτελούμενον
3630 1252 3856 1320 οἴκημα.

2283 1346 2470 1408 ἀτελὲς
2515 1347 2748 1398 ἕκαστον
2792 1347 3029 1415 ὑπάρχει
3056 1361 3071 1375 ο
3121 1344 3239 1397 οὐδὲ
3282 1345 3390 1412 γὰρ
3435 1345 3585 1396 ἐστιν
3630 1342 3858 1395 ἕκαστον

2283 1439 2466 1492 αὐτῶν
2499 1438 2622 1490 καθ’
2651 1439 2812 1492 ἑαυτὸ
2837 1435 3009 1494 οἶκος.

599 1536 735 1586 ctes,
769 1528 1008 1595 perfecta
1044 1534 1173 1582 sunt
1207 1545 1220 1581 :
1253 1539 1309 1583 at
1339 1539 1591 1600 respectu
1627 1533 1824 1585 domus
1851 1546 1972 1600 qua:
2004 1546 2070 1585 cx
2103 1531 2236 1600 ipsis
2266 1540 2549 1586 exstructa
2583 1542 2685 1597 est,
2710 1531 2923 1602 singula
2957 1532 3276 1603 imperfecta
3307 1540 3460 1587 sunt.
3497 1531 3685 1600 Neque
3712 1530 3856 1584 enim

598 1619 898 1689 quidquam
923 1619 1142 1685 lterum,
1177 1622 1220 1676 si
1256 1622 1514 1692 privatim
1544 1624 1954 1689 consideretur,
1989 1625 2186 1680 domus
2215 1636 2320 1682 est.

669 1710 939 1776 Quocirca
980 1713 1250 1782 perfectas
1278 1716 1498 1784 quidem
1543 1733 1804 1786 personas
1834 1719 2174 1788 profitemur,

2353 1721 2583 1783 Τελείας
2617 1721 2718 1791 μὲν
2753 1719 2846 1774 οὑν
2881 1719 2982 1782 τὰς
3021 1718 3354 1781 ὑποστάσεις
3389 1717 3575 1787 φαμὲν
3597 1755 3611 1777 .
3655 1716 3744 1768 ἵνα
3783 1717 3857 1788 μὴ

598 1819 668 1858 ne
717 1805 770 1857 in
829 1804 1008 1859 divina
1051 1815 1244 1860 natura
1296 1807 1747 1876 compositionem
1785 1809 2174 1880 intelligamus.

597 1896 935 1967 Compositio
964 1900 1110 1953 enim
1140 1899 1352 1956 dissidii
1385 1911 1560 1956 mater
1595 1912 1698 1957 est.
1733 1904 1802 1957 At
1845 1919 2035 1958 rursus
2065 1913 2176 1959 tres

596 2007 859 2061 personas
891 1994 943 2046 in
985 2007 1044 2048 se
1088 1993 1322 2049 invicem
1372 2009 1494 2050 esse
1518 1995 1774 2064 dicimus,
1833 2011 1904 2050 ne
1953 1997 2178 2052 deorum

596 2085 810 2155 copiam
861 2093 915 2138 et
969 2087 1186 2142 turbam
1241 2087 1586 2143 inducamus.
1636 2088 1710 2143 Ita
1760 2105 1858 2158 per
1907 2097 2018 2144 tres
2056 2104 2180 2158 per-

598 2191 763 2231 sonas
815 2177 917 2234 boc
951 2177 1328 2249 intelligimus,
1368 2181 1514 2251 quod
1563 2181 1746 2236 nullus
1790 2181 1876 2237 hic
1909 2182 2180 2252 composi-

595 2270 732 2325 tioni
769 2279 823 2325 et
864 2271 1177 2330 confusioni
1227 2273 1379 2329 locus
1424 2273 1495 2329 sit
1529 2291 1542 2328 :
1578 2290 1675 2346 per
1716 2274 1769 2328 id
1817 2285 1998 2330 autem
2028 2277 2178 2344 quod

598 2372 986 2432 trespcrsonte
1014 2363 1257 2435 ejusdem
1302 2364 1622 2420 substantia:
1669 2375 1820 2431 sunt,
1856 2374 1908 2420 et
1956 2366 2075 2420 alite
2121 2367 2176 2422 in

595 2457 746 2523 aliis;
779 2457 926 2527 quod
957 2457 1120 2512 etiam
1156 2458 1347 2512 eadem
1383 2458 1657 2521 voluntas,
1685 2457 1876 2513 eadem
1907 2459 2177 2530 operatio,

597 2549 788 2605 eadem
821 2551 901 2604 vis
941 2565 1005 2604 ac
1061 2551 1325 2618 potentia,
1372 2565 1436 2604 ac
1499 2549 1736 2618 denique
1774 2549 1950 2626 idem,
1989 2559 2047 2604 ut
2106 2551 2180 2605 ita

589 2642 818 2713 loquar,
853 2642 909 2698 in
951 2641 1057 2696 illis
1094 2652 1274 2696 motus
1303 2651 1408 2704 est,
1441 2641 1546 2696 hoc
1591 2641 1975 2713 agnoscimus;
2031 2643 2178 2713 quod

596 2737 855 2788 nimirum
912 2737 966 2788 in
1023 2736 1130 2790 illis
1182 2735 1332 2789 nulla
1388 2733 1586 2790 divisio
1635 2735 1813 2789 locum
1851 2735 2084 2798 habeat,
2125 2745 2181 2792 et

597 2829 744 2898 quod
793 2845 934 2884 unus
994 2830 1064 2884 sit
1098 2828 1259 2885 Deus.
1309 2826 1465 2885 Unus
1496 2832 1696 2902 quippe
1732 2849 1859 2886 vere
1905 2829 2046 2888 Deus
2076 2845 2184 2900 esu,

597 2917 762 2984 Deus,
799 2918 1035 2975 Verbum
1061 2930 1116 2976 et
1149 2921 1388 2992 Spiritus
1411 2925 1571 2993 ejus.

672 3014 784 3068 lloc
808 3023 988 3068 autem
1017 3031 1182 3072 nosse
1213 3018 1465 3083 interest,
1520 3018 1664 3086 quod
1701 3018 1850 3074 aliud
1879 3020 1952 3074 sit
1979 3021 2161 3090 quoad

2283 1814 2534 1869 σύνθεσιν
2565 1815 2656 1866 ἐπὶ.
2685 1814 2785 1882 τῆς
2813 1814 2962 1876 Θείας
2997 1815 3283 1884 νοήσωμεν
3323 1810 3562 1883 φύσεως.
3601 1810 3858 1873 Σύνθεσις

2283 1907 2393 1976 γάρ
2423 1906 2568 1977 ἀρχὴ
2609 1906 2968 1968 διαστάσεως.
3007 1906 3117 1958 Καὶ
3154 1905 3350 1966 πάλιν,
3383 1905 3442 1956 ὲν
3469 1903 3732 1972 ἀλλήλαις
3762 1902 3860 1966 τὰς

2276 1999 2423 2068 τρεῖς
2454 1998 2787 2060 ὑποστάσεις
2814 1997 3072 2068 λέγομεν,
3111 1997 3198 2050 ἵνα
3227 1997 3302 2066 μὴ
3333 1994 3536 2066 πλῆθος
3567 1994 3663 2049 καὶ
3689 1994 3859 2063 δῆμον

2276 2089 2414 2142 Θεῶν
2447 2091 2857 2160 εἰσαγάγωμεν.
2893 2090 2993 2144 Διὰ
3028 2089 3128 2158 μὲν
3161 2087 3271 2140 τῶν
3300 2088 3466 2159 τριῶν
3502 2087 3859 2142 ὑποστάσεων

2275 2182 2335 2234 τὸ
2368 2181 2665 2236 ἀσύνθετον
2705 2185 2800 2235 καὶ
2839 2181 3152 2252 άσύγχυτον
3173 2196 3186 2212 ·
3212 2181 3300 2234 διὰ
3327 2180 3383 2234 δὲ
3417 2179 3510 2234 τοῦ
3545 2177 3858 2250 ὀμοουσίου,

2275 2274 2372 2327 καὶ
2408 2274 2505 2328 τοῦ
2534 2275 2597 2327 ὲν
2626 2275 2890 2345 ἀλλήλαις
2927 2269 3068 2328 εἶναι
3099 2273 3199 2336 τὰς
3229 2273 3596 2340 ὑποστάσεις,
3631 2275 3726 2326 καὶ
3758 2273 3859 2340 τῆς

2277 2367 2610 2436 ταυτότητος
2657 2367 2754 2420 τοῦ
2801 2367 3104 2438 θελήματος
3146 2383 3230 2430 τε,
3277 2367 3372 2420 καὶ
3412 2367 3510 2436 τῆς
3554 2364 3857 2435 ἐνεργείας.

2281 2459 2374 2514 καὶ
2403 2460 2502 2529 τῆς
2533 2460 2840 2530 δυνάμεως,
2877 2460 2974 2513 καὶ
3008 2459 3112 2530 τῆς
3151 2458 3427 2525 ἐξουσίας,
3461 2460 3552 2511 καὶ
3582 2458 3682 2527 τῆς
3709 2457 3861 2526 κινή-

2283 2569 2443 2615 σεως,
2484 2552 2550 2605 ἵν’
2591 2552 2768 2615 οὑτως
2807 2552 2972 2618 εἴπω,
3021 2552 3083 2605 τὸ
3130 2553 3460 2621 ἀδιαίρετον,
3496 2551 3592 2604 καὶ
3624 2550 3684 2603 1:6
3718 2545 3860 2602 εἶναι

2280 2645 2378 2701 ἕνα
2404 2645 2537 2698 Θείαν
2575 2645 2936 2716 γνωρίζομεν.
2969 2639 3062 2707 Εἷς
3105 2644 3217 2714 γὰρ
3245 2644 3417 2708 ὅντως
3443 2644 3596 2710 Θεὸς,
3637 2643 3666 2697 ὁ
3703 2642 3856 2709 Θεὸς,

2283 2739 2381 2792 καὶ
2410 2739 2437 2791 6
2463 2738 2653 2806 Λόγος,
2683 2737 2860 2792 καὶτὸ
2891 2735 3119 2808 Πνεῦμα
3161 2737 3351 2795 αὑτοῦ.

2341 3017 2464 3091 Χρὴ
2497 3017 2554 3072 δὲ
2592 3019 2815 3084 εἰδέναι,
2859 3020 2942 3075 ὅτι
2981 3019 3170 3092 ἕτερόν
3209 3019 3264 3075 τί
3307 3019 3424 3074 ἔστι
3464 3017 3528 3071 τὸ
3570 3018 3863 3088 πράγματι

563 3116 719 3168 -rem,
759 3109 814 3156 et
850 3101 1006 3156 aliud
1063 3105 1280 3158 ratione
1327 3117 1391 3158 ac
1423 3103 1762 3173 cogitatione
1794 3105 2169 3162 considerari.

2276 3106 2570 3180 πράγματι
2602 3104 2953 3176 θεωρεῖσθαι,
2974 3105 3068 3158 καὶ
3104 3105 3233 3159 ἄλλο
3259 3104 3319 3158 τὺ
3342 3106 3485 3176 λόγῳ
3515 3108 3606 3160 καὶ
3633 3107 3871 3177 ἐπινοίᾳ.

582 3193 880 3249 Enimvero
916 3197 970 3248 in
1017 3195 1283 3250 omnibus
1330 3196 1606 3251 creaturis
1647 3197 1915 3254 discretio
1947 3199 2169 3268 quidem

578 3301 944 3356 personarum
998 3289 1180 3356 quoad
1232 3302 1348 3341 rem
1395 3287 1931 3343 consideratam-Re
1960 3290 2169 3360 quippe

531 3446 539 3454 ο
580 3378 700 3450 ipsa
760 3375 984 3432 Petrum
1038 3393 1067 3431 a
1117 3376 1287 3432 Paulo
1337 3387 1652 3448 separatum
1709 3381 2168 3446 consideramus;

579 3472 948 3528 communitas
998 3480 1182 3528 autem
1239 3483 1293 3528 et
1339 3474 1664 3542 conjunctio
1733 3483 1898 3544 atque
1959 3475 2170 3540 unitas,

578 3563 794 3618 ratione
820 3572 994 3635 atque
1020 3566 1362 3636 cogitatione
1400 3567 1764 3637 perspicitur.
1791 3565 1895 3621 Per
1928 3576 2167 3622 mentem

577 3657 725 3711 enim
759 3657 1110 3727 concipimus
1144 3657 1367 3712 Petrum
1406 3667 1464 3714 et
1498 3659 1726 3714 Paulum
1758 3658 2009 3729 ejusdem
2042 3673 2172 3715 esse

577 3759 808 3814 natura},
852 3761 1226 3823 naturamque
1259 3767 1426 3806 unam
1473 3767 1823 3808 communem
1941 3751 2165 3808 habere.

2279 3199 2403 3252 Ἐπὶ
2427 3199 2528 3268 μὲν
2549 3194 2644 3251 οὖν
2676 3199 2895 3253 πάντων
2915 3195 3025 3251 τῶν
3049 3199 3388 3269 κτισμάτων,
3416 3199 3449 3269 ή
3476 3198 3576 3269 μὲν
3601 3198 3710 3251 τῶν
3734 3200 3873 3253 ὑπο-

2274 3296 2518 3345 στάσεων
2558 3291 2848 3362 διαίρεσις,
2895 3290 3183 3363 πράγματι
3223 3290 3531 3361 Θεωρείται.
3571 3292 3873 3362 Πράγματι

2275 3382 2385 3454 γάρ
2421 3384 2450 3436 6
2486 3383 2692 3454 Πέτρος
2727 3382 2824 3437 τοῦ
2854 3383 3068 3438 Παύλου
3104 3382 3514 3452 κεχωρισμένος
3555 3383 3867 3451 Θεωρεῖται.

2284 3474 2351 3527 Ἠ
2383 3473 2439 3527 δὲ
2468 3476 2741 3544 κοινότης,
2777 3475 2874 3529 καὶ
2898 3477 2930 3545 ή
2960 3475 3250 3542 συνάφεια,
3278 3474 3371 3525 καὶ
3399 3473 3459 3526 τὸ
3484 3472 3566 3539 ἓν,
3603 3472 3748 3544 λόγῳ
3772 3475 3870 3530 καὶ

2273 3566 2487 3640 ἐπινοίᾳ
2521 3567 2827 3639 θεωρεῖται.
2861 3566 3112 3638 Νοοῦμεν
3137 3565 3246 3635 γὰρ
3275 3565 3353 3635 τῷ
3374 3564 3472 3633 νῷ,
3492 3565 3574 3618 ὅτι
3599 3566 3627 3617 6
3656 3565 3866 3634 Πέτρος

2275 3659 2371 3713 καὶ
2397 3660 2426 3712 6
2459 3660 2674 3724 Παῦλος
2730 3659 2832 3730 τῆς
2873 3661 3044 3730 αὐτῆς
3077 3660 3185 3716 εἰσι
3233 3657 3479 3726 φύσεως,
3517 3656 3615 3712 καὶ
3672 3656 3865 3726 κοινὴν

2276 3752 2408 3824 μίαν
2435 3752 2618 3824 έχουσι
2655 3753 2840 3823 φύσιν.
2873 3755 3144 3818 Ἕκαστος
3182 3752 3290 3824 γάρ
3317 3751 3497 3804 αὑτῶν
3531 3748 3671 3815 ζῶόν
3690 3749 3812 3801 ἐστι
3837 3747 3867 3788 κ

576 3839 711 3896 Nam
745 3851 981 3912 uterque
1011 3859 1203 3900 eorum
1249 3844 1455 3899 animal
1513 3843 1789 3900 rationale
1831 3852 1888 3898 et
1933 3843 2171 3899 mortale

2276 3844 2487 3914 λογικὸν
2545 3845 2772 3916 θνητόν·
2826 3846 2922 3899 καὶ
2958 3845 3190 3907 ἕκαστος
3245 3841 3383 3912 σάρξ
3421 3842 3570 3892 ἐστιν
3601 3837 3868 3908 ἐμψυχωο

577 3942 661 3988 est
695 3950 708 3986 :
748 3943 802 3988 et
833 3946 1067 4004 uterque
1098 3950 1230 3990 caro
1259 3943 1365 3999 est,
1388 3936 1572 3989 anima
1599 3935 1860 3990 rationali
1891 3945 1945 3990 et
1965 3934 2174 3989 intelli-

2276 3939 2411 4008 μένη
2447 3935 2628 4006 ιψυχῇ
2657 3937 2851 4007 λογικῇ
2881 3952 2941 3988 τε
2974 3937 3070 3990 καὶ
3102 3935 3285 4004 νοερᾷ.
3335 3931 3483 4001 Αὕτη
3513 3925 3606 3983 οὖν
3642 3931 3675 4001 ἡ
3705 3929 3871 4003 κοινὴ

577 4032 740 4091 gente
788 4024 1049 4094 praedita.
1188 4022 1311 4078 llzec
1365 4026 1555 4094 itaque
1606 4025 1919 4080 communis
1972 4033 2172 4079 natura

2276 4029 2432 4098 φύσις
2464 4029 2543 4099 τῷ
2574 4027 2719 4096 λόγῳ
2750 4027 2871 4082 ἐστὶ
2905 4025 3180 4097 θεωρητή.
3213 4023 3350 4082 Οὐδὲ
3379 4023 3488 4093 γάρ
3521 4025 3578 4076 αἱ
3614 4021 3864 4076 ὑποστά-

578 4115 798 4168 ratione
828 4115 1238 4170 consideratur.
1275 4115 1465 4184 Neque
1510 4117 1657 4170 enim
1698 4116 2027 4187 bypostases
2051 4119 2174 4174 alia:

2276 4139 2384 4186 σεις
2420 4123 2479 4175 ὲν
2504 4120 2764 4191 ἀλλήλαις
2789 4118 2950 4172 εἰσίν.
2996 4117 3129 4186 ’ἰδίᾳ
3169 4116 3226 4169 δὲ
3254 4115 3463 4185 ἑκάστη
3515 4115 3612 4168 καὶ
3651 4113 3870 4183 ἀναμέη

579 4221 613 4259 n
649 4205 772 4260 aliis
807 4215 968 4269 sunt,
1005 4222 1196 4260 verum
1249 4207 1803 4278 qumlibetprivatim
1857 4217 1913 4263 et
1953 4209 2164 4280 sigilla-

579 4297 713 4360 tim,
751 4297 855 4354 hoc
904 4307 987 4353 est
1029 4298 1327 4368 sejunctim
1377 4299 1667 4363 consistit;
1718 4301 1998 4370 habetque
2039 4317 2164 4371 pcr-

579 4389 750 4442 mnlta
796 4389 1000 4460 quibus
1029 4390 1098 4444 ab
1131 4390 1238 4443 alia
1286 4405 1521 4460 persona
1560 4388 1877 4446 dirimatur.
1920 4391 2058 4445 Nam
2112 4402 2168 4447 et

2272 4231 2386 4286 ρος,
2415 4215 2582 4284 ήγουν
2608 4209 2729 4265 καθ’
2759 4209 2958 4280 ἑαυτὴν
2993 4205 3348 4277 κεχώρισται,
3374 4204 3604 4257 πλεῖστα
3623 4202 3692 4255 τὰ
3725 4203 3870 4256 διαι⁶

2273 4304 2469 4378 ροῦντα
2514 4303 2684 4373 αὑτὴν
2738 4303 2803 4356 ἐκ
2850 4300 2948 4368 τῆς
2996 4299 3192 4370 ἐτέρας
3231 4296 3450 4367 ἔχουσα.
3495 4296 3604 4350 Καὶ
3631 4293 3740 4363 γὰρ
3766 4292 3873 4348 καὶ

2268 4395 2421 4465 τόπῳ
2445 4395 2786 4465 διεστήκασι,
2821 4392 2916 4446 καὶ
2935 4390 3126 4462 ,χρόνῳ
3166 4387 3510 4461 διαφέρουσι,
3543 4386 3639 4440 καὶ
3665 4384 3874 4459 γνώμῃ

581 4479 705 4536 loco
726 4481 1145 4554 disiunguntur,
1177 4493 1232 4538 et
1261 4493 1504 4553 tempore
1531 4482 1874 4554 discrepant,
1896 4484 2167 4539 sententia

2276 4485 2613 4555 μερίζονται,
2651 4485 2746 4538 καὶ
2777 4482 2950 4552 ἰσχύϊ,
2979 4483 3076 4537 καὶ
3109 4483 3291 4552 μορφῇ
3325 4481 3562 4551 ήγουνπι
3593 4480 3872 4554 σχήματι,

579 4590 803 4647 quoque
831 4577 1180 4642 dividuntur,
1215 4583 1270 4632 et
1294 4577 1471 4631 l'orma
1499 4579 1616 4634 sive
1649 4580 1847 4651 figura,
1873 4589 1926 4634 et
1953 4579 2169 4645 habitu,

575 4673 632 4720 et
688 4677 1146 4738 temperamento,
1203 4676 1255 4722 ct
1312 4668 1602 4739 dignitate,
1643 4679 1698 4725 et
1752 4671 2010 4726 instituto
2046 4671 2172 4724 vitae

577 4770 804 4826 genere,
846 4772 910 4811 ac
954 4757 1194 4828 denique
1241 4759 1500 4823 omnibus
1535 4760 1664 4814 aliis
1701 4760 2168 4833 proprietatibus,

578 4847 789 4918 quibus
847 4857 1112 4918 tanquam
1163 4851 1332 4905 certis
1375 4851 1707 4920 quibusdam
1769 4855 1919 4907 notis
1975 4852 2172 4923 digno-

576 4940 926 4996 scuntnr.1n
969 4941 1163 5014 pr’imis
1192 4952 1374 4999 autem
1403 4943 1547 4999 inter
1578 4959 1639 5000 se
1670 4944 1972 5008 dissident,
2020 4941 2170 5014 quod

2269 4579 2365 4632 atati.
2402 4577 2539 4644 ἔξει,
2590 4577 2686 4631 καὶ
2716 4577 2934 4646 κράσει,
2985 4577 3079 4630 καὶ
3118 4574 3270 4647 ἀξίᾳ,
3308 4575 3404 4626 καὶ
3439 4571 3868 4641 ἐπιτηδεύματι,

2269 4670 2363 4722 καὶ
2397 4670 2533 4722 πᾶσι
2569 4671 2684 4732 τοῖς
2721 4669 3248 4738 χαρακτηριστικοῖς
3283 4663 3572 4734 ίδιώμασιο
3619 4661 3781 4722 πλέον
3807 4659 3874 4716 δὲ

2269 4759 2510 4824 πάντων,
2570 4757 2649 4829 τῷ
2700 4759 2777 4827 μὴ
2833 4757 2892 4809 ὲν
2941 4755 3225 4825 ἀλλήλαις,
3257 4752 3395 4807 ἀλλὰ
3434 4748 3876 4821 κεχωρισμένως

2267 4845 2430 4905 εἶναι.
2464 4849 2628 4904 Ὅθεν
2666 4849 2764 4906 καὶ
2789 4849 2906 4915 δύο,
2938 4849 3034 4904 καὶ
3054 4849 3209 4919 τρεῖς
3239 4845 3522 4917 ἄνθρωποι
3582 4839 3861 4914 λέγονται.

2275 4945 2368 4998 καὶ
2395 4941 2604 4998 πολλοί.

576 5049 688 5091 non
717 5037 831 5091 alia
865 5037 921 5094 in
953 5038 1083 5106 a'lia,
1132 5038 1228 5095 sed
1261 5055 1494 5112 qumque
1525 5041 1826 5112 separatim
1863 5041 2162 5097 exsistunt.
2205 5039 2282 5095 Et
2331 5055 2443 5112 quo
2473 5038 2642 5094 etiam
2675 5036 2935 5104 ellicitur,
2969 5044 3029 5096 ut
3064 5035 3198 5101 duo,
3249 5041 3301 5089 el
3373 5043 3508 5100 tres,
3560 5040 3614 5088 et
3701 5027 3880 5088 mum

565 5132 838 5189 homines
867 5133 1154 5190 dicantur.

634 5226 799 5283 'Un'de
844 5231 1269 5286 unitasnaturae
1314 5229 1532 5288 divime.
1581 5229 1833 5287 Persona:
1881 5230 2166 5286 Trinitatis

575 5319 1052 5380 in‘divisw."Filius
1085 5334 1134 5380 et
1170 5322 1404 5393 Spiritus
1446 5334 1668 5380 sanctus
1700 5323 1768 5378 ad
1805 5340 1970 5378 unum
2012 5325 2159 5394 prin-

575 5417 772 5488 cipium
824 5415 1154 5484 referuntur.
1182 5447 1250 5458 —
1282 5413 1339 5468 ld
1377 5416 1526 5486 quod
1568 5416 1624 5472 in
1658 5416 1922 5470 omnibus
1953 5430 2174 5485 quoque

577 5508 824 5564 conditis
859 5506 1026 5564 rebus
1058 5506 1502 5564 animadvertere
1541 5508 1736 5563 liceat.
1782 5507 1839 5564 In
1881 5521 2175 5562 sacrosan-

578 5607 668 5654 cta
729 5613 884 5665 vero,
947 5607 1003 5653 et
1055 5599 1430 5654 substantiam
1494 5613 1712 5654 onmem
1780 5607 2171 5669 exsuperante,

579 5698 745 5760 atque
781 5693 924 5746 ultra
949 5696 1056 5747 ηε
1089 5706 1284 5747 omnes
1313 5703 1506 5746 evecta
1545 5702 1599 5746 et
1623 5690 2172 5763 incompreltcnsibili

581 5777 872 5844 Trinitate,
906 5785 1187 5839 contrario
1223 5783 1388 5837 modo
1421 5799 1482 5838 se
1517 5799 1604 5838 res
1643 5785 1834 5840 habet.
1867 5783 1988 5842 lllic
2023 5784 2170 5841 enim

579 5872 955 5929 communitas
985 5876 1205 5945 quidem
1241 5886 1296 5931 et
1325 5877 1512 5932 unitas
1543 5877 1725 5948 reipsa
1756 5877 2171 5945 consideratur,

2344 5227 2518 5282 Τοῦτο
2547 5229 2604 5284 δὲ
2628 5227 2722 5285 ἐπὶ
2761 5227 2944 5296 πάσης
2977 5223 3127 5278 ἔστιν
3165 5221 3293 5276 ἰδεῖν
3321 5219 3422 5292 τῆς
3449 5221 3704 5288 κτίσεως.
3738 5223 3885 5279 Ἐπὶ

2275 5321 2334 5374 δὲ.
2360 5322 2458 5392 τῆς
2485 5319 2649 5390 ἁγίας
2674 5319 2771 5374 καὶ
2801 5314 3157 5388 ὑπερουσίου,
3190 5314 3284 5368 καὶ
3322 5313 3543 5367 πάντων
3577 5313 3880 5383 ἐπέκεινα,

2275 5415 2371 5470 καὶ
2401 5415 2644 5485 ἀλήπτου
2673 5409 2927 5482 Τριάδος,
2995 5407 3056 5460 τὸ
3116 5405 3410 5464 ἀνάπαλιν.
3602 5401 3679 5459 Τὸ
3763 5407 3881 5476 μὲν

2273 5503 2453 5559 κοινὸν
2508 5502 2604 5556 καὶ
2654 5500 2750 5567 ἒν,
2851 5500 3142 5572 πράγματι
3178 5497 3487 5568 θεωρεῖται,
3530 5497 3620 5552 διὰ
3650 5497 3708 5550 τὸ
3737 5513 3887 5550 συν-

2274 5598 2464 5661 αἲδιον,
2499 5598 2593 5650 καὶ
2617 5596 2677 5648 τὸ
2693 5593 2891 5648 ταυτὸν
2920 5594 3019 5658 τῆς
3056 5591 3266 5655 οὑσίας,
3301 5589 3523 5661 καὶτῆς
3557 5590 3885 5659 ἐνεργείας,

2275 5689 2488 5745 καὶτοῦ
2525 5687 2852 5759 θελήματος,
2884 5685 2979 5738 καὶ
3003 5684 3103 5754 τὴν
3131 5683 3229 5752 τῆς
3262 5679 3490 5752 γνώμης
3533 5679 3886 5749 σύμπνοιαν,

2274 5786 2376 5857 τήν
2404 5799 2464 5836 τε
2519 5783 2616 5851 τῆς
2678 5779 2953 5844 ἐξουσίας.
2992 5777 3090 5834 καὶ
3126 5777 3224 5848 τῆς
3265 5774 3580 5850 δυνάμεως.
3629 5773 3724 5826 καὶ
3768 5771 3892 5841 τῆς

2275 5875 2610 5948 ἀγαθότητυς
2647 5872 2975 5946 ταυτότητα.
3025 5870 3142 5928 Οὑκ
3185 5865 3338 5924 εἶπον
3377 5865 3700 5938 ὁμοιότητα,
3731 5863 3888 5918 ἀλλὰ
