4130 6432
287 400 369 466 ΠΒ
1240 405 1618 466 PANOPLIA
1659 404 1865 464 DUGM

1969 402 2124 463 'iCA.
2164 427 2229 437 υ-
2264 398 2417 460 ΤΙΤ.
2449 398 2540 458 ΙΙ.

3420 385 3532 451 lli

274 518 558 585 aaut/amca
580 531 593 545 ·
625 514 725 571 καὶ
750 512 811 565 τὸ
839 511 898 565 ἒν
924 510 1130 579 ἕξαλμα
1155 509 1255 578 τῆς
1283 508 1571 576 κινήσεως.
1605 507 1721 561 Μία
1743 509 1851 578 γὰρ

1969 528 2071 571 Lum
2108 514 2231 583 quia
2271 528 2523 582 personm
2569 523 2858 568 com-terna:
2887 525 3043 576 sunt,
3096 524 3215 569 tum
3255 517 3385 585 quia
3428 518 3544 572 illa-

274 609 434 671 οὐσία,
474 608 572 677 μία
596 604 897 673 ἀγαθότης,
931 602 1031 673 μία
1050 601 1303 669 δύναμις,
1342 600 1443 669 μία
1483 599 1726 669 θέλησις,
1756 598 1852 667 μία

276 702 533 772 ἐνέργεια,
592 698 694 767 μία
754 695 993 760 ἐξουσία,
1054 694 1157 763 μία
1218 693 1309 745 καὶ
1406 690 1564 758 αὐτὴ,
1606 692 1667 744 οὐ
1703 693 1852 761 τρεῖς

272 793 442 861 ὅμοιαι
472 788 739 856 ἀλλήλαις
762 802 776 814 ·
814 783 949 839 ἀλλὰ
984 782 1085 853 μία
1127 782 1223 835 καὶ¹
1262 783 1296 852 ὴ
1330 779 1468 852 αὐτὴ
1502 781 1715 852 κίνησις
1744 780 1853 834 τῶν

272 881 422 954 τριῶν
474 878 856 933 ὕποστὰσεων.
902 877 999 930 Ἐν
1046 874 1157 946 γὰρ
1210 875 1445 928 ἕκαστον
1498 873 1681 927 αὐτῶν
1740 873 1852 943 ἔχει

275 972 395 1045 πρὸς
420 972 482 1025 to
512 972 724 1041 ἓτερον,
749 970 853 1040 οὐχ
878 962 1041 1040 ἦττον
1070 968 1104 1039 ἢ
1139 967 1272 1039 πρὸς
1307 967 1499 1020 ἑαυτὸν
1522 982 1535 994 °
1575 965 1856 1019 τουτέστιν

276 1064 510 1118 ὗτικατὰ
548 1063 727 1116 πάντα
760 1063 820 1115 ἓν
849 1063 989 1115 εἰσιν
1053 1062 1083 1113 ὁ
1134 1059 1350 1132 Πατὴρ,
1380 1061 1474 1113 καὶ
1513 1060 1543 1113 ὁ
1570 1059 1718 1124 Υἱὸς,
1760 1058 1857 1112 καὶ

282 1155 331 1209 τὸ
350 1157 501 1222 Ξγιον
536 1153 784 1224 Πνεῦμα,
808 1152 949 1222 πλὴν
976 1152 1076 1221 τῆς
1101 1150 1452 1221 ἀγεννησίας,
1486 1150 1580 1203 καὶ
1605 1150 1705 1220 τῆς
1729 1166 1856 1217 γεν-

281 1249 492 1315 νήσεως»
518 1246 616 1299 καὶ
638 1244 737 1316 τῆς
771 1244 1155 1318 ἐκπορεύσεως
1178 1260 1192 1274 ο
1235 1243 1452 1315 ἐπινοίᾳ
1479 1242 1535 1295 δὲ
1564 1242 1625 1295 τὸ
1660 1244 1855 1315 διῃρη-

280 1337 451 1407 μένον.
508 1336 649 1389 Ἕνα
715 1336 825 1406 γὰρ
878 1336 1012 1389 Θεὸν
1061 1334 1443 1404 γινώσκομενο
1483 1336 1542 1386 ὲν
1581 1334 1855 1405 μόναιςδὲ

275 1432 389 1490 ταῖς
423 1427 655 1497 ἰδιότησι
680 1429 779 1496 τῆς
800 1444 861 1481 τε
893 1426 1253 1498 πατρότητος,
1315 1426 1410 1479 καὶ
1449 1427 1547 1497 τῆς
1583 1426 1854 1496 υίότητος,

277 1522 366 1575 καὶ
394 1521 494 1589 τῆς
525 1520 909 1592 ἐκπορεύσεως
931 1537 946 1551 ·
1019 1519 1163 1573 κατά
1214 1536 1275 1571 τε
1332 1519 1392 1571 τὺ
1425 1518 1622 1584 αίτιον,
1670 1519 1765 1571 καὶ
1797 1518 1858 1572 τὸ

274 1609 724 1681 αἱτιατὺν(1),κα¹ι
742 1610 1013 1666 τὸτέλειον
1033 1613 1130 1681 τῆς
1193 1611 1569 1676 ὑποστάσεως,
1608 1611 1728 1681 ἤτοι
1766 1608 1857 1663 τὸν

274 1705 371 1774 τῆς
440 1701 730 1772 ὑπάρξεως
790 1702 1026 1770 τρόπον,
1079 1703 1179 1775 τὴν
1227 1702 1495 1773 διαφορὰν
1542 1701 1853 1773 ἐννοοῦμεν.

276 1796 408 1851 Οὔτε
434 1795 547 1865 γὰρ
578 1794 810 1863 τοπῖκὴν
863 1793 1166 1861 διάστασιν,
1230 1794 1306 1860 ὼς
1365 1796 1451 1865 ἐφ’
1482 1794 1658 1866 ἡμῶν,
1693 1795 1854 1849 δυνά-

277 1974 389 2036 int;
415 1973 531 2043 γὰρ
556 1974 612 2027 αἱ
662 1975 993 2038 ὑποστάσεις
1020 1977 1188 2030 είσίν·
1217 1979 1316 2049 οὐχ
1347 1978 1486 2033 ὥστε
1518 1980 1858 2051 συγχεῖσθαι,

277 2066 405 2119 am
434 2065 584 2119 ὥστε
610 2066 855 2136 ἔχεσθαι,
882 2068 1025 2122 κατὰ
1050 2070 1141 2122 τὸν
1160 2070 1256 2123 τοῦ
1288 2073 1495 2142 Κυρίου
1519 2074 1698 2142 λόγον,
1717 2072 1865 2143 Ἐγὼ

273 2158 338 2208 ἐν
364 2156 442 2223 τῷ
466 2158 675 2225 Πατρὶ.
700 2158 797 2212 καί
825 2163 857 2213 ὁ
888 2159 1092 2229 Πατὴρ
1119 2161 1189 2215 ἐν
1212 2162 1364 2231 ἐμοὶ,
1398 2164 1673 2233 φήσαντος
1700 2184 1711 2196 ·
1738 2163 1864 2217 οὔτε

275 2245 589 2314 θελήματος
619 2246 905 2318 διαφορὰν,
937 2247 969 2319 ἢ
994 2249 1242 2321 γνώμης.
1266 2251 1620 2322 ῆένεργείας,
1648 2252 1864 2323 ἥδυνά-

284 2352 442 2401 μεως,
474 2338 509 2407 ἡ
539 2353 688 2400 τινος
709 2339 921 2409 ἐτέρου,
956 2340 1113 2394 ἅτινα
1144 2342 1244 2412 τὴν
1297 2346 1717 2416 πραγματικὴν,
1772 2348 1867 2400 xui.

280 2427 449 2480 διόλου
508 2430 573 2481 ἑν
630 2432 764 2500 ἡμῖν
809 2434 1041 2501 γεννῶσι
1094 2435 1382 2508 διαίρεσιν.
1430 2437 1522 2490 Διὸ
1555 2437 1678 2491 οὐδὲ
1714 2440 1866 2508 τρεῖς

276 2519 431 2583 Θεοτδς
457 2521 718 2591 λέγομεν,
784 2525 874 2578 τὸν
931 2528 1176 2598 Πατέρα,
1211 2531 1305 2582 καὶ
1358 2530 1450 2584 τὸν
1501 2530 1653 2593 Υἱδν,
1689 2532 1867 2585 καὶτὸ

280 2608 435 2675 ἅγιον
478 2610 743 2681 Πνεῦμα·
796 2614 895 2668 ἕνα
952 2616 1009 2670 δὲ
1077 2616 1279 2688 μᾶλλον
1338 2619 1509 2685 Θεὸν,
1560 2620 1661 2690 τήν
1703 2621 1867 2688 ἁγίαν

277 2701 506 2769 Τριάδα,
533 2705 615 2768 εἰς
647 2705 706 2758 ἓν
730 2707 906 2760 αἴτιον
1013 2708 1159 2763 Υίοΰ
1252 2712 1349 2765 καὶ
1392 2711 1714 2783 Πνεύματος
1740 2714 1870 2767 ἀνα-

275 2791 618 2857 φερομένων,
647 2794 710 2845 οὐ
744 2796 1167 2867 συντιθεμένων,
1199 2798 1322 2852 οὐδὲ
1372 2802 1866 2874 συναλειφομένων,

272 2880 421 2933 κατὰ
456 2882 558 2953 τὴν
602 2885 895 2940 Σαὸελλίου
944 2891 1287 2960 συναίρεσιψ
1336 2892 1585 2948 ὲνοῦνται
1619 2895 1750 2965 γὰρ.
1792 2896 1869 2961 ὡς

271 2972 515 3043 ἔφημεν,
572 2978 671 3047 οὐχ
710 2978 851 3033 ὥστε
908 2985 1254 3051 συγχεῖσθαι,
1305 2985 1422 3039 ἀλλ’
1459 2987 1600 3040 ὥστε
1645 2988 1868 3059 ἔχεσθαι

270 3065 564 3135 ἀλλήλωνθ
625 3072 721 3124 καὶ
768 3072 869 3142 τὴν
926 3074 985 3125 ὲν
1031 3075 1292 3145 ἀλλήλαις
1490 3078 1863 3154 περιχώρησιν

271 3156 466 3225 ἔχουσι
496 3160 621 3229 δίχα
683 3161 866 3232 πάσης
921 3166 1249 3235 συναλοιφῆς
1308 3167 1401 3219 καὶ
1463 3168 1865 3241 συμφύρσεως’

271 3249 404 3302 οὐδὲ
440 3250 836 3322 ἐξισταμένων,
867 3255 902 3325 ἥ
936 3256 1056 3309 κατ’
1090 3256 1282 3310 οὐσίαν
1330 3260 1679 3328 τεμνομένων
1727 3260 1868 3313 κατὰ

271 3340 381 3411 τὴν
444 3344 658 3413 Ἀρείου
718 3345 1005 3417 διαίρεσιν.
1079 3348 1405 3420 Ἀμέριστος
1449 3350 1561 3420 γὰρ
1591 3353 1650 3403 ὲν
1701 3368 1871 3420 μεμε-

275 3436 591 3505 ρισμένοις,
643 3439 693 3490 εί
746 3438 827 3491 δεῖ
872 3441 1155 3509 συντόμως
1206 3443 1403 3507 εἰπεῖν,
1438 3443 1721 3513 ἡΘεότης,
1775 3445 1870 3500 καὶ

273 3521 395 3580 οἷον
427 3530 490 3580 ἐν
519 3529 695 3598 ἠλίοις
723 3532 900 3603 τρισὶν
936 3533 1217 3603 ἐχομένοις
1266 3535 1535 3606 ἀλλήλων,
1590 3538 1686 3590 καὶ
1719 3538 1871 3591 ἀδια-

276 3619 506 3680 στάτοις
535 3615 679 3680 οὖσι,
709 3621 808 3689 μία
840 3619 933 3673 τοῦ
968 3622 1146 3690 φωτὸς
1186 3623 1490 3692 σύγκρασίς
1514 3642 1573 3678 τε
1612 3626 1705 3679 x9).
1736 3643 1868 3680 συν-

272 3710 472 3776 άφεια.
503 3710 672 3765 Ὅταν
705 3712 805 3782 μὲν
856 3709 950 3765 οσῖιν
988 3714 1129 3785 πρὸς
1176 3715 1276 3785 τὴν
1302 3716 1533 3787 Οεότητα
1560 3716 1868 3787 βλέψωμεν,

271 3804 380 3855 καὶ
406 3803 508 3873 τὴν
541 3804 765 3875 πρώτην
801 3806 1002 3871 αἰτίαν,
1039 3808 1133 3860 καὶ
1179 3807 1278 3878 τὴν
1339 3810 1661 3879 μοναρχίαν,
1693 3811 1787 3862 καὶ
1813 3810 1872 3862 τὸ

272 3894 362 3960 ἓν,
392 3896 490 3948 καὶ
522 3897 723 3949 ταυτὸν
754 3899 853 3967 τῆς
876 3897 1155 3970 θεότητος,
1188 3900 1255 3952 ἶν’
1283 3899 1457 3963 οὕτως
1484 3902 1643 3967 εἴπω,
1667 3900 1873 3971 κίνημα

270 4003 338 4038 τε
398 3986 496 4039 καὶ
549 3987 818 4060 βούλημα,
882 3992 979 4044 καὶ
1008 3993 1106 4061 τὴν
1145 3993 1243 4061 τῆς
1312 3993 1524 4056 οὐσίας,
1577 3996 1674 4047 καὶ
1714 3995 1873 4048 δυνά-

273 4093 457 4144 μεως,
492 4079 590 4131 καὶ
618 4080 923 4152 ἐνεργείας,
952 4084 1047 4136 καὶ
1082 4083 1407 4152 κυριότητος
1455 4084 1782 4154 ταυτότητα,
1816 4083 1873 4136 ἒν

268 4172 418 4237 ἡμῖν
474 4169 539 4223 τὸ
596 4175 1022 4244 φανταζόμενον.
1053 4176 1226 4228 Ὅταν
1259 4176 1315 4229 δὲ
1362 4177 1500 4248 πρὸς
1530 4175 1600 4230 τὰ
1638 4180 1694 4229 ὲν
1725 4172 1805 4238 οἷς
1839 4180 1871 4247 ἡ

268 4262 514 4333 Θεότης,
542 4264 600 4333 ἢ.
634 4266 695 4318 τό
749 4283 813 4334 γε
870 4267 1261 4338 ἀκριϐέστερον
1300 4272 1499 4333 εἰπεῖν,
1524 4269 1558 4324 ἃ
1588 4272 1619 4338 ἡ
1649 4270 1871 4339 Θεότης,

267 4357 376 4406 καὶ
412 4358 489 4407 τὰ
528 4358 591 4408 ὲκ
623 4357 725 4426 τῆς
756 4357 980 4431 πρώτης
1007 4361 1187 4422 αἰτίας
1210 4362 1459 4433 ἁχρὸνως
1488 4361 1697 4414 ἐκεῖθεν
1717 4362 1872 4425 ὄντα,

164 4478 183 4493 -
273 4451 376 4501 ιαὶ
405 4449 704 4518 όμοδόξως.
726 4453 818 4503 καὶ
847 4452 1190 4516 ἀδιαστάτως
1216 4469 1229 4483 ·
1250 4454 1499 4507 τουτέστι
1516 4453 1614 4516 τὰς
1640 4454 1878 4507 ὑποστά-

1959 618 2080 657 rum
2134 605 2326 657 eadem
2361 615 2443 658 est
2482 604 2763 667 essentia,
2803 602 3064 668 facultas,
3115 605 3396 669 voluntas,
3426 620 3545 659 scn-

1960 697 2145 752 tentia':
2206 696 2602 766 conspiratio,
2672 696 2862 753 eadem
2926 712 3147 765 quoque
3199 701 3548 763 auctoritas,

1960 785 2228 855 potentia,
2287 786 2528 841 bonitas.
2586 784 2704 839 Non
2762 786 2901 852 dixi,
2952 786 3401 848 similitmlinem,
3455 787 3549 840 seat

1962 878 2330 944 identitatem,
2396 886 2566 949 atque
2615 894 2784 933 unam
2846 880 3114 935 motionis
3179 879 3548 948 praesultatio-

1962 986 2116 1024 nem.
2214 968 2335 1025 Una
2362 970 2513 1025 enim
2554 979 2641 1027 est
2674 971 2943 1036 essentia,
2995 987 3105 1025 una
3156 970 3401 1037 bonitas,
3440 985 3550 1025 una

1961 1068 2230 1134 potestas,
2264 1077 2376 1117 una
2404 1061 2687 1128 voluntas,
2722 1078 2830 1118 una
2864 1061 3126 1130 facultas,
3165 1079 3274 1116 una
3304 1062 3550 1117 auctori~

1961 1162 2077 1213 tas:
2120 1169 2251 1219 una,
2286 1154 2537 1225 inquam,
2568 1161 2623 1209 et
2678 1154 2912 1218 eadem,
2967 1170 3075 1208 non
3130 1163 3244 1209 tres
3297 1156 3443 1208 inter
3489 1168 3551 1207 se

1963 1244 2196 1311 similes,
2228 1243 2326 1301 sed
2358 1260 2464 1299 una
2503 1246 2665 1316 plane
2698 1245 3012 1315 eademque
3067 1246 3235 1300 trium
3291 1260 3550 1314 persona.

1963 1352 2087 1395 rum
2118 1337 2308 1392 motio.
2339 1336 2693 1409 Unaquaeque
2734 1340 2881 1393 enim
2914 1337 3169 1408 ipsarum
3217 1353 3326 1392 non
3368 1337 3554 1391 minus

1963 1426 2230 1482 unitatem
2262 1427 2426 1482 habet
2448 1444 2574 1483 cum
2604 1429 2730 1493 alia,
2767 1445 2930 1499 quam
2968 1430 3087 1500 ipsa
3119 1444 3329 1484 secum.
3371 1425 3552 1482 Unum

1963 1518 2167 1589 quippe
2223 1518 2482 1590 idemque
2522 1522 2751 1577 omnino
2801 1531 2935 1578 sunt
2983 1521 3149 1577 Pater
3192 1533 3247 1577 et
3296 1520 3469 1576 Filius
3499 1528 3554 1576 ct

1964 1610 2210 1682 Spiritus
2258 1622 2522 1679 sanctus;
2576 1614 2682 1669 nisi
2732 1616 2877 1687 quod
2911 1614 3084 1671 Pater
3115 1614 3396 1686 ingenitus
3444 1622 3555 1678 est,

1964 1701 2137 1758 Filius
2165 1703 2407 1773 genitus,
2432 1712 2484 1759 et
2517 1704 2762 1775 Spiritus
2792 1712 3022 1762 sanctus
3050 1706 3348 1776 processit.
3397 1704 3555 1769 Quod

1960 1802 2153 1851 autem
2203 1795 2258 1850 in
2312 1810 2377 1851 ea
2427 1798 2736 1853 discretum
2779 1806 2895 1865 est,
2931 1800 3272 1870 cogitatione
3316 1798 3553 1869 percipi-

279 1884 413 1954 μεθα
446 1886 543 1937 ἐπὶ
561 1882 661 1954 τῆς
677 1883 781 1937 ἀπε
792 1884 1093 1955 ριγράπτου
1114 1880 1299 1954 λέγειν
1319 1886 1593 1959 θεότητος·
1616 1889 1673 1939 ὲν
1691 1884 1858 1957 ἁλλή-
1876 1891 1939 1965 ,Β
1964 1896 2077 1945 tur.

2201 1889 2381 1944 Unum
2414 1891 2618 1960 quippe
2660 1888 2833 1945 Deum
2868 1889 3290 1959 cognoscimus:
3326 1887 3382 1942 in
3414 1887 3551 1942 solis

1964 1966 2424 2051 preprietatihus,
2586 1979 2867 2037 nimirum,
2998 1980 3374 2052 paternitatis,
3414 1979 3552 2034 lilia-

1965 2072 2155 2135 tionis,
2190 2082 2245 2126 et
2278 2071 2691 2143 processionis;
2727 2080 2895 2142 atque
2925 2080 3194 2141 quantum
3223 2068 3291 2125 ad
3321 2084 3550 2125 causam

1965 2170 2019 2216 et
2061 2172 2374 2227 causatum,
2411 2178 2476 2217 ac
2512 2163 2831 2235 liypostasis
2861 2164 3281 2234 perfectionem,
3320 2161 3426 2216 boc
3468 2171 3553 2217 est

1966 2253 2271 2309 cxsistendi
2320 2254 2565 2320 modum,
2613 2254 3032 2309 distinctionem
3175 2252 3549 2324 intelligimus.

1966 2338 2154 2417 Ncqnc
2188 2346 2332 2401 enim
2378 2344 3038 2413 distantiamsecundum
3068 2345 3275 2407 locum,
3320 2350 3378 2397 nt
3407 2343 3551 2412 apud

1968 2451 2093 2499 nos,
2151 2436 2204 2488 in
2262 2434 2476 2489 Deitate
2524 2450 2647 2504 quae
2702 2434 3279 2504 circumscriptionem
3331 2447 3551 2485 onmem

1967 2527 2236 2591 excludit,
2270 2526 2564 2581 admittere
2607 2527 2735 2581 licet
2779 2528 2931 2594 (sunt
2965 2526 3109 2580 enim
3145 2539 3399 2595 personae
3434 2525 3556 2578 alia:

1967 2620 2023 2675 in
2053 2619 2206 2685 aliis;
2241 2634 2348 2673 non
2384 2627 2443 2672 ut
2470 2619 2612 2673 inter
2661 2633 2721 2673 se
2749 2604 3190 2681 confundantur,
3230 2619 3323 2673 sed
3361 2628 3421 2672 ut
3454 2633 3550 2671 co-

1969 2708 2234 2771 haereant,
2287 2709 2442 2778 juxta
2495 2724 2615 2763 eam
2674 2706 2893 2762 Domini
2941 2709 3269 2763 sententiam
3305 2726 3318 2761 :
3348 2711 3458 2777 Ego
3497 2709 3552 2761 in

1968 2792 2137 2856 P’alre
2179 2811 2229 2856 et
2283 2799 2447 2891 Ραιξν
2499 2800 2555 2855 in
2608 2818 2687 2855 me
2721 2811 2800 2855 est
2875 2800 2915 2872 ¹)
2954 2816 3054 2856 nec
3085 2800 3414 2867 voluntatis,
3463 2808 3556 2853 aut

1970 2896 2293 2960 sentcntiae;
2350 2902 2444 2949 aut
2505 2894 2894 2957 ellicaeitatis,
2947 2900 3041 2946 aut
3096 2893 3403 2961 potentiae;
3462 2904 3567 2946 aut.

1969 2989 2199 3043 alterius
2226 2987 2518 3055 cujusdam
2550 2984 2649 3047 rei,
2684 3001 2807 3056 qua:
2858 2985 3060 3040 realem
3090 2999 3154 3039 ac
3183 2982 3556 3038 onmimodam

1970 3080 2026 3135 in
2069 3079 2229 3134 nobis
2276 3078 2691 3135 distinctionem
2748 3080 2957 3145 gignat,
3010 3075 3311 3130 discrimen
3361 3074 3554 3128 ullum.

1971 3171 2323 3242 Quapropter
2353 3185 2455 3223 nec
2485 3178 2600 3223 tres
2630 3167 2762 3222 deos
2788 3165 3007 3221 Patrem
3033 3175 3086 3219 et
3119 3163 3316 3219 Filium
3350 3172 3403 3220 et
3431 3163 3557 3234 Spi-

1974 3262 2138 3316 ritum
2172 3267 2429 3315 sanctum
2458 3257 2732 3324 dicimus;
2766 3258 2901 3327 quin
2943 3256 3125 3326 potius
3149 3261 3400 3310 sanctam
3427 3252 3556 3308 'l'ri-

1972 3354 2197 3408 nitatem
2231 3366 2402 3405 unum
2436 3350 2607 3404 Deum
2661 3349 2967 3404 asserimus
3011 3365 3025 3404 :
3074 3347 3154 3402 sic
3203 3346 3460 3402 videlicet
3500 3355 3559 3400 ut

1972 3446 2145 3502 Filius
2180 3455 2231 3500 et
2269 3444 2517 3515 Spiritus
2548 3450 2777 3497 sanctus
2809 3440 2877 3494 ad
2905 3455 3071 3493 unum
3107 3447 3388 3492 auctorem
3416 3438 3558 3492 refc-

1974 3548 2191 3601 rantur,
2224 3554 2334 3592 non
2379 3546 2563 3591 autent
2616 3543 3051 3605 componantur,
3105 3540 3199 3586 aut
3241 3533 3398 3602 juxta
3456 3531 3561 3584 Sa-

1973 3629 2119 3685 bellii
2176 3627 2612 3683 contractionem
2685 3640 2794 3679 una
2874 3626 3194 3679 coalescant
3241 3638 3307 3677 ac
3358 3623 3561 3692 permi-

1974 3728 2236 3776 sceantur
2267 3722 2564 3790 (uniuntur
2598 3719 2770 3779 enim,
2829 3725 2889 3770 ut
2936 3717 3203 3777 diximus,
3238 3731 3347 3769 non
3381 3716 3453 3768 ita
3501 3722 3561 3767 ut

1974 3811 2412 3877 confunlantur,
2449 3810 2544 3864 scd
2586 3818 2647 3863 ut
2680 3809 3030 3871 cohaereant;
3068 3816 3233 3875 atque
3265 3820 3391 3860 sese
3418 3805 3561 3858 invi-

1979 3918 2101 3956 cem
2138 3902 2275 3956 citra
2311 3916 2531 3956 omnem
2580 3898 3081 3954 contradictionem
3119 3910 3183 3950 ac
3215 3895 3561 3951 commistio-

1977 4010 2098 4049 nem
2140 3993 2489 4063 pervadant),
2535 4004 2636 4047 nec
2690 3999 2847 4046 extra
2876 4006 2935 4045 se
2986 3989 3220 4043 invicem
3270 3988 3561 4048 sistantur,

1976 4096 2067 4140 aut
2095 4093 2367 4157 quantum
2403 4086 2470 4139 ad
2499 4084 2805 4140 essentiam
2847 4082 3004 4149 juxta
3061 4081 3175 4135 Arii
3232 4080 3562 4135 divisionem

1977 4180 2331 4235 scindantur.
2467 4177 2708 4232 lndivisa
2762 4176 2906 4231 cnim
2954 4174 3011 4229 in
3062 4173 3278 4236 divisis,
3334 4180 3392 4226 ut
3446 4187 3563 4225 rem

1979 4268 2219 4323 breviter
2240 4266 2547 4331 emmtiem,
2580 4265 2854 4321 llivinitas
2876 4275 2998 4332 cst;
3029 4278 3093 4318 ac
3123 4263 3270 4317 velut
3303 4263 3357 4317 in
3388 4262 3565 4317 tribus

1978 4361 2189 4417 solibus
2211 4360 2314 4417 sibi
2346 4360 2582 4415 invicem
2613 4359 3040 4421 cohaerentibus,
3072 4358 3222 4411 nulla
3253 4357 3358 4409 loci
3394 4355 3569 4411 inter-

1978 4454 2251 4527 capedine
2282 4454 2609 4523 disiunctis,
2638 4468 2747 4507 una
2778 4453 3088 4521 eademque
3121 4452 3261 4504 lucis
3295 4458 3570 4519 tempera-

271 4557 398 4602 σεις
460 4540 559 4593 τοῦ
595 4542 722 4595 Υίοῦ
770 4545 865 4597 καὶ
906 4540 1000 4598 τοῦ
1041 4543 1380 4617 Πνεῦματος,
1431 4546 1558 4617 τρία
1601 4546 1672 4600 τὰ
1704 4563 1865 4617 προσ-

1982 4547 2061 4602 tio
2101 4556 2269 4617 atque
2310 4544 2659 4615 conjunctio.
2715 4542 2900 4610 Quare
2945 4558 3071 4597 cnzn
3131 4541 3425 4605 Deitatem,
3458 4539 3569 4609 pri-

273 4634 447 4686 ῖιυνού
457 4651 623 4703 μενα.

1981 4654 2241 4709 tuamque
2298 4638 2448 4692 illam
2501 4649 2771 4701 causam,
2827 4642 2882 4687 ct
2944 4632 3364 4697 monarcltiam,
3405 4639 3569 4700 atque

271 4738 457 4777 unam
498 4722 859 4794 eamdemque
891 4724 1195 4780 divinitatis
1244 4725 1263 4795 (
1292 4732 1352 4779 ut
1385 4723 1456 4779 ita
1491 4723 1703 4795 dicam)
1732 4726 2031 4780 motionem
2065 4734 2121 4781 et
2153 4725 2515 4787 voluntatem,
2557 4724 2857 4779 essentiam
2912 4736 2976 4776 ac
3022 4722 3347 4791 potentiam,
3380 4722 3561 4777 emea-

270 4825 654 4888 citatemque,
688 4828 743 4874 et
776 4820 1204 4875 dominationem
1240 4821 1541 4885 intuemur,
1575 4837 1743 4875 unum
1773 4823 2043 4877 duntaxat
2081 4819 2270 4873 sensui
2314 4829 2508 4874 nostro
2542 4820 2890 4875 obversatur.
2941 4820 3013 4875 At
3047 4835 3203 4887 vero,
3237 4837 3360 4876 cum
3392 4837 3476 4885 ea,
3506 4823 3559 4876 in

269 4917 494 4983 quibus
530 4913 713 4968 Deitas
738 4925 846 4977 est,
880 4918 985 4983 vel,
1020 4918 1066 4972 si
1094 4919 1408 4974 accuratius
1442 4919 1779 4989 loquendum
1811 4930 1918 4984 est,
1956 4935 2077 4988 quae
2115 4917 2302 4971 Deitas
2326 4925 2429 4983 est,
2463 4927 2627 4988 atque
2653 4930 2715 4969 ea
2749 4932 2869 4985 qua:
2897 4933 2963 4972 ex
2998 4916 3248 4988 principe
3281 4918 3369 4973 illa
3397 4935 3562 4974 causa

270 5010 425 5062 citra
466 5023 633 5061 omne
660 5011 919 5079 temporis
949 5012 1209 5080 spatium,
1240 5013 1537 5082 gloriwque
1566 5014 1887 5076 discrimen,
1924 5027 1987 5066 ac
2020 5012 2426 5082 separationem
2463 5011 2770 5077 exsistunt;
2812 5012 2915 5066 hoc
2945 5021 3029 5067 est
3063 5025 3348 5080 personas,
3372 5014 3559 5068 consi-

270 5104 574 5162 deramus.
615 5105 712 5157 tria
745 5116 872 5159 sunt
905 5120 1027 5174 qua:
1053 5120 1079 5157 a
1113 5105 1273 5159 nobis
1312 5104 1635 5161 adorantur.

361 5202 489 5270 Χρὴ
523 5200 580 5252 δὲ
610 5198 922 5266 γινώσκειν,
953 5200 1036 5252 ὅτι
1070 5199 1159 5251 τὸν
1188 5200 1411 5269 Πατέρα
1445 5200 1507 5252 οὐ
1548 5200 1786 5270 λέγομεν
1819 5200 1881 5253 ἐκ

270 5308 476 5356 τινοςο
536 5292 773 5359 λέγομεν
814 5292 876 5343 δὲ
930 5294 1096 5344 αὑτὸν
1151 5290 1245 5343 τοῦ
1298 5289 1428 5343 Υίοῦ
1485 5293 1722 5362 Πατέρα.
1775 5293 1880 5345 Τὸν

274 5387 347 5438 δὲ
381 5386 535 5449 Υἱὶν,
571 5387 633 5437 οὐ
674 5384 909 5452 λέγομεν
941 5387 1139 5447 αἴτιον,
1188 5379 1313 5435 οὐδὲ
1373 5385 1611 5451 Πατέραο
1646 5385 1879 5454 λέγομεν

272 5477 345 5530 δὲ
386 5478 573 5540 αὑτὸν,
612 5478 707 5530 καὶ
742 5478 805 5529 ὲκ
840 5476 933 5528 τοῦ
972 5478 1201 5545 Πατρὶς,
1233 5478 1326 5529 καὶ
1353 5478 1481 5529 Υίὸν
1511 5478 1605 5529 τοῦ
1643 5478 1877 5544 Πατρός.

278 5569 363 5620 Τὸ
392 5571 449 5621 δὲ
482 5569 710 5636 Πνεῦμα
741 5568 802 5620 τὸ
834 5571 1011 5635 ἅγιον,
1044 5570 1137 5621 καὶ
1167 5571 1230 5621 ὲκ
1258 5568 1352 5622 τοῦ
1388 5568 1595 5638 Πατρὸς
1622 5569 1877 5638 λέγομεν,

364 5693 442 5761 (1)
505 5692 585 5749 Ad
637 5690 800 5743 verba
850 5692 945 5741 καὶ
985 5690 1046 5741 τδ
1086 5690 1327 5762 αἰτιατδν
1373 5687 1635 5762 Scholion
1669 5702 1865 5755 sequen

1969 5687 2161 5762 legitur
2216 5691 2269 5745 in
2322 5690 2510 5745 codice
2563 5690 2585 5742 l
2646 5686 2955 5755 Mosqucnsi
3007 5701 3019 5736 :

281 5757 377 5813 {ut
404 5757 636 5831 ρουσίως
662 5762 724 5811 τὸ
748 5763 1019 5813 αίτιατὸγ
1052 5760 1285 5816 ἐνταῦθα
1315 5761 1555 5830 νοητέον.
1593 5757 1877 5813 Murum.

364 5883 378 5911 ⁸
412 5881 571 5939 Joan.
614 5896 702 5940 xv,
748 5878 839 5933 H.

2050 5198 2251 5252 Verum
2285 5198 2339 5252 id
2365 5196 2522 5252 nobis
2557 5196 2949 5251 advertendum
2983 5206 3082 5262 est,
3112 5200 3400 5268 quodcum
3444 5217 3551 5256 non

1979 5290 2225 5346 dicamus
2254 5290 2469 5343 Patrem
2501 5305 2624 5344 esse
2660 5306 2723 5345 ex
2772 5290 2971 5359 aliquo,
3009 5292 3241 5347 dicimus
3266 5302 3443 5347 tamen
3474 5294 3555 5362 ip-

1979 5398 2098 5439 sum
2137 5381 2256 5437 Filii
2318 5381 2550 5436 Patrem.
2620 5382 2815 5436 Filium
2868 5393 3049 5436 autem
3087 5398 3189 5437 nec
3220 5383 3339 5437 sine
3369 5398 3554 5447 causa.

1980 5493 2080 5531 nec
2110 5476 2320 5530 Patrem
2351 5477 2604 5538 dicimus,
2636 5478 2731 5531 sed
2754 5493 2819 5530 ex
2849 5476 3027 5542 Patre,
3066 5487 3120 5531 et
3149 5476 3341 5529 Filium
3363 5475 3555 5530 Patris.

1977 5571 2044 5624 At
2079 5571 2340 5640 Spiritum
2371 5580 2711 5634 sanctum,et
2736 5585 2801 5623 ex
2843 5570 3003 5624 Patre
3055 5567 3285 5623 dicimus
3346 5576 3557 5628 csse,ct

3080 5679 3421 5749 ’ἰδιοτρόπως
3468 5680 3561 5729 καὶ
