4130 6436
338 353 435 422 ii'i
1356 352 1736 413 PANOPIJA
1777 349 2239 415 DOGMATICA.
2272 372 2342 384 -
2376 346 2521 412 TiT.
2570 350 2653 411 Il.

3549 352 3657 419 118

349 492 485 529 σεων
511 471 785 544 διαίρεσις
800 473 1094 545 πράγματι
1119 471 1423 543 θεωρεῖται·
1456 474 1745 543 πράγματι
1776 472 1886 542 γὰρ
1926 472 1946 523 d

2062 487 2185 526 rum
2222 468 2418 525 divisio
2473 484 2835 540 personarum
2899 467 3075 539 reipsa
3136 468 3483 538 perspicitur.
3545 471 3648 525 lli-

350 566 574 638 Ηιχαὴλ
608 565 705 619 τοῦ
742 565 995 637 Γαῦριὴλ
1028 562 1390 634 κεχώρισται,
1425 566 1521 617 καὶ
1545 564 1573 616 ὁ
1605 564 1812 633 Πέτρος
1849 562 1945 615 τοῦ

357 660 595 723 Παύλου,
624 658 718 713 καὶ
749 657 817 709 τὰ
846 655 1012 709 λοιπὰ
1042 654 1096 708 δὲ
1128 655 1356 719 ὁμοίως.
1387 654 1461 708 Τὸ
1485 656 1541 709 δὲ
1567 655 1744 708 κοινὸν
1760 653 1953 708 ἀὐτῶν

353 758 448 809 καὶ
478 754 542 805 τὸ
570 753 629 804 ὃν
663 749 885 821 ὲπινοίᾳ
914 748 1340 815 διαγινώσκεται
1363 764 1378 780 ο
1433 748 1647 820 ἐπινοίᾳ
1670 747 1777 817 γὰρ
1818 746 1952 816 μόνῃ
1980 813 1999 828 δ

351 846 593 914 νοοῦμεν
632 842 727 914 τὴν
746 840 1088 909 ἀγγελὸτητα
1104 839 1267 908 τυχὸν
1304 840 1397 893 καὶ⁵
1415 839 1512 910 τὴν
1533 838 1630 892 ἀνθ
1639 838 1949 909 ρωπότητα.

364 941 493 994 Ἐπὶ
537 938 595 990 δὲ
634 937 733 1007 τῆς
768 935 916 995 θείας
966 932 1192 1003 Τριὰδος
1228 931 1499 984 ἀνάπαλιν
1534 930 1593 984 τὸ
1645 928 1744 999 μὲν
1774 928 1951 982 κοινὸν

352 1030 539 1083 αὑτῶν
573 1028 675 1081 καὶ
702 1028 763 1080 τὸ
796 1027 852 1079 ἓν
890 1027 1179 1093 πράγματι
1199 1026 1485 1096 θεωρεῖται
1506 1040 1521 1056 ο
1547 1020 1950 1092 πραγματικῶς

360 1122 465 1189 γὰρ
513 1120 746 1188 οἴδαμεν
782 1118 864 1170 ὅτι
901 1112 979 1179 εἷς
1012 1118 1129 1168 ἐστι
1158 1114 1315 1177 Θεὸς,
1344 1117 1435 1168 καὶ
1486 1114 1585 1183 μία
1622 1115 1713 1167 καὶ
1745 1116 1776 1183 ἡ
1812 1114 1949 1183 αὑτὴ

359 1214 544 1279 φύσις,
591 1213 693 1265 καὶ
732 1211 971 1273 ἐξουσία,
1021 1208 1116 1261 καὶ
1161 1207 1345 1275 σοφία,
1400 1209 1494 1259 καὶ
1545 1206 1796 1276 δύναμις,
1854 1203 1951 1257 καὶ

351 1307 631 1374 ἐνέργεια,
677 1301 774 1355 καὶ
823 1300 880 1352 ἓν
925 1300 1021 1351 καὶ
1071 1298 1133 1353 τὸ
1179 1298 1314 1350 αὐτὸ
1361 1296 1611 1367 Θέλημα·
1661 1296 1692 1364 ὴ
1740 1296 1797 1349 δὲ
1840 1297 1948 1348 τῶν

348 1395 718 1449 ὑποστάσεων
736 1391 999 1460 διαίρεσι;
1025 1391 1237 1460 ἐπινοίᾳ
1263 1388 1393 1460 ψιλῇ
1416 1390 1637 1444 νοεῖται.
1674 1386 1811 1441 Οὔτε
1842 1392 1949 1458 γὰρ

348 1485 721 1557 προσωπικὴν
764 1481 1108 1553 περιγραφὴν
1148 1481 1396 1550 ἐννοῆσαι
1460 1479 1782 1549 τολμῶμεν,
1818 1477 1941 1532 οὔτε

346 1578 591 1646 τοπικὴν
633 1576 944 1641 διαστασινι,
979 1569 1103 1625 οὔτε
1137 1589 1190 1624 τι
1225 1570 1335 1623 τῶν
1364 1569 1540 1624 ἄλλων
1580 1570 1948 1640 ἀφοριστικῶν

349 1669 669 1739 ίδιοτήτων,
699 1665 839 1736 πλὴν
870 1664 1208 1735 πατρότητος
1239 1665 1334 1717 καὶ
1367 1664 1638 1734 υίότητος,
1664 1664 1756 1715 καὶ
1784 1664 1949 1716 ἐκπο-

344 1763 620 1833 ρεύσεως.
664 1758 775 1811 Καὶ
808 1758 979 1810 ταῦτα
1012 1755 1070 1810 δὲ
1111 1755 1406 1826 ὑπερφυῶς
1447 1755 1544 1808 καὶ
1579 1756 1942 1825 ὑπερουσίως.

2058 564 2216 620 chael
2260 578 2291 618 a
2326 561 2579 618 Gabriele
2644 562 2825 632 reipsa
2860 572 3145 632 separatus
3167 571 3270 629 est,
3308 560 3580 619 etPetrus
3619 581 3650 619 a

2055 657 2246 720 Paulo,
2291 665 2347 710 et
2377 654 2597 725 reliqua:
2619 655 2810 709 eodem
2846 662 3028 709 modo.
3065 653 3219 720 Quod
3248 666 3429 710 autem
3464 657 3517 709 in
3555 658 3642 726 ip-

2054 750 2129 807 sis
2153 763 2443 804 commune
2470 757 2629 815 atque
2671 763 2840 800 unum
2874 755 2976 812 est,
3009 748 3194 801 animo
3221 758 3276 802 et
3318 749 3649 817 COgilaiiutte

2054 842 2379 912 concipitur.
2449 838 2791 912 Cogitatione
2836 839 2982 893 enim
3032 843 3415 893 tantummodo
3500 855 3648 893 com-

2054 933 2445 1005 prehendimus
2497 932 2913 997 humanitatem,
2965 941 3023 986 et
3099 931 3143 985 si
3180 947 3283 1001 qua
3319 947 3421 985 vox
3453 929 3645 984 eodem

2052 1026 2219 1081 modo
2253 1039 2603 1079 communem
2630 1022 2948 1092 angelorum
2971 1022 3250 1076 notionem
3273 1031 3436 1091 queat
3474 1021 3651 1089 expli-
3752 1016 3755 1017 ⁷

2053 1130 2202 1179 care,
2245 1130 2419 1185 neque
2449 1113 2597 1169 enim
2630 1112 2979 1182 angelitatetn
3007 1111 3180 1165 ausim
3213 1112 3416 1165 dicere.
3473 1111 3543 1164 At
3591 1110 3644 1163 in

2050 1205 2321 1260 Trinitate
2353 1203 2533 1259 divina
2561 1212 2751 1257 contra
2806 1202 2887 1257 ﬁt.
2944 1199 3099 1266 Quod
3153 1202 3294 1255 enim
3356 1216 3649 1255 coinmune

2051 1313 2215 1369 atque
2248 1314 2416 1352 unum
2442 1304 2548 1362 est,
2581 1297 2760 1365 reipsa
2786 1295 3050 1350 cernitur.
3086 1293 3298 1349 Etenim
3331 1293 3499 1349 Deum
3524 1309 3645 1347 esse

2059 1407 2229 1447 unum
2266 1430 2281 1454 ν
2316 1399 2373 1445 οι
2406 1404 2571 1444 unam
2600 1388 2961 1457 eamdemque
2992 1397 3266 1449 naturam,
3302 1399 3355 1438 01.
3402 1394 3643 1454 potesta-

2051 1494 2185 1547 tem,
2217 1492 2273 1537 et
2300 1480 2661 1552 sapientiam,
2690 1489 2748 1534 et
2786 1480 3062 1542 virtutem,
3128 1490 3181 1532 et
3234 1478 3527 1538 actionem,
3590 1484 3644 1528 et

2051 1579 2410 1644 voluntatem,
2437 1577 2611 1646 reipsa
2650 1576 3059 1647 cognoscimus.
3113 1554 3475 1628 Personarum
3515 1586 3644 1625 vero

2049 1668 2462 1724 distinctionem
2555 1667 2707 1721 tenui
2792 1667 3126 1738 cogitatione
3203 1662 3641 1734 complectimur.

2059 1761 2249 1831 Neque
2275 1761 2420 1815 enim
2463 1760 2731 1816 audemus
2764 1758 2925 1814 ullam
2958 1758 3229 1829 ejusmodi
3291 1754 3644 1812 circumscri-

345 1823 440 1906 λιὸ
475 1852 574 1903 καὶ
606 1851 703 1903 ἕνα
727 1849 860 1903 Θεὸν
892 1848 1121 1917 λέγομεν
1151 1823 1377 1912 αὑτοὺς,
1416 1846 1491 1916 μὴ
1526 1823 1811 1917 δυνάμενοι
1841 1848 1946 1901 διε-

2054 1853 2317 1923 ptionem,
2351 1852 2565 1922 qualem
2594 1852 2681 1905 hic
2703 1851 2757 1905 in
2788 1851 3038 1920 personis
3068 1850 3365 1912 cernimus,
3421 1856 3513 1901 aut
3547 1846 3651 1902 lmi

346 1946 456 1999 ὶείν
482 1944 714 2006 τελείως
736 1945 831 1996 καὶ
855 1940 1257 2013 πραγματικῶς
1277 1940 1376 2003 τὰς
1398 1938 1722 2003 ὑποστάσεις
1743 1938 1946 2002 αὑτῶν,

2056 1941 2440 2006 intervallum,
2470 1948 2527 1995 et
2558 1941 2692 1995 alias
2724 1940 2776 1995 id
2804 1957 2974 2010 genus
2999 1942 3388 2010 proprietates,
3439 1938 3646 2009 quibus

350 2040 683 2108 ἁδιαιρέτως
721 2035 1109 2105 διαιρουμένας
1133 2072 1150 2097 ,
1194 2032 1287 2086 καὶ
1321 2032 1646 2093 ἀσυνάπτως
1682 2046 1946 2083 συναπτο-

2058 2046 2145 2086 res
2181 2033 2408 2104 singulae
2430 2042 2685 2103 tanquam
2713 2033 2963 2087 terminis
3011 2033 3125 2086 suis
3150 2034 3421 2087 conclusae
3479 2046 3643 2098 sepa-

348 2131 545 2199 μόνας,
585 2129 678 2182 διὰ
710 2128 774 2181 τὸ
815 2124 1090 2196 ὑπερφυὲς
1129 2124 1332 2194 ὁμοίως
1361 2122 1813 2194 καὶτὺπερούσιον
1848 2122 1946 2193 τῆς

2059 2136 2257 2178 rantur
2286 2141 2317 2179 ιι
2352 2125 2590 2189 caeteris,
2631 2125 2895 2195 cogitare,
2920 2125 3013 2179 sed
3040 2141 3132 2179 eas
3192 2134 3402 2179 tantum
3464 2123 3649 2176 notio-

345 2240 405 2274 τε
432 2222 763 2291 διαιρέσεως
792 2220 973 2273 αὑτῶν
1005 2222 1100 2272 καὶ
1134 2218 1232 2286 τῆς
1267 2218 1590 2286 συναφείας.

2062 2217 2419 2287 ηοε,ῑ(]υἰ1)υε
2441 2216 2599 2272 Pater
2623 2218 2860 2288 genitor,
2886 2216 3055 2273 Filius
3105 2217 3343 2289 genitus,
3412 2215 3649 2285 Spiritus

358 2317 673 2386 procedens
703 2313 1047 2384 intelligitur.
1077 2312 1181 2368 llas
1210 2313 1431 2384 quidem
1495 2313 1718 2368 Grmcos
1766 2313 2040 2385 ﬁngendis
2098 2313 2328 2369 vocibus
2392 2314 2669 2368 feliciores
2710 2313 2904 2368 imitati
2948 2329 3054 2367 non
3121 2313 3390 2367 inutiliter
3436 2313 3638 2366 tortas.

349 2428 427 2473 se.
454 2411 696 2465 barbare
738 2407 959 2477 quidem
990 2416 1138 2481 certe
1171 2406 1576 2474 paternitatem,
1615 2407 1930 2461 ﬁliationetu
1990 2418 2046 2463 et
2098 2406 2507 2477 processionem
2571 2407 2868 2476 appellant.
2918 2406 3049 2473 Qua:
3114 2406 3329 2460 ratione
3384 2415 3636 2461 naturam

348 2513 513 2573 atque
583 2500 890 2555 essentiam
944 2506 1240 2565 superante
1307 2496 1465 2551 ﬁunt.
1531 2497 1721 2567 Itaque
1792 2499 1963 2552 Deum
2031 2514 2201 2553 unum
2263 2513 2358 2553 eos
2401 2514 2525 2553 esse
2579 2498 2831 2561 dicimus,
2897 2514 3018 2552 cum
3089 2498 3333 2568 ipsorum
3389 2514 3648 2567 personas

354 2596 479 2651 sine
517 2592 790 2647 divisione
817 2589 1119 2652 distinctas,
1151 2597 1208 2645 et
1237 2589 1357 2643 sine
1380 2592 1772 2659 conjunctione
1820 2592 2134 2662 copulatas,
2171 2601 2389 2662 propter
2448 2591 2734 2646 divisionis
2791 2590 3309 2662 coniunctionisque
3367 2593 3639 2648 rationem

354 2703 551 2748 natura
578 2690 828 2745 simulet
876 2689 1117 2743 essentia
1165 2688 1621 2761 pnestantiorem.
1679 2690 1920 2759 perfecte
1970 2702 2028 2746 et
2078 2682 2255 2762 reipsa
2284 2690 2620 2761 distinguere
2646 2702 3004 2758 nequeamus.

424 2784 776 2855 Χωρίζονται
810 2782 1056 2853 ἀλλήλων
1086 2784 1143 2838 αί
1183 2785 1533 2852 ὑποστάσεις,
1569 2786 1630 2839 οὑ
1652 2789 1719 2858 τῇ
1742 2786 1900 2855 οὐσίᾳ
1923 2826 1939 2849 ,

345 2879 489 2933 ἀλλὰ
512 2880 630 2936 ταῖς
664 2878 1197 2945 χαρακτηριστικαῇ
1223 2877 1453 2947 ἰδιότησι
1479 2880 1588 2931 τῶν
1613 2879 1942 2950 προσώπων.

347 2970 561 3024 Λοιπὸν
591 2966 685 3022 οὖν
705 2966 793 3028 διὰ
822 2965 928 3019 τῶν
948 2966 1189 3034 κλήσεων
1216 2968 1315 3037 τῆς
1348 2969 1509 3037 ἁγίας
1536 2971 1737 3041 Τριάδο
1758 2990 1794 3037 ·,
1828 2973 1944 3024 Πα-

345 3064 510 3131 τρὸς,
532 3060 664 3114 Υἱοῦ
698 3059 794 3113 καὶ
813 3059 969 3126 ἁγίου
1001 3060 1341 3129 Πνεύματος,
1372 3062 1432 3115 οὐ
1460 3062 1675 3131 φύσεων
1698 3065 1947 3118 διδασκὸ-

354 3155 504 3226 μεθα
544 3152 842 3223 διαφορὰνξ,
873 3150 991 3206 ἀλλ’
1027 3150 1377 3205 ὑποστάσεων
1415 3156 1778 3225 γνωριστικὰς
1815 3156 1942 3210 tam-

351 3265 552 3319 τητας.

432 3341 611 3393 Οὐσία
635 3340 729 3394 καὶ
756 3339 941 3409 φύσις,
965 3340 1061 3394 καὶ
1086 3342 1259 3410 γένος,
1292 3342 1386 3394 καὶ
1414 3338 1576 3404 εἶδος,
1607 3343 1703 3396 καὶ⁸
1733 3343 1943 3413 μορφὴ,

349 3433 559 3487 ταιτόν
595 3436 742 3487 ἐστιν
786 3433 879 3487 ἐπὶ
920 3434 1055 3488 Θεοῦ
1100 3435 1241 3489 κατὰ
1280 3433 1407 3498 τοὺς
1452 3434 1630 3499 θείους
1670 3438 1941 3507 Πατέρας.

362 3525 697 3587 σγπόστασις
730 3524 787 3577 δὲ
816 3525 1005 3591 πάλιν,
1041 3526 1138 3579 καὶ
1163 3527 1477 3597 πρόσωπον,
1504 3529 1597 3581 καὶ
1628 3529 1942 3600 χαρακτὴρ»

349 3617 453 3670 καὶ
507 3616 730 3686 ἰδιότης.
792 3616 887 3670 καὶ
937 3620 1141 3687 ἄτομον
1196 3620 1414 3672 ταυτόν.
1472 3620 1580 3671 Καὶ
1626 3621 1789 3672 οὐσία
1841 3622 1943 3686 μὲν

351 3709 452 3761 καὶ
479 3708 643 3776 φύσις
666 3710 807 3761 κατὰ
830 3710 1047 3762 πάντων
1073 3710 1271 3780 ἐπίσης
1301 3710 1551 3777 λέγονται
1578 3709 1688 3762 τῶν
1721 3712 1944 3765 ὑποκει-

357 3803 540 3871 μένων
561 3841 574 3865 ,
608 3802 744 3854 καθὸ
776 3803 871 3855 καὶ
907 3805 1108 3865 πάντες
1143 3803 1421 3873 ἄνθρωποι
1462 3804 1593 3871 μιᾶς
1629 3803 1817 3866 οὐσίας
1849 3802 1941 3857 καὶ

353 3893 574 3960 φύσεως
597 3909 611 3922 ⁸
644 3893 940 3956 ὑπόστασις
970 3893 1029 3947 δέ
1055 3895 1194 3956 ἐστι,
1228 3895 1320 3946 καὶ
1350 3894 1661 3962 πρόσωπον,
1691 3895 1785 3947 καὶ⁹
1818 3895 1942 3948 ho-

356 3999 480 4052 μον,
536 3984 599 4036 τὸ
653 3985 961 4047 ἰδιαζόντως
1019 3985 1113 4037 καὶ
1159 3985 1277 4038 καθ’
1324 3985 1485 4037 ἑαυτὸ
1530 3985 1798 4053 ὑφεστὼς,
1848 3987 1941 4040 καὶ

352 4077 626 4145 διαίρεσιν
654 4078 825 4144 χωρὶς
855 4076 1060 4147 φθορᾶς
1083 4076 1160 4145 μὴ
1186 4076 1586 4147 ἐπιδεχόμενον.

430 4166 589 4230 Εἶδος
631 4170 726 4223 καί⁹
758 4168 942 4238 μορφὴ
993 4168 1189 4221 ταυτὸν
1239 4168 1332 4221 ἐπὶ
1359 4169 1457 4238 τῆς
1484 4169 1645 4238 ἁγίας
1675 4170 1939 4240 Τριάδος,

352 4261 449 4315 καὶ
495 4261 599 4331 τὴν
629 4260 815 4314 οὐσίαν
862 4259 1443 4328 ἄμυωβημαίνουσιν.
1503 4278 1522 4311 ι
1594 4260 1651 4312 Ὀ
1674 4261 1938 4330 ἑωρακὼς

352 4356 487 4423 γὰρ,
550 4372 570 4405 ι
634 4354 818 4421 φησὶν,
856 4370 875 4403 ι
918 4353 1020 4421 ἐμὲ
1064 4351 1279 4423 ἑώρακε
1326 4353 1419 4407 τὸν
1469 4354 1691 4424 Πατέρα
1734 4371 1859 4425 μου,
1911 4374 1932 4407 ι

352 4446 605 4513 ὁράσεως
639 4443 870 4497 ἐνταῦθα
899 4445 1195 4513 νοουμένης
1228 4445 1324 4513 τῆς
1354 4449 1628 4511 γνώσεως.

436 4542 505 4594 Ἠ
559 4541 659 4609 μὲν
704 4540 865 4593 οὐσία
911 4540 1149 4609 ἑνωτικὴ
1202 4540 1311 4595 τῶν
1350 4540 1743 4595 ὑτιοστάσειον⁹
1786 4528 1949 4597 αι’δὲ

2120 2789 2536 2859 llistinguuntur
2565 2787 2885 2855 ltypctstases
2922 2799 3031 2837 nou
3062 2781 3321 2846 essentia,
3375 2783 3472 2837 sed
3526 2800 3647 2853 pro.

2052 2883 2185 2953 priis
2216 2898 2573 2952 personarum
2605 2880 2768 2935 notis.
2804 2879 2983 2943 Quare
3020 2893 3116 2944 per
3148 2886 3357 2930 sancta:
3406 2876 3647 2932 Trinita-

2057 2975 2125 3029 tis
2146 2976 2391 3039 nomina,
2424 2974 2622 3036 Patris,
2660 2983 2714 3026 et
2736 2972 2879 3033 Filii,
2914 2979 2967 3024 et
3000 2968 3240 3033 Sp'titus
3269 2968 3469 3035 sancti,
3525 2986 3636 3024 non

2060 3076 2374 3121 naturarum
2419 3067 2735 3130 discrimen,
2768 3064 2863 3118 sed
2886 3062 3094 3116 indices
3124 3074 3482 3130 personarum
3511 3076 3643 3132 pro-

2054 3158 2316 3228 prietates
2368 3161 2594 3215 edocent
2605 3176 2633 3214 ιι
2645 3175 2686 3216 r.

2118 3339 2391 3406 Essentia,
2445 3351 2500 3397 et
2568 3353 2863 3411 natura,et
2891 3363 3081 3415 genus,
3164 3358 3218 3404 et
3306 3352 3537 3420 species,
3590 3362 3648 3409 et

2052 3432 2249 3494 forma,
2274 3448 2336 3486 ex
2362 3432 2578 3486 Patrum
2621 3441 2914 3501 sententia,
2942 3440 3084 3493 idem
3115 3449 3242 3495 sunt
3272 3441 3325 3495 in
3350 3440 3477 3498 Deo.
3509 3442 3642 3499 ltcm

2051 3538 2308 3592 persona,
2356 3534 2412 3578 et
2472 3534 2619 3589 nota,
2681 3536 2738 3580 et
2800 3530 3132 3597 proprietas,
3193 3541 3250 3586 et
3304 3533 3644 3588 individuum

2049 3615 2191 3668 idem
2225 3624 2375 3670 sunt.
2410 3615 2476 3669 Et
2507 3618 2751 3672 essentia
2811 3621 3030 3687 quidem
3093 3631 3257 3690 atque
3308 3632 3503 3679 natura
3574 3626 3643 3681 de

2049 3704 2305 3758 omnibus
2323 3705 2588 3772 subjectis
2618 3711 2821 3777 pariter
2847 3710 3133 3777 dicuntur,
3169 3715 3635 3781 quemadmodum

2048 3801 2102 3847 et
2126 3809 2317 3849 omnes
2348 3795 2596 3851 homines
2624 3798 2785 3852 unius
2819 3802 3071 3863 essentia:
3127 3815 3443 3874 natumque
3477 3818 3600 3859 sunt
3623 3845 3647 3873 ι

2050 3885 2355 3956 hypostasis
2394 3903 2545 3951 vero,
2588 3898 2644 3942 et
2717 3904 2975 3958 persona,
3024 3892 3445 3947 etindividuum
3472 3900 3639 3965 Signi-

2047 3979 2212 4034 ﬁcant
2247 3980 2302 4035 id
2334 3980 2480 4051 quod
2513 3982 2757 4056 proprie,
2804 3994 2860 4036 et
2883 3998 2979 4052 per
3002 3998 3061 4038 se
3117 3984 3389 4049 subsistit.
3447 3996 3502 4043 et
3560 3992 3630 4044 ab

2047 4077 2153 4131 alio
2182 4078 2301 4132 sine
2328 4076 2552 4131 interitu
2585 4076 2817 4145 suscipit
2839 4078 3274 4133 distinctionem.

2120 4172 2365 4241 Species,
2396 4179 2451 4223 et
2482 4171 2655 4224 forma
2693 4170 2836 4224 idem
2888 4182 3017 4226 sunt
3046 4172 3098 4225 in
3133 4185 3318 4228 sancta
3342 4174 3635 4240 Trinitate,

2044 4263 2448 4331 essentiamque
2500 4263 2805 4332 signiﬁcant
2836 4278 2852 4319 :
2883 4264 3013 4330 «Qui
3068 4265 3335 4332 viditme,
3366 4285 3383 4318 ι
3440 4267 3645 4336 inquit,

2050 4355 2298 4409 «Patrem
2332 4355 2528 4409 vidit‘.
2563 4370 2581 4406 ι
2615 4354 2715 4409 llic
2769 4367 2950 4410 autem
3010 4358 3181 4411 videre
3231 4357 3503 4428 signiﬁcat
3540 4373 3636 4414 c0-

1971 4471 2019 4531 D
2044 4464 2329 4521 gnoscere.

2117 4541 2361 4596 Essentia
2406 4553 2676 4611 personas
2711 4539 3016 4610 conjungit.
3060 4538 3314 4597 Persona.-
3347 4560 3475 4599 vero
3505 4561 3633 4614 pro-

351 4632 688 4693 ὑποστάσεις
713 4630 1045 4702 διαιρετικαὶ
1075 4630 1174 4700 τῆς
1207 4630 1398 4689 οὐσίας
1429 4632 1489 4683 ὲν
1519 4632 1631 4694 τοῖς
1663 4648 1946 4703 χαρακτη-

2050 4631 2391 4703 prietatibus,
2428 4630 2582 4700 quasi
2640 4630 2786 4685 notis
2851 4631 3175 4699 quibusdam
3231 4630 3630 4703 separantibus.

353 4726 631 4795 ριστικοῖς
660 4723 752 4776 καὶ
773 4724 1152 4794 ἁφοριστικοίς
1179 4723 1360 4777 αὑτῶν
1387 4722 1694 4792 ίδιώμασιν.

433 4816 505 4869 Ἦ
542 4816 644 4883 μὲν
665 4814 821 4868 οὑσία
844 4814 1106 4869 οὐδέποτε
1137 4815 1354 4884 λέγεται
1386 4817 1528 4869 κατὰ
1564 4816 1947 4886 ἀνυπάρκτων,

350 4912 383 4979 ἡ
420 4910 479 4962 δὲ
518 4907 682 4975 φύσις
702 4907 981 4969 πολλάκις.
1004 4906 1172 4960 Φύσιν
1204 4908 1334 4978 γὰρ,
1368 4908 1553 4976 φησὶν,
1583 4905 1700 4977 ἔχει
1727 4905 1787 4961 τὸ
1813 4906 1945 4977 ψεῦ-

351 5002 439 5063 δος
484 4998 766 5067 τοιαύτην.
804 4998 913 5051 Καὶ
955 4998 1085 5068 ὃλην
1117 4997 1216 5066 μιν
1258 4998 1419 5066 φύσις
1462 4996 1651 5059 ὕδατος
1702 4998 1942 5052 δείκνυσι

352 5092 453 5161 τὴν
488 5090 701 5144 οἰκείαν
737 5089 940 5160 πηγὴν,
974 5089 1136 5159 λόγου
1189 5089 1245 5142 δὲ
1278 5088 1438 5159 φύσις
1477 5090 1578 5158 τὴν
1605 5089 1941 5158 προενέγκα-

354 5201 454 5238 σαν
486 5182 745 5251 καρδίαν.
1780 5244 1783 5247 _

424 5278 493 5329 El
526 5276 597 5329 τὰ
626 5275 782 5328 κοινὰ
812 5278 907 5329 κα)⁸
940 5272 1206 5328 καθολικὰ
1232 5273 1329 5326 ὅλα
1358 5271 1452 5325 καὶ
1487 5273 1669 5329 τέλεια
1704 5291 1939 5346 κατηγο-

352 5369 581 5439 moveat.
617 5368 725 5421 τῶν
758 5368 1136 5436 ὑποκειμένων
1168 5365 1355 5429 αὐτοῖς
1387 5366 1633 5435 μερικῶν
1658 5382 1673 5397 ο
1708 5382 1946 5437 κατηγο-

353 5465 536 5531 ρεῖται
576 5461 685 5531 ἄρα
721 5458 817 5514 καὶ
842 5461 876 5530 ή
904 5458 1065 5528 φύσις
1101 5457 1203 5528 τῆς
1233 5458 1484 5527 θεότητος
1514 5456 1609 5526 ὅλη
1640 5457 1734 5511 καὶ
1760 5456 1943 5511 τελεία

348 5556 593 5624 ἑκάστης
634 5552 746 5607 τῶν
782 5551 984 5622 ἑαυτῆς
1027 5550 1403 5605 ὑποστάσεων.
1445 5549 1639 5603 Κοινὸν
1689 5547 1788 5619 μὲν
1815 5548 1943 5620 ,γὰρ

347 5649 443 5702 καὶ
494 5644 787 5699 καθολιγθν
847 5645 881 5714 ἡ
926 5640 1089 5713 φύσις
1132 5642 1226 5696 καὶ
1274 5644 1307 5712 ἡ
1361 5641 1541 5707 οὐσία,
1605 5639 1831 5710 μερικὺν
1882 5639 1941 5693 δὲ

422 5789 438 5817 ³
464 5784 630 5845 Joan.
664 5799 777 5853 τιν,
804 5784 858 5842 9.
922 5850 929 5857 ,

2046 4723 2343 4778 essentiam
2377 4722 2745 4793 distinguunt.

2122 4814 2373 4870 Esseotia
2408 4829 2691 4885 nunquam
2734 4814 2937 4869 dicitur
2997 4814 3066 4869 de
3119 4812 3206 4879 iis,
3261 4831 3380 4886 quae
3434 4833 3532 4888 per
3575 4833 3634 4873 se

2050 4919 2161 4959 non
2197 4912 2493 4971 constant;
2534 4913 2729 4959 natura
2764 4921 2893 4960 vero
2931 4907 3255 4976 saepissime.
3289 4911 3635 4980 Quapropter

2049 4996 2166 5051 haec
2199 5006 2304 5060 est,
2341 4998 2518 5067 inquit
2546 4998 2657 5065 ille,
2689 5009 2886 5053 natura
2939 5000 3235 5056 mendacii.
3266 5000 3331 5057 Et
3360 5002 3467 5066 ille,
3532 5002 3633 5058 du-

2045 5099 2190 5154 ctus,
2213 5089 2407 5160 inquit,
2462 5105 2613 5160 aquae
2643 5089 2847 5145 fontem
2864 5086 3102 5147 ostendit
3126 5110 3283 5147 suum
3314 5112 3329 5148 :
3364 5099 3634 5153 sermonis

2045 5191 2228 5237 autem
2282 5192 2475 5237 natura
2505 5199 2600 5239 cor
2650 5184 2921 5254 loquentis
2958 5185 3184 5241 indicat.

2119 5272 2177 5328 Si
2202 5290 2267 5330 ea
2312 5290 2434 5345 quas
2487 5278 2822 5345 communia,
2879 5288 2935 5333 et
2995 5279 3274 5344 universa,
3329 5292 3384 5335 et
3413 5278 3544 5347 tota,
3577 5292 3632 5337 et

2042 5366 2281 5437 perfecta
2310 5367 2378 5421 de
2402 5368 2664 5438 subjectis
2694 5370 2797 5425 sibi
2827 5371 3196 5442 singularibus
3223 5375 3502 5441 dicuntur,
3545 5370 3628 5427 di-

2044 5459 2186 5514 citur
2238 5470 2293 5514 et
2346 5460 2660 5516 Divinitatis
2716 5474 2909 5519 natura
2968 5474 3075 5520 tota
3149 5476 3205 5521 et
3270 5464 3507 5535 perfecta
3557 5465 3628 5519 de

2044 5551 2280 5623 singulis
2311 5552 2483 5621 ipsius
2522 5555 2793 5623 personis.
2844 5557 3147 5612 Commune
3190 5558 3335 5611 enim
3387 5566 3443 5609 et
3503 5555 3628 5609 uni-
3696 5626 3699 5630 Α

2043 5659 2260 5699 versum
2300 5645 2556 5714 quiddam
2615 5658 2696 5703 est
2755 5657 2948 5703 natura
3002 5659 3057 5704 et
3087 5648 3343 5704 essentia.
3372 5645 3625 5717 Singula-
