4130 6404
418 302 518 367 125

1396 304 1771 379 PANOPLIA
1813 319 2282 384 DOGMATICA.
2324 349 2394 363 -
2428 326 2579 389 Tl'l‘.
2626 326 2743 389 IlI.

3603 332 3706 400 126

413 418 571 470 οὐσία
603 418 730 491 μὲν,
764 422 844 485 ὡς
892 424 1238 494 αὺτοοντότης
1260 440 1275 456 ο
1305 425 1407 479 οὐκ
1437 427 1595 481 οὐσία
1623 429 1700 493 δὲ,
1734 431 1808 494 ὼς
1838 433 1979 505 ὑπερ
2000 464 2016 472 -

2134 452 2241 490 non
2275 453 2443 492 unum
2473 451 2682 505 autem,
2721 440 2980 512 quoniam
3018 452 3236 506 eorum,
3266 459 3385 515 quae
3417 462 3527 503 non
3573 448 3713 504 divi-

417 509 601 573 οὗσιός
658 527 720 563 τε
752 510 851 563 καὶ
881 513 1208 576 οὐσιοποιός.
1246 514 1368 568 Ἔτι
1394 516 1451 569 δὲ
1480 519 1574 571 καὶ
1618 520 1767 587 ἐνὰς,
1810 524 1903 576 καὶ
1925 526 2024 595 οὐχ

417 607 549 671 ἑνάς
574 625 588 640 ·
642 609 777 675 ὲνάς
841 611 963 679 μὲν,
1009 610 1082 674 ὡς
1116 612 1442 683 αὑτοενότης
1470 630 1485 645 ·
1532 617 1631 687 οὐχ
1678 619 1804 682 ἑνὰς
1837 619 1914 683 δὲ,
1948 623 2023 686 ὡς

422 698 569 767 ὑπὲρ
613 700 782 755 ὲνάδα
828 704 1035 768 πᾶσαν,
1073 704 1169 759 καὶ
1214 706 1398 775 πάσης
1447 707 1636 772 ἑνάδος
1689 713 2022 781 ὑποστάτης.

422 794 535 851 Καὶ
564 794 738 847 πολλὰ
777 795 1013 847 τοιαῦτα
1040 797 1133 848 ἐπὶ
1177 798 1315 850 Θεοῦ
1364 800 1635 871 λεγόμενα
1668 802 1746 873 μὴ
1783 805 1902 875 κατ’
1938 805 2025 859 ἐλ-

418 884 630 952 λειψιν,
655 885 794 939 ἀλλὰ
827 887 952 940 καθ’
978 888 1274 960 ὑπεροχὴν,
1302 892 1485 945 ὁποῖόν
1516 895 1631 949 ἐστι
1662 898 1755 949 καὶ
1785 896 1845 948 τὸ
1870 897 2026 952 ἀναξ-

421 976 647 1043 σϐητον,
679 976 761 1030 Eri.
792 980 851 1032 δὲ
880 981 974 1033 καὶ
1004 981 1064 1033 τὸ
1091 981 1327 1051 ἀόρατον
1355 984 1493 1051 φῶς.

2128 528 2359 593 duntur,
2388 545 2623 600 quaeque
2677 534 2949 604 simplicia
3000 545 3150 603 sunt,
3200 538 3415 593 nullum
3467 549 3574 603 est,
3614 542 3715 597 sed

2127 622 2387 676 omnibus
2445 638 2567 693 qua:
2615 642 2784 681 unum
2837 637 2991 692 sunt,
3049 637 3295 699 praestat,
3383 646 3717 701 omnemque

2123 711 2416 771 divisionis
2490 728 2772 787 expertem
2834 719 3103 779 rationem
3169 735 3225 776 et
3302 721 3714 791 simplicitatem

2126 807 2321 873 anteit,
2361 819 2419 864 et
2464 824 2658 865 eorum
2718 828 2935 882 quoque
2989 824 3181 868 auctor
3232 815 3463 891 exsistit.
3513 814 3723 870 Essem

2128 896 2261 952 tiam
2305 900 2440 954 item
2492 909 2548 955 et
2576 916 2686 956 non
2719 904 3019 959 essentiam
3081 903 3315 975 dicimus
3372 902 3543 959 Deum
3576 920 3589 956 :
3619 921 3711 961 es-

2125 991 2384 1059 sentiam,
2418 995 2673 1062 quoniam
2706 1010 2835 1050 vere
2871 1012 2967 1065 per
2998 1012 3058 1052 se
3088 1006 3198 1064 est;
3231 1013 3343 1052 non
3367 1000 3695 1061 essentiam,

420 1068 554 1136 quia
592 1072 846 1126 essentia;
898 1077 1180 1144 praecellit,
1238 1087 1293 1133 et
1327 1081 1447 1148 ejus
1502 1080 1732 1136 eﬂ'ectin'
1771 1091 1875 1137 est.
1928 1082 2010 1139 Ad
2065 1086 2181 1140 haec
2213 1085 2478 1143 unitatem
2535 1098 2591 1144 et
2647 1103 2758 1144 non
2811 1092 3119 1158 unitatem;
3169 1090 3429 1146 unitatem
3466 1091 3721 1161 quidem,

420 1170 553 1234 quia
601 1177 685 1221 est
738 1170 852 1239 ipsa
885 1173 1257 1237 unitasznon
1287 1176 1553 1232 unitatem
1610 1194 1764 1247 vero,
1808 1181 2067 1250 quoniam
2129 1194 2215 1238 est
2261 1185 2412 1237 omni
2465 1187 2811 1254 praestantior
2860 1189 3092 1249 unitate,
3140 1198 3196 1243 et
3245 1189 3428 1244 omnis
3496 1188 3719 1243 unitatis

422 1260 790 1314 constitutor.
856 1263 986 1320 llmc
1044 1277 1097 1325 et
1147 1268 1250 1327 alia
1298 1271 1469 1325 multa
1516 1271 1589 1326 de
1633 1273 1762 1338 Deo,
1790 1290 1900 1329 non
1926 1277 2230 1342 deﬁcienti,
2295 1278 2392 1333 sed
2440 1282 2791 1350 exsuperanti
2854 1282 3067 1338 ratione
3145 1283 3423 1345 dicuntur,
3478 1292 3538 1336 ut
3584 1282 3717 1336 illud

424 1352 617 1418 etiam,
651 1356 801 1422 quod
856 1372 1049 1413 sensus
1090 1376 1201 1416 non
1236 1362 1458 1429 habent,
1491 1374 1548 1420 et
1597 1364 1780 1420 lumen
1816 1368 1887 1422 sit
1921 1384 2032 1423 non
2078 1371 2435 1440 aspectabile.

1048 1453 1162 1510 Τοῦ
1196 1455 1411 1511 αὑτοῦ.

515 1535 575 1589 '0
604 1538 740 1601 Θεὸς
782 1539 876 1594 καὶ
908 1543 1085 1596 πάντα
1113 1545 1184 1598 τὰ
1210 1547 1342 1603 ὄντα
1368 1547 1535 1611 ἐστὶν,
1566 1546 1641 1611 ὡς
1666 1549 1891 1603 πάντων
1915 1549 2019 1618 ἀρ-

424 1627 501 1697 χὴ
524 1631 622 1679 καὶ
657 1631 824 1696 αἰτία,
857 1634 951 1685 καὶ
984 1634 1059 1698 ὡς
1092 1635 1271 1688 πάντα
1302 1639 1361 1689 ὲν
1384 1638 1559 1708 ἐαυτῷ
1594 1638 1754 1709 ἔχων·
1793 1640 1888 1692 καὶ
1921 1639 2018 1693 οὐ·

424 1722 519 1775 δὲν
544 1722 656 1775 τῶν
686 1724 855 1776 ὄντων
893 1726 1062 1789 ἐστὶν,
1094 1725 1170 1790 ὡς
1223 1729 1574 1798 ὑπερούσιος.
1598 1732 1690 1786 Διὸ
1719 1733 1812 1786 καὶ
1842 1734 2019 1786 πάντα

2715 1458 2759 1517 Ε
2754 1465 2984 1533 jusdem.

2200 1555 2341 1610 Dens
2372 1565 2425 1611 et
2446 1558 2530 1611 est
2552 1556 2733 1611 omnia
2752 1574 2871 1625 qtae
2892 1569 3043 1621 sunt,
3075 1565 3346 1625 quatenus
3372 1564 3458 1610 est
3472 1554 3719 1609 omnium

2125 1645 2452 1715 principium
2487 1654 2542 1699 et
2589 1661 2773 1707 causa.
2807 1655 2861 1700 et
2914 1644 3176 1699 omniain
3201 1658 3260 1700 se
3313 1642 3718 1713 complectitur.
3800 1629 3808 1639 ’

2127 1730 2195 1791 Et
2232 1739 2439 1792 nullum
2472 1748 2557 1793 est
2579 1754 2767 1793 eorum
2803 1753 2927 1807 qua:
2952 1746 3103 1800 sunt.
3130 1745 3403 1808 quatenus
3425 1737 3718 1791 essentiam

425 1814 620 1879 αὑτοῦ,
644 1819 739 1869 καὶ
770 1818 886 1889 ἅμα
920 1824 1327 1891 κατηγορεῖται,
1352 1825 1447 1877 καὶ
1484 1825 1641 1880 οὐδὲν
1663 1827 1773 1880 τῶν
1802 1828 2020 1884 πάντων

2134 1841 2447 1901 exsuperat.
2492 1831 2859 1898 Quamobrem
2896 1832 2967 1887 de
3018 1832 3136 1899 ipso
3176 1838 3231 1886 et
3258 1831 3445 1886 omnia
3479 1829 3717 1883 etsimul

425 1906 571 1968 ἐστὶ,
606 1908 959 1979 πάνσχημος,
1005 1913 1313 1979 πανείδεος,
1358 1916 1535 1970 ταῦτα
1564 1919 1759 1989 ἀρχὰς,
1789 1920 1886 1975 καὶ
1925 1922 2025 1991 μὲο

427 2010 502 2047 σα
537 1996 633 2047 καὶ
655 1996 784 2068 τέλη
814 2000 921 2052 τῶν
963 1999 1133 2055 ὄντων
1159 2008 1513 2076 προειληφὼς
1554 2010 1611 2062 ὲν
1641 2011 1821 2081 ἐαυτῷ
1858 2012 2023 2081 ἀσχέ-

432 2102 568 2150 τως,
602 2087 698 2140 καὶ
729 2087 1108 2163 ἐξῃρημένως,
1147 2097 1242 2149 καὶ
1272 2099 1409 2152 πᾶσι
1443 2100 1503 2153 τὸ
1533 2096 1671 2155 εἶναι
1695 2102 2023 2173 ἐπιλάμπων

431 2181 580 2231 κατὰ
610 2180 1047 2257 ὕπερηνωμένην
1078 2188 1280 2244 αἰτίαν.

2129 1925 2312 1980 omnia
2335 1925 2612 1989 dicuntur,
2663 1934 2829 1981 etest
2887 1925 3135 1981 omnium
3186 1920 3422 1978 nullum.
3487 1920 3721 1977 Omnem

2128 2014 2360 2071 formam
2401 2016 2740 2086 ﬁguramque
2767 2016 3034 2079 continet,
3056 2014 3312 2083 idemque
3330 2012 3511 2068 omnis
3532 2011 3723 2066 {omne

2127 2116 2289 2178 atque
2312 2108 2498 2178 ﬁgura:
2530 2116 2619 2164 est
2638 2123 2858 2177 expers.
2883 2106 3157 2161 Praeterea
3214 2106 3280 2160 de
3318 2106 3428 2159 Deo
3458 2104 3722 2157 dicuntur

2133 2200 2299 2253 etiam
2324 2198 2597 2267 ejusmodi
2621 2214 2634 2250 :
2657 2213 2840 2253 rerum
2865 2196 3151 2266 principia,
3175 2204 3232 2250 et
3252 2195 3449 2257 media,
3476 2200 3531 2247 et
3562 2190 3721 2248 lines.

428 2278 734 2340 antequam
778 2290 866 2329 res
894 2277 1027 2345 ipsa:
1057 2278 1187 2342 sint,
1226 2281 1494 2338 immenso
1528 2293 1584 2338 et
1628 2285 1830 2340 eximio
1859 2285 2022 2343 modo
2058 2286 2203 2344 Deus
2224 2288 2281 2343 in
2311 2303 2379 2343 se
2398 2286 2807 2358 complectitur.
2840 2285 3183 2341 Etomnibus
3218 2281 3721 2352 exsistendilumcn

426 2381 531 2436 per
559 2382 779 2421 causam
818 2370 1084 2427 unitatem
1118 2375 1553 2446 coniunctiorem
1603 2380 1889 2452 elargitur.

1049 2466 1159 2521 Τοῦ
1189 2469 1399 2524 αὐτοῦ.

506 2554 633 2605 Ὀτι
668 2553 760 2605 ἐπὶ
791 2554 885 2608 τοῦ
928 2556 1065 2611 Θεοῦ
1109 2564 1203 2614 καὶ
1248 2565 1424 2619 πάντα
1469 2568 1917 2636 καταφᾶσκομεν,
1953 2566 2029 2629 ὡς

429 2643 657 2695 πάντων
705 2648 903 2713 αἰτίου,
948 2654 1040 2703 xu).
1082 2653 1260 2707 πάντα
1305 2657 1722 2726 ἀποφάσκορεν,
1771 2657 1845 2720 ὡς
1889 2657 2029 2727 ὑπὲρ

430 2734 617 2787 πάντα
669 2737 841 2802 ὖντος.
887 2742 947 2793 '0
987 2742 1096 2814 γὰρ
1130 2744 1263 2808 Θεὸς
1297 2749 1394 2799 καὶ
1438 2751 1615 2804 πάντα.
1646 2751 1763 2803 ἐστὶ
1803 2750 2032 2817 θεοπρε-

424 2828 577 2893 πῶς,
625 2832 721 2882 καὶ
752 2832 906 2885 οὐδὲν
948 2834 1058 2887 τῶν
1090 2838 1312 2891 πάντων
1361 2840 1728 2911 ὑπερουσίως.
1781 2842 1890 2899 Καὶ
1936 2843 2029 2893 ἐπὶ

422 2920 525 2972 τοῦ
554 2922 694 2974 Θεοῦ
718 2924 816 2977 οὐκ
866 2924 1006 2978 εἰσὶν
1039 2928 1094 2980 αἱ
1119 2932 1459 3001 καταφάσεις
1506 2935 1881 3003 ἁντικείμεναι
1909 2938 2031 2999 ταῖς

423 3018 767 3084 ἀποφάσεσι,
834 3019 921 3071 διὰ
967 3022 1027 3073 τὸ
1079 3018 1220 3076 εἶναι
1263 3027 1427 3078 αὐτὸν
1460 3027 1600 3097 ὑπὲρ
1640 3031 1821 3081 πᾶσαν
1879 3028 2029 3081 θέσιν

424 3108 528 3160 καὶ
580 3110 905 3181 ἀφαίρεσιν,
965 3114 1059 3166 καὶ
1114 3116 1253 3187 ὑπὲρ
1316 3120 1495 3172 πᾶσαν
1575 3119 1688 3184 ἕξιν
1755 3121 1848 3173 καὶ
1904 3120 2028 3173 στέ⁶

429 3208 620 3268 ρησιν.

1054 3299 1167 3355 Τοῦ
1202 3304 1413 3360 αὑτοῦ.

504 3386 633 3438 Ὅτι
685 3386 946 3453 πολλάκις
996 3394 1471 3464 ἀντιπεπονθότως
1516 3401 1608 3453 ἐπὶ
1652 3403 1747 3455 τοῦ
1786 3405 1920 3458 σι)εοῦ
1963 3405 2031 3458 τὰ

426 3476 530 3544 τῆς
565 3478 880 3548 στερήσεως
918 3483 1326 3554 ἀποφάσκεται,
1361 3491 1435 3553 ὼς
1466 3492 1548 3557 τὸ,
1577 3493 1807 3548 (Ἐθετο
1836 3497 2031 3559 σκότος

431 3569 763 3655 ἁιτοκρυφὴν
811 3573 1004 3640 αὐτοῦ,
1041 3595 1059 3626 ι
1097 3579 1237 3648 ὅπερ
1283 3583 1310 3633 ό
1340 3582 1637 3647 ἀπόστολος
1672 3585 1885 3650 Παῦλος
1913 3588 2030 3655 φῶς

443 3654 592 3710 ἄιεν
614 3663 927 3731 ἀπρόσιτον.
957 3686 975 3717 ι
1002 3667 1121 3729 Φῶς
1153 3671 1314 3741 γὰρ,›
1350 3674 1535 3744 φησὶν,
1567 3693 1587 3728 ι
1617 3677 1784 3730 οἰκῶν
1817 3654 2029 3748 ἀπρόσ-

458 3766 606 3807 ιτον·
645 3777 662 3807 ι
721 3761 784 3813 τὸ
873 3764 983 3834 γὰρ
1036 3765 1335 3837 ἀπρόσιτον
1388 3770 1528 3838 φῶς,
1586 3774 1678 3824 καὶ
1736 3773 1825 3825 διὰ
1876 3773 2036 3826 τοῦτο

443 3848 664 3914 ἀςανὲς,
697 3853 812 3906 ἴσον
847 3855 967 3907 ἐστὶ
993 3857 1074 3926 τῷ
1124 3860 1321 3927 ἀφανεῖ
1366 3861 1571 3927 σκότει,
1604 3863 1727 3915 ὅσον
1765 3866 1845 3927 εἰς
1869 3864 1929 3917 τὸ
1959 3865 2035 3933 μὴ

439 3942 749 4009 φαίνεσθαι.
804 3947 1249 4019 Τοιουτοτρόπως
1282 3952 1500 4020 λέγεται
1548 3955 1639 4009 καὶ
1679 3958 1738 4008 τὸ
1776 3958 2037 4027 παμφαὲς

436 4030 556 4098 φῶς
587 4035 839 4104 ἀόρατον,
876 4038 951 4101 ὡς
992 4039 1293 4111 ὑπεραῖρον
1318 4046 1419 4113 τὴν
1462 4046 1653 4115 ὅρασιν
1682 4062 1696 4076 '
1730 4049 1822 4101 καὶ
1853 4049 2036 4114 ἀγνω-

438 4126 533 4178 σία
568 4127 705 4179 Θεοῦ
732 4130 767 4200 ἡ
797 4131 1175 4204 ὑπεραίρουσα
1210 4135 1431 4203 γνῶσις,
1463 4142 1559 4193 καὶ
1591 4141 1776 4210 μωρὸν
1815 4142 1952 4195 Θεοῦ
1977 4143 2036 4196 τὸ

436 4219 779 4289 ὑπέρσοφον.

2850 2474 3126 2546 Ejusdem.

2199 2570 2277 2625 De
2298 2570 2411 2625 Deo
2438 2579 2493 2625 et
2521 2568 2855 2625 aliirmamus
2896 2568 3105 2629 omnia.
3146 2576 3206 2621 ut
3231 2565 3299 2620 de
3344 2564 3457 2627 illo,
3490 2562 3585 2632 qui
3633 2571 3722 2617 est

2125 2662 2373 2717 omnium
2410 2676 2573 2716 causa
2605 2679 2617 2714 :
2647 2669 2709 2715 et
2739 2675 3006 2731 negamus
3036 2658 3242 2724 omnia,
3274 2666 3333 2711 ut
3386 2656 3454 2709 de
3478 2654 3593 2716 illo,
3624 2653 3721 2721 qui

2128 2758 2199 2813 sit
2217 2755 2476 2811 omnibus
2502 2752 2879 2809 excellentior.
2911 2752 3059 2806 Deus
3083 2751 3229 2806 enim
3247 2759 3296 2803 et
3330 2758 3413 2803 est
3437 2746 3617 2801 omnia
3636 2761 3725 2799 ra-

2131 2851 2279 2903 tione
2294 2848 2528 2917 quadam
2554 2846 2673 2914 ipso
2690 2845 2886 2913 digna;
2912 2852 2967 2897 et
2993 2843 3207 2897 nullum
3232 2857 3297 2896 ex
3330 2840 3587 2894 omnibus
3616 2847 3723 2901 est,

2135 2942 2391 3010 quoniam
2442 2938 2741 2992 essentiam
2797 2944 3041 3005 superat.
3102 2935 3277 2987 Porro
3330 2930 3725 2985 alIirmationos

2135 3033 2193 3087 in
2229 3032 2337 3086 Deo
2365 3032 2750 3101 negationibus
2774 3044 2882 3083 non
2917 3035 3048 3083 sunt
3079 3025 3399 3091 contrarian,
3460 3024 3721 3092 quoniam

2134 3136 2191 3182 et
2240 3126 2387 3179 omni
2420 3125 2687 3194 positione
2722 3134 2777 3177 et
2824 3121 3126 3187 ablatione,
3176 3120 3325 3174 omni
3379 3117 3568 3172 habitu
3613 3114 3723 3185 pri-

2133 3219 2462 3287 vationeque
2519 3216 2791 3286 superior.

2804 3304 3081 3374 Ejusdem.

2202 3403 2357 3472 Saepe
2384 3400 2661 3458 contrario
2682 3398 2843 3454 modo
2869 3395 3137 3467 privantia
3165 3394 3426 3450 dicuntur
3462 3391 3531 3445 ile
3585 3388 3721 3444 Deo.

2131 3494 2204 3551 Ut
2260 3494 2433 3550 illud:
2472 3513 2489 3549 ι
2538 3493 2731 3549 Posuit
2777 3493 3039 3546 tenebras,
3087 3486 3371 3542 latibulum
3417 3496 3582 3537 suum
3627 3479 3670 3545 ³,
3701 3498 3724 3531 ι

2133 3585 2283 3656 quod
2313 3586 2594 3655 apostolus
2625 3582 2825 3643 Paulus
2855 3581 3041 3635 lumen
3068 3580 3413 3633 inaccessum
3445 3571 3719 3644 appellat:

2141 3698 2157 3730 ι
2187 3678 2414 3743 Lucem,
2464 3694 2484 3727 ι
2552 3674 2746 3743 inquit,
2799 3691 2817 3723 ι
2858 3672 3115 3726 habitans
3166 3667 3597 3724 inaccessibilem
3644 3663 3717 3714 ’.ι

2135 3768 2273 3824 Nam
2305 3768 2419 3834 lux,
2447 3766 2514 3820 ad
2541 3781 2704 3834 quam
2732 3764 2916 3818 accedi
2946 3778 3058 3818 non
3115 3768 3319 3833 petest,
3379 3768 3545 3825 atque
3600 3757 3724 3810 ideo

2138 3876 2251 3915 non
2284 3859 2547 3924 cernitur,
2568 3855 2793 3925 aequalis
2844 3862 2931 3910 est
2973 3853 3240 3915 tenebris,
3295 3865 3414 3920 quze
3474 3864 3584 3902 non
3644 3849 3726 3901 vi-

2138 3952 2357 4011 dentur,
2392 3949 2447 4003 in
2507 3962 2574 4002 eo
2605 3950 2893 4009 duntaxat,
2952 3944 3098 4015 quod
3148 3943 3239 3998 illa
3271 3940 3527 4013 perinde,
3559 3949 3724 4008 atque

2140 4048 2245 4106 hae.
2284 4046 2452 4101 videri
2482 4060 2591 4098 non
2624 4052 2823 4114 potest.
2858 4041 3069 4097 Lumen
3102 4040 3249 4095 enim
3305 4038 3562 4121 omnibus
3595 4047 3725 4103 par-

2144 4141 2292 4196 tibus
2312 4135 2814 4208 splendidissimum
2845 4150 2958 4188 non
3014 4146 3307 4204 possumus
3331 4130 3555 4195 intueri,
3588 4144 3727 4198 quo-

2141 4232 2289 4286 niam
2326 4230 2619 4301 splendore
2659 4244 2762 4283 suo
2786 4225 3121 4298 prtestringit
3178 4224 3354 4280 aciem
3414 4220 3724 4277 oculorum.

434 4321 505 4375 El
537 4317 844 4388 ignorantia
878 4321 973 4378 Dei
1026 4331 1109 4379 est
1142 4326 1591 4393 praestantissima
1636 4331 1903 4399 cognitio,
1964 4340 2023 4384 et
2057 4327 2285 4384 stultitia
2306 4325 2399 4380 Dei
2432 4340 2648 4379 omnem
2682 4331 2904 4391 superat
2939 4321 3289 4391 sapientiam.

1065 4433 1178 4490 Τοῦ
1207 4435 1420 4490 αὑτοῦ.

2820 4435 3092 4505 Ejusdem.

525 4522 587 4577 '0
615 4521 749 4585 Θεὸς
795 4519 918 4578 οὔτε
953 4525 1070 4594 φῶς
1107 4529 1274 4593 ἐστιν,
1322 4527 1446 4583 οὔτε
1487 4530 1701 4593 σκότος,
1731 4531 1857 4585 οὔτε
1889 4534 2030 4602 τνῶι-

2208 4528 2352 4585 Deus
2379 4543 2557 4599 neque
2590 4530 2678 4583 lux
2707 4522 2811 4593 est,
2846 4542 3022 4596 neque
3059 4523 3318 4589 tenebrae,
3336 4539 3510 4595 neque
3536 4528 3730 4593 cegni-

443 4630 555 4680 σις,
590 4614 721 4670 οὔτε
766 4617 1033 4685 ἀγνωσία,
1069 4617 1195 4672 οὔτε
1228 4620 1478 4691 ἀλήθεια,
1528 4620 1653 4676 οὔτε
1684 4623 1902 4692 ψεῦδος,
1941 4624 2037 4678 καὶ

444 4708 733 4776 συντόμως
767 4712 961 4775 εἰπεῖν,
988 4709 1115 4765 οὔτε
1152 4712 1300 4776 Θέσις
1332 4713 1500 4767 αὐτοῦ
1532 4714 1849 4782 ὲστιν,οὖτε
1874 4716 2040 4781 ἀφαίο

447 4815 622 4869 ρεσις.
664 4802 840 4873 ’Υπὲρ
882 4805 1061 4859 πάντα
1091 4806 1200 4876 γάρ
1231 4808 1347 4859 ἐστι
1388 4807 1458 4861 τὰ
1496 4809 1627 4878 ἡμῖν
1683 4808 1717 4877 ἦ
1749 4810 1863 4872 τοῖς
1898 4810 2042 4878 ὑπὲρ

441 4894 597 4961 ἡμᾶς
645 4894 935 4966 νοούμενα.
1004 4898 1159 4952 Ἐπεὶ
1206 4902 1303 4953 καὶ
1361 4902 1551 4971 Πατὴρ
1612 4903 1708 4956 καὶ
1762 4901 1889 4963 Υἱὸς
1946 4903 2044 4955 καί

450 4987 685 5058 Πνεῦμα
725 4995 895 5056 ἔστιν,
948 4995 1047 5065 οὐχ
1101 4996 1176 5058 ὼς
1223 4997 1384 5066 ἡμεῖς
1423 4997 1673 5065 νοοῦμεν,
1728 4998 1845 5069 ﬂe!
1902 4999 2043 5071 ὑπὲρ

450 5082 626 5150 mai-.3
660 5084 774 5137 ἀλλ’
810 5085 952 5155 ὑπὲρ
981 5088 1160 5139 πάντα
1199 5089 1295 5141 καὶ
1356 5088 1481 5142 νοῦν
1521 5091 1615 5144 καὶ
1642 5090 1819 5156 λόγον.
1847 5092 1912 5144 Ai
1936 5093 2045 5163 γὰρ

451 5174 660 5241 θέσεις,
692 5177 787 5232 καὶ
815 5178 1160 5250 ἀφαιρέσεις,
1186 5182 1281 5235 καὶ
1309 5181 1454 5246 ἕξεις
1495 5185 1588 5236 καὶ
1619 5185 1905 5253 στερήσεις
1934 5184 2047 5239 τῶν

455 5270 603 5339 μετὰ
635 5270 771 5324 Θεόν
805 5274 968 5327 εἰσιν.

1076 5442 1193 5507 Τοῦ
1227 5446 1438 5513 αὐτοῦ.

538 5537 599 5595 ’0
633 5540 768 5605 Θεὸς
794 5543 953 5594 οὐσία
986 5544 1105 5595 ἐστὶ
1134 5543 1244 5597 τῶν
1276 5544 1465 5611 ὄντων,
1492 5536 1570 5606 ὦς
1597 5543 1742 5613 ἁρχὴ
1774 5545 1866 5597 καὶ
1893 5544 2042 5597 αἰτία

452 5634 683 5689 τούτων·
720 5635 855 5690 αἰὼν
884 5636 941 5688 δὲ
965 5637 1072 5688 τῖιν
1105 5638 1337 5700 αἰώνων,
1375 5637 1448 5701 ὡς
1480 5637 1568 5690 ἀεὶ
1600 5636 1674 5690 ὣν
1694 5636 2043 5706 κυριωτέρως

534 5800 551 5829 ‘
582 5796 728 5853 Psal.
772 5815 907 5861 ml,
951 5799 1032 5851 l2.
1109 5799 1126 5827 ³
1164 5796 1189 5853 I
1229 5795 1371 5852 Tim.
1404 5813 1487 5865 vr,
1528 5796 1613 5851 16.

2136 4621 2235 4684 tio,
2271 4634 2449 4688 neque
2497 4619 2803 4688 ignoratio,
2845 4631 3025 4686 neque
3056 4618 3280 4680 veritas,
3343 4631 3523 4684 neque
3570 4633 3728 4670 men—

2138 4711 2357 4767 dacium
2386 4727 2400 4763 :
2432 4720 2489 4765 et
2541 4718 2597 4763 ut
2628 4709 2867 4764 breviter
2898 4709 3081 4763 omnia
3117 4711 3473 4777 complectar,
3500 4723 3603 4762 nec
3631 4723 3730 4777 pu-

2140 4804 2268 4858 sitio
2296 4812 2400 4868 est,
2432 4817 2535 4856 nec
2576 4802 2799 4857 ablatio.
2825 4799 3096 4856 Praecellit
3121 4800 3266 4854 enim
3296 4800 3575 4861 omnibus.
3609 4816 3733 4870 qua:

2142 4914 2172 4952 a
2205 4896 2362 4951 nobis
2405 4905 2463 4950 et
2492 4911 2659 4966 supra
2716 4909 2815 4949 nos
2845 4894 3176 4963 cogitantur.
3201 4892 3432 4958 Quando
3466 4902 3520 4946 et
3548 4892 3729 4956 Pater,

2143 5000 2199 5045 et
2226 4989 2415 5053 Filius,
2442 4996 2500 5043 et
2534 4988 2769 5059 Spiritus
2808 5002 2919 5041 non
2956 4996 3107 5048 sunt,
3135 4995 3195 5039 ut
3225 5001 3327 5040 nos
3357 4986 3728 5051 intelligimus,

2143 5090 2240 5137 aut
2279 5090 2339 5136 ut
2364 5082 2442 5135 illi
2477 5080 2809 5150 intelligunt,
2842 5079 2935 5149 qui
2982 5078 3143 5134 nobis
3165 5088 3297 5133 sunt
3323 5078 3727 5148 sapientiores;

2145 5173 2242 5228 sed
2276 5188 2500 5227 omnem
2557 5180 2613 5227 et
2668 5180 2933 5236 mentem,
2995 5181 3052 5227 et
3103 5172 3370 5225 rationem
3444 5175 3726 5239 superant.

2144 5267 2453 5321 Positiones
2484 5265 2629 5321 enim
2675 5273 2730 5319 et
2764 5265 3088 5328 ablationes,
3144 5274 3200 5319 et
3233 5264 3451 5318 habitus
3497 5272 3553 5315 et
3613 5259 3730 5328 pri-

2145 5359 2398 5413 vationes
2440 5368 2799 5412 numerantur
2831 5356 2884 5409 in
2920 5358 2985 5411 iis
3029 5371 3150 5426 quae
3204 5365 3333 5411 sunt
3382 5362 3504 5425 post
3534 5351 3727 5406 Deum.

2799 5446 3073 5518 Ejusdem.

2222 5543 2367 5596 Deus
2398 5551 2680 5596 estrernm
2709 5541 2970 5602 essentia.
2991 5551 3049 5595 ut
3086 5553 3272 5593 earum
3307 5535 3630 5607 principium
3676 5540 3730 5587 et

2153 5650 2336 5691 causa.
2377 5633 2647 5688 Saeculum
2712 5635 3037 5688 saeculorum
3106 5641 3165 5685 ut
3221 5630 3313 5700 qui
3376 5641 3590 5696 semper
3649 5634 3735 5681 est
