  <div class='ocr_page' id='page_1' title='image "/cluster/home/n/w/nwhite01/storage/ocr_20150623/130:no.3/coo.31924054870351/073.png"; bbox 0 0 4130 6404; ppageno 0'>
   <div class='ocr_carea' id='block_1_1' title="bbox 491 326 591 396">
    <p class='ocr_par' dir='ltr' id='par_1_1' title="bbox 491 326 591 396">
     <span class='ocr_line' id='line_1_1' title="bbox 491 326 591 396; baseline 0.01 -1"><span class='ocrx_word' id='word_1_1' title='bbox 491 326 591 396; x_wconf 57' lang='grc'><strong>127</strong></span> 
     </span>
    </p>
   </div>
   <div class='ocr_carea' id='block_1_2' title="bbox 1723 321 2509 392">
    <p class='ocr_par' dir='ltr' id='par_1_2' title="bbox 1723 321 2509 392">
     <span class='ocr_line' id='line_1_2' title="bbox 1723 321 2509 392; baseline -0.001 -2"><span class='ocrx_word' id='word_1_2' title='bbox 1723 321 2106 392; x_wconf 74' lang='lat' dir='ltr'><strong>EUTHYMII</strong></span> <span class='ocrx_word' id='word_1_3' title='bbox 2147 325 2319 392; x_wconf 71' lang='lat' dir='ltr'><strong>ZIGA</strong></span> <span class='ocrx_word' id='word_1_4' title='bbox 2332 322 2509 390; x_wconf 69' lang='lat' dir='ltr'><strong>BENI</strong></span> 
     </span>
    </p>
   </div>
   <div class='ocr_carea' id='block_1_3' title="bbox 3651 325 3754 397">
    <p class='ocr_par' dir='ltr' id='par_1_3' title="bbox 3651 325 3754 397">
     <span class='ocr_line' id='line_1_3' title="bbox 3651 325 3754 397; baseline 0.019 -2"><span class='ocrx_word' id='word_1_5' title='bbox 3651 325 3754 397; x_wconf 61' lang='lat'><strong>128</strong></span> 
     </span>
    </p>
   </div>
   <div class='ocr_carea' id='block_1_4' title="bbox 485 443 2064 520">
    <p class='ocr_par' dir='ltr' id='par_1_4' title="bbox 485 443 2064 517">
     <span class='ocr_line' id='line_1_4' title="bbox 485 443 2064 517; baseline -0.003 -16"><span class='ocrx_word' id='word_1_6' title='bbox 485 447 659 517; x_wconf 82' lang='lat' dir='ltr'><strong>magis</strong></span> <span class='ocrx_word' id='word_1_7' title='bbox 692 444 931 515; x_wconf 86' lang='lat' dir='ltr'><strong>proprie,</strong></span> <span class='ocrx_word' id='word_1_8' title='bbox 955 451 1117 515; x_wconf 88' lang='lat' dir='ltr'><strong>quam</strong></span> <span class='ocrx_word' id='word_1_9' title='bbox 1153 443 1270 514; x_wconf 91' lang='lat' dir='ltr'><strong>ipsa</strong></span> <span class='ocrx_word' id='word_1_10' title='bbox 1299 443 1517 500; x_wconf 74' lang='lat' dir='ltr'><strong>saecula.</strong></span> <span class='ocrx_word' id='word_1_11' title='bbox 1564 443 1828 514; x_wconf 84' lang='lat' dir='ltr'><strong>Tempus,</strong></span> <span class='ocrx_word' id='word_1_12' title='bbox 1889 454 1946 496; x_wconf 87' lang='lat' dir='ltr'><strong>ut</strong></span> <span class='ocrx_word' id='word_1_13' title='bbox 1978 459 2064 497; x_wconf 84' lang='lat' dir='ltr'><strong>re-</strong></span> 
     </span>
    </p>
   </div>
   <div class='ocr_carea' id='block_1_5' title="bbox 2167 443 3756 520">
    <p class='ocr_par' dir='ltr' id='par_1_5' title="bbox 2179 445 3756 520">
     <span class='ocr_line' id='line_1_5' title="bbox 2179 445 3756 520; baseline 0.005 -24"><span class='ocrx_word' id='word_1_14' title='bbox 2179 445 2289 498; x_wconf 86' lang='grc' dir='ltr'>τῶν</span> <span class='ocrx_word' id='word_1_15' title='bbox 2321 445 2554 499; x_wconf 82' lang='grc' dir='ltr'>αἰώνων.</span> <span class='ocrx_word' id='word_1_16' title='bbox 2589 447 2796 518; x_wconf 85' lang='grc' dir='ltr'>Χρόνος</span> <span class='ocrx_word' id='word_1_17' title='bbox 2837 447 2916 513; x_wconf 83' lang='grc' dir='ltr'>δὲ,</span> <span class='ocrx_word' id='word_1_18' title='bbox 2959 449 3032 512; x_wconf 83' lang='grc' dir='ltr'><strong>ὡς</strong></span> <span class='ocrx_word' id='word_1_19' title='bbox 3068 449 3264 520; x_wconf 79' lang='grc' dir='ltr'><strong>μέτρον</strong></span> <span class='ocrx_word' id='word_1_20' title='bbox 3294 446 3399 501; x_wconf 85' lang='grc' dir='ltr'>τῶν</span> <span class='ocrx_word' id='word_1_21' title='bbox 3433 449 3620 501; x_wconf 57' lang='grc' dir='ltr'>ὅτων·</span> <span class='ocrx_word' id='word_1_22' title='bbox 3661 445 3756 504; x_wconf 62' lang='grc' dir='ltr'><strong>καὶ</strong></span> 
     </span>
    </p>
   </div>
   <div class='ocr_carea' id='block_1_6' title="bbox 487 533 2072 604">
    <p class='ocr_par' dir='ltr' id='par_1_6' title="bbox 487 533 2072 604">
     <span class='ocr_line' id='line_1_6' title="bbox 487 533 2072 604; baseline -0.003 -14"><span class='ocrx_word' id='word_1_23' title='bbox 487 546 608 590; x_wconf 84' lang='lat' dir='ltr'><strong>rum</strong></span> <span class='ocrx_word' id='word_1_24' title='bbox 643 551 919 601; x_wconf 84' lang='lat' dir='ltr'><strong>mensura,</strong></span> <span class='ocrx_word' id='word_1_25' title='bbox 986 549 1092 604; x_wconf 86' lang='lat' dir='ltr'><strong>qua</strong></span> <span class='ocrx_word' id='word_1_26' title='bbox 1118 534 1337 604; x_wconf 87' lang='lat' dir='ltr'><strong>quidem</strong></span> <span class='ocrx_word' id='word_1_27' title='bbox 1394 533 1608 588; x_wconf 86' lang='lat' dir='ltr'><strong>ratione</strong></span> <span class='ocrx_word' id='word_1_28' title='bbox 1658 546 1740 587; x_wconf 86' lang='lat' dir='ltr'><strong>est</strong></span> <span class='ocrx_word' id='word_1_29' title='bbox 1767 533 1934 587; x_wconf 87' lang='lat' dir='ltr'><strong>etiam</strong></span> <span class='ocrx_word' id='word_1_30' title='bbox 1962 542 2072 586; x_wconf 81' lang='lat' dir='ltr'><strong>ter-</strong></span> 
     </span>
    </p>
   </div>
   <div class='ocr_carea' id='block_1_7' title="bbox 486 625 2072 696">
    <p class='ocr_par' dir='ltr' id='par_1_7' title="bbox 486 625 2072 696">
     <span class='ocr_line' id='line_1_7' title="bbox 486 625 2072 696; baseline -0.001 -16"><span class='ocrx_word' id='word_1_31' title='bbox 486 628 672 680; x_wconf 89' lang='lat' dir='ltr'><strong>minus</strong></span> <span class='ocrx_word' id='word_1_32' title='bbox 703 642 908 691; x_wconf 90' lang='lat' dir='ltr'><strong>rerum,</strong></span> <span class='ocrx_word' id='word_1_33' title='bbox 939 637 997 682; x_wconf 89' lang='lat' dir='ltr'><strong>ut</strong></span> <span class='ocrx_word' id='word_1_34' title='bbox 1029 627 1122 696; x_wconf 90' lang='lat' dir='ltr'><strong>qui</strong></span> <span class='ocrx_word' id='word_1_35' title='bbox 1153 627 1301 696; x_wconf 90' lang='lat' dir='ltr'><strong>ipsas</strong></span> <span class='ocrx_word' id='word_1_36' title='bbox 1357 627 1638 681; x_wconf 90' lang='lat' dir='ltr'><strong>terminat.</strong></span> <span class='ocrx_word' id='word_1_37' title='bbox 1719 625 2072 695; x_wconf 81' lang='lat' dir='ltr'><strong>Quandoqui-</strong></span> 
     </span>
    </p>
   </div>
   <div class='ocr_carea' id='block_1_8' title="bbox 483 718 2074 784">
    <p class='ocr_par' dir='ltr' id='par_1_8' title="bbox 483 718 2074 784">
     <span class='ocr_line' id='line_1_8' title="bbox 483 718 2074 784; baseline -0.001 -12"><span class='ocrx_word' id='word_1_38' title='bbox 483 719 609 772; x_wconf 74' lang='lat' dir='ltr'><strong>dem</strong></span> <span class='ocrx_word' id='word_1_39' title='bbox 645 727 698 773; x_wconf 90' lang='lat' dir='ltr'><strong>et</strong></span> <span class='ocrx_word' id='word_1_40' title='bbox 733 720 952 784; x_wconf 79' lang='lat' dir='ltr'><strong>saecula,</strong></span> <span class='ocrx_word' id='word_1_41' title='bbox 978 728 1031 773; x_wconf 90' lang='lat' dir='ltr'><strong>et</strong></span> <span class='ocrx_word' id='word_1_42' title='bbox 1063 719 1274 773; x_wconf 86' lang='lat' dir='ltr'><strong>inﬁnita</strong></span> <span class='ocrx_word' id='word_1_43' title='bbox 1305 719 1632 774; x_wconf 65' lang='lat' dir='ltr'><strong>saeculorum</strong></span> <span class='ocrx_word' id='word_1_44' title='bbox 1691 721 1862 774; x_wconf 86' lang='lat' dir='ltr'><strong>series</strong></span> <span class='ocrx_word' id='word_1_45' title='bbox 1894 718 2074 773; x_wconf 85' lang='lat' dir='ltr'><strong>inﬁni-</strong></span> 
     </span>
    </p>
   </div>
   <div class='ocr_carea' id='block_1_9' title="bbox 483 812 2072 881">
    <p class='ocr_par' dir='ltr' id='par_1_9' title="bbox 483 812 2072 881">
     <span class='ocr_line' id='line_1_9' title="bbox 483 812 2072 881; baseline 0.002 -18"><span class='ocrx_word' id='word_1_46' title='bbox 483 818 592 864; x_wconf 88' lang='lat' dir='ltr'><strong>tate</strong></span> <span class='ocrx_word' id='word_1_47' title='bbox 610 814 932 865; x_wconf 85' lang='lat' dir='ltr'><strong>terminatur</strong></span> <span class='ocrx_word' id='word_1_48' title='bbox 960 812 1126 876; x_wconf 89' lang='lat' dir='ltr'><strong>illius,</strong></span> <span class='ocrx_word' id='word_1_49' title='bbox 1155 812 1245 881; x_wconf 88' lang='lat' dir='ltr'><strong>qui</strong></span> <span class='ocrx_word' id='word_1_50' title='bbox 1283 812 1531 866; x_wconf 89' lang='lat' dir='ltr'><strong>inﬁnitus</strong></span> <span class='ocrx_word' id='word_1_51' title='bbox 1560 812 1832 867; x_wconf 88' lang='lat' dir='ltr'><strong>inﬁnities</strong></span> <span class='ocrx_word' id='word_1_52' title='bbox 1859 813 2072 866; x_wconf 87' lang='lat' dir='ltr'><strong>inﬁnite</strong></span> 
     </span>
    </p>
   </div>
   <div class='ocr_carea' id='block_1_10' title="bbox 485 900 2073 972">
    <p class='ocr_par' dir='ltr' id='par_1_10' title="bbox 485 900 2073 972">
     <span class='ocr_line' id='line_1_10' title="bbox 485 900 2073 972; baseline 0.003 -20"><span class='ocrx_word' id='word_1_53' title='bbox 485 900 604 968; x_wconf 88' lang='lat' dir='ltr'><strong>ipsa</strong></span> <span class='ocrx_word' id='word_1_54' title='bbox 629 901 1027 968; x_wconf 70' lang='lat' dir='ltr'><strong>complectitur.</strong></span> <span class='ocrx_word' id='word_1_55' title='bbox 1064 901 1378 966; x_wconf 88' lang='lat' dir='ltr'><strong>Generatio,</strong></span> <span class='ocrx_word' id='word_1_56' title='bbox 1416 911 1476 956; x_wconf 92' lang='lat' dir='ltr'><strong>ut</strong></span> <span class='ocrx_word' id='word_1_57' title='bbox 1527 902 1618 972; x_wconf 89' lang='lat' dir='ltr'><strong>qui</strong></span> <span class='ocrx_word' id='word_1_58' title='bbox 1661 902 1726 956; x_wconf 88' lang='lat' dir='ltr'><strong>ad</strong></span> <span class='ocrx_word' id='word_1_59' title='bbox 1767 910 1945 956; x_wconf 76' lang='lat' dir='ltr'><strong>ortum</strong></span> <span class='ocrx_word' id='word_1_60' title='bbox 1979 903 2073 956; x_wconf 81' lang='lat' dir='ltr'><strong>de-</strong></span> 
     </span>
    </p>
   </div>
   <div class='ocr_carea' id='block_1_11' title="bbox 485 995 2070 1067">
    <p class='ocr_par' dir='ltr' id='par_1_11' title="bbox 485 995 2070 1067">
     <span class='ocr_line' id='line_1_11' title="bbox 485 995 2070 1067; baseline 0.001 -18"><span class='ocrx_word' id='word_1_61' title='bbox 485 995 747 1058; x_wconf 84' lang='lat' dir='ltr'><strong>ducitea,</strong></span> <span class='ocrx_word' id='word_1_62' title='bbox 784 1012 904 1064; x_wconf 85' lang='lat' dir='ltr'><strong>quae</strong></span> <span class='ocrx_word' id='word_1_63' title='bbox 971 998 1364 1066; x_wconf 79' lang='lat' dir='ltr'><strong>quoquomodo</strong></span> <span class='ocrx_word' id='word_1_64' title='bbox 1427 997 1584 1051; x_wconf 87' lang='lat' dir='ltr'><strong>ﬁunt.</strong></span> <span class='ocrx_word' id='word_1_65' title='bbox 1653 997 1853 1061; x_wconf 85' lang='lat' dir='ltr'><strong>Locus,</strong></span> <span class='ocrx_word' id='word_1_66' title='bbox 1887 997 2070 1067; x_wconf 87' lang='lat' dir='ltr'><strong>utqui</strong></span> 
     </span>
    </p>
   </div>
   <div class='ocr_carea' id='block_1_12' title="bbox 483 1087 2074 1161">
    <p class='ocr_par' dir='ltr' id='par_1_12' title="bbox 483 1087 2074 1161">
     <span class='ocr_line' id='line_1_12' title="bbox 483 1087 2074 1161; baseline 0.003 -20"><span class='ocrx_word' id='word_1_67' title='bbox 483 1087 665 1141; x_wconf 87' lang='lat' dir='ltr'><strong>omnia</strong></span> <span class='ocrx_word' id='word_1_68' title='bbox 697 1089 962 1142; x_wconf 91' lang='lat' dir='ltr'><strong>continet.</strong></span> <span class='ocrx_word' id='word_1_69' title='bbox 989 1089 1185 1143; x_wconf 86' lang='lat' dir='ltr'><strong>Omnia</strong></span> <span class='ocrx_word' id='word_1_70' title='bbox 1241 1089 1478 1159; x_wconf 86' lang='lat' dir='ltr'><strong>denique</strong></span> <span class='ocrx_word' id='word_1_71' title='bbox 1504 1091 1754 1161; x_wconf 77' lang='lat' dir='ltr'><strong>superior</strong></span> <span class='ocrx_word' id='word_1_72' title='bbox 1789 1089 2074 1145; x_wconf 62' lang='lat' dir='ltr'><strong>omnibus.</strong></span> 
     </span>
    </p>
   </div>
   <div class='ocr_carea' id='block_1_13' title="bbox 1143 1181 1415 1251">
    <p class='ocr_par' dir='ltr' id='par_1_13' title="bbox 1143 1181 1415 1251">
     <span class='ocr_line' id='line_1_13' title="bbox 1143 1181 1415 1251; baseline 0.011 -17"><span class='ocrx_word' id='word_1_73' title='bbox 1143 1181 1415 1251; x_wconf 75' lang='lat' dir='ltr'><strong>Ejusdem.</strong></span> 
     </span>
    </p>
   </div>
   <div class='ocr_carea' id='block_1_14' title="bbox 555 1273 2074 1338">
    <p class='ocr_par' dir='ltr' id='par_1_14' title="bbox 555 1273 2074 1338">
     <span class='ocr_line' id='line_1_14' title="bbox 555 1273 2074 1338; baseline 0.002 -12"><span class='ocrx_word' id='word_1_74' title='bbox 555 1273 697 1327; x_wconf 84' lang='lat' dir='ltr'><strong>Deus</strong></span> <span class='ocrx_word' id='word_1_75' title='bbox 732 1283 788 1326; x_wconf 92' lang='lat' dir='ltr'><strong>et</strong></span> <span class='ocrx_word' id='word_1_76' title='bbox 811 1275 1082 1328; x_wconf 84' lang='lat' dir='ltr'><strong>terminus</strong></span> <span class='ocrx_word' id='word_1_77' title='bbox 1119 1288 1300 1329; x_wconf 89' lang='lat' dir='ltr'><strong>rerum</strong></span> <span class='ocrx_word' id='word_1_78' title='bbox 1329 1276 1546 1338; x_wconf 88' lang='lat' dir='ltr'><strong>dicitur,</strong></span> <span class='ocrx_word' id='word_1_79' title='bbox 1573 1285 1628 1330; x_wconf 89' lang='lat' dir='ltr'><strong>et</strong></span> <span class='ocrx_word' id='word_1_80' title='bbox 1654 1276 1898 1330; x_wconf 87' lang='lat' dir='ltr'><strong>inﬁnitas</strong></span> <span class='ocrx_word' id='word_1_81' title='bbox 1926 1291 1940 1329; x_wconf 89' lang='lat'><strong>:</strong></span> <span class='ocrx_word' id='word_1_82' title='bbox 1968 1284 2074 1329; x_wconf 89' lang='lat' dir='ltr'><strong>ter-</strong></span> 
     </span>
    </p>
   </div>
   <div class='ocr_carea' id='block_1_15' title="bbox 479 1365 2072 1438">
    <p class='ocr_par' dir='ltr' id='par_1_15' title="bbox 479 1365 2072 1438">
     <span class='ocr_line' id='line_1_15' title="bbox 479 1365 2072 1438; baseline 0.003 -20"><span class='ocrx_word' id='word_1_83' title='bbox 479 1365 682 1430; x_wconf 90' lang='lat' dir='ltr'><strong>minus,</strong></span> <span class='ocrx_word' id='word_1_84' title='bbox 714 1375 773 1418; x_wconf 91' lang='lat' dir='ltr'><strong>ut</strong></span> <span class='ocrx_word' id='word_1_85' title='bbox 800 1367 945 1435; x_wconf 89' lang='lat' dir='ltr'><strong>ipsas</strong></span> <span class='ocrx_word' id='word_1_86' title='bbox 977 1371 1275 1422; x_wconf 89' lang='lat' dir='ltr'><strong>terminans</strong></span> <span class='ocrx_word' id='word_1_87' title='bbox 1311 1388 1326 1435; x_wconf 86' lang='lat'><strong>;</strong></span> <span class='ocrx_word' id='word_1_88' title='bbox 1369 1369 1610 1423; x_wconf 85' lang='lat' dir='ltr'><strong>inﬁnitas</strong></span> <span class='ocrx_word' id='word_1_89' title='bbox 1642 1379 1699 1422; x_wconf 93' lang='lat' dir='ltr'><strong>ut</strong></span> <span class='ocrx_word' id='word_1_90' title='bbox 1722 1385 1889 1438; x_wconf 87' lang='lat' dir='ltr'><strong>super</strong></span> <span class='ocrx_word' id='word_1_91' title='bbox 1924 1369 2072 1438; x_wconf 90' lang='lat' dir='ltr'><strong>ipsas</strong></span> 
     </span>
    </p>
   </div>
   <div class='ocr_carea' id='block_1_16' title="bbox 483 1452 2072 1528">
    <p class='ocr_par' dir='ltr' id='par_1_16' title="bbox 483 1452 2072 1528">
     <span class='ocr_line' id='line_1_16' title="bbox 483 1452 2072 1528; baseline 0.001 -18"><span class='ocrx_word' id='word_1_92' title='bbox 483 1465 777 1510; x_wconf 81' lang='lat' dir='ltr'><strong>extensus:</strong></span> <span class='ocrx_word' id='word_1_93' title='bbox 807 1473 934 1511; x_wconf 88' lang='lat' dir='ltr'><strong>nam</strong></span> <span class='ocrx_word' id='word_1_94' title='bbox 975 1459 1096 1528; x_wconf 83' lang='lat' dir='ltr'><strong>ejus</strong></span> <span class='ocrx_word' id='word_1_95' title='bbox 1124 1452 1363 1516; x_wconf 81' lang='lat' dir='ltr'><strong>inﬁnitas</strong></span> <span class='ocrx_word' id='word_1_96' title='bbox 1419 1461 1603 1515; x_wconf 85' lang='lat' dir='ltr'><strong>omnia</strong></span> <span class='ocrx_word' id='word_1_97' title='bbox 1643 1460 1956 1516; x_wconf 86' lang='lat' dir='ltr'><strong>transiliens</strong></span> <span class='ocrx_word' id='word_1_98' title='bbox 1984 1461 2072 1514; x_wconf 86' lang='lat' dir='ltr'><strong>iu-</strong></span> 
     </span>
    </p>
   </div>
   <div class='ocr_carea' id='block_1_17' title="bbox 399 1547 826 1618">
    <p class='ocr_par' dir='ltr' id='par_1_17' title="bbox 399 1547 826 1618">
     <span class='ocr_line' id='line_1_17' title="bbox 399 1547 826 1618; baseline 0.005 -17"><span class='ocrx_word' id='word_1_99' title='bbox 399 1605 413 1618; x_wconf 63' lang='grc'><em>,</em></span> <span class='ocrx_word' id='word_1_100' title='bbox 482 1547 635 1602; x_wconf 87' lang='lat' dir='ltr'><strong>ﬁnite</strong></span> <span class='ocrx_word' id='word_1_101' title='bbox 657 1558 826 1618; x_wconf 87' lang='lat' dir='ltr'><strong>patet.</strong></span> 
     </span>
    </p>
   </div>
   <div class='ocr_carea' id='block_1_18' title="bbox 1160 1727 1434 1796">
    <p class='ocr_par' dir='ltr' id='par_1_18' title="bbox 1160 1727 1434 1796">
     <span class='ocr_line' id='line_1_18' title="bbox 1160 1727 1434 1796; baseline -0.007 -15"><span class='ocrx_word' id='word_1_102' title='bbox 1160 1727 1434 1796; x_wconf 77' lang='lat' dir='ltr'><strong>Ejusdem.</strong></span> 
     </span>
    </p>
   </div>
   <div class='ocr_carea' id='block_1_19' title="bbox 2175 534 3759 608">
    <p class='ocr_par' dir='ltr' id='par_1_19' title="bbox 2175 534 3759 608">
     <span class='ocr_line' id='line_1_19' title="bbox 2175 534 3759 608; baseline 0.006 -21"><span class='ocrx_word' id='word_1_103' title='bbox 2175 537 2284 606; x_wconf 72' lang='grc' dir='ltr'>γὰρ</span> <span class='ocrx_word' id='word_1_104' title='bbox 2319 537 2441 608; x_wconf 82' lang='grc' dir='ltr'>ὄρος</span> <span class='ocrx_word' id='word_1_105' title='bbox 2493 537 2693 601; x_wconf 80' lang='grc' dir='ltr'>αὐτῶν,</span> <span class='ocrx_word' id='word_1_106' title='bbox 2753 539 2828 601; x_wconf 85' lang='grc' dir='ltr'><strong>ὡς</strong></span> <span class='ocrx_word' id='word_1_107' title='bbox 2867 539 3120 608; x_wconf 78' lang='grc' dir='ltr'>περατῶν</span> <span class='ocrx_word' id='word_1_108' title='bbox 3154 534 3328 593; x_wconf 81' lang='grc' dir='ltr'>αὐτά·</span> <span class='ocrx_word' id='word_1_109' title='bbox 3388 539 3512 592; x_wconf 74' lang='grc' dir='ltr'>ἐπεὶ</span> <span class='ocrx_word' id='word_1_110' title='bbox 3554 541 3649 594; x_wconf 75' lang='grc' dir='ltr'><strong>καὶ</strong></span> <span class='ocrx_word' id='word_1_111' title='bbox 3688 543 3759 595; x_wconf 63' lang='grc' dir='ltr'>τὰ</span> 
     </span>
    </p>
   </div>
   <div class='ocr_carea' id='block_1_20' title="bbox 2173 628 3755 700">
    <p class='ocr_par' dir='ltr' id='par_1_20' title="bbox 2173 628 3755 700">
     <span class='ocr_line' id='line_1_20' title="bbox 2173 628 3755 700; baseline 0.003 -21"><span class='ocrx_word' id='word_1_112' title='bbox 2173 628 2389 693; x_wconf 70' lang='grc' dir='ltr'>αἰώνια,</span> <span class='ocrx_word' id='word_1_113' title='bbox 2426 629 2520 680; x_wconf 78' lang='grc' dir='ltr'>καὶ</span> <span class='ocrx_word' id='word_1_114' title='bbox 2545 629 2686 698; x_wconf 76' lang='grc' dir='ltr'>αὐτὴ</span> <span class='ocrx_word' id='word_1_115' title='bbox 2714 629 2825 683; x_wconf 84' lang='grc' dir='ltr'>τῶν</span> <span class='ocrx_word' id='word_1_116' title='bbox 2856 631 3068 682; x_wconf 81' lang='grc' dir='ltr'>αίώνων</span> <span class='ocrx_word' id='word_1_117' title='bbox 3095 631 3126 700; x_wconf 78' lang='grc' dir='ltr'>ἡ</span> <span class='ocrx_word' id='word_1_118' title='bbox 3161 629 3388 699; x_wconf 79' lang='grc' dir='ltr'><strong>ἀπειρία</strong></span> <span class='ocrx_word' id='word_1_119' title='bbox 3423 631 3755 700; x_wconf 74' lang='grc' dir='ltr'>πεπερατωο</span> 
     </span>
    </p>
   </div>
   <div class='ocr_carea' id='block_1_21' title="bbox 2172 719 3760 792">
    <p class='ocr_par' dir='ltr' id='par_1_21' title="bbox 2172 719 3760 792">
     <span class='ocr_line' id='line_1_21' title="bbox 2172 719 3760 792; baseline 0.003 -22"><span class='ocrx_word' id='word_1_120' title='bbox 2172 736 2262 770; x_wconf 84' lang='grc' dir='ltr'><strong>ται</strong></span> <span class='ocrx_word' id='word_1_121' title='bbox 2287 723 2350 789; x_wconf 70' lang='grc' dir='ltr'>τῇ</span> <span class='ocrx_word' id='word_1_122' title='bbox 2389 719 2620 790; x_wconf 76' lang='grc' dir='ltr'>ἀπειρίᾳ</span> <span class='ocrx_word' id='word_1_123' title='bbox 2648 719 2742 773; x_wconf 88' lang='grc' dir='ltr'><strong>τοῦ</strong></span> <span class='ocrx_word' id='word_1_124' title='bbox 2777 721 3075 791; x_wconf 77' lang='grc' dir='ltr'>ἀπειράκις</span> <span class='ocrx_word' id='word_1_125' title='bbox 3119 722 3363 791; x_wconf 81' lang='grc' dir='ltr'><strong>ἀπείρως</strong></span> <span class='ocrx_word' id='word_1_126' title='bbox 3417 722 3760 792; x_wconf 82' lang='grc' dir='ltr'>ὕπερηπλω-</span> 
     </span>
    </p>
   </div>
   <div class='ocr_carea' id='block_1_22' title="bbox 2175 811 3765 884">
    <p class='ocr_par' dir='ltr' id='par_1_22' title="bbox 2175 811 3765 884">
     <span class='ocr_line' id='line_1_22' title="bbox 2175 811 3765 884; baseline 0.003 -22"><span class='ocrx_word' id='word_1_127' title='bbox 2175 812 2337 880; x_wconf 82' lang='grc' dir='ltr'>μένου</span> <span class='ocrx_word' id='word_1_128' title='bbox 2367 811 2564 864; x_wconf 72' lang='grc' dir='ltr'>αὐτῶν.</span> <span class='ocrx_word' id='word_1_129' title='bbox 2600 811 2818 876; x_wconf 83' lang='grc' dir='ltr'>Γένεσις</span> <span class='ocrx_word' id='word_1_130' title='bbox 2843 813 2920 877; x_wconf 81' lang='grc' dir='ltr'><strong>δὲ,</strong></span> <span class='ocrx_word' id='word_1_131' title='bbox 2952 814 3027 876; x_wconf 82' lang='grc' dir='ltr'><strong>ὡς</strong></span> <span class='ocrx_word' id='word_1_132' title='bbox 3050 814 3416 884; x_wconf 72' lang='grc' dir='ltr'>παραγωγεὺς</span> <span class='ocrx_word' id='word_1_133' title='bbox 3447 815 3554 866; x_wconf 70' lang='grc' dir='ltr'>τᾶν</span> <span class='ocrx_word' id='word_1_134' title='bbox 3581 814 3765 866; x_wconf 63' lang='grc' dir='ltr'>ὀπωσι</span> 
     </span>
    </p>
   </div>
   <div class='ocr_carea' id='block_1_23' title="bbox 2172 901 3761 974">
    <p class='ocr_par' dir='ltr' id='par_1_23' title="bbox 2172 901 3761 974">
     <span class='ocr_line' id='line_1_23' title="bbox 2172 901 3761 974; baseline 0.004 -22"><span class='ocrx_word' id='word_1_135' title='bbox 2172 901 2269 952; x_wconf 82' lang='grc' dir='ltr'><strong>οῦν</strong></span> <span class='ocrx_word' id='word_1_136' title='bbox 2303 902 2638 971; x_wconf 68' lang='grc' dir='ltr'>γινομένων*</span> <span class='ocrx_word' id='word_1_137' title='bbox 2685 903 2849 964; x_wconf 80' lang='grc' dir='ltr'>τόπος</span> <span class='ocrx_word' id='word_1_138' title='bbox 2910 903 2989 970; x_wconf 80' lang='grc' dir='ltr'>δὲ,</span> <span class='ocrx_word' id='word_1_139' title='bbox 3021 904 3098 967; x_wconf 84' lang='grc' dir='ltr'><strong>ὡς</strong></span> <span class='ocrx_word' id='word_1_140' title='bbox 3141 902 3488 974; x_wconf 73' lang='grc' dir='ltr'><strong>περιεκτικός</strong></span> <span class='ocrx_word' id='word_1_141' title='bbox 3518 904 3761 958; x_wconf 72' lang='grc' dir='ltr'>πάντων.</span> 
     </span>
    </p>
   </div>
   <div class='ocr_carea' id='block_1_24' title="bbox 2174 993 3036 1062">
    <p class='ocr_par' dir='ltr' id='par_1_24' title="bbox 2174 993 3036 1062">
     <span class='ocr_line' id='line_1_24' title="bbox 2174 993 3036 1062; baseline 0.002 -17"><span class='ocrx_word' id='word_1_142' title='bbox 2174 994 2362 1047; x_wconf 81' lang='grc' dir='ltr'>Πάντα</span> <span class='ocrx_word' id='word_1_143' title='bbox 2393 993 2449 1044; x_wconf 81' lang='grc' dir='ltr'><strong>δέ</strong></span> <span class='ocrx_word' id='word_1_144' title='bbox 2479 994 2628 1045; x_wconf 78' lang='grc' dir='ltr'>ἐστιν</span> <span class='ocrx_word' id='word_1_145' title='bbox 2656 993 2798 1062; x_wconf 81' lang='grc' dir='ltr'>ὑπὲρ</span> <span class='ocrx_word' id='word_1_146' title='bbox 2838 993 3036 1047; x_wconf 84' lang='grc' dir='ltr'>πάντα.</span> 
     </span>
    </p>
   </div>
   <div class='ocr_carea' id='block_1_25' title="bbox 2803 1173 3154 1240">
    <p class='ocr_par' dir='ltr' id='par_1_25' title="bbox 2803 1173 3154 1240">
     <span class='ocr_line' id='line_1_25' title="bbox 2803 1173 3154 1240; baseline 0.006 -15"><span class='ocrx_word' id='word_1_147' title='bbox 2803 1173 2914 1228; x_wconf 83' lang='grc' dir='ltr'>Τοῦ</span> <span class='ocrx_word' id='word_1_148' title='bbox 2944 1174 3154 1240; x_wconf 81' lang='grc' dir='ltr'>αὐτοῦ,</span> 
     </span>
    </p>
   </div>
   <div class='ocr_carea' id='block_1_26' title="bbox 2259 1265 3768 1335">
    <p class='ocr_par' dir='ltr' id='par_1_26' title="bbox 2259 1265 3768 1335">
     <span class='ocr_line' id='line_1_26' title="bbox 2259 1265 3768 1335; baseline 0.001 -16"><span class='ocrx_word' id='word_1_149' title='bbox 2259 1266 2318 1319; x_wconf 85' lang='grc' dir='ltr'>Ὀ</span> <span class='ocrx_word' id='word_1_150' title='bbox 2354 1265 2487 1326; x_wconf 82' lang='grc' dir='ltr'>Θεὸς</span> <span class='ocrx_word' id='word_1_151' title='bbox 2535 1267 2631 1318; x_wconf 74' lang='grc' dir='ltr'><strong>καὶ</strong></span> <span class='ocrx_word' id='word_1_152' title='bbox 2661 1266 2833 1335; x_wconf 84' lang='grc' dir='ltr'>πέρας</span> <span class='ocrx_word' id='word_1_153' title='bbox 2869 1266 3090 1333; x_wconf 83' lang='grc' dir='ltr'>λέγεται</span> <span class='ocrx_word' id='word_1_154' title='bbox 3120 1266 3230 1318; x_wconf 84' lang='grc' dir='ltr'>τῶν</span> <span class='ocrx_word' id='word_1_155' title='bbox 3258 1267 3446 1331; x_wconf 75' lang='grc' dir='ltr'>ὄντων,</span> <span class='ocrx_word' id='word_1_156' title='bbox 3480 1268 3574 1319; x_wconf 79' lang='grc' dir='ltr'><strong>καὶ</strong></span> <span class='ocrx_word' id='word_1_157' title='bbox 3602 1269 3768 1320; x_wconf 82' lang='grc' dir='ltr'>ἀπειο</span> 
     </span>
    </p>
   </div>
   <div class='ocr_carea' id='block_1_27' title="bbox 2177 1355 3768 1428">
    <p class='ocr_par' dir='ltr' id='par_1_27' title="bbox 2177 1355 3768 1428">
     <span class='ocr_line' id='line_1_27' title="bbox 2177 1355 3768 1428; baseline 0.002 -21"><span class='ocrx_word' id='word_1_158' title='bbox 2177 1357 2303 1426; x_wconf 76' lang='grc' dir='ltr'>ρίαο</span> <span class='ocrx_word' id='word_1_159' title='bbox 2345 1357 2523 1426; x_wconf 83' lang='grc' dir='ltr'><strong>πέρας</strong></span> <span class='ocrx_word' id='word_1_160' title='bbox 2559 1355 2680 1425; x_wconf 79' lang='grc' dir='ltr'>μὲν,</span> <span class='ocrx_word' id='word_1_161' title='bbox 2735 1357 2810 1418; x_wconf 87' lang='grc' dir='ltr'>ὼς</span> <span class='ocrx_word' id='word_1_162' title='bbox 2862 1358 3120 1425; x_wconf 83' lang='grc' dir='ltr'>περατῶν</span> <span class='ocrx_word' id='word_1_163' title='bbox 3167 1359 3306 1410; x_wconf 63' lang='grc' dir='ltr'>αὐτὶ</span> <span class='ocrx_word' id='word_1_164' title='bbox 3335 1372 3349 1386; x_wconf 90' lang='grc'><strong>·</strong></span> <span class='ocrx_word' id='word_1_165' title='bbox 3405 1359 3629 1428; x_wconf 81' lang='grc' dir='ltr'>ἀπειρία</span> <span class='ocrx_word' id='word_1_166' title='bbox 3682 1358 3768 1423; x_wconf 83' lang='grc' dir='ltr'><strong>δὲ,</strong></span> 
     </span>
    </p>
   </div>
   <div class='ocr_carea' id='block_1_28' title="bbox 2173 1449 3771 1520">
    <p class='ocr_par' dir='ltr' id='par_1_28' title="bbox 2173 1449 3771 1520">
     <span class='ocr_line' id='line_1_28' title="bbox 2173 1449 3771 1520; baseline 0 -19"><span class='ocrx_word' id='word_1_167' title='bbox 2173 1449 2249 1512; x_wconf 82' lang='grc' dir='ltr'>ὡς</span> <span class='ocrx_word' id='word_1_168' title='bbox 2281 1449 2810 1520; x_wconf 64' lang='grc' dir='ltr'>ὑπερεκτεταμένοςε</span> <span class='ocrx_word' id='word_1_169' title='bbox 2843 1449 3025 1502; x_wconf 78' lang='grc' dir='ltr'>αὐτῶν</span> <span class='ocrx_word' id='word_1_170' title='bbox 3054 1463 3068 1478; x_wconf 73' lang='grc' dir='ltr'><strong><em>ο</em></strong></span> <span class='ocrx_word' id='word_1_171' title='bbox 3108 1449 3425 1520; x_wconf 79' lang='grc' dir='ltr'>περατοῦσα</span> <span class='ocrx_word' id='word_1_172' title='bbox 3478 1453 3587 1520; x_wconf 74' lang='grc' dir='ltr'><strong>γὰρ</strong></span> <span class='ocrx_word' id='word_1_173' title='bbox 3624 1451 3771 1503; x_wconf 80' lang='grc' dir='ltr'>πάν-</span> 
     </span>
    </p>
   </div>
   <div class='ocr_carea' id='block_1_29' title="bbox 2174 1540 3772 1614">
    <p class='ocr_par' dir='ltr' id='par_1_29' title="bbox 2174 1540 3772 1614">
     <span class='ocr_line' id='line_1_29' title="bbox 2174 1540 3772 1614; baseline 0.001 -20"><span class='ocrx_word' id='word_1_174' title='bbox 2174 1559 2243 1594; x_wconf 87' lang='grc' dir='ltr'><strong>τα</strong></span> <span class='ocrx_word' id='word_1_175' title='bbox 2302 1542 2336 1611; x_wconf 82' lang='grc' dir='ltr'>ἡ</span> <span class='ocrx_word' id='word_1_176' title='bbox 2405 1542 2636 1610; x_wconf 76' lang='grc' dir='ltr'>ἀπειρία</span> <span class='ocrx_word' id='word_1_177' title='bbox 2716 1540 2887 1592; x_wconf 79' lang='grc' dir='ltr'>αὑτοῦ</span> <span class='ocrx_word' id='word_1_178' title='bbox 2954 1541 3348 1613; x_wconf 81' lang='grc' dir='ltr'>ὐπερήπλωται</span> <span class='ocrx_word' id='word_1_179' title='bbox 3423 1543 3772 1614; x_wconf 77' lang='grc' dir='ltr'>ἀπειροπλαι-</span> 
     </span>
    </p>
   </div>
   <div class='ocr_carea' id='block_1_30' title="bbox 2175 1633 2329 1692">
    <p class='ocr_par' dir='ltr' id='par_1_30' title="bbox 2175 1633 2329 1692">
     <span class='ocr_line' id='line_1_30' title="bbox 2175 1633 2329 1692; baseline 0.006 -7"><span class='ocrx_word' id='word_1_180' title='bbox 2175 1633 2329 1692; x_wconf 81' lang='grc' dir='ltr'>σίως.</span> 
     </span>
    </p>
   </div>
   <div class='ocr_carea' id='block_1_31' title="bbox 2783 1738 3153 1802">
    <p class='ocr_par' dir='ltr' id='par_1_31' title="bbox 2783 1738 3153 1802">
     <span class='ocr_line' id='line_1_31' title="bbox 2783 1738 3153 1802; baseline 0 -1"><span class='ocrx_word' id='word_1_181' title='bbox 2783 1745 2891 1801; x_wconf 75' lang='grc' dir='ltr'>Τοῦ</span> <span class='ocrx_word' id='word_1_182' title='bbox 2943 1738 3153 1802; x_wconf 75' lang='grc' dir='ltr'>αὑτοῦ.</span> 
     </span>
    </p>
   </div>
   <div class='ocr_carea' id='block_1_32' title="bbox 554 1819 2064 1911">
    <p class='ocr_par' dir='ltr' id='par_1_32' title="bbox 554 1819 2064 1889">
     <span class='ocr_line' id='line_1_32' title="bbox 554 1819 2064 1889; baseline -0.003 -12"><span class='ocrx_word' id='word_1_183' title='bbox 554 1823 657 1889; x_wconf 85' lang='lat' dir='ltr'><strong>Qui</strong></span> <span class='ocrx_word' id='word_1_184' title='bbox 689 1822 854 1877; x_wconf 87' lang='lat' dir='ltr'><strong>Deum</strong></span> <span class='ocrx_word' id='word_1_185' title='bbox 887 1822 1050 1876; x_wconf 91' lang='lat' dir='ltr'><strong>modo</strong></span> <span class='ocrx_word' id='word_1_186' title='bbox 1082 1821 1253 1889; x_wconf 90' lang='lat' dir='ltr'><strong>ipsam</strong></span> <span class='ocrx_word' id='word_1_187' title='bbox 1289 1820 1611 1885; x_wconf 83' lang='lat' dir='ltr'><strong>essentiam,</strong></span> <span class='ocrx_word' id='word_1_188' title='bbox 1667 1819 1840 1888; x_wconf 86' lang='lat' dir='ltr'><strong>ipsam</strong></span> <span class='ocrx_word' id='word_1_189' title='bbox 1877 1821 2064 1885; x_wconf 76' lang='lat' dir='ltr'><strong>vitam,</strong></span> 
     </span>
    </p>
   </div>
   <div class='ocr_carea' id='block_1_33' title="bbox 2167 1819 3770 1911">
    <p class='ocr_par' dir='ltr' id='par_1_33' title="bbox 2243 1837 3770 1911">
     <span class='ocr_line' id='line_1_33' title="bbox 2243 1837 3770 1911; baseline -0.001 -17"><span class='ocrx_word' id='word_1_190' title='bbox 2243 1837 2359 1894; x_wconf 72' lang='grc' dir='ltr'>ῡύκ</span> <span class='ocrx_word' id='word_1_191' title='bbox 2409 1839 2878 1908; x_wconf 79' lang='grc' dir='ltr'>ὲναντιο).ογοῦσί’ν</span> <span class='ocrx_word' id='word_1_192' title='bbox 2935 1841 2986 1892; x_wconf 76' lang='grc' dir='ltr'>οἱ</span> <span class='ocrx_word' id='word_1_193' title='bbox 3040 1841 3175 1893; x_wconf 79' lang='grc' dir='ltr'>ποτὲ</span> <span class='ocrx_word' id='word_1_194' title='bbox 3226 1839 3328 1911; x_wconf 82' lang='grc' dir='ltr'>μὲν</span> <span class='ocrx_word' id='word_1_195' title='bbox 3379 1841 3630 1910; x_wconf 82' lang='grc' dir='ltr'>λέγοντες</span> <span class='ocrx_word' id='word_1_196' title='bbox 3669 1844 3770 1896; x_wconf 78' lang='grc' dir='ltr'><strong>τὸν</strong></span> 
     </span>
    </p>
   </div>
   <div class='ocr_carea' id='block_1_34' title="bbox 482 1912 2067 1984">
    <p class='ocr_par' dir='ltr' id='par_1_34' title="bbox 482 1912 2067 1984">
     <span class='ocr_line' id='line_1_34' title="bbox 482 1912 2067 1984; baseline -0.001 -16"><span class='ocrx_word' id='word_1_197' title='bbox 482 1914 657 1984; x_wconf 81' lang='lat' dir='ltr'><strong>ipsam</strong></span> <span class='ocrx_word' id='word_1_198' title='bbox 688 1916 1014 1983; x_wconf 80' lang='lat' dir='ltr'><strong>potentiam,</strong></span> <span class='ocrx_word' id='word_1_199' title='bbox 1067 1915 1236 1983; x_wconf 86' lang='lat' dir='ltr'><strong>ipsam</strong></span> <span class='ocrx_word' id='word_1_200' title='bbox 1299 1927 1489 1983; x_wconf 84' lang='lat' dir='ltr'><strong>pacem</strong></span> <span class='ocrx_word' id='word_1_201' title='bbox 1532 1921 1586 1965; x_wconf 89' lang='lat' dir='ltr'><strong>et</strong></span> <span class='ocrx_word' id='word_1_202' title='bbox 1646 1912 1747 1965; x_wconf 86' lang='lat' dir='ltr'><strong>alia</strong></span> <span class='ocrx_word' id='word_1_203' title='bbox 1799 1912 2067 1982; x_wconf 72' lang='lat' dir='ltr'><strong>ejusmodi</strong></span> 
     </span>
    </p>
   </div>
   <div class='ocr_carea' id='block_1_35' title="bbox 479 2003 2071 2074">
    <p class='ocr_par' dir='ltr' id='par_1_35' title="bbox 479 2003 2071 2074">
     <span class='ocr_line' id='line_1_35' title="bbox 479 2003 2071 2074; baseline 0.001 -15"><span class='ocrx_word' id='word_1_204' title='bbox 479 2021 600 2060; x_wconf 91' lang='lat' dir='ltr'><strong>esse</strong></span> <span class='ocrx_word' id='word_1_205' title='bbox 618 2006 824 2069; x_wconf 89' lang='lat' dir='ltr'><strong>dicunt,</strong></span> <span class='ocrx_word' id='word_1_206' title='bbox 857 2006 1018 2059; x_wconf 89' lang='lat' dir='ltr'><strong>modo</strong></span> <span class='ocrx_word' id='word_1_207' title='bbox 1043 2005 1212 2074; x_wconf 81' lang='lat' dir='ltr'><strong>ipsius</strong></span> <span class='ocrx_word' id='word_1_208' title='bbox 1239 2003 1515 2065; x_wconf 86' lang='lat' dir='ltr'><strong>essentiae,</strong></span> <span class='ocrx_word' id='word_1_209' title='bbox 1546 2003 1720 2072; x_wconf 78' lang='lat' dir='ltr'><strong>ipsius</strong></span> <span class='ocrx_word' id='word_1_210' title='bbox 1737 2003 1880 2066; x_wconf 77' lang='lat' dir='ltr'><strong>vitae,</strong></span> <span class='ocrx_word' id='word_1_211' title='bbox 1898 2005 2071 2073; x_wconf 76' lang='lat' dir='ltr'><strong>ipsius</strong></span> 
     </span>
    </p>
   </div>
   <div class='ocr_carea' id='block_1_36' title="bbox 483 2089 2068 2166">
    <p class='ocr_par' dir='ltr' id='par_1_36' title="bbox 483 2089 2068 2166">
     <span class='ocr_line' id='line_1_36' title="bbox 483 2089 2068 2166; baseline -0.001 -17"><span class='ocrx_word' id='word_1_212' title='bbox 483 2089 774 2166; x_wconf 63' lang='lat' dir='ltr'><strong>potentiae,</strong></span> <span class='ocrx_word' id='word_1_213' title='bbox 807 2096 980 2164; x_wconf 84' lang='lat' dir='ltr'><strong>ipsius</strong></span> <span class='ocrx_word' id='word_1_214' title='bbox 1005 2095 1194 2166; x_wconf 89' lang='lat' dir='ltr'><strong>pacis,</strong></span> <span class='ocrx_word' id='word_1_215' title='bbox 1237 2106 1292 2149; x_wconf 89' lang='lat' dir='ltr'><strong>et</strong></span> <span class='ocrx_word' id='word_1_216' title='bbox 1315 2096 1546 2148; x_wconf 89' lang='lat' dir='ltr'><strong>aliorum</strong></span> <span class='ocrx_word' id='word_1_217' title='bbox 1585 2096 1635 2149; x_wconf 93' lang='lat' dir='ltr'><strong>id</strong></span> <span class='ocrx_word' id='word_1_218' title='bbox 1670 2110 1844 2166; x_wconf 81' lang='lat' dir='ltr'><strong>genus</strong></span> <span class='ocrx_word' id='word_1_219' title='bbox 1881 2107 2068 2149; x_wconf 80' lang='lat' dir='ltr'><strong>aucto-</strong></span> 
     </span>
    </p>
   </div>
   <div class='ocr_carea' id='block_1_37' title="bbox 480 2189 2070 2258">
    <p class='ocr_par' dir='ltr' id='par_1_37' title="bbox 480 2189 2070 2258">
     <span class='ocr_line' id='line_1_37' title="bbox 480 2189 2070 2258; baseline -0.001 -15"><span class='ocrx_word' id='word_1_220' title='bbox 480 2207 595 2244; x_wconf 87' lang='lat' dir='ltr'><strong>rem</strong></span> <span class='ocrx_word' id='word_1_221' title='bbox 661 2191 1086 2258; x_wconf 76' lang='lat' dir='ltr'><strong>eﬂectoremque</strong></span> <span class='ocrx_word' id='word_1_222' title='bbox 1147 2190 1538 2252; x_wconf 88' lang='lat' dir='ltr'><strong>constituunt,</strong></span> <span class='ocrx_word' id='word_1_223' title='bbox 1603 2204 1713 2241; x_wconf 88' lang='lat' dir='ltr'><strong>non</strong></span> <span class='ocrx_word' id='word_1_224' title='bbox 1770 2189 2070 2256; x_wconf 86' lang='lat' dir='ltr'><strong>loquuntur</strong></span> 
     </span>
    </p>
   </div>
   <div class='ocr_carea' id='block_1_38' title="bbox 479 2282 2064 2354">
    <p class='ocr_par' dir='ltr' id='par_1_38' title="bbox 479 2282 2064 2354">
     <span class='ocr_line' id='line_1_38' title="bbox 479 2282 2064 2354; baseline -0.001 -18"><span class='ocrx_word' id='word_1_225' title='bbox 479 2284 624 2337; x_wconf 87' lang='lat' dir='ltr'><strong>inter</strong></span> <span class='ocrx_word' id='word_1_226' title='bbox 651 2299 709 2337; x_wconf 87' lang='lat' dir='ltr'><strong>se</strong></span> <span class='ocrx_word' id='word_1_227' title='bbox 750 2284 1069 2354; x_wconf 76' lang='lat' dir='ltr'><strong>pugnantia.</strong></span> <span class='ocrx_word' id='word_1_228' title='bbox 1105 2283 1236 2336; x_wconf 80' lang='lat' dir='ltr'><strong>Nam</strong></span> <span class='ocrx_word' id='word_1_229' title='bbox 1293 2293 1406 2336; x_wconf 87' lang='lat' dir='ltr'><strong>tum</strong></span> <span class='ocrx_word' id='word_1_230' title='bbox 1439 2282 1753 2336; x_wconf 88' lang='lat' dir='ltr'><strong>nominatur</strong></span> <span class='ocrx_word' id='word_1_231' title='bbox 1779 2299 1846 2335; x_wconf 79' lang='lat' dir='ltr'><strong>ex</strong></span> <span class='ocrx_word' id='word_1_232' title='bbox 1883 2283 2064 2345; x_wconf 83' lang='lat' dir='ltr'><strong>rebus,</strong></span> 
     </span>
    </p>
   </div>
   <div class='ocr_carea' id='block_1_39' title="bbox 441 2373 2066 2444">
    <p class='ocr_par' dir='ltr' id='par_1_39' title="bbox 441 2373 2066 2444">
     <span class='ocr_line' id='line_1_39' title="bbox 441 2373 2066 2444; baseline -0.001 -17"><span class='ocrx_word' id='word_1_233' title='bbox 441 2385 533 2428; x_wconf 61' lang='grc' dir='ltr'>κιςι</span> <span class='ocrx_word' id='word_1_234' title='bbox 561 2374 794 2428; x_wconf 77' lang='lat' dir='ltr'><strong>maxime</strong></span> <span class='ocrx_word' id='word_1_235' title='bbox 820 2392 880 2427; x_wconf 81' lang='lat' dir='ltr'><strong>ex</strong></span> <span class='ocrx_word' id='word_1_236' title='bbox 916 2374 1000 2437; x_wconf 91' lang='lat' dir='ltr'><strong>iis,</strong></span> <span class='ocrx_word' id='word_1_237' title='bbox 1039 2390 1160 2444; x_wconf 72' lang='lat' dir='ltr'><strong>qua:</strong></span> <span class='ocrx_word' id='word_1_238' title='bbox 1190 2373 1368 2444; x_wconf 89' lang='lat' dir='ltr'><strong>primo</strong></span> <span class='ocrx_word' id='word_1_239' title='bbox 1399 2384 1546 2437; x_wconf 93' lang='lat' dir='ltr'><strong>sunt,</strong></span> <span class='ocrx_word' id='word_1_240' title='bbox 1608 2386 1668 2428; x_wconf 89' lang='lat' dir='ltr'><strong>ut</strong></span> <span class='ocrx_word' id='word_1_241' title='bbox 1713 2390 1904 2428; x_wconf 90' lang='lat' dir='ltr'><strong>earum</strong></span> <span class='ocrx_word' id='word_1_242' title='bbox 1933 2390 2066 2428; x_wconf 85' lang='lat' dir='ltr'><strong>eau-</strong></span> 
     </span>
    </p>
   </div>
   <div class='ocr_carea' id='block_1_40' title="bbox 476 2466 2068 2535">
    <p class='ocr_par' dir='ltr' id='par_1_40' title="bbox 476 2466 2068 2535">
     <span class='ocr_line' id='line_1_40' title="bbox 476 2466 2068 2535; baseline -0.001 -17"><span class='ocrx_word' id='word_1_243' title='bbox 476 2482 538 2519; x_wconf 86' lang='lat' dir='ltr'><strong>sa</strong></span> <span class='ocrx_word' id='word_1_244' title='bbox 575 2485 587 2520; x_wconf 90' lang='lat'>:</span> <span class='ocrx_word' id='word_1_245' title='bbox 625 2477 734 2519; x_wconf 89' lang='lat' dir='ltr'><strong>tum</strong></span> <span class='ocrx_word' id='word_1_246' title='bbox 760 2466 1138 2520; x_wconf 76' lang='lat' dir='ltr'><strong>excellentiori</strong></span> <span class='ocrx_word' id='word_1_247' title='bbox 1165 2468 1396 2535; x_wconf 84' lang='lat' dir='ltr'><strong>quadam</strong></span> <span class='ocrx_word' id='word_1_248' title='bbox 1451 2467 1681 2527; x_wconf 85' lang='lat' dir='ltr'><strong>ratione,</strong></span> <span class='ocrx_word' id='word_1_249' title='bbox 1715 2475 1770 2519; x_wconf 86' lang='lat' dir='ltr'><strong>ut</strong></span> <span class='ocrx_word' id='word_1_250' title='bbox 1801 2476 2068 2535; x_wconf 71' lang='lat' dir='ltr'><strong>praestau-</strong></span> 
     </span>
    </p>
   </div>
   <div class='ocr_carea' id='block_1_41' title="bbox 481 2558 2067 2627">
    <p class='ocr_par' dir='ltr' id='par_1_41' title="bbox 481 2558 2067 2627">
     <span class='ocr_line' id='line_1_41' title="bbox 481 2558 2067 2627; baseline 0.001 -17"><span class='ocrx_word' id='word_1_251' title='bbox 481 2559 590 2610; x_wconf 82' lang='lat' dir='ltr'><strong>t‘i&#39;or</strong></span> <span class='ocrx_word' id='word_1_252' title='bbox 617 2560 874 2612; x_wconf 82' lang='lat' dir='ltr'><strong>omnibus</strong></span> <span class='ocrx_word' id='word_1_253' title='bbox 903 2559 1011 2612; x_wconf 82' lang='lat' dir='ltr'><strong>illis</strong></span> <span class='ocrx_word' id='word_1_254' title='bbox 1033 2559 1224 2624; x_wconf 90' lang='lat' dir='ltr'><strong>etiam,</strong></span> <span class='ocrx_word' id='word_1_255' title='bbox 1255 2573 1374 2624; x_wconf 80' lang='lat' dir='ltr'><strong>qua:</strong></span> <span class='ocrx_word' id='word_1_256' title='bbox 1408 2561 1584 2627; x_wconf 90' lang='lat' dir='ltr'><strong>primo</strong></span> <span class='ocrx_word' id='word_1_257' title='bbox 1639 2567 1787 2612; x_wconf 91' lang='lat' dir='ltr'><strong>sunt.</strong></span> <span class='ocrx_word' id='word_1_258' title='bbox 1826 2558 2067 2612; x_wconf 69' lang='lat' dir='ltr'><strong>Dicimus</strong></span> 
     </span>
    </p>
   </div>
   <div class='ocr_carea' id='block_1_42' title="bbox 479 2650 2064 2718">
    <p class='ocr_par' dir='ltr' id='par_1_42' title="bbox 479 2650 2064 2718">
     <span class='ocr_line' id='line_1_42' title="bbox 479 2650 2064 2718; baseline 0.001 -17"><span class='ocrx_word' id='word_1_259' title='bbox 479 2659 662 2702; x_wconf 79' lang='lat' dir='ltr'><strong>autem</strong></span> <span class='ocrx_word' id='word_1_260' title='bbox 694 2650 864 2717; x_wconf 80' lang='lat' dir='ltr'><strong>ipsam</strong></span> <span class='ocrx_word' id='word_1_261' title='bbox 897 2651 1217 2713; x_wconf 88' lang='lat' dir='ltr'><strong>essentiam,</strong></span> <span class='ocrx_word' id='word_1_262' title='bbox 1276 2665 1373 2703; x_wconf 88' lang='lat' dir='ltr'><strong>seu</strong></span> <span class='ocrx_word' id='word_1_263' title='bbox 1413 2651 1584 2717; x_wconf 83' lang='lat' dir='ltr'><strong>ipsum</strong></span> <span class='ocrx_word' id='word_1_264' title='bbox 1612 2663 1749 2712; x_wconf 81' lang='lat' dir='ltr'><strong>esse,</strong></span> <span class='ocrx_word' id='word_1_265' title='bbox 1810 2658 1869 2702; x_wconf 91' lang='lat' dir='ltr'><strong>ut</strong></span> <span class='ocrx_word' id='word_1_266' title='bbox 1895 2651 2064 2718; x_wconf 84' lang='lat' dir='ltr'><strong>ipsam</strong></span> 
     </span>
    </p>
   </div>
   <div class='ocr_carea' id='block_1_43' title="bbox 479 2739 2065 2809">
    <p class='ocr_par' dir='ltr' id='par_1_43' title="bbox 479 2739 2065 2809">
     <span class='ocr_line' id='line_1_43' title="bbox 479 2739 2065 2809; baseline 0.003 -19"><span class='ocrx_word' id='word_1_267' title='bbox 479 2739 673 2802; x_wconf 67' lang='lat' dir='ltr'><strong>vitam,</strong></span> <span class='ocrx_word' id='word_1_268' title='bbox 697 2751 753 2793; x_wconf 92' lang='lat' dir='ltr'><strong>et</strong></span> <span class='ocrx_word' id='word_1_269' title='bbox 786 2742 956 2807; x_wconf 87' lang='lat' dir='ltr'><strong>ipsam</strong></span> <span class='ocrx_word' id='word_1_270' title='bbox 1001 2741 1319 2808; x_wconf 78' lang='lat' dir='ltr'><strong>potentiam,</strong></span> <span class='ocrx_word' id='word_1_271' title='bbox 1354 2750 1408 2794; x_wconf 91' lang='lat' dir='ltr'><strong>et</strong></span> <span class='ocrx_word' id='word_1_272' title='bbox 1434 2742 1602 2809; x_wconf 88' lang='lat' dir='ltr'><strong>ipsam</strong></span> <span class='ocrx_word' id='word_1_273' title='bbox 1634 2756 1847 2808; x_wconf 89' lang='lat' dir='ltr'><strong>pacem,</strong></span> <span class='ocrx_word' id='word_1_274' title='bbox 1877 2750 1930 2794; x_wconf 90' lang='lat' dir='ltr'><strong>et</strong></span> <span class='ocrx_word' id='word_1_275' title='bbox 1960 2741 2065 2794; x_wconf 88' lang='lat' dir='ltr'><strong>alia</strong></span> 
     </span>
    </p>
   </div>
   <div class='ocr_carea' id='block_1_44' title="bbox 471 2833 2065 2902">
    <p class='ocr_par' dir='ltr' id='par_1_44' title="bbox 471 2833 2065 2902">
     <span class='ocr_line' id='line_1_44' title="bbox 471 2833 2065 2902; baseline 0.002 -18"><span class='ocrx_word' id='word_1_276' title='bbox 471 2833 735 2901; x_wconf 88' lang='lat' dir='ltr'><strong>&#39;ejusdem</strong></span> <span class='ocrx_word' id='word_1_277' title='bbox 771 2833 1006 2901; x_wconf 83' lang='lat' dir='ltr'><strong>generis,</strong></span> <span class='ocrx_word' id='word_1_278' title='bbox 1036 2847 1185 2884; x_wconf 88' lang='lat' dir='ltr'><strong>nunc</strong></span> <span class='ocrx_word' id='word_1_279' title='bbox 1241 2833 1460 2900; x_wconf 64' lang='lat' dir='ltr'><strong>quidem</strong></span> <span class='ocrx_word' id='word_1_280' title='bbox 1510 2849 1577 2886; x_wconf 87' lang='lat' dir='ltr'><strong>eo</strong></span> <span class='ocrx_word' id='word_1_281' title='bbox 1605 2834 1790 2897; x_wconf 91' lang='lat' dir='ltr'><strong>modo,</strong></span> <span class='ocrx_word' id='word_1_282' title='bbox 1825 2835 1917 2902; x_wconf 88' lang='lat' dir='ltr'><strong>qui</strong></span> <span class='ocrx_word' id='word_1_283' title='bbox 1977 2835 2065 2888; x_wconf 81' lang='lat' dir='ltr'><strong>di-</strong></span> 
     </span>
    </p>
   </div>
   <div class='ocr_carea' id='block_1_45' title="bbox 479 2925 2064 2995">
    <p class='ocr_par' dir='ltr' id='par_1_45' title="bbox 479 2925 2064 2995">
     <span class='ocr_line' id='line_1_45' title="bbox 479 2925 2064 2995; baseline 0.002 -17"><span class='ocrx_word' id='word_1_284' title='bbox 479 2939 621 2995; x_wconf 70' lang='lat' dir='ltr'><strong>gnus</strong></span> <span class='ocrx_word' id='word_1_285' title='bbox 649 2934 731 2978; x_wconf 81' lang='lat' dir='ltr'><strong>est</strong></span> <span class='ocrx_word' id='word_1_286' title='bbox 754 2925 886 2990; x_wconf 68' lang='lat' dir='ltr'><strong>Deo,</strong></span> <span class='ocrx_word' id='word_1_287' title='bbox 921 2940 1118 2994; x_wconf 89' lang='lat' dir='ltr'><strong>nempe</strong></span> <span class='ocrx_word' id='word_1_288' title='bbox 1153 2934 1318 2978; x_wconf 81' lang='lat' dir='ltr'><strong>unum</strong></span> <span class='ocrx_word' id='word_1_289' title='bbox 1363 2941 1545 2980; x_wconf 90' lang='lat' dir='ltr'><strong>rerum</strong></span> <span class='ocrx_word' id='word_1_290' title='bbox 1618 2928 1862 2980; x_wconf 89' lang='lat' dir='ltr'><strong>omnium</strong></span> <span class='ocrx_word' id='word_1_291' title='bbox 1915 2929 2064 2981; x_wconf 90' lang='lat' dir='ltr'><strong>omni</strong></span> 
     </span>
    </p>
   </div>
   <div class='ocr_carea' id='block_1_46' title="bbox 478 3015 2062 3086">
    <p class='ocr_par' dir='ltr' id='par_1_46' title="bbox 478 3015 2062 3086">
     <span class='ocr_line' id='line_1_46' title="bbox 478 3015 2062 3086; baseline 0.002 -16"><span class='ocrx_word' id='word_1_292' title='bbox 478 3015 752 3086; x_wconf 84' lang='lat' dir='ltr'><strong>principio</strong></span> <span class='ocrx_word' id='word_1_293' title='bbox 833 3016 1190 3071; x_wconf 78' lang='lat' dir='ltr'><strong>excellentius</strong></span> <span class='ocrx_word' id='word_1_294' title='bbox 1264 3017 1589 3086; x_wconf 81' lang='lat' dir='ltr'><strong>principium</strong></span> <span class='ocrx_word' id='word_1_295' title='bbox 1665 3028 1721 3072; x_wconf 90' lang='lat' dir='ltr'><strong>et</strong></span> <span class='ocrx_word' id='word_1_296' title='bbox 1790 3034 2062 3073; x_wconf 82' lang='lat' dir='ltr'><strong>causam:</strong></span> 
     </span>
    </p>
   </div>
   <div class='ocr_carea' id='block_1_47' title="bbox 477 3109 2064 3167">
    <p class='ocr_par' dir='ltr' id='par_1_47' title="bbox 477 3109 2064 3167">
     <span class='ocr_line' id='line_1_47' title="bbox 477 3109 2064 3167; baseline 0.003 -5"><span class='ocrx_word' id='word_1_297' title='bbox 477 3124 626 3162; x_wconf 88' lang='lat' dir='ltr'><strong>nunc</strong></span> <span class='ocrx_word' id='word_1_298' title='bbox 662 3117 721 3162; x_wconf 91' lang='lat' dir='ltr'><strong>ut</strong></span> <span class='ocrx_word' id='word_1_299' title='bbox 777 3109 1093 3161; x_wconf 91' lang='lat' dir='ltr'><strong>tribuuntur</strong></span> <span class='ocrx_word' id='word_1_300' title='bbox 1140 3118 1194 3162; x_wconf 88' lang='lat' dir='ltr'><strong>et</strong></span> <span class='ocrx_word' id='word_1_301' title='bbox 1231 3111 1712 3164; x_wconf 82' lang='lat' dir='ltr'><strong>conununicantur</strong></span> <span class='ocrx_word' id='word_1_302' title='bbox 1749 3125 1781 3165; x_wconf 92' lang='lat' dir='ltr'><strong>a</strong></span> <span class='ocrx_word' id='word_1_303' title='bbox 1832 3111 1962 3165; x_wconf 86' lang='lat' dir='ltr'><strong>Deo.</strong></span> <span class='ocrx_word' id='word_1_304' title='bbox 1986 3111 2064 3167; x_wconf 83' lang='lat' dir='ltr'><strong>Ac</strong></span> 
     </span>
    </p>
   </div>
   <div class='ocr_carea' id='block_1_48' title="bbox 480 3199 2058 3269">
    <p class='ocr_par' dir='ltr' id='par_1_48' title="bbox 480 3199 2058 3269">
     <span class='ocr_line' id='line_1_48' title="bbox 480 3199 2058 3269; baseline 0.004 -20"><span class='ocrx_word' id='word_1_305' title='bbox 480 3202 662 3266; x_wconf 88' lang='lat' dir='ltr'><strong>primo</strong></span> <span class='ocrx_word' id='word_1_306' title='bbox 693 3200 911 3266; x_wconf 81' lang='lat' dir='ltr'><strong>quidem</strong></span> <span class='ocrx_word' id='word_1_307' title='bbox 965 3199 1127 3253; x_wconf 90' lang='lat' dir='ltr'><strong>modo</strong></span> <span class='ocrx_word' id='word_1_308' title='bbox 1159 3204 1239 3254; x_wconf 74' lang='lat' dir='ltr'><strong>sic</strong></span> <span class='ocrx_word' id='word_1_309' title='bbox 1292 3215 1355 3254; x_wconf 89' lang='lat' dir='ltr'><strong>ea</strong></span> <span class='ocrx_word' id='word_1_310' title='bbox 1413 3203 1774 3269; x_wconf 86' lang='lat' dir='ltr'><strong>pronuntiant</strong></span> <span class='ocrx_word' id='word_1_311' title='bbox 1832 3201 2058 3256; x_wconf 72' lang='lat' dir='ltr'><strong>Grzeci:</strong></span> 
     </span>
    </p>
   </div>
   <div class='ocr_carea' id='block_1_49' title="bbox 476 3293 2066 3366">
    <p class='ocr_par' dir='ltr' id='par_1_49' title="bbox 476 3293 2066 3366">
     <span class='ocr_line' id='line_1_49' title="bbox 476 3293 2066 3366; baseline 0.001 -20"><span class='ocrx_word' id='word_1_312' title='bbox 476 3295 577 3364; x_wconf 81' lang='grc' dir='ltr'>τὴν</span> <span class='ocrx_word' id='word_1_313' title='bbox 605 3293 947 3359; x_wconf 79' lang='grc' dir='ltr'>αὑτοουσίαν,</span> <span class='ocrx_word' id='word_1_314' title='bbox 983 3295 1100 3364; x_wconf 63' lang='grc' dir='ltr'>ἦτον.</span> <span class='ocrx_word' id='word_1_315' title='bbox 1149 3293 1452 3358; x_wconf 80' lang='grc' dir='ltr'>αῦτοεῖναι,</span> <span class='ocrx_word' id='word_1_316' title='bbox 1478 3296 1578 3364; x_wconf 80' lang='grc' dir='ltr'>τὴν</span> <span class='ocrx_word' id='word_1_317' title='bbox 1613 3296 1918 3364; x_wconf 78' lang='grc' dir='ltr'>αὑτοζωὴν,</span> <span class='ocrx_word' id='word_1_318' title='bbox 1965 3297 2066 3366; x_wconf 80' lang='grc' dir='ltr'>τὴν</span> 
     </span>
    </p>
   </div>
   <div class='ocr_carea' id='block_1_50' title="bbox 480 3387 2068 3457">
    <p class='ocr_par' dir='ltr' id='par_1_50' title="bbox 480 3387 2068 3457">
     <span class='ocr_line' id='line_1_50' title="bbox 480 3387 2068 3457; baseline 0.001 -17"><span class='ocrx_word' id='word_1_319' title='bbox 480 3388 848 3454; x_wconf 80' lang='grc' dir='ltr'>αὑτοδύναμιν</span> <span class='ocrx_word' id='word_1_320' title='bbox 873 3428 885 3450; x_wconf 85' lang='grc'><strong>,</strong></span> <span class='ocrx_word' id='word_1_321' title='bbox 916 3388 1015 3456; x_wconf 83' lang='grc' dir='ltr'>τὴν</span> <span class='ocrx_word' id='word_1_322' title='bbox 1081 3387 1464 3457; x_wconf 79' lang='grc' dir='ltr'>αὑτοειρήνην,</span> <span class='ocrx_word' id='word_1_323' title='bbox 1485 3389 1658 3441; x_wconf 83' lang='lat' dir='ltr'><strong>altero</strong></span> <span class='ocrx_word' id='word_1_324' title='bbox 1701 3399 1882 3442; x_wconf 86' lang='lat' dir='ltr'><strong>autem</strong></span> <span class='ocrx_word' id='word_1_325' title='bbox 1907 3390 2068 3442; x_wconf 88' lang='lat' dir='ltr'><strong>modo</strong></span> 
     </span>
    </p>
   </div>
   <div class='ocr_carea' id='block_1_51' title="bbox 477 3479 2071 3551">
    <p class='ocr_par' dir='ltr' id='par_1_51' title="bbox 477 3479 2071 3551">
     <span class='ocr_line' id='line_1_51' title="bbox 477 3479 2071 3551; baseline 0 -19"><span class='ocrx_word' id='word_1_326' title='bbox 477 3495 581 3542; x_wconf 88' lang='lat' dir='ltr'><strong>s-c,</strong></span> <span class='ocrx_word' id='word_1_327' title='bbox 629 3479 730 3547; x_wconf 82' lang='grc' dir='ltr'>τὴν</span> <span class='ocrx_word' id='word_1_328' title='bbox 761 3479 1175 3543; x_wconf 74' lang='grc' dir='ltr'>αὑτοουσίωσιν,</span> <span class='ocrx_word' id='word_1_329' title='bbox 1213 3480 1312 3548; x_wconf 74' lang='grc' dir='ltr'>τὴν</span> <span class='ocrx_word' id='word_1_330' title='bbox 1358 3479 1730 3543; x_wconf 76' lang='grc' dir='ltr'>αὑτοζώωσιν,</span> <span class='ocrx_word' id='word_1_331' title='bbox 1776 3480 1878 3551; x_wconf 71' lang='grc' dir='ltr'>τὴν</span> <span class='ocrx_word' id='word_1_332' title='bbox 1911 3483 2071 3533; x_wconf 81' lang='grc' dir='ltr'>αὑτο-</span> 
     </span>
    </p>
   </div>
   <div class='ocr_carea' id='block_1_52' title="bbox 477 3571 2063 3643">
    <p class='ocr_par' dir='ltr' id='par_1_52' title="bbox 477 3571 2063 3643">
     <span class='ocr_line' id='line_1_52' title="bbox 477 3571 2063 3643; baseline 0.004 -21"><span class='ocrx_word' id='word_1_333' title='bbox 477 3571 814 3639; x_wconf 73' lang='grc' dir='ltr'>δυνάμωσιν,</span> <span class='ocrx_word' id='word_1_334' title='bbox 859 3572 961 3640; x_wconf 87' lang='grc' dir='ltr'>τὴν</span> <span class='ocrx_word' id='word_1_335' title='bbox 1020 3572 1487 3642; x_wconf 77' lang='grc' dir='ltr'>αῦτοειρήνευσιν.</span> <span class='ocrx_word' id='word_1_336' title='bbox 1549 3573 1614 3627; x_wconf 80' lang='lat' dir='ltr'><strong>Et</strong></span> <span class='ocrx_word' id='word_1_337' title='bbox 1683 3576 1798 3628; x_wconf 70' lang='lat' dir='ltr'><strong>haec</strong></span> <span class='ocrx_word' id='word_1_338' title='bbox 1842 3575 2063 3643; x_wconf 72' lang='lat' dir='ltr'><strong>quidem</strong></span> 
     </span>
    </p>
   </div>
   <div class='ocr_carea' id='block_1_53' title="bbox 477 3664 2064 3735">
    <p class='ocr_par' dir='ltr' id='par_1_53' title="bbox 477 3664 2064 3735">
     <span class='ocr_line' id='line_1_53' title="bbox 477 3664 2064 3735; baseline 0.004 -18"><span class='ocrx_word' id='word_1_339' title='bbox 477 3664 748 3729; x_wconf 87' lang='lat' dir='ltr'><strong>absoluta,</strong></span> <span class='ocrx_word' id='word_1_340' title='bbox 783 3672 838 3718; x_wconf 90' lang='lat' dir='ltr'><strong>et</strong></span> <span class='ocrx_word' id='word_1_341' title='bbox 858 3666 1154 3735; x_wconf 69' lang='lat' dir='ltr'><strong>praecipua,</strong></span> <span class='ocrx_word' id='word_1_342' title='bbox 1190 3674 1246 3718; x_wconf 90' lang='lat' dir='ltr'><strong>et</strong></span> <span class='ocrx_word' id='word_1_343' title='bbox 1286 3666 1460 3734; x_wconf 87' lang='lat' dir='ltr'><strong>prima</strong></span> <span class='ocrx_word' id='word_1_344' title='bbox 1491 3665 1700 3720; x_wconf 86' lang='lat' dir='ltr'><strong>ratione</strong></span> <span class='ocrx_word' id='word_1_345' title='bbox 1723 3681 1752 3720; x_wconf 86' lang='lat' dir='ltr'><strong>a</strong></span> <span class='ocrx_word' id='word_1_346' title='bbox 1783 3665 1891 3722; x_wconf 89' lang='lat' dir='ltr'><strong>Deo</strong></span> <span class='ocrx_word' id='word_1_347' title='bbox 1935 3672 2064 3725; x_wconf 80' lang='lat' dir='ltr'><strong>sub-</strong></span> 
     </span>
    </p>
   </div>
   <div class='ocr_carea' id='block_1_54' title="bbox 2174 1932 3768 2007">
    <p class='ocr_par' dir='ltr' id='par_1_54' title="bbox 2174 1932 3768 2007">
     <span class='ocr_line' id='line_1_54' title="bbox 2174 1932 3768 2007; baseline 0.003 -22"><span class='ocrx_word' id='word_1_348' title='bbox 2174 1933 2310 1985; x_wconf 84' lang='grc' dir='ltr'>Θεὸν</span> <span class='ocrx_word' id='word_1_349' title='bbox 2344 1932 2692 1996; x_wconf 75' lang='grc' dir='ltr'>αῦτοουσῖαν,</span> <span class='ocrx_word' id='word_1_350' title='bbox 2723 1935 2821 1986; x_wconf 70' lang='grc' dir='ltr'><strong>καὶ</strong></span> <span class='ocrx_word' id='word_1_351' title='bbox 2873 1932 3173 2002; x_wconf 75' lang='grc' dir='ltr'>αὑτοζωὴν,</span> <span class='ocrx_word' id='word_1_352' title='bbox 3233 1934 3324 1986; x_wconf 74' lang='grc' dir='ltr'><strong>καὶ</strong></span> <span class='ocrx_word' id='word_1_353' title='bbox 3374 1935 3768 2007; x_wconf 78' lang='grc' dir='ltr'>αὐτοδύναμιν,</span> 
     </span>
    </p>
   </div>
   <div class='ocr_carea' id='block_1_55' title="bbox 2173 2025 3767 2096">
    <p class='ocr_par' dir='ltr' id='par_1_55' title="bbox 2173 2025 3767 2096">
     <span class='ocr_line' id='line_1_55' title="bbox 2173 2025 3767 2096; baseline 0.001 -16"><span class='ocrx_word' id='word_1_354' title='bbox 2173 2025 2268 2080; x_wconf 71' lang='grc' dir='ltr'><strong>καὶ</strong></span> <span class='ocrx_word' id='word_1_355' title='bbox 2304 2027 2690 2096; x_wconf 81' lang='grc' dir='ltr'>α’ὑτοειρήνην,</span> <span class='ocrx_word' id='word_1_356' title='bbox 2731 2026 2825 2078; x_wconf 73' lang='grc' dir='ltr'><strong>καὶ</strong></span> <span class='ocrx_word' id='word_1_357' title='bbox 2857 2025 2923 2077; x_wconf 73' lang='grc' dir='ltr'>τὰ</span> <span class='ocrx_word' id='word_1_358' title='bbox 2973 2026 3230 2078; x_wconf 72' lang='grc' dir='ltr'>τοιαῦταο</span> <span class='ocrx_word' id='word_1_359' title='bbox 3269 2026 3400 2078; x_wconf 82' lang='grc' dir='ltr'>ποτὲ</span> <span class='ocrx_word' id='word_1_360' title='bbox 3426 2027 3479 2079; x_wconf 83' lang='grc' dir='ltr'><strong>δὲ</strong></span> <span class='ocrx_word' id='word_1_361' title='bbox 3508 2027 3767 2096; x_wconf 84' lang='grc' dir='ltr'>λέγοντες</span> 
     </span>
    </p>
   </div>
   <div class='ocr_carea' id='block_1_56' title="bbox 2173 2115 3768 2186">
    <p class='ocr_par' dir='ltr' id='par_1_56' title="bbox 2173 2115 3768 2186">
     <span class='ocr_line' id='line_1_56' title="bbox 2173 2115 3768 2186; baseline 0.003 -18"><span class='ocrx_word' id='word_1_362' title='bbox 2173 2116 2336 2170; x_wconf 80' lang='grc' dir='ltr'>αὐτὸν</span> <span class='ocrx_word' id='word_1_363' title='bbox 2367 2117 2706 2184; x_wconf 70' lang='grc' dir='ltr'>ὑποστάτην,</span> <span class='ocrx_word' id='word_1_364' title='bbox 2766 2117 2859 2168; x_wconf 76' lang='grc' dir='ltr'><strong>καὶ</strong></span> <span class='ocrx_word' id='word_1_365' title='bbox 2913 2115 3250 2186; x_wconf 79' lang='grc' dir='ltr'>δημιουργὸν</span> <span class='ocrx_word' id='word_1_366' title='bbox 3279 2117 3630 2183; x_wconf 76' lang='grc' dir='ltr'>αὑτοουσίας,</span> <span class='ocrx_word' id='word_1_367' title='bbox 3665 2117 3768 2172; x_wconf 72' lang='grc' dir='ltr'><strong>καὶ</strong></span> 
     </span>
    </p>
   </div>
   <div class='ocr_carea' id='block_1_57' title="bbox 2172 2207 3774 2278">
    <p class='ocr_par' dir='ltr' id='par_1_57' title="bbox 2172 2207 3774 2278">
     <span class='ocr_line' id='line_1_57' title="bbox 2172 2207 3774 2278; baseline 0.002 -18"><span class='ocrx_word' id='word_1_368' title='bbox 2172 2207 2475 2274; x_wconf 76' lang='grc' dir='ltr'>αὑτοζωῆς,</span> <span class='ocrx_word' id='word_1_369' title='bbox 2510 2209 2602 2259; x_wconf 79' lang='grc' dir='ltr'><strong>καὶ</strong></span> <span class='ocrx_word' id='word_1_370' title='bbox 2639 2207 3078 2276; x_wconf 66' lang='grc' dir='ltr'>αὑτοῖυνάμεως,</span> <span class='ocrx_word' id='word_1_371' title='bbox 3128 2208 3224 2258; x_wconf 74' lang='grc' dir='ltr'><strong>καὶ</strong></span> <span class='ocrx_word' id='word_1_372' title='bbox 3256 2209 3632 2278; x_wconf 75' lang='grc' dir='ltr'>αὐτοειρήνης,</span> <span class='ocrx_word' id='word_1_373' title='bbox 3665 2211 3774 2278; x_wconf 23' lang='grc' dir='ltr'>καὶ,</span> 
     </span>
    </p>
   </div>
   <div class='ocr_carea' id='block_1_58' title="bbox 2170 2298 3764 2369">
    <p class='ocr_par' dir='ltr' id='par_1_58' title="bbox 2170 2298 3764 2369">
     <span class='ocr_line' id='line_1_58' title="bbox 2170 2298 3764 2369; baseline 0.003 -16"><span class='ocrx_word' id='word_1_374' title='bbox 2170 2302 2279 2353; x_wconf 78' lang='grc' dir='ltr'>τῶν</span> <span class='ocrx_word' id='word_1_375' title='bbox 2336 2301 2617 2354; x_wconf 74' lang='grc' dir='ltr'>τοιούτων.</span> <span class='ocrx_word' id='word_1_376' title='bbox 2681 2301 2761 2352; x_wconf 76' lang='grc' dir='ltr'>Τὰ</span> <span class='ocrx_word' id='word_1_377' title='bbox 2803 2300 2902 2367; x_wconf 82' lang='grc' dir='ltr'>μὲν</span> <span class='ocrx_word' id='word_1_378' title='bbox 2937 2303 3044 2369; x_wconf 77' lang='grc' dir='ltr'>γὰρ</span> <span class='ocrx_word' id='word_1_379' title='bbox 3078 2300 3407 2368; x_wconf 68' lang='grc' dir='ltr'>ὀκομὰζεται</span> <span class='ocrx_word' id='word_1_380' title='bbox 3439 2305 3502 2354; x_wconf 75' lang='grc' dir='ltr'>ἐκ</span> <span class='ocrx_word' id='word_1_381' title='bbox 3537 2305 3644 2354; x_wconf 79' lang='grc' dir='ltr'>τιῖιν</span> <span class='ocrx_word' id='word_1_382' title='bbox 3672 2298 3764 2357; x_wconf 79' lang='grc' dir='ltr'><strong>ὅν-</strong></span> 
     </span>
    </p>
   </div>
   <div class='ocr_carea' id='block_1_59' title="bbox 2168 2391 3770 2462">
    <p class='ocr_par' dir='ltr' id='par_1_59' title="bbox 2168 2391 3770 2462">
     <span class='ocr_line' id='line_1_59' title="bbox 2168 2391 3770 2462; baseline 0.001 -16"><span class='ocrx_word' id='word_1_383' title='bbox 2168 2412 2300 2459; x_wconf 77' lang='grc' dir='ltr'>των,</span> <span class='ocrx_word' id='word_1_384' title='bbox 2323 2395 2426 2447; x_wconf 73' lang='grc' dir='ltr'><strong>’καὶ</strong></span> <span class='ocrx_word' id='word_1_385' title='bbox 2463 2396 2699 2462; x_wconf 77' lang='grc' dir='ltr'>μάλιστα</span> <span class='ocrx_word' id='word_1_386' title='bbox 2730 2395 2793 2444; x_wconf 85' lang='grc' dir='ltr'><strong>ὲκ</strong></span> <span class='ocrx_word' id='word_1_387' title='bbox 2821 2393 2930 2445; x_wconf 81' lang='grc' dir='ltr'>τῶν</span> <span class='ocrx_word' id='word_1_388' title='bbox 2981 2391 3211 2462; x_wconf 79' lang='grc' dir='ltr'>τρώτως</span> <span class='ocrx_word' id='word_1_389' title='bbox 3256 2394 3448 2458; x_wconf 71' lang='grc' dir='ltr'>ὅντων,</span> <span class='ocrx_word' id='word_1_390' title='bbox 3484 2395 3559 2458; x_wconf 80' lang='grc' dir='ltr'>ὡς</span> <span class='ocrx_word' id='word_1_391' title='bbox 3585 2395 3770 2459; x_wconf 74' lang='grc' dir='ltr'>αἴτιος</span> 
     </span>
    </p>
   </div>
   <div class='ocr_carea' id='block_1_60' title="bbox 2171 2483 3763 2556">
    <p class='ocr_par' dir='ltr' id='par_1_60' title="bbox 2171 2483 3763 2556">
     <span class='ocr_line' id='line_1_60' title="bbox 2171 2483 3763 2556; baseline 0.002 -18"><span class='ocrx_word' id='word_1_392' title='bbox 2171 2487 2350 2538; x_wconf 72' lang='grc' dir='ltr'>αὐτῶν</span> <span class='ocrx_word' id='word_1_393' title='bbox 2379 2503 2392 2516; x_wconf 76' lang='grc' dir='ltr'><strong>ο</strong></span> <span class='ocrx_word' id='word_1_394' title='bbox 2427 2490 2496 2538; x_wconf 73' lang='grc' dir='ltr'>τὰ</span> <span class='ocrx_word' id='word_1_395' title='bbox 2527 2485 2582 2537; x_wconf 84' lang='grc' dir='ltr'>δὲ</span> <span class='ocrx_word' id='word_1_396' title='bbox 2628 2483 2994 2553; x_wconf 82' lang='grc' dir='ltr'>ὑπεροχικῶς,</span> <span class='ocrx_word' id='word_1_397' title='bbox 3029 2484 3103 2545; x_wconf 86' lang='grc' dir='ltr'>ὼς</span> <span class='ocrx_word' id='word_1_398' title='bbox 3152 2484 3293 2556; x_wconf 79' lang='grc' dir='ltr'>ὑπὲρ</span> <span class='ocrx_word' id='word_1_399' title='bbox 3327 2485 3529 2549; x_wconf 69' lang='grc' dir='ltr'>πάντα,</span> <span class='ocrx_word' id='word_1_400' title='bbox 3568 2488 3665 2540; x_wconf 77' lang='grc' dir='ltr'><strong>καὶ</strong></span> <span class='ocrx_word' id='word_1_401' title='bbox 3693 2490 3763 2541; x_wconf 82' lang='grc' dir='ltr'>τὰ</span> 
     </span>
    </p>
   </div>
   <div class='ocr_carea' id='block_1_61' title="bbox 2170 2575 3764 2648">
    <p class='ocr_par' dir='ltr' id='par_1_61' title="bbox 2170 2575 3764 2648">
     <span class='ocr_line' id='line_1_61' title="bbox 2170 2575 3764 2648; baseline 0.002 -20"><span class='ocrx_word' id='word_1_402' title='bbox 2170 2577 2403 2648; x_wconf 80' lang='grc' dir='ltr'>πρώτως</span> <span class='ocrx_word' id='word_1_403' title='bbox 2451 2577 2621 2630; x_wconf 74' lang='grc' dir='ltr'>ὅντα·</span> <span class='ocrx_word' id='word_1_404' title='bbox 2681 2577 3008 2628; x_wconf 83' lang='grc' dir='ltr'>αὑτοουσίαν</span> <span class='ocrx_word' id='word_1_405' title='bbox 3044 2575 3120 2638; x_wconf 79' lang='grc' dir='ltr'>δὲ,</span> <span class='ocrx_word' id='word_1_406' title='bbox 3172 2575 3290 2645; x_wconf 76' lang='grc' dir='ltr'>ἦτοι</span> <span class='ocrx_word' id='word_1_407' title='bbox 3322 2577 3619 2642; x_wconf 73' lang='grc' dir='ltr'>αὑτοεῖναι,</span> <span class='ocrx_word' id='word_1_408' title='bbox 3665 2581 3764 2631; x_wconf 71' lang='grc' dir='ltr'><strong>καὶ</strong></span> 
     </span>
    </p>
   </div>
   <div class='ocr_carea' id='block_1_62' title="bbox 2171 2667 3762 2739">
    <p class='ocr_par' dir='ltr' id='par_1_62' title="bbox 2171 2667 3762 2739">
     <span class='ocr_line' id='line_1_62' title="bbox 2171 2667 3762 2739; baseline 0.001 -19"><span class='ocrx_word' id='word_1_409' title='bbox 2171 2668 2474 2738; x_wconf 70' lang='grc' dir='ltr'>αὑτοζωὴν,</span> <span class='ocrx_word' id='word_1_410' title='bbox 2512 2668 2604 2721; x_wconf 74' lang='grc' dir='ltr'><strong>καὶ</strong></span> <span class='ocrx_word' id='word_1_411' title='bbox 2647 2667 3036 2735; x_wconf 58' lang='grc' dir='ltr'>αὑτοδύκιαμιν,</span> <span class='ocrx_word' id='word_1_412' title='bbox 3100 2667 3192 2720; x_wconf 74' lang='grc' dir='ltr'><strong>καὶ</strong></span> <span class='ocrx_word' id='word_1_413' title='bbox 3245 2669 3625 2739; x_wconf 76' lang='grc' dir='ltr'>αὐτοειρήνην,</span> <span class='ocrx_word' id='word_1_414' title='bbox 3664 2672 3762 2726; x_wconf 71' lang='grc' dir='ltr'>καὶ</span> 
     </span>
    </p>
   </div>
   <div class='ocr_carea' id='block_1_63' title="bbox 2169 2759 3752 2832">
    <p class='ocr_par' dir='ltr' id='par_1_63' title="bbox 2169 2759 3752 2832">
     <span class='ocr_line' id='line_1_63' title="bbox 2169 2759 3752 2832; baseline 0.002 -20"><span class='ocrx_word' id='word_1_415' title='bbox 2169 2760 2236 2812; x_wconf 73' lang='grc' dir='ltr'><strong>τὰ</strong></span> <span class='ocrx_word' id='word_1_416' title='bbox 2261 2759 2484 2812; x_wconf 81' lang='grc' dir='ltr'>τοιαῦτα</span> <span class='ocrx_word' id='word_1_417' title='bbox 2510 2760 2761 2828; x_wconf 78' lang='grc' dir='ltr'>λέγομεν,</span> <span class='ocrx_word' id='word_1_418' title='bbox 2801 2759 3000 2821; x_wconf 82' lang='grc' dir='ltr'>θεῖκῶς</span> <span class='ocrx_word' id='word_1_419' title='bbox 3043 2761 3140 2828; x_wconf 84' lang='grc' dir='ltr'>μὲν</span> <span class='ocrx_word' id='word_1_420' title='bbox 3201 2761 3300 2813; x_wconf 82' lang='grc' dir='ltr'><strong>καὶ</strong></span> <span class='ocrx_word' id='word_1_421' title='bbox 3341 2761 3752 2832; x_wconf 75' lang='grc' dir='ltr'><strong>δημιουργικῶς</strong></span> 
     </span>
    </p>
   </div>
   <div class='ocr_carea' id='block_1_64' title="bbox 2169 2852 3753 2923">
    <p class='ocr_par' dir='ltr' id='par_1_64' title="bbox 2169 2852 3753 2923">
     <span class='ocr_line' id='line_1_64' title="bbox 2169 2852 3753 2923; baseline 0.002 -18"><span class='ocrx_word' id='word_1_422' title='bbox 2169 2853 2266 2923; x_wconf 84' lang='grc' dir='ltr'>τὴν</span> <span class='ocrx_word' id='word_1_423' title='bbox 2336 2853 2466 2922; x_wconf 77' lang='grc' dir='ltr'>μίαν</span> <span class='ocrx_word' id='word_1_424' title='bbox 2505 2855 2726 2906; x_wconf 61' lang='grc' dir='ltr'>πάντων</span> <span class='ocrx_word' id='word_1_425' title='bbox 2787 2853 3124 2922; x_wconf 74' lang='grc' dir='ltr'>ῦπεράρχιον</span> <span class='ocrx_word' id='word_1_426' title='bbox 3179 2852 3354 2922; x_wconf 76' lang='grc' dir='ltr'>ἀρχὴν</span> <span class='ocrx_word' id='word_1_427' title='bbox 3402 2854 3499 2906; x_wconf 79' lang='grc' dir='ltr'><strong>καὶ</strong></span> <span class='ocrx_word' id='word_1_428' title='bbox 3540 2855 3753 2908; x_wconf 73' lang='grc' dir='ltr'>αἰτίαν·</span> 
     </span>
    </p>
   </div>
   <div class='ocr_carea' id='block_1_65' title="bbox 2111 2944 3758 3022">
    <p class='ocr_par' dir='ltr' id='par_1_65' title="bbox 2111 2944 3758 3022">
     <span class='ocr_line' id='line_1_65' title="bbox 2111 2944 3758 3022; baseline 0.004 -26"><span class='ocrx_word' id='word_1_429' title='bbox 2111 2993 2114 2996; x_wconf 83' lang='lat'><strong>.</strong></span> <span class='ocrx_word' id='word_1_430' title='bbox 2175 2944 2454 3014; x_wconf 84' lang='grc' dir='ltr'>μεθεκτῶς</span> <span class='ocrx_word' id='word_1_431' title='bbox 2483 2945 2540 2997; x_wconf 81' lang='grc' dir='ltr'><strong>δὲ</strong></span> <span class='ocrx_word' id='word_1_432' title='bbox 2572 2946 2667 3007; x_wconf 81' lang='grc' dir='ltr'>τὰς</span> <span class='ocrx_word' id='word_1_433' title='bbox 2711 2945 3059 3014; x_wconf 57' lang='lat' dir='ltr'><strong>exempt-mg</strong></span> <span class='ocrx_word' id='word_1_434' title='bbox 3089 2945 3151 2997; x_wconf 81' lang='grc' dir='ltr'><strong>ὲκ</strong></span> <span class='ocrx_word' id='word_1_435' title='bbox 3183 2947 3318 3000; x_wconf 59' lang='grc' dir='ltr'>Θεοῦ</span> <span class='ocrx_word' id='word_1_436' title='bbox 3352 2949 3623 3017; x_wconf 76' lang='grc' dir='ltr'><strong>μεθέξεις,</strong></span> <span class='ocrx_word' id='word_1_437' title='bbox 3658 2950 3758 3022; x_wconf 80' lang='grc' dir='ltr'>τὴν</span> 
     </span>
    </p>
   </div>
   <div class='ocr_carea' id='block_1_66' title="bbox 2169 3037 3753 3115">
    <p class='ocr_par' dir='ltr' id='par_1_66' title="bbox 2169 3037 3753 3115">
     <span class='ocr_line' id='line_1_66' title="bbox 2169 3037 3753 3115; baseline 0.003 -23"><span class='ocrx_word' id='word_1_438' title='bbox 2169 3040 2579 3106; x_wconf 69' lang='grc' dir='ltr'>αὑτοουσίωσιν,</span> <span class='ocrx_word' id='word_1_439' title='bbox 2616 3039 2713 3108; x_wconf 76' lang='grc' dir='ltr'>τὴν</span> <span class='ocrx_word' id='word_1_440' title='bbox 2745 3037 3118 3108; x_wconf 77' lang='grc' dir='ltr'>αὐτοζώωσιν,</span> <span class='ocrx_word' id='word_1_441' title='bbox 3150 3041 3248 3109; x_wconf 73' lang='grc' dir='ltr'>τὴν</span> <span class='ocrx_word' id='word_1_442' title='bbox 3283 3042 3753 3115; x_wconf 69' lang='grc' dir='ltr'>αὐτοδυειάμωσιν,</span> 
     </span>
    </p>
   </div>
   <div class='ocr_carea' id='block_1_67' title="bbox 2167 3128 3757 3204">
    <p class='ocr_par' dir='ltr' id='par_1_67' title="bbox 2167 3128 3757 3204">
     <span class='ocr_line' id='line_1_67' title="bbox 2167 3128 3757 3204; baseline 0.003 -22"><span class='ocrx_word' id='word_1_443' title='bbox 2167 3133 2264 3198; x_wconf 75' lang='grc' dir='ltr'>τὴν</span> <span class='ocrx_word' id='word_1_444' title='bbox 2294 3131 2765 3200; x_wconf 77' lang='grc' dir='ltr'>αῦτοειρήνενσιν,</span> <span class='ocrx_word' id='word_1_445' title='bbox 2803 3128 2898 3181; x_wconf 74' lang='grc' dir='ltr'><strong>καὶ</strong></span> <span class='ocrx_word' id='word_1_446' title='bbox 2927 3130 2993 3181; x_wconf 85' lang='grc' dir='ltr'>τὰ</span> <span class='ocrx_word' id='word_1_447' title='bbox 3035 3130 3416 3199; x_wconf 76' lang='grc' dir='ltr'>παραπλήσια,</span> <span class='ocrx_word' id='word_1_448' title='bbox 3443 3133 3588 3204; x_wconf 83' lang='grc' dir='ltr'>ἆπερ</span> <span class='ocrx_word' id='word_1_449' title='bbox 3622 3135 3757 3186; x_wconf 69' lang='grc' dir='ltr'>ἀπο-</span> 
     </span>
    </p>
   </div>
   <div class='ocr_carea' id='block_1_68' title="bbox 2169 3221 3754 3294">
    <p class='ocr_par' dir='ltr' id='par_1_68' title="bbox 2169 3221 3754 3294">
     <span class='ocr_line' id='line_1_68' title="bbox 2169 3221 3754 3294; baseline 0.004 -21"><span class='ocrx_word' id='word_1_450' title='bbox 2169 3221 2367 3288; x_wconf 73' lang='grc' dir='ltr'>λύτως,</span> <span class='ocrx_word' id='word_1_451' title='bbox 2425 3223 2521 3275; x_wconf 77' lang='grc' dir='ltr'><strong>καὶ</strong></span> <span class='ocrx_word' id='word_1_452' title='bbox 2559 3222 2901 3292; x_wconf 82' lang='grc' dir='ltr'>ὰρχηγικῶς,</span> <span class='ocrx_word' id='word_1_453' title='bbox 2946 3223 3037 3275; x_wconf 76' lang='grc' dir='ltr'><strong>καὶ</strong></span> <span class='ocrx_word' id='word_1_454' title='bbox 3083 3224 3318 3294; x_wconf 83' lang='grc' dir='ltr'>πρώτως</span> <span class='ocrx_word' id='word_1_455' title='bbox 3351 3227 3415 3277; x_wconf 79' lang='grc' dir='ltr'><strong>ὲκ</strong></span> <span class='ocrx_word' id='word_1_456' title='bbox 3455 3225 3590 3278; x_wconf 78' lang='grc' dir='ltr'>Θεοῦ</span> <span class='ocrx_word' id='word_1_457' title='bbox 3620 3227 3754 3279; x_wconf 85' lang='grc' dir='ltr'>ὑπο-</span> 
     </span>
    </p>
   </div>
   <div class='ocr_carea' id='block_1_69' title="bbox 2169 3312 3751 3384">
    <p class='ocr_par' dir='ltr' id='par_1_69' title="bbox 2169 3312 3751 3384">
     <span class='ocr_line' id='line_1_69' title="bbox 2169 3312 3751 3384; baseline 0.001 -18"><span class='ocrx_word' id='word_1_458' title='bbox 2169 3315 2360 3382; x_wconf 80' lang='grc' dir='ltr'><strong>στῆναι</strong></span> <span class='ocrx_word' id='word_1_459' title='bbox 2386 3312 2620 3381; x_wconf 80' lang='grc' dir='ltr'>Αέγομεν</span> <span class='ocrx_word' id='word_1_460' title='bbox 2653 3328 2665 3340; x_wconf 89' lang='grc'>·</span> <span class='ocrx_word' id='word_1_461' title='bbox 2701 3313 2842 3365; x_wconf 71' lang='grc' dir='ltr'>τινὲς</span> <span class='ocrx_word' id='word_1_462' title='bbox 2875 3312 2931 3364; x_wconf 81' lang='grc' dir='ltr'><strong>δὲ</strong></span> <span class='ocrx_word' id='word_1_463' title='bbox 2981 3312 3089 3365; x_wconf 82' lang='grc' dir='ltr'>τῶν</span> <span class='ocrx_word' id='word_1_464' title='bbox 3142 3314 3598 3384; x_wconf 76' lang='grc' dir='ltr'>ἱεροδιδασκαλων</span> <span class='ocrx_word' id='word_1_465' title='bbox 3658 3318 3751 3369; x_wconf 76' lang='grc' dir='ltr'><strong>καὶ</strong></span> 
     </span>
    </p>
   </div>
   <div class='ocr_carea' id='block_1_70' title="bbox 2169 3405 3756 3478">
    <p class='ocr_par' dir='ltr' id='par_1_70' title="bbox 2169 3405 3756 3478">
     <span class='ocr_line' id='line_1_70' title="bbox 2169 3405 3756 3478; baseline 0 -18"><span class='ocrx_word' id='word_1_466' title='bbox 2169 3407 2269 3476; x_wconf 81' lang='grc' dir='ltr'>τῆς</span> <span class='ocrx_word' id='word_1_467' title='bbox 2303 3406 2802 3474; x_wconf 77' lang='grc' dir='ltr'>αὐτοαγαθότητος,</span> <span class='ocrx_word' id='word_1_468' title='bbox 2847 3407 2941 3459; x_wconf 74' lang='grc' dir='ltr'><strong>καὶ</strong></span> <span class='ocrx_word' id='word_1_469' title='bbox 2993 3407 3096 3476; x_wconf 79' lang='grc' dir='ltr'>τῆς</span> <span class='ocrx_word' id='word_1_470' title='bbox 3146 3408 3397 3474; x_wconf 82' lang='grc' dir='ltr'>Θεότητος</span> <span class='ocrx_word' id='word_1_471' title='bbox 3444 3405 3756 3478; x_wconf 76' lang='grc' dir='ltr'><strong>ὑποστάτην</strong></span> 
     </span>
    </p>
   </div>
   <div class='ocr_carea' id='block_1_71' title="bbox 2170 3494 3754 3566">
    <p class='ocr_par' dir='ltr' id='par_1_71' title="bbox 2170 3494 3754 3566">
     <span class='ocr_line' id='line_1_71' title="bbox 2170 3494 3754 3566; baseline -0.001 -16"><span class='ocrx_word' id='word_1_472' title='bbox 2170 3499 2306 3565; x_wconf 66' lang='lat' dir='ltr'><strong>(pa-.1</strong></span> <span class='ocrx_word' id='word_1_473' title='bbox 2356 3499 2448 3549; x_wconf 87' lang='grc' dir='ltr'><strong>τὸν</strong></span> <span class='ocrx_word' id='word_1_474' title='bbox 2485 3497 2750 3566; x_wconf 82' lang='grc' dir='ltr'>ὑπέρθεον</span> <span class='ocrx_word' id='word_1_475' title='bbox 2795 3497 2950 3563; x_wconf 83' lang='grc' dir='ltr'>Θεὸν,</span> <span class='ocrx_word' id='word_1_476' title='bbox 2998 3494 3463 3564; x_wconf 74' lang='grc' dir='ltr'>αὐτοαγαθότητκ,</span> <span class='ocrx_word' id='word_1_477' title='bbox 3501 3499 3594 3547; x_wconf 74' lang='grc' dir='ltr'><strong>καὶ</strong></span> <span class='ocrx_word' id='word_1_478' title='bbox 3634 3499 3754 3549; x_wconf 70' lang='grc' dir='ltr'>θεύε-</span> 
     </span>
    </p>
   </div>
   <div class='ocr_carea' id='block_1_72' title="bbox 2170 3587 3753 3658">
    <p class='ocr_par' dir='ltr' id='par_1_72' title="bbox 2170 3587 3753 3658">
     <span class='ocr_line' id='line_1_72' title="bbox 2170 3587 3753 3658; baseline -0.001 -19"><span class='ocrx_word' id='word_1_479' title='bbox 2170 3603 2310 3655; x_wconf 80' lang='grc' dir='ltr'>τητα</span> <span class='ocrx_word' id='word_1_480' title='bbox 2363 3588 2616 3656; x_wconf 80' lang='grc' dir='ltr'>λέγοντες</span> <span class='ocrx_word' id='word_1_481' title='bbox 2663 3588 2762 3656; x_wconf 83' lang='grc' dir='ltr'>τὴν</span> <span class='ocrx_word' id='word_1_482' title='bbox 2810 3592 2873 3641; x_wconf 78' lang='grc' dir='ltr'><strong>ἐκ</strong></span> <span class='ocrx_word' id='word_1_483' title='bbox 2921 3588 3056 3642; x_wconf 82' lang='grc' dir='ltr'>Θεοῦ</span> <span class='ocrx_word' id='word_1_484' title='bbox 3093 3587 3510 3658; x_wconf 53' lang='grc' dir='ltr'>προερχομένην</span> <span class='ocrx_word' id='word_1_485' title='bbox 3547 3588 3753 3655; x_wconf 81' lang='grc' dir='ltr'>ἀγαθο-</span> 
     </span>
    </p>
   </div>
   <div class='ocr_carea' id='block_1_73' title="bbox 2175 3678 3380 3750">
    <p class='ocr_par' dir='ltr' id='par_1_73' title="bbox 2175 3678 3380 3750">
     <span class='ocr_line' id='line_1_73' title="bbox 2175 3678 3380 3750; baseline 0.004 -22"><span class='ocrx_word' id='word_1_486' title='bbox 2175 3678 2325 3730; x_wconf 86' lang='grc' dir='ltr'>πο.ὸν</span> <span class='ocrx_word' id='word_1_487' title='bbox 2360 3679 2453 3730; x_wconf 78' lang='grc' dir='ltr'><strong>καὶ</strong></span> <span class='ocrx_word' id='word_1_488' title='bbox 2484 3680 2732 3732; x_wconf 82' lang='grc' dir='ltr'>θεοποιδν</span> <span class='ocrx_word' id='word_1_489' title='bbox 2775 3680 2994 3749; x_wconf 80' lang='grc' dir='ltr'>μέθεξιν</span> <span class='ocrx_word' id='word_1_490' title='bbox 3026 3682 3121 3734; x_wconf 72' lang='grc' dir='ltr'><strong>καὶ</strong></span> <span class='ocrx_word' id='word_1_491' title='bbox 3150 3679 3380 3750; x_wconf 70' lang='grc' dir='ltr'>δωρεάν.</span> 
     </span>
    </p>
   </div>
   <div class='ocr_carea' id='block_1_74' title="bbox 477 3759 3754 3841">
    <p class='ocr_par' dir='ltr' id='par_1_74' title="bbox 477 3759 3754 3841">
     <span class='ocr_line' id='line_1_74' title="bbox 477 3759 3754 3841; baseline 0.004 -26"><span class='ocrx_word' id='word_1_492' title='bbox 477 3760 671 3815; x_wconf 72' lang='lat' dir='ltr'><strong>sistere</strong></span> <span class='ocrx_word' id='word_1_493' title='bbox 702 3760 958 3814; x_wconf 82' lang='lat' dir='ltr'><strong>dicimus.</strong></span> <span class='ocrx_word' id='word_1_494' title='bbox 1007 3759 1239 3825; x_wconf 85' lang='lat' dir='ltr'><strong>Quidam</strong></span> <span class='ocrx_word' id='word_1_495' title='bbox 1281 3775 1411 3815; x_wconf 80' lang='lat' dir='ltr'><strong>vero</strong></span> <span class='ocrx_word' id='word_1_496' title='bbox 1479 3777 1760 3815; x_wconf 80' lang='lat' dir='ltr'><strong>sacrorum</strong></span> <span class='ocrx_word' id='word_1_497' title='bbox 1816 3765 2102 3822; x_wconf 86' lang='lat' dir='ltr'><strong>doctorum</strong></span> <span class='ocrx_word' id='word_1_498' title='bbox 2147 3775 2309 3826; x_wconf 82' lang='lat' dir='ltr'><strong>etiam</strong></span> <span class='ocrx_word' id='word_1_499' title='bbox 2344 3772 2516 3841; x_wconf 88' lang='lat' dir='ltr'><strong>ipsius</strong></span> <span class='ocrx_word' id='word_1_500' title='bbox 2551 3773 2812 3828; x_wconf 76' lang='lat' dir='ltr'><strong>bonitatis</strong></span> <span class='ocrx_word' id='word_1_501' title='bbox 2860 3787 2913 3828; x_wconf 91' lang='lat' dir='ltr'><strong>et</strong></span> <span class='ocrx_word' id='word_1_502' title='bbox 2950 3775 3260 3829; x_wconf 83' lang='lat' dir='ltr'><strong>divinitatis</strong></span> <span class='ocrx_word' id='word_1_503' title='bbox 3318 3785 3601 3831; x_wconf 84' lang='lat' dir='ltr'><strong>auctorem</strong></span> <span class='ocrx_word' id='word_1_504' title='bbox 3673 3771 3754 3826; x_wconf 75' lang='lat' dir='ltr'><strong>di~</strong></span> 
     </span>
    </p>
   </div>
   <div class='ocr_carea' id='block_1_75' title="bbox 475 3855 3752 3932">
    <p class='ocr_par' dir='ltr' id='par_1_75' title="bbox 475 3855 3752 3932">
     <span class='ocr_line' id='line_1_75' title="bbox 475 3855 3752 3932; baseline -0.002 -8"><span class='ocrx_word' id='word_1_505' title='bbox 475 3864 607 3909; x_wconf 72' lang='lat' dir='ltr'><strong>cum</strong></span> <span class='ocrx_word' id='word_1_506' title='bbox 641 3855 928 3924; x_wconf 67' lang='grc' dir='ltr'>ριιιδιιυθηι</span> <span class='ocrx_word' id='word_1_507' title='bbox 960 3855 1208 3909; x_wconf 66' lang='lat' dir='ltr'><strong>(“Vinum</strong></span> <span class='ocrx_word' id='word_1_508' title='bbox 1274 3855 1464 3909; x_wconf 78' lang='lat' dir='ltr'><strong>Deum-</strong></span> <span class='ocrx_word' id='word_1_509' title='bbox 1502 3857 1639 3909; x_wconf 77' lang='lat' dir='ltr'><strong>Nam</strong></span> <span class='ocrx_word' id='word_1_510' title='bbox 1686 3857 1858 3927; x_wconf 84' lang='lat' dir='ltr'><strong>ipsam</strong></span> <span class='ocrx_word' id='word_1_511' title='bbox 1916 3862 2214 3920; x_wconf 84' lang='lat' dir='ltr'><strong>bonitatem</strong></span> <span class='ocrx_word' id='word_1_512' title='bbox 2281 3874 2337 3921; x_wconf 89' lang='lat' dir='ltr'><strong>et</strong></span> <span class='ocrx_word' id='word_1_513' title='bbox 2403 3868 2744 3922; x_wconf 68' lang='lat' dir='ltr'><strong>divinitatem</strong></span> <span class='ocrx_word' id='word_1_514' title='bbox 2795 3879 3050 3924; x_wconf 81' lang='lat' dir='ltr'><strong>asserunt</strong></span> <span class='ocrx_word' id='word_1_515' title='bbox 3095 3883 3217 3923; x_wconf 80' lang='lat' dir='ltr'><strong>esse</strong></span> <span class='ocrx_word' id='word_1_516' title='bbox 3250 3929 3252 3931; x_wconf 10' lang='grc' dir='ltr'><strong>ς</strong></span> <span class='ocrx_word' id='word_1_517' title='bbox 3288 3871 3752 3932; x_wconf 81' lang='lat' dir='ltr'><strong>communionem,</strong></span> 
     </span>
    </p>
   </div>
   <div class='ocr_carea' id='block_1_76' title="bbox 475 3947 1700 4018">
    <p class='ocr_par' dir='ltr' id='par_1_76' title="bbox 475 3947 1700 4018">
     <span class='ocr_line' id='line_1_76' title="bbox 475 3947 1700 4018; baseline 0 -16"><span class='ocrx_word' id='word_1_518' title='bbox 475 3957 530 4002; x_wconf 88' lang='lat' dir='ltr'><strong>et</strong></span> <span class='ocrx_word' id='word_1_519' title='bbox 553 3948 779 4018; x_wconf 78' lang='lat' dir='ltr'><strong>gratiam</strong></span> <span class='ocrx_word' id='word_1_520' title='bbox 818 3949 993 4003; x_wconf 89' lang='lat' dir='ltr'><strong>bonos</strong></span> <span class='ocrx_word' id='word_1_521' title='bbox 1027 3947 1352 4015; x_wconf 85' lang='lat' dir='ltr'><strong>divinosque</strong></span> <span class='ocrx_word' id='word_1_522' title='bbox 1386 3949 1700 4002; x_wconf 77' lang='lat' dir='ltr'><strong>facientem.</strong></span> 
     </span>
    </p>
   </div>
   <div class='ocr_carea' id='block_1_77' title="bbox 1134 4041 1409 4108">
    <p class='ocr_par' dir='ltr' id='par_1_77' title="bbox 1134 4041 1409 4108">
     <span class='ocr_line' id='line_1_77' title="bbox 1134 4041 1409 4108; baseline 0.011 -16"><span class='ocrx_word' id='word_1_523' title='bbox 1134 4041 1409 4108; x_wconf 79' lang='lat' dir='ltr'><strong>Ejusdem.</strong></span> 
     </span>
    </p>
   </div>
   <div class='ocr_carea' id='block_1_78' title="bbox 548 4133 2058 4204">
    <p class='ocr_par' dir='ltr' id='par_1_78' title="bbox 548 4133 2058 4204">
     <span class='ocr_line' id='line_1_78' title="bbox 548 4133 2058 4204; baseline 0.006 -19"><span class='ocrx_word' id='word_1_524' title='bbox 548 4133 617 4185; x_wconf 83' lang='lat' dir='ltr'><strong>Et</strong></span> <span class='ocrx_word' id='word_1_525' title='bbox 652 4148 906 4202; x_wconf 80' lang='lat' dir='ltr'><strong>magnum</strong></span> <span class='ocrx_word' id='word_1_526' title='bbox 967 4145 1020 4186; x_wconf 89' lang='lat' dir='ltr'><strong>et</strong></span> <span class='ocrx_word' id='word_1_527' title='bbox 1044 4137 1273 4201; x_wconf 83' lang='lat' dir='ltr'><strong>parvum</strong></span> <span class='ocrx_word' id='word_1_528' title='bbox 1333 4134 1441 4187; x_wconf 91' lang='lat' dir='ltr'><strong>Deo</strong></span> <span class='ocrx_word' id='word_1_529' title='bbox 1467 4134 1558 4204; x_wconf 91' lang='lat' dir='ltr'><strong>qui</strong></span> <span class='ocrx_word' id='word_1_530' title='bbox 1608 4151 1795 4190; x_wconf 86' lang='lat' dir='ltr'><strong>rerum</strong></span> <span class='ocrx_word' id='word_1_531' title='bbox 1821 4147 1900 4193; x_wconf 90' lang='lat' dir='ltr'><strong>est</strong></span> <span class='ocrx_word' id='word_1_532' title='bbox 1940 4156 2058 4194; x_wconf 77' lang='lat' dir='ltr'><strong>om-</strong></span> 
     </span>
    </p>
   </div>
   <div class='ocr_carea' id='block_1_79' title="bbox 477 4225 2056 4298">
    <p class='ocr_par' dir='ltr' id='par_1_79' title="bbox 477 4225 2056 4298">
     <span class='ocr_line' id='line_1_79' title="bbox 477 4225 2056 4298; baseline 0.007 -22"><span class='ocrx_word' id='word_1_533' title='bbox 477 4225 628 4276; x_wconf 91' lang='lat' dir='ltr'><strong>nium</strong></span> <span class='ocrx_word' id='word_1_534' title='bbox 645 4238 829 4286; x_wconf 86' lang='lat' dir='ltr'><strong>causa,</strong></span> <span class='ocrx_word' id='word_1_535' title='bbox 867 4225 1184 4277; x_wconf 85' lang='lat' dir='ltr'><strong>tribuuntur</strong></span> <span class='ocrx_word' id='word_1_536' title='bbox 1238 4227 1291 4279; x_wconf 90' lang='lat' dir='ltr'><strong>in</strong></span> <span class='ocrx_word' id='word_1_537' title='bbox 1329 4227 1518 4282; x_wconf 87' lang='lat' dir='ltr'><strong>multis</strong></span> <span class='ocrx_word' id='word_1_538' title='bbox 1581 4228 1872 4298; x_wconf 76' lang='lat' dir='ltr'><strong>Scriptura:</strong></span> <span class='ocrx_word' id='word_1_539' title='bbox 1901 4233 2056 4288; x_wconf 84' lang='lat' dir='ltr'><strong>locis.</strong></span> 
     </span>
    </p>
   </div>
   <div class='ocr_carea' id='block_1_80' title="bbox 477 4313 2058 4383">
    <p class='ocr_par' dir='ltr' id='par_1_80' title="bbox 477 4313 2058 4383">
     <span class='ocr_line' id='line_1_80' title="bbox 477 4313 2058 4383; baseline 0.007 -17"><span class='ocrx_word' id='word_1_540' title='bbox 477 4313 685 4366; x_wconf 81' lang='lat' dir='ltr'><strong>Parvus</strong></span> <span class='ocrx_word' id='word_1_541' title='bbox 749 4313 1080 4379; x_wconf 86' lang='lat' dir='ltr'><strong>ostenditur,</strong></span> <span class='ocrx_word' id='word_1_542' title='bbox 1109 4317 1365 4383; x_wconf 85' lang='lat' dir='ltr'><strong>quoniam</strong></span> <span class='ocrx_word' id='word_1_543' title='bbox 1420 4319 1474 4370; x_wconf 90' lang='lat' dir='ltr'><strong>in</strong></span> <span class='ocrx_word' id='word_1_544' title='bbox 1529 4334 1661 4374; x_wconf 87' lang='lat' dir='ltr'><strong>aura</strong></span> <span class='ocrx_word' id='word_1_545' title='bbox 1720 4323 1888 4376; x_wconf 88' lang='lat' dir='ltr'><strong>tenui.</strong></span> <span class='ocrx_word' id='word_1_546' title='bbox 1947 4325 2058 4376; x_wconf 83' lang='lat' dir='ltr'><strong>Ma-</strong></span> 
     </span>
    </p>
   </div>
   <div class='ocr_carea' id='block_1_81' title="bbox 477 4403 2065 4480">
    <p class='ocr_par' dir='ltr' id='par_1_81' title="bbox 477 4403 2065 4480">
     <span class='ocr_line' id='line_1_81' title="bbox 477 4403 2065 4480; baseline 0.008 -24"><span class='ocrx_word' id='word_1_547' title='bbox 477 4420 617 4474; x_wconf 76' lang='lat' dir='ltr'><strong>gnus</strong></span> <span class='ocrx_word' id='word_1_548' title='bbox 641 4403 850 4458; x_wconf 81' lang='lat' dir='ltr'><strong>dicitur</strong></span> <span class='ocrx_word' id='word_1_549' title='bbox 889 4413 954 4458; x_wconf 91' lang='lat' dir='ltr'><strong>ut</strong></span> <span class='ocrx_word' id='word_1_550' title='bbox 1004 4407 1397 4475; x_wconf 75' lang='lat' dir='ltr'><strong>magnitudinis</strong></span> <span class='ocrx_word' id='word_1_551' title='bbox 1448 4409 1723 4480; x_wconf 78' lang='lat' dir='ltr'><strong>elargitor,</strong></span> <span class='ocrx_word' id='word_1_552' title='bbox 1779 4424 1834 4466; x_wconf 91' lang='lat' dir='ltr'><strong>et</strong></span> <span class='ocrx_word' id='word_1_553' title='bbox 1858 4415 2065 4469; x_wconf 88' lang='lat' dir='ltr'><strong>inﬁnita</strong></span> 
     </span>
    </p>
   </div>
   <div class='ocr_carea' id='block_1_82' title="bbox 2784 4047 3140 4102">
    <p class='ocr_par' dir='ltr' id='par_1_82' title="bbox 2784 4047 3140 4102">
     <span class='ocr_line' id='line_1_82' title="bbox 2784 4047 3140 4102; baseline 0 -1"><span class='ocrx_word' id='word_1_554' title='bbox 2784 4048 2893 4102; x_wconf 80' lang='grc' dir='ltr'>Τοῦ</span> <span class='ocrx_word' id='word_1_555' title='bbox 2929 4047 3140 4101; x_wconf 80' lang='grc' dir='ltr'>αὐτοῦ.</span> 
     </span>
    </p>
   </div>
   <div class='ocr_carea' id='block_1_83' title="bbox 2243 4139 3752 4212">
    <p class='ocr_par' dir='ltr' id='par_1_83' title="bbox 2243 4139 3752 4212">
     <span class='ocr_line' id='line_1_83' title="bbox 2243 4139 3752 4212; baseline 0.003 -20"><span class='ocrx_word' id='word_1_556' title='bbox 2243 4141 2352 4193; x_wconf 69' lang='grc' dir='ltr'><strong>Καὶ</strong></span> <span class='ocrx_word' id='word_1_557' title='bbox 2383 4141 2444 4193; x_wconf 83' lang='grc' dir='ltr'><strong>τὸ</strong></span> <span class='ocrx_word' id='word_1_558' title='bbox 2477 4140 2620 4209; x_wconf 81' lang='grc' dir='ltr'>μέγα</span> <span class='ocrx_word' id='word_1_559' title='bbox 2667 4139 2763 4192; x_wconf 73' lang='grc' dir='ltr'><strong>καὶ</strong></span> <span class='ocrx_word' id='word_1_560' title='bbox 2815 4139 2875 4192; x_wconf 90' lang='grc' dir='ltr'><strong>τὸ</strong></span> <span class='ocrx_word' id='word_1_561' title='bbox 2931 4140 3129 4208; x_wconf 85' lang='grc' dir='ltr'>μικρὸν</span> <span class='ocrx_word' id='word_1_562' title='bbox 3156 4139 3471 4193; x_wconf 75' lang='grc' dir='ltr'>ἀνατίθεται</span> <span class='ocrx_word' id='word_1_563' title='bbox 3506 4142 3582 4212; x_wconf 82' lang='grc' dir='ltr'><strong>τῷ</strong></span> <span class='ocrx_word' id='word_1_564' title='bbox 3616 4143 3752 4197; x_wconf 71' lang='grc' dir='ltr'>πάν·</span> 
     </span>
    </p>
   </div>
   <div class='ocr_carea' id='block_1_84' title="bbox 2167 4231 3754 4306">
    <p class='ocr_par' dir='ltr' id='par_1_84' title="bbox 2167 4231 3754 4306">
     <span class='ocr_line' id='line_1_84' title="bbox 2167 4231 3754 4306; baseline -0.002 -20"><span class='ocrx_word' id='word_1_565' title='bbox 2167 4249 2272 4286; x_wconf 86' lang='grc' dir='ltr'><strong>των</strong></span> <span class='ocrx_word' id='word_1_566' title='bbox 2327 4233 2486 4301; x_wconf 83' lang='grc' dir='ltr'>αἰτίῳ</span> <span class='ocrx_word' id='word_1_567' title='bbox 2531 4232 2650 4302; x_wconf 87' lang='grc' dir='ltr'><strong>Θεῷ</strong></span> <span class='ocrx_word' id='word_1_568' title='bbox 2679 4249 2693 4262; x_wconf 87' lang='grc'><strong>·</strong></span> <span class='ocrx_word' id='word_1_569' title='bbox 2742 4231 2804 4283; x_wconf 88' lang='grc' dir='ltr'><strong>τὸ</strong></span> <span class='ocrx_word' id='word_1_570' title='bbox 2837 4233 2983 4300; x_wconf 83' lang='grc' dir='ltr'>μέγα</span> <span class='ocrx_word' id='word_1_571' title='bbox 3037 4232 3136 4300; x_wconf 84' lang='grc' dir='ltr'>μὲν</span> <span class='ocrx_word' id='word_1_572' title='bbox 3177 4231 3448 4302; x_wconf 83' lang='grc' dir='ltr'>πολλαχοῦ</span> <span class='ocrx_word' id='word_1_573' title='bbox 3483 4235 3580 4303; x_wconf 83' lang='grc' dir='ltr'>τῆς</span> <span class='ocrx_word' id='word_1_574' title='bbox 3612 4236 3754 4306; x_wconf 74' lang='grc' dir='ltr'>Γρα-</span> 
     </span>
    </p>
   </div>
   <div class='ocr_carea' id='block_1_85' title="bbox 2169 4324 3752 4398">
    <p class='ocr_par' dir='ltr' id='par_1_85' title="bbox 2169 4324 3752 4398">
     <span class='ocr_line' id='line_1_85' title="bbox 2169 4324 3752 4398; baseline 0.003 -23"><span class='ocrx_word' id='word_1_575' title='bbox 2169 4326 2298 4394; x_wconf 79' lang='grc' dir='ltr'>φῆς,</span> <span class='ocrx_word' id='word_1_576' title='bbox 2331 4325 2392 4376; x_wconf 88' lang='grc' dir='ltr'><strong>τὸ</strong></span> <span class='ocrx_word' id='word_1_577' title='bbox 2459 4325 2656 4394; x_wconf 82' lang='grc' dir='ltr'>μικρὸν</span> <span class='ocrx_word' id='word_1_578' title='bbox 2713 4324 2769 4376; x_wconf 77' lang='grc' dir='ltr'><strong>δὲ</strong></span> <span class='ocrx_word' id='word_1_579' title='bbox 2803 4324 3057 4394; x_wconf 42' lang='grc' dir='ltr'>δηῖιοῦται</span> <span class='ocrx_word' id='word_1_580' title='bbox 3093 4326 3180 4378; x_wconf 76' lang='grc' dir='ltr'>διὰ</span> <span class='ocrx_word' id='word_1_581' title='bbox 3234 4325 3295 4378; x_wconf 87' lang='grc' dir='ltr'><strong>τὸ</strong></span> <span class='ocrx_word' id='word_1_582' title='bbox 3351 4327 3409 4378; x_wconf 80' lang='grc' dir='ltr'>ὲν</span> <span class='ocrx_word' id='word_1_583' title='bbox 3462 4326 3608 4398; x_wconf 75' lang='grc' dir='ltr'>αὔρᾳ</span> <span class='ocrx_word' id='word_1_584' title='bbox 3666 4330 3752 4380; x_wconf 75' lang='grc' dir='ltr'>λε-</span> 
     </span>
    </p>
   </div>
   <div class='ocr_carea' id='block_1_86' title="bbox 2174 4414 3754 4489">
    <p class='ocr_par' dir='ltr' id='par_1_86' title="bbox 2174 4414 3754 4489">
     <span class='ocr_line' id='line_1_86' title="bbox 2174 4414 3754 4489; baseline 0.002 -20"><span class='ocrx_word' id='word_1_585' title='bbox 2174 4422 2305 4487; x_wconf 81' lang='grc' dir='ltr'>πτῇ.</span> <span class='ocrx_word' id='word_1_586' title='bbox 2367 4419 2556 4486; x_wconf 83' lang='grc' dir='ltr'>Μέγας</span> <span class='ocrx_word' id='word_1_587' title='bbox 2598 4419 2697 4488; x_wconf 85' lang='grc' dir='ltr'>μὲν</span> <span class='ocrx_word' id='word_1_588' title='bbox 2729 4414 2826 4470; x_wconf 83' lang='grc' dir='ltr'>οὖν</span> <span class='ocrx_word' id='word_1_589' title='bbox 2888 4419 3130 4486; x_wconf 79' lang='grc' dir='ltr'>λέγεται,</span> <span class='ocrx_word' id='word_1_590' title='bbox 3177 4419 3252 4480; x_wconf 83' lang='grc' dir='ltr'>ὡς</span> <span class='ocrx_word' id='word_1_591' title='bbox 3285 4420 3553 4488; x_wconf 85' lang='grc' dir='ltr'>μεγέθους</span> <span class='ocrx_word' id='word_1_592' title='bbox 3585 4437 3754 4489; x_wconf 82' lang='grc' dir='ltr'>μετα-</span> 
     </span>
    </p>
   </div>
   <div class='ocr_carea' id='block_1_87' title="bbox 475 4499 2064 4583">
    <p class='ocr_par' dir='ltr' id='par_1_87' title="bbox 475 4499 2058 4574">
     <span class='ocr_line' id='line_1_87' title="bbox 475 4499 2058 4574; baseline 0.008 -26"><span class='ocrx_word' id='word_1_593' title='bbox 475 4499 738 4567; x_wconf 69' lang='lat' dir='ltr'><strong>prazditus</strong></span> <span class='ocrx_word' id='word_1_594' title='bbox 772 4499 1171 4568; x_wconf 75' lang='lat' dir='ltr'><strong>magnitudine,</strong></span> <span class='ocrx_word' id='word_1_595' title='bbox 1227 4509 1284 4554; x_wconf 86' lang='lat' dir='ltr'><strong>et</strong></span> <span class='ocrx_word' id='word_1_596' title='bbox 1345 4516 1565 4556; x_wconf 88' lang='lat' dir='ltr'><strong>omnem</strong></span> <span class='ocrx_word' id='word_1_597' title='bbox 1627 4506 2058 4574; x_wconf 79' lang='lat' dir='ltr'><strong>magnitudinem</strong></span> 
     </span>
    </p>
   </div>
   <div class='ocr_carea' id='block_1_88' title="bbox 2167 4499 3748 4583">
    <p class='ocr_par' dir='ltr' id='par_1_88' title="bbox 2167 4511 3748 4583">
     <span class='ocr_line' id='line_1_88' title="bbox 2167 4511 3748 4583; baseline 0.003 -20"><span class='ocrx_word' id='word_1_598' title='bbox 2167 4511 2399 4576; x_wconf 79' lang='grc' dir='ltr'>δοτ.κὸς,</span> <span class='ocrx_word' id='word_1_599' title='bbox 2454 4511 2549 4563; x_wconf 66' lang='grc' dir='ltr'>καὶ</span> <span class='ocrx_word' id='word_1_600' title='bbox 2579 4511 2652 4573; x_wconf 84' lang='grc' dir='ltr'>ὡς</span> <span class='ocrx_word' id='word_1_601' title='bbox 2683 4511 3150 4581; x_wconf 82' lang='grc' dir='ltr'>ἀπειρομεγέθης,</span> <span class='ocrx_word' id='word_1_602' title='bbox 3187 4513 3282 4564; x_wconf 77' lang='grc' dir='ltr'><strong>καὶ</strong></span> <span class='ocrx_word' id='word_1_603' title='bbox 3337 4511 3748 4583; x_wconf 73' lang='grc' dir='ltr'>ὑπερμεγέθης,</span> 
     </span>
    </p>
   </div>
   <div class='ocr_carea' id='block_1_89' title="bbox 474 4592 2061 4663">
    <p class='ocr_par' dir='ltr' id='par_1_89' title="bbox 474 4592 2061 4663">
     <span class='ocr_line' id='line_1_89' title="bbox 474 4592 2061 4663; baseline 0.004 -17"><span class='ocrx_word' id='word_1_604' title='bbox 474 4606 744 4660; x_wconf 81' lang='lat' dir='ltr'><strong>superans</strong></span> <span class='ocrx_word' id='word_1_605' title='bbox 781 4608 795 4643; x_wconf 93' lang='lat'>:</span> <span class='ocrx_word' id='word_1_606' title='bbox 823 4593 979 4661; x_wconf 92' lang='lat' dir='ltr'><strong>cujus</strong></span> <span class='ocrx_word' id='word_1_607' title='bbox 1009 4592 1330 4661; x_wconf 76' lang='lat' dir='ltr'><strong>iiiagnitudo</strong></span> <span class='ocrx_word' id='word_1_608' title='bbox 1381 4597 1766 4663; x_wconf 78' lang='lat' dir='ltr'><strong>quantitatem,</strong></span> <span class='ocrx_word' id='word_1_609' title='bbox 1824 4608 1880 4652; x_wconf 91' lang='lat' dir='ltr'><strong>et</strong></span> <span class='ocrx_word' id='word_1_610' title='bbox 1905 4615 2061 4652; x_wconf 82' lang='lat' dir='ltr'><strong>men-</strong></span> 
     </span>
    </p>
   </div>
   <div class='ocr_carea' id='block_1_90' title="bbox 475 4685 2062 4750">
    <p class='ocr_par' dir='ltr' id='par_1_90' title="bbox 475 4685 2062 4750">
     <span class='ocr_line' id='line_1_90' title="bbox 475 4685 2062 4750; baseline 0.005 -13"><span class='ocrx_word' id='word_1_611' title='bbox 475 4699 682 4750; x_wconf 84' lang='lat' dir='ltr'><strong>suram,</strong></span> <span class='ocrx_word' id='word_1_612' title='bbox 711 4694 762 4738; x_wconf 89' lang='lat' dir='ltr'><strong>et</strong></span> <span class='ocrx_word' id='word_1_613' title='bbox 786 4686 1076 4739; x_wconf 88' lang='lat' dir='ltr'><strong>terminum</strong></span> <span class='ocrx_word' id='word_1_614' title='bbox 1110 4701 1218 4739; x_wconf 84' lang='lat' dir='ltr'><strong>non</strong></span> <span class='ocrx_word' id='word_1_615' title='bbox 1281 4686 1464 4741; x_wconf 83' lang='lat' dir='ltr'><strong>habet.</strong></span> <span class='ocrx_word' id='word_1_616' title='bbox 1497 4685 1730 4741; x_wconf 80' lang='lat' dir='ltr'><strong>Parvum</strong></span> <span class='ocrx_word' id='word_1_617' title='bbox 1773 4704 1868 4743; x_wconf 87' lang='lat' dir='ltr'><strong>seu</strong></span> <span class='ocrx_word' id='word_1_618' title='bbox 1901 4700 2062 4745; x_wconf 90' lang='lat' dir='ltr'><strong>tenue</strong></span> 
     </span>
    </p>
   </div>
   <div class='ocr_carea' id='block_1_91' title="bbox 477 4777 2059 4846">
    <p class='ocr_par' dir='ltr' id='par_1_91' title="bbox 477 4777 2059 4846">
     <span class='ocr_line' id='line_1_91' title="bbox 477 4777 2059 4846; baseline 0.004 -17"><span class='ocrx_word' id='word_1_619' title='bbox 477 4777 677 4830; x_wconf 85' lang='lat' dir='ltr'><strong>dicitur</strong></span> <span class='ocrx_word' id='word_1_620' title='bbox 708 4779 761 4828; x_wconf 92' lang='lat' dir='ltr'><strong>in</strong></span> <span class='ocrx_word' id='word_1_621' title='bbox 795 4777 924 4838; x_wconf 86' lang='lat' dir='ltr'><strong>Deo,</strong></span> <span class='ocrx_word' id='word_1_622' title='bbox 951 4779 1096 4845; x_wconf 89' lang='lat' dir='ltr'><strong>quod</strong></span> <span class='ocrx_word' id='word_1_623' title='bbox 1152 4778 1356 4831; x_wconf 84' lang='lat' dir='ltr'><strong>nullam</strong></span> <span class='ocrx_word' id='word_1_624' title='bbox 1407 4781 1571 4833; x_wconf 82' lang='lat' dir='ltr'><strong>habet</strong></span> <span class='ocrx_word' id='word_1_625' title='bbox 1601 4783 1823 4846; x_wconf 88' lang='lat' dir='ltr'><strong>molem,</strong></span> <span class='ocrx_word' id='word_1_626' title='bbox 1851 4783 2059 4836; x_wconf 90' lang='lat' dir='ltr'><strong>nullum</strong></span> 
     </span>
    </p>
   </div>
   <div class='ocr_carea' id='block_1_92' title="bbox 475 4861 2062 4943">
    <p class='ocr_par' dir='ltr' id='par_1_92' title="bbox 475 4861 2062 4943">
     <span class='ocr_line' id='line_1_92' title="bbox 475 4861 2062 4943; baseline 0.003 -20"><span class='ocrx_word' id='word_1_627' title='bbox 475 4869 716 4938; x_wconf 77' lang='lat' dir='ltr'><strong>Spatium</strong></span> <span class='ocrx_word' id='word_1_628' title='bbox 753 4877 1012 4937; x_wconf 87' lang='lat' dir='ltr'><strong>occupat,</strong></span> <span class='ocrx_word' id='word_1_629' title='bbox 1039 4898 1045 4904; x_wconf 93' lang='lat'><strong>-</strong></span> <span class='ocrx_word' id='word_1_630' title='bbox 1076 4878 1133 4922; x_wconf 83' lang='lat' dir='ltr'><strong>et</strong></span> <span class='ocrx_word' id='word_1_631' title='bbox 1178 4861 1298 4924; x_wconf 87' lang='lat' dir='ltr'><strong>sine</strong></span> <span class='ocrx_word' id='word_1_632' title='bbox 1351 4870 1461 4924; x_wconf 91' lang='lat' dir='ltr'><strong>ullo</strong></span> <span class='ocrx_word' id='word_1_633' title='bbox 1521 4873 1914 4942; x_wconf 82' lang='lat' dir='ltr'><strong>impedimento</strong></span> <span class='ocrx_word' id='word_1_634' title='bbox 1967 4891 2062 4943; x_wconf 90' lang='lat' dir='ltr'><strong>per</strong></span> 
     </span>
    </p>
   </div>
   <div class='ocr_carea' id='block_1_93' title="bbox 475 4961 2062 5032">
    <p class='ocr_par' dir='ltr' id='par_1_93' title="bbox 475 4961 2062 5032">
     <span class='ocr_line' id='line_1_93' title="bbox 475 4961 2062 5032; baseline 0.004 -19"><span class='ocrx_word' id='word_1_635' title='bbox 475 4961 660 5013; x_wconf 71' lang='lat' dir='ltr'><strong>orunia</strong></span> <span class='ocrx_word' id='word_1_636' title='bbox 698 4961 912 5020; x_wconf 79' lang='lat' dir='ltr'><strong>transit,</strong></span> <span class='ocrx_word' id='word_1_637' title='bbox 979 4979 996 5011; x_wconf 82' lang='grc' dir='ltr'><strong>ι</strong></span> <span class='ocrx_word' id='word_1_638' title='bbox 1029 4972 1323 5029; x_wconf 87' lang='lat' dir='ltr'><strong>penetrans</strong></span> <span class='ocrx_word' id='word_1_639' title='bbox 1391 4979 1561 5032; x_wconf 84' lang='lat' dir='ltr'><strong>usque</strong></span> <span class='ocrx_word' id='word_1_640' title='bbox 1612 4965 1679 5017; x_wconf 91' lang='lat' dir='ltr'><strong>ad</strong></span> <span class='ocrx_word' id='word_1_641' title='bbox 1739 4966 2062 5019; x_wconf 80' lang='lat' dir='ltr'><strong>divisionem</strong></span> 
     </span>
    </p>
   </div>
   <div class='ocr_carea' id='block_1_94' title="bbox 477 5051 2064 5127">
    <p class='ocr_par' dir='ltr' id='par_1_94' title="bbox 477 5051 2064 5127">
     <span class='ocr_line' id='line_1_94' title="bbox 477 5051 2064 5127; baseline 0.004 -22"><span class='ocrx_word' id='word_1_642' title='bbox 477 5051 696 5115; x_wconf 67' lang='lat' dir='ltr'><strong>animae,</strong></span> <span class='ocrx_word' id='word_1_643' title='bbox 728 5060 783 5106; x_wconf 91' lang='lat' dir='ltr'><strong>et</strong></span> <span class='ocrx_word' id='word_1_644' title='bbox 815 5052 1061 5120; x_wconf 78' lang='lat' dir='ltr'><strong>spiritus,</strong></span> <span class='ocrx_word' id='word_1_645' title='bbox 1087 5063 1142 5107; x_wconf 91' lang='lat' dir='ltr'><strong>et</strong></span> <span class='ocrx_word' id='word_1_646' title='bbox 1186 5054 1566 5121; x_wconf 73' lang='lat' dir='ltr'><strong>cegitationes,</strong></span> <span class='ocrx_word' id='word_1_647' title='bbox 1625 5058 2064 5127; x_wconf 84' lang='lat' dir='ltr'><strong>intentionesque</strong></span> 
     </span>
    </p>
   </div>
   <div class='ocr_carea' id='block_1_95' title="bbox 477 5143 2059 5210">
    <p class='ocr_par' dir='ltr' id='par_1_95' title="bbox 477 5143 2059 5210">
     <span class='ocr_line' id='line_1_95' title="bbox 477 5143 2059 5210; baseline 0.004 -14"><span class='ocrx_word' id='word_1_648' title='bbox 477 5143 659 5198; x_wconf 88' lang='lat' dir='ltr'><strong>cordis</strong></span> <span class='ocrx_word' id='word_1_649' title='bbox 689 5144 728 5196; x_wconf 73' lang='grc' dir='ltr'>ί.</span> <span class='ocrx_word' id='word_1_650' title='bbox 754 5162 770 5193; x_wconf 75' lang='grc' dir='ltr'><strong>ι</strong></span> <span class='ocrx_word' id='word_1_651' title='bbox 810 5144 920 5198; x_wconf 91' lang='lat' dir='ltr'><strong>lmo</strong></span> <span class='ocrx_word' id='word_1_652' title='bbox 953 5161 1082 5198; x_wconf 87' lang='lat' dir='ltr'><strong>vero</strong></span> <span class='ocrx_word' id='word_1_653' title='bbox 1130 5146 1313 5200; x_wconf 87' lang='lat' dir='ltr'><strong>omnia</strong></span> <span class='ocrx_word' id='word_1_654' title='bbox 1349 5146 1690 5210; x_wconf 83' lang='lat' dir='ltr'><strong>discernens,</strong></span> <span class='ocrx_word' id='word_1_655' title='bbox 1726 5150 1870 5203; x_wconf 86' lang='lat' dir='ltr'><strong>nulla</strong></span> <span class='ocrx_word' id='word_1_656' title='bbox 1911 5152 2059 5203; x_wconf 75' lang='lat' dir='ltr'><strong>enim</strong></span> 
     </span>
    </p>
   </div>
   <div class='ocr_carea' id='block_1_96' title="bbox 478 5240 2060 5313">
    <p class='ocr_par' dir='ltr' id='par_1_96' title="bbox 478 5240 2060 5313">
     <span class='ocr_line' id='line_1_96' title="bbox 478 5240 2060 5313; baseline 0.005 -25"><span class='ocrx_word' id='word_1_657' title='bbox 478 5251 567 5290; x_wconf 89' lang='lat' dir='ltr'><strong>res</strong></span> <span class='ocrx_word' id='word_1_658' title='bbox 597 5246 673 5290; x_wconf 72' lang='lat' dir='ltr'><strong>cst</strong></span> <span class='ocrx_word' id='word_1_659' title='bbox 712 5247 1021 5305; x_wconf 86' lang='lat' dir='ltr'><strong>procreata,</strong></span> <span class='ocrx_word' id='word_1_660' title='bbox 1064 5253 1185 5306; x_wconf 68' lang='lat' dir='ltr'><strong>quae</strong></span> <span class='ocrx_word' id='word_1_661' title='bbox 1231 5240 1482 5292; x_wconf 84' lang='lat' dir='ltr'><strong>obtutum</strong></span> <span class='ocrx_word' id='word_1_662' title='bbox 1546 5241 1669 5310; x_wconf 87' lang='lat' dir='ltr'><strong>ejus</strong></span> <span class='ocrx_word' id='word_1_663' title='bbox 1715 5243 1960 5313; x_wconf 70' lang='lat' dir='ltr'><strong>cﬁugiat.</strong></span> <span class='ocrx_word' id='word_1_664' title='bbox 1994 5245 2060 5296; x_wconf 82' lang='lat' dir='ltr'><strong>Et</strong></span> 
     </span>
    </p>
   </div>
   <div class='ocr_carea' id='block_1_97' title="bbox 479 5329 2055 5398">
    <p class='ocr_par' dir='ltr' id='par_1_97' title="bbox 479 5329 2055 5398">
     <span class='ocr_line' id='line_1_97' title="bbox 479 5329 2055 5398; baseline 0.004 -16"><span class='ocrx_word' id='word_1_665' title='bbox 479 5345 713 5388; x_wconf 78' lang='lat' dir='ltr'><strong>parvum</strong></span> <span class='ocrx_word' id='word_1_666' title='bbox 745 5329 849 5382; x_wconf 84' lang='lat' dir='ltr'><strong>hoc</strong></span> <span class='ocrx_word' id='word_1_667' title='bbox 879 5333 1007 5384; x_wconf 81' lang='lat' dir='ltr'><strong>item</strong></span> <span class='ocrx_word' id='word_1_668' title='bbox 1040 5332 1401 5398; x_wconf 87' lang='lat' dir='ltr'><strong>quantitatem</strong></span> <span class='ocrx_word' id='word_1_669' title='bbox 1449 5347 1556 5385; x_wconf 90' lang='lat' dir='ltr'><strong>non</strong></span> <span class='ocrx_word' id='word_1_670' title='bbox 1589 5332 1755 5386; x_wconf 81' lang='lat' dir='ltr'><strong>habet</strong></span> <span class='ocrx_word' id='word_1_671' title='bbox 1785 5345 1836 5387; x_wconf 85' lang='lat' dir='ltr'><strong>et</strong></span> <span class='ocrx_word' id='word_1_672' title='bbox 1873 5336 2055 5388; x_wconf 82' lang='lat' dir='ltr'><strong>inﬁni-</strong></span> 
     </span>
    </p>
   </div>
   <div class='ocr_carea' id='block_1_98' title="bbox 476 5422 2057 5492">
    <p class='ocr_par' dir='ltr' id='par_1_98' title="bbox 476 5422 2057 5492">
     <span class='ocr_line' id='line_1_98' title="bbox 476 5422 2057 5492; baseline 0.004 -21"><span class='ocrx_word' id='word_1_673' title='bbox 476 5428 590 5473; x_wconf 89' lang='lat' dir='ltr'><strong>tum</strong></span> <span class='ocrx_word' id='word_1_674' title='bbox 628 5432 729 5486; x_wconf 65' lang='lat' dir='ltr'><strong>est,</strong></span> <span class='ocrx_word' id='word_1_675' title='bbox 761 5435 812 5475; x_wconf 90' lang='lat' dir='ltr'><strong>et</strong></span> <span class='ocrx_word' id='word_1_676' title='bbox 839 5422 1134 5485; x_wconf 75' lang='lat' dir='ltr'><strong>invisibile,</strong></span> <span class='ocrx_word' id='word_1_677' title='bbox 1167 5432 1224 5476; x_wconf 90' lang='lat' dir='ltr'><strong>et</strong></span> <span class='ocrx_word' id='word_1_678' title='bbox 1277 5437 1400 5475; x_wconf 90' lang='lat' dir='ltr'><strong>eum</strong></span> <span class='ocrx_word' id='word_1_679' title='bbox 1431 5433 1666 5489; x_wconf 78' lang='lat' dir='ltr'><strong>nequeat</strong></span> <span class='ocrx_word' id='word_1_680' title='bbox 1704 5425 1876 5492; x_wconf 85' lang='lat' dir='ltr'><strong>ipsum</strong></span> <span class='ocrx_word' id='word_1_681' title='bbox 1907 5442 2057 5480; x_wconf 78' lang='lat' dir='ltr'><strong>com-</strong></span> 
     </span>
    </p>
   </div>
   <div class='ocr_carea' id='block_1_99' title="bbox 477 5514 2054 5584">
    <p class='ocr_par' dir='ltr' id='par_1_99' title="bbox 477 5514 2054 5584">
     <span class='ocr_line' id='line_1_99' title="bbox 477 5514 2054 5584; baseline 0.004 -19"><span class='ocrx_word' id='word_1_682' title='bbox 477 5515 766 5581; x_wconf 83' lang='lat' dir='ltr'><strong>prehendi.</strong></span> <span class='ocrx_word' id='word_1_683' title='bbox 833 5516 1014 5569; x_wconf 89' lang='lat' dir='ltr'><strong>omnia</strong></span> <span class='ocrx_word' id='word_1_684' title='bbox 1067 5514 1508 5583; x_wconf 87' lang='lat' dir='ltr'><strong>comprehendit.</strong></span> <span class='ocrx_word' id='word_1_685' title='bbox 1571 5514 1716 5568; x_wconf 83' lang='lat' dir='ltr'><strong>Idem</strong></span> <span class='ocrx_word' id='word_1_686' title='bbox 1772 5528 2054 5584; x_wconf 64' lang='lat' dir='ltr'><strong>praeterea,</strong></span> 
     </span>
    </p>
   </div>
   <div class='ocr_carea' id='block_1_100' title="bbox 481 5602 2056 5672">
    <p class='ocr_par' dir='ltr' id='par_1_100' title="bbox 481 5602 2056 5672">
     <span class='ocr_line' id='line_1_100' title="bbox 481 5602 2056 5672; baseline 0.006 -18"><span class='ocrx_word' id='word_1_687' title='bbox 481 5611 534 5654; x_wconf 86' lang='lat' dir='ltr'><strong>et</strong></span> <span class='ocrx_word' id='word_1_688' title='bbox 556 5604 828 5660; x_wconf 86' lang='lat' dir='ltr'><strong>diversum</strong></span> <span class='ocrx_word' id='word_1_689' title='bbox 859 5607 928 5661; x_wconf 90' lang='lat' dir='ltr'><strong>de</strong></span> <span class='ocrx_word' id='word_1_690' title='bbox 957 5606 1072 5659; x_wconf 86' lang='lat' dir='ltr'><strong>Deo</strong></span> <span class='ocrx_word' id='word_1_691' title='bbox 1118 5603 1338 5657; x_wconf 89' lang='lat' dir='ltr'><strong>dicitur.</strong></span> <span class='ocrx_word' id='word_1_692' title='bbox 1402 5602 1537 5657; x_wconf 81' lang='lat' dir='ltr'><strong>illud</strong></span> <span class='ocrx_word' id='word_1_693' title='bbox 1591 5605 1812 5672; x_wconf 82' lang='lat' dir='ltr'><strong>quidem</strong></span> <span class='ocrx_word' id='word_1_694' title='bbox 1877 5609 1930 5662; x_wconf 89' lang='lat' dir='ltr'><strong>in</strong></span> <span class='ocrx_word' id='word_1_695' title='bbox 1990 5621 2056 5663; x_wconf 83' lang='lat' dir='ltr'><strong>eo</strong></span> 
     </span>
    </p>
   </div>
   <div class='ocr_carea' id='block_1_101' title="bbox 550 5765 1046 5830">
    <p class='ocr_par' dir='ltr' id='par_1_101' title="bbox 550 5765 1046 5830">
     <span class='ocr_line' id='line_1_101' title="bbox 550 5765 1046 5830; baseline 0.004 -14"><span class='ocrx_word' id='word_1_696' title='bbox 550 5766 564 5793; x_wconf 85' lang='grc'><strong><em>³</em></strong></span> <span class='ocrx_word' id='word_1_697' title='bbox 625 5765 785 5819; x_wconf 79' lang='lat' dir='ltr'><strong>Hebr.</strong></span> <span class='ocrx_word' id='word_1_698' title='bbox 854 5785 925 5830; x_wconf 74' lang='grc' dir='ltr'><strong>ιγ,</strong></span> <span class='ocrx_word' id='word_1_699' title='bbox 965 5769 1046 5819; x_wconf 75' lang='lat' dir='ltr'><strong>l2.</strong></span> 
     </span>
    </p>
   </div>
   <div class='ocr_carea' id='block_1_102' title="bbox 2163 4599 3748 4675">
    <p class='ocr_par' dir='ltr' id='par_1_102' title="bbox 2163 4599 3748 4675">
     <span class='ocr_line' id='line_1_102' title="bbox 2163 4599 3748 4675; baseline 0.001 -21"><span class='ocrx_word' id='word_1_700' title='bbox 2163 4599 2222 4656; x_wconf 75' lang='grc' dir='ltr'><strong>οῦ</strong></span> <span class='ocrx_word' id='word_1_701' title='bbox 2243 4601 2303 4654; x_wconf 84' lang='grc' dir='ltr'><strong>τὸ</strong></span> <span class='ocrx_word' id='word_1_702' title='bbox 2339 4602 2570 4672; x_wconf 86' lang='grc' dir='ltr'>μέγεθος</span> <span class='ocrx_word' id='word_1_703' title='bbox 2603 4601 2828 4665; x_wconf 74' lang='grc' dir='ltr'>ἆποσον,</span> <span class='ocrx_word' id='word_1_704' title='bbox 2858 4605 2954 4656; x_wconf 80' lang='grc' dir='ltr'>καὶ</span> <span class='ocrx_word' id='word_1_705' title='bbox 3003 4605 3314 4672; x_wconf 72' lang='grc' dir='ltr'>ἀμέτρητον</span> <span class='ocrx_word' id='word_1_706' title='bbox 3344 4604 3440 4656; x_wconf 80' lang='grc' dir='ltr'><strong>καὶ</strong></span> <span class='ocrx_word' id='word_1_707' title='bbox 3472 4606 3748 4675; x_wconf 63' lang='grc' dir='ltr'>ἀύριστονθ</span> 
     </span>
    </p>
   </div>
   <div class='ocr_carea' id='block_1_103' title="bbox 2167 4691 3750 4765">
    <p class='ocr_par' dir='ltr' id='par_1_103' title="bbox 2167 4691 3750 4765">
     <span class='ocr_line' id='line_1_103' title="bbox 2167 4691 3750 4765; baseline 0.003 -22"><span class='ocrx_word' id='word_1_708' title='bbox 2167 4691 2364 4762; x_wconf 81' lang='grc' dir='ltr'>μικρὸν</span> <span class='ocrx_word' id='word_1_709' title='bbox 2393 4692 2448 4744; x_wconf 84' lang='grc' dir='ltr'>δὲ</span> <span class='ocrx_word' id='word_1_710' title='bbox 2485 4693 2606 4761; x_wconf 79' lang='grc' dir='ltr'>ἦτοι</span> <span class='ocrx_word' id='word_1_711' title='bbox 2638 4693 2838 4745; x_wconf 78' lang='grc' dir='ltr'>λεπτὸν</span> <span class='ocrx_word' id='word_1_712' title='bbox 2893 4695 2985 4747; x_wconf 77' lang='grc' dir='ltr'><strong>ἐπὶ</strong></span> <span class='ocrx_word' id='word_1_713' title='bbox 3045 4695 3181 4747; x_wconf 83' lang='grc' dir='ltr'>Θεοῦ</span> <span class='ocrx_word' id='word_1_714' title='bbox 3243 4695 3303 4746; x_wconf 77' lang='grc' dir='ltr'><strong>τὸ</strong></span> <span class='ocrx_word' id='word_1_715' title='bbox 3350 4696 3549 4758; x_wconf 77' lang='grc' dir='ltr'>παντὸς</span> <span class='ocrx_word' id='word_1_716' title='bbox 3582 4696 3750 4765; x_wconf 75' lang='grc' dir='ltr'>ὄγκου</span> 
     </span>
    </p>
   </div>
   <div class='ocr_carea' id='block_1_104' title="bbox 2164 4783 3752 4854">
    <p class='ocr_par' dir='ltr' id='par_1_104' title="bbox 2164 4783 3752 4854">
     <span class='ocr_line' id='line_1_104' title="bbox 2164 4783 3752 4854; baseline 0.004 -19"><span class='ocrx_word' id='word_1_717' title='bbox 2164 4784 2260 4835; x_wconf 74' lang='grc' dir='ltr'><strong>καὶ</strong></span> <span class='ocrx_word' id='word_1_718' title='bbox 2316 4783 2688 4854; x_wconf 84' lang='grc' dir='ltr'>διαστήματος</span> <span class='ocrx_word' id='word_1_719' title='bbox 2743 4785 3071 4854; x_wconf 71' lang='grc' dir='ltr'><strong>ἐκϐεϐηκὸς,</strong></span> <span class='ocrx_word' id='word_1_720' title='bbox 3123 4788 3220 4841; x_wconf 80' lang='grc' dir='ltr'><strong>καὶ</strong></span> <span class='ocrx_word' id='word_1_721' title='bbox 3264 4787 3324 4840; x_wconf 79' lang='grc' dir='ltr'><strong>τὸ</strong></span> <span class='ocrx_word' id='word_1_722' title='bbox 3377 4788 3469 4840; x_wconf 72' lang='grc' dir='ltr'>6ιά</span> <span class='ocrx_word' id='word_1_723' title='bbox 3531 4791 3752 4842; x_wconf 71' lang='grc' dir='ltr'>πάντων</span> 
     </span>
    </p>
   </div>
   <div class='ocr_carea' id='block_1_105' title="bbox 2164 4874 3749 4950">
    <p class='ocr_par' dir='ltr' id='par_1_105' title="bbox 2164 4874 3749 4950">
     <span class='ocr_line' id='line_1_105' title="bbox 2164 4874 3749 4950; baseline 0.003 -21"><span class='ocrx_word' id='word_1_724' title='bbox 2164 4874 2461 4937; x_wconf 78' lang='grc' dir='ltr'>ἀκωλύτως</span> <span class='ocrx_word' id='word_1_725' title='bbox 2487 4877 2721 4945; x_wconf 79' lang='grc' dir='ltr'>χωροῦν,</span> <span class='ocrx_word' id='word_1_726' title='bbox 2752 4880 2850 4930; x_wconf 74' lang='grc' dir='ltr'><strong>καὶ</strong></span> <span class='ocrx_word' id='word_1_727' title='bbox 2901 4879 3277 4949; x_wconf 79' lang='grc' dir='ltr'>διικνούμενον</span> <span class='ocrx_word' id='word_1_728' title='bbox 3311 4880 3442 4948; x_wconf 82' lang='grc' dir='ltr'>ἄχρι</span> <span class='ocrx_word' id='word_1_729' title='bbox 3476 4881 3749 4950; x_wconf 78' lang='grc' dir='ltr'>μερισμοῦ</span> 
     </span>
    </p>
   </div>
   <div class='ocr_carea' id='block_1_106' title="bbox 2164 4965 3750 5039">
    <p class='ocr_par' dir='ltr' id='par_1_106' title="bbox 2164 4965 3750 5039">
     <span class='ocr_line' id='line_1_106' title="bbox 2164 4965 3750 5039; baseline 0.005 -25"><span class='ocrx_word' id='word_1_730' title='bbox 2164 4965 2344 5035; x_wconf 80' lang='grc' dir='ltr'>ψυχῆς</span> <span class='ocrx_word' id='word_1_731' title='bbox 2398 4967 2492 5020; x_wconf 80' lang='grc' dir='ltr'><strong>καὶ</strong></span> <span class='ocrx_word' id='word_1_732' title='bbox 2546 4967 2898 5036; x_wconf 84' lang='grc' dir='ltr'>πνεύματος,</span> <span class='ocrx_word' id='word_1_733' title='bbox 2954 4973 3052 5024; x_wconf 79' lang='grc' dir='ltr'><strong>καὶ</strong></span> <span class='ocrx_word' id='word_1_734' title='bbox 3101 4970 3347 5039; x_wconf 67' lang='grc' dir='ltr'>κριτικὸν</span> <span class='ocrx_word' id='word_1_735' title='bbox 3399 4969 3750 5039; x_wconf 80' lang='grc' dir='ltr'>ἐνθυμήσεων</span> 
     </span>
    </p>
   </div>
   <div class='ocr_carea' id='block_1_107' title="bbox 2164 5059 3748 5131">
    <p class='ocr_par' dir='ltr' id='par_1_107' title="bbox 2164 5059 3748 5131">
     <span class='ocr_line' id='line_1_107' title="bbox 2164 5059 3748 5131; baseline 0.003 -21"><span class='ocrx_word' id='word_1_736' title='bbox 2164 5059 2258 5110; x_wconf 75' lang='grc' dir='ltr'><strong>καὶ</strong></span> <span class='ocrx_word' id='word_1_737' title='bbox 2293 5059 2511 5110; x_wconf 76' lang='grc' dir='ltr'>ἐννοιῶν</span> <span class='ocrx_word' id='word_1_738' title='bbox 2559 5061 2808 5128; x_wconf 83' lang='grc' dir='ltr'>καρδίας,</span> <span class='ocrx_word' id='word_1_739' title='bbox 2867 5063 3072 5131; x_wconf 77' lang='grc' dir='ltr'>μᾶλλον</span> <span class='ocrx_word' id='word_1_740' title='bbox 3123 5062 3181 5114; x_wconf 86' lang='grc' dir='ltr'><strong>δὲ</strong></span> <span class='ocrx_word' id='word_1_741' title='bbox 3218 5062 3330 5114; x_wconf 83' lang='grc' dir='ltr'>τῶν</span> <span class='ocrx_word' id='word_1_742' title='bbox 3361 5061 3534 5114; x_wconf 73' lang='grc' dir='ltr'>ὄντων</span> <span class='ocrx_word' id='word_1_743' title='bbox 3566 5062 3748 5115; x_wconf 81' lang='grc' dir='ltr'>ἀπάν-</span> 
     </span>
    </p>
   </div>
   <div class='ocr_carea' id='block_1_108' title="bbox 2161 5151 3744 5222">
    <p class='ocr_par' dir='ltr' id='par_1_108' title="bbox 2161 5151 3744 5222">
     <span class='ocr_line' id='line_1_108' title="bbox 2161 5151 3744 5222; baseline 0.001 -20"><span class='ocrx_word' id='word_1_744' title='bbox 2161 5166 2288 5202; x_wconf 74' lang='grc' dir='ltr'>των.</span> <span class='ocrx_word' id='word_1_745' title='bbox 2338 5152 2413 5202; x_wconf 80' lang='grc' dir='ltr'><strong>Οὐ</strong></span> <span class='ocrx_word' id='word_1_746' title='bbox 2449 5151 2557 5219; x_wconf 84' lang='grc' dir='ltr'>γάρ</span> <span class='ocrx_word' id='word_1_747' title='bbox 2593 5152 2708 5204; x_wconf 80' lang='grc' dir='ltr'>ἐστι</span> <span class='ocrx_word' id='word_1_748' title='bbox 2769 5154 2946 5215; x_wconf 76' lang='grc' dir='ltr'>κτίσις</span> <span class='ocrx_word' id='word_1_749' title='bbox 2998 5153 3213 5222; x_wconf 71' lang='grc' dir='ltr'>ἀφανὴς</span> <span class='ocrx_word' id='word_1_750' title='bbox 3261 5153 3492 5204; x_wconf 82' lang='grc' dir='ltr'>ἐνώπιον</span> <span class='ocrx_word' id='word_1_751' title='bbox 3540 5154 3744 5206; x_wconf 76' lang='grc' dir='ltr'>αὐτοῦ’</span> 
     </span>
    </p>
   </div>
   <div class='ocr_carea' id='block_1_109' title="bbox 2160 5241 3744 5316">
    <p class='ocr_par' dir='ltr' id='par_1_109' title="bbox 2160 5241 3744 5316">
     <span class='ocr_line' id='line_1_109' title="bbox 2160 5241 3744 5316; baseline 0.002 -23"><span class='ocrx_word' id='word_1_752' title='bbox 2160 5244 2254 5293; x_wconf 71' lang='grc' dir='ltr'><strong>καὶ</strong></span> <span class='ocrx_word' id='word_1_753' title='bbox 2285 5241 2445 5294; x_wconf 85' lang='grc' dir='ltr'>τοῦτο</span> <span class='ocrx_word' id='word_1_754' title='bbox 2476 5243 2532 5294; x_wconf 88' lang='grc' dir='ltr'><strong>δὲ</strong></span> <span class='ocrx_word' id='word_1_755' title='bbox 2574 5244 2635 5296; x_wconf 87' lang='grc' dir='ltr'><strong>τὸ</strong></span> <span class='ocrx_word' id='word_1_756' title='bbox 2667 5248 2863 5315; x_wconf 81' lang='grc' dir='ltr'>μικρὸν</span> <span class='ocrx_word' id='word_1_757' title='bbox 2893 5246 3160 5315; x_wconf 77' lang='grc' dir='ltr'>ἀπήλικόν</span> <span class='ocrx_word' id='word_1_758' title='bbox 3190 5245 3329 5307; x_wconf 80' lang='grc' dir='ltr'>ἐστι,</span> <span class='ocrx_word' id='word_1_759' title='bbox 3371 5245 3464 5296; x_wconf 72' lang='grc' dir='ltr'>καὶ</span> <span class='ocrx_word' id='word_1_760' title='bbox 3492 5246 3744 5316; x_wconf 78' lang='grc' dir='ltr'>ἄπειρον,</span> 
     </span>
    </p>
   </div>
   <div class='ocr_carea' id='block_1_110' title="bbox 2163 5336 3747 5409">
    <p class='ocr_par' dir='ltr' id='par_1_110' title="bbox 2163 5336 3747 5409">
     <span class='ocr_line' id='line_1_110' title="bbox 2163 5336 3747 5409; baseline 0.004 -23"><span class='ocrx_word' id='word_1_761' title='bbox 2163 5336 2258 5388; x_wconf 71' lang='grc' dir='ltr'><strong>καὶ</strong></span> <span class='ocrx_word' id='word_1_762' title='bbox 2307 5336 2572 5405; x_wconf 82' lang='grc' dir='ltr'>ἀόρατον’</span> <span class='ocrx_word' id='word_1_763' title='bbox 2619 5339 2715 5392; x_wconf 84' lang='grc' dir='ltr'><strong>καὶ</strong></span> <span class='ocrx_word' id='word_1_764' title='bbox 2755 5339 2886 5392; x_wconf 82' lang='grc' dir='ltr'>αὐτὸ</span> <span class='ocrx_word' id='word_1_765' title='bbox 2924 5341 3021 5409; x_wconf 88' lang='grc' dir='ltr'>μὲν</span> <span class='ocrx_word' id='word_1_766' title='bbox 3074 5340 3472 5408; x_wconf 80' lang='grc' dir='ltr'>ἀπερίληπτον,</span> <span class='ocrx_word' id='word_1_767' title='bbox 3525 5342 3747 5392; x_wconf 73' lang='grc' dir='ltr'>πάντων</span> 
     </span>
    </p>
   </div>
   <div class='ocr_carea' id='block_1_111' title="bbox 2163 5426 3745 5497">
    <p class='ocr_par' dir='ltr' id='par_1_111' title="bbox 2163 5426 3745 5497">
     <span class='ocr_line' id='line_1_111' title="bbox 2163 5426 3745 5497; baseline 0.004 -21"><span class='ocrx_word' id='word_1_768' title='bbox 2163 5426 2219 5477; x_wconf 85' lang='grc' dir='ltr'><strong>δὲ</strong></span> <span class='ocrx_word' id='word_1_769' title='bbox 2251 5428 2668 5497; x_wconf 78' lang='grc' dir='ltr'>περιληπτικόν.</span> <span class='ocrx_word' id='word_1_770' title='bbox 2717 5431 2954 5496; x_wconf 82' lang='grc' dir='ltr'>Λέγεται</span> <span class='ocrx_word' id='word_1_771' title='bbox 2983 5431 3041 5482; x_wconf 77' lang='grc' dir='ltr'><strong>δὲ</strong></span> <span class='ocrx_word' id='word_1_772' title='bbox 3093 5431 3188 5483; x_wconf 75' lang='grc' dir='ltr'><strong>ἐπὶ</strong></span> <span class='ocrx_word' id='word_1_773' title='bbox 3212 5429 3348 5482; x_wconf 80' lang='grc' dir='ltr'>Θεοῦ</span> <span class='ocrx_word' id='word_1_774' title='bbox 3387 5431 3482 5482; x_wconf 80' lang='grc' dir='ltr'><strong>καὶ</strong></span> <span class='ocrx_word' id='word_1_775' title='bbox 3511 5432 3570 5483; x_wconf 89' lang='grc' dir='ltr'><strong>τὸ</strong></span> <span class='ocrx_word' id='word_1_776' title='bbox 3607 5447 3745 5483; x_wconf 85' lang='grc' dir='ltr'>ταυ-</span> 
     </span>
    </p>
   </div>
   <div class='ocr_carea' id='block_1_112' title="bbox 2162 5517 3746 5589">
    <p class='ocr_par' dir='ltr' id='par_1_112' title="bbox 2162 5517 3746 5589">
     <span class='ocr_line' id='line_1_112' title="bbox 2162 5517 3746 5589; baseline 0.001 -19"><span class='ocrx_word' id='word_1_777' title='bbox 2162 5517 2274 5582; x_wconf 81' lang='grc' dir='ltr'>τὸν,</span> <span class='ocrx_word' id='word_1_778' title='bbox 2307 5519 2399 5569; x_wconf 65' lang='grc' dir='ltr'><strong>καὶ</strong></span> <span class='ocrx_word' id='word_1_779' title='bbox 2447 5519 2504 5570; x_wconf 88' lang='grc' dir='ltr'><strong>τὸ</strong></span> <span class='ocrx_word' id='word_1_780' title='bbox 2531 5520 2721 5589; x_wconf 75' lang='grc' dir='ltr'>ἕτερον</span> <span class='ocrx_word' id='word_1_781' title='bbox 2744 5535 2758 5550; x_wconf 74' lang='grc' dir='ltr'><strong>ο</strong></span> <span class='ocrx_word' id='word_1_782' title='bbox 2817 5519 2877 5570; x_wconf 81' lang='grc' dir='ltr'><strong>τὸ</strong></span> <span class='ocrx_word' id='word_1_783' title='bbox 2906 5519 3009 5588; x_wconf 81' lang='grc' dir='ltr'>μὲν</span> <span class='ocrx_word' id='word_1_784' title='bbox 3043 5522 3100 5572; x_wconf 83' lang='grc' dir='ltr'>ὲν</span> <span class='ocrx_word' id='word_1_785' title='bbox 3129 5520 3227 5588; x_wconf 82' lang='grc' dir='ltr'>τῷ,</span> <span class='ocrx_word' id='word_1_786' title='bbox 3269 5538 3288 5571; x_wconf 73' lang='grc' dir='ltr'><strong>ι</strong></span> <span class='ocrx_word' id='word_1_787' title='bbox 3323 5521 3394 5572; x_wconf 74' lang='grc' dir='ltr'><strong>Σὺ</strong></span> <span class='ocrx_word' id='word_1_788' title='bbox 3424 5523 3481 5572; x_wconf 83' lang='grc' dir='ltr'><strong>δὲ</strong></span> <span class='ocrx_word' id='word_1_789' title='bbox 3527 5520 3554 5570; x_wconf 85' lang='grc' dir='ltr'>ὁ</span> <span class='ocrx_word' id='word_1_790' title='bbox 3584 5519 3746 5583; x_wconf 81' lang='grc' dir='ltr'>αὐτὸς</span> 
     </span>
    </p>
   </div>
   <div class='ocr_carea' id='block_1_113' title="bbox 2161 5607 3737 5686">
    <p class='ocr_par' dir='ltr' id='par_1_113' title="bbox 2161 5607 3737 5686">
     <span class='ocr_line' id='line_1_113' title="bbox 2161 5607 3737 5686; baseline 0.001 -22"><span class='ocrx_word' id='word_1_791' title='bbox 2161 5607 2284 5664; x_wconf 76' lang='grc' dir='ltr'><strong>εἷ’»</strong></span> <span class='ocrx_word' id='word_1_792' title='bbox 2322 5613 2381 5664; x_wconf 87' lang='grc' dir='ltr'><strong>τὸ</strong></span> <span class='ocrx_word' id='word_1_793' title='bbox 2409 5612 2464 5665; x_wconf 76' lang='grc' dir='ltr'>δὲ</span> <span class='ocrx_word' id='word_1_794' title='bbox 2489 5616 2544 5665; x_wconf 77' lang='grc' dir='ltr'>ἐν</span> <span class='ocrx_word' id='word_1_795' title='bbox 2575 5612 2672 5683; x_wconf 78' lang='grc' dir='ltr'><strong>τῷ,</strong></span> <span class='ocrx_word' id='word_1_796' title='bbox 2709 5632 2726 5664; x_wconf 78' lang='grc' dir='ltr'><strong>ι</strong></span> <span class='ocrx_word' id='word_1_797' title='bbox 2761 5613 3183 5686; x_wconf 55' lang='grc' dir='ltr'>Κύριεβὶύμε,</span> <span class='ocrx_word' id='word_1_798' title='bbox 3226 5615 3308 5679; x_wconf 77' lang='grc' dir='ltr'><strong>τίς</strong></span> <span class='ocrx_word' id='word_1_799' title='bbox 3348 5615 3528 5684; x_wconf 68' lang='grc' dir='ltr'>ὅμοιόζ</span> <span class='ocrx_word' id='word_1_800' title='bbox 3564 5630 3640 5666; x_wconf 88' lang='grc' dir='ltr'><strong>σοι</strong></span> <span class='ocrx_word' id='word_1_801' title='bbox 3671 5630 3686 5680; x_wconf 80' lang='lat'><strong>;</strong></span> <span class='ocrx_word' id='word_1_802' title='bbox 3716 5631 3737 5665; x_wconf 73' lang='grc' dir='ltr'><strong>ι</strong></span> 
     </span>
    </p>
   </div>
  </div>
