  <div class='ocr_page' id='page_1' title='image "/cluster/home/n/w/nwhite01/storage/ocr_20150623/130:no.3/coo.31924054870351/077.png"; bbox 0 0 4130 6456; ppageno 0'>
   <div class='ocr_carea' id='block_1_1' title="bbox 490 392 595 464">
    <p class='ocr_par' dir='ltr' id='par_1_1' title="bbox 490 392 595 464">
     <span class='ocr_line' id='line_1_1' title="bbox 490 392 595 464; baseline -0.038 -1"><span class='ocrx_word' id='word_1_1' title='bbox 490 392 595 464; x_wconf 77' lang='lat'><strong>135</strong></span> 
     </span>
    </p>
   </div>
   <div class='ocr_carea' id='block_1_2' title="bbox 1743 361 2539 466">
    <p class='ocr_par' dir='ltr' id='par_1_2' title="bbox 1743 361 2539 466">
     <span class='ocr_line' id='line_1_2' title="bbox 1743 361 2539 466; baseline 0.003 -3"><span class='ocrx_word' id='word_1_2' title='bbox 1743 401 2132 465; x_wconf 79' lang='lat' dir='ltr'><strong>EUTHYMII</strong></span> <span class='ocrx_word' id='word_1_3' title='bbox 2167 361 2539 466; x_wconf 70' lang='lat' dir='ltr'><strong>ZIGABENI</strong></span> 
     </span>
    </p>
   </div>
   <div class='ocr_carea' id='block_1_3' title="bbox 3658 402 3752 474">
    <p class='ocr_par' dir='ltr' id='par_1_3' title="bbox 3658 402 3752 474">
     <span class='ocr_line' id='line_1_3' title="bbox 3658 402 3752 474; baseline 0.043 -4"><span class='ocrx_word' id='word_1_4' title='bbox 3658 402 3752 474; x_wconf 60' lang='lat'><strong>13%</strong></span> 
     </span>
    </p>
   </div>
   <div class='ocr_carea' id='block_1_4' title="bbox 485 502 2053 586">
    <p class='ocr_par' dir='ltr' id='par_1_4' title="bbox 485 502 2051 579">
     <span class='ocr_line' id='line_1_4' title="bbox 485 502 2051 579; baseline 0.004 -21"><span class='ocrx_word' id='word_1_5' title='bbox 485 502 743 578; x_wconf 83' lang='lat' dir='ltr'><strong>quodque</strong></span> <span class='ocrx_word' id='word_1_6' title='bbox 777 520 882 564; x_wconf 90' lang='lat' dir='ltr'><strong>non</strong></span> <span class='ocrx_word' id='word_1_7' title='bbox 919 505 1142 564; x_wconf 89' lang='lat' dir='ltr'><strong>mistum</strong></span> <span class='ocrx_word' id='word_1_8' title='bbox 1180 517 1273 563; x_wconf 86' lang='lat' dir='ltr'><strong>aut</strong></span> <span class='ocrx_word' id='word_1_9' title='bbox 1300 507 1597 572; x_wconf 77' lang='lat' dir='ltr'><strong>turbidum,</strong></span> <span class='ocrx_word' id='word_1_10' title='bbox 1640 509 1732 564; x_wconf 88' lang='lat' dir='ltr'><strong>sed</strong></span> <span class='ocrx_word' id='word_1_11' title='bbox 1795 526 1988 579; x_wconf 89' lang='lat' dir='ltr'><strong>purum</strong></span> <span class='ocrx_word' id='word_1_12' title='bbox 2021 525 2051 565; x_wconf 91' lang='lat' dir='ltr'><strong>e</strong></span> 
     </span>
    </p>
   </div>
   <div class='ocr_carea' id='block_1_5' title="bbox 2160 502 3751 586">
    <p class='ocr_par' dir='ltr' id='par_1_5' title="bbox 2183 513 3751 586">
     <span class='ocr_line' id='line_1_5' title="bbox 2183 513 3751 586; baseline 0.006 -22"><span class='ocrx_word' id='word_1_13' title='bbox 2183 514 2399 581; x_wconf 79' lang='grc' dir='ltr'>φώνως,</span> <span class='ocrx_word' id='word_1_14' title='bbox 2446 514 2537 566; x_wconf 65' lang='grc' dir='ltr'><strong>καὶ</strong></span> <span class='ocrx_word' id='word_1_15' title='bbox 2601 513 2884 585; x_wconf 84' lang='grc' dir='ltr'>συμφυῶς,</span> <span class='ocrx_word' id='word_1_16' title='bbox 2941 515 3294 586; x_wconf 75' lang='grc' dir='ltr'>ἑκραιφνοῦς,</span> <span class='ocrx_word' id='word_1_17' title='bbox 3357 517 3450 570; x_wconf 70' lang='grc' dir='ltr'>καὶ</span> <span class='ocrx_word' id='word_1_18' title='bbox 3503 517 3751 586; x_wconf 78' lang='grc' dir='ltr'>ἀμιγοῦς,</span> 
     </span>
    </p>
   </div>
   <div class='ocr_carea' id='block_1_6' title="bbox 483 595 2077 672">
    <p class='ocr_par' dir='ltr' id='par_1_6' title="bbox 483 595 2077 672">
     <span class='ocr_line' id='line_1_6' title="bbox 483 595 2077 672; baseline 0.001 -21"><span class='ocrx_word' id='word_1_19' title='bbox 483 595 758 654; x_wconf 88' lang='lat' dir='ltr'><strong>sincerum</strong></span> <span class='ocrx_word' id='word_1_20' title='bbox 805 597 856 664; x_wconf 87' lang='lat' dir='ltr'><strong>in</strong></span> <span class='ocrx_word' id='word_1_21' title='bbox 903 600 1121 670; x_wconf 87' lang='lat' dir='ltr'><strong>propria</strong></span> <span class='ocrx_word' id='word_1_22' title='bbox 1153 601 1332 667; x_wconf 85' lang='lat' dir='ltr'><strong>specie</strong></span> <span class='ocrx_word' id='word_1_23' title='bbox 1356 603 1428 656; x_wconf 92' lang='lat' dir='ltr'><strong>ita</strong></span> <span class='ocrx_word' id='word_1_24' title='bbox 1457 611 1694 667; x_wconf 86' lang='lat' dir='ltr'><strong>maneat,</strong></span> <span class='ocrx_word' id='word_1_25' title='bbox 1725 610 1779 657; x_wconf 89' lang='lat' dir='ltr'><strong>et</strong></span> <span class='ocrx_word' id='word_1_26' title='bbox 1810 603 2077 672; x_wconf 78' lang='lat' dir='ltr'><strong>conjunc-</strong></span> 
     </span>
    </p>
   </div>
   <div class='ocr_carea' id='block_1_7' title="bbox 486 687 2067 765">
    <p class='ocr_par' dir='ltr' id='par_1_7' title="bbox 486 687 2067 765">
     <span class='ocr_line' id='line_1_7' title="bbox 486 687 2067 765; baseline 0.004 -24"><span class='ocrx_word' id='word_1_27' title='bbox 486 687 636 742; x_wconf 90' lang='lat' dir='ltr'><strong>tione</strong></span> <span class='ocrx_word' id='word_1_28' title='bbox 669 690 886 759; x_wconf 86' lang='lat' dir='ltr'><strong>quidem</strong></span> <span class='ocrx_word' id='word_1_29' title='bbox 929 693 1233 761; x_wconf 87' lang='lat' dir='ltr'><strong>copuletur,</strong></span> <span class='ocrx_word' id='word_1_30' title='bbox 1268 703 1479 750; x_wconf 67' lang='lat' dir='ltr'><strong>natura:</strong></span> <span class='ocrx_word' id='word_1_31' title='bbox 1517 703 1698 750; x_wconf 88' lang='lat' dir='ltr'><strong>autem</strong></span> <span class='ocrx_word' id='word_1_32' title='bbox 1728 700 2067 765; x_wconf 80' lang='lat' dir='ltr'><strong>prpprietate</strong></span> 
     </span>
    </p>
   </div>
   <div class='ocr_carea' id='block_1_8' title="bbox 488 779 2074 857">
    <p class='ocr_par' dir='ltr' id='par_1_8' title="bbox 488 779 2074 857">
     <span class='ocr_line' id='line_1_8' title="bbox 488 779 2074 857; baseline 0.004 -23"><span class='ocrx_word' id='word_1_33' title='bbox 488 779 784 834; x_wconf 77' lang='lat' dir='ltr'><strong>dividatur.</strong></span> <span class='ocrx_word' id='word_1_34' title='bbox 819 780 936 851; x_wconf 91' lang='lat' dir='ltr'><strong>lpsa</strong></span> <span class='ocrx_word' id='word_1_35' title='bbox 967 783 1132 854; x_wconf 82' lang='lat' dir='ltr'><strong>igitur</strong></span> <span class='ocrx_word' id='word_1_36' title='bbox 1161 785 1435 855; x_wconf 68' lang='lat' dir='ltr'><strong>praecipua</strong></span> <span class='ocrx_word' id='word_1_37' title='bbox 1460 787 1798 841; x_wconf 79' lang='lat' dir='ltr'><strong>conciliatrix</strong></span> <span class='ocrx_word' id='word_1_38' title='bbox 1831 803 1934 857; x_wconf 80' lang='lat' dir='ltr'><strong>pax</strong></span> <span class='ocrx_word' id='word_1_39' title='bbox 1962 801 2074 841; x_wconf 87' lang='lat' dir='ltr'><strong>me-</strong></span> 
     </span>
    </p>
   </div>
   <div class='ocr_carea' id='block_1_9' title="bbox 480 869 2074 949">
    <p class='ocr_par' dir='ltr' id='par_1_9' title="bbox 480 869 2074 949">
     <span class='ocr_line' id='line_1_9' title="bbox 480 869 2074 949; baseline 0.006 -25"><span class='ocrx_word' id='word_1_40' title='bbox 480 869 590 925; x_wconf 84' lang='lat' dir='ltr'><strong>diis</strong></span> <span class='ocrx_word' id='word_1_41' title='bbox 617 881 857 928; x_wconf 83' lang='lat' dir='ltr'><strong>extrema</strong></span> <span class='ocrx_word' id='word_1_42' title='bbox 898 875 1152 931; x_wconf 74' lang='lat' dir='ltr'><strong>devincit.</strong></span> <span class='ocrx_word' id='word_1_43' title='bbox 1186 875 1553 942; x_wconf 85' lang='lat' dir='ltr'><strong>Quamobrem</strong></span> <span class='ocrx_word' id='word_1_44' title='bbox 1579 889 1634 933; x_wconf 89' lang='lat' dir='ltr'><strong>et</strong></span> <span class='ocrx_word' id='word_1_45' title='bbox 1680 881 2074 949; x_wconf 67' lang='lat' dir='ltr'><strong>antiquissima:</strong></span> 
     </span>
    </p>
   </div>
   <div class='ocr_carea' id='block_1_10' title="bbox 480 960 2074 1038">
    <p class='ocr_par' dir='ltr' id='par_1_10' title="bbox 480 960 2074 1038">
     <span class='ocr_line' id='line_1_10' title="bbox 480 960 2074 1038; baseline 0.006 -24"><span class='ocrx_word' id='word_1_46' title='bbox 480 960 587 1014; x_wconf 81' lang='lat' dir='ltr'><strong>illae</strong></span> <span class='ocrx_word' id='word_1_47' title='bbox 617 963 1016 1020; x_wconf 86' lang='lat' dir='ltr'><strong>conciliatrices</strong></span> <span class='ocrx_word' id='word_1_48' title='bbox 1072 975 1371 1036; x_wconf 81' lang='lat' dir='ltr'><strong>potestates</strong></span> <span class='ocrx_word' id='word_1_49' title='bbox 1421 979 1536 1022; x_wconf 90' lang='lat' dir='ltr'><strong>tum</strong></span> <span class='ocrx_word' id='word_1_50' title='bbox 1570 970 1700 1038; x_wconf 66' lang='lat' dir='ltr'><strong>ipsae</strong></span> <span class='ocrx_word' id='word_1_51' title='bbox 1731 970 1874 1026; x_wconf 87' lang='lat' dir='ltr'><strong>inter</strong></span> <span class='ocrx_word' id='word_1_52' title='bbox 1903 985 1981 1031; x_wconf 83' lang='lat' dir='ltr'><strong>se,</strong></span> <span class='ocrx_word' id='word_1_53' title='bbox 2019 979 2074 1024; x_wconf 85' lang='lat' dir='ltr'><strong>et</strong></span> 
     </span>
    </p>
   </div>
   <div class='ocr_carea' id='block_1_11' title="bbox 479 1055 2072 1130">
    <p class='ocr_par' dir='ltr' id='par_1_11' title="bbox 479 1055 2072 1130">
     <span class='ocr_line' id='line_1_11' title="bbox 479 1055 2072 1130; baseline 0.005 -24"><span class='ocrx_word' id='word_1_54' title='bbox 479 1067 603 1106; x_wconf 89' lang='lat' dir='ltr'><strong>cum</strong></span> <span class='ocrx_word' id='word_1_55' title='bbox 640 1069 746 1108; x_wconf 91' lang='lat' dir='ltr'><strong>una</strong></span> <span class='ocrx_word' id='word_1_56' title='bbox 783 1055 1025 1110; x_wconf 87' lang='lat' dir='ltr'><strong>omnium</strong></span> <span class='ocrx_word' id='word_1_57' title='bbox 1058 1057 1344 1128; x_wconf 86' lang='lat' dir='ltr'><strong>principali</strong></span> <span class='ocrx_word' id='word_1_58' title='bbox 1379 1073 1509 1126; x_wconf 85' lang='lat' dir='ltr'><strong>pace</strong></span> <span class='ocrx_word' id='word_1_59' title='bbox 1555 1061 1922 1130; x_wconf 89' lang='lat' dir='ltr'><strong>copulantur;</strong></span> <span class='ocrx_word' id='word_1_60' title='bbox 1958 1069 2072 1114; x_wconf 85' lang='lat' dir='ltr'><strong>tuin</strong></span> 
     </span>
    </p>
   </div>
   <div class='ocr_carea' id='block_1_12' title="bbox 481 1146 2071 1220">
    <p class='ocr_par' dir='ltr' id='par_1_12' title="bbox 481 1146 2071 1220">
     <span class='ocr_line' id='line_1_12' title="bbox 481 1146 2071 1220; baseline 0.005 -22"><span class='ocrx_word' id='word_1_61' title='bbox 481 1159 566 1208; x_wconf 89' lang='lat' dir='ltr'><strong>ea,</strong></span> <span class='ocrx_word' id='word_1_62' title='bbox 601 1160 722 1214; x_wconf 71' lang='lat' dir='ltr'><strong>quas</strong></span> <span class='ocrx_word' id='word_1_63' title='bbox 753 1146 856 1201; x_wconf 86' lang='lat' dir='ltr'><strong>sibi</strong></span> <span class='ocrx_word' id='word_1_64' title='bbox 883 1147 1126 1217; x_wconf 87' lang='lat' dir='ltr'><strong>subjecta</strong></span> <span class='ocrx_word' id='word_1_65' title='bbox 1163 1162 1294 1205; x_wconf 89' lang='lat' dir='ltr'><strong>sunt</strong></span> <span class='ocrx_word' id='word_1_66' title='bbox 1340 1163 1531 1207; x_wconf 85' lang='lat' dir='ltr'><strong>mutuo</strong></span> <span class='ocrx_word' id='word_1_67' title='bbox 1561 1151 1701 1210; x_wconf 82' lang='lat' dir='ltr'><strong>inter</strong></span> <span class='ocrx_word' id='word_1_68' title='bbox 1733 1153 1867 1220; x_wconf 88' lang='lat' dir='ltr'><strong>ipsa,</strong></span> <span class='ocrx_word' id='word_1_69' title='bbox 1897 1161 1948 1206; x_wconf 85' lang='lat' dir='ltr'><strong>et</strong></span> <span class='ocrx_word' id='word_1_70' title='bbox 1980 1167 2071 1215; x_wconf 77' lang='lat' dir='ltr'><strong>sc-</strong></span> 
     </span>
    </p>
   </div>
   <div class='ocr_carea' id='block_1_13' title="bbox 476 1241 2072 1311">
    <p class='ocr_par' dir='ltr' id='par_1_13' title="bbox 476 1241 2072 1311">
     <span class='ocr_line' id='line_1_13' title="bbox 476 1241 2072 1311; baseline 0.005 -23"><span class='ocrx_word' id='word_1_71' title='bbox 476 1250 600 1289; x_wconf 84' lang='lat' dir='ltr'><strong>enm</strong></span> <span class='ocrx_word' id='word_1_72' title='bbox 633 1245 686 1300; x_wconf 83' lang='lat' dir='ltr'><strong>et</strong></span> <span class='ocrx_word' id='word_1_73' title='bbox 719 1252 844 1294; x_wconf 89' lang='lat' dir='ltr'><strong>cum</strong></span> <span class='ocrx_word' id='word_1_74' title='bbox 884 1254 993 1293; x_wconf 91' lang='lat' dir='ltr'><strong>uno</strong></span> <span class='ocrx_word' id='word_1_75' title='bbox 1023 1255 1204 1293; x_wconf 84' lang='lat' dir='ltr'><strong>rerum</strong></span> <span class='ocrx_word' id='word_1_76' title='bbox 1259 1241 1504 1307; x_wconf 86' lang='lat' dir='ltr'><strong>omnium</strong></span> <span class='ocrx_word' id='word_1_77' title='bbox 1537 1242 1684 1310; x_wconf 83' lang='lat' dir='ltr'><strong>pacis</strong></span> <span class='ocrx_word' id='word_1_78' title='bbox 1710 1242 1980 1311; x_wconf 83' lang='lat' dir='ltr'><strong>principio</strong></span> <span class='ocrx_word' id='word_1_79' title='bbox 2016 1250 2072 1296; x_wconf 89' lang='lat' dir='ltr'><strong>et</strong></span> 
     </span>
    </p>
   </div>
   <div class='ocr_carea' id='block_1_14' title="bbox 479 1331 2070 1404">
    <p class='ocr_par' dir='ltr' id='par_1_14' title="bbox 479 1331 2070 1404">
     <span class='ocr_line' id='line_1_14' title="bbox 479 1331 2070 1404; baseline 0.003 -20"><span class='ocrx_word' id='word_1_80' title='bbox 479 1345 643 1384; x_wconf 73' lang='lat' dir='ltr'><strong>causa</strong></span> <span class='ocrx_word' id='word_1_81' title='bbox 698 1332 1063 1400; x_wconf 79' lang='lat' dir='ltr'><strong>coniungunt.</strong></span> <span class='ocrx_word' id='word_1_82' title='bbox 1113 1331 1261 1388; x_wconf 77' lang='lat' dir='ltr'><strong>Nihil</strong></span> <span class='ocrx_word' id='word_1_83' title='bbox 1298 1341 1383 1387; x_wconf 91' lang='lat' dir='ltr'><strong>est</strong></span> <span class='ocrx_word' id='word_1_84' title='bbox 1430 1333 1593 1404; x_wconf 78' lang='lat' dir='ltr'><strong>igitur</strong></span> <span class='ocrx_word' id='word_1_85' title='bbox 1640 1335 1886 1400; x_wconf 81' lang='lat' dir='ltr'><strong>omnino,</strong></span> <span class='ocrx_word' id='word_1_86' title='bbox 1925 1334 2070 1404; x_wconf 84' lang='lat' dir='ltr'><strong>quod</strong></span> 
     </span>
    </p>
   </div>
   <div class='ocr_carea' id='block_1_15' title="bbox 483 1422 2067 1493">
    <p class='ocr_par' dir='ltr' id='par_1_15' title="bbox 483 1422 2067 1493">
     <span class='ocr_line' id='line_1_15' title="bbox 483 1422 2067 1493; baseline 0.002 -18"><span class='ocrx_word' id='word_1_87' title='bbox 483 1436 674 1484; x_wconf 85' lang='lat' dir='ltr'><strong>pacem</strong></span> <span class='ocrx_word' id='word_1_88' title='bbox 719 1437 829 1477; x_wconf 91' lang='lat' dir='ltr'><strong>non</strong></span> <span class='ocrx_word' id='word_1_89' title='bbox 877 1431 1045 1477; x_wconf 79' lang='lat' dir='ltr'><strong>amet.</strong></span> <span class='ocrx_word' id='word_1_90' title='bbox 1095 1422 1173 1477; x_wconf 85' lang='lat' dir='ltr'><strong>Ac</strong></span> <span class='ocrx_word' id='word_1_91' title='bbox 1218 1424 1436 1480; x_wconf 79' lang='lat' dir='ltr'><strong>tametsi</strong></span> <span class='ocrx_word' id='word_1_92' title='bbox 1487 1424 1582 1489; x_wconf 87' lang='lat' dir='ltr'><strong>illi,</strong></span> <span class='ocrx_word' id='word_1_93' title='bbox 1619 1424 1712 1493; x_wconf 89' lang='lat' dir='ltr'><strong>qui</strong></span> <span class='ocrx_word' id='word_1_94' title='bbox 1746 1423 2067 1485; x_wconf 87' lang='lat' dir='ltr'><strong>inimicitiis.</strong></span> 
     </span>
    </p>
   </div>
   <div class='ocr_carea' id='block_1_16' title="bbox 473 1512 2070 1584">
    <p class='ocr_par' dir='ltr' id='par_1_16' title="bbox 473 1512 2070 1584">
     <span class='ocr_line' id='line_1_16' title="bbox 473 1512 2070 1584; baseline 0.001 -20"><span class='ocrx_word' id='word_1_95' title='bbox 473 1513 606 1567; x_wconf 81' lang='lat' dir='ltr'><strong>rixis</strong></span> <span class='ocrx_word' id='word_1_96' title='bbox 636 1520 690 1566; x_wconf 89' lang='lat' dir='ltr'><strong>et</strong></span> <span class='ocrx_word' id='word_1_97' title='bbox 711 1512 1072 1567; x_wconf 85' lang='lat' dir='ltr'><strong>seditionibus</strong></span> <span class='ocrx_word' id='word_1_98' title='bbox 1096 1513 1354 1584; x_wconf 78' lang='lat' dir='ltr'><strong>gaudent,</strong></span> <span class='ocrx_word' id='word_1_99' title='bbox 1385 1529 1415 1566; x_wconf 88' lang='lat' dir='ltr'><strong>a</strong></span> <span class='ocrx_word' id='word_1_100' title='bbox 1443 1529 1576 1582; x_wconf 87' lang='lat' dir='ltr'><strong>pace</strong></span> <span class='ocrx_word' id='word_1_101' title='bbox 1627 1523 1684 1567; x_wconf 90' lang='lat' dir='ltr'><strong>et</strong></span> <span class='ocrx_word' id='word_1_102' title='bbox 1711 1512 1861 1584; x_wconf 87' lang='lat' dir='ltr'><strong>pacis</strong></span> <span class='ocrx_word' id='word_1_103' title='bbox 1914 1527 2070 1567; x_wconf 91' lang='lat' dir='ltr'><strong>com-</strong></span> 
     </span>
    </p>
   </div>
   <div class='ocr_carea' id='block_1_17' title="bbox 477 1603 2070 1674">
    <p class='ocr_par' dir='ltr' id='par_1_17' title="bbox 477 1603 2070 1674">
     <span class='ocr_line' id='line_1_17' title="bbox 477 1603 2070 1674; baseline 0.003 -18"><span class='ocrx_word' id='word_1_104' title='bbox 477 1603 658 1663; x_wconf 86' lang='lat' dir='ltr'><strong>modis</strong></span> <span class='ocrx_word' id='word_1_105' title='bbox 701 1604 951 1659; x_wconf 83' lang='lat' dir='ltr'><strong>videntur</strong></span> <span class='ocrx_word' id='word_1_106' title='bbox 996 1605 1321 1666; x_wconf 87' lang='lat' dir='ltr'><strong>abhorrere,</strong></span> <span class='ocrx_word' id='word_1_107' title='bbox 1357 1613 1412 1659; x_wconf 92' lang='lat' dir='ltr'><strong>et</strong></span> <span class='ocrx_word' id='word_1_108' title='bbox 1444 1605 1545 1674; x_wconf 91' lang='lat' dir='ltr'><strong>ipsi</strong></span> <span class='ocrx_word' id='word_1_109' title='bbox 1594 1615 1776 1659; x_wconf 90' lang='lat' dir='ltr'><strong>tamen</strong></span> <span class='ocrx_word' id='word_1_110' title='bbox 1817 1604 2070 1660; x_wconf 85' lang='lat' dir='ltr'><strong>obscuris</strong></span> 
     </span>
    </p>
   </div>
   <div class='ocr_carea' id='block_1_18' title="bbox 473 1695 2069 1766">
    <p class='ocr_par' dir='ltr' id='par_1_18' title="bbox 473 1695 2069 1766">
     <span class='ocr_line' id='line_1_18' title="bbox 473 1695 2069 1766; baseline 0.001 -18"><span class='ocrx_word' id='word_1_111' title='bbox 473 1695 799 1763; x_wconf 83' lang='lat' dir='ltr'><strong>quibusdam</strong></span> <span class='ocrx_word' id='word_1_112' title='bbox 827 1696 979 1766; x_wconf 88' lang='lat' dir='ltr'><strong>pacis</strong></span> <span class='ocrx_word' id='word_1_113' title='bbox 1000 1695 1309 1751; x_wconf 82' lang='lat' dir='ltr'><strong>simulacris</strong></span> <span class='ocrx_word' id='word_1_114' title='bbox 1335 1695 1648 1766; x_wconf 88' lang='lat' dir='ltr'><strong>capiuntur,</strong></span> <span class='ocrx_word' id='word_1_115' title='bbox 1670 1704 1873 1751; x_wconf 86' lang='lat' dir='ltr'><strong>etcum</strong></span> <span class='ocrx_word' id='word_1_116' title='bbox 1904 1696 2069 1750; x_wconf 90' lang='lat' dir='ltr'><strong>variis</strong></span> 
     </span>
    </p>
   </div>
   <div class='ocr_carea' id='block_1_19' title="bbox 2179 605 3752 677">
    <p class='ocr_par' dir='ltr' id='par_1_19' title="bbox 2179 605 3752 677">
     <span class='ocr_line' id='line_1_19' title="bbox 2179 605 3752 677; baseline 0.002 -18"><span class='ocrx_word' id='word_1_117' title='bbox 2179 607 2271 659; x_wconf 67' lang='grc' dir='ltr'>καὶ</span> <span class='ocrx_word' id='word_1_118' title='bbox 2303 605 2699 660; x_wconf 70' lang='grc' dir='ltr'>ἀνεπιοοὶὼτοι)</span> <span class='ocrx_word' id='word_1_119' title='bbox 2753 608 3006 677; x_wconf 82' lang='grc' dir='ltr'><strong>μένοντος</strong></span> <span class='ocrx_word' id='word_1_120' title='bbox 3036 610 3269 664; x_wconf 75' lang='grc' dir='ltr'>ἑκάστου</span> <span class='ocrx_word' id='word_1_121' title='bbox 3301 608 3442 662; x_wconf 67' lang='grc' dir='ltr'><strong>κατά</strong></span> <span class='ocrx_word' id='word_1_122' title='bbox 3466 609 3526 661; x_wconf 70' lang='grc' dir='ltr'>τὸ</span> <span class='ocrx_word' id='word_1_123' title='bbox 3561 611 3752 662; x_wconf 80' lang='grc' dir='ltr'>οἰκεῖον</span> 
     </span>
    </p>
   </div>
   <div class='ocr_carea' id='block_1_20' title="bbox 2179 694 3753 772">
    <p class='ocr_par' dir='ltr' id='par_1_20' title="bbox 2179 694 3753 772">
     <span class='ocr_line' id='line_1_20' title="bbox 2179 694 3753 772; baseline 0.001 -20"><span class='ocrx_word' id='word_1_124' title='bbox 2179 694 2320 760; x_wconf 80' lang='grc' dir='ltr'>εἶδος</span> <span class='ocrx_word' id='word_1_125' title='bbox 2345 714 2358 728; x_wconf 88' lang='grc'><strong>·</strong></span> <span class='ocrx_word' id='word_1_126' title='bbox 2393 703 2488 752; x_wconf 79' lang='grc' dir='ltr'>καὶ</span> <span class='ocrx_word' id='word_1_127' title='bbox 2522 701 2804 770; x_wconf 74' lang='grc' dir='ltr'>ἡνωμένον</span> <span class='ocrx_word' id='word_1_128' title='bbox 2839 700 2938 771; x_wconf 80' lang='grc' dir='ltr'>μὲν</span> <span class='ocrx_word' id='word_1_129' title='bbox 2973 703 3040 772; x_wconf 79' lang='grc' dir='ltr'><strong>τῇ</strong></span> <span class='ocrx_word' id='word_1_130' title='bbox 3076 701 3399 771; x_wconf 78' lang='grc' dir='ltr'>συγκράσει,</span> <span class='ocrx_word' id='word_1_131' title='bbox 3429 701 3753 772; x_wconf 71' lang='grc' dir='ltr'><strong>διῃρημένου</strong></span> 
     </span>
    </p>
   </div>
   <div class='ocr_carea' id='block_1_21' title="bbox 2176 787 3755 862">
    <p class='ocr_par' dir='ltr' id='par_1_21' title="bbox 2176 787 3755 862">
     <span class='ocr_line' id='line_1_21' title="bbox 2176 787 3755 862; baseline 0.001 -19"><span class='ocrx_word' id='word_1_132' title='bbox 2176 790 2232 843; x_wconf 79' lang='grc' dir='ltr'>δὲ</span> <span class='ocrx_word' id='word_1_133' title='bbox 2251 793 2316 861; x_wconf 81' lang='grc' dir='ltr'>τῇ</span> <span class='ocrx_word' id='word_1_134' title='bbox 2357 790 2584 862; x_wconf 83' lang='grc' dir='ltr'>ἰδιότητι</span> <span class='ocrx_word' id='word_1_135' title='bbox 2608 793 2706 862; x_wconf 84' lang='grc' dir='ltr'>τῆς</span> <span class='ocrx_word' id='word_1_136' title='bbox 2741 791 2978 859; x_wconf 78' lang='grc' dir='ltr'>φύσεως.</span> <span class='ocrx_word' id='word_1_137' title='bbox 3041 792 3191 860; x_wconf 76' lang='grc' dir='ltr'>Αὕτη</span> <span class='ocrx_word' id='word_1_138' title='bbox 3245 787 3338 845; x_wconf 79' lang='grc' dir='ltr'><strong>οὖν</strong></span> <span class='ocrx_word' id='word_1_139' title='bbox 3392 793 3426 860; x_wconf 84' lang='grc' dir='ltr'><strong>ή</strong></span> <span class='ocrx_word' id='word_1_140' title='bbox 3492 791 3755 862; x_wconf 74' lang='grc' dir='ltr'>ἀρχισυν-</span> 
     </span>
    </p>
   </div>
   <div class='ocr_carea' id='block_1_22' title="bbox 2177 881 3756 955">
    <p class='ocr_par' dir='ltr' id='par_1_22' title="bbox 2177 881 3756 955">
     <span class='ocr_line' id='line_1_22' title="bbox 2177 881 3756 955; baseline 0 -18"><span class='ocrx_word' id='word_1_141' title='bbox 2177 881 2396 951; x_wconf 79' lang='grc' dir='ltr'>άγωγος</span> <span class='ocrx_word' id='word_1_142' title='bbox 2427 883 2616 954; x_wconf 79' lang='grc' dir='ltr'>εἰρήνη</span> <span class='ocrx_word' id='word_1_143' title='bbox 2648 882 2827 936; x_wconf 83' lang='grc' dir='ltr'>συνδεῖ</span> <span class='ocrx_word' id='word_1_144' title='bbox 2858 885 2927 937; x_wconf 81' lang='grc' dir='ltr'><strong>τά</strong></span> <span class='ocrx_word' id='word_1_145' title='bbox 2947 885 3091 955; x_wconf 76' lang='grc' dir='ltr'>ἄκρα</span> <span class='ocrx_word' id='word_1_146' title='bbox 3119 883 3207 937; x_wconf 83' lang='grc' dir='ltr'><strong>διὰ</strong></span> <span class='ocrx_word' id='word_1_147' title='bbox 3230 884 3340 936; x_wconf 86' lang='grc' dir='ltr'>τῶν</span> <span class='ocrx_word' id='word_1_148' title='bbox 3374 883 3579 953; x_wconf 84' lang='grc' dir='ltr'>μέσων.</span> <span class='ocrx_word' id='word_1_149' title='bbox 3597 882 3756 937; x_wconf 80' lang='grc' dir='ltr'>Ὅθεν</span> 
     </span>
    </p>
   </div>
   <div class='ocr_carea' id='block_1_23' title="bbox 2177 973 3755 1046">
    <p class='ocr_par' dir='ltr' id='par_1_23' title="bbox 2177 973 3755 1046">
     <span class='ocr_line' id='line_1_23' title="bbox 2177 973 3755 1046; baseline 0 -20"><span class='ocrx_word' id='word_1_150' title='bbox 2177 974 2232 1026; x_wconf 88' lang='grc' dir='ltr'><strong>αἰ</strong></span> <span class='ocrx_word' id='word_1_151' title='bbox 2261 973 2638 1041; x_wconf 74' lang='grc' dir='ltr'>πρεσϐύταται</span> <span class='ocrx_word' id='word_1_152' title='bbox 2667 975 2776 1029; x_wconf 79' lang='grc' dir='ltr'><strong>τῶν</strong></span> <span class='ocrx_word' id='word_1_153' title='bbox 2813 975 3146 1044; x_wconf 75' lang='grc' dir='ltr'>συναγωγῶν</span> <span class='ocrx_word' id='word_1_154' title='bbox 3175 975 3464 1046; x_wconf 83' lang='grc' dir='ltr'><strong>δυνάμεων</strong></span> <span class='ocrx_word' id='word_1_155' title='bbox 3518 974 3678 1028; x_wconf 75' lang='grc' dir='ltr'>αὐταί</span> <span class='ocrx_word' id='word_1_156' title='bbox 3697 991 3755 1027; x_wconf 80' lang='grc' dir='ltr'><strong>τε</strong></span> 
     </span>
    </p>
   </div>
   <div class='ocr_carea' id='block_1_24' title="bbox 2178 1063 3756 1136">
    <p class='ocr_par' dir='ltr' id='par_1_24' title="bbox 2178 1063 3756 1136">
     <span class='ocr_line' id='line_1_24' title="bbox 2178 1063 3756 1136; baseline 0.001 -20"><span class='ocrx_word' id='word_1_157' title='bbox 2178 1063 2316 1133; x_wconf 75' lang='grc' dir='ltr'>πρὸς</span> <span class='ocrx_word' id='word_1_158' title='bbox 2341 1063 2578 1136; x_wconf 75' lang='grc' dir='ltr'>ἀλλήλας</span> <span class='ocrx_word' id='word_1_159' title='bbox 2604 1066 2698 1119; x_wconf 75' lang='grc' dir='ltr'><strong>καὶ</strong></span> <span class='ocrx_word' id='word_1_160' title='bbox 2733 1066 2871 1132; x_wconf 84' lang='grc' dir='ltr'>πρὸς</span> <span class='ocrx_word' id='word_1_161' title='bbox 2897 1067 2997 1136; x_wconf 76' lang='grc' dir='ltr'>τὴν</span> <span class='ocrx_word' id='word_1_162' title='bbox 3033 1067 3160 1136; x_wconf 87' lang='grc' dir='ltr'>μίαν</span> <span class='ocrx_word' id='word_1_163' title='bbox 3187 1067 3297 1118; x_wconf 85' lang='grc' dir='ltr'>τῶν</span> <span class='ocrx_word' id='word_1_164' title='bbox 3343 1066 3479 1119; x_wconf 84' lang='grc' dir='ltr'>ὅλων</span> <span class='ocrx_word' id='word_1_165' title='bbox 3502 1068 3756 1134; x_wconf 76' lang='grc' dir='ltr'>εἰρηναρ-</span> 
     </span>
    </p>
   </div>
   <div class='ocr_carea' id='block_1_25' title="bbox 2175 1152 3754 1229">
    <p class='ocr_par' dir='ltr' id='par_1_25' title="bbox 2175 1152 3754 1229">
     <span class='ocr_line' id='line_1_25' title="bbox 2175 1152 3754 1229; baseline 0.001 -21"><span class='ocrx_word' id='word_1_166' title='bbox 2175 1157 2298 1226; x_wconf 86' lang='grc' dir='ltr'>χίαν</span> <span class='ocrx_word' id='word_1_167' title='bbox 2316 1156 2585 1222; x_wconf 83' lang='grc' dir='ltr'>ὲνοῦνται,</span> <span class='ocrx_word' id='word_1_168' title='bbox 2603 1160 2696 1210; x_wconf 71' lang='grc' dir='ltr'>καὶ</span> <span class='ocrx_word' id='word_1_169' title='bbox 2719 1157 2900 1210; x_wconf 77' lang='grc' dir='ltr'>ἐνοῦσι</span> <span class='ocrx_word' id='word_1_170' title='bbox 2930 1160 2997 1212; x_wconf 87' lang='grc' dir='ltr'><strong>τά</strong></span> <span class='ocrx_word' id='word_1_171' title='bbox 3027 1157 3118 1225; x_wconf 77' lang='grc' dir='ltr'><strong>ὑφ’</strong></span> <span class='ocrx_word' id='word_1_172' title='bbox 3141 1159 3342 1221; x_wconf 83' lang='grc' dir='ltr'>ὲαυτάς</span> <span class='ocrx_word' id='word_1_173' title='bbox 3366 1159 3502 1229; x_wconf 81' lang='grc' dir='ltr'>πρὸς</span> <span class='ocrx_word' id='word_1_174' title='bbox 3530 1152 3754 1226; x_wconf 70' lang='grc' dir='ltr'>ἄλληλα,</span> 
     </span>
    </p>
   </div>
   <div class='ocr_carea' id='block_1_26' title="bbox 2175 1251 3758 1324">
    <p class='ocr_par' dir='ltr' id='par_1_26' title="bbox 2175 1251 3758 1324">
     <span class='ocr_line' id='line_1_26' title="bbox 2175 1251 3758 1324; baseline 0 -22"><span class='ocrx_word' id='word_1_175' title='bbox 2175 1251 2433 1320; x_wconf 72' lang='grc' dir='ltr'>καὶπρὸς</span> <span class='ocrx_word' id='word_1_176' title='bbox 2473 1251 2696 1316; x_wconf 86' lang='grc' dir='ltr'>έαυτάς,</span> <span class='ocrx_word' id='word_1_177' title='bbox 2724 1252 2818 1306; x_wconf 71' lang='grc' dir='ltr'>καὶ</span> <span class='ocrx_word' id='word_1_178' title='bbox 2865 1252 3000 1324; x_wconf 79' lang='grc' dir='ltr'>πρὸς</span> <span class='ocrx_word' id='word_1_179' title='bbox 3043 1253 3142 1322; x_wconf 73' lang='grc' dir='ltr'>τὴν</span> <span class='ocrx_word' id='word_1_180' title='bbox 3188 1252 3318 1320; x_wconf 89' lang='grc' dir='ltr'>μίαν</span> <span class='ocrx_word' id='word_1_181' title='bbox 3369 1252 3462 1305; x_wconf 74' lang='grc' dir='ltr'>καὶ</span> <span class='ocrx_word' id='word_1_182' title='bbox 3517 1251 3758 1322; x_wconf 81' lang='grc' dir='ltr'>παντελῆ</span> 
     </span>
    </p>
   </div>
   <div class='ocr_carea' id='block_1_27' title="bbox 2172 1342 3760 1416">
    <p class='ocr_par' dir='ltr' id='par_1_27' title="bbox 2172 1342 3760 1416">
     <span class='ocr_line' id='line_1_27' title="bbox 2172 1342 3760 1416; baseline 0.001 -22"><span class='ocrx_word' id='word_1_183' title='bbox 2172 1343 2270 1410; x_wconf 87' lang='grc' dir='ltr'>τῆς</span> <span class='ocrx_word' id='word_1_184' title='bbox 2299 1344 2410 1396; x_wconf 83' lang='grc' dir='ltr'><strong>τῶν</strong></span> <span class='ocrx_word' id='word_1_185' title='bbox 2435 1343 2658 1398; x_wconf 78' lang='grc' dir='ltr'>πάντων</span> <span class='ocrx_word' id='word_1_186' title='bbox 2689 1347 2915 1416; x_wconf 72' lang='grc' dir='ltr'>εἰρήνης</span> <span class='ocrx_word' id='word_1_187' title='bbox 2955 1345 3129 1416; x_wconf 85' lang='grc' dir='ltr'>ἀρχὴν</span> <span class='ocrx_word' id='word_1_188' title='bbox 3181 1345 3278 1398; x_wconf 74' lang='grc' dir='ltr'>καὶ</span> <span class='ocrx_word' id='word_1_189' title='bbox 3332 1344 3532 1399; x_wconf 88' lang='grc' dir='ltr'>αἰτίαν.</span> <span class='ocrx_word' id='word_1_190' title='bbox 3591 1342 3760 1396; x_wconf 68' lang='grc' dir='ltr'>Οὐδὲν</span> 
     </span>
    </p>
   </div>
   <div class='ocr_carea' id='block_1_28' title="bbox 2173 1431 3759 1508">
    <p class='ocr_par' dir='ltr' id='par_1_28' title="bbox 2173 1431 3759 1508">
     <span class='ocr_line' id='line_1_28' title="bbox 2173 1431 3759 1508; baseline -0.001 -21"><span class='ocrx_word' id='word_1_191' title='bbox 2173 1431 2267 1488; x_wconf 86' lang='grc' dir='ltr'>οὖν</span> <span class='ocrx_word' id='word_1_192' title='bbox 2285 1435 2394 1488; x_wconf 87' lang='grc' dir='ltr'><strong>τῶν</strong></span> <span class='ocrx_word' id='word_1_193' title='bbox 2435 1436 2655 1490; x_wconf 82' lang='grc' dir='ltr'>πάντων</span> <span class='ocrx_word' id='word_1_194' title='bbox 2687 1437 2837 1489; x_wconf 71' lang='grc' dir='ltr'>ἐστὶν</span> <span class='ocrx_word' id='word_1_195' title='bbox 2867 1437 3164 1508; x_wconf 79' lang='grc' dir='ltr'><strong>ἀνέραστον</strong></span> <span class='ocrx_word' id='word_1_196' title='bbox 3193 1437 3441 1508; x_wconf 78' lang='grc' dir='ltr'>εἰρήνης.</span> <span class='ocrx_word' id='word_1_197' title='bbox 3501 1437 3560 1488; x_wconf 87' lang='grc' dir='ltr'><strong>Εἰ</strong></span> <span class='ocrx_word' id='word_1_198' title='bbox 3605 1434 3666 1488; x_wconf 81' lang='grc' dir='ltr'>δὲ</span> <span class='ocrx_word' id='word_1_199' title='bbox 3711 1435 3759 1489; x_wconf 90' lang='grc' dir='ltr'><strong>οί</strong></span> 
     </span>
    </p>
   </div>
   <div class='ocr_carea' id='block_1_29' title="bbox 2172 1527 3762 1598">
    <p class='ocr_par' dir='ltr' id='par_1_29' title="bbox 2172 1527 3762 1598">
     <span class='ocr_line' id='line_1_29' title="bbox 2172 1527 3762 1598; baseline -0.001 -18"><span class='ocrx_word' id='word_1_200' title='bbox 2172 1527 2367 1592; x_wconf 81' lang='grc' dir='ltr'>θυμοῖς</span> <span class='ocrx_word' id='word_1_201' title='bbox 2389 1527 2483 1581; x_wconf 60' lang='grc' dir='ltr'><strong>κίειιί⁸</strong></span> <span class='ocrx_word' id='word_1_202' title='bbox 2511 1528 2676 1598; x_wconf 79' lang='grc' dir='ltr'>ἐρισι,</span> <span class='ocrx_word' id='word_1_203' title='bbox 2707 1529 2801 1582; x_wconf 72' lang='grc' dir='ltr'><strong>καὶ</strong></span> <span class='ocrx_word' id='word_1_204' title='bbox 2819 1528 3252 1590; x_wconf 77' lang='grc' dir='ltr'><strong>ἀκαταστασίαις</strong></span> <span class='ocrx_word' id='word_1_205' title='bbox 3303 1527 3589 1598; x_wconf 83' lang='grc' dir='ltr'>χαίροντες</span> <span class='ocrx_word' id='word_1_206' title='bbox 3617 1529 3762 1585; x_wconf 63' lang='grc' dir='ltr'><strong>⁴ἀττε-</strong></span> 
     </span>
    </p>
   </div>
   <div class='ocr_carea' id='block_1_30' title="bbox 2169 1617 3762 1694">
    <p class='ocr_par' dir='ltr' id='par_1_30' title="bbox 2169 1617 3762 1694">
     <span class='ocr_line' id='line_1_30' title="bbox 2169 1617 3762 1694; baseline -0.001 -22"><span class='ocrx_word' id='word_1_207' title='bbox 2169 1619 2459 1689; x_wconf 70' lang='grc' dir='ltr'>χθᾴνονται</span> <span class='ocrx_word' id='word_1_208' title='bbox 2488 1623 2554 1691; x_wconf 83' lang='grc' dir='ltr'><strong>τῇ</strong></span> <span class='ocrx_word' id='word_1_209' title='bbox 2587 1622 2800 1694; x_wconf 79' lang='grc' dir='ltr'>εἰρήνῃ,</span> <span class='ocrx_word' id='word_1_210' title='bbox 2847 1623 3082 1684; x_wconf 79' lang='grc' dir='ltr'>καὶτοῖς</span> <span class='ocrx_word' id='word_1_211' title='bbox 3122 1622 3221 1690; x_wconf 85' lang='grc' dir='ltr'>τῆς</span> <span class='ocrx_word' id='word_1_212' title='bbox 3258 1621 3482 1690; x_wconf 75' lang='grc' dir='ltr'><strong>εἰρήνης</strong></span> <span class='ocrx_word' id='word_1_213' title='bbox 3512 1617 3762 1685; x_wconf 79' lang='grc' dir='ltr'>ἀγαθοῖς,</span> 
     </span>
    </p>
   </div>
   <div class='ocr_carea' id='block_1_31' title="bbox 2171 1710 3764 1784">
    <p class='ocr_par' dir='ltr' id='par_1_31' title="bbox 2171 1710 3764 1784">
     <span class='ocr_line' id='line_1_31' title="bbox 2171 1710 3764 1784; baseline -0.003 -18"><span class='ocrx_word' id='word_1_214' title='bbox 2171 1711 2284 1768; x_wconf 78' lang='grc' dir='ltr'>ἀλλ’</span> <span class='ocrx_word' id='word_1_215' title='bbox 2309 1711 2405 1772; x_wconf 68' lang='grc' dir='ltr'><strong>οῦν</strong></span> <span class='ocrx_word' id='word_1_216' title='bbox 2431 1712 2528 1765; x_wconf 71' lang='grc' dir='ltr'><strong>καί⁸</strong></span> <span class='ocrx_word' id='word_1_217' title='bbox 2559 1713 2716 1781; x_wconf 69' lang='grc' dir='ltr'>αῦτοὶ</span> <span class='ocrx_word' id='word_1_218' title='bbox 2745 1713 3016 1784; x_wconf 79' lang='grc' dir='ltr'>ἀμαυροῖς</span> <span class='ocrx_word' id='word_1_219' title='bbox 3043 1712 3286 1777; x_wconf 84' lang='grc' dir='ltr'>εἰδώλοις</span> <span class='ocrx_word' id='word_1_220' title='bbox 3316 1711 3602 1783; x_wconf 78' lang='grc' dir='ltr'>εἰρηνικῆς</span> <span class='ocrx_word' id='word_1_221' title='bbox 3631 1710 3764 1780; x_wconf 82' lang='grc' dir='ltr'>ὲφέ-</span> 
     </span>
    </p>
   </div>
   <div class='ocr_carea' id='block_1_32' title="bbox 472 1788 2053 1876">
    <p class='ocr_par' dir='ltr' id='par_1_32' title="bbox 472 1788 2053 1860">
     <span class='ocr_line' id='line_1_32' title="bbox 472 1788 2053 1860; baseline 0.002 -17"><span class='ocrx_word' id='word_1_222' title='bbox 472 1788 948 1857; x_wconf 86' lang='lat' dir='ltr'><strong>perturbationum</strong></span> <span class='ocrx_word' id='word_1_223' title='bbox 981 1791 1222 1846; x_wconf 85' lang='lat' dir='ltr'><strong>motibus</strong></span> <span class='ocrx_word' id='word_1_224' title='bbox 1252 1790 1657 1856; x_wconf 88' lang='lat' dir='ltr'><strong>concutiantur,</strong></span> <span class='ocrx_word' id='word_1_225' title='bbox 1687 1805 1784 1846; x_wconf 91' lang='lat' dir='ltr'><strong>eos</strong></span> <span class='ocrx_word' id='word_1_226' title='bbox 1815 1791 2053 1860; x_wconf 70' lang='lat' dir='ltr'><strong>imperite</strong></span> 
     </span>
    </p>
   </div>
   <div class='ocr_carea' id='block_1_33' title="bbox 2160 1788 3764 1876">
    <p class='ocr_par' dir='ltr' id='par_1_33' title="bbox 2172 1803 3764 1876">
     <span class='ocr_line' id='line_1_33' title="bbox 2172 1803 3764 1876; baseline 0 -21"><span class='ocrx_word' id='word_1_227' title='bbox 2172 1821 2309 1866; x_wconf 84' lang='grc' dir='ltr'>σεως</span> <span class='ocrx_word' id='word_1_228' title='bbox 2334 1803 2781 1874; x_wconf 70' lang='grc' dir='ltr'>διακρατοῦνται,</span> <span class='ocrx_word' id='word_1_229' title='bbox 2812 1806 3194 1876; x_wconf 75' lang='grc' dir='ltr'>ἐνοχλούμενοι</span> <span class='ocrx_word' id='word_1_230' title='bbox 3244 1808 3344 1875; x_wconf 81' lang='grc' dir='ltr'>μὲν</span> <span class='ocrx_word' id='word_1_231' title='bbox 3409 1804 3515 1857; x_wconf 78' lang='grc' dir='ltr'><strong>ὑπὸ</strong></span> <span class='ocrx_word' id='word_1_232' title='bbox 3566 1803 3764 1862; x_wconf 80' lang='grc' dir='ltr'>παθῶν</span> 
     </span>
    </p>
   </div>
   <div class='ocr_carea' id='block_1_34' title="bbox 473 1873 2053 1968">
    <p class='ocr_par' dir='ltr' id='par_1_34' title="bbox 473 1881 2053 1954">
     <span class='ocr_line' id='line_1_34' title="bbox 473 1881 2053 1954; baseline 0 -18"><span class='ocrx_word' id='word_1_233' title='bbox 473 1881 736 1936; x_wconf 88' lang='lat' dir='ltr'><strong>cohibere</strong></span> <span class='ocrx_word' id='word_1_234' title='bbox 795 1883 1099 1952; x_wconf 89' lang='lat' dir='ltr'><strong>sedareque</strong></span> <span class='ocrx_word' id='word_1_235' title='bbox 1146 1883 1565 1953; x_wconf 86' lang='lat' dir='ltr'><strong>concupiscunt.</strong></span> <span class='ocrx_word' id='word_1_236' title='bbox 1610 1892 1667 1938; x_wconf 92' lang='lat' dir='ltr'><strong>et</strong></span> <span class='ocrx_word' id='word_1_237' title='bbox 1711 1891 1959 1954; x_wconf 78' lang='lat' dir='ltr'><strong>sperant,</strong></span> <span class='ocrx_word' id='word_1_238' title='bbox 2008 1897 2053 1937; x_wconf 66' lang='lat' dir='ltr'><strong>se</strong></span> 
     </span>
    </p>
   </div>
   <div class='ocr_carea' id='block_1_35' title="bbox 2160 1873 3765 1968">
    <p class='ocr_par' dir='ltr' id='par_1_35' title="bbox 2173 1873 3765 1968">
     <span class='ocr_line' id='line_1_35' title="bbox 2173 1873 3765 1968; baseline -0.001 -20"><span class='ocrx_word' id='word_1_239' title='bbox 2173 1873 2574 1966; x_wconf 82' lang='grc' dir='ltr'>πολυκινήτων,</span> <span class='ocrx_word' id='word_1_240' title='bbox 2629 1873 3088 1968; x_wconf 76' lang='grc' dir='ltr'>ἀνεπιστημόνως</span> <span class='ocrx_word' id='word_1_241' title='bbox 3146 1898 3204 1951; x_wconf 79' lang='grc' dir='ltr'>δὲ</span> <span class='ocrx_word' id='word_1_242' title='bbox 3246 1873 3403 1967; x_wconf 77' lang='grc' dir='ltr'>ἰστᾷν</span> <span class='ocrx_word' id='word_1_243' title='bbox 3453 1894 3618 1958; x_wconf 76' lang='grc' dir='ltr'>αὐτὰ,</span> <span class='ocrx_word' id='word_1_244' title='bbox 3671 1893 3765 1948; x_wconf 71' lang='grc' dir='ltr'>καὶ</span> 
     </span>
    </p>
   </div>
   <div class='ocr_carea' id='block_1_36' title="bbox 474 1973 2065 2044">
    <p class='ocr_par' dir='ltr' id='par_1_36' title="bbox 474 1973 2065 2044">
     <span class='ocr_line' id='line_1_36' title="bbox 474 1973 2065 2044; baseline 0.003 -18"><span class='ocrx_word' id='word_1_245' title='bbox 474 1973 843 2043; x_wconf 84' lang='lat' dir='ltr'><strong>voluptatum,</strong></span> <span class='ocrx_word' id='word_1_246' title='bbox 872 1991 1110 2044; x_wconf 86' lang='lat' dir='ltr'><strong>quarum</strong></span> <span class='ocrx_word' id='word_1_247' title='bbox 1135 1975 1446 2030; x_wconf 80' lang='lat' dir='ltr'><strong>inordinata</strong></span> <span class='ocrx_word' id='word_1_248' title='bbox 1481 1975 1791 2042; x_wconf 81' lang='lat' dir='ltr'><strong>victricium</strong></span> <span class='ocrx_word' id='word_1_249' title='bbox 1826 1976 2065 2030; x_wconf 85' lang='lat' dir='ltr'><strong>tumultu</strong></span> 
     </span>
    </p>
   </div>
   <div class='ocr_carea' id='block_1_37' title="bbox 467 2067 1736 2141">
    <p class='ocr_par' dir='ltr' id='par_1_37' title="bbox 467 2067 1736 2141">
     <span class='ocr_line' id='line_1_37' title="bbox 467 2067 1736 2141; baseline 0.003 -21"><span class='ocrx_word' id='word_1_250' title='bbox 467 2075 815 2136; x_wconf 80' lang='lat' dir='ltr'><strong>premuntur,</strong></span> <span class='ocrx_word' id='word_1_251' title='bbox 845 2067 1159 2139; x_wconf 80' lang='lat' dir='ltr'><strong>expletione</strong></span> <span class='ocrx_word' id='word_1_252' title='bbox 1186 2083 1374 2139; x_wconf 87' lang='lat' dir='ltr'><strong>pacem</strong></span> <span class='ocrx_word' id='word_1_253' title='bbox 1413 2068 1736 2141; x_wconf 77' lang='lat' dir='ltr'><strong>adepturos,</strong></span> 
     </span>
    </p>
   </div>
   <div class='ocr_carea' id='block_1_38' title="bbox 1069 2271 1353 2340">
    <p class='ocr_par' dir='ltr' id='par_1_38' title="bbox 1069 2271 1353 2340">
     <span class='ocr_line' id='line_1_38' title="bbox 1069 2271 1353 2340; baseline 0.021 -15"><span class='ocrx_word' id='word_1_254' title='bbox 1069 2271 1353 2340; x_wconf 80' lang='lat' dir='ltr'><strong>Ejusdem.</strong></span> 
     </span>
    </p>
   </div>
   <div class='ocr_carea' id='block_1_39' title="bbox 523 2363 2060 2436">
    <p class='ocr_par' dir='ltr' id='par_1_39' title="bbox 523 2363 2060 2436">
     <span class='ocr_line' id='line_1_39' title="bbox 523 2363 2060 2436; baseline 0.003 -21"><span class='ocrx_word' id='word_1_255' title='bbox 523 2363 577 2427; x_wconf 79' lang='grc' dir='ltr'><strong>ιη</strong></span> <span class='ocrx_word' id='word_1_256' title='bbox 608 2377 668 2418; x_wconf 88' lang='lat' dir='ltr'><strong>ea</strong></span> <span class='ocrx_word' id='word_1_257' title='bbox 699 2377 888 2430; x_wconf 89' lang='lat' dir='ltr'><strong>causa,</strong></span> <span class='ocrx_word' id='word_1_258' title='bbox 914 2379 1036 2433; x_wconf 67' lang='lat' dir='ltr'><strong>quae</strong></span> <span class='ocrx_word' id='word_1_259' title='bbox 1063 2373 1260 2420; x_wconf 86' lang='lat' dir='ltr'><strong>cuncta</strong></span> <span class='ocrx_word' id='word_1_260' title='bbox 1287 2367 1340 2420; x_wconf 91' lang='lat' dir='ltr'><strong>in</strong></span> <span class='ocrx_word' id='word_1_261' title='bbox 1371 2380 1482 2420; x_wconf 90' lang='lat' dir='ltr'><strong>uno</strong></span> <span class='ocrx_word' id='word_1_262' title='bbox 1505 2364 1907 2436; x_wconf 91' lang='lat' dir='ltr'><strong>complectitur,</strong></span> <span class='ocrx_word' id='word_1_263' title='bbox 1934 2365 2060 2435; x_wconf 77' lang='lat' dir='ltr'><strong>pul-</strong></span> 
     </span>
    </p>
   </div>
   <div class='ocr_carea' id='block_1_40' title="bbox 461 2456 2059 2529">
    <p class='ocr_par' dir='ltr' id='par_1_40' title="bbox 461 2456 2059 2529">
     <span class='ocr_line' id='line_1_40' title="bbox 461 2456 2059 2529; baseline 0.002 -19"><span class='ocrx_word' id='word_1_264' title='bbox 461 2456 654 2510; x_wconf 89' lang='lat' dir='ltr'><strong>chrum</strong></span> <span class='ocrx_word' id='word_1_265' title='bbox 725 2468 778 2510; x_wconf 88' lang='lat' dir='ltr'><strong>et</strong></span> <span class='ocrx_word' id='word_1_266' title='bbox 805 2456 1156 2526; x_wconf 82' lang='lat' dir='ltr'><strong>pulchritudo</strong></span> <span class='ocrx_word' id='word_1_267' title='bbox 1186 2457 1576 2529; x_wconf 81' lang='lat' dir='ltr'><strong>distinguenda</strong></span> <span class='ocrx_word' id='word_1_268' title='bbox 1606 2473 1716 2512; x_wconf 92' lang='lat' dir='ltr'><strong>non</strong></span> <span class='ocrx_word' id='word_1_269' title='bbox 1750 2468 1900 2511; x_wconf 91' lang='lat' dir='ltr'><strong>sunt.</strong></span> <span class='ocrx_word' id='word_1_270' title='bbox 1934 2457 2059 2513; x_wconf 76' lang='lat' dir='ltr'><strong>llaec</strong></span> 
     </span>
    </p>
   </div>
   <div class='ocr_carea' id='block_1_41' title="bbox 459 2547 2054 2617">
    <p class='ocr_par' dir='ltr' id='par_1_41' title="bbox 459 2547 2054 2617">
     <span class='ocr_line' id='line_1_41' title="bbox 459 2547 2054 2617; baseline -0.002 -15"><span class='ocrx_word' id='word_1_271' title='bbox 459 2549 606 2602; x_wconf 85' lang='lat' dir='ltr'><strong>enim</strong></span> <span class='ocrx_word' id='word_1_272' title='bbox 632 2549 889 2602; x_wconf 90' lang='lat' dir='ltr'><strong>omnibus</strong></span> <span class='ocrx_word' id='word_1_273' title='bbox 917 2547 970 2601; x_wconf 93' lang='lat' dir='ltr'><strong>in</strong></span> <span class='ocrx_word' id='word_1_274' title='bbox 998 2548 1164 2602; x_wconf 90' lang='lat' dir='ltr'><strong>rebus</strong></span> <span class='ocrx_word' id='word_1_275' title='bbox 1207 2548 1261 2602; x_wconf 91' lang='lat' dir='ltr'><strong>iu</strong></span> <span class='ocrx_word' id='word_1_276' title='bbox 1292 2547 1587 2617; x_wconf 84' lang='lat' dir='ltr'><strong>participes</strong></span> <span class='ocrx_word' id='word_1_277' title='bbox 1619 2556 1674 2601; x_wconf 89' lang='lat' dir='ltr'><strong>et</strong></span> <span class='ocrx_word' id='word_1_278' title='bbox 1707 2548 2054 2612; x_wconf 80' lang='lat' dir='ltr'><strong>communio-</strong></span> 
     </span>
    </p>
   </div>
   <div class='ocr_carea' id='block_1_42' title="bbox 461 2637 2053 2707">
    <p class='ocr_par' dir='ltr' id='par_1_42' title="bbox 461 2637 2053 2707">
     <span class='ocr_line' id='line_1_42' title="bbox 461 2637 2053 2707; baseline -0.001 -15"><span class='ocrx_word' id='word_1_279' title='bbox 461 2656 562 2693; x_wconf 73' lang='lat' dir='ltr'><strong>nus</strong></span> <span class='ocrx_word' id='word_1_280' title='bbox 589 2639 900 2694; x_wconf 85' lang='lat' dir='ltr'><strong>dividentes</strong></span> <span class='ocrx_word' id='word_1_281' title='bbox 921 2680 935 2703; x_wconf 85' lang='lat'><strong>,</strong></span> <span class='ocrx_word' id='word_1_282' title='bbox 964 2639 1242 2705; x_wconf 79' lang='lat' dir='ltr'><strong>pulchrum</strong></span> <span class='ocrx_word' id='word_1_283' title='bbox 1271 2638 1507 2693; x_wconf 91' lang='lat' dir='ltr'><strong>dicimus</strong></span> <span class='ocrx_word' id='word_1_284' title='bbox 1533 2638 1678 2707; x_wconf 88' lang='lat' dir='ltr'><strong>quod</strong></span> <span class='ocrx_word' id='word_1_285' title='bbox 1705 2647 1790 2692; x_wconf 87' lang='lat' dir='ltr'><strong>est</strong></span> <span class='ocrx_word' id='word_1_286' title='bbox 1813 2637 2053 2707; x_wconf 83' lang='lat' dir='ltr'><strong>pulchri-</strong></span> 
     </span>
    </p>
   </div>
   <div class='ocr_carea' id='block_1_43' title="bbox 459 2729 2052 2800">
    <p class='ocr_par' dir='ltr' id='par_1_43' title="bbox 459 2729 2052 2800">
     <span class='ocr_line' id='line_1_43' title="bbox 459 2729 2052 2800; baseline -0.006 -14"><span class='ocrx_word' id='word_1_287' title='bbox 459 2732 666 2787; x_wconf 83' lang='lat' dir='ltr'><strong>tudinis</strong></span> <span class='ocrx_word' id='word_1_288' title='bbox 700 2731 1009 2800; x_wconf 88' lang='lat' dir='ltr'><strong>particeps;</strong></span> <span class='ocrx_word' id='word_1_289' title='bbox 1059 2729 1506 2799; x_wconf 81' lang='lat' dir='ltr'><strong>pulchritudinem</strong></span> <span class='ocrx_word' id='word_1_290' title='bbox 1557 2745 1685 2785; x_wconf 87' lang='lat' dir='ltr'><strong>vero</strong></span> <span class='ocrx_word' id='word_1_291' title='bbox 1705 2729 2052 2784; x_wconf 85' lang='lat' dir='ltr'><strong>communio-.-</strong></span> 
     </span>
    </p>
   </div>
   <div class='ocr_carea' id='block_1_44' title="bbox 456 2822 2054 2893">
    <p class='ocr_par' dir='ltr' id='par_1_44' title="bbox 456 2822 2054 2893">
     <span class='ocr_line' id='line_1_44' title="bbox 456 2822 2054 2893; baseline -0.001 -16"><span class='ocrx_word' id='word_1_292' title='bbox 456 2839 582 2883; x_wconf 85' lang='lat' dir='ltr'><strong>nem</strong></span> <span class='ocrx_word' id='word_1_293' title='bbox 632 2824 778 2890; x_wconf 79' lang='lat' dir='ltr'><strong>illius</strong></span> <span class='ocrx_word' id='word_1_294' title='bbox 814 2838 996 2889; x_wconf 85' lang='lat' dir='ltr'><strong>rerum</strong></span> <span class='ocrx_word' id='word_1_295' title='bbox 1032 2837 1235 2888; x_wconf 65' lang='lat' dir='ltr'><strong>causae,</strong></span> <span class='ocrx_word' id='word_1_296' title='bbox 1277 2839 1400 2892; x_wconf 66' lang='lat' dir='ltr'><strong>quae</strong></span> <span class='ocrx_word' id='word_1_297' title='bbox 1439 2822 1696 2893; x_wconf 80' lang='lat' dir='ltr'><strong>pulchras</strong></span> <span class='ocrx_word' id='word_1_298' title='bbox 1727 2836 1814 2882; x_wconf 80' lang='lat' dir='ltr'><strong>res</strong></span> <span class='ocrx_word' id='word_1_299' title='bbox 1861 2836 2054 2885; x_wconf 88' lang='lat' dir='ltr'><strong>omnes</strong></span> 
     </span>
    </p>
   </div>
   <div class='ocr_carea' id='block_1_45' title="bbox 457 2913 2052 2984">
    <p class='ocr_par' dir='ltr' id='par_1_45' title="bbox 457 2913 2052 2984">
     <span class='ocr_line' id='line_1_45' title="bbox 457 2913 2052 2984; baseline -0.001 -14"><span class='ocrx_word' id='word_1_300' title='bbox 457 2914 644 2982; x_wconf 73' lang='lat' dir='ltr'><strong>ellicit.</strong></span> <span class='ocrx_word' id='word_1_301' title='bbox 677 2914 843 2971; x_wconf 89' lang='lat' dir='ltr'><strong>Deum</strong></span> <span class='ocrx_word' id='word_1_302' title='bbox 880 2925 1061 2977; x_wconf 84' lang='lat' dir='ltr'><strong>autem</strong></span> <span class='ocrx_word' id='word_1_303' title='bbox 1100 2923 1156 2969; x_wconf 87' lang='lat' dir='ltr'><strong>et</strong></span> <span class='ocrx_word' id='word_1_304' title='bbox 1182 2915 1470 2984; x_wconf 86' lang='lat' dir='ltr'><strong>pulchrum</strong></span> <span class='ocrx_word' id='word_1_305' title='bbox 1507 2915 1760 2976; x_wconf 86' lang='lat' dir='ltr'><strong>dicimus,</strong></span> <span class='ocrx_word' id='word_1_306' title='bbox 1793 2925 1850 2968; x_wconf 89' lang='lat' dir='ltr'><strong>ut</strong></span> <span class='ocrx_word' id='word_1_307' title='bbox 1877 2913 1969 2982; x_wconf 88' lang='lat' dir='ltr'><strong>qui</strong></span> <span class='ocrx_word' id='word_1_308' title='bbox 1996 2921 2052 2976; x_wconf 78' lang='lat' dir='ltr'><strong>et</strong></span> 
     </span>
    </p>
   </div>
   <div class='ocr_carea' id='block_1_46' title="bbox 458 3004 2037 3075">
    <p class='ocr_par' dir='ltr' id='par_1_46' title="bbox 458 3004 2037 3075">
     <span class='ocr_line' id='line_1_46' title="bbox 458 3004 2037 3075; baseline 0.003 -19"><span class='ocrx_word' id='word_1_309' title='bbox 458 3013 624 3069; x_wconf 85' lang='lat' dir='ltr'><strong>totus,</strong></span> <span class='ocrx_word' id='word_1_310' title='bbox 657 3013 710 3059; x_wconf 91' lang='lat' dir='ltr'><strong>et</strong></span> <span class='ocrx_word' id='word_1_311' title='bbox 739 3019 975 3075; x_wconf 91' lang='lat' dir='ltr'><strong>semper,</strong></span> <span class='ocrx_word' id='word_1_312' title='bbox 1008 3013 1064 3059; x_wconf 87' lang='lat' dir='ltr'><strong>et</strong></span> <span class='ocrx_word' id='word_1_313' title='bbox 1107 3005 1390 3061; x_wconf 81' lang='lat' dir='ltr'><strong>excellenti</strong></span> <span class='ocrx_word' id='word_1_314' title='bbox 1425 3006 1636 3059; x_wconf 82' lang='lat' dir='ltr'><strong>ratione</strong></span> <span class='ocrx_word' id='word_1_315' title='bbox 1668 3004 1897 3074; x_wconf 89' lang='lat' dir='ltr'><strong>pulcher</strong></span> <span class='ocrx_word' id='word_1_316' title='bbox 1927 3011 2037 3070; x_wconf 80' lang='lat' dir='ltr'><strong>est,</strong></span> 
     </span>
    </p>
   </div>
   <div class='ocr_carea' id='block_1_47' title="bbox 454 3097 2043 3176">
    <p class='ocr_par' dir='ltr' id='par_1_47' title="bbox 454 3097 2043 3176">
     <span class='ocr_line' id='line_1_47' title="bbox 454 3097 2043 3176; baseline -0.001 -26"><span class='ocrx_word' id='word_1_317' title='bbox 454 3105 510 3150; x_wconf 90' lang='lat' dir='ltr'><strong>et</strong></span> <span class='ocrx_word' id='word_1_318' title='bbox 543 3097 899 3166; x_wconf 89' lang='lat' dir='ltr'><strong>pulchrorum</strong></span> <span class='ocrx_word' id='word_1_319' title='bbox 931 3098 1178 3176; x_wconf 8' lang='lat' dir='ltr'><strong>omnium?</strong></span> <span class='ocrx_word' id='word_1_320' title='bbox 1223 3108 1440 3163; x_wconf 88' lang='lat' dir='ltr'><strong>natura,</strong></span> <span class='ocrx_word' id='word_1_321' title='bbox 1487 3106 1541 3153; x_wconf 87' lang='lat' dir='ltr'><strong>et</strong></span> <span class='ocrx_word' id='word_1_322' title='bbox 1572 3097 1717 3163; x_wconf 81' lang='lat' dir='ltr'><strong>fons,</strong></span> <span class='ocrx_word' id='word_1_323' title='bbox 1760 3110 1814 3152; x_wconf 90' lang='lat' dir='ltr'><strong>et</strong></span> <span class='ocrx_word' id='word_1_324' title='bbox 1843 3112 2043 3162; x_wconf 82' lang='lat' dir='ltr'><strong>causa;</strong></span> 
     </span>
    </p>
   </div>
   <div class='ocr_carea' id='block_1_48' title="bbox 2170 1977 3830 2060">
    <p class='ocr_par' dir='ltr' id='par_1_48' title="bbox 2170 1977 3830 2060">
     <span class='ocr_line' id='line_1_48' title="bbox 2170 1977 3830 2060; baseline 0.001 -19"><span class='ocrx_word' id='word_1_325' title='bbox 2170 1986 2482 2044; x_wconf 81' lang='grc' dir='ltr'>ἀποπαύειν</span> <span class='ocrx_word' id='word_1_326' title='bbox 2514 1987 2817 2060; x_wconf 79' lang='grc' dir='ltr'>ἐφιέμενοι,</span> <span class='ocrx_word' id='word_1_327' title='bbox 2853 1989 2950 2050; x_wconf 76' lang='grc' dir='ltr'>καὶ</span> <span class='ocrx_word' id='word_1_328' title='bbox 2995 1988 3237 2059; x_wconf 79' lang='grc' dir='ltr'>οἰόμενοι</span> <span class='ocrx_word' id='word_1_329' title='bbox 3260 1990 3327 2060; x_wconf 81' lang='grc' dir='ltr'><strong>τῇ</strong></span> <span class='ocrx_word' id='word_1_330' title='bbox 3362 1987 3766 2057; x_wconf 67' lang='grc' dir='ltr'>ἀποκληρώσει</span> <span class='ocrx_word' id='word_1_331' title='bbox 3809 1977 3830 2012; x_wconf 70' lang='grc'>⁸</span> 
     </span>
    </p>
   </div>
   <div class='ocr_carea' id='block_1_49' title="bbox 2169 2078 3761 2150">
    <p class='ocr_par' dir='ltr' id='par_1_49' title="bbox 2169 2078 3761 2150">
     <span class='ocr_line' id='line_1_49' title="bbox 2169 2078 3761 2150; baseline 0.001 -18"><span class='ocrx_word' id='word_1_332' title='bbox 2169 2080 2280 2132; x_wconf 86' lang='grc' dir='ltr'><strong>τῶν</strong></span> <span class='ocrx_word' id='word_1_333' title='bbox 2305 2078 2668 2150; x_wconf 75' lang='grc' dir='ltr'>ἐνοχλούντων</span> <span class='ocrx_word' id='word_1_334' title='bbox 2711 2079 3020 2150; x_wconf 82' lang='grc' dir='ltr'>εἰρηνεύειν</span> <span class='ocrx_word' id='word_1_335' title='bbox 3054 2079 3285 2142; x_wconf 71' lang='grc' dir='ltr'>ἑαυτοὺς</span> <span class='ocrx_word' id='word_1_336' title='bbox 3346 2079 3761 2150; x_wconf 77' lang='grc' dir='ltr'>έκταραττομέτ</span> 
     </span>
    </p>
   </div>
   <div class='ocr_carea' id='block_1_50' title="bbox 2167 2171 3396 2246">
    <p class='ocr_par' dir='ltr' id='par_1_50' title="bbox 2167 2171 3396 2246">
     <span class='ocr_line' id='line_1_50' title="bbox 2167 2171 3396 2246; baseline -0.007 -17"><span class='ocrx_word' id='word_1_337' title='bbox 2167 2188 2291 2243; x_wconf 68' lang='grc' dir='ltr'>γους</span> <span class='ocrx_word' id='word_1_338' title='bbox 2313 2173 2379 2246; x_wconf 69' lang='grc' dir='ltr'>τῇ</span> <span class='ocrx_word' id='word_1_339' title='bbox 2411 2171 2610 2246; x_wconf 74' lang='grc' dir='ltr'>ἀταξίᾳ.</span> <span class='ocrx_word' id='word_1_340' title='bbox 2630 2171 2741 2225; x_wconf 83' lang='grc' dir='ltr'><strong>τῶν</strong></span> <span class='ocrx_word' id='word_1_341' title='bbox 2781 2172 3146 2242; x_wconf 79' lang='grc' dir='ltr'>κρατησασῶν</span> <span class='ocrx_word' id='word_1_342' title='bbox 3174 2171 3396 2242; x_wconf 80' lang='grc' dir='ltr'>ἡδονῶν.</span> 
     </span>
    </p>
   </div>
   <div class='ocr_carea' id='block_1_51' title="bbox 2783 2261 3136 2322">
    <p class='ocr_par' dir='ltr' id='par_1_51' title="bbox 2783 2261 3136 2322">
     <span class='ocr_line' id='line_1_51' title="bbox 2783 2261 3136 2322; baseline -0.006 -6"><span class='ocrx_word' id='word_1_343' title='bbox 2783 2261 2895 2322; x_wconf 77' lang='grc' dir='ltr'><strong>Τρῦ</strong></span> <span class='ocrx_word' id='word_1_344' title='bbox 2928 2262 3136 2317; x_wconf 78' lang='grc' dir='ltr'>αὑτοῦ.</span> 
     </span>
    </p>
   </div>
   <div class='ocr_carea' id='block_1_52' title="bbox 2197 2345 3762 2424">
    <p class='ocr_par' dir='ltr' id='par_1_52' title="bbox 2197 2345 3762 2424">
     <span class='ocr_line' id='line_1_52' title="bbox 2197 2345 3762 2424; baseline 0 -14"><span class='ocrx_word' id='word_1_345' title='bbox 2197 2345 2212 2376; x_wconf 52' lang='grc'>⁸</span> <span class='ocrx_word' id='word_1_346' title='bbox 2233 2354 2417 2410; x_wconf 77' lang='grc' dir='ltr'>Καλὸν</span> <span class='ocrx_word' id='word_1_347' title='bbox 2447 2355 2542 2409; x_wconf 75' lang='grc' dir='ltr'>καὶ</span> <span class='ocrx_word' id='word_1_348' title='bbox 2568 2354 2766 2417; x_wconf 78' lang='grc' dir='ltr'>κάλλος</span> <span class='ocrx_word' id='word_1_349' title='bbox 2797 2355 2858 2408; x_wconf 83' lang='grc' dir='ltr'>οὐ</span> <span class='ocrx_word' id='word_1_350' title='bbox 2891 2355 3194 2424; x_wconf 81' lang='grc' dir='ltr'>διαιρετέον</span> <span class='ocrx_word' id='word_1_351' title='bbox 3225 2355 3318 2407; x_wconf 79' lang='grc' dir='ltr'><strong>ἐπὶ</strong></span> <span class='ocrx_word' id='word_1_352' title='bbox 3347 2355 3447 2422; x_wconf 80' lang='grc' dir='ltr'>τῆς</span> <span class='ocrx_word' id='word_1_353' title='bbox 3479 2355 3539 2407; x_wconf 86' lang='grc' dir='ltr'>ὲν</span> <span class='ocrx_word' id='word_1_354' title='bbox 3571 2356 3656 2410; x_wconf 74' lang='grc' dir='ltr'>ένὶ</span> <span class='ocrx_word' id='word_1_355' title='bbox 3690 2355 3762 2410; x_wconf 85' lang='grc' dir='ltr'><strong>τά</strong></span> 
     </span>
    </p>
   </div>
   <div class='ocr_carea' id='block_1_53' title="bbox 2161 2450 3756 2522">
    <p class='ocr_par' dir='ltr' id='par_1_53' title="bbox 2161 2450 3756 2522">
     <span class='ocr_line' id='line_1_53' title="bbox 2161 2450 3756 2522; baseline -0.003 -14"><span class='ocrx_word' id='word_1_356' title='bbox 2161 2453 2257 2514; x_wconf 80' lang='grc' dir='ltr'>ὅλα</span> <span class='ocrx_word' id='word_1_357' title='bbox 2290 2453 2678 2522; x_wconf 79' lang='grc' dir='ltr'>συνειληφυίας</span> <span class='ocrx_word' id='word_1_358' title='bbox 2710 2451 2910 2515; x_wconf 85' lang='grc' dir='ltr'>αἰτίας.</span> <span class='ocrx_word' id='word_1_359' title='bbox 2966 2451 3155 2506; x_wconf 79' lang='grc' dir='ltr'>Ταῦτα</span> <span class='ocrx_word' id='word_1_360' title='bbox 3188 2451 3300 2521; x_wconf 83' lang='grc' dir='ltr'><strong>γὰρ</strong></span> <span class='ocrx_word' id='word_1_361' title='bbox 3332 2451 3430 2502; x_wconf 73' lang='grc' dir='ltr'><strong>ἐπὶ</strong></span> <span class='ocrx_word' id='word_1_362' title='bbox 3491 2450 3590 2519; x_wconf 80' lang='grc' dir='ltr'>μὲν</span> <span class='ocrx_word' id='word_1_363' title='bbox 3641 2451 3756 2503; x_wconf 80' lang='grc' dir='ltr'>τῶν</span> 
     </span>
    </p>
   </div>
   <div class='ocr_carea' id='block_1_54' title="bbox 2162 2541 3760 2613">
    <p class='ocr_par' dir='ltr' id='par_1_54' title="bbox 2162 2541 3760 2613">
     <span class='ocr_line' id='line_1_54' title="bbox 2162 2541 3760 2613; baseline -0.002 -16"><span class='ocrx_word' id='word_1_364' title='bbox 2162 2545 2332 2598; x_wconf 75' lang='grc' dir='ltr'>ὄντων</span> <span class='ocrx_word' id='word_1_365' title='bbox 2367 2545 2624 2602; x_wconf 70' lang='grc' dir='ltr'>ἁπάντων</span> <span class='ocrx_word' id='word_1_366' title='bbox 2683 2546 2765 2608; x_wconf 71' lang='grc' dir='ltr'><strong>εἰς</strong></span> <span class='ocrx_word' id='word_1_367' title='bbox 2829 2544 3149 2613; x_wconf 73' lang='grc' dir='ltr'>μετέχοντα,</span> <span class='ocrx_word' id='word_1_368' title='bbox 3203 2543 3298 2596; x_wconf 76' lang='grc' dir='ltr'>καὶ</span> <span class='ocrx_word' id='word_1_369' title='bbox 3349 2543 3584 2612; x_wconf 82' lang='grc' dir='ltr'>μετοχὰς</span> <span class='ocrx_word' id='word_1_370' title='bbox 3607 2541 3760 2595; x_wconf 83' lang='grc' dir='ltr'>διαι-</span> 
     </span>
    </p>
   </div>
   <div class='ocr_carea' id='block_1_55' title="bbox 2164 2634 3756 2708">
    <p class='ocr_par' dir='ltr' id='par_1_55' title="bbox 2164 2634 3756 2708">
     <span class='ocr_line' id='line_1_55' title="bbox 2164 2634 3756 2708; baseline -0.002 -18"><span class='ocrx_word' id='word_1_371' title='bbox 2164 2637 2406 2708; x_wconf 80' lang='grc' dir='ltr'>ροῦντες.</span> <span class='ocrx_word' id='word_1_372' title='bbox 2449 2637 2617 2692; x_wconf 74' lang='grc' dir='ltr'>καλὸν</span> <span class='ocrx_word' id='word_1_373' title='bbox 2658 2639 2758 2707; x_wconf 76' lang='grc' dir='ltr'>μὲν</span> <span class='ocrx_word' id='word_1_374' title='bbox 2810 2636 3046 2705; x_wconf 83' lang='grc' dir='ltr'>λέγομεν</span> <span class='ocrx_word' id='word_1_375' title='bbox 3098 2636 3158 2688; x_wconf 84' lang='grc' dir='ltr'>τὸ</span> <span class='ocrx_word' id='word_1_376' title='bbox 3202 2635 3435 2698; x_wconf 78' lang='grc' dir='ltr'>κάλλους</span> <span class='ocrx_word' id='word_1_377' title='bbox 3499 2634 3756 2704; x_wconf 73' lang='grc' dir='ltr'>μετέχον,</span> 
     </span>
    </p>
   </div>
   <div class='ocr_carea' id='block_1_56' title="bbox 2159 2727 3760 2799">
    <p class='ocr_par' dir='ltr' id='par_1_56' title="bbox 2159 2727 3760 2799">
     <span class='ocr_line' id='line_1_56' title="bbox 2159 2727 3760 2799; baseline -0.001 -17"><span class='ocrx_word' id='word_1_378' title='bbox 2159 2730 2355 2793; x_wconf 78' lang='grc' dir='ltr'>κάλλος</span> <span class='ocrx_word' id='word_1_379' title='bbox 2377 2729 2432 2782; x_wconf 81' lang='grc' dir='ltr'>δὲ</span> <span class='ocrx_word' id='word_1_380' title='bbox 2467 2728 2565 2799; x_wconf 78' lang='grc' dir='ltr'>τὴν</span> <span class='ocrx_word' id='word_1_381' title='bbox 2597 2727 2833 2798; x_wconf 81' lang='grc' dir='ltr'>μετοχὴν</span> <span class='ocrx_word' id='word_1_382' title='bbox 2861 2729 2962 2798; x_wconf 78' lang='grc' dir='ltr'>τῆς</span> <span class='ocrx_word' id='word_1_383' title='bbox 2999 2727 3292 2786; x_wconf 78' lang='grc' dir='ltr'>καλοποιοῦ</span> <span class='ocrx_word' id='word_1_384' title='bbox 3327 2730 3438 2786; x_wconf 82' lang='grc' dir='ltr'>τῶν</span> <span class='ocrx_word' id='word_1_385' title='bbox 3463 2727 3632 2784; x_wconf 76' lang='grc' dir='ltr'>ὄντων</span> <span class='ocrx_word' id='word_1_386' title='bbox 3668 2729 3760 2784; x_wconf 77' lang='grc' dir='ltr'><strong>αἱ·</strong></span> 
     </span>
    </p>
   </div>
   <div class='ocr_carea' id='block_1_57' title="bbox 2154 2819 3756 2892">
    <p class='ocr_par' dir='ltr' id='par_1_57' title="bbox 2154 2819 3756 2892">
     <span class='ocr_line' id='line_1_57' title="bbox 2154 2819 3756 2892; baseline -0.001 -18"><span class='ocrx_word' id='word_1_387' title='bbox 2154 2823 2298 2885; x_wconf 83' lang='grc' dir='ltr'>τίας.</span> <span class='ocrx_word' id='word_1_388' title='bbox 2344 2822 2404 2874; x_wconf 89' lang='grc'><strong>’0</strong></span> <span class='ocrx_word' id='word_1_389' title='bbox 2435 2821 2567 2884; x_wconf 77' lang='grc' dir='ltr'>Θεὸς</span> <span class='ocrx_word' id='word_1_390' title='bbox 2588 2822 2644 2874; x_wconf 84' lang='grc' dir='ltr'>δὲ</span> <span class='ocrx_word' id='word_1_391' title='bbox 2663 2821 2829 2875; x_wconf 80' lang='grc' dir='ltr'>καλὸν</span> <span class='ocrx_word' id='word_1_392' title='bbox 2860 2821 2960 2887; x_wconf 77' lang='grc' dir='ltr'>μὲν</span> <span class='ocrx_word' id='word_1_393' title='bbox 2976 2820 3193 2892; x_wconf 79' lang='grc' dir='ltr'>λέγεται</span> <span class='ocrx_word' id='word_1_394' title='bbox 3217 2820 3290 2885; x_wconf 82' lang='grc' dir='ltr'><strong>ὡς</strong></span> <span class='ocrx_word' id='word_1_395' title='bbox 3318 2819 3620 2888; x_wconf 77' lang='grc' dir='ltr'>πάγκαλος,</span> <span class='ocrx_word' id='word_1_396' title='bbox 3655 2819 3756 2872; x_wconf 72' lang='grc' dir='ltr'>καὶ</span> 
     </span>
    </p>
   </div>
   <div class='ocr_carea' id='block_1_58' title="bbox 2153 2911 3753 2984">
    <p class='ocr_par' dir='ltr' id='par_1_58' title="bbox 2153 2911 3753 2984">
     <span class='ocr_line' id='line_1_58' title="bbox 2153 2911 3753 2984; baseline -0.003 -15"><span class='ocrx_word' id='word_1_397' title='bbox 2153 2915 2429 2978; x_wconf 76' lang='grc' dir='ltr'>ἀείκαλος,</span> <span class='ocrx_word' id='word_1_398' title='bbox 2460 2915 2555 2968; x_wconf 69' lang='grc' dir='ltr'>καὶ</span> <span class='ocrx_word' id='word_1_399' title='bbox 2594 2911 2927 2984; x_wconf 75' lang='grc' dir='ltr'>ὑπέρκαλος,</span> <span class='ocrx_word' id='word_1_400' title='bbox 2976 2915 3070 2967; x_wconf 74' lang='grc' dir='ltr'><strong>καὶ</strong></span> <span class='ocrx_word' id='word_1_401' title='bbox 3107 2913 3271 2981; x_wconf 64' lang='grc' dir='ltr'>φύσις</span> <span class='ocrx_word' id='word_1_402' title='bbox 3300 2914 3465 2966; x_wconf 81' lang='grc' dir='ltr'>καλοῦ</span> <span class='ocrx_word' id='word_1_403' title='bbox 3524 2911 3753 2976; x_wconf 65' lang='grc' dir='ltr'>παντὸς,</span> 
     </span>
    </p>
   </div>
   <div class='ocr_carea' id='block_1_59' title="bbox 2152 3001 3755 3071">
    <p class='ocr_par' dir='ltr' id='par_1_59' title="bbox 2152 3001 3755 3071">
     <span class='ocr_line' id='line_1_59' title="bbox 2152 3001 3755 3071; baseline -0.003 -14"><span class='ocrx_word' id='word_1_404' title='bbox 2152 3005 2249 3058; x_wconf 76' lang='grc' dir='ltr'>καὶ</span> <span class='ocrx_word' id='word_1_405' title='bbox 2264 3005 2501 3071; x_wconf 77' lang='grc' dir='ltr'>πηγαῖον</span> <span class='ocrx_word' id='word_1_406' title='bbox 2517 3003 2704 3062; x_wconf 82' lang='grc' dir='ltr'>καλὸν,</span> <span class='ocrx_word' id='word_1_407' title='bbox 2728 3003 2822 3056; x_wconf 72' lang='grc' dir='ltr'>καὶ</span> <span class='ocrx_word' id='word_1_408' title='bbox 2843 3002 3016 3054; x_wconf 79' lang='grc' dir='ltr'>αἴτιον</span> <span class='ocrx_word' id='word_1_409' title='bbox 3037 3001 3226 3056; x_wconf 82' lang='grc' dir='ltr'>καλοῦ’</span> <span class='ocrx_word' id='word_1_410' title='bbox 3251 3001 3445 3065; x_wconf 83' lang='grc' dir='ltr'>κάλλος</span> <span class='ocrx_word' id='word_1_411' title='bbox 3465 3002 3520 3055; x_wconf 73' lang='grc' dir='ltr'>δὲ</span> <span class='ocrx_word' id='word_1_412' title='bbox 3539 3001 3629 3054; x_wconf 88' lang='grc' dir='ltr'><strong>διά</strong></span> <span class='ocrx_word' id='word_1_413' title='bbox 3651 3001 3755 3068; x_wconf 77' lang='grc' dir='ltr'>τὴν</span> 
     </span>
    </p>
   </div>
   <div class='ocr_carea' id='block_1_60' title="bbox 2151 3090 3751 3166">
    <p class='ocr_par' dir='ltr' id='par_1_60' title="bbox 2151 3090 3751 3166">
     <span class='ocr_line' id='line_1_60' title="bbox 2151 3090 3751 3166; baseline -0.003 -17"><span class='ocrx_word' id='word_1_414' title='bbox 2151 3097 2244 3149; x_wconf 83' lang='grc' dir='ltr'><strong>ἀπ’</strong></span> <span class='ocrx_word' id='word_1_415' title='bbox 2259 3095 2422 3149; x_wconf 75' lang='grc' dir='ltr'>αὐτοῦ</span> <span class='ocrx_word' id='word_1_416' title='bbox 2447 3097 2579 3147; x_wconf 80' lang='grc' dir='ltr'>πᾶσι</span> <span class='ocrx_word' id='word_1_417' title='bbox 2597 3090 2833 3158; x_wconf 80' lang='grc' dir='ltr'>τοῖςοῦσι</span> <span class='ocrx_word' id='word_1_418' title='bbox 2858 3094 3280 3166; x_wconf 81' lang='grc' dir='ltr'>μεταδιδομένην</span> <span class='ocrx_word' id='word_1_419' title='bbox 3297 3094 3513 3157; x_wconf 83' lang='grc' dir='ltr'>οἰκείως</span> <span class='ocrx_word' id='word_1_420' title='bbox 3528 3095 3751 3164; x_wconf 77' lang='grc' dir='ltr'>ἑκάστῳ</span> 
     </span>
    </p>
   </div>
   <div class='ocr_carea' id='block_1_61' title="bbox 454 3187 2053 3282">
    <p class='ocr_par' dir='ltr' id='par_1_61' title="bbox 454 3189 2044 3262">
     <span class='ocr_line' id='line_1_61' title="bbox 454 3189 2044 3262; baseline -0.001 -19"><span class='ocrx_word' id='word_1_421' title='bbox 454 3190 918 3258; x_wconf 87' lang='lat' dir='ltr'><strong>pulchritudinem</strong></span> <span class='ocrx_word' id='word_1_422' title='bbox 973 3207 1103 3248; x_wconf 84' lang='lat' dir='ltr'><strong>vero</strong></span> <span class='ocrx_word' id='word_1_423' title='bbox 1137 3192 1504 3262; x_wconf 86' lang='lat' dir='ltr'><strong>appellamus,</strong></span> <span class='ocrx_word' id='word_1_424' title='bbox 1566 3189 1826 3261; x_wconf 87' lang='lat' dir='ltr'><strong>quoniam</strong></span> <span class='ocrx_word' id='word_1_425' title='bbox 1860 3189 1929 3244; x_wconf 90' lang='lat' dir='ltr'><strong>ab</strong></span> <span class='ocrx_word' id='word_1_426' title='bbox 1977 3203 2044 3242; x_wconf 91' lang='lat' dir='ltr'><strong>eo</strong></span> 
     </span>
    </p>
   </div>
   <div class='ocr_carea' id='block_1_62' title="bbox 2160 3187 3753 3282">
    <p class='ocr_par' dir='ltr' id='par_1_62' title="bbox 2160 3187 3753 3259">
     <span class='ocr_line' id='line_1_62' title="bbox 2160 3187 3753 3259; baseline -0.002 -17"><span class='ocrx_word' id='word_1_427' title='bbox 2160 3189 2437 3258; x_wconf 71' lang='grc' dir='ltr'>καλλονὴν,</span> <span class='ocrx_word' id='word_1_428' title='bbox 2461 3189 2554 3242; x_wconf 77' lang='grc' dir='ltr'>καὶ</span> <span class='ocrx_word' id='word_1_429' title='bbox 2577 3187 2650 3251; x_wconf 87' lang='grc' dir='ltr'><strong>ὡς</strong></span> <span class='ocrx_word' id='word_1_430' title='bbox 2668 3188 2765 3258; x_wconf 79' lang='grc' dir='ltr'>τῆς</span> <span class='ocrx_word' id='word_1_431' title='bbox 2785 3189 3000 3241; x_wconf 80' lang='grc' dir='ltr'>πάντων</span> <span class='ocrx_word' id='word_1_432' title='bbox 3023 3188 3391 3259; x_wconf 83' lang='grc' dir='ltr'>εὐαρμοστίας</span> <span class='ocrx_word' id='word_1_433' title='bbox 3404 3187 3498 3243; x_wconf 84' lang='grc' dir='ltr'>καὶ</span> <span class='ocrx_word' id='word_1_434' title='bbox 3514 3187 3753 3256; x_wconf 78' lang='grc' dir='ltr'>ἀγλαΐας</span> 
     </span>
    </p>
   </div>
   <div class='ocr_carea' id='block_1_63' title="bbox 452 3280 2046 3353">
    <p class='ocr_par' dir='ltr' id='par_1_63' title="bbox 452 3280 2046 3353">
     <span class='ocr_line' id='line_1_63' title="bbox 452 3280 2046 3353; baseline 0 -19"><span class='ocrx_word' id='word_1_435' title='bbox 452 3280 618 3335; x_wconf 89' lang='lat' dir='ltr'><strong>rebus</strong></span> <span class='ocrx_word' id='word_1_436' title='bbox 647 3282 902 3337; x_wconf 89' lang='lat' dir='ltr'><strong>omnibus</strong></span> <span class='ocrx_word' id='word_1_437' title='bbox 938 3297 1037 3353; x_wconf 91' lang='lat' dir='ltr'><strong>pro</strong></span> <span class='ocrx_word' id='word_1_438' title='bbox 1063 3297 1165 3338; x_wconf 89' lang='lat' dir='ltr'><strong>suo</strong></span> <span class='ocrx_word' id='word_1_439' title='bbox 1203 3284 1469 3352; x_wconf 88' lang='lat' dir='ltr'><strong>cuiusque</strong></span> <span class='ocrx_word' id='word_1_440' title='bbox 1501 3282 1662 3338; x_wconf 90' lang='lat' dir='ltr'><strong>modo</strong></span> <span class='ocrx_word' id='word_1_441' title='bbox 1691 3280 2046 3352; x_wconf 87' lang='lat' dir='ltr'><strong>pulchritudo</strong></span> 
     </span>
    </p>
   </div>
   <div class='ocr_carea' id='block_1_64' title="bbox 452 3373 2048 3445">
    <p class='ocr_par' dir='ltr' id='par_1_64' title="bbox 452 3373 2048 3445">
     <span class='ocr_line' id='line_1_64' title="bbox 452 3373 2048 3445; baseline 0.001 -20"><span class='ocrx_word' id='word_1_442' title='bbox 452 3373 911 3440; x_wconf 84' lang='lat' dir='ltr'><strong>communicatur,</strong></span> <span class='ocrx_word' id='word_1_443' title='bbox 983 3383 1039 3430; x_wconf 89' lang='lat' dir='ltr'><strong>et</strong></span> <span class='ocrx_word' id='word_1_444' title='bbox 1079 3375 1207 3445; x_wconf 89' lang='lat' dir='ltr'><strong>quia</strong></span> <span class='ocrx_word' id='word_1_445' title='bbox 1251 3375 1496 3429; x_wconf 89' lang='lat' dir='ltr'><strong>omnium</strong></span> <span class='ocrx_word' id='word_1_446' title='bbox 1549 3373 1940 3428; x_wconf 87' lang='lat' dir='ltr'><strong>concinnitatis</strong></span> <span class='ocrx_word' id='word_1_447' title='bbox 1990 3381 2048 3433; x_wconf 84' lang='lat' dir='ltr'><strong>et</strong></span> 
     </span>
    </p>
   </div>
   <div class='ocr_carea' id='block_1_65' title="bbox 454 3465 2046 3532">
    <p class='ocr_par' dir='ltr' id='par_1_65' title="bbox 454 3465 2046 3532">
     <span class='ocr_line' id='line_1_65' title="bbox 454 3465 2046 3532; baseline 0 -14"><span class='ocrx_word' id='word_1_448' title='bbox 454 3465 650 3520; x_wconf 86' lang='lat' dir='ltr'><strong>nitoris</strong></span> <span class='ocrx_word' id='word_1_449' title='bbox 682 3475 766 3520; x_wconf 84' lang='lat' dir='ltr'><strong>est</strong></span> <span class='ocrx_word' id='word_1_450' title='bbox 804 3475 1016 3532; x_wconf 79' lang='lat' dir='ltr'><strong>auctor,</strong></span> <span class='ocrx_word' id='word_1_451' title='bbox 1051 3467 1304 3523; x_wconf 88' lang='lat' dir='ltr'><strong>omnibus</strong></span> <span class='ocrx_word' id='word_1_452' title='bbox 1361 3466 1536 3519; x_wconf 87' lang='lat' dir='ltr'><strong>instar</strong></span> <span class='ocrx_word' id='word_1_453' title='bbox 1595 3465 1733 3526; x_wconf 89' lang='lat' dir='ltr'><strong>lucis</strong></span> <span class='ocrx_word' id='word_1_454' title='bbox 1794 3479 2046 3519; x_wconf 88' lang='lat' dir='ltr'><strong>commu-</strong></span> 
     </span>
    </p>
   </div>
   <div class='ocr_carea' id='block_1_66' title="bbox 2154 3281 3750 3352">
    <p class='ocr_par' dir='ltr' id='par_1_66' title="bbox 2154 3281 3750 3352">
     <span class='ocr_line' id='line_1_66' title="bbox 2154 3281 3750 3352; baseline -0.001 -18"><span class='ocrx_word' id='word_1_455' title='bbox 2154 3281 2348 3348; x_wconf 77' lang='grc' dir='ltr'>αἴτιος,</span> <span class='ocrx_word' id='word_1_456' title='bbox 2379 3283 2771 3351; x_wconf 75' lang='grc' dir='ltr'>ὲναστράπτων</span> <span class='ocrx_word' id='word_1_457' title='bbox 2821 3283 2954 3336; x_wconf 80' lang='grc' dir='ltr'>πᾶσι</span> <span class='ocrx_word' id='word_1_458' title='bbox 3001 3281 3159 3351; x_wconf 84' lang='grc' dir='ltr'>δίκην</span> <span class='ocrx_word' id='word_1_459' title='bbox 3214 3285 3392 3352; x_wconf 69' lang='grc' dir='ltr'>φωτὸς</span> <span class='ocrx_word' id='word_1_460' title='bbox 3439 3281 3538 3343; x_wconf 85' lang='grc' dir='ltr'><strong>τάς</strong></span> <span class='ocrx_word' id='word_1_461' title='bbox 3585 3282 3750 3334; x_wconf 64' lang='grc' dir='ltr'>καλοφ</span> 
     </span>
    </p>
   </div>
   <div class='ocr_carea' id='block_1_67' title="bbox 2155 3371 3748 3444">
    <p class='ocr_par' dir='ltr' id='par_1_67' title="bbox 2155 3371 3748 3444">
     <span class='ocr_line' id='line_1_67' title="bbox 2155 3371 3748 3444; baseline -0.002 -18"><span class='ocrx_word' id='word_1_462' title='bbox 2155 3377 2340 3436; x_wconf 75' lang='grc' dir='ltr'>ποιοὺς</span> <span class='ocrx_word' id='word_1_463' title='bbox 2373 3372 2734 3444; x_wconf 9' lang='grc' dir='ltr'>τῆςξπηγαίας</span> <span class='ocrx_word' id='word_1_464' title='bbox 2758 3375 2974 3438; x_wconf 78' lang='grc' dir='ltr'>ἀκτῖνος</span> <span class='ocrx_word' id='word_1_465' title='bbox 2993 3373 3159 3439; x_wconf 79' lang='grc' dir='ltr'>αὐτοῦ</span> <span class='ocrx_word' id='word_1_466' title='bbox 3185 3373 3520 3444; x_wconf 76' lang='grc' dir='ltr'>μεταδόσεις,</span> <span class='ocrx_word' id='word_1_467' title='bbox 3549 3374 3640 3428; x_wconf 81' lang='grc' dir='ltr'>καὶ</span> <span class='ocrx_word' id='word_1_468' title='bbox 3665 3371 3748 3433; x_wconf 75' lang='grc' dir='ltr'>ὥς</span> 
     </span>
    </p>
   </div>
   <div class='ocr_carea' id='block_1_68' title="bbox 2154 3464 3714 3536">
    <p class='ocr_par' dir='ltr' id='par_1_68' title="bbox 2154 3464 3714 3536">
     <span class='ocr_line' id='line_1_68' title="bbox 2154 3464 3714 3536; baseline 0 -19"><span class='ocrx_word' id='word_1_469' title='bbox 2154 3464 2334 3526; x_wconf 79' lang='grc' dir='ltr'>καλῶν</span> <span class='ocrx_word' id='word_1_470' title='bbox 2376 3464 2460 3536; x_wconf 74' lang='grc' dir='ltr'><strong>ἐφ’</strong></span> <span class='ocrx_word' id='word_1_471' title='bbox 2493 3465 2686 3531; x_wconf 71' lang='grc' dir='ltr'>ἑαυτὸν</span> <span class='ocrx_word' id='word_1_472' title='bbox 2717 3466 2912 3531; x_wconf 77' lang='grc' dir='ltr'>πάντα.</span> <span class='ocrx_word' id='word_1_473' title='bbox 2963 3465 3246 3521; x_wconf 85' lang='grc' dir='ltr'>Ἑλκτικὸν</span> <span class='ocrx_word' id='word_1_474' title='bbox 3268 3466 3375 3534; x_wconf 84' lang='grc' dir='ltr'><strong>γὰρ</strong></span> <span class='ocrx_word' id='word_1_475' title='bbox 3405 3465 3463 3516; x_wconf 76' lang='grc' dir='ltr'><strong>τὸ</strong></span> <span class='ocrx_word' id='word_1_476' title='bbox 3493 3465 3714 3522; x_wconf 79' lang='grc' dir='ltr'>κάλλος.</span> 
     </span>
    </p>
   </div>
   <div class='ocr_carea' id='block_1_69' title="bbox 454 3558 3750 3632">
    <p class='ocr_par' dir='ltr' id='par_1_69' title="bbox 454 3558 3750 3632">
     <span class='ocr_line' id='line_1_69' title="bbox 454 3558 3750 3632; baseline 0 -22"><span class='ocrx_word' id='word_1_477' title='bbox 454 3559 644 3614; x_wconf 82' lang='lat' dir='ltr'><strong>nicaus</strong></span> <span class='ocrx_word' id='word_1_478' title='bbox 708 3559 984 3622; x_wconf 84' lang='lat' dir='ltr'><strong>radiorum</strong></span> <span class='ocrx_word' id='word_1_479' title='bbox 1021 3559 1209 3625; x_wconf 81' lang='lat' dir='ltr'><strong>omnia</strong></span> <span class='ocrx_word' id='word_1_480' title='bbox 1275 3559 1506 3631; x_wconf 82' lang='lat' dir='ltr'><strong>pulchra</strong></span> <span class='ocrx_word' id='word_1_481' title='bbox 1563 3559 1877 3630; x_wconf 72' lang='lat' dir='ltr'><strong>facientium</strong></span> <span class='ocrx_word' id='word_1_482' title='bbox 1927 3558 2084 3629; x_wconf 70' lang='lat' dir='ltr'><strong>quasi</strong></span> <span class='ocrx_word' id='word_1_483' title='bbox 2130 3559 2568 3624; x_wconf 77' lang='lat' dir='ltr'><strong>fontis-rivulos,</strong></span> <span class='ocrx_word' id='word_1_484' title='bbox 2618 3571 2674 3616; x_wconf 91' lang='lat' dir='ltr'><strong>et</strong></span> <span class='ocrx_word' id='word_1_485' title='bbox 2731 3561 2797 3616; x_wconf 85' lang='lat' dir='ltr'><strong>ad</strong></span> <span class='ocrx_word' id='word_1_486' title='bbox 2849 3563 3091 3632; x_wconf 87' lang='lat' dir='ltr'><strong>seipsum</strong></span> <span class='ocrx_word' id='word_1_487' title='bbox 3140 3560 3322 3617; x_wconf 89' lang='lat' dir='ltr'><strong>omnia</strong></span> <span class='ocrx_word' id='word_1_488' title='bbox 3383 3571 3622 3616; x_wconf 82' lang='lat' dir='ltr'><strong>vocans:</strong></span> <span class='ocrx_word' id='word_1_489' title='bbox 3659 3562 3750 3610; x_wconf 58' lang='lat' dir='ltr'><strong>at:</strong></span> 
     </span>
    </p>
   </div>
   <div class='ocr_carea' id='block_1_70' title="bbox 453 3645 3745 3723">
    <p class='ocr_par' dir='ltr' id='par_1_70' title="bbox 453 3645 3745 3723">
     <span class='ocr_line' id='line_1_70' title="bbox 453 3645 3745 3723; baseline 0 -20"><span class='ocrx_word' id='word_1_490' title='bbox 453 3651 704 3715; x_wconf 85' lang='lat' dir='ltr'><strong>trahendi</strong></span> <span class='ocrx_word' id='word_1_491' title='bbox 725 3650 871 3706; x_wconf 87' lang='lat' dir='ltr'><strong>enim</strong></span> <span class='ocrx_word' id='word_1_492' title='bbox 918 3651 1025 3705; x_wconf 89' lang='lat' dir='ltr'><strong>vim</strong></span> <span class='ocrx_word' id='word_1_493' title='bbox 1051 3649 1216 3706; x_wconf 87' lang='lat' dir='ltr'><strong>habet</strong></span> <span class='ocrx_word' id='word_1_494' title='bbox 1257 3650 1610 3721; x_wconf 86' lang='lat' dir='ltr'><strong>pulchritudo</strong></span> <span class='ocrx_word' id='word_1_495' title='bbox 1649 3648 2010 3721; x_wconf 82' lang='lat' dir='ltr'><strong>[(l)ejusque</strong></span> <span class='ocrx_word' id='word_1_496' title='bbox 2044 3665 2242 3717; x_wconf 81' lang='lat' dir='ltr'><strong>nomen</strong></span> <span class='ocrx_word' id='word_1_497' title='bbox 2280 3651 2419 3719; x_wconf 76' lang='lat' dir='ltr'><strong>apud</strong></span> <span class='ocrx_word' id='word_1_498' title='bbox 2450 3651 2669 3714; x_wconf 58' lang='lat' dir='ltr'><strong>Graecos</strong></span> <span class='ocrx_word' id='word_1_499' title='bbox 2701 3667 2732 3706; x_wconf 90' lang='lat' dir='ltr'><strong>a</strong></span> <span class='ocrx_word' id='word_1_500' title='bbox 2766 3653 2958 3718; x_wconf 84' lang='lat' dir='ltr'><strong>verbo,</strong></span> <span class='ocrx_word' id='word_1_501' title='bbox 2994 3651 3138 3723; x_wconf 89' lang='lat' dir='ltr'><strong>quod</strong></span> <span class='ocrx_word' id='word_1_502' title='bbox 3207 3666 3394 3710; x_wconf 77' lang='lat' dir='ltr'><strong>vocare</strong></span> <span class='ocrx_word' id='word_1_503' title='bbox 3451 3645 3745 3720; x_wconf 67' lang='lat' dir='ltr'><strong>signiﬁcat:</strong></span> 
     </span>
    </p>
   </div>
   <div class='ocr_carea' id='block_1_71' title="bbox 453 3743 1186 3817">
    <p class='ocr_par' dir='ltr' id='par_1_71' title="bbox 453 3743 1186 3817">
     <span class='ocr_line' id='line_1_71' title="bbox 453 3743 1186 3817; baseline 0.001 -17"><span class='ocrx_word' id='word_1_504' title='bbox 453 3743 666 3809; x_wconf 77' lang='lat' dir='ltr'><strong>videtur</strong></span> <span class='ocrx_word' id='word_1_505' title='bbox 692 3759 815 3800; x_wconf 90' lang='lat' dir='ltr'><strong>esse</strong></span> <span class='ocrx_word' id='word_1_506' title='bbox 843 3743 1186 3817; x_wconf 83' lang='lat' dir='ltr'><strong>deductum].</strong></span> 
     </span>
    </p>
   </div>
   <div class='ocr_carea' id='block_1_72' title="bbox 1125 3832 1404 3903">
    <p class='ocr_par' dir='ltr' id='par_1_72' title="bbox 1125 3832 1404 3903">
     <span class='ocr_line' id='line_1_72' title="bbox 1125 3832 1404 3903; baseline 0.004 -15"><span class='ocrx_word' id='word_1_507' title='bbox 1125 3832 1404 3903; x_wconf 80' lang='lat' dir='ltr'><strong>Ejusdem.</strong></span> 
     </span>
    </p>
   </div>
   <div class='ocr_carea' id='block_1_73' title="bbox 518 3923 2052 3998">
    <p class='ocr_par' dir='ltr' id='par_1_73' title="bbox 518 3923 2052 3998">
     <span class='ocr_line' id='line_1_73' title="bbox 518 3923 2052 3998; baseline 0.001 -18"><span class='ocrx_word' id='word_1_508' title='bbox 518 3923 580 3980; x_wconf 87' lang='lat' dir='ltr'><strong>In</strong></span> <span class='ocrx_word' id='word_1_509' title='bbox 629 3923 742 3980; x_wconf 91' lang='lat' dir='ltr'><strong>Deo</strong></span> <span class='ocrx_word' id='word_1_510' title='bbox 795 3924 940 3980; x_wconf 87' lang='lat' dir='ltr'><strong>idem</strong></span> <span class='ocrx_word' id='word_1_511' title='bbox 985 3933 1070 3986; x_wconf 83' lang='lat' dir='ltr'><strong>est</strong></span> <span class='ocrx_word' id='word_1_512' title='bbox 1115 3925 1406 3998; x_wconf 88' lang='lat' dir='ltr'><strong>pulchrum</strong></span> <span class='ocrx_word' id='word_1_513' title='bbox 1456 3936 1514 3980; x_wconf 87' lang='lat' dir='ltr'><strong>et</strong></span> <span class='ocrx_word' id='word_1_514' title='bbox 1557 3925 1784 3982; x_wconf 90' lang='lat' dir='ltr'><strong>bonum.</strong></span> <span class='ocrx_word' id='word_1_515' title='bbox 1833 3926 2052 3983; x_wconf 83' lang='lat' dir='ltr'><strong>Pulchri</strong></span> 
     </span>
    </p>
   </div>
   <div class='ocr_carea' id='block_1_74' title="bbox 450 4017 2054 4090">
    <p class='ocr_par' dir='ltr' id='par_1_74' title="bbox 450 4017 2054 4090">
     <span class='ocr_line' id='line_1_74' title="bbox 450 4017 2054 4090; baseline 0.002 -18"><span class='ocrx_word' id='word_1_516' title='bbox 450 4032 684 4086; x_wconf 80' lang='lat' dir='ltr'><strong>namque</strong></span> <span class='ocrx_word' id='word_1_517' title='bbox 712 4025 768 4080; x_wconf 86' lang='lat' dir='ltr'><strong>et</strong></span> <span class='ocrx_word' id='word_1_518' title='bbox 789 4017 914 4072; x_wconf 90' lang='lat' dir='ltr'><strong>boni</strong></span> <span class='ocrx_word' id='word_1_519' title='bbox 941 4017 1242 4086; x_wconf 79' lang='lat' dir='ltr'><strong>cupiditate</strong></span> <span class='ocrx_word' id='word_1_520' title='bbox 1269 4018 1502 4090; x_wconf 73' lang='lat' dir='ltr'><strong>ﬂagrant</strong></span> <span class='ocrx_word' id='word_1_521' title='bbox 1551 4022 1753 4086; x_wconf 89' lang='lat' dir='ltr'><strong>omnia,</strong></span> <span class='ocrx_word' id='word_1_522' title='bbox 1803 4022 1869 4077; x_wconf 90' lang='lat' dir='ltr'><strong>ad</strong></span> <span class='ocrx_word' id='word_1_523' title='bbox 1897 4021 2054 4076; x_wconf 83' lang='lat' dir='ltr'><strong>illud-</strong></span> 
     </span>
    </p>
   </div>
   <div class='ocr_carea' id='block_1_75' title="bbox 449 4107 2050 4182">
    <p class='ocr_par' dir='ltr' id='par_1_75' title="bbox 449 4107 2050 4182">
     <span class='ocr_line' id='line_1_75' title="bbox 449 4107 2050 4182; baseline 0.006 -21"><span class='ocrx_word' id='word_1_524' title='bbox 449 4124 556 4180; x_wconf 84' lang='lat' dir='ltr'><strong>que</strong></span> <span class='ocrx_word' id='word_1_525' title='bbox 590 4108 746 4176; x_wconf 82' lang='lat' dir='ltr'><strong>valde</strong></span> <span class='ocrx_word' id='word_1_526' title='bbox 771 4116 1022 4166; x_wconf 86' lang='lat' dir='ltr'><strong>currunt.</strong></span> <span class='ocrx_word' id='word_1_527' title='bbox 1043 4107 1104 4160; x_wconf 87' lang='lat' dir='ltr'><strong>Et</strong></span> <span class='ocrx_word' id='word_1_528' title='bbox 1126 4109 1262 4163; x_wconf 88' lang='lat' dir='ltr'><strong>nihil</strong></span> <span class='ocrx_word' id='word_1_529' title='bbox 1289 4119 1373 4164; x_wconf 91' lang='lat' dir='ltr'><strong>est</strong></span> <span class='ocrx_word' id='word_1_530' title='bbox 1391 4111 1638 4177; x_wconf 88' lang='lat' dir='ltr'><strong>omnino,</strong></span> <span class='ocrx_word' id='word_1_531' title='bbox 1668 4113 1812 4182; x_wconf 87' lang='lat' dir='ltr'><strong>quod</strong></span> <span class='ocrx_word' id='word_1_532' title='bbox 1847 4128 1956 4168; x_wconf 92' lang='lat' dir='ltr'><strong>non</strong></span> <span class='ocrx_word' id='word_1_533' title='bbox 1979 4115 2050 4176; x_wconf 80' lang='lat' dir='ltr'><strong>sit</strong></span> 
     </span>
    </p>
   </div>
   <div class='ocr_carea' id='block_1_76' title="bbox 451 4198 2044 4277">
    <p class='ocr_par' dir='ltr' id='par_1_76' title="bbox 451 4198 2044 4277">
     <span class='ocr_line' id='line_1_76' title="bbox 451 4198 2044 4277; baseline 0.002 -21"><span class='ocrx_word' id='word_1_534' title='bbox 451 4199 664 4269; x_wconf 85' lang='lat' dir='ltr'><strong>pulchri</strong></span> <span class='ocrx_word' id='word_1_535' title='bbox 711 4199 949 4270; x_wconf 83' lang='lat' dir='ltr'><strong>bonique</strong></span> <span class='ocrx_word' id='word_1_536' title='bbox 978 4198 1272 4270; x_wconf 88' lang='lat' dir='ltr'><strong>particeps.</strong></span> <span class='ocrx_word' id='word_1_537' title='bbox 1303 4201 1584 4273; x_wconf 87' lang='lat' dir='ltr'><strong>Siquidem</strong></span> <span class='ocrx_word' id='word_1_538' title='bbox 1610 4214 1666 4260; x_wconf 87' lang='lat' dir='ltr'><strong>et</strong></span> <span class='ocrx_word' id='word_1_539' title='bbox 1689 4209 1894 4271; x_wconf 88' lang='lat' dir='ltr'><strong>omnia,</strong></span> <span class='ocrx_word' id='word_1_540' title='bbox 1921 4222 2044 4277; x_wconf 69' lang='lat' dir='ltr'><strong>qua:</strong></span> 
     </span>
    </p>
   </div>
   <div class='ocr_carea' id='block_1_77' title="bbox 450 4291 2044 4365">
    <p class='ocr_par' dir='ltr' id='par_1_77' title="bbox 450 4291 2044 4365">
     <span class='ocr_line' id='line_1_77' title="bbox 450 4291 2044 4365; baseline 0.01 -23"><span class='ocrx_word' id='word_1_541' title='bbox 450 4300 602 4353; x_wconf 80' lang='lat' dir='ltr'><strong>sinit.</strong></span> <span class='ocrx_word' id='word_1_542' title='bbox 645 4292 712 4346; x_wconf 85' lang='lat' dir='ltr'><strong>ab</strong></span> <span class='ocrx_word' id='word_1_543' title='bbox 748 4291 861 4362; x_wconf 87' lang='lat' dir='ltr'><strong>ipso</strong></span> <span class='ocrx_word' id='word_1_544' title='bbox 891 4291 1120 4362; x_wconf 89' lang='lat' dir='ltr'><strong>pulchro</strong></span> <span class='ocrx_word' id='word_1_545' title='bbox 1174 4292 1427 4365; x_wconf 88' lang='lat' dir='ltr'><strong>bonoque</strong></span> <span class='ocrx_word' id='word_1_546' title='bbox 1461 4295 1687 4363; x_wconf 87' lang='lat' dir='ltr'><strong>habent,</strong></span> <span class='ocrx_word' id='word_1_547' title='bbox 1713 4309 1774 4353; x_wconf 93' lang='lat' dir='ltr'><strong>ut</strong></span> <span class='ocrx_word' id='word_1_548' title='bbox 1800 4300 1952 4356; x_wconf 87' lang='lat' dir='ltr'><strong>sint:</strong></span> <span class='ocrx_word' id='word_1_549' title='bbox 1985 4309 2044 4363; x_wconf 79' lang='lat' dir='ltr'><strong>et</strong></span> 
     </span>
    </p>
   </div>
   <div class='ocr_carea' id='block_1_78' title="bbox 448 4381 2041 4458">
    <p class='ocr_par' dir='ltr' id='par_1_78' title="bbox 448 4381 2041 4458">
     <span class='ocr_line' id='line_1_78' title="bbox 448 4381 2041 4458; baseline 0.008 -25"><span class='ocrx_word' id='word_1_550' title='bbox 448 4397 481 4448; x_wconf 69' lang='grc' dir='ltr'><strong>ιι</strong></span> <span class='ocrx_word' id='word_1_551' title='bbox 513 4381 742 4450; x_wconf 75' lang='lat' dir='ltr'><strong>pulchro</strong></span> <span class='ocrx_word' id='word_1_552' title='bbox 780 4389 836 4437; x_wconf 88' lang='lat' dir='ltr'><strong>et</strong></span> <span class='ocrx_word' id='word_1_553' title='bbox 863 4382 1008 4437; x_wconf 86' lang='lat' dir='ltr'><strong>bono</strong></span> <span class='ocrx_word' id='word_1_554' title='bbox 1037 4393 1353 4452; x_wconf 80' lang='lat' dir='ltr'><strong>moventur.</strong></span> <span class='ocrx_word' id='word_1_555' title='bbox 1377 4395 1434 4448; x_wconf 83' lang='lat' dir='ltr'><strong>et</strong></span> <span class='ocrx_word' id='word_1_556' title='bbox 1459 4397 1746 4458; x_wconf 76' lang='lat' dir='ltr'><strong>reguntur,</strong></span> <span class='ocrx_word' id='word_1_557' title='bbox 1779 4399 1837 4445; x_wconf 90' lang='lat' dir='ltr'><strong>et</strong></span> <span class='ocrx_word' id='word_1_558' title='bbox 1861 4391 2041 4458; x_wconf 74' lang='lat' dir='ltr'><strong>conti-</strong></span> 
     </span>
    </p>
   </div>
   <div class='ocr_carea' id='block_1_79' title="bbox 2767 3831 3120 3890">
    <p class='ocr_par' dir='ltr' id='par_1_79' title="bbox 2767 3831 3120 3890">
     <span class='ocr_line' id='line_1_79' title="bbox 2767 3831 3120 3890; baseline 0.011 -4"><span class='ocrx_word' id='word_1_559' title='bbox 2767 3831 2878 3886; x_wconf 88' lang='grc' dir='ltr'>Τοῦ</span> <span class='ocrx_word' id='word_1_560' title='bbox 2909 3833 3120 3890; x_wconf 85' lang='grc' dir='ltr'>αὐτοῦ.</span> 
     </span>
    </p>
   </div>
   <div class='ocr_carea' id='block_1_80' title="bbox 2234 3924 3750 3993">
    <p class='ocr_par' dir='ltr' id='par_1_80' title="bbox 2234 3924 3750 3993">
     <span class='ocr_line' id='line_1_80' title="bbox 2234 3924 3750 3993; baseline -0.001 -12"><span class='ocrx_word' id='word_1_561' title='bbox 2234 3926 2360 3981; x_wconf 73' lang='grc' dir='ltr'><strong>Ἐπὶ</strong></span> <span class='ocrx_word' id='word_1_562' title='bbox 2390 3925 2528 3980; x_wconf 87' lang='grc' dir='ltr'>Θεοῦ</span> <span class='ocrx_word' id='word_1_563' title='bbox 2567 3925 2768 3978; x_wconf 85' lang='grc' dir='ltr'>ταυτόν</span> <span class='ocrx_word' id='word_1_564' title='bbox 2798 3927 2917 3976; x_wconf 78' lang='grc' dir='ltr'>ἐστι</span> <span class='ocrx_word' id='word_1_565' title='bbox 2950 3925 3012 3977; x_wconf 82' lang='grc' dir='ltr'><strong>τὸ</strong></span> <span class='ocrx_word' id='word_1_566' title='bbox 3046 3925 3212 3978; x_wconf 80' lang='grc' dir='ltr'>καλὸν</span> <span class='ocrx_word' id='word_1_567' title='bbox 3237 3924 3316 3993; x_wconf 83' lang='grc' dir='ltr'><strong>τῷ</strong></span> <span class='ocrx_word' id='word_1_568' title='bbox 3366 3925 3572 3992; x_wconf 84' lang='grc' dir='ltr'>ἀγαθῷ.</span> <span class='ocrx_word' id='word_1_569' title='bbox 3631 3924 3750 3980; x_wconf 76' lang='grc' dir='ltr'>Τοῦ</span> 
     </span>
    </p>
   </div>
   <div class='ocr_carea' id='block_1_81' title="bbox 2151 4015 3748 4090">
    <p class='ocr_par' dir='ltr' id='par_1_81' title="bbox 2151 4015 3748 4090">
     <span class='ocr_line' id='line_1_81' title="bbox 2151 4015 3748 4090; baseline -0.001 -17"><span class='ocrx_word' id='word_1_570' title='bbox 2151 4019 2319 4088; x_wconf 77' lang='grc' dir='ltr'>καλοῦ</span> <span class='ocrx_word' id='word_1_571' title='bbox 2348 4021 2456 4090; x_wconf 88' lang='grc' dir='ltr'><strong>γάρ</strong></span> <span class='ocrx_word' id='word_1_572' title='bbox 2505 4020 2599 4071; x_wconf 75' lang='grc' dir='ltr'>καὶ</span> <span class='ocrx_word' id='word_1_573' title='bbox 2646 4015 2856 4084; x_wconf 88' lang='grc' dir='ltr'>ἀγαθοῦ</span> <span class='ocrx_word' id='word_1_574' title='bbox 2911 4017 3092 4069; x_wconf 79' lang='grc' dir='ltr'>πάντα</span> <span class='ocrx_word' id='word_1_575' title='bbox 3150 4017 3390 4084; x_wconf 69' lang='grc' dir='ltr'>ἐφίεται,</span> <span class='ocrx_word' id='word_1_576' title='bbox 3444 4022 3538 4070; x_wconf 78' lang='grc' dir='ltr'>καὶ</span> <span class='ocrx_word' id='word_1_577' title='bbox 3597 4017 3748 4086; x_wconf 78' lang='grc' dir='ltr'>ἄγαν</span> 
     </span>
    </p>
   </div>
   <div class='ocr_carea' id='block_1_82' title="bbox 2150 4103 3749 4178">
    <p class='ocr_par' dir='ltr' id='par_1_82' title="bbox 2150 4103 3749 4178">
     <span class='ocr_line' id='line_1_82' title="bbox 2150 4103 3749 4178; baseline -0.002 -15"><span class='ocrx_word' id='word_1_578' title='bbox 2150 4109 2264 4163; x_wconf 80' lang='grc' dir='ltr'>θέει</span> <span class='ocrx_word' id='word_1_579' title='bbox 2295 4110 2381 4162; x_wconf 77' lang='grc' dir='ltr'><strong>ἐπ’</strong></span> <span class='ocrx_word' id='word_1_580' title='bbox 2423 4106 2580 4173; x_wconf 81' lang='grc' dir='ltr'>αὐτὸ,</span> <span class='ocrx_word' id='word_1_581' title='bbox 2617 4107 2713 4160; x_wconf 79' lang='grc' dir='ltr'>καὶ</span> <span class='ocrx_word' id='word_1_582' title='bbox 2735 4105 2834 4158; x_wconf 82' lang='grc' dir='ltr'>οὐκ</span> <span class='ocrx_word' id='word_1_583' title='bbox 2867 4103 2984 4157; x_wconf 76' lang='grc' dir='ltr'>ἔστι</span> <span class='ocrx_word' id='word_1_584' title='bbox 3015 4121 3070 4156; x_wconf 90' lang='grc' dir='ltr'><strong>τι</strong></span> <span class='ocrx_word' id='word_1_585' title='bbox 3104 4105 3213 4158; x_wconf 84' lang='grc' dir='ltr'><strong>τῶν</strong></span> <span class='ocrx_word' id='word_1_586' title='bbox 3235 4105 3427 4170; x_wconf 72' lang='grc' dir='ltr'>ὄντων,</span> <span class='ocrx_word' id='word_1_587' title='bbox 3453 4107 3484 4160; x_wconf 83' lang='grc' dir='ltr'><strong>ὃ</strong></span> <span class='ocrx_word' id='word_1_588' title='bbox 3511 4108 3586 4178; x_wconf 87' lang='grc' dir='ltr'>μὴ</span> <span class='ocrx_word' id='word_1_589' title='bbox 3609 4125 3749 4178; x_wconf 85' lang='grc' dir='ltr'>μετ-</span> 
     </span>
    </p>
   </div>
   <div class='ocr_carea' id='block_1_83' title="bbox 2151 4195 3746 4270">
    <p class='ocr_par' dir='ltr' id='par_1_83' title="bbox 2151 4195 3746 4270">
     <span class='ocr_line' id='line_1_83' title="bbox 2151 4195 3746 4270; baseline -0.006 -17"><span class='ocrx_word' id='word_1_590' title='bbox 2151 4199 2266 4270; x_wconf 84' lang='grc' dir='ltr'>έχει</span> <span class='ocrx_word' id='word_1_591' title='bbox 2297 4199 2391 4252; x_wconf 90' lang='grc' dir='ltr'><strong>τοῦ</strong></span> <span class='ocrx_word' id='word_1_592' title='bbox 2423 4197 2588 4250; x_wconf 80' lang='grc' dir='ltr'>καλοῦ</span> <span class='ocrx_word' id='word_1_593' title='bbox 2611 4198 2706 4252; x_wconf 73' lang='grc' dir='ltr'>καὶ</span> <span class='ocrx_word' id='word_1_594' title='bbox 2732 4195 2962 4264; x_wconf 86' lang='grc' dir='ltr'>ἀγαθοῦ.</span> <span class='ocrx_word' id='word_1_595' title='bbox 3001 4196 3156 4249; x_wconf 80' lang='grc' dir='ltr'>Ἐπεὶ</span> <span class='ocrx_word' id='word_1_596' title='bbox 3187 4199 3281 4254; x_wconf 76' lang='grc' dir='ltr'>καὶ</span> <span class='ocrx_word' id='word_1_597' title='bbox 3301 4198 3480 4253; x_wconf 83' lang='grc' dir='ltr'>πάντα</span> <span class='ocrx_word' id='word_1_598' title='bbox 3511 4204 3578 4256; x_wconf 75' lang='grc' dir='ltr'>τὰ</span> <span class='ocrx_word' id='word_1_599' title='bbox 3603 4203 3746 4258; x_wconf 65' lang='grc' dir='ltr'><strong>ὅντα</strong></span> 
     </span>
    </p>
   </div>
   <div class='ocr_carea' id='block_1_84' title="bbox 2151 4286 3746 4358">
    <p class='ocr_par' dir='ltr' id='par_1_84' title="bbox 2151 4286 3746 4358">
     <span class='ocr_line' id='line_1_84' title="bbox 2151 4286 3746 4358; baseline 0.003 -14"><span class='ocrx_word' id='word_1_600' title='bbox 2151 4293 2217 4354; x_wconf 75' lang='grc' dir='ltr'>ὲκ</span> <span class='ocrx_word' id='word_1_601' title='bbox 2247 4290 2343 4358; x_wconf 77' lang='grc' dir='ltr'><strong>τοῦ</strong></span> <span class='ocrx_word' id='word_1_602' title='bbox 2376 4289 2542 4356; x_wconf 76' lang='grc' dir='ltr'>καλοῦ</span> <span class='ocrx_word' id='word_1_603' title='bbox 2581 4288 2677 4342; x_wconf 77' lang='grc' dir='ltr'>καὶ</span> <span class='ocrx_word' id='word_1_604' title='bbox 2711 4286 2915 4357; x_wconf 84' lang='grc' dir='ltr'>ἀγαθοῦ</span> <span class='ocrx_word' id='word_1_605' title='bbox 2967 4289 3106 4350; x_wconf 78' lang='grc' dir='ltr'>ἐστι,</span> <span class='ocrx_word' id='word_1_606' title='bbox 3135 4292 3229 4342; x_wconf 69' lang='grc' dir='ltr'><strong>καὶ</strong></span> <span class='ocrx_word' id='word_1_607' title='bbox 3271 4291 3377 4346; x_wconf 79' lang='grc' dir='ltr'><strong>ὑπὸ</strong></span> <span class='ocrx_word' id='word_1_608' title='bbox 3419 4294 3517 4346; x_wconf 84' lang='grc' dir='ltr'><strong>τοῦ</strong></span> <span class='ocrx_word' id='word_1_609' title='bbox 3566 4296 3746 4350; x_wconf 85' lang='grc' dir='ltr'>καλοῦ</span> 
     </span>
    </p>
   </div>
   <div class='ocr_carea' id='block_1_85' title="bbox 2151 4380 3738 4455">
    <p class='ocr_par' dir='ltr' id='par_1_85' title="bbox 2151 4380 3738 4455">
     <span class='ocr_line' id='line_1_85' title="bbox 2151 4380 3738 4455; baseline 0.004 -21"><span class='ocrx_word' id='word_1_610' title='bbox 2151 4383 2249 4447; x_wconf 74' lang='grc' dir='ltr'>καὶ</span> <span class='ocrx_word' id='word_1_611' title='bbox 2279 4381 2487 4450; x_wconf 75' lang='grc' dir='ltr'>ἀγαθοῦ</span> <span class='ocrx_word' id='word_1_612' title='bbox 2518 4382 2772 4446; x_wconf 84' lang='grc' dir='ltr'>κινεῖται,</span> <span class='ocrx_word' id='word_1_613' title='bbox 2791 4380 2886 4434; x_wconf 74' lang='grc' dir='ltr'>καὶ</span> <span class='ocrx_word' id='word_1_614' title='bbox 2914 4383 3249 4452; x_wconf 79' lang='grc' dir='ltr'>προνοεῖται,</span> <span class='ocrx_word' id='word_1_615' title='bbox 3274 4384 3370 4443; x_wconf 75' lang='grc' dir='ltr'>καὶ</span> <span class='ocrx_word' id='word_1_616' title='bbox 3421 4385 3738 4455; x_wconf 70' lang='grc' dir='ltr'>συνέχεται,</span> 
     </span>
    </p>
   </div>
   <div class='ocr_carea' id='block_1_86' title="bbox 449 4471 2053 4561">
    <p class='ocr_par' dir='ltr' id='par_1_86' title="bbox 449 4477 2043 4550">
     <span class='ocr_line' id='line_1_86' title="bbox 449 4477 2043 4550; baseline 0.008 -24"><span class='ocrx_word' id='word_1_617' title='bbox 449 4482 674 4540; x_wconf 83' lang='lat' dir='ltr'><strong>nentur,</strong></span> <span class='ocrx_word' id='word_1_618' title='bbox 707 4480 762 4529; x_wconf 89' lang='lat' dir='ltr'><strong>et</strong></span> <span class='ocrx_word' id='word_1_619' title='bbox 786 4484 1012 4546; x_wconf 83' lang='lat' dir='ltr'><strong>propter</strong></span> <span class='ocrx_word' id='word_1_620' title='bbox 1037 4477 1324 4545; x_wconf 88' lang='lat' dir='ltr'><strong>pulchrum</strong></span> <span class='ocrx_word' id='word_1_621' title='bbox 1353 4487 1410 4534; x_wconf 87' lang='lat' dir='ltr'><strong>et</strong></span> <span class='ocrx_word' id='word_1_622' title='bbox 1432 4480 1633 4542; x_wconf 88' lang='lat' dir='ltr'><strong>bonum</strong></span> <span class='ocrx_word' id='word_1_623' title='bbox 1668 4483 1959 4550; x_wconf 79' lang='lat' dir='ltr'><strong>exsistunt.</strong></span> <span class='ocrx_word' id='word_1_624' title='bbox 1989 4490 2043 4550; x_wconf 73' lang='lat' dir='ltr'><strong>et</strong></span> 
     </span>
    </p>
   </div>
   <div class='ocr_carea' id='block_1_87' title="bbox 2160 4471 3748 4561">
    <p class='ocr_par' dir='ltr' id='par_1_87' title="bbox 2160 4471 3748 4541">
     <span class='ocr_line' id='line_1_87' title="bbox 2160 4471 3748 4541; baseline 0.001 -13"><span class='ocrx_word' id='word_1_625' title='bbox 2160 4477 2245 4529; x_wconf 77' lang='grc' dir='ltr'>καὶ</span> <span class='ocrx_word' id='word_1_626' title='bbox 2269 4475 2359 4528; x_wconf 76' lang='grc' dir='ltr'><strong>διὰ</strong></span> <span class='ocrx_word' id='word_1_627' title='bbox 2395 4474 2455 4527; x_wconf 85' lang='grc' dir='ltr'>τὸ</span> <span class='ocrx_word' id='word_1_628' title='bbox 2479 4472 2644 4527; x_wconf 74' lang='grc' dir='ltr'>καλὸν</span> <span class='ocrx_word' id='word_1_629' title='bbox 2665 4473 2759 4538; x_wconf 77' lang='grc' dir='ltr'>καὶ</span> <span class='ocrx_word' id='word_1_630' title='bbox 2791 4471 2996 4541; x_wconf 85' lang='grc' dir='ltr'>ἀγαθόν</span> <span class='ocrx_word' id='word_1_631' title='bbox 3027 4475 3171 4539; x_wconf 72' lang='grc' dir='ltr'>ἐστι,</span> <span class='ocrx_word' id='word_1_632' title='bbox 3199 4474 3296 4532; x_wconf 72' lang='grc' dir='ltr'>καὶ</span> <span class='ocrx_word' id='word_1_633' title='bbox 3327 4477 3494 4529; x_wconf 77' lang='grc' dir='ltr'>πᾶσίν</span> <span class='ocrx_word' id='word_1_634' title='bbox 3527 4478 3642 4530; x_wconf 79' lang='grc' dir='ltr'>ἐστι</span> <span class='ocrx_word' id='word_1_635' title='bbox 3673 4477 3748 4535; x_wconf 77' lang='grc' dir='ltr'><strong>τδ</strong></span> 
     </span>
    </p>
   </div>
   <div class='ocr_carea' id='block_1_88' title="bbox 448 4567 2040 4644">
    <p class='ocr_par' dir='ltr' id='par_1_88' title="bbox 448 4567 2040 4644">
     <span class='ocr_line' id='line_1_88' title="bbox 448 4567 2040 4644; baseline 0.007 -25"><span class='ocrx_word' id='word_1_636' title='bbox 448 4567 518 4632; x_wconf 81' lang='lat' dir='ltr'><strong>ab</strong></span> <span class='ocrx_word' id='word_1_637' title='bbox 580 4567 836 4637; x_wconf 81' lang='lat' dir='ltr'><strong>omnibus</strong></span> <span class='ocrx_word' id='word_1_638' title='bbox 905 4568 1196 4638; x_wconf 91' lang='lat' dir='ltr'><strong>pulchrum</strong></span> <span class='ocrx_word' id='word_1_639' title='bbox 1269 4579 1325 4625; x_wconf 89' lang='lat' dir='ltr'><strong>et</strong></span> <span class='ocrx_word' id='word_1_640' title='bbox 1392 4570 1598 4634; x_wconf 87' lang='lat' dir='ltr'><strong>bonum</strong></span> <span class='ocrx_word' id='word_1_641' title='bbox 1649 4574 2040 4644; x_wconf 75' lang='lat' dir='ltr'><strong>expetendum.</strong></span> 
     </span>
    </p>
   </div>
   <div class='ocr_carea' id='block_1_89' title="bbox 447 4660 2041 4734">
    <p class='ocr_par' dir='ltr' id='par_1_89' title="bbox 447 4660 2041 4734">
     <span class='ocr_line' id='line_1_89' title="bbox 447 4660 2041 4734; baseline 0.005 -22"><span class='ocrx_word' id='word_1_642' title='bbox 447 4662 776 4729; x_wconf 77' lang='lat' dir='ltr'><strong>amandum,</strong></span> <span class='ocrx_word' id='word_1_643' title='bbox 832 4660 1166 4732; x_wconf 79' lang='lat' dir='ltr'><strong>diligendum</strong></span> <span class='ocrx_word' id='word_1_644' title='bbox 1225 4671 1282 4726; x_wconf 80' lang='lat' dir='ltr'><strong>et</strong></span> <span class='ocrx_word' id='word_1_645' title='bbox 1335 4664 1716 4731; x_wconf 81' lang='lat' dir='ltr'><strong>admirandum</strong></span> <span class='ocrx_word' id='word_1_646' title='bbox 1802 4666 2041 4734; x_wconf 83' lang='lat' dir='ltr'><strong>videtur,</strong></span> 
     </span>
    </p>
   </div>
   <div class='ocr_carea' id='block_1_90' title="bbox 446 4751 2042 4830">
    <p class='ocr_par' dir='ltr' id='par_1_90' title="bbox 446 4751 2042 4830">
     <span class='ocr_line' id='line_1_90' title="bbox 446 4751 2042 4830; baseline 0.008 -27"><span class='ocrx_word' id='word_1_647' title='bbox 446 4751 636 4804; x_wconf 86' lang='lat' dir='ltr'><strong>Ausim</strong></span> <span class='ocrx_word' id='word_1_648' title='bbox 685 4751 890 4818; x_wconf 88' lang='lat' dir='ltr'><strong>dicere,</strong></span> <span class='ocrx_word' id='word_1_649' title='bbox 953 4762 1008 4807; x_wconf 89' lang='lat' dir='ltr'><strong>et</strong></span> <span class='ocrx_word' id='word_1_650' title='bbox 1032 4753 1108 4823; x_wconf 86' lang='lat' dir='ltr'><strong>id,</strong></span> <span class='ocrx_word' id='word_1_651' title='bbox 1138 4753 1285 4824; x_wconf 87' lang='lat' dir='ltr'><strong>quod</strong></span> <span class='ocrx_word' id='word_1_652' title='bbox 1337 4771 1446 4810; x_wconf 92' lang='lat' dir='ltr'><strong>nou</strong></span> <span class='ocrx_word' id='word_1_653' title='bbox 1488 4765 1592 4823; x_wconf 88' lang='lat' dir='ltr'><strong>est,</strong></span> <span class='ocrx_word' id='word_1_654' title='bbox 1643 4772 1766 4813; x_wconf 87' lang='lat' dir='ltr'><strong>esse</strong></span> <span class='ocrx_word' id='word_1_655' title='bbox 1830 4760 2042 4830; x_wconf 80' lang='lat' dir='ltr'><strong>pulchri</strong></span> 
     </span>
    </p>
   </div>
   <div class='ocr_carea' id='block_1_91' title="bbox 449 4839 2045 4916">
    <p class='ocr_par' dir='ltr' id='par_1_91' title="bbox 449 4839 2045 4916">
     <span class='ocr_line' id='line_1_91' title="bbox 449 4839 2045 4916; baseline 0.005 -20"><span class='ocrx_word' id='word_1_656' title='bbox 449 4839 690 4909; x_wconf 89' lang='lat' dir='ltr'><strong>bonique</strong></span> <span class='ocrx_word' id='word_1_657' title='bbox 739 4841 1036 4911; x_wconf 89' lang='lat' dir='ltr'><strong>particeps.</strong></span> <span class='ocrx_word' id='word_1_658' title='bbox 1099 4841 1254 4898; x_wconf 91' lang='lat' dir='ltr'><strong>Tunc</strong></span> <span class='ocrx_word' id='word_1_659' title='bbox 1302 4843 1449 4898; x_wconf 88' lang='lat' dir='ltr'><strong>enim</strong></span> <span class='ocrx_word' id='word_1_660' title='bbox 1499 4855 1556 4900; x_wconf 89' lang='lat' dir='ltr'><strong>et</strong></span> <span class='ocrx_word' id='word_1_661' title='bbox 1592 4846 1770 4914; x_wconf 87' lang='lat' dir='ltr'><strong>ipsum</strong></span> <span class='ocrx_word' id='word_1_662' title='bbox 1805 4858 1894 4903; x_wconf 91' lang='lat' dir='ltr'><strong>est</strong></span> <span class='ocrx_word' id='word_1_663' title='bbox 1925 4850 2045 4916; x_wconf 84' lang='lat' dir='ltr'><strong>pul-</strong></span> 
     </span>
    </p>
   </div>
   <div class='ocr_carea' id='block_1_92' title="bbox 446 4932 2042 5009">
    <p class='ocr_par' dir='ltr' id='par_1_92' title="bbox 446 4932 2042 5009">
     <span class='ocr_line' id='line_1_92' title="bbox 446 4932 2042 5009; baseline 0.007 -24"><span class='ocrx_word' id='word_1_664' title='bbox 446 4932 642 4985; x_wconf 82' lang='lat' dir='ltr'><strong>chrum</strong></span> <span class='ocrx_word' id='word_1_665' title='bbox 701 4940 756 4986; x_wconf 93' lang='lat' dir='ltr'><strong>et</strong></span> <span class='ocrx_word' id='word_1_666' title='bbox 805 4932 1033 5005; x_wconf 87' lang='lat' dir='ltr'><strong>bonum,</strong></span> <span class='ocrx_word' id='word_1_667' title='bbox 1089 4949 1214 4989; x_wconf 91' lang='lat' dir='ltr'><strong>cum</strong></span> <span class='ocrx_word' id='word_1_668' title='bbox 1262 4950 1360 5003; x_wconf 89' lang='lat' dir='ltr'><strong>per</strong></span> <span class='ocrx_word' id='word_1_669' title='bbox 1407 4937 1751 5009; x_wconf 79' lang='lat' dir='ltr'><strong>negationem</strong></span> <span class='ocrx_word' id='word_1_670' title='bbox 1811 4938 1878 4994; x_wconf 91' lang='lat' dir='ltr'><strong>de</strong></span> <span class='ocrx_word' id='word_1_671' title='bbox 1927 4938 2042 4998; x_wconf 85' lang='lat' dir='ltr'><strong>Deo</strong></span> 
     </span>
    </p>
   </div>
   <div class='ocr_carea' id='block_1_93' title="bbox 445 5017 2040 5102">
    <p class='ocr_par' dir='ltr' id='par_1_93' title="bbox 445 5017 2040 5102">
     <span class='ocr_line' id='line_1_93' title="bbox 445 5017 2040 5102; baseline 0.004 -24"><span class='ocrx_word' id='word_1_672' title='bbox 445 5021 664 5097; x_wconf 81' lang='lat' dir='ltr'><strong>dicitur.</strong></span> <span class='ocrx_word' id='word_1_673' title='bbox 697 5023 766 5098; x_wconf 73' lang='lat' dir='ltr'><strong>Ut</strong></span> <span class='ocrx_word' id='word_1_674' title='bbox 803 5041 928 5096; x_wconf 83' lang='lat' dir='ltr'><strong>cum</strong></span> <span class='ocrx_word' id='word_1_675' title='bbox 976 5027 1148 5082; x_wconf 91' lang='lat' dir='ltr'><strong>Deum</strong></span> <span class='ocrx_word' id='word_1_676' title='bbox 1181 5017 1495 5083; x_wconf 13' lang='lat' dir='ltr'><strong>increatum‘</strong></span> <span class='ocrx_word' id='word_1_677' title='bbox 1530 5030 1861 5102; x_wconf 89' lang='lat' dir='ltr'><strong>principium</strong></span> <span class='ocrx_word' id='word_1_678' title='bbox 1929 5042 2040 5087; x_wconf 88' lang='lat' dir='ltr'><strong>ter-</strong></span> 
     </span>
    </p>
   </div>
   <div class='ocr_carea' id='block_1_94' title="bbox 449 5116 2036 5196">
    <p class='ocr_par' dir='ltr' id='par_1_94' title="bbox 449 5116 2036 5196">
     <span class='ocr_line' id='line_1_94' title="bbox 449 5116 2036 5196; baseline 0.005 -25"><span class='ocrx_word' id='word_1_679' title='bbox 449 5116 773 5188; x_wconf 85' lang='lat' dir='ltr'><strong>minumque</strong></span> <span class='ocrx_word' id='word_1_680' title='bbox 816 5133 926 5174; x_wconf 91' lang='lat' dir='ltr'><strong>non</strong></span> <span class='ocrx_word' id='word_1_681' title='bbox 971 5117 1186 5186; x_wconf 86' lang='lat' dir='ltr'><strong>habeat,</strong></span> <span class='ocrx_word' id='word_1_682' title='bbox 1223 5129 1278 5175; x_wconf 92' lang='lat' dir='ltr'><strong>et</strong></span> <span class='ocrx_word' id='word_1_683' title='bbox 1325 5121 1426 5175; x_wconf 88' lang='lat' dir='ltr'><strong>alia</strong></span> <span class='ocrx_word' id='word_1_684' title='bbox 1458 5123 1746 5192; x_wconf 81' lang='lat' dir='ltr'><strong>ejusmodi,</strong></span> <span class='ocrx_word' id='word_1_685' title='bbox 1772 5140 1892 5196; x_wconf 71' lang='lat' dir='ltr'><strong>quae</strong></span> <span class='ocrx_word' id='word_1_686' title='bbox 1926 5140 2036 5179; x_wconf 91' lang='lat' dir='ltr'><strong>non</strong></span> 
     </span>
    </p>
   </div>
   <div class='ocr_carea' id='block_1_95' title="bbox 450 5210 2038 5287">
    <p class='ocr_par' dir='ltr' id='par_1_95' title="bbox 450 5210 2038 5287">
     <span class='ocr_line' id='line_1_95' title="bbox 450 5210 2038 5287; baseline 0.004 -24"><span class='ocrx_word' id='word_1_687' title='bbox 450 5223 576 5263; x_wconf 86' lang='lat' dir='ltr'><strong>esse</strong></span> <span class='ocrx_word' id='word_1_688' title='bbox 606 5210 933 5279; x_wconf 63' lang='lat' dir='ltr'><strong>signiﬁcant,</strong></span> <span class='ocrx_word' id='word_1_689' title='bbox 967 5213 1284 5267; x_wconf 84' lang='lat' dir='ltr'><strong>asscrimus.</strong></span> <span class='ocrx_word' id='word_1_690' title='bbox 1309 5213 1532 5283; x_wconf 76' lang='lat' dir='ltr'><strong>Appetit</strong></span> <span class='ocrx_word' id='word_1_691' title='bbox 1568 5214 1715 5270; x_wconf 88' lang='lat' dir='ltr'><strong>enim</strong></span> <span class='ocrx_word' id='word_1_692' title='bbox 1751 5226 1805 5270; x_wconf 93' lang='lat' dir='ltr'><strong>et</strong></span> <span class='ocrx_word' id='word_1_693' title='bbox 1836 5217 2038 5287; x_wconf 89' lang='lat' dir='ltr'><strong>ipsum,</strong></span> 
     </span>
    </p>
   </div>
   <div class='ocr_carea' id='block_1_96' title="bbox 444 5301 2036 5391">
    <p class='ocr_par' dir='ltr' id='par_1_96' title="bbox 444 5301 2036 5391">
     <span class='ocr_line' id='line_1_96' title="bbox 444 5301 2036 5391; baseline 0.004 -36"><span class='ocrx_word' id='word_1_694' title='bbox 444 5301 592 5372; x_wconf 90' lang='lat' dir='ltr'><strong>quod</strong></span> <span class='ocrx_word' id='word_1_695' title='bbox 636 5317 744 5355; x_wconf 90' lang='lat' dir='ltr'><strong>non</strong></span> <span class='ocrx_word' id='word_1_696' title='bbox 791 5311 894 5367; x_wconf 87' lang='lat' dir='ltr'><strong>est,</strong></span> <span class='ocrx_word' id='word_1_697' title='bbox 951 5304 1190 5373; x_wconf 90' lang='lat' dir='ltr'><strong>quodam</strong></span> <span class='ocrx_word' id='word_1_698' title='bbox 1251 5304 1413 5373; x_wconf 81' lang='lat' dir='ltr'><strong>modo</strong></span> <span class='ocrx_word' id='word_1_699' title='bbox 1462 5305 1652 5378; x_wconf 86' lang='lat' dir='ltr'><strong>Deum,</strong></span> <span class='ocrx_word' id='word_1_700' title='bbox 1702 5317 1759 5362; x_wconf 91' lang='lat' dir='ltr'><strong>et</strong></span> <span class='ocrx_word' id='word_1_701' title='bbox 1801 5308 2036 5391; x_wconf 85' lang='lat' dir='ltr'><strong>quadam</strong></span> 
     </span>
    </p>
   </div>
   <div class='ocr_carea' id='block_1_97' title="bbox 445 5394 1272 5468">
    <p class='ocr_par' dir='ltr' id='par_1_97' title="bbox 445 5394 1272 5468">
     <span class='ocr_line' id='line_1_97' title="bbox 445 5394 1272 5468; baseline 0.002 -20"><span class='ocrx_word' id='word_1_702' title='bbox 445 5396 659 5450; x_wconf 88' lang='lat' dir='ltr'><strong>ratione</strong></span> <span class='ocrx_word' id='word_1_703' title='bbox 686 5394 738 5449; x_wconf 84' lang='lat' dir='ltr'><strong>ia</strong></span> <span class='ocrx_word' id='word_1_704' title='bbox 773 5410 839 5468; x_wconf 73' lang='lat' dir='ltr'><strong>eo</strong></span> <span class='ocrx_word' id='word_1_705' title='bbox 867 5408 1098 5467; x_wconf 86' lang='lat' dir='ltr'><strong>conatur</strong></span> <span class='ocrx_word' id='word_1_706' title='bbox 1127 5411 1272 5467; x_wconf 79' lang='lat' dir='ltr'><strong>esse.</strong></span> 
     </span>
    </p>
   </div>
   <div class='ocr_carea' id='block_1_98' title="bbox 1121 5486 1398 5559">
    <p class='ocr_par' dir='ltr' id='par_1_98' title="bbox 1121 5486 1398 5559">
     <span class='ocr_line' id='line_1_98' title="bbox 1121 5486 1398 5559; baseline 0.018 -21"><span class='ocrx_word' id='word_1_707' title='bbox 1121 5486 1398 5559; x_wconf 77' lang='lat' dir='ltr'><strong>Ejusdem.</strong></span> 
     </span>
    </p>
   </div>
   <div class='ocr_carea' id='block_1_99' title="bbox 517 5573 2036 5654">
    <p class='ocr_par' dir='ltr' id='par_1_99' title="bbox 517 5573 2036 5654">
     <span class='ocr_line' id='line_1_99' title="bbox 517 5573 2036 5654; baseline 0.008 -26"><span class='ocrx_word' id='word_1_708' title='bbox 517 5573 722 5631; x_wconf 88' lang='lat' dir='ltr'><strong>Omnes</strong></span> <span class='ocrx_word' id='word_1_709' title='bbox 753 5576 1040 5646; x_wconf 83' lang='lat' dir='ltr'><strong>mentium,</strong></span> <span class='ocrx_word' id='word_1_710' title='bbox 1069 5579 1375 5633; x_wconf 90' lang='lat' dir='ltr'><strong>animorum</strong></span> <span class='ocrx_word' id='word_1_711' title='bbox 1405 5591 1458 5635; x_wconf 89' lang='lat' dir='ltr'><strong>et</strong></span> <span class='ocrx_word' id='word_1_712' title='bbox 1519 5597 1807 5654; x_wconf 83' lang='lat' dir='ltr'><strong>corporum</strong></span> <span class='ocrx_word' id='word_1_713' title='bbox 1840 5594 2036 5651; x_wconf 85' lang='lat' dir='ltr'><strong>status,</strong></span> 
     </span>
    </p>
   </div>
   <div class='ocr_carea' id='block_1_100' title="bbox 443 5671 2034 5746">
    <p class='ocr_par' dir='ltr' id='par_1_100' title="bbox 443 5671 2034 5746">
     <span class='ocr_line' id='line_1_100' title="bbox 443 5671 2034 5746; baseline 0.009 -27"><span class='ocrx_word' id='word_1_714' title='bbox 443 5675 502 5720; x_wconf 87' lang='lat' dir='ltr'><strong>et</strong></span> <span class='ocrx_word' id='word_1_715' title='bbox 533 5676 716 5722; x_wconf 87' lang='lat' dir='ltr'><strong>motus</strong></span> <span class='ocrx_word' id='word_1_716' title='bbox 745 5685 809 5723; x_wconf 81' lang='lat' dir='ltr'><strong>ex</strong></span> <span class='ocrx_word' id='word_1_717' title='bbox 841 5671 1068 5739; x_wconf 83' lang='lat' dir='ltr'><strong>pulchro</strong></span> <span class='ocrx_word' id='word_1_718' title='bbox 1138 5671 1391 5742; x_wconf 91' lang='lat' dir='ltr'><strong>bonoque</strong></span> <span class='ocrx_word' id='word_1_719' title='bbox 1420 5683 1566 5729; x_wconf 89' lang='lat' dir='ltr'><strong>sunt.</strong></span> <span class='ocrx_word' id='word_1_720' title='bbox 1599 5674 1863 5746; x_wconf 84' lang='lat' dir='ltr'><strong>Omnibus</strong></span> <span class='ocrx_word' id='word_1_721' title='bbox 1887 5677 2034 5744; x_wconf 79' lang='lat' dir='ltr'><strong>enim</strong></span> 
     </span>
    </p>
   </div>
   <div class='ocr_carea' id='block_1_101' title="bbox 444 5763 2030 5837">
    <p class='ocr_par' dir='ltr' id='par_1_101' title="bbox 444 5763 2030 5837">
     <span class='ocr_line' id='line_1_101' title="bbox 444 5763 2030 5837; baseline 0.009 -25"><span class='ocrx_word' id='word_1_722' title='bbox 444 5765 625 5812; x_wconf 78' lang='lat' dir='ltr'><strong>status</strong></span> <span class='ocrx_word' id='word_1_723' title='bbox 666 5769 720 5812; x_wconf 92' lang='lat' dir='ltr'><strong>et</strong></span> <span class='ocrx_word' id='word_1_724' title='bbox 755 5770 932 5815; x_wconf 89' lang='lat' dir='ltr'><strong>motus</strong></span> <span class='ocrx_word' id='word_1_725' title='bbox 981 5772 1066 5817; x_wconf 88' lang='lat' dir='ltr'><strong>est</strong></span> <span class='ocrx_word' id='word_1_726' title='bbox 1111 5763 1182 5829; x_wconf 85' lang='lat' dir='ltr'><strong>id,</strong></span> <span class='ocrx_word' id='word_1_727' title='bbox 1240 5765 1386 5836; x_wconf 89' lang='lat' dir='ltr'><strong>quod</strong></span> <span class='ocrx_word' id='word_1_728' title='bbox 1419 5781 1583 5837; x_wconf 86' lang='lat' dir='ltr'><strong>supra</strong></span> <span class='ocrx_word' id='word_1_729' title='bbox 1622 5783 1842 5824; x_wconf 89' lang='lat' dir='ltr'><strong>omnem</strong></span> <span class='ocrx_word' id='word_1_730' title='bbox 1909 5787 2030 5826; x_wconf 82' lang='lat' dir='ltr'><strong>tuo-</strong></span> 
     </span>
    </p>
   </div>
   <div class='ocr_carea' id='block_1_102' title="bbox 511 5872 1506 5958">
    <p class='ocr_par' dir='ltr' id='par_1_102' title="bbox 511 5872 1506 5958">
     <span class='ocr_line' id='line_1_102' title="bbox 511 5872 1506 5958; baseline 0.011 -36"><span class='ocrx_word' id='word_1_731' title='bbox 511 5874 585 5938; x_wconf 83' lang='grc' dir='ltr'><strong>(ι)</strong></span> <span class='ocrx_word' id='word_1_732' title='bbox 611 5872 800 5924; x_wconf 84' lang='lat' dir='ltr'><strong>inclusa</strong></span> <span class='ocrx_word' id='word_1_733' title='bbox 841 5880 1025 5930; x_wconf 84' lang='lat' dir='ltr'><strong>addidit</strong></span> <span class='ocrx_word' id='word_1_734' title='bbox 1066 5883 1218 5934; x_wconf 89' lang='lat' dir='ltr'><strong>Zinus</strong></span> <span class='ocrx_word' id='word_1_735' title='bbox 1257 5881 1506 5958; x_wconf 79' lang='lat' dir='ltr'><strong>interpres</strong></span> 
     </span>
    </p>
   </div>
   <div class='ocr_carea' id='block_1_103' title="bbox 2148 4564 3745 4640">
    <p class='ocr_par' dir='ltr' id='par_1_103' title="bbox 2148 4564 3745 4640">
     <span class='ocr_line' id='line_1_103' title="bbox 2148 4564 3745 4640; baseline -0.001 -17"><span class='ocrx_word' id='word_1_736' title='bbox 2148 4566 2316 4623; x_wconf 72' lang='grc' dir='ltr'>καλὸν</span> <span class='ocrx_word' id='word_1_737' title='bbox 2349 4566 2444 4633; x_wconf 76' lang='grc' dir='ltr'>καὶ</span> <span class='ocrx_word' id='word_1_738' title='bbox 2477 4564 2682 4634; x_wconf 76' lang='grc' dir='ltr'>ἀγαθὸν</span> <span class='ocrx_word' id='word_1_739' title='bbox 2703 4564 2917 4634; x_wconf 75' lang='grc' dir='ltr'>ἐφετὸν,</span> <span class='ocrx_word' id='word_1_740' title='bbox 2947 4567 3044 4618; x_wconf 80' lang='grc' dir='ltr'>καὶ</span> <span class='ocrx_word' id='word_1_741' title='bbox 3072 4565 3326 4634; x_wconf 62' lang='lat' dir='ltr'><strong>epam,</strong></span> <span class='ocrx_word' id='word_1_742' title='bbox 3363 4569 3456 4632; x_wconf 69' lang='grc' dir='ltr'>καὶ</span> <span class='ocrx_word' id='word_1_743' title='bbox 3512 4568 3745 4640; x_wconf 38' lang='grc' dir='ltr'>ἀγαπηε</span> 
     </span>
    </p>
   </div>
   <div class='ocr_carea' id='block_1_104' title="bbox 2145 4655 3740 4727">
    <p class='ocr_par' dir='ltr' id='par_1_104' title="bbox 2145 4655 3740 4727">
     <span class='ocr_line' id='line_1_104' title="bbox 2145 4655 3740 4727; baseline 0.005 -19"><span class='ocrx_word' id='word_1_744' title='bbox 2145 4656 2260 4722; x_wconf 79' lang='grc' dir='ltr'>τὸν,</span> <span class='ocrx_word' id='word_1_745' title='bbox 2288 4657 2385 4721; x_wconf 71' lang='grc' dir='ltr'>καὶ</span> <span class='ocrx_word' id='word_1_746' title='bbox 2417 4655 2678 4725; x_wconf 76' lang='grc' dir='ltr'>ἀγαστόν.</span> <span class='ocrx_word' id='word_1_747' title='bbox 2727 4656 3004 4726; x_wconf 79' lang='grc' dir='ltr'>Τολμήσει</span> <span class='ocrx_word' id='word_1_748' title='bbox 3050 4657 3107 4725; x_wconf 61' lang='grc' dir='ltr'><strong>δέ</strong></span> <span class='ocrx_word' id='word_1_749' title='bbox 3133 4659 3228 4722; x_wconf 66' lang='grc' dir='ltr'>καὶ</span> <span class='ocrx_word' id='word_1_750' title='bbox 3277 4657 3437 4725; x_wconf 86' lang='grc' dir='ltr'>τοῦτο</span> <span class='ocrx_word' id='word_1_751' title='bbox 3491 4661 3670 4727; x_wconf 61' lang='grc' dir='ltr'>εἰπεῖν</span> <span class='ocrx_word' id='word_1_752' title='bbox 3706 4663 3740 4715; x_wconf 81' lang='grc' dir='ltr'><em>ὁ</em></span> 
     </span>
    </p>
   </div>
   <div class='ocr_carea' id='block_1_105' title="bbox 2145 4747 3739 4823">
    <p class='ocr_par' dir='ltr' id='par_1_105' title="bbox 2145 4747 3739 4823">
     <span class='ocr_line' id='line_1_105' title="bbox 2145 4747 3739 4823; baseline 0.006 -23"><span class='ocrx_word' id='word_1_753' title='bbox 2145 4748 2327 4823; x_wconf 83' lang='grc' dir='ltr'>λόγος,</span> <span class='ocrx_word' id='word_1_754' title='bbox 2351 4749 2435 4806; x_wconf 83' lang='grc' dir='ltr'>ὅτι</span> <span class='ocrx_word' id='word_1_755' title='bbox 2454 4751 2549 4818; x_wconf 74' lang='grc' dir='ltr'>καὶ</span> <span class='ocrx_word' id='word_1_756' title='bbox 2576 4748 2638 4802; x_wconf 82' lang='grc' dir='ltr'>τὸ</span> <span class='ocrx_word' id='word_1_757' title='bbox 2674 4748 2749 4820; x_wconf 85' lang='grc' dir='ltr'>μὴ</span> <span class='ocrx_word' id='word_1_758' title='bbox 2779 4747 2840 4816; x_wconf 60' lang='grc' dir='ltr'>ἂν</span> <span class='ocrx_word' id='word_1_759' title='bbox 2863 4750 3082 4820; x_wconf 80' lang='grc' dir='ltr'>μετέχει</span> <span class='ocrx_word' id='word_1_760' title='bbox 3123 4749 3218 4817; x_wconf 79' lang='grc' dir='ltr'><strong>τοῦ</strong></span> <span class='ocrx_word' id='word_1_761' title='bbox 3267 4751 3434 4804; x_wconf 83' lang='grc' dir='ltr'>καλοῦ</span> <span class='ocrx_word' id='word_1_762' title='bbox 3465 4751 3560 4811; x_wconf 78' lang='grc' dir='ltr'>καὶ</span> <span class='ocrx_word' id='word_1_763' title='bbox 3587 4754 3739 4820; x_wconf 56' lang='grc' dir='ltr'>ἀγαῖ-</span> 
     </span>
    </p>
   </div>
   <div class='ocr_carea' id='block_1_106' title="bbox 2145 4839 3739 4913">
    <p class='ocr_par' dir='ltr' id='par_1_106' title="bbox 2145 4839 3739 4913">
     <span class='ocr_line' id='line_1_106' title="bbox 2145 4839 3739 4913; baseline 0.004 -19"><span class='ocrx_word' id='word_1_764' title='bbox 2145 4839 2262 4896; x_wconf 90' lang='grc' dir='ltr'>θοῦ.</span> <span class='ocrx_word' id='word_1_765' title='bbox 2289 4841 2426 4895; x_wconf 87' lang='grc' dir='ltr'>Τότε</span> <span class='ocrx_word' id='word_1_766' title='bbox 2443 4842 2551 4913; x_wconf 77' lang='grc' dir='ltr'><strong>γὰρ</strong></span> <span class='ocrx_word' id='word_1_767' title='bbox 2581 4842 2744 4897; x_wconf 81' lang='grc' dir='ltr'>καλὸν</span> <span class='ocrx_word' id='word_1_768' title='bbox 2775 4840 2870 4896; x_wconf 79' lang='grc' dir='ltr'>καὶ</span> <span class='ocrx_word' id='word_1_769' title='bbox 2917 4842 3051 4910; x_wconf 64' lang='grc' dir='ltr'>αὐτὸ</span> <span class='ocrx_word' id='word_1_770' title='bbox 3074 4845 3166 4898; x_wconf 69' lang='grc' dir='ltr'>καὶ</span> <span class='ocrx_word' id='word_1_771' title='bbox 3199 4844 3428 4912; x_wconf 77' lang='grc' dir='ltr'>ἀγαθὸν,</span> <span class='ocrx_word' id='word_1_772' title='bbox 3451 4845 3581 4898; x_wconf 83' lang='grc' dir='ltr'>ὅταν</span> <span class='ocrx_word' id='word_1_773' title='bbox 3639 4848 3739 4901; x_wconf 77' lang='grc' dir='ltr'><strong>ἐπὶ</strong></span> 
     </span>
    </p>
   </div>
   <div class='ocr_carea' id='block_1_107' title="bbox 2143 4930 3735 5005">
    <p class='ocr_par' dir='ltr' id='par_1_107' title="bbox 2143 4930 3735 5005">
     <span class='ocr_line' id='line_1_107' title="bbox 2143 4930 3735 5005; baseline 0.004 -21"><span class='ocrx_word' id='word_1_774' title='bbox 2143 4931 2281 4985; x_wconf 90' lang='grc' dir='ltr'>Θεοῦ</span> <span class='ocrx_word' id='word_1_775' title='bbox 2316 4933 2460 4988; x_wconf 88' lang='grc' dir='ltr'><strong>κατά</strong></span> <span class='ocrx_word' id='word_1_776' title='bbox 2496 4933 2793 5004; x_wconf 77' lang='grc' dir='ltr'>ἀφαίρεσιν</span> <span class='ocrx_word' id='word_1_777' title='bbox 2857 4934 3116 5005; x_wconf 83' lang='grc' dir='ltr'>λέγηται,</span> <span class='ocrx_word' id='word_1_778' title='bbox 3150 4930 3264 4990; x_wconf 78' lang='grc' dir='ltr'>οἷον</span> <span class='ocrx_word' id='word_1_779' title='bbox 3295 4936 3378 4989; x_wconf 81' lang='grc' dir='ltr'>ὅτι</span> <span class='ocrx_word' id='word_1_780' title='bbox 3407 4937 3436 4988; x_wconf 82' lang='grc' dir='ltr'><em>ὁ</em></span> <span class='ocrx_word' id='word_1_781' title='bbox 3479 4934 3612 4997; x_wconf 81' lang='grc' dir='ltr'>Θεὸς</span> <span class='ocrx_word' id='word_1_782' title='bbox 3669 4935 3735 4991; x_wconf 79' lang='grc' dir='ltr'>ἀ-</span> 
     </span>
    </p>
   </div>
   <div class='ocr_carea' id='block_1_108' title="bbox 2147 5026 3731 5100">
    <p class='ocr_par' dir='ltr' id='par_1_108' title="bbox 2147 5026 3731 5100">
     <span class='ocr_line' id='line_1_108' title="bbox 2147 5026 3731 5100; baseline 0.007 -25"><span class='ocrx_word' id='word_1_783' title='bbox 2147 5039 2385 5091; x_wconf 80' lang='grc' dir='ltr'>κτιστος,</span> <span class='ocrx_word' id='word_1_784' title='bbox 2411 5026 2667 5097; x_wconf 81' lang='grc' dir='ltr'>ᾇναρχος,</span> <span class='ocrx_word' id='word_1_785' title='bbox 2707 5027 2982 5100; x_wconf 86' lang='grc' dir='ltr'>ἀόριστος,</span> <span class='ocrx_word' id='word_1_786' title='bbox 3005 5032 3100 5092; x_wconf 77' lang='grc' dir='ltr'>καὶ</span> <span class='ocrx_word' id='word_1_787' title='bbox 3126 5031 3194 5082; x_wconf 71' lang='grc' dir='ltr'>τὰ</span> <span class='ocrx_word' id='word_1_788' title='bbox 3233 5030 3480 5096; x_wconf 87' lang='grc' dir='ltr'>τοιαῦτα,</span> <span class='ocrx_word' id='word_1_789' title='bbox 3509 5030 3610 5082; x_wconf 84' lang='grc' dir='ltr'>ὅσα</span> <span class='ocrx_word' id='word_1_790' title='bbox 3632 5028 3731 5086; x_wconf 70' lang='grc' dir='ltr'><strong>τοῦ</strong></span> 
     </span>
    </p>
   </div>
   <div class='ocr_carea' id='block_1_109' title="bbox 2148 5106 3830 5196">
    <p class='ocr_par' dir='ltr' id='par_1_109' title="bbox 2148 5106 3830 5196">
     <span class='ocr_line' id='line_1_109' title="bbox 2148 5106 3830 5196; baseline 0.003 -29"><span class='ocrx_word' id='word_1_791' title='bbox 2148 5116 2223 5185; x_wconf 81' lang='grc' dir='ltr'>μὴ</span> <span class='ocrx_word' id='word_1_792' title='bbox 2251 5116 2401 5196; x_wconf 79' lang='grc' dir='ltr'>ὄντος</span> <span class='ocrx_word' id='word_1_793' title='bbox 2455 5117 2748 5196; x_wconf 80' lang='grc' dir='ltr'>δηλωτικὰ.</span> <span class='ocrx_word' id='word_1_794' title='bbox 2814 5120 3060 5190; x_wconf 79' lang='grc' dir='ltr'>Ἐφίεται</span> <span class='ocrx_word' id='word_1_795' title='bbox 3129 5121 3240 5194; x_wconf 78' lang='grc' dir='ltr'><strong>γὰρ</strong></span> <span class='ocrx_word' id='word_1_796' title='bbox 3299 5119 3465 5173; x_wconf 82' lang='grc' dir='ltr'>αὐτοῦ</span> <span class='ocrx_word' id='word_1_797' title='bbox 3519 5120 3733 5190; x_wconf 78' lang='grc' dir='ltr'>τρόπον</span> <span class='ocrx_word' id='word_1_798' title='bbox 3827 5106 3830 5107; x_wconf 13' lang='grc' dir='ltr'><em>ν</em></span> 
     </span>
    </p>
   </div>
   <div class='ocr_carea' id='block_1_110' title="bbox 2140 5207 3734 5293">
    <p class='ocr_par' dir='ltr' id='par_1_110' title="bbox 2140 5207 3734 5293">
     <span class='ocr_line' id='line_1_110' title="bbox 2140 5207 3734 5293; baseline 0.005 -34"><span class='ocrx_word' id='word_1_799' title='bbox 2140 5208 2264 5260; x_wconf 84' lang='grc' dir='ltr'>τινὰ</span> <span class='ocrx_word' id='word_1_800' title='bbox 2297 5207 2394 5275; x_wconf 66' lang='grc' dir='ltr'>καὶ</span> <span class='ocrx_word' id='word_1_801' title='bbox 2427 5211 2560 5274; x_wconf 80' lang='grc' dir='ltr'>αὐτὸ</span> <span class='ocrx_word' id='word_1_802' title='bbox 2588 5213 2649 5267; x_wconf 86' lang='grc' dir='ltr'><strong>τὸ</strong></span> <span class='ocrx_word' id='word_1_803' title='bbox 2675 5213 2752 5293; x_wconf 78' lang='grc' dir='ltr'>μὴ</span> <span class='ocrx_word' id='word_1_804' title='bbox 2783 5213 2864 5282; x_wconf 80' lang='grc' dir='ltr'>ὃν,</span> <span class='ocrx_word' id='word_1_805' title='bbox 2907 5214 3002 5267; x_wconf 75' lang='grc' dir='ltr'>καὶ</span> <span class='ocrx_word' id='word_1_806' title='bbox 3025 5213 3321 5283; x_wconf 77' lang='grc' dir='ltr'>φιλονεικεῖ</span> <span class='ocrx_word' id='word_1_807' title='bbox 3344 5230 3462 5280; x_wconf 84' lang='grc' dir='ltr'><strong>πως</strong></span> <span class='ocrx_word' id='word_1_808' title='bbox 3501 5214 3558 5266; x_wconf 83' lang='grc' dir='ltr'>ὲν</span> <span class='ocrx_word' id='word_1_809' title='bbox 3580 5212 3734 5287; x_wconf 69' lang='grc' dir='ltr'>αὐτῷ</span> 
     </span>
    </p>
   </div>
   <div class='ocr_carea' id='block_1_111' title="bbox 2141 5294 2307 5356">
    <p class='ocr_par' dir='ltr' id='par_1_111' title="bbox 2141 5294 2307 5356">
     <span class='ocr_line' id='line_1_111' title="bbox 2141 5294 2307 5356; baseline 0.018 -4"><span class='ocrx_word' id='word_1_810' title='bbox 2141 5294 2307 5356; x_wconf 83' lang='grc' dir='ltr'>εἶναι.</span> 
     </span>
    </p>
   </div>
   <div class='ocr_carea' id='block_1_112' title="bbox 2758 5491 3114 5558">
    <p class='ocr_par' dir='ltr' id='par_1_112' title="bbox 2758 5491 3114 5558">
     <span class='ocr_line' id='line_1_112' title="bbox 2758 5491 3114 5558; baseline 0.006 -14"><span class='ocrx_word' id='word_1_811' title='bbox 2758 5491 2869 5554; x_wconf 83' lang='grc' dir='ltr'>Τοῦ</span> <span class='ocrx_word' id='word_1_812' title='bbox 2905 5491 3114 5558; x_wconf 68' lang='grc' dir='ltr'>αὐτοῦ,</span> 
     </span>
    </p>
   </div>
   <div class='ocr_carea' id='block_1_113' title="bbox 2212 5579 3717 5654">
    <p class='ocr_par' dir='ltr' id='par_1_113' title="bbox 2212 5579 3717 5654">
     <span class='ocr_line' id='line_1_113' title="bbox 2212 5579 3717 5654; baseline 0 -20"><span class='ocrx_word' id='word_1_813' title='bbox 2212 5581 2278 5634; x_wconf 83' lang='grc' dir='ltr'><strong>Αἱ</strong></span> <span class='ocrx_word' id='word_1_814' title='bbox 2318 5582 2533 5646; x_wconf 85' lang='grc' dir='ltr'>στάσεις</span> <span class='ocrx_word' id='word_1_815' title='bbox 2565 5585 2734 5649; x_wconf 77' lang='grc' dir='ltr'>πᾶσαι</span> <span class='ocrx_word' id='word_1_816' title='bbox 2773 5585 2866 5643; x_wconf 76' lang='grc' dir='ltr'>καὶ</span> <span class='ocrx_word' id='word_1_817' title='bbox 2927 5585 2982 5636; x_wconf 90' lang='grc' dir='ltr'><strong>αἰ</strong></span> <span class='ocrx_word' id='word_1_818' title='bbox 3018 5585 3261 5654; x_wconf 81' lang='grc' dir='ltr'>κινήσεις</span> <span class='ocrx_word' id='word_1_819' title='bbox 3312 5585 3374 5637; x_wconf 81' lang='grc' dir='ltr'>ὲκ</span> <span class='ocrx_word' id='word_1_820' title='bbox 3427 5582 3519 5648; x_wconf 81' lang='grc' dir='ltr'><strong>τοῦ</strong></span> <span class='ocrx_word' id='word_1_821' title='bbox 3549 5579 3717 5638; x_wconf 82' lang='grc' dir='ltr'>καλοῦ</span> 
     </span>
    </p>
   </div>
   <div class='ocr_carea' id='block_1_114' title="bbox 2140 5676 3722 5754">
    <p class='ocr_par' dir='ltr' id='par_1_114' title="bbox 2140 5676 3722 5754">
     <span class='ocr_line' id='line_1_114' title="bbox 2140 5676 3722 5754; baseline 0 -25"><span class='ocrx_word' id='word_1_822' title='bbox 2140 5679 2231 5730; x_wconf 70' lang='grc' dir='ltr'><strong>καὶ</strong></span> <span class='ocrx_word' id='word_1_823' title='bbox 2254 5676 2461 5754; x_wconf 83' lang='grc' dir='ltr'>ἀγαθοῦ</span> <span class='ocrx_word' id='word_1_824' title='bbox 2489 5678 2663 5742; x_wconf 59' lang='grc' dir='ltr'>εἰσιν,</span> <span class='ocrx_word' id='word_1_825' title='bbox 2697 5678 2752 5730; x_wconf 78' lang='grc' dir='ltr'><strong>αἱ</strong></span> <span class='ocrx_word' id='word_1_826' title='bbox 2784 5677 2892 5730; x_wconf 82' lang='grc' dir='ltr'><strong>τῶν</strong></span> <span class='ocrx_word' id='word_1_827' title='bbox 2945 5679 3104 5743; x_wconf 79' lang='grc' dir='ltr'>νόων,</span> <span class='ocrx_word' id='word_1_828' title='bbox 3138 5679 3194 5730; x_wconf 83' lang='grc' dir='ltr'><strong>αἰ</strong></span> <span class='ocrx_word' id='word_1_829' title='bbox 3230 5679 3339 5731; x_wconf 82' lang='grc' dir='ltr'>τῶν</span> <span class='ocrx_word' id='word_1_830' title='bbox 3391 5677 3602 5748; x_wconf 73' lang='grc' dir='ltr'>ψυχῶν,</span> <span class='ocrx_word' id='word_1_831' title='bbox 3664 5677 3722 5743; x_wconf 78' lang='grc' dir='ltr'>αἱ,</span> 
     </span>
    </p>
   </div>
   <div class='ocr_carea' id='block_1_115' title="bbox 2138 5769 3722 5845">
    <p class='ocr_par' dir='ltr' id='par_1_115' title="bbox 2138 5769 3722 5845">
     <span class='ocr_line' id='line_1_115' title="bbox 2138 5769 3722 5845; baseline -0.002 -21"><span class='ocrx_word' id='word_1_832' title='bbox 2138 5769 2246 5824; x_wconf 81' lang='grc' dir='ltr'>τῶν</span> <span class='ocrx_word' id='word_1_833' title='bbox 2277 5772 2570 5839; x_wconf 72' lang='grc' dir='ltr'>σωμάτων.</span> <span class='ocrx_word' id='word_1_834' title='bbox 2600 5771 2797 5835; x_wconf 75' lang='grc' dir='ltr'>Στάσις</span> <span class='ocrx_word' id='word_1_835' title='bbox 2823 5771 2932 5842; x_wconf 80' lang='grc' dir='ltr'>γάρ</span> <span class='ocrx_word' id='word_1_836' title='bbox 2977 5775 3096 5827; x_wconf 79' lang='grc' dir='ltr'>ἐστι</span> <span class='ocrx_word' id='word_1_837' title='bbox 3137 5774 3293 5837; x_wconf 66' lang='grc' dir='ltr'>πᾶσι,</span> <span class='ocrx_word' id='word_1_838' title='bbox 3353 5775 3446 5825; x_wconf 71' lang='grc' dir='ltr'>καὶ</span> <span class='ocrx_word' id='word_1_839' title='bbox 3508 5771 3722 5845; x_wconf 74' lang='grc' dir='ltr'>κίνησις</span> 
     </span>
    </p>
   </div>
  </div>
