4130 6426
374 357 469 423 137

1340 356 1719 418 PANOPLIA
1758 354 2222 417 DOGMATICA.
2266 380 2335 390 -
2374 354 2526 416 TlT.
2576 355 2693 414 Ill.

3561 358 3664 422 138

374 470 469 539 τῆς
492 467 635 538 ὑπὲρ
661 467 847 521 πᾶσαν
880 465 1093 529 στάσιν,
1156 466 1250 520 καὶ
1301 478 1537 538 κίνησιν,
1610 466 1790 535 ίδρύον
1840 465 1968 521 ἕκα-

2074 472 2186 520 tum
2220 464 2649 536 unumquodque
2677 464 2731 519 in
2763 465 2975 521 ratione
3004 466 3226 536 propria
3263 465 3570 535 confirmat,
3602 480 3661 524 et

378 576 501 613 στον
528 560 587 612 ὲν
610 556 688 628 τῷ
715 558 831 625 ἰδίῳ
861 554 1029 626 λόγῳ,
1060 556 1155 610 καὶ
1184 555 1367 611 κινοῦν
1387 557 1481 611 ἐπὶ
1503 559 1604 628 τὴν
1634 556 1773 611 ίδίαν
1804 556 1962 625 κίνη·

373 670 483 706 διν.

986 741 1098 795 Τοῦ
1136 742 1350 797 αὐτοῦ.

456 838 558 890 Ἐκ
576 835 735 902 Θεοῦ,
763 835 860 889 καὶ
894 837 953 888 ὲν
996 834 1116 905 Θεῷ
1157 836 1254 889 καὶ
1282 835 1416 889 αὐτὸ
1437 836 1500 888 τὸ
1553 831 1717 901 εἶναι,
1750 838 1846 891 καὶ
1903 838 1961 891 ai

365 931 481 984 τῶν
510 928 680 982 δντων
709 929 932 984 πάντων
968 928 1160 1000 ἀρχαὶ,
1220 929 1316 982 καὶ
1344 930 1412 982 τὰ
1445 927 1576 982 ὅντα
1621 931 1827 992 πάντα,
1867 929 1962 983 καὶ

365 1025 440 1078 τὰ
464 1022 720 1092 ἀλλήλοις
745 1020 986 1075 ἐναντία.
1026 1022 1134 1074 Kal
1159 1020 1319 1075 τοῦτο
1385 1021 1654 1092 ἀσχέτως,
1688 1024 1786 1076 καὶ
1811 1023 1961 1087 ἐξαι-

368 1118 574 1187 ρέτως,
606 1116 703 1170 καὶ
737 1115 1210 1186 συνειλημμένως,
1255 1115 1352 1168 καὶ
1380 1114 1619 1177 ὲνιαίως.
1679 1116 1789 1169 Καὶ
1853 1116 1963 1187 γὰρ

367 1209 470 1263 καὶ
498 1210 563 1261 ὲν
597 1208 786 1277 μονάδι
813 1209 923 1270 πᾶς
953 1207 1189 1277 ἀριθμὸς
1246 1206 1495 1271 ὲνοειδῶς
1549 1208 1963 1279 προῦςέστηκε,

370 1302 472 1354 καὶ
496 1299 615 1369 ἔχει
645 1300 826 1354 πάντα
850 1298 1089 1369 ἀριθμὸν
1123 1300 1159 1370 ἡ
1195 1299 1364 1368 μονάς
1390 1301 1449 1353 ὲν
1481 1300 1649 1370 ἑαυτῇ
1686 1299 1965 1369 μοναχῶς,

371 1394 452 1453 ὡς·
480 1394 635 1446 αἰτία
670 1393 874 1456 παντὸς
898 1392 1159 1463 ἀριθμοῦ.
1216 1392 1325 1446 Kal
1355 1393 1465 1457 πᾶς
1496 1392 1731 1464 ἀριθμὸς
1755 1392 1964 1463 ἥνωται

372 1487 478 1556 μὲν
500 1488 561 1538 ὲν
590 1488 657 1556 τῇ
688 1484 913 1555 μονάδι·
944 1484 1069 1561 καθ’
1095 1487 1218 1539 ὅσον
1243 1485 1300 1538 δὲ
1327 1485 1429 1554 τῆς
1464 1486 1690 1555 μονάδος
1724 1486 1963 1557 πρόεισι,

377 1580 528 1633 κατὰ
552 1578 808 1631 τοσοῦτον
835 1579 1199 1649 διακρίνεται,
1252 1579 1353 1633 xal
1377 1578 1738 1649 πληθύνεται.
1769 1579 1882 1633 Kal
1907 1580 1965 1632 ἐν

372 1672 593 1741 κέντρῳ
616 1670 673 1722 δὲ
704 1671 877 1723 πᾶσαι
912 1669 1091 1722 αἰτοῦ
1131 1670 1336 1724 κύκλου
1369 1672 1630 1741 γραμμαὶ
1664 1672 1805 1724 κατὰ
1833 1671 1965 1740 μίαν

368 1767 576 1819 ἕνωσιν
600 1763 1070 1833 συνυφεστήκασι,
1096 1763 1191 1815 καὶ⁵
1212 1763 1389 1825 πάσας
1406 1763 1532 1833 exe:
1558 1764 1620 1817 τὸ
1650 1762 1878 1835 κέντρον
1904 1767 1963 1820 ἐν

368 1854 557 1925 ἑαυτῷ
594 1855 695 1916 τὰς
726 1853 947 1916 εὐθείας
984 1852 1234 1916 ἑνοειδῶς
1278 1855 1568 1925 ήνωμὲνας
1597 1857 1736 1924 πρός
1765 1874 1825 1911 τε
1875 1858 1970 1911 ἀλ.

364 1948 568 2017 λήλας,
601 1947 702 1999 καὶ
761 1946 899 2016 πρὸς
944 1946 1046 2016 τὴν
1103 1945 1233 2015 μίαν
1291 1947 1487 2018 ἀρχὴν,
1522 1945 1708 2022 ἀφ’ἦς
1763 1950 1970 2020 προῆλ.

368 2040 485 2094 Θον.
519 2039 636 2092 Καὶ
670 2038 729 2092 ἐν
751 2036 904 2105 αὐτῷ
965 2037 1065 2105 μὲν
1109 2036 1186 2107 τῷ
1222 2038 1433 2109 κέντρῳ
1473 2040 1757 2104 παντελῶς
1798 2041 1971 2109 ἦνων-

366 2150 484 2197 ται,
525 2132 705 2203 βραχὺ
753 2130 813 2183 δὲ
856 2130 1169 2195 διαστᾶσαι,
1194 2130 1367 2202 βραχὺ
1405 2131 1501 2186 καὶ
1564 2131 1809 2203 ἀλλήλων
1857 2133 1971 2188 δια-

368 2227 685 2295 κρίνονται.
708 2223 925 2279 Μᾶλλον
963 2223 1020 2276 δὲ
1065 2223 1231 2277 αὐτοῦ
1263 2225 1590 2293 ἀποστᾶσαι,
1636 2226 1837 2296 μᾶλλον
1876 2228 1971 2280 καὶ

370 2316 632 2385 ἀλλήλων
666 2314 1020 2382 ἀφίστανται.
1039 2313 1203 2367 Ἀλλὰ
1244 2314 1342 2368 καὶ
1374 2316 1433 2368 ὲν
1463 2317 1527 2386 τῇ
1566 2316 1664 2387 ὅλῃ
1690 2315 1801 2371 τῶν
1829 2316 1969 2371 ὅλων

366 2408 537 2478 φύσει
603 2406 807 2467 πάντες
849 2406 899 2457 ei
942 2404 1093 2473 λόγοι
1150 2405 1251 2474 τῆς
1304 2405 1427 2459 καθ’
1475 2407 1707 2461 ἕκαστον
1754 2407 1970 2477 φύσεως

370 2500 808 2569 συνειλημμένοι
834 2499 945 2552 εἰσὶ
974 2499 1117 2553 κατὰ
1144 2499 1245 2569 τὴν
1277 2500 1587 2570 ἁσύγχυτον
1616 2501 1829 2554 ἕνωσιν.
1859 2503 1970 2555 Καὶ

366 2596 428 2645 ὲν
470 2595 539 2661 τῇ
564 2590 712 2661 ψυχῇ
746 2590 803 2642 δὲ
832 2589 1120 2658 μονοειδῶς
1148 2591 1204 2643 αἱ
1227 2591 1336 2643 τῶν
1369 2592 1509 2645 κατὰ
1555 2594 1720 2663 μέρος
1749 2593 1970 2647 πάντων

367 2685 739 2755 προνοητικαὶ
760 2680 856 2734 τοῦ
885 2682 1011 2735 ὅλου
1043 2682 1295 2753 σώματος
1351 2684 1634 2754 δυνάμεις.
1668 2686 1841 2739 Οὐδὲν
1871 2682 1969 2739 οὖν

365 2776 582 2829 ἄτοπον
613 2772 675 2837 ἐξ
699 2773 958 2842 ἀμυδρῶν
993 2775 1221 2827 εἰκόνων
1264 2776 1359 2828 ἐπὶ
1417 2776 1477 2828 τὸ
1514 2776 1737 2831 πάντων
1795 2777 1969 2831 αἴτιον

364 2867 681 2929 ἀναϐάντες
713 2866 1113 2936 ὑπερκοσμίοις
1135 2866 1436 2937 ὀφθαλμοῖς
1462 2868 1741 2939 θεωρῆσαι
1782 2871 1966 2925 πάντα

362 2964 426 3013 ἐν
447 2962 527 3030 τῷ
560 2960 784 3015 πάντων
809 2960 971 3029 αἰτίῳ
1001 2958 1293 3029 μονοειδῶς
1332 2962 1427 3014 καὶ
1462 2960 1781 3033 ἡνωμὲνως.

995 3143 1106 3197 Τοῦ
1143 3141 1351 3196 αὐτοῦ.

444 3238 624 3307 Εἴπερ
678 3237 707 3287 ό
766 3234 888 3287 καθ’
944 3236 1092 3304 ἡμᾶς
1137 3234 1289 3304 ἥλιος
1351 3233 1450 3297 τὰς
1509 3203 1622 3287 τῶν
1679 3234 1955 3307 αἰσθητῶν

366 3335 571 3395 οὐσίας
625 3330 723 3383 καὶ
774 3330 1091 3398 ποιότητας,
1128 3326 1311 3379 καίτοι
1376 3326 1577 3388 πολλὰς
1625 3328 1719 3380 καὶ
1777 3328 1965 3398 διαφό..

374 3444 503 3497 ρους
531 3424 725 3488 οὔσας,
761 3417 842 3486 εἷς
867 3421 1031 3484 αὐτὸς
1064 3420 1163 3487 ὢν,
1194 3420 1288 3474 καὶ
1328 3418 1603 3490 μονοειδὲς
1635 3419 1966 3489 ἐπιλάμπων

376 3520 494 3586 φῶς
526 3517 681 3581 ζωοί,
717 3516 814 3569 καὶ
859 3514 1074 3584 τρέφει,
1110 3512 1206 3567 καὶ
1249 3510 1426 3577 αὔξει,
1474 3514 1569 3567 κα)⁸
1612 3513 1833 3580 τελειοῖ,
1867 3516 1967 3585 καὶ

379 3612 635 3680 φρουρεῖ,
662 3610 759 3662 καὶ
787 3608 1078 3685 διακρίνει,
1102 3606 1198 3657 καὶ
1226 3605 1360 3672 ἑνοῖ,
1387 3606 1483 3657 καὶ
1519 3606 1848 3672 ἀναθάλπει,
1872 3608 1968 3661 καὶ

382 3702 483 3769 ’τόν
512 3720 588 3769 μα
608 3697 747 3754 εἶναι
778 3703 942 3765 ποιεῖ,
967 3700 1064 3752 καὶ
1093 3696 1435 3762 ἐξαλλάττει,
1460 3698 1554 3750 καὶ
1577 3698 1836 3768 ὲνιδρύει,
1872 3701 1966 3754 καὶ

386 3794 604 3863 ἐκφύει,
634 3795 724 3848 καὶ
758 3795 1030 3861 ἀνακινεῖ,
1061 3795 1155 3847 καὶ
1184 3792 1417 3846 ἕκαστον
1444 3791 1552 3843 τῶν
1579 3792 1718 3845 ὅλων
1749 3793 1965 3855 οἰκείως

374 3886 567 3957 ἑαυτῷ
600 3886 690 3940 τοῦ
726 3887 847 3948 ἑνὸς
876 3886 975 3939 καὶ
1002 3884 1205 3938 ταυτοῦ
1243 3883 1399 3954 ἡλίου
1442 3883 1692 3953 μετέχει,
1731 3884 1830 3936 καὶ
1867 3884 1965 3944 τὰς

372 3982 486 4035 τῶν
516 3980 734 4032 πολλῶν
793 3977 1038 4049 μετοχῶν
1085 3978 1268 4039 αἰτίας
1305 3978 1332 4028 ὁ
1362 3970 1443 4042 εἷς
1491 3978 1645 4046 ἣλιος
1680 3980 1737 4030 ὲν
1786 3977 1967 4047 ἐαυτῷ

385 4073 679 4143 μονοειδῶς
715 4074 956 4142 προέχει,
992 4070 1088 4124 καὶ
1128 4069 1377 4140 περιέχει
1402 4087 1416 4101 ⁸
1448 4070 1630 4140 πολλῷ
1669 4069 1869 4138 μᾶλλον
1911 4072 1966 4124 ἐν

382 4168 445 4235 τῇ
467 4166 563 4219 καὶ
595 4164 765 4217 αὐτοῦ
799 4163 890 4215 τοῦ
923 4161 1075 4234 ἡλίου
1105 4162 1198 4215 καὶ
1230 4162 1447 4215 πάντων
1482 4162 1592 4217 τῶν
1617 4161 1788 4215 ὄντων
1815 4163 1969 4233 αἰτίᾳ,

380 4256 800 4329 προῦφεστάναι
838 4257 907 4309 τὰ
936 4254 1160 4309 πάντων
1185 4253 1300 4306 τῶν
1333 4255 1505 4307 ὄντων
1538 4254 1971 4325 παραδείγματα

376 4352 520 4404 κατὰ
545 4350 677 4421 μίαν
708 4347 1036 4416 ὑπερούσιον
1067 4346 1264 4400 ἕνωσιν
1307 4346 1717 4416 συγχωρητέον.
1773 4347 1965 4416 Παρα-

373 4445 658 4512 δείγματα
686 4441 743 4493 δὲ
773 4439 866 4493 νῦν
896 4440 1133 4508 λέγομεν
1166 4438 1290 4501 τοὺς
1320 4439 1379 4489 ἐν
1403 4437 1521 4507 Θεῷ
1552 4437 1768 4500 ἐνιαίως
1803 4442 1971 4507 προῦ-

373 4534 691 4604 ςεςτῶτας,
725 4534 820 4585 καὶ
842 4531 1184 4592 οὑειοποιοὺς
1211 4530 1319 4582 τῶν
1360 4529 1530 4582 ὄντων
1558 4528 1774 4598 λόγους,
1814 4529 1907 4593 οὓς
1941 4533 1968 4601 ό

372 4626 681 4688 ἀπόστολος
741 4624 952 4686 Παῦλος
1015 4621 1392 4691 προορισμοὺς
1445 4621 1623 4687 καλεῖ,
1687 4622 1784 4675 καὶ
1845 4622 1967 4677 Οεία

375 4720 667 4789 Θελήματα
692 4718 799 4771 τῶν
823 4717 995 4770 ὄντων
1023 4714 1377 4784 ἀφοριστικά,
1404 4715 1499 4767 καὶ
1525 4717 1811 4784 ποιητικὰ,
1840 4716 1965 4769 καΟτ

374 4813 473 4872 οὒς
513 4812 541 4863 ὁ
589 4808 917 4877 ὑπεροὺσιος
967 4807 1034 4859 τὰ
1092 4806 1221 4858 ὄντα
1272 4805 1449 4859 πάντα
1503 4806 1807 4876 προώρισε,
1870 4808 1968 4860 xal

377 4902 702 4974 παρήγαγε,
734 4901 919 4953 Πάντα
964 4898 1059 4951 οὖν
1095 4897 1313 4960 ἐνιαίως
1352 4898 1601 4969 προέχει,
1634 4900 1729 4950 καὶ
1785 4899 1965 4953 πάντα

373 4996 630 5065 περιέχει
660 4994 801 5046 κατά
828 4992 926 5063 τὴν
960 4992 1443 5061 ὐτιερηπλωμένην
1473 4990 1734 5062 ἀπειρίαν
1768 4989 1963 5056 αὐτοῦ,

374 5092 478 5142 καὶ
518 5090 659 5156 πρὸς
688 5084 904 5137 πάντων
944 5084 1143 5144 ἑνικῶς
1198 5083 1510 5153 μετέχεται,
1563 5082 1817 5154 καθάπερ
1874 5087 1977 5137 καὶΔ

371 5180 534 5253 φωνὴ
582 5180 682 5249 μία
714 5178 806 5232 καὶ
844 5180 877 5248 ἡ
926 5177 1065 5247 αὑτὴ
1108 5177 1242 5247 πρὸς
1294 5174 1508 5229 πολλῶν
1550 5175 1730 5229 ἀκοῶν
1758 5176 1832 5241 ὡς
1870 5176 1970 5245 μία

373 5279 697 5349 μετέχεται.

994 5364 1105 5418 τοῦ
1145 5363 1354 5417 αὐτοῦ.

452 5464 671 5532 Ὠσπερ
733 5461 783 5512 οἱ
843 5460 991 5527 ἀγιοι
1041 5456 1322 5527 ἄνθρωποι
1369 5451 1514 5517 οῐκος
1555 5454 1806 5522 λέγονται
1870 5457 1965 5509 τοῦ

371 5557 546 5610 θεας.
613 5574 631 5607 ι
674 5553 903 5623 οἰκήσω
934 5552 1066 5619 γὰρ,
1129 5569 1147 5600 ε
1208 5550 1398 5617 φησιν,
1431 5566 1448 5599 ι
1487 5549 1545 5599 ἐν
1595 5549 1804 5613 αὐτοῖς,
1872 5550 1966 5603 καὶ

366 5650 854 5721 ἑμπεριττατήσω·
889 5661 909 5695 ι
943 5641 1089 5694 οὕτω
1137 5642 1231 5694 καὶ
1283 5643 1311 5694 δ
1348 5640 1477 5702 Θεὸς
1507 5635 1657 5704 οἶκός
1709 5642 1825 5694 ἐστι
1858 5643 1965 5697 τῶν

443 5820 459 5849 ⁸
495 5817 539 5872 ll
570 5816 696 5871 Cor.
727 5830 803 5876 vl,
842 5809 929 5863 l7.

699 5912 977 5971 l’amoc.
1022 5901 1138 5961 Gn.
1170 5897 1396 5961 CXXX.

2066 561 2132 613 ad
2171 558 2451 629 pr0prium
2483 560 2690 615 excitat
2716 568 2950 617 motum.

2766 743 3045 810 Ejusdem.

2128 832 2205 888 Ex
2238 833 2371 901 Deo,
2396 841 2452 890 et
2475 835 2532 889 iu
2557 835 2690 902 Deo,
2718 845 2801 891 est
2827 837 2994 892 etiam
3021 837 3202 907 ipsum
3228 854 3372 907 esse,
3398 851 3453 896 et
3474 857 3679 897 rerum,

2066 922 2313 978 omnium
2361 924 2656 994 principia,
2691 934 2747 981 et
2769 941 2891 993 quae
2919 938 3068 991 sunt,
3105 929 3312 991 omnia,
3345 931 3511 985 etiam
3537 948 3660 1001 qua:

2066 1014 2212 1068 inter
2253 1027 2313 1069 se
2363 1025 2496 1069 sunt
2545 1017 2846 1071 contraria.
2901 1015 3043 1073 Sunt
3076 1028 3259 1075 autem
3306 1022 3363 1076 in
3404 1022 3514 1079 Deo
3560 1026 3663 1079 im-

2068 1122 2282 1172 mense,
2315 1113 2371 1161 et
2404 1108 2627 1171 eximie.
2658 1117 2715 1163 et
2752 1109 3114 1179 coniunctim,
3143 1121 3198 1167 ct
3229 1114 3412 1169 unice.
3442 1113 3577 1170 Nam
3607 1128 3663 1171 rt

2066 1196 2123 1252 in
2150 1196 2363 1252 unitate
2392 1198 2574 1253 omnis
2598 1214 2862 1256 numerus
2890 1212 3021 1256 ante
3052 1204 3402 1273 singulariter
3429 1208 3656 1262 exstitit.

2066 1291 2135 1347 Et
2172 1290 2374 1355 unitas,
2407 1300 2467 1345 ut
2496 1292 2677 1349 omnis
2707 1294 2920 1348 numeri
2968 1311 3157 1359 causa,
3195 1299 3355 1354 unice
3380 1299 3431 1352 in
3467 1317 3527 1355 se
3562 1317 3663 1356 nu-

2066 1398 2277 1455 nierum
2313 1397 2534 1437 omnem
2584 1383 2767 1440 habet.
2818 1387 2886 1441 Et
2920 1390 3102 1445 omnis
3140 1404 3410 1451 numerus
3455 1394 3664 1448 unitate

2067 1488 2211 1532 unus
2242 1473 2490 1529 etiicitur.
2523 1473 2800 1541 Quantum
2833 1490 3016 1535 autem
3042 1483 3392 1552 progreditur
3421 1485 3491 1539 ab
3535 1462 3677 1537 uni?

2071 1578 2202 1638 tate,
2229 1568 2492 1624 dividitur
2522 1577 2577 1623 et
2607 1572 3025 1641 multiplicatur.
3061 1573 3122 1627 In
3152 1583 3344 1630 centro
3380 1576 3507 1630 item
3544 1592 3665 1631 om-

2070 1675 2172 1716 nes
2205 1658 2394 1714 circuli
2435 1658 2596 1713 lineae
2630 1676 2753 1731 una
2777 1663 3125 1731 copulatione
3170 1666 3479 1735 conjuncta:
3511 1674 3661 1720 sunt.

2069 1753 2137 1810 Et
2163 1762 2415 1811 centrum
2445 1753 2501 1808 in
2532 1754 2717 1824 seipse
2743 1764 2922 1811 rectas
2953 1771 3149 1813 omnes
3176 1757 3351 1811 lineas
3380 1766 3491 1812 tum
3518 1759 3665 1828 ipsas

2002 1829 2044 1886 Β
2076 1853 2219 1909 inter
2252 1865 2335 1916 se,
2377 1858 2492 1904 tum
2528 1847 2694 1903 etiam
2725 1862 2848 1902 cum
2881 1862 2990 1903 uno
3034 1848 3127 1903 illo
3171 1849 3467 1919 principio,
3500 1865 3530 1904 a
3562 1868 3670 1921 qun

2076 1956 2383 2016 progressae
2426 1947 2578 2006 sunt,
2620 1954 2729 1994 una
2759 1939 2974 1995 ratione
3004 1940 3325 2009 conjunctae
3362 1941 3551 1995 habet.
3592 1942 3669 1996 Ac

2080 2039 2138 2094 in
2218 2036 2340 2106 ipso
2410 2031 2634 2100 quidem
2696 2041 2889 2086 centro
2948 2032 3171 2102 penitus
3230 2033 3663 2103 conjunguntur.

2074 2130 2274 2185 Parum
2311 2136 2497 2184 autem
2543 2125 2613 2179 ab
2655 2140 2723 2180 eo
2759 2126 3055 2191 distantes,
3098 2140 3293 2195 parum
3338 2133 3395 2181 et
3423 2125 3567 2181 inter
3609 2140 3670 2181 se

2074 2224 2299 2281 distant.
2329 2225 2497 2296 Magis
2534 2236 2661 2278 vero
2695 2221 2765 2276 ab
2794 2220 2887 2275 illo
2919 2217 3263 2282 recedentes,
3296 2218 3470 2288 magis
3500 2217 3664 2272 etiam

2074 2336 2104 2375 a
2134 2337 2195 2377 se
2217 2322 2455 2378 vicissim
2484 2318 2773 2375 recedunt.
2796 2312 3072 2367 Praeterea
3106 2310 3163 2364 in
3190 2316 3301 2365 tota
3328 2324 3511 2363 rerum
3541 2310 3667 2364 uni-

2073 2415 2347 2470 versitatis
2380 2426 2575 2470 natura
2616 2423 2809 2468 omnes
2841 2402 3134 2476 singularis
3182 2410 3392 2456 naturai
3424 2401 3669 2456 rationes

2073 2508 2234 2563 simul
2267 2508 2534 2563 devinctae
2562 2520 2713 2564 sunt.
2744 2504 2829 2559 Ad
2854 2504 2971 2557 haec
3000 2496 3394 2553 moderatrices
3424 2495 3670 2565 singulo-

2073 2616 2189 2656 rum
2213 2602 2380 2655 totius
2404 2603 2652 2671 corporis
2676 2599 2823 2654 vires
2847 2597 2903 2650 in
2922 2593 3108 2650 animo
3133 2591 3297 2647 unice
3315 2590 3666 2660 copulantur.

2072 2695 2437 2762 Quamobrem
2479 2694 2781 2749 absurdum
2813 2704 2929 2744 non
2959 2694 3068 2752 est,
3099 2692 3160 2740 ut
3187 2699 3287 2754 per
3312 2682 3578 2739 obscuras
3606 2694 3672 2733 ac

2075 2798 2266 2845 tenues
2304 2788 2572 2858 imagines
2604 2786 2671 2841 ad
2704 2786 2879 2855 ipsam
2915 2793 3100 2835 rerum
3155 2774 3402 2832 omnium
3446 2786 3668 2827 causam

2072 2882 2455 2945 ascendentes,
2487 2879 2664 2935 oculis
2695 2874 2902 2931 mundo
2934 2867 3355 2928 sublimioribus
3385 2864 3568 2921 omnia
3602 2863 3661 2916 in

2072 2977 2189 3044 ipsa
2244 2988 2426 3028 rerum
2477 2987 2642 3027 causa
2687 2965 2953 3039 singulari
2998 2962 3219 3019 vinculo
3266 2959 3560 3030 conjuncta
3609 2969 3670 3011 et

2078 3067 2328 3141 copulata
2357 3063 2823 3134 contemplemur.

2706 3153 2986 3223 Ejusdem.
3040 3156 3053 3165 “

2160 3255 2217 3309 bi
2254 3262 2438 3309 noster
2477 3250 2569 3305 hic
2601 3249 2704 3315 sol,
2735 3246 2986 3317 quamvis
3026 3259 3170 3299 unus
3214 3244 3312 3307 sit,
3347 3255 3403 3298 et
3441 3241 3662 3297 unicam

2073 3347 2250 3401 lucem
2285 3346 2519 3408 emittat,
2558 3353 2666 3396 tam
2712 3340 2914 3395 multas
2946 3347 3149 3404 tamen,
3174 3352 3237 3392 ac
3259 3335 3440 3391 varias
3482 3350 3665 3389 rerum

2075 3437 2362 3501 essentias,
2419 3447 2474 3491 et
2519 3434 2812 3504 qualitates
2864 3432 2970 3486 vita
3014 3430 3204 3491 donat,
3256 3438 3314 3483 et
3360 3428 3555 3491 nutrit,
3611 3436 3667 3481 et

2076 3538 2260 3599 auget,
2288 3540 2344 3583 et
2371 3526 2585 3597 perﬁcit
2605 3535 2663 3579 et
2694 3532 2900 3589 tuetur,
2931 3530 2987 3577 et
3017 3520 3233 3583 dividit,
3256 3530 3311 3573 et
3341 3520 3579 3589 coyulat,
3612 3530 3668 3572 et

2077 3622 2247 3686 fovet,
2293 3629 2350 3675 et
2398 3619 2680 3681 fecundat,
2733 3626 2788 3671 et
2835 3616 3112 3678 immutat,
3148 3622 3203 3667 et
3232 3611 3571 3675 corroborat,
3613 3622 3671 3665 et

2076 3713 2269 3785 gignit,
2316 3722 2373 3765 et
2425 3716 2611 3782 agitat.
2667 3719 2725 3764 et
2770 3723 2858 3762 res
2902 3721 3102 3761 omnes
3146 3719 3246 3774 pro
3295 3719 3398 3759 suo
3441 3717 3669 3773 qumque

2075 3808 2240 3861 modo
2290 3804 2452 3859 unius
2489 3813 2545 3858 et
2594 3800 2844 3872 ejusdem
2887 3800 3023 3855 solis
3063 3797 3361 3869 participes
3405 3804 3567 3859 sunt;
3614 3803 3671 3849 tt

2078 3900 2279 3954 multas
2314 3895 2885 3953 communicationum
2921 3906 3120 3947 causas
3157 3904 3298 3943 unus
3335 3888 3450 3957 ipse
3485 3887 3564 3940 sol
3610 3886 3667 3939 in

2076 3993 2257 4061 seipso
2314 3988 2670 4061 singulariter
2718 3994 2848 4042 ante
2904 3985 3164 4054 possidet,
3214 3990 3381 4050 atque
3426 3979 3669 4050 comple-

2078 4086 2248 4139 ctitur
2280 4102 2292 4138 :
2330 4083 2505 4137 multo
2549 4080 2725 4150 magis
2753 4080 2810 4133 in
2837 4078 2952 4148 ipsa
2983 4087 3099 4131 tum
3137 4074 3287 4139 solis,
3328 4082 3441 4128 tum
3483 4088 3667 4126 rerum

2078 4177 2327 4232 omnium
2356 4191 2524 4231 causa
2557 4189 2654 4245 per
2683 4187 2848 4226 unam
2885 4171 3185 4225 essentiam
3221 4168 3665 4237 praestantiorem

2079 4269 2535 4340 conjunctionem
2594 4266 2749 4335 prius
2797 4265 2979 4319 inesse
3036 4276 3221 4318 rerum
3278 4260 3673 4315 universarum,

2079 4363 2405 4434 exemplaria
2467 4360 2881 4417 concedendum
2936 4364 3046 4413 est.
3105 4353 3451 4423 Exemplaria
3514 4367 3667 4406 nunc

2080 4457 2417 4526 appellamus
2460 4455 2706 4508 rationes
2753 4451 2874 4505 illas
2920 4456 3049 4503 ante
3078 4448 3132 4501 in
3172 4446 3286 4500 Deo
3317 4445 3669 4515 singulariter,

2075 4549 2429 4606 exsistentes,
2452 4555 2507 4598 et
2539 4557 2723 4597 rerum
2758 4540 3066 4595 ell'ectrices
3092 4536 3481 4593 essentiarum.
3516 4536 3669 4601 Quas

2075 4642 2296 4711 quidem
2361 4639 2603 4692 rationes
2654 4634 2856 4689 Paulus
2905 4640 3065 4687 vocat
3119 4628 3681 4700 pradestinationcsn

2076 4734 2400 4800 divinasque
2451 4730 2782 4791 voluntates,
2838 4726 3042 4795 quibus
3087 4738 3179 4779 res
3224 4721 3580 4784 deﬁniuntur,
3608 4731 3669 4774 et

2079 4821 2234 4875 ﬁunt.
2275 4821 2375 4876 Per
2421 4802 2772 4883 lias'omnia,
2813 4833 2935 4888 qua:
2967 4824 3120 4883 sunt,
3173 4816 3244 4883 is,
3282 4814 3376 4883 qui
3420 4816 3671 4868 essentia:

2078 4914 2424 4982 praestantior
2465 4922 2571 4978 est,
2607 4911 2919 4980 praeﬁnivit,
2951 4910 3017 4965 ad
3052 4917 3346 4977 ortumque
3379 4905 3658 4976 produxit.

2074 5007 2420 5075 Quapropter
2451 5006 2722 5061 inﬁnitate
2751 5016 2849 5057 sua
2879 5009 3272 5072 superextensa
3292 5002 3476 5053 omnia
3508 4998 3669 5069 prius,

2071 5099 2419 5167 singulariter
2454 5099 2635 5161 habet,
2660 5106 2714 5150 et
2752 5094 3188 5165 comprehendit,
3227 5101 3282 5147 et
3310 5092 3662 5162 singulariter

2074 5190 2330 5243 omnibus
2367 5188 2826 5250 communicatur,
2855 5182 3315 5254 quemadmodum
3340 5196 3451 5236 una
3491 5196 3594 5235 vox
3628 5196 3660 5234 a
3694 5234 3697 5241 ,

2077 5282 2260 5335 multis
2287 5281 2511 5335 auribus
2552 5292 2608 5333 ut
2641 5295 2745 5333 una
2773 5278 3097 5347 percipitur.

2748 5368 3025 5436 Ejusdem.

2183 5462 2255 5517 Ut
2303 5462 2405 5516 viri
2463 5461 2593 5516 boni
2646 5460 2908 5515 dicuntur
2954 5458 3150 5513 domus
3191 5455 3285 5510 Dei
3316 5473 3361 5509 ει
3392 5451 3659 5508 Habitabo

2077 5556 2246 5621 enim,
2275 5575 2292 5605 ι
2331 5554 2526 5623 inquit,
2570 5571 2586 5603 ι
2634 5552 2688 5605 in
2735 5551 2892 5621 ipsis,
2922 5547 3370 5605 etinambulabo
3400 5545 3416 5573 ¹
3467 5559 3480 5595 :
3516 5559 3535 5591 ι
3576 5541 3649 5593 ita

2076 5648 2347 5706 bonorum
2384 5649 2619 5703 virorum
2660 5644 2853 5700 domus
2897 5652 2981 5698 est
3031 5642 3194 5696 Deus.
3230 5656 3249 5689 ι
3287 5636 3417 5690 Esto
3447 5633 3600 5698 mihi,
3629 5650 3647 5684 ι

3303 5874 3341 5942 5
