4130 6424
374 375 471 440 1ίῦ

1004 488 1112 543 Τοῦ
1141 488 1349 544 αὐτοῦ.

441 582 506 635 Ol
538 580 633 651 μὲν
674 580 944 651 Ἕλληνες
976 582 1037 647 ἐξ
1068 582 1242 636 αῖδίου
1283 581 1539 652 λέγοντες
1587 582 1958 654 συνυπάρχειν

369 675 448 744 τῷ
481 673 601 743 Θεῷ
651 673 751 745 τὴν
807 673 925 730 τῶν
976 674 1145 730 ὄντων
1184 674 1399 738 οὐσίαν,
1455 675 1558 737 τὰς
1607 678 1739 743 περὶ
1789 674 1961 744 αὐτὴν

375 768 672 839 ποιότητας
736 767 974 838 ὓστερον
1029 767 1088 833 te
1144 766 1313 821 αὑτοῦ
1369 766 1671 833 λαϐοῦσαν,
1738 769 1805 836 τῇ
1866 769 1964 836 μὲν

367 862 537 929 οὐσίᾳ
567 860 721 913 οὐδὲν
758 860 1015 927 λέγουσιν
1050 860 1297 914 ἐναντίον
1340 856 1608 926 εἶναι,.ὲν
1657 861 1781 922 sai;
1807 860 1964 913 ποιό-

370 970 505 1020 τησι
527 953 584 1007 δὲ
614 952 804 1022 μόναις
826 948 969 1006 είναι
992 952 1090 1024 τὴν
1116 951 1435 1006 ἐναντίωσιν
1454 966 1470 981 '
1501 954 1663 1023 ἡμεῖς
1709 951 1768 1005 δὲ
1801 951 1963 1021 μόνον

361 1046 471 1117 τὴν
500 1046 657 1099 Θείαν
692 1046 889 1100 οὐσίαν
922 1047 1090 1117 μηδὲν
1131 1044 1279 1115 εχειν
1310 1044 1560 1100 ἐναντίον
1596 1042 1961 1114 δογματίζον-

362 1155 482 1203 τες,
524 1137 601 1201 ὡς
635 1138 805 1208 μόνην
842 1138 1048 1209 κυρίως
1100 1137 1333 1206 ἄπειρον
1368 1139 1437 1208 τῇ
1463 1135 1572 1190 τῶν
1605 1135 1776 1191 ὄντων
1804 1134 1963 1206 οὐσίᾳ

366 1225 623 1280 ἐναντίον
655 1221 795 1279 εἰναι
823 1225 887 1278 τὸ
910 1225 988 1295 μὴ
1010 1224 1069 1279 ὃν
1096 1225 1356 1293 λέγομεν,
1390 1225 1516 1279 ἐπεὶ
1546 1225 1640 1279 καὶ
1663 1225 1727 1277 ὲκ
1760 1221 1853 1278 τοῦ
1889 1224 1964 1293 μὴ

364 1318 527 1382 ὄντος
558 1317 733 1389 αὐτὴν
771 1318 1069 1388 ὑπέστησε.
1106 1318 1217 1371 Καὶ
1246 1317 1465 1372 κείσοαι
1500 1316 1600 1388 μὲν
1630 1319 1691 1370 ὲν
1718 1319 1785 1388 τῇ
1808 1316 1962 1381 ileon.-

367 1410 463 1480 σίᾳ
486 1408 588 1463 τοῦ
620 1410 911 1473 κτίσαντος
944 1409 1005 1462 τὸ
1044 1404 1266 1481 εῐναι,ῆ
1305 1410 1383 1479 μὴ
1415 1405 1560 1462 εἶναι
1590 1408 1784 1478 αὐτὴν,
1828 1408 1960 1477 βοός

366 1503 566 1557 λεσθαι
606 1503 665 1555 δὲ
702 1502 889 1567 αὐτὸν,
940 1503 1017 1565 ὡς
1062 1502 1291 1571 ἀγαθὸν,
1331 1498 1471 1556 εἶναι
1507 1499 1682 1571 αὐτὴν
1710 1500 1806 1554 καὶ
1843 1499 1963 1553 δια-

370 1596 561 1665 μένειν
582 1596 650 1667 τῇ
676 1597 1157 1665 παντοκρατορικῇ
1184 1594 1414 1667 δυνάμει
1446 1590 1615 1649 αὐτοῦ
1637 1594 1965 1663 διακρατουρ

369 1688 550 1758 μένην

998 1778 1111 1835 Τοῦ
1140 1777 1349 1835 αὐτοῦ.

448 1875 609 1928 Πᾶσα
655 1872 812 1927 οὐσία
854 1873 945 1926 τὸν
986 1873 1115 1927 tam
1153 1873 1278 1942 ὅρον
1324 1872 1491 1943 ἑαυτῇ
1543 1870 1964 1939 συνεισάγουσα,

365 1967 655 2019 τουτέστιν
695 1964 1010 2035 ὁριζομένη,
1064 1964 1207 2035 ἁρχὴ
1238 1962 1485 2031 πέφυκεν
1530 1957 1674 2015 εἶναι
1708 1960 1809 2030 τῆς
1850 1962 1969 2014 ὲπι·

368 2057 763 2129 (θεωρουμένης
804 2056 943 2127 αὐτῇ
969 2054 1113 2110 κατὰ
1158 2054 1385 2125 δύναμιν
1416 2054 1698 2125 κινήσεως.
1730 2054 1889 2108 Πᾶσα
1913 2051 1970 2105 δὲ

365 2150 640 2220 οὑσιώδης
689 2149 824 2220 πρὸς
878 2150 1160 2219 ὲνέργε·αν
1194 2146 1409 2218 κίνησις
1457 2146 1691 2216 μεσότης
1724 2144 1841 2200 ἐστὶ
1873 2161 1973 2216 με-

366 2242 768 2313 τεπινοουμένη
820 2241 921 2312 μὲν
963 2242 1066 2311 τῆς
1113 2239 1339 2306 οὐσίας,
1397 2240 1863 2312 προεπινοουμένη
1914 2238 1972 2293 δὲ

366 2337 469 2406 τῆς
516 2335 825 2407 ἐνεργείας.
878 2334 988 2388 Καὶ
1011 2336 1162 2386 πᾶσα
1211 2334 1462 2405 ἐνέργεια
1507 2331 1585 2403 τῷ
1627 2331 1750 2386 κατ’
1800 2330 1971 2402 αὐτὴν

368 2430 514 2499 λόγῳ
544 2426 789 2499 φυσικῶς
812 2427 1265 2499 περιγραφομένη
1292 2427 1439 2490 τέλος
1464 2427 1580 2480 ἐστὶ
1606 2426 1705 2497 τῆς
1730 2427 1837 2498 πρὸ
1864 2424 1965 2479 αὑ-

368 2525 473 2593 τῆς
504 2522 631 2577 κατ’
666 2522 912 2575 ἐπίνοιαν
940 2522 1321 2594 θεωρουμένης
1352 2521 1643 2586 οὐσιώδους
1678 2522 1969 2592 κινήσεως.

385 2617 448 2667 'U
480 2616 538 2667 δὲ
567 2615 698 2677 Θεὸς
722 2612 845 2667 οὔτε
883 2614 1025 2685 ἀρχή
1073 2615 1244 2682 ἐστιν,
1273 2613 1396 2668 οὔτε
1442 2615 1698 2687 μεσότης,
1728 2612 1857 2667 οὔτε
1883 2612 1969 2665 τέ-

374 2714 484 2771 )ος.
543 2706 729 2758 Ταῦτα
759 2706 868 2775 γὰρ
907 2704 1020 2759 τῶν
1065 2706 1243 2777 χρόνῳ
1292 2704 1577 2775 διαιρετῶν
1621 2704 1726 2758 είσι
1771 2703 1971 2775 γνωρί-

374 2816 583 2870 σματα,
608 2798 753 2851 εἴποι
792 2798 835 2850 δ’
884 2798 949 2853 ἄν
980 2814 1065 2861 τις
1094 2799 1178 2851 ὃτι
1210 2799 1305 2850 καὶ
1330 2799 1438 2853 τῶν
1468 2798 1625 2852 αἰῶνι
1658 2795 1969 2867 συνορωμέ-

370 2910 501 2946 νων.
538 2890 598 2944 Ὀ
623 2890 731 2962 γάρ
764 2887 973 2961 χρόνος,
1015 2889 1388 2961 μετρουμένην
1430 2889 1571 2961 ἔχων
1609 2886 1705 2959 τὴν
1732 2889 1969 2958 κίνησιν,

371 2983 601 3055 ἀριθμῷ
637 2983 1063 3052 περιγράφεται.
1106 2982 1167 3035 Ὀ
1204 2980 1250 3035 δ’
1283 2980 1438 3042 αίὼν,
1483 2978 1972 3050 συνεπινοουμένην

369 3076 513 3144 ἔχων
560 3076 626 3143 τῇ
662 3073 893 3143 ὑπάρξει
936 3076 1037 3144 τὴν
1077 3073 1207 3126 πότε
1244 3076 1600 3145 κατηγορίαν,
1633 3074 1829 3143 πάσχει
1856 3072 1972 3126 διά-

1339 373 1716 437 PANOPLIA
1758 371 2223 434 DOGMATICA.
2272 399 2343 409 -
2376 373 2530 435 TlT.
2576 372 2695 435 ΠΙ.

2002 491 2069 547 Α.

3553 376 3663 441 H6

2752 487 3025 558 Ejusdem.

2140 578 2338 647 Graeci,
2366 581 2458 651 qui
2519 580 2711 636 dicunt
2750 597 2939 637 rerum.
2996 582 3288 637 essentiam
3363 582 3431 637 ab
3513 582 3661 635 omni

2065 671 2371 727 teternitate
2401 671 2764 727 simulrl‘nisse
2792 688 2916 727 cum
2964 673 3094 738 Deo,
3131 673 3423 742 qualitates
3480 682 3662 728 autem

2066 767 2135 821 ab
2166 782 2233 821 eo
2266 777 2399 837 post
2440 767 2736 837 accepisse,
2780 767 3035 823 essentia:
3090 769 3228 823 nihil
3291 784 3418 824 esse
3441 778 3663 822 eontra-

2068 859 2209 912 rium
2244 868 2518 926 asserunt,
2577 859 2672 914 sed
2703 860 2757 914 in
2808 860 3162 929 qualitatibus
3210 858 3343 916 solis
3388 860 3660 914 contraria

2070 950 2328 1021 reperiri.
2356 951 2466 1006 Nos
2498 961 2703 1019 autem,
2736 953 2828 1021 qui
2860 953 3032 1008 solam
3069 953 3308 1007 divinam
3361 953 3659 1007 essentiam

2067 1041 2194 1110 quia
2222 1042 2333 1096 sola
2368 1042 2588 1111 proprie
2618 1042 2690 1097 sit
2720 1042 2955 1107 inﬁnita,
2987 1042 3126 1096 nihil
3191 1042 3392 1097 habere
3441 1052 3661 1096 contra-

2066 1132 2205 1186 rium
2254 1132 2542 1200 tradimus,
2598 1149 2782 1189 rerum
2840 1133 3091 1188 essentia:
3140 1133 3481 1187 contrarium
3535 1148 3661 1187 esse

2067 1223 2245 1295 ipsum
2269 1240 2377 1279 non
2407 1240 2528 1281 esse
2555 1226 2808 1282 dicimus.
2838 1227 3053 1297 Quippe
3081 1241 3201 1296 quae
3228 1242 3292 1281 ex
3307 1224 3489 1281 nihilo
3524 1225 3662 1279 facta

2066 1323 2171 1371 est.
2194 1313 2261 1368 In.
2284 1315 2638 1386 ejusautem,
2661 1317 2757 1387 qui
2786 1316 2934 1372 illam
2965 1316 3191 1379 creavit.
3216 1331 3341 1371 esse
3362 1325 3660 1386 potestate,

2068 1416 2129 1463 ut
2156 1406 2275 1477 ipsa
2297 1422 2379 1462 vel
2400 1407 2475 1464 sit
2498 1409 2585 1463 vel
2615 1422 2723 1464 non
2753 1408 2845 1464 sit.
2874 1408 3077 1464 Verum
3107 1422 3235 1477 ipsi,
3268 1422 3464 1475 nempe
3492 1405 3659 1469 bono,

2065 1497 2405 1570 placere,»ut
2439 1500 2536 1566 sit,
2570 1507 2896 1570 maneatque
2926 1498 3294 1570 omnipotenti
3328 1497 3500 1568 ipsius
3551 1498 3660 1553 vir,

2068 1599 2184 1646 tute
2212 1600 2559 1647 conservata.

2739 1798 3021 1870 Ejusdem.

2149 1887 2343 1946 Omnis
2390 1889 2629 1946 essentia
2676 1891 2900 1963 proprio
2951 1890 3187 1947 termino
3228 1889 3661 1959 circumscripta,

2078 1990 2133 2037 et
2154 1981 2397 2049 deﬁnita,
2431 1982 2762 2054 principium
2791 1991 2875 2038 est
2900 1982 3020 2052 ejus
3060 1992 3263 2049 motus,
3297 1983 3388 2053 qui
3423 1982 3662 2052 potentia

2077 2075 2136 2131 in
2172 2075 2288 2145 ipsa
2319 2074 2716 2131 consnderatur.
2747 2073 2941 2131 Omnis
2973 2084 3162 2132 autem
3199 2076 3455 2131 essentia:
3486 2082 3666 2127 motus

2077 2167 2317 2223 medium
2352 2167 2611 2237 quiddam
2638 2178 2742 2222 cst.
2772 2166 2906 2221 Nam
2956 2176 3012 2222 et
3055 2168 3352 2223 essentiam
3394 2167 3662 2236 sequitur,

2077 2267 2135 2314 et
2154 2256 2426 2312 actionem
2454 2257 2748 2312 antecedit.
2773 2256 2840 2312 Et
2868 2258 3050 2313 omnis
3069 2258 3213 2313 actio
3242 2257 3460 2329 propria
3491 2257 3666 2327 ipsius

2078 2349 2292 2405 ratione
2344 2349 2667 2404 naturaliter
2720 2350 3140 2420 circumscripta
3202 2351 3329 2407 [luis
3370 2359 3454 2406 est
3520 2350 3667 2404 illius

2079 2451 2282 2508 motus,
2314 2444 2407 2513 qui
2437 2443 2507 2498 ab
2549 2442 2786 2497 essentia
2829 2441 3215 2512 proﬁciscitur.
3271 2442 3465 2498 Verum
3520 2442 3663 2496 Deus

2078 2547 2182 2589 nec
2206 2532 2555 2603 principium.
2582 2548 2685 2588 nec
2717 2532 2977 2600 medium,
3002 2548 3103 2587 nec
3124 2532 3249 2587 finis
3279 2542 3385 2588 est.
3421 2533 3484 2586 lli
3508 2548 3663 2586 nam-

2078 2641 2184 2697 que
2216 2632 2344 2681 sunt
2374 2641 2563 2680 earum
2589 2641 2773 2681 rerum
2814 2627 3061 2693 termini,
3086 2642 3206 2697 quae
3241 2636 3498 2697 tempore
3520 2627 3662 2685 divi-

2079 2717 2304 2783 duntur,
2336 2725 2392 2771 et
2414 2732 2534 2786 qua:
2568 2715 2729 2770 simul
2763 2732 2886 2772 eum
2914 2716 3135 2783 smculo,
3170 2727 3228 2773 ut
3260 2716 3459 2787 aliquis
3494 2718 3666 2781 dicat,

2079 2819 2406 2866 cernuntur.
2453 2808 2695 2877 Tempus
2737 2809 2907 2874 enim,
2960 2824 3086 2865 cum
3121 2811 3242 2881 ejus
3286 2826 3542 2867 mensura
3594 2812 3669 2867 sit

2078 2910 2280 2968 motus,
2328 2915 2562 2955 numero
2603 2899 3096 2955 circumscribitur.
3141 2899 3411 2955 Sreculum
3463 2912 3666 2968 autem,

2079 2994 2339 3065 quoniam
2387 3009 2513 3048 cum
2566 2992 2688 3063 ejus
2732 2992 2996 3057 essentia,
3042 2993 3368 3064 categorica,
3409 2993 3523 3048 sive
3584 2995 3669 3060 (ut

2082 3086 2207 3142 trita
2240 3095 2294 3141 ct
2340 3086 2561 3156 vulgata
2603 3085 2714 3155 jam
2765 3099 2901 3139 voce
2953 3084 3097 3155 utar)
3149 3085 3665 3154 praldicatnentuut,

372 3186 597 3233 στάσιν,
644 3166 723 3229 ὡς
776 3166 953 3237 ἀρχὴν
1002 3165 1095 3220 τοῦ
1140 3163 1282 3219 εἶναι
1326 3167 1528 3222 λαϐὼν.
1580 3168 1642 3223 Εἰ
1688 3165 1746 3219 δὲ
1784 3166 1969 3236 χρόνος

2079 3177 2301 3248 quando
2349 3177 2511 3232 simul
2537 3176 2854 3247 intelligitur
2883 3176 3029 3231 subit
3064 3176 3406 3241 divisionem,
3434 3188 3489 3232 ct
3519 3179 3667 3233 exsi-

366 3262 466 3314 καὶ
494 3259 638 3313 αἰὼν
692 3260 792 3313 οὐκ
840 3261 1074 3329 άναρχα,
1118 3258 1299 3328 πολλῷ
1342 3258 1541 3327 μᾶλλον
1576 3259 1645 3313 τὰ
1678 3260 1737 3312 ὲν
1765 3259 1976 3322 τούτοις

368 3354 768 3423 περιεχόμενα.
823 3352 879 3406 '0
904 3352 1035 3415 Θεὸς
1064 3352 1242 3406 τοίνυν
1291 3350 1415 3405 οὔτε
1458 3352 1615 3408 οὐσία
1644 3352 1740 3418 ὢν,
1778 3352 1865 3406 ἵνα
1897 3352 1973 3422 μὴ

367 3447 519 3518 ὀρχῆ
545 3445 855 3517 νομισθείη,
886 3445 1008 3497 οὔτε
1033 3445 1285 3515 δύναμις,
1320 3445 1409 3497 ἵνα
1457 3444 1531 3515 μὴ
1560 3445 1814 3513 μεσότης,
1848 3444 1974 3496 οὕτε

368 3542 651 3612 ἐνέργεια,
682 3538 770 3593 ἵνα
800 3540 874 3610 μὴ
899 3539 1072 3604 τέλος,
1096 3537 1243 3592 ἔστιν
1273 3538 1596 3604 οὐσιοποιδς,
1626 3538 1719 3591 καὶ
1741 3537 1974 3607 ὑπερού-

382 3651 495 3694 cm;
538 3634 788 3701 ὀντότης,
841 3635 938 3687 καὶ
1005 3632 1404 3700 δυναμοποιὺς,
1452 3634 1547 3685 καὶ
1598 3631 1976 3700 ὑπερδύναμος

393 3724 727 3789 πινσῦὲνεια,
779 3724 877 3778 καὶ
935 3724 1118 3794 πάσης
1198 3724 1481 3793 ἐνεργείας
1536 3722 1826 3793 δραστικὴ,
1877 3723 1974 3775 καὶ

394 3814 738 3886 ἀτελεύτητος
786 3816 922 3881 ἕξις.
971 3817 1083 3870 Καὶ
1131 3818 1408 3887 συντόμως
1441 3817 1618 3868 εἰπεῖν
1668 3815 1849 3886 πάσης
1886 3814 1975 3866 οὑξ

386 3910 533 3972 σέας,
565 3908 657 3963 καὶ
699 3909 1006 3979 δυνάμεως.
1054 3909 1148 3962 καὶ
1176 3908 1475 3976 ἐνεργείας,
1525 3907 1701 3977 ἀρχῆς
1742 3920 1824 3970 τε,
1876 3898 1974 3958 καὶ

386 4000 705 4069 μεσότητος,
739 3999 835 4053 καὶ
858 3998 1046 4063 τέλους
1067 4000 1346 4069 ποιητική.

1017 4198 1127 4253 Τοῦ
1160 4197 1369 4253 αὑτοῦ.

462 4291 638 4362 Ἀρχὴ
679 4293 849 4354 πᾶσα,
877 4291 968 4344 καὶ
996 4309 1066 4361 με
1079 4291 1256 4361 πότης,
1288 4290 1383 4344 καὶ
1403 4290 1554 4353 τέλος
1584 4290 1683 4360 τὴν
1716 4289 1972 4361 σχετικὴν

368 4387 442 4440 δι’
480 4388 611 4439 ὅλου
645 4384 984 4456 κατηγορίαν
1027 4383 1130 4436 οὐκ
1170 4384 1425 4454 ἤρνηται.
1458 4381 1519 4435 '0
1558 4382 1616 4435 δὲ
1650 4382 1781 4445 Θεὸς
1810 4382 1973 4436 καθό-

371 4480 470 4530 λου
526 4476 717 4546 πάσης
764 4477 1004 4545 σχέσεως
1061 4476 1324 4546 ὑπάρχων
1383 4474 1679 4545 ἀπειράκις
1726 4476 1971 4545 ἀπείρως

2079 3268 2258 3326 stendi
2294 3269 2628 3340 priuetpium
2659 3269 2846 3324 sumit.
2871 3268 3027 3335 Quod
3065 3269 3111 3325 si
3144 3278 3380 3340 tempus,
3413 3284 3467 3324 et
3497 3287 3669 3324 saecu-

2078 3362 2190 3416 lum
2222 3377 2330 3416 non
2382 3371 2573 3417 carent
2621 3360 2912 3431 principio,
2955 3362 3128 3417 multo
3180 3362 3359 3417 minus
3409 3377 3493 3427 ea,
3547 3378 3668 3433 qua:

2081 3461 2328 3522 tempore
2365 3459 2420 3507 et
2449 3452 2650 3506 sazculo
2686 3453 3065 3507 continentur.
3114 3456 3262 3508 Deus
3294 3453 3459 3524 igitur
3488 3467 3669 3521 neque

2077 3544 2314 3599 essentia
2345 3556 2448 3609 est,
2481 3560 2551 3598 ne
2579 3543 2908 3615 principium
2948 3544 3167 3599 dicatur
3196 3564 3210 3612 ;
3248 3561 3351 3601 nec
3399 3546 3664 3615 potentia,

2076 3651 2148 3691 ne
2178 3636 2423 3690 medium
2450 3644 2698 3701 vocetur;
2734 3651 2835 3691 nec
2868 3637 3034 3703 actio,
3062 3652 3130 3691 ne
3158 3636 3282 3692 ﬁnis
3325 3640 3663 3694 nominetur.

2079 3727 2186 3783 Sed
2222 3727 2447 3783 eﬂ'ector
2479 3729 2755 3794 essentia,
2792 3729 3144 3799 cssentiaque
3197 3734 3581 3799 praestantior;
3610 3744 3665 3787 et

2076 3821 2299 3876 eﬂector
2330 3819 2606 3890 petentia,
2648 3821 3002 3892 potentiaque
3047 3822 3434 3888 valentior;et
3488 3826 3667 3878 omnis

2076 3914 2309 3969 actionis
2337 3914 2553 3969 habitus
2585 3928 2870 3986 nunquam
2903 3915 3186 3971 desinens.
3219 3915 3418 3986 Atque,
3454 3928 3514 3971 ut
3543 3919 3667 3973 bre-

2077 4008 2218 4065 viter
2250 4007 2446 4073 dicam,
2483 4010 2661 4064 omnis
2691 4010 2966 4077 essentiaa,
3002 4017 3059 4065 et
3085 4009 3372 4079 potentiae,
3406 4020 3462 4066 et
3491 4011 3665 4067 actio-

2076 4104 2185 4171 nis,
2218 4113 2273 4161 et
2301 4103 2577 4175 principii,
2609 4112 2666 4161 et
2690 4104 2877 4165 medii.
2903 4115 2956 4160 et
2985 4104 3111 4161 ﬁnis
3145 4113 3360 4160 auctor.

2752 4198 3030 4269 Ejusdem.

2144 4292 2318 4349 Omne
2345 4291 2675 4365 principium
2734 4303 2791 4347 et
2849 4290 3117 4355 medium,
3158 4300 3215 4345 et
3270 4288 3392 4344 ﬁnis
3451 4289 3668 4345 habitus

2076 4391 2300 4446 omnino
2347 4390 2675 4459 eategoriam
2738 4400 2849 4444 non
2906 4385 3201 4455 effugiunt.
3284 4382 3428 4438 Deus
3474 4394 3656 4437 autem

2074 4485 2222 4539 omni
2258 4484 2419 4553 plane
2450 4482 2637 4537 habitu
2670 4495 2793 4536 cum
2822 4480 2893 4535 sit
2910 4479 3182 4548 superior,
3203 4492 3304 4533 nec
3330 4476 3656 4547 principium

369 4571 679 4639 ἀνώτερος,
712 4566 838 4620 οὔτε
881 4568 1025 4638 άρχῄ
1063 4570 1233 4631 ἐστιν,
1266 4566 1392 4621 οὔτε
1424 4566 1681 4637 μεσότης,
1716 4567 1840 4622 οὔτε
1885 4568 1969 4620 τέ-

2075 4585 2178 4641 est,
2234 4589 2338 4630 nec
2384 4575 2648 4634 medium,
2703 4586 2811 4626 nec
2860 4571 3007 4635 linis,
3061 4585 3164 4625 nec
3189 4569 3334 4623 aliud
3360 4568 3657 4638 quidquam

368 4665 489 4725 λος,
526 4661 653 4713 οὑδέ
678 4678 734 4712 τι
755 4660 943 4730 ἕτερον
970 4661 1083 4714 τῶν
1117 4662 1175 4713 ἐν
1216 4656 1295 4723 οἷς
1336 4659 1664 4731 θεωρεῖσθαι
1700 4659 1841 4715 κατὰ
1877 4663 1975 4730 τὴν

372 4760 574 4827 σχέσιν
598 4756 632 4824 ή
660 4752 750 4807 τοῦ
778 4754 913 4825 πρός
940 4771 994 4807 τι
1016 4753 1241 4806 δύναται
1271 4753 1595 4825 κατηγορία.

1019 4847 1131 4901 Τοῦ
1166 4847 1379 4900 αὐτοῦ.

464 4940 638 5011 Ἀρχὴ
662 4941 773 4994 τῶν
805 4941 997 5001 ὄντων,
1024 4940 1122 4994 καὶ
1151 4939 1405 5008 μεσότης,
1449 4939 1549 4992 καὶ
1577 4937 1730 5000 τέλος
1756 4937 1975 5006 λέγεται

373 5036 404 5087 ό
432 5034 592 5096 Θεὸς,
622 5032 739 5086 ἀλλ’
768 5033 843 5098 ὡς
868 5034 1127 5103 ἐνεργῶν,
1153 5033 1249 5101 οὐχ
1279 5032 1354 5094 ὼς
1382 5030 1633 5101 πάσχων,
1656 5028 1847 5095 ὥσπερ
1881 5028 1976 5082 καὶ

374 5128 519 5181 ἄλλα
546 5125 747 5191 πάντα,
775 5120 857 5189 οἷς
888 5126 1020 5196 παρ’
1053 5125 1212 5195 ἡμῶν
1254 5123 1607 5191 ὀνομάζεται.
1656 5120 1825 5191 Ἀρχὴ
1878 5119 1976 5189 μὲν

374 5220 493 5289 γάρ
526 5220 696 5283 ἐστιν,
754 5218 833 5281 ὡς
880 5217 1249 5287 δημιουργὸς,
1301 5211 1663 5285 μεσότηςνδὲ,
1701 5212 1778 5276 ὡς
1835 5228 1975 5282 προά

374 5311 624 5382 νἰητὴς,
677 5311 832 5375 τέλος
890 5310 984 5375 δὲ,
1050 5309 1126 5373 ὡς
1183 5307 1523 5379 περιγραφή.
1589 5322 1610 5356 ι
1658 5302 1750 5369 Ἐξ
1806 5303 1974 5357 αὑτοῦ

376 5406 513 5474 γὰρ,
548 5424 569 5457 ι
619 5404 779 5476 φησι,
834 5424 855 5455 ι
890 5405 986 5457 καὶ
1039 5402 1110 5455 δι’
1152 5400 1345 5467 αὐτοῦ,
1402 5399 1497 5453 καὶ
1550 5400 1631 5461 εἰς
1682 5397 1849 5451 αὐτὸν
1901 5396 1976 5450 τά

377 5500 581 5553 πάιτα.
610 5517 632 5550 ι

1000 5587 1116 5643 Τοῦ
1146 5586 1357 5642 αὐτοῦ.

448 5691 611 5745 Οἰοδὲν
655 5687 768 5743 τῶν
788 5686 965 5739 ὄντων
1008 5681 1442 5750 αὐτενέργητονο
1482 5677 1545 5730 τὸ
1573 5678 1631 5731 δὲ
1682 5679 1756 5746 μὴ
1785 5674 1976 5728 αὑτεν-

379 5785 610 5854 έργητον
667 5779 789 5835 οὔδ’
821 5775 1091 5831 ἀναίτιον.
1122 5774 1196 5826 Τὸ
1238 5774 1295 5825 δε
1328 5773 1402 5843 μὴ
1434 5771 1677 5826 ἀναίτιον
1707 5768 1817 5822 οὐδ’
1851 5767 1972 5820 ἀικὶ-

380 5894 567 5948 νητον·
612 5877 675 5931 τὸ
709 5874 772 5929 δὲ
822 5870 901 5942 μὴ
936 5867 1194 5938 ἀκίνητον
1227 5867 1292 5919 δι’
1338 5866 1519 5920 αἰτίαν
1567 5865 1798 5917 κινεῖται
1841 5862 1973 5933 πάν-

2078 4680 2296 4730 eorum,
2325 4666 2380 4720 in
2408 4665 2628 4719 habitus
2650 4660 2925 4734 categoria
2953 4661 3399 4724 considerantur,
3424 4662 3507 4713 vel
3536 4676 3661 4714 cum

2078 4760 2263 4832 aliquo
2296 4758 2678 4815 conferuntur.

2712 4844 2986 4915 Ejusdem.

2148 4940 2353 4996 Rerum
2404 4936 2735 5009 principium
2768 4946 2823 4992 et
2853 4937 2978 4990 finis
2999 4936 3200 4991 dicitur
3229 4935 3398 5001 Deus,
3431 4934 3525 4988 sed
3556 4949 3664 4989 non

2077 5044 2139 5090 ut
2163 5044 2349 5106 agens,
2378 5039 2473 5086 aut
2494 5030 2733 5100 patiens,
2766 5028 2842 5095 id,
2867 5028 3014 5097 quod
3051 5027 3466 5097 intelligendum
3500 5025 3665 5081 estin

2076 5127 2332 5183 omnibus
2354 5123 2690 5187 nominibus,
2719 5122 2974 5193 quaz’ipsi
3006 5121 3357 5186 tribuuntur;
3384 5120 3477 5173 sed
3511 5120 3663 5187 prin-

2077 5218 2282 5288 cipium
2340 5223 2426 5271 est
2482 5224 2540 5269 ut
2593 5213 2818 5270 eiTeetor
2866 5248 2883 5276 ν
2924 5214 3163 5268 medium
3219 5220 3282 5267 ut
3332 5211 3663 5269 moderator,

2078 5313 2203 5368 linis
2233 5321 2293 5366 ut
2316 5308 2750 5380 circumscriptio
2776 5324 2878 5365 :ex
2904 5310 3027 5380 ipso
3055 5308 3225 5376 enim,
3256 5319 3307 5364 et
3341 5324 3435 5378 per
3462 5306 3662 5375 ipsum,

2077 5414 2132 5461 et
2164 5405 2216 5459 in
2252 5402 2431 5476 ipsum
2468 5402 2676 5457 omnia.

2739 5579 2990 5648 Ejusdem
3000 5618 3014 5633 .

2149 5672 2295 5727 Nihil
2341 5687 2554 5739 eorum,
2589 5688 2709 5743 qum
2750 5681 2899 5735 sunt,
2932 5671 3168 5740 seipsum
3202 5668 3347 5721 facit.
3380 5664 3533 5725 Quod
3565 5680 3659 5717 an.

2079 5776 2185 5821 tem
2217 5784 2246 5821 a
2275 5782 2333 5821 se
2356 5782 2464 5821 non
2483 5764 2809 5827 estfactum,
2829 5778 2990 5818 causa
3018 5778 3125 5815 non
3153 5769 3322 5813 caret.
3351 5758 3501 5824 Quod
3526 5771 3658 5812 cau‘

2079 5878 2137 5918 sa
2162 5876 2271 5916 non
2300 5868 2472 5929 caret,
2507 5874 2615 5922 nua
2646 5867 2726 5913 cst
2751 5855 3045 5911 immobile.
3069 5852 3518 5922 Quodimmobilc
3551 5861 3657 5906 nou
