4130 6408
517 381 622 448 H7

1736 364 2128 431 EUTHYMiI
2177 321 2567 427 zIeABnNt.

3703 343 3805 412 us
3844 313 3846 316 ’

511 510 618 565 ext,
648 505 869 568 prOpter
898 509 1121 551 causam
1151 498 1405 549 movetur
1425 486 1668 544 omnino.
1696 484 1903 540 Moveri
1936 481 2102 554 igitur

2218 497 2311 545 τως
2362 477 2761 551 ὲνεργούμενον
2812 472 2872 527 τὸ
2936 468 3204 524 κινεῖσθαι
3253 461 3503 537 φυσικῶς
3549 459 3661 516 ὐπὸ
3705 462 3807 530 τῆς

509 591 835 648 naturaliter
877 587 1082 660 pendet
1126 601 1157 640 a
1203 597 1386 649 causa,
1437 595 1536 652 per
1580 593 1746 650 quam
1791 577 1874 642 iit,
1931 583 1988 630 et
2035 574 2103 630 ad

509 699 673 753 quam
722 680 980 750 dirigitur
1010 678 1127 747 ipse
1154 681 1351 729 motus.
1385 669 1536 724 Nihil
1565 669 1714 724 enim
1741 681 1956 730 eorum,
1983 679 2104 734 qua

445 837 456 846 η
510 783 824 837 moventur,
853 773 972 827 sine
1005 783 1166 826 eausa
1202 766 1404 822 moveri
1435 773 1630 820 natura
1670 761 1898 833 patitur.
1937 759 2103 814 Prin.

509 868 710 940 cipium
734 874 913 920 autem
939 861 1118 918 omnis
1141 867 1322 914 motus
1353 856 1643 920 naturalis,
1673 862 1726 909 et
1759 867 1950 908 eorum
1985 864 2107 922 qua

444 954 451 1011 'Y'
512 967 818 1023 moventur,
850 954 1152 1027 generatio.
1190 949 1528 1021 Principium
1559 962 1692 1003 vero
1733 947 1953 1002 illorum
1981 960 2104 1016 quae

443 1039 447 1045 ’
513 1059 766 1120 generata
797 1057 945 1112 sunt,
976 1041 1368 1119 generationis,
1395 1050 1480 1098 est
1506 1039 1673 1103 Deus,
1706 1047 1767 1094 ut
1791 1044 1989 1093 auctor
2019 1052 2110 1108 ge-

513 1143 836 1199 nerationis.
869 1144 940 1195 At
965 1140 1087 1195 ﬁnis
1116 1145 1298 1194 motus
1333 1133 1602 1190 naturalis
1629 1141 1715 1188 est
1761 1145 1951 1186 eorum
1989 1143 2110 1200 qua:

510 1243 769 1308 generata
803 1241 954 1301 sunt,
984 1239 1184 1296 status,
1227 1242 1390 1299 quem
1416 1235 1541 1298 post
1575 1223 1862 1280 transitum
1891 1236 2109 1278 eorum:

513 1343 637 1396 quae
683 1325 1047 1388 transierunt,
1097 1321 1262 1378 efﬁcit
1304 1319 1548 1376 inﬁnitas
1595 1316 1686 1372 illa
1719 1315 1774 1370 in
1813 1329 1941 1385 qua,
1974 1327 2110 1383 quo-

514 1419 663 1474 niam
689 1419 903 1474 nullum
935 1424 1018 1472 est
1039 1415 1298 1486 spatium,
1327 1420 1509 1469 cessat
1544 1419 1730 1466 motus
1756 1422 1967 1474 rerum,
1987 1421 2110 1477 qua:

521 1519 813 1568 moventur
853 1509 1198 1566 naturaliter.
1229 1505 1420 1563 Omnis
1449 1519 1579 1577 ergo
1609 1498 1998 1574 generationis,
2050 1505 2108 1554 et

521 1610 729 1663 motus,
757 1609 813 1657 et
841 1607 1021 1655 status
1051 1611 1232 1654 rerum
1281 1593 1636 1667 principium,
1667 1600 1724 1648 et
1759 1590 2023 1656 medium,
2057 1599 2113 1645 ct

517 1692 643 1748 ﬁnis
669 1701 755 1748 est
786 1691 952 1747 Deus.
983 1689 1253 1757 Quoniam
1297 1695 1354 1743 et
1395 1700 1462 1742 ex
1499 1687 1617 1756 ipso
1648 1683 1846 1756 genitae
1871 1691 2023 1749 sunt,
2058 1691 2115 1737 et

518 1801 618 1854 per
658 1785 835 1855 ipsum
883 1791 1196 1848 moventur,
1241 1789 1298 1837 et
1343 1779 1402 1835 in
1441 1778 1616 1849 ipsum
1659 1785 1788 1832 sunt
1832 1775 2110 1840 desiturae,

2204 572 2408 637 αἰτίας,
2455 571 2523 625 δι’
2557 570 2649 642 ῆν,
2699 566 2792 622 καὶ
2841 565 2981 638 πρὸς
3019 563 3087 636 ἢν
3128 561 3364 615 ποιεὲται
3388 553 3520 636 ,τὴν
3559 552 3808 622 κίνησιν.

2205 666 2375 721 Οὐδὲν
2399 667 2510 734 γὰρ
2525 664 2640 719 τῶν
2665 660 3010 732 κινουμένων
3038 653 3311 711 κινεῖσθαι
3346 651 3600 720 πέφυκεν
3646 648 3808 700 ἀναι-

2206 759 2354 823 τίως.
2402 757 2572 829 Ἀρχὴ
2605 756 2665 810 δὲ
2697 754 2884 824 πάσης
2928 751 3200 820 κινήσεως
3232 741 3476 815 φυσικῆς
3507 743 3544 813 ἠ
3577 739 3692 794 τῶν
3722 755 3812 792 κι-

2205 851 2483 923 νουμένων
2529 850 2764 918 γένεσις.
2814 845 2985 919 Ἀρχὴ
3033 843 3089 896 6's
3125 841 3224 913 τῆς
3255 837 3369 892 τῶν
3411 833 3814 906 γεγενημένων

2207 945 2476 1015 γενέσεως
2503 945 2531 998 ό
2577 943 2734 1007 Θεὸς,
2762 941 2839 1006 ὡς
2880 934 3265 1008 γενεσιουργός
3289 949 3306 967 ο
3337 929 3442 1001 τῆς
3475 927 3538 981 δδ
3573 925 3688 980 τῶν
3715 941 3816 994 γε·

2208 1035 2529 1107 γενημένων
2573 1032 2812 1104 φυσικῆς
2862 1030 3131 1101 κινήσεως
3182 1024 3337 1087 τέλος
3365 1023 3400 1096 ἡ
3425 1021 3632 1082 στάσις
3659 1017 3818 1071 ἐστὶν

2209 1131 2279 1200 ἣν
2325 1129 2475 1182 ποιεῖ
2515 1127 2654 1200 μετὰ
2705 1125 2805 1198 τὴν
2844 1123 3097 1176 διάϐασιν
3139 1118 3250 1172 τῶν
3294 1109 3754 1184 πεπερασμένων
3784 1108 3818 1177 ή

2210 1221 2464 1293 ἀπειρία,
2494 1221 2555 1274 ὲν
2593 1213 2648 1293 ᾗ,
2671 1216 2760 1272 διὰ
2781 1218 2844 1270 τὸ
2879 1214 2954 1286 μὴ
2977 1209 3120 1268 εἶναι
3136 1210 3439 1280 διάστημα,
3479 1206 3641 1259 πᾶσα
3675 1201 3821 1255 παύ-

2211 1331 2330 1368 εται
2377 1314 2596 1382 κίνησις
2637 1311 2748 1364 τῶν
2811 1306 3064 1378 φυσικῶς
3104 1303 3465 1373 κινουμένων.
3493 1297 3695 1367 Πάσης
3726 1293 3822 1348 οὖν

2212 1405 2485 1478 γενέσεώς
2515 1421 2575 1460 τε
2615 1403 2711 1458 καὶ
2739 1401 3036 1474 κινήσεως,
3068 1399 3164 1454 καὶ
3197 1395 3442 1457 στάσεως
3472 1394 3591 1446 τῶν
3621 1389 3820 1449 δντων.

2212 1499 2378 1574 ἀρχὴ,
2416 1497 2510 1553 καὶ
2561 1497 2819 1570 μεσότης,
2854 1495 2949 1549 καὶ
2992 1492 3150 1556 τέλος
3175 1491 3206 1544 ό
3251 1488 3404 1554 Θεὸς,
3441 1487 3521 1550 ὡς
3555 1480 3824 1551 tea-ams

2214 1591 2626 1663 γεγενημένων,
2677 1588 2774 1643 καὶ
2829 1586 2901 1642 δι’
2950 1583 3118 1640 αὐτοῦ
3182 1580 3552 1651 κινουμένων,
3597 1575 3696 1630 καὶ
3745 1575 3826 1638 εις

2215 1685 2382 1740 αὑτὸν
2429 1687 2530 1756 τὴν
2580 1683 2772 1738 στάσιν
2824 1676 3221 1750 ποιησομένων
3271 1674 3362 1728 τὸν
3417 1670 3686 1742 ὁρίζοντα
3735 1666 3830 1722 καλ

2217 1777 2389 1849 αὐτὴν
2420 1778 2519 1848 τὴν
2549 1777 2731 1846 πάσης
2760 1773 3032 1844 κινήσεως
3055 1766 3338 1842 ὁριστικὴν
3367 1762 3666 1835 ἀπειρίαν.

518 1881 612 1951 qui
639 1881 810 1951 ipsam
832 1893 1050 1950 quoque
1089 1886 1270 1934 motus
1299 1891 1492 1938 omnes
1515 1872 1867 1933 deﬁnicnvem
1901 1887 1966 1928 ac
1995 1871 2383 1930 terminantem
2409 1871 2794 1945 complectitur
2813 1868 3164 1925 infinitatem.

1169 1972 1452 2042 Ejusdem.

589 2067 816 2129 Eorum,
840 2081 963 2137 quae
987 2065 1146 2131 ﬁunt,
1177 2079 1407 2136 quaeque
1429 2073 1740 2128 moventur,
1769 2061 2031 2118 motionis
2047 2069 2108 2116 et

520 2159 874 2230 principium,
905 2166 958 2213 et
1000 2156 1121 2213 finis
1150 2169 1234 2212 est
1268 2155 1434 2219 Deus,
1461 2163 1519 2211 et
1559 2169 1748 2210 eorum
1780 2169 1901 2224 qua
1942 2153 1998 2208 in
2023 2153 2107 2223 ip-

522 2269 642 2308 sum
675 2253 926 2311 feruntur
953 2251 1167 2316 stabile,
1189 2259 1353 2321 atque
1377 2251 1656 2307 immobile
1682 2250 2104 2304 ﬁrmamentum.

521 2344 590 2398 Et
617 2345 862 2399 omnium
897 2343 1135 2414 denique
1174 2359 1360 2400 rerum
1406 2343 1673 2400 terminus
1698 2343 2106 2410 interminatus,

519 2447 578 2493 et
605 2437 856 2493 inﬁnitus
887 2435 1037 2491 finis.

1177 2552 1453 2622 Ejusdem.

591 2642 860 2700 Homines
890 2654 1044 2703 certo
1066 2648 1307 2717 quedam
1337 2645 1598 2713 termino,
1627 2645 1781 2710 boni,
1813 2645 2106 2714 sapientes,

519 2745 574 2789 et
589 2734 721 2808 justi
751 2746 1016 2792 vocantur
1045 2753 1060 2792 :
1087 2737 1232 2794 Dens
1264 2747 1448 2793 autem
1488 2737 1736 2796 absolute
1771 2737 1969 2793 dicitur
2013 2739 2109 2792 bo-

521 2843 648 2893 nus,
695 2837 750 2884 et
779 2829 1024 2900 sapiens,
1052 2843 1111 2886 et
1143 2833 1342 2904 justus,
1369 2839 1423 2887 et
1457 2830 1692 2895 bonitas,
1733 2841 1788 2886 et
1819 2830 2106 2904 sapientia,

522 2929 578 3008 et
603 2921 834 2992 justitia,
880 2922 1085 2994 quippe
1127 2925 1216 2994 qui
1269 2935 1355 2980 est
1386 2924 1567 2980 omnis
1592 2923 1815 2979 virtutis
1847 2923 2107 2981 essentia.

523 3013 888 3078 Quamobrem
938 3016 1032 3088 qui
1072 3017 1296 3073 virtutis
1339 3027 1424 3073 est
1460 3018 1758 3088 particeps,
1807 3015 1904 3072 Dei
1937 3015 2108 3087 parti-

521 3121 649 3176 ceps
672 3115 776 3172 est,
808 3108 901 3179 qui
941 3108 1185 3177 virtutis,
1216 3119 1276 3168 ut
1307 3110 1571 3178 diximus,
1603 3109 1843 3168 essentia
1889 3117 1946 3164 et
1977 3107 2100 3164 fons

523 3206 632 3251 εει.

1175 3317 1454 3388 Ejusdem.

595 3407 764 3475 Deus,
791 3407 885 3482 qui
915 3408 1157 3482 cognitio
1185 3426 1285 3481 per
1315 3409 1610 3472 essentiam
1644 3418 1751 3477 est,
1783 3409 1954 3470 solam
1981 3409 2112 3474 boni

523 3503 895 3573 rognitionem
944 3501 1132 3568 habet,
1166 3510 1229 3557 ut
1273 3502 1366 3573 qui
1397 3501 1568 3558 solius
1595 3501 1726 3558 boni
1771 3510 1965 3559 natura
2008 3514 2113 3558 est.

523 3591 715 3646 Ouinis
745 3601 926 3647 autem
955 3593 1259 3649 secundum
1294 3591 1463 3650 Deum
1497 3601 1701 3650 natura
1731 3593 1944 3648 ratione
1980 3607 2119 3664 prae-

524 3683 638 3738 dita
673 3683 904 3754 simplici
935 3684 1137 3740 mentis
1172 3692 1328 3750 motu
1359 3699 1473 3746 non
1517 3693 1700 3756 potest
1746 3685 1939 3743 eodem
1974 3692 2118 3742 tem-

525 3790 658 3846 pore
685 3774 816 3832 boni
845 3783 899 3832 et
927 3774 1055 3833 mali
1090 3776 1344 3834 notitiam
1379 3779 1604 3848 habere,
1637 3791 1763 3833 cum
1793 3775 1956 3834 unius
1987 3791 2120 3834 con-

525 3868 674 3924 trarii
721 3869 982 3942 cogritio,
1014 3868 1239 3928 alterius
1273 3869 1540 3925 contrarii
1571 3867 1902 3940 naturaliter
1948 3855 2117 3941 igno-

527 3961 757 4017 rantiam
788 3961 1000 4018 afferat.
1031 3960 1120 4018 Sic
1147 3962 1314 4020 etiam
1348 3960 1492 4016 oculi
1522 3976 1632 4024 non
1661 3969 1898 4030 possunt
1917 3960 2114 4016 eodem

524 4064 777 4123 tempore
805 4068 1023 4116 sursum
1047 4054 1440 4124 deorsumque,
1468 4063 1562 4108 aut
1585 4052 1938 4114 dextrorsum
1957 4051 2118 4118 simul

527 4162 594 4204 ac
622 4147 1006 4204 sinistrorsum
1031 4146 1304 4206 contueri.

1191 4260 1472 4331 Ejusdem.

598 4355 668 4410 Et
689 4370 748 4412 se
778 4356 956 4427 ipsum
1002 4355 1168 4422 Deus,
1201 4363 1255 4410 et
1267 4369 1390 4425 quae
1413 4364 1541 4412 sunt
1569 4353 1713 4408 inira
1737 4369 1799 4410 se
1815 4353 2116 4424 cognoscit.

526 4448 732 4504 Natura
759 4449 891 4504 item
919 4447 1134 4504 ratione
1166 4455 1461 4517 menteque
1491 4445 1717 4518 praedita
1754 4457 1812 4504 et
1837 4447 2030 4510 Deum.
2059 4455 2121 4508 et

528 4557 651 4610 quae
682 4540 824 4598 intra
871 4540 1044 4598 Deum
1096 4549 1248 4607 sunt,
1289 4539 1596 4612 cognoscit;
1627 4538 1727 4598 sed
1767 4553 1878 4594 non
1921 4537 2119 4606 eodem

528 4635 712 4699 modo,
753 4649 865 4704 quo
902 4632 1067 4689 Deus.
1100 4632 1202 4688 Hic
1233 4631 1382 4687 enim
1410 4647 1478 4688 ex
1509 4630 1767 4687 essentia:
1810 4645 1925 4694 suae
1977 4644 2118 4688 eon-

535 4726 891 4795 tcmplatione
922 4727 1164 4795 seipsum
1213 4737 1313 4793 per
1342 4722 1703 4793 semetipsum
1739 4719 2015 4790 intelligit.
2051 4720 2120 4778 Ει

528 4831 652 4885 quae
686 4816 788 4871 sub
816 4816 934 4886 ipso
973 4825 1121 4879 sunt,
1149 4829 1222 4877 ex.
1247 4812 1518 4883 sapientia
1558 4812 1842 4884 cognoscit
1870 4799 1988 4877 sua,
2022 4825 2120 4880 per

529 4923 718 4976 quam,
748 4908 880 4966 etin
927 4922 1034 4976 qua
1064 4905 1317 4967 condidit
1350 4905 1554 4961 omnia.
1588 4902 1681 4957 Ilia
1713 4915 1846 4958 vero
1865 4909 1922 4956 et
1945 4901 2119 4964 Deum

529 5001 832 5071 cOgnuscit,
865 5001 996 5056 dum
1025 4998 1189 5066 illius,
1236 4999 1330 5069 qui
1363 4997 1569 5060 nullius
1610 4994 1688 5051 rei
1713 4995 1988 5066 particeps
2010 5001 2122 5060 est,

528 5097 801 5165 particeps
833 5093 912 5160 (it,
935 5102 1048 5148 tum
1072 5109 1140 5154 ex
1174 5107 1261 5159 eo,
1286 5091 1432 5162 quod
1471 5099 1593 5158 est;
1615 5098 1747 5155 tum
1769 5104 1838 5149 ex
1859 5103 1948 5151 et).
1975 5085 2126 5158 qnod

527 5190 796 5258 bene,per
823 5186 1053 5259 gratiam
1067 5196 1173 5246 est.
1197 5186 1332 5252 Quae
1344 5194 1537 5242 autem
1567 5183 1674 5238 sub
1693 5183 1804 5242 Deo
1820 5188 1970 5244 sunt,
1997 5194 2126 5253 per-

529 5281 684 5353 cipit.
715 5285 846 5335 dum
883 5279 1233 5343 artificiosam
1282 5279 1342 5340 in
1389 5279 1505 5336 illis
1547 5279 1867 5348 sapientiam
1895 5276 2035 5346 ejus,
2062 5283 2122 5328 et

530 5373 811 5430 naturales
860 5371 1106 5441 ipsorum
1167 5371 1410 5426 rationes
1455 5366 1901 5438 comprehendit.
1925 5363 2120 5436 Angeli

529 5478 734 5532 tamen,
767 5474 829 5520 ut
855 5465 943 5534 qui
972 5474 1183 5520 mentes
1210 5473 1338 5519 sunt
1367 5479 1535 5534 purae,
1581 5461 1871 5517 sublimius
1902 5459 2119 5514 intelli»

532 5572 684 5626 gunt,
707 5560 1004 5615 demissius
1041 5559 1310 5624 homines,
1333 5567 1392 5613 ut
1429 5559 1520 5628 qui
1573 5557 1816 5629 corporis
1874 5554 2116 5625 pondere

537 5651 944 5718 deprimuntur.

2143 1970 2193 2032 B

2835 1967 2945 2024 τοῦ
2992 1963 3182 2019 αὐτοῦ

2292 2061 2481 2116 Ἔστιν
2509 2063 2536 2116 ό
2561 2061 2695 2126 θεὸς
2732 2059 2877 2134 ἀρχὴ
2909 2060 3008 2129 τῆς
3038 2056 3145 2110 τῶν
3179 2052 3483 2124 γικομένων
3522 2048 3829 2120 γενέσεως,

2216 2153 2312 2209 καὶ
2366 2153 2520 2216 τέλος
2548 2151 2648 2221 τῆς
2688 2151 2797 2206 τῶν
2851 2145 3194 2216 κινουμένων
3222 2143 3516 2212 κινήσεως,
3559 2138 3659 2192 καὶ
3713 2136 3826 2189 τῶν

2217 2249 2297 2312 εἰς
2344 2245 2508 2301 αὐτὸν
2573 2243 2895 2314 φερομένων
2949 2239 3140 2302 στάσις
3211 2236 3465 2307 βάσιμος,
3547 2229 3647 2286 καὶ
3709 2227 3834 2282 ἀκί-

2217 2356 2397 2410 νητος,
2444 2337 2539 2392 καὶ
2583 2334 2786 2400 παντὸς
2830 2337 2960 2407 ὅρου
3001 2336 3127 2404 ὄρος
3170 2317 3448 2401 ἀόριστος]
3499 2327 3604 2381 καὶ
3653 2325 3831 2395 πέρας

2218 2429 2448 2501 ἄπειρον

2840 2539 2951 2596 Τοῦ
2989 2535 3199 2592 αὐτοῦ.

2291 2639 2355 2693 Οἱ
2393 2637 2492 2708 μὲν
2519 2636 2798 2708 ἄνθρωποι
2827 2629 3346 2706 προσδιωρισμένως
3373 2623 3579 2694 ἀγαθοὶ
3607 2621 3828 2694 ἄνθρω-

2219 2747 2312 2784 ποι
2349 2728 2624 2798 λέγονται,
2668 2726 2764 2780 καὶ
2816 2723 2978 2794 σοφοὶ
3023 2720 3327 2792 ἄνθρωποι,
3352 2718 3447 2772 καὶ
3481 2716 3692 2772 δίκαιοι
3727 2717 3825 2770 ἄν·

2220 2824 2468 2893 θρωποιο
2522 2823 2549 2876 ό
2599 2820 2655 2873 δὲ
2702 2818 2837 2882 Θεὸς
2881 2816 3168 2880 ἀπολύτως
3213 2813 3410 2876 ταῦτα,
3446 2810 3680 2880 ἀγαθὸς,
3729 2807 3824 2862 καὶ

2221 2917 2408 2986 σοφὸς,
2446 2915 2540 2969 καὶ
2579 2913 2811 2977 δίκαιος,
2855 2909 2952 2964 καὶ
2994 2906 3295 2980 ἀγαυότης,
3345 2906 3441 2960 καὶ
3484 2903 3672 2974 σοφία,
3722 2903 3821 2956 καὶ

2219 3007 2557 3079 δικαιοσύνη,
2592 3007 2671 3072 ὡς
2724 3003 2884 3059 οὐσία
2914 3002 3095 3074 πάσης
3137 3001 3360 3072 ἀρετῆς.
3399 2999 3457 3054 '0
3478 3000 3660 3053 τοίνυν
3691 2999 3821 3068 ἀρε·

2217 3103 2316 3174 τῆς
2349 3101 2595 3173 μετέχων
2649 3097 2869 3169 μετέχει
2915 3094 3052 3148 Θεοῦ
3086 3093 3186 3165 τῆς
3221 3095 3435 3162 οὐσίας,
3466 3091 3542 3162 ὡς
3573 3091 3816 3162 εἴρηται,

2218 3191 2312 3245 καὶ
2336 3189 2520 3261 πηγῆς
2555 3187 2653 3258 τῆς
2684 3186 2916 3261 ἀρετῆς.

2828 3301 2941 3356 Τοῦ
2973 3301 3187 3357 αὑτοῦ.

2301 3401 2362 3454 '0
2394 3397 2527 3462 Θεὸς
2570 3395 2772 3466 γνῶσις
2816 3393 2892 3448 ὢν
2933 3394 3058 3448 κατ’
3102 3392 3296 3448 οὐσίαν
3338 3392 3438 3463 τὴν
3465 3389 3672 3460 γνῶσιν
3719 3388 3819 3443 τοῦ

2219 3492 2387 3550 καλοῦ
2425 3490 2594 3563 μόνην
2643 3488 2776 3561 ἔχει,
2809 3488 2906 3544 ἅτε
2953 3487 3119 3558 μόνου
3154 3486 3250 3542 τοῦ
3285 3484 3452 3540 καλοῦ
3501 3481 3666 3552 φύσις
3713 3480 3817 3536 ὢν.

2219 3587 2381 3643 Πᾶσα
2425 3584 2482 3638 δὲ
2533 3583 2735 3654 λογικὴ
2793 3582 2936 3655 μετὰ
2983 3581 3118 3637 Θεὸν
3151 3581 3313 3652 φύσις
3358 3576 3504 3648 ἔχειν
3547 3571 3691 3643 ὁμοῦ
3727 3569 3824 3624 καὶ

2221 3680 2368 3733 κατὰ
2403 3676 2603 3738 ταυτὸν
2658 3677 2719 3730 ὲν
2772 3675 2852 3745 τῷ
2909 3675 3010 3746 τῆς
3066 3671 3308 3736 διανοίας
3349 3669 3506 3740 ἁπλῷ
3552 3663 3830 3733 κινήματι

2221 3769 2392 3827 καλοῦ
2424 3770 2519 3823 καὶ
2543 3767 2716 3822 κακοῦ
2743 3766 2948 3835 γνῶσιν
2990 3764 3056 3818 ού
3084 3764 3333 3831 δύναται.
3379 3763 3528 3816 Διότι
3587 3756 3834 3825 πέφυκεν

2220 3865 2258 3934 ἠ
2287 3864 2522 3929 θατέρου
2559 3862 2669 3918 τῶν
2708 3858 3106 3929 ἀντικειμένων
3130 3856 3386 3926 ἀλλήλοις
3412 3853 3624 3920 γνῶσις
3657 3848 3838 3910 ποιείν

2220 3957 2322 4027 τῆς
2371 3955 2466 4009 τοῦ
2513 3954 2703 4024 ἐτέρου
2773 3951 3030 4017 γνώσεως
3087 3947 3331 4014 ἄγνοιαν.
3379 3944 3492 3999 Καὶ
3549 3941 3672 4011 γὰρ
3721 3940 3834 3993 οὐδ’

2221 4047 2500 4120 ὀφθαλμὸς
2539 4046 2651 4101 ἄνω
2683 4043 2777 4097 καὶ
2804 4041 2953 4096 κάτω
2967 4039 3192 4093 δύναται
3221 4038 3362 4090 κατὰ
3390 4034 3596 4090 ταυτὸν
3630 4034 3830 4106 warm}

2221 4141 2375 4206 δεξιὰ
2400 4140 2434 4208 ἦ
2467 4135 2760 4208 ἀριστερά.

2851 4253 2964 4309 Τοῦ
2999 4248 3209 4307 αὐτοῦ.

2293 4351 2563 4408 Γινώσκερι
2593 4349 2693 4421 μὲν
2739 4349 2769 4400 ό
2811 4345 2948 4411 Θεὸς
2987 4344 3207 4411 ἑαυτὸν,
3235 4341 3501 4413 γινώσκει
3529 4341 3590 4396 δὲ
3635 4340 3828 4396 καὶτὰ

2223 4447 2318 4502 ὑπ’
2357 4443 2529 4499 αὐτοῦ
2567 4441 2856 4513 γεγονότα.
2889 4439 3000 4494 Καὶ
3029 4439 3061 4510 ἡ
3087 4437 3286 4508 λογικὰ]
3337 4436 3434 4492 καὶ
3467 4435 3634 4507 νοερὰ
3661 4435 3827 4505 φύσις

2228 4535 2491 4606 γινώσκει
2525 4535 2628 4605 μὲν
2653 4533 2750 4588 τὸν
2784 4532 2942 4598 Θεὸν,
2977 4529 3240 4600 γινώσκει
3269 4529 3327 4584 δὲ
3358 4530 3453 4584 καὶ
3481 4533 3552 4584 τὰ
3589 4530 3692 4585 ὑπ’
3729 4532 3827 4586 αὖ·

2222 4629 2320 4685 τοῦ
2366 4627 2667 4698 γεγονότα⁶
2700 4625 2817 4680 ἀλλ’
2860 4625 2964 4695 οὐχ
2997 4623 3073 4688 ὡς
3113 4623 3143 4676 ὁ
3191 4619 3326 4686 Θεὸς
3363 4620 3650 4688 γινώσκει,
3680 4621 3826 4676 οὕτω

2228 4721 2326 4775 καὶ
2352 4719 2517 4792 αὕτη.
2562 4719 2620 4772 ‘0
2654 4718 2754 4788 μὲν
2803 4716 2916 4786 γὰρ
2943 4716 3205 4785 γινώσκει
3236 4713 3428 4770 ἑαυτὸν
3465 4715 3532 4767 ὲκ
3571 4714 3675 4785 τῆς
3719 4731 3827 4784 μα·

2225 4813 2424 4885 καρίας
2441 4811 2634 4875 οὐσίας
2665 4809 2839 4865 αὐτοῦ
2859 4810 2933 4863 δι’
2967 4808 3166 4863 ἑαυτοῦ
3195 4807 3390 4861 ἑαυτὸν
3419 4805 3716 4876 θεώμενος
3753 4804 3826 4858 τὰ

2225 4907 2284 4962 δὲ
2315 4907 2408 4960 ὑτέ
2435 4904 2612 4959 αὐτοῦ.
2645 4901 2910 4973 γεγονότα
2941 4902 3010 4956 ὲκ
3036 4901 3137 4972 τῆς
3173 4901 3368 4970 σοφεας
3407 4899 3599 4966 αὐτοῦ,
3633 4897 3704 4953 δι’
3755 4893 3825 4970 ἧς

2227 4999 2325 5054 καὶ
2379 4999 2442 5053 ἐν
2566 4994 2642 5050 τὰ
2689 4995 2874 5048 πάντα
2901 4994 3182 5064 ἱποίησεν.
3232 4990 3302 5044 Ἢ
3343 4991 3404 5044 δὲ
3445 4991 3708 5059 γινώσκει
3731 4989 3822 5042 τὸν

2227 5089 2364 5146 Θεὸν
2405 5088 2506 5162 μιν
2546 5086 2760 5160 μετοχὴ
2791 5086 2936 5158 ὑπὲρ
2967 5083 3203 5156 μετοχὴν
3247 5082 3397 5136 ὄντα.
3439 5081 3677 5152 Μετέχει
3710 5079 3820 5150 γὰρ

2227 5179 2395 5238 αὐτοῦ
2448 5179 2602 5253 αὐτῷ
2635 5196 2700 5234 τε
2749 5177 2831 5249 τῷ
2879 5174 3170 5243 είναι,,›ιαὶ
3213 5175 3281 5244 τῇ
3312 5172 3449 5243 πρὸς
3495 5172 3557 5226 τὸ
3590 5167 3652 5227 εὖ
3677 5167 3818 5225 εἶναι

2230 5273 2660 5345 έπιτηδειότητι,
2685 5272 2781 5328 καὶ
2824 5273 2894 5343 τῇ
2930 5269 3071 5340 πρὸς
3103 5267 3163 5320 τὸ
3195 5266 3283 5320 ἀεὶ
3325 5259 3464 5320 εἶναι
3500 5265 3709 5336 χάριτι.
3741 5261 3824 5316 Τὰ

2224 5369 2288 5424 δὲ
2305 5367 2400 5422 ὑπ’
2423 5365 2590 5422 αὐτοῦ
2622 5364 2887 5436 γεγονότα
2915 5360 3178 5430 γινώσκει
3221 5358 3490 5428 ἀναλήψει
3511 5359 3610 5428 τῆς
3637 5359 3696 5410 ὲν
3722 5355 3823 5409 αύ-

2228 5462 2343 5523 τοῖς
2370 5458 2759 5531 θεωρουμένης
2800 5456 3060 5525 τεχνικῆς
3109 5450 3325 5521 σοφίας,
3359 5450 3453 5504 καὶ
3483 5451 3688 5520 γνώσει
3713 5445 3820 5499 τῶν

2228 5553 2287 5605 έν
2319 5550 2534 5615 τούτοις
2565 5530 2814 5620 φυσικῶν
2857 5544 3056 5613 λόγων.
3092 5543 3240 5612 Πλὴν
3267 5544 3316 5596 oi
3347 5541 3570 5611 ἄγγελοι
3603 5541 3704 5610 μὲν
3735 5530 3821 5589 οἶα

2223 5641 2343 5705 νόες
2381 5642 2544 5712 μόνον
2604 5639 2966 5709 γινώσκουσιν
3006 5636 3362 5708 ὑψηλότερον,
3397 5635 3448 5689 οἱ
3473 5633 3520 5689 δ’
3547 5633 3823 5702 ἄνθρωποι

2223 5735 2320 5804 οὐχ
2384 5736 2577 5799 οὕτως,
2613 5731 2730 5787 ἀλλ’
2777 5730 3105 5804 ὑφειμένον,
3159 5728 3248 5786 διὰ
3299 5727 3359 5784 τὸ
3396 5722 3824 5796 συνεζευγμένον

2226 5828 2396 5897 πάχος
2423 5827 2516 5882 τοῦ
2551 5825 2821 5899 σώματος..
