2065 3202
676 128 689 134 ρ-
701 125 745 134 .‘o'

231 160 290 196 ’151

860 159 1029 190 ΕΗΤΗΥΜ]

1087 160 1159 190 ΕΙῦΑ
1165 160 1252 190 ΒΕΝΙ
1826 158 1871 191 155

240 217 310 246 Item
338 216 513 244 communiter
536 217 568 244 de
594 216 659 250 Deo,
687 216 799 245 Joannis
825 216 982 244 Damasceni
1005 224 1029 242 ea

1091 217 1155 244 Ἔτι
1179 218 1244 252 περὶ
1268 217 1343 245 Θεοῦ
1367 217 1474 249 κοινῶς
1494 216 1548 244 τοῦ
1563 216 1765 252 Δαμασκηνοῦ
1783 218 1868 251 myti-

569 260 655 294 capitc
671 259 715 287 11.

273 329 409 363 Quoniam
441 334 532 357 autem
553 329 670 364 plurima
690 329 725 356 de
757 328 822 362 Deo,
861 329 1027 364 corporibus

239 376 312 402 alllni
329 374 450 409 quadam
475 373 582 400 ratione
595 373 622 399 in
639 371 729 399 sacris
745 370 860 400 Litteris
876 373 1028 408 symbolice

217 434 219 436 -
240 429 273 447 :Ic
290 428 337 454 per
360 420 473 454 ﬁgurant
497 418 570 445 dicta
596 418 768 452 reperimus;
789 417 858 445 illud
881 425 1027 446 noscamus

214 464 218 499 ἶ
240 470 361 502 oportet,
381 466 438 492 fieri
460 471 516 491 non
538 471 630 498 posse,
648 468 679 491 ut
698 471 751 491 nos
772 464 820 500 qui
840 464 967 492 homines
981 472 1028 492 su-

241 521 314 543 mus,
330 518 481 545 crassaque
505 517 591 537 carne
612 510 790 541 involvimur.
821 510 929 538 divinas
954 511 1025 539 illas.

238 564 266 584 ct
285 557 427 589 excelsas;
454 555 705 590 immaterialesque
729 555 888 582 Divinitatis
904 556 1027 583 actiones

240 603 428 638 intelligamus
444 608 476 628 ac
492 608 621 628 sermone
637 600 865 635 complectamur,
887 601 941 628 nisi
960 601 1027 635 figu«

239 649 276 676 ris
298 651 326 674 et
352 646 532 681 imaginibus,
555 645 700 680 signisque
721 649 828 672 natura
843 651 945 673 nostra:
959 654 1025 673 con—

237 692 378 720 sentaneis
393 696 516 719 utamur.
575 692 714 728 Quocirca
730 700 762 720 ea
781 692 873 719 omnia
887 700 949 728 qua:
967 701 1028 720 cor-

239 746 321 773 porca
348 738 392 765 vel
418 737 559 773 paululum
589 726 699 765 ratione
729 738 763 765 de
796 738 850 765 Deo
880 739 1024 766 enuntiata

237 789 313 818 sunt,
331 784 445 819 ﬁgurate
461 784 533 812 dicta
552 790 627 816 sunt,
652 784 835 819 altioremque
850 792 962 812 sensum
984 785 1026 811 in-

237 831 373 859 cludunt:
402 830 505 865 quippe
529 838 592 858 cum
627 830 699 857 Deus
729 830 848 865 simplex
879 831 1025 865 omnisque

237 878 333 911 ligor:
352 884 451 911 expers
466 876 596 904 exsistat.
623 875 710 911 Igitur
736 883 784 911 per
798 876 905 908 oculos,
927 882 954 904 et
969 877 1027 911 pal-

1414 262 1504 288 λαιον
1521 261 1568 288 ια’.

1123 331 1202 358 Ἐπεὶ
1217 330 1245 357 δὲ
1259 330 1373 356 πλεῖστα
1383 329 1449 364 περὶ
1463 328 1531 355 Θεοῦ
1549 329 1785 364 σωματικώτερον
1797 328 1824 354 ὲν
1834 329 1866 363 τῇ

1088 371 1148 408 θείᾳ
1162 372 1258 408 Γραφῇ
1274 373 1448 408 συμϐολικῶς
1464 373 1598 408 εἰρημένα
1617 373 1792 409 εὑρίσκομεν,
1805 374 1870 399 εἰδέ-

1087 424 1131 443 ναι
1145 418 1210 452 χρὴ,
1236 417 1274 449 ὡς
1290 418 1452 453 ἀνθρώπους
1475 418 1554 450 ὄντας
1576 419 1662 454 ἡμᾶς,
1683 419 1730 445 καὶ
1753 418 1785 444 τὸ
1801 419 1870 453 παχὺ

1088 462 1165 489 τοῦτο
1180 463 1290 498 σαρκίον
1304 464 1524 499 περικειμένους,
1539 464 1588 495 τὰς
1602 463 1686 495 θείας,
1699 465 1746 491 καὶ
1759 463 1871 499 ὑψηλὰς,

1088 509 1135 535 καὶ
1154 509 1253 541 ἀΰλους
1275 510 1325 545 τῆς
1340 510 1473 545 Θεὸτητος
1498 510 1640 546 ἐνεργείας
1666 511 1736 537 νοεῖν
1753 510 1769 544 ἦ
1787 509 1873 544 λέγειν

1087 554 1227 589 ἀδύνατον,
1244 556 1268 582 εί
1279 557 1316 591 μὴ
1332 557 1418 583 είκόσι
1432 557 1480 583 καὶ
1494 556 1590 588 τύποις
1602 556 1649 583 καὶ
1665 556 1810 591 συμϐόλοις
1821 557 1874 587 τοῖς

1088 601 1149 627 καθ’
1159 602 1232 637 ἡμᾶς
1248 602 1421 637 χρησαίμεθα
1432 606 1456 629 ι.
1474 603 1544 629 Ὅσα
1553 602 1644 629 τοίνυν
1666 602 1731 637 περί
1743 602 1812 628 Θεοῦ
1825 610 1875 627 σω-

1088 647 1274 683 ματικώτερον
1293 649 1411 684 εἴρηται,
1436 648 1610 684 συμϐολικῶς
1632 649 1691 675 ἐστι
1706 647 1873 682 λελεγμένα·

1087 693 1143 727 ἔχει
1165 693 1192 720 δὲ
1214 687 1383 730 ὑψηλοτέρᾶν
1403 695 1540 721 διάνοιαν·
1558 694 1660 722 ἁπλοῦν
1678 694 1733 729 γὰρ
1749 694 1780 720 τὸ
1802 694 1875 720 Sim:

1088 740 1134 765 καὶ
1155 739 1367 775 ἀσχημάτιστον,
1390 740 1561 775 Ὀφθαλμοὺς
1583 740 1632 775 μὲν
1647 737 1694 766 οὖν
1713 738 1781 766 Θεοῦ
1796 759 1804 772 ,
1830 738 1876 765 καὶ

1088 784 1219 819 βλέφαρα,
1248 787 1295 812 καὶ
1312 786 1417 821 ὅρασιν,
1443 786 1491 812 καὶ
1506 786 1555 820 τὴν
1575 785 1702 813 ἁπάντων
1725 784 1876 820 ὲποπτικὴν

1087 830 1169 857 αὐτοῦ
1185 830 1309 865 δύναμιν,
1324 831 1371 857 καὶ
1385 831 1416 857 τὸ
1432 831 1567 866 ἀλάθητον
1579 831 1628 867 τῆς
1651 830 1734 858 αὐτοῦ
1749 831 1875 865 γνώσεως

1087 876 1268 911 ιννοήσωμεν,
1281 877 1336 903 ἀπὸ
1349 877 1396 903 τοῦ
1411 877 1476 912 παρ’
1492 878 1558 912 ἡμῖν
1579 877 1624 903 διὰ
1646 876 1749 911 ταύτης
1770 877 1822 911 τῆς
1837 876 1877 902 al-

237 924 349 958 pebras,
364 924 511 958 visumque
527 923 586 955 Dei,
606 923 661 950 vim
684 923 773 957 ipsius
791 930 883 950 rerum
901 923 1024 949 omnium

1089 920 1210 956 σθήσεως
1237 922 1430 958 ἐντελεστέραν
1456 922 1557 957 γνῶσίν
1573 930 1603 948 τε
1618 922 1665 948 καὶ
1685 921 1872 956 πληροφορίαν

186 978 197 990 ι
237 968 443 1003 iuspectriccm,
460 972 544 1003 atque
557 967 694 1003 ejusmodi
716 968 902 1003 cognitionem
923 967 1025 995 intelli-

236 1021 343 1048 gamus,
360 1021 441 1048 quam
457 1021 502 1041 res
518 1014 593 1041 nulla
611 1012 697 1049 fugiat
713 1023 720 1041 :
736 1018 766 1041 ut
778 1014 908 1041 nimirum
924 1021 1024 1042 sensus

236 1060 393 1087 ministerio
408 1060 556 1095 perfectior
576 1060 656 1088 nobis
677 1065 759 1095 alque
782 1059 887 1087 certior
902 1060 1024 1095 cognitio

237 1105 360 1133 accedat.
374 1105 426 1133 Per
441 1113 523 1133 aures
538 1109 565 1133 el.
576 1105 699 1133 auditum
728 1105 816 1141 ipsius
833 1105 865 1132 ad
881 1105 1024 1141 ignoscen-

237 1153 303 1180 dum
329 1152 542 1187 propensionem
624 1155 707 1186 atquo
764 1151 793 1179 in
852 1151 1024 1187 excipiendis

237 1197 367 1232 precibus
391 1197 496 1226 nostris
514 1197 724 1233 benignitatem.
745 1196 872 1225 Solemus
892 1197 964 1225 enim
977 1204 1024 1232 per

238 1243 311 1271 hunc
325 1251 438 1272 sensum
458 1243 493 1271 iis
515 1243 563 1278 qui
588 1244 670 1272 nobis
688 1243 828 1278 supplices
852 1248 928 1275 sunt,
945 1243 1024 1270 mites

236 1298 289 1318 nos
303 1290 455 1325 facilesque
480 1290 624 1325 praebere;
653 1288 802 1324 benignius
827 1289 954 1316 videlicet
976 1295 1025 1315 au-

236 1343 294 1363 rem
309 1335 377 1370 ipsis
399 1336 589 1362 admoventes.
608 1333 661 1361 Per
673 1341 705 1361 os
724 1341 756 1361 ac
778 1334 955 1366 locutionem,
975 1341 1024 1361 vo-

237 1380 353 1408 luntatis
379 1381 468 1415 ipsius
493 1380 709 1407 declarationem
733 1380 898 1414 accipimus.
917 1380 1024 1415 Quippe

237 1433 290 1454 nos
303 1433 413 1461 quoque
428 1425 524 1454 abdita
543 1425 638 1453 cordis
660 1432 743 1453 sensa
762 1433 810 1459 per
824 1432 856 1453 os
870 1429 898 1453 et
916 1432 1023 1453 sermo-

237 1479 300 1498 nem
315 1471 479 1506 promimus.
497 1471 551 1499 Per
568 1471 660 1499 cibum
685 1476 713 1499 et
737 1475 842 1505 potum,
866 1474 1023 1506 promptum

237 1520 364 1544 nostrum
389 1517 424 1545 ad
453 1517 625 1545 voluntatem
656 1523 814 1545 accessum.
837 1515 947 1544 Etenim
973 1523 1024 1544 nos

1088 968 1253 1002 ἐγγίνεσθαι.
1270 966 1340 995 Ὦτα
1358 969 1386 995 δὲ
1406 969 1453 995 καὶ
1473 968 1569 1004 ἀκοὴν,
1591 967 1622 994 τὺ
1640 967 1815 1000 ἑξιλεωτικδν
1831 967 1878 993 αὐ-

1088 1014 1146 1045 τοῦ,
1161 1014 1208 1041 καὶ
1232 1014 1281 1049 τῆς
1296 1014 1434 1050 ἡμετέρας
1454 1014 1578 1041 δεκτικὸν
1592 1013 1721 1049 δεήσεως.
1742 1014 1797 1040 Καὶ
1824 1014 1877 1048 γὰρ

1089 1061 1168 1096 ἡμεῖς
1182 1061 1239 1092 τοῖς
1252 1060 1302 1093 τὰς
1313 1061 1418 1093 ἱκεσίας
1438 1061 1621 1096 ποιουμένοις,
1639 1060 1683 1087 διὰ
1698 1060 1799 1095 ταύτης
1830 1060 1877 1094 τῆς

1089 1108 1241 1142 αίσθήσεως
1267 1107 1391 1143 εὐμενεῖς
1414 1107 1558 1142 γινόμεθα,
1579 1106 1762 1142 γνησιώτερον
1783 1106 1877 1137 αὐτοῖς

1088 1153 1118 1179 τὸ
1131 1151 1178 1184 οὖς
1195 1151 1390 1184 ἑπικλίνοντες.
1407 1153 1499 1188 Στόμα
1513 1152 1541 1179 δὲ
1564 1153 1612 1179 καὶ
1627 1152 1731 1184 λαλιὰν,
1748 1151 1779 1178 τὸ
1793 1151 1878 1178 ἐνδει-

1089 1197 1183 1223 utbe
1198 1196 1249 1232 τῆς
1264 1196 1419 1231 βουλήσεως
1435 1196 1530 1229 αὐτοῦ,
1546 1196 1580 1223 ὲκ
1598 1196 1646 1222 τοῦ
1665 1196 1731 1232 παρ’
1744 1197 1813 1231 ἡμῖν
1835 1195 1879 1222 διὰ

1091 1243 1224 1278 πόματος
1238 1244 1286 1270 καὶ
1299 1243 1394 1274 λαλιᾶς
1409 1242 1590 1279 σημαίνεσθαι
1606 1242 1641 1269 τὰ
1664 1242 1797 1277 δγκάρδια
1815 1242 1878 1277 νοή-

1092 1296 1175 1323 ματα.
1203 1288 1308 1324 Βρῶσιν
1324 1288 1352 1315 δὲ
1373 1289 1419 1315 καὶ
1436 1288 1526 1321 πόσιν,
1544 1288 1596 1324 τὴν
1611 1287 1750 1323 ἡμετέραν
1765 1287 1836 1322 πρὸς
1849 1287 1879 1313 τὸ

1091 1333 1172 1361 αὐτοῦ
1190 1334 1297 1370 θέλημα
1325 1335 1488 1370 συνδρομήν.
1507 1335 1563 1362 Kal.
1588 1334 1643 1370 γὰρ
1669 1334 1815 1369 ἡμεῖς,διὰ
1830 1334 1879 1368 τῆς

1091 1381 1239 1416 γευστικῆς
1254 1380 1466 1417 αἰσθήπως,τὴν
1478 1381 1530 1415 τῆς
1545 1380 1652 1415 φύσεως
1665 1379 1878 1415 ἀειαπληροῦμεν

1091 1426 1243 1461 ἀναγκαίαν
1256 1425 1355 1462 ὄρεξιν.
1373 1426 1527 1462 Ὀσφρησιν
1536 1426 1575 1459 δὲ,
1589 1425 1620 1452 τὸ
1631 1425 1820 1453 ἀτυοδεικτικῖιν
1829 1426 1878 1459 τῆς

1093 1473 1161 1507 πρὸς
1175 1472 1257 1499 αὐτὸν
1283 1472 1388 1503 ἑννοίας
1396 1471 1604 1503 τεκαὶεύνοίας,
1627 1471 1659 1497 ὲκ
1674 1470 1720 1497 τοῦ
1737 1470 1802 1505 παρ’
1813 1471 1877 1506 ἡμῖν

1092 1518 1135 1545 διὰ
1148 1517 1250 1552 ταύτης
1263 1518 1313 1551 τῆς
1327 1515 1542 1551 αἰσθήσεως,τὴν
1556 1516 1606 1550 τῆς
1617 1514 1733 1545 εὐωδίας
1743 1514 1877 1548 ἀποδοχὴν

238 1570 349 1598 quoque
370 1563 560 1591 necessarium
583 1567 688 1590 naturae
716 1563 867 1597 appetitum
881 1562 1024 1597 explemus

1094 1562 1260 1597 ἐγγίνεσθαι.
1270 1562 1418 1598 Πρόσωπον
1431 1561 1471 1594 δὲ,
1487 1561 1536 1594 τὴν
1546 1561 1579 1587 δι’
1594 1560 1682 1596 ἔργων
1694 1559 1776 1587 αὐτοῦ
1795 1559 1877 1585 ἐνδει-

239 1615 287 1642 per
311 1612 409 1643 gustus
430 1616 555 1637 sensum.
572 1607 625 1636 Per
640 1608 784 1640 olfactum.
811 1608 863 1635 vim
882 1615 953 1641 eam,
969 1615 1023 1642 qua

237 1653 432 1690 cogitationem
471 1661 505 1681 ae
538 1654 759 1682 benevolentiam
794 1656 903 1689 gratam
944 1659 1025 1681 occe-

238 1701 368 1730 ptamque
384 1694 477 1735 habet.
503 1694 646 1728 biqutoem
658 1696 685 1721 et
701 1700 751 1720 nos
768 1696 885 1720 odorum
901 1693 1029 1727 fragran-

237 1742 303 1768 tiam
333 1748 382 1776 per
409 1740 482 1767 hunc
507 1740 818 1776 sensumiexcipimus.
841 1740 894 1768 Per
916 1740 1028 1774 faciem,

237 1786 326 1822 ipsius
341 1793 390 1821 per
404 1793 488 1821 opera
500 1786 764 1814 demonstrationem
780 1794 812 1813 ac
826 1786 1028 1814 Ostensionem.

236 1834 354 1867 Quando
375 1833 486 1869 quidem
518 1841 570 1861 nos
595 1841 705 1869 quoque
720 1841 753 1861 ex
769 1833 846 1861 vultu
860 1841 965 1868 orcque
980 1840 1029 1869 pa-

237 1881 292 1907 lam
320 1880 519 1916 dignoscimur.
552 1878 604 1907 Per
632 1887 742 1913 manus,
776 1879 914 1907 actionem
943 1879 1030 1912 illam,

237 1935 291 1963 qua
305 1934 389 1962 opera
405 1934 454 1954 sua
466 1926 598 1954 absolvit.
618 1926 688 1953 Nam
705 1934 757 1953 nos
777 1926 861 1954 etiam
878 1925 1030 1953 utilissima

237 1981 354 2009 quaeque
369 1976 395 2001 et
413 1972 645 2008 praestantissima
672 1979 756 2007 opera
775 1971 881 1999 nostris
899 1971 1031 1998 manibus

237 2020 381 2048 efﬁcimus.
395 2018 447 2047 Per
461 2019 613 2052 dexteram,
631 2019 721 2054 ipsius
739 2020 767 2046 in
794 2019 877 2046 rebus
899 2018 1031 2047 secundis

237 2074 318 2103 opem
338 2070 366 2094 et
382 2065 536 2097 auxilium;
558 2073 591 2093 ex
605 2072 638 2093 eo
657 2073 755 2100 nempe
771 2064 847 2100 quod
863 2072 914 2093 nos
938 2065 966 2092 in
985 2073 1030 2092 re-

237 2113 290 2141 bus
325 2111 539 2147 insignioribus,
567 2118 685 2146 quaeque
728 2111 883 2144 plurimum
920 2110 1032 2138 roboris

238 2157 394 2193 requirunt,
415 2156 514 2184 dextra
547 2156 639 2191 potius
666 2156 774 2183 utimur
799 2163 895 2183 manu.
923 2154 976 2183 Per
991 2159 1044 2190 ta-,

1095 1608 1135 1641 ξίν
1151 1616 1182 1635 τε
1196 1608 1243 1635 καὶ
1270 1607 1467 1642 ὲμφάνειαν,ὲκ
1492 1605 1540 1633 τοῦ
1567 1606 1616 1640 τὴν
1631 1605 1770 1641 ἡμετέραν
1789 1604 1878 1640 ἐμφά-

1094 1663 1169 1682 νειαν
1179 1654 1225 1681 διὰ
1240 1653 1387 1689 προσώπου
1402 1652 1535 1687 γίνεσθαι.
1543 1653 1644 1687 Χεῖρας
1660 1652 1700 1684 δὲ,
1723 1651 1755 1678 τὸ
1771 1652 1879 1678 ἀνυστι-

1082 1694 1130 1721 κον
1143 1693 1195 1729 τῆς
1205 1694 1345 1729 ἐνεργείας
1360 1694 1456 1722 αὐτοῦ.
1465 1695 1521 1721 Καὶ
1535 1695 1590 1730 γὰρ
1605 1695 1686 1730 ἡμεῖς
1701 1694 1734 1720 τὰ
1748 1694 1879 1728 χρειώδηο

1083 1740 1132 1768 καὶ
1147 1739 1265 1775 μάλιστα
1281 1740 1434 1777 τιμιώτερα
1447 1740 1492 1768 διὰ
1516 1741 1571 1768 τῶν
1588 1740 1698 1768 οἰκείων
1729 1739 1880 1775 κατορθοῦο

1084 1795 1135 1822 μεν
1147 1786 1258 1822 χειρῶν.
1281 1787 1378 1821 Δεειὰν
1404 1787 1445 1820 δὲ,
1470 1787 1519 1824 τὴν
1533 1788 1580 1815 ἐπὶ
1596 1789 1651 1819 τοῖς
1675 1786 1775 1819 αἰσίοις
1791 1786 1876 1814 αὑτοῦ

1084 1833 1222 1868 βοήθειαν,
1234 1833 1266 1860 ὲκ
1279 1832 1326 1860 τοῦ
1342 1834 1390 1861 καὶ
1402 1835 1478 1869 ἡμᾶς
1495 1834 1596 1868 μᾶλλον
1609 1834 1655 1861 ἐπὶ
1665 1833 1719 1861 τῶν
1741 1834 1880 1868 εὐσχημο-

1082 1880 1180 1914 τέρων,
1198 1881 1244 1906 καὶ
1260 1881 1445 1916 τιμιωτέρων,
1468 1882 1515 1907 καὶ
1528 1881 1657 1916 πλείστης
1678 1880 1770 1915 ἰσχύος
1784 1879 1881 1915 δεομέ-

1083 1933 1136 1951 νων
1152 1926 1185 1960 τῇ
1201 1925 1277 1960 δεξιᾷ
1292 1926 1455 1961 κεχρῆσθαι.
1473 1926 1640 1960 Ψηλάςρησιν
1653 1925 1691 1956 δὲ,
1707 1926 1759 1960 τὴν
1769 1924 1882 1960 ἀκριϐε-

1084 1970 1184 2005 στέραν
1201 1971 1296 2003 αὐτοῦ,
1311 1973 1358 1998 καί
1374 1972 1422 2006 τὴν
1438 1971 1497 1998 λίαν
1513 1971 1620 1997 λεπτῶν
1633 1979 1672 2001 τε,
1690 1972 1737 1998 καὶ
1750 1971 1881 2006 κρυπτῶν

1083 2016 1229 2050 διάγνωσίν
1243 2026 1282 2050 τε,
1303 2018 1351 2044 καὶ
1373 2017 1527 2052 εἴσπραξιν,
1543 2018 1576 2043 ἐκ
1595 2017 1641 2043 τοῦ
1665 2018 1730 2052 παρ’
1748 2018 1815 2053 ἡμῖν
1843 2017 1882 2053 μὴ

1083 2063 1215 2089 δύνασθαι
1224 2064 1287 2095 τοὺς
1302 2063 1522 2098 ψηλαφωμένους
1536 2063 1563 2089 ἐν
1577 2063 1684 2093 ἑαυτοῖς
1698 2072 1724 2089 τι
1736 2063 1881 2099 κρύπτειν.

1084 2108 1171 2140 Πτῗδας
1182 2109 1210 2135 δὲ
1226 2109 1272 2136 καὶ
1290 2109 1405 2144 βάδισιν,
1423 2110 1472 2144 τὴν
1484 2109 1551 2144 πρὸς
1571 2110 1734 2144 ἐπικουρίαν
1752 2109 1806 2137 τῶν
1822 2110 1883 2137 δεο-

1085 2154 1186 2189 μένων.
1212 2154 1228 2190 ἢ
1256 2154 1361 2189 ἐχθρῶν
1383 2156 1499 2190 ἄμυναν,
1530 2155 1650 2190 ἢᾶλλην
1670 2156 1733 2183 τινὰ
1765 2155 1878 2192 πρᾶξιν,

238 2209 325 2236 ctum,
342 2203 528 2232 certissimam
554 2203 642 2238 ipsius
665 2202 917 2229 minutissimarum
936 2209 968 2228 ac
986 2209 1029 2228 oc-

1087 2200 1189 2227 Ξ).ευσίν
1206 2210 1246 2233 τε,
1263 2202 1311 2228 καὶ
1328 2202 1490 2237 παρουσίαν,
1504 2203 1536 2229 ἐκ
1556 2202 1602 2229 τοῦ
1621 2204 1685 2237 παρ’
1699 2203 1766 2237 ἡμῖν
1775 2203 1819 2229 διὰ
1832 2203 1883 2238 τῆς

238 2250 457 2279 cultissimarum
488 2256 580 2277 rerum
607 2248 829 2283 explorationem
850 2252 878 2276 et
906 2247 1031 2276 cxactio-
1054 2260 1057 2261 ν

237 2303 325 2322 nem:
355 2294 392 2322 ob
422 2294 451 2322 id
475 2294 593 2328 scilicet,
634 2293 708 2329 quod
738 2293 778 2321 illi
809 2301 931 2329 quoque,
961 2301 1031 2328 quos

238 2344 456 2373 contrectamus,
484 2341 554 2368 nihil
577 2341 604 2368 in
621 2348 651 2369 se
677 2341 820 2368 occultare
845 2345 961 2376 queant.
979 2341 1031 2368 Per

238 2386 323 2421 pedes
339 2391 365 2414 ct
381 2386 578 2420 incessionem,
597 2386 748 2415 adventum
765 2386 853 2422 ipsius
868 2391 895 2414 et
911 2394 1031 2422 praesen-

239 2433 317 2464 tiam,
346 2432 388 2459 vel
411 2432 445 2459 ad
472 2440 552 2467 opem
577 2432 723 2468 egentibus
749 2431 904 2466 ferendam,
932 2433 975 2461 vel
999 2432 1034 2460 ad

239 2481 335 2507 hostes
353 2479 541 2512 ulciscendos,
554 2480 597 2507 vel
626 2479 659 2507 ad
676 2488 733 2508 rem
758 2480 841 2508 aliaat
858 2480 1009 2516 gerendam
1026 2489 1033 2507 :

239 2526 313 2561 quod
339 2526 471 2552 nimirum
489 2526 568 2553 nobis
586 2534 697 2561 quoque
714 2526 766 2554 hoc
784 2527 869 2561 pedes
891 2530 1035 2562 praestent,

241 2576 270 2598 ut
286 2570 319 2598 ad
338 2571 428 2598 locum
444 2570 565 2605 aliquem
589 2571 795 2605 perveniamus.
823 2571 876 2599 Per
890 2571 1036 2607 jusjuran-

240 2619 316 2649 dum,
344 2617 455 2644 consilii
481 2617 541 2652 ejus
566 2616 847 2645 immulabilitatem:
873 2617 947 2653 quod
963 2617 1047 2653 apud,

241 2674 292 2693 nos
319 2663 683 2700 interpositojurejuranth
704 2670 798 2691 mutua
822 2670 902 2699 pacta
926 2664 1038 2691 ﬁrmen-

241 2717 295 2739 tur.
319 2711 371 2739 Per
402 2712 472 2738 iram
499 2715 526 2738 et
551 2711 684 2742 furorem,
714 2710 851 2737 infensam
882 2711 942 2745 ejus
971 2718 1036 2745 erga

242 2757 375 2783 malitiam
397 2756 572 2784 voluntatem
597 2763 630 2783 ac
659 2755 766 2788 odium,
793 2754 860 2781 Nam
886 2760 977 2782 etnos
1004 2762 1036 2782 ea

242 2808 302 2833 qua:
319 2808 381 2827 cum
407 2801 552 2828 voluntate
574 2803 601 2827 et
621 2800 758 2827 sententia
788 2804 882 2826 nostra
910 2802 1036 2833 pugnant

242 2846 305 2872 odio
317 2846 459 2881 habentes,
476 2846 504 2874 in
523 2846 592 2875 iram
610 2845 832 2882 prorumpimus.
893 2844 945 2872 Per
965 2845 1036 2873 obli-

1083 2247 1137 2275 τῶν
1153 2248 1240 2274 ποδῶν
1251 2248 1375 2283 χρήσεως
1388 2249 1581 2276 ἀποτελεῖσθαι
1596 2249 1644 2283 τὴν
1659 2249 1883 2284 ἄᾨιξινΆὊρκον

1083 2293 1122 2325 δὲ,
1140 2294 1170 2320 τὸ
1189 2294 1359 2329 ἀμετάθετον
1382 2294 1434 2329 τῆς
1462 2295 1561 2330 βουλῆς
1576 2295 1671 2326 αὑτοῦ,
1698 2296 1731 2322 ὲκ
1749 2296 1798 2322 τοῦ
1814 2296 1882 2331 παρ’

1083 2340 1150 2374 ἡμῖν
1169 2339 1203 2366 δι’
1226 2340 1309 2375 ὅρκου
1323 2340 1372 2372 τὰς
1392 2340 1461 2376 πρὸς
1477 2341 1610 2377 ἀλλήλους
1624 2341 1801 2376 βεϐαιοῦσθαι
1817 2350 1883 2369 συν-

1084 2386 1181 2421 θήκας.
1218 2386 1318 2422 Ὀργὴν
1337 2387 1365 2414 δὲ
1381 2388 1429 2414 καὶ
1453 2387 1550 2423 θυμὸν.
1568 2388 1617 2423 τὴν
1638 2388 1707 2423 πρὸς
1720 2388 1770 2424 τὴν
1784 2389 1884 2415 κακίαν

1084 2431 1235 2467 ἀπέχθειάν
1261 2441 1292 2459 τε
1319 2432 1366 2459 καὶ
1381 2433 1571 2469 ἀποστροφήν.
1595 2433 1650 2460 Καὶ
1665 2433 1721 2469 γὰρ
1749 2434 1832 2469 ἡμεῖς
1850 2434 1886 2460 τὰ

1084 2478 1195 2513 ὲναντία
1213 2479 1263 2514 τῆς
1287 2477 1400 2514 γνώμης
1424 2479 1568 2515 μισοῦντες
1584 2479 1763 2515 ὀργιζόμεθα.
1790 2479 1885 2514 Λήθην

1084 2524 1124 2556 δὲ,
1140 2524 1187 2551 καὶ
1218 2523 1313 2557 ὕπνον,
1334 2525 1380 2551 καὶ
1405 2525 1573 2560 νυσταγμὺν,
1598 2525 1648 2560 τὴν
1671 2525 1821 2561 ὑπέρθεσιν
1835 2526 1887 2561 τῆς

1086 2571 1140 2597 τῶν
1157 2570 1263 2607 ἐχθρῶν
1290 2571 1410 2606 ἀμύνης,
1429 2572 1477 2598 καὶ
1500 2571 1550 2606 τὴν
1579 2571 1630 2605 τῆς
1657 2571 1790 2606 συνήθους
1817 2571 1888 2606 πρὸς

1087 2618 1150 2649 τοὺς
1167 2617 1285 2649 οἰκείους
1306 2617 1432 2654 βοηθείας
1460 2617 1613 2652 ἀναϐολήν·
1631 2617 1678 2644 καί¹
1691 2617 1784 2649 ἁπλῶς
1798 2618 1889 2644 εἰπεῖν

1088 2664 1179 2691 πάντα
1195 2664 1230 2691 τὰ
1247 2664 1413 2699 σωματικῶς
1426 2664 1561 2699 εἰρημένα
1573 2663 1619 2689 ἐπὶ
1632 2663 1711 2696 Θεοῦ,
1727 2664 1888 2699 κεκρυμμέ-

1087 2718 1137 2745 νην
1153 2710 1208 2745 Exi-2'.
1227 2710 1289 2737 τινὰ
1313 2710 1430 2743 ἔννοιαν,
1451 2711 1483 2736 ἐκ
1498 2710 1552 2736 τῶν
1584 2709 1644 2736 καθ’
1659 2711 1735 2745 ἡμᾶς
1757 2710 1791 2736 τὰ
1816 2711 1888 2745 ὑπὲρ

1087 2757 1162 2790 ἡμᾶς
1188 2756 1411 2789 ἐκδιδάσκουσαν,
1438 2756 1462 2782 εἰ
1479 2756 1518 2791 μή
1537 2765 1564 2782 τι
1578 2757 1704 2792 περὶτῆς
1727 2757 1889 2792 σωματικῆς

1091 2801 1136 2828 τοῦ
1154 2802 1223 2829 Θεοῦ
1240 2803 1328 2836 Λόγου
1342 2802 1490 2841 ἐπιδημίας
1506 2801 1624 2838 εἴρηται.
1634 2803 1720 2835 Αὐτὸς
1732 2803 1785 2837 γὰρ
1798 2802 1889 2829 πάντα

1091 2849 1136 2876 τὸν
1153 2849 1294 2882 ἄνθρωπον
1312 2850 1333 2867 ο·
1351 2848 1396 2875 διὰ
1412 2849 1462 2882 τὴν
1480 2849 1619 2883 ἡμετέραν
1640 2850 1779 2882 σωτηρίαν
1796 2849 1889 2876 ἀνεδέ-
