4130 6406
452 332 553 417 1'53"
1414 350 1795 412 PANOPLIA
1835 349 2301 412 DOGMATICA.
2344 377 2413 386 —
2451 353 2600 413 TlT.
2647 355 2764 415 ιιι.
3623 361 3726 425 ist

444 472 594 535 ξατο,
640 466 821 539 ψυχὴν
860 467 1083 537 νοερὰν,
1116 466 1211 520 καὶ
1246 466 1429 538 σῶμα,
1459 468 1552 520 καὶ
1592 484 1661 520 τα
1691 471 1792 539 τῆς
1824 467 2019 537 ἀνθρωι

2141 472 2379 537 vionem,
2436 488 2689 526 somnum
2740 485 2794 529 et
2844 475 3318 537 dormitationem,
3377 479 3724 533 animadver-

444 564 607 625 ττξντις
639 560 856 630 φύσεως
889 559 1184 631 ἰδιώματα,
1216 560 1284 615 τά
1302 578 1362 613 τε
1388 561 1593 630 φυσικὰ
1624 562 1721 615 καὶ
1770 560 2019 631 ἀδιάϐλη-

2140 564 2314 618 sionis
2342 564 2397 617 in
2436 564 2622 619 hostes
2655 567 2996 633 dilationem,
3040 571 3414 639 temporisque
3445 587 3627 625 moras
3664 576 3717 625 in

440 670 509 706 τα
542 652 715 723 πάϐη.
2137 655 2342 711 auxilio
2379 667 2644 713 consueto
2683 657 2918 714 ferendo
2987 662 3054 714 iis
3096 677 3237 730 quos
3270 664 3467 717 charos
3514 679 3576 717 ac
3619 680 3719 718 ne-

438 750 721 804 cessarios
760 747 947 803 habet.
1003 746 1273 817 Denique,
1305 756 1363 801 ut
1397 764 1506 802 uno
1535 749 1704 804 verbo
1743 748 1946 808 dicam,
1982 748 2033 803 in
2069 750 2135 805 iis
2159 749 2419 805 omnibus
2447 767 2568 821 qua:
2601 753 2670 807 de
2702 754 2814 807 Deo
2836 770 3105 824 corporeo
3136 757 3300 811 modo
3334 759 3713 821 enuntiantur,

437 842 731 896 abstrusus
764 842 986 911 quidam
1020 856 1217 897 sensus
1252 842 1429 907 inest,
1470 858 1580 912 quo
1609 858 1707 913 per
1742 843 1833 897 illa
1865 858 1985 912 qua:
2014 843 2173 898 nobis
2207 856 2557 915 congruunt,
2591 862 2654 901 ea
2688 864 2811 917 qua:
2845 865 3011 918 supra
3046 867 3149 906 nos
3192 862 3321 907 sunt
3360 856 3656 908 edocemur
3690 876 3704 911 :

436 934 547 987 nisi
582 935 725 990 forte
757 934 1042 1003 quidpiam
1078 934 1148 991 de
1175 950 1444 1005 corporeo
1474 936 1568 991 Dei
1594 938 1833 992 adventu
1862 936 2072 993 dictum
2104 946 2212 992 est.
2238 937 2375 992 Nam
2418 938 2537 1007 ipse
2568 951 2741 994 totum
2777 942 3058 996 hominem
3087 944 3280 999 salutis
3314 957 3515 1000 nostrae
3545 964 3712 1000 causa

434 1030 732 1098 suscepit}
773 1028 878 1083 huc
906 1036 992 1083 est
1035 1029 1274 1083 animam
1311 1029 1706 1101 intelligentem
1731 1070 1747 1096 ,
1794 1040 1847 1085 et
1884 1047 2106 1101 corpus,
2141 1040 2305 1101 atque
2346 1032 2595 1087 humanae
2628 1043 2836 1091 natura:
2870 1036 3271 1107 preprietates,
3306 1055 3520 1094 necnon
3553 1053 3717 1095 natu-

436 1122 610 1184 tales,
646 1122 893 1192 nullique
920 1121 1339 1192 reprehensioni
1375 1123 1644 1177 obnoxias
1676 1123 1981 1194 passiones.

591 1218 708 1271 Τοῦ
747 1216 935 1271 αὑτοῦ
972 1217 1107 1285 περὶ
1153 1217 1366 1271 τόπου.
1402 1215 1744 1285 Κεφάλαιον
1795 1224 1865 1287 ιγ’

2480 1219 2731 1290 Ejusdem
2775 1224 2839 1277 de
2878 1223 3008 1287 loco,
3038 1241 3101 1279 ea:
3131 1227 3345 1295 cap.l'5.

518 1312 703 1373 Τόπος
746 1310 866 1363 ἐστὶ
927 1309 1241 1378 σωματικὸς
1289 1311 1466 1379 πέρας
1514 1308 1611 1363 τοῦ
1658 1310 2019 1380 περιέχοντος,

2200 1313 2379 1369 Locus
2415 1329 2715 1384 corporeus
2740 1325 2824 1370 est
2860 1318 3125 1373 terminus
3179 1322 3536 1399 continenjis,
3579 1342 3716 1395 qua-

437 1404 562 1456 καθ’
588 1405 615 1457 ὃ
664 1403 983 1474 περιέχεται
1019 1401 1081 1455 τὸ
1119 1403 1533 1472 περιεχόμενον.
1568 1399 1694 1455 Οῖον
1722 1405 1749 1455 6
1783 1402 1891 1473 ἀὴρ
1929 1420 2019 1455 πε-

2129 1413 2286 1459 tenus
2313 1406 2558 1460 continet
2582 1407 2657 1467 id,
2690 1408 2836 1476 quod
2871 1409 3207 1485 continetur.
3251 1412 3492 1484 Exempli
3517 1418 3714 1485 gratia,

438 1497 643 1566 ριέχει,
673 1495 733 1547 τὸ
766 1495 823 1548 δὲ
854 1495 1014 1565 σῶμα
1044 1494 1380 1565 περιέχεται.
1410 1494 1523 1563 Οὐχ
1548 1493 1669 1557 ὅλος
1718 1493 1776 1546 δὲ
1814 1495 1842 1546 6
1875 1512 2019 1564 περι.

2125 1512 2218 1550 aer
2248 1497 2492 1551 continet
2522 1497 2688 1553 hocce
2730 1508 2962 1569 'corpus.
3011 1500 3209 1556 Verum
3254 1519 3362 1557 non
3413 1516 3576 1574 totus,
3625 1511 3714 1577 qui

439 1589 586 1657 έχων
607 1588 716 1657 ἀὴρ
733 1586 897 1649 τόπος
926 1588 1044 1639 ἐστὶ
1065 1585 1161 1639 τοῦ
1184 1588 1572 1656 περιεχομένου
1594 1584 1867 1655 σώματος,
1892 1585 2019 1640 ἀλλά

2125 1591 2537 1658 comprehendit
2567 1608 2682 1658 aer,
2715 1596 3096 1663 comprehensi
3149 1598 3392 1663 corporis
3428 1599 3579 1654 locus
3608 1612 3715 1665 est,

437 1682 498 1734 τὸ
531 1682 689 1743 τέλος
716 1681 811 1734 τοῦ
852 1682 1199 1751 περιέχοντος
1233 1681 1396 1750 ἀέρος
1418 1681 1480 1733 τὸ
1508 1680 1884 1749 ἐφαπτόμενον
1930 1678 2019 1732 τοῦ

2126 1683 2221 1736 sed
2255 1684 2398 1737 aeris
2451 1682 2745 1737 ambientis
2790 1685 3129 1749 extremitas,
3176 1702 3296 1754 quae
3331 1703 3527 1757 corpus
3561 1704 3713 1743 com—

436 1775 842 1845 περιεχομένου
872 1774 1145 1842 σώματος.
1189 1772 1338 1825 Ἐστι
1372 1772 1429 1825 δὲ
1460 1775 1553 1825 καὶ
1607 1773 1795 1842 νοητὸς
1834 1772 2019 1836 τόπος,

2130 1776 2462 1845 prehensum
2497 1777 2731 1848 attingit.
2765 1776 2919 1843 Quod
2950 1787 3133 1832 autem
3183 1782 3448 1844 continet,
3490 1782 3717 1837 omnino

435 1868 573 1921 ἔνθα
626 1869 851 1931 νοεῖται,
908 1866 1003 1919 καὶ
1059 1866 1205 1918 ἔστιν
1272 1867 1304 1935 ή
1359 1864 1525 1935 νοητὴ
1585 1866 1681 1919 καὶ
1730 1865 2019 1934 ἀσώματος

2128 1865 2181 1919 in
2219 1881 2285 1919 eo
2319 1882 2427 1920 non
2455 1874 2556 1930 est,
2616 1867 2762 1933 quod
2811 1869 3142 1921 continetur.
3201 1868 3293 1922 Est
3341 1870 3503 1923 etiam
3561 1872 3713 1925 locus

436 1964 638 2033 φύσις·
671 1959 911 2031 ἐνθαπέρ
943 1961 1062 2012 ἐστι
1091 1960 1187 2011 καὶ
1218 1959 1451 2026 ἐνεργεῖ,
1481 1956 1576 2008 καὶ
1602 1957 1662 2009 οὐ
1693 1956 2025 2026 σωματικῶς

436 2055 789 2125 περιέχεται,
832 2052 969 2105 ἀλλά
1013 2050 1241 2119 νοητῶς.
1283 2051 1358 2102 Ού
1398 2050 1508 2118 γὰρ
1543 2049 1659 2119 ἔχει
1691 2050 1903 2119 σχῆμα,
1938 2048 2025 2101 ἵνα

437 2147 781 2219 σωματικῶς
810 2144 1132 2216 περιοχεθῇ.
1177 2144 1237 2197 '0
1280 2143 1379 2213 μὲν
1423 2139 1520 2197 οὖν
1552 2143 1688 2207 Θεὸς
1726 2144 1888 2207 ἄῦλος
1928 2142 2025 2210 ὢν,

436 2242 536 2293 καὶ
573 2238 990 2309 ἀπερίγραπτος
1038 2238 1097 2289 ἐν
1142 2234 1292 2306 τόπῳ
1331 2235 1431 2288 οὐκ
1471 2234 1643 2289 ἐστιν.
1690 2234 1864 2296 Αὐτὸς
1916 2235 2027 2305 γὰρ

437 2330 643 2385 ἑαυτοῦ
686 2332 847 2392 τόπος
904 2330 1054 2383 ἐστὶν
1089 2330 1117 2381 6
1156 2329 1223 2382 τὰ
1276 2326 1568 2396 σύμπαντα
1632 2326 1879 2397 πληρῶν,
1931 2328 2027 2380 καὶ

439 2423 588 2493 ὑπὲρ
612 2420 683 2474 τὰ
716 2420 896 2475 πάντα
922 2417 1145 2482 ῶν,.καὶ
1196 2416 1363 2481 αὐτὸς
1414 2417 1654 2487 συνέχων
1700 2417 1768 2471 τά
1824 2419 2023 2472 πάντα.

440 2512 682 2581 Λέγεται
727 2510 786 2563 δὲ
837 2510 932 2564 καὶ
980 2511 1041 2562 ἐν
1077 2508 1229 2578 τόπῳ
1263 2500 1423 2572 εῖναι,
1459 2507 1555 2559 καὶ
1603 2505 1824 2576 λέγεται
1862 2506 2025 2569 τόπος

440 2606 606 2673 Θεοῦ,
639 2606 770 2660 ἔνθα
796 2603 1018 2673 ἔκδηλος
1046 2604 1078 2671 ἡ
1103 2601 1355 2669 ἐνέργεια
1388 2598 1553 2652 αὐτοῦ
1595 2599 1826 2667 γῖνεται.
1856 2597 2027 2661 Λὺτδς

442 2702 554 2768 γὰρ
585 2698 677 2751 διά
711 2700 933 2750 πάντων
962 2694 1177 2764 ἀμιγῶς
1193 2693 1393 2761 διήκει,
1418 2692 1511 2744 καὶ
1529 2692 1663 2744 πᾶσι
1695 2689 2025 2760 μεταδίδωσι

440 2795 542 2865 τῆς
592 2789 793 2844 ἐαυτοῦ
828 2787 1113 2860 ἐνεργείας
1143 2786 1286 2839 κατὰ
1315 2784 1413 2856 τὴν
1441 2785 1677 2837 ἑκάστου
1725 2783 2027 2852 ἐπιτηδειό-

438 2902 585 2955 τητα
615 2885 711 2937 καὶ
736 2881 993 2951 δεκτικὴν
1021 2879 1275 2949 δύναμιν,
1298 2879 1439 2949 φημὶ
1472 2878 1534 2947 δὴ
1569 2877 1670 2947 τήν
1695 2893 1755 2929 τε
1785 2876 2022 2946 φυσικὴν

437 2978 537 3030 καὶ
571 2974 971 3045 προαιρετικὴν
1007 2970 1377 3045 καθαρότητα.
1435 2968 1812 3039 Καθαρώτερα
1852 2967 1908 3020 δὲ
1956 2967 2025 3019 τὰ

435 3071 585 3123 ἇῦλα
615 3068 728 3121 τῶν
760 3066 984 3131 ὑλικῶν,
1016 3064 1110 3117 καὶ
1160 3066 1229 3117 τὰ
1270 3064 1501 3134 ἐνάρετα
1530 3062 1640 3115 τῶν
1669 3061 1839 3132 κακίᾳ
1871 3077 2026 3113 συνε-

434 3162 786 3233 ζευγμένων.
826 3161 1061 3227 Λέγεται
1096 3157 1389 3226 τοιγαροῦν
1418 3154 1553 3207 Θεοῦ
1598 3155 1761 3215 τόπος
1800 3157 1827 3206 6
1860 3153 2021 3206 πλέον

435 3259 693 3330 μετέχων
724 3258 822 3327 τῆς
861 3255 1141 3326 ἐνεργείας
1174 3251 1395 3322 καὶτῆς
1433 3251 1653 3321 χάριτος
1694 3249 1880 3304 αὐτοῦ.
1918 3250 2023 3303 Διὰ

432 3357 599 3407 τοῦτο
639 3353 670 3404 6
713 3348 944 3419 οὐρανὸς
972 3345 1139 3400 αὑτοῦ
1170 3345 1380 3415 Θρόνος.
1431 3343 1521 3397 Ἐν
1564 3341 1712 3409 αύτῷ
1742 3342 1849 3410 γάρ
1883 3342 2022 3394 είσιν

432 3453 483 3501 el
514 3447 801 3507 ποιοῦντες
835 3445 895 3494 τὸ
920 3440 1132 3511 Θὲλημα
1165 3438 1329 3491 αὐτοῦ
1348 3434 1590 3505 ἄγγελοι,
1620 3435 1714 3488 καὶ
1736 3435 1825 3488 ἀεὶ
1863 3434 2016 3498 δοξά-

439 3544 629 3607 ζοντες
657 3538 842 3592 αὐτόν.
880 3534 1031 3604 Αὕτη
1064 3534 1173 3602 γὰρ
1206 3530 1357 3601 αὐτῷ
1390 3530 1716 3592 ἀνάπαυσις,
1757 3531 1851 3582 καὶ
1885 3530 1916 3597 ἡ
1946 3528 2019 3597 γῆ

447 3634 733 3686 ὑποπόδιον
758 3629 871 3682 τῶν
904 3626 1082 3681 ποδῶν
1107 3623 1294 3677 αὑτοῦ.
1330 3623 1421 3676 Ἕν
1450 3623 1587 3692 αὐτῇ
1617 3622 1726 3692 γὰρ
1761 3620 1849 3673 διὰ
1886 3637 2018 3690 σαρο

456 3726 552 3787 κὸς
590 3728 692 3789 τοῖς
733 3722 1056 3793 ἀνθρώποις
1086 3715 1527 3787 συνανεστράφη.
1556 3714 1697 3778 Ποῦς
1732 3713 1788 3766 δὲ
1816 3711 1952 3766 Θεοῦ
1984 3713 2017 3781 ἠ

447 3821 579 3887 ἁγία
617 3817 751 3888 σὰρξ
782 3813 950 3870 αὐτοῦ
980 3811 1254 3882 διαφόρως
1290 3809 1631 3878 ὠνόμασται.
1659 3805 1892 3873 Λέγεται
1923 3803 2020 3856 καὶ

384 3899 416 3922 ⁸
440 3916 472 3983 ἡ
514 3911 812 3981 Ἐκκλησία
838 3907 1005 3969 τόπος
1035 3902 1193 3958 Θεοῦ.
1223 3904 1439 3969 Ταύτην
1466 3899 1575 3969 γὰρ
1603 3898 1682 3961 εις
1710 3896 2019 3983 δοξολογίαν

434 3982 850 4072 ὠτοῦξῶσπερ
882 4018 934 4053 τι
971 3998 1198 4068 τέμενος
1227 3994 1607 4064 ἀφωρίσαμεν,
1638 3991 1697 4043 ἐν
1722 3982 1765 4058 ᾧ
1796 3988 1892 4042 καὶ
1919 3989 2019 4050 τὰς

431 4103 575 4169 πρὸς
610 4096 780 4151 αὑτὸν
808 4092 1080 4156 ἐντεύξεις
1115 4088 1441 4159 ποιούμεθα.
1482 4084 1717 4155 Ὁμοίως
1746 4082 1839 4135 καὶ
1862 4083 1911 4135 oi
1934 4080 2021 4132 τό·

432 4210 551 4253 τοι,
587 4192 648 4241 ἐν
674 4182 754 4253 οἷς
785 4186 1011 4256 ἔκδηλος
1049 4185 1181 4253 ἡμῖν
1210 4182 1242 4252 ή
1273 4181 1527 4251 ἐνέργεια
1567 4173 1755 4240 αὑτοῦ,
1788 4174 1897 4226 εἴτε
1930 4171 2020 4224 διὰ

432 4284 670 4353 σαρκὸς,
705 4282 817 4333 εἴτε
851 4281 983 4333 ἄνευ
1028 4276 1281 4347 σώματος
1313 4275 1527 4343 γέγονε,
1570 4269 1728 4324 τόποι
1766 4267 1901 4321 Θεοῦ
1935 4266 2022 4319 λέ-

429 4391 651 4445 γονται.
700 4371 901 4425 Ἰστέον
937 4370 994 4425 δὲ
1027 4366 1198 4423 ὅτιτὸ
1230 4367 1386 4420 Θεῖον
1425 4363 1633 4433 ἀμερές
1679 4361 1850 4423 ἐστιν,
1899 4357 2020 4411 ὅλον

427 4468 638 4533 όλικῶς
675 4461 950 4534 πανταχοῦ
976 4461 1056 4529 ὂν,
1083 4460 1180 4515 καὶ
1208 4458 1269 4513 οὐ
1308 4457 1473 4529 μέρος
1496 4458 1554 4509 ἐν
1589 4453 1745 4523 μέρει
1777 4466 2021 4518 σωματι-

2129 1959 2506 2029 intelligibilis,
2555 1959 2645 2012 ubi
2681 1959 3002 2029 intelligitur
3024 1967 3080 2014 et
3127 1968 3212 2013 est
3262 1970 3455 2015 natura
3510 1962 3715 2017 intelli-

2127 2051 2329 2121 gibilis,
2362 2060 2420 2106 et
2442 2051 2788 2121 incorporea.
2826 2050 2927 2106 Ubi
2967 2052 3143 2114 adest,
3174 2061 3229 2105 et
3255 2052 3385 2123 agit,
3415 2064 3470 2107 et
3503 2054 3714 2109 ratione

2128 2158 2237 2197 non
2284 2156 2567 2211 corporea,
2616 2142 2713 2197 sed
2770 2142 3093 2214 intelligibili
3141 2142 3479 2199 continetur.
3526 2143 3715 2213 Neque

2127 2236 2275 2289 enim
2330 2237 2559 2303 ﬁguram
2618 2235 2815 2303 habet,
2866 2244 2929 2291 ut
2976 2238 3495 2307 rationecorporea
3561 2254 3714 2293 com-

2128 2328 2519 2397 prehendatur.
2554 2327 2734 2393 Quare
2763 2327 2929 2391 Deus,
2957 2344 3081 2383 cum
3112 2331 3358 2384 materia:
3385 2330 3457 2384 sit
3494 2345 3711 2400 expers,

2127 2431 2182 2474 et
2232 2419 2605 2474 circumscribi
2666 2430 2925 2490 nequeat,
2980 2420 3033 2474 in
3084 2422 3203 2477 loco
3272 2436 3383 2475 non
3436 2432 3540 2477 est.
3594 2423 3713 2492 Ipse

2127 2510 2272 2565 enim
2307 2512 2389 2565 sui
2447 2510 2623 2580 ipsius
2673 2522 2757 2566 est
2804 2513 2979 2575 locus,
3031 2514 3120 2581 qui
3164 2512 3349 2566 omnia
3398 2514 3609 2582 implet,
3657 2522 3713 2567 et

2128 2619 2294 2672 supra
2337 2603 2519 2657 omnia
2550 2616 2657 2669 est,
2702 2612 2758 2658 et
2807 2604 3192 2673 complectitur
3249 2604 3450 2658 omnia.
3507 2604 3715 2659 Dicitur

2129 2705 2312 2750 tamen
2340 2705 2395 2750 et
2442 2696 2498 2750 in
2535 2696 2656 2751 loco
2704 2710 2843 2762 esse,
2899 2705 2954 2749 et
3008 2695 3105 2749 Dei
3150 2696 3305 2751 locus
3347 2697 3567 2762 dicitur,
3618 2700 3711 2753 ubi

2128 2790 2273 2845 actio
2330 2790 2449 2860 ejus
2503 2789 2792 2859 perspicua
2856 2790 2935 2844 ﬁt.
2986 2789 3103 2859 Ipse
3172 2792 3317 2846 enim
3366 2805 3463 2862 per
3526 2794 3712 2847 omnia

2130 2882 2327 2938 transit
2359 2881 2477 2935 sine
2524 2883 2804 2947 mistione,
2850 2892 2905 2936 et
2936 2884 3206 2937 actionem
3252 2898 3405 2937 suam
3455 2885 3713 2938 omnibus

2129 2974 2493 3030 communicat
2544 2990 2643 3044 pro
2696 2983 2820 3043 apta
2868 2974 3135 3044 cujusque
3176 2976 3242 3029 ad
3297 2976 3710 3046 suscipiendum

2128 3068 2411 3123 facultate.
2447 3068 2745 3122 Puritatcm
2794 3068 2938 3133 dico,
2973 3078 3024 3120 et
3065 3068 3390 3133 naturalem,
3429 3082 3485 3124 et
3517 3071 3711 3124 volun-

2135 3163 2348 3217 tariam.
2387 3161 2613 3217 Puriora
2651 3170 2833 3215 autem
2875 3171 3024 3227 sunt,
3052 3178 3174 3232 qua:
3220 3163 3445 3217 materia
3497 3175 3708 3225 carent,

2126 3271 2291 3326 quam
2322 3271 2444 3325 qua:
2494 3255 2549 3308 in
2592 3254 2818 3309 materia
2866 3255 3123 3325 depressa
3155 3264 3283 3310 sunt
3316 3273 3330 3309 :
3363 3265 3417 3309 et
3445 3272 3565 3326 qua:
3596 3257 3707 3312 vir-

2127 3359 2240 3404 tute
2270 3357 2397 3402 sunt
2438 3347 2684 3418 praedita,
2712 3362 2873 3416 quam
2923 3362 3008 3412 ea,
3050 3364 3169 3418 qua:
3219 3359 3347 3403 sunt
3391 3365 3514 3402 cum
3566 3349 3713 3403 vitiis

2124 3444 2437 3515 conjuncta.
2471 3441 2677 3495 Dicitur
2716 3441 2876 3511 igitur
2908 3440 3000 3495 Dei
3036 3441 3208 3505 locus,
3236 3442 3326 3510 qui
3372 3443 3493 3511 plus
3543 3442 3707 3496 habet

2123 3536 2360 3591 actionis
2386 3535 2503 3604 ejus
2534 3543 2588 3587 et
2622 3534 2824 3603 gratiae.
2863 3532 3073 3586 Idcirco
3100 3532 3257 3587 sedes
3302 3533 3473 3601 ipsius
3523 3535 3712 3603 appel-

2122 3629 2265 3682 latur
2314 3622 2536 3690 coelum,
2568 3625 2712 3694 quod
2742 3626 2821 3691 jin
2881 3639 2948 3679 eo
3002 3634 3131 3678 sunt
3181 3626 3380 3693 angeli,
3436 3626 3528 3694 qui
3590 3627 3715 3694 ejus

2122 3721 2500 3789 obtemperant
2526 3716 2811 3783 voluntati,
2859 3727 2913 3771 et
2943 3732 3068 3771 eum
3118 3732 3338 3785 semper
3372 3718 3704 3773 collaudant.

2124 3814 2247 3868 llaec
2273 3812 2418 3867 enim
2450 3811 2549 3881 ipsi
2575 3811 2729 3880 quies
2757 3819 2863 3865 est.
2897 3810 2962 3864 Et
2988 3821 3130 3864 terra
3178 3810 3472 3864 scabellnm
3505 3812 3708 3865 dicitur

2122 3906 2320 3977 pedum
2354 3905 2546 3975 ipsius.
2574 3903 2633 3958 ln
2668 3902 2769 3957 hac
2797 3902 2945 3957 enim
2978 3918 3075 3972 per
3114 3916 3334 3957 carnem
3359 3917 3483 3957 cum
3526 3903 3713 3957 homi-

2121 3999 2287 4053 nibus
2318 4004 2565 4051 versatus
2594 4004 2699 4050 est.
2728 3994 2829 4050 Pes
2858 4005 3039 4050 autem
3071 3994 3167 4048 Dei
3203 4002 3390 4048 saneta
3420 3995 3539 4064 ejus
3581 4011 3721 4050 caro-

2122 4090 2472 4148 multit‘ariam
2555 4097 2640 4143 est
2703 4088 2991 4158 appellata.
3060 4086 3271 4141 Dicitur
3334 4096 3389 4141 et
3480 4087 3719 4142 eccles’a

2120 4182 2273 4238 locus
2319 4182 2439 4236 Dei.
2490 4178 2641 4233 Hanc
2681 4178 2829 4234 enim
2881 4178 2949 4233 ad
3004 4179 3122 4248 ejus
3170 4178 3417 4246 gloriam,
3468 4187 3529 4231 ut
3571 4187 3718 4231 tem-

2120 4276 2292 4345 plum,
2328 4273 2739 4338 constituimus,
2768 4272 2826 4327 in
2855 4286 2963 4340 quo
2996 4285 3187 4341 preces
3229 4271 3391 4325 etiam
3447 4271 3514 4325 ad
3574 4286 3711 4325 eum

2122 4367 2424 4423 fundimus.
2483 4366 2743 4421 Similiter
2804 4372 2860 4419 et
2914 4379 2979 4418 ea
3028 4362 3169 4429 loca,
3224 4363 3277 4416 in
3333 4362 3535 4432 quibus
3585 4364 3711 4432 ejus

2122 4472 2289 4527 opera
2318 4455 2609 4511 manifesta
2637 4464 2785 4517 sunt,
2820 4470 2941 4523 quae
2981 4454 3065 4508 vel
3114 4454 3167 4507 in
3210 4468 3377 4508 carne
3426 4454 3555 4522 egit,
3620 4455 3706 4506 vel

427 4565 547 4627 κῶς
610 4561 1015 4631 διαιρούμενον,
1064 4552 1181 4610 ἀλλ’
1243 4551 1365 4605 ὅλον
1424 4551 1484 4602 ἐν
1540 4548 1695 4612 πᾶσι,
1752 4543 1848 4597 καὶ
1893 4542 2015 4596 ὅλον

2123 4548 2242 4603 sine
2293 4560 2544 4615 corpore,
2591 4545 2709 4599 loca
2765 4543 3022 4598 dicuntur
3081 4541 3199 4597 Dei.
3267 4540 3560 4597 Sciendum
3622 4554 3711 4597 est

428 4660 580 4728 ὑπὲρ
608 4656 671 4708 τὸ
700 4655 830 4708 πᾶν.
883 4651 943 4704 '0
977 4650 1035 4703 δὲ
1064 4644 1295 4714 ἄγγελος
1334 4640 1666 4713 σωματικῶς
1704 4638 1804 4707 μὲν
1838 4636 1897 4687 ἐν
1913 4633 2015 4728 τό·

430 4771 523 4823 ττῳ
553 4726 618 4803 ού
671 4728 1011 4818 περιέχεται,
1049 4740 1192 4794 ὥστε
1220 4732 1523 4790 τυποῦσθαι
1555 4730 1653 4785 καὶ
1682 4726 2015 4823 σχηματίζει

429 4818 587 4907 σοναι,
608 4842 760 4909 ὅμως
792 4836 1009 4904 λέγεται
1039 4833 1097 4885 ἐν
1130 4829 1282 4898 τόπῳ
1331 4822 1493 4886 εἶναι,
1524 4823 1611 4877 διὰ.
1653 4820 1716 4874 τὸ
1755 4818 2013 4909 παρεῖναι

428 4935 668 5006 νοητῶς,
703 4932 796 4985 καὶ
824 4928 1068 4999 ἐνεργεῖν
1098 4924 1242 4977 κατά
1287 4921 1389 4989 τὴν
1435 4914 1630 4970 ἐαυτοῦ
1690 4908 2014 5006 φύσιν,ᾼκαὶ

428 5004 692 5103 μὴ-εῐναι
734 5019 990 5091 ἀλλαχοῦ,
1037 5016 1155 5070 ἀλλ’
1192 5014 1373 5068 ἐκεῖσε
1412 5010 1621 5080 νοητῶς
1668 5004 2016 5103 περιγραφε-

426 5097 583 5187 οϐαι,
617 5119 747 5172 ἔνθα
778 5117 1011 5187 ἐνεργεῖ.
1045 5111 1131 5167 Οὐ
1162 5109 1270 5179 γὰρ
1298 5107 1524 5159 δύναται
1566 5102 1707 5155 κατά
1728 5098 1927 5153 ταυτὸν
1955 5097 2013 5148 ἐν

422 5217 714 5286 διαφόροις
764 5211 947 5272 τόποις
980 5209 1064 5260 ἐνε
1076 5205 1245 5277 ργεῖν.
1292 5200 1473 5254 Μόνου
1502 5196 1614 5266 γὰρ
1642 5194 1779 5248 Θεοῦ
1806 5194 1922 5286 ἐστι
1949 5189 2014 5242 τὸ

426 5285 715 5380 πανταχοῦ
761 5305 902 5361 κατὰ
946 5301 1145 5356 ταυτὸν
1180 5297 1443 5365 ἐνεργεῖν.
1483 5289 1544 5343 '0
1582 5288 1681 5359 μέν
1706 5288 1816 5357 γὰρ
1841 5285 2013 5380 ἀγγε-

423 5408 520 5465 λος
569 5377 725 5471 τάχει
771 5397 1008 5467 φύσεως,
1050 5391 1147 5445 καὶ
1171 5387 1251 5455 τῷ
1274 5384 1529 5453 ἑτοίμως,
1565 5380 1737 5449 ἡγουν
1779 5377 2013 5471 ταχέως,

427 5467 830 5569 μεταϐαίνειν,
877 5486 1097 5557 ἐνεργεῖ
1151 5487 1212 5535 ἐν
1276 5476 1556 5545 διαφόροις
1599 5472 1810 5535 τόποις,
1842 5468 1905 5569 τὸ
1955 5467 2014 5520 δὲ

424 5562 589 5643 Θεῖιν
628 5580 909 5653 πανταχοῦ
942 5579 1023 5645 ὃν,
1051 5577 1145 5630 καὶ
1180 5574 1323 5643 ὑπὲρ
1351 5570 1414 5623 τὸ
1443 5569 1571 5629 πᾶν,
1607 5562 1887 5632 πανταχοῦ
1915 5578 2016 5614 κα-

425 5688 500 5739 τα
532 5681 731 5735 ταυτὸν
758 5674 1038 5746 διαφόρως
1069 5669 1285 5740 ἐνεργεί
1316 5666 1414 5736 μιᾷ
1441 5662 1535 5715 καὶ
1566 5658 1711 5728 ἁπλῇ
1738 5656 2013 5725 ἐνεργείᾳ.

438 5779 506 5830 ἠ
557 5776 614 5828 δὲ
659 5771 811 5844 ψυχὴ
860 5765 1174 5822 συνδέδεται
1216 5761 1295 5829 τῷ
1348 5757 1563 5825 εὼματι
1608 5753 1702 5821 ὅλη
1739 5751 1869 5818 ὅλῳ,
1915 5749 2013 5844 καὶ

424 5872 488 5925 οῦ
526 5840 691 5941 μέρος
727 5840 908 5937 μέρει,
942 5860 1035 5915 καὶ
1078 5858 1139 5911 οὐ
1188 5854 1503 5924 περιέχεται
1538 5848 1626 5902 ὑπ’
1660 5844 1844 5912 αὑτοῦ,
1878 5840 2011 5896 ἀλλά

2119 4648 2324 4705 autem,
2353 4639 2522 4692 Deum
2554 4638 2607 4691 in
2640 4646 2822 4707 partes
2847 4651 2958 4690 non
2994 4635 3184 4700 dividi,
3216 4636 3310 4690 sed
3341 4650 3464 4689 esse
3494 4634 3711 4705 ubique

2118 4738 2290 4784 totum
2319 4727 2565 4793 omnino,
2608 4736 2665 4781 et
2691 4740 2799 4779 non
2848 4734 3057 4794 partem
3097 4723 3151 4777 in
3185 4731 3358 4792 parte,
3392 4739 3502 4792 quo
3546 4736 3715 4792 pacto-

2116 4835 2346 4890 corpora
2389 4818 2734 4873 dividuntur.
2788 4817 2895 4871 Sed
2949 4825 3121 4870 totum
3178 4815 3235 4869 in
3304 4816 3579 4879 omnibus,
3652 4827 3718 4872 et

2117 4922 2289 4968 totum
2337 4926 2500 4981 super
2549 4911 2752 4965 omnia.
2794 4908 3032 4979 Angelus
3076 4923 3209 4962 vero
3246 4907 3455 4962 ratione
3486 4909 3715 4978 quidem-

2116 5019 2379 5074 corporea
2429 5003 2484 5056 in
2542 5002 2661 5057 loco
2708 5016 2821 5056 non
2874 5000 3209 5063 continetur,
3238 5001 3393 5070 quasi
3454 5001 3711 5065 formam,

2116 5091 2452 5162 ﬁguramque
2488 5090 2777 5159 suscipiat;
2808 5096 3044 5143 attamen
3075 5090 3133 5143 in
3170 5089 3289 5145 loco
3346 5106 3464 5145 esse
3509 5091 3712 5147 dicitur

2116 5193 2409 5254 propterea
2460 5182 2604 5252 quod
2653 5181 3007 5252 intelligentia
3054 5192 3253 5252 praesto
3309 5191 3417 5249 est,
3466 5193 3520 5237 et
3572 5186 3708 5253 agit,

2117 5275 2455 5345 utcongruit
2495 5281 2706 5329 natura:
2748 5274 2938 5343 ipsius,
2968 5284 3024 5328 et
3075 5289 3188 5329 non
3243 5289 3365 5329 esse
3413 5274 3562 5335 alibi,
3612 5275 3709 5326 sed

2117 5367 2253 5430 illic,
2288 5366 2376 5421 ubi
2430 5360 2572 5437 agit,‘
2591 5365 2951 5437 intelligentia
2995 5366 3291 5420 contineri.
3324 5362 3522 5432 Nequit
3557 5364 3707 5417 enim

2118 5461 2312 5515 eodem
2355 5467 2601 5526 tempore
2632 5456 2865 5512 diversis
2904 5457 2959 5510 in
3008 5456 3143 5510 locis
3170 5470 3315 5509 esse.
3357 5454 3492 5506 Nam
3540 5452 3709 5506 solius

2118 5563 2204 5609 est
2252 5555 2345 5609 Dei
2400 5552 2604 5620 ubique
2669 5565 2830 5621 agere
2908 5549 3098 5605 eodem
3164 5556 3425 5614 tempore.
3471 5543 3710 5613 Angelus

2119 5648 2264 5703 enim
2336 5645 2573 5700 naturali
2630 5643 2933 5705 celeritate,
2982 5655 3087 5709 qua
3151 5645 3421 5707 prompte,
3487 5636 3706 5701 citoque

2121 5757 2186 5796 ex
2220 5754 2328 5793 uno
2355 5738 2411 5791 in
2440 5738 2604 5790 alium
2637 5734 2815 5790 locum
2858 5729 3174 5799 pertransit,
3218 5728 3269 5779 in
3306 5725 3535 5779 diversis
3567 5720 3699 5774 locis

2121 5836 2249 5905 agit.
2290 5832 2429 5887 Deus
2460 5838 2642 5885 autem
2675 5842 2797 5882 cum
2831 5824 2897 5878 sit
2936 5822 3159 5889 ubique,
3194 5830 3249 5873 et
3291 5834 3455 5889 super
3494 5810 3700 5871 omnia.
