4130 6412
114 440 133 443 η
154 440 155 443 η
196 344 263 441 nx",
472 346 577 411 155

1699 332 2055 398 EUTIIYMI

2177 328 2496 394 IGABENI
2586 289 2591 301 ’
3637 318 3732 384 156

460 455 671 539 ubique
703 453 897 509 eodem
952 462 1199 523 tempore
1235 452 1385 508 varie
1433 450 1543 522 agit
1589 466 1695 505 una
1735 460 1791 505 ct
1824 447 2059 517 simplici

2170 445 2415 516 περιέχει
2458 442 2613 507 αὐτὸ,
2657 438 2849 509 ὥσπερ
2898 434 3011 508 πῦρ
3064 435 3302 505 σίδηρον.
3346 433 3460 492 Καὶ
3500 435 3558 487 ὲν
3590 432 3733 503 αὑτῷ

462 533 709 603 actione.
753 549 821 601 At
849 547 1065 601 animus
1086 546 1306 615 corpori
1355 544 1644 600 devinctus
1676 553 1780 607 est,
1821 552 1878 597 et
1914 550 2061 596 totus

2170 540 2308 594 οὖσα
2337 538 2436 601 τὰς
2468 536 2676 598 οίκείας
2704 533 2987 601 ἐνεργείας
3020 533 3257 600 ἐνεργεῖ.

474 644 572 697 ιοιί
622 639 970 709 coniunctus,
1020 657 1128 695 non
1175 649 1355 694 autem
1409 652 1536 707 pars
1600 637 1742 706 parti
1810 636 2118 706 copulatus.
2164 650 2268 689 nec
2316 631 2631 690 continetur
2677 646 2705 684 a
2773 642 3022 698 corpore,
3084 628 3179 681 sed
3241 628 3418 697 ipsum
3482 626 3714 682 continet

474 745 537 790 ut
565 736 704 806 ignis
733 733 959 789 ferrum.
1004 733 1068 789 Et
1093 736 1146 789 iu
1186 734 1304 803 ipso
1356 746 1584 788 titanens
1633 732 1880 788 actiones
1927 729 2175 801 proprias
2222 724 2559 796 exsequitur.

1144 828 1422 898 Ejusdem.

550 924 631 987 id,
691 922 837 991 quod
893 920 1369 987 circumscriptum
1436 928 1539 985 est,
1605 927 1700 973 aut
1752 920 1901 985 loco,
1970 926 2066 973 aut

475 1025 745 1086 tempore,
800 1025 896 1070 aut
956 1014 1451 1084 comprehensione
1509 1013 1847 1069 continetur.
1908 1010 2064 1077 Quod

474 1115 655 1161 autem
690 1122 797 1159 non
833 1115 919 1159 est
948 1106 1427 1173 circumscriptum
1478 1104 1673 1157 horum
1723 1100 1875 1154 nullo
1914 1113 2065 1153 com-

474 1197 857 1266 prehenditur.
898 1194 1058 1251 Solus
1107 1196 1270 1266 igitur
1321 1195 1468 1248 Deus
1538 1208 1649 1248 non
1699 1201 1784 1246 est
1831 1190 2068 1246 circum-

473 1290 731 1359 Scriptus,
759 1288 961 1359 quippe
1034 1289 1125 1357 qui
1203 1286 1529 1356 principium
1594 1285 1870 1353 ﬁnemque
1944 1297 2059 1338 non

475 1382 663 1445 habet,
693 1368 763 1436 et‘
778 1381 959 1436 omnia
990 1383 1261 1443 continet,
1298 1391 1353 1434 et
1392 1378 1543 1433 nulla
1566 1374 2068 1447 comprehensione

474 1474 809 1527 continetur.
887 1473 1047 1527 Solus
1112 1473 1257 1527 enim
1334 1486 1439 1527 nec
1492 1469 1905 1541 comprehendi,
1962 1482 2067 1524 nec

475 1564 713 1629 deliniri,
752 1579 855 1619 nec
903 1565 973 1618 ah
1008 1564 1121 1619 ullo
1146 1562 1405 1633 cognosci
1449 1572 1648 1633 potest.
1698 1561 1794 1617 sed
1847 1559 1964 1630 ipse
2008 1573 2069 1615 se

474 1656 625 1709 solus
673 1657 848 1712 novit.
913 1656 1151 1727 Angelus
1198 1670 1328 1711 vero
1394 1663 1452 1710 et
1484 1664 1760 1724 ,tempore
1829 1650 2063 1708 circum-

475 1746 760 1813 scribitur,
802 1763 928 1802 nam
963 1762 1089 1804 esse
1122 1747 1310 1818 coepit,
1357 1755 1410 1802 et
1446 1747 1589 1813 loco,
1626 1746 1774 1809 licet,
1818 1755 1880 1799 ut
1927 1743 2069 1799 dixi-

477 1854 624 1906 mus,
673 1840 1025 1911 iutelligibili,
1062 1849 1118 1896 et
1164 1840 1677 1909 comprehensione.
1730 1836 1875 1891 Nam
1910 1842 1965 1893 et
2012 1849 2073 1890 se

478 1941 671 1987 mutuo
722 1932 896 2004 angeli
947 1932 1127 2002 aliqua
1187 1949 1256 1988 ex
1296 1943 1449 2003 parte
1493 1930 1818 1987 naturaliter
1870 1942 2074 2000 cogno-

477 2035 660 2090 scunt,
691 2035 748 2080 et
774 2042 803 2080 a
834 2035 1180 2095 procreatore
1226 2026 1465 2097 perfecte
1512 2022 2074 2094 comprehenduntur.

2780 815 2891 871 Τοῦ
2921 815 3131 871 αὐτοῦ.

2244 914 2629 989 Περιγραπτὸν
2663 911 2763 983 μέν
2805 911 3004 967 ἔστιτὸ
3034 912 3240 984 τόπῳῆ
3282 910 3464 984 χρόνῳ
3511 911 3544 982 ἦ
3585 927 3745 964 κατα-

2165 1006 2328 1077 λήψει
2380 1002 2928 1076 περιλαμϐανόμενον
2954 1017 2969 1031 ⁸
3010 1001 3432 1072 ἀπερίγραπτον
3464 1001 3519 1054 δὲ
3551 1002 3609 1053 τὸ
3647 1018 3747 1070 μη-
3841 1024 3845 1031 ~

2168 1098 2283 1153 δενὶ
2321 1096 2531 1153 τούτων
2579 1095 2999 1167 περιεχόμενον.
3040 1094 3492 1163 ’Δπερίγραπτον
3526 1096 3622 1165 μὲν
3656 1092 3747 1147 οὖν

2169 1191 2332 1260 μόνον
2381 1189 2501 1244 ἐστὶ
2551 1188 2614 1243 τὸ
2638 1188 2815 1257 Θεϊον,
2853 1187 3091 1259 ἄναρχον
3120 1187 3185 1243 ὃν
3233 1188 3330 1242 καὶ
3367 1187 3743 1255 ἀτελεύτητον,

2168 1284 2264 1339 καὶ
2295 1284 2475 1339 πάντα
2503 1282 2781 1355 περιέχον,
2810 1285 2907 1337 καὶ
2940 1283 3187 1354 μηδεμιᾷ
3224 1282 3533 1352 καταλήψει
3592 1299 3747 1351 περι.

2172 1374 2454 1444 εχόμενον·
2476 1373 2636 1443 μόνον
2652 1372 2762 1445 γάρ
2788 1374 2937 1427 ἐστιν
2957 1373 3343 1442 ἀκατάληπτον
3363 1375 3458 1427 καὶ
3481 1374 3749 1444 ἀόριστον,

2175 1466 2269 1523 ὑπ’
2321 1464 2535 1528 οὐδενὸς
2606 1465 3038 1536 γινωσκόμενον,
3070 1465 3204 1519 αὐτὸ
3255 1465 3311 1519 δὲ
3359 1466 3524 1535 μόνον
3561 1464 3751 1519 ἑαυτοῦ

2178 1559 2521 1630 θεωρητικόν
2541 1574 2558 1592 ⁶
2582 1560 2610 1613 ὁ
2637 1559 2697 1613 δὲ
2726 1559 2958 1629 ἄγγελος
2984 1561 3078 1615 καὶ
3110 1560 3288 1631 χρόνῳ
3324 1560 3754 1629 περιγράφεται,

2178 1648 2384 1721 ἤρξατο
2410 1649 2521 1719 γάρ
2547 1649 2644 1702 τοῦ
2677 1645 2838 1712 εἶναι,
2874 1650 2968 1703 καὶ
2993 1649 3166 1718 τόπῳ,
3198 1652 3246 1701 εἰ
3284 1649 3378 1703 καὶ
3427 1648 3656 1717 ωητῶς.
3684 1648 3756 1711 ὡς

2176 1741 2538 1814 προείπομεν,
2576 1740 2672 1795 καὶ
2712 1741 3059 1811 καταλήψει·
3092 1741 3189 1793 καὶ
3217 1739 3463 1809 ἀλλήλων
3514 1741 3623 1812 γὰρ
3663 1741 3757 1809 τὴν

2178 1834 2345 1904 φύσιν
2376 1835 2526 1888 ἴσασι
2565 1834 2772 1902 ποσῶς,
2805 1835 2900 1888 καὶ
2930 1833 3035 1887 ὑπὸ
3074 1832 3170 1887 τοῦ
3215 1833 3439 1888 κτίστου
3482 1834 3759 1905 ὁρίζονται

2176 1927 2362 1981 τέλεον
2394 1944 2409 1960 ’
2438 1930 2509 1983 τὰ
2531 1929 2587 1982 δὲ
2616 1928 2852 1998 σώματα
2882 1926 2979 1981 καὶ
3001 1928 3167 1998 ἀρχῇ,
3218 1927 3313 1981 καὶ
3356 1929 3528 1994 τέλει,
3561 1928 3653 1980 καὶ
3678 1927 3757 1979 1:6-

2180 2035 2266 2087 πῳ
2308 2018 2632 2089 σωματικῷ,
2675 2021 2770 2074 καὶ
2804 2017 3126 2088 καταλήψει.

477 2120 716 2190 corpora
748 2130 930 2176 autem
963 2130 1021 2177 et
1068 2123 1360 2194 principio,
1393 2130 1451 2177 et
1497 2121 1627 2189 (ine,
1656 2130 1711 2178 et
1738 2120 1859 2178 loco
1896 2128 2185 2189 corporeo,
2218 2124 2274 2171 et
2307 2117 2800 2185 comprehensione
2831 2125 2960 2173 sunt
2985 2115 3418 2186 circumscripta.

1064 2214 1369 2272 TITULUS
1407 2214 1497 2270 IV.

476 2306 728 2361 Divinam
765 2317 1018 2362 naturam
1051 2308 1420 2378 comprehendi
1477 2324 1580 2361 non
1655 2303 2075 2378 posse.__Magni

549 2378 785 2447 Gregorii
816 2378 1081 2448 Theologi,
1116 2374 1182 2433 ei
1228 2382 1470 2434 oratione
1509 2380 1563 2432 in
1612 2378 1752 2431 diem
1816 2374 2076 2430 Natalem

544 2448 759 2502 Domini
790 2451 954 2503 nostri
997 2448 1121 2505 Iesu
1160 2449 1382 2505 Christi.

693 2614 854 2677 Deus,
886 2622 938 2667 et
973 2620 1088 2668 erat
1123 2622 1353 2680 semper,
1397 2618 1455 2663 et
1486 2618 1589 2675 est,
1644 2618 1701 2663 et
1738 2607 1840 2662 erit
1876 2625 1890 2663 :
1946 2607 2053 2672 Vel,

468 2714 529 2762 ut
556 2704 754 2759 rectius
786 2704 993 2772 loquar,
1054 2716 1269 2769 semper
1317 2708 1415 2755 est.
1474 2698 1611 2753 Nam
1664 2709 1795 2761 erat,
1845 2708 1903 2751 et
1940 2700 2058 2762 erit,

472 2795 642 2851 nostri
685 2793 963 2863 temporis,
1011 2791 1270 2861 numque
1324 2804 1532 2845 naturze
1584 2798 1861 2858 segmenta
1913 2797 2059 2843 sunt.

475 2886 570 2941 ille
596 2894 775 2939 autem
813 2894 1026 2951 semper
1052 2892 1146 2946 est,
1173 2892 1333 2950 atque
1376 2880 1476 2936 hoc
1508 2881 1665 2936 modo
1695 2880 1930 2947 seipsum
1965 2890 2063 2931 no-

474 2978 666 3044 minat,
693 2991 812 3031 cum
861 2976 911 3029 in
950 2984 1130 3029 monte
1180 2972 1346 3043 Moysi
1380 2972 1656 3027 oraculum
1688 2970 1798 3025 edit
1836 2968 1879 3023 ’.
1932 2966 2064 3023 Uni-

480 3082 691 3123 versum
722 3068 866 3120 enim
911 3066 984 3131 id,
1016 3066 1156 3135 quod
1196 3075 1299 3131 est,
1339 3064 1389 3118 in
1438 3078 1497 3118 se
1532 3062 1929 3132 complectitur,
1965 3074 2066 3113 nec

480 3158 801 3229 principium
830 3157 1034 3210 habens
1056 3197 1073 3224 ,
1167 3172 1267 3213 nec

476 3258 535 3303 ut
582 3249 803 3318 pelagus
839 3248 1108 3316 quoddam
1136 3246 1384 3301 essentia:
1432 3246 1755 3299 immensum
1782 3252 1839 3298 et
1889 3243 2058 3297 inter—

475 3341 766 3405 minatum,
802 3354 1040 3404 omnem,
1071 3349 1181 3393 tum
1236 3338 1513 3408 temporis,
1554 3347 1664 3391 tum
1720 3345 1929 3390 natura:
1974 3350 2066 3391 co-

476 3431 793 3497 gitationetn
832 3445 1130 3500 superans;
1182 3440 1361 3484 mente
1387 3430 1499 3483 sola
1527 3428 1875 3482 adumbratos
1912 3427 1984 3491 is,
2011 3436 2067 3481 ct

475 3522 699 3591 quidem
731 3522 1027 3590 perexiguo
1053 3536 1117 3577 ac
1153 3521 1504 3590 perobscura,
1542 3534 1647 3573 non
1676 3535 1741 3574 ex
1764 3518 1851 3573 his
1873 3531 1990 3586 quae
2012 3517 2067 3572 in

481 3613 597 3679 ipso
620 3620 768 3675 sunt,
796 3612 888 3666 sed
913 3628 1033 3681 quae
1059 3615 1203 3667 circa
1235 3613 1407 3681 ipsum
1433 3629 1448 3665 :
1478 3611 1583 3665 alia
1612 3624 1678 3663 cx
1702 3608 1810 3664 alio
1844 3608 2067 3663 colieeta

476 3708 657 3773 specie
718 3707 782 3760 ad
832 3722 995 3760 unum
1050 3708 1321 3776 quoddam
1375 3706 1622 3761 veritatis
1680 3705 2066 3771 simulacrum,

1394 3156 1553 3206 linem
1587 3151 1918 3217 habiturum,
1947 3148 2060 3203 vcl-
2087 3156 2131 3215 (ς
2163 3170 2326 3227 μενον
2348 3194 2362 3219 ,

2840 2209 3087 2264 ΤΙΤΛΟΣ
3113 2212 3189 2263 Δ¹.

2182 2302 2323 2369 Περὶ
2374 2302 2481 2358 τοῦ
2533 2303 2967 2369 ἀκατάληπτον
2995 2300 3305 2373 εἶναιτὴν
3337 2303 3507 2357 θείαν
3557 2305 3761 2373 φύσιν.

2253 2373 2373 2427 Τοῦ
2416 2375 2687 2443 μεγάλου
2708 2375 3043 2442 Γρηγορίου
3073 2372 3182 2427 τοῦ
3216 2374 3539 2441 Θεολόγου,
3562 2372 3639 2427 ίέκ
3663 2374 3762 2428 τοῦ

2245 2443 2434 2512 λόγου
2490 2445 2597 2498 τοῦ
2638 2446 2727 2510 είς
2757 2447 2829 2497 τὰ
2857 2444 3135 2499 ’γενέθλια
3175 2443 3281 2497 τοῦ
3331 2446 3556 2511 Κυρίου
3600 2444 3760 2514 ἡμῶν

2264 2514 2471 2581 Ἰησοῦ
2498 2515 2783 2583 Χριστοῦ.
3836 2522 3839 2523 ⁷

2347 2605 2481 2670 Θεὸς
2513 2603 2582 2677 ἦν
2626 2607 2725 2677 μὲν
2757 2608 2866 2674 ἀεὶ,
2898 2610 2992 2663 καὶ
3028 2609 3164 2672 ἔστι,
3207 2608 3299 2662 καὶ
3328 2608 3510 2662 ἔσται·
3554 2612 3751 2680 μᾶλλον
3801 2621 3805 2626 ’

2159 2696 2219 2752 δὲ
2247 2697 2420 2751 ἐστιν
2446 2697 2550 2751 ἀεί.
2586 2698 2659 2750 Τὸ
2685 2698 2793 2769 γὰρ
2822 2695 2919 2768 ἦν,
2956 2701 3049 2753 καὶ
3077 2700 3269 2765 ἔσται,
3304 2700 3398 2753 τοῦ
3446 2701 3573 2754 καθ’
3604 2702 3748 2773 ἡμᾶς
3798 2687 3809 2765 ’ν

2161 2789 2357 2861 χρόνου
2390 2789 2677 2859 τμήματα,
2708 2790 2802 2841 καὶ
2839 2791 2942 2859 τῆς
2974 2790 3209 2861 ῥευστῆς
3240 2790 3487 2859 φύσεως·
3520 2796 3556 2846 ό
3584 2788 3639 2845 δὲ
3668 2793 3751 2844 ὢν
3798 2814 3807 2853 ,-

2160 2880 2267 2945 dei,
2298 2880 2569 2933 καὶτοῦτο
2591 2881 2750 2944 αὐτὸς
2779 2882 2971 2934 ἑαυτὸν
2993 2881 3269 2953 ὀνομάζει,
3288 2884 3598 2954 τῷΜωῦσεῖ
3619 2902 3751 2955 χρη-
3796 2906 3799 2909 ·

2164 2968 2409 3041 ματίζων
2497 2966 2592 3023 ἐπὶ
2657 2970 2752 3023 τοῦ
2791 2970 2971 3043 ὅρους.
3004 2972 3163 3025 Ὄλον
3196 2973 3303 3044 γάρ
3331 2974 3389 3026 ἐν
3423 2975 3599 3045 ἐαυτῷ
3630 2973 3750 3026 συλ-

2160 3062 2362 3129 λαϐὼν,
2388 3062 2504 3134 ἔχει
2542 3063 2605 3116 τὸ
2636 3060 2797 3129 εἶναι,
2824 3054 2982 3135 ¹μήτε
3027 3064 3355 3136 ἀρξάμενον,
3387 3068 3524 3139 μήτε
3547 3067 3748 3121 παυσό-
3804 3066 3808 3071 ’

2505 3148 2617 3208 οἷόν
2647 3172 2701 3208 τι
2731 3154 2969 3225 πέλαγος
2999 3157 3188 3220 οὐσίας
3219 3158 3448 3228 ἄπειρον
3475 3160 3570 3213 καὶ
3598 3158 3748 3229 ἀόρι-

2160 3264 2308 3314 στον,
2354 3250 2535 3302 πᾶσαν
2574 3249 2983 3321 ὑπερεκπῖπτον
3022 3250 3252 3317 ἔννοιαν,
3299 3253 3395 3305 καὶ
3431 3254 3623 3323 χρόνον
3659 3252 3751 3304 καὶ

2161 3340 2415 3412 φύσεως·
2453 3340 2530 3413 νῷ
2563 3341 2710 3413 μόνῳ
2751 3340 3265 3413 σκιαγραφούμενος
3293 3382 3310 3407 ,
3394 3343 3489 3394 καὶ
3590 3337 3754 3390 τοῦτο

2160 3432 2285 3489 λίαν
2316 3432 2579 3504 ἀμυδρῶς
2632 3432 2727 3486 καὶ
2784 3433 3045 3505 μετρίως,
3102 3434 3203 3488 οὐκ
3294 3434 3359 3486 ὲκ
3441 3431 3552 3487 τῶν
3628 3430 3747 3483 κατ’

2161 3523 2344 3591 αὐτὸν,
2367 3523 2483 3577 ἀλλ’
2505 3523 2575 3577 ὲκ
2601 3522 2711 3577 τῶν
2747 3522 2877 3596 περὶ
2910 3525 3095 3589 αὑτὸν,
3132 3525 3298 3594 ἄλλης
3334 3522 3393 3587 ἐξ
3425 3522 3584 3577 ἄλλου
3615 3535 3749 3587 φαν-

2161 3616 2357 3681 τασίας
2386 3615 2807 3688 συλλεγομένης,
2829 3617 2910 3680 είς
2934 3615 2995 3673 ἓν
3022 3635 3075 3670 τι
3095 3618 3196 3689 τῆς
3218 3615 3472 3688 ἀληθείας
3496 3612 3744 3681 ίνδαλμα,

2162 3709 2297 3781 πρὶν
2335 3707 2700 3780 κρατηθῆναι,
2736 3708 2960 3779 φεῦγον,
2994 3710 3092 3765 καὶ
3127 3712 3263 3781 πρὶν
3287 3708 3570 3780 νοηθῆναι,
3590 3703 3751 3759 διαδι-

479 3799 791 3867 priusquam
830 3807 1100 3862 teneatur,
1135 3798 1417 3870 elfugiens,
1452 3809 1508 3853 et
1556 3799 1875 3869 priusquam
1910 3796 2066 3853 intel-

2170 3798 2400 3872 δράσκον
2418 3814 2432 3829 ⁸
2459 3799 2699 3854 τοσαῦτα
2730 3799 3079 3871 περιλάμπον
3113 3801 3275 3869 ἡμῶν
3306 3800 3369 3851 τὸ
3402 3794 3753 3868 ἡγεμονικὸν,

480 3890 617 3943 let-tu
649 3890 995 3959 percipiatur,
1025 3892 1277 3957 seipsum
1301 3890 1423 3961 fuga
1454 3892 1757 3961 prcripiens
1788 3905 1807 3946 ε
1839 3898 2051 3944 tantum

2170 3892 2262 3947 nul.
2298 3890 2473 3948 ταῦτα
2517 3892 2952 3964 κεκαθαρμένον,
3001 3892 3102 3945 ὅσα
3148 3890 3247 3942 καὶ
3291 3889 3415 3957 ὄψιν
3464 3885 3758 3957 ἀστραπῆς
3796 3886 3821 3905 ⁸

487 3983 782 4052 principem
817 3983 984 4036 nostri
1040 3992 1269 4051 partem,
1296 3996 1526 4051 eamque
1583 3998 1613 4036 a
1661 3983 1915 4037 vitiorum
1948 3980 2066 4037 labe

2170 3983 2331 4055 τόκος
2373 3984 2475 4056 οὐχ
2512 3982 2833 4054 ισταμένηςι
2878 3980 3034 4051 Ἐμοὶ
3081 3980 3280 4042 δοκεῖν,
3325 3978 3411 4031 ἵνα
3448 3976 3525 4047 τῷ
3565 3973 3758 4045 ληπτῷ

480 4083 786 4143 purgatam,
847 4071 1192 4139 collustrans,
1251 4081 1514 4142 quantum
1566 4062 1844 4127 oculorum
1895 4074 2066 4127 aciem

2170 4076 2269 4148 μὲν
2298 4075 2436 4150 ἕλκῃ
2476 4075 2615 4147 πρὸς
2649 4072 2812 4127 ἑαυτὸ
2916 4073 3001 4141 (τὸ
3108 4071 3217 4141 γάρ
3252 4069 3454 4132 τελέως
3492 4068 3755 4138 ἄληπτον,

482 4162 708 4232 fulguris
745 4162 999 4219 celeritas
1037 4162 1257 4217 minime
1305 4163 1675 4219 consistentis.
1707 4163 1821 4219 lioc
1860 4170 2066 4228 autem,

481 4269 599 4307 mea
633 4253 849 4323 quidem
875 4252 1166 4319 sententia,
1189 4253 1393 4309 idcirco
1430 4254 1512 4318 ﬁt,
1546 4263 1603 4309 ut
1629 4262 1896 4324 quatenus
1918 4268 2067 4309 com-

490 4344 751 4416 prehendi
784 4353 983 4414 potest,
1020 4359 1119 4401 nos
1160 4344 1228 4399 ad
1264 4359 1323 4399 se
1354 4348 1534 4399 trahat
1575 4344 1740 4416 (quod
1769 4344 1915 4401 enim
1943 4357 2067 4416 per-

479 4437 585 4503 cipi
616 4437 837 4491 omnino
874 4436 1085 4507 nequit,
1134 4436 1187 4492 id
1239 4452 1341 4493 nec
1394 4446 1578 4507 sperat
1613 4438 1925 4507 quisquam,
1965 4449 2067 4492 nec
2091 4440 2135 4497 Ι)
2167 4457 2299 4507 ται,

481 4528 698 4598 assequi
730 4526 1017 4599 conatur);
1058 4539 1327 4599 quatenus
1358 4539 1537 4585 autem
1570 4529 1691 4597 capi
1723 4544 1833 4585 non
1864 4537 2064 4599 potest,

481 4620 892 4675 admirationem
922 4619 1008 4674 soi
1029 4621 1437 4690 excitet,atque
1467 4633 1535 4675 ex
1562 4621 1675 4690 ipsa
1703 4620 2071 4676 admiratione

484 4711 858 4765 vehementius
888 4720 1197 4780 expetatur,
1253 4712 1524 4781 expetitus
1564 4719 1776 4779 purget,
1831 4723 2067 4780 purgans

482 4812 662 4856 autem
688 4802 898 4856 divinos
950 4800 1167 4865 eliciat,
1215 4802 1455 4871 talesque
1503 4816 1626 4856 cum
1678 4801 1870 4857 redditi
1916 4809 2065 4869 sunt,

480 4908 602 4945 cum
636 4893 701 4946 iis
727 4894 863 4962 jam,
888 4893 1034 4948 velut
1060 4908 1185 4947 cum
1213 4892 1594 4958 familiaribus,
1615 4893 2061 4947 consuetudinem

2164 4165 2509 4231 ἀνέλπιστον,
2543 4166 2641 4220 καὶ
2676 4161 3141 4233 ἀνεπιχείρητον),
3170 4159 3250 4231 τῷ
3280 4160 3337 4214 δὲ
3366 4159 3597 4230 ἀλήπτῳ
3625 4157 3760 4212 θαυ-

2169 4257 2435 4331 μάζηται,
2469 4254 2887 4327 θαυμαζόμενον
2921 4253 2978 4307 δὲ
3002 4253 3239 4324 ποθῆται
3268 4251 3450 4316 πλέον,
3480 4249 3757 4321 ποθούμε-
3832 4249 3841 4257 ’

2166 4364 2259 4404 νον
2299 4350 2359 4403 δὲ
2412 4348 2676 4420 καθαίρῃ,
2728 4346 2990 4417 καθαῖρον
3037 4344 3096 4399 δὲ
3145 4345 3398 4407 θεοειδεῖς
3434 4343 3757 4414 ἀπεργάζη-

2476 4439 2741 4502 τοιούτοις
2773 4438 2831 4492 δὲ
2877 4436 3215 4508 γενομένοις,
3263 4436 3339 4499 ὡς
3379 4435 3625 4499 οἰκείοις,
3654 4434 3759 4505 ἢδη

2170 4531 2496 4603 προσομιλῇ,
2533 4529 2709 4601 τολμᾷ
2750 4542 2806 4582 τι
2858 4527 3107 4582 νεανικὸν
3153 4529 3182 4580 ὁ
3218 4526 3396 4595 λόγος,
3437 4523 3568 4588 Θεὸς
3616 4524 3760 4587 θεοῖς

2168 4622 2459 4693 ὲνούμενός
2486 4638 2547 4674 τε
2583 4622 2679 4675 καὶ
2708 4618 3132 4691 γνωριζόμενος,
3173 4619 3268 4672 καὶ
3310 4616 3564 4670 τοσοῦτον
3604 4617 3757 4677 ἴσως,

2167 4716 2294 4770 ὅσον
2326 4715 2426 4787 ήδη
2455 4713 2715 4784 γινώσκει
2738 4714 2869 4777 τοὺς
2888 4709 3346 4782 γινωσκομένους.
3370 4708 3636 4778 ’Ἄπειρον
3666 4701 3760 4759 οὖν

2168 4806 2231 4860 τὸ
2262 4805 2405 4859 σεῖον
2438 4806 2531 4859 καὶ
2562 4803 2939 4875 δυσθεώρητον
2966 4818 2979 4833 ·
3028 4801 3125 4856 καὶ
3167 4798 3325 4853 τοῦτο
3370 4798 3545 4867 πάντη
3592 4814 3764 4849 κατα-

2169 4896 2374 4969 ληπτὸν
2401 4896 2567 4951 αὐτοῦ
2618 4896 2801 4967 μόνον,
2836 4896 2870 4967 ἡ
2906 4894 3136 4967 ἀπειρία
3160 4910 3175 4925 ·
3213 4892 3315 4948 κάν
3346 4909 3429 4955 τις
3463 4888 3644 4957 οἴηται
3676 4888 3757 4959 τῷ

487 4984 686 5037 haheat
718 4983 923 5055 (metuo
950 5000 1017 5040 ue
1048 4985 1149 5041 hoc
1176 4985 1435 5040 audacius
1478 5000 1507 5038 ο
1542 5000 1628 5042 me
1667 4986 1868 5040 dictum
1894 4984 2067 5041 videri

486 5074 700 5144 possit),
738 5075 877 5131 Deus
912 5077 1015 5131 diis
1041 5077 1224 5132 unitus
1248 5085 1304 5132 et
1327 5077 1593 5147 cognitas,
1626 5092 1692 5131 ac
1719 5086 1927 5131 tantum
1956 5074 2068 5130 for-

2168 4989 2347 5060 ἁπλῆς
2518 4984 2660 5041 εἶναι
2712 4988 2950 5058 φύσεως,
2992 4989 3025 5060 ἢ
3079 4987 3199 5041 ὅλον
3246 4976 3487 5055 ἄληπτον
3520 4976 3683 5045 εἶναι,
3726 4983 3761 5054 ἢ

2166 5080 2365 5145 τελέως
2392 5080 2617 5152 ληπτόν.
2662 5081 2727 5135 Τί
2764 5080 2860 5153 γάε
2911 5081 2971 5145 ὃς
3010 5081 3189 5151 ἁπλῆς
3224 5080 3343 5130 ἐστι
3374 5075 3610 5146 φύσεως,
3642 5077 3765 5127 ἐπι-

493 5176 655 5231 tasse,
684 5177 945 5236 quantum
971 5170 1083 5238 jam
1119 5184 1241 5235 eos,
1271 5168 1362 5239 qui
1399 5169 1499 5238 ipsi
1534 5168 1645 5224 noti
1682 5176 1829 5236 sunt,
1864 5182 2066 5237 cognm-

2170 5174 2519 5246 ζητήσωμεν.
2562 5175 2639 5229 Οὐ
2694 5175 2803 5248 γὰρ
2843 5175 2907 5245 δὴ
2952 5173 3113 5227 τοῦτο
3146 5171 3309 5243 φύσις
3347 5169 3507 5245 αὐτῷ.
3533 5171 3567 5238 ἡ
3597 5168 3769 5221 ἁπλό-

486 5266 613 5313 scit.
653 5254 959 5314 immensus
986 5258 1147 5328 igitur
1175 5271 1233 5313 et;
1290 5263 1529 5318 inﬁnitus
1557 5273 1640 5318 est
1678 5265 1837 5330 Deus,
1898 5275 1952 5321 et
2006 5264 2066 5320 ad

2175 5283 2277 5337 της
2304 5282 2321 5299 ο
2349 5265 2510 5338 εἴπερ
2541 5262 2679 5335 μηδὲ
2701 5263 2814 5326 τοῖς
2834 5258 3144 5323 συνθέτοις,
3182 5256 3341 5327 μόνον
3369 5254 3428 5307 τὸ
3456 5251 3595 5308 εἶναι
3634 5274 3766 5310 συν-

483 5348 965 5418 contemplandum
990 5350 1218 5405 diiliciiis
1256 5370 1269 5406 ε
1309 5362 1471 5422 atque
1502 5355 1605 5410 hoc
1633 5347 1818 5410 'sohnn
1846 5358 2070 5414 omnino
2176 5360 2374 5425 θέτοις.
3624 5358 3629 5363 ’

492 5442 562 5498 de
595 5444 709 5512 ipso
735 5440 1119 5511 comprehendi
1148 5451 1342 5511 potest,
1367 5449 1720 5517 nempequod
1751 5447 2079 5514 immensus,
2112 5458 2169 5504 et
2233 5450 2478 5505 inﬁnitus
2522 5450 2638 5505 sit:
2682 5447 2784 5505 etsi
2834 5446 3102 5516 quispiam
3140 5446 3432 5515 existime.,
3461 5460 3605 5509 cum,
3636 5445 3765 5513 quia

490 5538 751 5607 simplicis
782 5548 987 5592 natura:
1012 5537 1111 5600 sit,
1139 5537 1403 5591 rationem
1434 5536 1576 5591 hanc
1609 5536 1832 5603 habere,
1863 5546 1946 5604 ut,
1970 5538 2056 5594 vel
2088 5554 2313 5609 prorsus
2339 5538 2905 5608 incomprehensibilis
2930 5539 3021 5603 sit,
3048 5538 3131 5594 vel
3172 5553 3399 5609 prorsus
3425 5553 3489 5594 ac
3524 5538 3767 5607 perfecte

494 5632 872 5698 comprehendi
910 5639 1090 5700 queat.
1122 5629 1259 5696 Quid
1282 5630 1425 5685 enim
1452 5630 1538 5686 ille
1559 5630 1650 5699 sit,
1680 5630 1771 5700 qui
1794 5641 2047 5687 naturam
2076 5634 2373 5704 simplicem
2401 5634 2587 5702 habet,
2622 5635 2991 5705 quuiramus.
3035 5634 3220 5707 Neque
3254 5634 3398 5692 enim
3434 5634 3760 5705 simplicitas

496 5718 791 5858 illi‘néitut:
820 5735 902 5779 est
932 5743 947 5778 :
984 5722 1418 5793 quaudoquidem
1446 5737 1545 5779 nec
1575 5723 1891 5793 compositis
1925 5726 2039 5783 sola
2067 5727 2405 5799 compositio.

671 5816 740 5857 ιο
782 5843 797 5858 .
832 5822 918 5858 ιιι.
961 5808 1052 5858 ιι.

671 5808 797 5859 xod.
832 5822 918 5863 ιιι.
961 5808 1052 5863 Η.
