4130 6418
473 344 580 410 159

1675 333 2057 394 EUTIIYMII
2115 331 2474 394 ZIGABENI

3584 326 3678 392 160

471 469 579 508 nun
610 464 764 518 posse
782 449 976 512 dicam,
1008 447 1149 517 quod
1179 447 1244 501 sit
1284 447 1443 510 Deus,
1479 447 1569 499 sed
1599 447 1722 514 quid
1762 457 1816 500 ct
1868 447 2022 515 quale

2129 452 2227 517 τὴν
2260 448 2533 517 ἄγναιαν).
2559 448 2814 500 Πλεῖστον
2839 441 2944 510 γάρ
2974 409 3221 507 δῖαφέρει
3243 438 3336 491 τοῦ
3366 431 3504 491 εῖναι
3525 457 3576 490 τι
3595 459 3680 491 πε-

462 543 556 596 εἱιι.
595 539 778 605 Neque
807 537 950 590 enim
995 537 1171 591 inanis
1198 547 1281 590 est
1313 536 1620 604 prtedicatio
1646 547 1852 598 nostra,
1921 551 2020 589 nec.

2124 535 2372 604 325101;,
2401 541 2460 592 τὸ
2494 541 2545 594 τί
2575 540 2704 592 ποτέ
2737 539 2852 589 ἐστι
2883 534 3043 586 τοῦτο
3067 535 3295 586 εἰδέναι.

464 644 598 682 vana
631 626 762 680 lides
822 637 1003 682 nostra
1041 626 1096 690 ¹;
1127 639 1224 678 nec
1255 624 1305 678 id
1363 634 1465 684 est,
1522 625 1665 692 quod
1731 624 2025 678 astruimus
2056 625 2145 695 (ne
2175 644 2362 682 rursus
2405 630 2460 682 id
2510 628 2653 697 quod
2713 626 2880 696 probe
2924 624 3261 692 candideque
3323 621 3599 684 diximus,
3633 623 3684 674 in

467 722 755 788 impietatis
788 731 840 774 et
863 717 1145 772 calumnia:
1170 726 1543 784 argumentum
1578 716 1782 778 trahas,
1842 729 1905 768 ac
1958 717 2132 780 nobis,
2168 729 2226 772 ut
2284 719 2644 788 ignorantiam
2704 719 3448 784 confitentibus,arroganter
3514 714 3678 769 insui-

470 816 592 881 tes).
647 813 940 865 Plurimum
993 823 1227 878 namque
1285 810 1532 873 interest,
1591 821 1742 864 certo
1775 810 1869 863 tibi
1919 813 2239 877 persuadeas
2275 814 2477 884 aliquid
2531 829 2673 881 esse,
2707 830 2797 879 an,
2821 815 2949 883 quid
2991 810 3356 866 tandemillud
3409 809 3498 863 sit.
3547 823 3662 863 cum

467 919 677 977 pertqu
709 911 928 962 habeas.

813 1021 1058 1088 Ejusdem
1089 1035 1153 1074 ea:
1200 1019 1381 1073 eadem
1417 1016 1675 1070 oratione.

537 1117 734 1184 Ecquis
763 1116 910 1170 cnim
945 1129 1009 1168 eo
1045 1113 1326 1182 sapientia:
1364 1112 1661 1182 pervenit?
1700 1113 1886 1181 ecquis
1923 1128 2023 1166 un-

466 1224 622 1276 quam
648 1218 849 1262 tantam
883 1207 1109 1277 gratiam
1140 1205 1401 1260 divinitus
1425 1212 1746 1261 consecutus
1791 1206 2022 1260 est?ec-

466 1297 585 1365 quis
611 1313 670 1349 os
695 1297 892 1348 mentis
922 1296 994 1348 ita
1032 1295 1263 1363 aperuit,
1292 1308 1355 1349 ac
1374 1295 1632 1364 Spiritum
1663 1295 1937 1358 attraxit',
1973 1305 2032 1349 ut

471 1387 702 1451 Spiritus
725 1388 904 1440 omnia
938 1387 1359 1456 perscrutantis.
1394 1395 1556 1454 atque
1583 1386 1745 1439 etiam
1778 1387 1869 1440 Dei
1896 1402 2026 1457 pro-

471 1476 632 1529 funda
675 1478 1051 1545 cognoscentis
1081 1476 1100 1507 ³
1161 1489 1262 1545 ope
1315 1484 1477 1543 atque
1540 1476 1876 1544 adiumento,
1924 1477 2018 1532 Dei

469 1574 717 1619 naturam
751 1566 1248 1635 comprehenderit,
1305 1582 1408 1620 nec
1445 1566 1554 1635 jam
1603 1566 1836 1621 ulterius
1886 1584 2016 1638 pro-

475 1659 622 1728 gredi
665 1673 888 1712 necesse
917 1659 1132 1724 habeat,
1183 1667 1371 1728 utpote
1401 1661 1492 1727 qui
1536 1668 1842 1714 extremum
1895 1659 2028 1714 illud

473 1749 831 1817 appetendum
861 1749 970 1817 jam
1001 1747 1219 1812 habeat,
1251 1749 1315 1803 ad
1341 1749 1484 1818 quod
1510 1748 1688 1802 omnis
1715 1749 2031 1805 sublimium

475 1839 714 1890 virorum
745 1846 798 1890 et
832 1837 937 1891 vita
973 1844 1028 1892 et
1054 1837 1312 1908 cogitatio
1339 1835 1621 1892 contendit
1649 1836 1673 1889 ‘i

686 1921 821 1988 Quid
861 1922 1004 1975 enim
1049 1922 1262 1974 tandem
1313 1917 1476 1971 Deum
1525 1930 1650 1970 esse
1678 1914 1946 1980 censebis,
1997 1913 2040 1967 si

479 2013 813 2081 argumentis
841 2026 870 2064 a
908 2011 1120 2065 ratione
1149 2010 1330 2080 petitis
1358 2008 1514 2064 [idem
1560 2007 1779 2061 omnino
1824 2005 1988 2060 babes
2019 2004 2041 2058 ?

472 2108 580 2161 Aut
611 2119 722 2175 quo
755 2103 969 2158 tandem
1003 2109 1056 2156 te
1088 2101 1350 2156 subveliet
1373 2101 1488 2155 haec
1516 2097 1807 2166 disputatio
1829 2137 1843 2162 ,
1874 2099 1918 2152 si
1945 2111 2040 2152 ac-

470 2199 714 2252 curatius
747 2193 1130 2249 examinetur?
1161 2191 1255 2260 Te,
1283 2193 1521 2262 inquam,
1545 2190 1779 2260 appello,
1804 2189 1895 2260 qui
1921 2188 2041 2258 phi-

465 2287 723 2356 losophiae
776 2301 841 2339 ac
894 2284 1175 2353 theologia!
1233 2283 1588 2352 principatum
1635 2280 1732 2336 tibi
1772 2279 2036 2345 vindicas,

466 2389 627 2446 atque
661 2378 711 2431 in
751 2375 1070 2430 immensum
1113 2373 1382 2443 gloriaris.
1427 2372 1509 2428 An
1541 2387 1738 2440 corpus
1763 2385 1885 2426 eum
1915 2384 2037 2426 esse

466 2470 649 2524 dices?
675 2467 920 2534 Quonam
947 2481 1077 2537 ergo
1101 2465 1259 2520 modo
1287 2465 1603 2530 immensus,
1656 2463 1921 2529 inﬁnitus,
1965 2461 2032 2517 ﬁ-

463 2575 612 2629 gurze
645 2573 843 2628 expers
869 2568 971 2623 est,
1004 2571 1069 2612 ac
1100 2555 1333 2624 denique
1354 2553 1638 2624 ejusmodi,
1665 2563 1723 2608 ut
1746 2566 1847 2608 nec
1867 2551 2034 2622 tangi,

467 2666 565 2705 nec
593 2650 764 2704 oculis
793 2648 939 2703 cerni
975 2647 1178 2719 queat?
1207 2647 1288 2700 An
1322 2646 1436 2700 haec
1466 2660 1678 2716 quoque
1721 2645 1776 2698 in
1809 2658 2033 2712 corpora

465 2741 704 2795 cadunt?
725 2739 770 2795 υ
793 2737 1070 2793 licentiam
1093 2738 1106 2790 i
1133 2736 1249 2790 Non
1273 2736 1414 2790 enim
1466 2736 1580 2790 haec
1617 2748 1902 2802 corporum
1939 2749 2033 2787 na-

468 2839 585 2882 tura
619 2835 724 2883 est.
753 2828 834 2881 An
865 2841 1062 2895 corpus
1080 2826 1297 2896 quidem
1318 2839 1437 2880 esse
1462 2833 1684 2890 statues,
1708 2823 2030 2879 immensum

469 2935 620 2986 vero,
663 2929 828 2987 atque
852 2918 1140 2982 inﬁnitum,
1172 2927 1472 2986 creteraque
1493 2915 1650 2986 hujus
1674 2915 1886 2985 generis
1911 2929 2032 2970 esse

2565 1019 2658 1070 Ἐκ
2685 1017 2796 1072 τοῦ
2829 1016 3013 1071 αὐτοῦ
3057 1017 3272 1083 Λόγου.

2203 1111 2292 1172 Τίς
2323 1111 2491 1174 οὔτως
2517 1113 2594 1172 εἰς
2627 1112 2853 1181 ἔσχατον
2881 1111 3072 1178 σοφίας
3099 1108 3356 1177 ἀφίκετος
3373 1124 3386 1169 ;
3403 1103 3487 1170 τίς
3513 1103 3670 1157 τοσού

2128 1222 2222 1257 του
2257 1205 2594 1274 χαρίσματος
2635 1201 2839 1275 ἠξιώθη
2877 1204 3007 1256 ποτέ
3034 1218 3048 1267 ;
3073 1202 3156 1264 τίς
3209 1201 3349 1253 οὕτω
3395 1201 3456 1251 τὸ
3527 1198 3696 1266 στόμα

2136 1297 2235 1366 τῆς
2263 1296 2498 1358 διανοίας
2527 1295 2760 1365 etnotae
2779 1337 2794 1361 ,
2818 1296 2910 1348 καὶ
2947 1294 3163 1347 εἵλκυσε
3209 1291 3434 1360 Πνεῦμα
3454 1330 3470 1354 ,
3501 1290 3588 1342 ἵνα
3620 1287 3696 1356 τῷ

2134 1389 2200 1441 τὰ
2238 1389 2411 1441 πάντα
2446 1387 2740 1457 ἑρευνῶντι
2789 1386 2884 1440 καὶ
2925 1383 3248 1453 γινώσκοντι
3276 1421 3291 1445 ,
3328 1381 3424 1435 καὶ
3456 1381 3523 1433 τὰ
3556 1380 3693 1448 βάθη

2130 1479 2221 1533 τοῦ
2247 1479 2404 1543 Θεοῦ,
2428 1479 2726 1548 Πνεύματι,
2760 1475 3215 1545 assumtae“,
3238 1474 3332 1527 καὶ
3379 1473 3576 1541 μηκέτι
3608 1471 3698 1523 τοῦ

2132 1572 2323 1640 πρόσω
2342 1569 2551 1640 δέηται,
2569 1571 2630 1620 τὸ
2655 1567 2881 1637 ἔσχατον
2899 1565 3120 1636 ὀρεκτὸν
3137 1565 3238 1634 ἠδη
3261 1565 3418 1634 ἔχων,
3449 1563 3546 1615 καὶ
3573 1562 3649 1621 εἰς
3672 1560 3700 1612 δ

2136 1664 2285 1716 πᾶσα
2322 1658 2540 1714 σπεύδει
2559 1659 2654 1714 τοῦ
2686 1657 2892 1730 ὑψηλοῦ
2922 1658 3016 1712 καὶ
3053 1656 3299 1712 πολιτεία
3332 1656 3423 1709 καὶ
3445 1655 3698 1716 διάνοια,

2310 1911 2374 1964 Τί
2399 1913 2505 1983 γάρ
2536 1930 2665 1966 ποτε
2695 1914 2945 1988 ύπολήψῃ
2968 1915 3029 1970 τὸ
3048 1916 3222 1979 Θεῖον,
3292 1915 3457 1984 εἰπερ
3547 1914 3697 1974 ὅλαις

2125 2003 2246 2068 ταῖς
2275 2002 2516 2071 λογικαῖς
2546 2006 2820 2070 πιστεύεις
2843 2008 3054 2076 ἐφόδοις
3088 2026 3104 2074 ;
3206 2008 3241 2078 ἢ
3307 2008 3444 2079 πρὸς
3497 2005 3555 2058 τι
3585 2021 3644 2058 σε
3672 2005 3700 2056 ό

2125 2091 2280 2161 λόγος
2305 2095 2489 2159 ἀνάξει
2515 2096 2932 2169 βασανιζόμενος
2957 2141 2975 2168 ,
3039 2095 3086 2156 ὧ
3181 2095 3584 2167 φιλοσοφώτατε
3613 2097 3697 2160 σὺν

2125 2186 2222 2238 καὶ
2253 2185 2696 2255 θεολογικώτατε,
2730 2189 2826 2242 καὶ
2866 2187 3184 2259 καυχώμενε
3227 2190 3306 2252 εἰς
3353 2188 3421 2241 τά
3449 2189 3696 2258 ἄμετρα;

2126 2277 2361 2352 Πότερον
2393 2279 2584 2350 σῶμα,
2628 2281 2723 2334 καὶ
2755 2281 2871 2345 πῶς
2913 2279 2974 2334 τὸ
3009 2281 3254 2349 ἄπειρον,
3289 2280 3383 2333 καὶ
3424 2278 3697 2349 ἀόριστον,

2123 2368 2221 2422 καὶ
2254 2369 2677 2442 ἀσχημάτιστον,
2723 2371 2818 2424 καὶ
2852 2371 3074 2439 ἀναφὲς,
3107 2371 3200 2422 καὶ
3239 2369 3498 2440 ἀόρατον;
3535 2368 3568 2439 ἢ
3606 2367 3702 2421 καὶ

2123 2460 2296 2514 ταῦτα
2349 2461 2614 2533 σώματας
2655 2464 2718 2514 Ὢ
2748 2463 2849 2532 τῆς
2885 2461 3166 2526 ὲξουσίαςῐ
3201 2461 3261 2514 οὐ
3294 2459 3401 2528 γὰρ
3431 2459 3570 2527 αὐτὴ
3603 2457 3701 2526 φύ-

2126 2567 2210 2616 σις
2236 2553 2522 2624 σωμάτων.
2556 2555 2627 2607 Ἦ
2669 2553 2828 2625 σῶμα
2864 2554 2983 2624 μὲν,
3024 2552 3144 2622 οὐχὶ
3183 2551 3353 2606 ταῦτα
3381 2551 3470 2611 δές
3501 2551 3571 2600 Ὤ
3597 2548 3699 2616 τῆς

2123 2643 2431 2715 παχύτητος
2453 2643 2469 2698 ι
2576 2643 2666 2698 ἵνα
2757 2644 2919 2716 μηδὲν
2946 2643 3107 2695 πλέον
3129 2642 3286 2712 ἡμῶν
3307 2641 3404 2712 ἔχῃ
3437 2639 3499 2693 τὸ
3517 2640 3694 2693 Θείον.

2124 2733 2249 2796 Πῶς
2274 2733 2382 2803 γὰρ
2408 2735 2602 2788 σεπτὸν
2633 2771 2650 2797 ,
2743 2734 2794 2786 ει
2862 2735 3264 2806 περιγραπτόν;
3297 2734 3329 2804 ἦ
3361 2733 3474 2796 πῶς
3505 2733 3698 2801 φεύξει

2122 2838 2212 2876 ται
2257 2821 2318 2875 τὸ
2356 2824 2421 2876 ὲκ
2451 2823 2727 2894 στοιχείων
2763 2826 3100 2894 συγκεῖσθαι,
3132 2824 3227 2878 καὶ
3258 2826 3336 2886 εἰς
3361 2823 3503 2876 αὐτὰ
3537 2824 3699 2877 πάλιν

2122 2912 2469 2978 ἀναλύεσθαι,
2497 2914 2530 2985 ἢ
2566 2915 2659 2968 καὶ
2697 2915 2834 2980 ὅλως
2855 2916 3110 2982 λύεσθαι;
3143 2914 3398 2976 Σύνθεσις
3429 2914 3568 2985 γὰρ,
3599 2915 3700 2984 ἀρ-

467 2999 729 3081 negabis?
767 3010 810 3066 Ο
834 3009 1134 3064 crassitiem
1159 3009 1172 3062 !
1203 3017 1258 3062 ut
1287 3008 1429 3062 nulla
1459 3022 1517 3062 re
1545 3008 1683 3063 Deus
1712 3007 1864 3062 nobis
1893 3021 2022 3076 pra:-

2123 3004 2192 3073 χὴ
2227 3004 2405 3074 μάχης
2427 3022 2440 3035 °
2481 3005 2627 3078 μάχη
2661 3007 2738 3074 δὲ,
2767 3007 3096 3071 διαστάσεως
3115 3023 3129 3036 ·
3167 3007 3200 3077 ὴ
3229 3005 3306 3070 δὲ,
3329 3004 3533 3068 λύσεως
3552 3017 3566 3031 ·
3595 3000 3692 3056 λύ-

461 3112 588 3155 stet.
609 3102 746 3167 Quid
769 3102 912 3155 enim
941 3099 1122 3154 afferri
1145 3109 1342 3169 potest,
1368 3115 1463 3153 cur
1485 3099 1694 3153 colatur
1716 3107 1876 3168 atque
1903 3098 2022 3152 ado«

2125 3110 2208 3156 σις
2247 3094 2303 3146 δὲ
2337 3095 2614 3168 ἀλλότριον
2665 3096 2841 3166 πάντη
2886 3096 3042 3161 Θεοῦ,
3082 3096 3177 3150 καὶ
3210 3095 3309 3166 τῆς
3337 3093 3559 3165 πρώτης
3589 3091 3691 3161 φύ-

463 3201 630 3255 rctur,
666 3192 710 3245 si
745 3191 1189 3259 circumscriptus
1235 3189 1352 3244 est?
1385 3188 1492 3242 Aut
1539 3190 1667 3258 quid
1699 3204 1873 3244 causa:
1907 3203 2022 3244 esse

2125 3202 2282 3248 σεως.
2322 3184 2528 3239 Οὔκουν
2576 3186 2875 3250 διάστασις,
2930 3187 3016 3240 ἵνα
3061 3186 3137 3257 μὴ
3160 3185 3340 3248 λύσις·
3377 3185 3495 3238 οὐδὲ
3523 3185 3694 3254 μάχη,

459 3286 722 3347 dicemus,
755 3284 884 3352 quin
910 3298 971 3338 ex
1002 3283 1284 3338 elementis
1329 3281 1592 3338 conﬂatus
1623 3281 1714 3348 sit,
1763 3289 1925 3352 atque
1971 3282 2022 3336 in

2124 3276 2210 3330 ἵνα
2241 3276 2314 3346 μὴ
2344 3277 2652 3340 διάστασις⁶
2695 3278 2815 3331 οὐδὲ
2843 3277 3108 3341 σύνθεσις,
3146 3278 3233 3330 ἵνα
3267 3275 3341 3348 μὴ
3387 3276 3531 3346 μάχη
3556 3291 3568 3302 ⁸
3606 3273 3694 3327 διὰ

455 3376 644 3429 eadem
680 3374 857 3428 denuo
909 3374 1182 3443 redigatur
1208 3412 1223 3439 ,
1281 3381 1368 3426 aut
1400 3373 1563 3426 etiam
1601 3386 1824 3440 prorsus
1852 3372 2022 3426 inter-

2121 3367 2278 3420 τοῦτο
2330 3367 2450 3421 οὐδὲ
2503 3369 2683 3438 σῶμα,
2739 3369 2824 3421 ἵνα
2875 3369 2948 3440 μὴ
3002 3367 3269 3431 σύνθεσις.
3307 3367 3402 3419 Ἐκ
3451 3366 3559 3418 τῶν
3601 3381 3690 3416 τε-

461 3461 590 3514 cat?
625 3459 960 3528 Compositio
1009 3461 1209 3530 quippe
1243 3474 1432 3530 pugnae
1469 3459 1679 3514 initium
1713 3467 1816 3526 est,
1847 3474 2021 3528 pugna

2122 3457 2383 3512 λευταίων
2415 3459 2508 3512 ἐπὶ
2535 3459 2606 3513 τά
2639 3459 2830 3530 πρῶτα
2866 3461 2894 3514 ὁ
2925 3459 3080 3528 λόγος
3120 3457 3304 3526 ἀνιὼν,
3335 3455 3506 3519 οὕτως
3543 3456 3689 3509 ἵστα-

453 3562 631 3605 autem
663 3551 892 3614 dissidii,
921 3549 1203 3606 dissidium
1254 3548 1573 3605 solutionis:
1605 3538 1800 3606 solutio
1855 3563 2017 3617 porro
2122 3566 2233 3605 ται.

457 3635 601 3690 ιιιιΙΙο
623 3636 780 3691 modo
802 3637 854 3692 in
876 3637 1039 3692 Deum
1063 3653 1126 3693 ac
1154 3641 1378 3709 primam
1401 3641 1543 3694 illam
1565 3650 1808 3696 naturam
1839 3644 2000 3697 cadit.
2032 3641 2293 3708 Quocirca
2315 3642 2517 3697 nullum
2547 3641 2828 3698 dissidium
2859 3641 3248 3698 admittendum
3277 3646 3381 3706 est,
3407 3654 3473 3693 ne
3497 3635 3688 3692 solutio

454 3738 816 3799 consequatur
856 3749 869 3785 :
901 3745 996 3786 nec
1029 3748 1228 3803 pugna,
1257 3749 1325 3788 ne
1351 3735 1628 3790 dissidium
1652 3737 1862 3791 oriatur
1893 3755 1908 3791 :
1945 3753 2046 3794 nec
2092 3739 2434 3807 compositio,
2463 3751 2531 3794 ne
2558 3753 2733 3809 pugna
2757 3739 3003 3794 exsistat.
3035 3742 3113 3792 Ac
3160 3737 3384 3805 proinde
3406 3749 3472 3788 ne
3502 3743 3694 3799 corpus

453 3822 666 3888 quidem
682 3832 784 3888 est,
806 3839 870 3878 ne
893 3825 1087 3894 alioqui
1105 3827 1456 3894 compositum
1477 3829 1690 3898 quidem
1710 3845 1830 3885 eum
1850 3845 2072 3887 necesse
2093 3833 2181 3888 sit.
2203 3831 2295 3886 Sic
2311 3835 2376 3886 ab
2395 3832 2654 3887 extremis
2667 3832 2733 3886 ad
2761 3832 2932 3901 prima
2963 3843 3247 3884 recurrens
3271 3826 3447 3880 oratio
3467 3823 3682 3877 insistit.

692 3922 809 3977 Jam
841 3937 972 3977 vero
1023 3923 1286 3991 quomodo
1339 3921 1467 3974 illud
1519 3923 1653 3974 tueri
1698 3919 2013 3989 poterimus,

446 4015 587 4082 quod
622 4014 697 4066 ait
747 4013 1022 4083 Scriptura
1046 4053 1061 4077 ,
1101 4014 1266 4068 Deum
1319 4011 1495 4067 omnia
1529 4014 1822 4080 pervadere
1857 4021 2016 4080 atque

450 4104 709 4172 implere,
735 4103 888 4172 juxta
930 4103 1098 4156 illud:
1132 4101 1322 4155 Nonne
1351 4101 1534 4155 corium
1575 4113 1626 4155 et
1677 4111 1870 4155 terram
1921 4118 2013 4171 ego

449 4192 679 4259 impleo?
707 4191 833 4243 dicit
887 4190 1142 4244 Dominus
1194 4187 1256 4255 δς
1289 4199 1362 4252 et,
1415 4187 1644 4255 Spiritus
1687 4189 1896 4244 Domini
1928 4205 2012 4243 re-

447 4284 598 4348 plevit
637 4282 812 4336 orbem
855 4291 1112 4335 terrarum
1153 4281 1220 4345 ';
1269 4282 1312 4337 si
1355 4282 1492 4335 Deus
1545 4283 1740 4350 partim
1777 4281 2010 4336 cireum-

2121 4283 2220 4354 μὲν
2253 4301 2320 4336 πε
2329 4285 2579 4354 ριγράφοι
2601 4319 2618 4345 ,

443 4371 666 4437 scribat,
715 4372 910 4441 partim
941 4372 1447 4426 circumscribatur?
1473 4372 1578 4424 Aut
1605 4371 1745 4424 enim
1785 4384 1882 4439 per
1916 4385 2011 4424 va-

2313 3920 2437 3981 Πῶς
2469 3919 2526 3971 δὲ
2549 3919 2642 3972 καὶ
2674 3921 2975 3990 σωθήσεται
3007 3920 3068 3972 τὸ
3103 3918 3190 3970 διὰ
3216 3917 3434 3970 πάντων
3459 3918 3687 3986 διήκειν,

2120 4009 2215 4063 καὶ
2247 4008 2485 4079 πληροῦν
2504 4008 2574 4063 τὰ
2605 4009 2783 4062 πάντα
2811 4009 2963 4072 Θεὸν,
2995 4008 3134 4060 κατὰ
3158 4006 3238 4068 τὸ,
3273 4006 3418 4072 Οὐχὶ
3447 4005 3553 4059 τὸν
3581 4007 3684 4059 οὺ-

2115 4100 2304 4169 ρανὸν
2325 4101 2421 4153 καὶ
2439 4099 2554 4169 τὴν
2572 4099 2687 4169 γῆν
2707 4098 2821 4168 ἐγὼ
2852 4096 3090 4164 πληρῶ;
3115 4097 3275 4166 λέγει
3299 4098 3532 4163 Κύριος-ο
3567 4097 3682 4160 καὶ,

2117 4193 2360 4260 Πνεῦμα
2390 4194 2607 4260 Κυρίου
2630 4190 2982 4258 πεπλήρωκε
3011 4188 3125 4255 τὴν
3148 4189 3526 4256 οἰκουμένην,
3551 4190 3599 4240 εἰ
3625 4187 3687 4240 τὸ

2710 4281 2773 4334 τὸ
2832 4281 2890 4335 δὲ
2981 4281 3404 4352 περιγράφοιτος
3455 4281 3527 4332 Ἦ
3573 4279 3684 4350 γὰρ

2117 4372 2207 4428 διὰ
2235 4374 2390 4428 κενοῦ
2422 4374 2659 4444 χωρήσει
2686 4372 2778 4425 τοῦ
2797 4371 3012 4435 παντὸς,
3042 4372 3136 4424 καὶ
3162 4372 3230 4425 τὰ
3266 4373 3442 4424 πάντα
3466 4372 3685 4440 οἰχήσε-

434 4468 590 4507 ruam
621 4453 1023 4508 universitatem
1056 4455 1414 4522 grassahttur,
1444 4465 1498 4508 et
1521 4472 1610 4511 res
1630 4472 1817 4512 omnes
1840 4459 1996 4515 nobis

2120 4477 2186 4514 ται
2214 4462 2366 4531 ἡμῖν,
2397 4461 2468 4514 ἶν’
2497 4458 2724 4530 ὐὸρισθῇ
2755 4457 2908 4522 Θεὸς,
2939 4456 3032 4508 καὶ
3063 4455 3222 4523 σῶμα
3251 4453 3558 4522 γενόμενος,
3590 4453 3687 4506 καὶ

435 4543 705 4611 peribunt,
761 4553 821 4598 ut
875 4544 955 4597 sic
1010 4543 1149 4598 Deus
1180 4546 1504 4600 contumelia
1540 4545 1818 4614 adiciatur,
1855 4550 2005 4604 nimi-

435 4650 554 4687 rum
585 4643 639 4688 et
671 4635 763 4702 qui
793 4649 991 4704 corpus
1018 4636 1107 4700 sit,
1139 4637 1276 4691 etiis
1324 4651 1442 4706 quae
1465 4639 2011 4707 procreavitcareat:

435 4734 527 4776 aut
557 4740 750 4793 corpus
773 4726 824 4779 in
855 4727 1173 4794 corporibus
1205 4729 1329 4793 erit,
1356 4729 1407 4782 id
1439 4731 1582 4797 quod
1617 4729 1734 4782 lieri
1782 4745 1886 4784 non
1919 4745 2016 4798 po-

435 4821 699 4866 test:aut
751 4815 1236 4882 implicabitur,et
1294 4825 1615 4882 oppenetur,
1663 4818 2013 4884 quemadmo—

434 4905 558 4956 dum
580 4918 664 4968 ea,
694 4920 812 4972 qua:
835 4899 1140 4974 liquiditate
1165 4906 1385 4974 praedita
1499 4915 1630 4960 sunt
1657 4945 1674 4972 ,
1796 4908 2014 4962 interse

437 4993 771 5058 miscentur;
809 5004 976 5061 atque
1003 4993 1108 5046 alia
1137 4995 1362 5061 secabit,
1399 5004 1452 5048 et
1473 4995 1540 5048 ab
1567 4994 1690 5048 aliis
1717 5010 1907 5051 rursus
1927 5011 2011 5051 se-

440 5079 674 5145 cabitur,
699 5083 841 5148 quod
878 5081 1008 5150 ipsis
1035 5084 1200 5137 etiam
1234 5082 1450 5152 Epicuri
1484 5083 1683 5139 atomis
1730 5083 2013 5140 absurdius

433 5180 488 5222 et
522 5169 719 5224 anilius
745 5181 829 5224 est
856 5189 870 5237 ;
909 5173 1094 5241 sicque
1125 5173 1280 5227 nobis
1311 5173 1633 5239 collabetur,
1670 5188 1771 5229 nec
1792 5189 2008 5244 corpus,

432 5273 533 5313 nec
565 5259 719 5313 solidi
766 5263 1056 5331 quidquam
1109 5263 1331 5318 habebit
1379 5266 1494 5319 haec
1536 5265 1852 5334 disputatio,
1906 5281 2009 5335 qua

431 5362 631 5418 corpus
716 5351 824 5405 Deo
919 5353 1158 5408 tribuere
1219 5370 1503 5409 conamur.
1564 5356 1718 5422 Quod
1779 5357 1823 5410 si
1885 5371 2008 5410 eum

432 5451 630 5504 corpus
659 5442 900 5496 materiae
928 5458 1124 5511 expers
1180 5459 1304 5499 esse
1347 5446 1745 5512 contenderim,
1794 5446 1838 5498 si
1891 5446 2014 5514 qui-

434 5525 554 5580 dem
592 5529 840 5596 quintum
889 5531 1043 5597 illud,
1100 5543 1160 5588 ut
1215 5535 1456 5590 nonnulli
1492 5546 1848 5603 censuerunt,
1877 5545 1932 5590 et
1959 5537 2009 5589 in

2113 4550 2214 4602 οὐκ
2246 4549 2381 4619 ἔχων
2419 4549 2517 4601 ὅσα
2545 4547 2870 4616 πεποίηκενσ
2901 4546 2934 4616 ἢ
2973 4545 3129 4614 σῶμα
3170 4546 3226 4596 ὲν
3261 4542 3476 4614 σώμασι
3509 4543 3684 4608 ἔσται,

2112 4639 2248 4709 ὅπερ
2288 4637 2579 4690 ἀδύνατον
2615 4637 2648 4707 ἢ
2681 4637 3016 4706 πλακήσεται
3057 4635 3150 4688 καὶ
3190 4633 3686 4704 ἁντιπαρατεθήσε-

2112 4746 2220 4795 ται,
2259 4727 2445 4799 ὥσπερ
2557 4729 2660 4783 ὅσα
2726 4727 2838 4779 τῶν
2928 4726 3108 4796 ὑγρῶν
3159 4725 3442 4795 μίγνυται·
3485 4725 3579 4776 καὶ
3620 4724 3686 4776 τὸ

2116 4822 2214 4890 μὲν
2243 4821 2452 4891 τέμνει,
2477 4819 2580 4873 ὑπὸ
2601 4819 2658 4871 δὲ
2692 4818 2785 4871 τοῦ
2819 4819 3176 4890 τμηθήσεται,
3205 4818 3234 4870 ὃ
3266 4817 3360 4870 καὶ
3389 4818 3494 4870 τῶν
3536 4817 3685 4868 Ἐπι-

2111 4913 2375 4984 κουρεεων
2422 4911 2640 4981 ἀτόμων
2694 4911 3040 4982 ἀτοπώτερόν
3087 4926 3146 4962 τε
3197 4910 3292 4962 καὶ
3349 4907 3684 4978 γραωδέστε-
3762 4928 3764 4930 τ

2112 5021 2204 5074 ρον
2239 5019 2256 5037 ο
2341 5002 2438 5056 καὶ
2517 5001 2657 5055 οὕτω
2688 5002 3022 5055 διαπεσεῖται
3064 5002 3213 5071 ἡμῖν,
3249 4999 3342 5052 καὶ
3387 4999 3544 5067 σῶμα
3585 4998 3684 5067 οὐχ

2110 5096 2241 5163 ἕξει,
2267 5093 2387 5148 οὐδὲ
2408 5092 2570 5164 πῆξίν
2602 5111 2722 5147 τινα
2757 5097 2786 5147 ό
2811 5096 2938 5166 περὶ
2969 5095 3061 5147 τοῦ
3095 5093 3343 5161 σώματος
3501 5087 3680 5158 λόγος.

2111 5185 2179 5239 Εἰ
2207 5185 2264 5239 δὲ
2288 5185 2448 5240 ἄῦλον
2482 5185 2746 5256 φήσομεν,
2799 5187 2847 5237 εἰ
2884 5186 2980 5255 μὲν
3011 5183 3071 5235 τὸ
3119 5181 3382 5251 πέμπτον,
3426 5178 3502 5243 ὥς
3540 5195 3682 5232 τισιν

2111 5276 2291 5343 ἔδοξε,
2392 5276 2486 5331 καὶ
2602 5277 2702 5345 τὴν
2743 5275 2926 5343 κύκλῳ
2963 5273 3134 5343 φοράν
3174 5272 3501 5344 φερόμενον’
3543 5271 3683 5323 ἔστω

2115 5367 2211 5437 μὲν
2241 5367 2399 5420 άῦλόν
2418 5384 2470 5419 τι
2503 5368 2598 5421 καὶ
2630 5367 2875 5437 πέμπτον
2907 5365 3084 5435 σῶμα,
3114 5366 3162 5418 εἰ
3192 5363 3469 5434 βούλονται
3489 5363 3566 5430 δὲ,
3590 5362 3682 5415 καὶ

2111 5458 2416 5527 ἀσώματον,
2449 5459 2589 5512 κατὰ
2621 5460 2719 5528 τὴν
2742 5458 3035 5527 αὐτόνομον
3063 5458 3241 5512 αὐτῶν
3272 5458 3364 5512 τοῦ
3398 5457 3555 5526 λόγου
3585 5472 3682 5524 φο-

2115 5548 2216 5620 ρὰν
2246 5549 2339 5600 καὶ
2361 5550 2662 5603 ἀνάπλασιν
2682 5567 2696 5582 ο
2729 5549 2877 5602 οὐδὲν
2915 5549 3022 5619 γὰρ
3051 5550 3146 5604 νῦν
3179 5551 3306 5622 περὶ
3333 5551 3522 5604 τούτου
3553 5538 3678 5603 δῖοι-

508 5619 523 5649 ‘
560 5621 722 5678 lCor.
749 5641 840 5694 xv,
868 5629 954 5686 14.
1031 5633 1050 5663 ²
1088 5631 1176 5687 l’s.
1209 5649 1397 5704 cxvm,
1430 5637 1552 5692 151.
1628 5639 1648 5670 ³
1681 5640 1700 5695 1
1732 5641 1855 5695 Cor.
1909 5659 1967 5707 ιι,
2009 5643 2022 5695 1

2170 5645 2327 5701 ‘Jer.
2363 5662 2521 5712 χχιιι,
2547 5649 2635 5703 94.
2711 5649 2731 5680 '
2758 5648 2885 5713 Sap.
2921 5664 2960 5714 t,
2999 5648 3049 5702 ἲ.
