4130 6400
472 314 562 377 161
1467 318 1842 381 PANOPLIA
1901 318 2062 382 DOGI

2164 320 2357 384 TICA.
2396 346 2467 359 ·-·
2497 324 2646 387 ΤΙΤο
2675 324 2775 389 IV.
3636 330 3739 391 1βὲ

461 460 647 513 σομαι.
813 440 978 495 Κατὰ
1005 440 1058 493 τί
1080 439 1135 494 δὲ
1159 437 1268 493 τῶν
1290 439 1625 510 κινουμένων
1651 437 1803 493 ἔσται
1840 437 1937 492 καὶ
1960 454 2057 507 φε-

2163 443 2336 499 urbem
2362 443 2596 500 volubile
2638 462 2651 498 :
2677 445 2747 499 sit
2777 458 2910 499 sane
2938 456 3137 513 corpus
3160 443 3430 514 quoddam
3464 444 3711 512 quintum
3735 483 3751 506 ,

463 533 729 607 ρομένων,
768 532 859 586 ἴνα
905 532 981 605 μὴ
1031 532 1178 601 λέγω
1230 531 1331 605 τὴν
1370 530 1548 601 ὕϐριν,
1588 531 1638 584 εί
1665 530 1735 584 τὰ
1770 528 1914 586 αὐτὰ
1944 530 2059 592 τοῖς

2163 547 2212 592 et
2241 550 2271 590 a
2312 537 2541 591 materia
2573 546 2863 599 semotum,
2894 544 3058 605 atque
3083 537 3274 598 etiam,
3304 536 3347 589 si
3384 536 3514 604 ipsis
3543 534 3616 588 ita
3641 535 3755 587 col-

458 620 851 691 πεποιημένοις
883 621 912 672 ὁ
942 614 1262 687 πεποιηκὼς
1292 614 1665 687 κινηθήσεται.
1706 616 1801 669 καὶ
1824 617 1937 678 τοῖς
1972 630 2058 682 φε-

2163 628 2415 696 libuerit,
2446 627 2866 698 incorporeum;
2903 628 3343 698 quandoquidem
3397 628 3470 680 ita
3503 641 3755 682 sermone

454 714 709 786 ρομένοις
744 714 773 766 ὁ
808 713 1016 784 φέρων,
1052 710 1109 763 εῖ
1142 728 1208 780 γε
1243 710 1339 763 καὶ
1382 710 1539 763 τοῦτο
1565 709 1832 775 δώσουσι;
1875 709 1942 762 Τί
1973 706 2060 761 δαὶ

2163 718 2450 788 romparati
2508 727 2636 775 sunt
2665 758 2679 783 ,
2717 727 2776 772 ut
2802 734 2897 788 pro
2927 718 3154 773 arbitrio
3188 720 3238 770 in
3295 733 3513 773 omnem
3548 726 3751 786 partem

446 807 513 859 τὸ
716 803 879 857 τοῦτο
928 802 1093 857 πάλιν
1145 800 1367 867 κινοῦν;
1422 800 1475 855 τί
1507 801 1564 854 δὲ
1599 799 1659 854 τὸ
1692 801 1803 854 πᾶν
1843 798 2057 866 κινοῦν;

2163 825 2277 865 sese
2333 819 2572 875 versent,
2611 824 2675 866 ac
2708 810 2924 881 quidvis
2953 809 3244 880 effingant;
3279 809 3412 863 nihil
3449 809 3592 864 enim
3652 809 3755 862 hac

448 899 679 951 κάκεῖνο
692 895 743 949 τί
767 914 781 962 ;
812 896 910 949 καὶ
934 896 986 948 τί
1014 894 1366 948 πάλινὲκεῖνο
1386 909 1399 960 ;
1422 893 1515 948 κοιλ¹
1537 892 1695 947 τοῦτο
1711 894 1791 957 εἰς
1811 892 2056 964 ἄπειρον.

450 987 585 1051 Πῶς
638 987 728 1040 δαὶ
766 987 867 1039 οὐκ
898 986 955 1039 ὲν
986 985 1138 1055 τόπῳ
1172 984 1410 1051 πάντως,
1444 985 1497 1037 ετ
1522 1000 1585 1053 γε
1616 984 1953 1056 φερόμενον;
1997 982 2060 1035 ΕΞ

446 1080 507 1133 δὲ
536 1079 671 1134 ἄλλο
702 1096 752 1131 τι
782 1079 934 1149 παρὰ
961 1078 1025 1131 τὸ
1064 1078 1314 1150 πέμπτον
1343 1078 1628 1149 φήσουσιν,
1668 1078 1716 1131 εί
1761 1076 1863 1148 μὲν
1888 1076 2059 1143 ἀγγε-

453 1172 633 1225 λικόν·
667 1171 831 1224 πόθεν
858 1172 939 1225 ὃτι
967 1170 1188 1241 ἄγγελοι
1366 1169 1614 1242 σώματα,
1650 1170 1743 1223 καὶ
1769 1169 1893 1223 τίνα
1932 1167 2061 1222 ταῦ-

455 1282 559 1327 sat;
598 1264 697 1317 καὶ
730 1263 896 1337 πόσρν
1080 1264 1217 1335 ὑπὲρ
1246 1262 1478 1334 ἄγγελον
1527 1261 1614 1335 εἴη
1647 1261 1800 1328 Θεὸς,
1838 1255 1898 1316 οῦ
1951 1260 2061 1313 λει-

457 1356 696 1425 τουργὸς
730 1355 1000 1425 ἄγγελος;
1051 1356 1113 1408 El
1149 1354 1204 1409 δὲ
1244 1355 1383 1429 ὑπὲρ
1415 1354 1609 1422 ταῦτα,
1648 1353 1808 1409 πάλιν
1833 1352 2063 1426 εἰσήχθη

2157 904 2221 959 de
2251 904 2389 959 rein
2441 902 2733 975 praesentia
2773 917 2895 957 cum
2960 902 3065 957 illis
3115 901 3443 956 altercabor.
3482 902 3751 955 Cmterum

2152 998 2260 1063 quo
2297 995 2513 1049 tandem
2558 994 2611 1049 in
2645 1009 2845 1066 genere
2868 994 2973 1048 erit
3004 1008 3191 1048 earum
3232 1008 3434 1060 rerum,
3463 1008 3582 1061 quae
3608 1005 3753 1044 motu

2151 1087 2363 1141 cientur
2393 1094 2443 1142 et
2474 1086 2784 1157 agitantur,
2823 1095 2879 1142 ut
2908 1085 3125 1141 interim
3160 1096 3393 1149 taceam,
3426 1099 3589 1154 quam
3621 1100 3752 1154 gra-

2151 1176 2236 1231 vis
2264 1176 2334 1232 sit
2362 1177 2729 1243 contumelia},
2763 1191 3033 1241 asserere,
3059 1175 3372 1231 Creatorem
3400 1177 3611 1238 eodem,
3646 1190 3754 1243 quo

2154 1282 2241 1323 res
2281 1268 2349 1324 ab
2385 1283 2450 1323 eo
2478 1279 2717 1335 creatas,
2758 1279 2906 1323 motu
2944 1268 3184 1333 incitari,
3221 1279 3383 1338 atque
3415 1282 3559 1332 eum,
3598 1267 3753 1333 cujus

2152 1362 2203 1418 vi
2239 1377 2303 1417 ac
2346 1363 2569 1418 numine
2608 1377 2696 1417 res
2734 1362 2970 1417 conditae
3008 1360 3323 1426 volvuntur,
3355 1360 3400 1414 si
3434 1370 3614 1413 tamen
3653 1362 3755 1413 hoc

462 1448 741 1519 σωμάτων
773 1449 941 1520 ἐσμὸς
974 1449 1281 1519 ἀλόγιστος,
1313 1454 1409 1503 καὶ
1450 1448 1723 1522 φλυαρίας
1754 1447 1935 1519 βυθὸς,
1974 1446 2059 1499 οῦ-

460 1538 640 1611 ὂαμοῦ
682 1541 875 1610 στῆναι
904 1541 1226 1612 δυνάμενος.

452 1650 675 1690 versum
709 1636 813 1690 hoc
846 1635 1099 1690 moveat?
1132 1635 1399 1703 Quidnam
1434 1649 1564 1689 vero
1613 1633 1757 1705 quod
1809 1632 2048 1690 vicissim
2092 1634 2223 1689 illud
2279 1644 2519 1702 moveat,
2590 1653 2655 1692 ac
2693 1653 2908 1695 rursum
2946 1656 2975 1695 a
3002 1654 3110 1712 quo
3146 1639 3279 1694 illud
3314 1636 3633 1693 moveatur?
3664 1635 3753 1689 Eo-

450 1726 690 1795 demque
732 1726 895 1781 modo
950 1724 1005 1779 in
1049 1725 1320 1779 infinitum
1366 1724 1702 1795 progrediar.
1738 1722 1837 1790 Qui
1890 1724 2050 1778 etiam
2093 1724 2208 1779 fieri
2245 1735 2444 1795 potest,
2505 1736 2566 1781 ut
2595 1730 2817 1785 omnino
2882 1746 2986 1786 non
3042 1732 3115 1787 sit
3164 1730 3214 1785 in
3267 1730 3408 1795 loco,
3441 1729 3485 1783 si
3542 1727 3757 1799 quidem

450 1820 653 1881 fertur,
693 1834 757 1874 ac
791 1827 938 1874 motu
988 1817 1287 1873 incitatur?
1323 1816 1438 1873 Jam
1498 1816 1543 1873 si
1597 1817 1744 1872 aliud
1792 1816 2064 1888 quoddam
2105 1831 2321 1888 corpus,
2358 1830 2555 1890 praeter
2595 1821 2844 1891 quintum
2879 1822 3031 1889 illud,
3104 1821 3273 1878 Deum
3326 1836 3446 1875 esse
3498 1825 3760 1875 statuant.

447 1912 495 1965 si
540 1912 763 1980 quidem
802 1911 1106 1982 angelicum
1150 1929 1165 1967 :
1206 1914 1353 1967 unde
1405 1913 1717 1983 probabunt
1750 1912 1973 1983 angelos
2014 1928 2245 1983 corpore
2299 1925 2569 1983 constare,
2643 1928 2699 1974 et
2737 1935 2847 1989 quo
2904 1920 3120 1974 tandem
3173 1918 3445 1987 corpore?
3488 1916 3758 1982 Quantum

447 2014 660 2068 autem,
685 2003 732 2058 si
760 2016 846 2058 res
876 2004 950 2058 ita
974 2018 1033 2059 se
1063 2004 1282 2071 habeat,
1315 2004 1457 2063 Deus
1527 2005 1801 2076 angelum,
1835 2021 1945 2077 quo
2007 2008 2256 2064 ministro
2288 1990 2483 2075 utitur,
2508 2011 2838 2066 antecellet?
2874 2010 2931 2066 Si
2958 2026 3153 2080 corpus
3181 2010 3454 2079 quoddam
3486 2008 3571 2061 his
3630 2008 3758 2061 sul»-

450 2097 641 2151 Iimius
693 2112 816 2153 esse
856 2097 1121 2167 dixerint,
1159 2115 1351 2157 rursus
1390 2115 1681 2171 corporum
1746 2115 1978 2157 exatnen
2049 2104 2276 2161 rationis
2343 2120 2540 2177 expers
2592 2106 2901 2174 inducetur,
2950 2122 3017 2162 ac
3070 2121 3334 2177 nugarum
3387 2118 3585 2174 gurges
3626 2103 3760 2157 adeo

2151 1453 2320 1509 etiam
2350 1455 2526 1509 daturi
2574 1461 2723 1520 sunt,
2756 1454 2947 1509 eodem
3005 1453 3164 1508 modo
3194 1467 3316 1507 cum
3372 1451 3438 1505 iis
3496 1450 3636 1506 volvi
3692 1467 3757 1505 ac

2089 1550 2131 1605 Β
2156 1546 2540 1604 circumferri?
2565 1548 2759 1615 Quer
2788 1549 2989 1611 etiam,
3024 1547 3283 1616 quidnam
3330 1546 3403 1599 sit
3447 1545 3590 1613 quod
3636 1544 3759 1597 uni-

452 2190 792 2260 profundus,
816 2202 875 2246 ut
916 2207 1183 2264 nusquam
1221 2207 1318 2264 pes
1357 2192 1450 2265 figi
1480 2195 1673 2267 possit.

653 2281 811 2337 Οὖτω
837 2283 935 2353 μὲν
968 2280 1061 2337 οὖν
1247 2284 1309 2338 οὐ
1341 2286 1498 2356 σῶμα
1523 2287 1655 2356 ἡμῖν
1695 2289 1725 2341 ὁ
1750 2285 1881 2349 Θεός
1941 2282 2063 2340 οὐδὲ

456 2376 574 2446 γὰρ
601 2376 704 2447 ἥδη
732 2392 817 2439 τις
839 2375 998 2428 τοῦτο
1028 2375 1134 2429 τῶν
1162 2374 1557 2439 θεοπνεύστων,
1587 2377 1619 2446 ἢ
1650 2371 1870 2448 εἶπεν,ἢ
1888 2396 2061 2450 παρε-

456 2468 677 2530 δέξατο,
730 2464 854 2517 οὐδὲ
920 2466 1019 2536 τῆς
1082 2466 1364 2538 ἡμετέρας
1581 2468 1750 2539 αὐλῆς
1802 2469 1831 2520 ὁ
1883 2468 2059 2537 λόγος.

458 2559 731 2611 Δείπεται
756 2557 821 2629 δὴ
849 2556 1143 2628 ἀσώματον
1183 2557 1608 2629 ὑπολαμϐάνειν.
1650 2557 1791 2611 Ἀλλ’
1827 2559 1875 2611 εί
1914 2558 2060 2612 ἀσώ-

459 2667 656 2720 ματον,
688 2649 845 2703 οὔπω
886 2650 993 2720 μὲν
1038 2648 1161 2705 οὐδὲ
1194 2649 1352 2705 τοῦτο
1393 2650 1495 2720 τῆς
1545 2650 1735 2714 οὐσίας
1768 2667 2059 2723 παραστα-

452 2743 611 2796 τικόν
635 2760 699 2796 τε
725 2743 818 2796 καὶ
844 2742 1196 2814 περιεκτικὸν
1238 2776 1255 2806 ,
1420 2742 1610 2816 ὥσπερ
1641 2743 1763 2797 οὐδὲ
1796 2744 1856 2797 τὸ
1893 2743 2057 2813 ἀγέν-

451 2853 641 2905 νητον,
670 2836 767 2888 καὶ
803 2835 864 2889 τὸ
914 2836 1174 2908 ἄναρχον,
1212 2826 1309 2889 καὶ
1347 2835 1408 2889 τὸ
1446 2836 1826 2900 ἀναλλοίωτον,
1856 2838 1951 2891 καὶ⁸
1999 2836 2060 2890 τὺ

453 2927 768 2999 ἄφθαρτον,
799 2929 894 2981 καὶ
919 2929 1020 2982 ὃσα
1043 2928 1173 3000 περὶ
1196 2927 1356 2993 Θεοῦ,
1388 2929 1422 3000 ἣ
1451 2929 1579 3000 περὶ
1606 2928 1738 2983 Θεὸν
1789 2924 1930 2983 εἶναι
1971 2927 2059 2982 λέ-

451 3036 637 3088 γεται.
671 3019 739 3072 Τί
765 3018 873 3092 γὰρ
903 3020 1019 3075 δντι
1180 3020 1331 3092 αὐτῷ
1348 3019 1489 3076 κατὰ
1513 3020 1611 3092 τὴν
1629 3020 1790 3092 φύσιν
1822 3022 1916 3075 καὶ
1958 3019 2057 3094 τὴν

452 3108 765 3161 ὑπόστασιν
787 3106 1043 3178 ὑπάρχει,
1087 3108 1149 3161 τὸ
1181 3108 1257 3180 μὴ
1291 3109 1467 3180 ἀρχὴν
1498 3108 1668 3179 ἔχειν,
1695 3109 1830 3180 μηδὲ
1861 3107 2048 3174 ἐξίστα

2175 3124 2276 3166 nec
2311 3110 2741 3182 incorruptibile,
2772 3121 3079 3180 ceteraque
3118 3112 3318 3175 omnia,

454 3198 608 3261 σθαι,
641 3196 780 3268 μηδὲ
812 3196 1182 3270 περατοῦσθαι
1210 3215 1224 3264 ;
1280 3198 1421 3251 Ἀλλ’
1451 3200 1572 3253 ὅλον
1625 3200 1686 3252 τὸ
1714 3195 1854 3254 εἶναι
1904 3217 2061 3272 περι-

451 3287 762 3359 λαμϐάνειν
806 3289 1057 3343 λείπεται
1080 3289 1538 3360 προσφιλοσοφεῖν
1571 3305 1632 3343 τε
1687 3291 1782 3343 καὶ
1823 3289 2056 3363 προσεξ-

452 3381 677 3445 ετάζειν
706 3379 787 3450 τῷ
810 3396 875 3448 γε
901 3381 1025 3434 νοῦν
1051 3380 1190 3435 Θεοῦ
1380 3380 1597 3452 ἀληθῶς
1624 3380 1821 3450 ἔχοντι,
1857 3383 1951 3435 καὶ
1975 3399 2067 3436 τε·

453 3471 714 3543 λεωτέρῳ
740 3472 842 3543 τὴν
870 3472 1125 3545 θεωρίαν.
1175 3472 1263 3537 Ὦς
1297 3472 1407 3546 γὰρ
1455 3474 1556 3527 οὐκ
1585 3473 1752 3545 ἀρκεῖ
1786 3474 1849 3527 τὸ
1902 3474 2065 3543 σῶμα

459 3565 655 3629 εἰπεῖν,
687 3563 721 3634 ἢ
744 3564 807 3616 τὸ
833 3564 1217 3636 γεγεννῆσθαι,
1254 3565 1390 3637 πρὸς
1418 3564 1480 3618 τὸ
1508 3564 1704 3628 καὶτὸ,
1732 3580 1802 3616 πε
1810 3565 1865 3635 pl.
1881 3564 1910 3617 ὃ
1934 3565 2067 3618 ταῦ-

467 3671 565 3718 τι,
590 3656 937 3725 παραστῆσαι
992 3673 1054 3709 τε
1103 3656 1200 3709 καὶ
1250 3655 1517 3727 δηλῶσαι,
1573 3654 1712 3709 ἀλλὰ
1736 3654 1816 3708 δεῖ
1866 3655 1963 3708 καὶ
2002 3655 2066 3708 τὸ

478 3740 827 3811 ὖποκείμενον
846 3743 1057 3808 τούτοις
1083 3746 1284 3811 εἰπεῖν,
1302 3746 1350 3797 εί
1383 3744 1568 3815 μέλλοι
1733 3744 1955 3808 τελείως
1971 3746 2065 3798 καὶ

468 3834 833 3905 ἀποχρώντως
856 3836 920 3889 τὸ
946 3836 1238 3908 νοούμενον
1278 3836 1734 3910 παραστήσεσθαι
1756 3835 1810 3906 (ἢ
1837 3836 1946 3907 γὰρ
1968 3835 2064 3889 ἄν-

461 3924 702 3996 θρωπος,
719 3927 755 3997 ἢ
770 3926 957 3998 βοῦς,ἢ
974 3927 1142 3992 ἵππος
1153 3927 1313 3983 τοῦτο
1332 3928 1393 3982 τὺ
1412 3927 1847 3999 ἑνσὼματον,καὶ
1872 3926 2067 3996 γεννώ-

459 4036 638 4091 μενον.
647 4020 744 4072 καὶ
756 4018 855 4088 φθε
864 4019 1017 4091 ιρόμε
1025 4018 1338 4089 νον)οοῦτως
1349 4020 1473 4073 οὐδὲ
1482 4021 1603 4073 ἐκεῖ
1629 4019 1883 4090 στήσεται
1904 4018 2066 4090 μέχρι

454 4111 551 4164 τοῦ
582 4112 761 4164 εἰπεῖν
799 4110 838 4165 ἃ
871 4111 946 4182 μὴ
979 4111 1152 4178 ἔστιν,
1182 4114 1211 4166 ὁ
1238 4111 1340 4182 τὴν
1363 4110 1459 4165 τοῦ
1490 4109 1645 4175 ovem;
1670 4108 2067 4182 πολυτιραγμο⁴

455 4205 565 4257 νῶν
598 4203 786 4274 φύσιν·
812 4203 950 4258 ἀλλὰ
977 4204 1059 4258 δεῖ
1090 4204 1230 4277 πρὸς
1257 4202 1337 4275 τῷ
1522 4203 1700 4257 εἰπεῖν
1732 4202 1770 4258 ἃ.
1813 4202 1889 4273 μὴ
1924 4202 2062 4266 ἔστι,

456 4297 553 4349 καὶ
583 4298 613 4349 ὃ
643 4299 797 4349 ἐστιν
827 4297 1023 4350 εἰπεῖν’
1046 4298 1156 4366 ὅσῳ
1186 4296 1281 4350 καὶ
1308 4296 1439 4367 ῥᾷον
1468 4294 1531 4349 ἓν
1578 4312 1631 4349 τι
1663 4294 2000 4367 περιλαϐεῖν,
2026 4294 2059 4364 ἢ

454 4389 528 4443 τὰ
559 4389 741 4443 πάντα
767 4389 894 4442 καθ’
922 4389 1154 4443 ἕκαστον
1190 4388 1471 4452 ἀπειπεῖν,
1500 4389 1590 4441 ἴνα
1616 4385 1683 4441 ἔκ
1719 4403 1781 4439 τε

456 4481 802 4550 ἀναιρέσεως
848 4472 925 4536 ὧν
957 4480 1061 4534 οὐκ
1108 4479 1249 4545 ἔστι,
1289 4478 1516 4550 καὶτῆς
1544 4470 1608 4531 οῦ
1665 4479 1781 4531 ὲστι
1830 4478 2055 4543 θέσεως,

458 4569 775 4641 περιληφθῇ
816 4570 877 4623 τὸ
903 4569 1215 4640 νοούμενον.
1251 4570 1310 4623 '0
1340 4568 1420 4634 δὲ,
1472 4568 1508 4623 ἃ
1543 4569 1642 4640 μὲν
1670 4568 1771 4621 οὐκ
1796 4566 1913 4621 ἔστι
1968 4566 2029 4620 λέ

456 4676 597 4727 των,
634 4661 854 4715 σιωπῶν
901 4663 959 4717 δὲ
1003 4662 1033 4715 ὅ
1062 4662 1200 4725 ἐστι,
1248 4662 1396 4714 ποιεῖ
1437 4661 1843 4733 παραπλήσιον,
1871 4660 2060 4733 ὥσπερ

458 4751 527 4805 ἂν
713 4754 763 4806 εί
819 4752 889 4807 τὰ
920 4754 1085 4807 πέντε
1125 4754 1207 4817 δὶς
1250 4754 1352 4807 ὅσα
1384 4753 1534 4807 ἐστὶν
1573 4753 1949 4825 ἐρωτώμενος,
1978 4754 2061 4805 ὅτι

460 4841 565 4911 μὲν
584 4840 648 4893 οὐ
684 4840 778 4894 δύο
791 4840 972 4909 λέγοι,
1148 4841 1270 4895 οὐδὲ
1297 4838 1447 4911 τρία,
1488 4840 1610 4893 οὐδὲ
1643 4839 1904 4909 τέσσαρα,
1938 4837 2062 4891 οὐδὲ

457 4932 649 4995 πέντε,
679 4931 798 4985 οὐδὲ
828 4931 1060 4999 εἴκοσιν,
1114 4930 1236 4986 οὐδὲ
1267 4931 1585 5002 τριάκοντα,
1617 4928 1738 4983 οὐδέ
1784 4946 1928 4995 τινα,
1972 4927 2061 4980 ἴνα

458 5023 703 5080 συνελὼν
721 5024 881 5090 εἴπω,
917 5024 1028 5079 τῶν
1054 5024 1205 5088 ἐντὸς
1234 5024 1476 5087 δεκάδος,
1511 5023 1543 5094 ἢ
1582 5020 1884 5075 δεκαδικῶν
1938 5020 2061 5092 ἀριο

462 5116 638 5187 ὂμῶν·
672 5117 751 5169 ὅτι
777 5116 833 5170 δὲ
852 5118 936 5189 εἴη
964 5118 1098 5171 δέκα
1120 5115 1196 5187 μὴ
1220 5114 1391 5183 λέγοι,
1415 5114 1551 5186 μηδὲ
1583 5113 1779 5185 ἐρείδοι
1814 5112 1904 5166 τὸν
1934 5110 2060 5165 νοῦν

454 5208 554 5262 τοῦ
588 5208 901 5279 ἐρωτῶντος
940 5210 1023 5271 εἰς
1074 5207 1135 5261 τὸ
1182 5206 1535 5277 ζητούμενον.
1581 5203 1770 5275 Πολλῷ
1795 5203 1904 5273 γὰρ
1933 5204 2061 5273 ῥᾷον
2106 5220 2125 5264 ι

457 5300 558 5352 καὶ
590 5298 1001 5370 συντομώτερον
1030 5300 1095 5352 ὲκ
1118 5295 1212 5351 τοῦ
1246 5297 1275 5349 ὃ
1305 5298 1454 5350 ἐστιν
1488 5296 1588 5348 ὅσα
1617 5296 1717 5348 οὐκ
1744 5293 1861 5349 ἐστι
1891 5292 2062 5365 δηλῶ-

458 5408 573 5455 σαι,
604 5390 636 5461 ἢ
667 5392 731 5444 ὲκ
764 5389 859 5445 τοῦ
891 5389 1106 5444 ἀνελεῖν
1147 5389 1184 5443 ἃ
1223 5390 1299 5461 μὴ
1347 5388 1516 5450 ἔστιν,
1569 5388 1597 5440 ὃ
1631 5387 1778 5439 ἐστιν
1820 5383 2061 5451 ἐνδείξα-

458 5482 604 5536 σθαι.
637 5485 708 5536 Ἦ
732 5483 892 5537 τοῦτο
932 5482 1031 5553 μὲν
1058 5484 1221 5535 παντὶ
1236 5481 1413 5553 δῆλον.

2364 2280 2544 2351 Atque
2568 2282 2697 2338 hinc
2732 2294 2967 2351 constat,
3011 2286 3177 2341 Deum
3212 2303 3412 2359 corpus
3455 2306 3562 2344 non
3617 2307 3761 2346 esse.

2170 2371 2356 2443 Neque
2378 2375 2521 2427 enim
2551 2378 2728 2431 adhuc
2780 2381 3066 2449 quisquam
3111 2396 3321 2447 eorum,
3378 2384 3466 2452 qui
3506 2384 3761 2440 divinitus

2167 2462 2331 2517 afllati
2369 2474 2514 2529 sunt,
2545 2466 2647 2521 hoc
2676 2468 2759 2521 vel
2791 2469 2948 2533 dixit,
2973 2470 3057 2525 vel
3082 2473 3148 2526 ab
3182 2473 3304 2528 aliis
3358 2475 3559 2529 dictum
3609 2490 3760 2529 com—

2170 2554 2445 2622 probavit,
2477 2574 2576 2613 nec
2609 2561 2783 2615 nostri
2819 2562 2981 2617 ovilis
3009 2573 3093 2618 est
3121 2563 3234 2619 haec
3266 2566 3533 2623 doctrina.
3562 2564 3761 2636 Super-

2166 2656 2252 2702 est
2283 2648 2464 2718 igitur,
2494 2659 2553 2704 ut
2606 2653 2984 2722 incorporeum
3012 2670 3134 2711 esse
3167 2657 3334 2712 Deum
3367 2657 3759 2712 existimemus.

2176 2736 2400 2807 Verum,
2464 2750 2742 2813 utcunque
2794 2745 3172 2815 incorporeum
3214 2750 3478 2814 dicamus,
3525 2748 3760 2803 nondum

2169 2840 2350 2887 tamen
2381 2833 2483 2888 hoc
2520 2846 2770 2890 naturam
2826 2838 2970 2895 illius
3017 2841 3422 2911 essentiamque
3452 2841 3759 2911 complecti-

2171 2931 2260 2978 tur
2289 2935 2344 2981 et
2375 2926 2650 2995 declarat;
2691 2931 3147 2999 quemadmodum
3179 2949 3279 2989 nec
3308 2935 3626 3005 ingenitum,
3665 2951 3763 2988 nec

2172 3015 2495 3082 anarchum,
2518 3017 2573 3072 id
2605 3027 2707 3084 est,
2737 3020 3244 3093 principiiexpers,
3275 3038 3374 3078 nec
3401 3024 3759 3089 immutabile,

3550 3128 3670 3182 qua!
3695 3114 3761 3167 de

2168 3200 2298 3267 Deo,
2329 3201 2411 3256 vel
2446 3202 2591 3257 circa
2627 3201 2817 3262 Deum,
2837 3200 3221 3270 praedicantur.
3244 3200 3390 3268 Quid
3415 3202 3558 3255 enim
3593 3204 3760 3271 proih

2166 3300 2252 3348 est
2298 3292 2367 3347 ad
2420 3291 2765 3348 indicandam
2818 3293 2989 3361 ipsius
3046 3304 3295 3347 naturam
3349 3302 3404 3347 et
3456 3292 3760 3348 subsisten-

2169 3383 2296 3438 tiam
2322 3397 2429 3452 qua
2455 3383 2691 3448 exsistit,
2724 3382 2771 3437 si
2804 3383 2956 3438 dicas
3004 3398 3127 3437 eum
3161 3384 3372 3437 initium
3397 3400 3501 3437 non
3535 3382 3760 3443 habere,

2166 3488 2270 3529 nec
2298 3490 2325 3527 a
2344 3488 2404 3529 se
2426 3489 2661 3543 unquam
2685 3474 3018 3541 desciscere,
3041 3488 3141 3530 nec
3164 3475 3287 3529 ullis
3311 3475 3561 3529 terminis
3584 3472 3759 3527 inclu-

2168 3561 2260 3617 di?
2300 3560 2502 3615 Verum
2542 3570 2707 3617 totam
2756 3565 2876 3634 ejus
2928 3566 3220 3619 essentiam
3268 3565 3678 3619 edisserendam
3706 3573 3763 3619 et

2168 3652 2549 3722 inquirendam
2602 3653 2730 3708 huic
2761 3654 3142 3724 relinquimus,
3177 3655 3269 3724 qui
3310 3670 3439 3727 vere
3475 3653 3570 3708 Dei
3620 3653 3762 3709 noti-

2169 3744 2299 3798 tiam
2323 3744 2507 3810 habet,
2548 3752 2713 3813 atque
2762 3745 2816 3798 in
2850 3746 3275 3814 contemplanda
3320 3745 3618 3813 perfectior
3654 3755 3758 3799 est.

2171 3835 2409 3891 Utenim
2450 3852 2558 3891 non
2590 3836 2723 3891 satis
2754 3846 2840 3891 est
2884 3851 3083 3906 corpus
3125 3838 3328 3901 dicere,
3366 3846 3461 3890 aut
3502 3852 3762 3911 procreat;

2168 3938 2280 3982 tum
2307 3942 2450 3993 esse,
2480 3928 2549 3982 ad
2582 3928 2688 3983 hoc
2716 3928 2802 3982 vel
2836 3928 2989 3996 illud,
3017 3930 3104 3985 cui
3135 3929 3248 3984 haec
3273 3929 3544 4001 adjacent,
3577 3929 3763 3999 expri-

2166 4014 2419 4071 mendum
2463 4025 2518 4072 et
2548 4016 2919 4085 indicandum,
2954 4021 3049 4075 sed
3098 4019 3229 4090 quid
3260 4020 3373 4090 ipsa
3404 4034 3620 4089 quoque
3675 4034 3764 4075 res

2164 4105 2411 4174 subjecta
2430 4106 2526 4174 sit,
2553 4108 2840 4163 dicendum
2866 4118 2969 4177 est,
2988 4110 3035 4164 si
3061 4110 3220 4164 modo
3241 4109 3511 4175 volumus,
3535 4109 3589 4164 in
3619 4111 3762 4179 quod

2166 4198 2491 4268 cogitamus,
2523 4198 2681 4268 plene
2716 4208 2881 4271 atque
2925 4202 3142 4257 abunde
3180 4211 3577 4271 repraesentare
3622 4201 3764 4274 (po-

2167 4297 2274 4346 test
2302 4290 2447 4345 enim
2493 4293 2578 4348 vel
2612 4292 2797 4361 homo,
2849 4294 2934 4349 vel
2971 4294 3091 4361 bos,
3144 4294 3230 4350 vel
3266 4309 3435 4364 equus
3484 4309 3624 4361 esse,
3660 4294 3766 4349 hoc

1924 4428 1929 4433 .
1959 4386 2061 4455 τῆς
2094 4383 2139 4441 D
2166 4382 2310 4451 quod
2333 4396 2657 4452 corporeum
2684 4400 2750 4441 ac
2775 4396 3120 4456 procreatum
3149 4396 3204 4441 et
3243 4386 3597 4456 corruptibile
3641 4398 3764 4440 esse

2162 4474 2578 4544 pronuntiamus
2611 4474 2766 4546 ):ad
2806 4476 3057 4533 eumdem
3084 4478 3302 4532 modum
3356 4478 3447 4546 qui
3473 4476 3566 4531 Dei
3609 4486 3765 4531 natu«

2161 4578 2278 4619 ram
2306 4565 2574 4621 curiosius
2600 4566 2979 4636 inquirendam
2998 4569 3232 4634 duxerit,
3250 4584 3354 4624 non
3382 4570 3468 4624 hic
3490 4571 3758 4638 conquis-

2166 4664 2304 4723 scet,
2350 4664 2408 4711 ut
2462 4658 2630 4725 dicat,
2662 4658 2926 4728 quid-non
2958 4660 3030 4714 sit
3064 4659 3233 4725 Deus,
3262 4661 3358 4715 sed
3398 4660 3503 4715 hoc
3549 4674 3765 4729 quoque

2165 4745 2270 4814 ipsi
2301 4745 2669 4813 adjiciendum
2701 4747 2828 4813 erit,
2864 4756 2945 4811 ut,
2978 4746 3108 4815 quid
3149 4746 3245 4812 sit,
3294 4754 3568 4812 exponat;
3602 4744 3765 4815 idque

2165 4850 2231 4891 eo
2261 4835 2455 4905 magis,
2503 4835 2647 4905 quod
2679 4836 2859 4891 minus
2908 4834 3124 4891 difﬁcile
3156 4844 3241 4890 est
3273 4850 3437 4891 unum
3488 4834 3762 4906 quidpiam

2169 4927 2351 4983 animo
2385 4926 2697 4997 complecti,
2726 4943 2889 4998 quam
2923 4930 3107 4986 omnia
3146 4927 3422 4999 sigillatim
3468 4928 3767 4985 inficiendo

2168 5032 2476 5083 removere,
2529 5028 2589 5074 ut
2635 5017 2855 5088 rejectis
2887 5021 2976 5085 iis,
3012 5036 3132 5090 qua:
3172 5036 3277 5074 non
3310 5029 3413 5086 est,
3452 5028 3507 5074 et
3557 5021 3764 5076 consti-

2170 5118 2284 5164 tuto
2307 5124 2391 5171 eo.
2429 5110 2572 5180 quod
2600 5110 2691 5174 sit,
2741 5112 3237 5182 comprehendatur
3268 5112 3320 5166 id
3366 5111 3509 5180 quod
3554 5112 3765 5183 cogita-

2171 5216 2312 5256 mus.
2344 5200 2444 5268 Qui
2473 5216 2603 5255 vero
2630 5202 2729 5266 ita,
2759 5203 2888 5273 quid
2926 5220 3012 5259 res
3040 5204 3219 5273 aliqua
3252 5220 3355 5258 non
3388 5206 3483 5269 sit,
3521 5219 3764 5273 pronun-

2172 5290 2287 5355 tiat,
2319 5301 2377 5345 ut
2408 5291 2646 5359 interim,
2670 5296 2798 5362 quid
2831 5297 2926 5359 sit,
2968 5305 3162 5358 taceat,
3187 5310 3293 5349 non
3326 5294 3589 5349 absimilis
3611 5303 3692 5347 est
3717 5294 3763 5346 ei

2167 5382 2257 5450 qui
2290 5392 2530 5451 rogatus,
2584 5384 2669 5439 bis
2692 5385 2933 5455 quinque
2985 5396 3115 5456 quot
3141 5387 3269 5449 sint,
3296 5385 3617 5454 respondeat
3647 5384 3760 5449 qui-

2168 5473 2288 5528 dem
2318 5488 2381 5527 ea
2424 5489 2523 5529 nec
2557 5474 2663 5530 duo
2704 5491 2845 5543 esse,
2879 5492 2978 5534 nec
3033 5479 3159 5543 tria,
3213 5492 3309 5531 nec
3352 5484 3607 5544 ψιειιιιοΐρ
3664 5487 3761 5526 "ec

456 5577 712 5645 quinque,
747 5592 848 5632 nec
880 5575 1097 5645 viginti,
1121 5589 1220 5630 nec
1245 5574 1488 5646 triginta,
1521 5587 1646 5637 nec,
1679 5580 1737 5627 ut
1762 5568 1910 5624 brevi
1980 5565 2338 5635 complectar,
2407 5568 2573 5623 ullum
2646 5586 2931 5624 numerum
2969 5571 3105 5624 citra
3143 5569 3226 5623 vel
3274 5567 3415 5620 ultra
3445 5560 3765 5618 denarium;

457 5686 711 5729 caeterum
753 5674 901 5744 quod
942 5674 1129 5727 decem
1158 5672 1288 5737 sint,
1326 5686 1431 5727 non
1469 5672 1635 5736 dicat,
1666 5685 1765 5723 nec
1812 5675 2047 5720 mentem
2088 5664 2223 5732 ejus,
2255 5679 2285 5717 a
2348 5680 2455 5735 quo
2516 5667 2904 5736 interrogatur,
2938 5666 3004 5720 ad
3040 5665 3092 5718 id
3130 5664 3272 5733 quod
3324 5659 3607 5731 quaesitum
3656 5668 3760 5711 est.

458 5768 652 5841 alligat.
686 5769 856 5826 Multo
886 5767 1035 5823 enim
1084 5767 1295 5823 facilius
1327 5776 1382 5824 et
1409 5764 1847 5838 compendiosius
1879 5771 1980 5830 est,
2007 5776 2074 5817 ex
2112 5775 2197 5827 eo,
2227 5760 2390 5831 quod,
2424 5762 2552 5833 quid
2574 5763 2662 5828 sit,
2696 5762 2918 5827 dixeris,
2953 5758 3209 5830 quidquid
3230 5772 3334 5813 non
3364 5756 3436 5812 sit
3462 5752 3758 5813 declarare.
