4130 6406
445 286 542 353 167

1666 284 2059 344 EUTIIYMH
2099 282 2478 345 .ZlG.\BENI

3613 285 3715 350 163

440 401 716 471 exemplar
746 397 874 452 illud
900 409 1082 460 suum,
1115 392 1269 464 cuius
1303 405 1446 448 nunc
1463 390 1733 446 desiderio
1763 393 2023 460 tangitur,
2053 439 2060 450 ,

2136 393 2267 464 πρὸς
2295 393 2355 446 τὸ
2370 392 2703 462 ἀρχέτυπον,
2721 382 2782 442 οῦ
2798 387 2892 442 νῦν
2909 389 3026 458 ἔχει
3043 387 3140 458 τὴν
3183 388 3392 457 ἔφεσιν.
3417 392 3524 446 Καὶ
3556 393 3718 448 τοῦτο

445 489 774 546 ascenderit.
802 488 978 554 Atque
1008 485 1138 539 illud
1167 484 1292 537 mihi
1320 497 1441 539 esse
1472 482 1704 546 videtur,
1737 480 1878 550 quod
1916 481 2028 548 pri-

445 585 676 640 marium
708 579 1066 652 philosophiae
1095 586 1257 646 caput
1285 584 1390 640 est,
1435 589 1625 642 nempe
1650 587 1747 627 nos
1785 573 2028 640 aliquan-

447 682 514 734 do
556 685 767 732 tantum
807 673 1144 742 cognituros,
1177 679 1440 739 quantum
1483 664 2028 735 cognitisumus.‘At

447 770 501 822 in
533 768 635 822 hac
690 765 902 820 mortali
966 763 1071 817 vita
1132 760 1392 829 quidquid
1443 759 1508 812 ad
1539 774 1636 814 nos
1685 773 1856 828 usque
1909 773 2028 828 per—

451 858 632 927 tingit,
665 857 810 910 aliud
843 853 972 908 nihil
1031 862 1136 917 est,
1190 867 1352 921 quant
1399 850 1629 920 exiguus
1680 851 1896 927 quidam
1953 849 2028 903 ri-

449 949 642 1015 vulus,
697 963 759 1002 ac
825 947 970 999 velut
1046 959 1246 1015 parvus
1323 959 1531 1014 magnae
1613 925 1748 998 lucis
1821 944 2024 998 radius.

445 1043 814 1110 Quamobrem
847 1039 893 1094 si
919 1041 1043 1111 quis
1068 1039 1238 1093 Deum
1277 1038 1556 1110 cognovit,
1588 1048 1702 1104 aut,
1740 1037 2030 1107 Scriptura

452 1145 609 1200 teste,
669 1134 990 1203 cognovisse
1032 1133 1252 1195 dicitur,
1293 1142 1524 1186 eatenus
1545 1131 1866 1200 cognovisse
1899 1144 2024 1185 ccu-

457 1227 656 1280 sendus
673 1236 777 1288 est,
801 1235 1068 1294 quatenus
1095 1225 1362 1280 uberioris
1398 1224 1706 1293 Splendoris
1749 1223 2027 1292 particeps

2130 484 2274 540 εἶναί
2313 503 2404 555 μοι
2433 485 2582 538 δοκεῖ
2610 485 2670 537 τὸ
2699 484 2841 537 πάνυ
2877 482 3340 552 φιλοσοφούμενον
3360 523 3376 547 ,
3415 485 3716 553 ἐπιγνώσε-

2135 578 2261 632 σθαι
2321 594 2452 631 ποτε
2517 580 2700 648 ἡμᾶς,
2766 579 2890 630 ὅσον
2960 577 3304 647 ἐγνὼσμεθα.
3372 577 3446 630 Τὸ
3503 578 3559 631 δέ
3623 582 3718 632 νῦν

2132 669 2293 735 εἶναι,
2334 671 2562 741 βραχεῖά
2591 687 2675 734 τις
2707 669 2959 740 ἀποῤῥοὴ
2985 670 3093 722 πᾶν
3125 670 3183 722 τὸ
3204 669 3284 733 εὶς
3316 671 3464 741 ἡμᾶς
3493 672 3722 740 φθάνον,

2136 767 2230 820 καὶ
2249 761 2359 819 οἷον
2377 765 2615 834 μεγάλου
2638 763 2812 830 φωτὸς
2836 762 3035 834 μικρὸν
3054 763 3420 833 ἀπαύγασμα.
3444 765 3608 820 Ὥστε
3629 773 3714 820 καὶ

2135 858 2190 912 εί
2213 875 2294 920 τις
2321 858 2461 926 ἐγνω
2485 857 2638 922 Θεὸν,
2664 857 2697 928 ἢ
2731 855 3030 924 ἐγνωκέναι
3060 856 3508 928 μεμαρτύρηται.
3532 860 3716 912 τοσοῦ

2136 967 2227 1002 τον
2256 950 2421 1017 ἔγνω,
2458 951 2583 1003 ὅσον
2619 950 2780 1004 ἄλλου
2799 950 2874 1019 μὴ
2906 949 2965 1002 τὸ
2987 949 3100 1001 ἴσον
3121 948 3527 1018 ἐλλαμφθέντος
3545 954 3719 1022 φανῆ-

2137 1055 2226 1092 ναι
2263 1039 2716 1109 φωτοειδέστερος
2739 1055 2754 1071 ο
2779 1041 2875 1092 καὶ
2892 1039 2952 1092 τὸ
2971 1037 3335 1108 ὑπερϐάλλον,
3369 1039 3573 1094 τέλειον
3605 1042 3715 1094 ἐνο-

2142 1131 2334 1201 μισθη,
2362 1131 2422 1184 ού
2473 1135 2540 1202 τῇ
2595 1133 2846 1204 ἀληθείᾳ,
2876 1136 2944 1204 τῇ
2973 1133 3029 1186 δέ
3059 1132 3152 1186 τοῦ
3213 1132 3445 1202 πλησίον
3497 1134 3726 1201 δυνάμει

2133 1238 2286 1292 παρα
2295 1221 2499 1294 μετρού
2509 1240 2698 1292 μενον.

457 1326 548 1390 sit,
585 1341 744 1394 quam
776 1326 866 1395 qui
905 1323 1082 1378 minus
1128 1322 1346 1376 luminis
1378 1321 1636 1376 divinitus
1672 1321 1902 1390 accepit.
1951 1319 2026 1373 Ita
2067 1321 2450 1390 exsuperantia
2506 1321 2655 1386 liter,
2689 1319 2929 1391 perfecta
2987 1321 3232 1392 cognitio
3277 1324 3586 1378 enstimata
3620 1332 3724 1390 est,

458 1437 566 1476 non
604 1422 670 1477 ad
705 1421 780 1476 rei
813 1421 981 1490 ipsius
1012 1418 1317 1482 veritatem,
1347 1415 1443 1472 sed
1475 1419 1540 1472 ad
1567 1416 1798 1472 aliorum
1840 1415 2116 1470 modulum
2150 1425 2206 1470 et
2245 1415 2562 1472 facultatem
2591 1431 2881 1486 perpensa.

531 1518 798 1586 Quocirca
891 1514 1036 1572 Enos
1112 1513 1332 1585 quidem
1417 1527 1572 1582 spem
1647 1512 1835 1570 habuit
1911 1512 2029 1569 fore

452 1622 509 1664 ut
551 1611 837 1663 Dominum
872 1610 1150 1662 invocaret
1194 1609 1215 1639 ³
1246 1622 1261 1660 :
1288 1604 1378 1660 ubi
1410 1604 1560 1660 vides
1583 1616 1733 1671 spem
1769 1603 2033 1655 duntaxat

453 1704 506 1754 in
533 1717 599 1756 eo
632 1700 864 1762 laudari,
892 1713 1123 1766 eamque
1167 1711 1272 1751 non
1298 1694 1646 1764 cognitionis,
1681 1693 1776 1747 sed
1811 1693 2030 1746 invoca-

449 1793 636 1848 tionis.
677 1791 860 1846 Enoch
903 1799 1104 1853 autem,
1165 1787 1411 1856 quamvis
1450 1785 1740 1838 translatus
1789 1783 1952 1837 fuerit
1981 1786 2031 1850 ³,

2208 1512 2308 1566 Διά
2368 1512 2529 1566 τοῦτο
2625 1511 2794 1576 Ἐνὼς
2856 1512 2959 1584 μὲν
3038 1512 3276 1583 ἤλπισεν
3349 1511 3730 1568 ἐπικαλεῖσθαι

2137 1603 2228 1658 τὸν
2261 1604 2486 1676 Κύριοψ
2515 1603 2673 1668 ἐλπὶς
2696 1605 2755 1658 τὸ
2788 1604 3226 1675 κατορθούμενον
3255 1601 3344 1675 ἦν,
3369 1605 3636 1659 καὶτοῦτο
3661 1607 3723 1660 ού

2137 1695 2410 1764 γνώσεως,
2439 1695 2554 1748 ἀλλ’
2580 1697 2945 1768 ἐπικλήσεως.
2988 1695 3161 1766 Ἑνὼχ
3196 1696 3253 1748 δὲ
3300 1696 3563 1767 μετετέθη
3604 1696 3722 1766 μὲν,

2135 1785 2288 1842 οὔπω
2317 1787 2376 1840 δὲ
2414 1788 2594 1859 δῆλον,
2621 1791 2671 1842 εί
2697 1788 2834 1842 Θεοῦ
2865 1788 3029 1856 φύσιν
3074 1787 3408 1858 περιλαϐὼν,
3438 1787 3473 1857 ἦ
3500 1787 3726 1857 περιληο

446 1885 695 1938 ιιιοηιίιιηι
737 1891 918 1936 tamen
955 1887 1206 1944 constat,
1247 1894 1312 1931 an
1358 1877 1448 1930 Dei
1501 1885 1749 1930 naturam
1789 1888 2036 1943 compre-

2136 1877 2390 1949 ψάμενος.
2423 1879 2530 1932 Τοῦ
2558 1879 2615 1933 δὲ
2635 1879 2781 1943 Νῶε,
2814 1878 2978 1932 καλὸν
3013 1880 3046 1950 ἡ
3087 1877 3470 1950 εὐαρέστησις,
3503 1877 3597 1931 τοῦ
3632 1880 3726 1932 καὶ

455 1973 743 2038 henderit,
796 1983 889 2026 aut
935 1970 1436 2040 comprehensurus
1483 1969 1573 2022 sit.
1619 1968 1739 2022 .lam
1786 1967 1915 2032 Noe,
1947 1967 2036 2024 cui

453 2065 604 2119 orbis
650 2063 888 2118 universi
943 2063 1012 2117 ab
1065 2077 1330 2132 aquarum
1390 2059 1634 2130 periculo
1675 2057 2037 2114 conservandi

453 2171 585 2211 cura
629 2155 835 2210 credita
885 2164 970 2209 est
1005 2158 1054 2217 ⁸,
1088 2153 1169 2208 vel
1213 2153 1390 2221 potius
1441 2153 1590 2206 orbis
1643 2153 1849 2204 semina
1889 2166 2038 2206 com-

456 2247 644 2310 missa,
665 2245 860 2314 exiguo
885 2244 1028 2313 ligno
1051 2243 1309 2297 diluvium
1336 2242 1595 2311 fugientia
1639 2244 1682 2305 ⁸,
1714 2241 1841 2296 hinc
1861 2240 2034 2296 solum

457 2339 664 2391 laudem
681 2349 1010 2392 consecutus
1032 2345 1134 2400 est,
1159 2335 1299 2403 quod
1330 2335 1438 2389 Deo
1484 2343 1668 2403 gratus
1697 2343 1753 2387 et
1780 2341 2036 2402 acceptus

457 2429 665 2484 fuisset.
699 2429 924 2498 Magnus
961 2443 1122 2497 porro
1155 2429 1244 2483 ille
1285 2428 1596 2500 patriarcha
1629 2427 1926 2490 Abraham,
1965 2440 2036 2480 ex

449 2522 562 2577 {ide
587 2521 806 2590 quidem
856 2522 1187 2589 justiticatus
1215 2533 1299 2576 est
1338 2525 1385 2584 ⁸,
1425 2535 1485 2575 ac
1511 2535 1704 2574 novam
1743 2527 1797 2572 et
1824 2518 2036 2572 inaudi-

457 2626 565 2665 tam
603 2611 898 2677 victimam,
931 2627 1248 2680 magnmque
1279 2611 1421 2665 illius
1472 2611 1699 2680 ligurem
1733 2619 2035 2680 gerentem,

447 2703 649 2758 obtulit
688 2703 708 2734 "
741 2721 754 2756 :
787 2714 844 2757 at
878 2704 1042 2758 Deum
1091 2719 1194 2757 non
1244 2713 1302 2756 ut
1335 2704 1500 2756 Deum
1524 2703 1823 2770 conspexit,
1851 2700 1944 2754 sed
1979 2707 2038 2755 ut

457 2795 731 2848 hominem
767 2795 900 2848 aluit
938 2799 1004 2859 3;
1043 2811 1108 2849 ac
1151 2795 1377 2864 proinde
1439 2794 1688 2849 laudatus
1729 2803 1830 2857 est,
1869 2793 2031 2862 quod,

453 2896 716 2952 quantum
777 2887 1041 2955 percepit,
1089 2897 1299 2940 tantum
1347 2901 1564 2955 quoque
1606 2895 1896 2941 veneratus
1929 2891 2029 2939 est.

461 2974 596 3029 Nam
665 2976 793 3043 quid
853 2976 921 3029 de
960 2975 1129 3031 Jacob
1165 2977 1364 3040 dicam,
1419 2976 1512 3046 qui
1573 2975 1702 3029 licet
1748 2974 2034 3030 sublimem

461 3069 750 3138 quamdam
773 3069 1002 3133 scalam,
1030 3077 1084 3123 et
1110 3069 1468 3123 ascendentes
1500 3067 1718 3138 angelos
1745 3067 1796 3120 in
1829 3063 2036 3122 somnis

2135 1970 2341 2040 κόσμον
2371 1969 2493 2024 ὅλον
2515 1970 2574 2035 ἐξ
2608 1971 2814 2024 ὑδάτων
2841 1969 3214 2024 διασώσασθαι
3243 1969 3646 2033 πιστευθέντος,
3689 1970 3722 2039 ἦ

2137 2059 2346 2129 κόσμου
2376 2060 2690 2132 σπέρματα,
2713 2059 2855 2132 ξύλῳ
2883 2061 3064 2132 μικρῷ
3087 2060 3344 2131 φεύγοντι
3484 2060 3584 2128 τὴν
3608 2061 3726 2113 ἐπί-

2135 2148 2346 2203 κλυσιν.
2389 2149 2642 2221 Ἀϐραὰμ
2664 2151 2721 2204 δὲ
2751 2150 3045 2222 ἐδικαιώθη
3067 2151 3166 2222 μὲν
3193 2153 3258 2205 ἐκ
3289 2151 3546 2214 πίστεως,
3573 2153 3602 2204 ὁ
3629 2150 3727 2222 μέ-

2134 2259 2238 2310 γας
2278 2243 2646 2314 πατριάρχης,
2678 2243 2773 2298 καὶ
2803 2243 2919 2298 θύει
2947 2244 3136 2298 θυσίαν
3162 2241 3340 2314 ξένην,
3370 2242 3464 2297 καὶ
3491 2243 3592 2312 τῆς
3622 2258 3721 2312 μεο

2135 2333 2310 2402 γάλης
2361 2335 2673 2388 ἀντίτυπον·
2711 2335 2845 2389 Θεὸν
2895 2336 2952 2389 δὲ
2997 2337 3097 2406 οὐχ
3135 2335 3213 2399 ὡς
3253 2335 3385 2389 Θεὸν
3419 2331 3579 2400 εἶδεν,
3606 2334 3721 2388 ἀλλ’

2134 2424 2212 2489 ὡς
2241 2425 2528 2496 ἄνθρωπον
2576 2427 2794 2500 ἔθρεψε,
2827 2429 2921 2483 καὶ
2969 2429 3229 2504 ἐπῃνέθη,
3267 2429 3553 2493 σεϐασθεὶς
3597 2430 3723 2481 ὅσον

2119 2520 2458 2574 κατέλαϐεν.
2509 2521 2701 2576 Ἰακὼϐ
2729 2521 2807 2588 δὲ,
2843 2523 3089 2593 κλίμακα
3117 2523 3217 2592 μὲν
3245 2522 3458 2592 ὑψηλὴν
3491 2521 3722 2590 ἐφαντά-

2137 2610 2239 2679 σθη
2266 2610 2408 2675 τινὰ,
2454 2611 2547 2664 καὶ
2577 2611 2824 2679 ἀγγέλων
2875 2612 3082 2678 ἄνοδον,
3125 2611 3222 2666 καὶ
3264 2611 3467 2682 στήλην
3513 2611 3726 2680 ἀλείφει

2140 2701 2414 2771 μυστικῶς
2455 2703 2613 2773 (ἴσως
2657 2704 2742 2756 ἵνα
2781 2703 2874 2756 τὸν
2915 2704 3054 2775 ὑπὲρ
3080 2702 3239 2775 ἡμῶν
3266 2703 3556 2771 ἀλειφέντα
3582 2701 3726 2755 λίθον

2141 2795 2557 2868 παραδηλώσῃ),
2615 2796 2708 2850 κοιλ⁵
2746 2793 2896 2860 οἶκος
2922 2796 3057 2850 Θεοῦ
3226 2796 3378 2867 τόπῳ
3413 2795 3519 2848 τινὶ
3557 2811 3725 2866 προσ-

2134 2885 2362 2955 ηγορίαν
2384 2886 2617 2951 δίδωσιν,
2641 2889 2721 2950 είς
2764 2889 2932 2958 τιμὴν
2963 2887 3058 2942 τοῦ
3087 2886 3366 2957 ὀφθέντος,
3399 2883 3492 2940 καὶ
3531 2885 3606 2950 ὼς
3633 2887 3725 2940 ἀν-

2136 2973 2339 3046 θρὼπῳ
2359 2976 2437 3047 τῷ
2457 2977 2577 3048 Θεῷ
2600 2977 2987 3048 προσπαλαίει,
3015 2977 3050 3049 ἦ
3080 2979 3164 3041 τίς
3187 2979 3320 3031 ποτέ
3344 2981 3490 3032 ἐστιν
3514 2980 3546 3050 ἡ
3582 2978 3724 3049 πάλη

2135 3065 2270 3118 Θεοῦ
2311 3067 2448 3139 πρὸς
2489 3067 2796 3139 ἄνθρωπον,
2832 3068 2865 3139 ἢ
2903 3069 3045 3139 τάχα
3086 3070 3185 3139 τῆς
3209 3068 3559 3139 ἀνθρωπίνης
3595 3070 3724 3140 ἀρε-

451 3158 806 3228 conspicatus
839 3159 910 3214 sit
947 3162 1002 3224 ⁸,
1035 3176 1101 3215 ac
1137 3160 1445 3216 columnam
1481 3173 1586 3214 non
1622 3160 1738 3213 sine
1779 3156 2060 3230 mysterio

2136 3157 2234 3227 τῆς
2277 3158 2414 3230 πρὸς
2441 3158 2576 3212 Θεὸν
2603 3159 2977 3226 ἀντεξέτασις,
3013 3163 3108 3214 καὶ
3149 3159 3394 3232 σύμϐολα
3427 3160 3521 3231 τῆς
3550 3160 3725 3231 πάλης

453 3248 689 3317 quodam
722 3250 1218 3316 unxerit(t‘ortasse
1256 3259 1318 3303 ut
1347 3248 1576 3318 lapidem
1615 3246 1803 3304 salutis
1838 3255 2036 3301 nostra

453 3355 619 3394 causa
664 3351 887 3396 unctum
955 3341 1342 3411 signiﬁcaret),
1381 3350 1546 3409 atque
1597 3339 1650 3393 in
1695 3337 1835 3406 ejus,
1875 3351 2034 3404 quem

456 3440 857 3500 conspexerat,
910 3432 1206 3498 honorem,
1262 3431 1381 3486 loco
1430 3429 1642 3485 cuidam
1688 3429 1879 3483 domus
1937 3425 2032 3481 Dei

451 3533 872 3592 cognomentum
913 3523 1254 3594 imposuerit,
1288 3538 1354 3578 ac
1403 3539 1525 3578 cum
1578 3522 1686 3576 Deo
1718 3519 1872 3588 quasi
1913 3532 2036 3573 cum

456 3615 677 3670 homine
706 3615 911 3670 luctam
952 3615 1159 3682 inierit,
1186 3629 1524 3686 quaecunque
1566 3613 1782 3668 tandem
1819 3610 1910 3665 illa
1939 3609 2036 3664 Dei

454 3721 578 3761 cum
610 3707 830 3764 homine
866 3707 1012 3762 lucta
1043 3722 1166 3764 esse
1206 3716 1391 3776 queat.
1429 3705 1526 3761 His
1549 3705 1695 3759 enim
1720 3703 1902 3758 verbis
1927 3700 2036 3756 for-

454 3810 599 3856 tasse
626 3801 760 3855 nihil
807 3801 957 3858 aliud
1006 3803 1302 3868 indicatur,
1326 3816 1486 3872 quam
1531 3801 1778 3855 humanae
1820 3797 2036 3853 virtutis

455 3905 578 3945 cum
611 3891 793 3946 divina
813 3894 1181 3963 comparatio,
1210 3893 1479 3962 luctaque
1510 3891 1694 3960 signa,
1725 3905 1845 3961 qua!
1877 3903 2035 3946 creas-

2135 3250 2230 3303 ἐπὶ
2280 3251 2375 3305 τοῦ
2411 3251 2664 3323 σώματος
2715 3253 2891 3325 φέρει,
2955 3253 3052 3325 τὴν
3088 3254 3258 3324 ἧτταν
3291 3253 3725 3327 παραδεικνύντα

2136 3342 2236 3412 τῆς
2289 3344 2555 3415 γεννητῆς
2719 3345 2954 3414 φύσεως,
2980 3346 3076 3399 καὶ
3108 3341 3270 3400 ἆθλον
3317 3345 3599 3410 εὐσεϐείας
3627 3347 3726 3417 τὴν

2141 3431 2442 3503 μεταϐολὴν
2462 3433 2560 3504 τῆς
2577 3434 2950 3506 προσηγορίας
2971 3433 3258 3506 λαμϐάνει,
3281 3433 3721 3504 μετονομασθεὶς,

2137 3523 2260 3577 ἀντὶ
2305 3523 2520 3588 Ἰακὼϐ,
2566 3525 2802 3597 Ἰσραὴλ,
2855 3525 3012 3580 τοῦτο
3039 3527 3104 3598 δὴ
3148 3527 3211 3581 τὸ
3247 3526 3388 3598 μέγα
3416 3527 3511 3580 καὶ
3540 3527 3720 3596 τίμιον

2137 3613 2329 3685 ὄνομαο
2366 3617 2543 3669 ἐκεῖνο
2589 3617 2666 3681 δὲ,
2708 3615 2834 3671 οὔτε
2871 3618 3052 3684 αὐτὸς,
3083 3617 3209 3673 οὔτε
3256 3635 3339 3682 τις
3373 3619 3511 3690 ὑπὲρ
3563 3619 3722 3672 αὐτὸν

2143 3708 2308 3780 μέχρι
2349 3709 2589 3780 σήμερον
2647 3710 2990 3781 ἐκαυχήσατο
3021 3710 3131 3765 τῶν
3158 3711 3367 3766 δώδεκα
3405 3710 3608 3780 φυλῶν,
3651 3703 3726 3764 ὧν

2139 3801 2323 3874 πατὴρ
2385 3796 2475 3873 ἦν,
2514 3802 2596 3855 ὅτι
2661 3801 2795 3854 Θεοῦ
2863 3802 3025 3872 φύσιν
3076 3802 3109 3873 ἦ
3158 3802 3281 3873 bal/tv
3323 3802 3462 3873 ὃλην,
3513 3801 3726 3874 ἐχώρη-

2139 3911 2232 3948 σεν
2249 3933 2262 3946 .

459 3987 566 4030 tam
615 3991 866 4035 naturam
904 3981 1103 4035 victam
1171 3994 1294 4034 esse
1343 3979 1713 4043 ostenderent,
1780 3979 1835 4033 in
1887 3993 2114 4048 corpore
2151 3978 2359 4045 tulerit,
2400 3993 2466 4034 ac
2518 3978 2752 4048 denique
2800 3991 2898 4047 pro
2953 3974 3172 4048 pietatis
3218 3969 3442 4041 praemio
3489 3966 3727 4022 nominis

458 4071 942 4124 commutationem
999 4069 1308 4138 acceperit,
1368 4084 1468 4136 pro
1517 4068 1684 4124 Jacob
1739 4070 2036 4135 nimirum,
2081 4083 2280 4141 magno
2315 4069 2408 4125 illo
2457 4079 2514 4126 et
2555 4070 2760 4126 eximio
2786 4068 3009 4125 israelis
3069 4065 3291 4122 nomine
3351 4068 3723 4131 nuncupatus;

459 4159 564 4211 hoc
613 4167 790 4212 tamen
832 4173 930 4212 nec
976 4159 1108 4228 ipse,
1157 4173 1258 4213 nec
1291 4159 1576 4230 quisquam
1624 4175 1689 4214 eo
1731 4160 2037 4227 sublimior,
2080 4162 2146 4216 ad
2175 4162 2319 4218 hunc
2352 4176 2525 4232 usque
2558 4163 2700 4219 diem
2727 4162 2780 4216 in
2817 4160 3074 4216 omnibus
3131 4155 3416 4214 duodecim
3457 4154 3724 4215 tribubus,

458 4263 692 4314 quarum
732 4259 886 4316 pater
913 4249 1137 4317 exstitit,
1168 4248 1388 4320 gloriari
1437 4250 1830 4322 magniﬁceque
1894 4252 2193 4322 praedicare
2246 4254 2443 4324 potuit,
2503 4268 2564 4310 se
2612 4262 2778 4309 totam
2832 4253 2926 4309 Dei
2993 4261 3244 4307 naturam
3314 4250 3496 4305 animo
3536 4261 3720 4316 perce-

454 4338 623 4409 pisse.

715 4436 825 4493 Nec
869 4453 999 4502 vero
1044 4439 1195 4504 Elite,
1221 4441 1304 4498 vei
1351 4443 1576 4512 spiritus
1610 4447 1921 4519 vehemens,
1950 4453 2035 4510 vel

454 4528 620 4598 ignis,
658 4530 739 4584 vel
779 4539 938 4586 terra:
987 4535 1293 4599 concussio,
1415 4542 1478 4588 ut
1596 4538 1840 4596 historia:
1864 4557 2038 4598 sacrae

451 4623 818 4680 monumentis
842 4623 1114 4691 proditum
1147 4635 1250 4692 est,
1286 4628 1380 4682 sed
1417 4643 1550 4684 aura
1580 4635 1824 4700 quaedam
1857 4636 2034 4691 tennis

455 4712 550 4765 Dei
583 4714 950 4778 praesentiam,
974 4729 1080 4780 non
1115 4725 1296 4772 autem
1333 4728 1584 4774 naturam
1618 4723 1812 4790 ipsam,
1839 4721 2031 4782 adiuti.-

453 4803 714 4858 lll‘ZiVil".
748 4804 923 4874 Ipsum
976 4807 1147 4861 Eliam
1201 4810 1348 4874 dico,
1393 4825 1550 4879 quem
1597 4815 1784 4883 igneus
1817 4833 2029 4886 quoque

450 4912 645 4950 currus
692 4898 741 4950 in
805 4899 998 4952 malum
1048 4903 1317 4968 evexit“,
1349 4905 1680 4973 signiﬁcans,
1719 4916 1776 4961 ut
1816 4910 2026 4978 opinor,

452 4990 780 5057 singularem
813 4993 1103 5060 quamdam
1159 4995 1393 5051 hominis
1427 4996 1706 5062 virtutem,
1745 5008 1906 5069 atque
1931 5002 2032 5056 hu-

449 5095 670 5132 manum
705 5079 981 5150 fastigium
1019 5085 1392 5142 excedentem.
1425 5088 1606 5154 Quid?
1637 5091 1752 5147 Non
1790 5103 1840 5148 te
1865 5095 2028 5164 iudex

448 5170 538 5222 ille
577 5168 792 5236 Mamre,
838 5189 901 5228 ac
948 5173 1140 5229 Petrus
1184 5178 1480 5246 apostolus,
1523 5183 1882 5239 admiratione
1917 5185 2028 5239 alii-

445 5261 642 5314 cinnt?
687 5261 926 5329 Quorum
972 5266 1110 5321 alter
1153 5284 1220 5322 ne
1256 5265 1861 5344 conspectum'quidem
1906 5278 2023 5345 Dei,

446 5370 542 5422 per
589 5353 877 5423 imaginem
923 5358 1026 5426 ipsi
1070 5361 1431 5430 ohvcrsantis,
1483 5365 1625 5421 ferre
1676 5378 1908 5438 poterat,
1961 5385 2024 5425 ac

527 5463 542 5493 ¹
568 5463 744 5541 LCor.
776 5468 1020 5541 ηιμ-12.
1079 5471 1118 5541 f
1149 5472 1285 5529 Gen.
1319 5492 1393 5541 IV,
1432 5477 1524 5533 26.

455 5533 530 5622 ἒξ
568 5533 731 5622 “⁰“Ἑ;
767 5539 942 5622 ξξῑνὲ·
1022 5541 1040 5572 ⁷
1069 5539 1208 5622 Gen-
1244 5559 1334 5599 ιιι
1360 5533 1470 5613 κᾶε
1504 5566 1595 5622 sa
1620 5569 1658 5618 τ.

456 5616 611 5670 srqq.
693 5607 730 5636 ”
765 5605 827 5659 Ν
859 5608 988 5677 Reg.
1037 5626 1098 5678 tt,
1135 5614 1224 5668 Η.

1605 5484 1623 5513 ³
1655 5482 1880 5566 Gaul},
1903 5485 1991 5540 24.
2071 5488 2094 5521 ⁸
2125 5487 2260 5566 Qun.
2298 5508 2374 5556 vr,
2418 5493 2482 5548 15
2515 5510 2670 5566 seqq.
2747 5497 2766 5527 '
2794 5495 2938 5551 Gen.
2981 5515 3057 5565 Ix,
3087 5500 3106 5554 Ι
3145 5515 3300 5566 seqq.

1735 5555 1754 5584 ⁸
1787 5555 1898 5609 ϐυτ]
1957 5573 2111 5624 xt‘ttz,
2147 5562 2180 5613 9.
2226 5579 2380 5632 seqq.

2351 4451 2507 4521 Ἠλίᾳ
2551 4453 2627 4520 δὲ,
2659 4453 2783 4506 οὔτε
2816 4453 3035 4527 πνεῦμα
3073 4457 3264 4526 βίαιον,
3298 4459 3422 4512 οὔτε
3458 4461 3730 4532 πῦρ,οὖτε

2143 4544 2494 4613 συσσεισμὸς,
2539 4544 2615 4608 ὼς
2657 4546 2755 4616 τῆς
2784 4548 3023 4618 ἱστορίας
3075 4549 3317 4612 ἀκούεις,
3364 4551 3482 4604 ἀλλ’
3521 4554 3554 4621 ἡ
3588 4550 3729 4623 αὖρα

2139 4651 2222 4697 τις
2245 4635 2399 4705 ὀλίγη
2425 4636 2525 4706 τὴν
2546 4635 2640 4690 τοῦ
2656 4637 2789 4690 Θεοῦ
2815 4641 3136 4712 παρουσίαν,
3163 4641 3462 4706 καὶταῦτα,
3482 4643 3543 4694 οὐ
3568 4643 3728 4712 φύσιν

2140 4727 2602 4802 ἐσκιαγρὰφησεν.
2639 4731 2797 4803 Ἠλίᾳ
2820 4733 2958 4797 τίνις
3006 4734 3064 4786 ὃν
3089 4735 3184 4786 καὶ
3220 4737 3372 4804 ἅρμα
3417 4735 3589 4805 πυρὸς
3637 4737 3728 4788 ἀν·-

2139 4821 2260 4888 άγει
2308 4822 2445 4892 πρὸς
2470 4823 2717 4894 οὐρανὸν,
2748 4823 2942 4894 δηλοῦν
2969 4823 3064 4879 τοῦ
3109 4826 3320 4879 δικαίου
3355 4826 3414 4879 τὸ
3449 4827 3586 4897 ὑπὲρ
3627 4826 3723 4880 ἀνι

2139 4913 2373 4984 θρωπον.
2408 4914 2607 4966 Μανωὲ
2639 4913 2695 4966 δὲ
2725 4913 2815 4967 τὸν
2845 4915 3035 4986 κριτὴν
3074 4917 3362 4988 πρότερον,
3398 4918 3492 4970 καὶ
3516 4917 3718 4988 Πέτρον

2137 5003 2225 5056 τὸν
2261 5003 2506 5074 μαθητὴν
2542 5004 2788 5076 ὕστερον,
2820 5007 2934 5072 πῶς
2978 5008 3039 5060 οὐ
3064 5007 3446 5076 τεθαύμακας;
3485 5009 3574 5061 τὸν
3619 5007 3718 5078 μὲν

2135 5094 2254 5147 οὐδὲ
2291 5094 2412 5164 ὄψιν
2460 5095 2694 5166 φέροντα
2743 5097 2834 5151 τοῦ
2873 5099 3267 5166 φαντασθέντος
3303 5100 3457 5166 Θεοῦ,
3491 5101 3584 5153 καὶ
3634 5101 3720 5155 διὰ

2133 5185 2310 5249 τοῦτο,
2356 5187 2787 5258 Ἀπίῖλώλαμεν,
2818 5186 2863 5244 ὦ
2908 5192 3103 5259 γῦναι,
3147 5190 3391 5259 λέγοντα,
3428 5191 3576 5245 Θεέν
3609 5192 3712 5244 ἐω-

2127 5278 2418 5346 ρίίκίίιμεν,
2464 5279 2538 5344 ὡς
2576 5281 2636 5333 ού
2682 5281 2935 5352 χωρητῆς
2992 5281 3156 5352 οὔσης
3209 5282 3540 5353 ἀνθρώποις,
3593 5285 3714 5336 οἱ.δέ

2134 5370 2430 5440 φαντασίας
2461 5373 2628 5437 θείας,
2665 5373 2736 5444 μὴ
2777 5374 2856 5426 ὅτι
2886 5391 2946 5442 γε
2987 5374 3218 5442 φύσεως·
3265 5376 3354 5429 τὸν
3390 5375 3445 5428 δὲ
3485 5377 3575 5429 καὶ
3623 5376 3715 5430 τὸν

3405 5502 3423 5531 ⁸
3450 5500 3588 5558 Gen.
3624 5515 3712 5562 xv,

2483 5567 2501 5596 θ
2534 5563 2669 5621 Gen.
2713 5581 2907 5624 xxvi".
2948 5563 3049 5623 1‘2.
3153 5573 3195 5602 ¹⁰
3222 5563 3286 5626 Ill
3341 5571 3475 5643 Reg.
3516 5571 3707 5634 XN,”
