4130 6408
542 376 636 440 171
1770 376 2154 442 EUTHYMII

521 504 805 577 sapientiae
843 502 1156 572 adjnmento
1199 510 1382 553 rerum
1423 493 1792 565 cognitionem
1824 506 2095 562 aucupan-
2128 490 2167 543 Α
2190 501 2302 563 τοῖς

525 610 625 665 tes,
657 613 721 653 ac
754 612 860 661 res,
892 612 1009 666 qua:
1033 592 1197 648 animi
1235 600 1440 645 tantum
1469 587 1822 657 intelligentia
1850 596 2098 653 conlpre-

523 691 858 753 henduntur,
908 703 1004 756 per
1032 697 1225 740 sensus
1259 693 1583 751 cognoscere
1607 678 1982 749 aggredimur;
2008 684 2102 729 aut

523 790 676 837 certe
708 795 811 836 non
854 780 971 835 sine
1007 777 1275 838 sensibus,
1311 774 1510 843 quibus
1552 771 1792 840 undique
1826 768 2097 837 iactamur

524 881 578 927 et
612 874 664 927 ln
699 885 938 927 errorem
992 868 1381 939 pcrtrahimnr,
1415 878 1515 919 nec
1556 864 1699 917 nuda
1751 870 1931 915 mente
1972 874 2096 914 cum

523 962 682 1017 undis
706 963 864 1015 rebus
888 958 1118 1021 versari,
1146 967 1307 1025 atque
1340 955 1464 1009 inde
1480 954 1547 1007 ad
1573 955 1857 1007 veritatem
1879 949 2098 1019 propius

522 1052 801 1118 accedere,
828 1051 1097 1118 rebusque
1123 1047 1391 1119 perceptis
1420 1059 1484 1099 ac
1510 1042 1918 1113 comprehensis
1950 1056 2099 1095 men-

522 1156 629 1201 tem
664 1143 960 1200 informare
1000 1155 1308 1213 possumus.
1342 1139 1478 1193 'l‘um
1509 1152 1639 1192 vero
1666 1134 1965 1204 disputatio
2012 1146 2099 1197 ea,

522 1253 641 1308 qua:
675 1239 741 1293 de
779 1236 887 1291 Deo
937 1233 1257 1303 suscipitur,
1290 1245 1400 1301 quo
1440 1227 1762 1298 perfectior,
1789 1240 1854 1279 eo
1882 1236 2099 1295 quoque

522 1329 790 1384 dillicilior
826 1336 929 1391 est,
965 1325 1316 1397 pluribusque
1363 1317 1813 1391 obiectationibus
1848 1322 2014 1386 patet,
2045 1313 2099 1367 in

521 1422 695 1491 iisque
728 1418 996 1475 diluendis
1018 1433 1082 1472 ac
1105 1414 1463 1472 dissolvendis
1478 1412 1601 1483 plus
1631 1410 1827 1480 negotii
1854 1406 2097 1463 facessit.

520 1513 665 1570 Nihil
692 1512 837 1567 enim
858 1520 966 1566 tant
987 1510 1120 1565 levis
1140 1507 1428 1579 exiguique
1457 1503 1709 1575 ponderis
1734 1501 1888 1557 nobis
1913 1500 2103 1554 adver-

521 1605 628 1659 sari
656 1612 851 1674 potest,
876 1601 1134 1671 quodnon
1147 1596 1526 1668 disputationis
1544 1608 1762 1649 cursum
1799 1593 2084 1646 interrum-

533 1705 627 1767 pat
688 1708 850 1765 atque
959 1692 1315 1761 comprimat,
1377 1687 1747 1757 impediatque
1805 1683 2099 1754 quominus

522 1772 661 1844 ultra
713 1784 1142 1856 progrediamur.
1194 1779 1654 1850 Quemadmodum
1686 1776 1776 1846 qui
1828 1788 1996 1844 equos
2030 1773 2099 1825 ad

522 1893 739 1934 cursum
792 1877 1043 1931 incitatos
1089 1882 1308 1942 repente
1350 1871 1502 1925 freno
1550 1867 1950 1930 rctrabunt,ac
2008 1879 2104 1932 pcr

525 1968 864 2040 inopinatam
888 1977 942 2022 et
982 1964 1318 2036 repentinam
1371 1962 1744 2018 excussionem
1804 1966 2100 2012 retrorsum

524 2024 712 2134 agu'nt.
767 2058 864 2116 Sic
911 2024 1165 2114 nimirum
1220 2055 1499 2120 Salomon,
1534 2054 1624 2123 qui
1673 2052 1942 2114 omnibus,
1977 2061 2099 2103 cum
2128 2024 2170 2076 Β

523 2168 662 2217 suae,
697 2160 810 2206 tum
843 2150 1141 2220 superioris
1168 2148 1441 2202 memoriae
1477 2144 1784 2199 hominibus
1821 2138 2101 2210 sapientia:

526 2247 684 2300 laude
730 2243 981 2315 prmstitit
1016 2251 1062 2308 ι,
1112 2250 1168 2296 et
1218 2240 1400 2295 cordis
1438 2235 1774 2293 latitudinem
1818 2232 1910 2288 Dei
1941 2232 2102 2286 bene-

525 2338 647 2392 ficio
935 2333 1185 2404 accepit,
1248 2347 1313 2386 ac
1378 2339 1579 2384 tantum
1630 2323 2104 2395 contemplationis

523 2430 732 2501 copiam
759 2436 813 2483 et
845 2429 1150 2484 ubertatem
1186 2433 1236 2488 ι,
1267 2433 1324 2479 ιιι
1354 2438 1531 2478 arenae
1562 2434 1845 2477 numerum
1871 2416 2105 2472 excede-

523 2533 628 2587 ret,
667 2536 775 2592 quo
818 2520 982 2575 altius
1031 2519 1084 2573 in
1133 2519 1233 2572 bas
1263 2514 1660 2585 profunditales
1696 2516 1964 2580 penetrat,
1998 2508 2101 2561 hoc

528 2611 701 2680 magis
728 2618 943 2673 :cstuat,
977 2623 1041 2662 ac
1069 2609 1227 2662 linem
1260 2603 1545 2675 quemdam
1575 2600 1851 2669 sapientia:
1893 2596 2095 2652 consti-

529 2703 651 2765 luit,
689 2700 941 2753 nimirum
992 2698 1135 2767 quod
1187 2694 1504 2756 invenisset,
1563 2698 1823 2760 quantum
1868 2703 1932 2744 ea
1975 2702 2003 2741 a
2040 2701 2101 2742 se

530 2792 741 2862 fugeret
783 2792 825 2843 ³.
856 2788 1139 2844 Consimili
1190 2800 1408 2857 quoque
1442 2783 1602 2838 modo
1631 2781 1849 2845 Paulus,
1884 2794 1991 2835 non
2019 2779 2099 2833 di-

528 2900 648 2937 cam
679 2882 772 2936 Dci
803 2890 1076 2943 naturam,
1107 2881 1208 2934 hoc
1233 2879 1376 2932 enim
1403 2890 1624 2946 prorsus
1642 2889 1802 2943 supra
1834 2872 2101 2926 humanas

529 2978 673 3031 vires
697 2990 816 3030 esse
846 2983 1189 3045 perspectum
1215 2970 1469 3036 habebat,
1510 2968 1601 3023 sed
1634 2965 1725 3021 Dei
1759 2964 1933 3021 solum
1956 2962 2100 3031 judi-

529 3069 611 3122 cia
643 3066 948 3137 cognitione
984 3064 1196 3135 assequi
1221 3071 1468 3117 conatur.
1497 3059 1760 3127 Quoniam
1790 3066 1970 3111 autem
2003 3068 2101 3108 nec

528 3159 734 3214 exitum
768 3157 957 3221 ullum,
990 3170 1089 3211 nec
1125 3169 1234 3225 quo
1265 3166 1547 3209 ascensum
1576 3151 1737 3221 ligere
1765 3164 1827 3203 ac
1858 3146 2105 3204 stabilire

2193 375 2538 437 ZIGABENI
3112 372 3115 375 ’
3685 372 3789 433 172

2474 496 2906 570 πρσσὸάλλοντες
2938 496 3076 567 μετά
3105 495 3213 550 τῶν
3258 496 3582 567 αἰσθήσεωψ
3610 498 3642 569 ἢ
3682 500 3780 552 οὐκ

2191 590 2320 644 ἄνευ
2358 587 2689 658 αἰσθήσεων,
2743 587 2832 656 ὑφ’
2866 581 2942 640 ὧν
2980 585 3388 658 περιφερόμεθα
3421 587 3516 641 καὶ
3568 586 3782 640 πλανώ-

2192 681 2353 751 μεθα,
2406 682 2502 734 καὶ
2547 680 2648 733 οὐκ
2690 678 2888 749 ἔχομεν
2917 677 3107 749 γυμνῷ
3153 678 3233 749 τῷ
3263 678 3343 731 νοῒ
3387 680 3615 749 γυμνοῖς
3669 680 3783 742 τοῖς

2189 772 2511 843 πράγμασιν
2562 770 3010 840 ἐντυγχάνοντες,
3051 770 3253 841 μᾶλλόν
3283 788 3338 823 τι
3379 770 3661 841 προσιέναι
3709 774 3777 841 τῇ

2188 864 2438 934 ἀληθεία,
2467 865 2562 917 καὶ
2594 864 2686 917 τὸν
2724 862 2850 915 νοῦν
2889 862 3191 916 τυποῦσθαι
3222 865 3343 926 ταῖς
3395 862 3781 931 καταλήψεσιν.

2199 954 2259 1007 ὐ
2280 954 2337 1007 δὲ
2367 956 2494 1025 περὶ
2518 953 2654 1007 Θεοῦ
2681 954 2860 1021 λόγος,
2886 953 2997 1023 ὅσῳ
3022 953 3371 1024 τελεώτερος.
3396 954 3636 1025 τοσούτῳ
3657 953 3786 1025 δυσ-

2190 1022 2557 1116 εφικτότερος,
2608 1045 2704 1099 καὶ
2757 1022 2979 1107 πλείους
3034 1044 3133 1108 τὰς
3166 1022 3486 1116 ἀντιλήψεις
3526 1022 3663 1114 ἔχων
3692 1022 3786 1097 διαὶ

2187 1135 2290 1198 τὰς
2335 1134 2517 1198 λύσεις
2554 1135 2986 1208 ὲργωδεστέρας.
3019 1136 3138 1188 Πᾶν
3158 1136 3268 1207 γὰρ
3296 1136 3356 1189 τὸ
3407 1135 3803 1206 ἐνιστάμενον(

2190 1226 2297 1281 κᾶν
2342 1226 2681 1299 βραχύτατον
2704 1225 2762 1301 ᾖ,
2799 1228 2891 1281 τὸν
2912 1226 3009 1280 τοῦ
3053 1227 3214 1296 λόγου
3235 1229 3436 1300 δρόμον
3464 1228 3659 1299 ἐπέσχε
3689 1227 3784 1280 καὶ

2191 1319 2510 1383 διεκώλυσε,
2545 1320 2643 1373 καὶ
2692 1321 2792 1391 τὴν
2822 1321 2903 1384 εἰς
2949 1319 3011 1372 τὸ
3065 1320 3255 1391 πρόσω
3296 1320 3472 1391 φορὰν
3512 1318 3782 1389 διέκοψενε

2188 1409 2380 1482 ὥσπερ
2410 1411 2460 1463 οἱ
2486 1411 2614 1475 τοὺς
2660 1411 2861 1476 ἵππους
2891 1414 3004 1476 τοῖς
3052 1412 3312 1483 ῥυτῆρσιν
3358 1411 3569 1483 ἁθρόως
3596 1410 3785 1482 μεθέλ-

2190 1520 2391 1567 κοντες
2442 1503 2797 1574 φερομένους,
2840 1504 2934 1558 καὶ
2979 1504 3059 1574 τῷ
3108 1501 3356 1575 ἀδοκήτῳ
3394 1502 3488 1556 τοῦ
3516 1503 3781 1575 τιναγμοῦ

2191 1595 2638 1667 περιτρέποντες.
2667 1594 2825 1648 Οὕτω
2854 1594 3110 1667 Σολομὼν
3146 1596 3247 1666 μὲν
3280 1591 3310 1648 ὑ
3488 1594 3783 1666 σοφισάμε-

2190 1706 2281 1752 νος
2304 1685 2563 1753 περισσά,
2602 1687 2742 1758 ὑπὲρ
2769 1687 2983 1751 πάντας
3049 1686 3179 1751 τοὺς
3206 1685 3535 1757 γενομένους
3573 1686 3782 1758 ἔμπρο-

2194 1778 2341 1844 σθεν,
2364 1778 2457 1832 καὶ
2480 1777 2600 1857 καθ’
2625 1778 2839 1841 ἑαυτὸν,
2864 1771 2909 1846 ᾧ
2930 1778 2991 1832 τὸ
3020 1778 3120 1849 τῆς
3143 1777 3369 1849 καρδίας
3386 1776 3585 1841 πλάτος
3612 1777 3783 1848 δῶρον

2193 1868 2353 1932 Θεοῦ,
2386 1868 2479 1921 καὶ
2502 1870 2535 1937 ἡ
2568 1867 2799 1939 ψάμμου
2827 1868 3190 1940 δαψιλεστέρα
3215 1868 3372 1939 χύσις
3401 1868 3501 1939 τῆς
3525 1866 3780 1941 θεωρίας,

2199 1966 2313 2036 ὅσῳ
2353 1963 2516 2018 πλέον
2550 1962 2844 2035 ἐμϐατεύει
2898 1966 3010 2027 τοῖς
3069 1963 3281 2034 βάθεσι,
3323 1962 3563 2034 τοσούτῳ
3618 1962 3783 2017 πλέον

2199 2061 2421 2132 ἱλιγγιᾷ,
2473 2061 2567 2115 καὶ
2602 2057 2753 2122 τέλος
2784 2075 2836 2110 τι
2872 2059 3110 2110 ποιεῖται
3187 2057 3379 2125 σοφίας
3426 2060 3605 2131 εὑρεῖν
3658 2058 3781 2112 ὅσον

2196 2151 2450 2221 διέφυγεν
2475 2170 2490 2187 ο
2684 2149 2897 2213 Παῦλος
2953 2148 3011 2202 δὲ
3060 2153 3315 2222 πειρᾶται
3351 2148 3447 2221 μὲν
3474 2149 3778 2220 ἐφικέσθαι,

2197 2246 2351 2298 οὔπω
2409 2244 2553 2312 λέγω
2599 2245 2697 2314 τῆς
2737 2241 2832 2296 τοῦ
2863 2240 2999 2295 Θεοῦ
3038 2241 3274 2311 φύσεως,
3316 2241 3475 2295 τοῦτο
3502 2241 3610 2313 γάρ
3664 2240 3782 2312 ᾔδει

2199 2335 2479 2399 παντελῶς
2529 2335 2791 2391 ἀδύνατον
2831 2332 2914 2400 ὃν,
2957 2332 3096 2387 ἀλλά
3153 2333 3314 2402 μόνον
3365 2331 3475 2387 τῶν
3506 2332 3601 2385 τοῦ
3648 2331 3786 2385 Θεοῦ

2200 2428 2506 2501 χριμάτων.
2544 2426 2700 2480 Ἐπεὶ
2724 2425 2782 2480 δὲ
2803 2426 2902 2496 οὐχ
2938 2425 3180 2496 εὑρίσκει
3212 2424 3465 2492 διέξοδον,
3516 2424 3636 2477 οὐδὲ
3661 2423 3789 2478 στά-

2203 2535 2289 2572 σιν
2310 2517 2410 2587 τῆς
2449 2516 2790 2581 ἀναϐάσεως,
2826 2515 2946 2568 οὐδὲ
2974 2513 3056 2578 εἷς
3084 2532 3138 2569 τι
3324 2515 3556 2586 φανερὸν
3598 2514 3790 2567 τελευ-

2203 2611 2277 2681 τᾷ
2312 2610 2488 2681 πέρας
2527 2609 2562 2679 ἡ
2590 2606 3092 2678 πολυπραγμοσύνη
3112 2607 3210 2677 τῆς
3236 2607 3493 2673 διανοὶας,
3518 2605 3604 2659 ἀεὶ
3643 2622 3793 2669 τινος

2204 2703 2643 2774 ὑποφαινομένου
2674 2702 2769 2756 τοῦ
2822 2702 3120 2764 λείποντοςο
3149 2700 3195 2753 ὣ
3242 2700 3336 2753 τοῦ
3361 2699 3636 2771 θαύματος
3679 2698 3792 2770 (ἵνα

2204 2795 2300 2848 καὶ
2348 2794 2510 2857 αὐτὸς
2543 2792 2701 2847 πάθω
2722 2794 2784 2845 τὸ
2831 2792 2994 2862 l’cov)!
3031 2790 3297 2862 ὲμπλήξει
3322 2791 3655 2863 περιγράφει
3698 2788 3794 2843 τὸν

2206 2884 2383 2952 λόγον,
2415 2883 2510 2937 καὶ
2536 2883 2761 2937 πλοῦτον
2789 2882 2947 2947 θεοῦ,
2978 2884 3073 2935 καὶ
3106 2881 3268 2953 βάθος
3285 2883 3350 2935 τὸ
3379 2883 3586 2936 τοιοῦτο
3615 2883 3791 2946 καλεῖ,

2207 2978 2300 3029 καὶ
2328 2975 2582 3047 ὁμολογεῖ
2606 2975 2716 3028 τῶν
2734 2973 2832 3028 τοῦ
2847 2973 2983 3029 Θεοῦ
3003 2976 3287 3049 χριμάτων
3308 2974 3370 3028 τὸ
3385 2973 3793 3047 ἀκατάληπτον,

2211 3067 2496 3137 μονονουχὶ
2525 3066 2593 3119 τὰ
2618 3064 2758 3119 αὐτὰ
2794 3065 2874 3135 τῷ
2899 3065 3064 3119 Δασὶδ
3095 3066 3488 3138 φθεγγόμενος,
3516 3067 3645 3119 ποτὲ
3695 3066 3795 3137 μὲν

2207 3155 2446 3210 ἄϐυσσον
2477 3155 2677 3227 πολλὴν
2700 3154 3022 3226 ὀνομάζοντι
3052 3157 3123 3211 τά
3143 3156 3241 3210 τοῦ
3260 3156 3395 3211 Θεοῦ
3440 3157 3701 3227 κρίματα,
3725 3153 3797 3229 ἧς

529 3259 735 3320 posset,
773 3248 1102 3318 reperiebat,
1145 3261 1244 3300 nec
1286 3243 1573 3316 perspicuo
1606 3241 1715 3297 ullo
1755 3240 1862 3295 line
1885 3237 2101 3293 curiosa

2208 3246 2308 3300 οὐκ
2336 3244 2449 3299 ἔστι
2475 3244 2574 3316 τὴν
2602 3244 2766 3315 ἕδραν
2790 3244 2824 3314 ἢ
2857 3243 3044 3316 μέτρῳ
3075 3243 3109 3313 ἢ
3147 3242 3398 3315 αἰσθήσει
3424 3243 3631 3308 λαϐεῖν,
3663 3244 3795 3297 ποτέ

532 3341 704 3409 ipsius
732 3340 896 3395 animi
921 3338 1281 3409 perscrutatio
1329 3335 1703 3401 claudebatur,
1735 3331 1879 3402 quod
1912 3329 2105 3385 videli-

532 3441 624 3487 cet
650 3430 878 3487 subinde
906 3444 1123 3500 semper
1148 3426 1351 3496 aliquid
1380 3424 1572 3496 reliqui
1594 3439 1715 3481 esse
1742 3424 2101 3494 perspiceret:

536 3537 569 3578 ο
594 3537 709 3579 rem
735 3522 929 3581 miram
952 3535 1016 3576 ac
1044 3519 1390 3590 stupendum!
1432 3516 1646 3588 (utipse
1674 3531 1887 3586 quoque
1916 3513 2105 3569 eodem

540 3613 734 3671 affectu
786 3612 1155 3681 comntovcar)
1230 3609 1532 3665 orationem
1593 3607 1949 3663 admiratione
2000 3607 2109 3662 cir-

2209 3337 2266 3390 δὲ
2310 3333 2806 3406 τεθαυμαστῶσθαι
2864 3333 2961 3405 τὴν
3032 3334 3235 3402 γνῶσιν
3284 3333 3346 3399 ἐξ
3411 3333 3643 3397 ἑαυτοῦ,
3700 3334 3798 3387 καὶ

2210 3427 2311 3499 τῆς
2375 3427 2570 3482 ἑαυτοῦ
2629 3425 2945 3490 συστάσεως
3004 3426 3013 3437 '
3116 3498 3121 3501 τ
3178 3425 3411 3495 λέγοντι,
3454 3423 3799 3497 κεκραταιῶ-

2214 3520 2340 3576 σθαι
2371 3538 2431 3575 τε
2485 3519 2645 3574 πλέον
2692 3518 2726 3591 ἦ
2761 3519 2904 3574 κατὰ
2916 3518 3017 3589 τὴν
3046 3518 3240 3572 ἑαυτοῦ
3265 3517 3606 3587 δύναμιννκαὶ
3630 3516 3790 3587 περί-

2212 3612 2417 3684 δραξιν.

540 3666 878 3765 cumscribit,
926 3698 1085 3770 idque
1112 3666 1206 3756 fici
1233 3715 1364 3769 opes
1392 3716 1456 3756 ac
1492 3702 1816 3772 profundum
1843 3699 2165 3770 appellat,ae
2198 3666 2295 3753 Dei
2326 3666 2545 3766 uindicia
2580 3666 2782 3749 nullius
2830 3689 3046 3762 ingenio
3087 3687 3291 3759 percipi
3324 3695 3379 3742 et
3413 3682 3798 3753 comprehendi

540 3806 700 3862 posse
759 3792 990 3862 ingenue
1051 3791 1248 3848 fatetur
1287 3795 1333 3860 ⁵,
1396 3794 1587 3851 iisdem
1646 3794 2030 3865 propemodum
2060 3792 2242 3848 verbis
2266 3804 2390 3846 cum
2422 3785 2624 3841 Davide
2649 3793 2827 3849 utens,
2850 3781 2941 3851 qui
2966 3794 3109 3835 nunc
3161 3778 3362 3847 indicia
3418 3776 3513 3831 Dei
3543 3774 3799 3844 abyssum

534 3893 760 3948 multam
801 3902 958 3949 vocat
992 3895 1038 3959 ⁸,
1070 3892 1227 3962 cuius
1255 3891 1502 3957 fundum,
1540 3904 1641 3947 nec
1695 3903 1972 3953 mensura,
2015 3900 2118 3942 nec
2161 3901 2323 3942 sensu
2351 3884 2471 3954 capi
2498 3890 2697 3953 queat;
2729 3892 2876 3934 nunc
2912 3874 3210 3932 mirabilem
3236 3872 3433 3927 factam
3460 3882 3599 3962 esse
3618 3866 3802 3921 scien-

536 3981 662 4037 tiam
715 3996 782 4039 ex
829 3958 1029 4053 seipse
1063 3958 1258 4053 suique
1303 3983 1473 4053 ipsius
1528 3983 1916 4038 constitutione
1950 3978 2265 4051 pronuntiat
2304 3983 2347 4040 ⁸,
2390 3984 2557 4046 atque
2586 3974 2723 4030 adeo
2761 3969 3063 4038 robustam,
3098 3977 3159 4022 ut
3187 3963 3395 4022 virlbus
3428 3958 3634 4018 nostris
3674 3970 3799 4014 eam

534 4086 729 4143 capere
760 4081 817 4129 et
848 4074 1131 4145 complecti
1164 4087 1513 4142 nequeamus.

827 4163 900 4219 Ut
943 4164 1088 4219 enim
1126 4166 1293 4220 missa
1323 4164 1426 4219 alia
1466 4164 1697 4231 faciens,
1751 4164 1947 4235 inquit,
1999 4175 2115 4217 me-

537 4254 718 4324 ipsum
746 4267 1069 4324 omnemque
1108 4254 1399 4310 humanam
1450 4265 1697 4311 naturam
1719 4264 1777 4311 et
1798 4268 2113 4325 compagem

537 4342 772 4410 intuear,
802 4358 923 4414 Quae
968 4345 1083 4401 haec
1118 4346 1303 4401 mistio
1340 4355 1522 4402 nostra
1556 4347 1679 4401 est?
1727 4346 1859 4414 Quis
1896 4345 2116 4401 motus?
2156 4368 2161 4373 ·

537 4435 821 4503 Quomodo
844 4436 896 4490 id
914 4437 1058 4507 quod
1089 4437 1394 4493 immortale
1421 4447 1525 4504 est,
1556 4452 1676 4494 cum
1705 4437 1917 4493 mortali
1949 4452 2115 4506 copu-

533 4527 704 4582 latum
734 4526 857 4583 est?
889 4526 1172 4595 Quomodo
1210 4528 1462 4584 deorsum
1492 4527 1621 4596 uno,
1666 4538 1725 4583 et
1768 4543 1981 4583 sursum
2034 4526 2114 4582 fe-

2444 4134 2712 4227 Ἴνα”γάρ
2768 4152 2936 4209 τᾶλλα
2979 4151 3167 4213 ἐάσας,
3190 4146 3345 4218 φησι,
3378 4143 3517 4215 πρὸς
3563 4139 3800 4213 ἐμαυτὸν

2218 4250 2419 4326 βλέψω,
2447 4249 2541 4305 καὶ
2584 4248 2766 4302 πᾶσαν
2808 4246 2907 4317 τὴν
2944 4240 3292 4316 ἀνθρωπίνην
3344 4235 3506 4308 φύσιν
3532 4234 3626 4289 καὶ
3662 4230 3800 4326 adp:

2217 4320 2382 4416 πηξιν
2405 4380 2425 4411 ,
2563 4338 2650 4404 τίς
2681 4340 2715 4411 ἡ
2748 4335 2895 4410 μίξις
2915 4331 3222 4408 ἡμῶν;Τίς
3253 4331 3288 4403 ὴ
3314 4330 3564 4401 κίνησιςς
3595 4326 3718 4387 Πῶς
3737 4320 3802 4416 το

2216 4410 2485 4488 ἀθάνατον
2510 4429 2592 4501 τῷ
2618 4410 2802 4500 θνητῷ
2825 4424 3173 4498 συνεκράθης
3206 4420 3331 4486 Πῶς
3358 4418 3511 4474 κάτω
3542 4417 3671 4489 ρέω,
3704 4410 3798 4467 καὶ

2216 4528 2329 4581 ἄνω
2376 4525 2650 4596 φέρομαι;
2706 4521 2834 4585 Πῶς
2861 4520 3011 4591 ψυχὴ
3091 4515 3484 4590 περιφέρεται;
3684 4505 3802 4569 πῶς

536 4618 664 4674 ror?
706 4618 991 4686 Quomodo
1030 4619 1211 4673 anima
1310 4615 1744 4676 circumfertur?
1830 4618 2108 4688 Quomodo

2217 4616 2362 4688 ζωὴν
2389 4614 2595 4677 δίδωσι,
2628 4614 2726 4667 καὶ
2761 4611 2970 4674 πάθους
3000 4605 3445 4680 μεταλαμϐάνει;
3475 4600 3601 4664 Πῶς
3629 4600 3658 4651 ὁ
3678 4596 3801 4688 νοῦς

535 4704 703 4760 vitam
754 4705 1086 4775 impertitur,
1129 4715 1185 4762 et
1214 4705 1507 4763 affectuum
1534 4709 1596 4764 lit
1636 4708 1946 4779 particeps?
1971 4707 2118 4774 Quo-

538 4793 700 4858 modo
743 4809 897 4851 mens
946 4795 1109 4849 simul
1137 4807 1210 4850 .et
1259 4798 1677 4867 circumscripta
1728 4807 1913 4864 est,ct
1956 4797 2118 4852 nullis

540 4883 788 4941 terminis
827 4885 1056 4951 inclusa,
1088 4887 1142 4940 in
1188 4888 1344 4943 nobis
1387 4897 1588 4953 manet,
1622 4895 1677 4943 et
1707 4897 1886 4945 metus
1920 4887 2114 4944 attxioo

542 4974 737 5045 nisque
766 4975 1046 5032 celeritate
1093 4979 1276 5034 omnia
1311 4978 1636 5048 perlustrat?
1685 4978 1965 5047 Quomodo
2004 4995 2120 5036 ser-

538 5067 722 5123 monis
750 5082 915 5139 opera
963 5071 1259 5141 percipitur
1285 5071 1544 5136 vicissim,
1575 5082 1632 5128 et
1656 5071 2115 5138 communicatur,

538 5173 608 5213 ac
639 5173 738 5229 per
761 5173 939 5216 aerem
971 5171 1275 5233 grassatur,
1308 5172 1363 5217 et
1397 5177 1522 5217 cum
1573 5162 1735 5219 rebus
1770 5163 1903 5232 ipsis
1935 5162 2115 5232 ingre-

542 5252 1026 5320 dituriQuomodo
1073 5269 1196 5310 cum
1251 5253 1504 5311 sensibus
1538 5257 1989 5312 consuetudinem
2021 5258 2120 5311 ba-

540 5343 652 5409 bet,
699 5358 765 5399 ac
808 5360 997 5402 rursus
1047 5347 1273 5402 seorsim
1327 5361 1357 5401 a
1404 5347 1657 5404 sensibus
1700 5363 1823 5405 sese
1880 5349 2119 5421 colligit?

541 5435 737 5507 Atque,
788 5446 847 5490 ut
871 5451 991 5506 qua:
1024 5436 1212 5508 priora
1251 5448 1377 5492 sunt
1437 5438 1636 5507 dicam,
1664 5455 1781 5509 quae
1809 5441 1980 5510 prima
2019 5456 2117 5496 no-

543 5526 639 5580 stri
672 5526 869 5583 emetio
902 5536 957 5583 et
1001 5528 1321 5584 constitutio
1368 5530 1422 5584 in
1477 5541 1685 5587 naturae
1711 5531 1957 5587 ofﬁcina?
1991 5534 2120 5600 Quae

543 5614 705 5670 ctiam
738 5626 1013 5686 postrema
1070 5618 1323 5675 formatio
1375 5635 1438 5678 ac
1490 5622 1792 5692 perfectio?
1832 5624 1963 5691 Quae
2012 5624 2118 5680 cibi

601 5773 617 5846 ξ
660 5773 725 5846 Ill
758 5776 891 5846 Reg.
928 5781 1131 5840 ιυριε.

528 5842 552 5872 .
581 5776 725 5872 ιέηἱν
758 5776 1008 5872 ’Ξεὲεηξξξς
1029 5781 1131 5872 1.2-
1242 5782 1265 5814 ’
1296 5780 1342 5838 ιι
1384 5776 1509 5837 Par-
1543 5792 1584 5851 ι,
1623 5783 1706 5839 te.

581 5840 726 5899 Psal.
768 5840 1028 5915 cxixvut,
1049 5852 1099 5905 6.

1820 5784 1842 5817 ³
1885 5784 2067 5841 Eccle.
2100 5799 2194 5849 vrt,
2227 5784 2334 5849 24;
2373 5798 2499 5850 vm,
2540 5782 2623 5836 l7.

2215 4685 2715 4777 xui—respwpamb;
2744 4702 2839 4756 καὶ
2858 4701 3111 4772 ἀόριστος
3128 4740 3145 4765 ,
3274 4697 3332 4749 ὲν
3346 4695 3477 4766 ἡμῖν
3497 4691 3691 4763 μένων,
3710 4685 3800 4742 καὶ

2218 4801 2395 4856 πάντα
2415 4799 2690 4872 ἐφοδεύων
2728 4798 2882 4868 τάχει
2910 4797 3084 4868 φορᾶς
3113 4794 3204 4848 καὶ
3233 4790 3469 4864 ρεύσεως
3498 4807 3515 4856 ;
3677 4780 3803 4844 Πῶς

2221 4891 2703 4964 μεταλαμϐάνεται
2731 4887 2876 4960 λόγῳ
2905 4889 3000 4942 καὶ
3030 4883 3396 4957 μεταδίδοται,
3426 4878 3521 4931 καὶ
3547 4875 3614 4928 δι’
3643 4874 3804 4964 ἀέρος

2217 4963 2405 5057 χωρεῖ,
2442 4963 2553 5036 ίκαὶ
2601 4980 2742 5052 μετὰ
2767 4981 2879 5036 τῶν
2910 4979 3255 5052 πραγμάτων
3289 4971 3631 5043 εἰσέρχεταις

2217 5054 2469 5146 αἰσθήσει
2516 5074 2781 5138 κοινωνεῖ,
2814 5073 2911 5129 καὶ
2940 5068 3292 5126 συστέλλεται
3334 5063 3443 5119 ἀπὸ
3470 5060 3578 5116 τῶν
3609 5054 3807 5125 αἰσθή-

2219 5183 2389 5232 σεων;
2430 5148 2554 5219 ’Καὶ
2604 5165 2685 5221 ἔτι
2733 5166 2841 5239 πρὸ
2890 5164 3117 5228 τούτων,
3155 5160 3239 5225 τίς
3287 5160 3321 5230 ἡ
3365 5154 3555 5229 πρώτη
3612 5148 3809 5211 πλάσις

2217 5258 2396 5331 ἡμῶν,
2451 5258 2546 5314 καὶ
2596 5258 2854 5322 σύστασις
2912 5257 2973 5310 ὲν
3024 5253 3102 5325 τῷ
3137 5253 3239 5322 τῆς
3293 5249 3508 5319 φύσεως
3539 5247 3810 5315 ἐργαστη-

2223 5351 2323 5422 ρίῳ
2347 5373 2362 5424 ;
2533 5351 2645 5406 Καὶ
2673 5350 2758 5415 τις
2783 5351 2816 5421 ἡ
2841 5347 3123 5402 τελευταία
3162 5345 3441 5417 μόρφωσις
3470 5338 3566 5394 καὶ
3590 5334 3810 5424 τελείω-

2223 5460 2308 5508 σις
2330 5422 2355 5509 ;V
2373 5442 2468 5508 Τίς
2512 5445 2546 5514 ἡ
2580 5444 2677 5515 τῆς
2708 5442 2919 5515 τροφῆς
2939 5439 3125 5510 ἔφεσις
3154 5438 3248 5493 καὶ
3280 5436 3547 5497 διάδοσις;
3578 5429 3688 5483 Καὶ
3721 5422 3808 5487 τίς

2223 5538 2430 5608 ἤγαγεν
2457 5537 2551 5591 ἐπὶ
2571 5535 2671 5601 τὰς
2701 5532 2920 5606 πρώτας
2948 5530 3130 5604 πηγὰς
3154 5572 3172 5599 ,
3218 5572 3221 5575 η
3308 5521 3505 5581 καὶτοῦ
3524 5519 3810 5591 ζῇνάφορ-

2226 5630 2333 5699 μάς
2350 5626 2845 5701 αύτομάτως;ῐΙῶς
2876 5624 3066 5687 σιτίοις
3097 5622 3196 5692 μὲν
3220 5616 3556 5689 σῶμα,λόγῳ
3583 5612 3641 5665 δὲ
3660 5608 3809 5681 ψυχὴ

2732 5780 2754 5813 ⁸
2784 5778 2945 5837 Rom.
2981 5794 3059 5851 at,
3095 5778 3185 5839 55.
3298 5775 3320 5809 ³
3346 5775 3491 5833 Psal.
3525 5787 3692 5840 xxxv,
3728 5771 3787 5825 7.
