4130 6436
432 454 527 517 ῙΤ3

445 558 739 628 τρέφεταις

1417 456 1797 519 PANOPLIA
1841 459 2305 521 DOGMATICA.
2338 485 2404 495 ⁸-
2435 458 2583 521 ΤΙΤ.
2626 457 2724 519 IV.

786 560 888 624 Ti;
920 561 953 631 ἡ
997 561 1097 633 τῆς
1129 562 1345 632 φύσεως
1383 562 1537 634 ὁλκὴ,
1572 562 2027 635 mmmam-1n

2127 563 2379 632 appetitio
2412 578 2477 617 ae
2508 564 2855 619 distributio?
2881 563 3009 631 Quis
3035 580 3136 620 nos
3164 574 3352 634 sponte
3393 568 3459 621 all
3495 570 3696 636 primus

3605 446 3703 514 l‘il

446 649 636 719 σχέσις
690 653 812 714 τοῖς
852 653 1088 718 γεννῶσι
1129 654 1220 706 καὶ
1265 656 1378 717 τοῖς
1424 654 1803 724 γεννωμένοις,
1837 655 1922 708 ἵνα
1967 654 2027 724 τιξ

2127 654 2241 708 illos
2273 654 2447 709 fomes
2473 669 2537 709 ac
2564 656 2685 710 vita:
2717 670 2914 711 causas
2958 657 3148 709 duxit?
3174 658 3453 724 Quomodo
3494 676 3693 729 corpus

447 745 653 814 φίλτρῳ
685 745 1015 815 συνέχηται;
1066 746 1187 809 Πῶς
1222 748 1489 817 ἑστηκότα
1541 764 1599 799 τε
1658 746 1728 799 τὰ
1760 748 1893 817 εἴδη,
1954 747 2042 801 καὶ

444 836 557 898 τοῖς
584 835 941 907 χαρακτῆρσι
978 836 1322 906 διεστηκότα,
1356 832 1431 893 ὧν
1464 838 1734 892 τοσούτων
1761 839 1952 903 ὄντων,
1987 840 2042 890 αἱ

446 928 713 998 ἰδιότητες
742 928 1066 997 ἀνέφικτοι;
1102 929 1227 993 Πῶς
1259 930 1321 983 τὸ
1372 930 1504 984 αὐτὸ
1549 931 1688 991 ζῶον
1722 930 1916 1000 θνητὸν
1949 930 2043 983 καὶ

442 1018 738 1082 ἀθάνατον,
773 1019 834 1072 τὸ
868 1020 968 1089 μὲν
1000 1023 1067 1091 τῇ
1095 1022 1462 1091 μεταστάσει,
1632 1021 1695 1075 τὸ
1729 1022 1785 1074 δὲ
1822 1025 1888 1092 τῇ
1921 1038 2043 1090 γεν-

442 1114 630 1182 vigeat;
656 1111 731 1164 Τὸ
756 1112 856 1183 μὲν
872 1112 983 1183 γὰρ
1003 1111 1292 1182 ὑπεξῆλθε,
1309 1113 1370 1167 τὺ
1390 1114 1445 1167 δὲ
1464 1113 1833 1187 ἀντεισῆλθεν,
1853 1112 2042 1183 ὥσπερ

442 1204 501 1255 ἐν
530 1204 680 1274 ὁλκῷ
709 1203 959 1275 ποταμοῦ
1018 1203 1092 1275 μὴ
1120 1204 1353 1268 ἑστῶτος
1392 1206 1485 1258 καὶ
1526 1204 1797 1276 μένοντος.
1864 1203 2041 1258 Πολλὰ

444 1294 488 1345 δ’
542 1295 611 1348 ἂν
648 1294 729 1348 ἔτι
780 1296 1171 1365 φιλοσοφήσαις
1341 1297 1467 1369 περὶ
1500 1295 1677 1367 μελῶν
1707 1296 1801 1349 καὶ
1833 1296 2035 1367 μερζιν,

444 1388 540 1439 καὶ
556 1387 656 1456 τῆς
684 1387 821 1457 προς
832 1386 1037 1456 ἄλληλα
1056 1386 1262 1441 τούτων
1283 1386 1669 1458 εὐαρμοστίας,
1691 1386 1827 1457 πρὸς
1847 1386 2037 1457 χρείαν

443 1494 503 1529 τε
538 1477 677 1548 ὁμοῦ
732 1478 826 1532 καὶ
858 1478 1054 1542 κάλλος
1105 1478 1454 1533 συνεστώτων
1497 1496 1556 1531 τε
1591 1478 1685 1532 xal.
1710 1476 2033 1545 διεστώτων,

446 1570 794 1640 προεχόντων
840 1586 900 1623 τε
930 1570 1026 1624 καὶ
1056 1570 1459 1641 προεχομένων,
1496 1570 1799 1640 ἑνουμένων
1846 1586 1903 1622 τε
1940 1567 2035 1622 καὶ

446 1661 807 1731 σχιζομένων,
832 1662 1197 1733 περιεχόντων
1231 1678 1290 1715 τε
1324 1662 1419 1716 καὶ
1454 1660 1859 1732 περιεχομένων
1883 1658 2032 1727 νόμῳ

441 1754 535 1805 καὶ
564 1752 711 1821 λόγῳ
740 1750 978 1822 φύσεως.
1001 1752 1174 1805 Πολλὰ
1199 1751 1329 1822 περὶ
1347 1750 1540 1819 φωνῶν
1564 1750 1656 1803 καὶ
1684 1748 1881 1801 ἀκοῶν·
1914 1748 2031 1810 πῶς

441 1844 501 1895 αἱ
530 1843 634 1913 μὲν
668 1842 922 1915 φέρονται
952 1841 1042 1897 διὰ
1070 1843 1175 1896 τῶν
1218 1841 1538 1913 φωνητικῶν
1570 1840 1836 1914 ὀργάνων,
1870 1841 1924 1893 αἱ
1974 1838 2029 1891 δὲ

441 1932 830 2003 ὑποδέχονται,
1014 1932 1102 1985 διὰ
1124 1933 1219 2004 τῆς
1246 1936 1304 1986 ἐν
1324 1932 1475 2004 μέσῳ
1505 1930 1598 1986 τοῦ
1627 1931 1786 2002 ἀέρος
1814 1930 2027 2001 πληγῆς

440 2024 537 2076 καὶ
558 2023 858 2088 τυπώσεως
908 2024 1166 2095 ἀλλήλαις
1206 2024 1646 2095 ὲπιμιγνύμεναι.
1674 2022 1851 2077 Πολλὰ
1901 2023 2029 2093 περὶ

2120 744 2275 807 cibis,
2305 746 2518 799 animus
2549 757 2736 800 contra
2779 762 3031 800 sermone
3061 762 3121 801 ac
3146 749 3388 817 doctrina
3414 752 3645 818 pascitur
3674 751 3695 801 ?

2121 834 2249 901 Qua:
2280 846 2361 891 est
2395 836 2479 890 illa
2514 848 2717 892 natura:
2758 839 2837 893 vis
2872 841 3329 909 tnutuaqueintcr
3358 854 3610 909 part-otes
3640 854 3697 899 et

2120 923 2319 979 liberos
2341 925 2576 990 aﬁectio,
2612 935 2667 980 ιιι
2698 928 2851 995 quasi
2882 927 3112 995 quodam
3145 929 3346 996 pltiltru
3378 934 3694 985 continean-

2123 1014 2246 1069 tur?
2274 1016 2552 1081 Quomodo
2604 1016 2771 1070 ﬁrma:
2825 1033 2891 1072 ac
2935 1018 3155 1074 stabiles
3198 1031 3321 1074 sunt
3382 1024 3611 1089 species,
3642 1032 3697 1075 et

2121 1106 2343 1161 interim
2375 1109 2516 1161 notis
2546 1108 2687 1162 inter
2710 1122 2767 1163 se
2790 1109 3085 1175 distincta,
3305 1127 3534 1181 quarum
3564 1128 3691 1182 pro-

2122 1198 2404 1271 prietates,
2447 1214 2568 1254 cum
2602 1211 2751 1254 tanto
2779 1216 3003 1255 numero
3025 1202 3158 1265 sint,
3191 1204 3402 1269 assequi
3430 1218 3535 1257 uo”
3565 1218 3692 1271 pos-

2120 1290 2345 1345 sumus?
2379 1290 2659 1356 Quomodo
2710 1292 2848 1367 idem
2905 1294 3103 1346 animal
3161 1294 3388 1348 mortale
3433 1296 3592 1349 simul
3640 1306 3695 1347 et

2120 1381 2425 1434 immortale
2472 1391 2582 1447 est;
2614 1382 2838 1436 mortale
2903 1382 3116 1449 quidem
3166 1384 3371 1438 ratione
3419 1385 3695 1454 migratio-

2122 1471 2237 1536 nis,
2284 1473 2589 1528 immorta'e
2660 1484 2839 1529 autem
2887 1476 3094 1529 ratione
3147 1477 3580 1543 procreationis?
3622 1477 3691 1531 Ut

2121 1564 2264 1619 enim
2315 1565 2459 1619 aliud
2510 1575 2682 1621 nzorte
2712 1567 3048 1633 subducitur,
3087 1568 3158 1619 ita
3201 1583 3386 1622 rursus
3418 1568 3517 1636 ipsi
3550 1570 3693 1622 aliud

2122 1656 2465 1725 subrogatur,
2520 1672 2625 1710 non
2697 1672 2854 1711 secus
2902 1666 3064 1726 atque
3114 1659 3163 1711 in
3211 1659 3446 1713 ﬁumiuis
3496 1670 3695 1727 tractu,

2122 1749 2266 1818 quod
2323 1750 2482 1803 simul
2539 1749 2739 1803 ﬁuxutn
2791 1760 2876 1805 est
2910 1760 2975 1823 et
3023 1751 3236 1806 stabile.
3282 1752 3442 1806 Multa
3489 1753 3556 1807 de
3598 1755 3695 1807 lto-

2124 1840 2287 1898 tuiuis
2340 1842 2598 1895 membris
2650 1853 2704 1895 et
2758 1843 3003 1910 partibus
3051 1844 3227 1897 adhuc
3273 1860 3698 1899 commemorare

2124 1932 2318 2001 possis,
2367 1947 2430 1985 ac
2488 1934 2554 1986 de
2607 1943 2787 1987 mutua
2838 1948 3026 1989 earum
3077 1935 3474 2001 concinnitate;
3504 1937 3700 2004 quippe

2124 2038 2244 2092 qua:
2275 2031 2481 2079 natura:
2517 2024 2631 2095 lege
2668 2040 2731 2078 ae
2759 2027 2990 2095 ratione,
3031 2042 3135 2079 non
3180 2028 3358 2083 minus
3387 2031 3452 2082 ad
3484 2030 3701 2100 elegan-

440 2115 627 2182 ὅψεως
656 2116 913 2185 ἀρρήτως
942 2115 1305 2186 κοινωνούσης
1328 2118 1439 2180 τοῖς
1484 2117 1717 2188 ὁρατοῖς.
1750 2114 1844 2168 καὶ
1880 2113 2027 2184 μόνῳ

2127 2116 2465 2185 tiam,tptant
2514 2117 2575 2170 ad
2629 2117 2939 2182 utilitatem,
2996 2119 3400 2187 coniungantur
3447 2123 3605 2175 simul
3648 2135 3703 2176 et

428 2208 513 2279 τῷ
539 2206 850 2277 βούλεσθαι,
904 2211 999 2262 καὶ
1036 2208 1170 2279 ὁμοῦ
1198 2210 1550 2282 κινουμένης,
1602 2213 1697 2265 καὶ
1860 2210 2026 2268 ταυτὸ

428 2299 512 2369 τῷ
546 2298 631 2352 νοῒ
659 2299 998 2371 πασχούσης.
1030 2301 1186 2355 Μετὰ
1209 2302 1318 2373 γὰρ
1359 2302 1454 2356 τοῦ
1482 2304 1600 2357 ι’σου
1631 2306 1852 2376 τάχους,
1882 2308 2024 2361 €er-

427 2390 522 2454 νός
557 2408 620 2446 τε
648 2391 905 2461 μίγνυται
927 2395 1041 2456 τοῖς
1090 2395 1422 2465 νοουμένοις,
1452 2397 1547 2450 καὶ
1576 2396 1716 2465 αὕτη
1746 2400 1857 2461 τοίς
1881 2399 2019 2469 όρω-

432 2483 646 2554 μένοις.
681 2482 862 2536 Πολλὰ
893 2486 1022 2555 περὶ
1062 2485 1168 2538 τῶν
1197 2486 1373 2540 ἄλλων
1402 2487 1728 2560 αἰσθήσεων,
1760 2488 1816 2541 αἳ
1848 2506 2024 2559 παρα-

427 2574 589 2645 δοχαί
611 2574 756 2637 τινές
788 2577 895 2628 εἰσι
938 2574 1046 2630 τῶν
1088 2576 1309 2642 ἔξωθεν,
1365 2578 1509 2649 λόγῳ
1587 2599 1593 2604 τ
1679 2579 1756 2651 μὴ
1786 2579 2023 2651 θεωρού-

432 2683 623 2735 μεναι.
668 2664 846 2719 Πολλὰ
878 2665 1008 2737 περὶ
1040 2665 1141 2736 τῆς
1196 2668 1254 2720 ὲν
1283 2666 1471 2732 ὕπνοις
1508 2669 1893 2734 ἀναπαύσεως,
1926 2673 2021 2724 καὶ

424 2756 531 2826 τῆς
563 2756 635 2808 δι’
662 2755 956 2826 ὀνειράτων
1011 2756 1384 2823 ἀνα-πλάσεως,
1430 2759 1649 2829 μνήμης
1680 2776 1739 2811 τε
1768 2761 1861 2811 καὶ
1894 2760 2024 2811 ἀνα-

424 2849 710 2917 μνήσεως,
737 2846 998 2917 λογισμοῦ
1042 2864 1099 2899 τε
1128 2849 1221 2901 καὶ
1246 2847 1443 2918 θυμοῦ,
1488 2850 1580 2903 καὶ
1611 2850 1869 2919 ἐφέσεως,
1929 2852 2024 2903 καὶ

424 2928 719 3009 συντόμως
742 2940 935 3003 εἰπεῖν,
969 2940 1113 3004 ὅσοις
1132 2942 1161 2993 ὁ
1184 2941 1378 3011 μικρὸς
1394 2936 1545 3006 οὗτος
1576 2943 1779 3012 κόσμος
1807 2945 2025 2997 διοικεῖ-

421 3044 534 3091 ται,
559 3030 591 3082 ό
620 3029 930 3099 ἄνθρωπος.

2126 2212 2566 2281 distinguantur,
2615 2206 2925 2278 prmeellant
2974 2217 3028 2259 et
3085 2203 3349 2271 dignitate
3423 2199 3706 2253 inferiores

2127 2306 2258 2368 sint,
2296 2305 2552 2359 uitiantur
2579 2312 2634 2354 et
2662 2299 3061 2363 distrahantur,
3089 2294 3400 2349 contineant
3443 2300 3496 2346 et
3524 2291 3703 2343 couti-

2129 2406 2375 2451 neautur.
2406 2395 2565 2448 Multa
2588 2396 2754 2447 etiam
2774 2393 2838 2445 de
2867 2389 3088 2443 vocibus
3110 2395 3163 2441 et
3188 2386 3372 2439 auditu
3405 2401 3418 2438 :
3450 2381 3703 2436 nimirum

2127 2490 2399 2559 quomodo
2441 2489 2542 2543 illae
2585 2503 2680 2557 per
2721 2484 2923 2539 vocalia
2970 2483 3326 2536 instrumenta
3366 2478 3703 2536 deferantur.

2128 2581 2216 2634 bie
2256 2595 2385 2635 vero
2437 2595 2533 2633 eas
2567 2578 2825 2646 excipiat,
2859 2590 2921 2629 ac
2950 2589 3045 2644 per
3076 2572 3383 2627 intermedii
3416 2572 3560 2624 aeris
3589 2584 3707 2637 per-

2125 2675 2433 2729 cussionem
2467 2682 2629 2741 atque
2662 2668 3077 2739 impressionem
3119 2666 3258 2719 inter
3287 2678 3346 2718 se
3384 2663 3703 2733 iungantur.

2132 2764 2296 2820 Multa
2339 2767 2465 2819 item
2500 2765 2566 2818 de
2600 2760 2794 2823 oculis,
2837 2759 2926 2828 qtti
2979 2756 3140 2812 modo
3167 2756 3401 2823 quodam
3443 2750 3702 2808 iueﬁ'abili

2133 2873 2253 2912 cum
2284 2857 2352 2912 iis
2380 2858 2558 2921 rebus,
2579 2869 2715 2924 quas
2738 2852 3031 2914 cernimus,
3064 2848 3445 2905 commercium
3482 2844 3703 2903 habent.

2133 2962 2197 3002 ac
2230 2948 2341 3001 sola
2387 2945 2682 3008 voluntate,
2728 2940 2888 2998 simul
2931 2940 3096 2995 etiam
3153 2955 3274 2995 cum
3308 2953 3370 2994 ea
3401 2943 3704 2991 moventur.

2135 3038 2432 3105 eodemque
2478 3036 2638 3090 modo
2677 3050 2799 3090 cum
2824 3041 3004 3087 mente
3042 3031 3373 3087 aﬂiciuntur.
3408 3026 3528 3082 Pari
3558 3025 3703 3078 enim

422 3121 734 3186 celeritate,
753 3130 808 3177 et
839 3121 952 3177 haec
984 3121 1411 3197 intellectilibus,
1443 3134 1497 3179 et
1525 3124 1598 3179 illi
1625 3124 1926 3180 visibilibus
1950 3126 2109 3181 rebus
2132 3126 2455 3197 junguntur.
2490 3126 2652 3181 Multa
2681 3133 2944 3195 praeterea
2975 3122 3043 3177 de
3059 3120 3280 3190 reliquis
3311 3116 3581 3177 sensibus.
3612 3119 3701 3184 qni

421 3212 574 3267 velut
608 3213 966 3269 admittendis
987 3215 1230 3269 externis
1265 3217 1425 3270 rebus
1455 3218 1711 3272 destinati
1734 3227 1879 3284 sunt,
1914 3234 2013 3274 nec
2043 3221 2251 3277 ratione
2284 3221 2674 3290 percipiuntur.
2698 3218 2856 3275 Multa
2886 3216 3114 3285 denique
3141 3216 3205 3269 de
3229 3227 3312 3277 ea,
3343 3210 3525 3281 quain
3554 3224 3705 3263 som-

424 3303 515 3358 uis
553 3303 823 3370 fruimur,
858 3306 1040 3374 quiete
1064 3314 1229 3377 atque
1264 3308 1656 3364 insomniorum
1687 3311 1978 3379 ﬁgmentis,
2010 3312 2076 3367 de
2103 3313 2362 3367 memoria
2390 3322 2445 3370 et
2475 3309 2903 3375 reminiscentia,
2941 3308 3007 3362 de
3046 3305 3280 3368 ratione,
3311 3312 3364 3356 et
3397 3302 3500 3366 ira,
3532 3308 3583 3355 et
3610 3315 3703 3352 cu.

420 3396 681 3464 piditate,
717 3396 1077 3469 reliquisque,
1136 3409 1194 3455 ut
1245 3416 1353 3456 uno
1385 3401 1551 3456 verbo
1603 3402 1953 3471 complectar,
1976 3403 2188 3472 quibus
2239 3418 2436 3471 parvus
2488 3403 2577 3458 hic
2610 3400 2863 3465 mundus,
2902 3398 2953 3453 id
2994 3406 3095 3462 est,
3127 3397 3310 3458 homo,
3344 3394 3697 3464 gubernatur.

429 3495 550 3551 Τοῦ
584 3495 945 3575 αὐτοῦπερι
977 3498 1101 3575 τρῇμ
1116 3500 1618 3575 λόγου-τοᾷ-περὶ
1656 3500 1769 3571 τῆς
1794 3502 1865 3557 ἐν
1894 3502 2022 3571 ταῖς

2128 3503 2378 3575 Ejusdem
2405 3520 2471 3559 ea:
2496 3509 2738 3559 oratione
2768 3503 2833 3575 de
2863 3503 3118 3558 modestia
3150 3502 3203 3555 iu
3240 3498 3691 3567 disputationibus

886 3567 1237 3632 διαλέξεσιν
1262 3567 1564 3643 εὐταξίας-ζ

508 3656 582 3708 τε
606 3658 740 3726 πρὶς
782 3656 1022 3728 οὐρανὸν
1044 3657 1361 3725 ἀνὶτιτασαι,
1394 3660 1557 3725 πεζὸς
1580 3659 1686 3727 dav;
1713 3661 1779 3716 Τί
1806 3661 2012 3732 πύργον

454 3748 771 3817 οὶκοὼμεῖς,
812 3750 884 3803 »τὰ
956 3750 1094 3819 πρὸς
1151 3751 1507 3822 ἀπαρτισμὸν
1577 3752 1679 3804 οὐκ
1744 3752 1916 3821 ἔχωνς
1950 3753 2014 3805 Τί

452 3840 641 3894 καὶσὺ
672 3845 892 3914 μετρείς
920 3845 987 3915 τῇ
1025 3843 1170 3915 χειρὶ
1204 3842 1266 3896 τὸ
1307 3842 1474 3914 ὕδωρ,
1512 3845 1608 3896 καὶ
1645 3843 1738 3896 τὸν
1784 3843 2014 3914 οὐρανὸν

440 3932 740 4004 σπιθαμῇ,
804 3936 901 3988 καὶ
967 3937 1151 3989 πᾶσαν
1186 3935 1287 4006 τὴν
1342 3937 1447 4006 γῆν
1497 3936 1660 4005 δρακί
1693 3978 1708 4001 ,
1777 3938 2018 4007 στοιχεῖα

431 4024 677 4093 μεγάλα,
728 4026 825 4079 καὶ
866 4026 1012 4096 μόνῳ
1061 4028 1307 4099 μετρητὰ
1352 4028 1431 4097 τῷ
1473 4029 1797 4101 Ποιήσαντι;
1846 4028 2019 4081 Γνῶθι

429 4114 638 4168 σαυτὸν
683 4117 936 4188 πρῶτον·
986 4118 1054 4173 τὰ
1101 4119 1160 4173 ὲν
1199 4120 1358 4191 χερσὶ
1400 4123 1739 4192 κατανόησον
1772 4139 1785 4153 ·
1819 4122 1900 4183 τίς
1947 4117 2017 4189 εἴ,

430 4207 534 4259 καὶ
567 4206 743 4261 πόθεν
763 4209 1065 4281 ἐπλάσθης,
1088 4211 1183 4266 καὶ
1206 4212 1326 4275 πῶς
1348 4212 1663 4284 συνετέθης,
1683 4213 1750 4265 ἶν’
1771 4211 1932 4266 εἰκὼν
1953 4209 2018 4286 ᾖς

411 4292 579 4357 Θεοῦ,
630 4294 731 4349 καὶ
759 4294 839 4366 τῷ
884 4296 1089 4367 χείρονι
1138 4296 1432 4369 συνδεθῇς,
1476 4299 1571 4353 καὶ
1615 4299 1667 4351 τί
1698 4299 1760 4353 τὸ
1792 4300 2024 4370 κινῆσάν

413 4402 501 4451 σε,
534 4387 625 4450 τίς
659 4388 694 4458 ἡ
725 4388 848 4461 περὶ
882 4389 943 4442 σὲ
979 4388 1141 4458 σοφία
1168 4390 1263 4443 καὶ
1286 4390 1339 4443 τί
1373 4390 1472 4462 τῆς
1497 4390 1711 4460 φύσεως
1736 4393 1797 4447 τὸ
1827 4394 2026 4465 μυστήο

418 4498 571 4554 ριον·
608 4480 731 4545 πῶς
769 4484 942 4555 μετρῇ
984 4483 1159 4553 τόπῳ,
1198 4483 1291 4536 καὶ
1319 4482 1444 4547 νοῦς
1473 4484 1571 4555 οὐχ
1732 4488 1973 4561 ὁρίζεται
2008 4529 2023 4555 ,

415 4573 535 4625 ἀλλ’
581 4574 643 4625 ὲν
696 4573 882 4645 ταυτῷ
937 4574 1116 4645 μένων
1169 4574 1346 4630 πάντα
1392 4575 1710 4646 ἐπέρχεται·
1746 4577 1861 4641 πῶς
1906 4578 2026 4647 ὄψις

417 4662 605 4734 όλὲγη,
638 4664 738 4717 καὶ
781 4665 1135 4719 ὲπιπλεῖστον
1178 4666 1476 4737 φθάνουσα,
1513 4668 1605 4720 καὶ
1647 4667 1871 4738 πότερον
1918 4687 2025 4721 πα-

2744 3574 3105 3643 οὺιςειευίυιιια.ι

2199 3664 2335 3731 Quid
2372 3665 2425 3718 in
2452 3665 2646 3720 coelum
2696 3665 2972 3733 provolas,
3027 3678 3147 3717 cum
3207 3664 3368 3730 pedes
3410 3661 3532 3717 sis?
3561 3660 3696 3726 Quid

2128 3757 2321 3811 turrim
2389 3757 2647 3819 exstruis,
2712 3771 2832 3810 cum
2886 3755 2953 3808 iis
3010 3755 3171 3809 rebus
3229 3767 3440 3818 careas,
3479 3766 3597 3820 quae
3630 3751 3696 3802 ad

2124 3864 2244 3905 eam
2290 3848 2675 3920 perﬁciendam
2732 3847 3079 3917 requiruntur
3109 3846 3166 3898 ’?
3206 3845 3341 3911 Quid
3398 3845 3514 3912 ipse
3556 3858 3689 3912 quo-

2125 3956 2231 4013 que
2275 3956 2437 3995 manu
2471 3954 2667 4010 aquam
2720 3937 2957 4002 metiris,
2995 3949 3048 3993 et
3073 3937 3266 3991 emlum
3298 3935 3539 4005 palmo’,
3592 3943 3705 3985 ler-
3790 3969 3795 3974 .

2126 4046 2353 4101 rumque
2387 4045 2602 4085 onmem
2639 4029 2864 4100 pugillo,
2892 4028 3161 4083 elementa
3196 4042 3411 4096 magna,
3439 4036 3493 4079 et
3540 4024 3675 4094 ejus-

2127 4125 2293 4187 modi,
2324 4130 2381 4176 ut
2410 4136 2473 4178 ea
2508 4120 2736 4176 Creator
2765 4120 2913 4176 solus
2950 4120 3184 4175 dimetiri
3217 4117 3425 4189 possit?
3449 4116 3688 4171 Primum

2127 4218 2357 4285 teipsum
2392 4227 2659 4284 cognosce
2690 4229 2704 4266 :
2738 4227 2856 4282 qua:
2891 4213 2943 4268 iu
2972 4212 3218 4267 manibus
3244 4218 3389 4275 sunt,
3419 4209 3690 4264 iutellcetu

2128 4315 2417 4373 assequere
2450 4321 2463 4357 :
2499 4304 2621 4370 quis
2679 4303 2776 4369 sis,
2825 4311 2881 4356 et
2933 4303 3207 4371 quomodo
3265 4302 3496 4365 eﬁictus,
3526 4302 3595 4354 ita
3656 4312 3709 4354 ιιι

2131 4393 2292 4448 simul
2341 4402 2395 4448 et
2449 4393 2625 4462 imago
2668 4392 2759 4446 Dei
2813 4393 2910 4459 sis,
2950 4402 3005 4447 et
3053 4394 3309 4448 deteriori
3358 4391 3709 4463 astringaris;

2129 4484 2259 4554 quid
2325 4484 2454 4538 illud
2507 4483 2596 4548 sit,
2630 4486 2770 4554 quod
2816 4484 2908 4538 tibi
2955 4494 3156 4538 motum
3192 4484 3388 4548 attulit,
3424 4492 3545 4553 qtfze
3579 4483 3631 4536 in
3664 4490 3711 4536 te

2130 4576 2391 4644 sapientia
2423 4574 2655 4640 eluceat,
2692 4574 2834 4644 quod
2861 4582 3065 4628 natura:
3110 4588 3365 4627 arcanum
3398 4585 3409 4621 :
3445 4571 3710 4640 quomodo

2131 4668 2246 4722 loco
2288 4667 2780 4729 circnmscriberis,
2809 4681 2870 4720 ac
2902 4680 3052 4721 mens
3079 4665 3224 4718 nullo
3262 4664 3435 4718 limite
3485 4662 3706 4716 includi-

416 4755 630 4826 ραδοχή
663 4754 755 4818 τίς
806 4746 926 4809 ἐστι
963 4754 1058 4810 τοῦ
1106 4756 1397 4826 ὀφθέντος,
1443 4758 1475 4828 ἥ
1524 4757 1659 4828 πρὸς
1693 4755 1867 4811 ἐκεῖνο
1908 4758 2024 4812 διάέ

2133 4769 2239 4825 tur,
2275 4759 2367 4813 sed
2418 4760 2471 4813 in
2520 4758 2709 4812 eodem
2752 4758 2869 4812 loco
2922 4772 3164 4822 manens,
3202 4755 3382 4811 omnia
3420 4755 3612 4809 lustrat
3650 4770 3714 4809 ac

416 4847 616 4911 ϐασις·
647 4848 768 4912 πῶς
815 4848 877 4900 τὸ
907 4849 1041 4904 αὐτὸ
1074 4850 1170 4903 καὶ
1188 4852 1327 4902 κινεῖ
1348 4889 1363 4913 ,
1536 4852 1630 4903 καὶ
1657 4852 1906 4915 κινεῖται,
1939 4851 2027 4904 διὰ

418 4938 739 5009 βουλήσεως
768 4938 1186 5010 κυϐερνώμενον
1207 4957 1220 4970 ·
1256 4941 1339 5004 τίς
1373 4940 1461 4993 δαὶ
1498 4941 1678 4994 παῦλα
1720 4943 2021 5011 κινήσεως·

413 5027 502 5093 τίς
528 5029 558 5079 ὁ
587 5029 699 5082 τῶν
739 5029 1052 5101 αἰσθήσεων
1091 5033 1381 5102 μερισμὸς,
1417 5032 1509 5084 καὶ
1544 5033 1660 5096 πῶς
1699 5033 1791 5086 διὰ
1823 5035 2027 5089 τούτων

415 5123 446 5173 ό
480 5121 612 5185 νοῦς
647 5122 826 5193 ὀμιλεί
1013 5125 1128 5186 τοῖς
1161 5122 1287 5189 ἔξω,
1328 5124 1422 5176 καὶ
1462 5124 1529 5177 τὰ
1556 5124 1752 5190 ἔξωθεν
1786 5127 2026 5197 παραδέ-

416 5231 580 5285 χεται
602 5230 618 5245 ·
656 5214 775 5279 πῶς
809 5215 1189 5287 ἀναλαμϐάνει
1221 5216 1290 5270 τὰ
1317 5217 1430 5287 εἴδη
1457 5234 1470 5247 ·
1503 5219 1596 5270 καὶ
1627 5218 1709 5282 τίς
1735 5220 1767 5290 ἡ
1796 5221 2028 5292 τήρησις

418 5307 515 5361 τοῦ
546 5307 982 5380 ἀναληφθέντος,
1028 5309 1061 5379 ἧ
1106 5310 1326 5381 μνήμη’
1374 5311 1467 5363 καὶ⁹
1511 5310 1594 5374 τίς
1639 5313 1671 5382 ὴ
1715 5312 1809 5365 τοῦ
1844 5313 2014 5365 ἀπελ-

418 5397 610 5461 Mm;
647 5398 944 5469 ἀνάληψις,
977 5399 1011 5469 ἢ
1044 5399 1383 5471 ἀνάμνησις·
1420 5398 1537 5464 πῶς
1578 5400 1740 5469 λόγος
1771 5402 1862 5455 νοῦ
1900 5405 2026 5472 γέν-

418 5501 591 5555 νημα,
630 5489 724 5541 καὶ
751 5489 923 5558 γεννᾷ
956 5486 1116 5556 λόγον
1143 5492 1202 5542 ὲν
1246 5490 1390 5562 ἄλλῳ
1436 5490 1542 5557 νοῒ,
1580 5492 1675 5544 καὶ
1710 5492 1826 5555 πῶς
1884 5491 2029 5564 λόγῳ

423 5576 598 5647 νόημα
634 5576 939 5630 διαδίδοται
958 5591 978 5608 ⁸
1150 5579 1266 5646 πῶς
1298 5583 1559 5654 τρέφεται
1738 5582 1824 5637 διὰ
1849 5582 2027 5655 ψυχῆς

426 5668 598 5737 σῶμα,
626 5671 722 5725 καὶ
748 5670 871 5733 πῶς
900 5668 1050 5739 ψυχὴ
1096 5670 1184 5724 διὰ
1214 5673 1468 5743 σώματος
1507 5678 1756 5729 κοινωνεῖ
1792 5675 1994 5739 πάθους
2013 5693 2026 5706 ·

476 5934 493 5967 ¹
521 5937 647 5992 [ειη
690 5939 806 5991 xiv.
836 5933 927 5989 '33.
1013 5933 1032 5962 ²
1058 5930 1176 5999 Jsa.
1206 5931 1407 5991 v.19.

2130 4862 2475 4923 pervagatur.
2543 4851 2847 4919 Quomodo,
2914 4867 3037 4905 cum
3092 4848 3335 4902 lantillus
3380 4848 3451 4903 sit
3500 4846 3712 4912 oculus,

2132 4954 2239 4997 tam
2270 4943 2425 5013 longe
2455 4946 2747 5020 pertingit;
2788 4953 2966 4998 utrum
3004 4945 3147 5012 quod
3190 4958 3300 4997 rem
3336 4943 3502 4996 visam
3530 4941 3717 4995 admito

2130 5044 2227 5094 tat.
2286 5050 2352 5087 an
2408 5034 2585 5099 potius
2639 5035 2780 5103 quod
2837 5033 2899 5087 ad
2960 5048 3077 5089 eam
3135 5034 3714 5101 transeat:quomodo

2132 5126 2271 5179 idem
2303 5136 2355 5181 et
2387 5136 2563 5180 movet
2597 5134 2651 5179 ct
2697 5134 2962 5190 movetur,
3012 5139 3075 5179 ac
3120 5138 3213 5193 per
3257 5123 3586 5178 voluntatem
3619 5139 3716 5192 gu-

2131 5217 2391 5270 bernatur
2418 5233 2432 5270 :
2463 5232 2584 5285 qua:
2614 5210 2804 5270 motus
2833 5216 3010 5285 quies,
3044 5231 3164 5284 qua:
3187 5230 3441 5270 sensuum
3476 5216 3713 5284 partitio,

2132 5310 2400 5378 quomodo
2432 5324 2584 5364 mens
2612 5324 2798 5363 eorum
2829 5323 2991 5378 opera
3024 5323 3147 5362 eum
3181 5308 3420 5361 externis
3443 5312 3711 5365 versatur,

2132 5415 2292 5471 atque
2341 5410 2564 5455 externa
2617 5401 2821 5473 exeipit
2858 5418 2870 5453 :
2902 5401 3176 5471 quomodo
3230 5399 3431 5453 formas
3478 5396 3709 5465 recipit.

2130 5511 2251 5565 qua:
2287 5505 2577 5566 assumptus
2612 5496 2688 5551 rei
2724 5496 3089 5559 conservatio,
3129 5492 3212 5547 vel
3262 5489 3519 5546 memoria
3552 5505 3566 5540 :
3594 5503 3713 5555 qua:

2132 5587 2329 5657 elapsae
2393 5587 2754 5657 recuperatio,
2805 5585 2889 5641 vel
2958 5581 3363 5640 reminiscentia
3399 5596 3412 5630 :
3444 5578 3711 5647 quomodo

2136 5692 2317 5734 sermo
2347 5677 2542 5732 mentis
2578 5675 2718 5732 fctus
2753 5684 2856 5741 est,
2893 5684 3056 5744 atque
3090 5673 3140 5726 in
3172 5671 3272 5724 alia
3296 5676 3475 5723 mente
3505 5681 3711 5722 sermo-
