4126 6426
492 427 597 493 1ῖ5

477 650 998 719 buiturzquomodo
1056 664 1252 719 corpus
1307 661 1405 715 per
1462 646 1700 700 animam
1758 646 1945 711 alitur,
1998 655 2054 699 ct

477 742 749 810 quomodo
775 741 953 794 anima
981 754 1074 807 per
1110 752 1309 807 corpus
1335 736 1620 791 aﬂectuum
1655 736 1926 805 particeps
1956 734 2049 788 Ωιι

478 833 749 902 quomodo
776 847 894 885 eam
937 830 1097 885 timor
1126 829 1472 899 constringit,
1505 827 1835 897 prtelidentia
1869 825 2050 890 solvit,

480 937 681 977 υεωτοι·
708 923 998 981 contrahit,
1030 921 1213 975 lmtitia
1246 919 1517 983 dill‘undit,
1553 920 1688 974 livor
1716 919 1839 972 tabe
1945 919 2057 974 alli-

485 1018 557 1070 cit
583 1058 599 1082 ,
671 1014 921 1083 superbia
953 1011 1127 1073 effert,
1162 1025 1286 1080 spes
1319 1011 1477 1079 erigit
1506 1012 1813 1078 :quomodo
1839 1010 2055 1065 iracun-

476 1108 561 1159 dia
593 1121 709 1159 eam
746 1105 798 1158 in
825 1105 1060 1159 furorem
1095 1106 1227 1174 agit,
1258 1114 1306 1158 et
1340 1104 1510 1171 pudor
1541 1103 1734 1156 rubore
1768 1101 2050 1168 sull'undit;

480 1199 595 1251 lure
626 1197 870 1266 quidem,
910 1197 1202 1251 ehulliente
1242 1197 1524 1266 sanguine,
1576 1195 1662 1248 hic
1706 1209 1857 1262 vero,
1904 1209 2057 1249 rece-

476 1288 970 1357 dentezquomodo
1022 1287 1490 1356 perturbationum
1541 1287 1692 1355 signa
1740 1287 2057 1356 corporibus

480 1382 891 1449 imprimuntur;
954 1379 1227 1448 quomodo
1276 1378 1416 1432 ratio
1470 1378 1747 1446 przesidct,
1784 1378 2058 1446 quomodo

477 1474 594 1526 luce
630 1472 809 1525 omnia
862 1472 999 1540 regit
1036 1480 1091 1524 et
1135 1471 1465 1535 moderatur,
1499 1468 1892 1539 all'ectuuutque
1941 1483 2056 1523 mo-

488 1580 574 1620 tus
624 1565 753 1619 lenit
799 1578 863 1618 ac
910 1565 1098 1628 sedat;
1135 1563 1404 1632 quomodo
1430 1578 1456 1616 a
1498 1562 1757 1632 sanguine
1789 1571 1845 1615 et
1881 1563 2056 1630 Spira-

481 1658 645 1717 tiouc,
691 1655 764 1717 id,
815 1653 958 1721 quod
1007 1667 1234 1723 corpore
1282 1662 1461 1718 vacat,
1509 1661 1751 1717 tenetur;
1789 1654 2057 1721 quomodo

481 1748 673 1801 horum
706 1744 962 1808 defectio,
1000 1745 1193 1798 anima:
1235 1743 1493 1798 discessio
1529 1753 1631 1797 est.
1672 1742 1818 1808 llrec,
1840 1754 1930 1797 aut
1967 1746 2058 1799 ho-

480 1854 600 1891 rum
654 1836 878 1905 aliquid,
944 1850 979 1888 o
1042 1836 1240 1898 homo,
1290 1834 1599 1904 cegnitione
1657 1835 2057 1903 comprehende

2185 1836 2264 1899 είς
2302 1836 2405 1890 ὅσα
2443 1838 2472 1889 ὁ
2511 1834 2906 1907 δημιουργικὰς

479 1930 738 1999 (nomium
775 1929 919 1983 enim
959 1928 1081 1983 coeli
1131 1937 1376 1982 naturam
1410 1936 1503 1980 aut
1534 1935 1760 1989 motum,
1790 1941 1889 1981 nec
1913 1927 2057 1981 side—

480 2036 598 2074 rum
629 2020 896 2085 ordinem,
936 2033 1039 2073 nec
1070 2017 1462 2073 elementorum
1491 2016 1926 2085 permistioncm,
1957 2030 2057 2071 nec

477 2113 834 2167 animantium
894 2112 1230 2176 discrimina,
1274 2124 1375 2165 nec
1431 2096 1732 2164 ctialesﬁum
1796 2110 2054 2163 Virtutum

478 2202 763 2258 inferiores
802 2202 999 2273 gradus
1036 2211 1094 2256 et
1134 2201 1499 2265 sublimiores,
1539 2210 1701 2269 atque
1747 2200 1953 2265 omnia,
2003 2199 2055 2253 in

1696 423 2112 486 .EUTI‘IYMII
2152 423 2519 487 ZlGABENl

479 574 604 613 nem
637 549 908 628 procreat,
936 566 991 613 et
1026 554 1295 628 quomodo
1316 553 1570 623 cogitatio
1599 565 1852 608 sermone
1874 553 2029 607 distri

2179 552 2293 614 πῶς
2332 552 2569 620 πήγνυσι
2614 551 2800 619 ςιὸϐος,
2840 552 2934 604 καὶ
2958 551 3077 606 λύει
3120 553 3364 626 θάρσος,

3534 555 3628 607 καὶ
3679 572 3773 607 συ-

2178 642 2387 694 στέλλει
2417 642 2585 713 λύπη,
2616 643 2711 695 καὶ
2759 643 2937 713 διαχεῖ
2982 645 3166 717 ἡδονὴ,
3204 646 3301 699 καὶ
3347 646 3508 717 τήκει
3554 646 3770 716 φθόνος,

2180 733 2270 784 καὶ
2309 732 2629 804 μετε‹σ›ρίζει
2656 732 2846 802 τῦφος,
2874 737 2969 787 καὶ
3015 735 3266 805 κουφίζει
3296 734 3483 799 ἐλπίς·
3523 737 3638 800 πῶς
3681 738 3769 789 ex-

2180 824 2359 893 μαίνει
2407 824 2596 895 θυμὸς,
2648 826 2742 909 καὶ
2788 826 2952 891 αἰδὼς
2991 827 3303 900 ἐρυθραίνει
3349 830 3416 881 δι’
3462 828 3710 900 αἵματος,
3745 832 3775 882 ὁ

2181 914 2278 983 μὲν
2317 914 2593 979 ζέσαντος,
2625 917 2657 986 ἡ
2696 916 2752 969 δὲ
2781 919 3238 989 ἀναχωρήσαντος
3259 936 3273 951 ’
3308 920 3403 972 κοιλ¹
3450 921 3567 984 πῶς
3595 923 3644 973 οἱ
3678 940 3775 991 xa—

2180 1006 2452 1077 ρακτῆρες
2500 1007 2609 1061 τῶν
2668 1009 2857 1063 παθῶν
2902 1010 2961 1061 ὲν
3009 1012 3121 1074 τοῖς
3170 1009 3421 1081 σώμασι·
3463 1012 3549 1075 τίς
3595 1015 3629 1084 ή
3679 1012 3773 1065 τοῦ

2177 1097 2442 1168 λογισμοῦ
2470 1101 2756 1173 προεδρία,
2791 1103 2887 1154 καὶ
2928 1100 3045 1165 πῶς
3072 1103 3207 1155 πᾶσι
3253 1102 3463 1166 τούτοις
3492 1106 3776 1156 ἐπιστατεῖ

2178 1191 2273 1244 καὶ
2303 1193 2500 1263 ἡμεροῖ
2529 1192 2601 1244 τὰ
2644 1192 2753 1245 τῶν
2803 1191 2994 1246 παθῶν
3055 1196 3365 1263 κινήματαο
3420 1194 3537 1258 πῶς
3581 1196 3774 1265 αἵματι

2181 1286 2466 1355 κρατεῖται
2507 1285 2601 1337 καὶ
2650 1287 2785 1355 πνοῇ
2819 1284 2880 1337 τὺ
2928 1283 3249 1354 ἀσώματον·
3283 1285 3376 1338 καὶ
3413 1284 3531 1347 πῶς
3574 1289 3606 1356 ὴ
3649 1287 3774 1339 τού-

2179 1390 2287 1426 των
2332 1373 2605 1445 ἔκλειψις,
2655 1375 2834 1446 ψυχῆς
2878 1376 3025 1428 ἐστιν
3074 1374 3442 1447 ἀναχώρησις.
3477 1377 3693 1442 Ταῦτα,
3737 1377 3771 1447 ἢ

2181 1466 2385 1521 τούτων
2421 1483 2473 1519 τι
2510 1466 2869 1538 κατανόησον,
2899 1460 2945 1519 ὦ
2988 1467 3274 1537 ἄνθρωπε·
3304 1467 3457 1522 οΰπω
3482 1467 3590 1541 γὰρ
3629 1467 3774 1537 λέγω

2182 1559 2363 1630 φύσιν,
2405 1560 2439 1632 ἢ
2475 1559 2686 1630 κίνησιν
2726 1559 2981 1629 οὐρανοῦ,
3029 1560 3123 1613 καὶ
3161 1559 3315 1625 τάξιν
3367 1561 3634 1633 ἀστέρων,
3677 1561 3773 1614 καί

2188 1650 2332 1724 μίξιν
2372 1651 2673 1724 στοιχείων,
2714 1652 2808 1705 καὶ
2844 1649 3001 1716 ζώων
3033 1651 3320 1722 διαφορὰς,
3352 1653 3447 1705 καὶ
3485 1651 3771 1722 δυνάμεων

2954 1742 3048 1794 καὶ
3088 1740 3432 1813 ὑπερθέσεις,
3464 1739 3558 1795 καὶ
3594 1741 3783 1794 πάντα

3105 1833 3262 1902 λόγος
3302 1832 3730 1905 καταμερίζεται
3752 1874 3765 1896 ,

2186 1929 2279 1981 καὶ
2336 1928 2530 1996 λόγους
2602 1929 2860 2001 προνοίας
2913 1926 3008 1981 καὶ
3075 1926 3432 1997 διοικήσεως·
3479 1928 3576 1979 καὶ
3645 1927 3768 1980 τότε

2185 2018 2338 2073 οὔπω
2353 2019 2517 2088 λέγω,
2530 2019 2835 2091 Θὰῥρησονο
2859 2021 2994 2084 ἀλλ’,
3023 2018 3145 2071 Ἔτι
3178 2017 3442 2089 φοϐήθητι
3470 2018 3771 2089 προσϐῆναι

2184 2115 2299 2176 τοῖς
2340 2113 2709 2185 ὑψηλοτέροις,
2738 2114 2833 2167 καὶ
2863 2116 2973 2178 τοῖς
3010 2110 3212 2182 μᾶλλον
3256 2110 3398 2177 ὑπὲρ
3429 2109 3527 2171 τὴν
3554 2108 3651 2167 σὴν
3680 2109 3771 2161 δύ-

2187 2220 2253 2257 να
2260 2222 2372 2275 μιν.

2182 1744 2450 1815 οὐρανίων
2486 1740 2780 1806 ὑποὸιῖσεις

477 2310 600 2364 qu:e
640 2296 838 2350 artifex
889 2296 1031 2351 ratio
1073 2296 1444 2363 distribuitur,
1489 2312 1595 2352 nec
1629 2296 1868 2366 denique
1914 2295 2276 2366 providentia:
2339 2288 2871 2363 gubernationisque
2923 2290 3168 2346 rationes
3216 2289 3619 2359 commemoro)
3655 2308 3669 2342 :
3702 2304 3768 2345 ac

478 2400 593 2443 tum
625 2389 873 2444 nondum
903 2390 1103 2457 dicam,
1143 2391 1331 2458 Aude;
1368 2405 1584 2455 rerum,
1611 2390 1809 2475 Adhuc
1834 2388 1963 2444 time
1992 2388 2058 2444 ad
2089 2404 2152 2443 ea
2183 2401 2304 2459 quae
2341 2383 2662 2441 sublimiora
2691 2393 2836 2448 sunt,
2900 2383 3157 2455 viresque
3212 2393 3334 2439 tuas
3387 2382 3559 2454 magis
3597 2398 3766 2453 supc-

476 2490 618 2544 rant.
656 2480 938 2538 accedere.

659 2573 911 2642 Eiusdem
930 2590 995 2628 ea:
1021 2578 1260 2629 oratione
1288 2577 1620 2649 apologatica
1653 2592 1871 2646 magna.

548 2666 840 2720 Excelsum
874 2676 965 2721 est
991 2668 1193 2721 coelum
1254 2679 1416 2738 atque
1465 2670 1723 2734 sublime,
1784 2676 1929 2723 terra
1977 2682 2074 2722 au-

479 2771 591 2816 tem
668 2759 896 2815 humilis
916 2768 976 2814 ct
1030 2759 1326 2830 profunda.
1380 2762 1585 2831 Ecquis
1631 2762 1760 2815 illuc
1793 2760 2071 2821 ascendet,

476 2858 668 2906 eorum
749 2852 841 2921 qui
929 2862 1154 2922 propter
1226 2863 1515 2924 peccatum
1578 2853 1810 2925 proiecti
1885 2852 2069 2908 sunt?

481 2939 618 3005 Quis
693 2941 925 2995 terrenis
974 2942 1155 2997 adhuc
1197 2945 1441 2999 tenebris
1507 2943 1936 3014 circumseptus,
2019 2952 2076 2998 et

480 3043 669 3083 crasso
774 3029 1026 3100 corporis
1128 3031 1457 3086 indumento
1571 3032 1888 3100 obvolutus,
1963 3041 2073 3087 tota

481 3129 662 3174 mente
729 3129 895 3175 totam
968 3129 1207 3176 mentem
1269 3136 1407 3192 pure
1461 3124 1659 3192 poterit
1726 3124 1965 3191 intueri,
2024 3136 2077 3181 et

480 3212 625 3267 inter
709 3213 850 3279 lucc,
929 3230 1051 3285 quae
1110 3223 1240 3269 sunt
1306 3215 1610 3280 instaltilia,
1698 3228 1756 3273 et
1820 3219 2077 3274 sensibus

478 3306 714 3360 obnoxia
772 3322 1022 3372 manens,
1061 3308 1128 3362 ad
1171 3323 1256 3372 ea,
1288 3324 1409 3378 qua:
1459 3319 1589 3364 sunt
1640 3312 1958 3375 immobilia,
2023 3322 2077 3366 et

452 3398 654 3459 ,oeulis
692 3398 847 3453 cerni
888 3413 997 3453 non
1056 3401 1599 3471 possuntztSpirare?
1662 3402 1865 3458 Eorum
1919 3378 2141 3458 certeC

478 3491 571 3559 qui
602 3491 691 3545 hic
722 3491 843 3561 puri
869 3491 1169 3562 mundique
1207 3502 1357 3558 sunt,
1378 3494 1468 3549 vix
1516 3495 1806 3565 quisquam
1865 3496 2072 3566 poterit

479 3583 833 3637 simulacrum
909 3583 1055 3639 illius
1130 3583 1560 3655 pulchritudinis
1614 3587 1879 3657 aspicere,
1961 3602 2069 3641 non

480 3690 661 3740 secus,
694 3683 856 3745 atque
887 3675 983 3736 illi.
1012 3677 1103 3748 qui
1142 3679 1313 3732 solem
1344 3676 1397 3733 in
1434 3694 1573 3749 aqua
1604 3679 2067 3749 contemplantur.

479 3766 616 3832 Quis
650 3774 734 3821 est
778 3767 888 3834 ille,
925 3770 1018 3839 qui
1069 3785 1264 3841 aquam
1318 3785 1505 3836 manu,
1547 3779 1603 3826 ct
1653 3771 1852 3826 cmlum
1893 3771 2070 3841 palma

479 3861 766 3915 dimensus
800 3871 920 3927 est,
988 3871 1047 3918 et
1094 3863 1298 3933 pugillo
1340 3871 1539 3918 terram
1573 3864 1821 3918 continet
1854 3863 2072 3917 univcr-

480 3954 640 4008 sam?
669 3953 807 4019 Quis
838 3961 1053 4009 montes
1106 3953 1159 4007 in
1209 3953 1372 4008 lance
1417 3952 1621 4023 posuit,
1674 3962 1730 4007 et
1795 3954 1963 4007 valles
2014 3952 2069 4006 in

479 4045 729 4100 statera?
757 4044 958 4115 Ecquis
984 4045 1096 4101 erit
1123 4045 1280 4101 locus
1305 4086 1319 4109 ,
1354 4046 1407 4100 in
1442 4061 1554 4117 quo
1601 4046 1689 4100 ille
1724 4045 2070 4116 requiescat?

477 4137 710 4191 Cuinam
736 4138 995 4192 omnibus
1018 4153 1049 4193 e
1088 4137 1252 4192 rebus
1281 4137 1497 4192 dicetur
1525 4137 1763 4193 similis?
1814 4138 1948 4205 Quis
1987 4146 2070 4194 cst

478 4226 597 4291 ille,
632 4227 723 4298 qui
755 4226 922 4282 verbo
954 4227 1086 4282 fecit
1113 4226 1338 4281 omnia?
1364 4225 1467 4290 Qui
1514 4227 1796 4299 sapientia
1832 4229 2065 4285 fabrica-

483 4328 574 4374 tus
599 4330 682 4374 est
713 4319 1035 4374 hominem?
1065 4316 1168 4385 Qui
1202 4318 1524 4376 dissidentia
1577 4320 1635 4379 in
1662 4336 1831 4375 unum
1876 4330 2070 4376 contu-

480 4414 594 4469 lit?
640 4410 745 4481 Qui
786 4411 1001 4483 spiritui
1031 4412 1315 4484 pulverem
1347 4412 1806 4481 admiseuit?Qui
1838 4415 2066 4482 animal,

482 4506 630 4577 quod
672 4505 941 4572 cernitur,
994 4521 1119 4560 cum
1175 4520 1262 4570 eo,
1307 4506 1452 4577 quod
1488 4506 1649 4563 'eerni
1698 4523 1807 4562 non
1861 4516 2064 4580 potest,

479 4599 710 4655 mortale
765 4613 890 4654 cum
959 4599 1278 4665 immortali,
1332 4609 1612 4655 terrenum
1673 4615 1796 4656 cum
1858 4602 2066 4658 ccclesti

2252 2575 2367 2630 τοῦ
2407 2572 2618 2629 αὐτοῦ.
2661 2572 2758 2627 Ἐκ
2790 2572 2899 2627 τοῦ
2923 2572 3196 2642 μεγάλου
3225 2571 3692 2642 ἀπολοπητικοῦ.

2248 2666 2495 2737 Οὐρανὸς
2521 2664 2748 2735 ὑψηλὸς,
2769 2665 2840 2736 γῆ
2868 2664 2923 2718 δὲ
2950 2664 3163 2735 βαθεῖα,
3191 2664 3286 2717 καὶ
3312 2664 3398 2725 τίς
3434 2664 3770 2733 ἀναϐήσεται

2176 2756 2286 2809 τῶν
2323 2756 2682 2827 ἐρριμμένων
2732 2759 2799 2826 τῇ
2842 2757 3125 2827 ἁμαρτίᾳ,
3156 2755 3238 2818 τίς
3270 2755 3654 2826 περικείμενος
3686 2756 3770 2809 ἔτι

2176 2850 2268 2903 τὸν
2305 2850 2457 2903 κάτω
2489 2848 2672 2918 ζόφον,
2706 2867 2740 2901 κ
2753 2849 2801 2901 xl
2832 2848 2931 2919 τῆς
2972 2847 3173 2917 σαρκὸς
3201 2846 3301 2920 τὴν
3333 2849 3623 2919 παχύτητα
3663 2848 3772 2920 ὅλῳ

2176 2940 2262 2993 νοῒ
2306 2939 2566 3010 καθαρῶς
2610 2939 2938 2993 ἐποπτεύσει
2983 2938 3107 2993 νοῦν
3141 2939 3284 3005 ὅλον,
3335 2941 3429 2993 καὶ
3472 2938 3769 3010 μιγήσεται

2175 3034 2288 3095 τοῖς
2321 3031 2548 3096 ἑστῶσι,
2577 3031 2671 3085 καὶ
2689 3031 2948 3101 ἀοράτοις
2975 3032 3032 3084 ὲν
3062 3033 3174 3093 τοῖς
3202 3031 3478 3093 ἀστάτοις,
3514 3031 3608 3084 καὶ
3631 3032 3767 3101 ὁρω-

2178 3124 2361 3190 μένοις
2390 3136 2404 3185 ;
2442 3121 2597 3190 μόλις
2629 3119 2740 3191 γὰρ
2767 3121 2833 3174 ἄν
2860 3138 2943 3184 τις
2972 3119 3206 3174 ἐνταῦθα
3230 3120 3340 3173 τῶν
3365 3120 3572 3191 σφόδρα
3602 3137 3770 3175 κεκα-

2175 3214 2464 3285 Οαρμένων
2496 3214 2602 3266 κᾶν
2649 3212 2867 3267 εἴδωλον
2884 3213 2979 3266 τοῦ
3005 3212 3171 3267 καλοῦ
3200 3212 3551 3284 θεωρήσειεν,
3574 3211 3769 3284 ὥσπερ

2177 3307 2224 3358 οἱ
2254 3306 2348 3357 τὸν
2386 3305 2538 3374 ἣλιον
2570 3307 2628 3358 ἐν
2656 3306 2770 3369 τοῖς
2796 3303 2975 3359 ὕδασι.
3015 3305 3112 3369 Τίς
3140 3306 3168 3357 ὁ
3211 3306 3498 3376 μετρήσας
3528 3309 3592 3376 τῇ
3617 3307 3768 3377 χειρὶ

2178 3397 2236 3450 τὸ
2275 3396 2439 3466 ὕδωρ,
2475 3397 2569 3449 καὶ
2620 3397 2712 3450 τὸν
2744 3397 2975 3469 οὐρανὸν
3011 3398 3287 3469 σπιθαμῇ,
3322 3398 3419 3451 καὶ
3458 3399 3639 3451 πᾶσαν
3664 3399 3767 3468 τὴν

2176 3488 2282 3558 γῆν
2331 3488 2538 3561 ὁραθείς
2572 3489 2673 3550 Τίς
2711 3490 2909 3559 ἔστησε
2967 3489 3035 3543 τά
3072 3490 3175 3560 ὅρη
3222 3488 3466 3560 σταθμῷ,
3520 3488 3614 3543 καὶ
3660 3488 3763 3553 τὰς

2177 3579 2357 3643 νάπας
2393 3578 2587 3648 ζυγῷ;
2638 3579 2733 3643 Τίς
2760 3580 2924 3643 τόπος
2975 3582 3073 3650 τῆς
3119 3581 3519 3644 καταπαύσεως
3564 3579 3754 3644 αὐτοῦ,

2175 3673 2272 3725 καὶ
2314 3673 2422 3725 τίνι
2454 3672 2564 3725 τῶν
2594 3673 2813 3727 πάντων
2835 3672 3242 3745 ὁμοιωθήσεται
3274 3690 3290 3740 ;
3342 3673 3437 3737 Τίς
3467 3674 3494 3727 6
3522 3674 3759 3743 ποιήσας

2175 3766 2243 3820 τὰ
2280 3766 2459 3821 πάντα
2486 3766 2544 3819 ἐν
2570 3764 2735 3837 λόγῳ,
2787 3765 2883 3820 καὶ
2912 3767 2977 3837 τῇ
3022 3767 3185 3839 σοφίᾳ
3218 3768 3637 3830 κατασκευάσας
3665 3765 3762 3820 ἄν·

2175 3863 2419 3934 ορτυπον,
2456 3862 2553 3917 καὶ
2584 3865 2664 3926 είς
2698 3863 2757 3917 ἓν
2794 3862 3021 3933 ἀγαγὼν
3049 3863 3118 3916 τὰ
3152 3845 3440 3917 διεστῶτα,
3473 3862 3567 3916 καὶ
3599 3859 3763 3932 μίξας

2176 3954 2273 4007 τδν
2302 3953 2432 4025 χοῦν
2465 3954 2544 4026 τῷ
2577 3954 2876 4023 πκεύματι,
2916 3954 3010 4008 καὶ
3045 3952 3259 4017 συνθεὶς
3291 3953 3430 4019 ζῶον
3451 3952 3643 4023 epam
3670 3951 3769 4005 καὶ

2176 4047 2412 4117 ἀόριτον
2436 4088 2451 4110 ,
2503 4045 2842 4116 πρόσκαιρον
2883 4045 2979 4100 καὶ
3018 4046 3323 4114 ἀθάνατον,
3378 4046 3623 4115 ἐπίγειον
3670 4044 3765 4097 καὶ

2173 4136 2443 4209 οὐράνιον,
2477 4137 2786 4208 ἁπτόμενον
2821 4136 2957 4192 Θεοῦ
2990 4137 3085 4193 καὶ
3121 4138 3180 4191 οὑ
3227 4136 3766 4208 περιδρασσόμενον,

2172 4227 2394 4299 ὲγγίζον
2442 4231 2539 4285 καὶ
2581 4230 3002 4302 μακρννόμενον
3033 4247 3048 4299 ;
3082 4225 3256 4296 Εἷπα,
3285 4228 3766 4299 σοφισθήσομαι,

2174 4324 2344 4394 φησὶν
2369 4324 2396 4377 ὀ
2427 4322 2703 4393 Σολομὼν,
2728 4323 2826 4378 καὶ
2859 4322 3014 4391 αὐτὴ
3071 4322 3416 4392 ἐμακρύνθη
3473 4319 3576 4376 ἀπ’
3615 4319 3766 4391 ἐμοῦ

2168 4414 2409 4485 μακρὰν
2439 4415 2593 4485 ὑπὲρ
2623 4415 2655 4469 ὃ
2693 4411 2795 4487 ἦν,
2820 4415 2918 4486 τὴν
2946 4416 3138 4484 σοφίαν
3174 4413 3373 4483 λέγων,
3409 4412 3506 4466 καὶ
3531 4412 3698 4476 ὄντως
3733 4414 3770 4466 ὁ

2171 4506 2514 4576 προστιθεὶς
2535 4507 2762 4578 γνῶσιν
2783 4507 3185 4577 προστίθησιν
3204 4506 3465 4577 ἄλγημα,
3485 4505 3544 4559 οὑ
3566 4504 3771 4577 μᾶλλον

2157 4590 2561 4670 ἐὺφραίνοντος
2589 4597 2684 4652 τοῦ
2706 4598 3044 4669 εὑρεθέντος,
3070 4599 3102 4669 ἢ
3126 4598 3385 4662 ἀνιῶντος
3411 4596 3505 4650 τοῦ
3534 4594 3726 4666 ὄιαφεύ
3745 4627 3767 4638 -

480 4692 784 4764 repularit.
846 4694 992 4762 quod
1026 4691 1209 4747 Deum
1264 4693 1499 4764 attingit,
1548 4703 1607 4748 et
1658 4710 1769 4748 non
1819 4710 2064 4766 compreo

2179 4708 2390 4760 γοντος,
2412 4690 2573 4761 ὅπερ,
2609 4686 2785 4763 οἶμαι,
2817 4691 2964 4761 φιλεί
2993 4690 3321 4762 συμϐαίνειν
3351 4691 3465 4755 τοῖς
3493 4689 3573 4743 ἔτι
3602 4688 3769 4759 διψῶ-

481 4783 699 4846 ltendit,
721 4784 1150 4855 appropinquat,
1173 4794 1229 4839 et
1253 4788 1451 4856 procul
1474 4786 1671 4843 abest?
1699 4787 1842 4854 Dixi,
1862 4789 2071 4857 sapiens

482 4873 635 4943 ﬁam,
660 4875 837 4944 inquit
865 4874 1143 4941 Salomon,
1173 4887 1222 4931 ct
1245 4878 1458 4932 recessit
1487 4896 1518 4932 a
1549 4896 1630 4932 me
1654 4878 1882 4950 longius,
1915 4897 2076 4951 quam

489 4976 606 5022 erat
637 4969 785 5036 prius
814 4968 856 5024 ¹.
930 4969 1269 5039 Sapientiam
1308 4980 1492 5026 autem
1529 4971 1800 5043 intelligit.
1855 4975 1919 5027 Et
1946 4990 2075 5044 pro-

486 5059 637 5115 fecto
668 5061 759 5130 qui
787 5060 1063 5116 scientiam
1087 5062 1262 5126 addit,
1309 5064 1456 5116 addit
1493 5073 1543 5117 et
1590 5062 1825 5117 dolorem
1862 5065 1902 5130 ’,
1951 5079 2075 5119 cum

483 5168 598 5208 non
623 5153 883 5222 majorem
906 5153 1152 5210 lmtitiam
1186 5155 1419 5225 accipiat
1453 5170 1518 5210 cx
1553 5170 1639 5217 eo,
1671 5157 1814 5226 quod
1860 5155 2069 5223 didicit,

487 5263 652 5320 quam
680 5248 925 5303 dolorem
974 5262 1040 5304 ex
1086 5265 1172 5315 eo,
1201 5249 1346 5319 quod
1378 5250 1603 5321 assequi
1637 5266 1748 5305 non
1779 5251 1983 5321 potuit.
2017 5251 2071 5305 Id

486 5340 635 5412 quod
666 5341 769 5396 illis
802 5341 1302 5413 soleteontingcre,
1335 5340 1428 5411 qui
1457 5342 1708 5398 sitientes
1737 5341 1915 5397 adhuc
1946 5342 2069 5396 abs~

491 5435 785 5488 trahuntur
830 5434 898 5489 ab
929 5448 1089 5504 aqua.
1150 5433 1259 5489 Aut
1292 5437 1383 5504 qui
1412 5449 1470 5488 se
1499 5435 1702 5507 aliquid
1739 5446 1924 5491 tenere
1961 5437 2073 5509 jam

490 5536 711 5596 putant,
739 5527 883 5597 quod
915 5529 1133 5596 assequi
1166 5535 1469 5595 nequeunt.
1523 5528 1634 5582 Aut
1677 5544 1816 5599 quos
1845 5527 2074 5598 fulguris

491 5618 752 5685 splendor
805 5634 978 5688 prope
1025 5619 1193 5673 citius
1224 5622 1502 5685 transiliit,
1537 5637 1698 5692 quam
1755 5621 2069 5675 illustrat-it.

491 5701 619 5759 llaec
646 5722 735 5761 me
761 5708 1019 5777 cogitatio
1063 5710 1353 5779 depressit,
1379 5721 1541 5781 atque
1572 5711 1835 5769 humilem
1889 5713 2069 5769 reddi-

570 5844 802 5919 “Eccle.
840 5863 934 5916 ru,
962 5851 1049 5907 2i.
1142 5854 1162 5885 ¹¹
1202 5852 1385 5909 Eecle.
1422 5870 1462 5925 ι,
1494 5856 1578 5937 l_8.

2180 4801 2267 4839 σιν
2294 4785 2718 4855 ἀποσπωμένοις
2743 4783 2952 4852 ὓδατος,
2982 4785 3014 4854 ἢ
3041 4786 3269 4854 κρατεῖν
3286 4802 3338 4839 τι
3363 4784 3423 4838 οὐ
3444 4784 3770 4854 δυναμένοις

2179 4875 2326 4947 ἔχειν
2353 4877 2689 4947 νομίζουσιν,
2729 4876 2760 4948 ἢ
2794 4875 2886 4941 οὓς
2909 4876 3155 4947 ἀπῆλθεν
3185 4876 3348 4941 εὐθὺς
3375 4876 3632 4948 ἀστραπὴ
3666 4892 3768 4928 πε-

2181 4969 2526 5041 ριλάμψασα.
2590 4969 2764 5024 Τοῦτό
2812 4987 2879 5041 με
2937 4970 3058 5042 ἵστη
3112 4971 3305 5037 κάτω,
3343 4972 3436 5027 καὶ
3508 4967 3769 5025 ταπεινὸν
3829 5041 3834 5045 .

2180 5063 2382 5129 ἐποίει,
2440 5063 2535 5116 καὶ
2583 5057 2727 5117 εἶναι
2773 5063 2985 5134 βέλτιον
3028 5066 3253 5120 ἔπειθεν
3313 5066 3539 5121 ἀκούειν
3582 5063 3770 5135 φωνὴν

2180 5159 2468 5223 αἰνέσεως,
2532 5157 2562 5228 ἢ
2618 5156 2893 5229 ἐξηγητὴν
2951 5154 3095 5213 εἶναι
3150 5158 3261 5212 τῶν
3317 5159 3456 5230 ὑπὲρ
3510 5157 3768 5228 δύναμιν.

2190 5250 2257 5305 Ἢ
2282 5250 2670 5323 μεγαλειότης,
2692 5253 2789 5305 καὶ
2814 5251 2874 5305 τὸ
2904 5250 3060 5321 ὕψος,
3082 5251 3181 5305 καὶ
3213 5248 3279 5306 τι
3310 5253 3549 5322 ἀξίωμα,
3580 5250 3677 5305 καὶ
3706 5251 3769 5305 αι

2182 5341 2426 5413 καθαραὶ
2456 5344 2650 5412 φύσεις
2690 5345 2847 5415 μόλις
2891 5346 3171 5416 χωροῦσαι
3204 5346 3341 5400 Θεοῦ
3378 5346 3766 5417 λαμπρότητα,

2179 5435 2237 5488 ὃν
2283 5434 2524 5499 ἄϐυσσος
2561 5439 2856 5506 καλύπτει,
2889 5432 2952 5492 οὗ
2999 5438 3194 5502 σκότος
3227 5437 3545 5510 ἀποκρυφὴ,
3588 5435 3767 5503 φωτὸς

2174 5527 2326 5590 liv-co;
2355 5528 2450 5582 τοῦ
2482 5527 2898 5599 καθαρωτάτου,
2922 5530 3013 5583 καὶ
3040 5530 3338 5599 ἀπροσίτου
3364 5534 3474 5594 τοῖς
3500 5527 3761 5591 πλείοσιν,

2173 5622 2229 5684 ὃ,
2260 5623 2321 5673 ἐν
2349 5623 2483 5691 τῷδε
2513 5622 2588 5693 τῷ
2622 5625 2804 5689 παντὶ,
2842 5623 2936 5676 καὶ
2960 5624 3053 5677 τοῦ
3082 5623 3284 5687 παντός
3314 5625 3461 5677 ἐστιν
3492 5623 3619 5688 ἔξω.
3667 5622 3765 5685 ὐς

2173 5715 2338 5772 καλόν
2378 5717 2529 5772 ἐστιν
2572 5716 2740 5783 ἁπαν,
2782 5719 2878 5771 καὶ
2905 5717 3020 5773 ἀνω
3053 5715 3222 5774 καλοῦ
3271 5716 3495 5784 παντὸς,
3541 5715 3598 5781 ὃς
3635 5714 3761 5770 νοῦν
