4126 6404
514 363 615 429 187

1744 367 1951 428 EUTII
1962 367 2125 428 YMlI
2164 367 2527 427 ZlGABENI

3692 354 3789 418 183

510 504 616 558 bus
633 502 831 570 solum,
850 501 946 558 sed
964 518 1033 559 ex
1050 502 1343 558 virtutibus
1366 500 1473 558 illis
1490 516 1611 573 quae
1632 498 1840 557 mundo
1861 510 1989 558 sunt
2008 518 2101 558 ex—

2208 484 2485 555 μακαρίαν
2533 482 2696 552 φύσιν
2737 481 2913 544 οὑδεις
2947 480 3089 549 ἔγνω
3136 476 3268 531 ποτὲ
3314 475 3471 541 Θεὸν,
3526 475 3575 529 εί
3623 471 3699 545 μὴ
3743 467 3791 540 ᾧ

515 592 790 656 celsiores,
824 602 921 647 aut
953 606 1016 647 ex
1043 591 1330 654 cherubin,
1375 604 1470 648 aut
1503 592 1758 663 seraphin
1788 590 1957 647 Deum
1997 607 2100 646 nn-

516 683 615 749 vit,
637 684 743 738 nisi
763 684 847 740 cui
867 684 1136 755 Deusipse
1160 699 1219 739 se
1242 684 1496 754 patefecit
1520 697 1576 739 et
1612 683 1890 739 indicavit.
1910 684 2101 753 Neque

521 775 775 829 tamenin
824 757 1217 846 omniprorsus
1257 775 1598 846 ignoratione
1624 776 1706 830 sui
1748 775 1969 846 reliquit
2001 789 2102 829 nos

482 896 487 901 -
518 867 684 921 Deus.
705 865 970 923 Omnibus
990 868 1136 922 enim
1148 868 1217 924 ab
1239 867 1700 938 ipso'naturalitcr
1719 868 1941 924 insitum
1970 869 2101 926 illud

520 969 624 1024 cst,
641 971 698 1016 ut
719 971 1046 1031 cognoscant
1062 976 1184 1017 esse
1204 960 1393 1017 Deum.
1415 961 1619 1017 Deinde
1638 978 1819 1017 rerum
1840 962 2103 1017 universi-

520 1062 604 1107 tas
621 1051 848 1123 ejusque
891 1055 1239 1108 conservatio
1265 1062 1320 1107 et
1351 1053 1655 1108 moderatio
1683 1053 1883 1108 divina:
1943 1062 2104 1107 natu-

520 1158 597 1197 ra:
651 1143 1091 1209 magnitudinem
1142 1136 1422 1215 praedicat.
1469 1144 1735 1201 Praeterea
1789 1161 1887 1215 per
1928 1145 2100 1215 legem

520 1240 575 1287 et
609 1234 902 1303 prophetas
951 1235 1129 1305 prius.
1192 1243 1306 1288 tum
1356 1248 1453 1303 per
1503 1234 1845 1305 unigenitum
1903 1233 2102 1288 Filium

520 1339 702 1392 suum,
728 1325 1038 1391 Dominum,
1072 1336 1129 1381 et
1154 1324 1347 1393 Deum,
1376 1333 1431 1380 et
1458 1324 1803 1380 S.-rvatorem
1860 1335 2101 1381 nostrum

520 1414 708 1471 Jesum
786 1418 1092 1485 Christum,
1148 1427 1414 1488 quantum
1484 1434 1680 1489 capere
1759 1430 2101 1489 poteramus,

520 1510 670 1564 Deus
729 1511 1096 1582 cognitionem
1158 1514 1243 1568 sui
1280 1512 1443 1566 nobis
1479 1512 1718 1582 aperuit.
1762 1510 1958 1568 Omnia
2004 1513 2104 1585 igi-

527 1612 616 1655 tur
640 1618 762 1672 qute
784 1604 946 1659 nobis
973 1620 1072 1674 per
1100 1605 1300 1675 legem,
1335 1616 1390 1660 et
1432 1605 1747 1675 prophetas,
1779 1615 1834 1661 et
1881 1615 2105 1675 aposto-

524 1691 629 1759 los,
655 1701 710 1747 et
736 1694 1102 1765 evangelistas
1144 1696 1341 1751 tradita
1371 1703 1520 1761 sunt,
1546 1711 1611 1751 ea
1657 1696 2005 1767 suscipimus,
2050 1708 2105 1752 et

523 1785 905 1854 cognoscimus
939 1794 996 1841 et
1045 1801 1394 1851 veneramur,
1446 1787 1583 1842 nihil
1634 1788 1865 1858 amplius
1921 1789 2103 1859 inqui-

524 1885 728 1931 rentcs.
768 1876 910 1933 Deus
940 1878 1107 1944 enim,
1140 1893 1264 1934 cum
1311 1879 1488 1935 bonus
1522 1881 1616 1948 sit,
1674 1895 1840 1936 omne
1896 1879 2102 1937 bonum

522 1967 804 2038 elargitur,
836 1983 940 2024 nec
972 1968 1212 2033 invidiae,
1240 1970 1451 2026 autulli
1483 1972 1892 2041 perturbationi
1932 1973 2107 2027 obno-

524 2058 649 2114 xius
667 2066 769 2116 est.
795 2058 935 2114 Nam
966 2074 996 2114 a
1026 2061 1211 2117 divina
1232 2060 1322 2117 illa
1368 2071 1592 2129 natura,
1632 2064 1882 2119 omnium
1963 2064 2104 2120 alle-

524 2149 765 2205 ctionum
794 2151 1025 2221 experti,
1049 2167 1114 2207 ac
1142 2152 1257 2208 sola
1290 2151 1435 2209 bona
1473 2155 1663 2224 procul
1698 2155 1852 2211 abest
1874 2155 2104 2212 invidia.

525 2240 715 2311 Itaque
743 2257 869 2297 cum
891 2244 1075 2298 omnia
1103 2243 1263 2308 sciat,
1289 2253 1347 2300 et
1388 2246 1520 2317 quid
1560 2247 1764 2317 cuique
1815 2248 2090 2305 conducat

526 2345 637 2385 non
691 2332 921 2403 ignoret,
979 2351 1104 2405 qua:
1127 2338 1286 2394 nobis
1358 2337 1574 2408 cognita
1601 2338 1891 2395 utilitatem
1946 2349 2109 2396 erant

523 2422 776 2491 allatura,
813 2440 874 2479 ea
902 2428 1216 2488 ,voluntate
1268 2443 1365 2485 sua
1417 2428 1769 2486 declaravit:
1805 2446 1927 2501 quae
1975 2446 2108 2486 vero

524 2511 797 2570 ferrenon
823 2526 1160 2586 poteramus,
1196 2534 1263 2575 ea
1308 2521 1595 2576 conticuit.
1644 2519 1740 2577 llis
1800 2537 1931 2594 ergo
1975 2538 2109 2578 con-

529 2606 888 2675 tentisimus,
918 2609 974 2662 in
1006 2611 1090 2665 his
1113 2627 1454 2667 maneamus.
1475 2611 1590 2668 Nec
1636 2615 1904 2669 terminos
1948 2615 2105 2671 aufe-

525 2710 717 2751 ramus
734 2702 1117 2768 sempiternos,
1152 2718 1254 2759 nec
1278 2719 1310 2759 a
1341 2703 1528 2760 divino
1579 2706 1905 2777 praescripto
1959 2720 2109 2762 rece-

525 2788 744 2846 damus.

1057 2886 1333 2956 Ejusdem.
1365 2886 1498 2957 Cap.
1517 2888 1576 2943 2.
1836 2950 1851 2955 Ἦ

598 2977 826 3049 Oportet
856 2978 1039 3050 igitur,
1072 2995 1222 3045 eum,
1255 2979 1349 3048 qui
1378 2980 1446 3034 de
1474 2979 1586 3035 Deo
1619 2981 1699 3036 vel
1726 2980 1974 3039 dicturus
2022 2994 2109 3041 est

526 3075 752 3146 aliquid,
784 3074 867 3130 vel
900 3074 1209 3139 auditurus,
1235 3075 1366 3130 illud
1390 3074 1551 3145 plane
1572 3078 1849 3149 cognitum
1878 3078 2103 3137 habere.

2202 577 2368 639 αὑτὸς
2394 574 2771 644 ἀπεκάλυψεν,
2800 574 2900 627 οὑκ
2932 569 3236 642 ἀνθρώπων
3275 569 3456 639 μόνον,
3502 566 3619 621 ἀλλ’
3658 565 3788 619 οὑδὲ

2202 666 2311 722 τῶν
2342 667 2732 739 ὑπερκοσμίων
2769 666 3079 735 δυνάμεων,
3121 663 3217 717 καὶ
3245 663 3447 724 αὑτῶν,
3486 660 3650 731 φημὶ,
3673 659 3790 712 τῶν

2202 759 2495 834 χερουόὶμ,
2537 760 2632 814 καὶ
2679 759 2946 829 σεραφὶμ.
3008 757 3123 809 υὺκ
3178 753 3362 821 ἀφῆκε
3408 753 3593 823 μέιιτοι
3637 752 3791 822 ἡμᾶς

2203 857 2230 907 ὁ
2260 852 2392 916 Θεὸς
2437 852 2496 904 ἐν
2524 850 2780 904 παντελεῖ
2825 847 3095 918 ἀγνωσία.
3151 847 3292 900 ﬁdat
3342 843 3448 917 γὰρ
3499 845 3533 915 ἡ
3584 843 3792 911 γνῶσις

2202 942 2298 997 τοῦ
2350 938 2491 996 εἶναι
2524 942 2658 995 Θεὸν
2690 941 2783 994 ὑπ’
2807 936 2973 994 αὑτοῦ
3018 937 3266 1005 φυσικῶς
3312 936 3792 1005 ὲγκατέσπαρται.

2205 1039 2315 1092 Καὶ
2348 1038 2490 1106 αὑτὴ
2540 1035 2649 1103 γὰρ
2695 1036 2728 1105 ἡ
2780 1033 2981 1096 κτίσις,
3014 1033 3109 1085 καὶ
3154 1032 3187 1100 ἠ
3243 1028 3452 1100 ταύτης
3500 1027 3700 1097 συνοχή
3727 1042 3795 1079 τε

2205 1130 2299 1184 καὶ
2329 1128 2659 1199 κυϐέρνησις
2687 1126 2747 1179 τὸ
2772 1124 3063 1195 μεγαλεῖον
3100 1123 3472 1193 ἀνακηρύττει
3510 1121 3608 1191 τῆς
3637 1120 3797 1182 θείας

2205 1221 2440 1291 φύσεως.
2476 1218 2589 1272 Καὶ
2614 1217 2702 1270 διὰ
2729 1217 2899 1286 νόμου
2925 1214 2981 1267 δὲ
3010 1213 3109 1267 καὶ
3155 1210 3456 1285 προφητῶν
3489 1210 3797 1280 πρότερον,

2206 1314 2397 1366 ἔπειτα
2419 1312 2475 1364 δὲ
2510 1315 2603 1365 καὶ
2650 1309 2741 1364 διὰ
2785 1308 2881 1362 τοῦ
2917 1307 3245 1379 μονογενοῦς
3284 1304 3452 1360 αὑτοῦ
3496 1303 3649 1369 Υίοῦ,
3675 1305 3795 1357 Κυ-

2206 1403 2324 1474 ρίου
2354 1404 2412 1458 δὲ
2437 1402 2531 1456 καὶ
2552 1402 2713 1465 Θεοῦ,
2742 1403 2838 1457 καὶ
2861 1402 3015 1471 Σωτῆ
3026 1416 3118 1471 ρος
3143 1398 3304 1471 ἡμῶν
3342 1395 3520 1468 Ἰησοῦ
3547 1395 3796 1466 Χριστοῦ

2206 1496 2346 1550 κατά
2377 1498 2438 1549 τὸ
2479 1495 2701 1565 ἐφικτὸν
2731 1496 2865 1566 ἡμῖν
2899 1493 3000 1564 τὴν
3044 1492 3241 1546 ἑαυτοῦ
3293 1490 3612 1561 ὲφανέρωσε
3646 1487 3795 1557 γνῶο

2207 1608 2313 1643 σιν.
2355 1589 2541 1643 Πάντα
2591 1587 2771 1641 τοίνυν
2823 1586 2892 1640 τὰ
2944 1583 3366 1656 παραδεδομένα
3415 1584 3552 1667 ἡμῖν
3592 1581 3681 1635 διά
3727 1596 3797 1633 τε

2206 1683 2393 1752 νόμου,
2424 1682 2520 1735 καὶ
2553 1677 2872 1750 προφητῶν,
2909 1680 3007 1731 καὶ
3044 1677 3387 1738 ἀποστόλων,
3419 1676 3513 1728 καὶ
3563 1674 3808 1740 εὑαγγει-

2206 1772 2405 1826 λιστῶν
2453 1770 2745 1841 δεχόμεθα,
2796 1769 2892 1823 καὶ
2942 1758 3311 1839 γινώσκομεν,
3355 1766 3451 1819 καὶ
3496 1763 3800 1834 σεϐόμεθα,

2208 1865 2361 1918 οὐδὲν
2389 1861 2705 1933 περαιτέρω
2730 1861 2936 1915 τούτων
2976 1859 3387 1930 ἐπιζητοῦντες.
3428 1854 3657 1926 ’Δγαθὸς
3683 1855 3806 1925 γὰρ

2205 1955 2284 2010 ὣν
2327 1957 2357 2010 ὁ
2399 1955 2558 2023 Θεὸς,
2610 1956 2815 2018 παντὸς
2869 1952 3081 2022 ἀγαθοῦ
3139 1950 3478 2025 παρεκτικός
3525 1951 3697 2015 ἐστιν,
3727 1947 3801 2001 οὗ

2206 2045 2409 2117 φθόνῳ,
2439 2046 2565 2100 οὐδὲ
2615 2046 2779 2100 πάθει
2824 2044 2931 2099 τινὶ
2973 2043 3358 2114 ὑποκείμενος.
3409 2039 3650 2109 Μακράν
3682 2037 3806 2108 γὰρ

2204 2139 2305 2209 τῆς
2330 2137 2485 2203 θείας
2514 2137 2735 2208 φύσεως
2760 2136 2956 2206 φθόνος
2982 2136 3081 2205 τῆς
3104 2150 3169 2201 γε
3192 2132 3465 2196 ἀπαθοῦς,
3493 2132 3588 2184 καὶ
3621 2131 3803 2201 μόνης

2204 2229 2442 2301 ἀγαθῆς.
2498 2228 2586 2292 Ὠς
2635 2226 2732 2281 οὖν
2780 2227 2963 2282 πάντα
3015 2225 3200 2292 εἰδὼς,
3238 2226 3334 2278 καὶ
3385 2224 3447 2278 τὸ
3509 2223 3806 2293 συμφέρον

2205 2323 2425 2392 ἑκάστῳ
2449 2320 2932 2393 προμηθούμενος,
2967 2320 3108 2391 ὅπερ
3155 2317 3455 2389 συνέφερεν
3481 2317 3616 2387 ἡμῖν
3654 2314 3808 2384 γνῶ-

2204 2431 2317 2477 ναι,
2353 2414 2710 2485 ἀπεκάλυψεν
2741 2428 2757 2446 ο
2798 2414 2938 2485 ὅπερ
2984 2411 3042 2466 δὶ
3090 2412 3194 2465 οὑκ
3234 2409 3546 2480 ιδυνάμεθα
3581 2406 3807 2476 φέρειν,

2206 2500 2591 2574 ἀπεσιώπησε.
2625 2502 2816 2557 Ταῦτα
2868 2505 3033 2574 ἡμεῖς
3090 2501 3429 2571 στέρξωμεν,
3462 2499 3557 2552 καὶ
3589 2499 3650 2550 ἐν
3690 2497 3805 2549 αὑ-

2204 2600 2318 2663 τοῖς
2354 2599 2654 2668 μείνωμεν,
2686 2598 2765 2669 μὴ
2819 2597 3175 2667 μιταῐροντες
3216 2593 3345 2664 ὅρια
3387 2592 3608 2658 αἰώνια,
3656 2589 3802 2662 μηδὲ

2209 2690 2634 2760 ὑπερϐαίνοντες
2659 2691 2762 2760 τὴν
2800 2689 2952 2743 θείαν
2987 2686 3305 2759 παράδοσιν.

2568 2891 2683 2946 Τοῦ
2722 2890 2931 2947 αὑτοῦ.
2978 2889 3323 2959 Κεφάλαιον
3357 2886 3440 2953 β’.

2278 2986 2398 3059 Χρὴ
2424 2986 2517 3040 οὑν
2553 2985 2647 3040 τὸν
2674 2987 2805 3056 περὶ
2836 2985 2970 3039 Θεοῦ
3001 2984 3185 3054 λέγειν
3233 2982 3369 3053 τι,ἦ
3412 2981 3638 3036 ἀκούειν
3666 2978 3799 3050 βου-

2208 3081 2453 3151 λόμενον,
2492 3079 2682 3149 σαφῶς
2743 3078 2970 3144 είδὲναι,
3012 3077 3090 3139 ὡς
3140 3075 3262 3130 οὑδὲ
3327 3076 3508 3129 πάντα
3557 3073 3799 3145 ἄρρητα,

523 3167 657 3235 Quae
686 3168 751 3223 ad
776 3168 1118 3224 divinitatem
1143 3167 1283 3238 ejus,
1314 3184 1547 3239 qumque
1583 3170 1651 3225 ad
1705 3169 2101 3228 humanitatem

2209 3171 2328 3227 οὑδὲ
2377 3171 2556 3226 πάντα
2604 3170 2770 3242 ῥητὰ,
2799 3170 2869 3225 τά
2909 3186 2969 3224 τε
3018 3170 3118 3239 τῆς
3174 3166 3459 3236 θεολογίας
3489 3166 3559 3220 τά
3590 3181 3649 3219 τε
3699 3167 3801 3235 τῆς

526 3275 556 3313 a
589 3259 727 3315 Filio
760 3259 931 3329 ipsius
955 3268 1295 3330 assumptam
1319 3262 1619 3331 pertinent,
1649 3277 1753 3317 nec
1781 3265 1965 3319 omnia
1996 3280 2103 3319 non

524 3350 631 3404 dici
676 3366 856 3420 posse,
892 3366 998 3407 nec
1025 3352 1209 3407 omnia
1233 3367 1451 3408 rursum
1469 3352 1577 3408 dici
1615 3371 1628 3408 :
1658 3369 1760 3409 nec
1791 3357 1974 3411 omnia
1997 3373 2104 3411 non

526 3444 808 3514 cognosci,
844 3457 944 3499 nec
972 3445 1156 3500 omnia
1180 3446 1440 3516 cognosci
1473 3461 1653 3515 posse.
1702 3447 1864 3504 Aliud
1921 3458 2102 3503 autem

525 3544 612 3590 est
631 3548 793 3605 posse
822 3534 1077 3607 cognosci
1113 3536 1340 3606 aliquid,
1364 3547 1420 3592 et
1458 3538 1602 3592 aliud
1635 3554 1796 3608 posse
1819 3541 2101 3610 explicari.

522 3624 990 3690 Quemadmodum
1015 3627 1177 3681 etiam
1210 3626 1356 3682 aliud
1387 3637 1467 3684 est
1489 3630 1692 3700 eloqui,
1724 3630 1870 3687 aliud
1898 3639 1983 3686 Cal
2011 3648 2106 3687 co-

524 3732 813 3788 gnoscere.
840 3718 1003 3774 Multa
1036 3719 1218 3793 igitur,
1246 3734 1370 3789 qua:
1398 3720 1466 3775 ad
1502 3720 1670 3776 Deum
1718 3731 1990 3791 spectant,
2020 3733 2104 3777 te-

521 3810 618 3865 nui
674 3812 909 3881 quadam
968 3821 1023 3868 et
1084 3815 1323 3871 obscura
1354 3813 1670 3884 cognitione
1722 3815 2101 3886 percipiuntur

519 3905 827 3970 commode,
862 3914 917 3960 et
949 3906 1165 3975 proprie
1211 3919 1494 3977 nequeunt
1521 3906 1727 3962 ell‘erri.
1782 3907 1969 3977 itaque
2023 3908 2104 3963 lo-

521 4008 751 4066 quentes
781 3998 850 4053 de
882 3997 968 4064 iis,
1003 4013 1126 4069 qua:
1167 4013 1334 4069 supra
1391 4014 1496 4055 nos
1541 4008 1693 4065 sunt,
1726 4001 1974 4072 cogimur
2020 4001 2100 4056 uti

2205 3264 2543 3335 οἰκονομίας.
2582 3263 2722 3318 Οὑτε
2757 3265 2868 3337 μὴν
2905 3264 3084 3318 πάντα
3132 3264 3414 3331 ἄγνωστα,
3447 3258 3575 3313 οὑτε
3618 3259 3802 3313 πάντα

2204 3360 2445 3427 γνωστὰ.
2478 3358 2712 3428 Ἕτερον
2761 3359 2819 3412 δέ
2879 3358 2996 3411 ἐστι
3026 3355 3086 3411 τὸ
3148 3353 3395 3425 γνωστὸν
3446 3352 3545 3407 καὶ
3606 3352 3801 3417 ἕτερον

2202 3453 2264 3507 τὸ
2298 3453 2461 3525 ῥητόν
2485 3468 2498 3481 '
2525 3451 2715 3524 ὥσπερ
2744 3452 2878 3508 ἄλλο
2906 3451 2967 3505 τὸ
2991 3450 3193 3514 λαλεῖν,
3229 3450 3325 3503 καὶ
3368 3447 3497 3502 ἄλλο
3528 3445 3589 3499 τὸ
3618 3442 3793 3513 γινώ-

2203 3563 2380 3601 σκειν.
2426 3545 2606 3601 Πολλά
2637 3545 2818 3600 τοίνυν
2849 3544 2960 3599 τῶν
2994 3546 3124 3614 περὶ
3154 3542 3293 3596 Θεοῦ
3334 3538 3588 3611 ἀμυδρῶς
3630 3552 3792 3589 νοου-

2213 3637 2412 3707 μένων,
2444 3637 2509 3689 οὑ
2559 3635 2794 3707 καιρίως
2846 3632 3230 3705 ἐκφρασθῆναι
3281 3632 3530 3689 δύναται,
3558 3625 3695 3682 ἀλλὰ
3722 3624 3797 3678 τὰ

2209 3725 2332 3779 καθ’
2404 3726 2556 3798 ἡμᾶς
2615 3723 3043 3795 ἀναγκαζόμεθα
3107 3723 3200 3777 ἐπὶ
3269 3721 3381 3777 τῶν
3442 3718 3586 3789 ὑπὲρ
3645 3716 3802 3787 ἡμᾶς

2206 3818 2423 3889 λέγειν·
2483 3818 2675 3890 ὥσπερ
2716 3816 2811 3870 ἐπὶ
2855 3816 2992 3871 Θεοῦ
3045 3815 3282 3886 λέγομεν
3331 3812 3499 3867 ὕπνον
3555 3812 3650 3865 καὶ
3707 3808 3803 3877 ὀρ-

2209 3913 2313 3983 γὴν
2377 3912 2476 3966 καὶ
2518 3912 2805 3982 ἀμέλειαν,
2854 3909 3044 3983 χεῖράς
3086 3927 3145 3965 τι
3196 3908 3294 3967 καὶ
3338 3905 3545 3971 πόδας,
3589 3901 3684 3957 καὶ
3729 3899 3808 3954 τὰ

2205 4020 2455 4059 τοιαυτα.

520 4091 701 4147 verbis
734 4091 897 4146 nobis
924 4093 1379 4164 congruentibus.
1432 4094 1511 4148 Et
1541 4110 1651 4164 quo
1693 4095 1773 4162 lit,
1828 4104 1887 4151 ut
1919 4096 2033 4153 Deo
2088 4110 2145 4155 ct
2201 4118 2479 4165 somnum,
2510 4110 2566 4158 et
2596 4103 2756 4168 iram,
2796 4109 2854 4157 et
2880 4104 3254 4168 securitatem,
3281 4106 3338 4156 et
3366 4112 3585 4162 manus,
3616 4103 3670 4150 et
3704 4107 3807 4163 pe-

521 4185 642 4251 des,
665 4196 722 4241 et
745 4186 849 4241 alia
876 4185 1143 4255 ejusmodi
1178 4185 1508 4242 tribuamus.

590 4279 761 4334 Deum
787 4279 950 4350 igitur
971 4294 1114 4342 esse,
1142 4279 1411 4351 principio
1457 4288 1513 4335 et
1561 4280 1669 4337 line
1720 4297 1930 4347 carere,
1981 4298 2102 4339 esse

518 4380 870 4444 perpetuum,
916 4380 1207 4439 aeternum,
1258 4386 1368 4426 non
1422 4382 1684 4439 creatum,
1743 4375 2103 4439 immobilem,

2266 4285 2392 4339 Ὀτι
2421 4284 2523 4359 μὲν
2546 4280 2641 4339 οὖν
2672 4285 2788 4339 ἐστι
2817 4283 2949 4350 Θεὸς
2977 4282 3235 4354 ἄναρχος,
3262 4278 3803 4347 ἀτελεύτητος,αίὼ-

2214 4377 2322 4441 νιός
2349 4395 2409 4432 τε
2438 4377 2535 4431 καὶ
2560 4377 2752 4443 ἀΐδιος,
2782 4376 3062 4440 ἀκτιστος,
3093 4373 3387 4445 ἄτρεπτος,
3406 4372 3798 4438 ἀναλλοίωτος,

520 4465 942 4529 immutabilem,
983 4464 1306 4533 simplicem,
1347 4466 1794 4536 incompositum,
1833 4469 2101 4537 -corporis

2214 4468 2440 4535 ἁπλοῦς,
2486 4468 2803 4535 ἀσύνθετος,
2859 4468 3177 4537 ἀσώματος,
3232 4465 3490 4538 ἀόρατος,
3549 4465 3795 4536 ἀναφὴς,

522 4568 803 4629 expertem
834 4576 850 4627 ;
880 4573 984 4614 nec
1012 4558 1187 4623 cerni,
1218 4573 1319 4612 nec
1356 4558 1524 4630 tangi,
1569 4575 1670 4616 nec
1722 4561 2102 4616 circumscribi

517 4668 622 4708 nec
656 4652 1003 4723 eugitatione,
1043 4660 1138 4707 aut
1164 4653 1274 4709 ullo
1299 4653 1461 4707 modo
1493 4654 1886 4723 comprehendi
1927 4670 1941 4720 ;
1999 4653 2100 4709 bo-

516 4761 672 4810 num,
700 4745 932 4815 justum,
981 4745 1418 4821 omnipotentem
1458 4746 1689 4812 ;omnia
1755 4761 2101 4815 procreasse,

515 4837 699 4893 omnia
728 4838 1219 4903 moderari,omnia
1250 4852 1497 4902 cernere,
1532 4839 1789 4894 omnibus
1812 4839 2103 4894 consulere

516 4938 572 4985 et
599 4930 920 4999 providere;
950 4931 1005 4984 in
1033 4930 1215 4985 omnia
1246 4932 1448 4987 habere
1468 4940 1817 5000 potestatem,
1852 4934 2099 4987 omnium

513 5037 636 5076 esse
662 5022 931 5091 judicem,
958 5030 1013 5077 et
1032 5026 1441 5094 cognoscimus,
1479 5034 1535 5080 et
1565 5027 1916 5081 conﬁtemur.
1954 5028 2101 5081 Prae.

515 5121 662 5168 terea
699 5130 870 5169 unum
923 5129 1046 5170 esse
1078 5117 1272 5181 Deum,
1299 5117 1403 5173 hoc
1432 5127 1515 5172 est
1568 5135 1734 5172 unam
1772 5119 2098 5186 essentiam,

512 5223 743 5278 eamque
779 5210 954 5265 tribus
1014 5215 1283 5288 personis,
1312 5213 1493 5278 Patre,
1524 5224 1579 5269 et
1612 5214 1768 5278 Filio,
1807 5224 1860 5270 ct
1890 5214 2097 5286 Spiritu

510 5309 702 5356 sancto
728 5300 801 5355 ita
825 5303 1159 5367 distinctam,
1188 5317 1245 5360 ut
1271 5307 1452 5372 Pater,
1481 5317 1537 5361 et
1556 5305 1743 5374 Filius,
1776 5319 1831 5362 et
1857 5310 2097 5379 Spiritus

510 5400 734 5449 sanctus
757 5412 924 5449 unum
951 5399 1172 5451 omnino
1199 5410 1325 5461 sint,
1348 5401 1451 5455 nisi
1472 5402 1614 5468 quod
1639 5400 1797 5455 Pater
1822 5403 2098 5472 ingenitus

510 5495 619 5549 est,
648 5484 821 5542 Filius
871 5489 1110 5561 genitus,
1157 5488 1397 5560 Spiritus
1454 5502 1677 5546 sanctus
1727 5494 1990 5561 procedit.
2032 5493 2096 5548 Et

512 5577 875 5645 unigenitum,
904 5595 968 5637 ac
1010 5580 1251 5636 Verbum
1294 5583 1388 5637 Dei
1424 5591 1479 5639 et
1525 5584 1694 5638 Deum
1729 5599 1828 5653 per
1882 5584 2092 5639 viscera

510 5668 897 5727 misericordiae
923 5689 1035 5729 sum
1058 5690 1159 5745 pro
1188 5676 1364 5730 salute
1394 5686 1606 5740 nostra,
1640 5693 1703 5731 ex
1729 5678 1872 5733 bona
1916 5676 2092 5732 Patris

509 5756 809 5829 voluntate,
840 5774 893 5820 et
928 5781 1095 5837 Opera
1165 5768 1400 5838 Spiritus
1455 5770 1651 5838 sancti,
1706 5770 1825 5827 sine
1876 5770 2085 5828 semine

2208 4561 2642 4633 ἀπερίγραπτος,
2681 4558 3063 4630 ἀπερινόητος,
3098 4557 3512 4628 ἀκατάληπτος.
3560 4556 3795 4625 ἀγαθὸς,

2205 4653 2436 4718 δίκαιος,
2497 4653 2952 4722 παντοδὺναμος,
3008 4651 3232 4705 πάντων
3305 4651 3416 4704 τῶν
3475 4650 3800 4719 κτισμάτων

2204 4745 2563 4817 δημιουργὸς,
2622 4747 3047 4815 παντοκράτωρ,
3096 4744 3514 4812 παντεπόπτης,
3567 4742 3800 4796 πάντων

2208 4837 2537 4908 προνοητὴς,
2583 4837 2960 4907 ὲξουσιαστὴς,
3008 4834 3223 4908 κριτὴς,
3261 4835 3357 4889 καὶ
3414 4835 3794 4905 γινώσκομεν,

2202 4930 2302 4984 καὶ
2324 4930 2703 5001 ὁμολογοῦμεν
2730 4946 2743 4962 ⁸
2789 4933 2884 4984 καὶ
2915 4932 2998 4984 ὅτι
3039 4925 3123 4995 εἷς
3152 4934 3270 4983 ὲστι
3301 4929 3457 4995 Θεὸς,
3491 4930 3660 5001 ἤγουν
3691 4927 3796 4998 μία

2203 5023 2395 5077 οὑσίαο
2431 5024 2523 5076 καὶ
2576 5023 2659 5076 ὅτι
2716 5024 2777 5076 ὲν
2829 5023 3011 5095 τρισὶν
3072 5022 3405 5076 ὑποστάσεσι
3456 5021 3793 5091 γνωρίζεταί

2200 5135 2259 5171 τε
2298 5121 2390 5172 καὶ
2419 5117 2556 5183 ἔστι,
2587 5119 2783 5190 “arpi,
2816 5119 2981 5189 φημὶ,
3030 5119 3122 5171 καὶ
3158 5116 3292 5189 Υίῴ,
3324 5117 3417 5170 καὶ
3447 5117 3586 5187 ἁγίῳ
3619 5114 3796 5169 11νεὺ-

2205 5224 2379 5272 ματι·
2410 5212 2506 5262 καὶ
2562 5211 2645 5263 ὅτι
2695 5212 2722 5263 ὁ
2757 5212 2948 5281 Πατὴρ
2981 5210 3076 5264 καὶ
3128 5212 3156 5264 ὁ
3204 5209 3328 5273 Υίὸς
3378 5209 3473 5263 καὶ
3526 5207 3586 5261 τὸ
3630 5208 3791 5281 ᾷγιον

2202 5300 2429 5370 Πνεῦμα
2481 5302 2624 5355 κατὰ
2668 5303 2848 5356 mium
2884 5302 2942 5355 ἓν
2978 5303 3085 5354 εἰσι
3115 5299 3259 5371 πλὴν
3284 5300 3386 5369 τῆς
3422 5300 3781 5368 ἀγεννησίας,

2200 5391 2299 5447 καὶ
2325 5393 2425 5463 τῆς
2459 5394 2790 5464 γεννήσεως,
2830 5394 2924 5447 καὶ
2960 5394 3060 5464 τῆς
3109 5392 3497 5463 ὲκπορεὺσεως
3522 5407 3536 5423 ·
3571 5393 3666 5445 καὶ
3697 5391 3783 5446 ὅτι

2196 5489 2224 5540 ὁ
2256 5486 2547 5558 μονογενὴς
2580 5489 2706 5550 Υἱὸς
2734 5488 2829 5539 καὶ
2860 5488 3031 5556 Λόγος
3060 5489 3155 5540 τοῦ
3184 5484 3321 5540 Θεοῦ
3359 5485 3457 5538 καὶ
3505 5485 3661 5550 Θεὸς,
3690 5481 3785 5537 διὰ

2200 5581 2484 5651 σπλάγχνα
2537 5580 2721 5644 ἐλέους
2765 5580 2957 5643 αὑτοῦ,
3002 5579 3091 5633 διά
3126 5580 3226 5651 τὴν
3282 5578 3563 5650 ἡμετέραν
3601 5594 3777 5648 σωτηο

2200 5677 2340 5746 ρίαν,
2383 5676 2603 5747 εὐδοκία
2632 5674 2724 5729 τοῦ
2764 5674 2976 5744 Πατρὸς
3015 5674 3107 5726 καὶ
3156 5672 3446 5743 συνεργείᾳ
3493 5670 3586 5725 τοῦ
3622 5672 3784 5738 ἁγίου

2198 5769 2537 5840 Ιίν;ὑ;ινατος,
2578 5767 2839 5841 ἀπόρως
2882 5766 3229 5835 σιελληᾳοῶς,
3276 5765 3528 5835 -ἀςθῦρςης
3582 5765 3642 5816 ἐκ
3682 5764 3783 5833 τῆς
