4126 6408
531 369 632 437 l9!

1775 371 2152 434 EUTIlYMIl
2188 370 2545 431 ZIGABENI

3694 366 3792 429 1T2

525 479 792 536 omnibus
830 479 1218 546 excellentem,
1253 490 1314 536 ut
1351 495 1475 535 curn
1502 480 1556 535 in
1594 495 1725 536 aura
1753 482 1920 542 tenui.
1950 490 2112 550 atque

2226 495 2398 550 σμιον,
2419 480 2800 550 περικόσμιον,
2819 477 3234 550 ὑπερθυράνιον,
3262 479 3361 531 ὑπε
3373 477 3607 548 ρούσιον,
3627 481 3806 549 ἣλιον.

526 572 664 628 adeo
695 573 750 627 in
773 574 1050 629 mentibus
1089 573 1422 643 ipsum-esse
1461 572 1681 639 dicunt,
1721 581 1775 627 et
1809 573 1862 625 in
1910 573 2111 627 animis

527 672 586 717 et
611 665 665 717 in
698 663 1042 734 corporibus.
1073 675 1128 718 et
1153 664 1207 717 in
1235 663 1399 729 cmlo,
1440 664 1569 718 etin
1631 672 1798 726 terra,
1832 673 1886 717 et
1946 663 2114 717 simul

531 752 587 806 iu
621 754 837 818 eodem.
896 754 1148 809 eumdem
1197 755 1254 809 in
1313 755 1540 816 mundo,
1595 767 1759 823 supra
1823 755 2115 819 mundum,

2228 574 2461 644 ἀστέρα,
2527 571 2663 642 πῦρ,
2724 570 2910 642 ὕδωρ,
2960 571 3212 641 πνεῦμα,
3256 571 3484 643 δρόσον,
3547 576 3813 645 νεφέλην,

2214 666 2527 734 αὐτόλιθον,
2559 664 2655 717 καὶ
2680 664 2907 736 πέτραν,
2941 665 3034 717 καί
3064 664 3243 718 πάντα
3271 664 3340 718 τὰ
3360 664 3510 730 ὄντα,
3536 667 3630 718 καὶ
3652 668 3814 721 οὑδὲν

2221 758 2331 809 τῶν
2371 756 2561 810 ὄντων.

529 845 676 900 circa
735 848 1043 913 mundum,
1107 847 1247 903 caelo
1305 848 1665 916 superiorem,
1700 848 2136 917 praestantiorem
2179 852 2445 918 essentia,
2479 854 2670 918 solem,
2726 852 3191 923 stellam,ignem,
3236 867 3456 922 aquam,
3525 852 3813 923 spiritum,

527 952 733 1002 rorem,
775 939 1000 1007 nubem,
1023 939 1202 1010 ipsum
1225 938 1484 1009 lapidem,
1520 950 1576 995 et
1603 950 1835 1011 petram,
1887 951 1942 996 et
1996 944 2184 998 omnia
2236 961 2357 1015 quae
2425 957 2556 1001 sunt
2588 956 2645 1002 et
2680 947 2819 1002 nihil
2852 962 3040 1001 eorum
3069 962 3189 1016 qua:
3229 955 3378 1002 sunt.

523 1049 653 1104 lieni
670 1053 1092 1123 deappcllatione
1115 1056 1317 1131 divine,
1346 1054 1528 1131 Magni
1542 1055 1786 1131 gregarii
1804 1056 2044 1131 leologi
2059 1074 2125 1113 ex

1013 1127 1249 1180 cratium
1275 1125 1312 1179 2
1350 1124 1620 1180 De’Filio.

593 1277 754 1335 Nullo
785 1282 1013 1338 nomine
1044 1284 1314 1342 Divinitas
1347 1294 1530 1358 potest
1561 1289 1865 1344 enuntiari.
1907 1289 1964 1345 ιιι
2000 1306 2106 1347 non

521 1372 695 1426 stilum
731 1374 968 1429 rationes
988 1377 1308 1445 ostendunt,
1343 1395 1528 1437 verum
1561 1383 1727 1437 etiam
1763 1383 2111 1440 Hebraeorum

522 1464 926 1533 Sapientissimi
961 1477 1017 1523 et
1058 1471 1442 1538 vetustissimi,
1506 1477 1682 1544 quoad
1734 1475 1852 1531 ﬁeri
1917 1478 2123 1554 potuit,

2229 1041 2359 1094 Ἔτι
2409 1040 2542 1106 περὶ
2612 1043 2965 1108 θεωνυμίας,
3014 1041 3121 1094 τοῦ
3161 1040 3434 1110 μεγάλου
3474 1041 3820 1109 ΓρηῖὋριόυ

2295 1111 2729 1234 11.05.880va
2764 1114 2835 1164 ἐκ
2851 1112 2957 1165 τοῦ
2988 1110 3274 1180 δευτέρου
3294 1115 3487 1180 λόγου
3517 1110 3638 1164 τῶν
3667 1112 3817 1181 περὶ

2349 1200 2467 1235 ιου.

2293 1273 2368 1326 Τὸ
2429 1272 2575 1326 θεῖον
2640 1272 3106 1343 ἀκατονόμαστον.
3162 1245 3274 1327 kal
3331 1271 3491 1326 τοῦτο
3546 1273 3815 1343 δηλοῦσιν

2221 1365 2322 1433 οὐχ
2365 1365 2414 1418 οἰ
2442 1364 2695 1433 λογισμοὶ
2723 1364 2909 1432 μόνον,
2936 1363 3075 1418 ἀλλὰ
3099 1365 3193 1419 καὶ
3233 1364 3510 1437 Ἐὃραίων
3538 1367 3589 1419 οἰ
3623 1367 3820 1436 σοφώ.

2222 1472 2375 1510 τατοι
2419 1457 2513 1510 καὶ
2568 1458 2947 1521 παλαιότατοι,
2997 1458 3122 1511 ὅσον
3175 1458 3443 1525 εἰκάζειν,
3494 1458 3702 1524 ἔδοξαν.
3737 1461 3817 1513 0!

523 1555 896 1623 declararunt,
925 1560 1131 1631 quippe
1178 1563 1269 1634 qui
1306 1567 1548 1637 propriis
1586 1568 1912 1636 quibusdam
1979 1548 2121 1623 notis

2226 1548 2333 1617 γὰρ
2369 1549 2753 1621 χαρακτῆρσιν
2800 1551 2953 1613 ἰδίοις
3003 1549 3065 1603 τὸ
3099 1548 3244 1604 θεῖον
3290 1552 3645 1619 τιμήσαντες,
3677 1552 3817 1605 οὐδὲ

524 1661 650 1701 eum
700 1651 942 1705 venerati
993 1662 1146 1716 sunt,
1216 1670 1321 1710 nec
1385 1661 1776 1727 permiserunt,
1820 1669 1880 1714 ut
1917 1660 2121 1715 eisdem

2226 1642 2544 1712 γράμμασιν
2575 1643 2938 1714 ἀνασχόμενοι
2971 1644 3086 1704 τοῖς
3133 1642 3321 1705 αὐτοῖς
3376 1643 3508 1697 ἄλλο
3553 1659 3609 1695 τι
3659 1643 3816 1713 γρά-

527 1737 734 1794 litteris
765 1754 849 1806 ea,
879 1757 998 1811 qua:
1034 1753 1157 1813 post
1182 1742 1350 1800 Deum
1382 1756 1533 1806 sunt.
1569 1757 1622 1802 et
1648 1748 1761 1818 ipse
1790 1749 1931 1804 Deus
1973 1749 2115 1805 indi-

2225 1735 2422 1804 φεσθαι
2449 1735 2559 1788 τῶν
2587 1736 2729 1806 μετὰ
2762 1735 2919 1799 Θεὸν,
2956 1736 3054 1790 καὶ
3083 1735 3243 1800 Θεὸν,
3294 1736 3370 1798 ὥς
3402 1738 3528 1789 δέον
3558 1735 3812 1790 ammir-

534 1842 778 1894 raretur,
806 1833 963 1900 quasi
990 1842 1240 1902 Oporteat
1269 1835 1325 1889 in
1372 1836 1479 1891 lioc
1545 1838 1707 1892 etiam
1767 1840 1935 1895 Deum
1994 1856 2119 1895 cum

2226 1843 2384 1895 νητον
2418 1821 2581 1891 εἶναι,
2611 1828 2702 1879 καὶ
2734 1829 2899 1898 μέχρι
2946 1826 3143 1880 τούτου
3175 1828 3236 1879 τὸ
3264 1826 3421 1880 Θεῖον
3451 1829 3564 1890 τοῖς
3591 1827 3812 1897 ἡμιτέ-

527 1919 690 1972 rebus
720 1924 924 1977 nostris
950 1923 1089 1979 nihil
1123 1926 1326 1981 habere
1355 1932 1667 1985 Commune.
1690 1929 1977 1996 Quomodo
2025 1933 2127 2005 igi-

532 2026 626 2077 ιιιιο
658 2011 1012 2071 admisissent
1060 2017 1195 2072 tales
1221 2018 1351 2082 viri,
1393 2028 1643 2075 naturam
1687 2023 1829 2076 illam
1853 2023 2122 2080 insolubi-

540 2100 646 2154 lem
709 2111 766 2157 et
816 2120 914 2159 sua
947 2122 1007 2161 se
1046 2108 1376 2178 proprietate
1409 2113 1782 2168 continentem
1804 2131 1937 2170 voce
1965 2116 2117 2171 solu-

536 2190 629 2245 1ιὶΙὶ
672 2195 981 2253 declarari?
1002 2197 1194 2256 Nullus
1214 2218 1452 2272 unquam
1493 2204 1737 2275 profecto
1768 2215 1937 2261 totum
1965 2207 2116 2263 ellla-

537 2285 859 2352 vitaerem;
901 2304 1003 2344 nec
1033 2291 1126 2346 Dei
1169 2295 1466 2349 essentiam
1517 2298 1745 2353 omnino
1801 2300 1889 2363 vel
1948 2316 2107 2356 mens

532 2377 811 2448 concepit,
856 2382 943 2435 vel
973 2397 1075 2437 vox
1103 2387 1542 2456 comprehendit.
1580 2388 1687 2443 Sed
1745 2405 1811 2445 ex
1882 2391 1949 2445 iis
1991 2407 2113 2462 qua:

526 2469 672 2522 circa
698 2472 873 2540 ipsum
903 2486 1055 2537 sunt.
1093 2475 1448 2535 Divinitatem
1483 2482 1893 2548 adumbrantes,
1913 2482 2112 2538 obscu-

528 2574 642 2613 ram
667 2561 789 2630 ejus
820 2567 1110 2633 quamdam
1148 2579 1202 2621 et
1255 2578 1475 2626 tenuem
1508 2572 1638 2627 hinc
1663 2573 1790 2628 inde
1821 2574 2112 2644 imaginem

526 2652 853 2724 colligimus.
874 2657 938 2717 Et
972 2659 1063 2713 ille
1090 2659 1300 2727 primus
1323 2677 1348 2714 a
1372 2663 1528 2717 nobis
1582 2660 1870 2735 tlfbologus
1922 2666 2111 2719 existi-

527 2756 732 2812 matur,
765 2762 873 2801 non
906 2749 997 2817 qui
1040 2759 1208 2805 totam
1253 2752 1596 2809 divinitatem
1652 2756 1882 2822 invenit,
1959 2758 2109 2811 nullo

529 2835 677 2890 enim
703 2840 926 2895 vinculo
965 2851 1074 2898 tota
1122 2845 1430 2915 stringitur,
1472 2848 1565 2901 sed
1599 2848 1693 2917 qui
1734 2849 1905 2918 magis
1948 2864 2110 2918 quam

2227 1935 2367 1989 ροις,
2401 1920 2534 1972 πότε
2590 1918 2660 1973 ἂν
2692 1919 2960 1986 δείξαιντο
2999 1918 3236 1989 λυομένη
3290 1920 3447 1989 φωνῇ
3501 1916 3814 1988 δηλοῦσθαι

2223 2009 2325 2082 τὴν
2380 2010 2576 2065 ἄλυτον
2616 2011 2782 2081 φύσιν
2823 2012 2918 2064 καὶ
2966 2011 3300 2075 ἰδιάζουσαν.
3353 2008 3494 2064 Οὔτε
3524 2011 3632 2080 γὰρ
3661 2010 3815 2078 ἀέρα.

2222 2117 2309 2165 τις
2361 2103 2627 2156 έπνευσεν
2685 2102 2810 2156 ὅλον
2866 2102 3112 2167 πώποτε,
3141 2102 3269 2155 οὔτε
3301 2101 3492 2155 οὐσίαν
3517 2101 3814 2165 παντελῶς

2220 2194 2382 2260 Θεοῦ,
2412 2195 2446 2266 ἢ
2484 2195 2610 2259 νοῦς
2651 2195 2997 2267 κεχώρηκεν,
3022 2196 3055 2265 ἢ
3083 2194 3238 2265 φωνὴ
3265 2194 3614 2266 περιέλαϐεν.
3634 2192 3789 2265 "AD.

2218 2287 2284 2341 ὲκ
2322 2288 2432 2342 τῶν
2462 2289 2591 2359 περὶ
2619 2288 2784 2342 αὑτὸν
2819 2287 3298 2359 σκιαγραφοῦντες
3341 2288 3411 2341 τὰ
3445 2288 3567 2340 κατ’
3605 2287 3805 2352 αὐτὸν,

2219 2376 2473 2451 ἀμυδρὰν
2502 2396 2625 2432 τινα
2653 2379 2745 2433 le
2771 2378 3003 2450 ἀσθενῆ,
3029 2380 3124 2432 καὶ
3150 2378 3320 2449 ἀλλην
3352 2377 3627 2433 ἀπ’ἄλλου
3658 2395 3809 2447 (pavo

2218 2472 2413 2523 τασίαν
2445 2471 2799 2541 συλλέγομεν.
2837 2474 2944 2525 Καὶ
2996 2466 3155 2535 οὗτος
3215 2472 3442 2541 ἄριστος
3499 2472 3631 2541 ἡμῖν
3678 2471 3809 2524 θεο-

2221 2561 2401 2629 λόγος,
2434 2564 2534 2632 οὐχ
2567 2563 2624 2626 ὃς
2657 2560 2786 2634 εὗρε
2838 2563 2899 2616 τὸ
2926 2565 3058 2627 πᾶν,
3101 2564 3160 2617 οὐ
3197 2564 3307 2634 γὰρ
3340 2563 3559 2633 δέχεται
3595 2563 3657 2615 τὸ
3685 2563 3811 2616 πᾶν

2221 2656 2249 2705 ὁ
2279 2654 2501 2725 δεσμὸς,
2530 2656 2644 2710 ἀλλ’
2688 2657 2751 2719 ὃς
2814 2658 2911 2711 ἐὰν
2955 2657 3119 2711 ἄλλου
3154 2657 3439 2728 φαντασθῇ
3475 2657 3660 2722 πλέον,
3702 2658 3809 2710 καὶ

2219 2750 2403 2803 πλεῖον
2439 2753 2494 2802 ἐν
2521 2752 2701 2822 ἐαυτῷ
2734 2751 3015 2821 συναγάγῃ
3044 2751 3103 2804 τὸ
3130 2752 3226 2819 τῆς
3257 2749 3517 2821 ἀληθείας
3541 2748 3800 2819 ῐνδαλμα,

2221 2847 2253 2917 ἢ
2295 2847 2671 2915 ἀποσκίασμα,
2698 2847 2730 2916 ἦ
2760 2850 2787 2899 ὃ
2824 2866 2879 2900 τι
2910 2847 3005 2900 καὶ
3027 2846 3392 2916 ὀνομάζομεν.

527 2929 669 2986 alius
707 2932 1088 3003 cogitationem
1145 2938 1458 3004 intendens,
1508 2942 1771 3011 majorem
1828 2943 2073 2998 veritatis
2114 2943 2230 2996 sive
2290 2941 2725 3006 similitudinem,
2755 2941 2871 2996 sive
2915 2941 3191 3004 umbram,
3231 2940 3350 2997 sive
3405 2941 3462 2997 id
3488 2941 3597 2997 alio
3635 2938 3803 2995 modo

531 3025 615 3079 vis
650 3028 949 3098 appellare.
983 3033 1168 3087 animo
1208 3036 1608 3105 complecmnr.

605 3118 888 3184 Quantum
950 3137 1081 3194 ergo
1129 3125 1288 3179 uobis
1345 3127 1560 3197 assequi
1614 3144 1937 3185 concessum
2005 3139 2110 3192 est,
2145 3139 2188 3199 ο

534 3211 666 3277 Em,
740 3223 795 3267 et
864 3202 1031 3279 Dius,
1111 3217 1288 3290 magis
1375 3223 1781 3292 quodammodo
1859 3226 2117 3280 essentia:

538 3301 765 3373 nomina
796 3313 959 3370 sunt;
1004 3319 1073 3360 ex
1118 3307 1297 3377 iisque
1338 3313 1502 3365 etiam
1561 3327 1687 3378 vox,
1726 3311 1860 3377 Ens,
1895 3314 1962 3368 ad
1992 3330 2114 3368 eam

541 3389 889 3446 indicandam
944 3395 1126 3464 aptior
1188 3408 1309 3464 est;
1342 3415 1450 3456 non
1500 3401 1605 3458 hoc
1660 3403 1836 3458 solum
1872 3407 2115 3470 nomine,

540 3483 687 3551 quod
715 3484 852 3553 ipse,
902 3500 1023 3541 cum
1078 3487 1241 3561 Moysi
1276 3492 1329 3547 in
1356 3498 1540 3550 monte
1582 3496 1871 3551 oraculum
1909 3498 2114 3558 ederet.

541 3587 924 3649 quaereretque
944 3580 1053 3645 ille,
1076 3596 1184 3650 quo
1202 3587 1426 3641 nomine
1444 3597 1759 3653 vocaretur,
1784 3588 1854 3644 ita
1878 3592 2119 3661 scipsum

558 3672 864 3740 appellavit,
910 3675 1127 3729 edicens
1166 3676 1417 3731 videlicet
1453 3679 1522 3744 ei,
1568 3689 1623 3728 ut
1663 3678 1730 3730 ad
1755 3676 2001 3744 populum
2029 3676 2115 3731 his

548 3767 725 3820 verbis
759 3778 1046 3822 uteretur:
1084 3768 1333 3836 Qui-est,
1381 3772 1519 3825 misit
1575 3786 1655 3823 me
1698 3772 1751 3833 ¹;
1810 3770 1902 3823 sed
1956 3770 2117 3823 etiam

548 3857 675 3922 quia
708 3873 898 3913 nomen
927 3859 1053 3915 illud
1077 3861 1249 3930 magis
1288 3864 1561 3931 proprium
1590 3877 1708 3915 esse
1732 3861 2118 3929 comperimus.

550 3946 806 4011 Quamvis
1010 3953 1152 4005 enim
1187 3952 1282 4005 Dei
1306 3968 1430 4016 vox,
1464 3954 1547 4006 vel
1577 3967 1605 4004 δ
1639 3954 1802 4005 verho
1844 3951 2009 4013 θέειν,
2042 3951 2123 4004 vel

552 4039 619 4092 ab
633 4038 827 4103 αἴθειν,
846 4050 902 4094 ιιι
929 4043 1230 4109 putantqui
1259 4042 1311 4095 in
1341 4044 1441 4095 hoc
1471 4057 1667 4111 genere
1691 4041 1789 4093 sibi
1822 4042 1942 4094 sciti
1968 4052 2128 4109 atque

552 4129 725 4196 arguti
750 4131 1018 4195 videntur,
1054 4132 1153 4185 hoc
1179 4142 1280 4193 est,
1312 4148 1341 4185 a
1370 4131 1648 4190 currendo,
1686 4131 1768 4183 vel
1802 4130 1869 4183 al)
1901 4132 2123 4189 urendo,

556 4218 820 4272 rationem
857 4220 1084 4290 originis
1113 4235 1224 4275 sua:
1263 4223 1445 4285 ducat,
1470 4230 1690 4289 propter
1728 4231 1903 4273 motus
1930 4233 2127 4288 perpe«

556 4310 821 4373 tilitatem,
852 4321 905 4364 et
949 4312 1089 4380 quod
1136 4312 1356 4366 vitiosos
1394 4313 1606 4367 habitus
1663 4320 1943 4366 consumat
1976 4312 2121 4379 (nam

2233 4317 2361 4388 γὰρ,
2396 4317 2548 4387 φησί,
2586 4319 2819 4385 Κύριος,
2872 4319 2904 4369 ὀ
2954 4317 3097 4380 Θεός
3130 4328 3246 4367 σου
3271 4331 3282 4343 ·
3332 4313 3510 4366 τοῦτό

556 4399 681 4455 hinc
711 4418 924 4472 quoque
952 4405 1090 4473 ignis
1122 4419 1444 4460 consumens
1494 4406 1691 4460 dicitur
1722 4403 1801 4475 ‘),
1840 4417 1903 4457 ex
1937 4417 2124 4459 eorum

558 4499 736 4546 tamen
772 4509 994 4549 numero
1024 4507 1133 4558 est,
1164 4512 1283 4564 qum
1315 4498 1381 4550 ad
1417 4496 1617 4566 aliquid
1659 4497 1994 4558 referuntur,
2026 4510 2125 4548 uec

556 4581 723 4637 lihera
759 4594 814 4640 et
837 4587 1078 4642 ahsoluta
1111 4597 1224 4653 est;
1254 4589 1704 4657 quemadmodum
1738 4602 1839 4642 nec
1869 4603 1968 4639 vox
2000 4588 2124 4651 ista,

556 4673 834 4741 Dominus,
875 4693 994 4748 qua:
1048 4678 1145 4732 Dei
1201 4695 1415 4749 quoque
1468 4679 1660 4733 nomen
1727 4694 1850 4734 esse
1886 4671 2124 4732 'dieitur.

556 4762 669 4831 Ego
697 4768 856 4833 enim,
889 4769 1085 4836 inquit,
1131 4769 1383 4828 Dominus
1423 4768 1561 4822 Deus
1616 4781 1737 4821 tuus
1765 4770 1903 4821 :lioc
1953 4783 2126 4820 meum

556 4870 743 4909 nomen
774 4868 847 4911 est
887 4861 946 4922 ³,
983 4870 1055 4923 et,
1089 4859 1341 4914 Dominus
1374 4877 1559 4913 nomen
1587 4862 1685 4929 ipsi
1734 4866 1773 4911 δ.
1799 4860 1870 4913 Αι
1907 4875 2007 4913 nos
2031 4875 2128 4911 ua-

3492 3038 3507 3071 ι

2296 3127 2461 3181 Ὅσον
2489 3126 2533 3180 δ’
2568 3122 2661 3181 οὖν
2705 3128 2769 3182 ὲκ
2818 3127 2927 3182 τῶν
2978 3130 3112 3200 ἡμῖν
3148 3129 3408 3198 ἐφικτῶν,
3453 3132 3487 3184 ό
3538 3130 3638 3201 μὲν
3682 3129 3795 3199 ὢν,

2218 3221 2311 3273 καὶ
2344 3226 2375 3277 ὁ
2411 3220 2579 3286 Θεὸς,
2612 3220 2816 3292 μᾶλλόν
2849 3238 2967 3285 πως
3011 3221 3110 3291 τῆς
3139 3223 3326 3282 οὐσίας
3367 3222 3611 3292 ὀνόματα
3632 3237 3648 3254 ⁶
3699 3226 3799 3277 καὶ

2215 3313 2420 3365 τούτων
2466 3314 2668 3382 μᾶλλον
2696 3316 2729 3366 ό
2759 3312 2873 3366 ὤν’
2902 3313 2966 3366 οὐ
2997 3313 3155 3383 μόνον
3175 3315 3260 3368 ὅτι
3286 3313 3366 3384 τῷ
3394 3315 3622 3369 Μωῦσεῑ
3657 3332 3801 3386 χρη-

2221 3406 2464 3476 ματίξων
2498 3407 2592 3458 ὲπί
2621 3407 2711 3459 τοῦ
2745 3405 2926 3477 ὅρους,
2970 3410 3065 3460 καὶ
3090 3407 3191 3478 τὴν
3219 3407 3417 3476 κλῆσιν
3453 3407 3802 3475 ἀπαιτούμε-

2218 3518 2331 3565 νος,
2390 3500 2424 3571 ἦ
2481 3499 2565 3563 τίς
2626 3516 2757 3552 ποτε
2816 3500 2925 3569 εἴη,
2988 3497 3148 3555 τοῦτο
3218 3501 3509 3569 προσεῖπεν
3570 3500 3793 3555 tamen.

2232 3594 2295 3645 '0
2322 3591 2406 3646 ὢν
2424 3591 2775 3648 ἀπέσταλκά
2798 3608 2898 3661 με,
2923 3591 3001 3661 τῷ
3029 3591 3143 3661 λαῷ
3169 3592 3433 3653 κελεύσας
3452 3592 3644 3645 εἰπεῖν·
3674 3591 3796 3644 ἀλλ’

2218 3678 2302 3731 ὅτι
2343 3677 2435 3730 καὶ
2470 3678 2808 3749 κυριωτέραν
2841 3677 3041 3748 ταύτην
3082 3676 3428 3747 εὑρίσκομεν.
3466 3675 3531 3727 Ἡ
3565 3674 3662 3755 μεν
3691 3677 3808 3741 γὰρ

2228 3767 2320 3823 τοῦ
2349 3770 2516 3831 Θεοῦ,
2546 3769 2645 3822 κᾶν
2668 3769 2774 3822 ἀπὸ
2795 3768 2888 3822 τοῦ
2913 3768 3090 3830 θέειν,
3115 3766 3148 3839 ἦ
3170 3768 3379 3831 αἴθειν,
3408 3762 3810 3835 ἡτυμολόγηται

2228 3864 2341 3924 τοῖς
2377 3862 2506 3933 περὶ
2536 3860 2711 3914 ταῦτα
2739 3859 2990 3930 κομψοῖς,
3035 3859 3123 3912 διὰ
3158 3858 3217 3911 τὸ
3255 3858 3562 3926 ἀεικίνητον
3600 3857 3692 3908 καὶ
3712 3853 3814 3906 δοι-

2230 3952 2528 4021 πανητικόν
2574 3951 2680 4004 τῶν
2716 3951 3001 4022 μοχθηρῶν
3042 3949 3229 4016 ἕξεων,
3255 3949 3347 4001 καὶ
3378 3947 3487 4017 γὰρ
3529 3944 3639 4015 πῦρ
3677 3960 3816 3996 κατ-

2230 4042 2519 4096 αναλίσκον
2568 4042 2818 4096 ἐντεῦθεν
2867 4043 3103 4112 λέγεται,
3147 4041 3261 4094 ἀλλ’
3319 4036 3413 4093 οὖν
3442 4039 3552 4091 τῶν
3590 4036 3725 4107 πρός
3755 4053 3816 4090 τι

2229 4135 2539 4205 λεγομένων
2566 4134 2703 4197 ἐστὶ,
2732 4135 2825 4187 καὶ
2853 4136 2951 4188 οὐκ
2969 4135 3182 4203 ἄφετος·
3207 4132 3395 4203 ὥσπερ
3418 4130 3511 4184 καὶ
3532 4132 3566 4200 ἡ
3592 4130 3819 4195 Κύριος

2234 4226 2409 4296 φωνὴ,
2443 4225 2617 4296 ὄνομα
2650 4222 2787 4279 εἶναι
2831 4225 2965 4279 Θεοῦ
3013 4225 3108 4279 καί
3137 4223 3273 4294 αὐτὴ
3322 4218 3622 4291 λεγομένου
3662 4217 3819 4285 Ἐγὼ

3686 4318 3816 4374 μου

2231 4405 2404 4458 ἐστὶν
2427 4405 2642 4473 ὄνομα·
2678 4407 2792 4471 καὶ,
2834 4405 3047 4473 Κύριος
3091 4404 3277 4473 ὄνομα
3312 4400 3491 4466 αὐτῷ.
3530 4396 3817 4468 Ἣμεῖς.δὲ

2234 4493 2395 4563 φύσιν
2426 4493 2808 4566 ἐπιζητοῦμεν,
2843 4489 2875 4568 ᾖ
3057 4494 3118 4547 τὸ
3163 4490 3302 4546 εἶναι
3344 4491 3464 4546 καθ’
3494 4488 3674 4552 ἑαυτὸ,
3714 4488 3817 4539 καὶ

2234 4588 2336 4639 οὐκ
2373 4587 2516 4658 ἄλλῳ
2562 4587 2941 4657 συνδεδεμένον
2962 4604 2973 4616 ·
3018 4588 3079 4639 τὸ
3122 4586 3176 4639 δὲ
3205 4585 3264 4638 ὃν
3287 4620 3303 4645 ,
3485 4583 3614 4636 ἴδιον
3641 4580 3815 4641 ὅντως

2235 4678 2396 4739 Θεοῦ,
2429 4679 2521 4731 καὶ
2552 4678 2690 4742 ὅλον,
2744 4679 2881 4750 μήτε
2924 4678 3003 4749 τῷ
3031 4677 3138 4750 πρὸ
3170 4675 3356 4739 αὐτοῦ,
3399 4676 3534 4745 μήτε
3579 4672 3657 4742 τῷ
3693 4669 3816 4740 μετ’

2230 4770 2411 4830 αὐτὸν,
2446 4771 2509 4822 οὐ
2550 4770 2659 4842 γὰρ
2702 4765 2792 4841 ἦν,
2826 4770 2859 4840 ἢ
2905 4769 3088 4834 ἔσται,
3130 4767 3533 4840 περατούμενον
3576 4763 3609 4833 ἢ
3658 4777 3822 4830 περι-

2235 4859 2591 4929 κοπτόμενον.

558 4959 730 5003 turam
770 4945 1032 5020 ejusmodi
1069 4956 1423 5022 exquirimus,
1453 4969 1572 5023 quae
1631 4955 1804 5022 ipsum
1863 4968 1984 5008 esse
2033 4969 2128 5022 per
2168 4968 2227 5007 se
2251 4954 2467 5018 habeat,
2506 4968 2569 5009 ac
2598 4970 2703 5007 non
2743 4969 2865 5009 cum
2897 4953 3001 5007 alio
3023 4951 3276 5022 quopiam
3341 4948 3640 5018 copuletur.
3704 4942 3758 4995 Et
3790 4957 3821 4995 8

557 5059 705 5107 vero,
737 5049 1008 5115 proprium
1037 5065 1171 5104 sane
1202 5061 1285 5104 est
1325 5049 1438 5115 Dei,
1477 5065 1540 5105 ac
1587 5059 1780 5115 totum,
1813 5052 1921 5105 nec'
1941 5050 2119 5118 priore
2159 5049 2340 5119 aliqua
2373 5067 2451 5115 re,
2498 5066 2597 5105 nec
2661 5052 2958 5121 posteriore
3019 5049 3143 5120 (nec
3175 5049 3317 5102 enim
3372 5054 3509 5108 erat,
3538 5047 3631 5094 aut
3662 5037 3760 5092 erit
3769 5043 3821 5104 ),

557 5138 838 5195 deﬁnitum
874 5158 935 5196 ac
961 5144 1363 5201 circumcisum.

816 5237 938 5291 Alia
982 5250 1159 5294 autem
1206 5241 1420 5294 nomina
1461 5241 1654 5310 partim
1696 5241 1979 5311 potestatis
2011 5257 2132 5296 esse

559 5337 793 5389 constat,
824 5331 1020 5397 partim
1053 5331 1389 5398 meonomiae,
1417 5340 1471 5384 et
1512 5332 1730 5400 quidem
1755 5332 2017 5402 duplicis;
2057 5332 2134 5385 al-

560 5421 731 5475 terius
774 5420 1029 5474 nimirum
1081 5435 1312 5487 corporc
1357 5422 1710 5485 sublimioris,
1744 5423 1969 5477 alterius
2007 5438 2131 5476 cum

561 5525 787 5579 corpore
824 5511 1148 5579 conjuncta.
1179 5510 1421 5579 Exempli
1451 5527 1638 5576 causa,
1678 5511 2033 5582 Omnipotens
2075 5512 2129 5577 ⁸,

563 5612 616 5655 et
648 5602 783 5668 ilex,
826 5601 908 5655 vel
949 5601 1135 5671 gloria:
1166 5603 1219 5669 ⁸,
1251 5602 1333 5657 vel
1386 5604 1707 5659 saeculorum
1742 5606 1793 5672 ⁷,
1831 5606 1913 5659 vel
1963 5606 2136 5658 virtu-

638 5722 654 5752 ⁸
692 5721 861 5776 Exod.
907 5737 1008 5785 ιιι,
1051 5721 1138 5777 Η.
1251 5724 1270 5753 ³
1302 5721 1457 5777 Deut.
1498 5737 1575 5787 Iv,
1609 5722 1697 5779 (ἐπὶ.

536 5787 754 5844 ~‘Psal.
790 5805 948 5857 xxiii,
979 5791 1065 5847 10.
1143 5794 1163 5825 ⁷
1198 5792 1217 5849 ι
1256 5792 1397 5851 Tim.
1435 5809 1471 5861 ι,
1510 5792 1594 5849 l7.

1803 5722 1823 5754 ⁸
1851 5721 1949 5779 lsa.
1994 5736 2100 5777 xui
2125 5764 2139 5790 ,
2174 5727 2229 5790 8.

2392 5279 2402 5288 .
2447 5237 2568 5289 Τῶν
2597 5235 2641 5289 δ’
2671 5235 2846 5288 ἄλλων
2885 5230 3283 5302 προσηγοριῶν,
3324 5232 3379 5282 αἰ
3421 5228 3517 5299 μὲν
3545 5227 3641 5297 τῆς
3669 5224 3827 5290 ἐξου-

2242 5330 2364 5391 σίας
2394 5328 2501 5381 εἰσὶ
2538 5326 2850 5398 προφανῶς,
2887 5327 2944 5377 αἰ
2977 5324 3032 5377 δὲ
3074 5324 3172 5393 τῆς
3212 5321 3519 5390 οἰκονομίας
3551 5360 3567 5386 ,
3726 5316 3825 5368 καὶ

2239 5422 2441 5493 ταύτης
2461 5421 2642 5488 διττῆς
2661 5436 2674 5448 ·
2702 5417 2800 5488 τῆς
2838 5416 2934 5487 μὲν
2962 5416 3100 5486 ὑπὲρ
3129 5415 3189 5468 τὸ
3218 5414 3395 5483 σῶμα,
3424 5413 3517 5482 τῆς
3543 5411 3597 5464 δὲ
3627 5413 3685 5463 ὲν
3712 5408 3819 5461 σιει-

2244 5531 2371 5584 ματι
2396 5530 2410 5544 ’
2441 5507 2552 5566 οἷον
2598 5514 2626 5564 ὁ
2677 5510 2775 5579 μὲν
2818 5507 3239 5577 Παντοκράτωρ,
3286 5506 3378 5559 καὶ
3408 5506 3436 5558 ὁ
3478 5498 3756 5564 Βασιλεὺς,
3785 5503 3822 5571 ἢ

2240 5605 2341 5675 τῆς
2364 5602 2542 5673 δόξης,
2574 5601 2607 5673 ἦ
2634 5600 2742 5652 τῶν
2762 5597 2996 5661 αἰώνων,
3020 5598 3052 5668 ἢ
3073 5598 3180 5650 τῶν
3200 5597 3504 5668 δυνάμεων,
3529 5594 3561 5665 ἢ
3723 5589 3820 5643 τοῦ

2336 5723 2353 5755 ⁸
2385 5721 2555 5777 Amos
2603 5737 2681 5791 tx,
2710 5724 2776 5791 6;
2820 5720 2965 5778 l‘sal.
3005 5734 3168 5786 vau,
3202 5718 3253 5772 5.
3372 5716 3392 5748 ⁸
3426 5714 3600 5771 Exod.
3647 5731 3739 5784 xv,
3797 5716 3831 5770 3
