4126 6438
544 435 647 502 135

1690 424 1699 435 ’
1750 431 2141 497 EUTIIYMH
2203 428 2571 490 ZlGABENl

3690 423 3799 492 196

539 543 708 611 plaris
736 542 856 596 viva
885 556 1099 614 quoque
1143 552 1221 598 est
1271 543 1491 614 emgies,
1543 544 1824 619 multoque
1874 550 2053 606 minus
2079 565 2110 606 a

2232 544 2543 616 λαμπρότης
2569 541 2760 613 ψυχῶν
2799 541 2893 597 καὶ
2919 540 3062 612 λόγῳ
3096 542 3190 595 καὶ
3235 540 3336 611 βίῳ
3370 539 3809 612 καθαιρομένων.

537 633 699 692 Patre
730 634 1006 704 dili'erens,
1035 650 1193 705 quam
1236 636 1368 691 Seth
1402 638 1470 693 ah
1502 637 1708 696 Adamo
1747 641 1787 706 ',
1866 641 2115 712 ﬁliusque

536 731 714 783 oumis
743 744 772 782 a
802 742 1029 798 parente
1071 743 1187 783 suo.
1244 728 1560 799 llujusmodi
1623 747 1858 804 namque
1898 734 2111 804 simpli-

538 820 681 874 cium
732 834 911 874 rerum
967 827 1158 874 natura
1209 828 1310 886 est,
1355 831 1413 875 ut
1462 836 1566 876 non
1628 824 1824 893 partim
1866 823 2007 878 inter
2052 838 2112 879 se

536 911 745 965 similes
780 912 906 978 sint,
953 914 1148 983 partim
1202 896 1518 981 dissimiles,
1551 916 1644 970 sed
1699 927 1821 972 ιοιαι
1855 928 1995 974 totas
2023 934 2106 973 re-

537 1013 886 1071 prmsentent,
932 1003 1244 1074 emdemque
1280 1005 1457 1075 potius
1511 1007 1639 1071 sint,
1673 1022 1833 1078 quam
1885 1009 2111 1064 similes.

539 1094 648 1147 Lux
683 1093 703 1123 '
748 1094 913 1147 etiam
966 1095 1184 1160 dicitur,
1223 1107 1279 1150 ut
1341 1097 1650 1156 animorum
1701 1102 1975 1170 splendor,
2013 1104 2104 1173 qui

537 1194 589 1237 et
619 1184 724 1237 vita
754 1194 807 1240 et
836 1199 1088 1241 sermone
1140 1199 1460 1258 purgantur.
1493 1190 1627 1246 Nam
1655 1193 1698 1247 si
1737 1194 2036 1264 ignorantia
2061 1206 2114 1249 et

540 1289 818 1344 peceatum
871 1277 1105 1332 tenebras
1138 1286 1283 1343 sunt,
1318 1280 1408 1334 lux
1462 1283 1704 1352 profecto
1735 1268 1837 1337 erit
1861 1284 2111 1348 scientia,

538 1375 594 1422 et
628 1367 734 1421 vita
769 1368 971 1422 divina.
1014 1367 1139 1423 Vita
1179 1367 1225 1435 ³,
1259 1373 1384 1441 quia
1432 1371 1544 1439 lux,
1587 1375 1861 1445 totiusque
1900 1376 2114 1431 ratione

554 1458 793 1526 praedita:
845 1468 1052 1513 natura:
1101 1463 1522 1529 coagmentatio,
1568 1472 1623 1519 et
1673 1466 2013 1535 procreatio:
2047 1464 2114 1520 In

539 1547 651 1613 ipso
687 1547 824 1600 enim
858 1549 1094 1614 vivimus,
1124 1559 1172 1604 et
1206 1567 1492 1617 movemur,
1530 1562 1580 1606 et
1625 1569 1807 1608 sumus
1844 1556 1890 1618 δ,
1918 1568 2114 1609 secun-

540 1638 667 1690 dum
722 1637 990 1708 duplicent
1063 1641 1210 1696 illam
1264 1643 1641 1714 inspirationis
1683 1645 1705 1678 ³
1769 1642 2107 1701 facultatem.

540 1727 674 1781 Nam
711 1739 765 1784 et
795 1728 943 1785 illinc
969 1745 1155 1788 omnes
1189 1733 1407 1789 vitalem
1438 1735 1690 1804 spiritum
1914 1738 2116 1808 accipi-

2225 638 2287 690 Εί
2312 636 2419 708 γάρ
2442 635 2630 699 σκότος
2661 636 2695 707 ἡ
2726 633 2920 703 ἄγνοια
2968 633 3062 687 καὶ
3105 634 3138 704 ἠ
3179 633 3449 704 ἁμαρτία,
3485 634 3601 704 φῶς
3628 635 3694 688 ἂν
3723 636 3815 707 εῐη

2224 729 2258 800 ἡ
2286 727 2507 797 γνῶσις,
2543 726 2637 781 καὶ
2662 726 2691 776 6
2717 725 2828 796 βίος
3001 725 3030 777 6
3059 723 3260 789 ἔνθεος.
3291 724 3416 796 Ζωὴ
3450 725 3528 789 δὲ,
3553 728 3635 779 ὅτι
3671 727 3816 794 φῶς,

2222 820 2319 878 καὶ
2342 819 2522 890 πάσης
2539 817 2768 887 λογικῆς
2786 815 3003 887 φύσεως
3019 816 3277 880 σύστασις
3296 816 3392 870 καὶ
3503 814 3761 877 οὒσίωσις
3796 823 3814 839 ⁸

2236 912 2343 967 Ἐν
2368 912 2528 979 αὐτῷ
2562 911 2673 983 γὰρ
2714 908 2921 980 ζῶμεν,
2948 908 3047 963 καὶ
3086 909 3429 981 κινούμεθα,
3470 909 3569 963 καί
3600 908 3817 980 ἐσμὲν,

2226 1006 2369 1061 κατὰ
2393 1005 2491 1077 τὴν
2517 1003 2709 1075 διπλῆν
2886 1001 2979 1056 τοῦ
3015 1003 3236 1074 ὲμφυσή
3246 1019 3415 1074 ματος
3440 1002 3689 1073 δύναμιν,
3713 1003 3819 1057 καὶ

2223 1100 2422 1170 πνοήν·
2447 1096 2657 1150 ἐκεῖθεν
2813 1094 3202 1167 ὲμφυσὼμενοι
3224 1095 3442 1161 πάντες,
3467 1095 3560 1148 καὶ
3582 1093 3819 1166 Πνεῦμα

2223 1186 2380 1257 ἅγιον
2409 1186 2522 1241 ὅσοι
2552 1185 2870 1265 χωρητικοὶ,
2912 1184 3008 1238 καὶ
3034 1183 3310 1248 τοσοῦτον,
3353 1184 3476 1238 καθ’
3506 1185 3628 1238 ὅσον
3657 1183 3723 1239 ἂν
3749 1185 3820 1238 τὸ

2228 1277 2400 1347 στόμα
2440 1276 2541 1347 τῆς
2572 1276 2810 1339 διανοίας
2857 1273 3183 1345 άνοίξωμεν.
3219 1275 3543 1346 Δικαιοσύνη
3589 1274 3682 1341 δὲ,
3726 1275 3820 1329 ὅτι

2222 1366 2318 1421 τοῦ
2355 1365 2493 1438 πρὸς
2523 1365 2678 1434 ἀξίαν
2706 1365 2999 1437 διαιρέτης,
3050 1364 3144 1417 καὶ
3185 1364 3402 1418 διαιτῶν
3438 1364 3662 1428 δικαίως
3696 1368 3822 1429 τοῖς

2223 1460 2329 1516 ὑπὸ
2364 1459 2547 1531 νόμον,
2584 1460 2678 1514 καὶ
2719 1461 2832 1522 τοῖς
2876 1458 2979 1511 ὑπὸ
3017 1458 3197 1530 χάριν,
3239 1456 3383 1530 ψυχῇ
3424 1458 3518 1511 καὶ
3573 1457 3820 1529 σώματι,

2223 1550 2367 1608 ὥστε
2398 1552 2458 1605 τὸ
2489 1552 2587 1623 μὲν
2615 1551 2824 1624 ἄρχειν,
2852 1551 2912 1604 τὸ
2944 1550 3001 1604 δὲ
3032 1549 3320 1622 ἄρχεσθαι,
3354 1549 3448 1604 καὶ
3477 1549 3574 1621 τὴν
3600 1551 3822 1622 ἠγεμο-

2225 1644 2345 1702 νεαν
2367 1644 2511 1717 ἔχειν
2535 1645 2597 1698 τὸ
2627 1647 2875 1717 κρεῖττον
2904 1644 3045 1699 κατὰ
3082 1643 3176 1697 τοῦ
3211 1643 3476 1715 χείρονος,
3516 1641 3593 1707 ὡς
3629 1642 3704 1714 μὴ
3745 1642 3823 1696 τὸ

2225 1734 2408 1806 χεῖρον
2432 1732 2822 1789 ἐπανίστασθαι
2858 1733 2937 1805 τῷ
2966 1733 3196 1805 βελτίονι
3221 1751 3236 1765 ·
3278 1732 3598 1803 ’.ἁγιασμὸς
3628 1732 3706 1796 δὲ,
3731 1732 3823 1797 ὡς

552 1830 691 1882 mus,
743 1827 799 1873 et
833 1819 1091 1890 Spiritum
1133 1830 1404 1888 sanctum,
1436 1829 1705 1892 quotquot
1741 1821 1910 1893 ipsius
1947 1835 2115 1892 capa—

2232 1821 2550 1895 ιιαθαρότης,
2598 1822 2686 1876 ἵνα
2727 1819 2976 1893 χωρῆται
3022 1818 3085 1874 τὸ
3131 1818 3374 1895 καθαρὸν
3443 1818 3810 1891 καθαρότητι.

549 1921 641 1960 eos
694 1922 905 1975 sumus,
963 1920 1018 1966 et
1067 1922 1334 1982 quatenus
1366 1927 1429 1969 os
1464 1914 1662 1970 mentis
1729 1913 2123 1985 aperuerimus.

546 1994 762 2053 Iustitia
791 2002 848 2067 ⁸,
880 2002 1008 2072 quia
1038 2016 1137 2072 pro
1159 2004 1356 2060 merito
1385 2007 1605 2075 praemia
1639 2012 1691 2062 et
1726 2019 1915 2076 poenas
1937 2003 2125 2060 distri-

2242 1909 2641 1983 ’Δπολύτρωσις
2693 1910 2787 1977 δὲ,
2849 1909 2943 1985 ὡς,
2978 1907 3278 1980 ἐλευθερῶν
3337 1909 3504 1980 ἡμᾶς,
3544 1908 3647 1962 ὑπὸ
3704 1909 3817 1979 τῆς

2230 2000 2506 2073 ἁμαρτίας
2548 1999 2968 2073 κατεχομένους,
3004 1999 3100 2055 καὶ
3146 1998 3342 2071 λύτρον
3375 1999 3568 2054 ἑαυτὸν
3607 1999 3818 2053 ἀντιδι-

551 2088 687 2154 buit.
710 2103 1033 2163 aequumque
1052 2092 1288 2161 iudicem
1315 2110 1373 2151 se
1395 2096 1599 2167 praebet
1627 2097 1731 2163 his,
1765 2095 1857 2166 qui
1883 2096 1982 2151 sub
2011 2094 2125 2166 lege

2232 2089 2353 2154 δοὺς
2401 2090 2560 2162 ἡμῶν
2606 2091 2707 2163 τῆς
2745 2088 3071 2162 οἰκουμένης
3106 2087 3423 2162 καθάρσιον.
3486 2090 3819 2153 Ἀνάστασις

549 2187 696 2245 sunt,
727 2189 783 2237 et
832 2181 941 2247 his,
977 2185 1069 2253 qui
1129 2184 1232 2241 sub
1275 2186 1484 2256 gratia;
1518 2187 1840 2257 corporique
1904 2187 2029 2241 item
2070 2197 2125 2240 et

2232 2179 2310 2245 δὲ,
2352 2179 2430 2244 ὡς
2481 2179 2733 2234 ἐντεῦθεν
2780 2181 2929 2252 ἡμᾶς
2979 2180 3289 2236 ἀπανιστῶν
3321 2220 3337 2247 ,
3526 2181 3622 2235 καὶ
3671 2181 3820 2254 πρὸς

548 2271 766 2337 animae,
795 2283 854 2347 ιιι
887 2273 1017 2330 illud
1054 2285 1265 2346 pareat,
1301 2277 1418 2332 hmo
1459 2277 1645 2347 prtesit
1673 2287 1837 2347 atque
1873 2258 2122 2347 imperet,

2232 2273 2329 2347 τὴν
2369 2272 2515 2347 ζωὴν
2552 2272 2844 2343 ἐπανάγων
2876 2271 3314 2346 νενεκρωμένους
3357 2272 3464 2327 ὑπὸ
3489 2275 3589 2345 τῆς
3622 2273 3819 2346 ἁμαρ-

551 2365 998 2437 praestnntiorque
1050 2381 1175 2437 pars
1219 2368 1583 2440 principatum
1608 2369 1871 2424 adversus
1901 2366 2124 2423 iul‘erio-
2229 2366 2374 2432 τίσις.

551 2477 666 2520 rem
697 2476 896 2533 teneat,
933 2482 1034 2523 nec
1072 2468 1125 2524 id
1169 2470 1311 2539 quod
1349 2469 1588 2524 deterius
1624 2476 1729 2535 est,
1758 2468 2018 2523 adversus
2047 2467 2118 2533 id,
2161 2465 2304 2536 quod
2334 2464 2528 2521 melius
2560 2474 2667 2532 est,
2701 2463 2971 2537 insurgat.
3016 2462 3391 2522 Sanctiﬁcatio
3418 2465 3462 2527 ",
3519 2460 3646 2533 quia
3712 2475 3818 2532 pu-

550 2556 706 2625 ritas',
730 2567 786 2613 ut
804 2575 994 2629 purum
1032 2559 1158 2614 illud
1186 2575 1383 2616 numen
1409 2575 1503 2630 per
1523 2562 1810 2630 puritatem
1837 2563 2100 2632 capiatur.
2160 2557 2479 2631 Redemptio
2493 2563 2535 2623 ⁸,
2564 2560 2688 2630 quia
2713 2575 2813 2616 nos
2856 2575 2886 2616 a
2920 2568 3144 2631 peccato
3175 2559 3421 2617 detentus
3475 2557 3529 2612 in
3591 2556 3818 2612 liberta-

553 2665 659 2710 tem
699 2654 913 2719 asserit,
945 2668 1169 2735 seseque
1200 2670 1296 2724 pro
1339 2656 1514 2721 nobis,
1548 2665 1605 2710 ut
1650 2654 1796 2710 orbis
1845 2665 2109 2712 terrarum
2151 2655 2420 2726 expietur,
2465 2654 2799 2710 Iiberatiouis
2863 2654 3095 2724 pretium
3141 2653 3255 2709 dat.
3306 2649 3714 2717 Resurrectio',
3751 2657 3823 2704 ut

551 2763 652 2804 nos
697 2747 825 2803 hine
882 2749 1143 2803 abductos
1198 2749 1492 2816 suscitans,
1524 2760 1631 2805 eta
1667 2759 1892 2819 peccato
1946 2760 2122 2805 morte
2164 2748 2387 2806 aﬂectos
2416 2748 2482 2803 ad
2521 2748 2685 2801 vitam
2715 2747 2998 2802 reducens.

807 2840 985 2910 Atque
1028 2841 1143 2895 haec
1201 2841 1376 2896 adhuc
1405 2843 1714 2897 communia
1751 2851 1899 2906 sunt,
1931 2852 2039 2897 tam
2077 2843 2124 2897 ei

552 2932 642 3002 qui
678 2946 839 3002 supra
889 2945 988 2986 nos
1010 2938 1116 2998 est,
1151 2945 1311 3001 quam
1342 2934 1434 3003 qui
1466 2942 1682 3003 propter
1714 2947 1831 2989 nos.
1870 2929 2026 2989 Nunc
2060 2932 2125 2988 ad

551 3038 613 3078 ea
661 3022 959 3085 veniamus,
991 3036 1112 3091 quae
1158 3022 1378 3091 proprie
1423 3031 1607 3081 nostra
1641 3033 1790 3088 sunt,
1821 3020 2130 3077 humanita-

2461 2840 2643 2895 Ταῦτα
2685 2841 2786 2912 μὲν
2809 2834 2903 2895 οὖν
2935 2840 3016 2893 ἔτι
3057 2839 3211 2897 κοινὰ
3247 2838 3341 2895 τοῦ
3374 2830 3445 2892 ’τε
3474 2836 3616 2910 ὑπὲρ
3639 2834 3816 2907 ἡμᾶς,

2231 2932 2448 2989 καὶτοῦ
2483 2932 2548 2988 δι’
2590 2934 2765 3005 ἡμᾶς·

2233 3023 2483 3078 ἐντεῦθεν
2514 3022 2894 3096 προσλήψεως.

2947 2932 2984 2987 ἃ
3012 2931 3067 2985 δὲ
3102 2932 3245 2996 ίδίως
3275 2930 3519 3003 ἡμέτερα
3539 2972 3554 2995 ,
3590 2927 3683 2982 καὶ
3709 2928 3819 2997 τῆς

3072 3021 3394 3095 Ἀνθρωπος
3434 3020 3533 3093 μὲν
3551 3060 3566 3087 ,
3596 3017 3693 3090 οὐχ
3720 3018 3821 3072 ἵνα.

556 3115 731 3185 lisque
757 3119 1064 3184 assuinptre.
1094 3111 1264 3168 llomo
1282 3115 1325 3147 '°
1345 3114 1525 3183 itaque
1553 3112 1773 3179 dicitur,
1818 3127 1923 3168 non
1951 3112 2124 3168 solum

2233 3116 2456 3190 χωρηθῇ
2488 3116 2650 3188 μόνον
2687 3114 2777 3169 διὰ
2819 3113 3067 3187 σώματος
3117 3114 3387 3186 σώμασιν,
3423 3112 3597 3177 ἄλλως
3621 3112 3719 3165 οὐκ
3743 3110 3819 3164 ἂν

553 3214 613 3261 ιιι
666 3220 764 3276 per
813 3219 1014 3275 corpus
1054 3220 1082 3258 a
1122 3205 1443 3275 corporibus
1485 3204 1753 3276 capiatur,
1784 3205 1875 3275 qui
1931 3204 2131 3276 alioqui

550 3296 622 3350 oh
665 3295 1267 3366 incomprcliensihilem
1339 3304 1591 3351 naturam
1641 3312 1795 3352 suam
1847 3296 1964 3366 capi
2024 3310 2129 3350 non

554 3394 796 3455 poterat;
849 3387 944 3442 sed
997 3387 1160 3442 etiam
1214 3396 1274 3441 ut
1322 3402 1504 3458 perse
1537 3386 1810 3444 hominem
1845 3387 2132 3443 sanctitate

555 3476 773 3545 alliciat,
825 3478 1183 3548 fermentique
1246 3478 1418 3534 instar
1466 3478 1734 3534 universa:
1802 3490 1995 3533 massa:
2038 3477 2130 3543 sit,

554 3569 992 3639 sihiquepnieus
1037 3568 1182 3641 quod
1232 3568 1652 3626 condemnatum
1717 3567 1913 3634 fuerat,
1963 3574 2131 3622 totum

555 3660 684 3716 illud
728 3676 758 3716 a
792 3661 1241 3718 condemnatione
1292 3660 1506 3725 liberet,
1567 3659 1751 3716 omnia
1782 3673 1900 3732 pro
1955 3657 2129 3724 nobis,

554 3767 675 3822 quae
741 3769 840 3811 nos
896 3769 1105 3822 sumus,
1132 3763 1361 3823 excepto
1412 3761 1660 3822 peccato,
1691 3750 1890 3819 factus,
1914 3765 2130 3822 corpus,

553 3845 760 3910 anima,
818 3860 975 3902 mens
1008 3844 1127 3915 (per
1152 3861 1273 3916 qua:
1297 3845 1548 3901 videlicet
1576 3858 1721 3901 mors
1756 3843 2088 3912 pervaserat)
2115 3858 2131 3909 ;

554 3942 631 3997 et,
659 3934 805 4004 quod
831 3949 897 3989 ex
918 3936 1007 3991 his
1033 3950 1322 3991 commune
1344 3943 1448 3998 est,
1484 3935 1670 3998 homo,
1705 3932 1938 3989 visibilis
1970 3931 2131 3998 Deus,

553 4037 777 4096 propter
804 4026 854 4080 id
882 4026 1025 4095 quod
1057 4027 1241 4080 animo
1269 4034 1431 4093 atque
1460 4024 1740 4080 intellectu
1771 4025 2133 4094 comprehen-

556 4116 806 4172 debatur.
868 4116 1040 4171 Filius
1108 4117 1438 4187 hominis“,
1468 4127 1686 4186 propter
1737 4116 2021 4185 Adamum,
2073 4131 2137 4173 ac

562 4207 858 4277 Virginem,
884 4222 950 4262 ex
1005 4207 1207 4277 quibus
1260 4208 1493 4273 exstitit,
1521 4206 1613 4261 illo
1644 4208 1901 4262 nimirum
1950 4218 2004 4262 ut
2047 4223 2138 4279 ge-

558 4298 706 4353 neris
756 4307 1001 4362 auctore,
1041 4298 1143 4353 hac
1177 4309 1359 4354 autem
1411 4309 1471 4355 ut
1522 4310 1716 4363 matre.
1742 4299 1894 4369 juxta
1944 4303 2136 4356 matris

560 4389 757 4457 legem,
787 4398 843 4444 et
882 4404 987 4443 non
1012 4389 1164 4458 juxta
1192 4389 1358 4460 legem
1391 4392 1774 4460 generationis.
1825 4391 2140 4457 Christus“,

559 4486 778 4548 propter
821 4478 1280 4533 divinitatemzca
1330 4480 1474 4534 enim
1534 4481 1888 4536 humanitatis
1947 4481 2133 4536 unctio
2167 4461 2211 4516 Ῑ)
2238 4461 2468 4547 ἀκδῦσαι

559 4582 660 4634 cst,
698 4586 802 4624 non
833 4571 1168 4640 operatione,
1204 4580 1261 4625 ut
1294 4571 1344 4626 in
1391 4572 1510 4626 aliis
1545 4572 1790 4636 christis,
1832 4572 1925 4628 sed
1965 4572 2132 4628 totius

558 4663 814 4732 ungentis
850 4663 1137 4731 praesentia
1170 4663 1519 4719 sanctiiicaus
1559 4682 1572 4718 :
1609 4663 1764 4731 cujus
1796 4664 1884 4717 hic
1907 4663 2133 4718 eﬂ‘cctus

556 4763 663 4817 est,
695 4762 753 4807 ut
779 4752 856 4819 id,
877 4754 1017 4822 quod
1052 4755 1225 4824 ungit,
1259 4756 1420 4832 homo
1450 4765 1694 4824 vocetur,
1727 4764 1802 4820 ct,
1842 4755 1984 4824 quod
2026 4771 2130 4808 un-

558 4841 721 4910 gitur,
784 4841 925 4897 Deus
988 4843 1073 4897 [iat
1112 4862 1125 4898 :
1167 4843 1260 4899 Via
1290 4845 1355 4913 ¹³,
1380 4854 1438 4898 ιιι
1491 4834 1586 4914 per
1642 4861 1700 4900 se
1759 4861 1856 4900 nos
1887 4845 2129 4914 ducens;

557 4931 852 5003 Ostium“,
872 4940 929 4985 ut
980 4933 1356 4991 introductor:
1396 4935 1589 4990 Pastor
1613 4937 1683 5007 ¹¹¹,
1706 4944 1763 4990 ιιι
1797 4950 1896 4991 nos
1935 4935 1988 4989 in
2019 4935 2135 4990 luco

559 5038 775 5100 pascua:
826 5024 1125 5090 cullocans,
1162 5035 1215 5083 et
1255 5042 1395 5097 aqua
1449 5028 1765 5085 t'el'cctiouis
1810 5025 2131 5093 educans“,

560 5124 723 5182 atque
752 5114 879 5170 hinc
901 5115 1056 5170 nobis
1091 5116 1303 5172 itineris
1327 5118 1517 5172 ducem
1548 5132 1606 5172 se
1625 5116 1892 5187 praebens,
1930 5131 2135 5172 necnon

558 5208 818 5261 adversus
851 5206 1058 5262 belluas
1110 5223 1207 5277 pro
1256 5208 1409 5264 nobis
1469 5207 1774 5265 dimicans:
1805 5213 1917 5261 tum
1949 5208 2133 5270 etiam,

558 5304 618 5348 ut
669 5305 916 5350 errantes
968 5311 1245 5364 revocans,
1278 5305 1334 5352 et
1374 5304 1378 5308 “
1572 5297 1808 5368 perditos
1851 5296 2135 5361 reducens,

558 5397 611 5441 et
633 5384 938 5440 contractos
966 5387 1232 5453 obligans,
1262 5397 1315 5444 et
1353 5386 1597 5444 inﬁrmos
1646 5388 1928 5452 roboraus,
1960 5396 2014 5442 et
2048 5387 2138 5441 tir-

559 5490 676 5530 mos
725 5491 789 5530 ac
830 5478 1033 5533 validos
1087 5479 1416 5546 custodiens,
1449 5491 1610 5549 atque
1659 5478 1726 5533 ad
1776 5478 1969 5532 futura:
2014 5479 2137 5532 vitae

540 5554 793 5635 caulam,
818 5583 914 5637 per
945 5570 1232 5638 pastoralis
1264 5569 1507 5625 scientia:
1556 5570 1814 5637 rationes,
1843 5569 2133 5640 colligens:

2232 3209 2501 3282 χωρηθεὶς
2529 3207 2618 3263 διὰ
2645 3207 2707 3261 τὸ
2736 3207 2834 3278 τῆς
2868 3206 3082 3278 φύσεως
3129 3205 3366 3278 ἄληπτον
3385 3217 3402 3236 ·
3574 3202 3689 3258 ἀλλ’
3722 3202 3817 3256 ἵνα

2232 3303 2327 3356 καὶ
2350 3299 2550 3372 ἁγιάσῃ
2573 3299 2641 3355 δι’
2659 3297 2851 3354 ἑαυτοῦ
2871 3298 2962 3352 τὸν
2983 3298 3287 3371 ἄνθρωπον,
3308 3296 3498 3369 ὥσπερ
3656 3291 3815 3367 ζύμη
3858 3286 3865 3293 ’

2230 3394 2523 3466 γενόμενος
2549 3392 2629 3465 τῷ
2656 3393 2818 3448 παντὶ
2844 3391 3147 3464 φυράματι,
3182 3390 3277 3443 καὶ
3306 3388 3438 3461 πρὸς
3467 3387 3658 3440 ἑαυτὸν
3679 3384 3816 3439 ὲνώ-

2234 3503 2335 3551 σας
2370 3485 2433 3540 τὸ
2487 3482 2853 3557 κατακριθὲν,
2905 3483 3026 3537 ὅλον
3068 3480 3208 3555 λύσῃ
3239 3480 3334 3535 τοῦ
3376 3479 3812 3551 κατακρίματος,

2235 3578 2413 3634 πάντα
2446 3577 2586 3650 ὑπὲρ
2615 3576 2833 3631 πάντων
2866 3575 3173 3647 γενόμενος,
3201 3576 3302 3629 ὅσα
3332 3575 3510 3645 ἡμεῖς,
3540 3570 3677 3638 πλὴν
3701 3570 3814 3641 τῆς

2233 3667 2533 3740 ἁμαρτίας,
2558 3667 2739 3742 σῶμα,
2762 3667 2929 3739 ψυχὴ,
2954 3665 3100 3732 νοῦς,
3130 3666 3196 3719 δι’
3219 3666 3345 3720 ὅσον
3499 3664 3528 3718 6
3558 3662 3806 3725 θάνατος·

2234 3759 2297 3814 τὸ
2325 3759 2501 3815 κοινὸν
2528 3760 2595 3814 ὲκ
2628 3758 2856 3823 τούτων,
2890 3758 3194 3831 ἄνθρωπος,
3235 3756 3365 3821 Θεὸς
3397 3753 3695 3828 ὁρώμενος,
3723 3750 3820 3808 διὰ

2234 3852 2296 3908 τὸ
2323 3852 2637 3924 νοούμενον.
2834 3851 2962 3915 Υἱὸς
3008 3849 3067 3904 δὲ
3113 3849 3425 3923 ἀνθρώπου,
3468 3850 3562 3905 καὶ
3604 3847 3692 3902 διὰ
3722 3846 3823 3902 τὸν

2248 3943 2442 4016 ’Δδὰμ,
2491 3943 2586 3999 καὶ⁵
2634 3941 2724 3997 διὰ
2755 3941 2853 4014 τὴν
2883 3941 3181 4014 Παρθένον,
3213 3940 3273 4008 ἐξ
3314 3934 3390 3999 ὧν
3435 3940 3682 4011 ἐγένετο·
3718 3937 3821 3991 τοῦ

2241 4037 2360 4108 μὲν,
2405 4034 2481 4098 ὥς
2520 4033 3021 4105 προπάτορος,,τῆς
3064 4033 3144 4101 δὲ,
3182 4031 3259 4098 ὼς
3293 4031 3501 4103 μητρὸς
3609 4026 3761 4097 νόμῳ
3792 4068 3813 4091 ,

2237 4127 2331 4182 καὶ
2362 4125 2423 4179 οὐ
2466 4125 2613 4197 νόμῳ
2665 4126 3000 4196 γεννήσεως’
3042 4121 3279 4196 Χριστὸς
3316 4121 3397 4186 δὲ,
3442 4119 3530 4176 διὰ
3559 4120 3661 4193 τὴν
3693 4119 3820 4175 θεό-

2236 4236 2374 4291 τητα
2400 4235 2414 4249 ο
2474 4217 2654 4290 χρίσις
2704 4216 2814 4289 γὰρ
2873 4215 3013 4289 αὕτη
3061 4216 3160 4287 τῆς
3203 4213 3622 4287 ἁνθρωπότητος
3647 4251 3663 4277 ,
3712 4211 3821 4266 οὐκ

2238 4310 2490 4382 ἐνεργείᾳ
2523 4308 2665 4365 κατὰ
2702 4311 2829 4372 τοὺς
2864 4308 3058 4373 ἄλλους
3096 4307 3352 4380 χριστοὺς
3492 4304 3819 4375 ἁγιάζουσα,

2240 4401 2514 4474 παρουσίᾳ
2542 4400 2598 4455 δὲ
2628 4400 2750 4455 ὅλου
2774 4398 2868 4454 τοῦ
2900 4399 3142 4470 χρίοντος
3161 4413 3175 4427 ⁸
3216 4388 3285 4470 ἦς
3317 4396 3498 4469 ἔργον,
3528 4396 3825 4468 ἄνθρωπον

2607 4491 2669 4546 τὸ
2695 4492 2868 4562 χρίον,
2894 4489 2988 4544 καὶ
3018 4489 3241 4560 ποιῆσαι
3266 4489 3399 4544 Θεὸν
3423 4488 3483 4542 τὸ
3505 4488 3817 4561 χριόμενον·

2251 4583 2398 4648 Ὀδδς
2431 4582 2509 4646 δὲ,
2559 4581 2635 4646 ὡς
2674 4583 2741 4635 δι’
2788 4579 2981 4635 ἑαυτοῦ
3018 4580 3200 4652 φέρων
3236 4581 3410 4651 ἡμᾶς·
3455 4578 3608 4652 Θύρα
3635 4578 3710 4643 δὲ,
3741 4577 3825 4642 ὡς

2241 4674 2575 4744 εἰσαγωγεύς
2602 4687 2618 4705 ⁶
2667 4672 2879 4742 Ποιμὴν
2910 4671 2987 4739 δὲ,
3019 4673 3095 4735 ὼς
3127 4673 3206 4736 είς
3242 4670 3406 4725 τόπον
3446 4670 3611 4742 χλόης
3650 4686 3827 4739 κατα-

2242 4765 2481 4836 σκηνῶν,
2515 4764 2610 4818 xui.
2638 4763 2916 4835 ὲκτρέφων
2960 4762 3052 4816 ὲπὶ
3094 4762 3285 4827 ὓδατος
3316 4760 3694 4823 ἀναπαύσεως,
3724 4759 3828 4812 καὶ

2240 4853 2489 4907 ἐντεῦθεν
2518 4845 2750 4922 ὁδηγῶν,
2780 4853 2875 4906 καὶ
2898 4851 3260 4924 προπολεμῶν
3291 4851 3430 4906 κατὰ
3455 4849 3564 4905 τῶν
3589 4849 3824 4920 θηρίωνο
3858 4914 3861 4917 Α

2238 4943 2301 4998 τό
2326 4941 2677 5013 πλανώμενον
2707 4943 3072 5015 ἐπιστρέφων,
3099 4943 3161 4998 τὸ
3192 4943 3470 5006 ἀπολωλὸς
3505 4940 3823 5008 ἐπανάγων,

2238 5036 2300 5090 τὸ
2345 5034 2804 5107 συντετριμμένον
2856 5035 3234 5107 καταδεσμῶν,
3272 5034 3331 5088 τὸ
3369 5032 3584 5106 ἰσχυρὸν
3622 5030 3830 5102 φυλάσ-

2243 5142 2375 5190 σων,
2407 5124 2502 5179 καί⁸
2532 5124 2670 5198 πρὸς
2698 5126 2798 5199 τὴν
2826 5126 3038 5181 ἐκεῖθεν
3071 5124 3312 5197 μάνδραν
3352 5125 3602 5194 συνάγων
3640 5122 3828 5191 λόγοις

2243 5218 2604 5290 ποιμαντικῆς
2643 5219 2954 5291 ἐπιστήμης
2979 5233 2994 5250 ·
3024 5216 3303 5289 Πρόὸατον
3348 5217 3426 5283 δὲ,
3459 5217 3535 5282 ὡς
3563 5217 3822 5286 σφάγιον

2255 5305 2451 5376 ’Δμνὸς
2487 5308 2568 5374 δὲ,
2593 5308 2669 5373 ὡς
2691 5309 2915 5363 τέλειον
2967 5310 3285 5381 Ἀρχιερεὺς
3428 5309 3505 5373 δὲ,
3535 5309 3612 5372 ὡς
3649 5323 3826 5379 προσς

2189 5389 2202 5399 ’
2233 5397 2507 5467 αγωγεύς·
2571 5399 2907 5470 Μελχισεδὲκ
2935 5400 3015 5468 δὲ,
3038 5400 3113 5464 ὡς
3143 5402 3371 5474 ἀμήτωρ
3396 5399 3458 5454 τὸ
3484 5399 3623 5473 ὑπὲρ
3649 5399 3821 5472 ἡμᾶς,

2234 5489 2330 5542 καὶ
2360 5473 2590 5564 ἀπάτωρ
2619 5493 2680 5546 τὸ
2705 5492 2824 5546 καθ’
2850 5494 3000 5563 ἡμᾶς
3019 5509 3034 5525 ο
3067 5492 3161 5545 καὶ⁵
3190 5492 3268 5556 ὡς
3293 5473 3721 5563 ἀγενεαλόγητος

2234 5581 2295 5635 τὸ
2335 5582 2447 5659 ἄνω
2467 5600 2479 5615 ⁸
2516 5585 2636 5655 Τὴν
2666 5584 2773 5659 γὰρ
2804 5586 3008 5656 γενεὰν
3060 5586 3268 5644 αὐτοῦ.
3299 5585 3458 5657 φησὶ,
3491 5585 3583 5651 τίς
3616 5582 3817 5652 διητή·

631 5737 654 5770 ι
690 5733 805 5789 Gen
829 5751 906 5799 iv,
934 5736 1027 5791 25.
1103 5737 1123 5768 ¹
1150 5732 1312 5789 Joan.
1340 5749 1467 5795 vm,
1503 5732 1591 5788 12.
1669 5731 1866 5789 'Joan.
1901 5747 2013 5795 xlv,
2048 5732 2102 5789 6.

2232 5735 2352 5790 Act.
2378 5748 2511 5799 xvn,
2533 5736 2624 5795 28.
2701 5738 2722 5773 ⁸
2744 5737 2882 5793 Gen.
2914 5753 2975 5803 tt,
2997 5738 3052 5794 7‘
3133 5738 3154 5769 ⁸
3180 5738 3201 5791 1
3232 5739 3359 5794 Cor.
3390 5753 3427 5798 ι,
3454 5735 3543 5791 50.
3623 5734 3642 5767 ⁷
3679 5732 3816 5791 Ιὺίτι.

562 5802 744 5858 'lbid.
820 5807 840 5837 ⁸
870 5805 1032 5859 Juan.
1067 5821 1142 5866 XI.
1192 5804 1282 5859 25.

566 5873 613 5903 “
645 5872 803 5930 Joan.
834 5874 958 5939 1,9.
1038 5876 1079 5907 ι’
1101 5875 1261 5930 Joan.
1284 5890 1340 5941 ι,
1370 5874 1458 5928 11.

1390 5804 1432 5835 ¹⁰
1458 5803 1616 5860 Joan.
1651 5819 1724 5862 Ix,
1776 5803 1865 5857 11.

1538 5875 1579 5905 ³⁸
1601 5873 1744 5928 Psal.
1787 5873 1990 5940 “11,2.

1969 5804 2011 5835 ¹¹
2050 5802 2245 5864 Matth.
2287 5822 2435 5869 xxiv,
2466 5808 2556 5877 ‘27,
2591 5808 2681 5863 41.

2788 5810 2831 5841 ³³
2863 5808 3054 5864 Matth.
3088 5825 3135 5877 ι,
3175 5810 3263 5864 16.
3341 5810 3383 5841 ¹³
3411 5807 3572 5864 Joan.
3621 5821 3736 5872 xw,
3764 5805 3799 5860 ϐ
