4126 6414
351 403 447 465 197

1328 412 1707 472 PANOPLIA
1750 412 2208 475 DOGMATICA.
2256 442 2324 454 -—
2363 406 2509 475 ΤΗ.
2552 415 2653 475 VI.

3525 418 3624 481 199

339 533 551 581 aetat;
584 522 680 573 καὶ
703 519 779 583 ὡς
808 520 1068 590 βασιλεὺς
1088 522 1297 595 Σαλὴμ,
1327 525 1538 593 εἰρήνη
1562 525 1618 577 δὲ
1648 524 1827 589 τοῦτο,
1855 543 1920 578 κα

2050 528 2179 581 Ovis
2203 529 2218 559 ί
2279 544 2462 597 porro,
2498 535 2557 581 ut
2590 527 2806 582 victima
2836 545 2853 583 :
2887 529 3071 597 Agnus
3097 530 3139 597 ‘,
3181 538 3235 584 ιιι
3297 529 3572 599 perfectus
3606 546 3623 583 :

341 612 422 677 ὡς
445 612 757 679 βασαεὺς
788 615 1207 684 δικαιοσύνης,
1235 619 1327 671 καὶ
1352 618 1427 682 ὡς
1453 618 1805 671 ἅποδεκατῶν
1831 636 1937 671 πα-

344 706 618 776 τριάρχας
647 708 793 762 κατὰ
843 710 955 763 τῶν
1004 712 1259 783 πονηρῶν
1294 711 1582 783 δυνάμεων
1623 711 1940 782 ἀριστεύον-

345 814 467 859 τας.

2051 618 2303 673 Pontifex
2339 620 2381 684 ³,
2416 629 2471 673 ιιι
2506 620 2717 674 oblator
2765 638 2779 673 :
2819 620 3214 676 Melchisedech
3241 620 3283 687 ‘,
3327 632 3385 676 ut
3429 622 3622 675 matris

2050 726 2265 781 expers,
2294 715 2434 781 quod
2466 712 2529 766 ad
2559 721 2808 765 naturam
2846 713 2991 767 illam
3031 724 3215 769 nostra
3263 716 3617 770 excelsiorem

2047 805 2261 868 attinet,
2297 811 2450 871 patre
2484 816 2663 856 autem
2697 819 2909 880 carens.
2946 814 3204 873 quantum
3238 807 3303 859 ad
3333 817 3574 860 nostram
3605 823 3619 859 :

346 900 458 942 tum
491 893 658 945 etiam
713 894 839 963 quia
877 896 1187 952 sublimitas
1217 900 1424 965 absque
1464 892 1774 965 genealogia
1803 902 1905 947 est.
1946 890 2369 961 (Gener-aliorum
2402 893 2541 945 ειιὶηι
2566 893 2730 957 illius,
2764 894 2956 962 inquit,
2982 896 3097 963 quis
3125 895 3390 947 enarrabit
3424 894 3503 959 '?)
3545 893 3621 947 Ac

343 993 638 1055 prmtcrea,
696 995 757 1039 ut
802 985 916 1040 Rea:
960 985 1138 1041 Sulem
1163 990 1205 1054 ⁸,
1249 990 1351 1043 hoc
1400 1000 1504 1051 cst,
1541 991 1783 1057 pacis,ct
1827 987 1940 1041 Rex
1959 988 2215 1054 jttslilittf,
2258 1000 2320 1039 ac
2353 985 2584 1055 denique
2618 997 2672 1041 ut
2706 1003 2734 1041 a
2772 986 3096 1057 patriarcltis
3147 987 3408 1042 adversus
3456 987 3620 1056 peSti-

348 1076 496 1130 feras
522 1086 829 1147 potestates
860 1090 1083 1134 strenue
1122 1096 1235 1136 rem
1261 1081 1595 1151 gerentibus,
1626 1081 1866 1135 decimas
1898 1079 2190 1148 accipiens.

937 1199 1185 1254 ΤΙΤΛΟΣ
1241 1199 1335 1267 ς’.

350 1289 491 1357 Περὶ
528 1289 643 1357 τῆς
673 1292 838 1363 Getae:
873 1291 1285 1361 δημιουργίας,
1317 1294 1424 1348 τοῦ
1468 1291 1738 1363 μεγάλου
1776 1293 1932 1360 Γρη-

420 1363 635 1435 γορζου
669 1362 778 1415 τοῦ
804 1365 1101 1435 ρεολόγου
1120 1364 1207 1435 ⁸ιένι
1243 1364 1349 1418 τοῦ
1376 1362 1565 1435 λόγου
1594 1362 1700 1417 τοῦ
1739 1367 1828 1430 εἰς
1862 1363 1933 1416 τὰ

420 1431 707 1499 γενέθλια
746 1432 852 1486 τοῦ
886 1433 1168 1501 Χριστοῦ.

425 1523 591 1577 Οὕτω
621 1525 722 1593 μὲν
772 1520 868 1578 οὖν
901 1525 971 1579 τὰ
994 1526 1165 1593 ’Ἅγια
1201 1526 1312 1580 τῶν
1342 1528 1538 1598 ἁγίων,
1589 1530 1626 1585 ἆ
1678 1530 1772 1584 καὶ
1817 1531 1932 1593 τοῖς

347 1616 612 1686 Σεραφὶμ
651 1619 1118 1686 συγκαλύπτεται,
1154 1622 1248 1675 καὶ
1267 1621 1548 1689 δοξάζεται
1574 1624 1756 1693 τρισὶν
1776 1625 1933 1692 ἁγια-

345 1711 517 1778 σμοῖς
550 1713 633 1774 εἰς
680 1712 810 1781 μίαν
843 1712 1092 1766 συνιοῦσι
1142 1715 1467 1785 κυριότητα,
1527 1714 1625 1769 καὶ
1674 1714 1927 1786 ϐιότητα.

2607 1195 2913 1253 TITULUS
2961 1195 3052 1251 VI.

2043 1290 2119 1345 De
2165 1291 2375 1361 opiﬁcio
2426 1290 2549 1365 Dei,
2591 1289 2829 1365 Gregorii
2883 1290 3136 1365 Theologi‘
3173 1308 3236 1346 ea:
3281 1294 3519 1348 oratione
3548 1294 3622 1365 ξὶιι

2496 1363 2631 1415 diem
2675 1361 2906 1415 natalem
2940 1360 3157 1416 Christi.

2107 1520 2185 1575 Ita
2239 1518 2437 1575 Sancta
2492 1530 2834 1584 sanctorum,
2888 1535 3008 1589 quae
3058 1520 3189 1591 ipsis
3232 1521 3393 1576 ctiam
3458 1522 3619 1577 Scra-

2034 1612 2166 1683 pbin
2210 1613 2424 1668 occulta
2474 1622 2626 1677 sunt,
2681 1622 2735 1667 ct
2790 1612 2989 1682 triplici
3054 1614 3121 1667 ab
3180 1615 3260 1669 eis
3322 1617 3624 1671 sanctitatis

2035 1706 2195 1761 laude
2249 1706 2621 1772 celebrantur,
2678 1705 2731 1759 in
2794 1720 2964 1760 unum
3015 1705 3380 1775 principatum
3420 1706 3623 1761 divini.

351 1804 517 1857 Ἐπεὶ
544 1803 601 1858 δὲ
629 1804 728 1858 οὐκ
744 1806 902 1876 ἢρκει
933 1807 997 1876 τῇ
1027 1805 1327 1877 ἀγαθότητι
1359 1806 1518 1860 τοῦτο
1551 1808 1613 1860 τὺ
1654 1807 1921 1862 κινεῖσθαι

2033 1805 2307 1867 tatemquc
2347 1798 2705 1853 conveniunt.
2745 1794 2943 1850 Verum
2990 1796 3116 1866 quia
3156 1796 3386 1850 bonitati
3426 1796 3624 1851 divinae

339 1896 515 1965 μόνον
553 1899 623 1967 τῇ
658 1896 860 1967 ἑαυτῆς
880 1897 1109 1969 θεωρίᾳ,
1143 1898 1260 1952 ἀλλ’
1291 1897 1401 1951 ἔδει
1430 1899 1663 1970 χυθῆναι
1693 1900 1755 1953 τὸ
1791 1901 1930 1968 αγα-

339 1988 459 2053 Θὸν,
488 1990 589 2043 καὶ
628 1990 866 2056 ὁδεῦσαι,
893 1990 970 2054 ὼς
1017 1991 1242 2046 πλείονα
1297 1986 1438 2046 εἷναι
1487 1994 1556 2046 τὰ
1604 1993 1927 2063 εὐεργετούο

342 2097 513 2150 μενοι,
544 2079 707 2135 τοῦτο
731 2082 839 2152 γὰρ
859 2083 960 2154 τῆς
987 2083 1165 2154 ἄκρας
1203 2079 1272 2155 ἦν
1299 2084 1638 2155 ἀγαθὸτητος
1665 2100 1685 2119 θ
1708 2087 1928 2156 πρῶτον

342 2172 449 2241 μὲν
465 2172 650 2225 ἑννοεί
675 2172 776 2236 τὰς
799 2174 1103 2242 ἀγγελικὰς
1131 2173 1390 2244 δυνάμεις
1408 2176 1503 2228 καὶ
1528 2176 1812 2244 οὐρανίας,
1833 2177 1926 2230 καὶ

339 2265 401 2317 τδ
433 2263 688 2334 ἐννόημα
722 2265 885 2335 ἔργον
914 2259 1005 2336 ἦν,
1058 2264 1203 2335 λόγῳ
1252 2266 1771 2337 συμπληρούμενον,
1830 2268 1925 2322 καὶ

345 2355 641 2426 Πνεύματι
668 2356 1073 2428 τελειούμενον.
1099 2360 1211 2413 Καὶ
1245 2358 1419 2425 οὕτως
1442 2361 1758 2432 ὑπέστησαν
1785 2360 1925 2431 λαμ-

341 2448 624 2519 πρότητες
654 2448 930 2521 δεύτεραι,
974 2450 1286 2523 λειτουργοὶ
1343 2453 1443 2523 τῆς
1497 2451 1723 2523 πρώτης
1780 2452 1923 2523 λαμ-

338 2542 641 2612 πρότητος,
674 2543 787 2596 εἴτε
822 2546 986 2615 νοερὰ
1012 2545 1318 2616 πνεύματα,
1340 2548 1451 2600 εἴτε
1482 2546 1593 2618 πῦρ
1618 2544 1731 2600 οἷον
1758 2546 1923 2601 ἆῦλον

335 2638 431 2689 καὶ
462 2636 789 2707 ἀσώματον,
822 2640 933 2692 εἴτε
974 2639 1098 2694 τινὰ
1123 2640 1287 2709 φύσιν
1326 2640 1495 2707 ἄλλην
1524 2641 1606 2695 ὅτι
1635 2642 1923 2719 ἐγγυτάτω

328 2732 440 2785 τῶν
467 2733 789 2803 εἰρημένων
812 2733 1018 2798 ταύτας
1072 2736 1245 2807 ύπολη
1260 2738 1434 2792 πτέον.
1502 2737 1777 2809 Βούλομαι
1824 2740 1923 2808 μὲν

328 2825 516 2877 εἰπεῖν
575 2826 664 2877 ὅτι
710 2825 1005 2896 ἀκινήτους
1050 2827 1190 2897 πρὸς
1234 2828 1295 2881 τὸ
1369 2829 1560 2895 κακὸν,
1614 2831 1709 2884 καὶ
1755 2831 1922 2901 μόνην

329 2915 566 2983 ἐχούσας
608 2914 711 2986 τὴν
745 2915 841 2971 τοῦ
876 2916 1044 2973 καλοῦ
1079 2919 1320 2989 κίνησιν,
1356 2920 1453 2974 ἅτε
1505 2923 1637 2991 περὶ
1670 2922 1802 2975 Θεὸν
1834 2922 1925 2976 οὕ-

334 3024 453 3070 σας,
491 3009 593 3061 καὶ
626 3008 697 3060 τὰ
749 3008 940 3081 πρῶτα
979 3013 1044 3067 ὲκ
1100 3012 1237 3066 Θεοῦ
1287 3014 1667 3084 λαμπομένας.
1702 3016 1781 3071 Τὰ
1813 3016 1922 3087 γὰρ

334 3099 575 3154 ἐνταῦθα
632 3100 899 3172 δευτέρας
950 3102 1294 3174 ἑλλάμψεως.
1364 3108 1549 3160 Πείθει
1602 3109 1660 3162 δέ
1713 3126 1782 3179 με
1846 3110 1920 3181 μὴ

332 3193 815 3263 ἀκινήτους,ἁλλὰ
844 3194 1203 3268 δυσκινήτους
1232 3201 1327 3254 καὶ
1353 3201 1766 3270 ύπολαμόάνειν
1789 3203 1922 3257 ταύ-

2035 1904 2146 1944 non
2196 1898 2315 1944 erat
2353 1887 2506 1955 satis,
2554 1903 2650 1942 sua
2684 1888 2856 1958 ipsius
2883 1887 3348 1957 contemplatione
3389 1888 3621 1949 moveri.

2034 1984 2130 2039 sed
2159 1981 2470 2051 Oportebat,
2514 1990 2574 2036 ut
2610 1981 2813 2036 bonum
2865 1979 3043 2050 ipsum
3093 1995 3215 2036 sese
3267 1979 3620 2043 diffunderet,

2033 2085 2089 2130 et
2118 2074 2565 2147 progrederetur,
2612 2088 2721 2144 quo
2748 2088 2807 2127 se
2859 2072 3108 2143 pluribus
3165 2071 3618 2127 communicaret.
3653 2125 3656 2129 .

2033 2165 2172 2238 (Hoc
2200 2167 2346 2221 enim
2378 2180 2605 2221 summae
2632 2163 2895 2220 bonitatis
2935 2164 3214 2235 proprium
3251 2162 3389 2234 erat)
3418 2163 3622 2219 idcirco

2032 2268 2334 2330 potestates
2410 2259 2685 2329 angelicas
2747 2266 2913 2327 atque
2959 2258 3211 2313 caelestes
3290 2257 3621 2327 cogitatione

2030 2351 2302 2421 concepit,
2335 2359 2392 2407 et
2425 2349 2685 2420 cogitatio
2739 2350 2918 2419 reipsa
2964 2349 3068 2403 fuit
3119 2350 3286 2403 verbo
3325 2349 3618 2417 completa,

2030 2453 2087 2499 et
2141 2443 2337 2514 spiritu
2376 2442 2641 2513 perfecta.
2674 2441 2853 2511 Atque
2900 2441 2976 2496 ita
3026 2439 3251 2497 secundi
3299 2439 3621 2511 Splcndorcs

2031 2535 2194 2609 primi
2226 2534 2533 2606 splendoris
2575 2532 2837 2597 ministri,
2881 2531 2998 2609 sive
3044 2531 3269 2603 spiritus
3314 2532 3621 2602 intelligen-

2031 2637 2134 2696 tes,
2184 2628 2299 2683 sive
2340 2627 2485 2697 ignis
2530 2625 2815 2680 materiam
2866 2634 2922 2678 et
2972 2638 3173 2694 corpus
3223 2638 3335 2677 non
3384 2622 3618 2687 habens,

2030 2722 2147 2778 sive
2199 2720 2302 2774 alia
2335 2719 2514 2789 aliqua
2565 2727 2783 2784 natura,
2826 2717 2892 2771 iis
2945 2732 3063 2786 qua:
3117 2716 3261 2770 dicta
3312 2723 3441 2770 sunt
3494 2732 3619 2785 pro-

2028 2813 2172 2868 xima
2220 2812 2450 2884 putandi
2497 2821 2648 2877 sunt,
2720 2809 3070 2866 exstiterunt.
3136 2810 3405 2879 Equidem
3452 2809 3617 2864 velim

2028 2905 2208 2961 dicere
2257 2904 2406 2959 nulla
2449 2919 2545 2959 eos
2583 2904 2953 2973 prapensione
2988 2901 3055 2956 ad
3095 2902 3295 2955 malum
3325 2899 3477 2963 ferri,
3518 2901 3613 2953 sed

2028 2994 2238 3049 moveri
2291 2993 2552 3049 duntaxat
2612 2994 2677 3047 ad
2740 2992 2970 3054 bonum,
3036 2991 3238 3060 quippe
3304 2989 3395 3060 qui
3443 3003 3614 3059 prope

2030 3086 2199 3141 Deum
2233 3086 2364 3151 sint,
2402 3086 2671 3155 primique
2704 3085 2772 3140 ab
2816 3084 2935 3155 ipso
2976 3083 3085 3138 Deo
3116 3082 3424 3138 eﬂuiserint
3461 3083 3611 3152 (nam

2027 3194 2148 3249 qua:
2173 3178 2261 3233 hic
2307 3187 2457 3241 sunt,
2507 3177 2749 3231 secundo
2796 3177 2918 3231 loco
2962 3175 3253 3246 fulserunt)
3321 3189 3509 3229 verum
3559 3181 3619 3227 ut

328 3302 425 3348 τας
462 3262 567 3340 aut
610 3286 820 3355 λέγειν,
884 3290 914 3341 ὁ
941 3288 1031 3342 διὰ
1060 3262 1165 3361 ἰτὴν
1214 3262 1580 3365 λαμπρότητά
1621 3295 1921 3365 ἑωσφόρος,

2029 3288 2124 3328 eos
2152 3288 2261 3327 non
2296 3270 2626 3337 immobiles,
2656 3270 2751 3325 sed
2780 3270 2997 3325 diﬂicile
3024 3269 3231 3323 moveri
3259 3277 3315 3322 et
3355 3265 3612 3329 sentiam,

331 3380 530 3441 σκότος
559 3380 655 3433 διὰ
680 3378 782 3449 τὴν
815 3379 1054 3452 ἔπαρσιν
1088 3383 1185 3435 καὶ
1213 3384 1510 3454 γενόμενος
1553 3386 1652 3439 καὶ
1682 3385 1922 3459 λεγόμε-

328 3489 444 3535 νος,
462 3472 523 3524 αῖ
549 3487 609 3524 τε
630 3471 726 3524 ὑπ’
748 3470 914 3525 αὑτὸν
945 3473 1316 3529 ἀποστατικαὶ
1349 3470 1636 3546 δυνᾶμεις,
1657 3479 1925 3550 δημιουρο

334 3564 431 3629 γοὶ
467 3564 570 3632 τῆς
599 3562 807 3627 κακίας
850 3565 916 3634 τῇ
948 3563 1045 3618 τοῦ
1076 3564 1247 3619 καλοῦ
1285 3569 1456 3638 φυγῇ,
1483 3569 1579 3622 καὶ
1611 3568 1745 3639 ἡμῖν
1785 3570 1923 3639 πρά-

344 3658 517 3719 ξενοι.

2024 3376 2079 3421 et
2105 3366 2305 3430 dicam,
2352 3364 2483 3421 facit
2525 3380 2636 3419 non
2685 3365 2861 3419 solum
2921 3364 2987 3427 is,
3019 3362 3111 3435 qui
3168 3370 3390 3432 propter
3435 3360 3617 3430 splen-

2022 3457 2208 3513 dorem
2242 3472 2351 3526 quo
2390 3456 2770 3511 illustrabatur
2798 3453 3017 3509 Lucifer
3051 3453 3210 3516 olim,
3247 3467 3394 3505 nunc
3423 3458 3607 3503 autem

2024 3558 2250 3619 prepter
2302 3548 2638 3618 superbiam,
2693 3547 3046 3601 tenebrarum
3098 3545 3355 3614 princeps
3401 3548 3455 3595 et
3501 3548 3608 3605 est,

2021 3650 2077 3697 ct
2114 3640 2433 3712 appellatur,
2464 3639 2562 3695 sed
2594 3638 2761 3693 etiam
2804 3638 2930 3705 ιιιω,
2970 3651 3091 3707 qua:
3133 3650 3258 3689 cum
3310 3634 3428 3703 ipso
3466 3629 3616 3686 defe-

348 3762 568 3820 cerunt,
611 3764 663 3810 et
720 3758 828 3815 sub
874 3757 997 3830 ipso
1043 3768 1170 3815 sunt
1220 3768 1537 3830 potestates,
1584 3774 1708 3831 quze
1744 3759 1950 3816 bonum
1996 3759 2292 3832 fugientes,
2360 3757 2489 3813 mali
2521 3757 2829 3813 cll‘ectrices
2874 3762 3192 3822 evaserunt,
3234 3760 3287 3819 et
3336 3764 3438 3807 nos
3482 3748 3612 3804 itcm

336 3844 410 3901 ad
439 3847 641 3904 malum
672 3850 1037 3908 cohortantur
1068 3862 1123 3908 et
1156 3852 1465 3923 impellunt.

949 3965 1064 4021 Τοῦ
1096 3968 1309 4022 αὐτοῦ.

399 4060 566 4115 Οὕτω
597 4060 703 4131 μὲν
739 4059 835 4117 οὖν
861 4062 889 4115 ὀ
912 4060 1106 4133 νοητὸς
1138 4062 1290 4133 αὑτῷ
1331 4061 1428 4116 καὶ
1454 4062 1543 4116 διὰ
1573 4062 1752 4116 ταῦτα
1803 4063 1913 4116 ὐπ-

328 4152 460 4222 ἐστη
504 4152 834 4223 κόσμκ,ιῦς
861 4154 963 4224 ἐμὲ
997 4153 1131 4223 γοῦν
1160 4156 1293 4225 περὶ
1320 4154 1531 4209 τούτων
1553 4154 1914 4224 φιλοσοφῆσαι

330 4242 521 4314 μικρῷ
564 4242 717 4313 λόγῳ
748 4244 816 4297 τὰ
850 4244 1066 4314 μεγάλα
1100 4243 1519 4316 σταθμώμενον.
1578 4246 1736 4299 Ἐπεὶ
1765 4246 1823 4299 δὲ
1845 4246 1914 4299 τὰ

324 4335 527 4406 πρῶτα
559 4335 748 4399 καλῶς
776 4330 925 4407 εῖχεν
960 4335 1134 4408 αὐτῷ,
1170 4338 1425 4408 δεύτερον
1489 4339 1664 4392 ὲννοεί
1707 4337 1915 4407 κόσμον

322 4430 513 4482 ύλικδν
546 4431 646 4484 καὶ
669 4429 973 4501 ὁρώμενον,
1011 4431 1106 4484 καὶ
1136 4423 1292 4495 οὗτός
1318 4434 1435 4485 ἐστι
1465 4431 1527 4484 τδ
1563 4432 1622 4498 ἐξ
1673 4431 1909 4501 ούρανοῦ

323 4524 418 4575 καὶ
441 4521 553 4591 γῆς
578 4524 675 4575 καὶ
712 4522 822 4577 τῶν
841 4524 900 4576 ὲν
926 4524 1078 4594 μέσῳ
1102 4524 1357 4596 σύστημα
1388 4541 1448 4578 τε
1481 4526 1573 4579 καὶ
1606 4525 1908 4596 σύγκριμα·

2510 3954 2590 4011 Ea:
2621 3956 2803 4010 eadem
2842 3954 3104 4011 oratione.

2087 4047 2203 4105 Hoc
2251 4047 2416 4120 igitur
2450 4056 2612 4118 pacto
2646 4046 2885 4102 mundus
2935 4045 3013 4100 illi
3064 4045 3312 4101 constitit
3356 4046 3612 4121 intelligi-

2014 4140 2162 4206 bilis,
2197 4140 2243 4195 si
2277 4154 2446 4210 parva
2477 4139 2734 4194 oratione
2757 4137 2885 4193 licet
2928 4152 3124 4206 magna
3171 4139 3608 4208 perpendentem

2016 4231 2411 4302 philosophari.
2470 4230 2539 4284 At
2569 4247 2692 4286 cum
2746 4231 2823 4284 illi
2876 4236 3050 4300 prima
3096 4231 3355 4299 praeclare
3405 4247 3467 4286 se
3514 4233 3611 4288 ha-

2020 4326 2233 4389 berent,
2295 4325 2527 4379 alterum
2576 4323 2842 4378 mundum
2909 4326 3167 4394 cogitavit
3235 4340 3305 4381 ex
3381 4329 3607 4383 materia

2021 4424 2362 4487 constantem
2394 4424 2448 4469 et
2474 4415 2881 4484 aspcctabilcm,
2910 4417 3003 4484 qui
3035 4432 3101 4469 cr
3131 4417 3287 4481 coelo,
3332 4427 3603 4488 terraque,

2020 4516 2077 4562 et
2108 4506 2193 4562 his
2226 4522 2346 4576 qua:
2380 4506 2433 4559 in
2468 4507 2645 4560 medio
2705 4515 2852 4567 sunt,
2886 4516 3176 4560 concretus
3207 4516 3311 4570 est,
3365 4518 3419 4563 et
3471 4525 3605 4564 con-

326 4613 625 4667 ἔπαινετδν
657 4613 758 4683 μὲν
791 4614 890 4685 τῆς
922 4591 1060 4668 καθ’⁷
1080 4591 1315 4669 ἕκαστον
1373 4616 1630 4685 εὐφυΐας,
1663 4591 1917 4682 ἀξιεπαι-

2026 4601 2274 4662 slitutus,
2326 4597 2617 4652 laudabilis
2667 4597 2884 4665 quidem
2951 4612 3017 4651 ex
3058 4614 3240 4651 rerum
3265 4599 3603 4669 singularum

328 4706 639 4779 νετιὶηερον
668 4707 725 4761 δὲ
755 4707 855 4777 τῆς
881 4706 941 4775 ἐξ
972 4707 1232 4762 ἁπάντων
1259 4708 1630 4779 εὖαρμοστίας
1663 4708 1757 4763 καὶ
1774 4727 1912 4779 συμ-

326 4797 565 4868 φωνίας,
616 4798 776 4853 ἄλλου
832 4799 971 4869 πρὸς
1037 4800 1167 4855 ἄλλο
1217 4817 1269 4854 τι
1315 4800 1497 4865 καλῶς
1534 4801 1770 4873 ἔχοντος,
1817 4806 1912 4858 καὶ

329 4892 559 4945 πάντων
594 4892 733 4963 πρὸς
763 4891 979 4946 ἅπαντα
1009 4894 1088 4956 εἰς
1115 4893 1233 4957 ἐνὸς
1254 4894 1462 4964 κόσμου
1493 4895 1909 4967 συμπλήρωσιν,

323 4981 415 5035 ἵνα
442 4980 599 5052 δεὶξῃ
633 4982 706 5051 μὴ
737 4985 899 5052 μόνον
935 4984 1151 5037 οῑκεέαν
1207 4984 1387 5055 ἑαυτῷ
1415 4986 1603 5055 φύσιν,
1637 4987 1772 5041 ἀλλὰ
1818 4991 1911 5041 καὶ

324 5073 511 5141 πάντη
568 5073 729 5144 ξένην
791 5074 1209 5142 ὑποστήσασθαι
1249 5077 1474 5141 δυνατὸς
1535 5076 1632 5132 ὥν.
1699 5081 1914 5133 Οἰκεῖον

324 5163 427 5234 μὲν
459 5165 574 5234 γὰρ
608 5163 863 5237 Θεότητος
910 5168 968 5220 αἱ
1023 5167 1210 5236 νοεραὶ
1262 5166 1477 5236 φύσεις,
1512 5171 1606 5222 καὶ
1656 5169 1731 5241 νῷ
1767 5172 1915 5241 μόνῳ

318 5255 537 5325 ληπται
559 5273 571 5285 ·
604 5256 755 5322 ξένον
778 5258 836 5311 δὲ
862 5258 1213 5312 παντάπασιν
1239 5296 1255 5323 ,
1305 5260 1427 5313 ὅσαι
1462 5259 1567 5313 ὑπὸ
1598 5261 1696 5332 τὴν
1723 5262 1917 5334 αἴσθη-

322 5365 431 5413 σιν,
471 5350 570 5403 καὶ
605 5352 816 5405 τούτων
846 5349 1029 5404 αὐτῶν
1058 5350 1140 5405 ἔτι
1167 5351 1533 5423 πορρωτέρω,
1567 5353 1691 5406 ὅσαι
1716 5372 1917 5409 παντε-

316 5442 425 5507 λῶς
455 5445 655 5517 ﬂuxo:
694 5446 792 5498 καὶ
826 5445 1099 5515 ἀκίνητοι.

2016 4688 2443 4760 pulchritudine,
2494 4687 2589 4741 sed
2644 4685 2965 4739 laudabilior
3018 4686 3088 4740 ob
3154 4687 3603 4754 concinnitatem,

2016 4790 2068 4835 et
2098 4787 2450 4839 concentum,
2483 4793 2593 4848 quo
2623 4784 2736 4831 tum
2766 4793 2874 4831 una
2911 4792 3036 4832 cum
3068 4778 3194 4842 alia,
3250 4789 3363 4832 tum
3412 4796 3604 4836 omnes

2015 4888 2139 4927 cum
2222 4871 2476 4926 omnibus
2538 4870 2794 4940 prteclare
2857 4871 3170 4941 conjuncta:
3250 4871 3603 4942 vicissimque

2017 4973 2382 5036 congruentes
2416 4964 2483 5018 ad
2530 4964 2696 5018 unius
2745 4964 2893 5018 orbis
2922 4963 3314 5034 perfectionem
3368 4981 3605 5021 concur-

2019 5069 2167 5115 runt.
2219 5058 2288 5114 Ut
2341 5058 2659 5113 ostenderet
2716 5058 2770 5111 in
2827 5073 2922 5112 sua
2971 5072 3091 5112 esse
3142 5067 3433 5127 potestate.
3495 5076 3603 5114 non

2017 5153 2190 5207 solum
2247 5160 2305 5205 ut
2358 5161 2644 5223 cognatam
2705 5150 2808 5205 sibi
2864 5156 3117 5203 naturam
3190 5150 3449 5217 efﬁceret,
3507 5153 3601 5205 sed

2016 5244 2179 5299 etiam
2214 5253 2272 5298 ut
2326 5231 2559 5297 alienam
2614 5251 2669 5296 et
2720 5241 3063 5311 peregrinam
3115 5242 3343 5297 omnino
3400 5242 3607 5296 consti-

2018 5344 2217 5389 tueret.
2264 5332 2400 5388 Nam
2430 5343 2490 5387 ut
2545 5332 2913 5403 intelligentcs
2962 5334 3065 5389 illaa
3114 5344 3346 5399 natura,
3400 5341 3601 5400 etquae

2016 5427 2129 5482 sola
2157 5435 2338 5482 mente
2368 5426 2572 5497 percipi
2608 5434 2858 5496 possunt,
2913 5427 3033 5497 ejus
3076 5424 3420 5496 amplitudini
3466 5435 3600 5490 quo-

318 5539 613 5596 dammodo
647 5541 864 5595 similes
898 5549 1250 5612 cognataeque
1286 5550 1433 5608 sunt,
1465 5542 1544 5597 sic
1603 5541 1671 5597 ab
1729 5558 1791 5597 ea
1848 5560 2070 5614 prorsus
2112 5545 2301 5600 alienae
2326 5554 2382 5602 et
2418 5556 2660 5615 remotae,
2696 5561 2818 5616 quae
2856 5544 3104 5600 sensibus
3167 5550 3291 5597 sunt
3318 5539 3595 5610 expositae,

316 5644 474 5707 atque
500 5638 650 5693 inter
699 5638 801 5693 bas
837 5636 945 5692 illa:
990 5638 1353 5709 potissimum,
1400 5655 1520 5710 quae
1568 5641 1749 5695 anima
1795 5650 2055 5713 motuque
2085 5652 2293 5700 carent.

384 5846 535 5900 'lsa.
567 5860 693 5909 Lm,
726 5844 786 5897 Ἰ.
867 5843 889 5872 ²
921 5838 1077 5898 Joan.
1111 5854 1151 5909 ι,
1181 5841 1270 5897 29.
1351 5844 1371 5876 ³
1410 5806 1573 5899 ilebr.
1603 5858 1675 5911 vr,
1706 5841 1797 5896 90.
1877 5840 1897 5875 ⁵
1933 5840 2096 5899 Hebr.
2138 5860 2234 5915 vn,
2266 5846 2314 5901 l.
2395 5846 2545 5901 'lsa.
2576 5861 2695 5911 LIII,
2734 5847 2786 5903 8.
2866 5846 2885 5877 ⁸
2910 5844 3077 5899 llcbr.
3118 5857 3213 5903 vn.
3240 5841 3297 5894 Ξ.
