4126 6406
1682 382 2133 462 ‘EUTttYutt
2187 393 2551 456 ZIGABENI
3676 385 3789 451 263

1022 509 1108 566 Ea:
1133 510 1316 567 eadem
1346 510 1603 566 oratione.
2132 512 2183 572 Α

2704 503 2815 560 Τοῦ
2835 502 3024 561 αὐτοῦ
3059 504 3272 574 λόγου.

2281 598 2426 664 Νοῦς
2450 599 2554 669 μιν
2593 595 2690 652 οὖν
2716 597 2817 668 ήδη
2846 597 2942 651 καὶ
2980 595 3245 667 αἴσθησις
3288 593 3464 659 οὕτως
3492 594 3591 649 ἀπ’
3613 596 3788 668 ἀλλή-

2208 691 2319 747 λων
2349 690 2729 764 διακριθέντα,
2755 690 2868 744 τῶν
2904 690 3051 744 ἰδίων
3073 689 3222 773 ὅὶρων
3248 687 3399 753 ἐντὸς
3434 687 3791 758 είστήκεισαν

2211 787 2308 842 καὶ
2349 785 2407 839 τὸ
2432 784 2529 840 τοῦ
2568 783 2914 856 δημιουργοῦ
2952 784 3138 850 Λόγου
3169 781 3464 854 μεγαλεῖον
3493 784 3552 837 ἐν
3570 783 3794 846 ἑαυτοῖς

2211 880 2429 950 ἔφερον,
2467 878 2733 946 σιγῶντες
2764 877 3051 931 ἐπαινέται
3092 875 3195 944 τῆς
3231 874 3642 946 μεγαλουργίάς
3692 875 3797 928 καὶ

2213 970 2534 1039 διαπρύσιοι
2562 970 2826 1042 κήρυκες.
2865 966 3042 1024 Οὔπω
3070 967 3129 1022 δὲ
3185 963 3255 1039 ἦν
3290 968 3484 1039 κρᾶμα
3524 965 3583 1035 ἐξ
3611 966 3799 1039 ἀμφο-

2211 1063 2413 1134 τέρων,
2439 1061 2561 1115 οὐδέ
2592 1078 2680 1125 τις
2715 1061 2864 1131 μίξις
2903 1059 3012 1114 τῶν
3057 1059 3341 1125 ἐναντίων,
3376 1059 3572 1128 σοφίας
3609 1058 3800 1130 μείζο-

2214 1175 2302 1219 νος
2328 1156 2645 1226 γνώρισμα,
2668 1156 2762 1208 καὶ
2787 1155 2884 1224 τῆς
2910 1154 3040 1224 περὶ
3061 1153 3161 1215 τὰς
3187 1152 3385 1222 φύσεις
3410 1152 3795 1217 πολυτελείας,

2215 1250 2337 1303 οὐδὲ
2390 1250 2418 1302 ὁ
2465 1251 2574 1312 πᾶς
2640 1248 2876 1312 πλοῦτος
2937 1248 3040 1317 τῆς
3090 1245 3431 1317 ἀγαθότητος
3485 1245 3798 1317 γνώριμος.

2218 1342 2390 1396 Τοῦτο
2421 1342 2487 1412 δὴ
2529 1341 2811 1412 βουληθεὶς
2847 1341 2875 1393 ό
2898 1341 3155 1409 τεχνίτης
3189 1338 3567 1404 ἐπιδείξασθαι
3594 1338 3801 1406 Λόγος,

2223 1437 2319 1490 καὶ
2356 1435 2496 1500 ζῶον
2524 1435 2583 1487 ἒν
2621 1433 2685 1498 ἐξ
2709 1433 3065 1503 ἀμφοτέρων,
3099 1430 3337 1500 ἀοράτου
3379 1447 3462 1494 τε,
3492 1429 3657 1497 λέγω,
3702 1429 3803 1483 καὶ

2218 1529 2422 1600 ὁρατῆς
2445 1528 2683 1597 φύσεως,
2706 1527 3035 1597 δημιουργεῖ
3053 1525 3147 1577 τὸν
3177 1523 3484 1594 ἄνθρωπον.
3508 1524 3620 1576 Καὶ
3643 1522 3805 1591 παρὰ

2225 1619 2325 1691 μὲν
2359 1618 2460 1691 τῆς
2493 1618 2628 1689 ῦλης
2656 1616 2843 1671 λαϐὼν
2869 1617 2931 1670 rb
2990 1616 3153 1685 σῶμα
3183 1617 3284 1688 ἤδη
3347 1616 3802 1687 προϋποστάσης,

594 627 750 685 Mens
783 626 947 700 igitur
1002 636 1059 682 et
1088 640 1280 681 sensus
1315 624 1388 680 ita
1417 624 1526 695 jam
1570 624 1713 679 inter
1759 637 1819 678 se
1868 623 2104 679 discreta

527 721 645 779 suis
699 735 759 776 se
809 718 1008 774 ﬁnibus
1060 716 1435 779 continebant,
1486 714 1870 784 eﬂ'ectorisque
1939 713 2105 768 Verbi

528 811 987 884 magnificentiam
1018 819 1274 879 tanquam
1323 806 1469 862 taciti
1519 805 1738 876 quidem
1797 803 2109 860 laudatores

531 907 826 975 eximiique
856 915 1134 974 praecones
1160 914 1269 971 pra:
1294 915 1353 954 se
1384 898 1653 953 ferebant.
1702 895 1957 952 Nondum
2013 911 2109 950 au-

531 1008 639 1053 tem
662 1004 788 1050 ‘erat
837 993 943 1047 ulla
998 1007 1062 1046 ex
1123 991 1368 1060 utrisque
1420 987 1720 1051 concretio,
1767 997 1823 1042 et
1869 1002 1937 1042 ex
1981 1000 2113 1042 con-

530 1088 713 1144 trariis
742 1085 943 1149 mistio,
979 1098 1099 1152 quae
1133 1083 1397 1151 majorem
1429 1078 1775 1149 sapientiam,
1808 1086 1864 1133 et
1903 1078 2113 1147 impen-

531 1196 645 1236 sam
685 1180 739 1233 in
766 1177 931 1232 rebus
962 1174 1284 1246 procreatis,
1315 1181 1372 1227 et
1400 1172 1597 1227 divina:
1611 1170 1873 1225 bonitatis
1899 1168 2115 1223 divitias

531 1273 820 1327 indicaret.
853 1267 1214 1335 Quamobrem
1241 1266 1340 1318 has
1365 1272 1419 1318 ut
1437 1263 1746 1318 ostenderet
1773 1261 1952 1332 opifex
1984 1260 2114 1320 Yor-

474 1382 477 1385 '
531 1366 664 1423 bum
699 1363 901 1418 animal
929 1373 1096 1415 unum
1127 1372 1192 1412 ex
1226 1366 1455 1426 utraque
1484 1366 1700 1417 natura,
1732 1368 1795 1407 ea
1833 1351 2114 1414 nimirum,

539 1474 660 1530 quae
692 1456 957 1516 cernitur,
979 1461 1032 1506 et
1058 1451 1168 1515 illa,
1196 1463 1452 1530 qutenon
1478 1446 1743 1509 cernitur,
1772 1451 2115 1514 compactum

531 1550 833 1604 fabricatus
865 1554 947 1600 est
979 1543 1277 1605 hominem,
1323 1556 1392 1595 ex
1423 1538 1649 1594 materia
1687 1554 1807 1605 qua:
1831 1535 1943 1606 jam
1987 1549 2117 1603 sup-

532 1640 776 1712 petebat,
806 1652 1005 1714 corpus
1033 1634 1329 1704 accipiens,
1360 1638 1522 1701 atque
1554 1630 1631 1685 illi
1665 1645 1729 1684 ex
1776 1643 1834 1682 se
1863 1626 2115 1697 spiritum

533 1709 807 1793 inserens.
840 1709 1000 1799 quem
1035 1728 1256 1797 quidem
1291 1725 1536 1778 animum
1583 1731 1635 1777 et
1674 1721 1969 1790 imaginem
2019 1716 2117 1773 Dei

2244 1713 2353 1782 παρ’
2383 1710 2578 1765 ἑαυτοῦ
2609 1711 2666 1764 δὲ
2692 1711 2866 1779 πνοὴν
2890 1709 3086 1774 ἐνθεὶς,
3118 1709 3148 1763 ὃ
3176 1709 3240 1781 δὴ
3277 1709 3457 1780 ψυχὴν
3482 1709 3677 1780 νοερὰν
3704 1710 3807 1763 καὶ

533 1834 696 1879 vocat
733 1822 1035 1892 Scriptura.
1070 1817 1226 1873 Hunc
1252 1815 1407 1888 quasi
1448 1816 1612 1871 alium
1640 1814 1927 1885 quemdam
1962 1827 2122 1867 utun-

2244 1804 2407 1859 ιίκόνα
2427 1802 2565 1857 Θεοῦ
2609 1798 2751 1856 οἶδεν
2777 1802 2807 1854 ὁ
2845 1801 3023 1869 λόγος,
3040 1794 3155 1854 οἷόν
3175 1819 3294 1854 τινα
3320 1804 3525 1871 κόσμον
3537 1800 3713 1871 δεύτε,
3736 1818 3805 1855 ον

534 1918 687 1978 dum,
731 1915 787 1970 in
818 1928 985 1984 parvo
1030 1925 1286 1983 magnum
1329 1910 1383 1964 in
1431 1918 1574 1962 terra
1615 1905 1922 1966 constituit.
1953 1905 2120 1959 alium

2244 1914 2285 1950 ιν
2346 1896 2529 1966 μικρῷ
2598 1894 2774 1962 μέγαν
2816 1894 2910 1947 ἐπὶ
2961 1893 3063 1961 τῆς
3127 1896 3230 1960 γῆς
3277 1894 3530 1962 ἵστησιν⁸
3571 1892 3811 1977 ἄγγελον

532 2006 702 2063 veluti
745 2005 995 2076 angelum
1045 2001 1290 2065 mistum,
1339 2000 1706 2061 adoratorem,
1758 2014 1938 2053 rerum
1995 2012 2122 2067 pro-

2244 1986 2404 2050 ίλλον,
2456 1985 2843 2057 προσκυνητὴν
2900 1985 3116 2056 μικτὸν,
3158 1985 3413 2054 ἐπόπτην
3447 1986 3548 2055 τῆς
3600 1987 3812 2054 ὁρατῆς

535 2109 862 2160 creatarum,
913 2110 1033 2166 quas
1079 2101 1407 2156 cernuntur,
1462 2092 1851 2162 inspectorem,
1910 2103 2122 2152 earum,

2244 2080 2478 2144 ιτίσεως,
2539 2078 2750 2149 μύστην
2782 2079 2884 2147 τῆς
2915 2078 3237 2149 νοουμένης,
3281 2077 3506 2148 βασιλέα
3548 2077 3657 2131 τῶν
3711 2078 3817 2132 ἐπὶ

533 2206 654 2263 quae
679 2205 787 2245 non
813 2195 1134 2255 cernuntur,
1160 2184 1665 2254 contemplatorem,
1706 2196 1886 2252 regem
1911 2194 2122 2245 eorum,

2244 2171 2349 2241 τῆς,
2383 2169 2806 2240 βασιλευόμενον
2837 2170 3066 2235 ἀνωθεν,
3094 2171 3343 2237 ἐπίγειον
3393 2170 3492 2223 καὶ
3522 2169 3816 2237 οὐράνιον,

532 2261 653 2354 quae
685 2291 816 2337 sunt
862 2281 915 2335 in
956 2290 1124 2346 terra,
1167 2292 1382 2332 summo
1428 2275 1560 2347 Regi
1604 2274 2118 2344 obtemperantem:

2244 2265 2574 2334 πρόσκαιρον
2609 2262 2707 2317 καὶ
2756 2262 3050 2328 ἀθάνατον,
3096 2261 3292 2333 ὁρατὸν
3332 2263 3424 2316 καὶ
3474 2261 3769 2329 νοούμενον
3796 2302 3815 2318 .

534 2353 817 2432 mortalem
893 2382 949 2427 et
1000 2370 1358 2426 immortalem
1419 2386 1435 2424 :
1512 2368 1765 2423 sensibus
1821 2376 1875 2421 et
1940 2372 2126 2419 mente

2244 2356 2399 2408 ιέσον
2433 2353 2704 2425 μεγέθους
2733 2354 2830 2409 καὶ
2863 2354 3279 2424 ταπεινότητος,
3302 2353 3395 2408 τὸν
3412 2354 3576 2409 αὑτὸν
3591 2355 3820 2425 πνεῦμα

535 2474 901 2529 constantem,
961 2470 1022 2518 ut
1071 2462 1178 2516 illis
1224 2462 1373 2515 cerni
1448 2474 1514 2514 ac
1590 2458 1816 2528 intelligi
1882 2454 2052 2522 possit
2110 2470 2125 2510 :

2244 2448 2324 2500 ιαὶ
2361 2446 2542 2516 σάρκα
2567 2462 2582 2476 ο
2630 2445 2852 2517 πνεῦμα
2884 2446 2973 2500 διὰ
3002 2446 3101 2519 τὴν
3131 2447 3318 2517 χάριν,
3371 2447 3552 2518 σάρκα
3580 2446 3666 2501 διὰ
3710 2448 3821 2518 τὴν

534 2557 781 2613 medium
862 2557 1008 2611 inter
1080 2553 1513 2621 magnitudinem
1585 2560 1641 2605 et
1694 2548 2124 2604 humilitatem:

2244 2540 2483 2607 ἔπαρσινο
2507 2538 2570 2592 τὸ
2590 2538 2714 2609 μὲν,
2746 2539 2835 2594 ἵνα
2864 2540 3002 2612 μένῃ
3032 2541 3125 2593 καὶ⁵
3154 2539 3353 2611 δοξάζῃ
3369 2541 3461 2593 τδν
3486 2540 3816 2612 εὐεργέτην,

534 2647 793 2703 eumdem
863 2656 977 2700 tum
1051 2644 1327 2714 spiritum.
1386 2650 1498 2695 tum
1558 2655 1821 2700 carnem.
1877 2638 2127 2709 spiritum

2244 2631 2290 2683 ιδ
2328 2629 2408 2696 δὲ,
2476 2631 2565 2683 ἴνα
2606 2633 2813 2703 πάσχῃ.
2870 2633 2965 2685 καὶ
3018 2632 3267 2703 πάσχων,
3323 2634 3821 2705 ὑπομιμνήσκηται

536 2748 767 2811 propter
791 2737 1044 2807 gratiam,
1090 2749 1308 2790 carnem
1346 2741 1570 2804 propter
1600 2730 1929 2802 superbiam.
1970 2729 2128 2796 Illud,

2244 2721 2328 2776 ul
2359 2721 2713 2791 παιδεύηται,
2746 2722 2826 2793 τῷ
2868 2722 3092 2792 μεγέθει
3146 2724 3637 2796 φιλοτιμούμενος
3674 2726 3823 2792 ζῶον
3904 2794 3909 2799 _

538 2840 601 2887 ut
632 2840 901 2895 maneret,
942 2837 998 2884 et
1023 2827 1192 2883 Deum
1233 2829 1301 2881 de
1327 2840 1387 2881 se
1421 2826 1560 2881 bene
1585 2825 1839 2879 meritum
1864 2823 2131 2880 laudaret:

2244 2813 2470 2871 ἱνταῦθα
2503 2815 2985 2886 οίκονομούμενον,
3036 2818 3135 2870 καὶ
3191 2815 3429 2888 ἀλλαχοῦ
3473 2818 3821 2888 μεθιστάμε-

538 2924 664 2988 hoc,
698 2932 759 2978 ut
792 2920 1292 2994 perturbationibus
1337 2927 1393 2973 et
1443 2917 1708 2972 molestiis
1763 2924 1907 2972 esset
1957 2917 2133 2971 obno-

2244 2925 2347 2975 νον,
2380 2907 2480 2962 καὶ
2509 2909 2684 2980 πέρας
2713 2907 2809 2962 τοῦ
2834 2908 3160 2980 μυστηρίου,
3193 2912 3259 2981 τῇ
3285 2909 3421 2980 πρὸς
3446 2910 3583 2964 Θεὸν
3632 2911 3824 2966 νεύσει

537 3016 707 3078 xius,
794 3024 852 3067 ut
945 3026 1067 3066 cum
1138 3006 1516 3080 magnitudine
1591 3021 1689 3062 sua
1774 3005 1950 3061 elatus
2028 3006 2133 3060 sibi

2244 3001 2555 3072 θεούμενον.
2615 3001 2710 3065 Εις
2742 3000 2905 3055 τοῦτο
2939 3002 3050 3073 γὰρ
3102 3001 3227 3071 ἐμοὶ
3268 3002 3427 3073 φέρει
3480 3006 3544 3057 τὸ
3594 3005 3828 3075 μέτριον

538 3104 804 3175 plaet-rct,
858 3101 924 3157 iis
968 3100 1223 3167 amictus,
1260 3106 1314 3153 et
1352 3097 1717 3151 commonitus
1744 3095 2131 3166 resipiscerct:

2244 3094 2475 3148 ἐνταῦθα
2524 3093 2729 3164 φέγγος
2786 3095 2887 3163 τῆς
2937 3093 3221 3163 ἀληθείας,
3263 3094 3626 3169 λαμπρότητα
3678 3096 3825 3151 Θεοῦ

542 3196 744 3251 animal
778 3194 867 3248 bic
892 3193 1237 3257 collocatum,
1272 3200 1332 3246 ut
1361 3191 1466 3245 alio
1495 3189 1712 3262 migret,
1746 3198 1799 3243 et
1843 3201 1965 3259 qua:
2012 3202 2130 3258 my-

2244 3187 2329 3241 ital.
2362 3186 2489 3240 ἰδεῖν
2522 3187 2619 3240 καὶ
2660 3186 2878 3249 παθεῖν,
2944 3185 3104 3251 ἀξίαν
3154 3187 3251 3242 τοῦ
3309 3187 3408 3243 καὶ
3455 3189 3827 3262 συνδήσαντος

540 3288 694 3343 sterii
727 3297 810 3341 est
831 3301 1065 3352 summa,
1086 3294 1147 3339 ut
1168 3284 1259 3338 Dei
1283 3282 1588 3337 imitatione
1635 3280 1831 3337 evadat
1854 3281 1909 3335 in
1936 3280 2128 3335 Deum.

2244 3282 2336 3335 καὶ
2407 3279 2703 3346 λύσοντος,
2769 3281 2866 3335 καὶ
2943 3277 3102 3347 αὖθις
3194 3281 3548 3354 συνδήσοντος
3618 3282 3835 3354 ὁψηλό-

538 3377 751 3433 ldcirco
813 3377 958 3431 enim
1004 3373 1294 3430 mediocris
1349 3372 1467 3428 lucc
1517 3371 1680 3426 nobis
1731 3371 1823 3426 lux
1872 3384 2135 3426 concessa

2245 3388 2428 3444 τερον.

541 3479 645 3537 est,
707 3481 768 3526 ut
815 3485 878 3525 ea
933 3470 1071 3525 duce
1138 3466 1482 3540 splendorem
1547 3466 1697 3520 illum
1748 3478 2161 3535 .assequamur,
2204 3479 2315 3535 quo
2377 3466 2525 3538 digni
2606 3468 2801 3535 simus,
2869 3467 2961 3540 qui
3016 3468 3298 3524 videamus
3351 3469 3830 3540 suscipiamusque

545 3565 739 3632 Deum,
774 3563 867 3636 qui
914 3579 1015 3619 nos
1065 3572 1119 3616 et
1164 3561 1459 3631 compegit,
1508 3569 1563 3615 et
1609 3560 1805 3626 solvet,
1860 3570 1917 3614 et
1967 3560 2138 3616 multo
2173 3560 2604 3630 magniﬁcentius
2643 3563 2896 3620 restituit.
3230 3594 3241 3601 κ

878 3656 963 3712 Ea;
992 3657 1233 3711 oratione
1264 3657 1320 3709 in
1355 3654 1528 3711 Sacra
1562 3654 1814 3710 Lumina.

614 3750 819 3808 Verum
851 3750 979 3822 quia
1009 3750 1297 3820 oportebat
1324 3763 1433 3803 non
1468 3747 1643 3803 solum
1689 3747 1745 3802 in
1784 3746 1939 3805 ctelis
1974 3746 2145 3803 Deum

541 3845 647 3901 eoli
688 3853 743 3898 et
805 3842 1043 3908 adorari,
1078 3842 1174 3897 sed
1243 3840 1459 3912 aliquos
1493 3840 1655 3896 etiam
1718 3840 1773 3895 in
1825 3839 1983 3896 terris
2026 3853 2148 3895 esse

545 3939 696 3994 illius
744 3937 981 3991 cultores
1029 3944 1083 3990 et
1135 3935 1477 3996 adoratores,
1534 3940 1595 3987 ut
1640 3933 1919 4002 (quoniam
1964 3933 2147 3988 omnia

542 4040 676 4087 sunt
706 4030 841 4084 ‘Deo
890 4027 1075 4098 plena)
1126 4026 1311 4081 omnia
1369 4024 1462 4080 Dei
1496 4024 1668 4097 gloria
1715 4024 2147 4095 complerentur,

550 4119 682 4176 ideo
715 4133 883 4174 manu
917 4117 1013 4171 Dei
1048 4117 1308 4173 conditus
1332 4125 1420 4173 est
1456 4117 1642 4183 homo,
1689 4123 1745 4171 et
1769 4115 1889 4186 ejus
1914 4114 2150 4188 imagine

551 4214 865 4272 decoratus.

765 4305 852 4361 Ea:
885 4306 1129 4361 oratione
1166 4307 1223 4361 in
1254 4306 1392 4360 diem
1423 4304 1675 4360 Natalem
1704 4289 1945 4361 Christi:

622 4467 785 4522 Hunc
817 4465 874 4520 in
906 4463 1158 4535 paradiso
1205 4462 1493 4518 collocavit
1524 4460 1940 4534 (qualiscunque
1976 4460 2143 4518 fuerit

2512 3655 2614 3713 Ἐκ
2655 3657 2765 3712 τοῦ
2799 3660 2887 3724 είς
2908 3658 2979 3713 τὰ
3002 3658 3176 3731 Ἅγια
3205 3661 3369 3716 Mra
3403 3660 3608 3732 λόττυ.

2331 3749 2487 3803 Ἐπεὶ
2511 3750 2568 3803 δὲ
2598 3748 2707 3804 ἔδει
2743 3749 2819 3822 μὴ
2844 3752 2960 3816 τοῖς
2984 3752 3099 3807 ἀνω
3132 3753 3295 3824 μόνον
3321 3754 3422 3824 τὴν
3450 3753 3835 3826 προσκύνησιν

2250 3842 2718 3915 περιγράφεσθαι,
2761 3842 2878 3897 ἀλλ’
2913 3837 3059 3899 εῐναί
3087 3862 3243 3910 τινας
3267 3846 3362 3900 καὶ
3392 3847 3548 3902 κάτω
3581 3863 3835 3918 προσκυ-

2250 3935 2439 4003 νητὰς,
2474 3934 2567 3987 ἵνα
2591 3934 2854 4006 πληρωθῇ
2892 3936 2962 3990 τὰ
2994 3937 3176 3991 πάντα
3203 3936 3361 4009 δόξης
3396 3938 3558 4004 Θεοῦ,
3578 3939 3703 3992 ἐπεὶ
3732 3939 3834 3992 καὶ

2249 4023 2409 4091 Θεοῦ,
2429 4025 2520 4081 διὰ
2545 4024 2706 4079 τοῦτο
2737 4026 2984 4092 κτίζεται
3004 4028 3299 4101 ἄνθρωπος
3326 4033 3469 4102 χειρὶ
3496 4029 3636 4087 Θεοῦ
3663 4045 3838 4102 τιμηο
3872 4072 3877 4075 -

2248 4117 2363 4182 θεὶς
2384 4119 2479 4172 καὶ
2508 4118 2694 4175 εικόνι.

2257 4302 2354 4358 Ἐκ
2392 4301 2731 4368 τοῦ-λόγου
2770 4299 2880 4355 τοῦ
2932 4304 3020 4371 εις
3067 4307 3143 4388 Ed
3194 4306 3477 4377 γενέθλια
3531 4309 3641 4366 τοῦ
3702 4313 3849 4383 Χρι-

2952 4391 3132 4433 στου.

2319 4466 2523 4522 Τοῦτον
2561 4467 2713 4524 ἔθετο
2739 4443 2846 4542 μὲν
2875 4472 2933 4527 ὲν
2972 4471 3050 4543 τῷ
3115 4472 3458 4545 παραδείσῳ,
3497 4474 3648 4538 ὅστις
3704 4473 3850 4529 ποτὲ

555 4560 651 4638 ille
702 4558 1018 4627 Paradisus)
1078 4566 1135 4614 et
1179 4557 1413 4613 liberum
1485 4556 1779 4611 voluntatis
1859 4554 2138 4610 arbitrium

2253 4551 2321 4628 ἦν
2351 4561 2379 4612 ὁ
2407 4561 2735 4630 παράδεισος
2795 4555 2974 4631 οὗτος,
3005 4563 3082 4635 τῷ
3110 4563 3442 4636 αύτεξουσίῳ
3469 4566 3726 4638 τιμήσας.
3772 4565 3839 4620 ἵν·

550 4633 782 4723 largitua
812 4660 921 4719 est,
954 4660 1015 4706 ut
1047 4651 1252 4707 bonum
1284 4665 1395 4706 non
1444 4648 1628 4705 minus
1672 4649 1847 4718 ipsius
1899 4645 2151 4719 eligentis

554 4754 723 4808 esset,
749 4759 913 4814 quam
963 4743 1105 4813 ejus,
1123 4743 1216 4811 qui
1243 4742 1457 4814 semina
1498 4740 1800 4795 tribuisset.
1831 4738 2150 4794 Plantarum

556 4834 949 4891 immortalium
982 4834 1246 4889 cultorem
1277 4831 1593 4897 constituit,
1620 4835 1794 4898 idest,
1814 4831 2150 4894 divinarum,

557 4937 622 4983 ut
672 4928 928 4998 equidem
965 4926 1167 4993 sentio,
1200 4924 1752 4996 contemplationum,
1792 4933 1907 4979 tum
1943 4923 2157 4993 simpli-

560 5020 706 5075 cium
734 5028 847 5073 tum
875 5017 1266 5089 periectarum.
1299 5017 1515 5072 Nudum
1548 5016 1617 5073 ob
1643 5015 2068 5087 simplicitatem,
2100 5022 2156 5071 et

559 5113 728 5169 vitam
760 5110 910 5166 nulla
935 5118 1054 5166 arte
1109 5109 1452 5176 instructam,
1480 5122 1583 5164 nec
1608 5108 1721 5165 ullo
1767 5115 1973 5163 tectum
1994 5108 2157 5176 indu-

562 5213 770 5270 mento,
787 5202 1001 5272 qualem
1027 5215 1150 5257 esse
1170 5200 1398 5256 decebat
1421 5199 1658 5270 primum
1677 5198 1829 5253 illum
1852 5197 2153 5253 hominem.

561 5295 703 5352 Tum
720 5295 895 5363 legem
919 5292 1091 5361 dedit,
1106 5307 1213 5363 qua
1234 5291 1462 5347 liberam
1490 5289 1829 5345 voluntatem
1852 5297 2154 5344 exerceret.

560 5387 675 5444 Lex
708 5386 799 5442 illa
848 5385 1165 5441 mandatum
1212 5392 1355 5450 erat,
1407 5397 1519 5454 quo
1566 5381 1641 5437 illi
1674 5381 2157 5452 praescribebatur,

562 5492 725 5548 quam
774 5476 1014 5547 plantam
1065 5474 1360 5543 attingere,
1398 5482 1453 5528 et
1486 5489 1515 5526 a
1561 5488 1669 5543 qua
1717 5473 1942 5528 deberet
1989 5472 2160 5527 absti-

520 5581 719 5635 \nerc.
785 5565 911 5622 llaec
966 5575 1173 5632 autem,
1227 5581 1258 5620 a
1310 5579 1418 5634 qua
1462 5576 1769 5634 temperare
1850 5564 2159 5635 oportebat,

566 5667 684 5713 erat
730 5659 971 5715 scientiae
1020 5659 1230 5731 planta,
1281 5673 1403 5728 quas
1453 5658 1674 5727 quidem
1721 5659 1788 5714 ab
1844 5658 2002 5713 initio
2058 5674 2161 5714 nec

568 5749 715 5804 ma‘lo
751 5758 869 5805 sata
902 5751 1003 5806 fuit
1033 5750 1284 5817 consilio,
1336 5765 1439 5807 nec
1471 5750 1541 5807 ob
1586 5752 1845 5807 invidiam
1889 5753 2161 5823 prohibita

572 5835 665 5905 (ne
691 5836 905 5893 vibrent
937 5840 1046 5895 ltuc
1089 5838 1300 5912 linguas
1352 5856 1479 5898 suas
1529 5841 1680 5913 impii
1732 5843 1824 5913 qui
1878 5842 2154 5917 gigantum

2256 4645 2408 4723 ᾗτοῦ
2443 4651 2703 4723 ἑλομένου
2732 4654 2794 4708 τὸ
2824 4655 3029 4724 ἀγαθὸν
3087 4657 3186 4728 οὐχ
3216 4651 3383 4728 ἦττον
3430 4657 3462 4729 ἢ
3518 4657 3613 4713 τοῦ
3663 4674 3847 4728 παρα-

2260 4739 2483 4809 σχόντος
2513 4741 2582 4794 τὰ
2614 4743 2909 4814 σπέρματα
2938 4761 2953 4776 ο
2989 4746 3175 4815 φυτῶν
3213 4746 3506 4801 ἀθανάτων
3561 4748 3850 4817 γεωργὸν,

2261 4828 2423 4884 θείων
2465 4826 2689 4887 ἐννοιῶν
2742 4835 2899 4901 ἴσως,
2928 4837 3041 4891 τῶν
3092 4832 3153 4893 τε
3184 4838 3576 4911 ἁπλουστέρων
3606 4839 3698 4893 καὶ
3735 4837 3858 4893 τῶν

2260 4920 2649 4992 τελεωτέρωνο
2706 4925 2919 4995 γυμνὸν
2971 4929 3039 4999 τῇ
3115 4916 3382 4999 ἁπλότητι
3454 4928 3552 4983 καὶ
3605 4928 3717 4998 ζωῇ
3776 4932 3855 5000 τῇ

2266 5012 2509 5083 ἀτέχνῳ,
2534 5016 2629 5068 καὶ
2688 5015 2810 5088 δίχα
2836 5018 3039 5082 παντὸς
3073 5018 3529 5090 ὲπικαλύμματος
3570 5023 3664 5074 καὶ
3710 5037 3863 5091 προ-

2266 5100 2571 5172 ϐλήματος.
2635 5104 2893 5160 Τοιοῦτον
2942 5106 3052 5176 γὰρ
3117 5106 3358 5179 ἔπρεπεν
3411 5103 3555 5164 εἶναι
3602 5110 3694 5164 τὸν
3749 5110 3860 5166 ἀπ’

2248 5192 2468 5264 ἀρχῆς.
2506 5194 2620 5248 Καὶ
2646 5194 2835 5251 δίδωσι
2866 5198 3054 5269 νόμον,
3082 5197 3216 5269 ὕλην
3248 5199 3328 5271 τῷ
3383 5201 3747 5269 αύτεξουσίῳ.
3788 5203 3860 5258 Ὀ

2264 5286 2322 5340 δὲ
2356 5288 2518 5357 νόμος
2556 5283 2627 5359 ἦν
2678 5289 2893 5359 ἐντολὴ,
2933 5283 3011 5345 ὧν
3041 5308 3100 5344 τε
3139 5292 3514 5363 μεταληπτέον
3555 5294 3705 5365 αὐτῷ
3749 5311 3863 5365 φυ-

2273 5378 2406 5441 τῶν,
2451 5381 2544 5432 καὶ
2563 5373 2624 5434 οὗ
2656 5381 2731 5451 μὴ
2754 5382 3119 5452 προσαπτέον.
3151 5382 3224 5436 Τὸ
3252 5385 3311 5438 δὲ
3338 5380 3407 5456 ἦν
3442 5386 3693 5454 ’τὺ-ξύλον
3749 5386 3861 5457 τῆς

2268 5470 2550 5538 γνώσεως,
2618 5471 2744 5524 οὔτε
2782 5473 3045 5542 φυτευθὲν
3096 5474 3196 5528 ἀπ’
3234 5475 3411 5547 ἀρχῆς
3467 5478 3674 5542 κακῶς,
3725 5474 3862 5531 οὔτε

2269 5561 2653 5633 ἀπαγορευθὲν
2689 5562 2993 5633 φθονερῶς.
3044 5565 3136 5636 Μὴ
3191 5569 3568 5639 πεμπέτωσαν
3597 5570 3716 5623 ἐκεῖ
3750 5568 3863 5635 τὰς

2270 5653 2522 5723 γλώσσας
2557 5657 2606 5707 οἱ
2632 5653 2916 5726 θεομάχοι,
2952 5656 3089 5727 μηδὲ
3119 5657 3210 5712 τδν
3242 5658 3368 5729 ὄφιν
3423 5660 3807 5732 μιμείσθωσαν
3841 5677 3860 5694 ·

2271 5744 2407 5798 ἀλλά
2440 5745 2604 5798 καλὸν
2645 5746 2766 5815 μὲν,
2790 5744 3065 5817 εὐκαίρως
3092 5747 3655 5820 μεταλαμϐανόμενον
3677 5762 3691 5778 ⁸
3718 5748 3868 5802 θεω-

2274 5839 2365 5910 ρία
2403 5840 2510 5909 γὰρ
2534 5833 2603 5913 ἦν
2643 5839 2703 5891 τὸ
2737 5839 2925 5909 φυτὸν,
2956 5840 3032 5906 ὡς
3055 5843 3089 5913 η
3142 5840 3252 5912 ἐμὴ
3284 5840 3511 5912 θεωρία,
3539 5836 3611 5916 ἦς
3671 5840 3873 5913 μόνοις
