4126 6408
397 351 495 419 201

1370 348 1748 411 PANOPLIA
1799 346 2260 408 DOGMATICA.
2295 371 2364 380 -
2404 346 2554 409 TIT.
2593 347 2696 408 VI.

3563 346 3669 408 902

393 467 704 523 ἐπιϐαίνειν
735 467 1012 536 ἀσφαλὲς,
1049 469 1162 531 τοῖς
1190 466 1287 535 τὴν
1320 464 1434 530 ἕξιν
1483 462 1839 534 τελεωτέροις
1861 478 1876 494 ·
1914 461 1976 515 οὐ

2086 475 2232 518 more
2264 476 2388 517 cum
2421 459 2548 530 {Deo
2598 466 2864 532 pugnant,
2909 475 3010 517 nec
3058 464 3334 534 serpentis
3368 463 3519 519 virus
3555 467 3669 521 suis

394 561 562 617 καλὸν
595 561 651 614 δὲ
682 563 800 624 τοῖς
842 557 1360 639 ἁπλουστέροιςὲέτι
1425 555 1520 609 καὶ
1537 556 1638 624 τὴν
1676 554 1864 624 ἔφεσιν
1901 552 1981 607 λι-

389 655 690 728 χνοτέροις,
724 653 920 725 ὥσπερ
949 653 1073 707 οὐδὲ
1115 654 1294 725 τροφὴ
1328 649 1510 706 τελεία
1543 648 1832 720 λυσιτελὴς
1861 650 1976 712 τοῖς

389 748 624 812 ἁπαλοῖς
654 747 739 801 ἔτι
775 748 876 800 καὶ⁵
898 746 1181 817 δεομένοις
1205 745 1506 814 γάλακτος.

2088 555 2434 626 captionibus
2477 556 2805 623 imitentur},
2837 555 2933 611 sed
2977 553 3118 614 bona
3159 558 3380 628 quidem
3447 569 3585 624 erat,
3624 560 3690 638 si,

2087 647 2215 716 quis
2253 656 2567 717 opportune
2593 649 2659 706 ad
2690 648 2839 703 illam
2889 652 3234 706 accessisset.
3284 650 3475 706 Planta
3521 651 3671 705 enim

2080 740 2171 795 illa
2223 742 2305 812 (ut
2355 757 2457 812 ego
2504 743 2724 814 quidem
2773 745 3048 817 existimo)
3090 755 3210 802 erat
3253 745 3668 816 contemplatio,

386 839 459 894 ad
503 853 663 909 quam
702 836 808 893 soli
859 844 982 892 tuto
1027 836 1317 897 accedunt,
1368 835 1462 905 qui
1517 832 1707 888 habitu
1751 829 1979 902 perfecti
2018 838 2168 898 sunt,
2194 832 2286 901 qui
2351 841 2533 888 autem
2605 835 2913 906 cupidiores
2954 845 3117 908 atque
3162 838 3674 908 intemperantiorts

386 947 505 988 non
569 933 722 986 item.
767 929 1240 996 Quemadmodum
1275 943 1377 985 nec
1430 927 1707 1000 perfectus
1781 933 1838 981 et
1884 923 2092 980 solidus
2157 925 2312 981 cibus
2373 929 2738 986 tenerioribus
2800 933 2982 988 adhuc
3009 942 3065 990 et
3115 934 3264 990 lacte
3299 932 3672 1005 indigentibus

384 1027 637 1098 prodest.

391 1121 528 1177 Ἔτι
561 1120 696 1190 περὶ
716 1118 827 1188 τῆς
853 1119 1018 1200 θείας
1051 1117 1460 1200 δημιουργοίιξς,
1497 1116 1609 1171 τοῦ
1626 1115 1889 1182 Νύσσης
1909 1112 1976 1167 ἐκ

2086 1107 2217 1165 Item
2251 1113 2313 1167 de
2346 1116 2699 1200 opiﬁcioﬂei,
2728 1135 2793 1172 ea:
2817 1123 3057 1200 oratione
3085 1122 3400 1176 catcchetica
3430 1122 3674 1194 Gregorii

787 1189 897 1244 τοῦ
929 1187 1336 1256 κατηχητικοῦ
1363 1188 1577 1256 λόγσυ.

465 1284 544 1339 Τδ
573 1283 672 1338 νῦν
698 1285 758 1337 ὲν
777 1282 1002 1345 ἀτόποις
1030 1275 1174 1336 εἶναι
1198 1280 1300 1350 τὴν
1320 1278 1676 1350 ἀνθρωπίνην
1706 1275 1853 1348 ζωὴν
1873 1275 1974 1346 οὐχ

393 1375 586 1436 ίκανός
629 1374 781 1426 ἐστιν
808 1370 1032 1440 ἐλεγχος
1078 1367 1174 1423 τοῦ
1221 1368 1492 1438 μηδέποτε
1539 1367 1632 1421 τὸν
1685 1366 1976 1437 ἄνθρωπον

393 1469 457 1519 ὲν
484 1463 716 1532 ἀγαθοῖς
751 1461 1108 1533 γεγενῆσθαι.
1165 1460 1384 1529 Ἐπειδὴ
1424 1461 1535 1531 γὰρ
1575 1458 1713 1514 Θεοῦ
1754 1458 1918 1530 ἔργον
1948 1460 1977 1513 ό

391 1555 688 1626 ἄνθρωπος
719 1553 814 1608 τοῦ
840 1553 910 1607 δι’
934 1553 1250 1623 ἀγαθότητα
1287 1552 1348 1605 τὸ
1370 1553 1506 1618 ζῶον
1535 1551 1697 1605 τοῦτο
1720 1568 1977 1622 παραγα-

393 1647 592 1714 γόντος
634 1649 716 1707 είς
750 1645 992 1715 γένεσιν,
1017 1644 1119 1698 οὐκ
1138 1644 1206 1699 ἄν
1257 1660 1344 1708 τις
1383 1643 1646 1711 εὐλόγως,
1686 1636 1747 1698 οὗ
1778 1644 1977 1714 ήαίτία

389 1738 500 1809 τῆς
563 1738 875 1802 συστάσεως
918 1736 1193 1808 ἀγαθότης
1237 1735 1374 1798 ἐστὶ,
1426 1736 1616 1789 τοῦτον
1669 1736 1727 1788 ὲν
1784 1737 1977 1800 κακοῖς

2545 1187 2735 1257 Nysam
2761 1191 3045 1258 pontiﬁcis.

2149 1273 2270 1329 Non
2324 1275 2523 1332 idoneo
2568 1279 2831 1348 probatur
2875 1289 3216 1353 argumento,
3284 1300 3567 1356 nunquam
3613 1285 3672 1340 in

2080 1362 2239 1420 bonis
2267 1365 2545 1422 hominem
2576 1365 2767 1435 fuisse,
2805 1371 2953 1440 quod
2979 1387 3131 1426 nunc
3160 1371 3216 1426 in
3271 1375 3428 1430 malis
3475 1392 3688 1446 verse-1

2089 1465 2178 1510 tur
2223 1455 2463 1514 humana
2512 1459 2642 1516 vita.
2691 1460 2825 1516 Nam
2863 1478 2989 1518 cum
3036 1463 3202 1519 homo
3251 1465 3322 1521 sit
3365 1482 3504 1536 opus
3551 1469 3670 1536 Dei,

2088 1547 2182 1631 qui
2235 1549 2438 1604 animal
2508 1550 2613 1608 hoc
2673 1563 2898 1624 propter
2961 1554 3261 1611 benitatem
3341 1561 3673 1629 procreavit,

2087 1655 2250 1696 nemo
2293 1642 2470 1709 illum,
2503 1645 2660 1714 cujus
2705 1647 3031 1715 procreandi
3076 1662 3239 1704 causa
3283 1649 3499 1706 bonitas
3548 1652 3672 1718 fuit,

2085 1733 2141 1788 in
2173 1735 2329 1790 malis
2357 1749 2388 1789 a
2425 1745 2774 1806 procreatore
2823 1739 2989 1796 fuisse
3040 1741 3285 1810 genitum
3335 1745 3532 1800 merito
3579 1763 3675 1800 su-

390 1827 736 1898 γεγενῆσθαι
752 1827 902 1898 παρά
922 1827 1018 1881 τοῦ
1055 1828 1417 1898 πεποιηκότος
1440 1827 1974 1893 καθυποπτεύσειεν,

2086 1827 2351 1898 spicetur.
2387 1830 2575 1901 Itaque
2609 1832 2713 1886 alia
2759 1848 2920 1888 causa
2972 1809 3080 1901 est,
3120 1838 3475 1906 quamobrem
3523 1856 3672 1896 nunc

395 1924 521 1977 ἀλλ’
578 1922 769 1993 ἕτερόν
804 1924 956 1976 ἐστιν
1000 1923 1176 1977 αἴτιον
1213 1922 1308 1975 τοῦ
1377 1921 1553 1976 ταῦτά
1597 1939 1658 1975 τε
1692 1921 1789 1976 νῦν
1848 1924 1980 1994 περὶ

389 2015 552 2084 ἡμᾶς
632 2011 798 2082 εἶναι,
857 2015 949 2068 καὶ
1004 2016 1114 2069 τῶν
1158 2016 1441 2086 προτέρων
1500 2015 1880 2088 ἐρημωθῆναι.
1919 2017 1980 2072 'O

393 2109 512 2179 γάρ
538 2108 634 2160 ἐπὶ
661 2109 928 2180 μετουσίᾳ
987 2107 1098 2160 τῶν
1134 2107 1284 2163 usth
1333 2108 1557 2177 ἀγαθῶν
1617 2109 1856 2180 ποιήσας
1888 2111 1980 2164 τὸν

393 2201 714 2272 ἄνθρωπον,
756 2201 850 2254 καὶ
889 2200 1108 2255 πάντων
1147 2199 1300 2271 αὐτῷ
1331 2200 1441 2255 τῶν
1507 2198 1691 2253 καλῶν
1723 2201 1978 2270 ἀφορμὰς

389 2289 889 2358 ἐγκατασκευάσας
919 2290 985 2358 τῇ
1013 2287 1199 2358 φύσει,
1225 2289 1300 2352 ὼς
1328 2288 1394 2343 ἂν
1416 2289 1483 2342 δι’
1519 2289 1751 2343 ἑκάστου
1773 2290 1978 2343 καταλ-

389 2385 576 2456 λήλως
637 2384 776 2454 πρὸς
804 2384 867 2438 τὸ
890 2385 1078 2455 ὅμοιον
1109 2385 1142 2454 ἠ
1180 2382 1362 2454 δρεξις
1395 2382 1637 2454 φέροιτο,
1658 2383 1760 2437 οὐκ
1792 2383 1860 2438 ἂν
1881 2385 1975 2438 τοῦ

389 2475 688 2529 καλλίστου
723 2492 782 2529 τε
842 2477 936 2528 καὶ
963 2475 1300 2546 τιμιωτάτου
1333 2475 1444 2527 τῶν
1488 2473 1710 2543 ἀγαθῶν
1745 2475 1976 2528 ἀπεστέ-

393 2584 556 2638 ρησε,
581 2567 734 2636 λέγω
756 2567 824 2638 δὴ
858 2568 956 2637 τῆς
979 2566 1125 2620 κατά
1153 2567 1216 2619 τὸ
1248 2566 1550 2620 ἀδέσποτον
1591 2567 1690 2619 καὶ
1721 2566 1979 2632 αὐτεξού-

390 2676 514 2713 σιον
544 2658 792 2730 χάριτος.
837 2657 900 2712 Εί
929 2659 1038 2727 γάρ
1072 2675 1159 2722 τις
1206 2658 1426 2728 ἀνάγκη
1480 2658 1583 2728 τῆς
1623 2661 1977 2730 ἀνθρωπίνης

387 2754 696 2806 ἐπεστάτει
722 2748 892 2819 ζωῆς,
929 2751 1226 2822 διεψεύσθη
1260 2751 1380 2823 ἀνή
1411 2751 1581 2806 είκὼν
1633 2753 1758 2806 κατ’
1798 2754 1978 2807 ἐκεῖνο

389 2845 454 2896 τὸ
481 2843 658 2914 μέρος
687 2842 1124 2912 ἀλλοτριωθείσα
1154 2843 1234 2913 τῷ
1270 2845 1511 2914 ἀνομοίῳ
1537 2843 1677 2914 πρὸς
1720 2846 1782 2898 τὸ
1808 2846 1977 2916 ἀρχέ-

385 2953 588 2991 τυπον.
626 2937 741 3006 Τῆς
770 2935 880 3006 γὰρ
913 2936 1313 3006 βασιλευούσης
1344 2936 1563 3006 φύσεως
1617 2940 1650 3007 ὴ
1705 2939 1978 3006 ἀνάγκαις

384 3031 532 3083 τισὶν
563 3027 957 3097 ὑπεζευγμένη
979 3045 1040 3082 τε
1072 3030 1165 3082 καὶ
1209 3029 1540 3083 δουλεύουσα
1572 3031 1691 3096 πῶς
1729 3031 1975 3085 ἀνείκὼν

384 3123 754 3192 ὀνομάζοιτος
804 3120 1016 3175 Οὐκοῦν
1049 3120 1108 3174 τὸ
1142 3121 1230 3175 διὰ
1279 3123 1498 3176 πάντων
1549 3122 1690 3192 πρὸς
1719 3122 1782 3176 τὸ
1818 3123 1974 3177 Θεῖον

385 3213 757 3286 ὡμοιωμένον
786 3211 892 3266 ἔδει
927 3213 1149 3276 πάντως
1182 3212 1330 3282 ἔχειν
1379 3214 1437 3266 ἐν
1467 3216 1535 3286 τῇ
1573 3215 1732 3282 φύσει
1783 3217 1844 3269 τὸ
1876 3219 1975 3268 αὑ-

383 3306 660 3374 τοκρατὲς
695 3303 793 3358 καὶ
818 3303 1145 3366 ἀδέσποτον,
1203 3303 1344 3357 ὥστε
1375 3299 1542 3357 ἆθλον
1575 3305 1786 3375 ἀρετῆς
1831 3301 1976 3359 εἷναι

387 3399 490 3469 τὴν
517 3398 634 3451 τῶν
668 3396 898 3466 ἀγαθῶν
935 3393 1253 3466 μετουσίαν.
1291 3395 1463 3448 Πόθεν
1494 3392 1611 3460 οὖν,
1645 3398 1812 3467 ἐρεῖς,
1832 3399 1860 3449 ὁ
1885 3398 1974 3451 διὰ

393 3493 622 3547 πάντων
651 3493 767 3554 τοῖς
794 3489 1109 3551 καλλίστοις
1142 3489 1512 3558 τετιμημένος
1552 3490 1620 3542 τά
1658 3490 1830 3560 χείρω
1865 3494 1974 3544 τῶν

397 3581 630 3649 ἀγαθῶν
678 3579 1098 3648 ἀντηλλάξατο;
1133 3578 1318 3647 Σαφὴς
1368 3580 1463 3630 καὶ
1518 3580 1545 3630 ὁ
1606 3579 1738 3647 περὶ
1785 3579 1975 3632 τούτου

405 3674 594 3740 λόγος.
627 3672 866 3743 Οὐδεμία
897 3672 1074 3725 κακοῦ
1105 3674 1320 3739 γένεσις
1352 3674 1418 3724 ὲκ
1451 3669 1546 3724 τοῦ
1585 3671 1730 3724 θείου
1778 3673 1977 3742 βουλή-

412 3777 587 3831 ματος
615 3760 701 3832 τὴν
728 3761 908 3832 ἀρχὴν
931 3760 1092 3832 ἔσχεν
1117 3778 1130 3792 ·
1169 3758 1204 3833 ἦ
1258 3763 1366 3833 γὰρ
1426 3763 1493 3816 ἂν
1539 3763 1647 3827 ἔξω
1713 3765 1977 3834 μέμψεως

401 3851 474 3927 ἦν
508 3857 539 3926 η
565 3858 755 3922 κακία,
783 3856 921 3909 Θεὸν
953 3855 1132 3924 αὐτῆς
1166 3857 1594 3937 ἐπιγραφομένη
1625 3859 1859 3929 ποιητὴν
1883 3863 1978 3915 καὶ

392 3950 633 4022 πατέρα.
693 3950 832 4006 Ἀλλ’
865 3951 1142 4020 ὲμφὺεταί
1171 3968 1286 4015 πως
1344 3951 1405 4002 τὸ
1435 3952 1606 4005 κακὸν
1645 3950 1848 4015 ἔξωθεν
1910 3958 1974 4026 τῇ

389 4042 740 4112 προαιρέσει,
769 4043 892 4096 τότε
933 4041 1353 4113 συνιστάμενον,
1418 4045 1548 4098 ὅταν
1575 4063 1663 4109 τις
1719 4047 1830 4102 ἀπὸ
1883 4047 1978 4101 τοῦ

389 4133 560 4188 καλοῦ
612 4135 841 4203 γένηται
885 4134 986 4206 τῆς
1030 4134 1212 4205 ψυχῆς
1269 4136 1646 4207 ἀναχώρησις.
1708 4139 1978 4210 Καθάπερ

387 4227 500 4297 γὰρ
532 4227 568 4296 ἡ
601 4226 701 4296 μὲν
724 4227 920 4296 ὅρασις
955 4227 1176 4296 φύσεώς
1231 4229 1381 4281 ἔστιν
1413 4229 1692 4302 ἐνέργεια,
1728 4234 1978 4306 ἠδὲοπή-

389 4337 564 4392 ρωσις
596 4321 863 4390 στέρησίς
903 4323 1022 4373 ἐστι
1072 4321 1170 4390 τῆς
1202 4320 1441 4390 φυσικῆς
1480 4322 1799 4393 ἐνεργείας·
1833 4325 1977 4380 οὕτω

397 4413 498 4465 καὶ
527 4415 561 4481 ἡ
594 4410 769 4481 ἀρετὴ
793 4412 932 4480 πρὸς
994 4411 1092 4480 τὴν
1126 4410 1328 4464 κακίαν
1354 4410 1844 4484 ἀντικαθέστηκεν.
1898 4418 1974 4470 Οὐ

2090 1931 2145 1976 et
2205 1922 2472 1978 molestiis
2525 1925 2900 1995 aerumnisque
2951 1943 3288 1996 premamur,
3314 1939 3370 1985 et
3425 1933 3674 2000 pristinis

2087 2014 2390 2068 commodis
2425 2014 2624 2084 privati
2652 2015 2845 2071 simus.
2880 2015 2984 2083 Qui
3031 2019 3179 2074 enim
3218 2020 3494 2076 hemiuem
3546 2041 3675 2092 pro-

2087 2104 2328 2174 priorum
2406 2105 2676 2160 bonorum
2752 2108 3075 2180 participem
3132 2110 3359 2177 iecerat,
3439 2115 3672 2185 ejusqu

2086 2205 2294 2251 naturae
2362 2197 2639 2252 insereret
2685 2199 2952 2254 virtutum
3018 2203 3263 2257 omnium
3319 2205 3552 2270 semina,
3614 2218 3675 2261 ut

2087 2289 2314 2358 singulis
2394 2289 2630 2344 vicissim
2722 2292 3038 2348 excolendis
3103 2294 3174 2348 ad
3257 2295 3672 2351 similitudinem

2085 2395 2238 2434 suam
2272 2380 2679 2448 incenderetur,
2726 2382 3074 2451 pulcherrimi
3125 2400 3188 2439 ac
3237 2389 3672 2457 praestantissimi

2086 2475 2349 2538 muneris,
2406 2475 2590 2529 libera:
2629 2476 2888 2529 nimirum
2939 2486 2995 2532 et
3029 2478 3232 2533 nullius
3280 2480 3506 2549 imperio
3538 2484 3671 2534 sub-

2082 2565 2242 2636 jectae
2271 2567 2592 2630 voluntatis.
2621 2578 2900 2636 expertem
2946 2583 3054 2624 non
3086 2570 3415 2640 reliquisset.
3456 2574 3670 2628 Etenim

2087 2658 2134 2712 si
2185 2672 2292 2726 qua
2342 2657 2642 2720 necessitas
2676 2658 2930 2714 humanae
2980 2660 3103 2715 vitat
3147 2661 3345 2718 fuisset
3394 2665 3668 2734 imposita,

2087 2749 2274 2804 falsam
2300 2750 2356 2804 in
2378 2765 2441 2806 ea
2463 2751 2680 2820 quidem
2703 2761 2859 2821 parte
2883 2753 3174 2826 imaginem
3201 2757 3496 2822 retulisset,
3537 2760 3671 2815 alio-

2084 2854 2263 2910 neque
2299 2841 2368 2895 ab
2411 2843 2709 2926 exemplari
2743 2851 2969 2913 propter
3014 2842 3516 2900 dissimilitudinem
3579 2861 3675 2900 cx-

2083 2931 2334 2984 stitisset.
2365 2933 2470 2996 Qui
2519 2931 2668 2985 enim
2719 2931 3145 2986 necessitatibus
3197 2933 3436 3018 obnoxia
3487 2937 3675 2989 deser-

2085 3023 2351 3094 viensque
2419 3031 2615 3080 natura
2693 3024 2978 3093 regnantis
3029 3023 3207 3095 imago
3261 3027 3675 3082 nominaretur?

2084 3113 2384 3186 Oportebat
2417 3116 2600 3186 igitur,
2641 3125 2720 3180 ut,
2758 3115 2904 3184 quod
2937 3115 2992 3169 in
3041 3116 3299 3171 omnibus
3335 3118 3445 3172 Deo
3494 3121 3674 3175 simil:

2084 3207 2288 3263 factum
2362 3217 2500 3270 erat,
2551 3216 2760 3262 naturas
2815 3207 3122 3264 libertatem
3178 3209 3382 3264 nullius
3444 3213 3671 3279 imperio

2086 3301 2383 3371 subjectum
2450 3299 2746 3365 obtineret,
2805 3309 2864 3354 ut
2919 3300 3137 3355 virtutis
3193 3306 3472 3371 praemium
3526 3317 3675 3360 esset

2086 3394 2357 3448 bonorum
2409 3392 2648 3463 acleptio.
2704 3391 2814 3445 Cur
2871 3392 3054 3462 igitur,
3126 3393 3364 3464 inquies,
3420 3398 3511 3466 qui
3555 3400 3674 3468 pul-

2078 3486 2372 3541 cherrimis
2398 3486 2656 3540 omnibus
2685 3485 2902 3539 dotibus
2926 3494 3152 3543 ornatus
3177 3498 3314 3552 erat,
3340 3493 3479 3544 tnala
3516 3492 3672 3546 bouis

2085 3579 2428 3648 anteposuit?
2457 3577 2652 3634 Facilis
2681 3587 2737 3632 et
2762 3578 2827 3631 ad
2861 3577 2964 3631 hoc
3010 3581 3294 3658 responsio
3334 3593 3438 3639 est.
3481 3584 3674 3638 Nullus

2087 3676 2212 3730 mali
2287 3685 2438 3728 ortus
2506 3689 2536 3727 a
2602 3674 2696 3728 Dei
2768 3673 3047 3727 voluntate
3095 3675 3427 3752 principium
3487 3679 3670 3738 habet.

2086 3768 2299 3837 Alioqui
2355 3767 2547 3820 vitium
2598 3765 2922 3836 reprehendi
2976 3781 3085 3820 non
3138 3777 3344 3836 posset,
3401 3769 3443 3822 si
3501 3772 3670 3825 Deum

2087 3871 2364 3918 auctorem
2407 3875 2566 3914 suum
2621 3870 2676 3913 et
2719 3874 2940 3926 causam
2991 3857 3230 3914 aﬂerrct.
3264 3860 3369 3916 Sed
3404 3862 3672 3917 extrinse-

2088 3972 2185 4010 cus
2215 3952 2616 4024 quodammodo
2661 3953 2864 4006 malum
2915 3951 3258 4020 innascitur,-
3285 3970 3409 4010 cum
3456 3957 3673 4011 animus

2087 4045 2366 4114 proposito
2421 4057 2484 4096 ac
2531 4041 2810 4095 voluntate
2859 4057 2957 4096 sua
2990 4044 3194 4097 recedit
3236 4046 3670 4116 ab,houestate.

2086 4139 2222 4191 Nam
2276 4145 2336 4190 ut
2390 4135 2538 4190 visus
2588 4144 2670 4190 est
2727 4135 2875 4189 actio
2919 4145 3150 4200 naturae,
3210 4139 3424 4200 caecitas
3473 4151 3670 4214 “autem

2089 4229 2319 4301 privatio
2364 4228 2625 4281 naturalis
2676 4229 2931 4293 actionis,
2994 4230 3073 4282 sic
3122 4231 3294 4283 virtus
3353 4240 3406 4286 et
3476 4233 3673 4286 vitium

2089 4325 2232 4378 inter
2259 4337 2317 4376 se
2347 4319 2617 4374 contraria
2645 4328 2791 4372 sunt.
2845 4317 3032 4388 Neque
3087 4321 3232 4375 enim
3286 4323 3445 4376 aliter
3494 4326 3668 4394 gigni-

2091 4426 2177 4470 tur
2239 4414 2451 4476 vitium,
2507 4411 2612 4465 nisi
2671 4410 2889 4464 virtutis
2961 4413 3229 4467 absentia.
3303 4415 3457 4468 Sicut
3526 4417 3672 4470 enim

397 4504 512 4572 γὰρ
533 4502 688 4555 ἐστιν
718 4503 896 4565 ἄλλως
947 4503 1147 4563 κακίας
1181 4502 1398 4568 γένεσιν
1443 4503 1696 4572 ἐννοῆσαι
1756 4506 1788 4575 ἢ
1848 4507 1975 4576 ἀρε·

2086 4509 2266 4565 ablato
2312 4505 2518 4559 lumine
2567 4507 2806 4555 tencbrzc
2859 4503 3288 4571 subsequuntur,
3359 4521 3425 4559 co
3485 4517 3672 4561 autem

387 4596 487 4661 τῆς
520 4594 789 4661 ἀπουσίᾳ.
825 4595 1040 4665 ’Ὠσπερ
1075 4594 1204 4662 γὰρ,
1237 4593 1330 4647 τοῦ
1355 4594 1532 4661 τρωτὸς
1560 4596 1974 4666 ὑφαιρεθέντος,

383 4690 412 4740 ὁ
441 4687 614 4755 ζόφος
647 4685 1086 4756 ἐπηκολούθησε,
1136 4686 1404 4755 παρόντος
1431 4687 1485 4739 δὲ
1519 4688 1620 4740 οὐκ
1673 4689 1822 4744 ἐστιν
1849 4708 1862 4722 ·
1889 4691 1982 4746 οὖ-

385 4795 524 4842 τως,
560 4778 669 4838 ἕως
718 4776 784 4830 ἂν
812 4780 964 4847 παρῇ
990 4777 1051 4828 τὸ
1085 4777 1292 4842 ἀγαθὸν
1321 4778 1378 4830 ἐν
1401 4779 1468 4846 τῇ
1503 4779 1689 4845 φύσει,
1725 4782 1978 4852 ἀνύπαρ..

389 4872 526 4924 κτόν
556 4872 678 4922 ἐστι
708 4870 833 4922 καθ’
858 4869 1058 4938 ἑαυτὴν
1107 4871 1139 4940 ἡ
1171 4869 1364 4923 κακία.
1407 4870 1468 4924 Ἦ
1494 4870 1560 4924 δὲ
1602 4872 1696 4925 τοῦ
1736 4873 1981 4944 κρείττο-

387 4981 484 5025 νος
525 4963 879 5031 ἀναχώρησις
904 4961 1000 5013 τοῦ
1027 4962 1280 5013 ἐναντίου
1313 4962 1527 5028 γίνεται
1558 4963 1796 5032 γένεσις.
1823 4965 1982 5021 Ἐπεὶ

383 5057 483 5109 οὖν
516 5054 680 5106 τοῦτο
731 5057 832 5124 τῆς
867 5054 1351 5118 αὐτεξουσιότητός
1401 5058 1517 5107 ἐστι
1570 5057 1630 5108 τὸ
1669 5058 1888 5128 ἰδίωμα,
1922 5060 1982 5112 τὸ

389 5149 518 5201 κατ’
551 5147 803 5212 ἐξουσίαν
833 5146 1119 5216 αἱρεῖσθαι
1146 5144 1208 5196 τὸ
1237 5146 1598 5215 καταθύμιον,
1656 5150 1753 5219 οὐχ
1784 5153 1810 5201 ὸ
1847 5152 1982 5214 Θεός

383 5257 472 5294 σοι
529 5239 645 5293 τῶν
679 5240 970 5306 παρόντων
1002 5240 1151 5291 ἐστὶν
1178 5239 1352 5301 αἴτιος
1400 5239 1610 5304 κακῶν,
1675 5242 1973 5296 ἀδέσποτον

2091 4607 2359 4670 prasente
2419 4595 2579 4648 nullae
2606 4600 2756 4655 sunt,
2808 4592 2882 4644 ita
2926 4594 3169 4662 quandiu
3229 4605 3315 4649 est
3375 4596 3425 4648 in
3483 4606 3673 4647 natura

2093 4693 2323 4751 bonum,
2386 4688 2585 4741 malum
2645 4699 2743 4752 per
2788 4699 2845 4738 se
2921 4685 3054 4739 nihil
3098 4695 3200 4739 est.
3267 4685 3416 4740 Bono
3486 4696 3672 4740 autem

2091 4783 2379 4838 recedente
2423 4782 2758 4835 contrarium
2797 4780 3120 4850 ingreditur.
3173 4779 3310 4832 Cum
3348 4779 3511 4848 igitur
3537 4780 3676 4834 libe-

2090 4889 2162 4929 rae
2193 4875 2487 4929 voluntatis
2536 4875 2638 4928 hoc
2669 4874 2947 4943 proprium
2983 4874 3074 4936 sit,
3116 4879 3175 4925 ut
3225 4872 3492 4925 arbitratu
3549 4889 3670 4935 suo,

2084 4967 2227 5036 quod
2262 4965 2433 5036 magis
2472 4967 2622 5026 libet,
2656 4965 3052 5033 complectatur
3086 4965 3246 5026 Deus,
3295 4963 3386 5033 qvi
3438 4965 3665 5016 liberam

2089 5060 2182 5114 tibi
2236 5068 2490 5112 naturam
2544 5059 2758 5121 tribuit,
2817 5067 3034 5111 tuorum
3085 5073 3195 5112 non
3266 5067 3350 5111 est
3406 5059 3672 5112 malorum

2087 5162 2300 5213 auctor,
2330 5152 2426 5204 sed
2457 5149 2736 5202 temeritas
2769 5157 2880 5214 tua,
2914 5163 3032 5218 qua:
3091 5148 3406 5203 melioribus
3458 5149 3673 5202 omissis

2087 5247 2358 5301 deteriora
2392 5247 2770 5316 consequitur.

380 5349 441 5385 τε
479 5333 578 5387 καὶ
651 5332 841 5386 ἄνετόν
899 5347 981 5384 σοι
1036 5332 1454 5388 κατασκευάσας
1490 5329 1589 5399 τὴν
1634 5331 1824 5399 φύσιν,
1887 5334 2002 5389 ἀλλ’
2047 5337 2364 5407 ᾐὰϐουλία,
2418 5337 2479 5390 τὸ
2542 5339 2723 5408 χεῖρον
2756 5336 2879 5391 ἀντὶ
2928 5336 3023 5389 τοῦ
3065 5339 3376 5406 κρείττονος
3445 5333 3672 5403 προελο-

384 5430 551 5500 μένη-

814 5517 922 5572 Ἐκ
954 5517 1063 5569 τοῦ
1089 5517 1276 5570 αὐτοῦ
1317 5519 1525 5584 λόγου.

455 5615 587 5668 Ὀτι
625 5611 725 5682 μὲν
760 5609 1184 5677 ὲκτραπήσεται
1241 5607 1336 5660 τοῦ
1387 5606 1598 5674 ἀγαθοῦ
1656 5608 1717 5660 τὸ
1763 5607 1978 5679 ἀνθρὼ-

381 5724 564 5770 πινον,
626 5705 728 5757 οὐκ
788 5701 1067 5771 ἠγνόησεν
1112 5701 1138 5752 ὁ
1186 5701 1364 5752 πάντα
1420 5699 1852 5769 ἐμπερικρατῶν
1909 5705 1976 5771 τῇ

387 5801 663 5873 γνωστικῇ
715 5794 977 5864 δυνάμει,
1034 5793 1125 5844 καὶ
1159 5793 1219 5844 τὸ
1260 5792 1460 5862 ἐφεξῆς
1504 5793 1582 5865 τῷ
1616 5795 1977 5864 παρῳχηκότι

681 5893 964 5952 ΡΑτιιοι.
1013 5886 1132 5948 Gn.
1181 5887 1422 5950 CXXX.

2592 5517 2672 5569 Ex
2705 5517 2886 5570 cadent
2917 5520 3174 5573 oratione.

2161 5608 2444 5664 Hominem
2474 5624 2502 5661 a
2529 5609 2672 5662 bono
2699 5625 3043 5664 recessurum
3071 5625 3179 5662 non
3197 5608 3478 5678 ignorabat
3505 5609 3669 5669 Deus,

2087 5703 2179 5770 qui
2231 5701 2459 5754 scientia
2515 5716 2612 5754 sua
2659 5709 2856 5754 cuncta
2904 5701 3341 5768 comprehendit,
3391 5708 3446 5754 et
3490 5700 3670 5754 futura

2089 5795 2319 5865 perinde
2395 5803 2557 5865 atque
2607 5794 2897 5864 przesentia
2969 5801 3284 5847 contuetur.
3343 5793 3539 5849 Verum
3613 5801 3671 5844 ut

3319 5892 3355 5957 7
