4126 6406
439 427 543 489 205

1390 411 1768 477 PANOPLIA
1809 404 2272 469 DOGMATICA.
2316 427 2385 436 —
2425 399 2572 460 TIT.
2618 397 2711 459 VI.

3590 382 3695 445 $06

433 534 750 607 ἀγαθότητα
779 530 876 585 καὶ
910 529 1013 603 τὴν
1049 528 1265 599 σοφίαν,
1301 528 1388 583 ἴνα
1443 527 1589 593 ἅπερ
1653 523 1803 576 ἐστὶν
1846 519 2011 581 αὐτὸς
2042 568 2045 577 ,

2150 513 2284 569 nimi
2326 512 2554 585 largitus
2604 520 2686 564 est
2730 504 3057 564 habitudini.
3108 511 3165 556 ut
3207 516 3325 572 qua:
3367 514 3463 571 per
3509 514 3698 553 esseu-

435 629 553 684 κατ’
581 628 796 691 οὐσίαν,
830 622 1065 692 γένηται
1096 620 1133 694 ἡ
1172 618 1350 684 κτίσις
1383 618 1525 673 κατά
1562 617 1880 687 μετουσίαν.
1911 612 2011 665 Διά

432 721 607 775 ταῦτα
668 717 767 771 καὶ
831 716 957 769 κατ’
1003 717 1191 769 εἰκόνα
1244 708 1403 779 Θεοῦ,
1447 714 1543 766 καἸ⁵
1586 709 1709 764 καθ’
1749 706 2014 779 ὁμοίωσιν

432 816 465 866 ὁ
495 811 787 881 ἄνθρωπος
818 804 1300 879 δημιουργηθῆναι
1340 804 1596 873 λέγεταιο
1652 820 1684 855 κ

2122 607 2253 662 tiam
2311 604 2425 677 ipse
2481 615 2586 670 est,
2640 614 2829 656 eorum
2897 614 2984 651 res
3048 601 3345 665 procreata:
3402 588 3700 661 participes

2123 696 2335 753 ﬁerent.
2366 696 2736 762 Quamobrem
2785 692 2946 745 homo
2989 686 3167 741 factus
3214 697 3333 739 esse
3381 683 3580 736 dicitur
3633 682 3699 733 ad

1690 771 1795 854 ac"
1830 798 2019 852 εἱκᾶνα
2119 789 2408 860 imaginem
2475 795 2529 841 et
2560 785 2626 840 ad
2661 779 3069 838 similitudinem
3112 775 3227 831 Dei.
3279 774 3359 830 Ad
3408 771 3701 843 imaginem

435 902 564 973 μὲν,
683 867 840 960 ὄντος
872 867 973 959 EN,
1017 867 1240 950 ἑωὶίάὲὶ
1275 867 1429 958 ὄντος
1471 894 1559 947 ἀεὶ
1593 891 1689 956 ὢν,
1735 890 1785 945 εξ
1817 889 1911 943 καὶ
1943 888 2019 959 μὴ

2150 882 2363 952 μωρίη,
2392 875 2645 949 quoniam
2683 892 2745 930 ex
2777 890 2863 940 eo,
2893 873 2983 943 qui
3020 880 3121 933 est,
3144 867 3354 925 exsistit
3394 883 3410 922 :
3449 874 3503 921 et
3540 879 3603 917 ex
3640 878 3705 917 eo

434 990 699 1062 ἀνάρχως
741 987 931 1051 αὐτὸς,
971 985 1089 1040 ἀλλ’
1141 984 1545 1055 ἁτελευτήτως·
1584 982 1710 1037 καθ’
1754 978 2019 1050 ὁμοίωσιν

433 1178 611 1248 φύσιν
651 1178 681 1230 ὁ
720 1175 861 1228 κατά
919 1172 1103 1243 χάριν.
1146 1170 1306 1225 Ἀλλὰ
1364 1169 1485 1225 κατ’
1525 1170 1712 1223 εἰκόνα
1763 1167 1862 1238 μέν
1914 1166 2022 1219 εἰσι

438 1270 652 1331 πάντες
696 1264 885 1327 ἁπλῶς
916 1262 1225 1333 ἄνθρωποι,
1261 1259 1386 1315 καθ’
1405 1260 1674 1331 ὁμοίωσιν
1695 1258 1750 1313 δὲ
1787 1258 1943 1327 μόνοι
1970 1255 2021 1309 οἱ

442 1354 650 1427 ἀγαθοὶ
681 1357 773 1409 καὶ
803 1352 981 1423 σοφοί.

1061 1601 1175 1656 Τοῦ
1228 1600 1438 1655 αὐτοῦ.

522 1698 687 1751 Πᾶσα
725 1696 922 1764 λογικὴ
952 1696 1048 1748 καὶ
1090 1694 1256 1763 νοερὰ
1288 1693 1449 1746 οὐσία
1464 1693 1720 1763 διῄρηται
1754 1694 2025 1767 εῐςτετὴν

447 1787 758 1858 ἀγγελικὴν
811 1786 906 1840 καὶ
936 1786 1037 1856 τὴν
1084 1784 1438 1854 ἀνθρωπίνην
1470 1786 1634 1852 φύσιν
1660 1799 1674 1813 ·
1734 1786 1829 1839 καὶ
1862 1787 1895 1853 ἡ
1929 1786 2028 1855 μὲν

449 1882 729 1951 ὀγγελικὴ
771 1882 1025 1950 διῄρηται
1085 1881 1247 1933 πάλιν
1282 1882 1362 1945 εἰς
1400 1878 1492 1932 δύο
1534 1880 1834 1941 καθολικὰς
1888 1878 2030 1948 γνώ-
2060 1857 2107 1917 Β

449 1992 563 2043 pa;
609 1974 706 2027 καὶ
731 1974 966 2040 ἀγέλας,
1001 1974 1081 2035 εἰς
1143 1970 1307 2039 ἁγίας
1371 1986 1431 2023 τε
1479 1972 1749 2042 Δυνάμεις
1804 1971 1900 2024 καὶ
1949 1971 2029 2032 εἰς

445 2070 677 2134 ἐναγεῖς
733 2066 1031 2135 δαίμονας⁶
1070 2065 1103 2129 ή
1143 2064 1200 2116 δὲ
1233 2063 1554 2134 ἀνθρωπίνη
1595 2064 1760 2117 πάλιν
1824 2066 1905 2126 εἰς
1936 2061 2030 2117 δύο

446 2158 758 2221 καθολικάς
783 2156 1013 2227 γνώμας
1040 2157 1136 2210 καὶ
1162 2156 1387 2225 ἀγέλας,
1435 2157 1516 2221 εἰς
1544 2155 1789 2220 εὐσεϐεῖς
1820 2158 1914 2209 καὶ
1947 2156 2030 2220 εἰς

447 2254 703 2315 ἀσεϐεῖς.

1063 2342 1176 2396 Τοῦ
1218 2340 1429 2397 αὐτοῦ.

526 2436 738 2507 Νοερδν
762 2438 862 2506 μέν
883 2437 1004 2489 ἐστι
1044 2437 1109 2489 τὸ
1155 2434 1341 2502 νοοῦν,
1391 2435 1583 2506 νοητὸν
1613 2435 1671 2490 δὲ
1712 2418 2026 2505 νοούμενον.

447 2528 723 2599 τρο-ξὴδέ
772 2545 895 2581 τινα
934 2527 1026 2581 τοῦ
1079 2528 1327 2593 νοοῦντος
1382 2528 1584 2600 τρόπον
1621 2529 1684 2582 τὸ
1721 2528 2033 2599 νοούμενον.

450 2620 621 2676 Οὕτω
651 2621 751 2691 μὲν
786 2616 880 2675 οὖν
901 2620 1129 2693 κυρίως·
1172 2622 1423 2694 λέγονται
1454 2621 1511 2681 δὲ
1547 2621 1648 2676 καὶ
1678 2620 1910 2689 ἐναλλὰξ
1933 2640 2036 2678 κα-

450 2715 866 2786 ταχρηστικῶς.

1050 2893 1165 2952 Τοῦ
1193 2895 1401 2952 αὐτοῦ.

525 2990 810 3062 Ζηητέον
838 2991 953 3051 τοῖς
992 2990 1439 3060 σπουδαιοτέροις
1475 2990 1597 3044 τίνα
1637 2990 1876 3062 καθήκει
1899 2993 2040 3048 νοεῖν

448 3080 597 3137 εἶναι
621 3079 693 3135 τὰ
724 3081 882 3151 ἔργα,
912 3074 988 3135 ὧν
1018 3080 1222 3151 ἤρξατο
1267 3080 1369 3152 τῆς
1402 3085 1669 3149 γενέσεως
1698 3083 1725 3135 ὁ
1759 3082 1914 3151 Θεὸς,
1944 3085 2042 3138 καὶ

2123 974 2216 1045 qui
2271 986 2487 1041 semper
2535 979 2638 1033 est,
2695 981 2912 1036 semper
2968 963 3200 1017 exsistit.
3251 956 3510 1025 Quamvis
3557 956 3704 1011 enim

434 1088 519 1152 δὲ,
666 1082 878 1154 ἀγαθοῦ
905 1078 1140 1150 ἀγαθὸς,
1187 1079 1282 1133 καὶ
1313 1078 1482 1148 σοφοῦ
1510 1077 1696 1146 σοφὸς,
1750 1075 1846 1129 τοῦ
1877 1071 2022 1126 κατὰ

2150 1079 2234 1118 non
2291 1062 2412 1115 sine
2466 1057 2737 1130 principio
2802 1056 2892 1119 sit,

2127 1155 2362 1211 desinet.
2389 1154 2470 1207 Ad
2520 1148 2935 1207 similitudinem
2983 1161 3131 1211 vero,
3184 1142 3442 1214 quoniam
3485 1156 3514 1193 a
3562 1138 3709 1192 bono

2128 1247 2322 1310 bonus,
2352 1254 2405 1299 et
2430 1260 2462 1298 a
2494 1243 2738 1314 sapiente
2773 1240 3009 1311 sapiens,
3046 1237 3173 1292 licet
3211 1236 3299 1290 ille
3331 1237 3401 1289 sit
3439 1229 3709 1303 ejusmodi

2127 1351 2229 1409 per
2281 1343 2556 1398 naturam,
2624 1333 2741 1401 ipse
2808 1338 2991 1384 autem
3050 1342 3149 1398 per
3200 1326 3450 1398 gratiam.
3512 1322 3710 1378 Verum

2980 1066 3259 1121 nunquam
3341 1059 3522 1101 tamen
3586 1058 3707 1099 esse

2131 1443 2254 1482 cum
2282 1441 2476 1480 omnes
2508 1424 2710 1495 pariter
2736 1423 2983 1478 homines
3016 1419 3084 1475 ad
3114 1420 3405 1491 imaginem
3439 1416 3571 1480 sint,
3613 1414 3713 1469 soli

2131 1519 2262 1577 boni
2292 1518 2676 1590 sapientesque
2724 1526 2850 1572 sunt
2880 1517 2945 1570 ad
2990 1513 3428 1571 similitudinem.

2805 1607 3081 1679 Eusdem.

2208 1703 2457 1759 Essentia
2484 1702 2682 1767 omnis,
2722 1715 2845 1770 qua:
2878 1699 3087 1754 ratione
3141 1712 3205 1752 ac
3251 1705 3435 1752 mente
3496 1694 3718 1763 praedita

2138 1809 2244 1865 cst,
2280 1797 2335 1851 in
2364 1796 2664 1868 angelicam
2703 1803 2954 1848 naturam
2998 1791 3261 1847 dividitur
3314 1800 3368 1845 ct
3395 1791 3716 1845 humanam.

2134 1888 2391 1961 Angelica
2422 1901 2638 1941 rursum
2691 1885 2747 1938 in
2779 1885 2914 1937 duas
2944 1880 3113 1936 veluti
3158 1881 3361 1935 classes
3418 1892 3721 1949 gregesque

2133 1978 2461 2045 secernitur,
2477 1976 2533 2030 in
2555 1983 2771 2030 sanctas
2792 1972 3122 2035 Potestatcs,
3147 1978 3201 2025 et
3225 1969 3593 2025 exsecrandos
3616 1974 3725 2022 dae-

2135 2088 2345 2128 mones.
2365 2069 2611 2124 Humana
2629 2069 2759 2123 item
2783 2074 3000 2124 secatur
3019 2064 3073 2119 in
3094 2068 3229 2121 duas
3242 2071 3446 2134 partes,
3470 2062 3523 2117 in
3546 2062 3724 2117 homi-

2135 2180 2236 2221 nes
2268 2164 2387 2234 pios
2437 2171 2488 2217 et
2524 2161 2738 2231 impios.

2787 2337 3069 2409 Ejusdem.

2208 2431 2523 2503 lntelligens
2550 2430 2751 2485 dicitur
2790 2430 2864 2494 id,
2898 2428 3043 2499 quod
3078 2437 3263 2483 mente
3292 2428 3480 2483 utitur.
3520 2425 3729 2481 Intelli-

2138 2525 2284 2596 gitur
2309 2521 2548 2591 id,quod
2572 2528 2757 2574 mente
2804 2516 3321 2587 comprehenditur.
3366 2514 3728 2586 lntelligentis

2139 2617 2293 2673 cibus
2323 2612 2724 2685 quodammodo
2756 2620 2842 2665 est
2892 2610 2970 2673 id,
3016 2610 3160 2680 quod
3195 2609 3379 2665 animo
3434 2617 3729 2677 menteque

2141 2709 2457 2781 percipitur.
2473 2707 2545 2761 Ita
2563 2705 2783 2776 quidem
2806 2702 3026 2774 proprie
3046 2718 3061 2770 ;
3080 2701 3306 2758 abusive
3344 2712 3525 2758 autem
3552 2717 3730 2756 enun-

2146 2803 2351 2857 tiantur
2379 2800 2570 2855 ordine
2601 2808 2832 2854 mutato.

2796 2889 3072 2960 Ejusdem.

2218 2992 2264 3045 Α
2320 2988 2750 3046 studiosioribus
2794 2994 2880 3042 est
2950 2983 3416 3056 investigandum,
3480 2998 3731 3051 quaenam

2146 3084 2261 3139 sint
2301 3083 2407 3137 illae
2434 3097 2542 3147 res,
2577 3095 2715 3151 quas
2742 3080 2921 3133 facere
2955 3077 3123 3146 coepit
3165 3076 3330 3141 Deus,
3358 3083 3413 3131 et
3435 3090 3554 3146 qua:
3606 3092 3729 3130 rur-

449 3176 581 3227 τίνα
637 3173 809 3227 πάλιν
840 3166 915 3226 ὧν
952 3172 1058 3225 οὐκ
1086 3172 1315 3243 ἤρξατο.
1348 3172 1411 3226 Εἰ
1442 3168 1552 3244 γὰρ
1593 3173 1813 3229 πάντων
1872 3174 2039 3228 κατέ-

2150 3195 2269 3235 sum
2304 3178 2408 3232 illa:
2458 3192 2595 3248 quas
2643 3190 2925 3246 nunquam
2980 3173 3165 3243 erepit.
3195 3172 3333 3227 Nam
3392 3172 3434 3227 si
3465 3172 3733 3243 requievit

450 3286 637 3321 παυσε
661 3268 773 3321 τῶν
802 3266 981 3337 ἔργων
1003 3256 1079 3322 ὧν
1103 3266 1309 3337 ἤρξατο
1344 3267 1589 3337 ποιῆσαι,
1616 3268 1773 3339 δῆλον
1801 3269 1876 3331 ὡς
1900 3269 2044 3322 ὲκεί-

456 3379 570 3415 νων
603 3360 671 3413 οὖ
698 3358 1073 3425 κατέπαυσεν,
1128 3350 1203 3411 ὧν
1246 3359 1345 3413 οὐκ
1384 3358 1589 3429 ἤρξατο
1654 3361 1900 3431 ποιῆσαι.
1952 3361 2046 3430 Μή

456 3470 592 3507 ποτε
660 3448 756 3505 οὖν
806 3450 945 3520 ἔργα
983 3450 1085 3520 μὲν
1154 3450 1271 3504 θεῖα
1339 3452 1611 3522 χρονικῶς
1652 3453 1906 3523 ὴργμένα
1950 3454 2046 3508 τοῦ

461 3541 737 3598 εἶναίεὶσι
774 3543 955 3595 πάντα
997 3541 1066 3594 τὰ
1088 3540 1184 3594 τοῦ
1248 3538 1390 3597 εῖναι
1447 3545 1765 3613 μετέχοντα,
1820 3541 1932 3600 οἷον
1990 3548 2047 3600 αἱ

464 3636 712 3704 διάτοροι
738 3633 850 3686 τῶν
886 3633 1057 3687 ὄντων
1088 3633 1291 3688 οὐσίαν
1332 3635 1394 3691 τὸ
1427 3636 1535 3706 γὰρ
1594 3636 1671 3707 μὴ
1724 3637 1785 3691 ὃν
1835 3637 2050 3709 ἔχουσιν

481 3726 661 3778 αὐτῶν
709 3727 804 3781 τοῦ
838 3722 981 3781 εἶναι
1019 3727 1414 3799 πρεσϐύτερον.
1464 3726 1574 3786 Ἦν
1623 3733 1732 3802 γὰρ
1787 3749 1920 3786 ποτε
1962 3734 2051 3786 ὅτε

480 3817 582 3868 οἰκ
609 3811 692 3885 ἦν.
726 3816 907 3887 Ἔργα
937 3817 992 3871 δὲ
1022 3817 1160 3871 Θεοῦ
1188 3819 1288 3873 οὐκ
1313 3809 1566 3891 ὴργμῖένα
1601 3821 1893 3891 χρονικῶς,
1921 3824 2050 3877 ὄντα

474 3906 733 3978 μεθεκτὰ,
772 3905 848 3961 ὧν
882 3910 1025 3963 κατά
1059 3910 1219 3980 χάριν
1253 3914 1546 3980 μετέχουσι
1580 3913 1649 3966 τὰ
1701 3912 1832 3966 ὄντα
1890 3914 2049 3984 μετὲ-

467 4020 658 4070 χοντα,
688 3998 800 4055 οἷον
837 4005 871 4074 ἡ
911 4004 1189 4073 suam;
1233 4005 1327 4059 καὶ
1363 4005 1471 4058 πᾶν
1495 4007 1550 4059 εἴ
1582 4024 1635 4059 τι
1673 4006 1750 4077 τῷ
1777 4008 1876 4077 τῆς
1913 4009 2055 4077 ἀγα-

464 4096 697 4166 θὸτητος
722 4096 1116 4166 ἐμπεριέχεται
1149 4094 1295 4166 λόγῳ
1323 4115 1337 4129 ο
1377 4100 1475 4151 καὶ
1505 4098 1695 4162 ἁπλῶς
1725 4102 1876 4155 πᾶσα
1913 4099 2050 4172 ζωὴ,

464 4190 562 4240 καὶ
586 4186 888 4249 ἀθανασία,
922 4188 1016 4242 καὶ
1052 4188 1321 4257 ἁπλότης,
1354 4193 1450 4243 καὶ
1483 4191 1741 4261 ἀτρεψία,
1776 4194 1871 4246 καὶ
1895 4194 2052 4247 ἀπει-

465 4278 579 4345 pL-z,
614 4275 714 4329 καί
737 4277 839 4329 ὅσα
870 4278 998 4348 περὶ
1045 4277 1181 4332 Θεὸν
1236 4279 1515 4343 οὑσιωδῶς
1550 4281 1860 4353 θεωρεῖται,
1898 4284 2056 4339 ἅτινα

463 4364 561 4415 καὶ
595 4363 740 4434 ἔργα
773 4364 909 4417 Θεοῦ
949 4365 1078 4431 εἰσι,
1111 4367 1206 4420 καὶ
1234 4367 1335 4421 οὐκ
1370 4369 1624 4438 ὴργμένα
1650 4373 1942 4443 χρονικῶς.
1977 4373 2053 4427 Οὐ

462 4454 577 4526 γάρ
607 4472 743 4508 ποτε
772 4457 1146 4530 πρεσϐύτερον
1172 4459 1374 4528 ἀρετῆς
1405 4460 1466 4513 τὸ
1490 4460 1589 4514 οὐκ
1617 4457 1710 4533 ἦν,
1742 4463 1865 4516 οὐδέ
1909 4481 2055 4529 τινος

2152 3272 2222 3329 ab
2265 3271 2543 3337 omnibus,
2576 3283 2713 3339 quas
2766 3266 2933 3337 cmpit
2976 3264 3179 3331 facere,
3222 3264 3290 3320 ab
3327 3264 3435 3320 illis
3488 3265 3737 3335 profecto

2151 3379 2288 3436 quas
2349 3364 2528 3417 lacere
2579 3374 2859 3429 nunquam
2926 3359 3112 3429 coepit,
3165 3357 3374 3429 quievit
3430 3373 3731 3427 nunquam.

2153 3456 2363 3522 Quibus
2392 3454 2554 3525 igitur
2584 3451 2922 3522 impertitum
2954 3460 3059 3515 est,
3093 3458 3151 3504 ut
3184 3449 3316 3515 sint,
3353 3465 3431 3505 eae
3474 3452 3739 3519 temporis

2156 3548 2358 3603 habent
2383 3543 2621 3612 initiu'm,
2652 3543 2841 3613 quales
2871 3554 2999 3597 sunt
3047 3544 3213 3598 variae
3271 3558 3451 3598 rerum
3508 3554 3738 3609 naturzr,

2156 3639 2360 3709 quibus
2430 3638 2608 3707 ipsum
2673 3635 2908 3689 nihilum
2969 3644 3054 3690 est
3088 3636 3389 3707 antiquius.
3424 3636 3554 3690 Fuit
3592 3639 3739 3691 enim

2158 3728 2474 3798 aliquando,
2512 3741 2634 3780 cum
2665 3726 2792 3797 ipsa:
2815 3741 2925 3780 non
2972 3735 3179 3786 essent.
3238 3727 3526 3797 Temporis
3555 3739 3741 3783 autem

2159 3819 2493 3889 principium
2565 3833 2675 3872 non
2761 3818 2989 3883 habent,
3054 3834 3178 3888 quae
3240 3820 3741 3883 communicantur,

2159 3925 2389 3980 quarum
2424 3910 2541 3964 alia:
2574 3925 2657 3965 res
2689 3925 2775 3981 pet
2818 3910 3043 3980 gratiam
3070 3910 3362 3981 participes
3390 3921 3539 3978 sunt,
3568 3913 3744 3981 qualis

2158 4013 2243 4059 est
2274 4002 2507 4065 bonitas,
2535 4013 2589 4057 et
2626 4004 2891 4074 quidquid
2940 4003 3199 4059 bonitatis
3227 4004 3440 4061 ratione
3489 4020 3745 4075 compre-

2162 4095 2443 4163 henditur,
2479 4105 2533 4151 et
2561 4098 2743 4151 omnis
2776 4096 2907 4161 vita,
2940 4105 2995 4151 et
3043 4096 3447 4164 immortalitas,
3504 4107 3559 4154 et
3621 4097 3748 4153 sim-

2162 4188 2399 4259 plicitas,
2453 4198 2507 4244 et
2558 4187 2993 4254 immutabilitas,
3033 4197 3089 4243 et
3154 4188 3422 4256 inﬁnitas,
3491 4200 3547 4247 et
3597 4206 3747 4261 qum-

2162 4296 2381 4353 cunque
2410 4282 2462 4336 in
2496 4283 2588 4337 Dei
2621 4282 2859 4337 essentia
2895 4282 3335 4348 considerantur,
3363 4300 3485 4355 qua:
3531 4286 3747 4340 nullum

2164 4372 2369 4428 habent
2387 4374 2601 4428 initium
2632 4373 2919 4443 temporis.
2953 4372 3243 4443 Nunquam
3261 4375 3408 4430 enim
3428 4385 3523 4431 aut
3547 4378 3751 4441 virtute

2166 4473 2262 4521 aut
2296 4453 2404 4521 ulla
2454 4481 2642 4521 earum
2677 4481 2883 4529 rerum,
2940 4480 3061 4535 qua:
3105 4476 3545 4524 commemoratae
3600 4479 3748 4537 sunt,

464 4547 634 4600 ἄλλου
667 4547 778 4599 τῶν
806 4548 1138 4618 εἰρημένων.
1182 4549 1297 4603 Οὐκ
1320 4545 1389 4621 ἦν
1423 4551 1529 4623 γάρ
1563 4569 1716 4619 ποτε,
1745 4550 1833 4608 ὅτε
1859 4556 1960 4609 οὐκ
1983 4552 2045 4627 ἦν

2165 4556 2339 4628 ipsum
2370 4556 2600 4611 nihilum
2642 4555 2747 4611 fuit
2776 4556 3071 4626 antiquius.
3106 4555 3396 4627 Nunquam
3421 4560 3568 4614 enim
3624 4559 3749 4625 fuit,

464 4635 673 4698 ταῦτα,
705 4636 917 4708 ἀναρχά
946 4656 1004 4691 τε
1028 4640 1157 4691 ὄντα
1180 4643 1470 4711 χρονικῶς,
1498 4644 1592 4696 καὶ
1623 4645 1788 4714 μόνον
1813 4646 1904 4702 τὸν
1919 4648 2053 4702 Θεὸν

470 4727 676 4797 ἔχοντα
697 4727 792 4780 τοῦ
819 4725 959 4783 εἶναι
996 4731 1376 4802 μονιμώτατον
1416 4735 1602 4799 ἀῖδίως
1631 4739 1957 4812 γεννήτορα.
1977 4741 2057 4797 Τὰ

474 4819 676 4887 μέντοι
714 4821 966 4889 ἡργμένα
1024 4824 1292 4893 χρονικῶς
1340 4826 1436 4879 καὶ
1482 4829 1609 4895 εἰσὶ,
1668 4828 1765 4883 καὶ
1810 4829 2061 4899 λέγονται

471 4909 610 4964 τοῦθ
643 4912 802 4981 ὅπερ’
842 4914 936 4967 καὶ
958 4916 1088 4980 εἰσὶ,
1126 4916 1222 4969 καὶ
1258 4918 1535 4988 λέγονται.

1092 5102 1203 5157 Τοῦ
1237 5106 1424 5159 αὑτοῦ

552 5192 716 5245 Πᾶσα
751 5193 784 5264 ἡ
814 5194 977 5267 νοερὰ
1013 5195 1173 5250 οὐσία
1218 5198 1315 5250 mi.
1348 5200 1379 5269 ἡ
1414 5199 1710 5274 αἰσθητικὴ
1752 5201 1945 5259 ἔλαϐον
1970 5204 2065 5258 δυ-

474 5286 685 5355 νάμεις
730 5289 881 5357 παρά
913 5289 1009 5342 τοῦ
1048 5290 1331 5355 κτίσαντος
1380 5293 1776 5365 ἀντιληπτικὰς
1829 5297 1937 5350 τῶν
1984 5297 2070 5351 ὅν-

475 5396 622 5433 των·
652 5381 685 5449 ἡ
723 5380 823 5450 μὲν
855 5382 1018 5453 νοερὰ
1040 5383 1138 5446 τὰς
1163 5385 1399 5455 νοήσεις,
1438 5387 1471 5457 ἡ
1505 5368 1560 5439 δὲ
1619 5387 1916 5459 αἰσθητικὴ
1968 5392 2069 5454 τὰς

478 5473 790 5544 αἰσθήσεις.

1101 5653 1211 5709 Τοῦ
1249 5657 1460 5712 αὐτοῦ.

563 5749 621 5804 '0
664 5749 766 5819 μὲν
798 5748 1223 5821 δημιουργήσας
1261 5750 1395 5815 θεὸς
1458 5754 1753 5824 μετέχεται
1798 5756 1984 5826 μόνον,
2035 5760 2069 5830 ὴ

480 5846 534 5899 δὲ
568 5845 748 5911 κτίσις
786 5846 941 5898 πᾶσα
1002 5840 1097 5895 καὶ
1154 5844 1391 5915 μετέχει,
1434 5846 1527 5902 καὶ
1568 5850 1914 5919 μεταδίδωσι.
1961 5854 2070 5909 Καὶ

2162 4666 2285 4706 cum
2308 4652 2391 4705 hae
2444 4664 2556 4704 non
2586 4656 2771 4703 essent
2828 4663 2969 4719 qum,
2992 4655 3254 4718 quantum
3292 4649 3361 4704 ad
3389 4658 3602 4719 tempus
3627 4667 3753 4724 per-

2166 4744 2322 4809 tinet,
2374 4743 2492 4797 sine
2573 4740 2842 4811 principio
2869 4748 3016 4804 sunt,
3068 4739 3213 4795 etab
3250 4741 3401 4795 omni
3439 4744 3752 4798 mternitate

2166 4837 2339 4894 solum
2368 4836 2539 4889 Deum
2566 4834 2773 4888 habent
2802 4842 3105 4896 auctorem,
3149 4840 3209 4886 ut
3234 4832 3366 4887 sint.
3390 4833 3527 4889 Nam
3548 4852 3668 4905 quae
3694 4837 3751 4892 in

2168 4937 2411 4998 tempore
2437 4933 2723 4997 cmperunt
2742 4938 2883 4990 esse,
2902 4931 3122 4991 etsunt,
3142 4925 3472 4983 etdicuntur
3502 4927 3554 4983 id
3574 4928 3751 4999 ipsum

2167 5022 2311 5092 quod
2345 5029 2493 5087 sunt,
2525 5028 2579 5074 et
2597 5019 2873 5074 dicuntur.

2798 5109 3079 5181 Ejusdem.

2236 5205 2459 5260 Natura:
2486 5213 2595 5260 tam
2615 5204 2998 5276 intelligentes,
3015 5220 3177 5276 quam
3198 5216 3503 5264 sentientes
3525 5221 3755 5277 accepe-

2173 5306 2301 5353 runt
2321 5314 2352 5352 a
2369 5313 2550 5351 rerum
2578 5296 2823 5352 omnium
2849 5308 3198 5366 procreatore
3222 5298 3530 5366 facultates,
3550 5299 3754 5368 quibus

2174 5406 2261 5445 res
2304 5386 2448 5459 ipsas
2501 5388 3051 5458 comprehenderent,
3113 5391 3481 5462 intelligentes
3509 5390 3752 5458 quidem.

2174 5489 2414 5537 mentem
2453 5489 2509 5535 et
2567 5480 2979 5553 cogitationem,
3017 5484 3321 5541 sentientes
3368 5491 3549 5537 autem
3602 5481 3755 5552 ipsos

2174 5586 2369 5629 sensus

2853 5666 3129 5735 Ejusdem.

2213 5757 2560 5814 .Procreator
2592 5756 2733 5814 Deus
2758 5757 2984 5827 largitur
3020 5756 3417 5813 tantummodo.
3449 5757 3556 5814 Res
3572 5767 3757 5815 autem

2177 5865 2367 5908 omnes
2380 5858 2678 5923 procreatze
2695 5859 2749 5908 et
2764 5849 3114 5921 accipiunt,et
3127 5848 3452 5923 largiuntur.
3469 5853 3757 5927 Accipiunt
