4126 6448
396 439 519 506 ³2οἹ

1660 437 2047 501 ΕυΤΗΥΜΙΙ
2083 437 2412 501 ZIGABEN
2420 440 2446 498 Ι

3584 442 3688 506 2"8

419 560 590 624 enim,
623 568 684 614 ut
704 558 838 625 sint,
859 566 915 613 et
957 557 1097 613 bene
1127 557 1257 613 sint.
1306 555 1636 628 Largiuntur
1684 566 1866 612 autem
1891 554 2012 610 aliis

2119 557 2336 627 μετέχει
2367 556 2471 628 μὲν
2494 557 2589 611 τοῦ
2622 551 2787 621 εἶναι,
2822 557 2917 612 καὶ
2949 557 3045 612 τοῦ
3076 557 3139 613 εὖ
3164 553 3327 624 εἶναι,
3363 560 3692 629 μεταδίδωσι

418 656 656 715 tantum,
694 657 752 703 ut
782 649 921 704 bene
943 649 1072 702 sint.
1107 647 1287 717 Atque
1317 662 1383 702 ex
1417 647 1505 701 his
1530 647 1655 712 illas,
1702 640 1825 716 qua:
1877 655 2011 700 sunt

420 739 669 811 corporis
694 745 946 809 expertes
973 746 1088 792 tum
1132 737 1391 801 dicendo,
1435 744 1549 793 tum
1604 740 1838 809 agendo,
1894 745 2008 791 tum

419 833 718 903 spectando
750 831 1051 902 largiuntur
1088 830 1230 896 aliis,
1263 840 1324 885 ut
1353 832 1492 885 bene
1518 830 1647 885 sint.
1697 829 1829 897 Quae
1881 844 2011 883 vero

420 939 696 993 corporeae
721 932 872 985 sunt.
895 921 1027 978 dum
1055 930 1376 992 speetantur
1400 919 1684 977 duntaxat.
1708 920 1788 975 Ae
1808 929 2010 974 sanetae

419 1016 638 1086 quidem
673 1015 777 1071 illa:
804 1014 1113 1070 Potestates
1159 1013 1474 1084 splendoris
1524 1010 1709 1068 radios
1766 1011 1909 1065 inter
1951 1022 2011 1063 se

417 1106 662 1163 vicissim
714 1103 1129 1162 communicant
1170 1110 1227 1158 et
1288 1100 1622 1172 largiuntur.
1685 1096 2012 1153 Hominibus

417 1213 553 1253 vero
579 1206 690 1252 tum
718 1197 978 1252 virtutem
1013 1209 1170 1250 suam
1225 1192 1567 1263 impartiunt,
1598 1190 1730 1246 dum
1771 1201 1866 1243 eos
1902 1187 2013 1240 Deo

417 1288 628 1345 similes
654 1285 933 1344 reddunt:
962 1297 1076 1341 tum
1128 1284 1465 1357 cognitionis
1518 1297 1637 1338 suae
1666 1278 1877 1336 faciunt
1893 1275 2014 1331 illos

415 1380 737 1452 participes,
773 1378 904 1434 dum
962 1394 1060 1434 eos
1091 1378 1294 1434 docent
1317 1376 1528 1446 aliquid
1551 1373 1633 1429 vel
1665 1372 1735 1428 de
1778 1369 1894 1425 Deo
1922 1382 2017 1423 su-

416 1462 665 1539 blimius,
693 1471 779 1526 vel
801 1473 867 1527 de
894 1472 1058 1527 rebus
1073 1486 1304 1541 corpore
1334 1469 1646 1526 carentibus
1660 1460 2014 1537 profundius,

418 1567 508 1622 vel
549 1566 618 1620 de
667 1563 948 1635 corporeis
1004 1563 1354 1635 exquisitius,
1415 1560 1503 1618 vel
1544 1559 1615 1616 de
1667 1554 2012 1628 providentia

417 1659 628 1723 verius,
664 1657 748 1712 vel
782 1657 850 1712 de
876 1655 1086 1728 judicio
1106 1654 1308 1711 clarius

1068 1744 1340 1815 Ejusdem.

492 1840 678 1895 Rebus
690 1839 1010 1911 procreatis,
1034 1848 1095 1893 ut
1111 1836 1438 1907 simpliciter
1458 1836 1588 1900 sint,
1605 1850 1705 1907 per
1720 1830 2015 1891 essentiam

2109 648 2167 702 δὲ
2188 647 2286 701 τοῦ
2316 649 2377 702 εὖ
2416 644 2558 703 εἶναι
2598 649 2783 719 μόνον.
2818 649 2960 704 Ἀλλ’
2989 650 3023 722 ἡ
3057 649 3162 720 μὲν
3201 650 3498 720 ἀσώματος
3533 650 3693 705 οὐσία

2110 742 2207 796 καὶ
2238 740 2499 810 λέγουσα,
2527 740 2625 796 καὶ
2654 742 2996 813 πράττουσα,
3058 741 3155 798 καὶ
3203 742 3561 814 θεωρουμένη
3596 744 3692 798 τοῦ

2111 832 2172 887 εὖ
2195 828 2338 888 εἶναι
2371 834 2735 905 μεταδίδωσιν
2758 851 2773 867 ο
2811 835 2846 905 ή
2881 833 2940 889 et
2989 836 3281 907 σωματικὴ
3334 837 3694 908 θεωρουμένη

2116 925 2303 996 μόνον.
2335 927 2405 980 Δί
2439 925 2626 996 μέντοι
2656 925 2816 996 ἀγιαι
2852 927 3119 999 δυνάμεις
3146 926 3409 998 ἀλλήλαις
3442 928 3542 999 μὲν
3583 946 3697 999 φω-

2111 1015 2313 1086 τισμοῦ
2359 1017 2733 1087 μεταδιδόασι,
2765 1018 2881 1082 τοῖς
2925 1017 3241 1090 ἀνθρώποις
3274 1018 3332 1072 δὲ
3366 1019 3468 1091 τῆς
3497 1037 3556 1074 τε
3596 1021 3695 1074 αὑ·-

2108 1104 2224 1160 τῶν
2246 1107 2473 1177 ἀρετῆς,
2528 1111 2627 1162 καὶ
2662 1107 2930 1173 θεοειδεῖς
2963 1110 3165 1173 αὐτοὺς
3195 1109 3588 1181 ἐργαζόμεναι,
3603 1113 3698 1164 καὶ

2113 1195 2215 1267 τῆς
2243 1198 2301 1251 ὲν
2326 1198 2519 1262 αὐταῖς
2540 1200 2798 1268 γνώσεως
2828 1201 2888 1255 ὲν
2915 1200 2995 1272 τῷ
3022 1199 3301 1254 διδάσκειν
3332 1200 3363 1271 ἢ
3392 1203 3522 1272 περὶ
3558 1201 3695 1255 Θεοῦ

2112 1306 2166 1342 τι
2192 1288 2549 1362 ὑψηλότερον,
2582 1291 2616 1363 ἢ
2642 1293 2772 1363 περὶ
2794 1292 3106 1363 ἀσωμάτων
3139 1291 3468 1363 βαθύτερον,
3497 1292 3531 1365 ἢ
3568 1293 3700 1362 περὶ

2117 1382 2393 1453 σωμάτων
2423 1383 2848 1456 ἀκριϐέστερον,
2881 1385 2915 1457 ἦ
2942 1387 3075 1457 περὶ
3122 1385 3386 1459 προνοίας
3443 1386 3702 1459 τρανότε-

2119 1474 2288 1545 ρον,ἢ
2322 1477 2451 1546 περὶ
2474 1476 2716 1548 κρίσεως
2744 1477 3106 1550 σαςέστερον.

2703 1747 2815 1802 Τοῦ
2837 1747 3050 1802 αὑτοῦ.

2205 1837 2265 1894 Ὀ
2295 1840 2394 1909 μὲν
2419 1838 2515 1894 τοῦ
2559 1837 2747 1901 ἅπλῶς
2775 1831 2918 1891 εῖναι
2947 1836 3150 1907 τρόπος
3185 1837 3309 1890 κατ’
3337 1835 3529 1892 οὐσίαν
3548 1835 3696 1890 δέδο-

417 1948 747 1988 concessum
767 1940 878 1997 est;
908 1939 969 1984 ut
985 1930 1125 1984 bene
1149 1928 1258 1983 sint
1275 1941 1374 1998 per
1391 1927 1620 1984 liberam
1642 1925 2011 1990 voluntatem;

2119 1948 2207 1986 ται
2231 1935 2299 2003 τῇ
2334 1931 2532 2003 λογικῇ
2557 1932 2735 1985 κτίσει
2757 1945 2772 1961 ο
2811 1929 2841 1981 ὁ
2878 1929 2934 1982 δὲ
2954 1927 3048 1982 τοῦ
3068 1924 3127 1983 εὖ
3152 1924 3298 1982 εἶναι
3328 1929 3472 1982 κατά
3501 1931 3701 2001 προαι-

415 2034 478 2080 ut
501 2040 718 2094 semper
757 2024 895 2080 bene
910 2023 1043 2089 sint,
1091 2035 1189 2092 per
1219 2019 1471 2093 gratiam.
1520 2017 1826 2085 Quiautem
1844 2016 1912 2071 ab
1940 2033 2008 2074 eo

417 2118 696 2180 excidunt,
737 2124 796 2171 ut
822 2127 1042 2186 semper
1097 2112 1242 2170 bene
1274 2111 1406 2178 sint,
1442 2111 1498 2167 in
1536 2110 1589 2167 id
1616 2111 1925 2174 incurrunt,
1950 2118 2011 2165 ut

402 2226 633 2281 semper
680 2208 880 2264 misere
914 2208 1049 2263 sint.

977 2315 1280 2374 TITULUS
1307 2315 1425 2373 VH.

415 2416 494 2471 De
518 2416 699 2470 divina
725 2415 973 2469 [minante
1003 2411 1181 2465 carnis
1201 2410 1611 2480 assumptione.
1656 2407 2005 2480 Areopagiuc,

624 2504 688 2542 ea:
712 2484 846 2539 libro
873 2483 937 2537 de
959 2481 1148 2537 divinis
1185 2478 1527 2547 Nominibus,
1560 2495 1680 2550 cap.
1710 2478 1765 2535 1.

482 2649 708 2703 Summa
732 2642 821 2701 illa
840 2643 1108 2699 Divinitas
1133 2640 1484 2714 singulariter
1510 2647 1659 2695 amat
1705 2640 2003 2694 humanum

412 2757 608 2812 genus,
630 2738 834 2809 quippe
856 2751 980 2807 quas
1011 2738 1067 2791 in
1099 2751 1207 2790 una
1234 2748 1457 2791 suarum
1490 2747 1846 2804 personarum
1879 2746 2009 2788 vere

407 2844 581 2904 atque
614 2833 824 2902 integre
853 2839 1103 2884 naturam
1154 2835 1398 2882 nostram
1453 2824 1772 2894 assumpsit,
1823 2823 1891 2879 ad
1948 2838 2010 2879 se

418 2939 700 2988 revocans,
717 2922 929 2991 sibique
950 2919 1234 2991 applicans
1254 2917 1498 2973 infimam
1518 2910 1806 2971 hominum
1827 2915 2007 2970 humi-

416 3016 650 3081 litatem,
688 3029 753 3069 ex
788 3027 919 3084 qua,
944 3015 1034 3083 qui
1069 3011 1299 3084 simplex
1323 3018 1429 3077 est,
1450 3007 1614 3065 Jesus
1634 3006 2007 3077 inexplicabili

418 3110 633 3165 ratione
651 3106 985 3177 compositus
1004 3113 1089 3161 est
1122 3122 1136 3161 :
1168 3113 1224 3160 et
1240 3104 1333 3174 qui
1360 3113 1602 3158 aeternus
1620 3110 1724 3167 est,
1747 3100 2009 3171 temporis

417 3201 797 3259 cxtensionem
827 3199 1042 3271 accepit
1076 3215 1091 3255 :
1121 3208 1176 3255 et
1213 3197 1305 3269 qui
1349 3211 1570 3253 onmem
1590 3195 1759 3250 totius
1797 3203 2006 3248 natura:

2121 2040 2276 2098 ρεσιν
2295 2040 2308 2056 ο
2338 2026 2368 2078 ὁ
2403 2025 2462 2079 δὲ
2499 2021 2597 2077 τοῦ
2636 2022 2721 2076 ἀεὶ
2739 2016 2799 2076 εὖ
2827 2017 2970 2075 εἶναι
2994 2021 3138 2075 κατὰ
3168 2019 3354 2092 χάριν.
3406 2021 3471 2073 0i
3520 2021 3705 2090 μέντοι

2116 2118 2214 2173 τοῦ
2247 2118 2335 2172 ἀεὶ
2375 2117 2436 2171 εὖ
2468 2112 2612 2173 εἶναι
2643 2114 3121 2186 ἀποτυγχάνοντες
3151 2112 3212 2166 τὸ
3280 2112 3371 2167 ἀεὶ
3426 2110 3528 2183 φεῦ
3563 2106 3703 2165 εἶναι

2116 2208 2513 2282 λαμϐάνουσιν.

2719 2321 2971 2379 ΤΙΤΛΟΣ
3002 2322 3079 2376 Ζ’.

2117 2423 2257 2491 Περὶ
2302 2421 2414 2491 τῆς
2457 2420 2624 2491 θείας
2660 2413 3205 2491 νέγανθροιξτήσεῳς.
3241 2411 3366 2491 ⁵τοῦ
3394 2482 3407 2491 _
3427 2412 3712 2491 Ἀρεοπα-

2186 2482 2462 2615 ᾇιίτοὲᾇέκ
2499 2482 2821 2556 τοῦλόγου
2856 2482 2965 2539 τοῦ
2994 2482 3128 2552 περὶ
3161 2485 3335 2540 θείων
3374 2482 3709 2551 ὀνομάτων,

2189 2579 2304 2615 κει)
2396 2601 2407 2614 .
2443 2565 2518 2615 α’.

2189 2577 2407 2632 erepant.
2443 2577 2518 2615 α’.

2188 2653 2580 2724 Φιλάνθρωπον
2634 2649 3002 2721 διαφερθεντως
3061 2649 3097 2719 ή
3153 2645 3404 2717 θεαρχῑα,
3460 2644 3542 2698 ὅτι
3597 2643 3713 2705 τοῖς

2119 2747 2241 2803 καθ’
2291 2746 2442 2816 ἡμᾶς
2487 2744 2626 2815 πρὸς
2654 2743 2915 2814 ἀλήθειαν
2944 2741 3142 2805 ὑλικῶς
3170 2741 3230 2794 ὲν
3278 2739 3378 2810 μιᾷ
3406 2738 3517 2791 τῶν
3538 2736 3714 2807 αὐτῆς

2119 2838 2471 2894 ὑποστάσεων
2517 2833 2901 2905 ικοινώνησιν,
2955 2832 3376 2903 ἀνακαλουμένη
3420 2833 3557 2901 πρὸς
3586 2830 3717 2883 ἑαυ-

2114 2927 2235 2998 τὴν,
2287 2926 2383 2981 καὶ
2437 2922 2752 2979 ἀνατιθεῖσα
2797 2922 2896 2995 τὴν
2941 2921 3292 2992 ἀνθρωπίνην
3326 2919 3620 2989 ¹ἐσχατιὰν,
3650 2917 3715 2984 ἐξ

2117 3017 2185 3093 ἧς
2229 3017 2552 3089 ἀφθέγκτως
2585 3015 2614 3070 ὁ
2640 3015 2850 3080 ἁπλοῦς
2894 3015 3103 3088 Ἰησοῦς
3150 3012 3434 3085 συνετέθη,
3472 3015 3566 3069 καὶ
3606 3030 3720 3065 πα-

2125 3114 2385 3183 ράστασιν
2423 3109 2612 3179 erumpe
2661 3108 2920 3179 χρονικὴν
2978 3109 3007 3162 ὁ
3051 3105 3241 3172 ἀΐδιος,
3297 3107 3390 3160 καὶ
3440 3098 3571 3158 εἴσω
3612 3103 3715 3173 τῆς

2123 3203 2248 3258 καθ’
2284 3203 2432 3275 ἡμᾶς
2475 3202 2717 3271 ἐγεγόνει
2768 3200 2984 3271 φύσεως
3026 3200 3054 3253 ὁ
3088 3199 3270 3269 πάσης
3301 3198 3399 3265 τῆς
3439 3196 3579 3252 κατὰ
3611 3196 3716 3265 φύ-

415 3290 666 3350 brdincm
682 3306 848 3362 supra
864 3291 1085 3346 modum
1105 3288 1359 3345 essentia:
1383 3297 1631 3358 superat,
1646 3286 1788 3341 intra
1809 3295 2012 3342 natum

2128 3312 2212 3350 σιν
2269 3265 2449 3348 πάσαν
2514 3265 2727 3358 τάξεως
2779 3265 3126 3361 δπερουσῐως
3194 3265 3515 3359 ὲκὸεόηκὼς
3575 3287 3716 3357 μετά

414 3396 620 3441 nostrae
640 3383 907 3440 terminos
924 3381 1144 3455 genitus
1164 3390 1268 3449 est,
1297 3381 1371 3434 ita
1400 3389 1605 3445 tamen,
1626 3386 1684 3433 ut
1706 3392 1826 3448 quae
1845 3377 2017 3447 ipsius

415 3487 548 3547 .unt
583 3475 833 3548 propria,
868 3473 1289 3545 haudquaquam
1336 3481 1576 3537 mutata,
1641 3480 1736 3526 aut
1790 3468 2015 3525 confusa

414 3576 726 3626 conservet.

524 3677 777 3749 Ejusdem
817 3695 879 3733 ex
909 3690 1031 3747 cap.
1070 3678 1124 3744 Ξ,
1158 3678 1220 3731 de
1248 3676 1528 3749 conjuncta
1560 3674 1910 3743 diuini-taque

926 3749 1239 3805 Divinitatis
1283 3748 1508 3800 ratione.

487 3853 799 3920 Quinetiam
824 3848 898 3921 {id
915 3844 1062 3916 quod
1084 3843 1138 3897 in
1159 3840 1317 3896 omni
1343 3840 1613 3912 theologia
1636 3840 1869 3894 maxime
1892 3854 2017 3909 per-

419 3951 671 4019 spicuum
703 3947 806 4013 est)
843 3940 1032 4001 divina
1056 3934 1190 3992 Jesu
1218 3937 1273 3990 in
1297 3944 1491 3989 natura
1517 3945 1703 3990 nostra
1739 3933 2013 3995 formatio,

414 4055 519 4097 nec
532 4036 779 4095 oratione
808 4029 1225 4103 ullacxplicari,
1243 4041 1347 4083 nec
1370 4027 1438 4083 ab
1452 4027 1561 4082 ulla
1578 4037 1783 4092 mente,
1814 4038 1917 4079 nec
1948 4022 2016 4077 ab

415 4134 537 4203 ipso
553 4130 771 4200 quidem
801 4121 1308 4195 antiquissimorum
1344 4119 1667 4190 angelorum
1702 4119 1881 4189 primo
1917 4133 2015 4188 po-

416 4234 525 4279 test
542 4219 932 4292 inteiligi.Nam
964 4213 1110 4287 quod
1127 4213 1423 4267 humanam
1443 4211 1738 4266 essentiam
1758 4223 2014 4281 assump-

415 4317 571 4380 serit,
603 4331 670 4370 ex
705 4306 979 4382 mysteriis
1023 4308 1360 4377 accepimus.
1409 4302 1695 4370 Quomodo
1733 4312 1913 4356 autem
1947 4314 2015 4355 ex

414 4407 671 4480 virgineis
701 4401 1078 4475 sanguinibus,
1116 4398 1223 4452 alia
1251 4398 1368 4468 lege
1402 4403 1597 4466 praeter
1620 4403 1873 4450 naturam
1904 4392 2017 4448 {or-

414 4513 595 4557 matus
619 4499 710 4565 sit,
733 4493 1075 4566 etquomodo
1093 4504 1259 4561 super
1287 4486 1568 4543 humidam
1599 4497 1653 4541 et
1702 4484 2013 4540 instabilem

414 4607 568 4665 aqua:
594 4599 845 4645 naturam
868 4584 1033 4642 siccis
1068 4582 1298 4653 pedibus
1328 4579 1528 4635 molem
1576 4592 1898 4649 corpoream
1960 4585 2016 4631 et

416 4685 655 4740 materiae
688 4680 904 4752 pondus
935 4674 1268 4732 habentibus
1304 4668 1686 4737 ambulaverit,
1721 4680 1778 4725 et
1806 4671 2016 4739 reliqua

415 4777 755 4845 omnia,quae
776 4782 971 4826 natura
1005 4767 1383 4840 praestantiora
1413 4766 1467 4819 in
1516 4763 1638 4834 ipso
1678 4762 1809 4818 Jesu
1833 4761 2018 4817 consi-

419 4871 700 4930 derantur,
729 4865 999 4927 effecerit,
1036 4861 1377 4931 ignoramus.

598 4977 852 5048 Ejusdem
881 4990 945 5029 ea:
971 4973 1290 5042 epistoiaad
1322 4948 1517 5024 Gaium
1547 4970 1836 5023 medicum.

489 5131 1257 5205 Quomodohinquichesus,
1288 5128 1380 5200 qui
1415 5128 1671 5183 omnibus
1710 5125 2013 5192 antecellit,

421 5249 545 5288 cum
585 5228 841 5286 omnibus
870 5240 965 5297 per
994 5225 1289 5280 essentiam
1317 5221 1649 5278 constitutus
1679 5220 1801 5275 est?
1826 5219 2014 5288 Neque

396 5319 595 5391 enim,
623 5333 678 5377 ut
712 5328 797 5375 est
833 5319 1117 5375 hominum
1155 5324 1363 5378 auctor,
1396 5312 1490 5368 sed
1525 5326 1582 5366 ut
1615 5319 1723 5367 tota
1771 5313 1884 5382 ipsa
1913 5312 2015 5367 ho-

416 5421 585 5475 minis
609 5415 846 5473 essentia
864 5427 990 5468 vere
1019 5410 1184 5464 homo
1202 5408 1441 5473 exsistit,
1468 5408 1634 5462 homo
1658 5407 1884 5461 dicitur.
1905 5403 2013 5461 Nos

422 5523 601 5567 autem
635 5525 744 5564 non
772 5508 1010 5561 humana
1039 5500 1249 5556 ratione
1269 5497 1459 5553 Jesum
1480 5495 1795 5552 deﬁnimus.
1825 5496 2013 5566 Neque

424 5604 571 5656 enim
596 5612 680 5656 est
700 5601 864 5654 homo
888 5605 1321 5660 tantum,neque
1368 5590 1609 5645 essentia
1641 5591 2012 5660 praestantior,

425 5702 697 5763 quatenus
726 5693 888 5745 homo
918 5688 1095 5743 solum
1120 5701 1135 5752 ;
1156 5686 1253 5740 sed
1284 5699 1410 5737 vere
1436 5692 1519 5736 est
1550 5682 1733 5745 homo,
1787 5683 1876 5751 qui
1903 5682 2015 5735 exi-

428 5783 536 5836 mie
561 5783 812 5837 homines
837 5779 1066 5843 diligens
1110 5790 1279 5845 supra
1332 5771 1607 5840 homines,
1627 5784 1684 5827 ct
1708 5775 2011 5830 secundum

431 5874 703 5939 homines,
733 5886 799 5927 ex
830 5870 1113 5925 hominum
1142 5866 1406 5936 essentia,
1431 5881 1556 5922 cum
1586 5868 1829 5923 essentia
1852 5882 2010 5938 supe-

2124 3387 2224 3455 τῆς
2269 3383 2616 3456 ἀμεταδόλου
2667 3382 2762 3437 καὶ
2807 3379 3118 3453 ἀσυγχύτου
3147 3379 3257 3434 τῶν
3306 3378 3523 3434 οἰκείων
3567 3377 3719 3450 ἱδρύ-

2127 3494 2287 3541 σεως.

2132 3679 2243 3736 Τοῦ
2273 3678 2460 3735 αὐτοῦ
2491 3677 2561 3732 ἐκ
2590 3677 2697 3733 τοῦ
2722 3675 2783 3742 ,ϐ’
2818 3678 3153 3746 κεφαλαίου
3183 3676 3291 3731 τοῦ
3315 3677 3448 3744 περὶ
3476 3673 3708 3744 ἡνωμέ-

2364 3766 2476 3817 νης
2514 3749 2613 3803 καὶ
2652 3747 3106 3816 διακεκριμένης
3136 3748 3466 3817 θεολογίας.

2210 3841 2373 3895 Ἀλλὰ
2427 3842 2520 3893 καὶ
2565 3839 2627 3892 τὸ
2673 3840 2854 3907 πάσης
2888 3839 3164 3908 θεολογίας
3202 3839 3621 3908 ἐπιφανέστατον,
3676 3840 3714 3909 ἡ

2125 3932 2248 3986 καθ’
2275 3933 2426 4003 ἡμᾶς
2469 3928 2643 4001 Ἰησοῦ
2678 3930 3031 3997 θεοπλαστῑα,
3066 3930 3159 3984 καὶ
3200 3930 3438 4002 ἄρρητός
3472 3931 3588 3983 ἐστι
3618 3929 3711 3981 λό-

2124 4041 2208 4095 γῳ
2257 4024 2442 4089 παντὶ,
2490 4024 2583 4077 καὶ⁵
2634 4022 2911 4091 ἄγνωστος
2959 4021 3035 4094 νῷ
3084 4022 3267 4091 παντὶ,
3313 4023 3408 4076 καὶ
3459 4022 3607 4092 αὺτῷ
3634 4023 3717 4093 τῷ

2118 4115 2417 4187 πρωτίστῳ
2459 4114 2569 4168 τῶν
2601 4115 2993 4184 πρεσϐυτάτων
3036 4113 3309 4183 ἀγγέλων.
3362 4114 3474 4168 Καὶ
3518 4114 3578 4167 τδ
3611 4113 3716 4185 μὲν

2125 4207 2396 4277 ἀνδρικῶς
2437 4207 2603 4261 αὐτὸν
2667 4206 2998 4277 οὐσιωθῆναι
3047 4206 3328 4276 μυστικῶς
3368 4207 3716 4276 παρειλήφα-

2124 4308 2228 4362 μεν
2255 4308 2269 4324 ·
2314 4291 2623 4363 ἀγνοοῦμεν
2670 4292 2728 4346 δὲ
2780 4292 2927 4356 ὅπως
2967 4295 3032 4347 ὲκ
3080 4293 3430 4365 παρθενικῶν
3463 4294 3716 4364 αἱμάτων

2126 4385 2298 4455 ἑτέρῳ
2364 4384 2513 4456 παρά
2571 4385 2670 4454 τὴν
2724 4385 2891 4453 φύσιν
2946 4385 3295 4440 διεπλάττετο
3351 4385 3560 4457 θεσμῷ,
3618 4387 3719 4439 καὶ
3802 4371 3823 4386 ’

2123 4478 2272 4540 ὅπως
2325 4477 2581 4549 ἀϐρόχοις
2623 4478 2750 4530 ποσὶ
2805 4478 3116 4548 σωματικὸν
3158 4477 3325 4547 ὄγκον
3373 4478 3555 4549 ἔχουσι
3619 4478 3720 4529 καὶ

2127 4565 2259 4637 ὕλης
2288 4568 2449 4637 βάρος
2477 4566 2772 4637 ἐπορεύετο
2788 4569 2886 4638 τὴν
2910 4569 3083 4639 ὑγρὰν
3112 4569 3206 4622 καὶ
3235 4569 3466 4623 ἄστατον
3495 4568 3717 4631 οὐσῖαν,

2125 4661 2220 4713 καὶ
2254 4660 2321 4713 τὰ
2350 4660 2488 4712 ἀλλα
2515 4662 2616 4712 ὅσα
2652 4659 2748 4729 τῆς
2789 4659 3103 4730 ὑπερφυοῦς
3134 4661 3281 4714 ἐστιν
3324 4659 3496 4729 Ἰησοῦ
3529 4674 3717 4728 φυσιο-

2120 4748 2326 4818 λογίας.

2125 4968 2236 5022 Τοῦ
2258 4968 2446 5023 αὐτοῦ
2476 4971 2544 5023 ἐκ
2590 4969 2703 5040 τῆς
2738 4970 2887 5039 πρὸς
2907 4970 3115 5095 furor
3147 4971 3526 5039 θεραπευτὴν
3590 4968 3726 5024 ἑπι-

2792 5057 2905 5094 στο
2952 5060 3045 5095 ne.

2792 5057 3045 5109 στοκης.

2192 5132 2338 5199 Πῶς,
2373 5134 2501 5205 φῂς,
2536 5132 2742 5198 Ἰησοῦς
2770 5135 2797 5187 ὁ
2831 5135 3046 5188 πάντων
3078 5133 3333 5188 ἐπέκεινα
3376 5135 3542 5188 πᾶσίν
3566 5135 3723 5188 ὲσειν

2119 5225 2393 5287 οὐσιωδῶς
2429 5227 2898 5294 συντεταγμένος;
2932 5228 3008 5277 υὺ
3055 5224 3164 5295 γὰρ
3191 5225 3267 5286 ὡς
3298 5227 3469 5289 αἴτιος
3501 5225 3721 5294 ἀνθρὼ-

2120 5333 2239 5371 πων
2298 5315 2518 5384 λέγεται
2563 5317 2871 5385 ἀνἾρωπος,
2918 5315 3035 5369 ἀλλ’
3068 5316 3143 5379 ὡς
3194 5317 3327 5371 adeo
3372 5319 3492 5371 κατ’
3527 5316 3722 5369 οὐσίαν

2118 5407 2250 5478 ὃλην
2312 5408 2525 5480 ἀληθῶς
2565 5407 2852 5477 ἄνθρωπος
2894 5404 2991 5460 ῶν.
3034 5406 3224 5474 Ἡμεῖς
3275 5407 3332 5460 δὲ
3371 5407 3460 5462 τὸν
3509 5406 3725 5477 Ἰησοῦν

2120 5499 2220 5551 οὐκ
2253 5497 2621 5568 ἀνθρωπικῶς
2670 5493 3032 5563 ἀφορίζομεν.
3084 5494 3220 5548 Οὐδὲ
3272 5496 3382 5565 γὰρ
3429 5492 3719 5563 ἄνθρωπος

2124 5591 2304 5661 μόνον,
2350 5591 2470 5645 οὐδὲ
2518 5588 2864 5660 ὑπερούσιος,
2903 5582 2937 5663 ᾗ
2984 5587 3272 5658 ἄνθρωπος
3320 5589 3505 5658 μόνον,
3566 5585 3705 5638 ἀλλᾶ

2121 5683 2412 5752 ἄνθρωπος
2504 5682 2730 5752 ἀληθῶς,
2785 5680 2813 5732 ὁ
2876 5680 3249 5751 διαφερόντως
3308 5680 3720 5750 φιλάνθρωπος,

2122 5777 2263 5848 ὑπὲρ
2339 5779 2685 5849 ἀνθρώπους,
2742 5775 2838 5830 καὶ
2902 5777 3044 5831 κατὰ
3108 5775 3452 5846 ἀνθρώπους,
3507 5776 3569 5828 ἐκ
3620 5771 3721 5842 τῆς

2120 5867 2425 5940 ἀνθρώπων
2476 5871 2662 5933 ausis;
2709 5870 2735 5923 ὁ
2779 5866 3104 5939 ὑπερούσιος
3156 5867 3511 5935 οὑσιωμὲνος.
3560 5863 3721 5917 Ἔστι
