4126 6400
431 354 535 417 209

1392 356 1770 418 PANOPLIA
1812 356 2269 418 DOGMATlCA.
2311 381 2378 391 —
2412 358 2561 418 TIT.
2592 359 2729 422 Vll.
3611 356 3717 419 Ξὶθ

430 471 489 522 δὲ
529 469 682 522 οὐδὲν
728 463 896 541 ἧττον
952 468 1412 538 υπερουσιότητος
1457 470 1817 541 ὐπερπλήρης
1852 470 1882 522 δ
1936 470 2025 523 ἀεί⁸

2139 469 2243 523 rior
2258 481 2423 537 esset,
2439 472 2733 526 essentiam
2754 468 3049 540 assumpsit
3063 470 3379 536 humanam,
3402 478 3457 524 et
3477 474 3722 524 essentia

433 560 784 630 ὕπερούσιος.
832 560 1056 628 Ἀμέλει
1104 562 1167 628 τῇ
1201 559 1403 627 ταύτης
1455 561 1767 630 περιουσία,
1818 561 1912 614 καὶ
1944 562 2025 623 είς

434 653 628 705 οὐσίαν
687 652 909 721 ἀληθῶς
970 650 1143 705 ἐλθὼν
1193 650 1337 722 ὑπὲρ
1382 651 1572 706 οὐσίαν
1624 650 1887 721 οὐσιώθη,
1931 654 2026 706 καὶ

436 745 583 812 ὑπὲρ
625 743 918 813 ἄνθρωπον
968 744 1194 814 ἐνήργει
1252 743 1322 796 τά
1368 741 1684 814 ἀνθρώπου.
1725 745 1836 799 Καὶ
1878 745 2029 813 δηλοί

432 828 711 904 πᾶρθένος
734 836 1035 908 ὑπερφυῶς
1071 836 1300 896 κύουσα,
1334 834 1431 888 καὶ
1470 834 1615 905 ὕδωρ
1650 835 1889 889 ἄστατον
1916 835 2027 889 ὐλι-

430 928 550 981 κῶν
590 928 682 980 καὶ
714 928 940 999 γεηρῶν
981 926 1160 981 ποδῶν
1205 926 1399 996 ἀνέχον
1427 928 1617 997 βάρος,
1642 926 1737 980 καὶ
1771 927 1847 997 μὴ
1870 927 2027 980 ὐπεῖο

426 1036 551 1082 κον,
599 1018 715 1072 ἀλλ’
757 1020 1034 1089 ὑπερφυεί
1059 1020 1286 1087 δυνάμει
1320 1017 1457 1088 πρὸς
1493 1018 1555 1071 τὸ
1584 1017 1874 1088 ἀδιὰχυτον
1903 1034 2030 1071 συν-

429 1112 754 1182 ιστάμενον.
785 1112 853 1165 Τί
898 1112 966 1167 ἄν
995 1128 1079 1174 τις
1106 1112 1176 1166 τὰ
1205 1110 1379 1165 πολλά
1403 1109 1698 1180 πάμπολλα
1729 1111 1859 1164 ὄντα
1884 1111 2027 1164 διέλ-

428 1204 540 1269 θοι,
575 1204 647 1258 δι’
676 1198 753 1258 ὧν
781 1205 808 1257 ὁ
839 1203 999 1267 θείως
1031 1202 1173 1275 δρῶν
1200 1203 1342 1273 ὑπὲρ
1383 1202 1508 1256 νοῦν
1535 1202 1802 1271 γνώσεται
1832 1204 1926 1257 καὶ
1956 1203 2026 1256 τὰ

427 1301 530 1353 ἐπὶ
582 1302 652 1369 τῇ
725 1297 1105 1370 φιλανθρωπίᾳ
1148 1298 1243 1350 τοῦ
1305 1295 1483 1368 Ἰησοῦ
1538 1298 2021 1368 καταφασκόμενα,

426 1393 670 1462 δύναμιν
719 1391 1060 1462 ὑπεροχικῆς
1094 1390 1425 1458 ἀποφάσεως
1479 1388 1714 1459 ἔχοντας
1753 1389 1861 1442 Καὶ
1891 1388 2026 1459 γὰρ,

432 1484 526 1536 ἵνα
558 1483 879 1545 συνελόντες
924 1481 1191 1551 εἴπωμεν,
1222 1481 1343 1535 οὐδὲ
1375 1481 1663 1551 ἄνθρωπος
1702 1476 1791 1551 ἦν,
1824 1481 1924 1552 οὐχ
1951 1482 2028 1545 ὡς

433 1575 515 1644 μὴ
570 1575 877 1647 ἄνθρωπος,
938 1574 1054 1628 ἀλλ’
1100 1574 1174 1636 ὡς
1227 1573 1291 1638 ἐξ
1341 1572 1676 1645 ἀνθρώπων,
1720 1572 2029 1645 ἀνθρώπων

429 1667 738 1730 ἐπέκεινα,
794 1666 889 1719 καὶ
944 1665 1087 1737 ὑπὲρ
1134 1664 1419 1736 ἄνθρωπον
1477 1663 1696 1733 ἀληθῶς
1741 1662 2027 1733 ἅνθρωπος

428 1756 700 1825 verone;
751 1758 862 1811 Καὶ
910 1758 968 1811 τὸ
1010 1757 1201 1810 λοιπὸν
1244 1756 1304 1810 οὐ
1339 1755 1479 1811 κατὰ
1510 1755 1798 1826 ἄνθρωπον
1835 1755 1903 1810 τὰ
1933 1756 2026 1809 ἀν-

429 1849 730 1919 θρὼπινα,
799 1849 938 1903 ἀλλὰ
998 1848 1365 1921 ἀνδρωθέντος
1428 1847 1591 1912 Θεοῦ,
1650 1847 1849 1917 καινήν
1909 1864 2032 1901 τινα

427 1941 536 2009 τὴν
560 1939 889 2011 θεανδρικὴν
934 1939 1215 2010 ἐνέργειαν
1244 1939 1378 2008 ἡμῖν
1404 1936 1887 2007 πεπολιτευμένος.

2131 565 2313 614 tamen
2338 574 2556 615 omnem
2589 560 2886 616 essentiam
2919 572 3235 631 superante,
3278 570 3339 615 ut
3376 560 3467 630 qui
3502 571 3720 628 semper

2128 651 2369 706 essentia
2402 651 2837 719 sitexellentior,
2862 669 3024 723 quam
3066 652 3444 723 plenissimus.
3478 651 3593 707 Hac
3628 650 3717 704 ni-

2132 741 2328 797 mirum
2343 744 2653 800 exuberans
2670 746 3019 809 excellentia,
3039 762 3163 801 cum
3184 747 3251 800 ad
3271 754 3510 799 nostram
3529 758 3721 797 essen-

2130 833 2258 888 tiam
2281 851 2407 891 vere
2431 837 2809 902 descenderet,
2833 853 2955 892 eam
2978 838 3189 893 ratione
3214 838 3391 907 ipsam
3422 834 3720 891 essentiam

2130 936 2427 995 superante
2445 927 2769 1001 assumpsit,
2787 938 2839 985 et
2860 944 2952 984 res
2967 930 3237 984 humanas
3256 944 3421 998 supra
3439 927 3720 982 hominem

2129 1022 2315 1094 gessit.
2341 1020 2542 1077 Indicia
2563 1034 2712 1091 sunt,
2728 1024 2893 1096 Virgo
2910 1037 3077 1094 supra
3090 1028 3341 1076 naturam
3365 1019 3710 1088 concipiens,
3778 1064 3797 1077 ».

2127 1126 2186 1170 et
2203 1130 2340 1184 aqua
2369 1114 2638 1172 instabilis
2669 1118 2866 1187 pedum
2889 1131 2957 1170 ex
2973 1114 3198 1170 materia
3252 1111 3616 1167 constantium
3666 1117 3723 1163 et

2132 1213 2473 1261 terrenorum
2520 1208 2736 1279 pondus
2786 1211 3069 1263 sustinens
3095 1218 3149 1263 ct
3197 1205 3333 1261 nihil
3366 1205 3591 1267 cedens,
3622 1203 3718 1257 sed

2132 1296 2373 1365 potentia
2402 1305 2652 1353 naturam
2685 1315 2839 1369 aqua:
2864 1300 3120 1355 vincente
3151 1299 3215 1353 ad
3239 1298 3465 1353 solidam
3490 1311 3547 1350 se
3582 1295 3722 1347 redi-

2129 1404 2265 1458 gens
2309 1389 2647 1446 ﬁrmitatem.
2676 1392 2813 1459 Quis
2827 1409 2889 1448 ea
2918 1409 3031 1463 prae
3050 1392 3403 1448 multitudine
3428 1404 3725 1459 persequa-

2130 1488 2238 1545 tur,
2262 1497 2326 1536 οι
2346 1484 2668 1556 quibus,qui
2688 1486 2870 1541 divine
2888 1486 3090 1551 cernit,
3105 1499 3267 1554 supra
3305 1481 3722 1551 intelligentiam

2131 1571 2417 1645 intelliget,
2440 1577 2529 1631 illa
2558 1578 2745 1644 etiam,
2775 1594 2895 1648 quae
2927 1579 2995 1633 de
3029 1575 3374 1631 humanitate
3415 1574 3546 1629 Jesu
3582 1570 3725 1626 amr-

2131 1676 2372 1731 mantur,
2415 1669 2893 1725 excellentissima:
2942 1668 3248 1741 negationis
3291 1665 3399 1723 vim
3438 1664 3725 1719 obtinere?

2134 1756 2314 1827 Atque
2370 1769 2431 1813 ut
2460 1775 2653 1817 eorum
2711 1778 2982 1817 summam
3040 1761 3229 1832 paucis
3268 1759 3720 1827 complectamur,

2136 1864 2315 1918 neque
2334 1852 2500 1907 homo
2527 1862 2667 1919 erat,
2694 1869 2805 1909 non
2855 1855 2999 1924 quod
3025 1869 3134 1908 non
3193 1862 3341 1908 esset
3400 1853 3583 1915 homo,
3628 1848 3725 1901 sed

2138 1944 2285 2012 quod
2318 1960 2384 2001 ex
2412 1947 2752 2011 hominibus,
2774 1947 3140 2016 praestantius,
3174 1961 3335 2017 quam
3365 1945 3639 2006 homines,
3672 1948 3728 1994 ct

426 2047 605 2102 supra
636 2034 914 2088 hominem
932 2048 1059 2089 vere.
1099 2033 1263 2087 homo
1311 2030 1487 2086 tactus
1536 2039 1642 2095 est,
1684 2039 1738 2085 et
1788 2030 2051 2103 deinceps
2108 2049 2289 2104 neque
2315 2038 2557 2094 divinam
2601 2051 2661 2096 ut
2700 2041 2863 2106 Deus,
2892 2056 3073 2110 neque
3112 2040 3409 2095 humanam
3452 2047 3509 2091 ut
3538 2036 3725 2097 homo,

427 2126 532 2179 sed
559 2130 578 2196 (
602 2126 710 2181 Deo
737 2126 960 2181 homine
985 2124 1171 2194 facto)
1205 2138 1402 2179 novam
1451 2122 1741 2194 quamdam
1771 2136 1841 2178 ex
1878 2122 2063 2179 divina
2106 2126 2458 2201 humanaque
2492 2133 2706 2190 ratione
2752 2132 3073 2204 permistam
3132 2131 3402 2188 actionem
3436 2128 3725 2183 nobiscum

428 2235 667 2274 versans
688 2218 962 2273 exhibuit.

516 2314 628 2368 Τοῦ
654 2314 841 2369 αὐτοῦ
867 2315 937 2368 ἐκ
964 2312 1085 2368 τῶν
1112 2311 1474 2384 θεολογικῶν
1507 2312 1967 2381 στοιχειώσεων.

519 2409 678 2462 Ἐπεὶ
702 2408 760 2461 δὲ
791 2408 887 2461 καὶ
916 2409 1019 2471 ἕως
1050 2407 1269 2479 φύσεως
1306 2408 1413 2462 ὑπὸ
1458 2406 1869 2477 φιλανθρωπίας
1904 2407 2029 2477 ἐλή-

430 2501 589 2563 λυθε,
645 2501 742 2553 καὶ
791 2501 1011 2571 ἀληθῶς
1056 2502 1321 2572 οὐσιώθη,
1372 2500 1467 2555 καὶ
1502 2500 1643 2571 ἀνὴρ
1683 2502 1739 2554 6‘
1761 2500 2027 2571 ὐπέρθεος

432 2592 817 2661 ἐχρημάτισεν
878 2591 1030 2662 (ἵλεω
1070 2593 1126 2646 δὲ
1155 2593 1243 2662 είη
1275 2592 1412 2661 πρὸς
1453 2591 1609 2663 ἡμῶν
1637 2591 1707 2645 τά
1732 2590 1873 2661 ὑπὲρ
1900 2590 2025 2644 νοῦν

432 2687 532 2738 καὶ
559 2685 717 2752 λόγον
748 2685 1108 2757 ὑμνούμενα),
1129 2688 1231 2740 κάν
1250 2685 1459 2748 τούτοις
1487 2684 1601 2755 ἔχει
1629 2684 1690 2737 τὸ
1745 2684 2025 2755 ὑπερφυὲς

430 2777 535 2831 καὶ
571 2777 925 2848 ὐπερούσιον,
981 2777 1043 2830 οὐ
1080 2778 1261 2847 μόνον,
1370 2775 1748 2839 ἀναλλοιώτως
1777 2773 2029 2846 ἡμῖνκαὶ

430 2870 775 2939 ἁσυγχύτως
829 2869 1204 2940 κεκοινώνηκε
1270 2868 1438 2940 μηδὲν
1497 2867 1777 2931 πεπονθὼς
1837 2870 1918 2932 εἰς
1969 2867 2035 2921 τὸ

431 2961 800 3032 ὑπερπλῆρες
831 2960 997 3014 αὐτοῦ
1055 2961 1192 3033 πρὸς
1232 2961 1335 3031 τῆς
1373 2958 1686 3028 ἀφθέγκτου
1728 2958 2036 3023 κενώσεως,

430 3054 552 3107 ἀλλ’
580 3056 668 3107 ὅτι
708 3056 802 3106 καὶ
846 3053 908 3106 τὸ
948 3053 1172 3107 πάντων
1205 3052 1411 3107 καινῶν
1458 3052 1778 3107 καινότατον
1822 3055 1880 3105 ὲν
1918 3054 2032 3116 τοῖς

2442 2319 2697 2387 Ejusdem
2721 2335 2785 2373 ex
2816 2316 3120 2391 tlteologt'cis
3143 2318 3426 2373 elementis.

2208 2407 2314 2463 Sed
2356 2410 2615 2479 quoniam
2654 2427 2755 2467 suo
2782 2427 2911 2483 erga
2952 2428 3054 2468 nos
3111 2426 3299 2465 amore
3354 2409 3615 2463 incitatus
3659 2409 3728 2463 ad

2135 2512 2378 2558 nostram
2411 2519 2585 2574 usque
2616 2514 2870 2561 naturam
2895 2506 3063 2570 venit,
3088 2515 3143 2561 et
3160 2504 3254 2575 qui
3300 2496 3547 2560 summus
3586 2502 3731 2555 Deus

2133 2603 2238 2661 est,
2267 2611 2397 2652 vere
2434 2597 2610 2653 factus
2637 2607 2694 2653 et
2724 2609 2953 2654 vocatus
2992 2606 3076 2654 est
3099 2598 3266 2653 homo
3301 2595 3726 2667 (prepitiarsint,

2131 2702 2255 2757 quae
2312 2697 2550 2744 mentem
2597 2699 2655 2746 et
2673 2691 2941 2746 rationem
3000 2690 3314 2761 superantia
3346 2704 3375 2743 a
3405 2689 3563 2743 nobis
3582 2687 3727 2743 cele-

2136 2780 2422 2850 brantur),
2458 2782 2512 2836 in
2538 2782 2624 2837 his
2641 2798 2862 2854 quoque
2889 2785 2972 2838 vis
2995 2784 3116 2853 ejus
3148 2792 3343 2837 natura
3378 2780 3729 2849 essentiaque

2139 2872 2424 2927 sublimior
2445 2874 2680 2930 exsistit.
2701 2874 2820 2932 Non
2840 2876 3015 2932 solum
3033 2876 3161 2947 quia
3179 2875 3313 2929 nihil
3332 2882 3554 2945 propter
3572 2873 3726 2927 inea-

2140 2964 2450 3033 plicahilem
2504 2966 2930 3023 exinanitionem
2965 2968 3022 3023 in
3057 2968 3394 3024 exuberante
3426 2981 3520 3020 sua
3550 2964 3726 3034 pleni—

2142 3057 2330 3113 tudine
2352 3051 2669 3128 perpessus,
2692 3075 2752 3115 se
2771 3060 2930 3116 nobis
2955 3061 3075 3116 sine
3098 3059 3483 3115 immutatione
3515 3066 3571 3111 et
3594 3071 3731 3110 con-

431 3147 695 3221 ςυτικοῐς
757 3144 917 3214 ἡμῶν
968 3144 1255 3215 ὑπερφυὴς
1307 3140 1410 3215 ἦν,
1467 3145 1525 3197 ὲν
1584 3145 1698 3207 τοῖς
1758 3143 1881 3198 κατ’
1942 3145 2034 3197 οὐ·

2139 3145 2355 3205 lusione
2401 3150 2848 3215 communicavit,
2878 3166 3071 3207 verum
3117 3152 3280 3207 etiam
3308 3149 3489 3222 (quod
3541 3162 3727 3202 rerum

432 3239 562 3289 σειν
633 3236 989 3307 ὐπερούσιος,
1044 3236 1228 3292 πάντα
1281 3237 1442 3307 ἡμῶν
1472 3235 1612 3308 ὑπὲρ
1661 3236 1812 3307 ἡμᾶς
1863 3235 2033 3307 ὐπερ-

436 3334 604 3400 έχων.

2137 3239 2384 3294 omnium
2406 3240 2806 3297 admirabilium
2827 3250 2912 3299 est
2924 3243 3157 3297 maxime
3185 3240 3533 3311 admirabile)
3565 3240 3617 3293 in
3640 3238 3727 3301 iis,

2140 3348 2262 3402 quae
2288 3333 2559 3388 naturalia
2582 3341 2733 3398 sunt,
2751 3349 2914 3405 supra
2941 3343 3193 3390 naturam
3209 3333 3332 3398 fuit,
3350 3332 3407 3387 in
3424 3332 3510 3396 iis,
3528 3344 3646 3400 qua:
3660 3328 3733 3382 ad

437 3429 739 3483 t'ssentiam
803 3436 1103 3499 pertinent,
1128 3443 1294 3499 super
1344 3432 1662 3496 essentiam,
1711 3426 1893 3484 omnia
1937 3442 2061 3499 quae
2108 3440 2293 3487 nostra
2319 3440 2469 3495 sunt,
2494 3446 2561 3487 ex
2588 3432 2768 3500 nobis,
2796 3441 2852 3488 et
2882 3448 3046 3504 supra
3077 3447 3177 3489 nos
3201 3430 3487 3489 excellenti
3520 3426 3730 3484 ratione

443 3527 757 3595 mssidens.

459 3640 570 3692 ἰ’υῦ
598 3640 786 3695 αὐτοῦ
806 3640 877 3693 ἐκ
907 3640 1015 3695 τοῦ
1059 3640 1246 3709 λόγου
1274 3640 1381 3694 τοῦ
1405 3641 1538 3707 περί
1573 3639 1681 3709 τῆς
1712 3641 2038 3708 ἐκκλησια-

966 3710 1185 3780 στικῆς
1208 3712 1536 3779 ἱεραρχίας.

551 3801 613 3852 Ἦ
638 3802 685 3855 δὲ
721 3803 823 3873 τῆς
848 3801 1151 3871 Θεαρχικῆς
1177 3800 1515 3871 ἀγαθότητος
1550 3802 1886 3872 ἀπειροτατη
1915 3801 2038 3871 φιλ-

454 3894 734 3964 ανθρωπία
792 3895 854 3945 ἐν
890 3890 1083 3962 ἀληθεῖ
1135 3892 1349 3961 μεθέξει
1398 3892 1508 3945 τῶν
1546 3892 1670 3946 καθ’
1704 3894 1849 3963 ἡμᾶς
1883 3910 2041 3962 γενο-

450 3989 590 4056 μένη
622 3987 1018 4056 ἀναμαρτήτῳ,
1048 3985 1145 4039 καὶ⁸
1181 3985 1314 4055 πρὸς
1359 3984 1422 4037 τὸ
1448 3983 1705 4037 ταπεινὸν
1737 3987 1769 4054 ὴ
1781 3985 1894 4055 μῶν
1925 3986 2041 4038 ἐνο-

448 4078 746 4148 ποιηθεῖσα
777 4077 918 4147 μετά
945 4076 1045 4146 τῆς
1064 4076 1173 4129 τῶν
1195 4075 1414 4132 οἰκείων
1441 4077 1753 4146 ἀτυγχύτου
1784 4078 2045 4132 ntem—

444 4172 618 4240 δήτοῦ
667 4171 951 4234 παντελῶς
994 4170 1183 4237 ἕξεως,
1235 4170 1335 4239 τὴν
1366 4170 1504 4240 πρὸς
1547 4168 1716 4239 αὐτὴν
1753 4171 1885 4239 ἡμῖν
1914 4187 2043 4223 κοι-

444 4270 673 4327 νωνίαν,
706 4264 783 4326 ὡς
817 4265 1106 4333 ὁμογενέσι
1149 4263 1336 4316 λοιπὸν
1388 4261 1722 4333 ἐδωρήσατο,
1779 4262 1877 4316 καὶ
1932 4260 2043 4315 τῶν

442 4358 673 4409 οἰκείων
698 4355 934 4420 ἀνέδειξε
975 4354 1240 4426 μετόχους
1269 4355 1474 4409 καλῶν.

459 4470 568 4523 Ἐκ
593 4466 709 4521 τοῦ
746 4470 935 4538 λόγου
977 4468 1086 4523 τοῦ
1107 4468 1241 4537 ,περι
1271 4466 1380 4535 τῆς
1400 4466 1685 4535 οὐρανίου
1713 4465 2034 4535 ίεραρχίας.
2070 4477 2118 4536 ι)

534 4559 849 4614 Ἀνανεύσω
895 4561 954 4614 δὲ
1004 4559 1105 4614 καὶ
1136 4559 1277 4630 πρὸς
1317 4558 1418 4621 τὰς
1468 4558 1782 4629 ὑπερτάτας
1810 4557 1919 4615 τῶν
1952 4556 2041 4609 λο-

448 4656 593 4723 γίων
626 4653 949 4721 θεοφανείας
972 4668 988 4685 ο
1022 4652 1136 4724 δρῶ
1174 4655 1283 4724 γὰρ
1308 4654 1393 4707 ὅτι
1440 4651 1536 4705 καὶ
1561 4652 1724 4714 αὐτὸς
1763 4649 1968 4720 Ἰησοῦς
2004 4651 2038 4719 ἡ

449 4747 567 4799 τῶν
620 4744 1039 4816 ὑπερουρανίων
1081 4743 1280 4797 οὐσιῶν
1330 4742 1656 4814 ὐπερούσιος
1686 4741 1856 4805 αἰτία,
1906 4739 2041 4810 πρὸς

449 4843 520 4894 τὸ
558 4842 685 4895 καθ’
726 4842 873 4912 ἡμᾶς
918 4839 1275 4911 ἀμεταϐόλως
1315 4836 1612 4908 ἐληλυθὼς,
1655 4837 1755 4889 οὐκ
1781 4834 2040 4904 ἀποπηδᾷ

448 4934 560 5003 τῆς
621 4934 717 4985 ὐπ’
773 4933 943 4986 αὐτοῦ
986 4932 1283 5003 ταχθείσης
1331 4933 1427 4985 καὶ
1470 4930 1784 4998 αἱρεθείσης
1832 4930 2043 4997 ἀνορω-

451 5026 771 5097 ποπρεπῶς
833 5025 1122 5092 εὐταξίας,
1178 5022 1295 5077 ἀλλ’
1352 5022 1622 5085 εὐπειθῶς
1681 5018 2045 5073 ὐποτὰττεται

446 5122 578 5183 ταῖς
625 5120 721 5173 τοῦ
772 5119 987 5191 [latpr
1036 5119 1131 5172 καὶ
1176 5117 1313 5172 Θεοῦ
1361 5116 1429 5171 δι’
1459 5115 1731 5185 [ἀγγέλων
1774 5110 2047 5166 διατυπὼ-

452 5229 637 5266 σεσιν.
1105 5224 1118 5233 “

454 5328 594 5380 Ἔτι
632 5326 763 5393 περὶ
798 5324 912 5392 τῆς
950 5319 1699 5394 θείαςμέναινϐρωπήᾳνεωςζ
1739 5316 1846 5394 τοῦ
1868 5315 2049 5394 perii:

525 5402 645 5451 λου
685 5388 1024 5463 Γρηγορίου
1044 5392 1152 5447 τοῦ
1179 5390 1587 5463 Θεολόγου-ἐκ-
1600 5388 1918 5463 τοῦλόγου
1933 5388 2048 5463 τοῦ

528 5470 620 5530 εἰς
654 5455 1050 5547 {ipsi-2'01ch
1074 5463 1179 5517 τοῦ
1210 5455 1430 5530 Κυρίου
1470 5459 1636 5528 ἡμῶν
1687 5455 1891 5524 Ἰησοῦ
1926 5456 2049 5522 Χριο

529 5555 710 5592 στου.

545 5631 700 5681 Ἐπεὶ
744 5628 805 5681 δὲ
842 5625 1032 5695 φθόνῳ
1061 5624 1333 5691 διαϐόλου,
1368 5623 1464 5675 καὶ
1516 5621 1775 5691 γυναικὸς
1817 5618 2051 5689 ἐπηρείᾳ

453 5724 525 5793 ῆν
567 5740 627 5775 τε
680 5720 893 5775 ἔπαθεν
946 5716 1022 5780 ὡς
1059 5716 1414 5785 ἁπαλωτέρα,
1452 5717 1542 5767 καὶ
1585 5717 1649 5783 ἢν
1698 5713 2051 5784 προσήγαγεν

458 5834 534 5880 ως
581 5812 947 5883 πιθανωτέρα.
980 5809 1102 5882 (φεῦ
1142 5812 1239 5881 τῆς
1271 5810 1406 5880 ἐμῆς
1450 5808 1728 5871 ἀσθενείας
1758 5808 1771 5859 '.
1813 5805 1920 5876 ἐμὴ
1945 5803 2050 5874 γὰρ

2281 3641 2535 3709 Ejusdem
2564 3655 2628 3693 ea:
2649 3639 2779 3693 libro
2799 3640 2862 3692 de
2890 3637 3240 3694 ecclesiastica
3264 3640 3587 3693 Itierarchia.

2220 3798 2439 3854 Inﬁnita
2482 3798 2682 3853 divinae
2715 3796 2975 3852 bonitatis
3034 3810 3159 3866 erga
3206 3809 3380 3867 genus
3429 3795 3733 3851 humanum

2148 3892 2527 3950 benevolentia
2550 3905 2678 3946 vere
2700 3906 2819 3959 quae
2864 3901 3050 3946 nostra
3084 3899 3230 3954 sunt,
3273 3901 3558 3944 assumens
3609 3888 3734 3943 sine

2148 3991 2396 4053 peccato,
2421 3996 2589 4051 seque
2609 3980 2901 4036 humilitati
2931 3989 3131 4035 nostra:
3157 3978 3516 4049 conjungcns,
3540 3988 3592 4033 et
3612 3996 3737 4048 qua:

2142 4072 2363 4144 propria
2396 4071 2567 4142 ipsius
2609 4078 2757 4137 sunt,
2793 4070 2911 4126 sine
2967 4070 3074 4125 ulla
3128 4084 3356 4140 prorsus
3411 4070 3733 4125 confusione

2142 4164 2634 4232 imminutioneque
2665 4162 2927 4229 retinens,
2960 4162 3118 4219 nobis
3153 4163 3263 4233 jam
3298 4168 3358 4215 ut
3388 4162 3631 4232 cognatis
3678 4177 3737 4214 se

2142 4254 2588 4322 communicavit,
2631 4263 2688 4311 et
2736 4268 2837 4309 nos
2884 4253 3152 4309 bonorum
3182 4267 3405 4308 suorum
3444 4253 3738 4322 participes

2148 4348 2303 4405 fecit.

2389 4461 2637 4531 Ejusdem
2660 4475 2724 4514 ea:
2740 4460 2870 4515 libro
2887 4460 2951 4514 de
2964 4459 3154 4514 caelesti
3169 4460 3487 4515 hierarchia.

2218 4550 2445 4615 Verum,
2469 4560 2529 4604 ut
2550 4565 2791 4606 summas
2820 4550 2950 4604 item
2981 4565 3047 4605 ae
3083 4549 3303 4604 divinas
3343 4565 3513 4605 sacra:
3544 4549 3736 4619 Scrip—

2147 4653 2281 4698 turee
2326 4641 2820 4697 demonstrationes
2841 4640 3296 4711 contemplemur,
3347 4641 3505 4696 video
3555 4642 3729 4711 ipsum

2148 4735 2312 4791 etiam
2345 4732 2553 4799 Iesum,
2581 4732 2672 4802 qui
2701 4731 3013 4789 sublimium
3041 4733 3400 4788 cssentiarum
3424 4741 3511 4787 est
3531 4744 3722 4787 auctor

2146 4827 2383 4884 essentia
2407 4824 2721 4889 sublimior,
2743 4838 2866 4878 cum
2885 4822 2952 4878 ad
2984 4838 3085 4878 nos
3108 4825 3226 4878 sine
3249 4825 3356 4878 ulla
3381 4825 3463 4880 sui
3490 4841 3737 4879 commu-

2147 4921 2352 4975 tatione
2375 4917 2634 4983 venisset,
2658 4933 2688 4972 a
2710 4917 2827 4987 lege
2857 4925 3020 4987 atque
3066 4915 3259 4972 ordine
3280 4916 3485 4973 homini
3509 4933 3744 4987 congru«

2149 5022 2297 5077 cute,
2325 5026 2486 5082 quem
2514 5009 2629 5080 ipse
2659 5014 2924 5064 statuerat
2945 5016 3002 5063 et
3037 5008 3293 5079 elegerat,
3321 5025 3427 5064 non
3462 5010 3740 5070 recedere,

2149 5105 2244 5161 sed
2265 5104 2441 5159 Patris
2485 5111 2541 5157 et
2563 5101 2657 5156 Dei
2675 5098 2967 5165 mandatis,
2994 5116 3113 5171 qua:
3129 5115 3225 5172 per
3247 5102 3469 5173 angelos
3496 5102 3743 5158 dederat,

2152 5197 2446 5252 summisse
2474 5196 2874 5264 obtemperare.

2151 5311 2283 5367 Item
2299 5312 2362 5364 de
2377 5310 2552 5363 divina
2565 5309 2813 5362 humana:
2830 5309 3005 5362 carnis
3024 5308 3394 5375 assumptione.
3415 5306 3592 5373 magni
3610 5303 3746 5358 Cre-

2222 5383 2353 5448 gorii
2375 5380 2613 5448 Tltcologi
2634 5396 2696 5433 ea:
2720 5380 2955 5433 oratione
2988 5378 3043 5430 in
3060 5377 3196 5429 diem
3234 5379 3483 5433 Natalem
3526 5375 3741 5427 Domini

2227 5452 2388 5506 nostri
2422 5449 2552 5503 Jcsu
2574 5448 2787 5505 Christi.

2241 5610 2345 5665 Sco
2383 5617 2735 5681 posteaquam
2788 5608 2990 5663 invidia
3040 5605 3240 5662 diaboli
3303 5612 3358 5659 et
3400 5599 3745 5655 fraudulenta

2171 5705 2314 5759 illius
2344 5704 2417 5769 vi,
2436 5718 2600 5773 quam
2628 5702 2823 5757 mulier
2847 5712 2905 5755 ul.
2936 5710 2990 5755 et
3010 5696 3333 5753 imbecillior
3365 5710 3616 5765 perpessa
3644 5700 3745 5754 est,

2159 5808 2213 5854 et
2260 5800 2324 5852 ad
2364 5793 2994 5867 pcrsuadendumaptior
3016 5786 3251 5846 obtrusit
3282 5786 3400 5843 viro
3428 5786 3495 5856 (ο
3520 5784 3746 5840 ὶιιθτιιιᾱρ
