4126 6412
443 353 546 418 211

1698 345 2082 410 ΕΠΤΙΙΥΜΙΙ
2122 349 2454 418 ZIGABEN
2459 358 2488 417 Ι

3619 365 3728 432 212

449 476 614 522 tatem
633 478 807 519 meam
828 465 842 518 ἰ
863 477 982 518 mea
999 461 1144 518 enim
1164 469 1248 518 est
1263 459 1423 532 primi
1452 458 1694 532 parentis
1718 455 2024 528 inﬁrmitas)

2133 467 2284 537 ὴτοῦ
2314 469 2706 540 προπάτορος),
2751 474 2852 544 τῆς
2886 472 2986 542 μὲν
3035 474 3257 544 ἐντολῆς
3297 476 3596 530 ἐπελάθετο
3624 479 3726 546 τῆς

446 557 711 624 mandati,
736 558 880 628 quod
919 565 1204 627 acceperat
1235 554 1351 625 ipse
1381 554 1584 610 oblitus
1603 563 1710 620 est,
1757 563 1813 609 et
1841 565 2027 607 amaro

445 649 824 718 pomigustatu
861 656 1174 717 superatus,
1211 646 1376 700 simul
1410 653 1467 700 et
1492 660 1522 700 a
1545 645 1694 716 ligno
1743 644 1890 712 vitae,
1922 652 2028 699 eta

446 737 723 806 paradiso,
764 748 821 793 et
853 753 882 791 a
919 736 1028 791 Deo
1079 745 1336 806 tanquam
1391 737 1548 791 exsul
1603 735 1937 802 extruditur,
1973 747 2028 792 et

445 828 688 898 pelliceis
705 828 950 883 induitur
969 827 1327 892 vestimentis,
1345 828 1613 884 crassiore
1631 828 1890 883 nimirum
1909 843 2030 884 car-

375 949 378 952 ~
448 936 538 986 ne,
569 935 690 989 qua:
718 928 950 974 mortem
979 920 1208 985 subiret,
1241 928 1291 975 el
1319 919 1540 991 spiritui
1571 928 1920 991 repugnaret.
1955 921 2031 976 Ac

445 1012 685 1080 primum
718 1012 937 1082 quidem
970 1013 1220 1084 agnoscit
1252 1012 1651 1083 turpitudinem
1668 1020 2030 1082 suam,atque

442 1106 568 1159 ideo
601 1119 663 1158 se
694 1101 789 1159 Dei
845 1114 1204 1174 conspectum
1237 1104 1448 1175 fugiens
1481 1105 1791 1162 abscondit.
1820 1103 1920 1161 Hic
1953 1114 2032 1160 ta-

445 1211 568 1249 men
595 1196 838 1250 lucratur
857 1205 1110 1262 mortem,
1132 1211 1408 1266 perquam
1437 1205 1723 1266 peceatum
1744 1195 2028 1251 abscindi-

444 1302 549 1355 tur,
578 1306 646 1343 ne
667 1288 888 1344 miseria
915 1289 986 1344 sit
1019 1289 1368 1356 immortalis,
1401 1297 1458 1344 et
1483 1303 1606 1344 cum
1628 1289 1906 1360 supplicio
1934 1290 2031 1344 be-

443 1383 699 1438 neficium
742 1383 1095 1453 conjuuctum
1141 1392 1419 1438 cernatur.
1454 1382 1566 1438 Hac
1605 1382 1754 1437 enim
1815 1383 2030 1438 ratione

443 1477 605 1540 Deus,
636 1485 697 1531 ut
723 1475 856 1529 mihi
891 1476 1112 1545 quidem
1177 1475 1502 1546 persuadeo,
1541 1477 1717 1546 punit.
1757 1474 2028 1531 Caeterum

441 1585 567 1624 cum
584 1568 747 1624 variis
764 1568 1144 1624 occasionibus
1179 1579 1343 1638 atque
1357 1569 1713 1638 temporibus
1729 1567 2030 1624 humanum

442 1679 617 1733 genus
648 1663 943 1717 munitorum
968 1673 1338 1732 peccatorum,
1377 1662 1606 1732 quaiilla
1635 1661 1856 1717 malitiae
1873 1660 2030 1715 radix

443 1751 763 1819 protulerat,
818 1750 1004 1804 multis
1061 1749 1256 1814 modis,
1322 1763 1521 1818 nempe
1557 1750 1824 1812 oratione,
1888 1749 2026 1815 lege,

442 1843 745 1914 prophetis,
802 1841 1102 1910 beneficiis,
1166 1842 1350 1906 minis,
1402 1841 1598 1920 plagis,
1656 1840 2028 1908 eluvionibus,

441 1939 729 2002 incendiis,
777 1939 954 2003 bellis,
1005 1937 1270 2000 victoriis,
1327 1935 1598 2000 cladibus,
1652 1933 1914 2005 prodigiis
1962 1950 2023 1989 ex

438 2032 598 2097 uelo,
616 2046 681 2086 ex
697 2047 842 2096 acre,
863 2048 927 2086 ex
948 2040 1108 2094 terra,
1139 2047 1204 2084 ex
1226 2029 1384 2096 mari,
1408 2029 1701 2099 insperatis
1716 2028 2026 2092 hominum,

437 2124 737 2190 civitatum,
774 2125 1016 2196 gentium
1054 2124 1455 2186 eversionibus,
1486 2123 1688 2192 quibus
1723 2121 2030 2176 rationibus

443 2217 578 2272 nihil
608 2218 754 2272 aliud
786 2221 1070 2288 agebatur,
1106 2217 1213 2271 nisi
1250 2226 1308 2270 ut
1371 2215 1574 2270 malitia
1625 2224 2026 2280 contereretur,

437 2310 638 2364 frustra
657 2313 814 2385 prius
844 2320 992 2366 esset
1038 2309 1379 2365 admonitum
1441 2317 1494 2364 et
1529 2308 1948 2376 reprehensum,
1973 2316 2028 2361 et

341 2455 344 2459 .
437 2403 737 2474 majoribus
754 2405 1010 2473 peccatis,
1031 2415 1085 2457 ut
1109 2403 1314 2458 mutuis
1328 2399 1643 2456 homicidiis
1666 2440 1681 2466 ,
1717 2400 2026 2465 adulteriis,

434 2496 928 2565 perjuriis,insanis
957 2496 1244 2553 hominum
1271 2494 1554 2551 amoribus
1605 2503 1658 2550 et
1690 2493 1708 2561 (
1731 2493 1878 2563 quod
1903 2508 2027 2548 om-

429 2591 586 2646 nium
617 2592 888 2646 malorum
945 2588 1329 2660 gravissimtun
1391 2588 1552 2654 erat)
1606 2585 2024 2641 simulacrorum

431 2686 604 2748 cultu,
638 2699 750 2755 quo
790 2683 1044 2736 homines
1100 2680 1350 2751 neglecto
1392 2680 1752 2734 Procreatore
1809 2678 1878 2733 ad
1937 2692 2027 2734 res

432 2787 746 2844 procreatas
768 2773 1026 2832 colendas
1086 2785 1140 2830 et
1164 2772 1476 2828 adorandus
1505 2788 1564 2826 se
1609 2771 2024 2835 convertebant,

430 2872 888 2941 obstringeretnr,
949 2869 1315 2940 gravioraque
1363 2868 1478 2937 jam
1512 2866 1785 2937 ejusmodi
1849 2864 2025 2921 morbi

429 2963 671 3019 remedia
694 2963 1197 3030 medicamentaque
1247 2959 1618 3029 requirerent,
1647 2959 1853 3028 majora
1907 2973 2028 3030 gra-

428 3055 690 3125 vioraque
720 3065 847 3110 sunt
872 3054 1135 3109 adhibita.
1190 3053 1372 3122 Ipsum
1433 3051 1582 3106 enim
1636 3051 1730 3106 Dei
1753 3051 2022 3119 Verbum,

2131 559 2399 632 δοθείσης,
2451 563 2545 616 καὶ
2584 563 2789 636 ἡττήθη
2837 565 2939 636 τῆς
2995 569 3200 636 πικρᾶς
3260 569 3505 636 γεύσεως
3534 583 3550 600 ο
3584 570 3723 638 ὁμοῦ

2132 651 2188 706 δὲ
2237 652 2332 707 τοῦ
2369 655 2470 724 τῆς
2515 656 2676 728 ζωῆς,
2706 656 2888 724 ξύλου,
2939 658 3034 711 καὶ
3083 657 3179 712 τοῦ
3233 658 3585 728 παραδείσου,
3627 659 3724 712 καὶ

2133 747 2227 801 τοῦ
2253 745 2395 801 Θεοῦ
2419 748 2508 801 διὰ
2553 749 2654 820 τὴν
2676 751 2880 805 κακίαν
2911 751 3186 822 ἑξόριστος
3211 751 3443 821 γίνεται,
3477 752 3571 805 καὶ
3597 754 3724 816 τοὺς

2133 841 2498 913 δερματίνους
2544 843 2909 913 ἀμφιέννυται
2948 844 3202 914 χιτῶνας,
3238 846 3371 909 ῐσως
3413 845 3512 916 τὴν
3545 861 3729 914 παχυο

2132 933 2298 1003 τέραν
2330 935 2534 1006 σάρκα,
2562 935 2659 990 καὶ
2685 934 2912 1007 θνητὴν,
2941 938 3038 991 καί.
3071 937 3390 992 ἀντίτυπον.
3423 937 3531 990 Καὶ
3564 936 3726 991 τοῦτο

2133 1025 2353 1098 πρῶτων
2381 1025 2647 1094 γινώσκει
2685 1029 2785 1100 τὴν
2819 1029 2956 1083 ἰδίαν
2989 1028 3277 1100 αἰσχύνην,
3322 1030 3417 1082 καὶ
3448 1029 3558 1082 ἀπὸ
3585 1028 3725 1082 Θεοῦ

2134 1118 2465 1190 κρύπτεται.
2502 1120 2787 1192 Κερδαίνει
2828 1121 3010 1191 μέντοι
3036 1120 3318 1176 κάνταῦθα
3353 1121 3445 1174 τὸν
3473 1121 3724 1184 θάνατον,

2133 1219 2322 1275 καὶτὸ
2349 1218 2681 1291 διακοπῆναι
2724 1221 2826 1290 τὴν
2871 1219 3173 1292 ἁμαρτίαν,
3219 1220 3310 1276 ἵνα
3351 1219 3426 1290 μὴ
3456 1219 3727 1274 ἀθάνατον

2131 1309 2261 1385 ᾖτὺ
2308 1314 2520 1368 κακόν’
2559 1315 2652 1368 καὶ
2695 1315 2907 1382 γίνεται
2950 1313 3334 1384 φιλανθρωπία
3377 1313 3411 1384 ἡ
3457 1311 3726 1383 τιμωρία.

2131 1406 2292 1461 Οὕτω
2328 1406 2438 1478 γὰρ
2469 1406 2728 1478 πείθομαι
2760 1405 3012 1470 κολάζειν
3035 1406 3190 1461 Θεὸν.
3229 1404 3544 1468 Πολλοῖς,δὲ
3596 1421 3727 1456 παι-

2132 1501 2346 1564 δευθεὶς
2391 1501 2660 1571 πρότερον
2707 1499 2832 1554 ἀντὶ
2873 1498 3088 1552 πολλῶν
3129 1497 3238 1551 τῶν
3285 1496 3726 1567 ἁμαρτημάτων,

2133 1591 2210 1648 ὧν
2257 1595 2290 1665 ἡ
2341 1594 2441 1664 τῆς
2485 1593 2689 1656 κακίας
2741 1591 2866 1664 ῥίζα
2903 1591 3210 1660 ἐϐλάστησε
3257 1589 3398 1644 κατὰ
3434 1589 3730 1659 διαφόρους

2134 1685 2316 1748 αἰτίας
2359 1686 2453 1738 καὶ
2485 1685 2738 1755 χρόνους,
2779 1683 2944 1754 λόγῳ,
2986 1683 3160 1753 νόμῳ,
3205 1683 3535 1752 προφήταις,
3571 1679 3730 1749 εὐερ-

2061 1776 2370 1872 Βγεσίαις,
2426 1777 2701 1842 ἀπειλαῖς,
2759 1773 3020 1845 πληγαῖς,
3079 1772 3288 1837 ὕδασιν,
3349 1771 3726 1843 ὲμπρησμοῖς,

2135 1869 2415 1940 πολέμοις,
2463 1869 2660 1932 νίκαις,
2698 1868 2911 1939 ἥτταις,
2949 1867 3198 1936 σημείοις
3239 1864 3298 1932 ἐξ
3326 1864 3584 1936 ούρανοῦ,
3629 1878 3726 1931 ση-

2136 1960 2311 2030 μείοις
2369 1959 2428 2026 ἐξ
2488 1961 2678 2031 ἀέρος,
2733 1962 2796 2036 ἐκ
2850 1959 2976 2029 γῆς,
3026 1959 3091 2011 ὲκ
3141 1958 3437 2028 Θαλάττης,
3493 1955 3725 2026 ἀνδρῶν,

2134 2052 2365 2116 πόλεων,
2412 2052 2584 2106 ἐθνῶν
2616 2051 2962 2116 ἀνελπίστοις
2997 2050 3344 2123 μεταϐολαῖς,
3383 2049 3473 2116 ὑφ’
3505 2042 3580 2101 ὢν
3627 2047 3726 2098 ὲκ-

2130 2145 2386 2217 τριδῆναι
2435 2144 2534 2216 τὴν
2586 2143 2785 2198 κακίαν
2836 2144 2898 2196 τὸ
2950 2141 3390 2212 σπουδαζόμενον
3442 2134 3533 2209 ἦν,
3576 2137 3725 2200 τέλος

2135 2238 2497 2309 ἰσχυροτέρου
2541 2237 2717 2291 δεῖται
2764 2236 3064 2308 φαρμάκου
3107 2237 3202 2289 ἐπὶ
3244 2232 3573 2300 δεινοτέροις
3614 2235 3725 2292 τοῖς

2131 2332 2162 2382 ἀ
2171 2328 2393 2402 ρῤωστή
2405 2345 2592 2397 μασιν,
2611 2327 3051 2396 ἀλληλοφονίαις,
3079 2325 3370 2396 μοιχείαις,
3390 2320 3641 2392 ἐπιορκία
3651 2337 3722 2384 ις,

2131 2423 2550 2492 άνδρομανίαις,
2581 2420 2642 2474 τὸ
2679 2420 2921 2475 πάντων·
2952 2419 3184 2490 ἔσχατον
3215 2415 3329 2470 τῶν
3372 2413 3582 2480 κακῶν,
3631 2413 3728 2464 καὶ

2131 2515 2369 2586 πρῶτον,
2434 2512 2938 2583 εἰδωλολατρείαις,
2999 2511 3094 2565 καὶ
3145 2512 3211 2582 τῇ
3272 2508 3564 2579 μεταθέσει
3623 2505 3728 2572 τῆς

2132 2609 2562 2677 προσκυνήσεως
2582 2606 2692 2660 ἀπὸ
2713 2605 2808 2659 τοῦ
2831 2605 3196 2674 πεποιηκότος
3223 2603 3317 2656 ἐπὶ
3337 2602 3406 2653 τὰ
3422 2599 3725 2668 κτίσματα.

2130 2702 2323 2757 Ταῦτα
2356 2701 2546 2772 ἐπειδὴ
2581 2701 2829 2770 μείζονος
2869 2699 3041 2752 ἐδεῖτο
3073 2696 3167 2751 τοῦ
3197 2695 3564 2766 βοηθήματος,
3601 2691 3729 2762 μεί-

2131 2795 2285 2860 ζονος
2341 2794 2436 2847 καὶ
2491 2793 2773 2862 τυγχάνει.
2824 2790 2899 2844 Τὸ
2939 2791 2995 2844 δὲ
3045 2785 3116 2861 ἦν
3165 2789 3330 2851 αὐτὸς
3385 2789 3415 2840 6
3452 2785 3547 2839 τοῦ
3587 2783 3728 2837 Θεοῦ

2129 2889 2302 2956 Λόγος
2328 2888 2356 2941 6
2398 2885 2752 2957 προαιὼνιος,
2785 2886 2814 2938 6
2851 2885 3083 2954 ἀόρατος
3132 2883 3229 2936 καὶ
3266 2877 3661 2949 ἀπερίληπτος,
3695 2875 3727 2927 6

2130 2979 2445 3050 ἀσώματος,
2484 2977 2580 3031 καί
2621 2977 2691 3030 τὰ
2726 2976 2874 3045 ἑξῆς,
2919 2977 2951 3046 ἡ
2998 2973 3427 3040 ἀπαράλλακτος
3470 2968 3658 3033 εἰκὼν,
3692 2968 3724 3019 6

2130 3071 2228 3126 τοῦ
2267 3072 2479 3142 [ἰατρὸς
2529 3071 2656 3141 ὄρος
2699 3070 2792 3122 καὶ
2838 3069 3012 3136 Λόγος
3061 3068 3156 3119 ἐπὶ
3205 3066 3306 3136 τὴν
3349 3063 3488 3116 ἰδίαν
3533 3061 3722 3113 εἰκόνα

428 3148 573 3217 quod
603 3157 688 3202 est
705 3157 838 3203 ante
865 3148 1084 3212 saecula,
1105 3147 1250 3216 quod
1276 3144 1670 3215 comprehendi
1697 3159 1806 3199 non
1827 3154 2024 3215 potest,

2133 3163 2322 3235 χωρεῖ,
2365 3161 2462 3217 καὶ
2508 3163 2692 3233 σάρκα
2727 3161 2886 3232 φορεῖ
2930 3159 3021 3213 διὰ
3055 3159 3152 3230 τὴν
3194 3159 3396 3228 σάρκα,
3433 3157 3530 3208 καί
3569 3155 3722 3224 ψυχῇ

427 3240 576 3309 quod
595 3255 799 3311 corpus
826 3257 936 3296 non
970 3241 1134 3296 habet
1157 3241 1173 3309 (
1193 3249 1250 3295 ct
1271 3254 1392 3308 qua:
1404 3240 1754 3309 sequuntur),
1779 3238 1895 3308 ipsa
1924 3236 2021 3292 Dei

427 3339 608 3408 imago
648 3335 1133 3401 incommutabilis,
1195 3335 1373 3389 Patris
1439 3333 1685 3390 deﬁnitio
1738 3343 1795 3388 et
1848 3333 2016 3399 ratio,

399 3429 746 3501 'imaginem,
783 3445 948 3500 quam
980 3428 1187 3483 homini
1212 3429 1588 3498 impresserat,
1617 3427 1734 3498 ipse
1766 3428 2020 3506 suscipit,

426 3535 482 3579 et
514 3531 739 3595 propter
760 3537 1006 3589 carnem,
1041 3538 1262 3577 carnem
1314 3526 1475 3591 gerit,
1509 3531 1565 3576 et
1590 3505 2022 3578 animo-ratione

427 3617 656 3688 praedito
675 3633 773 3688 pro
795 3618 968 3672 salute
985 3617 1152 3671 animi
1207 3616 1314 3671 mei
1329 3616 1746 3682 commiscetur,
1772 3624 1832 3671 ut
1856 3616 2022 3672 simili

426 3712 659 3767 similem
686 3721 898 3782 purget,
926 3711 977 3765 in
1005 3712 1260 3765 omnibus
1287 3709 1548 3778 denique,
1577 3724 1806 3779 peccato
1835 3718 2019 3765 tamen

423 3799 753 3870 excepto,ﬁt
777 3803 958 3858 homo.
987 3802 1063 3858 Ex
1091 3801 1328 3874 Virgine,
1355 3802 1514 3872 cujus
1533 3801 1776 3856 animum
1809 3810 1864 3857 et
1894 3815 2020 3858 ear-

426 3910 548 3949 nem
566 3893 800 3964 Spiritus
816 3905 942 3950 ante
955 3905 1298 3967 purgaverat,
1316 3899 1582 3957 nascitur.
1599 3898 1835 3955 Decebat
1852 3900 2018 3966 enim,

425 3999 558 4044 utet
580 3990 872 4044 liberorum
905 3992 1182 4059 susceptio
1233 3992 1618 4061 honoraretur,
1645 4003 1700 4050 et
1728 3995 1804 4049 illi
1837 4005 2020 4051 tamen

429 4085 485 4138 in
513 4087 719 4138 honore
743 4083 1029 4155 virginitas
1057 4085 1425 4139 anteferretur
1450 4095 1646 4156 ;atque
1674 4086 1750 4141 ita
1778 4089 2018 4144 humana

425 4179 602 4232 forma
624 4188 904 4248 assumpta
919 4179 984 4233 ad
1011 4193 1107 4233 nos
1135 4180 1480 4251 progreditur
1509 4195 1676 4234 unum
1701 4197 1766 4235 ex
1803 4182 2020 4242 duobus

422 4269 736 4334 contrariis,
766 4284 932 4323 carne
957 4279 1010 4322 et
1035 4269 1252 4339 spiritu,
1289 4279 1571 4334 constans,
1627 4287 1862 4342 quorum
1929 4275 2019 4333 hic.

421 4363 760 4418 divinitatem
799 4362 1095 4430 tribuebat,
1127 4362 1214 4416 illa
1259 4363 1547 4419 divinitate
1577 4367 1917 4425 alliciebatur
1946 4374 2018 4442 (0

424 4471 617 4511 noram
649 4456 977 4511 mistioneml
1019 4471 1050 4510 ο
1079 4457 1522 4526 conjunctionem
1555 4460 1929 4518 admirabilem
1959 4467 1972 4520 ἰ
1997 4465 2018 4536 )
2045 4507 2100 4569 D

419 4549 535 4615 Lle,
560 4550 649 4619 qui
667 4550 1245 4616 esteil‘ector,etiicitur
1267 4575 1282 4625 ;
1305 4554 1396 4627 qui
1423 4565 1638 4613 creator
1653 4567 1757 4626 est,
1778 4568 2016 4628 creatur;

417 4643 510 4712 qui
541 4646 928 4715 comprehendi
962 4663 1070 4703 non
1103 4657 1300 4720 potest,
1340 4651 1560 4707 vinculo
1580 4653 1808 4709 humani
1847 4653 2018 4710 animi

417 4737 760 4794 divinitatem
783 4748 836 4793 et
858 4742 1042 4796 carnis
1075 4745 1492 4803 crassitudinem
1545 4748 1841 4817 copulante
1863 4764 2017 4804 com—

417 4833 799 4901 prehenditur.
855 4834 956 4900 Qui
1017 4836 1154 4890 ditat
1197 4838 1366 4902 alios,
1418 4855 1626 4909 pauper
1689 4840 1771 4895 fit.
1818 4840 2015 4898 Carnis

418 4926 560 4979 enim
579 4941 709 4980 mea:
731 4937 1104 4997 paupertatem
1133 4931 1501 5000 amplectitur,
1521 4942 1576 4986 ut
1594 4949 1696 5005 ego
1715 4933 2014 4992 divinitatis

418 5019 538 5086 ejus
559 5018 774 5074 divitias
821 5034 1096 5083 assequar.
1157 5022 1261 5090 Qui
1289 5025 1480 5092 plenus
1531 5036 1635 5092 cst,
1674 5027 2011 5095 exinanitur,

414 5126 714 5182 parumper
743 5113 888 5167 enim
910 5115 1136 5184 gloriam
1172 5131 1324 5171 suam
1349 5117 1482 5172 sinit
1512 5119 1812 5186 exhauriri,
1837 5131 2010 5193 utego

418 5204 774 5271 plenitudinis
796 5204 915 5273 ejus
946 5208 1218 5277 particeps
1235 5208 1728 5275 eiliciar.Quacnam
1756 5223 1886 5268 sunt
1927 5218 2009 5271 hae

2126 3257 2291 3328 νοερᾷ
2337 3257 2424 3310 διὰ
2455 3255 2554 3328 τὴν
2601 3253 2743 3325 ἐμὴν
2785 3251 2968 3324 ψυχὴν
3008 3251 3288 3321 μίγνυται,
3330 3251 3410 3320 τῷ
3461 3247 3632 3318 ὁμοίῳ
3659 3246 3726 3300 τδ

2126 3350 2314 3420 ὅμοιον
2358 3347 2771 3418 ἀνακαθαίρων,
2811 3346 2904 3398 καὶ
2950 3347 3129 3398 πάντα
3171 3344 3404 3411 γίνεται,
3449 3339 3591 3410 πλὴν
3618 3341 3724 3408 τῆς

2125 3441 2423 3513 ἁμαρτίας,
2448 3440 2759 3512 ἄνθρωπος,
2794 3438 3020 3509 κυηθεὶς
3057 3436 3156 3507 μὲν
3185 3437 3247 3487 ὲκ
3279 3433 3378 3504 τῆς
3412 3431 3721 3500 Παρθένου,

2126 3539 2220 3591 κιί
2250 3536 2431 3608 ψυχὴν
2460 3535 2555 3590 καὶ
2588 3535 2768 3604 σάρκα
2793 3531 3278 3604 προκαθαρθείσης
3308 3528 3388 3598 τῷ
3412 3526 3720 3595 Πνεύματι.

2129 3629 2281 3683 Ἔδει
2318 3629 2428 3698 γὰρ
2483 3627 2581 3682 καὶ
2625 3627 2886 3696 γέννησιν
2921 3624 3242 3696 τιμηθῆναι,
3288 3621 3385 3675 καὶ
3417 3617 3722 3690 παρθενίαν

2126 3723 2562 3795 προτιμηθῆναι.
2599 3720 2890 3792 Προελθὼν
2917 3718 2976 3771 δὲ
3010 3718 3143 3781 Θεὸς
3176 3716 3314 3785 μετὰ
3348 3715 3447 3784 τῆς
3473 3710 3718 3784 προσλήο

2123 3818 2294 3886 ψεως,
2329 3815 2388 3869 ἓν
2430 3818 2494 3870 ὲκ
2531 3814 2628 3868 δύο
2669 3813 2781 3867 τῶν
2813 3813 3098 3874 ἐναντίων,
3150 3809 3356 3879 σαρκὸς
3415 3808 3511 3860 καὶ
3551 3802 3720 3857 πνεύ-
3820 3883 3823 3885 _

2129 3927 2322 3982 ματος,
2351 3903 2428 3963 ὧν
2457 3908 2518 3961 τὸ
2549 3907 2649 3978 μὲν
2694 3905 2917 3968 ἐθέωσε,
2946 3904 3009 3957 τὸ
3039 3903 3096 3956 δὲ
3129 3901 3334 3968 ὲθεὼθη
3369 3899 3437 3971 (ὣ
3471 3901 3573 3968 τῆς
3595 3912 3724 3948 και-

2123 4003 2221 4074 νῆς
2250 4000 2474 4074 μίξεως,
2506 3999 2668 4070 ὣτῆς
2696 3997 3004 4070 παραδόξου
3038 3997 3289 4066 κράσεως
3309 3996 3374 4063 ἰ),
3411 3993 3440 4044 6
3471 3992 3548 4045 ὢν
3576 3991 3724 4060 γίνεο

2121 4113 2236 4161 ται,
2260 4096 2354 4149 καὶ
2385 4096 2412 4147 6
2438 4094 2693 4155 άκτιστος
2730 4091 2996 4156 κτίζεται,
3033 4088 3128 4143 καί⁵
3155 4090 3184 4140 6
3212 4087 3497 4158 άχώρητος
3517 4085 3722 4154 χωρεῖ-

2123 4206 2216 4242 τσι
2257 4187 2349 4241 διὰ
2397 4187 2568 4257 μέσης
2605 4185 2784 4256 ψυχῆς
2833 4186 3029 4255 νοερᾶς
3063 4179 3461 4253 μεσιτευούσης
3501 4177 3721 4245 θεότητι

2125 4285 2222 4336 καὶ
2271 4279 2479 4351 σαρκὸς
2516 4278 2816 4348 παχύτητι,
2862 4279 2960 4332 καὶ
2999 4280 3026 4331 ὁ
3058 4274 3363 4337 πλουτίζων
3404 4269 3719 4342 πτωχεύει·

2126 4373 2400 4444 πτωχεύει
2439 4371 2549 4441 γὰρ
2589 4372 2690 4440 τὴν
2731 4371 2876 4441 ιμήν
2918 4371 3122 4440 σάρκα,
3171 4368 3238 4422 ἵν’
3274 4365 3388 4436 ἐγὼ
3420 4364 3721 4433 πλουτήσω

2124 4469 2224 4540 τὴν
2254 4465 2421 4522 αὐτοῦ
2459 4463 2720 4535 θεότητα.
2763 4465 2874 4520 Καὶ
2903 4465 2933 4518 6
2970 4465 3189 4536 πλήρης
3209 4461 3498 4524 κενοῢται·
3533 4458 3720 4512 κενοῦ-

2126 4579 2218 4615 ται
2256 4564 2364 4631 γὰρ
2393 4561 2493 4632 τῆς
2534 4559 2730 4613 ἑαυτοῦ
2760 4558 2920 4628 δόξης
2969 4560 3062 4612 imi
3113 4557 3332 4628 μικρὸν,
3371 4555 3440 4608 ἵν’
3473 4553 3584 4621 ἐγὼ
3615 4553 3719 4621 τῆς

2121 4652 2336 4707 ἐκείνου
2383 4650 2682 4723 μεταλάσω
2723 4649 3082 4720 πληρώσεως.
3139 4651 3309 4720 Τίςιό
3355 4647 3585 4710 πλοῦτος
3616 4648 3720 4717 τῆς

2121 4749 2500 4818 ἀγαθάτητος;
2533 4747 2598 4799 Τί
2638 4747 2700 4800 τὸ
2730 4746 2862 4816 περὶ
2893 4746 2992 4815 ἐμὲ
3016 4747 3176 4799 τοῦτο
3197 4745 3533 4816 μυστήριον;
3565 4744 3718 4797 Μετ-

2121 4841 2317 4897 έλαϐον
2343 4841 2447 4910 τῆς
2480 4841 2711 4904 εἰκόνος,
2741 4840 2836 4894 καὶ
2879 4841 2981 4893 οὐκ
3019 4838 3287 4908 ἐφύλαξα.
3341 4835 3719 4907 Μεταλαμόά-

2123 4955 2208 4992 νει
2231 4936 2332 5006 τῆς
2374 4934 2524 5005 ἐμῆς
2561 4934 2788 5003 σαρκὸς,
2820 4933 2908 4988 ῖνα
2935 4934 3032 4986 καὶ
3061 4932 3160 5002 τὴν
3188 4932 3376 4985 εἰκόνα
3417 4929 3588 5000 σώσῃ,
3619 4929 3719 4982 καὶ

2122 5031 2223 5102 τὴν
2269 5030 2452 5100 σάρκα
2504 5027 2831 5099 άθανατίσῃ.
2889 5028 3164 5097 Δευτέραν
3213 5028 3464 5078 κοινωνεί
3520 5039 3719 5076 κοινω-

2123 5125 2244 5179 νίαν
2274 5122 2412 5175 πολὺ
2451 5122 2551 5191 τῆς
2597 5122 2874 5193 προτέρας
2916 5117 3380 5190 παραδοξοτέραν,
3435 5116 3546 5182 ὅσῳ
3586 5113 3715 5166 τότε

2124 5217 2226 5288 μὲν
2265 5213 2359 5269 τοῦ
2387 5215 2703 5285 κρείττονος
2743 5213 3041 5283 μετέδωκε,
3075 5210 3170 5266 νῦν
3201 5209 3256 5262 δὲ
3302 5205 3714 5279 μεταλαμϐάνει

415 5297 677 5354 bonitatis
712 5297 918 5355 divitiae
947 5300 970 5352 ἰ
997 5298 1284 5367 Quodnam
1337 5301 1482 5356 circa
1539 5319 1625 5358 me
1683 5307 2002 5376 mysterium

2127 5309 2208 5364 ιοῦ
2239 5309 2505 5380 χείρονος.

414 5403 636 5461 apparet
671 5392 1333 5465 ?Egoimaginem,eujus
1355 5397 1625 5465 particeps
1650 5399 1824 5455 factus
1877 5417 2050 5468 eram,
2094 5421 2204 5460 non
2223 5401 2795 5460 scrvavi.|llecarnem
2851 5414 3026 5455 meam
3077 5399 3396 5469 suscipit,ut
3434 5392 3710 5462 etimagi~

413 5502 535 5538 nun
583 5496 789 5552 servet,
825 5496 879 5542 et
907 5504 1128 5544 carnem
1165 5490 1353 5546 reddat
1377 5491 1765 5548 immortalem.
1817 5496 2060 5553 Alteram
2121 5499 2223 5554 init
2279 5498 2596 5553 societatem
2629 5496 2810 5565 priore
2864 5495 3124 5549 societate
3163 5471 3231 5547 co
3281 5491 3503 5560 quidem
3545 5491 3709 5558 longe

409 5577 894 5647 admirabiliorem,
928 5582 1074 5650 quod
1109 5583 1166 5640 in
1198 5583 1404 5652 priore,
1439 5588 1789 5654 praestantius
1817 5592 1959 5658 quod
1999 5603 2140 5659 erat,
2165 5590 2636 5655 communicavit;
2675 5590 2729 5643 in
2755 5588 3079 5660 posteriore,
3114 5587 3260 5660 quod
3285 5587 3530 5643 deterius
3559 5596 3702 5640 erat:

410 5671 640 5738 accepit.

782 5765 1036 5834 Ejusdem
1079 5772 1133 5825 in
1161 5771 1358 5829 Sancta
1380 5775 1631 5833 Lumina.

476 5853 612 5909 Nam
637 5855 765 5924 quia
788 5858 1003 5916 malitiae
1024 5861 1301 5934 inventor,
1327 5866 1418 5937 qui
1448 5868 1786 5928 seinvictutn
1810 5873 2000 5929 existi-

2124 5781 2239 5834 Τοῦ
2271 5780 2460 5835 αὐτοῦ
2502 5779 2569 5832 ἐκ
2604 5777 2709 5833 τοῦ
2742 5779 2929 5848 λόγου
2962 5777 3066 5832 τοῦ
3099 5780 3185 5844 εἰς
3239 5777 3308 5831 τὰ
3338 5778 3478 5848 ἅγια
3510 5777 3701 5833 Mra.

2201 5872 2420 5944 Ἐπειδὴ
2465 5873 2576 5944 γὰρ
2607 5870 2746 5942 ᾤετο
2794 5872 3062 5945 ἀήττητος
3119 5868 3258 5928 εἶναι
3300 5875 3401 5945 τῆς
3443 5872 3641 5936 κακίας
3673 5873 3703 5925 6
