4126 6404
491 334 601 400 215

1724 341 2114 405 EUTHYMEI
2162 343 2529 408 ZIGABENI

3660 349 3764 417 216

489 460 583 509 no,
611 444 873 501 molestiis
898 444 1155 502 atiectum
1175 424 1319 511 esse,
1351 446 1711 525 lacryma’sse,
1733 451 2056 516 calumnias,

2169 472 2274 521 σιν,
2311 455 2519 526 βρῶσίν
2562 474 2620 510 τε
2692 458 2786 513 καὶ
2821 457 2999 525 πόσιν,
3054 455 3151 511 καὶ
3182 456 3370 525 κόπον,
3426 459 3521 513 καὶ
3566 459 3759 528 ὕπνον,

484 536 772 604 judicium,
805 550 1025 591 crucem
1080 550 1145 591 ac
1176 546 1407 605 mortem
1435 538 1605 593 fuisse
1632 554 1980 612 perpessum,
2007 540 2063 593 in

488 630 848 700 sepulcroqne
898 629 1159 701 positum.
1220 631 1347 689 Haec
1396 633 1571 701 enim,
1630 650 1753 706 qua:
1803 635 2064 706 mysterio

486 724 1049 792 comprehenduntur,
1078 725 1293 782 animos
1319 742 1533 793 eorum,
1581 727 1675 798 qui
1733 735 1862 783 sunt
1914 726 2067 781 inﬁr—

488 816 690 872 miorcs
727 819 778 871 in
817 817 938 886 ﬁde,
992 819 1282 875 debilitant
1335 819 1778 893 infringuntque,
1840 834 1911 875 ne
1952 819 2061 884 illa,

387 963 390 965 Α
486 919 609 972 quae
630 906 888 977 deinceps
925 918 1258 978 sequuntur,
1313 920 1533 981 propter
1592 926 1677 976 ea,
1734 925 1855 980 qua:
1917 909 2062 964 dicta

384 1038 389 1044 .
485 1006 633 1060 sunt,
668 999 986 1068 suscipiant.
1017 1000 1153 1056 Nam
1191 1001 1300 1057 Deo
1328 1002 1551 1074 dignam
1583 1018 1648 1058 ex
1684 1001 1876 1058 inferis
1914 999 2065 1057 exci-

489 1092 745 1143 tationem
794 1091 923 1146 ideo
944 1108 1054 1148 non
1086 1094 1417 1162 concedunt,
1447 1111 1518 1151 ne
1550 1103 1781 1151 mortem
1814 1093 1927 1149 Deo
1953 1095 2065 1148 ~in-

482 1178 700 1249 dignam
733 1181 1045 1240 admittant.
1076 1185 1193 1258 Ego
1226 1202 1356 1243 vero
1376 1188 1512 1259 illud
1532 1188 1671 1243 mihi
1694 1185 2065 1257 priust‘acien-

481 1270 610 1324 dntn
634 1279 784 1340 puto,
822 1283 882 1327 ut
905 1276 1179 1347 paulisper
1204 1294 1234 1332 a
1287 1294 1468 1334 crassa
1491 1280 1673 1334 carnis
1730 1276 2063 1333 hebetudine

481 1362 763 1431 recedam,
812 1374 868 1419 et
907 1368 1198 1423 honestum
1226 1368 1406 1440 ipsum
1444 1386 1541 1438 per
1579 1385 1640 1425 se
1689 1369 2060 1436 considerem,

481 1457 878 1527 ostendamque
900 1474 1008 1513 non
1038 1475 1158 1515 csse
1187 1459 1478 1531 ejusmodi,
1513 1470 1572 1517 ut
1597 1462 1685 1516 bis
1710 1461 1878 1524 notis.
1938 1460 2063 1531 qui-

482 1549 584 1601 bus
616 1561 803 1602 earum
829 1556 1058 1619 utraque
1087 1550 1447 1606 describatur.
1511 1550 1795 1607 Neminem
1848 1568 2060 1616 eorum,

480 1640 572 1708 qui
597 1640 712 1693 sani
762 1648 910 1709 sunt,
974 1651 1295 1712 negaturum
1363 1644 1640 1709 existimo,
1701 1660 1868 1701 unum
1929 1646 2062 1701 illud

479 1730 706 1785 omnino
726 1745 847 1787 esse
893 1731 1151 1800 dedecus,
1198 1750 1428 1799 eamque
1451 1751 1612 1790 unam
1644 1736 2058 1806 turpitudinem,

480 1836 601 1889 quae
636 1821 752 1875 vitii
801 1821 1047 1878 tarditate
1074 1823 1357 1892 delinitur,
1400 1841 1428 1879 a
1461 1841 1567 1895 qua
1615 1827 1880 1896 quidquid
1930 1829 2061 1882 alie-

480 1928 609 1966 num
642 1913 732 1976 sit,
765 1912 820 1967 id
871 1916 939 1968 ab
978 1915 1131 1969 omni
1181 1925 1449 1971 remotum
1493 1932 1617 1974 esse
1674 1919 1943 1975 dedecore
1995 1935 2060 1975 ac

483 2003 818 2072 turpitudine
855 2020 869 2056 :
904 2004 1075 2060 Deum
1098 2022 1227 2062 vero
1258 2018 1456 2064 cuncta
1489 2010 1704 2076 decere,
1739 2027 1859 2082 qua:
1889 2013 1943 2067 in
1966 2029 2056 2068 re-

478 2095 638 2161 gione
676 2105 977 2153 cernuntur
1001 2099 1329 2157 honestatis.
1363 2101 1495 2166 Qum
1527 2117 1649 2157 cum
1679 2103 1751 2158 ita
1777 2103 1910 2169 sint,
1964 2115 2061 2160 aut

479 2188 671 2243 vitium
696 2204 819 2244 esse
880 2189 1288 2261 demonstrent,
1338 2195 1511 2261 nasci,
1580 2196 1799 2259 nutriri.
1851 2199 2056 2268 augeri,

475 2280 542 2333 ad
579 2292 788 2337 natura:
836 2282 1230 2353 perfectionem
1274 2286 1552 2357 progredi,
1595 2290 1754 2353 mori,
1820 2290 2060 2348 reviviso

474 2386 600 2426 cere
631 2391 644 2426 :
679 2380 772 2428 aut
801 2372 847 2429 si
901 2391 1023 2446 quae
1051 2376 1192 2434 dicta
1255 2386 1405 2446 sunt,
1449 2394 1479 2434 a
1513 2379 1645 2435 vitio
1678 2391 1885 2437 remota
1939 2398 2060 2438 esse

474 2465 804 2531 concedunt,
848 2468 1160 2524 necessario
1192 2485 1301 2525 non
1351 2486 1473 2527 esse
1519 2473 1697 2542 turpia
1765 2473 2057 2529 fateantur.

474 2555 611 2610 Cum
638 2557 803 2625 igitur
829 2557 1166 2616 declaratum
1227 2562 1319 2624 sit,
1384 2563 1613 2619 honesta
1641 2579 1784 2629 esse,
1844 2581 1965 2636 qua:
1990 2567 2061 2622 ab

475 2647 626 2700 omni
654 2648 904 2706 fteditate
936 2650 1056 2706 vitii
1080 2652 1399 2718 abhorrent,
1455 2669 1636 2710 nonne
1694 2663 1753 2711 ut
1811 2665 2062 2713 amentes

477 2740 770 2798 miserandi
801 2752 948 2811 sunt,
981 2746 1074 2815 qui
1106 2744 1335 2802 honesta
1362 2747 1474 2803 Deo
1502 2758 1755 2805 asserunt
1798 2765 1906 2806 non
1938 2767 2063 2807 con-

472 2828 799 2887 venireiAt
823 2831 1082 2900 humana,
1115 2834 1383 2906 inquient,
1439 2848 1631 2894 natura
1694 2839 1903 2912 exiguis
1953 2851 2063 2898 ter-

473 2921 637 2978 minis
671 2923 1163 2993 circumscribitur,
1228 2927 1371 2984 Deus
1414 2940 1595 2987 autem
1639 2942 1724 2988 est
1785 2933 2057 2991 infinitus.

474 3014 727 3080 Quonam
781 3018 946 3091 igitur
973 3031 1135 3092 pacto
1161 3025 1306 3093 quod
1361 3026 1631 3082 inﬁnitum
1699 3038 1802 3098 est,
1862 3032 2060 3087 indivi-

2170 548 2266 601 καὶ
2300 548 2515 620 λύπην,
2547 551 2642 605 καὶ
2668 549 2903 623 δάκρυον
2924 590 2940 617 ,
2986 549 3350 619 συκοφαντίαν
3384 554 3444 604 τὲ
3479 551 3573 604 καὶ
3601 551 3763 606 δικα-

2171 640 2417 711 στήριον,
2455 641 2690 712 σταυρὸν
2722 641 2820 696 καὶ
2856 641 3111 709 θάνατον,
3144 642 3242 695 καὶ
3279 640 3379 712 τὴν
3414 642 3471 695 ἑν
3505 642 3762 712 μνημείῳ

2169 732 2339 787 θέσιν.
2374 733 2559 788 Ταῦτα
2597 732 2707 806 γάρ
2735 733 3400 806 συμπαραλαμϐανόμενα
3432 734 3512 804 τῷ
3543 751 3760 804 μυστη-

2169 825 2290 893 ρίῳ,
2314 825 2582 893 ἀμϐλύνει
2614 843 2734 890 πως
2758 826 2870 880 τῶν
2900 826 3405 898 μικροψυχωτέρων
3423 825 3525 897 τὴν
3547 826 3757 890 πίστιν,

2164 913 2240 977 ὡς
2276 914 2409 984 μηδὲ
2436 914 2507 968 τά
2535 913 2734 986 ἐφεξῆς
2762 916 2872 969 τῶν
2903 916 3215 986 λεγομένων
3262 915 3351 970 διὰ
3402 915 3473 968 τά
3505 931 3763 985 προειρη-

2170 1006 2308 1076 μένα
2367 1006 2910 1079 συμπαραδέχεσθαι.
2974 1007 3049 1062 Τὸ
3106 1007 3249 1078 γὰρ·
3285 1007 3592 1078 θεοπρεπὲς
3652 1007 3760 1077 τῆς

2164 1100 2231 1154 ὲκ
2279 1100 2489 1169 νεκρῶν
2531 1100 2888 1164 ἀναστάσεως
2943 1100 3034 1156 διὰ
3082 1100 3145 1154 τὸ
3194 1100 3324 1172 περὶ
3373 1099 3464 1153 τὸν
3523 1098 3759 1154 θάνατον

2166 1192 2416 1263 ἀπρεπὲς
2463 1193 2525 1246 ού
2578 1192 2917 1263 προσίενται.
2978 1191 3122 1273 ξΕγὼ
3166 1192 3228 1247 δὲ
3270 1192 3546 1262 πρότερον
3593 1187 3759 1257 οἶμαι

2152 1283 2277 1338 δεῖν
2321 1284 2520 1354 μικρὸν
2553 1285 2653 1354 τῆς
2694 1283 2966 1355 σαρκικῆς
3001 1283 3329 1353 παχύτητος
3355 1283 3450 1336 τδν
3489 1282 3760 1352 λογισμὸν

2165 1377 2607 1448 άποστήσαντας,
2635 1376 2769 1432 αὐτὸ
2791 1376 2853 1430 τὸ
2881 1377 3050 1432 καλὸν
3078 1377 3165 1446 ἐφ’
3197 1376 3420 1443 ἑαυτοῦ,
3453 1376 3550 1430 καὶ
3578 1375 3643 1429 τὸ
3677 1374 3760 1444 μὴ

2162 1469 2405 1524 τοιοῦτον
2444 1469 2781 1539 κατανοῆσαι
2828 1469 3008 1532 ποίοις
3050 1469 3436 1538 γνωρίσμασιν
3489 1466 3762 1535 ἑκάτερον

2164 1556 2370 1613 τούτων
2401 1557 2906 1631 καταλαμϐάνεται.
2938 1558 3146 1612 Οὐδένα
3169 1557 3281 1628 γάρ
3310 1558 3565 1629 ἀντερεῖν
3595 1551 3759 1625 οἶμαι

2164 1651 2275 1705 τῶν
2301 1650 2698 1722 λελογισμένων
2721 1652 2805 1706 ὅτι
2834 1653 2892 1709 ἓν
2920 1650 3065 1705 κατά
3096 1650 3260 1719 φύσιν
3289 1648 3450 1719 μόνον
3479 1647 3588 1701 τῶν
3616 1648 3765 1701 πάν-

2164 1760 2274 1797 των
2304 1743 2530 1815 αἰσχρόν
2559 1745 2701 1810 ἔστι,
2738 1743 2800 1799 τδ
2832 1744 2977 1799 κατὰ
3005 1743 3209 1798 κακίαν
3243 1740 3438 1804 πάθος.
3470 1741 3544 1794 Τὸ
3572 1740 3627 1793 δὲ
3653 1754 3762 1795 κα-

2165 1835 2293 1899 κίας
2330 1835 2485 1899 ἐκτὸς
2520 1836 2720 1899 παντὸς
2753 1834 2978 1907 αἴσχους
3000 1834 3154 1889 ἐστὶν
3185 1833 3493 1903 ἀλλότριον.
3538 1831 3758 1900 Πρέπει

2160 1928 2218 1983 δὲ
2258 1928 2377 2001 Θεῷ
2398 1930 2509 1983 πᾶν
2537 1929 2566 1982 ὅ
2590 1946 2643 1985 τι
2670 1946 2776 1999 περ
2801 1930 2867 1983 ἂν
2917 1930 2979 1983 εν
3024 1932 3091 2000 τῇ
3119 1927 3215 1982 τοῦ
3262 1925 3432 1983 καλοῦ
3463 1926 3760 1997 θεωρεῖται

2161 2022 2417 2095 χώρᾳ.Ἧ
2439 2021 2621 2076 τοίνυν
2650 2023 2992 2089 δειξάτωσαν
3022 2021 3218 2075 κακίαν
3248 2015 3392 2072 εἶναι
3416 2018 3519 2088 τὴν
3550 2021 3758 2087 γέννη-

2164 2132 2272 2177 σιν,
2293 2112 2393 2185 τὴν
2414 2113 2745 2184 ἀνατροφὴν,
2765 2113 2865 2183 τὴν
2887 2111 3140 2182 αὕξησιν,
3170 2110 3275 2180 τὴν
3302 2109 3444 2180 πρὸς
3464 2106 3526 2161 τὺ
3546 2108 3759 2161 τέλειον

2161 2207 2258 2277 τῆς
2287 2204 2504 2275 φύσεως
2539 2205 2766 2277 πρόοδον
2787 2246 2802 2272 ,
2835 2203 2936 2276 τὴν
2972 2201 3066 2257 τοῦ
3104 2201 3339 2257 θανάτου
3374 2201 3609 2270 πεῖραν,
3647 2197 3761 2268 τὴν

2163 2302 2227 2353 ὲκ
2268 2298 2363 2352 τοῦ
2408 2298 2643 2351 θανάτου
2670 2296 2952 2362 ἐπάνοδον,
2982 2295 3039 2365 ἢ,
3071 2296 3119 2349 εἰ
3150 2292 3254 2362 ἔξω
3283 2290 3484 2354 κακίας
3517 2288 3654 2344 εἶναι
3681 2288 3756 2344 τὰ

2163 2392 2433 2463 εἰρημένα
2464 2390 2822 2457 συντίθενται,
2859 2388 3013 2443 οὐδὲν
3042 2386 3269 2457 αἰσχρὸν
3293 2378 3434 2438 εἶναι
3455 2382 3518 2436 τὸ
3546 2380 3756 2445 κακίας

2162 2485 2442 2554 ἀλλότριον
2472 2483 2533 2549 ἐξ
2563 2482 2812 2552 ἀνάγκης
2841 2480 3269 2550 ὁμολογήσουσι.
3304 2472 3492 2531 Καλοῦ
3521 2471 3580 2527 δὲ
3613 2471 3761 2525 πάν-

2164 2597 2271 2642 τως
2300 2577 2764 2648 ἀναδεικνυμένου
2793 2574 2889 2629 τοῦ
2922 2574 3104 2644 πάσης
3132 2571 3495 2641 αἰσχρότητος
3527 2567 3620 2620 καὶ
3647 2581 3760 2619 κα-

2165 2672 2291 2735 κίας
2310 2669 2763 2741 ἀπηλλαγμένου,
2792 2666 3041 2731 πῶςούκ
3070 2664 3294 2718 ὲλεεινοὶ
3314 2662 3413 2733 τῆς
3439 2657 3668 2728 ἀλογίας
3697 2655 3756 2710 οἱ

2164 2766 2227 2819 τὸ
2281 2762 2456 2816 κακὸν
2515 2761 2589 2831 μὴ
2645 2759 2876 2830 πρέπειν
2933 2757 3030 2811 ἐπὶ
3081 2756 3218 2809 Θεοῦ
3271 2751 3751 2823 δογματίζοντεςς

2177 2855 2343 2910 Ἀλλά
2404 2853 2624 2925 μικρὸν,
2678 2854 2849 2923 φησὶ,
2902 2853 2999 2905 καὶ
3050 2846 3496 2918 εὐπερίγραπτον
3547 2843 3581 2912 ἡ
3647 2840 3753 2893 ἀνα

2165 2948 2412 3022 θρωπίνη
2451 2946 2638 3016 φύσις,
2673 2945 2902 3017 ἄπειρον
2932 2943 2995 3035 δὲ,
3029 2942 3064 3013 ἡ
3122 2940 3336 3035 θεότηςῖ
3377 2937 3508 3035 ’Καί
3538 2931 3753 3035 artic-bu

2167 3039 2508 3113 περιελήφθη
2533 3037 2612 3110 τῷ
2645 3037 2835 3108 ἀτόμῳ
2880 3035 2944 3090 τὸ
2967 3034 3239 3105 ἄπειρον;
3292 3030 3401 3084 Καὶ
3454 3026 3540 3091 τίς
3589 3023 3753 3078 τοῦτό

472 3106 582 3161 duo
609 3112 937 3181 corpuscqu
968 3115 1367 3172 concludatur?
1400 3118 1603 3189 Ecquis
1656 3120 1809 3188 dicit,
1865 3122 2051 3178 inlini-

2162 3106 2350 3204 φησιν,
2380 3106 2599 3202 τῇ
2653 3106 2972 3202 περιγραφῇ
3023 3126 3125 3196 τῆς
3184 3121 3423 3194 σαρκὸς,
3484 3118 3742 3204 καθάπερ

475 3210 584 3253 tam
606 3200 913 3260 divinitatis
978 3206 1088 3262 vim
1152 3223 1319 3265 carne
1365 3219 1622 3282 tanquam
1680 3229 1815 3271 vare
1871 3215 2056 3285 aliquo

471 3292 945 3367 circumscriptam
973 3297 1164 3368 fuisse,
1238 3317 1364 3358 cum
1394 3319 1465 3359 ne
1490 3305 1546 3359 in
1579 3316 1773 3363 natura
1827 3309 2051 3379 quidem

469 3395 658 3442 nostra
696 3402 854 3444 mens
887 3390 1005 3461 ipsa
1025 3394 1209 3449 carnis
1235 3396 1496 3453 terminis.
1515 3398 2054 3459 circumscribatur?

470 3480 605 3536 Nam
662 3482 914 3553 corporis
945 3485 1119 3541 moles
1183 3490 1419 3560 propriis
1470 3493 1719 3562 partibus
1774 3496 2053 3562 deﬁnitur,

471 3571 689 3629 animus
706 3583 891 3630 autem
917 3576 1118 3631 mentis
1148 3577 1606 3652 cogitationisque
1637 3583 1880 3640 motibus
1902 3601 2055 3641 com-

470 3680 658 3721 means
693 3682 791 3737 per
823 3682 1019 3724 omnes
1048 3685 1139 3726 res
1194 3683 1511 3742 procreatas
1561 3677 1827 3746 aii-caelos
1881 3695 2057 3749 usque

469 3759 813 3825 conscendit,
842 3760 909 3817 ad
941 3760 1159 3818 infimas
1187 3766 1356 3822 maris
1375 3775 1560 3836 partes
1581 3778 1856 3839 penetrat,
1892 3771 2054 3845 longe

471 3853 688 3922 lateque
718 3868 818 3922 per
842 3861 1015 3911 totum
1045 3856 1236 3912 orbem
1275 3869 1561 3931 evagatur,
1585 3870 1640 3916 et
1674 3863 1743 3919 ad
1793 3880 1880 3930 ea,
1932 3881 2056 3932 quae

468 3942 571 3999 sub
599 3952 891 4001 terrasunt
907 3947 1118 4003 accedit
1142 3950 1364 4007 solertia
1390 3965 1510 4016 sua,
1541 3954 1843 4022 quinetiam
1862 3971 2053 4013 eorum

469 4052 593 4102 quae
623 4053 790 4105 supra
818 4043 988 4097 caelos
1007 4050 1297 4114 geruntur,
1352 4044 1766 4118 intelligentiam
1813 4050 2057 4120 plerum-

468 4145 577 4199 que
616 4133 991 4202 consequitur,
1053 4150 1153 4190 nec
1186 4136 1428 4207 pondere
1458 4140 2049 4211 corporisimpeditur.

468 4224 623 4289 Quod
650 4225 696 4280 si
721 4225 937 4282 animus
969 4228 1227 4296 hominis,
1245 4240 1457 4286 natum
1480 4232 1809 4290 necessitate
1838 4235 2052 4305 corpori

466 4316 820 4384 conjunctus,
850 4317 1051 4388 ubique
1074 4328 1179 4384 est,
1208 4319 1339 4388 quid
1374 4321 1520 4390 cogit
1552 4337 1654 4378 nos
1681 4322 1887 4389 dicere,
1920 4340 2055 4392 car-

468 4411 558 4465 nis
583 4419 782 4464 natura
813 4411 1158 4467 divinitatem
1193 4413 1519 4484 praepediri?
1562 4431 1665 4471 cur
1705 4433 1816 4473 non
1870 4420 2053 4488 potius

438 4500 658 4556 eorum
683 4502 954 4572 exemplo.
996 4518 1118 4572 quae
1167 4473 1329 4560 nobis
1387 4519 1651 4562 concessa
1689 4517 1841 4571 sunt,
2086 4473 2130 4528 υ

466 4591 709 4646 divinam
736 4590 930 4645 deceat
964 4589 1405 4661 dispositionem,
1450 4595 1779 4664 conjicimus
1810 4607 1869 4652 et
1899 4598 2051 4669 cogi-

469 4682 686 4737 tamus?
718 4681 874 4737 Sicut
904 4683 1050 4738 enim
1084 4682 1138 4738 in
1159 4683 1384 4742 lucerna
1412 4688 1694 4743 materiam
1724 4690 2050 4761 circumple-

469 4788 600 4827 xum
635 4773 819 4843 ignem
880 4774 1198 4844 aspicimus,
1251 4792 1491 4847 eumque
1537 4792 1566 4832 a
1624 4782 1876 4846 materia,
1924 4797 2050 4852 qum

470 4863 649 4932 ipsum
685 4863 926 4934 attingit,
956 4865 1169 4921 ratione
1202 4868 1615 4940 distinguimus,
1673 4887 1798 4941 quae
1863 4883 2046 4930 tamen

466 4969 528 5009 re
558 4958 676 5025 ipsa
709 4955 975 5027 distingui
1002 4972 1108 5012 non
1136 4968 1388 5029 possunt,
1425 4970 1486 5016 ut
1506 4960 1723 5018 ﬂamma
1773 4978 1872 5035 per
1919 4978 1980 5020 se
2015 4980 2048 5020 a

480 5046 704 5102 materia
738 5048 989 5117 sejuncta
1045 5051 1389 5120 ostendatur,
1423 5053 1520 5109 sed
1581 5064 1817 5125 utraque
1870 5071 2047 5112 unum

464 5141 591 5209 εει(
616 5141 799 5195 nullus
831 5151 1013 5197 autem
1040 5144 1094 5199 id
1132 5146 1268 5201 mibi
1312 5156 1497 5215 sumat
1539 5147 1594 5202 in
1621 5148 1728 5204 hoc
1767 5149 2045 5221 exemplo,

466 5233 611 5301 quod
644 5231 786 5304 ignis
810 5247 1215 5307 corrumpatur,
1252 5239 1350 5295 sed
1399 5238 1454 5295 id
1500 5239 1675 5295 solum
1747 5242 2045 5312 accipiens,

463 5326 608 5396 quod
632 5325 977 5383 similitudini
1008 5329 1288 5396 convenit,
1321 5346 1444 5400 quae
1470 5331 1539 5385 ab
1573 5346 1639 5387 ea
1685 5318 1819 5389 sunt
1867 5333 2046 5390 aliena

464 5418 914 5491 repudiet),quid
962 5422 1237 5490 prohibet,
1287 5426 1422 5494 quin
1444 5425 1636 5481 eodem
1695 5426 1880 5491 modo,
1936 5442 2048 5497 quo

465 5512 744 5568 cernimus
760 5513 1033 5568 ﬂammam
1065 5517 1335 5586 attingere
1387 5517 1693 5588 subjectum
1723 5518 2034 5585 materiam,

372 5656 383 5667 ,
464 5600 641 5654 necin
666 5616 731 5656 ea
773 5611 956 5658 tamen
985 5603 1212 5670 includi,
1246 5605 1359 5661 beo
1381 5605 1610 5678 dignam
1640 5606 2045 5676 cogitationem

467 5690 855 5761 suscip'amus,
887 5697 1292 5766 credamusque
1349 5706 1603 5753 naturam
1665 5698 1921 5756 divinam.
1969 5700 2042 5757 ita

467 5780 724 5853 conjungi
776 5793 940 5857 atque
970 5805 1140 5846 unum
1202 5790 1317 5848 fieri
1358 5807 1481 5848 cum
1539 5792 1777 5850 humana
1822 5801 2039 5864 natura,

2159 3223 2370 3293 ἀγγείῳ
2418 3221 2550 3287 τινὶ,
2594 3222 2629 3291 ὴ
2676 3219 2906 3291 ἀπειρία
2924 3218 3029 3288 τῆς
3066 3217 3318 3287 θεότητος
3370 3208 3749 3283 περιελήφθης

2161 3312 2297 3366 Οὐδὲ
2319 3311 2426 3382 γὰρ
2460 3311 2554 3366 ἐπὶ
2574 3311 2674 3375 τίς
2698 3308 2981 3380 ἡμετέρας
3003 3309 3150 3379 ζωῆς
3176 3304 3331 3369 me;
3356 3300 3751 3357 κατακλείεται

2110 3452 2116 3465 .
2159 3407 2267 3461 τῶν
2307 3405 2405 3475 τῆς
2455 3403 2658 3475 σαρκὸς
2708 3404 2850 3474 ὅρων
2895 3403 2930 3474 ἡ
2974 3400 3140 3473 νοερὰ
3186 3398 3372 3471 φύσις,
3415 3394 3533 3450 ἀλλ’
3575 3393 3605 3446 ὁ
3644 3390 3755 3463 μὲν

2159 3500 2325 3568 ὄγκος
2351 3497 2449 3551 τοῦ
2482 3496 2736 3568 σώματος
2763 3497 2876 3558 τοῖς
2908 3493 3134 3559 οἰκείοις
3173 3494 3364 3565 μέρεσι
3400 3488 3754 3562 περιγράφε-

2159 3609 2272 3656 ται,
2301 3592 2335 3662 ἡ
2360 3590 2418 3643 δὲ
2440 3587 2586 3661 ψυχὴ
2614 3590 2725 3653 τοῖς
2749 3588 2849 3657 τῆς
2874 3587 3115 3650 διανοίας
3144 3586 3413 3655 κινήμασι
3442 3579 3590 3651 πάσῃ
3618 3577 3751 3633 κατ’

2159 3683 2412 3752 ἐξουσίαν
2436 3679 2779 3752 ὲφαπλοῦται
2808 3683 2875 3752 τῇ
2910 3680 3108 3743 κτίσει,
3139 3677 3236 3732 καὶ
3266 3676 3463 3747 μέχρις
3495 3669 3751 3744 οὐρανῶν
3796 3743 3806 3750 η

2157 3772 2406 3837 ἀνιοῦσα,
2453 3773 2548 3826 καὶ
2591 3772 2704 3826 τῶν
2749 3769 3008 3825 ἀϐύσσων
3055 3766 3479 3826 ὲπιϐατεύουσα,
3527 3762 3621 3816 καὶ
3664 3759 3750 3830 τῷ

2160 3866 2352 3923 πλάτει
2387 3866 2484 3937 τῆς
2509 3865 2836 3936 οἰκουμένης
2865 3861 3235 3934 ἐπερχομένη,
3259 3858 3357 3916 καὶ
3390 3857 3527 3929 πρὸς
3549 3855 3621 3909 τὰ
3641 3870 3749 3906 κα-

2158 3957 2424 4029 ταχθόνια
2477 3956 2569 4011 διὰ
2627 3957 2727 4028 τῆς
2792 3951 3333 4025 πολυπραγμοσύνης
3394 3947 3746 4004 είσδύνουσαο

2159 4047 2425 4110 πολλάκις
2472 4045 2532 4099 δὲ
2580 4046 2676 4100 καὶ
2723 4044 2833 4098 τῶν
2876 4041 3294 4115 ύπερουρανίων
3328 4038 3629 4109 θαυμάτων
3685 4037 3746 4089 ὲν

2157 4140 2412 4211 περινοίᾳ
2442 4137 2677 4208 γίνεται,
2714 4136 2867 4191 οὐδὲν
2904 4136 3247 4208 βαρυνομένη
3276 4131 3355 4203 τῷ
3382 4128 3619 4200 ὲφολκίῳ
3647 4126 3745 4180 το]

2158 4232 2433 4301 σώματος.
2460 4231 2524 4285 Εἰ
2553 4230 2609 4284 δὲ
2627 4229 2920 4302 ἀνθρώπου
2943 4227 3090 4299 ψυχὴ
3115 4226 3256 4282 κατά
3282 4225 3381 4292 τὴν
3402 4225 3496 4294 τῆς
3529 4219 3751 4291 φύσεως

2160 4324 2412 4394 ἀνάγκην
2450 4321 2880 4395 συγκεκραμένη
2916 4319 2996 4391 τῷ
3033 4312 3252 4391 σώματι
3303 4311 3582 4385 πανταχοῦ
3625 4309 3749 4365 κατ’

2159 4415 2413 4481 ἐξουσίαν
2447 4414 2697 4486 γίνεται,
2735 4413 2824 4478 τίς
2860 4413 3078 4482 ἀνάγκη
3116 4413 3181 4482 τῇ
3222 4408 3384 4481 φύσει
3409 4408 3510 4479 τῆς
3542 4405 3750 4476 σαρκδς

2157 4507 2259 4578 τὴν
2287 4507 2518 4579 θεότητα
2545 4507 2725 4576 λέγειν
2746 4502 3262 4576 ἑμπεριείργεσθαι,
3289 4501 3387 4555 καὶ
3421 4500 3497 4571 μὴ
3524 4497 3614 4553 διὰ
3638 4496 3751 4551 τῶν

2157 4600 2424 4674 χωρητῶν
2466 4600 2599 4672 ἡμῖν
2632 4597 3048 4670 ὑποδειγμάτων
3095 4595 3406 4667 στοχασμόν
3439 4611 3564 4649 τινα
3611 4595 3751 4664 πρέ-

2158 4709 2334 4747 ποντα
2378 4692 2506 4763 περί
2542 4690 2644 4760 τῆς
2673 4689 2828 4754 θείας
2872 4690 3191 4763 οἰκονομίας
3232 4687 3459 4753 λαϐεῖνς
3506 4686 3598 4751 Ὠς
3636 4685 3750 4756 γὰρ

2155 4786 2220 4840 τὸ
2265 4783 2381 4855 πῦρ
2410 4784 2509 4838 ἀπὶ
2536 4782 2640 4853 τῆς
2668 4782 2955 4853 λαμπάδος
2983 4784 3179 4855 ὁρᾶται
3218 4781 3321 4853 τῆς
3373 4780 3752 4850 ὑποκειμένης

2156 4877 2659 4953 περιδεδραγμένον
2685 4877 2842 4949 ὕλης,
2868 4878 2966 4932 καὶ
2991 4877 3150 4946 λόγος
3178 4875 3276 4947 μὲν
3300 4875 3571 4947 διακρίνει
3595 4874 3657 4927 τό
3683 4889 3749 4928 τε

2157 4972 2254 5027 ἐπὶ
2281 4975 2382 5044 τῆς
2409 4971 2546 5041 ὕλης
2576 4970 2710 5043 πῦρ,
2742 4973 2841 5027 καὶ
2865 4970 2965 5044 τὴν
2984 4971 3045 5026 τὸ
3071 4969 3185 5041 πῦρ
3215 4969 3559 5037 ἐξάπτουσαν
3586 4967 3747 5036 ὕλην,

2156 5065 2307 5137 ἔργῳ
2352 5062 2410 5117 δὲ
2448 5062 2552 5116 οὐκ
2582 5062 2734 5118 ἐστιν
2769 5063 2869 5118 ἀπ’
2914 5061 3165 5133 ἀλλήλων
3202 5059 3380 5116 ταῦτα
3411 5057 3748 5128 διατεμόντα

2157 5156 2244 5225 ιφ*
2270 5154 2475 5225 ἑαυτῆς
2498 5152 2671 5222 δείξαι
2698 5154 2799 5225 τὴν
2823 5152 3000 5224 φλόγα
3030 5152 3431 5225 διεζευγμένην
3456 5151 3557 5221 τῆς
3586 5150 3747 5217 ὕλης,

2155 5243 2276 5298 ἀλλ’
2311 5241 2374 5298 ἓν
2403 5242 2476 5297 τὰ
2503 5242 2895 5313 συναμφότερα
2926 5239 3139 5311 γίνεται
3167 5240 3301 5314 (καί
3335 5259 3429 5309 μοι
3465 5240 3656 5311 μηδεὶς
3682 5238 3745 5292 τὸ

2159 5333 2460 5404 φθαρτικὸν
2501 5331 2596 5387 τοῦ
2631 5333 2805 5404 πυρὸς
2850 5331 3460 5403 συμνιταρικλαμσανέιιιω⁴
3484 5329 3563 5402 τῷ
3610 5330 3749 5384 ὑπο-

2155 5426 2433 5496 δείγματι,
2456 5426 2574 5480 ἀλλ’
2592 5427 2718 5481 ὅσον
2747 5424 3025 5495 εὐπρεπές
3046 5426 3168 5479 ἔστι
3194 5424 3360 5495 μόνον
3387 5426 3447 5478 ὲν
3470 5424 3537 5494 τῇ
3569 5421 3745 5477 εἰκόνι

2154 5514 2472 5586 δεξάμενος,
2504 5516 2565 5571 τὸ
2597 5515 2948 5585 ἀπεμφαῖνον
2979 5512 3354 5567 ἀποποιείσθω
3382 5512 3420 5584 ο)
3452 5513 3545 5567 τὸν
3577 5511 3745 5566 αὑτὸν

2153 5609 2389 5682 τρόπον,
2421 5610 2498 5671 ὡς
2522 5607 2745 5681 δρῶμεν
2773 5606 2869 5661 καὶ
2900 5605 3222 5678 ἐξημμένην
3250 5604 3345 5660 τοῦ
3373 5603 3743 5675 ὑποκειμένου

2156 5703 2255 5774 τὴν
2283 5702 2481 5773 φλόγα,
2516 5702 2610 5757 καὶ
2638 5700 2740 5755 οὐκ
2768 5700 3264 5770 ὲναποκλειομένην
3291 5703 3359 5771 τῇ
3392 5698 3514 5771 ὕλῃ,
3546 5697 3601 5751 τί
3631 5714 3745 5751 κω-

2153 5795 2291 5865 λύει,
2315 5798 2414 5869 τῆς
2437 5796 2588 5861 θείας
2613 5794 2827 5866 φύσεως
2847 5794 3041 5851 ἕνωσίν
3062 5811 3185 5851 τινα
3209 5793 3301 5850 καί
3328 5794 3742 5867 προσεγγισμὸν
