4126 6396
389 354 500 416 217

1358 355 1741 418 PANOPLIA
1783 359 2252 425 DUGMATICA.
2290 388 2360 400 -
2392 363 2544 424 ΤΙΤ.
2578 365 2712 426 VII.

3567 366 3673 429 218

389 464 848 533 κατανοήσαντας
887 461 1026 531 πρὸς
1059 461 1120 514 τὸ
1152 461 1496 530 ἀνθρώπινον
1518 507 1531 525 ,
1564 466 1663 534 τὴν
1700 465 1978 535 θεοπρεπῆ

2113 478 2146 523 ιι
2173 470 2228 523 ἰη
2257 470 2370 540 ipsa
2407 471 2802 539 conjunctione
2834 480 2999 541 atque
3033 472 3264 537 unitate,
3305 475 3556 543 quamvis
3619 478 3673 529 iu

389 559 638 609 διανοιαν
669 556 764 608 καὶ
797 557 854 607 ἐν
886 554 966 624 τῷ
1000 554 1398 626 προσεγγισμῴ
1434 555 1848 623 διασώσασθαι,
1881 559 1985 612 πά-

392 666 497 718 σης
537 646 889 717 περιγραφῆς
933 646 1091 708 ἐκτὸς
1132 638 1274 698 εἶναι
1320 647 1380 700 τὸ
1408 648 1562 700 Θεῖον
1605 649 1982 715 πιστεύοντας,

391 738 499 790 κᾶν
529 739 585 788 ὲν
615 734 892 805 ἀνθρώπῳ
920 730 995 807 ﬁ;
1039 735 1098 786 El
1123 734 1180 788 δὲ
1228 734 1412 802 ζητεῖς
1443 736 1554 799 πῶς
1588 742 1987 810 κατακιρνᾶται

392 830 588 893 θεότης
620 828 751 899 πρὸς
787 829 850 882 τὸ
878 830 1244 900 ἀνθρώπινον,
1273 828 1391 897 ῶρα
1426 846 1509 883 σοι
1543 831 1648 898 πρὸ
1676 832 1865 886 τούτου
1894 834 1989 903 ζη-

390 923 540 985 τεῖν,
576 922 661 983 τίς
696 922 835 991 προς
862 922 963 990 τὴν
990 921 1170 992 σάρκα
1203 921 1302 991 τῆς
1339 921 1517 992 ψυχῆς
1546 924 1577 994 ή
1614 927 1883 994 σύμφυτα.
1926 931 1986 982 El

392 1015 448 1068 δὲ
482 1016 584 1085 τῆς
616 1016 715 1083 σῆς
750 1016 1026 1084 ἀγνοεῖται
1063 1015 1239 1085 ψυχῆς
1271 1017 1299 1068 δ
1333 1017 1553 1087 τρόπος,
1590 1018 1711 1071 καθ’
1742 1019 1801 1072 ὃν
1833 1020 1986 1073 ἑνοῦ-

396 1127 485 1160 ται
526 1108 610 1177 τῷ
642 1108 895 1178 σώματι,
936 1108 1069 1178 μηδὲ
1104 1108 1281 1161 ἐκεῖνο
1311 1109 1529 1173 πάντως
1557 1110 1669 1164 οἴου
1701 1113 1810 1165 δεῖν
1835 1113 1990 1177 ἐντος

384 1200 657 1289 ,γενέσθαι
684 1202 792 1289 τῆς
813 1202 914 1268 σῆς
939 1201 1317 1271 καταλήψεως,
1360 1203 1501 1257 Ἀλλ’
1542 1205 1731 1275 ὥσπερ
1758 1207 1991 1260 ἐνταῦθα

382 1286 497 1361 imi.
523 1291 722 1361 ’ἕτερον
751 1286 889 1344 εἶναί
922 1310 977 1345 τι
1004 1294 1157 1361 παρά
1190 1294 1251 1346 τὸ
1292 1294 1451 1365 σῶμα
1490 1296 1589 1367 τὴν
1617 1296 1797 1367 ψυχὴν
1828 1316 1992 1352 πεπιο

382 1370 737 1455 ξστεύκαμεν,
764 1385 827 1435 ὲκ
851 1382 946 1436 τοῦ
981 1385 1318 1453 μονωθεῖσαν
1347 1387 1445 1455 τῆς
1469 1388 1647 1458 ψυχῆς
1676 1388 1774 1459 τὴν
1808 1390 1990 1460 σάρκα

382 1464 605 1545 ἶνεκράν
651 1493 713 1527 τε
756 1476 852 1528 καὶ
900 1475 1265 1547 ἀνενέργητον
1307 1478 1576 1547 γίνεσθαι,
1626 1482 1719 1534 καὶ
1766 1483 1861 1536 τὸν
1891 1486 1995 1554 τῆς

402 1566 657 1630 ὲνὼσεως
713 1567 813 1620 οὐκ
859 1567 1298 1636 ὲπιγινώσκομεν
1347 1570 1585 1641 τρόπον·
1639 1572 1781 1625 οὕτω
1832 1576 1995 1627 κάκεῖ

401 1661 689 1726 διαφέρειν
719 1660 820 1729 μὲν
853 1660 946 1712 ἐπὶ
976 1654 1035 1712 τὸ
1086 1661 1670 1734 μεγαλοπρεπέστερον
1712 1665 1812 1735 τὴν
1841 1665 1995 1720 θείαν

402 1751 574 1819 φύσιν
617 1751 755 1822 πρὸς
786 1752 882 1822 τὴν
914 1752 1114 1822 θνητὴν
1150 1756 1244 1807 καὶ
1277 1756 1541 1826 ἐπίκηρον
1574 1759 1950 1829 ὁμολογοῦμεν
1974 1800 1990 1824 ,

390 1847 498 1919 ,τὸν
526 1846 583 1898 δὲ
612 1846 710 1915 τῆς
751 1847 1106 1916 ἀνακράσεως
1138 1848 1338 1918 τρόπον
1385 1850 1484 1902 τοῦ
1520 1852 1679 1905 Θείου
1723 1828 1861 1923 πρὸς
1901 1854 1995 1907 τὸν
2029 1828 2068 1882 Β

402 1938 699 2008 ἄνθρωπον
735 1940 964 1993 συνιδεῖν
1004 1942 1063 1992 οὐ
1119 1940 1426 2010 χωροῦμεν.
1478 1942 1639 1996 Ἀλλὰ
1669 1945 1728 1997 τὸ
1765 1944 1864 2011 μὲν
1904 1962 1996 2012 γε-

387 2028 676 2105 ιγενῆσθαι
707 2029 839 2081 Θεὸν
873 2030 929 2081 ἐν
966 2028 1255 2100 ἀνθρώπου
1296 2031 1456 2099 φύσει
1483 2034 1571 2087 διὰ
1602 2034 1711 2087 τῶν
1744 2036 1992 2104 ἱστορου-

388 2112 596 2192 ’μένων
634 2121 935 2192 θαυμάτων
966 2126 1069 2179 οὐκ
1102 2126 1533 2195 ἀμφιϐάλλομεν,
1576 2127 1634 2179 τὸ
1664 2127 1709 2180 δ’
1740 2129 1886 2190 ὅπως
1919 2130 1996 2191 ὡς

410 2216 603 2284 μεῖζον
631 2214 665 2282 ἢ
696 2215 840 2269 κατὰ
865 2216 1143 2285 λογισμῶν
1173 2204 1359 2285 ἔφοδον
1386 2219 1668 2289 διερευνᾷν
1698 2220 1998 2289 παραιτού-

409 2306 583 2376 μεθα.
616 2306 752 2360 Οὐδὲ
776 2307 885 2378 γὰρ
912 2310 1095 2362 πᾶσαν
1118 2309 1216 2380 τὴν
1249 2311 1568 2380 σωματικήν
1598 2328 1655 2363 τε
1685 2311 1779 2364 καὶ
1800 2310 1997 2381 νοητὴν

409 2398 599 2450 κτίσιν
631 2395 783 2463 παρὰ
812 2397 911 2467 τῆς
943 2398 1234 2467 ἀσωμάτου
1271 2414 1332 2449 τε
1372 2400 1466 2451 καὶ
1496 2396 1750 2450 ἀκτίστου
1780 2397 1999 2464 φύσεως

410 2487 726 2557 ὑποστῆναι
759 2488 1136 2554 πιστεύοντες,
1173 2488 1233 2542 τὸ
1265 2488 1429 2541 πόθεν
1463 2489 1496 2557 ἢ
1534 2488 1594 2542 τὸ
1622 2488 1741 2551 πῶς
1769 2490 1835 2557 τῇ
1870 2488 1999 2558 περὶ

408 2581 623 2633 τούτων
659 2580 837 2634 πίστει
869 2579 1314 2649 συνεξεταζομεν.
1357 2580 1515 2633 Ἀλλά
1549 2580 1612 2632 τὸ
1667 2580 1999 2649 γεγενῆσθαι

411 2672 894 2740 παραδεχόμενοι,
931 2672 1499 2743 ἁπολυπραγμόνητον
1534 2674 1626 2726 τὸν
1665 2673 1868 2743 τρόπον
1900 2675 2001 2741 τῆς

407 2760 507 2814 τοῦ
564 2761 771 2822 παντὸς
816 2760 1124 2823 συστάσεως
1168 2762 1591 2831 καταλείπομεν,
1640 2761 1713 2822 ὡς
1763 2761 2002 2831 άρρητον

410 2854 771 2905 πανταπασιν
800 2850 931 2905 ὄντα
963 2852 1058 2905 καὶ
1094 2853 1523 2924 ἀνερμήνευτον.
1556 2852 1661 2907 Τοῦ
1690 2852 1747 2906 δὲ
1781 2853 1913 2906 Θεὸν
1943 2854 2002 2905 ὲν

410 2949 582 3017 σαρκὶ
616 2944 1005 3017 φανερωθῆναι
1041 2946 1171 3017 ἡμῖν
1207 2948 1234 3000 ὁ
1264 2945 1360 3009 τὰς
1390 2944 1692 3010 ἀποδείξεις
1729 2942 2003 3010 ἐπιζητῶν

412 3041 551 3109 πρὸς
582 3040 686 3102 τὰς
718 3039 997 3109 ἐνεργείας
1023 3038 1287 3109 βλεπέτω.
1318 3040 1428 3092 Καὶ
1452 3040 1561 3108 γὰρ
1588 3038 1679 3090 τοῦ
1703 3037 1837 3099 ὅλως
1863 3032 2005 3090 εἶναι

411 3133 550 3183 Θεὸν
592 3131 697 3184 οὐκ
730 3132 797 3184 ἄν
829 3148 914 3193 τις
950 3130 1140 3201 ἑτέραν
1170 3129 1447 3192 ἀπόδειξιν
1496 3129 1608 3198 ἔχοι
1644 3127 1781 3197 πλὴν
1811 3129 1910 3195 τῆς
1936 3128 2003 3181 δι’

411 3227 603 3278 αὐτῶν
639 3224 749 3279 τῶν
784 3223 1078 3294 ἐνεργειῶν
1112 3221 1441 3293 μαρτυρίας.
1474 3222 1685 3291 Ὥσπερ
1715 3221 1895 3273 τοίνυν
1929 3224 2009 3283 είς

412 3322 473 3371 τὸ
508 3320 625 3374 πᾶν
658 3315 993 3386 ἀφορῶντες,
1022 3317 1119 3371 καὶ
1153 3316 1253 3379 τὰς
1281 3315 1423 3369 κατά
1453 3314 1544 3367 τὸν
1580 3315 1783 3383 κόσμον
1808 3316 2014 3366 οἰκονο-

422 3412 554 3481 ph;
586 3410 1051 3473 ἐπισκοποῦντες,
1084 3409 1180 3462 καὶ
1212 3408 1311 3472 τὰς
1346 3408 1672 3477 εὐεργεσίας
1698 3407 1797 3467 τάς
1829 3406 2012 3459 θεόθεν

420 3505 564 3556 κατά
596 3503 697 3573 τὴν
724 3501 871 3572 ζωὴν
894 3501 1053 3572 ήμῶν
1076 3499 1476 3571 ὲνεργουμένας
1507 3496 1866 3568 ὑπερκεῖσθαί
1892 3515 2015 3552 τινα

427 3596 654 3662 ὃὺναμιν
679 3593 972 3665 ποιητικὴν
1000 3594 1107 3646 τῶν
1133 3593 1457 3662 γινομένων,
1488 3592 1584 3644 καὶ
1612 3591 2016 3661 συντηρητικὴν

440 3687 552 3737 τῶν
588 3688 747 3741 ὅντων
780 3687 1300 3756 καταλαμϐάνομεν·
1345 3684 1487 3738 οὕτω
1536 3685 1631 3737 καὶ
1666 3684 1760 3737 ἐπὶ
1797 3683 1890 3736 τοῦ
1929 3682 2017 3735 διὰ

446 3778 643 3847 σαρκὸς
660 3780 781 3850 ήριίν
810 3777 1220 3846 φανερωθέντος
1246 3775 1380 3828 Θεοῦ
1410 3774 1598 3845 ἱκανὴν
1620 3774 1894 3841 ἀπόδειξιν
1920 3773 2018 3843 τῆς

431 3871 753 3937 ἐπιφανείας
782 3869 881 3936 τῆς
914 3870 1166 3939 θεότητος
1190 3868 1259 3921 τὰ
1280 3868 1423 3921 κατά
1452 3867 1552 3929 τὰς
1580 3866 1858 3936 ἐνεργείας
1887 3865 2019 3919 θαύο

431 3977 583 4030 ματα
621 3961 974 4031 πεποιήμεθα
1010 3961 1193 4017 πάντα
1236 3961 1349 4022 τοῖς
1393 3958 1757 4031 ίστορηθείσιν
1809 3960 2017 4030 ἔργοις,

424 4052 496 4104 δι’
530 4048 608 4104 ὢν
640 4056 671 4122 ή
698 4054 822 4106 θεία
858 4051 1323 4124 χαρακτηρίζεται
1354 4052 1515 4120 φύσις
1556 4052 2016 4122 κατανοήσαντες.

427 4145 569 4198 Θεοῦ
599 4144 663 4195 τὸ
697 4144 986 4205 ζωοποειῖν
1017 4144 1142 4205 τοὺς
1166 4142 1487 4213 ἀνθρώπους
1515 4157 1530 4173 ’
1566 4141 1699 4195 Θεοῦ
1730 4145 1789 4195 τὸ
1823 4159 2022 4212 συντη-

430 4242 551 4309 ρεῖν
593 4238 684 4289 διά
707 4238 967 4306 προνοίας
1002 4235 1070 4288 τά
1104 4234 1235 4287 ὄντα
1261 4251 1275 4267 ·
1309 4234 1445 4288 Θεοῦ
1472 4235 1534 4287 τὸ
1564 4234 1768 4305 βρῶσιν
1798 4235 1893 4288 καὶ
1922 4233 2023 4287 πό-

432 4351 520 4386 σιν
558 4335 675 4393 τοῖς
712 4331 800 4384 διὰ
845 4330 1046 4400 σαρκὸς
1084 4329 1182 4399 τὴν
1217 4328 1362 4400 ζωὴν
1403 4328 2020 4400 εἰληχόσιχαρίξεσθαιο

430 4425 573 4479 Θ-οῦ
616 4424 677 4476 τὸ
709 4424 1020 4494 εὐεργετεῖν
1050 4422 1144 4476 τὸν
1168 4422 1445 4493 δεόμενον·
1474 4422 1609 4475 Θεοῦ
1645 4422 1706 4473 τὸ
1737 4437 2026 4492 παρατραο

2092 563 2316 617 homine
2347 563 2487 617 Deus
2506 564 2595 625 sit,
2624 564 2770 617 nulla
2789 572 2973 619 tamen
2998 565 3511 635 circumscriptione
3546 582 3679 620 con-

2091 653 2390 706 cludatur?
2429 653 2586 717 Quod
2620 652 2665 706 si
2689 654 2913 722 quaeris,
2938 653 3214 722 quomodo
3247 653 3392 708 Deus
3416 670 3539 708 cum
3578 657 3679 709 ho—

2090 747 2239 800 mine
2263 746 2586 800 commistus
2643 745 2735 807 sit,
2791 744 2945 814 prius
2986 745 3276 800 considera
3334 746 3681 813 conjunctio-

2090 852 2215 891 nem
2253 837 2423 891 animi
2453 853 2578 893 cum
2605 852 2769 891 carne
2802 844 2914 903 tua,
2938 837 3027 906 qui
3079 837 3302 906 quidem
3356 840 3595 902 animus,
3636 840 3681 892 si

2092 930 2396 999 intelligere
2422 946 2529 984 non
2555 939 2731 999 potes,
2769 944 2874 999 qua
2906 930 3115 985 ratione
3148 945 3272 984 cum
3303 944 3535 999 corpore
3587 946 3684 984 co—

2093 1021 2334 1090 puletur,
2363 1023 2537 1075 multo
2567 1022 2750 1076 minus
2785 1021 3040 1075 existima
3096 1031 3146 1075 te
3208 1037 3372 1090 posse
3434 1022 3681 1091 assequi,

2091 1129 2202 1183 quo
2231 1122 2393 1183 pacto
2428 1115 2569 1168 Deus
2600 1129 2724 1168 cum
2758 1113 2980 1167 homine
3003 1114 3391 1183 conjungatur.
3455 1112 3681 1180 Verum,

2093 1205 2554 1273 quemadmodum
2586 1205 2640 1259 in
2662 1214 2715 1258 te
2749 1204 2928 1259 credis
2962 1204 3109 1257 aliud
3130 1203 3385 1272 quiddam
3411 1217 3533 1257 esse
3562 1203 3685 1255 ani-

2094 1313 2268 1361 mum,
2291 1312 2453 1367 quam
2481 1312 2684 1366 corpus
2713 1297 2806 1363 sit,
2830 1296 3095 1366 quoniam
3128 1310 3328 1365 corpus
3361 1295 3431 1349 ab
3492 1295 3681 1349 animo

2095 1393 2401 1457 desertum,
2442 1392 2675 1445 cadaver
2699 1390 2905 1455 evadit,
2935 1398 3099 1459 atque
3148 1391 3297 1444 iners
3354 1389 3452 1453 iit,
3509 1398 3564 1443 et
3616 1389 3684 1442 ad

2097 1481 2369 1551 agendum
2396 1480 2608 1544 inutile,
2629 1480 2759 1535 licet
2778 1479 3187 1550 conjunctionis
3213 1479 3483 1532 rationem
3522 1480 3681 1549 igno-

2097 1591 2215 1640 res;
2240 1574 2320 1628 sic
2342 1575 2509 1628 etiam
2531 1574 2587 1625 in
2607 1572 2698 1625 Dei
2725 1587 2850 1626 cum
2870 1571 3089 1626 homine
3112 1571 3502 1641 conjunctione
3557 1585 3688 1624 con-

2098 1668 2315 1721 ﬁtemur
2342 1665 2585 1720 divinam
2615 1671 2873 1717 naturam
2899 1664 3120 1717 caduca:
3150 1662 3484 1731 mortalique
3509 1660 3689 1713 modis

2096 1758 2354 1812 omnibus
2419 1756 2683 1829 dignitate
2740 1762 3025 1824 praestare,
3064 1768 3169 1823 qua
3238 1752 3452 1806 ratione
3502 1762 3690 1804 autem

2097 1850 2505 1919 eﬂiciaturipsa
2542 1847 2867 1918 conjunctio
2898 1862 3006 1900 non
3036 1860 3332 1915 possumus
3361 1843 3687 1912 intelligere.

2097 1940 2256 2007 Quod
2291 1940 2433 1993 Deus
2464 1937 2517 1990 in
2551 1935 2788 1990 hominis
2822 1945 3017 1989 natura
3053 1936 3269 2004 genitus
3294 1936 3385 1997 sit,
3410 1948 3476 1986 ex
3515 1933 3682 1985 rebus

2099 2032 2461 2095 admirandis,
2495 2045 2617 2100 quae
2646 2030 2777 2084 visa:
2808 2028 3131 2097 scriptaeque
3163 2031 3311 2089 sunt,
3367 2037 3475 2077 non
3511 2023 3689 2075 ambi-

2099 2126 2297 2197 gimus,
2325 2123 2593 2178 rationem
2651 2132 2833 2175 autem
2871 2135 2935 2174 ac
2992 2118 3236 2182 modum,
3285 2125 3344 2170 ut
3403 2116 3690 2185 majorem.

2098 2233 2264 2287 quam
2294 2232 2325 2272 a
2356 2215 2515 2271 nobis
2550 2215 2758 2285 percipi
2790 2213 2983 2283 possit,
3037 2211 3341 2265 omittimus
3408 2209 3691 2279 indagare.

2099 2310 2287 2379 Neque
2305 2310 2475 2375 enim,
2493 2324 2619 2363 cum
2643 2322 2731 2361 res
2747 2320 2938 2361 omnes
2962 2318 3275 2374 corporeas,
3295 2311 3483 2369 etqure
3507 2308 3691 2353 mente

2101 2402 2274 2456 solum
2332 2399 2778 2469 percipiuntura
2823 2406 3017 2450 natura
3074 2394 3415 2461 incorporea,
3463 2400 3518 2443 et
3570 2404 3693 2457 quae

2101 2500 2285 2549 creata
2317 2507 2426 2545 non
2476 2499 2582 2553 est,
2636 2495 2954 2558 procreatas
3012 2500 3136 2539 esse
3185 2483 3480 2544 credimus,
3548 2478 3695 2532 unde

2101 2592 2196 2638 aut
2224 2581 2498 2652 quomodo
2530 2580 2685 2634 facta:
2729 2578 2863 2638 sint,
2896 2574 3348 2643 ‘investigamus;
3408 2570 3501 2624 sed
3562 2583 3694 2622 cum

2104 2675 2372 2730 mundum
2402 2672 2572 2726 fuisse
2629 2670 2911 2725 conditum
2953 2664 3348 2734 acceperimus,
3402 2659 3694 2721 rationem,

2104 2782 2209 2835 qua
2234 2765 2485 2819 conditus
2513 2762 2681 2817 fuerit
2710 2760 2927 2815 curiose
2960 2773 3067 2811 non
3087 2755 3455 2825 exquirimus,
3484 2752 3695 2821 quippe

2105 2859 2196 2929 qui
2231 2858 2391 2927 plane
2423 2856 2683 2918 sciamus,
2717 2867 2840 2906 eam
2879 2850 3029 2903 nullo
3059 2848 3226 2901 modo
3290 2859 3454 2915 posse
3487 2841 3701 2911 percipi

2107 2959 2201 3004 aut
2228 2947 2507 3016 explicari.
2542 2945 2696 3011 Quod
2728 2954 2911 2997 autem
2953 2942 3095 2994 Deus
3121 2941 3173 2992 in
3201 2951 3368 2991 carne
3401 2935 3562 2989 nobis
3590 2949 3690 3002 ap-

2106 3042 2374 3115 paruerit,
2403 3040 2448 3094 si
2488 3039 2614 3108 quis
2635 3032 3141 3092 demonstrationes
3202 3027 3454 3097 inquirit,
3504 3026 3551 3080 is
3580 3025 3707 3092 ejus

2036 3161 2084 3224 ο
2113 3150 2279 3205 opera
2304 3133 2624 3203 conSpiciat.
2648 3130 2785 3182 Nam
2815 3137 2870 3181 et
2894 3125 3039 3195 quod
3069 3123 3211 3224 Deus
3240 3122 3359 3190 ipse
3411 3121 3531 3224 sit,“
3550 3117 3706 3170 nullo

2114 3229 2224 3282 alio
2252 3226 2353 3280 nisi
2391 3239 2619 3293 operum
2675 3220 2848 3291 ipsius
2905 3214 3225 3271 testimonio
3288 3208 3704 3279 comprobatur.

2118 3321 2189 3375 Ut
2229 3318 2398 3386 igitur
2434 3328 2617 3369 rerum
2651 3308 3075 3366 universitatem
3127 3303 3433 3366 intuentes,
3486 3313 3710 3352 earum-

2114 3424 2223 3480 que
2279 3404 2711 3462 moderationem
2763 3409 2819 3455 et
2881 3397 3156 3459 ordinem,
3227 3393 3462 3459 vitaeque
3509 3397 3713 3443 nostra:

2116 3498 2404 3556 commoda
2431 3494 2695 3563 divinitus
2730 3492 2855 3546 data
2885 3490 3329 3545 considerantes,
3355 3482 3465 3534 vim
3512 3493 3708 3549 qnam-

2118 3595 2242 3648 dam
2270 3590 2455 3644 mundi
2479 3585 2814 3641 eﬂectrieem
2874 3578 3450 3643 conservatricemque
3474 3586 3715 3642 cognos-

2119 3685 2319 3745 cimus,
2350 3681 2510 3734 sicin
2541 3677 2652 3731 Deo
2685 3675 2845 3731 nobis
2879 3688 2978 3742 per
3031 3684 3252 3725 carnem
3297 3667 3565 3738 patefacto
3609 3663 3716 3715 ad-

2122 3774 2375 3831 miranda
2411 3772 2557 3826 illius
2586 3782 2753 3838 opera
2778 3766 2976 3821 similia
3006 3765 3095 3827 iis,
3123 3776 3246 3830 quae
3297 3760 3500 3827 scripta
3556 3764 3717 3818 sunt,

2120 3869 2344 3939 quibus,
2407 3873 2662 3933 tanquam
2708 3860 2853 3914 notis
2904 3863 3104 3910 natura
3147 3852 3331 3907 divina
3380 3849 3711 3909 declaratur,

2123 3961 2371 4031 locuples
2416 3956 2577 4011 nobis
2625 3951 2932 4008 divinitatis
2988 3947 3110 4016 ejus
3144 3942 3523 3999 testimonium
3575 3941 3715 3993 οπο-

2123 4064 2277 4110 runt.
2304 4051 2400 4106 Dei
2448 4062 2687 4115 namque
2732 4057 2856 4098 esse
2909 4038 3317 4112 cognoscimus,
3388 4033 3731 4088 hominibus-

2124 4148 2290 4202 vitam
2354 4144 2645 4205 tribuere;
2682 4137 2798 4201 Dei,
2839 4150 2927 4199 ea,
2985 4147 3107 4202 qua:
3166 4138 3315 4193 sunt,
3374 4124 3732 4197 providentia:

2129 4238 2268 4293 tueri
2312 4252 2376 4291 ac
2407 4246 2737 4289 conservare
2764 4246 2781 4292 ;
2813 4229 2931 4294 Dei,
2964 4228 3150 4279 cibum
3175 4229 3231 4276 et
3260 4230 3449 4291 potum
3478 4220 3546 4272 iis
3567 4233 3733 4285 ,quaa

2128 4333 2183 4386 in
2213 4343 2381 4384 carne
2410 4329 2573 4382 vitam
2616 4324 2841 4393 degunt,
2879 4319 3139 4390 elargiri;
3166 4316 3287 4377 Dei,
3342 4314 3412 4369 de
3461 4309 3720 4382 pauperi-

2126 4424 2229 4478 bus
2258 4432 2313 4476 et
2338 4417 2708 4491 indigentibus
2734 4414 2873 4469 bene
2908 4411 3107 4465 mereri
3137 4425 3154 4474 ;
3179 4407 3299 4470 Dei,
3320 4414 3571 4459 naturam
3600 4416 3737 4470 quae.

434 4522 641 4570 πεῖσαν
674 4516 733 4581 ἐξ
759 4517 1044 4579 ἀσθενείας
1072 4517 1171 4584 τὴν
1203 4517 1367 4585 φύσιν
1397 4516 1557 4569 πάλιν
1579 4515 1648 4567 δι’
1671 4515 1859 4582 ὑγείας
1889 4514 2012 4585 πρὸς

2130 4510 2449 4568 inﬁrmitate
2478 4525 2577 4563 sua
2611 4508 2680 4561 de
2734 4516 2885 4559 recta
2939 4503 3027 4557 via
3100 4498 3417 4560 deﬂexerat,
3458 4496 3741 4549 reducere‘

432 4608 647 4679 ἑαυτὴν
679 4607 1005 4674 ἐπανάγεινο
1034 4605 1169 4659 Θεοῦ
1200 4610 1259 4659 τὸ
1294 4607 1476 4675 πάσης
1508 4606 1823 4657 ἐπιστατεῖν
1846 4605 2035 4674 ὁμοιο-

433 4703 662 4773 τρόπιος
714 4703 815 4773 τῆς
872 4700 1128 4766 κτίσεως,
1179 4700 1305 4769 γῆς,
1362 4699 1660 4767 θαλάσσης,
1706 4697 1889 4767 ἀέρος,
1937 4696 2034 4749 καὶ

434 4798 552 4851 τῶν
597 4797 741 4867 ὑπὲρ
783 4797 875 4850 τὸν
925 4796 1067 4865 ἀέρα
1110 4793 1299 4846 τόπων
1332 4806 1347 4823 ⁸
1406 4791 1542 4846 Θεοῦ
1582 4791 1644 4843 τὸ
1691 4789 1823 4859 πρὸς
1855 4788 2037 4842 πάντα

436 4892 647 4962 διαρκῆ
692 4891 790 4959 τὴν
829 4891 1062 4958 δύναμιν
1116 4887 1289 4956 ἔχειν,
1327 4886 1421 4939 καὶ
1455 4887 1563 4955 πρό
1605 4901 1671 4951 γε
1710 4882 1930 4936 πάντων
1976 4880 2037 4932 τὸ

441 4982 682 5036 θανάτου
736 4980 831 5034 καὶ
873 4979 1082 5050 φθορᾶς
1118 4972 1272 5043 ,εἶναι
1321 4975 1626 5045 κρείττονα.
1677 4973 1741 5025 Ei
1792 4970 1891 5040 μὲν
1908 4968 2038 5050 λοῦν

439 5091 594 5137 τινος
611 5074 830 5137 ,τούτων
872 5071 970 5124 καὶ
1000 5070 1110 5123 τῶν
1148 5066 1407 5121 τοιούτων
1461 5064 1687 5135 ἐλλιπὴς
1736 5058 1804 5135 ἦν
1832 5064 1865 5131 ή
1906 5059 2038 5130 περὶ

440 5166 614 5222 αὑτὸν
644 5164 875 5235 ἱστορία,
904 5161 1131 5224 εἰκότως
1148 5161 1208 5213 τδ
1229 5159 1525 5229 μυπήρλον
1551 5156 1711 5227 ἡμῶν
1731 5155 1781 5208 οἱ
1806 5153 1911 5218 ἔξω
1936 5152 2038 5222 τῆς

446 5260 689 5321 πίστεως
732 5256 1190 5326 παρεγράφοντο·
1239 5253 1289 5305 εἰ
1336 5251 1395 5303 δὲ
1431 5250 1498 5302 δι’
1527 5242 1602 5304 ὧν
1638 5249 1840 5302 νοεῖται
1882 5243 2037 5307 Θεὸς,

448 5353 633 5403 πάντα
673 5349 729 5400 ἐν
763 5346 873 5408 τοῖς
915 5346 1043 5414 περὶ
1074 5342 1240 5397 αὑτοῦ
1279 5341 1585 5411 διηγήμασι
1619 5339 1944 5407 καθορᾶται,
1983 5334 2037 5388 τί

447 5443 512 5493 τὸ
541 5439 840 5512 ἐμποδίζον
862 5440 930 5508 τῇ
960 5437 1141 5491 πίστει
1162 5448 1197 5503 ;η³
1214 5434 1394 5501 Ἀλλᾶ,
1418 5433 1570 5503 φησὶ,
1592 5430 1924 5500 γέννησίςςτε
1949 5428 2042 5481 καὶ

450 5531 683 5595 θάνατος
702 5531 833 5583 ίδιον
861 5531 963 5597 τῆς
988 5527 1259 5597 σαρκικῆς
1285 5525 1398 5577 ἐστι
1429 5525 1660 5592 φύσεως.
1680 5521 1826 5589 Φημὶ
1856 5520 2037 5586 κάγώ’

450 5626 593 5679 ἀλλὰ
618 5626 679 5678 τὸ
708 5624 848 5694 πρὶς
879 5622 981 5689 τῆς
1009 5621 1273 5687 γενέσεως
1302 5623 1397 5672 καὶ
1434 5617 1494 5669 τὸ
1529 5616 1671 5686 μετὰ
1696 5614 1788 5668 τὸν
1814 5613 2044 5668 θάνατον

449 5722 551 5789 τὴν
578 5722 679 5789 τῆς
715 5717 941 5787 φύσεως
973 5712 1131 5781 ἡμῶν
1169 5710 1427 5779 ἐκφεύγει
1460 5708 1769 5775 κοινότητα.
1808 5705 1900 5766 El;
1932 5704 2042 5773 γὰρ

452 5814 688 5882 ἑκάτερα
714 5810 815 5880 τῆς
847 5803 1197 5875 ἀνθρωπίνης
1226 5804 1367 5873 ζωῆς
1400 5803 1463 5855 τὰ
1486 5801 1697 5871 πέρατα
1726 5798 2035 5867 βλέποντες,

2137 4606 2203 4661 ad
2237 4604 2549 4663 sanitatem,
2576 4606 2631 4653 et
2656 4600 2709 4651 in
2745 4595 3035 4666 pristinum
3056 4601 3257 4647 statum
3283 4603 3540 4643 revocare
3560 4605 3580 4652 ;
3600 4588 3736 4651 Dei,.

2144 4695 2363 4752 cunctis
2388 4706 2545 4763 :eque
2573 4690 2737 4744 rebus
2762 4684 3059 4757 procreatis
3079 4683 3579 4752 imperare,.terr:e,
3608 4693 3742 4730 ma--

2137 4787 2203 4850 ri,
2234 4784 2365 4848 aeri,
2390 4792 2441 4839 et
2474 4783 2559 4846 iis,
2589 4796 2710 4851 qua:
2732 4794 2897 4848 supra
2917 4792 3098 4832 aerem
3122 4775 3222 4829 sita
3244 4784 3406 4839 sunt;
3444 4771 3559 4832 Dei,
3594 4786 3737 4838 pere

2139 4887 2357 4950 petuam
2390 4876 2442 4929 in
2465 4874 2648 4929 omnia
2679 4879 3003 4942 potestatem
3047 4868 3272 4932 habere,
3337 4864 3741 4933 imprimisque-

2141 4987 2262 5027 esse
2289 4979 2465 5023 morte
2523 4977 2578 5022 ct
2613 4964 2968 5033 corruptione
3018 4961 3381 5029 superiorem.
3441 4956 3645 5011 Horum
3678 4957 3727 5010 si

2154 5062 2285 5133 quid
2315 5061 2367 5115 in
2401 5058 2655 5123 historia,
2687 5071 2793 5125 qua
2818 5054 2930 5109 vita
2956 5054 3126 5123 ipsius
3160 5052 3512 5115 describitur,
3576 5049 3727 5105 desi-

2142 5154 2446 5217 deraretur,
2472 5150 2569 5212 illi,
2600 5146 2752 5219 quia
2785 5145 3047 5217 religione
3104 5152 3230 5201 sunt
3274 5144 3461 5207 alieni,
3532 5142 3737 5196 merito

2145 5242 2460 5313 mysterium
2485 5247 2735 5295 nostrum
2768 5237 3146 5306 repudiarent.
3180 5234 3277 5289 Sin
3339 5233 3544 5292 omnia,
3600 5229 3729 5298 qui-

2145 5334 2409 5389 busDeus
2433 5331 2802 5401 cognoscitur,
2861 5328 2915 5382 in
2984 5343 3047 5382 ea
3098 5325 3536 5395 conspiciuntur,
3600 5319 3729 5387 quid

2144 5426 2427 5499 prohibet,
2455 5439 2563 5491 quo
2594 5422 2777 5476 minus
2848 5419 3012 5474 ﬁdem
3080 5417 3511 5487 religionemque
3558 5408 3731 5463 susei-

2146 5512 2845 5590 pias?Atenim,inquies,
2878 5510 3027 5564 nasci
3076 5518 3238 5575 atque
3297 5505 3450 5557 obire
3501 5499 3721 5570 propria

2148 5620 2273 5667 sunt
2305 5609 2535 5678 hujusce
2561 5606 2763 5661 carnis.
2789 5602 3071 5664 Concedo;
3090 5613 3275 5678 verum
3296 5612 3380 5659 ea,
3407 5609 3526 5663 qua:
3547 5600 3731 5645 ortum

2149 5708 2269 5774 ejus
2318 5710 2736 5773 praecesserunt,
2789 5711 3021 5768 quaeque
3076 5676 3307 5746 mortem
3356 5698 3484 5742 sunt
3538 5687 3731 5741 subsc-

2152 5784 2294 5865 cuta,
2328 5810 2675 5851 communem
2699 5803 2910 5847 natura:
2942 5796 3136 5842 nostra:
3160 5781 3532 5837 conditionem
3572 5789 3733 5845 supe-
