4126 6456
363 396 455 458 22!

1340 400 1720 461 PANOPLIA
1762 396 2228 460 DOGMATICA.
2259 422 2328 438 -
2358 401 2507 461 TIT.
2551 403 2687 465 VII.

3542 408 3653 470 222

375 504 571 562 Ίιῖδεῖτο
612 514 723 577 γάρ
765 509 859 561 τοῦ
905 509 1297 581 ίατρεύσοντος
1329 512 1361 580 ἡ
1399 510 1559 580 φύσις
1608 509 1769 581 ἡμῶν
1800 509 1938 563 ἁοθε

2071 509 2145 564 ris
2189 530 2460 568 :causam
2495 515 2687 578 habes,
2739 529 2838 568 cur
2886 514 2953 570 ad
2997 514 3254 572 homines
3307 516 3657 577 descenderit

318 616 321 617 '
366 602 572 668 ιήσασα
605 616 620 630 ο
682 600 857 653 ἐδεῖτο
885 600 984 653 τοῦ
1029 600 1386 671 ἁνορθοῦντος
1431 602 1457 652 ὁ
1488 601 1546 653 ἐν
1577 600 1655 670 τῷ
1704 597 1959 669 πτώματι

360 693 683 760 ἄνθρωπος·
737 692 911 745 ἐδεῖτο
958 692 1056 746 τοῦ
1100 691 1492 756 ζωοποιοῦντος
1532 694 1561 745 ό
1610 692 1958 763 ἀφαμαρτὼν

361 786 457 854 τῆς
487 784 637 853 ζωῆς
661 798 677 815 ⁶
712 783 885 837 ἐδεῖτο
914 784 1011 839 τοῦ
1039 786 1179 858 πρὸς
1202 784 1262 838 τὸ
1288 784 1494 854 ἀγαθὸν
1529 786 1896 855 ὲωνάγοντος
1927 786 1956 837 ό

357 877 673 947 ἀπορρυεὶς
716 880 816 943 τῆς
848 878 948 932 τοῦ
993 877 1200 946 ἀγαθοῦ
1242 877 1537 948 μετουσίας
1562 893 1577 911 ο
1618 877 1815 950 ἔχρῃζε
1857 877 1957 947 τῆς

366 968 463 1019 τοῦ
522 973 707 1036 φωτὸς
750 969 1060 1040 παρουσίας
1102 972 1131 1024 ὁ
1170 970 1570 1041 καθειργμένος
1607 971 1690 1042 τῷ
1735 970 1913 1040 σκότῳ
1938 988 1952 1002 ’

360 1063 624 1131 ἐπεζήτει
660 1062 753 1114 τὸν
788 1061 1073 1133 λυτρωτὴν
1112 1065 1142 1117 ὁ
1176 1065 1544 1133 αἰχμάλωτος,
1575 1064 1669 1116 τὸν
1704 1078 1955 1132 συναγω-

366 1153 547 1221 νιστὴν
576 1154 606 1205 ὁ
631 1153 944 1224 δεσμώτης,
976 1155 1069 1207 τὸν
1097 1154 1469 1226 ὲλευθερωτῂν
1497 1157 1529 1208 ὀ
1666 1155 1819 1225 ζυγῷ
1857 1156 1957 1225 τῆς

360 1246 603 1307 δουλείας
646 1250 1034 1317 κατεχόμενος.
1065 1244 1217 1317 *Αρα
1255 1250 1431 1318 μικρά
1482 1248 1655 1303 ταῦτα
1695 1248 1791 1302 καὶ
1820 1248 1956 1302 ἀνά·

354 1338 465 1403 ξια,
481 1340 577 1392 τὸν
591 1339 727 1393 Θεὸν
752 1341 1071 1412 δυσωπῆσαι
1088 1342 1226 1411 πρὸς
1247 1341 1535 1412 ἐπίσκεψιν
1550 1344 1648 1412 τῆς
1673 1342 1953 1413 ἀνθρωπε-

352 1452 453 1503 vn;
486 1438 713 1503 φύσεως
741 1435 1085 1506 κατασῆναις
1130 1437 1270 1491 Ἀλλ’
1300 1438 1447 1506 ἐξῆν,
1475 1440 1630 1510 φησὶ,
1664 1436 1758 1492 καὶ
1795 1439 1955 1509 εὐερ-

352 1527 657 1597 γετηθῆναι
674 1529 767 1582 τὸν
784 1529 1090 1600 ἄνθρωπον,
1112 1532 1204 1583 καὶ
1230 1532 1323 1584 τὸν
1341 1532 1474 1583 Θεὸν
1492 1534 1550 1584 ἐν
1568 1532 1808 1604 ἀπαθείᾳ
1838 1533 1953 1586 δια-

355 1624 571 1690 μεῖναι.
608 1622 671 1676 Ὀ
693 1624 803 1693 γὰρ
832 1624 912 1695 τῷ
945 1624 1251 1695 βουλήματι
1281 1625 1342 1678 τὸ
1373 1627 1483 1679 πᾶν
1514 1628 1948 1697 συστησάμενος,

350 1712 446 1767 καὶ
482 1715 544 1766 τὺ
581 1715 658 1784 μὴ
691 1714 752 1767 ὃν
781 1715 1098 1787 ὑποστήσας
1126 1718 1184 1769 ἐν
1214 1716 1350 1788 μόνῃ
1383 1721 1449 1787 τῇ
1480 1719 1625 1788 ὁρμῇ
1663 1718 1756 1771 τοῦ
1790 1718 1949 1788 θελήο

350 1820 550 1873 ματος,
576 1803 632 1855 τί
654 1804 775 1873 οὐχὶ
799 1804 892 1859 καὶ
914 1809 1009 1859 τὸν
1033 1805 1323 1876 ἄνθρωπον
1339 1809 1408 1861 δι’
1439 1808 1773 1873 αὑθεντικῆς
1799 1826 1944 1872 τινος

345 1898 441 1948 καὶ
466 1896 666 1966 θεῖκῆς
695 1896 946 1961 ἐξουσίας
976 1898 1074 1967 τῆς
1107 1900 1357 1964 ἐναντίας
1381 1901 1674 1970 δυνάμεως
1698 1905 1949 1958 ἀποσπά-

346 2006 451 2053 σας
502 1990 644 2058 πρὸς
697 1990 796 2059 τὴν
828 1989 889 2055 ἕξ
914 1991 1091 2062 ἀρχῆς
1135 1991 1259 2059 ἄγει
1294 1994 1652 2059 κατάστασιν,
1700 1997 1747 2049 εί
1789 1997 1948 2051 τοῦτο

344 2086 506 2153 φίλον
540 2084 735 2156 αὑτῷς
779 2085 946 2139 Ἀλλὰ
976 2086 1193 2157 μακρὰς
1249 2087 1604 2159 περιέρχεται
1634 2089 1941 2160 περιόδους,

346 2182 608 2252 σώματος
674 2185 1051 2254 ὑπερχόμενος
1102 2182 1283 2253 φύσιν,
1345 2186 1437 2239 καὶ
1482 2187 1583 2249 ,διὰ
1634 2189 1946 2258 γεννήσεως

342 2274 567 2346 παριὼν
597 2278 677 2339 είς
706 2275 797 2328 τὸν
849 2275 983 2345 βίον,
1032 2277 1128 2331 καὶ
1158 2279 1339 2331 πᾶσαν
1374 2278 1689 2341 ἀκολούθως
1723 2279 1943 2349 ἡλικίαν

344 2365 609 2432 διεξιὼν,
666 2363 787 2421 εἶτα
837 2367 1068 2422 θανάτου
1130 2371 1446 2439 γενόμενος,
1506 2372 1603 2424 καί⁵
1653 2370 1798 2425 οὕτω
1856 2372 1943 2426 διὰ

342 2462 442 2529 τῆς
505 2461 603 2515 τοῦ
668 2459 801 2515 ἰδίου
872 2465 1128 2531 σώματος
1184 2465 1535 2530 ἀναστάσεως
1589 2466 1680 2521 τὸν
1739 2467 1941 2521 σκοπὸν

338 2553 545 2618 ἀνύων,
578 2554 657 2616 ὡς
692 2555 792 2608 οὐκ
818 2553 940 2619 ὲξὶν
974 2554 1124 2627 αὑτῷ
1150 2557 1365 2627 μένοντι
1389 2558 1483 2612 ἐπὶ
1520 2558 1616 2612 τοῦ
1645 2558 1816 2629 ὕψους
1844 2563 1946 2631 τῆς

340 2646 538 2715 θεϊκῆς
572 2644 735 2716 δόξης
765 2646 853 2699 διὰ
880 2646 1306 2717 προστάγματος
1356 2649 1525 2702 σῶσαι
1583 2650 1674 2701 τὸν
1730 2650 1941 2721 ἄνθρω-

336 2755 458 2803 πον,
493 2736 597 2799 τὰς
634 2737 690 2790 δὲ
718 2735 977 2799 τοιαύτας
1007 2738 1290 2809 περιόδους
1313 2739 1529 2809 χαίρειν
1556 2741 1719 2794 ἐᾶσαι
1745 2757 1759 2806 ;
1793 2742 1940 2794 Οὺκη

334 2826 426 2877 οὖν
460 2826 690 2895 ἀνάγκη
726 2828 823 2878 καὶ
849 2827 969 2889 ταῖς
999 2826 1283 2892 τοιαύταις
1327 2829 1437 2882 τῶν
1483 2829 1813 2884 ἀντιθέσεων
1834 2833 1935 2885 ἀν-

336 2916 751 2988 τικαταστῆναι
783 2918 917 2987 παρ’
945 2916 1105 2988 ἡμῶν
1139 2920 1238 2989 τὴν
1264 2920 1550 2990 ἀλήθειαν,
1578 2922 1656 2985 ὡς
1713 2923 1783 2976 ἂν
1842 2921 1931 2977 διὰ

338 3007 575 3077 μηδενὸς
614 3009 648 3078 ὴ
678 3007 867 3072 πίστις
896 3009 1163 3062 κωλύοιτο
1179 3010 1290 3065 τῶν
1320 3012 1682 3078 ἐξεταστικῶς
1712 3012 1936 3084 ζητούν-

333 3119 435 3154 των
463 3101 561 3154 τοῦ
604 3102 915 3172 μυστηρίου
951 3104 1044 3156 τὸν
1064 3102 1248 3171 λόγον.
1284 3104 1510 3173 Πρῶτον
1535 3105 1636 3175 μὲν
1663 3104 1756 3178 οοξν
1781 3105 1834 3157 τί
1855 3107 1922 3177 τῇ

2073 605 2236 661 Deus.
2272 605 2476 676 Egebat
2506 607 2720 662 medico
2741 616 2932 661 natura
2963 618 3176 674 nostra,
3209 610 3303 680 qui
3339 613 3561 668 morbos
3604 624 3661 670 et

2068 697 2425 767 aegritudines
2456 706 2673 751 curaret
2695 711 2843 752 suas.
2875 697 2975 764 Qui
2998 698 3184 770 lapsus
3213 701 3431 771 iacebat
3467 704 3655 770 homo,

2074 788 2198 858 ejus
2228 805 2417 858 opera,
2448 804 2476 844 a
2498 804 2607 859 quo
2630 790 2986 854 excitaretur,
3007 791 3302 862 indigebat.
3336 793 3443 860 Qui
3471 811 3499 849 a
3544 797 3658 851 vita

2067 883 2416 945 discesserat,
2438 883 2634 953 egebat
2658 881 2804 937 illius
2830 883 3058 946 auxilio,
3079 883 3172 951 qui
3205 899 3265 938 se
3295 883 3350 938 in
3375 895 3540 941 vitam
3570 902 3661 942 re-

2065 984 2311 1030 vocaret.
2332 974 2535 1046 Egebat
2562 976 2712 1031 illius
2736 991 2860 1046 ope,
2894 991 2923 1030 a
2948 990 3057 1046 quo
3078 976 3431 1032 reduceretur
3464 979 3517 1032 in
3537 979 3656 1049 pri-

2066 1068 2270 1123 stinum
2289 1068 2555 1122 bonorum
2581 1076 2781 1124 statum
2801 1068 2941 1138 quia
2964 1068 3308 1138 perfruendis
3329 1070 3492 1125 bonis
3511 1075 3658 1128 exci-

2064 1160 2240 1215 derat.
2262 1160 2466 1229 Egebat
2488 1160 2625 1215 lucis
2647 1160 2980 1229 praestantia,
3013 1161 3186 1229 quiin
3223 1160 3467 1216 tenebris
3496 1177 3655 1216 coer-

2065 1253 2311 1308 cebatur.
2368 1254 2709 1324 chuirebat
2756 1264 3090 1310 servatorem
3135 1255 3401 1325 captivus,
3435 1256 3655 1309 vinctus

2063 1358 2318 1411 tutorem,
2367 1348 2715 1402 liberatorem
2773 1347 2885 1410 ille,
2929 1346 3022 1416 qui
3072 1346 3173 1400 sub
3223 1346 3653 1417 servitutisjugo

2061 1440 2430 1495 detinebatur.
2472 1439 2724 1494 Parvane
2787 1448 2947 1494 erant
2979 1438 3095 1494 haec
3126 1447 3181 1493 et
3235 1436 3476 1507 indigna,
3529 1454 3651 1507 quae

2062 1532 2210 1587 Deus
2246 1531 2362 1601 ipse
2394 1533 2722 1603 susciperet,
2754 1540 2917 1601 atque
2947 1541 3255 1602 praestaret,
3280 1532 3344 1588 ad
3367 1544 3651 1589 naturam-

2058 1642 2167 1695 que
2216 1626 2510 1679 humanam
2560 1624 2886 1678 visitandam
2938 1624 3321 1689 descenderet,
3360 1640 3482 1695 quae
3539 1632 3648 1677 Iam

2058 1718 2442 1773 miserabiliter
2468 1726 2631 1787 atque
2671 1716 2961 1772 infeliciter
2982 1717 3178 1773 affecta
3206 1718 3361 1772 erat?
3422 1718 3489 1769 At
3509 1716 3646 1771 lice-

2057 1812 2170 1878 bat,
2204 1811 2443 1880 inquies,
2483 1812 2616 1875 Deo,
2648 1819 2707 1864 ut
2740 1810 2878 1864 nihil
2912 1809 3027 1879 ipse
3064 1819 3366 1879 pateretur,
3430 1809 3498 1864 de
3553 1810 3651 1863 lto-

2055 1906 2202 1960 utine
2238 1905 2379 1959 bene
2405 1904 2621 1958 mereri.
2650 1904 2756 1969 Qui
2778 1903 2925 1957 enim
2979 1904 3245 1958 mundum
3305 1902 3646 1967 universum,

2054 2014 2179 2054 cum
2212 1997 2394 2052 nullus
2422 2006 2588 2062 esset,
2627 1996 2858 2051 consilio
2918 2003 2973 2050 et
3009 1995 3128 2049 solo
3159 1994 3459 2049 voluntatis
3494 2003 3643 2048 motu

2054 2108 2122 2147 ex
2163 2092 2335 2146 nihilo
2367 2090 2752 2155 constituerat,
2784 2103 2884 2143 cur
2915 2102 3027 2142 non
3056 2074 3224 2152 idem,
3286 2087 3331 2141 si
3403 2094 3510 2140 tam
3568 2085 3645 2138 illi

2052 2184 2104 2238 id
2130 2193 2247 2238 erat
2269 2184 2443 2248 cordi,
2479 2181 2754 2237 hominem
2780 2181 2977 2236 divinae
3008 2181 3292 2251 potestatis
3321 2179 3647 2234 auctoritate

2053 2290 2117 2329 ex
2149 2275 2449 2331 adversarii
2482 2275 2766 2328 dominatu
2795 2274 3089 2328 liberatum
3122 2273 3177 2326 in
3212 2271 3500 2342 pristinum
3533 2278 3648 2324 sta-

2053 2378 2169 2423 tum
2201 2367 2480 2422 restituit?
2511 2365 2620 2421 Cur
2652 2378 2761 2421 tam
2786 2366 2977 2435 longas
3039 2371 3358 2434 persecutus
3390 2372 3474 2417 est
3506 2362 3644 2427 vias,

2054 2462 2185 2516 dum
2222 2459 2469 2529 corporis
2496 2466 2752 2513 naturam
2794 2458 3076 2512 assumit?
3126 2457 3255 2511 dum
3294 2462 3542 2509 nascens
3588 2452 3643 2505 in

2053 2555 2224 2609 vitam
2258 2552 2605 2624 ingreditur?
2663 2543 2792 2605 dum
2853 2563 3073 2603 omnem
3141 2546 3336 2601 ordine
3393 2542 3646 2614 transigit

2047 2656 2264 2701 aetatem
2301 2660 2476 2709 suam,
2510 2652 2853 2711 mortemque
2886 2640 3107 2695 tandem
3136 2639 3409 2708 degustat,
3436 2645 3491 2690 et
3513 2650 3642 2704 pro-

2048 2738 2168 2810 prio
2194 2751 2429 2808 corpore
2474 2736 2541 2789 ad
2566 2735 2757 2806 ‘vitam
2814 2741 3070 2787 revocato
3128 2729 3476 2801 propositum
3534 2726 3642 2781 sibi

2041 2834 2206 2888 ﬁnem
2239 2830 2571 2901 assequitur,
2640 2828 2794 2898 quasi
2820 2827 2876 2881 in
2910 2824 3125 2881 excelsa
3157 2820 3458 2878 divinitatis
3522 2818 3642 2889 glo-

2044 2924 2123 2979 ria
2159 2938 2388 2977 manens
2437 2922 2640 2975 omisso
2697 2928 2806 2973 tam
2852 2918 3012 2986 longo
3069 2915 3302 2969 circuitu
3361 2910 3640 2966 hominem

2043 3018 2205 3087 jussu
2232 3030 2453 3070 scrvare
2478 3030 2586 3066 non
2616 3011 2844 3081 posset?
2873 3008 3111 3064 Necesse
3147 3014 3253 3070 est,
3314 3005 3477 3059 etiam
3519 3002 3641 3056 istis

2053 3107 2393 3182 argumentis
2456 3104 2819 3174 respondere,
2878 3102 3276 3168 veritatemque
3346 3095 3640 3150 defendere

338 3196 509 3265 ἀρετῇ
544 3195 697 3247 κατὰ
719 3194 783 3245 τὸ
813 3195 1065 3247 ἐναντίον
1096 3195 1566 3267 ἀντικαθέστηκεν
1622 3198 1938 3267 ἐπισκεψώ-

2047 3214 2105 3260 et
2126 3203 2364 3273 aperire,
2390 3215 2459 3255 ne
2490 3215 2593 3268 qua
2623 3199 2701 3254 vis
2728 3197 2852 3251 lidei
2885 3193 3242 3265 religionique
3276 3190 3543 3245 inferatur
3570 3186 3638 3240 ab

335 3287 494 3355 ιιεθα.
533 3286 630 3351 Ὦς
662 3286 811 3355 φωτὶ
843 3286 1057 3354 σκότος,
1086 3288 1179 3342 καὶ
1200 3287 1432 3349 θάνατος
1454 3292 1518 3361 τῇ
1541 3292 1678 3361 ζωῇ,
1705 3290 1849 3343 οὕτω
1871 3294 1937 3363 τῇ

332 3382 497 3449 ἀρετῇ
537 3382 575 3450 ἡ
612 3378 815 3444 κακία,
853 3378 1125 3448 δηλονότι,
1179 3382 1275 3433 καὶ
1311 3382 1466 3435 οὐδὲν
1528 3383 1677 3453 παρά
1729 3384 1935 3453 ταύτην

330 3478 542 3544 ὶτερον.
574 3470 858 3542 Καθάπερ
885 3474 994 3543 γὰρ
1026 3473 1239 3528 πολλῶν
1269 3472 1442 3528 ὄντων
1465 3475 1731 3547 τῶνὲνιτῇ
1759 3478 1935 3531 κτίσει

334 3566 760 3637 θεωρουμένων,
799 3567 955 3620 οὐδὲν
996 3567 1126 3622 ἄλλο
1162 3566 1301 3638 πρὸς
1329 3568 1389 3619 τὸ
1428 3568 1545 3636 φῶς
1574 3568 1615 3638 ἢ
1660 3571 1760 3641 τὴν
1788 3571 1934 3639 ζωὴν

343 3659 444 3726 τὴν
468 3659 738 3725 ἀντίθεσιν
759 3658 898 3729 ἔχει,
930 3659 993 3713 οὐ
1014 3658 1185 3722 λίθος,
1210 3659 1270 3711 οὐ
1306 3659 1483 3723 ξύλον,
1513 3662 1613 3731 οὐχ
1633 3659 1782 3731 ὕδωρ
1828 3662 1932 3714 οὐκ

355 3747 654 3817 ἅνθρωπος,
678 3750 781 3803 οὐκ
813 3748 944 3803 ἄλλο
965 3765 1019 3802 τι
1039 3749 1150 3804 τῶν
1178 3749 1348 3803 ὅντων
1400 3750 1578 3815 οὐδὲν,
1605 3751 1745 3822 πλὴν
1786 3753 1931 3815 ἰδίως

346 3843 415 3894 τὰ
448 3840 588 3894 κατά
620 3842 676 3895 τὸ
704 3840 961 3896 ἐναντίον
988 3842 1278 3912 νοούμενα,
1306 3838 1421 3897 οἷον
1455 3843 1646 3905 σκότος
1696 3844 1791 3896 καὶ
1840 3846 1935 3899 θά-

337 3950 495 3993 νατος
517 3948 534 3963 ⁸
558 3931 708 3985 οὕτω
735 3932 831 3986 καὶ
844 3932 938 3985 ἐπὶ
962 3933 1065 4003 τῆς
1080 3934 1284 4004 ἀρετῆς
1308 3934 1487 3988 οὐκᾶν
1504 3951 1587 3997 τις
1614 3935 1792 3988 κτίσιν
1808 3936 1933 3991 τινὰ

331 4030 476 4081 αατά
506 4032 570 4080 τὸ
596 4028 846 4082 ἐναντίον
876 4027 1017 4097 αὐτῇ
1046 4028 1289 4081 νοεῖσθαι
1320 4028 1474 4096 λέγοι
1517 4030 1658 4100 πλὴν
1697 4031 1759 4081 τὸ
1790 4030 1932 4084 κατά

330 4120 531 4173 κακίαν
562 4121 769 4190 νόημα.
791 4120 1024 4186 Οὐκοῦν,
1061 4121 1107 4172 εί
1141 4119 1240 4190 μὲν
1270 4123 1328 4174 ὲν
1368 4121 1537 4193 κακίᾳ
1563 4122 1928 4192 γεγεννῆσθαι

330 4212 387 4263 τὸ
415 4212 582 4264 Θεϊον
636 4213 665 4263 ὁ
698 4212 969 4281 ἡμέτερος
1013 4210 1322 4282 ἐπρέσϐευε
1353 4211 1535 4280 λόγος,
1561 4212 1754 4281 καιρὸν
1787 4209 1935 4282 εἶχεν

330 4304 358 4355 ὁ
417 4303 733 4371 ἀντιλέγων
780 4303 1147 4375 κατατρέχειν
1203 4303 1362 4374 ἡμῶν
1405 4304 1507 4373 τῆς
1541 4304 1800 4371 πίστεως,
1854 4307 1929 4369 ὡς

331 4396 668 4467 ἀνάρμοστα
717 4414 777 4448 τε
819 4396 912 4449 καὶ
963 4398 1385 4467 ἀπεμφαίνοντα
1459 4401 1588 4469 περὶ
1640 4401 1739 4469 τῆς
1778 4397 1929 4463 θείας

330 4491 558 4558 φύσεως
596 4491 1063 4559 δογματιζόντων·
1088 4492 1146 4544 οὐ
1172 4496 1281 4562 γὰρ
1304 4492 1369 4562 δὴ
1409 4492 1633 4562 θεμιτὸν
1661 4489 1729 4563 ἦν
1757 4494 1921 4546 αὐτου

334 4585 553 4653 σοφίαν,
585 4586 683 4637 καὶ
715 4585 1054 4655 ἀγαθότητα,
1108 4588 1205 4639 καί¹
1262 4584 1598 4657 ἀφθαρσίαν,
1642 4589 1734 4640 καὶ
1770 4587 1825 4641 εί
1871 4603 1923 4640 τι

333 4677 545 4745 ὑψηλόν
587 4678 706 4729 ἐστι
737 4678 915 4747 νόημά
930 4690 993 4728 τε
1021 4677 1115 4729 καὶ
1147 4677 1341 4747 ὄνομα,
1374 4678 1512 4746 πρὸς
1562 4676 1626 4729 τὸ
1677 4677 1941 4731 ἐναντίον-

333 4767 840 4837 μεταπεπτωκέναι
870 4767 1072 4836 λέγειν.
1101 4768 1162 4820 Εί
1196 4767 1291 4821 οὖν
1320 4769 1455 4831 Θεὸς
1490 4768 1589 4838 μὲν
1634 4770 1675 4839 ἠέ
1719 4767 1927 4838 ἀληθὴς

332 4861 531 4929 ἁρετὴ,
564 4858 811 4927 φύσιςδέ
848 4878 933 4923 τις
993 4860 1095 4912 οὐκ
1147 4861 1565 4926 ἀντιδιαιρεῖται
1620 4863 1686 4930 τῇ
1732 4862 1926 4929 ἀρετῇ,

330 4952 473 5005 ἀλλά
505 4952 700 5013 κακία,
730 4948 863 5013 Θεὸς
894 4951 951 5004 δὲ
972 4952 1074 5004 οὐκ
1104 4951 1380 5022 ὲνίκακία,
1414 4951 1532 5005 ἀλλ’
1553 4955 1611 5005 ὲν
1633 4951 1937 5023 ἀνθρώπου.

332 5048 554 5110 γίνεται
599 5044 784 5114 φύσει,
848 5045 1015 5116 μόνον
1055 5046 1112 5100 δὲ
1155 5048 1403 5118 ἀπρεπὲς
1458 5048 1553 5101 καὶ
1607 5048 1838 5119 αἰσχρὸν
1868 5049 1930 5100 τὸ

333 5138 479 5191 κατά
512 5140 718 5190 κακίαν
767 5138 964 5205 πάθος,
992 5140 1051 5192 ὲν
1075 5133 1117 5206 ᾧ
1144 5138 1268 5192 οὔτε
1301 5140 1527 5209 γέγονεν
1551 5143 1581 5194 ὀ
1616 5139 1769 5207 Θεὸς,
1802 5140 1927 5195 οὔτε

330 5232 595 5299 γενέσθαι
626 5232 792 5300 φύσιν
817 5232 956 5302 ἔχει,
992 5232 1047 5285 τί
1077 5232 1508 5301 ἐπαισχύνονται
1551 5237 1617 5305 τῇ
1665 5233 1929 5305 ὁμολογίᾳ

330 5323 427 5376 τοῦ
454 5325 593 5377 Θεὸν
632 5323 990 5393 ἀνθρωπίνης
1043 5324 1285 5393 ἅψασθαι
1349 5327 1589 5393 φύσεως,
1628 5327 1749 5380 οὐδὲ
1797 5329 1928 5396 μιᾶς

334 5418 727 5488 ἐναντιότητος
764 5417 841 5478 ὡς
865 5418 1004 5487 πρὸς
1037 5418 1129 5470 τὸν
1152 5419 1252 5487 τῆς
1306 5416 1516 5487 ἀρετῆς
1579 5418 1744 5486 λόγον
1769 5422 1827 5473 ὲν
1860 5424 1927 5491 τῇ

336 5512 657 5578 κατασκευῇ
720 5507 821 5561 τοῦ
874 5507 1171 5577 ἀνθρώπου
1226 5508 1635 5581 θεωρουμένης
1671 5509 1815 5563 Οὔτε
1864 5513 1926 5564 τὸ

332 5600 709 5671 διανοητικὸν,
740 5595 871 5651 οὔτε
924 5596 986 5650 τὸ
1014 5599 1332 5669 ἐπιστήμης
1370 5599 1642 5666 δεκτικὸν,
1677 5599 1803 5652 οὔτε
1831 5600 1927 5653 ἄλ-

333 5693 391 5744 λο
429 5711 479 5747 τι
499 5688 829 5757 comato/,6
862 5689 965 5757 τῆς
997 5689 1351 5762 ἀνθρωπίνης
1393 5690 1528 5744 ἴδιον
1558 5691 1745 5754 οὐσίας
1789 5691 1927 5759 ἐστὶ,

329 5786 401 5855 τῷ
433 5787 580 5858 λόγῳ
617 5786 724 5856 τῆς
749 5783 955 5855 ἀρετῆς
990 5783 1338 5853 ἡναντίωται.
1385 5783 1524 5836 Ἀλλ’
1550 5782 1711 5854 αὑτὴ,
1740 5786 1926 5854 φησὶν,

326 5882 356 5950 ἡ
382 5884 559 5953 τροπὴ
596 5878 695 5934 τοῦ
731 5876 1015 5947 ἡμετέρου
1046 5874 1291 5945 σώματος
1318 5874 1499 5941 πάθος
1523 5875 1697 5944 ἐστὶν,
1726 5877 1752 5930 ὁ
1784 5876 1841 5929 δὲ
1864 5878 1920 5931 ἐν

2047 3302 2137 3367 iis,
2169 3298 2260 3369 qui
2295 3296 2539 3369 mysterii
2584 3296 2850 3349 rationem
2906 3290 3119 3345 curiose
3171 3285 3475 3355 inquirunt.
3521 3282 3641 3337 Pri-

2050 3408 2198 3445 mum
2233 3391 2422 3460 igitur,
2456 3387 2584 3456 quid
2620 3384 2806 3438 virtuti
2862 3397 2891 3435 c
2938 3378 3217 3435 contrario
3285 3375 3644 3445 respondeat,

2057 3483 2500 3540 consideremus.
2532 3481 2605 3536 Ut
2633 3481 2744 3533 luci
2776 3476 3035 3539 tenebrae,
3063 3484 3121 3528 ut
3151 3488 3298 3527 mors
3356 3468 3503 3536 vitae,
3557 3467 3638 3522 sic

2048 3574 2236 3627 virtuti
2272 3572 2461 3627 vitiutn
2508 3566 2845 3625 contrarium
2895 3572 3006 3629 est,
3064 3578 3128 3618 ac
3182 3561 3320 3615 nihil
3373 3568 3636 3630 praeterea

2047 3665 2214 3720 aliud.
2258 3662 2732 3731 Quemadmodum
2780 3658 2951 3718 enim,
2985 3672 3108 3711 cum
3154 3655 3334 3707 multa:
3390 3651 3500 3705 sint
3549 3664 3647 3703 res.

2041 3759 2098 3813 in
2137 3767 2351 3820 natura,
2380 3757 2531 3809 nulla
2558 3765 2737 3806 tamen
2769 3749 2894 3813 luci,
2924 3750 3158 3816 vita-que
3185 3761 3216 3800 e
3235 3742 3514 3800 conlrario
3537 3758 3636 3811 op-
3701 3757 3707 3763 '

2043 3852 2291 3920 ponitur,
2322 3864 2432 3902 non
2468 3847 2625 3916 lapis,
2692 3859 2802 3895 non
2851 3841 3081 3910 lignum,
3144 3854 3252 3891 non
3303 3850 3464 3904 aqua,
3519 3850 3631 3887 non

2045 3942 2234 4004 homo,
2269 3940 2421 3993 nulla
2441 3938 2682 4007 denique
2724 3934 2851 4000 alia,
2878 3940 3080 4003 praster
3116 3929 3255 3995 illas,
3306 3942 3443 3997 quas
3506 3941 3635 3980 vere

2043 4032 2426 4104 cognoscimus
2456 4031 2589 4100 ipsis
2618 4043 2741 4083 esse
2782 4024 3111 4088 contrarias,
3165 4022 3405 4077 tenebrae
3470 4019 3652 4073 nimi-

2040 4144 2162 4184 rum
2217 4136 2272 4181 et
2320 4140 2466 4179 mors
2496 4141 2511 4191 ;
2549 4122 2627 4178 sic
2652 4122 2816 4175 etiam
2850 4119 2904 4172 in
2929 4117 3129 4173 virtute
3160 4113 3238 4179 lit,
3273 4116 3359 4169 cui
3419 4112 3557 4166 nihil
3601 4127 3632 4166 e

2041 4218 2318 4275 contrario
2342 4216 2463 4287 quis
2503 4211 2847 4284 Opposuerit,
2884 4219 3078 4279 prmter
3110 4206 3327 4261 vitium.
3361 4204 3543 4273 Quare
3583 4203 3629 4258 si

2039 4316 2097 4370 in
2127 4314 2219 4369 Dei
2243 4321 2368 4367 ortu
2400 4310 2589 4364 vitium
2631 4304 2850 4375 aiiquod
2887 4305 3065 4358 inesse
3090 4299 3324 4355 dicendo
3354 4297 3633 4353 concessi-

2050 4424 2199 4472 mus,
2220 4416 2436 4475 tempus
2460 4410 2599 4467 erat,
2629 4411 2688 4453 ut
2716 4393 3177 4467 quicontradicit,
3202 4392 3361 4447 (idem
3388 4400 3640 4446 nostram.

2038 4503 2345 4567 invaderet,
2372 4496 2518 4567 quod
2576 4492 2833 4555 absurda,
2879 4500 3197 4558 naturaeque
3230 4486 3445 4549 divinaej
3472 4484 3633 4538 mitti-

2035 4574 2523 4652 tueconvenientia
2556 4584 2992 4657 tradidissemus.
3019 4581 3210 4649 Neque
3241 4578 3391 4631 enim
3418 4577 3501 4630 las
3529 4576 3640 4633 fuit

2033 4691 2213 4760 ipsum
2245 4681 2589 4753 sapientiam,
2623 4674 3020 4738 etbonitatem,
3054 4682 3109 4726 et
3136 4670 3638 4735 immortalitatem,

2030 4793 2086 4841 et
2123 4780 2167 4837 si
2200 4778 2329 4848 quid
2350 4773 2512 4829 aliud
2538 4773 2861 4843 praeclarum
2883 4765 3115 4839 cogitari
3182 4764 3399 4832 dicique
3427 4770 3629 4830 potest,

2029 4886 2277 4929 κοίη-ωηο
2307 4869 2361 4923 in
2393 4865 2665 4922 contraria
2718 4862 3008 4919 decidisse.
3036 4858 3191 4927 Qtod
3220 4857 3266 4911 si
3303 4871 3427 4911 vera
3460 4854 3634 4910 virtus

2032 4976 2121 5021 est
2153 4963 2319 5027 Deus,
2355 4973 2551 5021 natura
2587 4966 2772 5012 autem
2808 4953 2996 5008 virtuti
3030 4967 3145 5007 non
3179 4962 3264 5005 est
3328 4948 3637 5012 contraria,

2034 5056 2129 5112 sed
2155 5056 2370 5121 vitium,
2410 5053 2554 5107 Deus
2593 5065 2721 5106 vero
2753 5063 2863 5102 non
2905 5048 2958 5101 in
3006 5044 3158 5108 vitio,
3194 5043 3291 5099 sed
3326 5042 3383 5095 in
3452 5040 3633 5095 Ιιυιυὶ-

2033 5150 2125 5203 nis
2153 5156 2353 5200 natura
2415 5152 2576 5198 natus
2635 5150 2741 5205 est,
2797 5154 2901 5193 nec
2958 5136 3255 5206 quidquam
3310 5133 3631 5189 indecorum

2033 5256 2099 5297 ac
2166 5250 2347 5308 turpe,
2402 5245 2602 5306 praster
2642 5234 2761 5289 vitii
2808 5231 3183 5295 affectionem,
3248 5230 3432 5296 inqua
3490 5227 3635 5281 Dens

2032 5346 2137 5385 nec
2158 5328 2283 5393 fuit,
2318 5342 2421 5381 nec
2442 5340 2566 5379 esse
2604 5323 2784 5394 potuit
2815 5340 2830 5375 :
2864 5322 2997 5393 quid
3045 5328 3305 5374 verentur
3355 5316 3628 5376 conﬁteri,

2033 5420 2204 5477 Deum
2237 5427 2489 5471 naturam
2515 5415 2808 5468 humanam
2841 5411 3103 5475 induisse,
3126 5425 3248 5464 cum
3282 5408 3335 5462 in
3388 5404 3630 5459 hominis

2033 5509 2443 5566 constructione
2500 5506 2634 5560 nihil
2692 5504 2884 5560 virtuti
2935 5502 3275 5558 contrarium
3314 5512 3435 5551 esse
3500 5510 3621 5548 cer-

2033 5602 2232 5670 naturi?
2316 5600 2506 5669 Neque
2575 5598 2721 5652 enim
2780 5594 2927 5666 quod
2982 5594 3213 5655 ratione,
3273 5586 3625 5655 cogitatione,

2032 5704 2220 5749 mente
2274 5691 2533 5761 prteditus
2598 5698 2706 5753 est,
2768 5698 2860 5740 aut
2942 5685 3005 5739 ad
3065 5680 3347 5737 scientiam
3448 5676 3623 5747 perci-

2038 5785 2288 5856 piendam
2321 5784 2573 5848 idoneus,
2606 5797 2705 5836 nec
2745 5779 3044 5849 quidquam
3070 5772 3217 5827 aliud
3241 5772 3454 5834 eorum,
3497 5784 3619 5835 qua:

2034 5889 2240 5932 natura:
2328 5878 2583 5931 humana:
2662 5870 2884 5945 propria
2960 5875 3109 5933 sunt,
3191 5863 3495 5918 abhoxrcnt
3584 5872 3614 5910 a
