4126 6452
448 381 556 441 2J3

1674 373 1850 432 ΕΗΓὶ
1867 373 1990 432 iYM
2008 372 2062 430 ll
2105 373 2274 431 thjA
2288 372 2466 431 BEN!

3608 367 3716 429 9.24

449 490 768 549 deﬁnitione
796 488 1030 542 virtutis.
1066 488 1133 540 At
1159 485 1298 555 ipsa,
1326 483 1561 552 inquies.
1584 483 1758 536 nostri
1785 481 2031 551 corpuris
2059 528 2063 538 .

2165 484 2303 551 ούτῳ
2362 479 2605 550 γεγονὼς
2645 482 2704 536 ἐν
2759 481 2922 537 πάθει
2975 479 3207 548 γίνεται.
3270 476 3510 540 Ἀπαθὲς
3544 475 3602 530 δδ
3653 480 3718 530 τὸ

451 580 762 637 immutatio
804 579 930 649 quid
967 578 1110 632 aliud
1149 584 1251 641 est,
1276 590 1435 644 quam
1464 573 1682 628 aiiectio
1718 589 1780 626 ac
1821 583 2037 642 pertur-

449 673 619 736 batio,
641 687 670 725 a
698 687 822 740 qua,
853 671 944 739 qui
977 671 1030 722 in
1068 682 1296 738 corpore
1327 678 1430 732 est,
1459 667 1650 720 abesse
1678 681 1786 718 non
1821 663 2038 733 potest?

453 765 596 819 Deus
613 773 793 817 autem
827 762 1004 816 omnis
1035 759 1462 831 perturbationis
1487 767 1573 811 est
1595 772 1808 826 expers.
1836 755 2040 822 Quam-

453 857 642 909 obrem
668 855 774 908 Deo
796 854 970 908 aliena
1001 863 1086 906 est
1113 853 1230 906 haec
1263 851 1472 922 opinio,
1506 849 1550 905 si
1589 849 1806 918 quidem
1844 847 2036 913 Deum,

452 947 545 1015 qui
581 954 774 998 natura
807 960 900 998 sua
956 953 1112 998 vacat
1152 945 1299 998 omni
1356 941 1784 1012 perturbatione,
1811 940 1878 994 ad
1917 955 2040 995 eam

455 1035 840 1105 degustandam
887 1035 1105 1089 venisse
1155 1035 1484 1104 praedicatis.
1528 1033 1608 1087 Ad
1659 1033 1776 1088 haec
1828 1045 2042 1100 quoque

347 1175 356 1182 ,
452 1123 782 1178 Confulanda
809 1125 1055 1180 eamdem
1085 1126 1352 1180 rationem
1391 1123 1792 1182 adhibebimus.
1837 1121 2042 1176 dicem.

453 1230 624 1284 usque
670 1215 1037 1283 aﬂ‘cctionem,
1079 1232 1177 1270 seu
1227 1217 1692 1286 perturbationem
1755 1213 2042 1285 dupliciter

454 1307 652 1376 accipi,
688 1307 908 1377 proprie
939 1316 995 1362 et
1028 1307 1345 1378 improprie.
1370 1308 1502 1373 Qua:
1527 1306 1672 1362 enim
1703 1307 2040 1360 voluntatem

453 1398 692 1468 attingit,
724 1414 953 1468 eamque
991 1415 1019 1452 a
1054 1400 1252 1454 virtute
1277 1399 1496 1454 deducit
1529 1399 1596 1453 ad
1654 1397 1869 1462 vitium,
1917 1411 2045 1450 vere

455 1488 657 1542 dicitur
700 1489 1053 1559 perturbatio.
1087 1490 1218 1556 Quae
1246 1499 1426 1544 autem
1467 1490 1659 1546 ordine
1694 1489 1927 1558 quodam
1945 1503 2046 1542 suo

455 1595 554 1650 per
583 1592 832 1637 naturam
863 1593 1131 1637 commeat
1187 1592 1349 1653 atque
1374 1581 1736 1652 progreditur,
1776 1596 1840 1636 ea
1873 1581 2044 1650 magis

459 1675 679 1745 prOprie
727 1675 890 1737 actio,
935 1691 1098 1744 quam
1144 1674 1486 1744 perturbatio
1537 1681 1719 1743 posset
1759 1673 2044 1743 appellari,

461 1764 637 1832 qualis
663 1773 747 1818 est
776 1773 950 1830 ortus,
983 1773 1355 1834 augmentum,
1405 1763 1747 1832 subjectique
1797 1778 1894 1833 per
1943 1778 2042 1818 ac-

460 1855 763 1910 cessionem
801 1857 1275 1925 secessionemque
1327 1857 1435 1911 cibi
1486 1856 1846 1924 conservatio,
1872 1866 1927 1911 et
1975 1857 2045 1913 ad
2079 1816 2129 1878 Β

463 1963 665 2017 corpus
740 1949 827 2004 vel
880 1949 1324 2004 constituendum
1399 1950 1562 2004 coitio
1624 1958 1680 2005 et
1748 1965 2050 2007 concursus

461 2038 882 2104 rlementorum,
916 2041 1000 2094 vel
1031 2041 1432 2095 dissolvendum
1475 2043 1794 2096 eorumdem
1821 2042 2051 2098 distrac-

463 2129 559 2193 tio,
591 2138 647 2183 et
681 2130 748 2184 ad
779 2130 1057 2198 proprium
1089 2131 1355 2201 cuiusque
1388 2130 1563 2185 locum
1618 2133 1824 2186 reditus
1891 2141 2055 2200 atque

463 2220 725 2274 SCCeSaiO.
760 2219 947 2274 Utram
982 2221 1144 2291 igitur
1195 2222 1388 2275 harum
1441 2224 1762 2292 mysterium
1805 2232 2053 2276 nostrum

465 2313 661 2365 asserit
693 2313 858 2366 Deum
885 2313 1166 2382 attigisse?
1200 2329 1414 2378 eamne,
1447 2330 1568 2384 quae
1597 2315 1818 2384 proprie
1845 2322 2054 2383 pertur-

466 2402 611 2456 batio
642 2413 882 2468 vocatur,
922 2415 976 2457 et
1023 2405 1211 2458 vitium
1253 2415 1358 2471 est,
1407 2421 1477 2458 an
1525 2405 1700 2479 illam,
1749 2419 1872 2474 qua:
1917 2403 2055 2458 nihil

469 2493 619 2547 aliud
648 2501 753 2558 est,
785 2510 948 2563 quam
985 2494 1148 2558 actio,
1179 2504 1232 2548 ct
1257 2504 1448 2549 motus
1487 2495 1709 2564 quidam
1760 2494 2057 2549 naturalis?

468 2585 528 2638 Si
559 2585 703 2638 enim
730 2583 784 2638 in
814 2585 1054 2638 motibus
1086 2584 1190 2639 illis
1212 2585 1393 2654 pravis
1417 2600 1479 2639 ac
1510 2585 1858 2654 repudiandis
1884 2584 2053 2637 Deum

399 2729 404 2731 _
467 2690 589 2730 esse
638 2684 826 2728 natum
877 2676 1355 2741 contenderemus,
1413 2676 1716 2730 doctrinam
1761 2676 2056 2730 absurdam

467 2765 706 2835 clfugere
747 2775 1049 2833 oporteret,
1105 2776 1163 2819 ut
1217 2783 1338 2836 qua:
1392 2767 1529 2820 nihil
1562 2769 1678 2821 sani
1715 2768 1949 2822 traderet
1985 2767 2055 2822 de

471 2866 670 2908 natura
697 2855 902 2910 divina.
929 2855 1065 2911 Cum
1102 2865 1284 2911 autem
1307 2856 1572 2923 dicamus,
1603 2857 1772 2913 Deum
1801 2868 2061 2913 naturam

475 2950 796 3010 humanam,
830 2949 990 3018 cujus
1022 2948 1166 3003 idem
1199 2949 1315 3020 ipse
1341 2959 1533 3005 auctor
1564 2950 1900 3021 eﬂ‘ectorque
1938 2951 2061 3016 fuit,

471 3039 857 3107 assumpsisse,
903 3039 1032 3109 quid
1061 3040 1378 3108 absurdum,
1421 3049 1517 3095 aut
1544 3042 1688 3111 quod
1727 3041 1838 3097 Deo
1883 3041 2065 3096 minus

2142 575 2317 629 Θείον.
2353 576 2564 628 Οὐκοῦν
2592 574 2851 644 ἀλλοτρία
2886 573 3017 642 περὶ
3040 572 3180 626 Θεοῦ
3217 572 3249 641 ἠ
3303 570 3598 640 ὑπόληψις,
3645 573 3722 624 εῐ-

2146 685 2252 737 περ
2284 667 2376 720 τὸν
2405 666 2595 735 ἀπαθῆ
2633 667 2775 719 κατὰ
2799 666 2898 736 τὴν
2928 665 3093 732 φύσιν
3115 663 3256 734 πρὸς
3282 661 3574 716 κοινωνίαν
3619 678 3722 715 πο.-

2145 761 2272 824 θους
2301 761 2477 814 ἐλθεῖν
2499 761 2559 812 τὸ
2593 761 2858 830 κήρυγμα
2883 759 3208 828 διορίζεται.
3251 754 3415 808 Ἀλλὰ
3452 754 3548 808 καὶ
3582 754 3718 823 πρὸς

2141 855 2314 908 ταῦτα
2336 852 2501 906 πάλιν
2529 851 2608 921 τῷ
2627 851 2781 920 αὐτῷ
2803 849 2948 919 λόγῳ
2976 847 3315 919 χρησόμεθα,
3345 847 3428 900 ὅτι
3459 844 3635 907 πάθος
3659 843 3724 896 τὸ

2147 949 2245 1020 μὲν
2277 947 2505 1016 κυρίως,
2527 945 2590 999 τὸ
2615 943 2675 997 δὲ
2699 944 2765 996 ὲκ
2795 943 3192 1011 καταχρήσεως
3224 939 3470 1006 λέγεται.
3504 936 3580 989 Τὸ
3621 935 3722 1006 μὲν

2145 1041 2239 1095 οὖν
2281 1038 2661 1110 προαιρέσεως
2693 1036 3025 1105 ἁπτόμενον,
3061 1035 3155 1088 καὶ
3189 1031 3328 1104 πρὸς
3358 1030 3570 1084 κακίαν
3612 1028 3726 1082 ἀπὸ

2143 1132 2245 1200 τῆς
2273 1129 2481 1199 ἀρετῆς
2517 1126 2918 1198 μεταστρέφον,
2949 1124 3165 1192 άληθῶς
3189 1124 3362 1185 πάθος
3383 1122 3522 1184 ἐστὶ,
3571 1119 3631 1172 τὸ
3677 1118 3724 1171 δ’

2145 1223 2270 1277 ὅσον
2310 1223 2367 1274 ὲν
2394 1222 2462 1290 τῇ
2494 1219 2656 1287 φύσει
2680 1217 2824 1271 κατὰ
2853 1217 2947 1270 τὸν
2975 1216 3107 1270 ίδιον
3143 1214 3337 1284 εἱρμὸν
3372 1209 3727 1282 πορευομένῃ

2144 1313 2455 1379 διεξοδικῶς
2487 1313 2804 1384 θεωρεῖται,
2839 1309 2998 1363 τοῦτο
3042 1306 3379 1377 κυριώτερον
3430 1304 3597 1374 ἔργον
3655 1302 3727 1356 ἂν

2149 1411 2351 1484 μᾶλλον
2386 1409 2420 1478 ἢ
2453 1407 2627 1469 πάθος
2657 1401 3148 1475 προσαγορεύοιτο·
3181 1393 3293 1454 οἷον
3319 1401 3352 1468 ἡ
3383 1398 3662 1466 γέννησις,
3689 1396 3727 1463 ἡ

2147 1503 2457 1572 αὑξησις,ή
2515 1497 2607 1552 διὰ
2647 1497 2747 1566 τῆς
2798 1494 3098 1565 ἐπιρρύτου
3150 1508 3210 1544 τε
3258 1493 3354 1544 καὶ
3408 1486 3728 1558 ἀπορρύτου

2147 1595 2355 1666 τροφῆς
2380 1592 2476 1646 τοῦ
2509 1589 2878 1658 ὑποκειμένου
2913 1584 3172 1657 διαμονὴ,
3207 1586 3241 1654 ὴ
3287 1583 3396 1637 τῶν
3445 1579 3732 1651 στοιχείων

2149 1687 2280 1755 περὶ
2307 1686 2368 1738 τὸ
2395 1683 2559 1753 σῶμα
2588 1681 2888 1753 συνδρομὴ,
2937 1681 2972 1748 ἠ
3017 1677 3113 1731 τοῦ
3155 1674 3508 1738 συντεθέντος
3565 1672 3734 1725 πάλιν

2150 1777 2392 1838 διάλυσις
2412 1791 2474 1829 τε
2503 1772 2758 1844 καὶπρὸς
2779 1772 2849 1826 τὰ
2874 1769 3114 1838 συγγενῆ
3143 1764 3550 1838 μεταχώρησις.
3575 1762 3735 1825 Τίνος

2151 1872 2245 1928 οὖν
2275 1870 2422 1937 λέγει
2451 1868 2513 1922 τὸ
2555 1868 2854 1938 μυστήριον
2889 1862 3046 1933 ἡμῶν
3091 1855 3264 1932 ἧφθαι
3296 1859 3356 1912 τὸ
3414 1856 3592 1920 Θεῐον,
3639 1854 3735 1907 τοῦ

2153 1961 2365 2034 κυρίως
2407 1958 2714 2029 λεγομένου
2749 1954 2982 2017 πάθους,
3043 1953 3179 2022 ὅπερ
3236 1949 3439 2012 κακίας
3489 1947 3660 2011 ἐστὶν,
3699 1946 3738 2015 ἦ

2151 2057 2248 2110 τοῦ
2272 2053 2420 2109 κατὰ
2447 2052 2614 2123 φύσιν
2642 2051 2944 2119 κινήματος
2965 2062 2980 2112 ;
3005 2045 3068 2098 Et
3099 2043 3202 2114 μὲν
3226 2043 3336 2112 γὰρ
3365 2043 3425 2093 ὲν
3446 2041 3557 2102 τοῖς
3589 2041 3740 2091 άπα-

2154 2148 2538 2221 γορευομένοις
2572 2143 2931 2213 γεγεννῆσθαι
2957 2139 3018 2195 τὸ
3052 2138 3209 2192 Θείον
3235 2139 3264 2190 ὁ
3283 2135 3444 2202 λόγος
3463 2131 3746 2221 διες-χορί-

2155 2220 2303 2307 Caro,
2342 2239 2568 2310 φεύγειν
2601 2226 2711 2290 ἔδει
2739 2236 2843 2304 τὴν
2887 2231 3122 2286 ἀτοπίαν
3180 2227 3274 2280 τοῦ
3310 2226 3602 2294 δόγματος,
3665 2220 3746 2281 ὼς

2155 2333 2308 2388 οὐδὲν
2347 2331 2501 2398 ὑγιὲς
2538 2327 2666 2397 περὶ
2696 2327 2795 2396 τῆς
2821 2323 2970 2386 θείας
3000 2319 3212 2389 φύσεως
3249 2317 3541 2381 διεξιόντος
3564 2327 3585 2346 ο
3612 2311 3747 2364 εἰδὲ

2155 2431 2254 2498 τῆς
2285 2427 2503 2496 φύσεως
2533 2423 2692 2492 ἡμῶν
2721 2418 2887 2474 αὑτὸν
2923 2415 3169 2488 ὲφῆφθαι
3203 2412 3380 2479 λέγει,
3427 2404 3496 2481 ἧς
3557 2409 3653 2498 καὶ
3682 2407 3743 2498 ⁸ἡ

2159 2495 2353 2592 πρώτη
2386 2514 2600 2584 γένεσίς
2626 2530 2685 2565 τε
2731 2510 2830 2564 καὶ
2869 2510 3174 2568 ὑπόστασις
3228 2500 3358 2572 παρ’
3408 2497 3596 2592 ,αὑτοῦ¹
3640 2495 3749 2566 τὴν

2161 2587 2336 2681 ἀρχὴν
2352 2607 2500 2677 ἔσχε,
2524 2604 2627 2658 ποῦ
2654 2604 2754 2672 τῆς
2776 2599 2898 2670 Θεῷ
2926 2595 3244 2666 πρεπούσης
3271 2591 3481 2652 ἑννοίας
3508 2587 3742 2656 διαμαρ-

2159 2704 2314 2759 τάνει
2347 2702 2409 2755 τὸ
2435 2701 2724 2770 κήρυγμα,
2759 2693 3036 2766 μηδεμιᾶς
3087 2685 3402 2760 παθητικῆς
3451 2683 3750 2743 διαθέσεως

2161 2798 2219 2850 ὲν
2251 2797 2373 2858 ταῖς
2399 2793 2530 2862 περὶ
2564 2789 2704 2844 Θεοῦ
2741 2785 3048 2857 ὑπολήψεσι
3078 2785 3146 2851 τῇ
3175 2781 3357 2834 πίστει
3407 2775 3745 2841 συνιούσηςς
3819 2817 3826 2828 ,

2165 2888 2299 2941 Οὐδὲ
2342 2885 2451 2954 γὰρ
2483 2887 2573 2939 τὸν
2609 2881 2792 2953 ίατρδν
2851 2881 2909 2932 ὲν
2959 2876 3126 2931 πάθει
3167 2873 3418 2943 γίνεσθαι
3477 2869 3751 2937 λέγομεν,
3819 2882 3823 2886 ·

2167 2983 2298 3037 ὅταν
2321 2978 2604 3049 θεραπεύῃ
2633 2975 2725 3029 τὸν
2750 2975 2808 3026 ὲν
2859 2970 3022 3027 πάθει
3051 2967 3360 3038 γινόμενον.
3418 2961 3585 3015 Ἀλλά
3642 2961 3757 3014 κᾶν

2166 3073 2516 3148 προσάψηται
2545 3068 2640 3124 τοῦ
2668 3065 3132 3139 ἁρῤωστήματος,
3161 3060 3266 3124 ἔξω
3294 3057 3501 3121 πάθους
3528 3057 3555 3108 ὁ
3583 3054 3753 3148 θερα-

473 3130 782 3194 conveniat,
814 3130 1212 3198 praedicamus?
1238 3130 1384 3185 Nihil
1423 3132 1567 3185 enim
1603 3131 1670 3185 de
1699 3131 1792 3186 illo
1835 3133 2062 3186 creden-

2168 3130 2376 3238 πευτὴς
2409 3130 2718 3234 eadem:
2743 3130 2833 3212 Ἐἰ
2857 3159 2891 3228 ἡ
2918 3130 3171 3223 Πγένεσις
3203 3149 3344 3222 αὐτὴ
3389 3148 3512 3203 καθ’
3549 3147 3754 3215 ἑαυτὴν

473 3221 606 3275 dum
647 3221 932 3286 tradimus,
967 3223 1110 3292 quod
1154 3223 1643 3291 perturbationem,
1699 3230 1796 3278 aut
1839 3223 2056 3292 vitium,

474 3322 570 3366 aut
605 3313 1003 3383 turpitudinem
1048 3313 1336 3384 signiﬁcet.
1369 3312 1554 3384 Neque
1603 3315 1747 3370 enim
1793 3316 2066 3369 medicum

479 3403 669 3456 morbo
734 3403 872 3459 allici
939 3403 1191 3467 dicimus,
1243 3405 1465 3474 quando
1517 3393 1709 3460 morbo
1755 3406 2068 3461 laborantes

479 3502 657 3548 curat.
683 3494 818 3548 Nam
847 3496 976 3552 licet
1009 3513 1104 3552 eos
1130 3497 1329 3552 invisat
1376 3507 1431 3552 et
1455 3498 1706 3568 attingat,
1739 3498 1855 3568 ipse
1885 3507 2070 3552 tamen

477 3586 629 3641 nullo
686 3587 862 3642 morbi
919 3588 1269 3643 incommodo
1331 3589 1584 3645 aﬂicitur.
1639 3590 1796 3655 Quod
1835 3591 1880 3646 si
1915 3591 2069 3646 nasci

479 3695 591 3732 non
623 3687 707 3733 est
760 3680 984 3744 malum,
1040 3696 1111 3736 ne
1166 3681 1350 3736 vivere
1411 3681 1632 3751 quidem
1684 3682 1888 3736 malum
1947 3697 2070 3738 esse

478 3772 700 3826 dixeris.
733 3773 802 3825 At
825 3773 1118 3843 voluptatis
1139 3773 1377 3841 all‘ectio,
1423 3776 1662 3844 inquies,
1711 3789 1832 3844 qua:
1885 3785 2068 3830 ortum

478 3866 772 3931 antecedit,
808 3866 1219 3938 viventiumque
1243 3868 1314 3923 ad
1352 3869 1556 3922 malum
1588 3868 1894 3937 vitiumque
1929 3884 2060 3938 pro-

476 3957 691 4025 pensio,
722 3968 930 4014 natura:
958 3969 1156 4014 nostrae
1187 3970 1315 4014 sunt
1345 3960 1545 4014 morbi.
1586 3960 1726 4025 Quid
1751 3961 1908 4028 tum?
1943 3976 2070 4015 cum

475 4034 546 4101 ab
581 4056 814 4116 utroque
839 4049 1073 4103 liberum
1109 4049 1286 4118 ipsum
1311 4049 1481 4103 fuisse
1519 4050 1836 4120 mysterium
1861 4051 2072 4105 tradat?

476 4138 636 4203 Quod
662 4139 705 4193 si
743 4150 796 4192 et
825 4138 942 4193 sine
991 4141 1270 4208 voluptate
1321 4142 1538 4210 genitus
1597 4151 1702 4203 est,
1737 4150 1793 4195 et
1843 4141 2006 4195 vitam
2040 4157 2073 4196 a

481 4229 616 4282 vitio
647 4230 1070 4282 remotissimam
1101 4230 1230 4299 egit,
1263 4231 1473 4299 ecquod
1505 4229 1775 4299 reliquum
1825 4239 1908 4284 cst
1955 4245 2073 4285 ma-

479 4322 620 4386 lum,
669 4321 828 4391 cujus
881 4321 1056 4374 Deum
1105 4322 1426 4390 participem
1477 4321 1696 4392 pietatis
1748 4324 2067 4392 mysterium

483 4413 631 4466 dicat
657 4412 972 4467 exstitisse?
995 4412 1321 4482 Sin‘aliquis
1351 4412 1514 4466 animi
1542 4427 1572 4466 a
1596 4427 1825 4482 corpore
1854 4412 2076 4482 sejunc-

480 4503 688 4557 tionem
721 4503 922 4557 malum
956 4505 1210 4574 appellat,
1245 4505 1292 4560 is
1345 4519 1561 4573 aequum
1620 4513 1759 4570 erat,
1813 4517 1870 4559 ut
1922 4504 2074 4574 prius
2107 4506 2150 4562 D

483 4594 923 4663 conjunctionem
964 4596 1245 4664 utriusque
1277 4594 1482 4647 malum
1509 4594 1831 4664 appellaret.
1861 4593 1998 4648 Nam
2024 4593 2073 4647 si

487 4687 865 4754 copulatorum
905 4685 1201 4756 disjunctio
1230 4685 1368 4739 mala
1419 4694 1525 4750 est,
1580 4696 1635 4740 ct
1679 4685 2079 4755 disjunctorum

480 4777 756 4843 copulatio
801 4784 882 4829 est
931 4775 1094 4828 mala.
1154 4771 1456 4843 Utrobique
1507 4774 1653 4828 enim
1710 4783 1797 4828 est
1855 4773 2077 4842 quidam

480 4873 682 4931 motus,
713 4875 774 4920 ut
799 4865 1259 4934 quemadmodum
1295 4873 1725 4933 consequentem
1767 4879 1954 4930 vocas,
1998 4863 2080 4918 sic

479 4957 644 5010 etiam
679 4957 1070 5024 praecedentem
1102 4971 1295 5011 vocare
1318 4955 1543 5010 debeas.
1561 4956 1832 5020 Quocirca
1851 4957 1899 5008 si
1925 4954 2077 5024 prior

483 5061 688 5118 motus,
736 5067 899 5120 quem
947 5060 1128 5106 ortum
1178 5052 1452 5114 nominas,
1504 5065 1617 5103 non
1650 5059 1734 5104 est
1765 5051 1962 5114 malus,
2005 5063 2078 5102 ne

484 5147 754 5213 posterior
776 5143 1018 5214 quidem,
1045 5159 1207 5214 quem
1235 5155 1467 5200 mortem
1493 5143 1651 5206 dicis,
1689 5159 1794 5212 qua
1833 5141 2081 5211 corporis

481 5237 763 5306 animique
825 5237 1141 5306 conjunctio
1213 5235 1562 5301 distrahitur,
1621 5235 1798 5290 malus
1871 5234 2081 5304 poterit

484 5325 770 5394 appellari.
829 5324 936 5380 Nos
987 5335 1173 5379 autem
1243 5325 1412 5380 Deum
1475 5326 1708 5380 dicimus
1743 5327 1796 5380 in
1850 5334 2082 5392 utroque

485 5417 655 5478 fuisse
702 5427 879 5484 motu,
936 5427 1050 5473 tum
1086 5418 1140 5471 in
1195 5417 1308 5483 illo,
1352 5433 1462 5487 quo
1489 5418 1706 5472 animus
1763 5427 1818 5472 et
1879 5431 2082 5485 corpus

489 5519 846 5577 concurrunt,
884 5517 997 5564 tum
1025 5510 1080 5565 in
1099 5524 1187 5578 eo,
1213 5524 1308 5580 per
1338 5523 1498 5580 quem
1535 5509 1752 5564 animus
1785 5524 1814 5563 a
1842 5521 2073 5578 corpore

493 5611 742 5666 separatu
755 5618 796 5656 r.
1227 5619 1231 5624 ·

988 5716 1071 5772 Ea:
1097 5723 1281 5774 eadem
1312 5721 1577 5773 oratione.

569 5801 702 5857 Cum
727 5817 906 5862 autem
938 5825 1078 5867 unus
1103 5812 1446 5871 sitomnibus
1470 5812 1787 5871 hominibus
1813 5811 1882 5869 ad
1909 5811 2072 5870 vitam

2169 3259 2341 3322 πάθος
2353 3257 2454 3312 οὐκ
2484 3255 2654 3319 ἔστιν,
2682 3251 2796 3305 οὐδ’
2817 3252 2884 3305 ἂν
2921 3249 3022 3316 τὴν
3051 3245 3200 3317 ζωήν
3228 3261 3311 3307 τις
3343 3242 3514 3306 πάθος
3542 3256 3761 3310 προσαι-

2171 3353 2508 3420 γορεῠσειεν.
2580 3341 2742 3397 Ἀλλά
2770 3340 2834 3394 τὸ
2861 3335 3221 3408 καθ’ἡδονὴν,
3254 3333 3409 3404 φησὶ,
3449 3331 3619 3393 πάθος
3647 3330 3752 3420 τῆς

2170 3419 2522 3506 ἀνθρωπίνης
2543 3431 2867 3500 καθηγεῖται
2893 3427 3180 3497 γενέσεως,
3204 3424 3298 3479 καὶ
3329 3425 3364 3494 ἡ
3387 3422 3520 3491 πρδς
3552 3419 3759 3476 κακίαν

2170 3529 2286 3584 τῶν
2312 3527 2535 3591 ζώντων
2577 3523 2725 3595 ὁρμὴ
2783 3522 2942 3576 τοῦτο
2987 3521 3088 3590 τῆς
3150 3519 3370 3587 φύσεως
3414 3516 3575 3587 ἡμῶν
3601 3517 3758 3566 ἐστιν

2170 3619 2534 3692 ἀρρώστημα.
2583 3615 2748 3669 Ἀλλὰ
2780 3615 2888 3685 μὴν
2917 3610 3246 3682 ἀμφοτέρων
3276 3609 3441 3664 αὑτὸν
3472 3602 3758 3677 καθαρεύο

2171 3729 2251 3765 ειν
2280 3713 2416 3782 φησι
2445 3710 2506 3763 τὸ
2536 3709 2857 3779 μυστήριον.
2895 3707 2954 3760 Εἰ
2981 3705 3074 3759 οὖν
3104 3704 3300 3776 ἡδονῆς
3336 3704 3436 3771 μὲν
3473 3703 3504 3772 ή
3541 3703 3757 3770 γένεσις

2171 3802 2338 3859 αὐτοῦ
2373 3801 2758 3872 ἠλλοτρίωται,
2777 3797 2976 3862 κακίας
3005 3797 3062 3850 δὲ
3092 3798 3126 3867 ἡ
3149 3796 3282 3866 ζωὴ,
3312 3797 3467 3849 ποῖον
3483 3793 3764 3846 ὑπολέλει-

2171 3914 2305 3952 πται
2330 3896 2521 3960 πάθος,
2558 3888 2619 3949 οὗ
2640 3893 2736 3947 τὸν
2764 3893 2898 3946 Θεὸν
2929 3889 3392 3960 κεκοινωνηκέναι
3417 3889 3551 3958 φησὶ
3572 3886 3630 3939 τὸ
3656 3886 3762 3954 τῆς

2171 3989 2459 4050 εὐσεϐείας
2493 3987 2793 4058 μυστήριον
2822 4002 2837 4051 ;
2870 3985 2932 4037 El
2971 3983 3030 4036 δέ
3068 4000 3153 4046 τις
3176 3983 3276 4053 τὴν
3335 3981 3433 4034 τοῦ
3503 3977 3757 4049 σώματος
3801 4018 3816 4033 .

2176 4082 2397 4149 καὶτῆς
2431 4079 2612 4149 ψυχῆς
2641 4077 2917 4142 διάζευξιν
2940 4075 3111 4138 πάθος
3143 4071 3577 4146 προσαγορεύοι,
3618 4070 3758 4122 πολὺ
3814 4085 3820 4090 ·

2174 4176 2446 4242 πρότερον
2476 4172 2690 4224 δίκαιον
2729 4171 2796 4224 ἂν
2833 4172 2919 4238 εἴη
2953 4171 3053 4238 τὴν
3086 4167 3394 4237 συνδρομὴν
3427 4166 3762 4235 ἀμφοτέρων

2175 4265 2320 4320 οὕτω
2349 4263 2749 4332 κατονομάσαι.
2775 4262 2840 4315 Εί
2869 4263 2979 4330 γὰρ
3012 4263 3040 4314 ὁ
3060 4258 3336 4331 χωρισμὸς
3375 4257 3487 4310 τῶν
3517 4271 3764 4322 συνηνω-

2180 4359 2361 4428 μένων
2393 4358 2562 4420 πάθος
2595 4355 2736 4420 ἐστὶ,
2766 4356 2862 4407 καὶ
2921 4354 2955 4425 ἡ
2983 4353 3256 4421 συνάφεια
3283 4350 3393 4403 τῶν
3442 4347 3758 4402 διεστώτων

2180 4452 2352 4514 πάθος
2383 4451 2453 4503 ἂν
2479 4449 2588 4518 εἴη.
2623 4447 2852 4517 Κίνησις
2908 4446 3019 4514 γάρ
3065 4445 3148 4506 τίς
3175 4444 3324 4494 ἐστιν
3349 4440 3407 4493 ἐν
3438 4457 3498 4492 τε
3534 4442 3599 4508 τῇ
3626 4453 3809 4515 συγ-ι,

2180 4544 2364 4617 κρίσει
2395 4542 2502 4596 τῶν
2521 4540 2834 4595 διεστώτων
2869 4539 2963 4592 καὶ
2984 4538 3043 4590 ὲν
3067 4539 3138 4607 τῇ
3169 4535 3445 4606 διακρίσει
3478 4533 3589 4586 τῶν
3627 4527 3780 4611 sup";

2188 4636 2606 4705 πεπλεγμένων,
2626 4634 2721 4686 καὶ
2745 4631 3066 4701 ἡνωμένων.
3086 4628 3270 4698 ὐπερ
3304 4627 3484 4678 τοίνυν
3517 4625 3550 4696 ή
3576 4622 3764 4675 τελευ-

2183 4731 2312 4784 ταία
2344 4729 2559 4798 κίνησις
2582 4725 2935 4796 ὀνομάζεται,
2965 4720 3126 4773 τοῦτο
3151 4719 3428 4788 προσήκει
3464 4713 3758 4768 καλεῖσθαι

2185 4823 2280 4876 καὶ
2311 4822 2412 4892 τὴν
2471 4818 2844 4889 προάγουσαν.
2905 4815 2969 4866 El
3008 4813 3066 4866 δὲ
3095 4814 3128 4882 ή
3169 4810 3361 4881 πρώτη
3415 4807 3649 4876 κίνησις,
3699 4807 3769 4876 ἣν

2182 4916 2396 4985 γένεσιν
2455 4910 2824 4981 ὀνομάζομεν,
2886 4906 3061 4970 πάθος
3113 4905 3216 4958 οὐκ
3272 4904 3442 4965 ἔστιν,
3488 4901 3600 4953 οὐδ’
3632 4899 3697 4952 ἂν
3735 4901 3769 4970 ἡ

2182 5007 2414 5076 δευτέρα
2459 5003 2696 5072 κίνησις,
2755 5003 2820 5073 ἢν
2878 5000 3110 5054 θάνατον
3166 4995 3529 5066 ὀνομάζομεν,
3594 4992 3770 5055 πάθος

2184 5100 2252 5154 ἂν
2289 5099 2431 5151 κατὰ
2453 5097 2513 5149 to
2547 5085 2842 5149 ἀκόλουθον
2882 5094 3118 5162 λέγοιτο,
3147 5089 3271 5142 καθ’
3319 5091 3386 5160 ἢν
3416 5090 3449 5157 ἡ
3485 5085 3770 5153 συνδρομὴ

2182 5192 2277 5246 τοῦ
2331 5192 2585 5258 σώματος
2644 5191 2738 5242 καὶ
2789 5187 2894 5256 τῆς
2951 5185 3132 5256 ψυχῆς
3159 5183 3514 5254 διακρίνεται.
3557 5180 3660 5233 Τὸν
3709 5176 3771 5229 δὲ

2184 5285 2317 5339 Θεόν
2347 5301 2529 5353 φαμεν
2560 5286 2617 5335 ἐν
2643 5282 2877 5350 ἑκατέρᾳ
2906 5275 3270 5348 γεγεννῆσθαι
3310 5277 3380 5346 τῇ
3408 5275 3506 5344 τῆς
3549 5272 3769 5358 φύσεως

2183 5377 2420 5447 κινήσει,
2452 5375 2522 5430 δι’
2551 5371 2618 5446 ἧς
2659 5376 2692 5445 ἦ
2728 5391 2786 5426 τε
2821 5371 2969 5442 ψυχὴ
3010 5369 3146 5439 πρὸς
3173 5367 3236 5421 τὸ
3262 5366 3424 5437 σῶμα
3459 5362 3770 5434 συντρέχει,

2185 5467 2246 5519 τό
2275 5482 2334 5517 τε
2370 5467 2530 5534 σῶμα
2563 5465 2660 5534 τῆς
2688 5461 2878 5532 ψυχῆς
2911 5460 3273 5530 διακρίνεται.

2622 5710 2724 5762 Ἐκ
2755 5707 2858 5761 τοῦ
2903 5709 3051 5761 αὐτο
3061 5705 3100 5760 ῦ.
3125 5707 3345 5774 λόγου.

2254 5807 2405 5870 ,Μιᾶς
2431 5803 2486 5858 δὲ
2523 5805 2690 5856 πᾶσιν
2715 5799 3025 5873 ἀνθρώποις
3054 5803 3151 5872 τῆς
3185 5800 3261 5863 είς
3299 5799 3399 5869 τὴν
3427 5795 3572 5867 ζωὴν
3598 5792 3767 5865 οὔσης
