4126 6438
355 371 468 434 225

1329 379 1706 440 PANOPLIA
1749 377 2211 439 DOGMATICA.
2243 403 2311 412 -
2350 378 2500 440 ΤΙΤ.
2543 379 2680 441 VII.

3536 385 3643 448 ΞΞὸ

355 484 621 556 παρόδου,
651 483 820 536 πόθεν
851 483 963 538 ἔδει
1018 487 1111 540 τὸν
1138 487 1378 543 εἰσιόντα
1405 489 1546 560 πρὸς
1596 491 1745 560 ἡμᾶς
1775 489 1944 543 εἰσοι-

2052 490 2416 553 aditus,undc
2464 491 2753 561 Oportebat
2797 492 3151 550 accedentem
3200 496 3266 550 ad
3311 513 3408 552 nos
3461 499 3629 556 Deum

357 575 624 644 κισθῆναι
657 574 736 643 τῷ
767 574 869 645 βίῳ
903 593 918 643 ;
965 576 1059 641 Ἐξ
1088 579 1344 647 οὐρανοῦ,
1377 581 1544 650 φήσει
1572 580 1738 650 τυχὸν
1767 583 1794 634 ό
1829 581 1948 634 δια-

355 668 546 722 πτύων
569 666 646 729 ώς
667 666 896 738 αἰσχρόν
925 685 984 720 τε
1016 670 1110 723 καὶ
1142 669 1330 735 ἄδοξον
1351 671 1412 723 τὸ
1438 665 1579 733 εἶδος
1602 670 1702 739 τῆς
1730 669 1828 724 ἀνθ
1838 687 1948 742 ρω-

353 759 526 830 πίνης
554 759 851 827 γενέσεως.
897 759 1040 814 Ἀλλ’
1078 761 1177 815 οὐκ
1199 758 1268 833 ἦν
1296 763 1355 816 ἐν
1388 761 1605 834 οὐρανῷ
1631 763 1694 817 τὸ
1720 763 1949 834 ἀνθρώ-

314 872 514 912 -,πινον
546 894 561 918 ,
625 854 745 908 οὐδέ
797 873 888 920 τις
940 858 1000 910 ἐν
1045 859 1110 926 τῇ
1173 857 1531 928 ὑπερκοσμίῳ
1581 859 1696 930 ζωῇ
1748 856 1947 921 κακίας

350 945 513 1007 νόσος
550 945 954 1016 ἐπεχωρίαζεν.
991 947 1162 1000 Ἔνθα
1220 947 1402 1001 τοίνυν
1434 950 1496 1002 τὸ
1519 948 1689 1003 κακὸν
1731 948 1830 1002 οὐκ
1855 948 1945 1018 ἦν,

351 1037 478 1090 οῦδὲ
508 1038 535 1089 ὁ
564 1037 917 1108 ἀνθρώπινος
945 1039 1297 1093 ἐπολιτεύετο
1349 1040 1484 1112 βίος,
1515 1040 1636 1105 πῶς
1693 1039 1948 1109 ἐπιζητεῖ

357 1147 440 1193 ¹τις
468 1130 691 1183 ἐκεῖθεν
716 1129 795 1200 τῷ
825 1130 944 1200 Θεῷ
997 1132 1411 1204 περιπλακῆναι
1474 1133 1566 1187 τὸν
1625 1133 1939 1203 ἄνθρωπον,

359 1226 564 1293 μᾶλλον
584 1226 641 1278 δὲ
672 1226 792 1297 οὐχὶ
819 1225 1129 1296 ἄνθρωπον,
1159 1225 1277 1279 ἀλλ’
1302 1226 1592 1296 ἀνθρώπου
1623 1244 1675 1280 τι
1705 1226 1936 1280 εἴδωλον

355 1321 452 1370 καὶ
489 1318 789 1390 ὁμοίωμας
822 1317 917 1384 Τίς
943 1318 1001 1372 δ’
1028 1318 1095 1373 ἂν
1128 1316 1344 1388 ἐγένετο
1397 1319 1499 1389 τῆς
1542 1318 1758 1389 φύσεως
1789 1319 1947 1388 ἡμῶν

354 1411 671 1481 διόρθωσις,
706 1413 755 1464 εἰ
783 1411 878 1465 τοῦ
938 1411 1187 1482 ἐπιγείου
1219 1411 1362 1478 ζώου
1396 1413 1772 1482 νενοσηκότος,
1833 1412 1950 1466 ἐτε-

360 1503 457 1573 ρόν
485 1502 677 1556 τιτῶν
709 1502 978 1573 οὗρανίων
1006 1504 1106 1575 τὴν
1146 1503 1297 1558 θείαν
1345 1503 1637 1573 ἐπιμιξίαν
1680 1504 1945 1572 ἐδέξατο;

359 1593 480 1646 Οὐκ
513 1593 763 1664 ἔστιγὰρ
814 1593 1223 1664 θεραπευθῆναι
1275 1594 1370 1648 τὸν
1405 1594 1708 1666 κάμνοντα,
1743 1595 1817 1665 μὴ
1849 1593 1947 1648 τοῦ

357 1685 660 1750 πονοῦντος
700 1687 898 1758 μέρους
956 1687 1273 1752 ἰδιαζόντως
1321 1685 1622 1757 δεξαμένου
1655 1688 1754 1758 τὴν
1779 1687 1945 1743 ἴασιν.

356 1777 424 1830 Εἰ
451 1777 549 1831 οὖν
585 1778 646 1830 τὸ
704 1779 806 1848 μὲν
839 1781 1052 1847 κάμνον
1083 1779 1176 1830 ἐπὶ
1204 1779 1312 1848 γῆς
1361 1775 1454 1850 ἦν,
1480 1779 1514 1850 ἡ
1545 1779 1602 1832 δέ
1633 1778 1753 1833 θεία
1783 1779 1939 1832 δύνα-

2057 581 2111 636 in
2143 581 2310 634 vitam
2347 583 2598 651 ingredi?
2657 581 2697 635 E
2725 584 2886 648 coelo,
2917 585 3127 654 inquiet
3157 587 3244 641 ille
3271 588 3520 656 fortasse,
3553 594 3646 663 qui

2055 672 2450 740 pratreationis
2511 674 2762 730 humanae
2810 675 3022 732 ratione
3082 688 3141 734 ut
3199 679 3482 748 ingloriam
3537 693 3652 737 tur-

2057 781 2291 835 pemque
2320 766 2569 835 despicit.
2597 766 2666 820 At
2699 767 2752 820 in
2812 768 2951 822 caelo
3001 783 3109 822 non
3169 780 3289 825 erat
3346 773 3647 829 humanum

2057 872 2249 928 genus,
2286 873 2390 913 nec
2420 858 2565 912 ullus
2588 859 2849 914 vitiorum
2878 859 3099 915 morbus
3153 862 3221 916 ad
3251 877 3497 918 summas
3529 865 3651 920 illas

2057 947 2178 1002 coeli
2202 949 2362 1004 sedes
2392 949 2710 1019 aspirabat;
2745 951 2834 1005 ubi
2867 960 3062 1006 autem-
3097 953 3296 1008 malum
3350 970 3455 1009 non
3510 968 3647 1021 erat,

2059 1039 2134 1095 ibi
2167 1055 2270 1096 nec
2304 1041 2589 1096 hominum
2621 1043 2730 1097 vita
2767 1043 3108 1098 versabatur.
3158 1043 3446 1110 Quomodo
3481 1047 3646 1118 igitur

2057 1147 2087 1186 e
2113 1133 2254 1186 caelo
2279 1133 2548 1202 quispiam
2586 1141 2793 1204 quaerat
2817 1134 2924 1190 Deo
2980 1135 3279 1204 hominem,
3330 1139 3413 1192 vel
3463 1140 3645 1209 potius

2058 1223 2288 1294 eliigiem
2323 1223 2638 1294 quamdam,
2665 1241 2729 1280 ac
2756 1226 3109 1280 simulacrum
3137 1228 3373 1284 hominis
3427 1229 3649 1301 afﬁngi?

2058 1315 2257 1385 Ecquas
2285 1325 2494 1371 natura:
2546 1327 2745 1372 nostrae
2793 1318 2975 1373 cautio
3026 1319 3222 1375 fuisset
3285 1322 3547 1387 adhibita,
3600 1323 3646 1375 si

2057 1415 2180 1462 cum
2219 1417 2478 1463 terrestre
2511 1409 2716 1463 animal
2745 1409 3034 1470 laboraret.
3069 1413 3376 1467 caelestium
3421 1415 3642 1484 aliquod

2057 1499 2297 1554 divinam
2373 1502 2759 1558 admissiouem
2829 1505 3202 1574 suscepisset?
3264 1507 3451 1576 neque
3498 1509 3643 1561 enim

2057 1601 2294 1661 aegrotus
2322 1595 2505 1649 curari
2539 1603 2740 1664 potest,
2770 1595 2875 1650 nisi
2897 1597 3033 1666 parti
3063 1597 3332 1652 laboranti
3361 1599 3645 1668 proprium

2057 1682 2414 1738 admoveatur
2473 1685 2953 1740 medicamentum.
2989 1684 3175 1755 Itaque
3236 1702 3358 1741 cum
3396 1688 3449 1740 in
3507 1698 3647 1741 terra

2057 1785 2222 1840 esset,
2255 1775 2347 1844 qui
2373 1777 2687 1846 aegrotabat,
2724 1777 2768 1830 si
2829 1777 3012 1833 divina
3065 1779 3306 1849 potentia
3366 1779 3649 1848 dignitatis

359 1889 456 1938 μις
490 1868 586 1923 τοῦ
649 1870 957 1942 κάμνοντος
1021 1871 1097 1940 μὴ
1163 1870 1437 1942 ἐφήψατο,
1500 1871 1638 1940 πρὸς
1685 1871 1747 1924 τὸ
1779 1871 1947 1942 ἑαυτῇ

2057 1880 2168 1919 sure
2204 1866 2383 1920 habita
2418 1865 2632 1921 ratione
2662 1877 3018 1938 aegrotantem
3072 1884 3180 1924 non
3227 1871 3651 1937 attigissel,iltu-

359 1959 649 2029 βλέπουσα
677 1960 908 2030 πρέπον,
941 1959 1217 2030 ἄχρηστος
1249 1955 1317 2030 ἦν
1346 1959 1426 2031 τῷ
1455 1960 1733 2032 ἀνθρώπῳ
1756 1961 1790 2028 ἡ
1821 1961 1951 2031 περὶ

357 2051 429 2103 τά
469 2050 648 2119 μηδὲν
698 2051 832 2120 ἡμῖν
867 2049 1331 2104 ἐπικοινωνοῦντα
1361 2051 1462 2122 τῆς
1491 2051 1643 2115 θείας
1662 2052 1951 2122 δυνάμεως

357 2141 612 2211 ἀσχολία.
646 2141 718 2194 Τὸ
740 2142 961 2212 μὲνγὰρ
991 2143 1240 2212 ἀπρεπὲς
1267 2142 1361 2196 ἐπὶ
1393 2142 1493 2212 τῆς
1526 2144 1780 2216 θεότητος
1807 2145 1948 2209 ἴσον,

358 2237 523 2301 εἰπερ
604 2233 742 2297 ὅλως
835 2233 1059 2303 θεμιτόν
1119 2235 1268 2289 ἐστιν
1327 2236 1457 2291 ἄλλο
1516 2254 1569 2290 τι
1629 2236 1784 2307 παρά
1853 2237 1952 2306 τὴν

357 2327 565 2379 κακίαν
596 2326 844 2395 ἀπρεπὲς
873 2327 1076 2379 ἐννοεῖν
1107 2342 1123 2358 ο
1173 2327 1314 2398 πλὴν
1346 2327 1425 2399 τῷ
1481 2328 1838 2399 μικροψύχως
1892 2329 1952 2380 ἐν

356 2415 543 2485 τούτῳ
571 2415 818 2486 κρίνοντι
871 2415 972 2486 τὴν
1036 2415 1189 2469 θείαν
1223 2417 1648 2488 μεγαλειότητα,
1678 2420 1734 2470 ὲν
1762 2417 1838 2486 τῷ
1869 2417 1952 2510 ἓξ-

360 2508 562 2567 εασθαι
591 2507 705 2560 τῶν
734 2508 834 2577 τῆς
864 2507 1081 2577 φύσεως
1137 2507 1298 2577 ἡμῶν
1337 2508 1646 2576 ἰδιωμάτων
1702 2507 1801 2577 τὴν
1831 2507 1951 2559 κοίς

362 2599 591 2664 γωνίαν,
656 2600 812 2653 οὐδὲν
868 2601 1072 2671 μᾶλλον
1141 2602 1552 2672 παραμυθεῖται
1623 2600 1685 2654 τὺ
1764 2599 1952 2664 ἄδοξον

354 2692 603 2765 οὐρανίῳ
627 2693 888 2768 σώματιή
913 2693 1143 2764 ἐπιγείῳ
1174 2693 1691 2765 συσχηματισθῆναι
1708 2693 1766 2748 τὸ
1787 2693 1949 2749 θεῖον.

352 2787 466 2840 Τοῦ
525 2789 638 2858 γὰρ
688 2787 936 2856 ὑψίστου,
994 2789 1088 2842 καὶ
1149 2788 1452 2858 ἀπροσίτου
1513 2787 1658 2840 κατά
1701 2786 1764 2838 τὸ
1814 2784 1950 2855 ὕψος

350 2881 456 2949 τῆς
480 2879 707 2950 φύσεως
739 2882 770 2941 ἠ
807 2882 984 2946 κτίσις
1023 2883 1173 2936 πᾶσα
1203 2881 1346 2936 κατά
1375 2880 1436 2934 τὸ
1465 2881 1578 2933 ἴσον
1597 2879 1689 2934 ἐπὶ
1715 2880 1773 2933 τῦ
1803 2881 1954 2934 κάτω

348 2973 660 3042 ἀφέστηκε,
718 2973 809 3025 καὶ
862 2973 1144 3044 όμοτίμως
1175 2971 1325 3044 αὐτῷ
1384 2973 1444 3026 τὸ
1478 2974 1587 3026 πᾶν
1617 2971 1952 3040 ὑποϐέϐηκε.

351 3066 426 3118 τδ
456 3066 574 3136 γὰρ
611 3065 852 3118 καθόλου·
896 3066 1192 3137 ἀπρόσιτον
1221 3065 1282 3119 οὗ
1314 3083 1421 3118 τινι
1456 3065 1559 3134 μέν
1597 3065 1714 3117 ἐστι
1763 3080 1956 3134 προσι-

353 3158 473 3221 se},
496 3155 580 3226 τῷ
613 3155 668 3208 δέ
698 3154 1168 3226 ἀπροσπέλαστον,
1196 3153 1311 3208 ἀλλ’
1341 3154 1540 3225 ἐπίσης
1568 3153 1787 3209 πάντων
1842 3152 1954 3205 τῶν

2054 1957 2146 2010 tilc
2187 1957 2380 2011 fuisset
2411 1957 2616 2011 homini
2668 1958 2865 2014 divinae
2910 1962 3171 2030 potentiae
3221 1962 3486 2028 studium,
3547 1963 3651 2015 illis

2053 2049 2385 2114 adhibitum,
2426 2065 2548 2120 quae
2598 2051 2736 2105 nihil
2803 2050 2870 2105 ad
2919 2067 3020 2107 nos
3061 2053 3419 2122 pertinerent.
3471 2055 3648 2122 .I‘Eque

2053 2142 2201 2196 enim
2261 2142 2547 2199 divinitate
2599 2143 2791 2198 fuisset
2842 2144 3147 2215 indignum,
3205 2145 3250 2200 si
3281 2145 3360 2200 fas
3421 2157 3504 2200 est
3561 2147 3650 2201 illa

2052 2235 2330 2305 quippiam
2361 2235 2642 2304 indignum
2668 2247 2866 2304 praeter
2889 2237 3077 2291 vitium
3107 2238 3310 2304 dicere,
3347 2239 3646 2293 remed'um

2055 2325 2236 2379 minus
2264 2333 2450 2395 aptum
2480 2336 2535 2381 et
2585 2328 2893 2397 appositum
2927 2331 3255 2399 excogitare.
3310 2331 3476 2395 Quid,
3505 2331 3649 2399 quod

2053 2431 2200 2479 eum,
2231 2415 2322 2486 qui
2363 2427 2572 2471 naturre
2621 2426 2824 2472 nostra:
2876 2419 3248 2473 conditionem
3298 2421 3648 2475 humiliorem

2057 2516 2232 2576 putat,
2289 2523 2451 2577 quam
2508 2517 2567 2563 ut
2629 2507 2872 2563 divinam
2939 2511 3372 2580 magnitudinem
3435 2513 3648 2576 deceat,

2055 2598 2226 2653 nihilo
2250 2601 2420 2670 magis
2441 2600 2776 2666 consolatur,
2803 2601 2946 2671 quod
2975 2602 3199 2657 cmleste
3222 2619 3444 2672 corpus,
3477 2619 3641 2674 quam

2054 2693 2199 2763 quod
2233 2701 2511 2748 terrenum
2564 2695 2706 2749 Deus
2740 2695 3018 2750 induerit?
3064 2697 3144 2752 Ab
3193 2697 3286 2752 illo
3339 2699 3485 2751 enim
3547 2697 3647 2765 qui

2055 2792 2269 2840 naturae
2297 2800 2408 2840 suae
2444 2787 2781 2843 sublimitate
2811 2796 2919 2842 tam
2955 2790 3210 2844 excelsus
3256 2799 3356 2857 est,
3407 2801 3464 2844 ut
3513 2793 3653 2848 nihil

2055 2879 2122 2932 ad
2151 2892 2274 2932 eum
2309 2879 2551 2948 aspirare
2605 2889 2790 2950 queat,
2849 2896 3043 2937 omnes
3104 2899 3192 2938 res
3239 2897 3535 2954 procreato
3586 2904 3653 2942 ex

2054 2985 2213 3039 aequo
2239 2970 2463 3037 distant,
2497 2985 2688 3026 omnes
2711 2971 2759 3026 ei
2801 2973 3008 3044 pariter
3033 2974 3253 3030 cedunt.
3292 2975 3342 3030 ls
3377 2979 3548 3039 enim,
3582 2982 3648 3032 ad

2057 3062 2218 3130 'quem
2253 3077 2476 3131 prorsus
2507 3077 2616 3115 non
2646 3071 2824 3131 potest
2856 3063 3062 3130 accedi,
3099 3080 3210 3119 non
3235 3076 3318 3120 est
3351 3069 3644 3136 ejusmodi,

2057 3163 2116 3207 ut
2137 3154 2204 3208 ad
2231 3169 2354 3210 eum
2402 3155 2520 3209 aliae
2553 3171 2642 3210 res
2672 3155 2879 3210 aditum
2934 3156 3193 3226 habeant,
3236 3159 3354 3214 alite
3398 3176 3506 3213 non
3553 3161 3653 3215 ἰιει-

345 3249 520 3302 όντων
562 3249 1037 3318 ὑπερανέστηκεν.
1067 3246 1248 3300 Ὀπου
1288 3246 1467 3300 τοίνυν
1495 3249 1529 3315 ή
1596 3247 1771 3311 νόσος,
1830 3244 1947 3297 ἐκεῖ

2055 3243 2237 3306 beant,
2258 3243 2354 3298 sed
2374 3244 2630 3299 omnibus
2643 3246 2923 3314 aequaliter
2943 3255 3162 3316 praestat
3178 3257 3340 3316 atque
3357 3250 3652 3307 antecellit.

345 3341 612 3407 φοιτῆσαι
636 3337 739 3407 τὴν
768 3337 1006 3406 ἰωμένην
1039 3335 1278 3408 δύναμιν
1307 3336 1722 3407 ὁμολογοῦντες,
1753 3335 1806 3388 τί
1839 3335 1946 3401 ἔξω

351 3434 455 3500 τῆς
491 3428 846 3498 θεοπρεποῦς
879 3428 1206 3499 ὑπολήψεως
1259 3427 1748 3498 πεπιστεύκαμεν;
1785 3427 1950 3480 Ἀλλά

351 3521 686 3592 κωμῳδοῦσι
739 3521 836 3591 τὴν
864 3520 1028 3590 φύσιν
1054 3520 1235 3592 ἡμῶν,
1269 3521 1363 3573 καὶ
1383 3520 1476 3574 τὸν
1509 3520 1608 3590 τῆς
1638 3519 1947 3590 γεννήσεως

356 3616 557 3685 τρόπον
614 3610 1019 3683 διαθρυλλοῦσι,
1077 3611 1171 3665 καὶ
1205 3610 1409 3665 οἴονται
1454 3611 1543 3665 διά
1596 3614 1803 3664 τούτων
1825 3613 1947 3664 ἐπι·-

369 3705 628 3772 γέλαστον
649 3707 830 3758 ποιεῖν
885 3706 946 3757 τὸ
991 3707 1319 3776 μυστήριον,
1349 3704 1425 3766 ώς
1471 3704 1716 3774 ἀπρεπὲς
1745 3703 1805 3756 ὃν
1828 3702 1947 3774 Θεῷ

369 3797 460 3850 διὰ
489 3795 736 3866 τοιαύτης
764 3795 976 3848 εἰσόδου
1009 3795 1108 3864 τῆς
1137 3794 1230 3848 τοῦ
1281 3795 1622 3866 ἀνθρωπίνου
1669 3793 1789 3863 βίου
1835 3809 1978 3858 κοιγ

361 3890 560 3954 γωνίας
605 3890 946 3960 ἐφάψασθαι.
1023 3887 1164 3940 Ἀλλ’
1211 3888 1315 3958 ἤδη
1336 3887 1468 3957 περὶ
1492 3884 1684 3939 τούτου
1744 3885 1839 3941 καὶ
1889 3885 1947 3938 ἐν

353 3986 469 4047 τοῖς
498 3985 814 4054 ἔμπροσθεν
843 3982 1062 4054 εἴρηται
1085 3981 1287 4049 λόγοις,
1315 3981 1398 4032 ὅτι
1429 3979 1589 4049 μόνον
1618 3975 1844 4048 αἰσχρὸν
1878 3977 1944 4048 τῇ

356 4076 551 4131 ἑαυτοῦ
576 4076 740 4144 φύσει
768 4075 828 4128 τὸ
862 4075 1032 4128 κακόν
1067 4075 1207 4138 ἐστι,
1241 4073 1336 4124 καὶ
1387 4071 1440 4124 εἰ
1463 4088 1514 4124 τι
1553 4069 1689 4139 πρὸς
1713 4070 1813 4140 τὴν
1845 4085 1948 4122 κα-

356 4171 480 4222 κίαν
510 4168 735 4230 οἰκείως
751 4169 887 4237 ἕλει.
919 4167 988 4218 Ἥ
1020 4164 1077 4217 δὲ
1110 4166 1206 4235 τῆς
1229 4165 1444 4235 φύσεως
1463 4161 1776 4224 ἀκολουθία,
1812 4159 1942 4230 θείῳ

351 4259 663 4330 Ιδουλήματι
697 4258 792 4310 καὶ
840 4256 989 4326 νόμῳ
1017 4255 1387 4325 διαταχθείσα,
1436 4253 1627 4323 πόρρω
1662 4255 1761 4323 τῆς
1786 4250 1930 4304 κατά

351 4356 570 4405 κακίαν
601 4351 724 4404 ἐστὶ
778 4349 1058 4420 διαϐολῆς.
1108 4349 1178 4400 Ἢ
1215 4345 1360 4401 οὕτω
1415 4346 1467 4415 γ’
1497 4345 1563 4399 ἂν
1587 4345 1680 4399 ἐπὶ
1724 4346 1815 4398 τὸν
1847 4346 1944 4413 δη-

351 4444 620 4513 μιουργὸν
643 4445 678 4513 ἡ
700 4441 1000 4513 κατηγορία
1030 4439 1130 4511 τῆς
1157 4438 1372 4508 φύσεως
1404 4437 1640 4504 ἐπανίοι,
1671 4436 1725 4488 εἴ
1752 4455 1804 4490 τι
1836 4437 1944 4491 τῶν

355 4539 484 4606 περὶ
515 4538 695 4606 αὐτὴν
720 4536 795 4599 ώς
840 4535 1069 4604 αἰσχρόν
1100 4551 1159 4586 τε
1191 4534 1288 4586 καὶ
1313 4531 1561 4599 ἀπρεπὲς
1583 4529 1943 4586 διαϐάλλοιτο.

355 4633 418 4684 ΕΞ
453 4625 553 4682 οὖν
603 4628 802 4690 κακίας
843 4627 904 4678 τὸ
945 4626 1104 4677 Θεῖον
1161 4623 1516 4694 κεχώρισται,
1578 4621 1740 4690 φύσις
1773 4621 1828 4674 δὲ
1856 4637 1952 4674 κα-

352 4728 449 4778 κία
481 4725 588 4777 οὐκ
618 4722 756 4785 ἔστι,
814 4719 874 4773 τὸ
927 4719 984 4772 δὲ
1023 4718 1326 4790 μυστήριον
1384 4719 1441 4770 ἐν
1495 4714 1771 4786 ἀνθρώπῳ
1799 4713 1953 4782 γενέ-

351 4819 482 4871 σθαι
511 4817 609 4868 τὸν
637 4816 769 4867 Θεὸν
791 4815 892 4866 οὐκ
923 4814 982 4866 ἐν
1005 4812 1174 4882 κακίᾳ
1196 4811 1369 4879 λέγει,
1395 4811 1427 4880 ἡ
1452 4811 1509 4863 δὲ
1539 4810 1631 4862 τοῦ
1655 4810 1946 4880 ἀνθρώπου

350 4912 446 4963 ἐπὶ
499 4910 594 4961 τὸν
639 4906 752 4978 βίον
790 4906 996 4969 εἴσοδος
1067 4902 1165 4974 μία
1213 4905 1351 4969 ἐστὶ,
1402 4896 1562 4973 δι’ἦς
1640 4901 1949 4971 παράγεται

349 5005 447 5054 ἐπὶ
478 5001 582 5071 τὴν
642 4999 787 5067 ζωὴν
848 4997 908 5050 τὸ
967 4993 1330 5064 γεννώμενον*
1391 4995 1513 5046 τίνα
1565 4989 1948 5061 νομοθετοῦσιν

352 5094 550 5161 ’ἕτερον
581 5090 781 5159 τρόπον
809 5088 890 5156 τῷ
931 5085 1050 5156 Θεῷ
1103 5086 1197 5156 τῆς
1228 5087 1307 5148 εἰς
1339 5084 1430 5137 τὸν
1469 5083 1582 5152 βίον
1614 5081 1850 5154 παρόδου
1898 5081 1947 5131 οἰ

353 5182 773 5252 ἐπισκεςθῆναι
801 5182 899 5250 μὲν
929 5179 1060 5250 περὶ
1102 5177 1199 5250 τῆς
1250 5175 1404 5238 θείας
1432 5174 1723 5244 δυνάμεως
1784 5171 1948 5226 ἀσθε-

347 5281 608 5348 νήσασαν
653 5276 711 5327 ἐν
764 5273 937 5342 κακίᾳ
997 5270 1095 5340 τὴν
1143 5268 1308 5337 φύσιν
1363 5265 1586 5334 εὖλογον
1645 5265 1946 5334 κρίνοντες,

351 5371 492 5439 πρὸς
518 5367 578 5420 δὲ
619 5367 712 5419 τὸν
738 5364 843 5435 τῆς
876 5360 1228 5431 ἐπισκέψεως
1264 5357 1464 5428 τρόπον
1497 5353 1945 5424 δυσαρεστούμε-

350 5481 435 5516 νοι
472 5479 487 5527 ;
542 5463 644 5514 οὐκ
707 5458 917 5519 εἰδότες
951 5457 1032 5508 ὃτι
1090 5455 1241 5507 πᾶσα
1275 5450 1412 5520 πρὸς
1475 5447 1674 5516 ἑαυτὴν
1708 5449 1741 5518 ἡ
1779 5463 1947 5499 κατα-

351 5559 526 5629 σκευὴ
551 5555 647 5608 τοῦ
673 5552 934 5624 σώματος
963 5549 1244 5618 δμοτίμως
1268 5544 1402 5614 ἔχει,
1438 5541 1533 5594 καὶ
1548 5539 1700 5592 οὐδὲν
1729 5539 1786 5590 ἐν
1816 5536 1947 5590 ταύ-

348 5670 424 5724 τῃ
453 5654 563 5705 τῶν
600 5650 748 5721 πρὸς
785 5644 891 5714 τὴν
920 5644 1184 5694 σύστασιν
1215 5639 1311 5707 τῆς
1337 5634 1484 5704 ζωῆς
1540 5630 1945 5684 συντελούντων

345 5747 421 5810 ὡς
446 5746 643 5817 ἄτιμόν
678 5761 730 5796 τι
769 5741 802 5810 ῆ
856 5733 1094 5806 πονηρὸν
1125 5729 1492 5785 διαϐάλλεται.
1523 5726 1668 5796 Πρὸς
1695 5725 1790 5777 ἕνα
1835 5725 1944 5794 γὰρ

350 5841 555 5894 σκνιπὶν
585 5842 614 5898 ἡ
644 5837 757 5890 τῶν
785 5827 1100 5901 ὀργανικῶν
1126 5824 1304 5896 μελῶν
1332 5817 1596 5890 διασκευὴ
1625 5817 1779 5871 πᾶσα
1811 5833 1938 5870 συν-

1981 4575 2028 4631 D

2055 3335 2594 3402 Quamobrem-cum
2617 3337 2745 3391 illuc
2770 3337 3023 3392 medendi
3046 3340 3356 3394 facultatem
3379 3343 3650 3396 accedere

2050 3425 2345 3490 fateamur,
2408 3426 2500 3482 ubi
2565 3427 2790 3482 morbus
2846 3437 2952 3494 est,
3013 3428 3145 3498 quid
3207 3429 3316 3483 Deo
3371 3432 3656 3485 credimus

2051 3517 2378 3587 indignum?
2418 3520 2486 3570 At
2519 3531 2772 3572 naturam
2824 3530 3069 3575 nostram
3117 3521 3478 3592 insectantur,
3530 3540 3656 3577 ηας-ο

2050 3611 2318 3679 cendique
2349 3611 2567 3667 modum
2595 3613 2896 3682 exagitant,
2953 3629 3126 3683 caque
3180 3629 3239 3669 re
3265 3631 3325 3670 se
3357 3616 3408 3668 id
3437 3630 3656 3669 assecu-

2051 3711 2205 3777 turos
2255 3702 2600 3768 existimant,
2648 3712 2708 3757 ut
2756 3705 3077 3776 mysterium
3135 3705 3450 3769 irrideatur,
3503 3707 3653 3775 quod

2054 3795 2166 3849 Deo
2192 3795 2261 3848 sit
2287 3795 2594 3866 indignum,
2623 3795 2894 3864 ejusmodi
2925 3796 3172 3866 ingressu
3205 3795 3272 3848 ad
3299 3811 3649 3851 communem

2051 3887 2337 3940 hominum
2370 3886 2536 3940 vitam
2561 3887 2879 3940 accessisse.
2915 3887 2996 3939 Ad
3040 3885 3158 3939 haec
3209 3896 3373 3939 antea
3427 3902 3646 3955 quoque

2048 3975 2462 4046 respondimus,
2490 3975 2626 4029 nihil
2658 3989 2779 4030 esse
2822 3983 2978 4045 turpe
3017 3975 3214 4030 divin-.e
3261 3987 3490 4043 naturae,
3540 3977 3651 4032 nisi

2051 4068 2239 4123 vitium
2306 4080 2361 4123 et
2384 4084 2505 4138 qua:
2548 4084 2671 4122 cum
2709 4067 2842 4122 vitio
2896 4068 3187 4137 conjuncta
3239 4077 3390 4131 sunt,
3443 4080 3654 4122 naturae

2048 4169 2231 4214 autem
2255 4161 2505 4215 ordinem
2533 4159 2721 4216 divino
2751 4161 2982 4216 consilio
3029 4169 3082 4215 et
3129 4161 3246 4230 lege
3291 4160 3652 4214 οοιιειίιυιυηι

2049 4253 2117 4308 ab
2149 4255 2296 4308 omni
2331 4252 2462 4308 vitio
2490 4261 2762 4308 remotum
2807 4269 2950 4308 esse.
2983 4254 3119 4307 Nam
3153 4253 3196 4307 si
3229 4253 3359 4324 quid
3395 4253 3448 4306 in
3479 4268 3542 4307 ea
3595 4264 3656 4309 ut

2051 4351 2218 4414 turpe
2247 4355 2411 4414 atque
2433 4344 2756 4400 indecorum
2790 4345 3120 4415 reprehendi
3149 4353 3354 4413 posset,
3384 4345 3436 4398 id
3474 4345 3654 4415 ipsum

2051 4438 2106 4492 in
2136 4437 2258 4506 ejus
2287 4437 2562 4491 recideret
2590 4444 2875 4490 auctorem
2925 4434 3116 4489 Deum.
3176 4433 3332 4499 Quod
3369 4434 3412 4488 si
3442 4451 3471 4487 a
3523 4434 3657 4488 vitio

2057 4529 2200 4583 Deus
2219 4529 2500 4598 sejunctus
2548 4535 2653 4592 est,
2688 4536 2742 4582 et
2775 4527 2908 4580 vitio
2939 4536 3134 4579 natura
3170 4535 3339 4591 caret,
3374 4536 3429 4580 et
3455 4536 3662 4596 myste-

2058 4622 2199 4674 rium
2225 4621 2279 4672 in
2306 4619 2526 4672 homine
2555 4617 2758 4688 Deum,
2799 4631 2908 4670 nou
2942 4617 2997 4668 in
3038 4615 3174 4670 vitio
3231 4625 3417 4669 natum
3465 4617 3654 4683 tradit,

2056 4724 2109 4770 et
2141 4712 2377 4767 hominis
2409 4725 2551 4765 unus
2579 4718 2664 4763 est
2694 4709 2749 4762 in
2780 4709 2946 4762 vitam
2995 4708 3295 4778 ingressus,
3341 4724 3438 4778 per
3487 4722 3653 4776 quem

2053 4806 2196 4876 quod
2230 4804 2475 4876 genitum
2506 4810 2608 4867 est,
2641 4801 2821 4856 editur
2873 4801 2926 4854 iu
2975 4799 3194 4854 vitalem
3257 4800 3398 4854 hanc
3453 4801 3653 4865 lucem,

2052 4912 2279 4967 ecquam
2327 4895 2489 4949 aliam
2541 4893 2632 4948 isti
2685 4894 2739 4946 in
2795 4893 2958 4946 vitam
3021 4893 3332 4947 introeundi
3385 4893 3655 4947 rationem

2052 4989 2166 5043 Deo
2199 4985 2797 5059 prazscribunt?Nam,
2854 4986 2998 5055 quod
3064 4983 3230 5039 Deum
3277 4986 3516 5055 potentia
3556 5001 3656 5038 sua

2051 5082 2293 5136 invisere
2350 5079 2608 5134 debuisse
2669 5089 2921 5133 naturam
2978 5079 3031 5132 in
3105 5077 3241 5132 vitio
3299 5086 3656 5149 aegrotantem

2047 5174 2316 5245 iudicant,
2351 5179 2496 5226 recte
2527 5172 2772 5226 sentiunt
2807 5170 2994 5239 :quod
3019 5179 3206 5224 autem
3263 5169 3481 5223 visendi
3536 5183 3656 5220 mo-

2052 5267 2182 5321 dum
2209 5263 2539 5334 improbant,
2568 5264 2858 5334 ,ignorant,
2913 5278 3136 5318 omnem
3189 5263 3440 5332 corporis
3492 5259 3658 5313 fabri-

2050 5371 2169 5410 cam
2205 5355 2397 5410 eodem
2447 5369 2566 5409 esse
2619 5355 2841 5408 honoris
2897 5369 2962 5407 ac
3013 5355 3173 5422 pretii
3235 5355 3374 5416 loco,
3406 5362 3458 5404 et
3517 5348 3654 5400 nihil

1991 5434 2000 5444 ’
2053 5463 2264 5511 eorum,
2301 5463 2421 5516 quae
2453 5448 2616 5500 vitam
2644 5456 2894 5501 assecuta
2933 5457 3082 5512 sunt,
3120 5454 3178 5500 ut
3207 5446 3518 5512 despectum
3559 5446 3655 5490 aut

2049 5551 2206 5610 turpe
2241 5540 2609 5610 reprehendi;
2647 5542 2830 5595 omnia
2872 5541 3024 5594 enim
3074 5540 3438 5592 humanorum
3483 5543 3654 5582 metu-

2047 5632 2271 5687 brorum
2310 5632 2674 5684 instrumenta
2707 5629 2938 5684 tendunt
2966 5628 3032 5682 ad
3060 5640 3227 5679 unum
3264 5622 3414 5676 illum
3461 5619 3646 5684 linem,

2047 5734 2108 5780 ut
2148 5725 2311 5779 homo
2343 5731 2702 5778 conservetur
2748 5722 2804 5776 in
2853 5721 2983 5773 vita.
3037 5717 3170 5770 Pars
3234 5713 3401 5785 igitur
3454 5726 3650 5767 eorum

2047 5826 2375 5892 praesentem
2416 5816 2580 5872 vitam
2633 5823 2838 5880 tuetur,
2885 5827 3006 5883 quae
3051 5810 3119 5865 ad
3169 5808 3350 5863 varios
3395 5820 3526 5862 usus
3572 5803 3651 5863 ita
