4126 6446
407 317 417 339 λ
439 351 549 417 227

1669 340 2052 403 EUTHYMII
2107 337 2474 401 ZIGABENI

3601 338 3712 400 228

442 462 735 520 distributa
757 467 905 527 sunt,
929 471 990 516 ut
1014 461 1177 517 homo
1199 473 1297 531 per
1317 456 1406 511 illa
1433 453 1702 510 sentiendi
1725 456 2026 526 agendique

2148 457 2406 519 τέτακται,
2440 457 2468 508 ὁ
2495 452 2551 507 δὲ
2586 452 2788 516 σκοπός
2821 452 2939 506 ἐστι
2969 450 3027 506 τὸ
3055 449 3334 520 διαμένειν
3389 449 3445 502 ἐν
3484 451 3550 521 τῇ
3584 450 3703 522 ζωῇ

441 555 764 612 muneribus
815 554 1092 625 fungatur.
1144 553 1279 607 Pars
1327 558 1410 605 cst
1483 549 1549 602 ad
1625 549 2022 618 procreandum

443 648 1024 716 accommodata,qua:
1055 645 1313 715 prospicit
1343 643 1398 696 in
1427 641 1688 706 futurum,
1711 649 2025 711 naturaeque

444 741 851 798 successionem
894 738 1288 794 subministrat.
1331 736 1510 802 Quare
1562 735 1608 788 si
1645 735 2027 790 consideratur

446 829 675 892 utilitas,
706 843 939 897 quonam
982 825 1223 890 illorum,
1256 841 1377 895 quas
1412 825 1467 878 in
1510 825 1720 879 honore
1751 835 1880 881 sunt
1912 825 2030 881 huic

447 917 728 982 inferiora,
752 916 838 970 vel
874 915 1054 986 potius
1079 915 1122 969 si
1147 924 1294 970 recte
1319 914 1463 984 loqui
1489 913 1762 981 volumus,
1786 930 2028 983 quonam

447 1007 667 1082 illorum
695 1021 801 1060 non
833 1007 1115 1075 superiora
1151 1003 1508 1074 judicentur?
1533 1005 1723 1075 Neque
1755 1006 1902 1060 enim
1937 1020 2034 1074 per

446 1096 658 1160 oculos,
688 1110 864 1164 neque
898 1110 996 1166 per
1030 1095 1292 1164 linguam,
1326 1109 1502 1164 neque
1561 1110 1659 1166 per
1711 1094 1859 1150 aliud
1905 1109 2036 1150 sen-

443 1189 614 1244 tiendi
638 1191 1060 1245 instrumentum
1079 1202 1248 1256 genus
1265 1196 1513 1242 nostrum
1535 1195 1794 1257 perpetuo
1812 1199 2037 1242 conser-

447 1293 631 1339 vatur.
666 1284 792 1338 llazc
838 1282 1007 1348 enim,
1063 1291 1124 1336 ut
1180 1283 1386 1337 dictum
1427 1290 1536 1345 est,
1587 1281 1870 1350 praesentis
1916 1280 2038 1334 vitae

447 1377 759 1433 commodis,
787 1373 1106 1430 consulunt.
1139 1373 1232 1430 llla
1261 1389 1390 1428 vero
1419 1373 1645 1428 humani
1692 1374 1911 1444 generis
1943 1373 2041 1425 im-

451 1467 843 1522 mortalitatem
870 1474 1219 1529 eonservant,
1241 1465 1542 1535 mortisque
1563 1466 1672 1521 vim
1703 1453 1922 1522 assidue
1943 1482 2041 1528 nos

446 1569 854 1629 oppugnantem
888 1557 1291 1627 quodammodo
1357 1556 1684 1627 infringunt,
1733 1556 2037 1624 debilitant,

451 1660 618 1721 atque
646 1650 856 1706 irritant
901 1649 1129 1708 faciunt.
1169 1647 1399 1720 Semper
1439 1651 1587 1704 enim
1639 1649 1783 1718 quod
1830 1649 2036 1718 deﬁcit,

450 1756 597 1796 novo
625 1751 789 1811 partu
841 1742 1110 1795 instaurat
1157 1751 1372 1796 natura.
1426 1740 1557 1806 Quae
1595 1755 1724 1794 cum
1777 1740 1851 1795 ita
1907 1743 2035 1805 sint,

2127 547 2189 600 τὸ
2239 545 2604 616 ἀνθρώπινον.
2673 542 2753 597 Τά
2788 545 2888 615 μὲν
2917 543 3015 598 οὖν
3055 543 3222 597 λοιπὰ
3278 542 3389 596 τῶν
3456 542 3707 611 ὁργάνων

2132 639 2232 704 τὴν
2270 637 2561 708 παροῦσαν
2611 636 2824 708 συνέχει
2863 635 2971 690 τῶν
3019 637 3323 704 ἀνθρώπων
3381 633 3547 704 ζωὴν,
3569 635 3716 688 ἀλλά

2129 731 2265 800 πρὸς
2281 731 2450 802 ἄλλην
2473 730 2753 800 ἐνέργειαν
2779 745 2846 800 με
2857 729 3185 798 μερισμὲνα,
3203 726 3269 780 δι’
3298 723 3374 781 ὧν
3401 728 3432 796 ἡ
3458 727 3714 795 αἰσθητι-

2130 823 2202 894 xi;
2224 839 2281 876 τε
2312 825 2405 876 καὶ
2434 822 2764 892 ὲνεργητικὴ
2789 821 3022 890 δύναμις
3086 821 3458 887 οἰκονομεῖται
3484 835 3498 850 ·
3528 820 3598 875 τὰ
3653 821 3715 873 δὲ

2130 913 2429 986 γεννητικὰ
2485 913 2578 968 τοῦ
2621 913 2905 985 μέλλοντος
2936 911 3051 982 ἔχει
3077 911 3176 982 τὴν
3201 913 3461 982 πρόνοιαν
3493 909 3562 963 δι’
3580 911 3677 963 ἐαυ
3701 938 3713 950 ~

2132 1007 2241 1062 τῶν
2270 1011 2339 1079 τῇ
2397 1007 2562 1076 φύσει
2608 1005 2706 1078 τὴν
2755 1005 3006 1076 διαδοχὴν
3060 1003 3473 1070 άντεισάγοντα.
3511 1003 3573 1056 lii
3610 1002 3705 1056 οὖν

2140 1100 2280 1170 πρὸς
2319 1100 2380 1154 τὸ
2412 1099 2675 1170 χρειῶδες
2711 1098 2952 1169 βλέποις,
2983 1097 3128 1158 τίνος
3163 1096 3232 1150 ἂν
3255 1097 3344 1163 εἴη
3377 1095 3485 1149 τῶν
3509 1092 3717 1164 τιμίων

2137 1187 2274 1246 εἶναι
2306 1190 2680 1263 νομιζομένων
2701 1191 2886 1242 ἐκεῖνα
2919 1187 3153 1258 δεύτερα
3185 1203 3200 1252 ;
3238 1186 3382 1248 τίνος
3424 1185 3482 1238 δὲ
3511 1186 3613 1240 οὐκ
3649 1187 3719 1238 ἂν

2140 1283 2516 1358 προτιμότερα
2574 1282 2715 1336 κατὰ
2767 1280 2829 1334 τὸ
2879 1280 3105 1348 εῦλογον
3155 1280 3437 1348 κρίνοιτο;
3475 1276 3552 1332 Ού
3603 1276 3717 1345 γὰρ

2137 1373 2423 1446 ὀφθαλμῷ,
2465 1373 2558 1427 καὶ
2607 1372 2771 1442 ἀκοῇ,
2807 1371 2905 1423 καὶ
2937 1369 3180 1441 γλώσσῃ,
3215 1367 3248 1436 ἢ
3283 1365 3428 1435 ἄλλῳ
3479 1364 3588 1419 τινὶ
3607 1366 3719 1417 τῶν

2145 1466 2520 1537 αἰσθητηρίων
2565 1464 2702 1534 πρὸς
2723 1463 2788 1517 τὸ
2818 1461 3062 1534 διηνεκὲς
3101 1461 3164 1514 τὸ
3193 1461 3349 1529 γένος
3374 1457 3533 1529 ἡμῶν
3571 1457 3719 1522 διεξ-

2143 1553 2358 1623 άγεται.
2390 1551 2578 1610 Ταῦτα
2603 1551 2735 1621 γὰρ,
2787 1548 2972 1614 καθὼς
3002 1550 3241 1620 εἴρηται,
3274 1550 3376 1620 τῆς
3435 1546 3722 1618 παρούσης

2143 1646 2296 1702 ἐστὶν
2344 1644 2726 1708 ἀπολαύσεως.
2802 1643 2948 1700 Ἀλλ’
2979 1643 3037 1696 ὲν
3088 1643 3316 1705 ἐκείνοις
3369 1642 3403 1708 ή
3453 1639 3720 1694 ἀθανασία

2149 1741 2503 1810 συντηρεῖται
2554 1741 2620 1810 τῇ
2648 1736 3052 1808 ἀνθρωπότητι,
3109 1734 3184 1798 ὼς
3242 1734 3330 1788 ἀεὶ
3365 1731 3488 1788 καθ’
3549 1732 3711 1804 ἡμῶν

441 1832 586 1901 quid
630 1832 855 1887 absurdi
900 1822 1213 1902 mysterium
1252 1840 1511 1886 nostrum
1567 1829 1937 1902 amplectitur,
1987 1831 2031 1884 si

2148 1831 2470 1902 ὲνεργοῦντα
2525 1831 2618 1886 τὸν
2678 1831 2907 1885 θάνατον
2985 1829 3268 1899 ἄπρακτον
3329 1822 3477 1882 εἶναι
3517 1826 3723 1896 τρόπον

440 1922 654 1990 quibus
678 1921 1063 1976 instrumentis
1086 1936 1207 1975 cum
1229 1927 1416 1975 morte
1448 1929 1639 1974 natura
1671 1920 1936 1983 deaertat,
1972 1919 2038 1974 iis

453 2027 519 2066 cx
550 2028 684 2082 pura
713 2011 934 2083 Virgine
959 2011 1098 2066 Deus
1123 2013 1377 2066 humanm
1409 2011 1532 2066 vitae
1558 2013 1887 2081 coniunctus
1915 2012 2036 2067 est?

2145 1923 2270 1976 τινὰ
2293 1923 2388 1977 καὶ
2429 1924 2718 1992 ἀνήνυτον,
2749 1920 2982 1976 πάντοτε
3012 1919 3150 1990 πρὸς
3183 1918 3245 1971 τὸ
3284 1918 3470 1972 λεῖπον
3497 1917 3587 1969 διὰ
3610 1917 3722 1970 τῶν

2145 2014 2551 2086 ἐπιγινομένων
2609 2013 2808 2082 ἑαυτὴν
2875 2007 3310 2081 ἀντεισαγούσης
3343 2008 3442 2078 τῆς
3481 2006 3720 2076 φύσεως.

455 2106 521 2158 Τί
571 2104 664 2158 οὖν
717 2105 964 2177 ἀπρεπὲς
998 2103 1244 2174 περιέχει
1271 2104 1433 2173 ἡμῶν
1475 2104 1534 2157 τὸ
1570 2105 1891 2174 μυστήριον,
1927 2104 2084 2159 είδιὰ
2115 2105 2322 2160 τούτων
2373 2109 2436 2161 ὲκ
2480 2104 2759 2176 Παρθένου
2805 2104 3056 2176 καθαρᾶς
3091 2099 3401 2171 κατεμίχθη
3428 2100 3457 2154 ὁ
3483 2099 3616 2164 Θεὸς
3643 2100 3724 2171 τῷ

451 2196 786 2268 ἀνθρωπίνῳ
818 2195 942 2267 βίῳ,
1005 2195 1074 2249 δι’
1101 2187 1177 2252 ὧν
1208 2197 1248 2268 νή
1301 2195 1465 2264 φύσις
1496 2196 1632 2267 πρὸς
1665 2195 1764 2251 τὸν
1795 2196 2026 2251 θάνατον
2063 2199 2292 2270 μάχεται
2320 2215 2334 2229 ·

951 2287 1039 2344 Ex
1072 2289 1253 2344 eadem
1280 2289 1545 2343 oratione.

527 2382 637 2440 Cur
681 2391 861 2437 autem
891 2395 1015 2436 cum
1059 2380 1216 2436 initio
1245 2389 1529 2450 peccatum
1559 2380 1791 2452 vigeret,
1834 2397 1944 2437 non
1979 2381 2035 2438 in

445 2479 578 2546 ipso
608 2475 790 2531 statim
823 2481 943 2528 ortu
979 2488 1077 2544 per
1105 2472 1360 2529 humanae
1387 2475 1574 2528 carnis
1600 2474 2033 2544 assumptionem

445 2585 776 2640 Oppressum
796 2568 918 2634 fuit,
944 2577 1106 2636 atque
1135 2565 1414 2637 provisum
1470 2582 1541 2622 ne
1574 2567 1736 2622 latius
1792 2575 2037 2638 serperet

452 2673 518 2719 tet
552 2657 1209 2732 propagaretur‘iFacilis
1261 2659 1547 2726 responsio
1605 2666 1711 2714 est.
1764 2656 2036 2724 Quoniam

460 2754 530 2817 is,
565 2753 656 2816 qui
689 2761 896 2805 natura:
928 2748 1267 2816 consulebat,
1298 2748 1568 2818 sapientia
1585 2757 1650 2804 et
1694 2749 2039 2819 providentia

457 2842 673 2898 distulit
699 2839 1024 2895 beneﬁcium
1069 2854 1193 2910 erga
1218 2854 1320 2894 nos
1361 2854 1544 2894 suum.
1577 2840 1714 2894 Nam
1745 2851 1801 2897 et
1841 2841 1893 2896 in
1921 2856 2040 2896 cor-

465 2932 616 3002 poris
639 2930 842 2986 morbis
867 2945 993 2984 cum
1043 2929 1240 2999 aliquis
1274 2930 1472 2986 humor
1499 2939 1790 3000 corruptus
1829 2942 2040 2988 meatus

457 3021 772 3092 occupavit,
807 3019 1030 3074 medica:
1056 3017 1329 3073 facultatis
1369 3017 1528 3086 periti
1559 3033 1668 3071 non
1697 3018 1848 3087 prius
1880 3018 2040 3072 adhi-

2579 2292 2680 2347 Ἐκ
2715 2289 2822 2345 τοῦ
2864 2289 3054 2344 αὐτοῦ
3080 2290 3295 2359 λόγου.

2212 2384 2280 2438 Τί
2309 2382 2400 2436 δαὶ
2428 2384 2550 2447 οὐκ,
2595 2383 2653 2436 ὲν
2676 2383 2871 2454 ἀρχαῖς
2903 2379 3071 2449 οὔσης
3099 2381 3198 2450 τῆς
3225 2379 3452 2446 κακίας,
3499 2377 3598 2449 τὴν
3629 2377 3723 2430 ἐπὶ

2136 2475 2198 2531 τὸ
2251 2476 2415 2528 πλέον
2473 2475 2646 2546 αὐτῆς
2675 2474 2904 2546 πρόοδον
2965 2473 3052 2528 διὰ
3098 2472 3200 2544 τῆς
3254 2470 3725 2542 ὲνανθρωπήσεως

2136 2568 2476 2634 Eat-educto;
2513 2567 2658 2638 Πρὸς
2695 2564 2855 2620 τοῦτο
2901 2565 3165 2636 σύντομος
3213 2565 3242 2618 ὁ
3290 2562 3421 2634 παρ’
3443 2563 3575 2633 ἡμῖν
3605 2560 3722 2615 ἔστι

2137 2660 2297 2728 λόγος
2329 2676 2346 2692 ·
2379 2661 2502 2714 Ὅτι
2563 2659 2725 2728 σοφία
2765 2658 2984 2727 γέγονα,
3026 2657 3124 2712 καὶ
3178 2654 3272 2710 τοῦ
3312 2653 3723 2715 λυσιτελοῦντος

2137 2755 2204 2822 τῇ
2239 2752 2397 2821 φύσει
2426 2751 2737 2823 προμήθεια
2774 2751 2807 2821 ἡ
2860 2748 2998 2820 πρὸς
3052 2747 3151 2820 τὴν
3182 2746 3508 2820 εὐεργεσίαν
3559 2743 3724 2815 ἡμῶν

2138 2843 2400 2913 ἀναϐολή.
2429 2843 2539 2896 Καὶ
2572 2843 2682 2912 γὰρ
2721 2840 2946 2895 ἐπὶτῶν
2980 2839 3313 2910 σωματικῶν
3375 2833 3722 2908 νοσημάτων,

2137 2936 2264 2990 ὅταν
2291 2953 2374 2998 τις
2439 2932 2737 3004 διεφθορώς
2791 2933 2965 3005 χυμὸς
3020 2932 3246 3004 ὑφέρπῃ
3305 2931 3440 2994 τοὺς
3493 2929 3720 3000 πόρους,

2145 3025 2276 3098 πρὶν
2313 3024 2460 3079 ἅπαν
2491 3025 2587 3078 ἐπὶ
2611 3023 2711 3094 τὴν
2739 3025 3063 3093 ἐπιφάνειαν
3123 3021 3453 3092 ἑλκυσθῆναι
3477 3019 3539 3074 τὸ
3567 3019 3724 3091 παρά

464 3112 596 3166 bent
622 3108 975 3180 astringentis
1004 3107 1426 3174 medicamenta,
1455 3121 1618 3177 quam
1646 3106 1721 3170 id,
1755 3106 1912 3175 iquod
1943 3121 2037 3160 na-

2148 3115 2307 3185 φύσιν
2361 3115 2707 3183 ἐγκείμενον,
2736 3113 2797 3168 ὀύ
2850 3110 3414 3184 καταφαρμακεύεται
3468 3112 3583 3174 τοῖς
3614 3128 3723 3164 πυ-

470 3210 605 3255 turae
634 3198 966 3254 contrarium
989 3199 1136 3253 intus
1170 3195 1431 3253 diffusum
1470 3205 1574 3262 est,
1605 3212 1664 3252 se
1695 3205 1871 3252 totum
1905 3197 2038 3252 ell‘u.

465 3293 632 3356 derit,
665 3307 732 3346 eo
793 3299 974 3345 autent
996 3278 1077 3344 ad
1109 3288 1462 3359 superﬁciem
1491 3297 1737 3344 extracto
1776 3290 2038 3345 remediis

467 3393 699 3438 utuntur
756 3382 892 3437 suis.
948 3381 1220 3447 Quoniam
1288 3380 1456 3452 igitur
1521 3381 1746 3435 malitiae
1819 3383 2044 3439 morbus

469 3475 636 3531 semel
712 3484 964 3529 naturam
1021 3475 1315 3527 humanam
1383 3473 1676 3535 invaserat,
1712 3475 2047 3543 exsliectavit

464 3567 622 3620 orbis
653 3567 918 3630 medicus,
963 3566 1234 3619 ut-omnia
1261 3580 1459 3636 genera
1493 3563 1879 3634 improbitatis,
1926 3583 2048 3637 qua:

469 3659 526 3712 in
556 3659 672 3727 ipsa
705 3670 896 3712 natura
927 3657 1235 3724 latitabaut,
1278 3666 1656 3727 erumperent.
1681 3658 1888 3715 Idcirco
1935 3676 2048 3718 non

469 3749 656 3802 statim
717 3757 843 3816 post
901 3747 1103 3801 caedem
1137 3754 1192 3800 et
1237 3745 1601 3800 fratricidium
1649 3747 1956 3804 admissum
2015 3763 2047 3804 α

466 3840 607 3895 £ain
660 3841 945 3896 hominum
979 3838 1165 3911 generi
1220 3839 1547 3894 medicinam
1600 3839 1750 3894 fecit.
1795 3839 2050 3896 Nondum

464 3933 618 3986 enim
659 3947 870 3994 eorum,
907 3930 998 4000 qui
1029 3939 1275 4000 tempore
1310 3929 1423 3983 Noe
1456 3929 1692 3998 corrupti
1719 3941 1868 3996 sunt,
1901 3945 2051 3986 utor-

473 4023 576 4076 bus
605 4030 956 4092 apparuerat.
979 4021 1229 4076 Nondum
1261 4023 1440 4092 gravis
1465 4022 1811 4077 Sodomiticaa
1847 4023 2050 4094 iniqui-

470 4115 603 4168 tatis
641 4113 904 4181 aegritudo
967 4113 1238 4181 patefacta
1293 4123 1430 4167 erat.
1464 4111 1718 4167 Nondum
1769 4111 2053 4184 [Egyptia-

474 4220 597 4258 rum
631 4220 810 4274 pugna
844 4220 969 4258 cum
1016 4203 1147 4267 Deo,
1185 4204 1426 4257 nondum
1478 4204 1738 4274 superbia
1803 4205 2054 4278 Assyrio-

469 4309 621 4359 rum,
657 4295 899 4349 nondum
931 4310 960 4347 a
1004 4293 1209 4348 .ludzeis
1251 4295 1499 4349 admissa:
1523 4304 1836 4352 sanctorum
1875 4297 2054 4352 homi-

471 4405 608 4444 .num
665 4391 858 4455 caedes,
931 4390 1172 4445 nondum
1247 4390 1353 4445 alia
1410 4390 1593 4446 omnia
1638 4393 1841 4447 scelera
1893 4401 2054 4463 atque

2145 3205 2333 3258 κνοῦσι
2359 3205 2418 3257 τὸ
2447 3204 2608 3274 σῶμα
2641 3204 2793 3274 παρὰ
2843 3204 2952 3258 τῶν
3005 3203 3273 3273 τεχνικῶς
3328 3201 3726 3272 μεθοδευόντων

2143 3299 2210 3350 τὰ
2245 3297 2417 3374 πάθη,
2445 3295 2563 3350 ἀλλ’
2597 3296 2932 3366 ἀναμένουσι
2981 3295 3045 3348 τὸ
3083 3293 3412 3365 ὲνδομυχοῦν
3441 3293 3585 3346 ἀπαν
3618 3292 3729 3360 ἔξω

2146 3383 2423 3451 γενέσθαι,
2463 3383 2558 3436 καὶ
2591 3382 2736 3436 οὕτω
2768 3381 2961 3453 γυμνῷ
2991 3383 3070 3452 τῷ
3129 3383 3291 3436 πάθει
3354 3383 3452 3451 τὴν
3481 3383 3728 3452 ίατρείαν

2148 3477 2536 3546 προσάγουσιν.
2555 3474 2773 3546 Ἐπειδὴ
2802 3475 2980 3528 τοίνυν
3007 3473 3152 3538 ἆπαξ
3171 3471 3441 3543 ἐνέσκηψε
3466 3474 3532 3542 τῇ
3561 3472 3730 3539 φύσει

2148 3571 2247 3638 τῆς
2286 3569 2712 3639 ἀνθρωπότητος
2766 3569 2800 3638 ἡ
2831 3567 2931 3635 τῆς
2968 3567 3170 3629 κακίας
3233 3566 3410 3628 νόσος,
3442 3563 3732 3633 ἀνέμεινεν

2149 3662 2177 3714 ό
2203 3658 2297 3713 τοῦ
2337 3660 2539 3723 παντὸς
2585 3657 2931 3728 θερα-πευτὴς
2993 3654 3164 3726 μηδὲν
3208 3655 3601 3724 ὑπολειφθῆναι
3626 3652 3735 3722 τῆς

2154 3749 2421 3821 πονηρίας
2451 3745 2591 3812 εἶδος
2629 3748 3086 3820 ἐγκεκρυμμένον
3115 3749 3180 3818 τῇ
3215 3745 3401 3816 φύσει.
3439 3746 3538 3798 Διά
3567 3744 3735 3798 τοῦτο

2153 3843 2255 3897 οὐκ
2287 3842 2448 3905 εὐθὺς
2481 3841 2623 3912 μετά
2651 3841 2745 3894 τὸν
2809 3840 3008 3908 φθόνον
3042 3839 3136 3894 καὶ
3161 3839 3263 3910 τὴν
3311 3837 3737 3908 ἀδελφοκτονίαν

2155 3934 2250 3990 τοῦ
2285 3935 2425 3988 Κάῖν
2482 3934 2754 4002 προσάγει
2776 3931 2854 4002 τῷ
2909 3930 3186 4001 ἀνθρώπῳ
3249 3931 3351 4000 τὴν
3406 3930 3731 4000 θεραπείαν.

2158 4025 2324 4080 Οῠπω
2373 4025 2482 4093 γάρ
2508 4024 2618 4077 τῶν
2667 4024 2759 4076 ἐπὶ
2809 4021 2933 4076 Νῶε
2966 4020 3431 4091 καταφθαρέντων
3477 4023 3512 4091 ἡ
3565 4021 3734 4076 κακία

2154 4117 2478 4187 ἐξέλαμψεν,
2537 4116 2657 4169 οὐδὲ
2727 4115 2826 4186 τῆς
2884 4114 3233 4184 σοδομιτικῆς
3289 4115 3640 4183 παρανομίας
3700 4118 3734 4183 ἡ

2157 4208 2368 4279 χαλεπὴ
2403 4207 2555 4270 νόσος
2586 4205 2972 4275 ἀπεκαλύφθη,
3005 4206 3130 4260 οὐδὲ
3194 4207 3228 4276 ἡ
3264 4205 3372 4258 τῶν
3417 4203 3738 4274 Αἰγυπτίων

2158 4299 2448 4370 θεομαχία,
2478 4299 2601 4353 οὐδὲ
2637 4300 2672 4371 ἡ
2698 4298 2809 4352 τῶν
2853 4298 3160 4368 Ἀσσυρίων
3208 4298 3577 4369 ὑπερηφανία,
3613 4298 3735 4350 οὐδὲ

2156 4394 2190 4462 ή
2227 4390 2335 4445 τῶν
2373 4389 2645 4444 Ἰουδαίων
2678 4390 2824 4444 κατά
2852 4389 2959 4442 τῶν
2990 4390 3161 4458 ἁγίων
3201 4389 3295 4443 τοῦ
3345 4389 3479 4442 θεοῦ
3511 4406 3736 4460 μιαιςο·

476 4481 698 4550 ilagitia,
726 4496 846 4550 qua:
875 4482 958 4538 vel
989 4482 1286 4536 litterarum
1317 4484 2045 4556 monumentisconsignata,

2160 4486 2268 4544 νία,
2294 4484 2418 4541 οὐδὲ
2450 4485 2516 4537 τὰ
2549 4483 2687 4537 ἀλλα
2714 4484 2913 4546 πάντα,
2942 4484 3042 4535 ὃσα
3065 4499 3126 4534 τε
3192 4483 3610 4552 μνημονεύεται,
3637 4485 3740 4536 καὶ

483 4573 564 4628 γει
603 4573 823 4628 silentio
855 4573 1130 4643 praeterita
1159 4579 1305 4638 sunt,
1342 4576 1682 4639 exstiterant,
1720 4589 1844 4630 cum
1887 4577 2055 4632 variis

474 4665 656 4721 modis
725 4666 939 4735 peccati
1012 4666 1164 4720 radix
1223 4667 1278 4719 in
1337 4665 1623 4722 hominum
1683 4669 2054 4725 voluntatibus

479 4767 745 4828 serperet.
808 4756 1175 4828 Posteaquam
1213 4758 1378 4830 igitur
1425 4759 1631 4814 malitia
1683 4762 1932 4829 pervenit
1988 4761 2058 4818 ad

477 4866 782 4914 summum,
821 4850 1178 4920 hominesque
1195 4835 1407 4906 nullum
1434 4852 1656 4908 sceleris
1677 4866 1849 4923 genus
1881 4853 2058 4909 inten-

481 4951 656 4995 tatum
718 4941 1094 5012 reliquerunt,
1146 4952 1277 4998 tunc
1319 4943 1558 5014 optimus
1604 4944 1848 5001 medicus
1881 4961 2059 5000 reme-

487 5033 664 5098 dium,
718 5048 827 5102 quo
872 5043 1036 5092 totam
1086 5034 1459 5104 aegritudinem
1512 5043 1750 5101 curaret,
1791 5033 2055 5092 adhibuit.

484 5123 613 5179 llaec
667 5125 766 5182 fuit
819 5141 1006 5187 causa.
1055 5127 1412 5195 quamobrem
1469 5141 1579 5182 non
1621 5127 1909 5196 exorienti,
1963 5129 2057 5184 sed

485 5217 730 5286 perfecto
784 5217 895 5287 jam
934 5219 1124 5273 morbo
1178 5218 1382 5274 mederi
1435 5219 1625 5274 voluit.
1667 5219 1821 5286 Quod
1852 5220 1898 5275 si
1939 5222 2062 5291 quis

485 5307 787 5361 rationibus
815 5309 1015 5361 nostris
1039 5323 1148 5362 non
1195 5309 1513 5378 acquiescit,
1549 5309 1689 5378 quia
1733 5320 1854 5379 post
1890 5313 2063 5366 medi-

486 5405 801 5450 camentum
856 5395 1159 5450 adhibitum
1234 5397 1416 5451 adhuc
1459 5397 1736 5466 peccando
1788 5409 2061 5468 grassatur

487 5488 767 5543 hominum
793 5487 922 5552 vita,
945 5486 992 5542 is
1027 5487 1275 5556 exemplo
1291 5487 1438 5542 claro
1470 5490 1836 5544 communitus
1863 5489 2062 5543 verita-

489 5587 598 5630 tem
647 5588 930 5650 aguoscat.
963 5578 1430 5643 Quemadmodum
1460 5579 1608 5634 enim
1635 5579 1688 5632 in
1717 5579 2063 5648 serpentibus

487 5669 757 5736 videmus,
790 5670 836 5724 si
880 5670 1137 5725 lethalem
1185 5671 1397 5740 plagam
1427 5670 1482 5724 iu
1516 5669 1693 5740 capite
1732 5670 2060 5740 acceperint,

489 5770 598 5811 non
653 5763 914 5818 continuo
948 5762 1108 5818 simul
1160 5779 1282 5817 cum
1315 5761 1434 5833 ipso
1465 5765 1638 5833 capite
1679 5763 1910 5834 reliquas
1941 5779 2063 5819 coro

2157 4579 2256 4630 ὅσα
2280 4575 2384 4639 ἔξω
2415 4577 2513 4644 τῆς
2543 4574 2788 4643 ἱστορίας
2809 4575 2871 4627 ὲν
2899 4575 3018 4636 ταῖς
3054 4574 3289 4643 καθεξῆς
3319 4576 3535 4642 γενεαῖς
3570 4591 3737 4628 κατε-

2157 4668 2400 4740 πράχθη,
2439 4665 2796 4738 πολυτρόπως
2833 4665 2933 4736 τῆς
2977 4664 3068 4719 τοῦ
3102 4666 3272 4722 κακοῦ
3318 4667 3474 4737 ῥίζης
3523 4669 3580 4720 ὲν
3613 4671 3737 4730 ταῖς

2157 4763 2267 4814 τῶν
2319 4759 2622 4831 ἀνθρώπων
2656 4758 3014 4829 προαιρέσεσι
3071 4759 3502 4832 βλαστανούσης.
3579 4760 3736 4813 Ἔτει

2156 4849 2255 4906 οὖν
2298 4853 2434 4920 πρὸς
2465 4850 2526 4903 τὸ
2571 4849 2879 4920 ἀκρότατον
2933 4849 3134 4921 μέτρον
3185 4849 3420 4919 ἔφθασεν
3463 4853 3496 4921 ἡ
3537 4852 3734 4918 κακία,

2161 4943 2256 4997 καὶ
2309 4939 2462 4994 οὐδὲν
2511 4939 2594 4992 ἔτι
2642 4939 2910 5010 πονηρίας
2965 4935 3108 5004 εἶδος
3159 4941 3218 4994 ὲν
3259 4944 3371 5005 τοῖς
3421 4941 3737 5012 ἀνθρώποις

2161 5030 2469 5102 ἀτόλμητον
2500 5023 2591 5100 ἦν,
2619 5029 2696 5092 ὡς
2725 5029 2791 5085 ἂν
2814 5030 2904 5085 διά
2932 5031 3114 5102 πάσης
3143 5031 3241 5100 τῆς
3262 5032 3573 5103 ἀρρωστίας
3600 5049 3744 5103 προ-

2160 5123 2464 5195 χωρήσειεν
2491 5122 2524 5194 ﬁ
2565 5121 2851 5195 θεραπεία,
2871 5124 3064 5177 τούτου
3087 5123 3250 5194 χάριν
3276 5126 3376 5178 ούκ
3403 5125 3740 5196 ἀρχομένην,

2163 5217 2300 5270 ἀλλά
2332 5215 2767 5288 τετελειωμένην
2810 5214 3104 5289 θεραπεύει
3150 5217 3249 5289 τὴν
3287 5219 3462 5271 νόσον.
3497 5217 3634 5270 Είδέ
3652 5235 3743 5282 τις

2162 5309 2404 5378 ἐλέγχειν
2433 5307 2604 5361 οἴεται
2630 5307 2721 5363 τὸν
2751 5309 3029 5380 ἡμέτερον
3063 5310 3244 5379 λόγον,
3272 5311 3354 5364 ὅτι
3383 5311 3476 5364 καὶ
3508 5311 3647 5380 μετὰ
3678 5311 3746 5364 τὸ

2165 5397 2550 5470 προσαχθῆναι
2599 5398 2698 5469 τὴν
2749 5400 3049 5470 θεραπείαν
3099 5401 3179 5454 ἔτι
3217 5402 3617 5472 πλημμελεῖται
3650 5401 3745 5454 διὰ

2164 5489 2274 5542 τῶν
2318 5489 2740 5559 ἁμαρτημάτων
2769 5493 2796 5543 ό
2829 5491 3176 5559 ἀνθρώπινος
3203 5492 3338 5564 βίος,
3375 5492 3742 5562 ὑποδείγματι

2166 5598 2272 5634 τινι
2303 5582 2413 5634 τῶν
2445 5581 2753 5651 γνωρίμων
2782 5581 3107 5652 ὁδηγηθήτω
3158 5584 3292 5652 πρὸς
3325 5583 3423 5652 τὴν
3456 5582 3739 5652 ἀλήθειαν.

2168 5671 2380 5743 Ὠσπερ
2408 5676 2513 5742 γὰρ
2535 5675 2628 5725 ὲπί
2660 5673 2753 5725 τοῦ
2786 5673 2983 5742 ὄφεως,
3012 5677 3060 5728 εί
3085 5675 3224 5728 κατά
3245 5675 3342 5744 τῆς
3374 5674 3613 5744 κεφαλῆς
3644 5674 3744 5744 τὴν

2169 5762 2391 5833 καιρίαν
2447 5763 2622 5832 λάϐοι,
2653 5766 2755 5822 ούκ
2780 5767 2944 5832 εὐθὺς
2979 5767 3372 5839 συννεκροῦται
3407 5769 3474 5837 τῇ
3529 5766 3742 5836 κεφαλῇ
