4126 6402
438 279 544 346 231
1592 240 1593 243 γ
1674 285 2065 346 EUTHYMII
2115 286 2481 350 ZIG.‘.BE.\'I
3472 310 3477 317 ε
3617 302 3729 364 2.22

439 404 501 451 et
529 401 759 450 mortem
800 409 923 451 esse
956 409 1300 466 perpessum,
1365 393 1618 450 eumdem
1669 404 1851 450 tamen
1908 412 2027 451 om-

2134 398 2294 466 δόξαν
2330 417 2391 454 τε
2423 404 2517 456 καὶ
2544 402 2908 478 λαμπρότητα
2928 407 3195 480 διηνεκῶς
3250 410 3436 481 μένειν
3495 413 3729 470 ἀνελάτ-

443 488 579 543 nino
601 487 887 544 divinitate
936 488 1100 543 nullis
1126 487 1458 543 cruciatibus
1506 498 1602 544 aut
1647 486 2031 545 affectionibus
2137 506 2331 548 τωτον.

444 579 739 637 obnoxium
766 581 1149 653 permansisse,
1183 590 1323 637 utet
1351 586 1499 639 salus
1548 591 1697 638 esset
1732 592 1921 638 nostra
1965 583 2020 638 in
2070 595 2247 642 morte
2304 587 2571 662 unigeniti
2610 592 2732 650 Filii
2791 594 2891 652 Dei
2957 598 3037 671 (ρ
3082 599 3334 657 mirabile
3381 613 3723 677 mysterium,

443 686 501 733 et
536 692 756 732 omnem
788 677 1001 733 dicendi
1033 674 1141 732 vim
1181 678 1486 749 superans!
1520 678 1540 748 )
1580 687 1637 735 et
1684 678 1884 735 divinae
1938 681 2194 737 essentia:
2231 683 2354 755 ejus
2400 688 2547 759 apud
2581 688 2795 747 Patrem
2847 692 3019 763 gloria
3069 703 3126 750 et
3170 674 3728 773 splendorperpetuo

440 771 570 829 sine
601 771 708 827 ulla
747 771 1132 828 imminutione
1158 783 1531 842 permaneret.

1133 863 1415 935 Ejusdem.

2745 875 2856 930 Τοῦ
2910 877 3118 932 αὐτοῦ.

517 955 773 1027 Magnum
862 965 1160 1025 assumpta:
1215 972 1247 1011 a
1309 955 1423 1012 Deo
1490 957 1672 1012 carnis
1717 959 2027 1031 mysterium

2208 961 2282 1014 Τὸ
2306 961 2455 1033 μέγα.
2480 965 2579 1036 τῆς
2615 963 2764 1029 Θείας
2787 966 3263 1040 ὲνανορωπήσεως
3286 971 3596 1045 μυστήριον
3630 976 3726 1030 ἀεὶ

448 1064 669 1120 semper
694 1049 1014 1121 mysterium
1058 1059 1262 1113 manet,
1299 1064 1410 1104 non
1449 1050 1629 1106 solum
1694 1053 1845 1123 quia,
1904 1057 2027 1109 dum

2142 1053 2295 1123 μένει
2347 1057 2672 1125 μυστήριον,
2709 1057 2772 1111 οὑ
2810 1057 2974 1128 μόνον
3011 1060 3095 1114 ὅτι
3129 1062 3466 1133 συμμέτρως
3507 1067 3575 1135 τῇ
3626 1065 3725 1118 δυ-

442 1139 687 1195 facultati
716 1155 929 1203 eorum.
967 1141 1058 1212 qui
1084 1154 1394 1210 servantur,
1428 1144 1791 1214 praportione
1814 1146 2027 1201 videtur

2141 1146 2305 1214 νάμει
2338 1146 2451 1202 τῶν
2484 1147 2577 1201 ὑπ’
2610 1149 2779 1203 αὑτοῦ
2812 1151 3143 1220 σωζομένων
3174 1152 3578 1227 ὲκφαινόμενον
3606 1157 3725 1227 ἔχει

444 1234 806 1305 respondere,
836 1234 1014 1305 majus
1037 1250 1201 1305 quam
1229 1249 1341 1304 prae
1373 1249 1432 1290 se
1470 1235 1597 1297 fert.
1630 1252 1893 1292 arcanum
1926 1239 2027 1293 ha-

2143 1239 2331 1308 μεῖζον
2379 1239 2476 1294 τοῦ
2522 1241 2885 1310 ὲκφανθέντος
2931 1245 2995 1298 τὺ
3027 1249 3437 1316 κεκρυμμένον,
3470 1250 3587 1302 ἀλλ’
3628 1251 3716 1304 ὃτι

442 1326 537 1383 bet
558 1326 943 1394 reconditum;
972 1342 1167 1382 verum
1197 1328 1362 1383 etiam
1393 1329 1522 1400 quia
1553 1330 1607 1385 id
1640 1331 1841 1401 ipsum,
1886 1332 2027 1401 quod

2140 1331 2240 1383 καὶ
2288 1331 2425 1384 αὑτὸ
2459 1332 2521 1385 τὸ
2567 1333 2735 1403 φανὲν
2789 1334 2870 1388 ἔτι
2906 1336 3058 1405 μένει
3106 1336 3345 1407 πάμπαν
3397 1340 3725 1411 ἀπόκρυφον

440 1427 709 1491 apparet,
738 1419 913 1488 magis
945 1420 1221 1475 occultum
1252 1429 1308 1476 et
1341 1432 1613 1478 secretum
1637 1431 1721 1478 est
1766 1438 1928 1492 quam
1984 1438 2027 1479 ul

2136 1421 2314 1476 οὐδενὶ
2343 1423 2491 1494 λόγῳ
2521 1424 2705 1490 καθώς
2731 1427 2850 1480 ἔστι
2879 1431 3309 1499 γινωσκόμενον.
3353 1429 3412 1483 '0
3443 1429 3552 1500 γάρ
3585 1431 3722 1497 Θεὸς

440 1512 555 1568 ulla
583 1512 818 1577 ratione,
838 1512 1114 1582 quomodo
1137 1513 1232 1580 sit,
1252 1515 1462 1586 percipi
1487 1515 1686 1570 valeat.
1714 1514 1861 1570 Deus
1890 1516 2027 1572 enim

2139 1513 2467 1584 ὑπερούσιος
2498 1515 2597 1578 ὢν,
2631 1517 2978 1593 ὑπερουσίως
3005 1519 3272 1593 οὑσιώθη·
3310 1521 3408 1575 καὶ
3438 1522 3584 1593 ὑπὲρ
3621 1524 3721 1577 ἀν-

443 1604 686 1660 essentia
742 1605 1051 1672 sublimior,
1104 1605 1319 1662 ratione
1386 1606 1682 1662 essentiam
1745 1617 2027 1678 superant:

2137 1574 2379 1677 Optimth
2407 1574 2484 1672 di;
2511 1574 2898 1681 φιλάνθρωπος
2928 1574 2996 1666 ἐκ
3024 1612 3125 1683 τῆς
3153 1574 3264 1667 τῶν
3288 1574 3596 1686 ἀνθρώπων
3626 1574 3725 1669 οὑ-

447 1698 681 1768 sumpsit
736 1698 1051 1762 essentiam,
1085 1708 1138 1753 et
1163 1713 1263 1769 pro
1287 1698 1604 1754 hominibus
1655 1699 1888 1770 (tantum
1916 1699 2027 1769 ejus

2142 1697 2266 1760 σίας
2315 1696 2604 1768 ἄνθρωπος
2656 1698 2920 1769 γεγονὼς,
2979 1702 3074 1756 τὸν
3128 1701 3223 1757 τοῦ
3278 1703 3396 1769 πῶς
3431 1705 3725 1777 ἄνθρωπος

446 1789 504 1844 in
529 1790 780 1847 homines
801 1806 954 1845 amor
981 1789 1084 1845 fuit
1103 1789 1142 1860 ι)
1164 1804 1228 1846 ex
1257 1790 1546 1847 hominum
1576 1791 1816 1847 essentia
1854 1790 2027 1847 factus

2137 1791 2329 1858 γέγονε
2379 1792 2585 1863 τρόπον
2635 1793 2792 1863 μένει
2845 1796 3188 1867 κεκτημένος
3243 1798 3610 1869 ἀνέκφαντον,
3643 1800 3723 1865 ὡς

446 1879 636 1945 homo,
665 1879 907 1945 modum,
940 1895 1049 1949 quo
1110 1879 1288 1936 factus
1351 1889 1455 1943 est,
1509 1895 1769 1937 arcanum
1804 1882 2032 1950 retinet,

445 1971 648 2042 quippe
675 1971 766 2040 qui
799 1986 965 2040 supra
1000 1986 1235 2037 morem,
1268 1979 1325 2026 et
1348 1972 1482 2039 vim,
1510 1980 1566 2029 et
1616 1971 2033 2045 intelligentiam

447 2065 740 2118 humanam
777 2061 959 2118 factus
985 2073 1069 2119 est
1088 2065 1276 2119 homo.

1078 2158 1083 2163 ’
1117 2155 1396 2228 Ejusdem.

517 2249 723 2320 Ecquis
768 2258 983 2304 tantum
1034 2250 1253 2306 excellit
1298 2250 1520 2308 dicendi
1605 2251 1884 2319 facultate,
1975 2263 2036 2309 ut

442 2341 664 2407 audeat,
696 2351 791 2395 aut
819 2344 991 2411 possit
1023 2342 1318 2411 explicare,
1349 2343 1628 2415 quomodo
1656 2345 2032 2415 comprehen-

440 2446 537 2488 sus
557 2433 629 2488 sit
665 2433 847 2488 Deus?
892 2434 1166 2504 quomodo
1195 2449 1326 2490 caro
1363 2435 1482 2492 sine
1517 2437 1728 2492 semine
1777 2446 2034 2508 generata

442 2524 559 2579 sit?
610 2515 886 2595 quomOdo
941 2525 1064 2580 sine
1129 2526 1483 2597 corruptione
1548 2527 1794 2583 mulieris
1844 2538 2035 2599 partus

441 2616 721 2671 exstiterit
743 2615 767 2668 ἲ
786 2616 1061 2685 quomodo
1081 2616 1234 2688 virgo
1255 2618 1405 2673 nullo
1422 2618 1798 2677 intercedente
1814 2621 2034 2677 homine

440 2714 617 2761 mater
638 2707 917 2761 evaserit?
948 2709 1224 2777 quomodo
1248 2719 1423 2766 mater
1458 2720 1617 2781 partu
1652 2712 2024 2784 virginitatem

441 2810 553 2851 non
570 2796 820 2852 solvente
850 2797 1000 2869 virgo
1025 2800 1430 2869 permanserit?
1457 2809 1510 2856 et
1536 2812 1596 2856 ut
1610 2811 1857 2859 extremo
1883 2804 2029 2870 loco,

440 2887 588 2958 quod
612 2888 850 2959 primum
893 2899 996 2955 est,
1022 2891 1224 2956 dicam,
1259 2892 1532 2962 quomodo
1557 2893 1703 2951 Deus
1752 2893 1933 2952 factus
1960 2897 2035 2951 sit

443 2981 653 3037 homo?
682 2990 737 3037 et
781 2982 929 3052 quod
960 2983 1140 3054 majus
1190 2985 1512 3056 mysterium
1559 2987 1833 3055 continet,
1889 3004 2031 3059 quo-

2141 1881 2281 1953 ὑπὲρ
2310 1881 2603 1954 ἄνθρωπον
2637 1885 2929 1958 ἄνθρωπος
2959 1888 3273 1961 γενόμενος.

2426 2200 2449 2211 ..
2743 2160 2855 2216 Τοῦ
2902 2161 3115 2220 αὐτοῦ.

2209 2250 2307 2314 Τίς
2333 2252 2595 2309 τοσοῦτον
2618 2255 2848 2328 δυνάμει
2896 2257 3060 2329 λόγου
3096 2260 3318 2335 θαρῤὦν
3348 2263 3590 2331 ἐξειπεῖν
3625 2260 3721 2315 δυ-

2108 2345 2385 2416 Δνὴσειιται,
2412 2345 2531 2411 πῶς
2563 2346 2755 2415 γέγονε
2801 2349 2936 2403 Θεοῦ
2988 2350 3299 2423 σύλληψιςς
3335 2357 3455 2421 πῶς
3494 2360 3722 2429 γένεσις

2138 2436 2344 2508 σαρκὸς
2370 2436 2501 2491 ἄνευ
2548 2440 2803 2510 σπορᾶςς
2852 2441 2970 2506 πῶς
3000 2443 3263 2515 γέννησις
3309 2447 3432 2518 δίχά
3474 2450 3717 2525 φθορᾶς;

2136 2529 2255 2591 πῶς
2283 2532 2316 2600 ή
2351 2530 2639 2601 Παρθένιος
2671 2532 2855 2605 μήτηρ
2884 2536 2946 2589 οὗ
2982 2536 3462 2609 μεσολαδήσαντθς
3490 2543 3718 2615 ἀνδρὸςδ

2134 2619 2251 2682 πῶς
2300 2621 2335 2692 ἡ
2386 2621 2575 2692 μήτηρ
2608 2622 2909 2693 Παρθένος,
2934 2625 3014 2698 τῷ
3040 2628 3187 2700 τόκῳ
3219 2630 3297 2702 μη
3327 2631 3588 2705 λυθείσης
3616 2639 3722 2709 τῆς

2134 2711 2474 2783 παρθενίαςς
2520 2713 2620 2767 καὶ
2667 2714 2756 2770 ἴνα
2808 2717 2871 2770 τὸ
2918 2718 3137 2788 πρῶτον
3179 2722 3494 2779 τελευταῖον
3549 2727 3715 2792 εἴπω,

2138 2802 2254 2868 πῶς
2286 2806 2316 2858 ό
2340 2804 2475 2870 Θεὸς
2503 2804 2801 2878 ἄνθρωπος
2830 2811 3080 2880 γίνεται;
3115 2814 3212 2868 καὶ
3239 2815 3301 2869 τὸ
3336 2821 3717 2890 μυστηριωδέο

2135 2912 2350 2967 στερον,
2383 2896 2503 2961 πῶς
2553 2898 2831 2964 οὑσιωδῶς
2875 2902 2935 2955 ὲν
2981 2906 3152 2976 σαρκὶ
3199 2906 3325 2961 καθ’
3352 2910 3654 2966 ὑπόστασιν
3686 2915 3719 2968 ό

2133 2988 2257 3043 κατ’
2280 2988 2472 3044 οὐσίαν
2499 2990 2878 3058 ὑποπατικῶς
2902 2993 3028 3060 ὅλος
3052 2997 3141 3051 ἀεὶ
3171 2998 3354 3067 μένων
3384 3003 3446 3055 ὲν
3491 3003 3572 3075 τῷ
3606 3004 3719 3057 Πα-

443 3072 609 3130 modo
657 3089 757 3141 per
806 3076 1103 3131 essentiam
1138 3075 1442 3132 secundum
1465 3092 1756 3149 personam
1786 3080 1841 3135 in
1865 3094 2027 3136 carne

2133 3081 2260 3153 τρίς
2290 3081 2416 3146 Πῶς
2441 3082 2537 3137 καὶ
2563 3083 2683 3148 ὅλος
2716 3086 2836 3139 ἰστὶ⁸
2866 3087 3003 3151 Θεὸς
3034 3091 3178 3144 κατά
3233 3091 3420 3161 φύσιν,
3454 3072 3553 3148 και
3594 3095 3719 3161 ὅλος
3775 3074 3785 3083 ’

437 3166 736 3233 exsistens,
757 3183 856 3237 per
887 3168 1181 3225 essentiam
1213 3169 1516 3226 secundum
1549 3186 1839 3241 personam
1883 3181 2030 3230 totus

441 3271 666 3328 semper
692 3259 746 3313 in
777 3257 939 3314 Patre
977 3258 1183 3313 fuerit?
1214 3259 1499 3326 Quomodo
1518 3271 1575 3317 et
1603 3271 1752 3320 totus
1781 3265 1854 3320 sit
1868 3274 2032 3321 natu-

442 3361 503 3401 ra
529 3348 696 3415 Dens,
721 3358 776 3403 et
798 3357 945 3404 totus
971 3358 1170 3406 natura
1198 3350 1271 3405 ita
1311 3351 1487 3408 factus
1516 3352 1590 3408 sit
1622 3354 1806 3422 homo,
1834 3364 1896 3410 ut
1921 3371 2029 3414 nec

442 3438 684 3508 divinam
716 3454 818 3494 nec
850 3439 1148 3496 humanam
1182 3448 1437 3497 naturam
1467 3443 1750 3514 abjiceret,
1777 3446 1876 3501 sed
1911 3461 2029 3501 am-

440 3531 543 3589 bas
579 3531 701 3586 sine
729 3530 1055 3586 confusione
1094 3533 1416 3603 conjunctas
1463 3536 1849 3592 conservaret?
1900 3536 2026 3592 Haec

2134 3173 2361 3244 γέγονεν
2385 3173 2676 3247 ἄνθρωπος
2729 3180 2875 3234 κατά
2905 3178 3092 3250 φύσιν,
3136 3185 3274 3255 μήτε
3304 3186 3403 3258 τὴν
3429 3187 3580 3242 θείαν
3615 3188 3720 3259 φύ-

2136 3281 2247 3330 σιν,
2300 3268 2439 3338 μήτε
2494 3267 2595 3339 τὴν
2623 3269 2975 3344 ἀνθρωπίνην
3005 3275 3341 3347 ἡρνημόνος,
3397 3279 3515 3333 ἀλλ’
3541 3282 3720 3352 ἀσυγ-

2136 3353 2320 3425 χύτως
2348 3356 2637 3427 ἡνωμένας
2670 3360 2845 3424 αὑτὰς
2872 3363 3057 3434 τηρῶν
3084 3381 3099 3432 ;
3132 3366 3317 3422 Ταῦτα
3349 3372 3533 3434 πίστις
3575 3374 3722 3445 μόνη

2136 3448 2311 3516 χωρεῖ
2387 3446 2498 3500 τῶν
2559 3447 2703 3519 ὑπὲρ
2767 3451 2892 3506 νοῦν
2982 3454 3075 3509 καὶ
3168 3456 3328 3528 λόγον
3390 3460 3721 3533 ὑπάρχουσα

2134 3537 2484 3607 πραγμάτων
2514 3540 2818 3607 ὑπόστασις
2840 3581 2856 3607 ,
2912 3546 3011 3599 καὶ
3069 3547 3460 3617 ἀναπόδεικτος
3487 3555 3719 3622 γνῶσις.

441 3626 578 3683 ﬁdes
597 3626 712 3683 sola
743 3624 1181 3696 comprehendit,
1209 3643 1331 3697 quae
1362 3639 1602 3684 mentem
1646 3638 1703 3685 et
1740 3629 2131 3702 cogitationem
2163 3631 2481 3702 superantia
2516 3634 2699 3692 verbis
2726 3649 3010 3707 nequeunt
3039 3642 3427 3702 demonstrari.

1094 3717 1376 3787 Ejusdem.

510 3810 684 3866 Adam
713 3824 743 3864 ο
765 3808 953 3865 divino
983 3808 1240 3864 mandato
1279 3809 1564 3878 recedens,
1595 3809 1651 3866 in
1679 3825 1844 3868 causa
1898 3811 2025 3879 fuit,

440 3909 506 3956 ut
526 3900 766 3957 hominis
817 3898 1148 3970 principium
1169 3898 1384 3954 sitcum
1409 3899 1710 3970 voluptate,
1750 3901 1875 3956 linis
1901 3916 2026 3957 cum

442 3993 653 4049 dolore.
684 3991 822 4047 Nam
847 4006 972 4046 cum
1002 3990 1284 4061 voluptate
1344 3991 1614 4061 gignitur,
1651 4007 1778 4047 cum
1836 3992 2029 4048 dolore

444 4085 705 4140 moritur.
732 4084 985 4138 Christus
1014 4091 1221 4146 autem,
1251 4081 1425 4136 factus
1453 4082 1739 4148 obediens,
1760 4083 1927 4140 alium
1958 4100 2025 4140 ex

334 4210 335 4215 η
442 4173 652 4244 Spiritu
670 4183 857 4229 tortum
879 4174 1194 4229 hominibus
1226 4173 1452 4243 largitus
1487 4183 1592 4237 est,
1616 4177 1771 4245 cujus
1811 4176 2024 4232 initium

438 4265 690 4320 adolore
712 4265 938 4335 quidem
969 4265 1282 4319 excolenda:
1346 4265 1565 4320 virtutis
1626 4274 1682 4320 et
1751 4266 2025 4324 laboribus

441 4357 713 4422 nascitur,
736 4355 1068 4411 tinisautem
1106 4356 1437 4426 voluptatem
1490 4365 1546 4411 et
1566 4357 1807 4426 quietem
1832 4374 2024 4415 conse-

2739 3728 2852 3783 Τοῦ
2896 3732 3108 3791 αὐτοῦ.

2219 3813 2277 3868 ’0
2310 3814 2413 3885 μὲν
2450 3817 2647 3888 Ἀδὰμ,
2675 3821 3040 3893 παρακούσας
3071 3826 3175 3895 τῆς
3207 3827 3360 3894 θείας
3391 3831 3722 3906 ἐντολῆς,ἑξ

2131 3906 2328 3978 ἡδονῆς
2376 3908 2643 3982 ἄρχεσθαι
2691 3914 2794 3984 τὴν
2843 3906 3061 3983 γὲνεσιν
3090 3918 3201 3974 τῶν
3244 3922 3572 3994 ἀνθρώπων,
3614 3934 3719 3987 καὶ

2131 3999 2467 4070 καταλήγειν
2497 4004 2578 4067 εἰς
2606 4003 2801 4076 ὀδύνην
2831 4008 3082 4079 εποίησε.
3114 4013 3194 4081 At?
3227 4015 3420 4086 ἡδονῆς
3468 4019 3571 4089 μὲν
3600 4022 3720 4095 γάρ

2132 4091 2168 4159 η
2218 4091 2421 4162 σπορὰ,
2468 4092 2539 4146 δι’
2570 4094 2763 4167 ὀδύνης
2789 4097 2849 4151 δὲ
2876 4101 2904 4152 ὁ
2932 4099 3183 4166 Θάνατος.
3229 4104 3289 4159 '0
3323 4106 3381 4160 δὲ
3453 4091 3718 4181 Χριστὸς,

2133 4182 2378 4276 ὑπήκοος
2433 4186 2761 4256 γενόμενος,
2817 4189 2987 4262 ἄλλην
3054 4195 3272 4262 γένεσιν
3327 4206 3717 4276 πνευματικὴν

2132 4275 2430 4343 ἐχαρίσατο
2458 4279 2571 4340 τοῖς
2598 4277 2929 4349 ἀνθρώποις,
2962 4284 3025 4350 ἐξ
3080 4286 3275 4358 ὀδύνης
3309 4292 3413 4361 μὲν
3464 4275 3680 4360 καὶςπό
3694 4290 3722 4340 ι’

2133 4381 2242 4419 νων
2272 4366 2379 4421 τῶν
2416 4368 2516 4438 τῆς
2560 4372 2766 4443 ἀρετῆς
2797 4376 3135 4449 ἀρχομένην,
3165 4382 3245 4444 είς
3276 4383 3471 4456 ἡδονὴν
3519 4386 3576 4441 δὲ
3613 4395 3717 4445 καὶ

438 4448 655 4519 quitur.
683 4448 1052 4514 Quamobrem
1081 4458 1137 4503 et
1161 4449 1299 4518 ipse,
1334 4463 1459 4502 cum
1491 4448 1654 4503 vellet
1682 4449 1848 4505 homo
1883 4450 2022 4514 fieri,

2130 4456 2443 4551 ἀνάπαυσιν
2485 4464 2927 4536 καταλήγουσαν.
2962 4448 3075 4524 Διὺί
3104 4473 3201 4526 καὶ
3228 4448 3399 4541 αὑτὸς
3424 4448 3714 4551 ενανθρω-

434 4538 695 4610 quamvis
733 4538 944 4594 semine
981 4537 1220 4593 noluerit
1246 4537 1523 4608 generari,
1579 4548 1809 4593 mortem
1844 4546 2026 4595 tamen

441 4629 693 4704 perfene
722 4631 916 4697 voluit,
971 4646 1084 4686 non
1120 4641 1179 4684 ut
1210 4629 1522 4698 voluptatis,
1555 4644 1678 4699 quae
1707 4630 1851 4683 nulla
1907 4631 2027 4686 fue-

439 4733 548 4791 rat,
574 4733 719 4779 esset
744 4734 929 4794 poena,
962 4725 1057 4779 sed
1090 4732 1151 4777 ut
1175 4738 1279 4778 nos
1314 4722 1600 4778 damnatos
1638 4722 1942 4778 absolveret
1972 4732 2027 4779 et

440 4817 740 4881 mortejsua
760 4822 991 4867 mortem
1012 4809 1259 4868 nostram
1284 4811 1656 4880 interimeret,
1685 4823 1741 4868 et
1765 4814 2028 4871 concilia-

441 4913 532 4962 ret
553 4905 711 4960 nobis
728 4905 1217 4960 immortalitatem.

1102 4997 1383 5067 Ejusdem.

513 5087 752 5158 Equum
786 5088 909 5154 fuit,
937 5098 997 5143 ut
1021 5087 1190 5152 Deus,
1224 5089 1318 5158 qui
1376 5098 1570 5144 natura
1619 5097 1675 5143 et
1716 5089 1917 5155 bonus,
1970 5099 2025 5147 et

441 5180 683 5249 sapiens,
722 5187 777 5234 et
809 5179 1017 5249 justus,
1045 5188 1100 5234 et
1131 5188 1328 5249 potens
1365 5189 1470 5244 est,
1504 5195 1684 5249 neque
1718 5184 1796 5236 uti
1845 5184 2024 5238 bonus

441 5272 680 5329 hominis
703 5288 734 5326 a
765 5285 823 5326 se
846 5272 1117 5341 procreati
1156 5271 1466 5342 despiceret
1494 5272 1864 5329 infirmitatem
1900 5316 1916 5343 ,
1968 5285 2024 5332 et

442 5377 524 5419 uti
551 5366 779 5436 sapiens
813 5365 934 5434 ejus
970 5364 1227 5419 curandae
1256 5365 1528 5425 rationem
1550 5366 1825 5435 cognitam
1857 5368 2024 5424 habe-

440 5469 546 5522 ret,
572 5469 627 5514 et
661 5460 736 5514 uti
762 5460 942 5530 justus
995 5474 1108 5521 eos,
1141 5458 1235 5527 qui
1284 5459 1528 5513 volentes
1581 5461 1830 5515 servituti
1901 5477 2022 5518 sese

442 5553 814 5621 subjeccrant,
836 5552 982 5605 nulla
1021 5552 1282 5608 violentia
1313 5554 1367 5608 in
1412 5553 1718 5608 libertatem
1752 5556 2021 5610 vindica-

441 5651 619 5702 ret,et
656 5646 726 5696 uti
756 5653 950 5711 potens
967 5645 1032 5701 ad
1067 5645 1171 5699 hoc
1187 5644 1574 5715 perficiendum
1593 5645 1735 5703 vires
1768 5655 1819 5702 et
1854 5648 2020 5703 lacul-

443 5739 609 5787 tatetn
638 5737 931 5789 obtineret.

2132 4547 2304 4616 πῆσαι
2340 4549 2629 4622 βουληθεὶς
2657 4556 2760 4625 τὴν
2790 4558 2880 4610 διὰ
2913 4563 3127 4627 σπορᾶς
3169 4566 3232 4617 ού
3264 4547 3717 4639 προσήκατο-γε-

2129 4654 2297 4705 νεσιν,
2330 4642 2427 4695 τὸν
2453 4642 2523 4696 δι’
2554 4642 2750 4714 ὀδύνης
2775 4646 2832 4699 δὲ
2867 4648 3098 4705 θάνατον
3129 4653 3452 4725 ὑπέμεινεν,
3491 4660 3586 4730 οὑχ
3630 4662 3711 4724 ὡς

2129 4730 2405 4799 ἐπιτίμιον
2438 4735 2656 4805 ἡδονῆς,
2689 4737 2808 4792 ἀλλ’
2860 4738 3004 4813 ὑπὲρ
3034 4741 3192 4812 ἡμῶν
3226 4745 3336 4799 τῶν
3373 4749 3710 4816 καταδίκων,

2128 4824 2345 4912 καιῖν’
2385 4827 2413 4879 ό
2471 4826 2702 4893 θάνατος
2763 4831 2928 4885 αὑτοῦ
2989 4833 3225 4899 θάνατος
3276 4838 3371 4892 τοῦ
3431 4841 3713 4912 ἡμετέρου

2129 4909 2364 4967 θανάτου
2395 4916 2624 4988 γένηται
2651 4921 2746 4974 καὶ
2778 4922 3038 4990 πρόξενος
3064 4926 3384 4993 ἀθανασίας.

2732 5014 2853 5068 Τοῦ
2891 5017 3103 5073 αὐτοῦ.
3508 5064 3536 5093 ς

2133 5153 2144 5160 _
2205 5099 2355 5154 Ἔδει
2404 5102 2496 5157 τὸν
2543 5102 2680 5159 Θεὸν
2722 5105 2953 5174 ἀγαθὸν,
3001 5111 3093 5162 καὶ
3127 5110 3314 5179 σοφὸν,
3348 5113 3442 5166 καὶ
3474 5113 3710 5183 δίκαιον,

2126 5195 2222 5249 καὶ
2271 5194 2495 5252 δυνατὸν
2540 5196 2674 5253 ὄντα
2718 5201 3077 5271 κατὰφύσιν,
3122 5204 3200 5267 ὡς
3254 5206 3353 5275 μὲν
3391 5206 3598 5275 ἀγαθὸν
3630 5209 3714 5281 μὴ

2126 5290 2376 5359 παριδεῖν
2404 5292 2498 5344 τοῦ
2526 5293 2731 5346 οἰκείου
2774 5295 3095 5366 πλάσματος
3124 5299 3223 5369 τὴν
3264 5302 3553 5354 ἀσθένειαν
3574 5318 3587 5331 '
3627 5302 3711 5365 ὡς

2125 5381 2184 5435 δὲ
2214 5384 2379 5451 σοφὸν
2409 5385 2702 5454 γινώσκειν
2733 5388 2825 5441 τὸν
2855 5391 3057 5460 τρόπον
3086 5395 3186 5462 τῆς
3216 5394 3456 5464 ἰατρείας
3508 5396 3539 5463 ἡ
3551 5394 3666 5463 μῶν
3689 5413 3705 5427 ο

2123 5474 2197 5539 ὡς
2231 5476 2440 5533 δίκαιον
2462 5479 2525 5532 δὲ
2557 5479 2632 5551 μὴ
2684 5484 3018 5555 τυραννικὴν
3051 5487 3382 5556 ποιήσασθαι
3421 5488 3522 5558 τὴν
3549 5489 3708 5541 ἐλευ-

2125 5572 2316 5642 θερίαν
2345 5571 2458 5625 τῶν
2486 5573 2905 5643 δεδουλωμένων
2954 5578 3221 5643 ἑκουσίως
3265 5583 3378 5643 τοῖς
3416 5582 3667 5650 δαίμοσιν
3688 5596 3706 5614 ο

2122 5666 2198 5729 ὡς
2226 5666 2452 5718 δυνατὸν
2481 5666 2537 5719 δὲ
2579 5667 2653 5739 μὴ
2695 5651 2957 5741 ἀτονῆσαι
2988 5671 3126 5744 πρὸς
3153 5673 3252 5742 τὴν
3310 5673 3410 5743 τῆς
3461 5672 3706 5745 ἰατρείας

2124 5752 2492 5824 ἐκπλήρωσιν,
