4126 6396
334 299 445 365 233

958 410 1073 465 Τοῦ
1107 411 1319 465 αὐτοῦ.

411 501 487 555 To
541 502 641 573 μὲν
674 500 883 570 ἀγαθὸν
927 502 1025 555 τοῦ
1073 500 1208 556 Θεοῦ
1250 502 1522 556 δείκνυσιν
1555 504 1688 557 αὐτὸ
1740 506 1801 558 τὸ
1841 504 1919 575 μὴ

336 591 620 661 παριδεῖν,
638 592 713 654 ῶς
749 590 990 662 εἴρηται·
1017 594 1077 645 τὸ
1100 593 1156 647 δὲ
1186 593 1349 661 σοφὸν
1377 593 1544 647 αὐτοῦ
1574 595 1602 646 ὁ
1631 595 1767 666 ὑπὲρ
1795 594 1923 649 νοῦ-ι

337 686 439 736 καὶ
487 683 648 750 λόγον
697 685 898 755 τρόπος
930 685 1032 754 τῆς
1068 685 1536 755 ενανθρωπήσεως
1578 686 1766 741 αὐτοῦ.
1816 688 1919 741 Τέ-

334 774 481 837 λειος
529 775 642 845 γὰρ
689 776 767 828 ὢν
798 774 955 841 Θεὸς,
995 774 1199 838 τέλειος
1233 774 1457 842 γέγονεν
1504 775 1814 845 ἄνθρωπος,
1862 780 1921 829 ὲν

337 868 648 920 ὑποστάσει
679 869 778 940 μιᾷ
816 867 1101 937 μενουσῶν
1128 867 1238 921 τῶν
1274 866 1368 920 δύο
1401 866 1639 936 φύσεων,
1703 870 1921 940 ἡνωμέσ

335 975 451 1011 νων
500 957 624 1026 μιν,
686 958 763 1028 μὴ
815 957 1243 1027 συγκεχυμένων
1289 955 1386 1008 δέ⁶
1439 956 1501 1010 τὸ
1545 958 1600 1012 δι
1637 957 1848 1012 δίκαιον
1894 961 1921 1020 ἢ

339 1048 654 1118 πρόσληψις
681 1048 775 1101 τοῦ
814 1048 1061 1120 παθητοῦ
1088 1049 1188 1117 τῆς
1222 1048 1461 1117 φύσεως.
1505 1049 1761 1104 ’Δνὲλαϐε
1810 1053 1921 1123 γὰρ

343 1139 441 1210 τὴν
469 1140 1031 1211 καταποῖιεμηθετσαν
1060 1139 1414 1209 ἀνθρωπίνην
1454 1139 1618 1210 φύσιν
1646 1143 1786 1212 μετὰ
1814 1143 1922 1197 τῶν

341 1230 693 1300 ἁδιαϐλήτων
740 1231 932 1285 παθῶν
978 1232 1171 1303 αὐτῆς.
1223 1232 1305 1287 T'z
1361 1233 1468 1303 γὰρ
1516 1233 1919 1304 διαϐεϐλημένα

338 1323 604 1390 γνωμικά
658 1324 817 1387 εἰσιν,
879 1321 995 1376 ἀλλ’
1031 1323 1091 1375 οὐ
1121 1324 1351 1390 φυσικά.
1391 1324 1501 1379 Καὶ
1520 1325 1584 1379 οὐ
1611 1326 1678 1380 δι’
1706 1326 1923 1395 ἑτέρου,

337 1412 481 1466 ἀλλὰ
533 1413 604 1465 δι’
634 1413 806 1483 αὐτῆς
851 1414 1267 1486 κατεπολέμησε
1302 1416 1393 1470 τὸν
1432 1418 1581 1486 ἡμᾶς
1622 1418 1926 1472 καταπολε-

340 1509 598 1574 μήσαντα
625 1504 893 1572 διάϐολον,
925 1504 1004 1576 τῷ
1038 1508 1208 1578 ὁμοίῳ
1233 1507 1295 1561 τὸ
1326 1509 1513 1579 ὅμοιον
1566 1510 1921 1579 ἀνασωζόμε-

336 1612 455 1658 νος.
481 1596 596 1666 Τὴν
634 1597 690 1649 δὲ
717 1596 950 1667 δύναμιν
985 1598 1153 1652 αὑτοῦ
1205 1601 1505 1671 παρίστησι
1534 1601 1597 1654 τὸ
1623 1600 1924 1672 δυνηθῆναι

335 1689 433 1739 τὸν
466 1688 603 1740 Θεὸν
628 1690 884 1755 γενέσθαι
908 1688 1217 1760 ἄνθρωπον·
1245 1691 1300 1744 τί
1324 1692 1433 1761 γὰρ
1469 1691 1662 1746 τούτου
1691 1693 1878 1761 μεῖζον
1902 1710 1920 1760 ;

1306 303 1681 364 PANOPLlA
1726 303 2185 365 DOGMATICA.
2221 326 2288 337 -
2327 302 2475 361 ΤΙΤ.
2520 304 2645 363 Vll.

1953 420 2003 473 Δ

3495 304 3602 368 ΞΜ

2693 409 2968 478 Ejusdem.

2095 507 2226 563 lllud
2255 506 2515 573 declarat,
2546 513 2603 561 ut
2622 504 2828 560 dictum
2848 514 2954 570 est,
2983 504 3279 560 bonitatem
3314 504 3432 569 Dei.
3462 512 3605 577 quod

2029 615 2136 653 non
2166 599 2728 668 respexitbumanatn
2788 595 3240 651 imbecillitatem.
3288 597 3478 653 Modus
3519 600 3607 654 ille

2035 691 2183 747 omni
2212 700 2395 745 mente
2420 690 2741 759 rationeque
2771 688 3140 757 praestantior,
3201 705 3311 758 quo
3362 699 3606 747 nostram

2037 799 2257 837 carnem
2290 781 2795 851 assttmpsit,ipsius
2831 780 3035 835 indicat
3059 779 3409 849 sapientiam.
3468 783 3606 837 Nam

2024 873 2117 942 qui
2179 872 2448 941 perfectus
2473 880 2555 926 est
2581 870 2740 935 Deus,
2773 869 2947 925 factus
2976 878 3060 924 est
3096 869 3261 925 homo
3318 871 3607 940 perfectus,

2027 965 2101 1017 ita
2136 962 2490 1018 manentibus
2511 962 2568 1015 in
2600 976 2707 1015 una
2739 960 3014 1030 bypostasi
3059 960 3176 1013 sive
3205 974 3439 1030 persona
3468 961 3609 1015 dua-

2028 1056 2129 1108 lous
2164 1051 2396 1115 naturis,
2430 1061 2490 1106 ut
2510 1050 2630 1106 sine
2650 1050 2973 1106 confusione
2996 1049 3402 1117 copularentur.
3434 1050 3609 1107 Natu-

2029 1160 2105 1200 τευ
2141 1144 2209 1199 ad
2238 1142 2562 1215 pariendum
2582 1144 2793 1197 idoneae
2818 1142 3114 1212 susceptio,
3145 1141 3321 1212 ipsius
3340 1142 3607 1212 justitiam

2033 1237 2396 1292 demonstrat.
2423 1234 2676 1305 Suscepit
2704 1234 2848 1289 enim
2882 1234 3175 1288 humanam
3204 1241 3453 1289 naturam
3498 1234 3611 1289 vic-

2030 1338 2139 1384 tam
2176 1341 2311 1383 cum.
2329 1326 2593 1382 omnibus
2616 1325 2743 1395 ejus
2791 1324 3196 1391 aﬂectionibus,
3250 1333 3371 1395 Quae
3424 1334 3608 1381 tamen

2029 1427 2268 1475 essenta
2299 1417 2458 1489 culpa
2492 1416 2705 1473 liberte.
2743 1414 2879 1472 Nam
2906 1431 3030 1486 quae
3057 1431 3186 1471 cum
3222 1425 3446 1487 peccato
3471 1431 3608 1471 eon-

2026 1512 2230 1582 juncta:
2262 1520 2411 1575 sunt,
2439 1525 2546 1565 non
2584 1518 2713 1565 sunt
2767 1509 3065 1573 naturales.
3112 1508 3212 1565 sed
3267 1509 3607 1565 voluntariae.

2032 1603 2097 1659 Et
2130 1619 2228 1674 per
2255 1603 2415 1669 hanc,
2446 1617 2557 1657 non
2583 1610 2767 1656 autem
2806 1616 2904 1671 per
2929 1600 3075 1656 aliud
3130 1600 3449 1671 quidquam,
3485 1600 3610 1655 dia-

2030 1694 2237 1758 bolum,
2268 1692 2360 1762 qui
2391 1691 2460 1746 de
2506 1690 2667 1746 nobis
2695 1690 2974 1747 victoriam
2994 1698 3393 1759 reputtaverat,
3417 1688 3609 1760 proﬂi-

336 1779 421 1832 ἔτι
461 1780 518 1833 δὲ
572 1782 662 1834 καὶ
712 1784 743 1851 ἡ
794 1782 1031 1853 χορηγία
1065 1782 1178 1836 τῶν
1230 1784 1569 1855 εὐεργεσιῶν
1606 1785 1717 1840 τῶν
1766 1788 1921 1840 ὲναν-

2028 1786 2194 1858 gavit,
2221 1798 2279 1840 et
2309 1784 2460 1849 vicit,
2506 1793 2562 1839 et
2621 1798 2679 1838 re
2725 1782 2888 1837 simili
2941 1780 3177 1838 similem
3245 1778 3607 1837 conservavit.

333 1872 495 1936 τίων,
535 1868 621 1931 οἷς
655 1874 821 1938 αὐτὸς
867 1874 1064 1930 ἔπαθε.
1120 1875 1221 1929 Διὰ
1251 1877 1459 1940 πάθους
1488 1877 1595 1951 γὰρ
1624 1877 1920 1945 ἀπάθειαν,

335 1966 433 2016 καὶ
474 1964 572 2016 διὰ
608 1965 789 2020 πόνων
821 1967 1028 2032 ἄνεσιν,
1060 1968 1154 2021 καὶ
1179 1967 1271 2021 διὰ
1302 1968 1643 2039 προσκαίρου
1693 1969 1923 2024 θανάτου

335 2054 493 2123 ζωὴν
556 2055 731 2108 ἀΐδιον
784 2058 917 2127 ἡμῖν
980 2057 1320 2129 ἐδωρήσατο,
1389 2061 1482 2113 καὶ
1540 2062 1661 2122 ταῖς
1726 2062 1922 2115 ἑαυτοῦ

338 2145 488 2197 κατὰ
526 2146 708 2215 σάρκα
740 2147 1030 2219 στιρήσεσι
1070 2149 1169 2213 τὰς
1216 2149 1360 2214 ἔξεις
1389 2154 1487 2220 τῆς
1519 2152 1676 2222 ἡμῶν
1709 2152 1927 2220 φύσεως

335 2237 711 2291 ἀνεκαίνισεν.

2030 1878 2341 1934 Potentiam
2372 1876 2518 1931 illius
2544 1875 2807 1939 ostendit,
2841 1875 2985 1944 quod
3024 1874 3167 1930 Deus
3214 1877 3394 1944 potuit
3446 1874 3610 1929 homo

2032 1970 2169 2026 ﬁeri.
2200 1969 2339 2036 Quid
2370 1969 2515 2024 enim
2572 1969 2676 2023 hoc
2723 1966 2941 2038 majus?
2990 1966 3216 2033 Deinde,
3275 1966 3424 2035 quod
3478 1964 3606 2031 illis,

2031 2076 2151 2131 quae
2185 2076 2376 2131 passus
2394 2070 2479 2114 est
2507 2060 2781 2117 contraria
2808 2058 3263 2115 subministravit.
3299 2058 3406 2113 Pro
3433 2057 3610 2113 imbe-

2033 2154 2257 2210 cillitate
2282 2153 2426 2207 enim
2461 2166 2736 2208 summum
2785 2153 2981 2217 robur,
3015 2169 3114 2223 pro
3151 2152 3427 2207 laboribus
3450 2150 3608 2219 quie-
3640 2138 3643 2139 ⁷

2030 2258 2139 2302 tem
2209 2261 2306 2317 pro
2346 2244 2496 2300 brevi
2520 2253 2693 2300 morte
2728 2244 2897 2300 vitam
2930 2246 3154 2316 largitus
3181 2254 3267 2299 est
3319 2243 3608 2313 sompiter-

335 2344 491 2383 nam.
535 2328 644 2386 Pro
674 2330 743 2385 iis
773 2331 1011 2403 denique
1040 2334 1241 2403 quibus
1293 2351 1411 2406 tpse
1464 2338 1520 2391 in
1586 2354 1750 2394 carne
1817 2356 1916 2395 sua
1965 2343 2210 2413 privatus
2232 2348 2336 2402 est,
2354 2353 2417 2392 ea
2452 2352 2572 2406 qua:
2593 2345 2787 2391 natura
2816 2349 3005 2391 nostra
3045 2338 3330 2398 amiserat,
3379 2348 3608 2403 recupe-

337 2429 489 2483 ιανὶι

946 2524 1063 2580 Τοῦ
1105 2527 1317 2583 αὐτοῦ.

419 2618 485 2670 '0
511 2615 609 2671 τοῦ
642 2616 782 2671 Θεοῦ
815 2618 1010 2687 Λόγος,
1037 2617 1187 2685 ἅπαξ
1218 2619 1358 2673 κατὰ
1404 2620 1585 2691 σάρκα
1621 2627 1920 2697 γεννηθεὶς,

334 2708 428 2761 ἀεὶ
481 2710 629 2763 κατὰ
682 2708 902 2779 πνεῦμα
947 2712 1206 2779 γεννᾶται
1257 2712 1370 2774 τοῖς
1424 2711 1797 2785 βουλομένοις,
1848 2719 1924 2784 ὡς

334 2802 502 2869 σῶμα
538 2800 642 2870 μὲν
672 2800 811 2871 ἔχων
844 2801 971 2866 τοὺς
992 2802 1229 2872 τρόπους
1269 2802 1382 2855 τῶν
1419 2805 1661 2875 ἀρετῶν,
1688 2810 1765 2872 ὡς
1813 2812 1919 2881 ψυ.

335 2893 437 2963 χὴν
464 2892 523 2945 δὲ
559 2892 691 2955 τοὺς
718 2894 777 2944 ὲν
808 2891 1079 2963 πνεύματι
1113 2893 1305 2962 λόγους
1331 2893 1443 2949 τῶν
1468 2896 1663 2964 ὅντων,
1693 2899 1770 2965 ὡς
1796 2901 1921 2956 νοῦν

334 2983 389 3036 ὁὶ
417 2983 520 3052 τὴν
555 2982 882 3056 θεολογικὴν
917 2986 1331 3055 μυσταγωγίαν.

954 3075 1067 3130 Τοῦ
1097 3075 1312 3131 αὐτοῦ.

415 3165 476 3219 '0
509 3165 693 3235 χωρὶς
731 3165 1016 3237 ἁμαρτίας
1044 3167 1475 3241 ινανθρωπήσας
1504 3171 1727 3235 πάντως
1753 3173 1925 3243 χωρὶς

334 3256 433 3324 τῆς
482 3260 571 3319 εἰς
613 3257 850 3327 θεότητα
893 3257 1196 3328 μεταϐολῆς
1230 3259 1426 3314 θεώσει
1465 3262 1557 3315 τὸν
1606 3261 1920 3334 ἄνθρωπον·

336 3349 429 3398 καὶ
460 3345 731 3399 τοσοῦτον
761 3346 925 3400 αὐτὸν
949 3346 1275 3401 ἁναϐιϐἅσει
1298 3347 1370 3403 δι’
1396 3351 1615 3418 ἑαυτὸν,
1646 3354 1770 3406 ὅσον
1798 3355 1925 3406 ἑαυ-

334 3438 427 3490 τὸν
481 3437 825 3490 κατεϐίϐασε
865 3438 954 3491 διὰ
1005 3438 1219 3504 τοῦτον,
1250 3439 1439 3510 ὥσπερ
1478 3443 1508 3494 ὁ
1540 3442 1713 3510 μέγας
1759 3441 1924 3497 Ἀπό-

341 3530 530 3590 stola;
587 3528 769 3597 ἔλεγε,
807 3528 938 3593 Τοῖς
998 3527 1174 3583 αὶῶσι
1200 3530 1328 3597 τοῖς
1359 3531 1783 3602 ἐπερχομένοις
1816 3534 1925 3587 τὸν

347 3620 437 3681 τις
474 3618 629 3685 ἡμᾶς
658 3619 1125 3688 ὑπερϐάλλοντα
1173 3622 1445 3677 πλοῦτον
1490 3622 1602 3691 τῆς
1632 3623 1739 3678 τοῦ
1772 3623 1923 3678 Θεοῦ

361 3710 755 3777 χρηστότητος
782 3709 1237 3779 ὄειχθήσεσθαι.

957 3799 1068 3854 Τοῦ
1110 3800 1323 3855 αὐτοῦ.

420 3889 686 3961 Καθάπερ
754 3892 813 3944 τδ
881 3892 1076 3946 λευκὸν
1142 3893 1242 3962 τῆς
1304 3893 1466 3965 ἐρέας
1531 3897 1922 3967 καταχρωσθὶν

340 3981 602 4051 χρώματι
633 3985 926 4055 πορφύρας
954 3985 1056 4037 οὐκ
1085 3984 1202 4039 ἐστι
1238 3985 1513 4057 δίχρωμον
1562 3985 1701 4041 ἀλλὰ
1764 3989 1922 4058 μονό-

338 4088 572 4140 χρωμον
595 4086 609 4101 ’
644 4071 820 4137 οὕτως
844 4074 954 4143 ἄρα
988 4074 1085 4127 καὶ
1119 4076 1180 4127 ὲν
1228 4073 1307 4144 τῷ
1356 4074 1735 4145 προϐλήματι,
1784 4077 1921 4130 θεω-

338 4165 527 4224 θέντος
576 4162 674 4214 τοῦ
725 4162 1071 4234 ἀνθρωπίνου
1136 4162 1228 4218 νοῦ
1259 4201 1276 4228 ,
1343 4164 1406 4217 οὐ
1463 4163 1558 4218 δύο
1612 4165 1922 4238 ἡγεμονικά

335 4253 467 4315 εἰσι,
528 4250 666 4317 Θεδς
720 4254 816 4307 καὶ
872 4252 1020 4319 νοῦς,
1078 4252 1196 4306 ἀλλ’
1227 4251 1308 4320 ἓν,
1343 4253 1373 4305 ό
1412 4249 1624 4315 θεώσας
1669 4255 1761 4306 τὸν
1794 4253 1920 4308 νοῦν

335 4340 498 4402 Θεὸς.

340 4455 475 4507 Ἔτι
514 4451 655 4521 περὶ
697 4451 806 4521 τῆς
836 4455 999 4519 θείας
1024 4453 1558 4522 ἐνανθρωπήσεως,
1595 4453 1703 4508 τοῦ
1730 4456 1921 4522 Δαμα-

796 4524 1055 4593 σκηνοῦ.
1090 4528 1314 4592 Kasta}.
1358 4527 1466 4591 ξς’.

413 4618 691 4686 Ἀγγελος
719 4619 928 4689 Κυρίου
954 4617 1235 4687 ἀπεστάλη
1266 4617 1401 4688 πρὸς
1442 4618 1543 4681 τὴν
1575 4618 1740 4687 ἁγίαν
1776 4619 1924 4686 Παρ-

334 4711 494 4762 θένον
533 4712 603 4763 ἐκ
650 4709 951 4779 Δαυῖδικῆς
1005 4709 1175 4779 φυλῆς
1209 4709 1619 4779 καταγομένην,
1659 4710 1755 4762 καί
1786 4725 1921 4780 φησι

335 4800 477 4869 πρὸς
500 4797 695 4868 αὐτὴν,
733 4797 927 4866 Χαῖρε,
964 4799 1435 4869 κεχαριτωμένη,
1461 4801 1493 4853 ό
1529 4800 1743 4869 Κύριος
1770 4799 1923 4869 μετὰ

332 4892 481 4944 σοῦ.
527 4890 586 4942 'll
610 4890 669 4943 δὲ
696 4890 1030 4961 διεταράχθη
1058 4893 1152 4943 ὲπὶ
1180 4892 1259 4961 τῷ
1285 4890 1445 4960 λόγῳ.
1484 4892 1593 4945 Καί
1623 4908 1758 4963 φησι
1787 4894 1923 4964 πρὸς

332 4984 511 5053 αὐτὴν
550 4986 580 5036 ό
607 4983 862 5051 ἄγγελος·
892 4984 990 5049 Μὴ
1027 4981 1242 5051 φοϐοῦ,
1282 4981 1547 5053 Μαριάμ.
1590 4978 1783 5051 Εὗρε(-
1812 4986 1922 5053 γὰρ

332 5077 520 5145 χάριν
558 5078 720 5143 παρὰ
744 5077 965 5143 Κυρίῳ,
992 5076 1091 5129 καί
1122 5074 1265 5143 τέξῃ
1303 5075 1461 5142 υἱὸν,
1495 5076 1594 5129 καὶ
1634 5076 1922 5144 καλέσεις

331 5170 417 5229 τὸ,
452 5169 645 5236 ὄνομα
679 5169 869 5222 αὑτοῦ
904 5168 1174 5234 Ἰησοῦν.
1198 5167 1392 5233 Αὐτὸς
1424 5166 1535 5237 γὰρ
1575 5166 1766 5222 σώσει
1814 5168 1923 5222 τὸν

331 5255 493 5311 λαὸν
543 5257 733 5312 αὐτοῦ
779 5257 901 5311 ἀπὸ
952 5255 1071 5309 τῶν
1100 5255 1400 5326 ἁμαρτιῶν
1432 5256 1653 5313 αὐτῶν.
1698 5259 1772 5311 Τὸ
1814 5258 1922 5330 ἰη-

333 5349 465 5412 σοῦς
491 5350 602 5420 γὰρ
628 5349 821 5421 Σωτὴρ
858 5348 1248 5420 ἑρμηνεύεται.
1292 5349 1404 5418 Τῆς
1441 5349 1499 5402 δὲ
1526 5349 1919 5421 διαπορούσης,

332 5438 468 5506 Πῶς
496 5440 675 5493 ἔσται
690 5458 797 5509 μοι
839 5439 1039 5506 τοῦτο,
1078 5440 1210 5493 ἐπεὶ
1254 5440 1444 5509 ἄνδρα
1490 5442 1563 5493 οὺ
1608 5441 1922 5508 qur-(boatu;

329 5530 497 5584 πάλιν
548 5531 686 5600 φησι
731 5531 869 5601 πρὸς
910 5530 1080 5601 αὐτὴν
1110 5532 1138 5583 ὁ
1167 5532 1434 5600 ἄγγελοςο
1480 5532 1723 5601 Πνεῦμα
1752 5533 1923 5601 ἅγιον

328 5622 730 5677 ἐπελεύσεται
773 5618 874 5676 ἐπὶ
904 5622 1001 5685 σὲ,
1027 5624 1125 5675 καὶ
1160 5622 1414 5692 δύναμις
1462 5625 1747 5692 Ὑψίστου
1791 5626 1919 5677 ἐπι-

326 5714 573 5767 σκιάσει
601 5727 723 5765 σοι.
757 5714 858 5765 Διὸ
891 5712 989 5763 καί
1032 5710 1101 5764 τὸ
1131 5712 1506 5780 γεννώμενον
1554 5712 1727 5783 ἅγιον
1772 5715 1920 5779 κλη-

651 5804 931 5866 Pt'rtmL.
966 5803 1079 5862 Gn.
1115 5802 1348 5863 CXXX.

1948 3047 1995 3112 C

2680 2522 2972 2593 Ejusdem.

2102 2618 2201 2674 Dei
2250 2616 2483 2674 Verbum
2506 2630 2670 2671 carne
2704 2616 2872 2670 semel
2940 2628 3253 2686 generatum
3288 2619 3478 2690 spiritu
3510 2637 3606 2673 vu-

2026 2709 2260 2764 lcntibtts
2283 2721 2496 2776 semper
2522 2712 2833 2776 generatur.
2872 2703 3050 2760 tiores
3087 2706 3429 2776 virtutesque
3453 2711 3605 2778 quasi

2026 2815 2224 2870 corpus
2256 2798 2375 2869 ejus
2405 2796 3076 2862 constituunt,sermones
3120 2799 3175 2849 in
3210 2798 3403 2867 spiritu
3436 2800 3605 2855 habiti

2027 2900 2286 2961 tanquam
2315 2888 2577 2953 animam,
2603 2896 2836 2942 mentem
2871 2900 3001 2941 vero
3026 2886 3328 2959 theologica
3357 2901 3605 2957 contem-

2026 2983 2213 3054 platio.

2684 3072 2959 3144 Ejusdem.

2097 3167 2198 3237 Qui
2256 3167 2375 3223 sine
2415 3173 2640 3235 peccato
2694 3164 2876 3220 factus
2910 3175 2996 3221 est
3025 3164 3188 3220 homo
3232 3166 3458 3221 omnino
3486 3169 3605 3223 sine

2033 3260 2335 3313 mutatione
2359 3256 2411 3312 in
2434 3256 2775 3312 divinitatem
2801 3256 3075 3312 hominem
3104 3257 3345 3312 divinum
3382 3258 3604 3315 el'licict.

2029 3347 2267 3416 Eumque
2299 3361 2394 3417 per
2419 3361 2478 3401 se
2509 3356 2722 3402 tantum
2755 3347 3000 3413 extollet,
3027 3355 3290 3417 quantum
3324 3364 3421 3418 per
3453 3351 3605 3407 illum

2026 3452 2145 3493 sese
2176 3438 2447 3493 submisit.
2482 3437 2538 3493 In
2588 3439 2798 3494 smeulis
2827 3439 2971 3494 enim
3029 3440 3244 3506 futuris,
3279 3452 3336 3493 ut
3362 3440 3436 3494 ait
3459 3443 3606 3510 Apo-

2028 3529 2221 3597 5tolus,
2257 3530 2516 3599 pateﬁent
2570 3530 2903 3587 excellentes
2932 3532 3149 3597 divitia:
3178 3532 3435 3589 bonitatis
3479 3548 3606 3605 erga

2027 3634 2125 3674 nos
2151 3619 2267 3672 ῡι-ἰ.

2686 3817 2964 3889 Ejusdem.

2093 3906 2557 3973 Quemadmodum
2588 3910 2641 3964 in
2672 3910 2793 3964 lana
2847 3910 3102 3973 candida,
3129 3909 3174 3963 si
3198 3908 3381 3964 colore
3399 3925 3603 3980 purpu-

2022 4015 2098 4056 ra:
2131 4002 2434 4068 imbuatur,
2462 4018 2572 4057 non
2599 4005 2705 4058 duo
2734 4004 2866 4067 sint,
2915 4003 3013 4059 sed
3036 4017 3179 4058 unus
3218 4003 3407 4069 color,
3435 4003 3516 4059 sic
3547 4004 3603 4059 in

2021 4100 2203 4146 mente
2224 4093 2453 4146 humana
2486 4107 2517 4147 a
2544 4091 2651 4146 Deo
2696 4104 2997 4163 assumpta,
3031 4092 3323 4160 divinaque
3372 4092 3603 4157 reddita,

2021 4199 2129 4240 non
2148 4185 2256 4240 duo
2282 4192 2411 4239 sunt
2439 4184 2711 4256 principes
2740 4184 2902 4247 Deus,
2932 4192 2989 4240 et
3014 4199 3188 4253 meus,
3220 4183 3316 4242 sed
3345 4200 3485 4240 unus
3509 4186 3602 4254 qui

2023 4287 2261 4333 mentem
2294 4277 2533 4332 divinant
2572 4277 2805 4333 reddidit
2834 4277 3001 4333 Deus.

2030 4456 2166 4511 Item
2196 4457 2261 4513 de
2291 4456 2471 4512 diuina
2501 4457 2753 4529 humana,
2772 4459 2974 4529 carnis‘
3003 4459 3359 4529 assumptione
3399 4458 3603 4514 Dama-

2613 4528 2777 4594 sceni,
2799 4544 2918 4597 cap.
2949 4526 3037 4583 66.

2094 4618 2331 4689 Angelus
2369 4618 2583 4674 Domini
2618 4619 2683 4672 ad
2711 4627 2957 4675 sanctam
2988 4617 3260 4690 Virginem
3288 4634 3319 4672 e
3348 4617 3599 4674 DthltllCI

2024 4711 2168 4764 tribu
2219 4724 2389 4780 genus
2416 4710 2703 4766 ducentem
2738 4711 2940 4766 missus
2972 4712 3140 4776 :Ave,
3182 4710 3372 4779 inquit,
3425 4713 3601 4781 gratia

2023 4799 2203 4867 plena,
2237 4800 2493 4855 Dominus
2532 4810 2725 4856 tecum.
2776 4801 2873 4856 llis
2925 4803 3009 4856 illa
3038 4816 3159 4856 eum
3205 4811 3353 4857 esset
3384 4812 3602 4872 pertur-

2026 4892 2174 4956 bata,
2213 4908 2427 4948 rursum
2451 4894 2529 4948 ait
2564 4894 2784 4965 angelus
2819 4894 2885 4947 ad
2913 4908 3029 4949 eam
3069 4910 3084 4952 :
3120 4891 3202 4949 Ne
3236 4895 3442 4960 timeas,
3478 4893 3601 4947 Ma-

2024 4983 2143 5049 ria;
2170 4983 2412 5037 invenisti
2440 4986 2582 5038 enim
2638 4985 2864 5055 gratiam
2893 4986 3032 5053 apud
3073 4982 3259 5040 Deum.
3328 4983 3395 5039 Et
3425 4988 3600 5054 paries

2023 5077 2218 5145 filium,
2247 5086 2293 5129 et
2322 5078 2527 5131 vocabis
2563 5093 2749 5131 nomen
2783 5077 2898 5146 ejus
2928 5074 3140 5141 Jesum.
3182 5076 3300 5146 Ipse
3329 5077 3465 5131 enim
3486 5077 3599 5132 sale

2022 5184 2138 5222 vum
2165 5167 2321 5237 faciet
2359 5169 2609 5239 populum
2651 5186 2805 5224 suum
2847 5186 2879 5224 a
2916 5172 3141 5237 peccatis
3181 5186 3386 5224 eorum.
3440 5168 3598 5226 Jesus

2022 5258 2169 5314 enim
2206 5260 2482 5330 significat
2531 5262 2902 5316 Servatnrem.
2954 5261 3044 5316 llla
3080 5271 3260 5316 autem
3294 5263 3597 5319 Intesitantc,

2024 5353 2403 5429 dicentequex:
2454 5352 2728 5418 Quomodo
2776 5354 2862 5423 [iet
2908 5354 3069 5417 istud,
3126 5354 3375 5424 quoniam
3428 5353 3598 5405 uirum

2024 5460 2123 5496 non
2153 5444 2453 5512 cognosco?
2499 5461 2717 5501 rursum
2770 5447 2992 5515 angelus
3024 5446 3089 5499 ad
3118 5461 3236 5498 eam
3262 5446 3396 5498 dixit
3428 5460 3440 5496 :
3477 5443 3597 5510 8μὶ-

2023 5536 2157 5587 ritus
2202 5546 2419 5589 sanctus
2468 5539 2798 5606 superreuiet
2838 5538 2891 5591 in
2947 5547 3013 5604 te,
3048 5548 3093 5592 et
3126 5540 3290 5590 virtus
3335 5534 3597 5588 Altissimt

2022 5622 2349 5675 obumbrabit
2400 5625 2542 5677 tibi:
2590 5628 2827 5694 ideoque,
2884 5636 2927 5678 et
2981 5625 3117 5694 quod
3166 5638 3412 5675 ηαδστ-ἰη’
3440 5638 3505 5674 ex
3549 5634 3596 5675 te

2021 5724 2258 5769 sanctum
2290 5716 2557 5771 vocabitur
2605 5716 2775 5772 Filius
2817 5716 2925 5771 Dei.
2979 5716 3046 5769 At
3083 5715 3191 5780 illa,
3220 5713 3373 5777 Ecce,
3403 5714 3596 5785 lliqlhl,

3250 5808 3289 5867 8
