4126 6404
486 281 605 356 235

1719 288 2104 348 EUTHYMII
2142 290 2503 352 ΖιοΑΒΕΝι

3649 292 3759 356 236

492 409 691 465 ancilla
722 404 951 461 Domini.
980 400 1104 458 Fiat
1127 401 1253 457 mihi
1285 401 1570 456 secandum
1596 403 1805 456 verbum
1846 414 1991 457 tuum
2033 404 2068 459 ‘.

2178 404 2425 473 θήσεται
2482 406 2613 470 Υἱὸς
2654 402 2828 459 Θεοῦ.
2882 401 2946 455 Ἢ
2983 401 3041 455 δὲ
3083 401 3220 472 πρὸς
3269 400 3454 464 αὑτὸν,
3508 401 3665 455 Ἰδοὺ
3713 402 3755 469 ή

492 502 627 558 Post
654 509 938 554 assensum
964 495 1129 565 igitur
1152 501 1356 549 sancte
1386 492 1643 561 Virginis,
1676 493 1915 564 Spiritus
1940 504 2065 549 san-

482 605 618 649 ctus
674 608 741 648 ex
792 602 1044 645 sermone
1096 584 1313 640 Domini
1369 600 1527 653 quem
1574 587 1797 654 angelus
1852 585 2067 640 dixerat

491 683 767 741 descendit
809 681 862 735 in
897 694 1039 744 eam,
1072 677 1349 748 ipsamque
1373 677 1641 748 purgavit,
1673 687 1729 732 et
1755 678 1863 731 vim
1895 677 1968 732 illi
1998 676 2064 731 ad

492 775 898 845 suscipiendam
942 770 1108 828 Verbi
1134 768 1503 833 divinitatem,
1526 779 1580 823 et
1611 770 1675 823 ad
1700 771 2061 840 generamlum

484 868 735 938 praebuit.
783 866 849 920 Et
897 872 1023 919 tunc
1074 861 1125 919 ei
1159 861 1215 917 in
1259 875 1356 916 sua
1390 873 1613 914 manens
1651 860 1926 929 hypostasi
1974 860 2064 919 Dei

484 954 755 1019 altissimi,
809 952 1075 1024 sapientia
1104 989 1123 1019 ,
1172 958 1226 1006 et
1267 950 1477 1012 virtus,
1556 947 1727 1003 Filius
1773 948 1891 1017 Dei,
1921 951 2069 1021 ejus-

488 1049 611 1102 dem
667 1043 914 1100 esscntite
974 1057 1098 1099 cum
1165 1040 1330 1097 Patre
1387 1051 1638 1110 tanquam
1697 1040 1938 1097 divinum
1974 1057 2065 1097 se-

488 1151 614 1192 men
647 1132 1029 1199 obumbravit,
1083 1130 1293 1201 sibique
1347 1146 1412 1186 ex
1459 1129 1625 1185 castis
1672 1137 1727 1184 et
1759 1130 2067 1200 purissimis

486 1227 605 1298 eius
646 1225 998 1298 sanguiuibus
1022 1223 1297 1295 compegit
1326 1224 1565 1291 learnem
1621 1222 1915 1277 animatam
1950 1222 2067 1276 aui-

488 1334 618 1384 ma,
676 1318 925 1384 ratione,
990 1323 1278 1385 menteque
1332 1314 1552 1384 praedite
1581 1355 1596 1379 ,
1644 1312 1912 1382 primitias
1969 1326 2067 1366 no-

487 1418 621 1465 stra
649 1422 866 1473 maesta,
894 1420 1003 1461 non
1048 1405 1274 1467 semine.
1328 1405 1423 1461 sed
1487 1404 1671 1459 divmo
1696 1402 1933 1458 artificio
1968 1417 2065 1469 per

490 1502 755 1569 Spiritum
785 1508 1030 1556 estactum
1069 1515 1093 1554 :
1116 1498 1287 1568 ﬁgura
1316 1511 1425 1552 non
1456 1496 1713 1566 pautatim
1754 1508 1853 1565 per
1879 1507 2065 1549 acces-

488 1596 670 1650 siones
696 1591 956 1662 pert‘ecta,
990 1589 1085 1645 sed
1119 1604 1226 1643 uno
1274 1590 1576 1655 eodemque
1623 1595 1897 1641 momento
1931 1594 2065 1640 tem-

492 1684 643 1756 poris
674 1681 945 1739 absoluta.
981 1679 1162 1749 Ipsum
1192 1689 1373 1735 autem
1424 1680 1529 1733 Dei
1564 1679 1790 1734 Verbum
1822 1677 1898 1732 ita
1940 1690 2063 1731 cum

491 1790 659 1831 carne
684 1774 1040 1844 conjunctum
1071 1782 1156 1827 est
1203 1771 1503 1841 hypostasi,
1547 1778 1603 1824 ut
1628 1767 1791 1825 simul
1835 1776 1890 1823 et
1935 1780 2064 1822 caro
2096 1769 2135 1824 Β

490 1867 676 1933 fuerit,
700 1875 755 1922 et
796 1865 890 1921 Dei
919 1863 1081 1920 Verbi
1117 1878 1268 1918 caro.
1322 1861 1493 1917 Simul
1515 1871 1568 1915 et
1599 1874 1729 1915 caro
1759 1858 1923 1914 fuerit
1950 1858 2067 1911 aui-

497 1969 638 2016 mata
688 1957 903 2013 ratione
936 1965 1221 2023 menteque
1264 1953 1512 2024 prmdita,
1537 1962 1589 2006 et
1619 1950 1714 2006 Dei
1744 1948 1905 2005 Verbi
1938 1962 2068 2005 caro

496 2053 733 2107 animata
764 2050 976 2105 ratione
1004 2055 1291 2117 menteque
1315 2044 1560 2115 praedita.
1598 2041 1787 2113 Itaque
1821 2056 1927 2096 non
1975 2042 2070 2095 lto-

493 2145 694 2200 minem
725 2142 894 2197 Deum
925 2154 1048 2196 esse
1080 2139 1305 2201 factum,
1354 2137 1447 2192 sed
1498 2136 1668 2191 Deum
1718 2128 2070 2190 factumesse

492 2235 761 2292 hominem
782 2233 1033 2289 dicimus.
1086 2230 1222 2284 Nam
1276 2229 1369 2300 qui
1409 2239 1604 2283 natura
1664 2228 1940 2297 perfectus
1984 2234 2069 2280 est

491 2329 658 2393 Deus,
686 2326 826 2380 idetn
859 2332 1053 2379 natura
1106 2321 1279 2375 iactus
1312 2330 1395 2375 est
1430 2321 1593 2375 homo
1625 2317 1925 2388 perlectus,
1953 2330 2061 2371 non

488 2428 681 2474 natura
715 2424 977 2480 mutatus,
1008 2428 1108 2468 nec
1133 2412 1500 2481 dispositionis
1530 2414 1764 2480 speciem
1799 2409 2068 2478 praebens,

492 2511 589 2566 sed
651 2520 927 2577 assumpta
983 2521 1051 2561 ex
1109 2516 1298 2560 sancta
1364 2502 1588 2571 Virgine
1639 2484 1805 2556 carne
1859 2500 2069 2554 ratione

490 2606 777 2666 menteque
836 2599 1100 2658 animata,
1157 2606 1279 2661 quae
1330 2592 1385 2644 in
1445 2591 1559 2659 ipso
1610 2588 1862 2650 habebat,
1895 2596 1955 2641 ut
1982 2600 2071 2640 es-

488 2702 593 2755 set,
623 2699 677 2743 et
704 2702 827 2742 cum
862 2687 978 2755 ipso
1004 2695 1124 2740 erat
1152 2697 1248 2753 per
1271 2680 1604 2752 hypostasim
1636 2678 1923 2749 canjuncta
1952 2678 2070 2731 sine

492 2779 832 2844 confusione,
888 2777 1008 2832 sine
1087 2774 1479 2837 immutatione,
1546 2771 1665 2826 sine
1737 2770 2068 2825 inversione.

488 2874 673 2943 Neque
701 2871 843 2925 enim
890 2867 1192 2925 divinitatis
1223 2879 1335 2921 suae
1380 2871 1633 2919 naturam
1675 2862 1727 2916 in
1755 2860 1938 2916 carnis
1969 2873 2067 2912 na-

489 2976 669 3022 turam
694 2960 981 3027 convertit,
1015 2973 1193 3028 neque
1222 2957 1406 3012 carnis
1439 2970 1549 3019 sua:
1592 2964 1843 3008 naturam
1874 2951 1927 3005 in
1954 2964 2067 3006 suae

489 3059 784 3118 divinitatis
836 3066 1085 3111 naturam
1133 3046 1505 3106 commutavit.
1540 3042 1726 3113 Neque
1766 3055 1833 3096 ex
1885 3039 2067 3095 divina

490 3170 585 3210 sua
618 3162 830 3215 natura,
876 3156 932 3202 et
970 3160 1038 3201 ex
1077 3151 1268 3196 natura
1294 3152 1465 3210 quam.
1504 3135 1764 3206 suscepit,
1808 3135 2065 3196 humana,

494 3256 741 3303 naturam
786 3256 952 3297 unam
987 3235 1346 3307 compositam
1376 3229 1631 3287 reddidit.

996 3348 1271 3418 Eiusdem.
1299 3346 1434 3416 Cap.
1463 3343 1552 3399 68.

501 3458 509 3463 '
561 3450 653 3505 Hm
691 3460 870 3511 voces,
900 3443 1156 3498 divinitas
1180 3449 1234 3495 et
1259 3438 1591 3502 humanitas,
1635 3434 1923 3490 essentiam
1958 3432 2069 3487 sive

491 3554 745 3599 naturam
771 3538 1097 3607 signiﬁcant.
1129 3533 1238 3589 illa:
1267 3528 1595 3598 vero,'_Deus
1614 3537 1669 3583 et
1696 3527 1887 3591 homo,
1909 3525 2069 3579 modo

488 3635 776 3692 essentiam
806 3630 1065 3694 indicant,
1108 3635 1167 3682 ut
1194 3640 1316 3680 cum
1350 3623 1581 3678 dicimus
1614 3638 1628 3676 :
1666 3620 1806 3674 Deus
1835 3618 2070 3674 essentia

491 3738 596 3792 est,
628 3741 749 3797 qua:
809 3719 1196 3790 comprehendi
1259 3731 1365 3771 non
1413 3722 1589 3785 potest
1621 3730 1636 3766 :
1672 3721 1727 3766 et
1786 3710 1925 3765 Deus
1982 3718 2066 3763 est

490 3835 627 3875 unus
652 3836 667 3886 ;
703 3817 863 3872 modo
898 3826 1161 3885 personas
1179 3809 1481 3869 declarant,
1510 3808 1574 3861 de
1603 3805 1798 3875 quibus
1827 3803 1901 3857 ita
1932 3801 2069 3856 dici-

492 3923 599 3975 tur,
632 3919 693 3964 ut
736 3906 944 3976 species
997 3903 1065 3958 de
1097 3902 1212 3957 suis
1258 3897 1568 3960 individuis,
1614 3893 2067 3965 quemadmodum

491 4006 542 4054 iu
576 4016 641 4054 eo
671 3998 967 4066 Scriptum
998 3995 1115 4047 loco
1139 4009 1153 4045 :
1178 3989 1461 4058 Propterea
1482 3986 1635 4041 unxit
1664 3994 1712 4038 te
1740 3983 1904 4048 Deus,
1932 3981 2069 4035 Deus

493 4107 613 4147 inus
645 4092 687 4146 ⁸.
720 4088 859 4144 Ecce
885 4086 1027 4140 cnim
1064 4083 1155 4137 hic
1175 4081 1389 4135 Patrem
1429 4088 1485 4132 et
1505 4075 1699 4130 Filium
1726 4072 2068 4145 signiﬁcavit.

493 4184 556 4237 Et
589 4197 710 4236 cum
747 4178 879 4248 legis
909 4179 964 4230 in
986 4175 1091 4229 alio
1118 4175 1273 4227 loco:
1312 4168 1483 4223 Homo
1519 4167 1740 4237 quidam
1765 4176 1876 4219 erat
1905 4165 1959 4218 iu
1989 4181 2073 4218 re-

491 4276 643 4343 gione
664 4269 909 4325 Amitide
940 4266 981 4321 ⁸.
1006 4264 1110 4321 Job
1134 4264 1278 4318 enim
1305 4262 1455 4315 solus
1488 4258 1778 4314 iudicatur.
1807 4255 2069 4322 Quoniam

494 4367 655 4435 igitur
687 4365 739 4417 in
781 4360 1008 4415 Domino
1048 4365 1233 4410 nostro
1275 4351 1400 4407 Jesu
1440 4349 1659 4404 Christo
1684 4348 1819 4403 duas
1850 4357 2070 4401 naturas

2172 498 2363 565 δούλη
2400 499 2641 567 Κυρίουο
2687 494 2923 566 γένοιτό
2968 512 3071 563 μοι
3122 491 3276 550 κατὰ
3319 494 3388 546 τὸ
3414 493 3581 562 ῥῆμά
3609 509 3753 550 σου.

2174 588 2331 642 Μετὰ
2371 587 2463 642 οὖν
2501 589 2601 659 τὴν
2652 586 3055 655 συγκατάθεσιν
3099 584 3200 655 τῆς
3251 584 3419 652 ἁγίας
3472 584 3756 654 Παρθένου

2176 681 2402 751 Πνεῦμα
2438 680 2597 749 ἅγιον
2622 679 2857 749 ἐπῆλθεν
2887 679 2975 731 ἐπ’
3002 678 3195 748 αὐτὴν,
3222 676 3361 731 κατὰ
3392 678 3484 729 τὸν
3510 676 3606 731 τοῦ
3638 678 3762 732 Κυοι

2175 774 2295 844 ρίου
2340 772 2517 840 λόγον,
2561 771 2620 825 ὃν
2662 766 2817 823 εἶπεν
2862 771 2891 823 ὁ
2935 769 3191 838 ἅγγελος,
3246 768 3511 838 καθαῖρον
3558 768 3755 838 αὐτὴν,

2172 865 2267 917 καὶ
2296 863 2532 934 δύναμιν
2564 860 2823 929 δεκτικὴν
2848 862 2949 931 τῆς
2980 859 3075 914 τοῦ
3110 862 3289 927 Λόγου
3322 859 3577 929 θεότητος
3609 878 3759 930 παρα·

2172 954 2317 1026 ἕχον,
2348 955 2467 1025 ἅμα
2497 955 2552 1008 δὲ
2588 956 2682 1008 καὶ
2718 954 3066 1023 γεννητικὴν.
3122 952 3235 1006 Καὶ
3264 952 3387 1005 τότε
3423 953 3757 1005 ἐπεσκίασεν

2172 1045 2347 1117 αὑτὴν
2374 1048 2408 1115 ὴ
2448 1045 2545 1099 τοῦ
2566 1044 2701 1098 Θεοῦ
2731 1043 2826 1097 τοῦ
2866 1043 3127 1113 Ὑψίστου
3163 1043 3531 1104 ὲνυπόστατος
3591 1041 3755 1111 σοφία

2173 1138 2269 1191 καὶ
2309 1137 2562 1207 δύναμις,
2608 1139 2637 1191 ὁ
2687 1137 2819 1199 Υἱὸς
2842 1135 2937 1189 τοῦ
2964 1134 3124 1200 Θεοῦ,
3164 1137 3192 1188 ὁ
3218 1134 3295 1205 τῷ
3337 1134 3511 1205 Πατρὶ
3554 1133 3754 1203 ὁμοσύ-

2173 1245 2309 1294 σιος,
2366 1229 2533 1281 οἱονεὶ
2573 1230 2715 1290 θειος
2751 1228 2974 1298 σπόρος,
3008 1228 3105 1281 καὶ
3134 1227 3439 1296 συνέπηξεν
3468 1226 3649 1294 ἑαυτῷ
3688 1227 3756 1279 ὲκ

2169 1320 2278 1375 τῶν
2305 1320 2488 1387 ἁγνῶν
2522 1320 2615 1373 καὶ
2646 1320 3054 1391 καθαρωτάτων
3082 1319 3253 1389 αὐτῆς
3285 1319 3537 1388 αἱμάτων
3569 1317 3753 1387 σάρκα

2176 1412 2611 1483 ὲνεψυχωμένην
2659 1412 2806 1482 ψυχῇ
2850 1410 3042 1480 λογικῇ
3072 1426 3133 1464 τε
3162 1409 3255 1463 καὶ
3285 1410 3468 1479 νοερᾷ,
3497 1409 3756 1479 ἀπαρχὴν

2170 1503 2266 1557 τοῦ
2312 1503 2586 1574 ἡμετέρου
2640 1502 2986 1573 φυράματος,
3038 1502 3098 1554 οὑ
3149 1501 3567 1570 σπερματικῶς,
3615 1502 3757 1554 ἀλλὰ

2171 1594 2584 1665 δημιουργικῶς
2630 1595 2721 1647 διὰ
2770 1593 2866 1647 τοῦ
2911 1594 3072 1663 ἁγίου
3124 1596 3468 1662 Ιίνεύματος,
3518 1594 3582 1646 οὑ
3629 1596 3756 1656 ταῖς

2174 1687 2318 1741 κατὰ
2373 1685 2579 1756 μικρὸν»
2622 1685 2965 1755 προσθήκαις
3007 1685 3449 1755 ὰπαρτιζομένου
3484 1683 3577 1737 τοῦ
3625 1686 3759 1753 σχή-

2168 1796 2357 1850 ματος,
2384 1777 2600 1847 ὑφ’
2617 1777 2683 1829 ἓν
2708 1776 3110 1840 τελειωθέντος.
3140 1777 3311 1839 Αὐτὸς
3344 1776 3401 1829 δὲ
3426 1778 3454 1830 ὀ
3481 1776 3576 1829 τοῦ
3605 1776 3747 1829 Θεοῦ

2168 1869 2340 1936 Λόγος
2386 1868 2725 1937 ἐχρημάτισε
2774 1870 2843 1938 τῇ
2877 1867 3047 1938 σαρκὶ
3081 1868 3401 1932 ὑπόστασις,
3434 1868 3574 1920 ὥστε
3630 1868 3749 1937 ἅμα

2171 1962 2327 2031 σὰρξ,
2372 1961 2489 2031 ἅμα
2532 1960 2669 2014 Θεοῦ
2723 1961 2902 2029 Λόγου
2949 1960 3106 2030 σὰρξ,
3142 1960 3407 2030 ἔμψυχος,
3441 1959 3633 2028 λογική
3692 1977 3754 2011 τε

2169 2052 2263 2107 καὶ
2317 2052 2499 2121 νοερά.
2551 2052 2642 2105 Διὸ
2694 2052 2795 2106 οὑκ
2846 2050 3134 2122 ἄνθρωπον
3186 2051 3464 2104 θεωθέντα
3495 2051 3752 2121 λέγομεν,

2168 2143 2305 2197 ἀλλὰ
2351 2143 2485 2197 Θεὸν
2527 2143 3051 2215 ὲνανθρωπήσαντα.
3089 2143 3184 2196 Ὧν
3210 2144 3324 2215 γὰρ
3352 2142 3513 2212 φύσει
3546 2144 3754 2205 τέλειος

2169 2236 2324 2305 Θεὸς,
2378 2236 2571 2305 γέγονε
2625 2237 2722 2290 καὶ
2753 2235 2915 2305 φύσει
2948 2236 3156 2300 τέλειος
3185 2234 3472 2304 ἄνθρωπος
3503 2236 3533 2289 ὀ
3565 2235 3752 2298 αὐτὸς,

2170 2329 2233 2383 οὑ
2272 2328 2507 2399 τραπεὶς
2554 2326 2652 2398 τὴν
2695 2327 2880 2397 φύσιν,
2911 2327 3034 2380 οὑδὲ
3079 2327 3362 2397 φαντάσας
3395 2325 3494 2397 τὴν
3547 2329 3756 2379 οἰκονο-

2176 2422 2328 2493 μίαν,
2369 2422 2503 2475 ἀλλὰ
2536 2424 2601 2493 τῇ
2632 2423 2695 2474 ὲκ
2724 2421 2825 2487 τῆς
2855 2422 3014 2485 ἁγίας
3045 2420 3326 2492 Παρθένου
3354 2418 3627 2491 ληφθείσῃ
3666 2420 3754 2471 λο-

2170 2513 2347 2581 γικῶς
2384 2531 2441 2566 τε
2488 2514 2581 2567 καὶ
2638 2513 2841 2583 νοερῶς
2869 2502 3270 2584 ὲνεψυχωμὲνῃ
3332 2514 3515 2582 σαρκὶ,
3554 2516 3649 2564 καὶ
3695 2514 3755 2563 ὲν

2170 2607 2321 2677 αὑτῷ
2378 2606 2442 2660 τὸ
2498 2602 2640 2660 εἶναι
2693 2606 2935 2677 λαχούσῃ
2994 2605 3219 2667 ὲνωθεὶς
3278 2604 3401 2657 καθ’
3450 2603 3753 2656 ὑπόστασιν

2171 2697 2522 2767 ἀσυγχὺτως,
2571 2699 2666 2751 καὶ
2715 2697 3118 2762 ἀναλλοιώτως,
3170 2696 3267 2750 καὶ
3302 2696 3610 2766 ἀτρέπτως,
3673 2695 3752 2764 μὴ

2175 2786 2500 2859 μεταϐαλὼν
2543 2789 2643 2855 τὴν
2670 2787 2769 2855 τῆς
2804 2786 3063 2858 θεότητος
3097 2784 3265 2841 αὑτοῦ
3323 2786 3486 2853 φύσιν
3522 2787 3603 2848 είς
3650 2788 3753 2854 τὴν

2172 2879 2273 2950 τῆς
2324 2881 2526 2948 σαρκὸς
2560 2879 2772 2945 οὐσίαν,
2808 2879 2949 2949 μήτε
2980 2878 3089 2949 μὴν
3119 2878 3218 2949 τὴν
3274 2878 3463 2931 οὐσίαν
3490 2876 3590 2946 τῆς
3621 2892 3754 2946 σαρ-

2173 2972 2265 3034 κὸς
2311 2970 2477 3023 αὑτοὺ
2511 2971 2590 3034 είς
2623 2971 2723 3041 τὴν
2761 2971 2859 3039 τῆς
2890 2970 3145 3041 Θεότητος
3196 2968 3362 3025 αὑτοῦ
3391 2970 3577 3038 φύσιν,
3628 2969 3753 3021 οὐδὲ

2173 3064 2240 3116 ὲκ
2295 3063 2395 3133 τῆς
2433 3063 2585 3126 θείας
2638 3061 2803 3117 αὑτοῦ
2838 3062 3076 3132 φύσεως,
3132 3065 3226 3116 καὶ
3278 3056 3347 3133 ἧς
3379 3060 3753 3129 προσελάϐετο

2170 3153 2521 3226 ἀνθρωπίνης
2568 3153 2786 3223 φύσεως
2816 3153 2948 3224 μίαν
2997 3152 3163 3222 φύσιν
3221 3151 3561 3215 ἀποτελέσας,
3620 3150 3755 3204 σύν-

2171 3245 2347 3300 θετον.

2527 3337 2638 3392 Τοῦ
2674 3335 2882 3391 αὑτοῦ.
2919 3334 3263 3403 Κεφάλαιον
3294 3335 3394 3404 ξην.

2241 3431 2316 3485 Τὸ
2386 3429 2487 3501 μὲν
2540 3428 2641 3499 τῆς
2697 3429 2953 3498 θεότητος
3020 3426 3117 3481 καὶ⁸
3164 3429 3262 3497 τῆς
3324 3426 3757 3496 ἀνθρωπότητος

2169 3523 2342 3595 ονομα
2366 3522 2473 3577 τῶν
2494 3522 2692 3576 οὐσιῶν
2716 3524 2890 3587 ἔστιν,
2913 3521 3034 3591 ἦτοι
3067 3520 3284 3589 φύσεων
3311 3521 3755 3591 παραστατικὸν·

2170 3616 2230 3667 τὸ
2273 3615 2330 3668 δὲ
2367 3614 2500 3677 Θεὸς
2529 3614 2626 3667 καὶ
2665 3613 2949 3683 ἄνθρωπος
2982 3618 3080 3667 καὶ
3118 3615 3213 3666 ἐπὶ
3251 3614 3351 3684 τῆς
3389 3612 3577 3674 οὐσίας
3622 3614 3761 3666 τάτ-

2169 3723 2321 3760 τεται
2342 3720 2360 3738 ο
2387 3706 2463 3758 ῶσ
2474 3722 2577 3775 περ
2605 3706 2732 3759 ὃταν
2756 3706 3008 3776 λέγομεν,
3037 3706 3171 3768 Θεός
3192 3708 3339 3758 ἐστιν
3361 3704 3760 3774 ἀκατάληπτος

2170 3798 2351 3863 οὐσία,
2380 3798 2475 3851 καὶ
2514 3800 2596 3851 ὃτι
2642 3793 2724 3860 εἷς
2769 3799 2797 3850 ὁ
2836 3798 2990 3861 Θεός.
3022 3797 3385 3868 λΔαμϐάνεται
3422 3798 3477 3850 δὲ
3514 3798 3610 3850 καὶ
3655 3799 3763 3869 ἐπὶ

2169 3891 2280 3944 τῶν
2312 3891 2689 3954 ὑποστάσεων,
2721 3890 2796 3951 ὡς
2825 3888 2919 3942 τοῦ
2961 3891 3336 3960 μερικωτέρου
3368 3889 3660 3959 δεχομένου
3689 3890 3764 3944 τὸ

2171 3983 2267 4035 τοῦ
2292 3982 2731 4052 καθολικωτένρου
2761 3982 2972 4052 dvorsa"
3005 3983 3080 4045 ὡς
3104 3983 3233 4035 ὅταν
3265 3984 3431 4051 φησὶν
3461 3985 3493 4051 ἡ
3529 3983 3757 4053 Γραφῇ,

2171 4075 2274 4127 Διὰ
2297 4073 2474 4128 τοῦτο
2506 4071 2712 4141 ἑχρισέ
2740 4076 2863 4125 aed
2896 4072 3060 4137 Θεὸς,
3094 4075 3125 4126 ό
3156 4073 3303 4139 Θεός
3329 4087 3470 4138 σου,
3504 4073 3608 4125 ίδου
3634 4072 3763 4144 γὰρ

2170 4166 2261 4219 τὸν
2288 4165 2509 4235 Πατέρα
2529 4165 2624 4217 καὶ
2652 4164 2747 4216 τὸν
2769 4164 2896 4217 Υίὸν
2919 4167 3161 4233 ἑσήμανε
3183 4179 3197 4195 ·
3226 4165 3320 4217 καὶ
3340 4164 3416 4227 ὡς
3441 4165 3571 4219 ὅταν
3589 4164 3762 4236 λέγῃ,

2175 4258 2508 4326 Ἄνθρωπός
2552 4270 2645 4322 τις
2673 4252 2755 4325 ἦν
2782 4255 2853 4309 ἐν
2874 4253 3033 4323 χώρᾳ
3062 4253 3136 4324 τῇ
3163 4254 3468 4308 Αὺσίτιδιηο
3509 4253 3602 4307 τὸν
3636 4256 3765 4325 γὰρ

2184 4351 2304 4403 ’1ὼῦ
2346 4349 2508 4419 μόνον
2543 4349 2833 4420 ἐδήλωσεν.
2875 4349 2999 4401 Ἐπὶ
3045 4347 3177 4416 γοῦν
3210 4347 3307 4401 τοῦ
3350 4347 3562 4419 Κυρίου
3588 4348 3763 4419 ἡμῶν

490 4456 853 4527 agnoscimus,
909 4459 1157 4504 etuuam
1187 4452 1394 4499 tantum
1440 4455 1757 4513 personam,
1821 4454 1942 4509 qtue
1995 4452 2061 4493 ex

2179 4440 2359 4513 Ἰησοῦ
2390 4441 2652 4513 Χριστοῦ,
2689 4440 2881 4512 ἰπειδὴ
2922 4440 3017 4493 δύο
3055 4441 3158 4511 μὲν
3186 4442 3286 4504 τὰς
3331 4440 3529 4509 φύσεις
3582 4441 3761 4510 γινώ-

493 4563 723 4618 utraque
758 4553 973 4599 constat
1004 4550 1200 4597 natura
1232 4556 1245 4592 :
1273 4536 1499 4608 proinde
1520 4550 1642 4590 cum
1681 4543 1904 4587 naturas
1939 4546 2071 4585 con-

490 4640 851 4710 templamur,
911 4634 1247 4690 divinitatem
1318 4638 1373 4683 et
1430 4626 1759 4682 humanitem
1818 4623 2066 4679 dicimus.

491 4733 717 4798 Quando
752 4740 932 4784 autem
962 4743 1025 4782 ex
1062 4735 1255 4779 natura
1284 4727 1622 4776 constantem
1673 4729 1984 4786 personam,
2021 4712 2067 4767 si

494 4840 560 4877 ex
591 4833 822 4891 utraque
859 4829 1052 4872 natura
1085 4807 1339 4871 constare
1371 4813 1769 4874 consideretur,
1792 4822 1916 4863 eam
1953 4817 2067 4860 tum

491 4916 789 4977 Christum,
834 4918 950 4965 tum
1001 4908 1196 4970 Deum,
1241 4917 1352 4961 tum
1400 4907 1670 4959 hominem
1709 4916 1773 4955 ex
1811 4913 1970 4969 aequo
2014 4906 2071 4954 et

494 5004 656 5056 Deum
692 5000 962 5054 hominem
1016 4996 1212 5051 factum
1244 4994 1609 5049 nominamus.
1684 4991 1778 5048 Sin
1826 5004 1892 5044 ex
1942 5003 2069 5053 una,

494 5109 605 5151 tum
637 5099 805 5151 Deum
842 5097 1100 5150 duntaxat
1136 5104 1188 5146 ct
1243 5090 1438 5146 Filium
1474 5090 1594 5153 Dei,
1653 5098 1761 5142 tum
1797 5085 2069 5141 hominem

494 5193 666 5243 solum
720 5186 1075 5259 appellamus.
1107 5183 1175 5239 Et
1201 5183 1491 5253 aliquando
1541 5181 1759 5251 quidem
1795 5194 1861 5235 ex
1891 5178 2068 5234 subii-

494 5284 754 5337 mioribns
778 5278 1102 5345 rationibus,
1132 5276 1424 5346 aliquando
1455 5283 1636 5329 autem
1662 5288 1727 5327 ex
1754 5271 2061 5326 humiliori-

493 5377 592 5427 hns
615 5373 1011 5429 consideratur.
1039 5369 1192 5425 Unus
1230 5368 1371 5421 enim
1403 5374 1507 5432 est,
1532 5366 1645 5420 sive
1679 5365 1798 5430 hoc,
1832 5362 1946 5418 sive
1979 5362 2069 5416 illo

492 5465 651 5519 modo
685 5462 940 5519 similiter
971 5463 1218 5515 exsistat.
1244 5458 1363 5513 Jam
1400 5472 1523 5512 cum
1562 5458 1904 5510 divinitatem
1937 5454 2069 5506 dici-

496 5571 635 5619 mus,
662 5569 782 5609 eam
813 5552 1175 5607 humanitatis
1216 5550 1640 5619 proprietatibus
1673 5561 1778 5601 non
1818 5546 2067 5600 denomi-

571 5729 586 5758 ‘
614 5728 744 5784 an.
775 5744 811 5790 ι,
842 5726 911 5779 9-8
934 5744 1050 5794 sqq.
1129 5730 1147 5758 ¹
1178 5725 1317 5780 Psal.
1355 5740 1499 5787 κων,
1532 5722 1583 5777 8.
1665 5722 1683 5753 ³
1706 5722 1806 5777 .inh
1838 5738 1872 5784 ι,
1901 5723 1949 5777 1.

2176 4551 2400 4604 σκομεν,
2437 4536 2565 4604 μίαν
2594 4535 2651 4588 δὲ
2679 4534 2774 4605 τὴν
2808 4535 3113 4588 ὑπόστασιν
3142 4534 3203 4599 ἐξ
3245 4535 3578 4605 ἀμφοτέρων
3619 4536 3762 4589 σύν-

2174 4626 2345 4688 θετον,
2376 4627 2505 4678 ὅταν
2550 4627 2649 4694 μὶν
2691 4625 2793 4688 τὰς
2832 4624 3025 4694 φύσεις
3051 4624 3477 4696 ἀναθεωρῶμεν,
3520 4626 3764 4697 θεότητα

2174 4718 2267 4771 καὶ
2297 4718 2691 4789 ἀνθρωπότητα
2726 4717 2997 4788 καλοῦμεν
3016 4734 3034 4751 ο
3067 4721 3196 4773 ὃταν
3224 4718 3281 4772 δὲ
3310 4719 3411 4789 τὴν
3437 4722 3499 4771 ἐκ
3534 4720 3764 4788 φύσεως

2176 4810 2525 4864 σαντεθεῖσαν
2559 4810 2881 4875 ὑπόστασιν,
2922 4811 3055 4863 ποτὲ
3097 4811 3197 4880 μὲν
3227 4812 3291 4863 ὲκ
3320 4810 3415 4863 τοῦ
3469 4828 3763 4880 strvat).ch-

2171 4901 2333 4971 τέρου
2363 4900 2599 4970 Χριστὸν
2643 4899 3005 4970 ὀνομάζομεν,
3033 4901 3127 4953 καὶ
3153 4899 3288 4952 Θεὸν
3327 4899 3420 4953 καὶ
3462 4898 3767 4970 ἄνθρωπον

2168 4992 2556 5057 κατὰνταὺτὸν,
2596 4996 2683 5046 καὶ
2725 4992 2863 5047 Θεὸν
2904 4992 3362 5062 σεσαρκωμένον·
3406 4991 3539 5044 ποτε
3588 4991 3646 5044 δὲ
3690 4992 3764 5058 ἐξ

2172 5086 2291 5147 ἑνὸς
2326 5085 2439 5138 τῶν
2488 5085 2675 5156 μερῶν
2723 5085 2858 5138 Θεὸν
2897 5085 3081 5154 μόνον,
3126 5086 3222 5138 καὶ
3255 5084 3387 5137 Υἱὸν
3437 5083 3592 5149 Θεοῦ,
3654 5087 3764 5140 καὶ

2174 5176 2464 5248 ἄνθρωπον
2493 5178 2673 5247 μόνον,
2708 5178 2804 5231 καὶ
2838 5178 2953 5230 υίὸν
2988 5175 3281 5248 ἀνθρώπου
3305 5190 3320 5207 ·
3353 5176 3447 5228 καὶ
3481 5174 3613 5229 ποτε
3650 5176 3763 5245 μὲν

2174 5272 2239 5323 ὲκ
2268 5269 2380 5323 τῶν
2409 5269 2631 5340 ὑψηλῶν
2687 5272 2885 5340 μόνων,
2945 5271 3076 5322 ποτὲ
3115 5269 3172 5323 δὲ
3218 5271 3282 5322 ἐκ
3321 5270 3430 5321 τῶν
3475 5268 3763 5321 ταπεινῶν

2180 5364 2377 5432 μόνων.
2408 5359 2503 5424 Είς
2524 5363 2631 5432 γάρ
2655 5365 2802 5415 ἐστιν
2834 5364 2861 5413 ὁ
2889 5362 3135 5428 κάκεῖνο,
3168 5361 3265 5413 καὶ⁵
3294 5360 3455 5413 τοῦτο
3489 5359 3762 5430 ὑπάρχων

2175 5454 2397 5519 ὁμοίως.
2430 5453 2670 5522 Θεότητα
2710 5454 2810 5522 μὲν
2840 5449 2936 5505 οὖν
2968 5453 3243 5519 λέγοντες,
3276 5453 3338 5504 οὑ
3377 5452 3758 5519 κατονομαζο-

2180 5564 2278 5613 μεν
2314 5546 2484 5615 αὐτῆς
2513 5546 2583 5599 τὰ
2615 5546 2710 5615 τῆς
2741 5544 3161 5615 ἀνθρωπότητος
3201 5526 3467 5614 ἰδιώματα
3492 5561 3505 5576 ·
3551 5545 3611 5595 οὑ
3643 5546 3757 5612 γάρ
