4126 6420
477 364 584 427 239

1716 341 2098 404 ΕΠΙἮΥΜΙΙ
2140 339 2505 402 ZIGABENI

3627 322 3738 387 ριο

476 488 599 542 esse
631 466 949 542 perfectam,
984 471 1151 518 totam
1192 460 1246 514 in
1278 458 1460 520 Patre,
1497 462 1661 509 totam
1698 453 1752 507 in
1781 453 1941 517 Filio,
1970 460 2054 505 to-

2191 467 2300 513 ειος
2330 449 2466 511 Θεὸς
2494 449 2522 501 6
2552 445 2700 510 Υἱὸς,
2739 441 2939 505 τέλειος
2967 438 3100 502 Θεὸς
3128 436 3190 491 τὸ
3221 430 3443 502 Πνεῦμα
3470 435 3529 490 τὸ
3552 435 3735 503 ἅγιον.

484 539 592 619 tam
621 527 677 617 in
702 557 911 630 Spiritu
936 527 1160 609 sancto.
1195 548 1459 617 Quocirca
1496 555 1550 600 et
1601 542 1880 615 perfectus
1912 542 2056 597 Deus

2183 542 2316 596 )ὒτω
2345 540 2443 595 καὶ
2480 541 2538 593 ὲν
2568 541 2637 610 τῇ
2682 534 3097 606 ὲνανθρωπήσει
3137 529 3234 584 τοῦ
3269 530 3388 593 ὲνδς
3431 528 3532 598 τῆς
3574 527 3741 596 ἁγίας

482 658 570 708 est
623 650 806 714 Pater,
868 653 925 700 et
970 641 1243 714 perfectus
1290 636 1433 692 Deus
1487 644 1568 691 est
1616 632 1807 698 Filius,
1845 642 1899 687 et
1936 646 2058 699 per-

2160 624 2390 707 Τριάδος
2427 633 2564 688 Θεοῦ
2597 631 2772 701 Λόγου
2808 627 2988 700 φαμὲν
3028 627 3212 681 πᾶσαν
3245 624 3343 679 καὶ
3382 622 3598 676 τελεάν
3638 620 3743 690 τὴν

485 746 661 801 tectus
720 738 866 793 Deus
920 744 1004 791 est
1060 731 1296 803 Spiritus
1356 736 1601 784 sanctus.
1667 723 1758 781 Sic
1813 725 1938 779 item
2002 723 2059 777 iu

2183 728 2326 797 ρὺσιν
2351 729 2449 799 τῆς
2480 725 2733 797 θεότητος
2771 725 2829 777 ὲν
2873 722 2975 794 μιᾷ
3013 719 3122 775 τῶν
3157 716 3361 787 ἑαυτῆς
3388 715 3745 769 ὑποστάσεων

487 831 825 888 humanitate
885 831 1165 893 assumpta
1236 821 1305 876 ab
1355 833 1466 874 uno
1522 825 1724 871 sanctae
1778 814 2062 869 Trinitatis

484 927 599 982 Deo
665 920 845 977 Verbo
904 928 1072 972 lotam
1126 921 1183 969 et
1233 911 1534 984 perfectam
1597 904 1900 963 divinitatis
1962 918 2062 958 na-

482 1028 684 1082 turam,
746 1013 800 1066 in
853 1024 961 1064 una
1010 1019 1234 1062 suarum
1293 1014 1676 1073 personarum,
1723 997 1821 1052 toti
1872 995 2066 1051 huma-

480 1128 567 1167 nas
624 1118 853 1171 natura),
922 1119 1033 1159 non
1097 1109 1280 1156 autem
1323 1105 1532 1168 partem
1562 1092 1699 1165 parti
1729 1090 1896 1147 fuisse
1935 1106 2067 1145 con-

484 1207 730 1274 junctam
767 1197 1017 1274 dicimus.
1051 1192 1212 1258 Nam,
1265 1200 1325 1245 ut
1359 1188 1577 1244 divinus
1633 1184 1811 1255 inquit
1836 1185 2070 1252 Aposto-

487 1273 594 1360 ius,
639 1291 705 1347 In
747 1291 863 1359 ipso
907 1273 1174 1341 inhabitat
1231 1280 1401 1336 omnia
1441 1278 1712 1348 plenitudo
1771 1273 2068 1329 divinitati:

493 1383 837 1456 corporaliter
861 1381 901 1445 ί,
936 1379 990 1435 id
1025 1385 1131 1442 est,
1164 1376 1219 1429 in
1246 1387 1412 1429 carne
1456 1371 1595 1440 ejus.
1626 1366 1691 1421 Et
1721 1366 1875 1421 Pauli
1910 1365 2075 1420 disci-

494 1476 660 1547 pulus
684 1473 738 1526 in
765 1471 933 1525 rebus
962 1464 1164 1523 divinis
1212 1460 1551 1533 explicandis
1580 1456 2073 1513 excellent'ssimus

493 1564 807 1636 Dionysius,
839 1559 905 1617 Se
928 1567 1118 1620 totam,
1147 1553 1344 1625 inquit,
1362 1554 1416 1606 in
1448 1567 1555 1605 una
1579 1565 1795 1604 auarum
1819 1562 2071 1616 persona-

490 1676 611 1712 rum
638 1650 1068 1710 communicavit.
1134 1645 1249 1701 Nec
1304 1652 1484 1698 tamen
1551 1655 1809 1712 cogemur
1865 1638 2072 1703 dicere,

494 1762 687 1804 omnes
715 1760 812 1800 seu
849 1751 962 1798 tres
989 1746 1191 1795 sancta:
1238 1733 1546 1791 divinitatis
1592 1744 1859 1802 personas
1894 1728 2074 1783 omni-

495 1843 598 1895 bus
627 1833 984 1893 humanitatis
1009 1827 1263 1902 personis
1306 1823 1609 1882 secundum
1662 1834 1928 1894 personas
1953 1832 2075 1875 esse
2107 1811 2149 1869 Β

495 1932 836 2002 coniunctas.
873 1925 1031 1981 Nulla
1056 1922 1204 1978 enim
1236 1920 1365 1985 alia,
1414 1917 1524 1973 nisi
1584 1914 1993 1987 approbationis
2020 1921 2076 1969 et

497 2023 796 2082 uoluntatis
824 2019 1037 2074 ratione
1070 2014 1251 2079 Pater,
1287 2022 1342 2067 et
1399 2010 1638 2079 Spiritus
1699 2016 1924 2063 sanctus
1987 2020 2077 2060 as-

495 2128 727 2188 sumptus
759 2130 788 2167 a
822 2113 934 2167 Deo
965 2108 1144 2163 Verbo
1183 2102 1513 2160 humanitati
1576 2099 2074 2156 communicaruut.

495 2211 687 2266 Totam
728 2220 859 2263 vero
893 2202 1198 2259 divinitatis
1236 2197 1533 2254 essentiam
1578 2194 1679 2250 toti
1708 2193 1961 2249 humanae
1988 2207 2079 2247 na-

499 2314 637 2358 tura:
669 2297 1017 2370 conjunctam
1054 2290 1374 2354 asserimns,
1419 2284 1548 2356 quia
1575 2281 1710 2339 nihil
1738 2297 1927 2338 eorum
1957 2297 2079 2353 quae

498 2405 707 2451 natura:
734 2397 944 2445 nostra:
976 2385 1122 2440 Deus
1185 2379 1422 2437 Verbum
1459 2376 1713 2442 inseruit,
1751 2390 1879 2433 cum
1916 2375 2077 2433 initio

495 2502 597 2542 nos
634 2485 969 2555 procrearet,
1003 2474 1233 2534 dimisit.
1264 2471 1363 2528 sed
1415 2469 1598 2551 omnia
1625 2468 1888 2539 suscepit,
1923 2482 2081 2522 netu-

492 2593 563 2649 pe
588 2588 810 2644 corpus,
845 2571 1106 2630 animam,
1160 2571 1344 2619 mente
1401 2542 1724 2629 rationeque
1772 2556 2075 2628 praeditam,

495 2647 554 2725 et
582 2680 772 2724 eorum
803 2660 1171 2732 proprietates
1233 2652 1461 2725 (animal
1491 2651 1661 2713 enim,
1687 2648 1833 2718 quod
1869 2647 2066 2701 harum

496 2760 676 2830 aliqua
707 2763 862 2827 parte
897 2758 1067 2816 caret,
1100 2761 1211 2801 non
1235 2753 1323 2800 est
1350 2744 1562 2810 homo).
1590 2739 1790 2794 Totum
1818 2738 1964 2795 enim
1987 2746 2077 2792 to-

501 2827 935 2917 tus'assumpsit,
969 2850 1024 2897 et
1063 2848 1213 2894 totus
1245 2835 1343 2892 toti
1397 2833 1727 2904 coniunctus
1753 2838 1859 2894 est,
1898 2839 1954 2884 ut
1982 2827 2080 2883 toti

500 2943 729 2999 salutem
770 2936 1081 3006 largiretur.
1140 2927 1297 2995 Quod
1339 2925 1489 2982 enim
1523 2940 1635 2979 non
1664 2931 1807 2978 esset
1830 2934 2079 2990 assump-

502 3044 617 3088 tum
639 3029 782 3107 foret
829 3020 1151 3081 incurabile.
1193 3015 1564 3086 Conjunctum
1599 3011 1764 3083 igitur
1796 3020 1881 3066 est
1925 3008 2079 3065 carui

504 3099 735 3181 Verbum
764 3119 878 3181 Dei,
920 3124 975 3171 et
1005 3115 1148 3169 Deus
1174 3125 1271 3180 per
1300 3116 1542 3163 mentem
1584 3105 1729 3160 inter
1778 3101 1876 3158 Dei
1930 3099 2081 3173 puri-

503 3227 696 3281 tatem,
753 3219 810 3266 et
866 3205 1053 3264 carnis
1127 3199 1544 3269 crassitudinem
1620 3195 2074 3251 intercedentem.

502 3307 636 3362 Nam
670 3303 868 3357 animaa
898 3296 1118 3368 quidem
1144 3292 1435 3360 carnisque
1479 3288 1735 3359 princeps
1763 3294 1848 3342 est
1896 3299 2074 3351 mens,

504 3406 695 3468 utpote
718 3390 1009 3463 purissima
1057 3384 1232 3457 ipsius
1263 3381 1460 3435 animus
1492 3392 1639 3450 pars,
1700 3377 1842 3431 Deus
1894 3383 2078 3430 autem

507 3465 680 3561 ipsius
708 3481 930 3547 mentis,
959 3493 1082 3549 qua:
1128 3490 1250 3530 cum
1281 3473 1427 3529 cedit
1454 3465 1840 3542 prastantiori,
1872 3465 2080 3536 princi-

504 3558 693 3656 patum
729 3573 969 3633 ostendit
996 3583 1180 3625 suum.
1214 3565 1308 3622 Sic
1354 3572 1537 3619 autem
1568 3574 1691 3617 cum
1731 3558 2079 3627 praestantio-

505 3651 552 3731 τί
588 3666 961 3741 coniungitur,
993 3672 1158 3731 atque
1184 3659 1260 3714 illi
1298 3656 1639 3727 obsequitur,
1661 3658 1725 3706 ut
1746 3651 1909 3706 faciat
1934 3664 2082 3720 qure-

506 3777 724 3835 cuuque
768 3758 1022 3816 voluntas
1055 3752 1240 3808 divina
1289 3746 1612 3820 praescribit.
1650 3743 1801 3800 Heus
1831 3753 1912 3799 est
1941 3743 2084 3798 divi-

509 3857 698 3915 nitatis
738 3850 841 3909 sibi
874 3862 972 3922 per
1001 3856 1297 3918 personam
1327 3840 1634 3909 conjuncta
1668 3837 1840 3901 locus,
1900 3849 2086 3906 quern-

512 3947 803 4007 admodnm
847 3950 904 3997 et
967 3952 1117 3995 caro.
1171 3933 1291 3990 Non
1342 3941 1525 3986 autem
1575 3929 1742 3985 simul
1792 3928 2082 3994 inhabitat,

518 4051 576 4095 ut
604 4031 880 4109 opinionis
911 4041 1099 4085 errore
1128 4024 1476 4094 decipiuntur
1506 4018 1771 4085 haeretici,
1802 4018 1917 4088 qui,
1940 4016 2087 4085 Quo.

510 4131 695 4193 modo,
734 4123 1013 4194 inquiunt,
1045 4116 1190 4188 quod
1220 4128 1390 4169 unum
1453 4120 1662 4168 tantum
1722 4111 1964 4165 modium
1994 4124 2086 4165 ca-

508 4225 615 4294 pit,
640 4222 781 4275 duos
820 4213 1029 4269 modios
1055 4203 1402 4264 continebit?
1430 4203 1631 4258 Errant
1660 4201 1924 4273 imperiti,
1959 4200 2086 4272 quia

508 4293 730 4370 ratione
767 4317 1028 4377 corporea
1067 4299 1369 4370 diiudicant
1404 4309 1491 4362 ea,
1514 4306 1685 4365 quaea
1706 4293 1932 4348 materia
1962 4300 2089 4348 sunt

517 4401 904 4462 remotissima.
925 4392 1211 4462 Quomodo
1229 4389 1374 4446 enim
1394 4385 1648 4442 Christus
1679 4387 1890 4441 dicetur
1908 4384 2089 4457 perte.

2164 810 2432 890 ἑνωθῆναι
2472 817 2625 891 πάσῃ
2649 819 2717 886 τῇ
2757 812 3075 886 ἀνθρωπίνῃ
3108 810 3290 881 φύσει,
3319 808 3416 862 καὶ
3461 807 3524 861 οὑ
3570 806 3743 875 μέρος

2168 912 2347 985 μέρει.
2380 912 2520 982 Φησὶ
2557 909 2688 979 γοῦν
2716 908 2747 961 6
2773 907 2917 971 θεῖος
2955 900 3305 966 ⁹Δπόστολος,
3333 900 3416 953 ὅτι
3446 898 3555 953 Ἕν
3580 893 3747 961 αὺτῷ

2165 1003 2438 1060 κατοικεῖ
2464 1002 2587 1057 πᾶν
2638 1001 2707 1055 τὸ
2740 997 3030 1067 πλήρωμα
3073 993 3185 1063 τῆς
3226 994 3508 1058 θεότητος
3540 1003 3748 1056 σωμα-

2166 1095 2364 1164 τικῶς,
2396 1094 2677 1149 τουτέστιν
2709 1094 2765 1145 ὲν
2799 1091 2864 1161 τῇ
2902 1088 3069 1158 σαρκὶ⁸
3099 1083 3288 1140 αὑτοῦ.
3335 1081 3448 1137 Καὶ
3479 1082 3508 1135 6
3551 1078 3751 1133 τούτου

2126 1198 2133 1203 ·
2168 1187 2455 1259 φοιτητὴς,
2490 1185 2588 1239 καὶ
2620 1182 2786 1246 πολὺς
2829 1179 2898 1234 τὰ
2929 1179 3051 1232 θεῖα
3083 1174 3383 1239 Διονύσιος,
3419 1173 3504 1226 ὅτι
3549 1167 3752 1231 ὑλικῶς

2171 1281 2303 1350 ἡμῖν
2340 1281 2397 1331 ὲν
2432 1266 2547 1348 ἶιιᾷ
2584 1276 2694 1328 τῶν
2727 1272 2930 1341 ἑαυτῆς
2964 1268 3330 1339 ἐκοινώνησεν
3370 1259 3751 1317 ὑποστάσιων.

2172 1375 2248 1430 Οὑ
2305 1372 2411 1445 μὴν
2461 1371 2520 1425 δὲ
2573 1370 2757 1437 λέγειν
2810 1357 3352 1445 ἀναγκασθησόμεθα
3411 1355 3595 1418 πάσας
3646 1352 3767 1425 τὰς,

2174 1441 2504 1526 ὑποστάσεις
2530 1460 2633 1530 τῆς
2658 1457 2820 1531 ἁγίας
2851 1455 3131 1524 θεότητος,
3159 1441 3279 1524 ἦτοι
3302 1449 3403 1512 τάς
3437 1446 3608 1518 τρεῖς,
3646 1442 3752 1497 πά-

2175 1572 2299 1620 σαις
2336 1556 2455 1619 ταῖς
2488 1555 2588 1623 τῆς
2629 1546 3050 1621 ἀνθρωπότητος
3085 1540 3420 1596 ὑποστάσεσι
3459 1534 3585 1590 καθ’
3621 1532 3753 1587 ὑπό-

2175 1643 2675 1719 στασιν,ἠνῶσθαι.
2715 1641 2854 1696 Κατ’
2878 1638 3073 1693 οὐδένα
3113 1636 3223 1704 γάρ
3250 1627 3623 1699 κεκοινώνηκε
3665 1624 3753 1678 λό-

2176 1757 2274 1810 γον
2313 1741 2343 1793 ὁ
2371 1718 2585 1811 Πατὴρ,
2619 1736 2716 1791 καὶ
2744 1734 2806 1789 τὸ
2837 1732 3067 1801 Πνεῦμα
3099 1728 3161 1781 τὸ
3190 1728 3347 1794 ἅγιον
3375 1725 3438 1793 τῇ
3475 1718 3756 1790 σαρκώσει

2175 1833 2270 1889 τοῦ
2308 1830 2444 1887 Θεοῦ
2478 1829 2679 1899 Λόγου,
2715 1828 2763 1879 εί
2796 1824 2873 1896 μὴ
2918 1821 3043 1876 κατ’
3071 1819 3322 1873 εὐδοκίαν
3347 1815 3443 1869 καὶ
3477 1811 3755 1883 βούλησιν.

2178 1924 2337 1997 nam
2356 1922 2412 1976 δὲ
2434 1922 2503 1992 τῇ
2529 1915 2848 1991 ἀνθρωπίνῃ
2869 1911 3029 1984 φύσει
3058 1907 3241 1980 φαμὲν
3269 1903 3541 1997 ἑνιοθῆναι
3573 1900 3757 1954 πᾶσαν

2175 2014 2276 2086 τὴν
2304 2012 2405 2083 τῆς
2444 2009 2703 2080 θεότητος
2742 2004 2953 2067 οὐσίαν,
3002 2002 3084 2053 ὃτι
3122 1995 3281 2051 οὐδὲν
3318 1988 3394 2048 ὧν
3428 1988 3757 2061 ὲνεφὺτευσε

2176 2079 2247 2179 τῇ
2287 2079 2534 2180 ἡμετέρᾳ
2579 2079 2741 2168 φύσει
2776 2098 2805 2150 6
2836 2094 2970 2156 Θεδς
3017 2091 3211 2159 Λόγος,
3256 2083 3500 2158 ἀρχῆθεν
3543 2079 3759 2141 πλάσας

2177 2168 2628 2270 ἠξλᾶς-ὲνέλιστεν,
2658 2187 2796 2245 ἀλλὰ
2841 2188 3018 2242 πάντα
3061 2179 3315 2241 ἀνέλαϐε,
3361 2175 3542 2243 σῶμα,
3573 2168 3760 2241 ψυχὴν

2178 2262 2373 2363 tua...
2401 2286 2497 2342 και
2551 2281 2804 2353 λογικὴν,
2844 2277 2939 2332 και
2984 2276 3055 2329 τι
3082 2272 3291 2327 τούτων
3330 2267 3622 2338 ἰδιώματα.
3681 2262 3761 2316 Τὸ

2178 2359 2289 2454 γάῥ
2342 2379 2461 2442 ἑνὸς
2506 2376 2735 2452 τούτων.
2764 2366 3034 2441 άμοιροῦν
3068 2365 3229 2431 ζῶον,
3292 2361 3393 2414 οὐκ
3443 2359 3760 2428 ἄνθρωπος.

2181 2446 2347 2532 ὲΟλον
2396 2472 2506 2542 γὰρ
2544 2470 2667 2531 ὅλος
2705 2446 2936 2520 άνέλαῦἑ
2975 2477 3065 2531 με,
3102 2458 3198 2511 καὶ
3247 2453 3368 2515 ὅλος
3403 2451 3511 2520 ὅλῳ
3546 2446 3760 2519 ήνώθη,

2179 2564 2248 2624 ἵν’
2273 2567 2383 2639 ὅλῳ
2406 2566 2504 2636 τὴν
2534 2560 2808 2631 σωτηρίαν
2838 2553 3155 2627 χαρίσηται.
3210 2548 3284 2603 T6
3318 2547 3429 2616 γάρ
3475 2542 3754 2613 άπρόσλη-

2180 2676 2316 2735 πτον
2354 2634 3029 2727 ἰάθενράπευτονῧιὶνωται
3068 2642 3250 2697 τοίνυν
3282 2640 3447 2709 σαρκὶ
3466 2634 3554 2689 διὰ
3587 2635 3761 2719 μέσου

2180 2753 2275 2809 νοῦ
2305 2752 2334 2805 6
2371 2749 2546 2817 Λόγος
2574 2744 2670 2799 τοῦ
2704 2741 2842 2797 Θεοῦ
2875 2741 2969 2795 καὶ
3012 2736 3166 2803 Θεὸς,
3213 2730 3591 2804 μεσιτεύοντος
3615 2710 3762 2780 Θεοῦ

2180 2843 2540 2915 καθαρότητι,
2567 2839 2662 2892 καὶ
2688 2835 2889 2906 σαρκὸς
2917 2829 3211 2902 παχύτητι.
3254 2820 3615 2892 Ἡγεμοδικδν
3648 2817 3762 2888 γάρ

2180 2910 2364 3010 ψυχῆς
2391 2910 2490 2989 καὶ
2518 2931 2724 3002 σαρκὸς
2751 2931 2778 2983 6
2805 2925 2955 2989 νοῦς,
2990 2922 3092 2993 τῆς
3120 2921 3300 2991 ψυχῆς
3328 2917 3391 2971 τὸ
3423 2910 3764 2980 καθαρώτα-

2322 3004 2495 3080 tam
2524 3023 2620 3079 καὶ
2641 3020 2734 3076 νοῦ
2761 3020 2790 3074 6
2822 3017 2978 3081 Θεός.
3013 3013 3126 3069 Καὶ
3154 3014 3245 3067 ὅτε
3282 3008 3381 3079 μὲν
3412 3004 3770 3075 παραχωρεῖ-

2182 3136 2273 3174 ται
2305 3116 2411 3173 ὑπδ
2437 3112 2533 3170 τοῦ
2568 3111 2903 3185 κρείττονος,
2935 3106 3035 3177 τὴν
3064 3102 3276 3156 οἰκείαν
3313 3100 3341 3152 6
3387 3095 3512 3158 νοῦς
3549 3097 3769 3164 ἠγεμο-

2184 3212 2306 3268 νίαν
2369 3184 2726 3269 ἐνδείκνυται,
2797 3199 3083 3256 ὶκνικᾶται
3137 3195 3217 3258 δὲ,
3289 3191 3382 3246 καὶ
3436 3189 3634 3243 ἕπεται
3684 3184 3773 3255 τῷ

2184 3299 2481 3371 κρείττονι,
2510 3297 2605 3351 καὶ
2637 3293 2813 3347 ταῦτα
2841 3289 3057 3360 ὶνεργεῐ
3087 3284 3123 3340 a
3157 3282 3406 3355 βούλεται
3439 3282 3473 3350 ἡ
3518 3277 3640 3331 θεία
3676 3274 3778 3328 θέο

2185 3369 2365 3461 λησις.
2405 3384 2622 3455 Χωρίον
2659 3383 2688 3436 6
2747 3381 2871 3444 νοῦς
2907 3380 3101 3449 γέγονε
3144 3375 3244 3446 τῆς
3286 3372 3411 3428 καθ’
3462 3369 3777 3423 ὑπόστασιν

2186 3459 2338 3551 αὖτῷ
2388 3476 2674 3549 ἡνωμένης
2711 3473 3008 3542 θεότητος·
3048 3468 3235 3540 ὥσπερ
3301 3464 3366 3535 δὴ
3416 3462 3510 3515 καὶ
3553 3462 3587 3531 ἡ
3629 3459 3783 3528 σὰρξ

2186 3576 2250 3632 οὑ
2287 3573 2554 3634 σύνοικος,
2587 3568 2661 3633 ὡς
2706 3568 2741 3640 η
2774 3565 2885 3620 τῶν
2926 3561 3223 3635 αἰρετικῶν
3256 3555 3456 3628 ἐναγὴς
3493 3553 3782 3607 πλανᾶται

2188 3666 2391 3735 οἴησις.
2433 3662 2510 3716 Οὑ
2568 3660 2678 3729 γὰρ
2735 3656 2801 3712 ἂν
2860 3653 3175 3727 μεδιμναῖον
3226 3649 3483 3716 λέγουσα,
3537 3643 3786 3714 χωρήσῃ

2187 3758 2529 3830 διμέδιμνον,
2568 3748 2901 3823 σωματικῶς
2938 3746 3006 3799 τὰ
3051 3743 3193 3798 ἄϋλα
3230 3739 3512 3810 κρίνουσα.
3542 3735 3671 3797 Πῶς
3714 3734 3791 3787 δὲ

2189 3823 2321 3913 Θεδς
2367 3823 2596 3907 τέλειος,
2636 3844 2731 3897 καὶ
2764 3841 3051 3910 ἄνθρωπος
3087 3834 3314 3897 τέλειος,
3356 3830 3452 3885 καὶ
3480 3823 3794 3896 ὁμοοὺσιος

2190 3945 2266 4013 τῷ
2302 3939 2479 4011 Πατρι
2503 3936 2600 3991 καὶ
2626 3936 2761 4006 ἡμῖν
2805 3934 2833 3986 6
2864 3927 3098 4001 Χριστὸς
3136 3922 3490 3997 λεχθήσεται,
3522 3919 3572 3972 si
3603 3915 3795 3989 μέρος

2190 4009 2290 4107 rip;
2315 4009 2466 4096 θείας
2496 4028 2713 4100 φύσεως
2756 4026 2914 4097 μέρει
2958 4022 3059 4091 τῆς
3109 4016 3462 4089 ἀνθρωπίνης
3511 4015 3571 4066 ὲν
3613 4009 3790 4081 αὐτῷ

2192 4102 2400 4201 ἥνωται
2448 4121 2701 4192 φύσεως;
2734 4117 2983 4186 Λέγομεν
3015 4112 3072 4165 δὲ
3124 4115 3225 4181 τὴν
3255 4108 3418 4178 φύσιν
3456 4103 3613 4176 ἡμῶν
3642 4102 3799 4170 ἐγη-

2192 4196 2388 4289 γέρθαι
2416 4217 2478 4268 ὲκ
2507 4214 2620 4266 τῶν
2647 4210 2882 4282 νεκρῶν,
2910 4207 3005 4262 καὶ
3037 4201 3430 4274 ἀνεληλυθέναι
3466 4196 3564 4252 καὶ
3599 4212 3799 4250 κεκα-

2194 4287 2405 4367 θικέναι
2429 4309 2495 4361 ὲκ
2523 4303 2715 4370 δεξιῶν
2738 4300 2830 4356 τοῦ
2870 4298 3106 4370 Πατρδς,
3133 4297 3192 4349 οὑ
3221 4292 3359 4348 καθδ
3387 4291 3556 4375 ⁸ιιᾶσαι
3578 4288 3634 4342 αἱ
3663 4287 3799 4341 τῶν

2194 4404 2497 4476 ἀνθρώπων
2534 4396 2863 4458 ὑποστάσεις
2893 4392 3220 4460 ἀνέστησαν,
3254 4387 3350 4441 καὶ
3404 4384 3672 4440 ἐκάθισαν
3712 4384 3801 4437 ὲκ

518 4505 643 4552 ctus
670 4493 840 4558 Deus,
859 4498 915 4543 et
935 4481 1097 4542 homo
1113 4480 1410 4554 perfectus,
1431 4488 1488 4534 et
1508 4475 1750 4548 ejusdem
1773 4490 1896 4531 cum
1928 4473 2082 4530 Patre

2194 4473 2385 4565 δεξιῶν
2412 4495 2505 4548 τοῦ
2537 4489 2768 4563 Πατρδς,
2818 4486 2954 4540 ἀλλὰ
2986 4482 3120 4541 καθὸ
3144 4482 3296 4536 πᾶσα
3327 4481 3362 4551 ἡ
3414 4478 3575 4565 quin;
3609 4474 3801 4545 ἡμῶν

522 4595 578 4642 et
603 4582 886 4640 nobiscum
917 4574 1194 4641 essentia,
1214 4573 1259 4628 si
1288 4581 1500 4644 partem
1526 4569 1726 4624 divina
1741 4576 1949 4623 natura:
1968 4578 2097 4622 eum

522 4685 675 4748 parte
701 4682 907 4729 naturae
929 4671 1185 4725 humanae
1203 4666 1261 4719 in
1280 4679 1340 4719 se
1361 4663 1482 4734 ipso
1496 4660 1815 4732 conjungati
1828 4659 2000 4714 Porro
2017 4658 2100 4713 di-

521 4772 699 4825 cimus
719 4772 972 4820 naturam
994 4767 1299 4826 nostrama
1329 4755 1569 4809 mortuis
1603 4750 1934 4814 surrcxisse,
1957 4758 2011 4802 et
2044 4749 2096 4803 in

526 4860 726 4915 coctum
747 4853 1082 4915 ascendisse,
1099 4858 1153 4903 et
1170 4847 1379 4904 sedisse
1395 4845 1463 4900 ad
1477 4844 1761 4900 dexteram
1779 4840 1976 4907 Patris,
1989 4854 2100 4895 non

523 4949 668 5022 quod
695 4961 889 5004 omnes
922 4940 1477 4999 omniumhominum
1531 4948 1782 5008 persona
1836 4945 2097 4989 surrexe-

523 5039 655 5100 rint,
695 5043 748 5090 et
779 5033 847 5088 ad
886 5033 1169 5088 dexteram
1223 5028 1401 5083 Patris
1428 5024 1805 5089 consederint,
1831 5024 1924 5079 sed
1949 5022 2094 5095 quod

524 5126 708 5181 omnis
734 5131 930 5178 natura
957 5129 1148 5176 nostra
1211 5119 1328 5176 haec
1361 5118 1416 5174 in
1477 5114 1685 5172 Christi
1738 5128 1976 5185 persona
2025 5116 2100 5169 sit

523 5226 846 5276 consecuta.
884 5214 1014 5281 Nos,
1045 5211 1225 5283 inquit
1274 5208 1494 5266 divinus
1541 5206 1854 5278 Apostolus,
1882 5220 2101 5259 cantur.

522 5328 643 5384 gere
677 5319 726 5365 et
759 5307 1032 5362 comedere
1075 5303 1197 5375 fecit
1226 5303 1280 5356 in
1316 5301 1527 5358 Christo
1558 5301 1601 5353 ⁸.
1653 5297 1924 5354 Ρτωιετοα
1953 5297 2095 5352 dici-

527 5418 651 5460 mus
674 5400 1121 5473 conjunctionem
1158 5397 1300 5451 hanc
1328 5408 1394 5449 ex
1424 5391 1807 5448 communibus
1839 5390 2095 5447 essentiis

521 5497 852 5555 contectam.
886 5492 1021 5546 Nam
1052 5491 1232 5546 omnis
1258 5487 1495 5543 essentia
1547 5497 1610 5541 ut
1649 5500 1947 5541 commune
2006 5493 2094 5540 at-

522 5606 629 5660 que
660 5588 975 5646 universum
998 5584 1257 5656 quiddam
1309 5594 1503 5637 omnes
1536 5579 1640 5636 sibi
1669 5579 1944 5653 subiectas
1970 5593 2096 5648 per-

600 5770 617 5803 ¹
647 5769 764 5835 Col.
794 5785 855 5831 tt,
890 5770 940 5823 9.
1019 5772 1038 5803 ¹
1069 5771 1268 5841 Ephes.
1310 5785 1373 5835 tt,
1411 5769 1466 5828 6.

2199 4594 2257 4646 ἐν
2290 4590 2358 4660 τῇ
2408 4587 2505 4642 τοῦ
2544 4580 2785 4655 Χριστοῦ
2818 4577 3137 4634 ὑποστάσει.
3200 4575 3340 4646 Φησὶ
3392 4570 3523 4642 γοῦν
3559 4569 3589 4624 6
3627 4569 3801 4635 θεῖος

2198 4655 2544 4740 Ἀπό-στολος,
2561 4670 2888 4739 Συνήγειρε
2899 4665 2998 4721 καί
3012 4663 3420 4721 συνεκάθισεν
3433 4656 3588 4728 ἡμᾶς
3603 4655 3678 4710 ἐν
3693 4656 3805 4723 τῷ

2199 4768 2451 4843 Χριστῷ.
2492 4766 2602 4820 Καὶ
2632 4762 2792 4817 τοῦτο
2821 4759 2879 4814 δέ
2911 4773 3113 4829 φαμεν,
3143 4756 3226 4810 ὅτι
3255 4755 3321 4807 ἐκ
3344 4750 3546 4807 κοινῶν
3571 4748 3805 4802 οὐσιῶν

2201 4838 2456 4937 ἠνένωσις
2477 4859 2698 4928 γέγονε.
2729 4853 2886 4907 Πᾶσα
2914 4850 3023 4921 γάρ
3060 4847 3217 4902 οὐσία
3247 4845 3404 4913 κοινή
3432 4844 3547 4896 ἐστι
3578 4838 3808 4895 πασῶν

2199 4957 2307 5011 τῶν
2336 4951 2429 5008 ὑπ’
2458 4950 2628 5018 αὑτῆς
2656 4941 3071 5018 περιεχομένων
3104 4937 3481 4996 ὑποστάσεων,
3530 4932 3627 4986 καὶ
3677 4930 3807 4986 οὑκ

2198 5047 2347 5100 ἔστιν
2398 5041 2585 5111 εὑρεῖν
2635 5036 2872 5109 μερικὴν
2920 5033 3016 5087 καὶ
3066 5029 3378 5095 ἰδιάζουσαν
3417 5024 3600 5093 φύσιν,
3653 5022 3806 5093 ἦτοι

2198 5137 2413 5192 οὐσίαν.
2476 5132 2630 5187 Ἐπεὶ
2681 5130 2898 5197 ἀνάγκη
2950 5124 3052 5187 τὰς
3096 5122 3268 5183 αὑτὰς
3311 5118 3636 5177 ὑποστάσεις
3683 5118 3806 5168 καὶ

2201 5226 2516 5300 όμοουσίους
2566 5226 2661 5277 καὶ
2692 5217 3064 5291 ἑτεροουσίους
3090 5213 3276 5281 λέγειν
3298 5227 3313 5244 ο
3365 5210 3459 5264 καὶ
3491 5206 3590 5277 τὴν
3612 5205 3807 5274 ἁγίαν

2200 5296 2408 5393 Ϋριάδα
2447 5317 2541 5372 καὶ
2585 5312 2899 5387 ὀμοοὺσιον,
2938 5309 3035 5364 καὶ
3085 5305 3430 5377 ἑτεροούσιον
3478 5297 3623 5354 κατὰ
3682 5296 3809 5367 τὴν

2204 5389 2434 5483 θεότητα
2482 5411 2683 5478 λέγειν.
2743 5400 2807 5458 Ἥ
2852 5402 2992 5472 αὑτὴ
3043 5401 3229 5454 τοῖνυν
3275 5395 3439 5467 φύσις
3474 5394 3531 5446 ὲν
3569 5389 3807 5463 ἑκάστῃ

2203 5507 2313 5560 τῶν
2354 5502 2709 5558 ὑποστάσεων
2740 5497 3050 5567 θεωρεῖται.
3103 5492 3212 5546 Καὶ
3255 5491 3343 5543 ὅτε
3392 5487 3638 5555 εἴπωμεν
3681 5480 3805 5551 τὴν

2206 5601 2369 5670 φύσιν
2391 5595 2483 5651 τοῦ
2507 5595 2683 5662 Λόγου
2712 5587 3122 5660 σεσαρκῶσθαι,
3158 5584 3295 5639 κατὰ
3315 5584 3442 5646 τοὺς
3475 5575 3805 5650 μακαρίους
