4126 6404
335 354 446 416 2H

1319 351 1694 431 muenia
1741 375 2197 441 DOGMATICA.
2247 411 2312 418 -—
2355 389 2501 445 'm:
2550 389 2680 450 vn.

3535 391 3644 451 Si?

3538 435 3642 452 .-ι-δ

336 459 672 519 Ἀθα’νάσιον
711 470 807 523 καὶ
827 471 1117 542 Κύριλλον,
1136 475 1234 547 τὴν
1252 476 1484 548 θεότητά
1499 497 1678 549 φαμεν
1697 481 1933 550 ἡνῶσθαι

2048 495 2634 564 scnascomplectitur.
2671 496 2785 552 Nec
2822 497 2952 554 licet
3004 507 3253 554 naturam
3276 499 3410 555 'sire
3446 515 3636 554 esseu—

327 559 518 625 σαρκί.
538 559 631 612 Διὸ
650 562 712 614 οὐ
729 562 1007 633 δυνάμεθα
1027 566 1223 630 είπεῖν,
1242 565 1306 621 Ἦ
1323 570 1481 637 φύσις
1504 570 1597 624 τοῦ
1619 572 1792 640 Λόγου
1817 572 1950 635 ἐπα,

327 648 423 700 θεν
449 666 462 679 ·
498 651 561 704 οὐ
604 654 716 724 γὰρ
751 655 952 708 ἔπαθεν
978 660 1011 726 ἡ
1058 657 1250 729 θεότης
1285 664 1341 714 ὲν
1370 661 1538 732 αὐτῷ.
1566 665 1835 732 Λέγοντες
1879 667 1942 718 δὲ’

326 739 432 810 τὴν
467 740 826 817 ἀνθρωπίνην
853 747 1016 816 φύσιν
1042 752 1372 804 πεπονθέναι
1406 755 1463 804 ὲν
1487 755 1564 824 τῷ
1600 757 1844 828 Χριστῷ,
1873 747 1932 810 οὗ

330 835 516 896 nica;
561 835 661 900 τὰς
695 838 806 890 τῶν
841 839 1150 912 ἀνθρώπων
1183 843 1514 909 ὑποστάσεις
1549 847 1930 919 ὲμφαίνομεν,

331 925 475 978 ἀλλὰ
513 931 588 997 τῇ
626 928 956 1004 ἀνθρωπίνῃ
995 933 1158 1002 φύσει
1196 936 1570 1007 ὁμολογοῦμεν
1604 941 1938 996 πεπονθέναι

333 1018 426 1071 τὸν
456 1021 720 1089 Χριστόν.
753 1024 917 1078 Ὥστε
947 1026 1112 1097 φύσιν
1141 1028 1235 1081 τοῦ
1267 1031 1445 1098 Λόγου
1477 1031 1735 1099 λέγοντες
1769 1035 1936 1088 αὑτὸν

342 1115 429 1166 τὸν
468 1115 651 1183 Λόγον
687 1123 1054 1191 σημαίνομεν.
1107 1125 1168 1177 '0
1202 1125 1258 1178 δὲ
1293 1127 1468 1194 Λόγος
1508 1130 1600 1182 καὶ
1639 1131 1700 1183 τὸ
1749 1131 1932 1184 κοινὸν

344 1207 438 1271 τῆς
498 1207 693 1271 οὐσίας
751 1211 1052 1284 κέκτηται,
1107 1217 1206 1271 καὶ
1266 1217 1325 1271 τὸ
1388 1217 1588 1285 ἰδιάζον
1638 1221 1738 1292 τῆς
1799 1223 1932 1276 ὑπο-

341 1312 618 1361 στασεως,

2064 582 2192 637 tiam
2237 585 2399 640 ullam
2429 588 2783 660 singularem,
2829 591 3205 661 privatamque
3259 591 3520 660 reperire.
3551 591 3642 645 Sic

2057 675 2211 753 enim
2239 687 2385 733 esset
2414 681 2808 746 necessarium,
2865 697 3140 752 personas
3193 685 3338 753 ipsas
3389 683 3644 737 essentia:

2051 767 2375 836 etejusdem
2428 785 2572 837 esse,
2641 781 2696 827 et
2725 773 2975 828 diversae.
3016 775 3081 828 Et
3123 782 3368 828 sanctam
3401 772 3642 828 Trinita-

2051 867 2158 912 tem
2191 861 2438 926 ejusdem
2471 878 2615 927 esse,
2653 865 2996 936 dtverszeque
3047 867 3301 922 cssentiaa
3374 875 3640 937 quantum

2053 953 2294 1018 pertinet
2323 956 2389 1006 ad
2454 953 2821 1009 divinitatem.
2855 957 3060 1011 Eadem
3095 957 3262 1028 igitur
3322 968 3518 1012 natura
3589 957 3642 1010 in

2054 1040 2286 1112 singulis
2311 1043 2560 1113 personis
2587 1046 2992 1103 consideratur.
3027 1049 3090 1102 Et
3125 1051 3347 1119 quando
3380 1050 3642 1112 dicimus,

2050 1129 2210 1186 Verbi
2258 1143 2513 1190 naturam
2571 1152 2794 1194 carnem
2847 1141 3240 1210 assumpsisse,
3295 1141 3639 1196 divinitatem

2046 1236 2108 1278 ex
2142 1223 2426 1279 beatorum
2458 1225 2767 1293 Athanasii,
2831 1229 3129 1301 Cyrillique
3186 1231 3460 1287 sententia
3488 1231 3640 1286 carni

2039 1328 2164 1368 esse
2189 1315 2541 1385 coniunctam
2570 1319 2924 1377 aﬂirmamus.
2951 1321 3323 1388 Quamobrem
3359 1339 3469 1378 non
3511 1337 3638 1392 pos-

335 1407 534 1448 sumus
599 1395 790 1452 dicere
819 1395 984 1455 Verbi
1047 1411 1296 1460 naturam
1328 1420 1450 1461 esse
1499 1421 1739 1476 passam,
1806 1425 1986 1479 neque
2049 1411 2197 1464 enim
2237 1410 2494 1467 divinitas
2541 1414 2594 1467 iu
2650 1415 2768 1485 ipso
2821 1431 2980 1486 passa
3003 1427 3110 1472 est.
3157 1419 3412 1475 Dicentes
3461 1429 3642 1473 autem

336 1497 602 1540 naturam
642 1489 938 1546 humanam
979 1491 1150 1549 fuisse
1207 1513 1422 1568 passam
1477 1500 1534 1556 in
1592 1501 1833 1567 Christo,
1877 1518 1985 1558 non
2051 1519 2243 1562 omnes
2297 1509 2584 1566 hominum
2649 1527 2914 1586 personas
2973 1515 3369 1588 signiﬁcamus,
3433 1513 3528 1568 sed
3589 1511 3642 1566 in

338 1587 540 1633 natura
573 1579 816 1634 humana
871 1582 1150 1639 Christum
1205 1603 1328 1642 esse
1361 1606 1582 1660 passum
1623 1594 1971 1648 conﬁtemur.
2003 1595 2185 1661 Quare
2215 1618 2339 1657 cum
2373 1601 2536 1657 Verbi
2571 1614 2827 1659 naturam
2878 1605 3136 1671 dicimus,
3192 1605 3368 1676 ipsum
3402 1603 3641 1660 Verbum

340 1669 683 1725 indic-amns.
748 1669 988 1728 Verbum
1057 1685 1245 1732 autem
1276 1690 1332 1735 et
1391 1685 1646 1738 essentia:
1685 1685 2148 1754 conmmuitatem
2193 1693 2427 1763 obtinet,
2461 1706 2518 1751 et
2572 1710 2818 1766 personae
2853 1699 3273 1771 proprietatem.

720 1786 834 1862 Τοῦ
872 1789 1064 1862 autat")
1085 1793 1431 1862 Κεφάλαιον
1459 1805 1559 1851 oa'.

338 1855 480 1922 Περὶ
523 1855 639 1923 τῆς
671 1858 818 1927 μιᾶς
858 1859 961 1914 τοῦ
1005 1855 1394 1984 Θεὲὗ⁷Λόγου
1431 1871 1736 1936 συνθετρυ
1787 1871 1933 1925 ὐπο-

989 1947 1064 1984 στ
1111 1948 1287 1999 σεως.

406 2016 724 2087 Τοιγαροῦν
753 2019 1133 2091 ὁμολογοῦμεν
1171 2024 1335 2079 αὐτὸν
1371 2027 1468 2082 ἕνα
1501 2029 1632 2086 Υίὸν
1664 2009 1802 2088 Θεοῦ
1836 2037 1934 2090 κοιλ⁵

339 2111 481 2174 μετὰ
508 2109 614 2178 τὴν
641 2111 1083 2185 ὲνανθρώπησιν,
1118 2117 1212 2170 καὶ
1241 2118 1372 2174 Υίὸν
1399 2121 1693 2193 ἀνθρώπου
1725 2129 1817 2181 τὸν
1840 2129 1935 2182 αὖ·

333 2203 464 2252 τὸν
518 2203 620 2254 ἕνα
661 2205 918 2274 Χριστὸν,
964 2207 1061 2262 ἕνα
1103 2209 1332 2282 Κύριον,
1367 2214 1458 2267 τὸν
1508 2220 1773 2290 μονογενῆ
1806 2221 1936 2276 Υἱὸν

337 2299 428 2343 an!
461 2295 641 2362 Λόγον
673 2297 770 2349 τοῦ
803 2297 962 2364 Θεοῦ,
1010 2301 1216 2371 Ἰησοῦν
1255 2305 1344 2360 τὸν
1373 2308 1583 2380 Κύριον
1615 2313 1806 2385 ἡμῶν,
1843 2315 1937 2370 δύο

337 2385 506 2436 αὑτοῦ
545 2385 647 2448 τὰς
683 2388 970 2454 γεννήσεις
1004 2391 1278 2461 σέϐοντες,
1312 2397 1442 2467 μίαν
1471 2401 1574 2471 μὲν
1599 2405 1700 2475 τὴν
1730 2406 1794 2458 ἐκ
1822 2407 1938 2460 Πα-

334 2480 466 2546 τρὸς
507 2479 850 2548 προαιώνιον
883 2483 1025 2554 ὑπὲρ
1054 2487 1237 2540 αἰτίαν
1269 2491 1362 2544 καὶ
1397 2491 1554 2562 λόγον
1613 2497 1706 2550 καὶ
1747 2500 1938 2569 χρόνον

337 2573 436 2622 καὶ
468 2571 639 2639 φύσιν
665 2588 679 2602 ·
715 2574 814 2626 καὶ
847 2576 977 2642 μίαν
1003 2576 1102 2645 τὴν
1133 2578 1222 2632 ἐπ’
1249 2582 1501 2651 ἐσχάτων
1531 2585 1597 2638 δι’
1622 2588 1806 2657 ἡμᾶς,
1843 2589 1938 2644 καὶ

333 2661 463 2714 καθ’
500 2663 679 2732 ἡμᾶς,
720 2665 814 2715 καὶ
858 2666 1000 2738 ὑπὲρ
1042 2670 1215 2737 ἡμᾶς.
1248 2672 1325 2726 Δι’
1367 2677 1540 2744 ἡμᾶς,
1586 2678 1669 2731 ὅτι
1711 2680 1800 2733 διὰ
1839 2681 1940 2753 τὴν

332 2753 625 2824 ἡμετέραν
655 2757 939 2826 σωτηρ⁹αν
961 2775 976 2791 ·
1007 2761 1130 2814 καθ’
1159 2764 1327 2834 ἡμᾶς,
1354 2767 1435 2821 ὅτι
1468 2769 1696 2837 γέγονεν
1726 2772 1938 2845 ἄνθρω-

335 2859 435 2904 πος
473 2845 541 2934 εκ
575 2847 879 2910 γυναικὸς,
923 2849 1016 2902 καὶ
1046 2851 1224 2922 χρόνῳ
1257 2855 1544 2926 κυήσεωςο
1579 2860 1720 2931 ὑπὲρ
1746 2864 1932 2934 ἡμᾶς,

335 2930 414 2981 ὅτι
437 2929 544 2982 οὐκ
566 2932 636 2982 ἐκ
663 2935 897 3001 σπορᾶς,
925 2936 1044 2989 ἀλλ’
1074 2938 1132 3002 ἐξ
1162 2941 1317 3008 ἁγίου
1349 2945 1669 3017 Πνεῦματος
1690 2929 1698 2931 ἡ
1723 2929 1817 3006 κᾶι
1843 2929 1941 3025 τῆς

336 3022 501 3088 ἁγίας
531 3023 827 3093 Παρθένου
857 3027 998 3099 ὑπὲρ
1026 3029 1192 3098 νόμον
1220 3034 1500 3104 κυήσεωςο
1528 3041 1588 3093 οὐ
1613 3042 1746 3096 Θεὸν
1775 3022 1939 3100 αὐτὸν

1958 1779 2016 1838 Β

2537 1808 2810 1883 Ejusdem.
2840 1811 2973 1883 Cap.
3022 1812 3115 1866 Ἠ.

2182 1873 2258 1928 De
2314 1893 2420 1930 una
2490 1873 2589 1931 Dei
2653 1880 2808 1935 Verbi.
2864 1873 3154 1952 composita
3215 1901 3464 1952 persona.

2113 2027 2378 2083 Eumdem
2444 2030 2608 2100 igitur
2659 2033 2823 2088 etiam
2885 2046 3006 2104 post
3059 2035 3356 2089 humanam
3408 2051 3634 2090 carnem

2041 2133 2378 2190 assumptum
2431 2139 2598 2176 unum
2634 2125 2828 2179 Filium
2879 2127 2998 2191 ῡιοί,
3033 2135 3089 2181 et
3119 2127 3316 2180 Filium
3359 2129 3630 2187 hominis.

2041 2229 2210 2265 unum
2281 2213 2584 2280 Christum,
2654 2233 2822 2271 unum
2893 2218 3206 2286 Dominum,
3283 2221 3629 2288 unigenitum

2043 2304 2271 2372 Filium,
2305 2317 2359 2362 ct
2397 2309 2632 2362 Verbum
2674 2310 2786 2374 Dei,
2823 2310 3008 2366 Jcsum
3054 2313 3345 2367 Dominum
3379 2324 3632 2367 nostrum

2039 2397 2385 2459 conﬁtemur,
2431 2399 2569 2453 duos
2621 2401 2795 2467 ipsius
2852 2412 3006 2456 ortus
3057 2412 3406 2469 venerantes,
3464 2422 3633 2458 lllllllil

2040 2486 2261 2556 quidem
2297 2503 2360 2542 ex
2395 2487 2555 2544 Patre
2584 2499 2711 2545 ante
2735 2493 2931 2545 saecula
2979 2491 3124 2546 omni
3155 2508 3318 2546 causa
3345 2502 3399 2546 ct
3426 2491 3638 2546 νειιίοιιο

2042 2588 2154 2633 tum
2192 2580 2474 2651 temporis,
2529 2591 2642 2635 tum
2695 2593 2902 2637 natura:
2965 2585 3332 2653 superiorem,
3396 2586 3630 2638 alterum

2044 2680 2228 2725 autem
2281 2671 2336 2726 in
2370 2673 2686 2730 novissimis
2737 2678 3076 2746 temporibus
3126 2686 3352 2748 propter
3405 2695 3529 2736 nos.
3583 2688 3635 2733 ct

2043 2779 2108 2815 ex
2145 2763 2324 2827 nobis,
2363 2773 2418 2819 et
2450 2781 2612 2835 supra
2650 2782 2771 2823 nos.
2819 2768 3050 2840 Propter
3084 2786 3204 2835 nos,
3239 2769 3364 2840 quia
3413 2781 3636 2839 promer

2042 2853 2272 2908 salutem
2302 2867 2545 2911 nostram
2573 2877 2587 2920 ;
2624 2875 2690 2914 ex
2722 2861 2902 2924 nobis,
2937 2863 3066 2932 quia
3097 2879 3164 2918 ex
3195 2864 3424 2918 muliere
3472 2874 3634 2918 natus

2043 2953 2128 2998 est
2185 2947 2352 3002 homo
2405 2947 2650 3020 legitimo
2699 2963 2893 3022 partus
2947 2961 3230 3026 tempore;
3285 2971 3453 3025 supra
3510 2971 3632 3020 nos,

2042 3040 2169 3105 quia
2225 3038 2346 3094 sine
2399 3041 2634 3106 semine,
2681 3057 2749 3098 ex
2806 3043 3013 3113 Spiritu
3070 3057 3284 3109 sancto,
3336 3059 3392 3103 et
3441 3059 3635 3103 saneta

344 3112 499 3180 μόνον
531 3114 916 3208 κηρνύττοντες
950 3121 1158 3190 γυμνὸν
1185 3125 1285 3195 τῆς
1318 3129 1442 3181 καθ’
1469 3133 1618 3202 ἡμᾶς
1642 3135 1933 3208 ἀνθρωπό-

2042 3127 2287 3200 Virgine,
2335 3147 2500 3202 supra
2554 3134 2800 3204 pariendi
2845 3137 3044 3208 legem.
3088 3137 3202 3195 Nec
3242 3139 3410 3195 Deum
3452 3141 3631 3195 solum

338 3219 515 3272 τητος,
545 3207 676 3258 οὐδὲ
713 3208 821 3278 μὴν
841 3208 1134 3280 ἄνθρωπον
1160 3216 1322 3284 μόνον
1342 3218 1627 3288 ψιλοῦντες
1655 3207 1817 3281 αὐτὸν
1837 3234 1936 3302 τῆς

335 3297 618 3367 θεότητος,
665 3300 772 3353 οὐκ
820 3302 980 3358 ἄλλον
1047 3308 1142 3360 καὶ
1181 3308 1362 3374 ἄλλον,
1405 3313 1522 3371 ἀλλ’
1565 3317 1661 3372 ἕνα
1701 3323 1796 3374 καὶ
1844 3297 1936 3378 τὸν

332 3391 501 3443 αὐτὸν
531 3392 675 3460 ὁμοῦ
701 3392 842 3446 Θεόν
864 3412 924 3448 τε
956 3398 1052 3450 καὶ
1074 3398 1366 3470 ἄνθρωπον
1386 3421 1400 3437 ο
1427 3405 1559 3460 Θεὸν
1583 3411 1810 3481 τέλειον,
1839 3419 1935 3471 καὶ

331 3477 628 3552 ᾶνθρωτξον
661 3485 875 3539 τέλειον
903 3505 920 3518 ο
962 3487 1086 3543 ὅλον
1117 3490 1285 3557 Θεὸν,
1317 3496 1410 3548 καὶ
1446 3497 1569 3553 ὅλον
1597 3477 1888 3574 ἄνθρωπον
1916 3524 1930 3538 ο

337 3571 431 3624 διὰ
467 3573 566 3624 τοῦ
598 3575 800 3642 εἰπεῖν,
833 3576 1042 3633 τέλειον
1071 3580 1205 3636 Θεὸν
1251 3591 1344 3638 καὶ
1374 3589 1584 3643 τέλειον
1620 3571 1930 3666 ἄνθρωπον,

349 3661 652 3755 τὸᾼπὶήρες
717 3669 813 3740 καὶ
867 3669 1154 3736 ἀνελλιπὲς
1195 3675 1484 3744 δηλοῦντες
1531 3683 1640 3735 τῶν
1683 3661 1931 3755 φῦσεωνλ

354 3751 448 3805 διὰ
479 3754 536 3807 δὲ
566 3756 652 3810 τοῦ
679 3761 879 3826 εἰπεῖν,
911 3763 1033 3816 ὅλον
1056 3763 1190 3820 Θεὸν
1239 3769 1332 3823 καὶ
1362 3770 1484 3824 ὅλον
1516 3751 1830 3847 ἀνθρώπιον,
1873 3779 1934 3834 τὸ

348 3845 642 3913 μοναδικὸν
675 3851 990 3918 δεικνύντες
1022 3855 1122 3925 τῆς
1157 3858 1536 3927 ὑποστάσεως.
1573 3845 1683 3921 καὶ
1716 3869 1845 3941 μίαν
1876 3871 1933 3925 δὲ

338 3941 505 4009 φύσιν
544 3942 640 3996 τοῦ
668 3945 807 3998 Θεοῦ
837 3947 1014 4024 Λόγοῆυ
1055 3958 1486 4027 σεσαρκωμὲνην
1517 3959 1892 4033 ὁμολογοῦμεν
1916 4006 1931 4032 ,

332 4035 426 4088 διὰ
486 4036 586 4090 τοῦ
652 4044 1090 4117 σεσαρκωμένην
1148 4045 1248 4117 τὴν
1308 4049 1410 4120 τῆς
1477 4053 1680 4124 σαρκός
1746 4057 1933 4119 οὐσίας

331 4131 728 4200 σημαίνοντες,
767 4137 907 4190 κατά
932 4136 1026 4190 τὸν
1067 4141 1343 4214 μακάριον
1374 4144 1667 4214 Κύριλλον.
1707 4147 1813 4201 Καὶ
1845 4167 1934 4202 σε·

331 4225 626 4292 σάρκωται
650 4228 837 4281 τοίνυν
862 4231 890 4282 ό
919 4229 1121 4298 Λόγος,
1156 4236 1250 4286 καὶ
1278 4236 1375 4304 τῆς
1398 4237 1606 4301 οἰκείας
1636 4239 1933 4310 ἀῦλότητος

2042 3221 2220 3290 ipsum
2263 3225 2627 3292 praedicamus
2651 3242 2678 3280 a
2704 3238 2889 3282 nostra
2919 3229 3228 3298 seiunctum
3262 3233 3636 3295 humanitate,

2037 3327 2142 3366 nec
2182 3314 2360 3370 solum
2417 3313 2714 3371 hominem'
2755 3329 3024 3373 remotum
3071 3337 3100 3374 a
3150 3321 3476 3387 divinitate,
3525 3337 3630 3376 nec

2039 3405 2204 3459 alium
2244 3415 2409 3476 atque
2449 3407 2643 3473 alium,
2674 3409 2769 3464 sed
2819 3427 2986 3466 unum
3043 3423 3100 3468 et
3135 3414 3413 3478 eumdem,
3466 3415 3632 3472 simul

2041 3497 2209 3554 Deum
2242 3512 2404 3570 atque
2432 3501 2731 3570 hominem,
2763 3503 2931 3560 Deum
2982 3506 3286 3576 perfectum
3344 3517 3400 3563 et
3444 3509 3628 3579 perfe-

2038 3599 2188 3645 ctum
2231 3591 2532 3658 hominem,
2566 3601 2738 3648 totum
2789 3595 2956 3650 Deum
2992 3609 3043 3651 et
3091 3606 3264 3653 totum
3319 3601 3622 3666 hominem,

2037 3683 2294 3737 eumdem
2347 3692 2521 3738 totum
2577 3685 2749 3740 Deum
2802 3688 2967 3741 etiam
3022 3704 3146 3742 cum
3196 3705 3364 3744 carne
3413 3707 3533 3758 sua,
3573 3705 3628 3748 et

2045 3779 2221 3826 totum
2258 3772 2541 3828 hominem
2572 3775 2738 3829 etiam
2789 3791 2912 3831 cum
2965 3793 3180 3834 summa
3225 3781 3530 3849 divinitate,
3568 3796 3628 3839 ut

2037 3863 2306 3931 dicentes,
2341 3863 2643 3933 perfectum
2691 3866 2861 3922 Deum
2897 3881 2951 3925 et
2979 3873 3279 3941 perfectum
3318 3874 3624 3945 hominem,

2035 3957 2340 4013 absolutam
2380 3965 2436 4012 et
2458 3959 2605 4014 nulla
2635 3976 2692 4015 re
2713 3959 3060 4018 deﬁcientem
3088 3974 3409 4021 naturarum
3444 3971 3620 4048 pleni:

2038 4049 2284 4104 tudinem
2310 4050 2691 4116 ostendamus,
2727 4052 2973 4108 dicentes
3001 4064 3204 4122 autem,
3236 4066 3408 4113 totum
3448 4061 3618 4117 Deum

2035 4144 2091 4194 et
2118 4149 2286 4195 totum
2317 4139 2619 4206 hominem,
2642 4140 2859 4196 unicam
2887 4151 2941 4197 et
2965 4144 3295 4216 singularem
3330 4165 3620 4220 personam

2036 4230 2406 4287 declaremus.
2435 4231 2612 4287 Unam
2645 4233 2773 4288 item
2799 4233 2891 4289 Dei
2923 4232 3088 4292 Verbi
3118 4249 3365 4294 naturam
3398 4257 3620 4298 carnem

328 4317 431 4369 οὐκ
460 4318 756 4390 ὲξέστηκε.
789 4320 896 4376 Καὶ
942 4322 1063 4387 ὅλος
1120 4327 1505 4396 σεσάρκωται,
1563 4332 1658 4383 καὶ
1712 4333 1834 4397 ὅλος
1864 4330 1932 4406 ἦν

2039 4324 2401 4392 assumpsisse
2454 4324 2804 4391 conﬁtemur,
2857 4326 2906 4380 id
2940 4335 3046 4396 est,
3080 4331 3259 4384 carnis
3296 4335 3618 4402 essentiam,

327 4408 784 4480 ἀπερίγραπτος.
815 4413 1184 4486 Σμικρύνεται
1236 4420 1566 4490 σωματικῶς
1593 4423 1686 4475 καὶ
1717 4426 1933 4480 συστελ-

2039 4424 2096 4469 ut
2115 4415 2310 4470 beatus
2334 4415 2566 4486 Cyrillus
2591 4416 2861 4489 intelligit.
2904 4418 3136 4475 Carnem
3185 4421 3351 4491 igitur
3379 4425 3616 4485 Verbum

329 4497 507 4554 λεται.
549 4501 664 4554 Καὶ
690 4499 888 4567 θεῖκῶς
916 4506 1066 4558 ἐστιν
1097 4507 1546 4580 ἀπερίγραπτος,
1594 4515 1656 4566 οὐ
1713 4532 1933 4586 συμπα-

2039 4504 2350 4574 assumpsit,
2377 4508 2478 4560 nec
2508 4517 2690 4562 tamen
2725 4523 2755 4561 a
2781 4517 2974 4564 natura
3001 4527 3098 4564 sua
3123 4521 3349 4569 recessit
3378 4513 3621 4573 materiae

331 4593 769 4665 ρεκτεινομένης
815 4597 914 4667 τῆς
962 4599 1169 4668 σαρκὸς
1204 4601 1380 4670 αὐτοῦ
1418 4604 1483 4675 τῇ
1530 4606 1932 4680 ἀπεριγράπτορ
1975 4617 1980 4622 ‘

331 4683 582 4755 θεότητι.
623 4686 787 4750 Ὀλος
832 4690 930 4758 μὲν
960 4687 1056 4745 οὖν
1085 4693 1202 4746 ὲστι
1236 4694 1373 4757 Θεὸς
1401 4697 1605 4760 τέλειος
1631 4739 1642 4758 .
1678 4700 1776 4769 οὐχ
1808 4701 1931 4755 ὅλον

327 4777 386 4832 δι
438 4778 582 4841 Θεός
608 4794 624 4812 ⁸
659 4781 722 4834 οὐ
753 4781 864 4853 γὰρ
905 4783 1067 4853 μόνον
1095 4783 1252 4851 Θεὸς,
1290 4785 1430 4840 ἀλλὰ
1476 4788 1571 4841 καὶ
1619 4789 1927 4862 ἄνθρωπος.

327 4870 446 4922 Καὶ
485 4871 612 4935 ὅλος
644 4873 934 4942 ἄνθρωπος
967 4875 1174 4938 τέλειος
1195 4917 1209 4939 ,
1244 4876 1346 4946 οὐχ
1381 4878 1500 4931 ὅλον
1532 4879 1588 4933 δὲ
1615 4880 1926 4950 ἅνθρωπος.

329 4961 411 5016 οὗ
445 4965 614 5033 μόνον
635 4965 744 5035 γὰρ
775 4965 1085 5038 ἄνθρωπος,
1115 4967 1252 5022 ἀλλὰ
1277 4972 1372 5023 καὶ
1399 4970 1550 5034 Θεός.
1585 4958 1657 5026 Te
1689 4975 1790 5042 μὲν
1815 4975 1926 5047 γὰρ

325 5055 460 5109 ὅλον
491 5055 712 5124 φύσεώς
738 5060 858 5111 ἐστι
893 5061 1326 5128 παραστατικὸν,
1359 5061 1421 5114 τὸ
1448 5061 1502 5115 δὲ
1531 5063 1652 5128 ὅλος
1681 5064 1927 5119 ὑποστά-

329 5163 476 5210 σεως
504 5162 520 5177 ⁸
555 5145 750 5218 ὥσπερ
775 5149 836 5201 τὸ
863 5148 964 5219 μὲν
994 5149 1125 5204 ἄλλο
1152 5149 1390 5220 φύσεως,
1418 5151 1480 5205 τὸ
1510 5153 1565 5206 δὲ
1596 5155 1756 5218 ἄλλος
1787 5156 1921 5210 ὐποο

327 5238 605 5300 στάσεως.
649 5239 743 5292 Ἐν
770 5242 906 5293 πᾶσι
940 5239 1041 5309 μὲν
1064 5237 1131 5308 ἦν
1151 5281 1165 5305 ,
1197 5243 1291 5294 καὶ
1326 5243 1466 5314 ὑπὲρ
1496 5245 1562 5298 τὰ
1599 5248 1796 5310 πάντα,
1828 5249 1924 5302 καὶ

325 5335 386 5386 ἐν
430 5337 497 5406 τῇ
528 5336 736 5404 γαστρὶ
774 5336 876 5406 τῆς
905 5335 1255 5406 Θεομήτορος
1280 5375 1295 5398 ,
1323 5334 1442 5388 ἀλλ’
1473 5337 1531 5388 ὲν
1561 5336 1732 5409 ταύτῃ
1773 5340 1926 5408 ἐνερ-

326 5422 456 5492 γείᾳ
486 5423 853 5492 σαρκώσεως.
891 5424 1088 5475 ’ἰστέον
1113 5424 1169 5476 δὲ
1196 5423 1293 5487 ὡς,
1321 5424 1370 5476 εί
1396 5424 1494 5478 καὶ
1517 5430 1847 5496 περιχωρεῖν
1867 5430 1923 5482 ὲν

326 5511 599 5585 ἀλλήλαις
622 5515 722 5580 τὰς
748 5514 848 5569 τοῦ
875 5515 1080 5586 Κυρίου
1109 5517 1302 5586 φύσεις
1329 5517 1529 5587 φαμὲν,
1562 5519 1681 5572 ἀλλ’
1701 5521 1923 5584 οἴδαμεν

325 5604 404 5667 ὡς
455 5606 523 5660 ἐκ
567 5605 673 5676 τῆς
716 5606 874 5668 θείας
921 5607 1134 5675 φύσεως
1179 5609 1214 5679 ἡ
1266 5609 1642 5683 περιχώρησις
1689 5612 1920 5680 γίνεται.

327 5698 476 5769 Αὕτη
509 5700 616 5771 μὲν
660 5699 772 5770 γὰρ
797 5698 894 5752 διὰ
921 5700 1140 5754 πάντων
1169 5700 1346 5769 διήκει
1368 5741 1380 5762 ,
1414 5702 1600 5766 καθὼς
1631 5703 1918 5773 βούλεται,

329 5791 422 5841 καὶ
445 5792 774 5856 περιχωρεῖ,
808 5787 881 5840 δι’
908 5787 1076 5854 αὐτῆς
1101 5788 1156 5841 δὲ
1181 5788 1352 5842 οὐδέν.
1380 5791 1496 5844 Καὶ
1523 5790 1664 5856 αῦτη
1684 5792 1788 5855 μὲν
1816 5793 1924 5849 τῶν

2035 4605 2283 4666 experte.
2313 4597 2379 4652 Et
2407 4612 2532 4652 cum
2563 4606 2733 4652 totam
2767 4615 2988 4654 carnem
3025 4606 3405 4673 assumpserit,
3441 4617 3615 4662 totum

2035 4697 2218 4746 tamen
2271 4692 2426 4748 nullo
2488 4692 2726 4748 termino
2797 4693 3291 4752 circumscribitur.
3369 4699 3614 4772 Corpore

2032 4781 2299 4837 minuitur
2366 4791 2534 4853 atque
2603 4783 2983 4850 contrahitur,
3045 4793 3103 4840 et
3155 4787 3442 4845 divinitate
3502 4808 3654 4848 non-

2029 4874 2550 4931 circumscribitur:
2587 4890 2712 4930 cum
2753 4877 2872 4947 ejus
2915 4893 3046 4934 caro
3091 4895 3256 4949 super
3302 4883 3613 4952 divinitate,

2029 4981 2152 5037 qua;
2193 4967 2568 5022 circumscribi
2627 4983 2730 5022 non
2797 4979 3000 5039 potest,
3063 4987 3174 5027 non
3252 4979 3608 5037 extendatur.

2030 5055 2204 5113 Totus
2251 5072 2382 5128 ergo
2414 5057 2694 5129 perfectus
2725 5069 2808 5114 est
2845 5060 3009 5129 Deus,
3040 5078 3147 5117 non
3199 5075 3372 5122 totum
3427 5084 3610 5126 autem

2029 5148 2214 5214 Deus;
2247 5163 2424 5219 neque
2475 5151 2622 5205 enim
2671 5151 2848 5206 solum
2899 5153 3062 5223 Deus,
3093 5157 3187 5211 sed
3221 5161 3386 5214 etiam
3424 5159 3610 5221 homo.

2030 5243 2099 5298 Et
2123 5252 2269 5297 totus
2303 5240 2469 5297 homo
2500 5242 2797 5313 perfectus,
2831 5261 2942 5302 non
2971 5259 3152 5304 autem
3189 5251 3364 5306 tetum‘
3403 5255 3606 5317 homo;

2029 5351 2208 5406 neque
2248 5338 2395 5390 enim
2446 5335 2622 5390 solum
2670 5335 2856 5404 homo,
2905 5354 3096 5394 verum
3133 5343 3300 5397 etiam
3342 5345 3503 5398 Dens.
3541 5344 3606 5398 Ut

2027 5435 2201 5481 totum
2267 5426 2487 5496 quidem
2541 5437 2791 5482 naturam
2845 5431 3161 5492 constituat,
3213 5441 3358 5485 totus
3417 5440 3600 5485 autem

2027 5533 2352 5588 personam,
2387 5517 2631 5588 itemque
2673 5528 2882 5574 naturae
2931 5522 3000 5574 sit
3031 5522 3198 5581 aliud,~
3236 5522 3374 5574 alius
3417 5531 3599 5575 autem

2025 5625 2293 5680 per-some.
2341 5609 2400 5664 In
2431 5611 2690 5666 omnibus
2723 5619 2863 5674 erat,
2896 5621 2960 5666 et
2993 5627 3158 5680 super
3205 5611 3388 5664 omnia
3432 5612 3596 5668 etiam

2027 5701 2081 5755 in
2146 5707 2302 5756 utero
2365 5700 2564 5756 divina:
2626 5701 2944 5764 Genitricis,
3010 5701 3062 5754 in
3131 5700 3234 5753 hoc
3298 5710 3478 5755 tamen
3534 5717 3598 5755 ea

2037 5793 2382 5858 potissimum
2421 5793 2658 5857 actione,
2693 5805 2798 5861 qua
2857 5806 3076 5846 carnem
3130 5791 3410 5848 induebat.
3460 5793 3603 5845 illud
