4126 6410
484 358 591 422 247

1723 358 2113 420 EUTHYMU
2153 357 2512 419 ZIGABENI

3626 343 3739 407 2&8

487 464 649 518 modo
680 461 1127 531 cTrcumscriptus
1184 462 1470 518 eﬂiciebat.
1534 463 1733 517 Factus
1758 472 1941 518 autem
1983 471 2067 517 est

2172 482 2271 534 ραν
2322 465 2615 535 σωτηρίαν,
2666 460 2762 516 καὶ
2814 463 2894 515 ὅτι
2947 460 3011 513 ὲκ
3055 456 3332 527 γυναικὸς,
3382 452 3476 507 καὶ
3531 454 3614 508 ότι
3669 457 3741 506 ὲκ

485 555 651 607 homo
672 564 895 622 propter
936 568 1056 614 nos.
1087 563 1140 608 et
1166 568 1228 608 ex
1271 557 1448 618 nobis,
1488 566 1544 611 et
1572 571 1735 625 supra
1768 571 1888 618 nos,
1928 572 2062 627 quo«

487 644 633 697 niam
667 653 723 698 et
744 659 841 713 pro
867 642 1041 697 salute
1089 654 1294 711 nostra,
1362 657 1416 700 et
1457 663 1522 701 ex
1581 648 1833 714 muliere,
1888 661 1940 703 et
1994 666 2059 703 ex

488 735 717 806 virgine.

558 829 675 884 Jam
713 840 846 884 ante
873 828 1060 884 mundi
1118 831 1571 884 constitutionem
1608 838 1667 884 ut
1706 830 1848 885 Deus
1874 832 2061 886 huma-

492 937 617 975 nam
656 936 875 977 carnem
925 928 1249 986 assumeret,
1314 922 1641 990 prmﬁnitttm
1708 933 1844 977 erat.
1910 923 2062 978 Nun-

489 1029 651 1082 quam
707 1023 890 1068 autem
952 1024 1081 1068 ante
1131 1013 1528 1069 sanctissimam
1593 1014 1812 1069 Mariam
1868 1016 2063 1071 divinae

490 1106 670 1161 carnis
692 1106 1068 1174 assumptione
1094 1106 1317 1173 dignum
1355 1115 1635 1177 repertum
1695 1116 1779 1162 est
1837 1107 2068 1162 domici-

489 1192 645 1247 lium.
684 1193 789 1247 Ubi
834 1201 1013 1246 artem
1056 1204 1330 1262 repertum
1383 1204 1488 1254 est,
1518 1194 1809 1249 humanam
1846 1209 2064 1248 carnem

490 1285 788 1353 assumpsit
816 1285 976 1339 Deus.
1003 1284 1106 1350 Qui
1140 1283 1262 1338 ideo
1288 1283 1342 1338 in
1374 1284 1640 1355 desponsa
1682 1284 1904 1357 Virgine
1930 1300 2065 1339 con-

490 1373 599 1443 cipi
664 1371 856 1438 voluit,
923 1381 982 1428 ut
1020 1383 1077 1427 et
1135 1374 1545 1431 matrimonium
1632 1377 1790 1447 cujus
1849 1377 2063 1433 initium

490 1464 764 1535 sponsalia
795 1474 941 1531 sunt,
1001 1466 1428 1533 commendaret,
1496 1467 1631 1523 etei
1702 1468 2064 1540 virginitatem

492 1564 872 1626 anteponeret.

565 1642 890 1700 liutnanitas
912 1660 1029 1715 qua:
1054 1661 1150 1716 per
1175 1646 1613 1715 coniunctionem
1630 1647 1681 1700 in
1715 1664 1821 1702 una
1848 1648 2068 1704 eadem-

494 1754 602 1806 que
630 1753 862 1808 perrona
913 1748 1185 1806 assumpta
1217 1747 1320 1803 est,
1347 1754 1413 1792 ex
1444 1737 1563 1806 ipsa
1601 1738 1985 1808 conjunctione
2014 1748 2069 1795 et

493 1831 882 1887 communione
906 1831 1095 1885 elTecta
1122 1829 1302 1885 divina
1326 1840 1433 1893 est,
1468 1831 1757 1901 statimque
1784 1833 1853 1888 ab
1874 1833 2071 1887 buma-

488 1928 579 1979 πω
599 1931 804 1977 naturae
843 1921 1091 1976 terminis
1123 1937 1232 1976 non
1295 1921 1578 1987 recedens,
1630 1923 1956 1980 excellentes
2020 1932 2075 1979 et

494 2016 808 2087 magniﬁcas
867 2013 1162 2070 divinitatis
1216 2015 1370 2071 dotes
1427 2016 1658 2086 accepit,
1703 2026 1763 2071 ut
1805 2025 1860 2072 et
1908 2016 2071 2072 vitam

493 2106 782 2174 tribueret,
829 2113 883 2160 et
911 2115 1054 2160 esset
1076 2104 1440 2174 omnipotens,
1468 2116 1524 2161 et
1557 2109 1741 2161 omnia
1799 2116 2069 2165 cerneret.

494 2199 705 2254 Dicitur
732 2206 911 2253 autem
939 2212 1117 2264 serva,
1175 2206 1232 2253 et
1287 2200 1490 2269 ignara,
1544 2209 1596 2254 et
1635 2199 1756 2254 aliis
1802 2200 2071 2270 ejusmodi

495 2289 817 2345 nominibus
849 2290 1179 2359 appellatur,
1212 2290 1255 2344 si
1276 2291 1400 2359 quis
1430 2289 1514 2362 (ut
1540 2290 1717 2359 inquit
1779 2290 2072 2362 Gregorius

496 2379 830 2451 Theologus)
853 2379 967 2435 sola
1017 2379 1161 2435 nuda
1184 2380 1509 2451 cogitatione
1537 2390 1751 2451 separet
1799 2382 1874 2447 id,
1929 2384 2072 2453 quod

494 2471 735 2534 videtur,
768 2472 837 2526 ab
879 2486 968 2539 eo,
1027 2472 1174 2542 quod
1222 2472 1555 2543 intelligitur.
1624 2474 1681 2527 in
1739 2475 1841 2530 hac
1892 2486 2071 2531 autem

494 2563 1028 2620 Christusobnoxius
1049 2554 1514 2620 fuitnaturalibus
1554 2576 1611 2622 et
1635 2567 1791 2634 culpa
1839 2566 2075 2623 carenti-

496 2653 602 2709 bus
618 2652 1023 2717 affectionibus,
1053 2658 1115 2705 ut
1144 2664 1244 2705 nec
1273 2666 1303 2704 a
1335 2653 1553 2721 propria
1583 2661 1779 2708 natura
1831 2653 2076 2709 discede-

497 2750 606 2807 ret,
628 2749 682 2796 et
709 2755 769 2796 se
798 2756 928 2797 vere
953 2755 1175 2796 carnem
1203 2740 1496 2796 humanam
1518 2742 1882 2813 assumpsisse
1911 2758 2070 2799 .con-

500 2831 763 2895 ﬂrmaret,
797 2838 854 2885 et
871 2828 1153 2885 doloribus
1176 2828 1292 2884 suis
1321 2840 1537 2886 nostros
1557 2840 1795 2897 curaret,
1828 2842 1884 2889 et
1913 2843 2073 2891 natu-

499 2921 706 2977 ralibus
737 2920 1120 2976 aﬂectionibus
1149 2936 1264 2985 eas,
1287 2936 1407 2992 quae
1432 2932 1561 2977 sunt
1591 2934 1791 2994 praeter
1816 2937 2070 2983 naturam

505 3012 771 3076 aboleret,
802 3012 1113 3082 etdenique
1146 3024 1206 3068 ut
1239 3028 1333 3071 eas
1362 3014 1593 3073 vincens
1640 3017 1756 3089 ipse
1816 3030 2070 3091 tanquam

2166 556 2471 620 Παρθένου.

2160 788 2163 790 ί
2238 821 2413 875 Πάλαι
2481 818 2579 887 μὲν
2642 815 2748 887 πρὸ
2805 813 3109 882 καταϐολῆς
3166 810 3372 881 κόσμου
3433 807 3744 877 προώριστο

2164 916 2197 984 ἠ
2234 911 2326 966 τοῦ
2365 911 2501 965 Θεοῦ
2536 909 2969 977 ὲνανθρῶπησις,
3001 902 3156 957 οῦπω
3180 902 3239 954 δὲ
3278 901 3437 971 μέχρι
3470 899 3568 967 τῆς
3597 914 3744 950 παν-

2165 1004 2324 1072 αγίας
2369 1000 2586 1069 Μαρίας
2614 999 2762 1065 ἀξιον
2808 995 3008 1067 εὑρέθη
3031 993 3131 1062 τῆς
3157 990 3623 1060 ὲνανθρωπήσεως
3650 991 3747 1056 ἐρ-

2172 1094 2493 1164 γαστήριον.
2521 1092 2651 1145 Ὅτε
2680 1085 2774 1143 οῦν
2798 1087 3019 1159 εὑρέθη,
3050 1085 3169 1138 τότε
3197 1082 3292 1137 καῖ
3319 1078 3743 1152 ὲνηνθρώπησε.

2168 1183 2485 1257 Συνελήφθῃ
2529 1184 2584 1236 δὲ
2627 1183 2685 1235 ὲν
2718 1183 2784 1251 τῇ
2834 1175 3291 1249 μεμνηστευμένη
3334 1171 3627 1243 Παρθένῳ⁸
3679 1171 3745 1222 ὲν

2170 1273 2627 1345 μεμνηστευμένη
2683 1272 2804 1342 μὲν,
2836 1270 2924 1325 ίνα
2963 1269 3168 1338 τιμηθῇ
3216 1267 3245 1319 ὁ
3295 1264 3470 1332 γάμος
3498 1279 3512 1295 ·
3558 1261 3743 1332 γάμου

2166 1367 2278 1437 γάρ
2313 1364 2457 1435 ἀρχὴ
2510 1365 2545 1434 ή
2588 1362 2890 1434 μνηστείαο
2942 1363 3001 1414 ὲν
3050 1357 3303 1428 παρθένῳ
3342 1355 3420 1421 δὲ,
3468 1354 3553 1409 ἵνα
3602 1370 3745 1424 προ-

2166 1454 2375 1527 τιμηθῇ
2408 1455 2441 1526 ή
2469 1453 2757 1524 παρθενία.

2242 1641 2317 1694 Τὸ
2342 1639 2679 1711 πρόσλημμα
2704 1638 2791 1692 διά
2812 1636 2911 1708 τήν
2934 1635 3057 1691 καθ’
3087 1635 3387 1691 ὑπόστασιν
3408 1633 3624 1695 ἕνωσιν,
3646 1628 3746 1683 καὶ

2171 1731 2269 1802 τὴν
2307 1731 2610 1800 ταυτότητά
2644 1729 2745 1799 τῆς
2791 1728 3177 1791 ὑποστάσεως,
3205 1724 3265 1792 ἐξ
3302 1724 3469 1793 αὐτῆς
3496 1719 3747 1784 ινὼσεως

2173 1822 2269 1875 καὶ
2313 1820 2599 1884 κοινωνίας
2640 1819 2862 1885 θεωθὲν,
2905 1818 3168 1890 μετέσχεν
3212 1816 3410 1873 αὐτίκα
3441 1814 3550 1869 τῶν
3583 1812 3746 1866 θείων

2174 1914 2662 1985 πλεονεκτημάτων
2692 1912 2789 1967 καὶ
2820 1908 3328 1982 μεγαλοπρεπειῶν.
3359 1906 3472 1963 Καὶ
3503 1906 3612 1959 τῶν
3644 1906 3747 1975 μὲν

2171 2007 2313 2077 ὅρων
2343 2006 2444 2075 τῆς
2472 2003 2822 2076 ἀνθρωπίνης
2850 2002 3065 2074 φύσεως
3089 2002 3186 2056 οὐκ
3215 2001 3433 2067 ἐξέστη,
3463 1998 3655 2068 γέγονε
3684 1995 3746 2049 δὲ

2174 2099 2437 2165 ζωοποιὸν
2462 2099 2559 2152 καὶ
2588 2097 3022 2167 παντοδύναμον,
3054 2095 3148 2148 καὶ
3180 2093 3358 2148 πάντα
3382 2092 3542 2154 εἰϐός.
3575 2089 3747 2155 Λέγε-

2171 2208 2262 2245 ται
2292 2192 2350 2245 δὲ
2388 2190 2596 2256 δοῦλον,
2632 2189 2726 2243 καί
2760 2187 3013 2254 ἀγνοοῦν,
3051 2186 3146 2240 καί⁵
3173 2187 3240 2238 τὰ
3277 2181 3524 2246 τοιαῦτα,
3558 2180 3623 2235 ἄν
3660 2195 3750 2240 τις

2172 2284 2234 2336 τὸ
2273 2282 2597 2351 φαινόμενον
2620 2281 2848 2351 χωρήσῃ
2875 2276 2972 2331 τοῦ
2997 2275 3314 2346 νοουμένου,
3346 2272 3491 2327 καθά
3516 2287 3679 2341 φησιν
3720 2272 3750 2322 ό

2173 2374 2433 2443 Θεολόγος
2473 2371 2793 2443 Γρηγόριος,
2818 2369 3031 2439 ἐπινοίᾳ
3083 2366 3325 2437 δηλονότι
3365 2364 3520 2436 ψιλῇ.
3574 2362 3750 2416 Ὑπέ-

2175 2484 2326 2520 κειτο
2364 2465 2420 2517 δὲ
2450 2465 2563 2526 τοῖς
2597 2462 2843 2530 φυσικοῖς
2893 2460 2989 2515 καὶ
3018 2458 3361 2528 ἀδιαϐλήτοις
3382 2456 3636 2519 πάθεσιν,
3669 2454 3751 2518 ὡς

2177 2558 2253 2629 μὴ
2284 2558 2483 2610 ὲκστάν
2516 2554 2615 2624 τῆς
2642 2552 2852 2615 οἰκείας
2890 2551 3124 2621 φύσεως,
3159 2548 3253 2602 καί¹
3280 2549 3367 2601 ῐνα
3406 2548 3440 2617 ὴ
3473 2544 3752 2617 ὲνανθρώ-

2174 2665 2344 2718 πησις
2372 2645 2641 2716 πιστωθῇ,
2674 2642 2770 2697 καὶ
2795 2641 2883 2695 ἵνα
2908 2643 3017 2704 τοῖς
3042 2638 3237 2694 ἑαυτοῦ
3261 2638 3493 2691 πάθεσιν
3522 2636 3748 2705 ἰάσηται

2174 2740 2524 2814 τὰν-ἡμέτερα
2552 2736 2724 2809 πάθη,
2758 2736 2854 2792 καὶ
2877 2738 2992 2798 τοῖς
3024 2729 3367 2804 φυσικοίξτά
3389 2726 3551 2803 παρὰ
3580 2726 3751 2798 φύσιν

2173 2833 2492 2904 ὲξαφανίσῃ,
2525 2831 2617 2886 καὶ
2639 2828 2935 2899 συλλήϐϐην
2964 2828 3161 2891 εἰπεῖν,
3193 2825 3279 2878 ἵνα
3304 2821 3534 2892 νικήσας
3558 2819 3750 2886 αὐτὸς,

2173 2925 2250 2988 ὡς
2279 2922 2586 2994 ἄνθρωπος,
2616 2919 2711 2975 καὶ
2743 2920 2876 2989 ἡμῖν
2900 2918 3011 2976 τοῖς
3038 2913 3302 2986 όμοφυέσι
3330 2912 3426 2966 καὶ
3453 2909 3752 2983 συγγενέσι

2173 3015 2273 3083 τὴν
2309 3013 2432 3068 κατ’
2455 3011 2636 3067 αὐτῶν
2666 3010 2957 3081 χαρίσηται
2984 3005 3161 3075 νίκην.
3198 3005 3265 3057 Ἦ
3290 3003 3477 3075 μέντοι
3502 3000 3755 3072 ἁμαρτία

502 3105 667 3161 ἰιοηιο
691 3103 848 3159 nobis
883 3101 1044 3158 simili
1075 3111 1269 3159 natura
1297 3120 1484 3161 secum
1513 3110 1823 3179 conjunctis
1867 3090 1939 3165 et"
1976 3125 2068 3165 co-

2171 3104 2232 3159 οὐ
2268 3104 2518 3173 φυσικὸν,
2552 3099 2689 3156 ἀλλὰ
2719 3097 2871 3169 παρὰ
2907 3095 3072 3167 φύσιν
3120 3092 3314 3164 πάθος,
3371 3091 3465 3148 καὶ
3516 3091 3618 3144 ὅσα
3651 3090 3755 3158 τῆς

448 3270 457 3276 ,
502 3197 671 3269 gnitis
701 3195 983 3251 victoriam
1023 3195 1195 3265 ipsam
1226 3195 1535 3267 largiretur.
1572 3199 1858 3255 Peccatum
1920 3202 2065 3257 enim
2111 3195 2133 3197 ἡ
2170 3197 2468 3270 ἁμαρτιαςο

505 3302 618 3342 non
643 3297 729 3342 est
748 3286 961 3343 aﬂ'cctio
978 3286 1263 3354 naturalis,
1282 3295 1687 3361 etquazcunque
1703 3291 1768 3347 ad
1790 3302 2069 3363 peccatum

502 3379 800 3456 pertinent.

578 3467 649 3523 Ut
675 3468 815 3538 ignis
848 3470 1050 3525 ferrum
1084 3473 1312 3542 ignitum
1341 3481 1395 3528 et
1445 3473 1656 3529 illustre
1682 3475 1915 3532 reddens
1972 3477 2068 3532 l‘ri-

505 3559 747 3636 giditatis
776 3568 831 3616 et
860 3562 1162 3631 nigredinis
1187 3564 1306 3635 ejus
1330 3565 1601 3635 particeps
1630 3565 1745 3635 ipse
1773 3582 1882 3622 non
1904 3568 2071 3623 eﬂici-

504 3659 616 3715 tur,
641 3651 711 3706 ita
746 3651 1002 3707 divinitas
1044 3654 1295 3710 virtutem
1327 3670 1479 3711 suam
1543 3658 1867 3716 humanitati
1926 3675 2076 3716 com-

507 3740 793 3797 municans
818 3741 940 3812 ejus
969 3757 1075 3798 non
1105 3744 1316 3815 accepit
1344 3744 1791 3804 imbecillitatem.

2248 3462 2463 3531 Ὥσπερ
2497 3458 2558 3512 τὺ
2593 3455 2708 3527 πῦρ
2740 3452 3016 3526 πυρακτοῖ
3048 3450 3147 3523 μὲν
3188 3448 3283 3505 καὶ
3317 3444 3628 3518 λαμπρύνει
3660 3445 3757 3499 τὸν

2178 3550 2418 3618 σίδηρον,
2450 3547 2511 3599 οὺ
2542 3542 2948 3617 μεταλαμϐάνει
2974 3540 3030 3594 δὲ
3058 3540 3160 3610 Ιτῆς
3190 3535 3354 3592 αὐτοῦ
3406 3535 3757 3605 ψυχρότητος

2175 3641 2209 3710 ἢ
2240 3638 2498 3709 μελανίας
2517 3653 2532 3669 ο
2566 3635 2708 3689 οὕτω
2735 3633 2830 3687 καὶ
2857 3634 2891 3701 ή
2917 3630 3109 3701 θεότης
3136 3628 3403 3699 μετέδωκε
3438 3626 3536 3695 μὲν
3567 3628 3633 3695 τῇ
3660 3626 3763 3676 ἀνι

2177 3730 2486 3800 θρωπότητι
2508 3728 2606 3798 τῆς
2636 3724 2844 3788 οἰκείας
2867 3722 3170 3793 δυνάμεως,
3196 3718 3259 3773 οὗ
3283 3716 3546 3788 μετέλαϐε
3572 3715 3628 3768 δὲ
3650 3714 3759 3784 τῆς

2179 3822 2469 3883 ἀσθενείας
2499 3817 2687 3884 αὐτῆς.

576 3910 793 3966 Puritas
820 3912 1040 3981 quidem
1072 3928 1195 3968 cum
1248 3916 1499 3973 sordibus
1556 3920 1760 3975 nostris
1803 3931 2068 3988 versatur,

2259 3912 2325 3965 Ἦ
2358 3910 2457 3980 μὲν
2484 3907 2795 3977 καθαρότης
2823 3904 3002 3975 ὁμιλεῖ
3029 3901 3108 3973 τῷ
3136 3900 3391 3972 ἡμετέρῳ
3422 3899 3600 3971 ῥύπῳ,
3629 3900 3657 3949 ὁ
3678 3896 3759 3988 γδὶ

503 4001 597 4055 sed
647 4001 779 4070 ipsa:
817 4011 999 4056 tamen
1023 4003 1214 4058 sordes
1272 4005 1562 4074 puritatem
1628 4024 1737 4063 non
1804 4008 2068 4065 inﬁciunt.

2181 4002 2350 4075 ῥύπος
2394 4002 2493 4070 οὐχ
2546 3999 2776 4054 ἀπτεται
2832 3997 2934 4066 τῆς
3005 3993 3397 4063 καθαρότητος.
3478 3990 3550 4044 Τὸ
3611 3987 3749 4056 φῶς

507 4090 627 4145 Lua:
692 4089 837 4144 enim
862 4090 1086 4158 (inquit)
1118 4092 1175 4143 in
1200 4093 1421 4147 tenebris
1442 4095 1598 4159 lucet,
1628 4106 1677 4151 at
1711 4098 1937 4151 tenebraz
1958 4113 2068 4152 eam

2178 4095 2312 4162 γὰρ,
2355 4091 2540 4162 φησὶν,
2588 4088 2660 4144 ἐν
2702 4087 2779 4157 τῇ
2827 4087 3044 4154 σκοτίᾳ
3088 4084 3308 4154 φαίνει,
3344 4082 3439 4135 καί
3467 4081 3505 4148 ή
3535 4079 3763 4133 σκοτία

505 4191 613 4231 non
665 4175 1163 4243 comprehenderunt
1191 4177 1232 4232 '.
1279 4177 1415 4235 Nam
1464 4195 1590 4236 cum
1656 4185 1893 4239 tenebrae
1940 4201 2068 4255 pras-

2178 4185 2327 4242 αὐτὸ
2361 4186 2435 4238 οὐ
2475 4182 2824 4237 κατέλαϐεν.
2875 4176 3223 4248 ’Δφανίζεται
3246 4172 3357 4244 γάρ
3378 4174 3444 4242 τῇ
3475 4170 3763 4242 παρουσίᾳ

504 4266 968 4335 εοιιιὶει,ι·οᾱίοι·ιιπι
985 4267 1448 4337 expellantur,'sol
1466 4279 1646 4328 tamen
1665 4288 1697 4328 a
1716 4274 2068 4347 tenebrisnam

2176 4280 2280 4345 τῆς
2318 4277 2536 4337 ἀκτῖνος
2583 4275 2611 4327 ὁ
2658 4272 2841 4342 ζόφος,
2887 4269 2950 4325 οὐ
2996 4269 3075 4341 τῷ
3122 4265 3273 4337 ζόφῳ
3325 4262 3670 4335 ἀμαυροῦται
3729 4262 3767 4313 ὁ

506 4358 858 4415 obscuratur.
2180 4371 2356 4442 ήλιος.

573 4448 755 4506 Unum
780 4449 982 4506 dicitur
1010 4451 1065 4506 in
1091 4449 1161 4507 iis
1186 4452 1429 4523 quidem,
1478 4469 1600 4525 qua:
1654 4467 1783 4512 sunt
1832 4457 2068 4530 ejusdem

2250 4462 2324 4515 Τὸ
2350 4459 2409 4511 ἓν
2439 4460 2527 4514 ἐπὶ
2563 4456 2663 4527 μὲν
2689 4455 2797 4509 τῶν
2824 4454 3121 4524 όμοουσίων
3149 4450 3386 4519 λέγεται,
3405 4446 3534 4501 ἔνθα
3558 4444 3764 4545 ταυτόῖ

504 4540 778 4605 essentia,
809 4555 934 4596 cum
969 4540 1161 4597 eadem
1188 4551 1272 4598 est
1299 4553 1513 4610 natura,
1564 4552 1621 4601 et
1670 4546 1903 4603 diversa:
1943 4562 2068 4619 per-

2180 4570 2280 4625 της
2307 4554 2406 4622 μὶν
2437 4550 2672 4619 φύσεως,
2697 4548 2953 4618 ἑτερότης
2981 4545 3038 4598 δι
3064 4542 3438 4605 ὑποστάσεων,
3465 4539 3540 4601 ὡς
3566 4535 3627 4589 τδ
3662 4536 3771 4589 καὶ

502 4644 672 4685 somn.
705 4629 781 4685 Ex
812 4644 921 4700 quo
963 4629 1118 4696 illud,
1148 4629 1218 4686 Et
1255 4633 1361 4686 tria
1412 4649 1573 4687 unum
1635 4646 1757 4690 sunt
1811 4637 1853 4690 '.
1899 4637 1957 4692 In
2004 4637 2068 4694 iis

2178 4646 2252 4699 τὰ
2274 4642 2405 4712 τρία
2425 4641 2495 4696 ἐν
2515 4658 2531 4673 ·
2579 4639 2671 4692 ἐπὶ
2698 4639 2757 4693 δὲ
2782 4637 2892 4691 τῶν
2933 4634 3307 4708 ἑτεροουσίων,
3337 4630 3465 4685 ἔνθα
3484 4627 3770 4697 ταυτότης

502 4728 713 4787 autem,
743 4736 865 4792 quae
890 4722 1120 4779 diversa:
1147 4733 1273 4797 sunt
1300 4725 1567 4780 essentia.
1623 4742 1791 4782 unum
1850 4728 2068 4792 dicitur,

2188 4736 2290 4805 μὶν
2321 4733 2695 4797 ὑποστάσεων,
2732 4730 2989 4801 ἑτερότης
3019 4730 3077 4783 δὲ
3109 4723 3452 4797 φύσεων,1ὡς
3486 4721 3546 4775 τὺ
3572 4719 3667 4773 καὶ
3693 4720 3772 4774 τὺ

503 4828 628 4868 cum
659 4815 846 4868 eadem
871 4829 1101 4884 persona
1123 4823 1225 4881 est,
1254 4824 1309 4871 et
1329 4818 1559 4873 diversae
1588 4827 1817 4880 naturas.
1845 4836 1914 4875 ex
1965 4837 2068 4891 quo

2187 4824 2596 4896 συναμφότερον
2627 4823 2707 4889 έν,
2752 4822 2870 4877 ἀλλ’
2902 4822 2961 4875 οὐ
2986 4823 3053 4893 τῇ
3081 4818 3263 4889 φύσει,
3285 4819 3352 4887 τῇ
3382 4815 3439 4868 δὲ
3469 4810 3692 4877 συνόδῳ.

502 4905 657 4968 illud,
684 4911 739 4959 et
759 4914 1050 4975 utrumque
1082 4920 1274 4963 unum.
1307 4906 1487 4963 Unum
1522 4919 1707 4965 autem
1738 4925 1848 4965 non
1895 4903 2114 4981 natura,
2157 4916 2251 4972 sed
2300 4915 2686 4987 conjunctione
2729 4914 2957 4970 duarum
3006 4920 3328 4966 naturarum
3380 4908 3435 4962 in
3488 4920 3596 4960 una
3632 4917 3776 4973 per-

501 5010 661 5059 80112.

571 5088 1039 5159 Quemadmodum
1069 5112 1236 5151 unum
1259 5106 1429 5153 estex
1458 5113 1645 5155 eorum
1674 5115 1905 5157 numero
1954 5116 2068 5175 quas

2248 5101 2459 5172 Ὥσπερ
2486 5083 2549 5153 τδ
2573 5099 2631 5153 ἒν
2653 5100 2761 5152 τῶν
2786 5095 3072 5167 πολλαχῶς
3099 5092 3411 5163 λεγομένων
3439 5088 3579 5147 ἐστὶ.
3604 5087 3783 5155 λέγε-

498 5182 783 5253 multiplici
804 5184 1014 5239 ratione
1035 5184 1325 5251 dicuntur;
1358 5186 1555 5241 dicitur
1583 5189 1727 5242 enim
1768 5205 1939 5244 unum
1992 5190 2068 5246 vel

2173 5208 2266 5251 ται
2288 5191 2396 5263 γὰρ
2423 5191 2481 5244 ἓν
2507 5192 2584 5261 τῷ
2611 5190 2853 5263 ἀριθμῷ,
2871 5190 2947 5251 ὡς
2974 5189 3003 5241 ό
3033 5186 3243 5253 Πέτρος
3266 5184 3449 5254 τυχὸν,
3474 5181 3579 5235 καὶ»
3598 5178 3657 5230 ἓν
3683 5179 3782 5250 τῷ

497 5290 753 5340 numero,
788 5283 847 5330 ut
867 5276 1101 5345 exempli
1122 5279 1315 5349 gratia,
1356 5276 1585 5345 Petrus;
1640 5279 1725 5334 vel
1761 5282 1966 5351 specie,
2010 5291 2068 5338 ut

2175 5284 2327 5350 είδει,
2351 5283 2428 5348 ὡς
2454 5285 2482 5338 ὁ
2512 5282 2819 5354 ἄνθρωπος,
2855 5280 2951 5334 καὶ
2979 5280 3037 5332 ἒν
3064 5277 3143 5348 τῷ
3173 5278 3345 5346 γένει,
3374 5274 3449 5337 ὡς
3478 5271 3538 5325 τὸ
3568 5271 3716 5333 ζῶον
3753 5289 3775 5305 ο

498 5372 702 5437 homo;
735 5372 820 5424 vel
850 5384 1067 5440 genere,
1101 5382 1162 5424 ut
1191 5369 1431 5432 animal;
1463 5369 1541 5425 sic
1562 5371 1724 5425 etiam
1751 5372 1879 5426 duo.
1944 5371 2068 5428 Nam

2176 5374 2321 5430 οὕτω
2364 5375 2458 5429 καὶ
2504 5376 2574 5429 τά
2620 5372 2733 5428 δύο.
2788 5373 3023 5441 Λέγεται
3072 5369 3180 5438 γάρ
3228 5368 3321 5421 δύο
3365 5366 3443 5434 τῷ
3499 5362 3724 5434 ἀριθμῷ
3755 5405 3778 5431 ,

499 5472 555 5516 ct
580 5476 812 5516 numero
835 5461 1092 5517 dicuntur
1110 5462 1241 5525 duo,
1276 5471 1331 5514 ut
1362 5460 1556 5515 Petrus
1620 5471 1674 5517 et
1739 5461 1966 5530 Paulus;
2024 5472 2068 5521 el

2177 5468 2252 5533 ὡς
2285 5467 2487 5539 Πέτρος
2516 5467 2610 5520 καὶ⁵
2639 5464 2872 5529 Παῦλος,
2906 5462 3000 5515 καὶ
3026 5461 3121 5515 δύο
3148 5458 3228 5529 τῷ
3258 5457 3409 5524 εῖδει,
3443 5456 3519 5518 ὡς
3542 5453 3779 5523 ἄνθρω-

499 5553 705 5624 specie,
740 5564 801 5608 ut
825 5554 986 5609 homo
1016 5563 1072 5608 et
1098 5567 1308 5623 equus;
1342 5561 1397 5607 et
1418 5568 1638 5623 genere,
1671 5562 1726 5609 ut
1755 5556 1989 5617 essentia
2016 5565 2068 5613 et

2180 5578 2279 5625 πος
2325 5562 2421 5615 καὶ
2466 5560 2651 5627 ἵππος,
2692 5556 2789 5612 καί
2836 5554 2929 5607 δύο
2979 5553 3057 5625 τῷ
3108 5551 3279 5622 γένει,
3326 5548 3402 5614 ὡς
3450 5546 3604 5600 οὐσία
3662 5546 3779 5601 καὶ

576 5735 590 5763 ⁸
614 5732 765 5791 Joau.
796 5752 837 5801 t,
868 5735 922 5789 5.
997 5738 1019 5771 ³
1051 5735 1246 5794 lJoan.
1284 5753 1337 5806 ν,
1366 5742 1419 5796 7.
