4126 6412
472 355 587 418 24')
1450 355 1827 417 PANOPLIA
1872 355 2334 419 DOGMATICA.
2367 382 2437 392 —
2473 358 2623 421 TlT.
2659 361 2794 424 VII.
3630 360 3736 422 250

473 468 702 542 χρῶμα.
718 468 893 522 ὀταν
920 467 1015 524 οῦν
1038 468 1269 539 λέγομεν
1286 467 1354 522 τὰ
1375 468 1469 522 δύο
1494 468 1588 521 ἐπὶ
1605 467 1698 521 τοῦ
1722 466 1978 537 Χριστοῦ,
1994 465 2055 517 οὐ
2088 478 2102 525 Α

2101 477 2131 526 λ
2162 468 2333 524 color.
2366 469 2595 537 Quando
2615 473 2782 541 igitur
2810 475 2922 530 duo
2953 474 3007 529 in
3031 473 3252 529 Christo
3306 475 3561 535 dicimus.
3622 490 3730 527 non

475 561 579 616 δύο
616 561 695 632 τῷ
732 561 958 632 ἀριθμῷ
1001 561 1190 615 τοῦτον
1239 554 1492 632 λίγομεν,
1535 562 1655 615 ἀλλ’
1692 561 1790 615 ἕνα
1833 561 1932 628 μὲν
1980 558 2057 627 τῷ

2159 577 2389 619 numero
2440 564 2791 634 intelligimus
2822 565 2950 627 duo,
2983 567 3240 634 quoniam
3286 574 3372 621 est
3404 565 3562 619 unica
3604 581 3732 634 per-

477 651 706 721 ἀριθμῷ
732 651 821 704 διὰ
882 652 987 721 τὴν
1020 650 1220 719 μονάδα
1249 651 1348 719 τῆς
1379 649 1865 712 ὑποστάσεως,δύο
1896 648 1953 701 δὲ
1978 646 2056 716 τῷ

2158 665 2314 714 sona,
2338 653 2432 706 sed
2463 658 2642 722 specie
2668 656 2795 718 duo,
2836 654 2937 709 hoc
2966 665 3072 719 est,
3108 665 3323 719 natura.
3352 670 3474 724 quae
3526 655 3725 724 duplex

470 742 634 806 εῖδει,
664 742 911 794 τουτέστι
937 743 1004 811 τῇ
1034 739 1215 809 φύσει,
1244 739 1333 793 διὰ
1360 739 1463 809 τὴν
1487 736 1656 791 δυάδα
1683 737 1790 790 τῶν
1816 736 2053 805 φύσεων.

2158 742 2213 798 in
2236 743 2330 799 illo
2367 755 2471 801 est.
2502 747 2640 801 Dicit
2665 746 2811 802 enim
2842 747 3137 817 Gregorius
3153 746 3481 817 Theologns,
3518 757 3730 802 utrum-

470 835 617 903 Φησὶ
645 834 756 900 γὰρ
789 834 884 884 καὶ
914 832 1215 901 Γρηγόριος
1240 829 1551 896 ὀ,Θεολόγος
1577 829 1662 882 ὅτι
1685 831 1746 881 τὸ
1776 826 2055 897 συναμφό-

2155 852 2262 906 que
2293 852 2415 893 esse
2444 855 2611 892 unum
2638 854 2746 893 non
2774 850 2995 903 natura,
3048 841 3144 893 sed
3208 841 3618 911 conjunctione,
3676 850 3733 894 ct

467 940 640 991 τερον
692 924 752 975 ἐν
780 923 841 975 ού
869 925 940 992 τῇ
968 922 1156 989 φύσει,
1182 922 1248 988 τῇ
1275 918 1331 972 δὲ
1362 918 1583 987 συνόδῳ.
1601 918 1712 971 Καὶ
1739 916 2053 986 Ἀριστοτέ-

2156 928 2478 984 Aristotcles
2506 927 2787 983 materiam
2814 938 2871 985 et
2909 928 3144 984 formam
3179 944 3352 991 unum
3409 944 3532 983 esse
3595 929 3730 983 dicit

468 1013 575 1081 λης
596 1012 656 1065 δὲ
679 1011 779 1080 τὴν
803 1010 935 1081 ὕλην
958 1008 1135 1071 καὶτὸ
1162 1005 1301 1070 εἶδος
1325 1005 1382 1058 ἓν
1409 1005 1510 1074 μὲν
1528 1005 1676 1073 λέγει
1704 1004 1782 1074 τῷ
1808 1003 2051 1074 ἀριθμῷ,

2155 1035 2410 1083 numero,
2439 1020 2622 1089 specie
2647 1029 2828 1074 autem
2871 1020 3003 1074 duo.
3036 1020 3320 1090 Duplicem
3359 1020 3505 1073 hunc
3566 1034 3726 1072 nsum

467 1102 569 1156 δύο
594 1101 655 1154 δὲ
683 1099 761 1169 τῷ
790 1100 942 1153 εἴδει.
975 1096 1193 1160 Ταύτας
1218 1096 1319 1157 τὰς
1346 1094 1441 1149 δύο
1468 1096 1695 1165 χρήσεις
1721 1092 2054 1164 προδλητέον

2153 1121 2369 1183 oportet
2389 1127 2693 1181 proponere
2720 1113 2984 1168 adversus
3010 1127 3124 1178 eos,
3144 1112 3246 1182 ’qui
3297 1112 3463 1166 unius
3507 1110 3725 1180 quidem

468 1195 619 1246 κατὰ
661 1190 774 1244 τῶν
802 1190 1069 1258 λεγόντων
1112 1187 1195 1240 δτι
1235 1185 1353 1249 ὲνδς
1397 1184 1497 1255 μὲν
1540 1183 1713 1246 εἴδους
1752 1182 1922 1237 πολλὰ
1954 1183 2052 1235 εύ-

2152 1182 2356 1274 speciei
2382 1204 2537 1259 multi
2583 1204 2810 1274 reperiri
2868 1205 3178 1259 concedunt
3223 1202 3541 1269 individua,
3590 1203 3728 1257 duas

472 1285 742 1352 ρίσκομεν
768 1282 972 1349 ἄτομα,
997 1279 1090 1333 δύο
1115 1277 1171 1331 δὲ
1197 1277 1314 1346 είδη
1342 1276 1436 1329 ἐπὶ
1462 1275 1578 1340 ἑνὸς
1606 1273 1812 1345 ἀτόμου
1837 1274 1934 1327 καὶ
1961 1274 2051 1327 εὑ-

2152 1303 2334 1350 autem
2350 1294 2564 1366 species
2582 1295 2636 1350 in
2655 1311 2763 1349 uno
2782 1296 3062 1351 individuo
3080 1310 3183 1350 nec
3199 1295 3426 1365 reperiri
3476 1308 3574 1349 nec
3620 1294 3728 1348 dici

475 1377 595 1444 ρείν
619 1372 901 1436 ἀδύνατον,
934 1372 1032 1425 καὶ
1060 1370 1240 1437 λέγειν
1269 1369 1487 1436 ἄλογον.

1068 1370 1240 1437 λέγειν
1269 1369 1487 1436 ἄλογον.
2152 1401 2312 1457 posse
2338 1387 2697 1441 contendunt.

547 1465 624 1518 Τὸ
643 1464 841 1517 ταύτὸν
870 1463 1086 1530 λέγεται
1111 1461 1211 1531 μὲν
1233 1462 1301 1531 τῇ
1323 1460 1502 1530 οὐσία,
1527 1458 1603 1523 ὡς
1627 1459 1831 1527 Πέτρος
1855 1458 2050 1525 Παύλῳ

2222 1478 2366 1534 ldcm
2398 1478 2598 1533 dicitur
2627 1478 2711 1533 vel
2741 1479 3002 1543 essentia,
3064 1493 3184 1543 seu,
3242 1476 3387 1546 quod
3435 1477 3578 1532 idem
3619 1486 3726 1539 est,

472 1561 541 1627 τῇ
586 1556 746 1625 οὐσίᾳ⁵
781 1553 1012 1617 ταυτὸν,
1052 1552 1211 1606 τοῦτο
1250 1552 1308 1604 δὲ
1338 1550 1433 1605 διαὶ.
1462 1550 1628 1619 φύσει
1660 1549 1859 1602 ταυτὸν
1897 1548 2050 1615 λέγο-

2148 1579 2368 1631 natura,
2402 1577 2463 1622 ut
2491 1567 2686 1622 Petrus
2701 1574 2757 1622 et
2788 1567 2988 1621 Paulus
3018 1566 3159 1621 idem
3184 1575 3378 1621 natura
3424 1574 3589 1620 sunt:
3640 1565 3726 1618 vel

474 1666 618 1719 μεν·
669 1648 888 1714 λέγεται
914 1646 972 1699 δὲ
1020 1648 1114 1698 καὶ
1150 1643 1231 1714 τῷ
1272 1644 1442 1712 γένει,
1489 1644 1563 1705 ὡς
1614 1641 1738 1711 βοῦς
1776 1642 1928 1710 ἵππῳ
1970 1639 2047 1709 τῷ

2149 1674 2385 1731 genere;
2418 1660 2701 1728 utriusque
2726 1659 2871 1713 enim
2910 1673 3089 1727 genus
3111 1665 3196 1714 est
3253 1656 3455 1712 animal
3503 1656 3730 1711 rationis

469 1743 622 1810 γένει
649 1740 869 1804 ταυτὸν,
905 1737 1061 1805 γένος
1083 1737 1192 1807 γὰρ
1221 1737 1423 1805 ἀμφοῖν
1451 1736 1509 1787 τὸ
1534 1734 1726 1801 ἄλογον
1752 1733 1922 1796 ζῶονο
1955 1732 2045 1785 λέ-
2079 1797 2098 1821 Ι

2098 1799 2121 1821 _
2148 1766 2384 1821 expers;
2416 1751 2500 1805 vel
2540 1751 2746 1819 specie.
2807 1757 2869 1805 ut
2910 1748 3067 1804 Titus
3113 1758 3166 1804 et
3220 1748 3540 1803 Timotheus
3584 1748 3727 1802 idem

464 1797 626 1903 γεται
661 1833 720 1887 δὲ
746 1797 945 1901 καὶ..τῷ
981 1797 1135 1889 ﬁdei.
1158 1797 1436 1890 VBC'T'RO;
1484 1797 1735 1897 Τιμούὲιρ
1779 1825 1860 1895 τῷ
1911 1824 2043 1878 είδει
2079 1797 2093 1857 1

2099 1799 2122 1857 ³
2149 1797 2277 1900 sunt
2298 1843 2514 1913 specie:
2535 1797 2660 1898 nam
2686 1843 2787 1898 sub
2814 1842 3033 1897 homine
3048 1851 3179 1897 sunt
3197 1842 3391 1909 ambo;
3420 1840 3506 1896 vel
3533 1852 3728 1894 nume-

464 1926 689 1986 ταυτὸν,
746 1922 853 1975 ὑπὸ
917 1922 1027 1991 γὰρ
1083 1919 1177 1972 τὸν
1235 1917 1520 1988 ἄνθρωπον
1575 1917 1774 1987 ἄμφωο
1825 1916 2043 1984 λέγεται

2147 1950 2230 2001 ro,
2254 1943 2314 1987 ut
2332 1933 2474 2003 quod
2499 1931 2667 1987 multa
2691 1931 2855 1987 habet
2872 1932 3088 1986 nomina
3108 1931 3351 2001 :gladius
3374 1929 3729 1994 enim,ensis.

464 2019 526 2072 δὲ
561 2018 656 2072 καὶ
686 2015 765 2087 τῷ
791 2013 1010 2085 ἀριθμῷ
1029 2051 1044 2076 ,
1076 2012 1151 2075 ὡς
1184 2010 1246 2064 τὸ
1280 2009 1633 2079 πολυώνυμον
1662 2009 1884 2079 ἀριθμῷ
1910 2026 2044 2061 ταυ-

2147 2041 2335 2081 mucro
2368 2024 2507 2079 idem
2540 2039 2790 2089 numero,
2852 2024 2937 2078 his
2969 2024 3116 2077 enim
3176 2037 3343 2077 unum
3402 2021 3725 2089 subjicitur;

461 2112 558 2162 τὸν
578 2150 596 2175 ,
628 2107 783 2175 ξίφος
822 2107 949 2175 γὰρ,
980 2104 1076 2158 καὶ
1100 2103 1201 2169 ἄορ
1220 2142 1237 2166 ,
1264 2104 1358 2155 καὶ
1386 2101 1566 2171 σπάθη
1595 2102 1653 2155 ἓν
1688 2101 1763 2170 τῷ
1789 2100 2004 2170 ἀριθμῴ
2025 2138 2040 2163 ,

2144 2119 2232 2174 vel
2256 2117 2523 2187 analogia.
2552 2132 2647 2171 seu
2671 2115 3079 2179 convenientia,
3103 2124 3199 2169 aut
3249 2114 3620 2184 proportione,
3668 2123 3729 2167 ut

465 2202 527 2254 ἓν
569 2198 681 2270 γὰρ
734 2196 969 2250 ἐνταῦθα
993 2196 1055 2248 τὸ
1090 2195 1447 2263 ὑποκείμενον
1471 2210 1485 2223 ’
1520 2194 1737 2261 λέγεται
1767 2193 1822 2244 δὲ
1856 2194 1949 2245 καὶ
1978 2194 2042 2261 τῇ

2146 2225 2301 2265 mens
2346 2219 2402 2264 et
2433 2209 2626 2265 oculus
2668 2208 2811 2262 idem
2842 2217 2972 2263 sunt
3000 2208 3372 2275 proportione.
3402 2205 3555 2271 Quod
3577 2204 3724 2259 enim

466 2289 757 2359 ἀναλογίᾳ,
790 2289 865 2349 ὡς
903 2288 932 2340 ὀ
962 2285 1086 2349 νοῦς
1116 2285 1195 2354 τῷ
1224 2283 1489 2353 ὀφθαλμῷ
1517 2287 1583 2354 τῇ
1616 2284 1879 2355 ἀναλογίᾳ
1909 2301 2043 2336 ταυ-

2145 2309 2230 2354 est
2260 2301 2453 2355 oculus
2485 2300 2538 2352 in
2590 2313 2841 2368 corpore.
2883 2296 3023 2351 idem
3052 2305 3135 2350 est
3191 2310 3346 2349 mens
3398 2295 3452 2347 in
3509 2294 3726 2369 animo;

465 2382 587 2444 τὸν,
613 2380 642 2433 δ
663 2379 772 2449 γὰρ
801 2377 1075 2448 ὀφθαλμὸς
1102 2378 1159 2428 ὲν
1182 2373 1416 2444 σώματι,
1445 2373 1601 2428 τοῦτο
1634 2373 1757 2437 νοῦς
1780 2374 1998 2445 ἐνψυχῇ
2025 2388 2040 2403 ⁶

2144 2390 2229 2445 vel
2257 2404 2510 2459 persona,
2546 2398 2606 2443 ut
2628 2390 2685 2442 in
2714 2388 2954 2454 Christo;
2985 2388 3103 2456 ejus
3135 2387 3281 2440 enim
3309 2386 3537 2441 diversae
3565 2395 3726 2440 natu-

462 2474 687 2541 λέγεται
714 2472 771 2525 δὲ
798 2471 893 2524 καὶ
914 2471 979 2541 τῇ
1001 2468 1295 2522 ὑποστάσει
1318 2468 1535 2533 ταυτὸν,
1565 2468 1639 2529 ὡς
1661 2468 1757 2519 ἐπὶ
1782 2467 2042 2537 Χριστοῦ,

1522 2509 1535 2533 .
1565 2468 1639 2529 ὡς
1661 2468 1757 2519 ἐπὶ
1782 2467 2042 2537 Χριστοῦ,
2145 2494 2219 2535 rae
2232 2494 2464 2550 persona
2482 2480 2629 2536 idem
2648 2488 2797 2543 sunt,
2826 2479 2941 2533 sive
2964 2492 3151 2533 unum.

460 2567 518 2618 αί
548 2564 801 2633 διάφοροι
831 2560 938 2630 γὰρ
975 2558 1165 2629 φύσεις
1197 2557 1362 2612 αὑτοῦ
1393 2561 1458 2629 τῇ
1493 2558 1792 2611 ὑποστάσει
1820 2558 2043 2623 ταυτὸν,

461 2658 641 2729 ἡγουν
668 2654 750 2709 ἓν.

548 2745 677 2801 Ἐπὶ
702 2744 939 2816 Χριστοῦ
964 2743 1062 2806 τὰς
1091 2742 1185 2796 δύο
1208 2742 1399 2813 φύσεις
1426 2741 1638 2813 ὲπινοία
1670 2740 1771 2811 μὲν
1798 2740 1892 2795 τοῦ
1920 2741 2047 2795 διω-

2217 2756 2363 2812 Duas
2393 2756 2448 2809 in
2472 2755 2693 2811 Christo
2723 2764 2950 2810 naturas
2977 2753 3307 2825 cogitatione
3337 2751 3557 2821 quidem
3583 2751 3721 2805 dici-

458 2840 729 2911 ρισμένου
763 2836 934 2890 ποσοῦ
964 2836 1195 2904 λέγομεν
1218 2874 1235 2899 ,
1272 2834 1347 2898 ὡς
1386 2834 1601 2905 ἐπινοίᾳ
1636 2832 1772 2904 μόνῃ
1802 2832 2046 2902 διαιρου-

2145 2863 2270 2904 mus
2293 2863 2415 2904 esse
2445 2848 2694 2904 discretae
2725 2846 3067 2917 quantitatis,
3099 2854 3158 2899 ut
3188 2861 3308 2914 qua:
3355 2844 3470 2898 sola
3521 2844 3723 2914 cogita-

456 2933 658 3001 μένας,
707 2929 998 3002 πράγματι
1022 2927 1079 2982 δὲ
1130 2926 1224 2981 τοῦ
1275 2926 1553 2997 συνεχοῦς,
1598 2926 1675 2988 ὡς
1705 2924 2042 2994 ἁδιαιρέτους

2145 2940 2293 2994 tione
2321 2939 2652 3005 dividantur,
2679 2953 2739 2992 re
2760 2946 2945 2992 autem
2968 2937 3201 2991 dicimus
3226 2951 3321 2990 eas
3369 2948 3490 2989 esse
3547 2948 3723 3001 quan-

457 3022 784 3094 πράγματι-
2145 3030 2316 3086 litatis
2353 3031 2663 3096 continuae,
2707 3039 2765 3083 ut
2798 3042 2919 3097 quae
2957 3043 3017 3082 rc
3057 3028 3173 3095 ipsa
3213 3042 3322 3080 non
3387 3024 3720 3079 dividantur.

529 3113 771 3176 Ἐνωσίς
823 3110 940 3203 ἔστι
991 3108 1297 3203 διεστώτων
1344 3110 1689 3181 πραγμάτων
1745 3105 2040 3178 κοινωνικὴ
2064 3140 2110 3203 C

2093 3140 2110 3202 ι
2219 3120 2353 3187 Quae
2383 3119 2599 3175 diversa
2627 3129 2777 3181 sunt.
2804 3117 2990 3172 multis
3021 3117 3197 3171 modis
3229 3129 3497 3170 concursu
3530 3122 3722 3167 mutuo

456 3205 762 3273 συνδρομή.
804 3201 1019 3255 Γίνεται
1063 3199 1119 3253 δὲ
1155 3200 1295 3254 κατὰ
1338 3200 1628 3272 διαφόρους
1663 3199 1920 3269 τρόπους.
1970 3198 2038 3253 Ἦ
2077 3198 2085 3203 ’

2094 3198 2109 3202 ’
2142 3224 2373 3284 possunt
2394 3213 2465 3267 ita
2497 3211 2780 3282 conjungi,
2812 3220 2872 3266 ut
2903 3224 3071 3263 unum
3102 3209 3231 3264 sint.
3249 3207 3342 3261 Vel
3362 3207 3723 3268 mistione.ut

452 3301 569 3370 τὰρ
598 3296 747 3351 κατά
771 3295 970 3365 κρᾶσιν
989 3332 1007 3356 ο
1029 3292 1104 3356 ὡς
1134 3293 1226 3345 ἒπὶ
1256 3292 1473 3363 ὗγρῶν,.
1507 3292 1651 3345 οἴνου
1678 3290 1773 3344 καὶ
1805 3289 1995 3352 ὓδατος
2016 3303 2037 3322 ο

2140 3305 2195 3363 in
2228 3306 2312 3369 iis.
2333 3321 2454 3373 quae
2474 3303 2675 3373 liquida
2697 3310 2853 3364 sunt.
2872 3300 3051 3370 qualia
3101 3308 3231 3353 sunt
3274 3298 3454 3352 vinum
3478 3305 3534 3351 et
3556 3311 3720 3364 aqua.

453 3394 490 3464 ἧ
518 3391 668 3443 κατὰ
703 3387 959 3456 σωρείαν,
988 3385 1062 3448 ὡς
1093 3386 1184 3439 ἐπὶ
1206 3384 1408 3455 ξηρῶν,
1446 3384 1595 3438 σίτου
1622 3383 1714 3436 καὶ
1743 3382 1938 3454 κριθῆς
1961 3396 1977 3413 ⁶
2001 3380 2036 3453 ἦ

2140 3393 2236 3451 Vel
2265 3411 2483 3455 acervo.
2519 3394 2658 3449 utin
2692 3392 2778 3457 iis,
2822 3406 2941 3459 qure
3006 3400 3135 3445 sunt
3190 3387 3365 3455 arida,
3419 3387 3579 3456 quale
3638 3393 3724 3441 est

455 3481 602 3536 κατᾶ
640 3478 875 3548 φύρσιν,
925 3475 1002 3538 ὡς
1050 3477 1142 3528 ἐπὶ
1192 3473 1359 3545 ξηροῦ
1406 3479 1501 3528 καὶ
1551 3473 1761 3545 ὑγροῦ,
1801 3473 1902 3544 γῆς
1944 3472 2039 3525 καὶ

2139 3488 2377 3544 triticum
2403 3495 2458 3541 et
2492 3485 2777 3541 hordeum.
2818 3482 2909 3539 Vel
2957 3481 3323 3542 imbibitione.
3356 3478 3495 3534 utin
3527 3478 3724 3533 humi-

460 3574 656 3636 ὓδατος
680 3588 695 3602 ·
722 3572 755 3641 ἢ
781 3568 924 3623 κατὰ
941 3566 1221 3637 ἀνάμιξιν,
1251 3566 1327 3630 ὡς
1355 3568 1448 3620 ὲπὶ
1467 3566 1742 3636 διαφόρων
1761 3565 2035 3636 ἀλεύρωνο

2137 3580 2209 3635 do
2233 3589 2289 3634 et
2314 3579 2484 3643 sicco,
2505 3577 2679 3647 qualis
2706 3584 2790 3631 est
2825 3583 2967 3630 terra
2994 3583 3048 3629 et
3070 3589 3234 3644 aqua.
3263 3572 3357 3629 Vel
3405 3571 3723 3626 remistione

470 3666 510 3733 ἢ
531 3668 663 3718 κατὰ
704 3663 988 3731 σύγχυσιν,
1021 3660 1095 3725 ὡς
1138 3661 1230 3713 ἐπὶ
1256 3661 1492 3731 νηκτῶν,
1526 3658 1726 3730 χρυσοῦ
1752 3661 1846 3713 καὶ
1870 3656 2039 3728 ἀργύ-

2139 3680 2201 3727 ut
2232 3671 2286 3725 in
2319 3670 2549 3726 diversis
2597 3668 2807 3723 l‘arinis.
2871 3666 2971 3721 Vel
3022 3665 3367 3729 confusione,
3415 3672 3475 3716 ut
3528 3662 3584 3716 in
3632 3662 3720 3725 iis,

481 3773 605 3828 pm.
640 3755 810 3825 κηροῦ
842 3755 937 3808 καὶ
973 3754 1206 3822 πίσσης·
1245 3752 1276 3824 ἢ
1315 3752 1457 3806 κατὰ
1489 3750 1795 3823 ἁρμονίαν,
1830 3750 1906 3813 ὡς
1943 3751 2038 3802 ἐπὶ

2139 3778 2257 3831 quae
2278 3760 2582 3830 liqueﬁunt,
2617 3759 2793 3827 qualia
2815 3766 2943 3812 sunt
2965 3772 3157 3812 aurum
3219 3763 3275 3809 et
3304 3762 3610 3825 argentum,
3665 3761 3722 3805 et

470 3848 629 3900 λίθων
649 3865 665 3879 ο
710 3848 744 3916 ἢ
779 3848 920 3899 κατὰ
956 3844 1259 3915 παράθεσιν
1278 3885 1293 3908 ,
1319 3844 1394 3907 ὡς
1423 3844 1516 3896 ἐπὶ
1546 3843 1760 3923 σανίδος
1780 3859 1796 3875 ο
1830 3841 1863 3913 ἢ
1896 3843 2037 3895 κατὰ

2138 3870 2261 3911 cera
2287 3862 2341 3909 et
2371 3853 2481 3921 pix.
2532 3850 2629 3907 Vel
2664 3846 3039 3919 congruentia.
3075 3854 3136 3900 ut
3162 3847 3213 3899 in
3262 3844 3560 3913 lapidibus.
3623 3840 3719 3894 Vel

462 3937 814 4007 συναλοιφὴν,
844 3937 918 4000 ὡς
953 3938 1046 3989 ἐπὶ
1084 3936 1365 4006 λαμπάδος
1403 3938 1466 3988 ὲκ
1497 3936 1670 4004 πυρὸς
1699 3934 2037 4005 προερχομέ-

2138 3947 2583 4016 appositione,ut
2623 3941 2676 3996 in
2707 3937 2922 3993 tabulis.
2976 3936 3072 3991 Vel
3115 3935 3520 4003 conjunctione,
3569 3940 3627 3985 ut
3663 3931 3718 3984 in

452 4050 572 4101 νης,
599 4024 876 4091 καὶοαῦθις
905 4028 1197 4098 ἑνουμένης
1223 4045 1235 4056 ο
1260 4028 1434 4098 ἥκατ’
1465 4026 1759 4093 ούσίαν,ὠς
1787 4027 1880 4079 ἐπὶ
1914 4025 2039 4079 ἀτό-

2138 4037 2410 4108 lnmpade,
2436 4051 2557 4105 quae
2586 4050 2653 4089 ex
2686 4034 2811 4103 igne
2844 4028 3227 4101 proﬁciscitur.
3266 4036 3321 4081 et
3345 4042 3561 4081 rursum
3585 4039 3720 4080 con-

452 4143 599 4191 μων,
634 4124 843 4190 Πέτρου
870 4124 967 4175 καὶ
994 4119 1236 4185 Παύλου,
1258 4121 1292 4190 ἢ
1324 4118 1485 4174 τινῶν
1513 4119 1717 4185 ἵππων,
1749 4119 1784 4190 ἢ
1813 4119 1973 4189 βοῶν,
2000 4118 2033 4189 ἢ

2135 4129 2401 4200 jungitur.
2434 4126 2532 4182 Vel
2561 4124 2819 4187 essentia.
2846 4132 2904 4178 ut
2937 4123 2991 4176 in
3020 4120 3338 4178 individuis.
3370 4119 3562 4187 quales
3592 4123 3721 4171 sunt

446 4216 660 4283 ἑτέρων
707 4212 898 4276 ζώων·
946 4214 979 4281 ἢ
1030 4210 1173 4264 κατὰ
1226 4210 1432 4279 σχέσιν,
1477 4210 1551 4272 ὡς
1597 4211 1687 4262 lati.
1728 4210 1902 4278 φίλων
1941 4212 2039 4263 καὶ

2138 4220 2337 4275 Petrus
2364 4224 2421 4272 et
2444 4215 2663 4276 Paulus.
2693 4221 2789 4268 aut
2833 4210 3001 4281 aliqui
3051 4210 3135 4265 vel
3192 4209 3342 4278 equi,
3395 4206 3477 4259 vel
3530 4204 3717 4264 boves,

447 4304 714 4375 γνωμιῖιν.
757 4305 834 4368 είς
861 4303 921 4356 ἓν
956 4303 1614 4372 θέλημασυνερχομένων
1638 4315 1654 4332 ⁸
1680 4302 1715 4372 ἢ
1746 4303 1888 4356 κατά
1914 4300 2038 4355 σύν-

2139 4318 2235 4364 aut
2260 4308 2371 4364 alia
2403 4306 2678 4361 animalia.
2705 4302 2804 4358 Vel
2836 4302 3048 4365 bahitu,
3091 4308 3152 4355 ut
3174 4299 3230 4353 in
3261 4295 3454 4353 amicis
3483 4305 3538 4349 et
3588 4308 3720 4347 sen-

451 4398 631 4459 θεσιν,
664 4397 739 4459 ὡς
768 4396 860 4449 ἐπὶ
891 4395 1071 4465 ψυχῆς
1106 4394 1203 4448 καὶ
1234 4394 1505 4464 σώματος.
1549 4394 1614 4446 Ἦ
1647 4394 1705 4447 δὲ
1743 4393 1865 4447 καθ’
1903 4394 2035 4447 ὑπό-

2141 4398 2328 4455 tentiis
2383 4397 2439 4450 in
2488 4409 2650 4449 unam
2700 4393 3033 4447 voluntatem
3090 4387 3569 4444 convenientibus.
3622 4381 3720 4436 Vel

452 4504 650 4542 στασιν
706 4488 796 4540 ἐπὶ
839 4487 1010 4554 μόνης
1051 4487 1263 4550 λέγεται
1303 4486 1400 4557 τῆς
1438 4488 1496 4539 ἐν
1517 4485 1739 4557 Χριστῷ
1784 4486 2037 4557 Θεότητος
2070 4476 2081 4532 1

2089 4478 2115 4532 )
2141 4489 2559 4560 compositione.
2588 4496 2648 4541 ut
2668 4486 2727 4539 in
2756 4484 2960 4549 anima,
2985 4491 3042 4537 et
3059 4494 3310 4550 corpore.
3331 4479 3426 4534 Vel
3458 4491 3718 4547 persona.

449 4582 551 4635 καὶ
580 4578 1020 4648 ἁνθρωπότητος.
1063 4577 1418 4647 Ἐδογμάτισε
1442 4578 1499 4630 δὲ
1530 4578 1734 4649 ταύτην
1761 4579 1979 4648 πρῶτος
2007 4580 2037 4631 ὁ

2093 4560 2095 4562 ν
2135 4581 2215 4643 id.
2246 4580 2393 4649 quod
2417 4579 2486 4633 de
2527 4577 2640 4632 sola
2668 4573 2954 4631 divinitate
2980 4582 3036 4626 et
3066 4570 3404 4626 humanitate
3426 4570 3479 4623 in
3501 4567 3722 4622 Christo

446 4676 506 4726 ἐν
544 4672 725 4739 ἁγίοις
755 4668 1046 4739 Κύριλλος.
1079 4668 1379 4739 Νεστορίου
1410 4669 1519 4739 γὰρ
1555 4669 1698 4723 κατὰ
1733 4670 1918 4741 σχέσιν
1950 4687 2038 4739 γε·

2137 4672 2360 4728 dicitur.
2421 4669 2537 4725 Hoc
2589 4678 2768 4723 autem
2821 4662 3234 4735 conjunctionis
3290 4676 3465 4732 genus
3513 4660 3721 4729 primus

372 4754 378 4759 ’
446 4762 642 4817 νέσθαι
682 4760 779 4832 τὴν
822 4760 1019 4813 ἕνωσιν
1049 4759 1159 4813 τῶν
1200 4761 1257 4813 ἐν
1300 4760 1525 4830 Χριστῷ
1561 4760 1656 4813 δύο
1700 4760 1916 4830 φύσεων
1955 4761 2001 4814 δι

2135 4765 2359 4821 tradidit
2381 4772 2605 4820 sanctus
2632 4760 2881 4833 Cyl-illus,
2911 4773 3036 4812 cum
3074 4764 3405 4827 repugnaret
3445 4752 3718 4816 Nestor-io,

446 4857 783 4919 δάσκοντος,
848 4852 1013 4915 αὑτὸς
1083 4852 1608 4921 ἀντικαθιστάμενος
1673 4854 1743 4924 τῇ
1805 4854 2034 4923 τοιαύτῃ

2134 4860 2226 4930 qui
2284 4858 2514 4914 duarum
2562 4858 2617 4912 in
2665 4856 2889 4911 Christo
2930 4864 3256 4909 naturarum
3314 4847 3716 4919 copulationem

453 4945 783 5018 βλασφημίᾳ
812 4944 910 5016 τὴν
942 4945 1067 4999 καθ’
1097 4944 1397 4998 ὑπόστασιν
1428 4946 1695 5015 είσήγαγε
1718 4984 1733 5011 ,
1763 4943 2034 5014 δηλοῦσαν

2135 4955 2324 5010 habitu
2363 4952 2478 5006 ﬁeri
2526 4951 2778 5013 docebat,
2825 4946 3185 5003 Exsecrandae
3218 4943 3365 4998 enim
3405 4943 3554 4997 illius
3582 4940 3719 4994 resi-

446 5042 532 5094 ὃτι
571 5039 715 5091 κατὰ
750 5037 881 5107 μίαν
916 5037 1254 5099 ὑπόστασιν,
1289 5036 1457 5106 ἧγςυν
1490 5037 1569 5098 είς
1606 5035 1665 5089 ἓν
1700 5036 2031 5105 πρόσωπον,

2134 5058 2288 5103 stens
2313 5044 2584 5116 opinioni,
2609 5043 3072 5113 conjunctionem,
3105 5054 3227 5108 quae
3252 5038 3312 5092 lit
3336 5053 3432 5107 per
3459 5037 3717 5104 hyposta-

444 5131 760 5201 ἠνὼθησαν.
808 5130 904 5180 'Ev
943 5127 1235 5191 πρόσωπον
1265 5126 1423 5196 ἔσχον
1452 5128 1508 5179 al
1539 5125 1634 5179 δύο
1668 5124 1863 5196 φύσεις
1884 5162 1901 5184 ,
1936 5126 2033 5179 καὶ
2066 5153 2073 5172 ι

2091 5137 2237 5192 ὀίω
2267 5136 2385 5190 sive
2424 5149 2740 5204 personam,
2772 5132 3008 5193 induxit.
3068 5145 3174 5199 qua
3230 5128 3352 5185 duae
3406 5137 3618 5182 natura:
3664 5124 3720 5177 in

441 5225 506 5275 ού
549 5222 646 5273 δύο
685 5219 827 5273 κατὰ
870 5220 964 5271 τὸν
1004 5218 1167 5286 λῆρον
1203 5218 1519 5285 Νεστόριον.
1561 5216 1895 5281 Λέγεταιλδδ
1920 5217 2032 5293 Δ,καὶ

2136 5239 2243 5280 una
2286 5240 2543 5295 persona,
2564 5239 2675 5279 non
2708 5232 2891 5279 autem
2921 5223 2976 5277 in
3001 5222 3234 5285 duabus.
3292 5227 3351 5274 ut
3401 5218 3562 5286 nugis
3606 5213 3719 5268 suis

439 5312 709 5381 οὐςιὼδης
745 5313 779 5380 ὴ
812 5310 1041 5379 τοιαύτη
1082 5309 1299 5374 ῑνωσις,
1347 5310 1520 5380 ήγουν
1560 5309 1791 5380 ἀληθὴς.
1829 5310 1926 5362 καὶ
1965 5310 2027 5362 ού
2060 5345 2068 5359 ι

2130 5317 2411 5372 asserebat
2442 5316 2749 5378 Nestor-ius.
2778 5316 3128 5385 copulantur.
3156 5313 3364 5367 Dicitur
3394 5318 3575 5362 autem
3602 5305 3718 5356 haec

441 5407 591 5461 κατὰ
626 5402 958 5472 φαντασίαν.

2130 5416 2187 5461 8t
2228 5411 2641 5476 petessentiam
2656 5407 2997 5476 coniunctio,
3027 5405 3173 5476 quod
3202 5418 3327 5459 vera
3368 5400 3461 5463 sit.
3483 5412 3590 5451 non
3616 5410 3717 5449 au-

2132 5508 2239 5553 tem
2272 5498 2383 5553 sola
2402 5498 2663 5570 opinione
2693 5498 2952 5568 ﬁngatur.

517 5586 627 5639 Καὶ
654 5584 831 5645 ἄλλως
858 5581 917 5634 δὲ
951 5579 1071 5634 καθ’
1109 5578 1410 5633 ὑπόστασιν
1444 5580 1642 5642 ἓνωσις
1675 5581 1824 5634 ἐστιν
1853 5580 1887 5648 ή
1918 5581 2027 5633 τῶν

2199 5590 2373 5645 Aliter
2395 5590 2563 5645 etiam
2594 5606 2679 5652 ea,
2712 5603 2834 5659 qum
2866 5589 3097 5644 diversa
3131 5592 3261 5638 sunt
3311 5578 3566 5635 essentia:
3612 5589 3712 5644 per

438 5676 805 5743 ὲτεροουσίων
832 5674 909 5735 είς
944 5672 1072 5740 μίαν
1098 5671 1398 5725 ὑπόστασιν
1433 5670 1671 5734 σύνοδος,
1708 5672 2027 5744 σωζομένης

2130 5698 2295 5737 unam
2324 5698 2611 5753 personam
2625 5681 2704 5737 sic
2721 5680 3148 5750 conjunguntur,
3176 5682 3236 5727 ut
3258 5688 3429 5727 unum
3459 5670 3571 5724 sint
3588 5681 3722 5735 sua,

440 5770 660 5838 ἑκάστῳ
690 5768 785 5821 καὶ
819 5764 961 5836 μετὰ
991 5765 1088 5837 τὴν
1120 5762 1318 5818 ἕνωσιν
1341 5764 1441 5832 τῆς
1465 5766 1702 5836 φυσικῆς
1739 5765 2023 5834 ἰδιότητος.

2130 5774 2331 5845 cuique
2356 5773 2441 5827 vel
2470 5779 2594 5843 post
2620 5770 3073 5842 conjunctiouem
3101 5774 3315 5822 servata
3350 5757 3713 5835 proprietate.
