4126 6404
334 352 436 414 231
489 389 494 394 -

1583 351 1898 409 EUTHYM
1914 348 1969 406 ll
2011 345 2372 407 ZIGABENI

3489 344 3599 408 25?.

337 468 469 531 Qua:
494 463 717 530 quidem
753 463 1072 532 coniunctio
1112 435 1346 530 quadrat
1399 460 1564 514 etiam
1621 458 1816 516 animae
1875 467 1928 510 et

2052 455 2202 507 Γοῦτο
2223 453 2278 506 δὲ
2310 453 2604 521 ἁρμόσειεν
2639 451 2705 504 ἂν
2749 452 2844 504 καὶ
2878 451 2973 504 ἐπὶ
3012 449 3193 521 ψυχῆς
3223 451 3318 504 καὶ
3349 449 3602 519 σώματος

340 562 562 632 corpori
598 562 652 615 in
674 577 838 616 unam
857 561 1186 616 coeuntibus
1205 573 1520 630 personam,
1547 567 1607 612 ut
1626 557 1918 611 Damasce-

343 671 448 709 nus
467 653 708 709 edocuit.

415 747 668 813 Ejusdem
694 746 894 800 dicitur
921 759 1044 798 esse
1077 757 1322 812 personat
1371 741 1450 802 id.
1507 741 1652 810 quod
1715 741 1769 793 in
1817 755 1923 794 una

345 838 648 906 eademque
711 852 943 906 persona
989 851 1113 890 cum
1187 835 1297 887 alio
1347 848 1376 886 a
1433 849 1544 902 quo
1591 831 1812 886 differre
1840 847 1927 885 es—

345 928 524 982 sentia
549 927 916 996 conjungitur,
949 935 1011 980 ut
1035 927 1090 979 in
1129 924 1310 979 anima
1332 938 1549 992 quoque
1583 923 1643 976 lit
1699 933 1755 976 et
1805 937 1929 976 cor-

347 1033 498 1088 pore.

418 1108 683 1161 Omnibus
706 1108 868 1161 rebus
897 1107 1168 1162 immistus
1194 1118 1279 1161 est
1307 1106 1451 1160 Deus
1477 1121 1575 1174 per
1603 1104 1928 1176 potentiam,

346 1209 602 1253 naturam
638 1200 905 1266 cujusque
944 1207 1222 1267 regentem
1253 1208 1306 1251 et
1344 1205 1784 1262 conservantem,
1843 1196 1936 1251 Fi-

347 1290 454 1342 lius
495 1301 675 1342 autem
699 1297 755 1340 et
775 1290 921 1342 Deus
954 1302 1078 1342 cum
1119 1287 1462 1342 humanitate
1505 1297 1781 1358 assumpta
1832 1290 1934 1341 mi-

348 1388 466 1432 81118
491 1387 575 1431 est
610 1393 706 1444 per
744 1392 1056 1445 personam.

420 1468 536 1532 Qua
568 1469 776 1521 ratione
798 1467 943 1520 Patri
979 1467 1304 1536 conjunctus
1322 1475 1406 1522 est
1435 1465 1712 1526 Christus,
1743 1465 1934 1520 eadem

353 1566 408 1612 et
428 1559 589 1613 nobis
611 1560 944 1629 conjunctus
970 1566 1075 1620 est,
1100 1573 1198 1628 per
1229 1557 1481 1611 naturam
1531 1557 1814 1611 nimirum.
1874 1557 1940 1610 Et

353 1665 459 1714 qua
485 1651 693 1704 ratione
727 1650 960 1705 diﬂ'erta
1006 1651 1192 1710 Patre.
1242 1649 1433 1703 eadem
1481 1665 1511 1702 a
1567 1649 1728 1704 nobis
1771 1650 1938 1704 etiam

357 1743 565 1805 diﬂ'crt,
599 1756 800 1808 nempe
829 1757 927 1810 per
959 1756 1271 1811 personam,
1295 1741 1393 1794 sibi
1414 1749 1592 1794 autem
1626 1756 1724 1809 per
1751 1755 1939 1809 perso-

357 1850 479 1889 nam
510 1833 564 1886 in
587 1849 755 1886 unum
777 1833 1082 1901 copulatur,
1116 1847 1215 1900 per
1253 1841 1503 1885 naturam
1558 1846 1690 1886 vero
1747 1831 1941 1886 dividi-

360 1936 466 1980 tur.
499 1925 715 1978 Etcum
751 1925 914 1978 Patre
951 1923 1170 1992 quidem
1207 1930 1262 1977 et
1309 1922 1595 1977 nobiscum
1654 1932 1739 1977 est
1791 1923 1942 1992 ejus-

357 2019 480 2071 dem
517 2025 744 2080 naturae,
781 2030 890 2068 non
919 2024 1101 2069 autem
1129 2014 1373 2082 ejusdem
1430 2029 1698 2083 personae,
1753 2029 1939 2068 secum

356 2114 537 2160 autem
569 2105 687 2174 ipse
709 2105 953 2175 ejusdem
983 2119 1252 2174 personae,
1309 2118 1420 2157 non
1474 2111 1658 2156 autem
1695 2103 1938 2171 ejusdem

358 2205 588 2250 naturai.
613 2195 670 2250 In
697 2211 762 2250 eo
789 2210 1028 2265 namque
1055 2204 1265 2250 naturae
1284 2202 1415 2248 sunt
1439 2194 1581 2259 duae,
1603 2202 1658 2249 et
1674 2210 1782 2248 una
1803 2195 1944 2248 dun-

359 2301 507 2344 taxat
513 2303 778 2358 persona.

430 2382 658 2446 Quando
689 2383 762 2445 id,
789 2382 934 2451 quod
948 2379 1310 2447 compositum
1342 2387 1650 2440 est,curuut
1682 2375 1939 2444 partium,

360 2491 428 2528 ex
455 2473 650 2543 quibus
679 2481 914 2536 constat,
958 2472 1279 2526 nominibus
1299 2471 1572 2540 appellare
1602 2483 1712 2522 non
1747 2483 1942 2534 possu-

365 2582 504 2630 mus,
538 2565 869 2635 tuncipsatn
922 2573 1172 2618 naturam
1227 2578 1390 2616 unam
1463 2561 1711 2615 absolute
1757 2561 1943 2614 dicere

361 2658 769 2722 consuevimus,
805 2665 864 2709 ut
909 2671 1127 2724 corpus,
1170 2655 1312 2723 quod
1345 2669 1408 2707 ex
1454 2663 1689 2721 quatuor
1731 2659 1945 2706 constat

361 2749 669 2811 elementis,
697 2758 865 2812 terra,
900 2763 1060 2815 aqua,
1084 2761 1232 2811 aere,
1258 2754 1314 2799 et
1351 2745 1495 2815 igne,
1529 2759 1653 2798 eum
1717 2745 1937 2813 proprie

361 2854 468 2894 nec
490 2847 718 2906 terram,
754 2853 857 2893 nec
878 2853 1096 2908 aquam,
1128 2851 1230 2890 nec
1270 2851 1474 2902 aerem,
1509 2850 1608 2889 nec
1634 2835 1809 2906 ignem
1851 2851 1947 2889 ΒΟ·

363 2928 579 2983 minare
611 2930 905 2999 possimus,
945 2927 1092 2997 quod
1126 2928 1243 2983 haec
1287 2927 1555 2997 simplicia
1623 2927 1758 2990 sint,
1811 2925 1945 2980 illud

364 3021 754 3090 compositum,
791 3035 953 3074 unam
979 3021 1155 3090 ipsam
1178 3027 1430 3074 naturam
1459 3019 1710 3088 corporis
1755 3020 1946 3088 appel-

2023 547 2104 608 είς
2153 544 2286 614 μίαν
2320 544 2632 597 ἑνωθέντων
2663 543 2987 608 ὑπόστασιν,
3039 543 3116 606 ὡς
3165 543 3196 596 ό
3239 544 3604 614 Δαμασκηνὸς

2025 634 2283 700 ἐδίδαξεν.

2110 726 2560 794 Ὀμοῦπόστατόν
2613 726 2729 779 ἐστι
2759 726 2823 778 τὸ
2871 726 2954 789 ε’ίς
2987 725 3121 796 μίαν
3165 726 3260 779 καὶ
3303 726 3405 796 τὴν
3436 726 3606 798 αὐτὴν

2027 816 2330 870 ὑπόστασιν
2353 818 2500 887 ἄλλῳ
2531 817 2970 886 συντεθειμένον,
3001 817 3258 887 διαφέρον
3286 817 3344 870 δὲ
3377 817 3512 886 πρὸς
3545 818 3607 870 τὸ

2032 908 2165 960 αὐτὸ
2198 909 2342 962 κατὰ
2371 908 2469 977 τὴν
2506 909 2718 974 οὐσίαν,
2765 907 2842 972 ὥς
2865 908 2958 961 ἐπὶ
2983 907 3164 978 ψυχῆς
3201 907 3298 960 καὶ
3331 907 3603 972 σώματος.

2104 1084 2248 1136 Ilth
2283 1083 2382 1152 μὲν
2429 1083 2766 1154 ἐγκέκραται
2804 1085 2832 1136 ό
2866 1082 3000 1147 Θεὸς
3041 1083 3188 1136 κατὰ
3228 1083 3330 1151 τὴν
3361 1099 3612 1135 συνεκτι-

2032 1171 2136 1243 κὴν
2160 1175 2393 1243 δύναμιν
2421 1174 2523 1243 τῆς
2578 1177 2636 1226 ὲν
2687 1174 2904 1244 ἑκάστῳ
2935 1173 3169 1242 φύσεως,
3211 1174 3240 1225 ό
3267 1173 3324 1226 δὲ
3358 1173 3485 1233 Tib;
3513 1176 3610 1226 καὶ

2033 1265 2168 1328 Θεὸς
2212 1266 2292 1334 τῷ
2320 1264 2718 1334 προσλήμματι
2743 1265 2871 1318 καθ’
2900 1265 3199 1318 ὑπόστασιν
3224 1265 3610 1336 ἐγκαταμέμιο

2037 1376 2188 1412 κται.

2107 1443 2178 1522 Ὦ
2210 1449 2352 1519 λόγῳ
2378 1451 2406 1503 ό
2426 1450 2662 1520 Χριστὸς
2697 1451 2906 1522 ῆιωται
2955 1449 3034 1518 τῷ
3082 1449 3280 1520 ῐΙατρὶ,
3307 1451 3484 1521 τούτῳ
3513 1453 3611 1506 καὶ

2036 1540 2172 1607 ἡμῖν
2193 1555 2209 1570 ο
2239 1540 2379 1592 κατὰ
2407 1540 2508 1610 τὴν
2541 1541 2702 1608 φύσιν
2735 1539 2843 1610 γάρ
2870 1539 2964 1593 καὶ
2989 1537 3034 1610 ᾣ
3064 1540 3210 1609 λόγῳ
3234 1539 3487 1611 διῄρηται
3515 1539 3610 1593 τοῦ

2039 1631 2276 1696 Πατρὸῖ,
2297 1630 2472 1701 τούτῳ
2502 1631 2595 1684 καὶ
2625 1631 2784 1700 ἡμῶν
2805 1648 2818 1662 ο
2859 1631 2998 1685 κατὰ
3016 1632 3116 1701 τὴν
3155 1633 3455 1685 ὑπόστασιν
3478 1632 3609 1702 γάρ’

2041 1721 2223 1792 ἐαυτῷ
2266 1722 2323 1774 δὲ
2377 1723 2522 1776 κατὰ
2562 1723 2659 1790 μὲν
2699 1722 2796 1794 τὴν
2843 1723 3142 1777 ὑπόστασιν
3192 1725 3434 1794 ἥνωται,
3470 1723 3613 1778 κατὰ

1973 1785 2012 1839 Β
2041 1811 2097 1862 δὲ
2121 1785 2220 1880 τὴν
2250 1814 2416 1880 φύσιν
2443 1785 2717 1884 διῄρηται.
2752 1785 2865 1867 Καὶ
2899 1813 3016 1866 εστι
3046 1814 3126 1884 τῷ
3157 1785 3257 1884 μέν
3283 1785 3464 1886 Πατρὶ
3513 1817 3614 1869 καὶ

2043 1904 2178 1972 ἡμῖν
2240 1905 2512 1972 όμοφυὴς,
2567 1905 2628 1957 οὐ
2687 1906 2795 1975 μὴν
2841 1906 3282 1976 όμοῦπόστατος’
3337 1907 3519 1976 ἑαυτῷ
3557 1907 3615 1960 δὲ

2044 1997 2480 2063 όμοῑπόστατος,
2507 1997 2568 2049 οὐ
2597 1997 2704 2067 μὴν
2733 1998 3000 2066 ὁμοφυής.
3036 1996 3183 2051 Διότι
3205 1998 3264 2052 αί
3295 1997 3396 2068 μὲν
3425 1996 3616 2067 φύσεις

2045 2088 2104 2141 ὲν
2128 2087 2277 2156 αὐτῷ
2311 2087 2424 2154 δύο,
2461 2089 2557 2159 μία
2583 2089 2640 2142 δὲ
2663 2091 2697 2160 ἠ
2729 2089 3050 2154 ὑπόστασις.

2115 2377 2190 2430 Τὸ
2212 2377 2266 2429 δὲ
2293 2375 2547 2429 σύνθετον
2569 2375 2765 2445 μηκέτι
2782 2375 3055 2446 δυνάμεθα
3077 2375 3280 2445 κυρίως
3299 2375 3483 2429 καλεῖν
3504 2392 3616 2438 τοις

2045 2471 2273 2540 ὀνόμασι
2313 2471 2424 2523 τῶν
2473 2472 2682 2541 μερῶν,
2734 2471 2792 2536 ἐξ
2850 2465 2923 2524 ὧν
2963 2472 3244 2542 συνετέθη.
3302 2470 3437 2524 Τότε
3488 2472 3618 2542 μίαν

2047 2563 2197 2632 αὐτῷ
2223 2562 2386 2629 φύσιν
2425 2561 2708 2624 ὰπολύτως
2751 2562 2934 2629 λέγειν
2973 2562 3264 2633 εἰώθαμεν·
3315 2557 3426 2615 οἷον
3462 2563 3523 2616 τδ
3552 2562 3615 2615 ἐκ

2047 2655 2333 2724 τεσσάρων
2368 2655 2648 2725 στοιχείων
2689 2654 3047 2724 συγκείμενον
3085 2655 3396 2724 οἱονδήποτε
3433 2653 3614 2723 σῶμα,

2046 2745 2172 2813 γῆς,
2225 2745 2440 2810 ὕδατος,
2492 2745 2672 2812 ἀέρος,
2716 2745 2909 2816 πυρὸς,
2947 2747 3022 2816 μὴ
3071 2745 3360 2815 δυνάμενοι
3415 2745 3618 2814 κυρίως

2050 2835 2232 2888 καλεῖν
2259 2836 2290 2906 ἢ
2325 2837 2449 2909 γῇν,
2477 2837 2508 2905 ἢ
2542 2837 2704 2906 ὕδωρ,
2731 2837 2762 2908 ἢ
2789 2837 2949 2907 ἀέρα,
2988 2837 3161 2907 ῆπῦρ,
3186 2836 3358 2890 ταῦτα
3390 2837 3490 2905 μὲν
3509 2836 3620 2905 γὰρ

2050 2926 2215 2990 ἁπλᾶ,
2245 2929 2421 2981 ἐκεῖνο
2457 2928 2514 2982 δὲ
2538 2927 2818 2991 σύνθετον,
2860 2928 2992 2997 μίαν
3017 2929 3146 2980 αὐτὸ
3179 2928 3343 2996 φύσιν
3367 2927 3618 2995 σώματος

2051 3020 2413 3090 ὀνομάζομεν.
2475 3020 2632 3074 Οὕτω
2683 3021 2742 3074 δὲ
2793 3019 2978 3086 λοιπὸν
3023 3021 3117 3072 καὶ
3159 3020 3249 3072 τὸν
3309 3019 3619 3086 ἄνθρωπον,

365 3106 563 3162 lamus.
597 3107 692 3162 Sic
716 3108 847 3162 item
879 3109 1180 3170 hominem,
1218 3123 1344 3164 cum
1405 3108 1628 3178 proprie
1679 3125 1784 3163 nec
1826 3111 1942 3164 ani-

2052 3112 2272 3182 ὲπείπερ
2297 3113 2358 3166 οὐ
2380 3111 2656 3181 δυνάμεθα
2681 3113 2886 3182 κυρίως
2904 3111 3088 3164 καλεῖν
3109 3111 3140 3182 ἢ
3164 3110 3362 3180 ψυχὴν,
3389 3109 3420 3178 ἢ
3442 3109 3620 3176 σῶμα,

366 3213 536 3264 mam,
563 3213 666 3254 nec
691 3215 912 3268 corpus,
939 3215 1004 3253 ex
1024 3200 1222 3268 quibus
1248 3200 1588 3268 compositus
1614 3209 1716 3265 est,
1742 3216 1944 3256 vocare

365 3295 664 3354 valeamus,
698 3289 843 3358 quod
881 3289 984 3343 alia
1021 3290 1092 3343 sit
1117 3290 1330 3354 anima,
1361 3290 1463 3344 alia
1513 3291 1786 3360 corporis,
1841 3292 1944 3346 alia

367 3379 607 3434 hominis
629 3379 898 3442 deﬁnitio,
923 3396 1084 3434 unam
1107 3396 1173 3435 ex
1197 3391 1427 3450 utroque
1471 3390 1812 3436 constantem
1847 3398 1948 3437 na-

369 3469 817 3526 turamdicimus.
837 3469 1159 3538 Quanquam
1211 3469 1508 3539 Scriptura:
1561 3485 1678 3526 mos
1725 3481 1831 3534 est,
1887 3481 1949 3526 ut

369 3561 624 3614 libertate
655 3561 897 3630 Spiritus
922 3571 1082 3616 utens
1116 3577 1180 3614 ex
1224 3568 1378 3631 parte
1406 3570 1578 3616 totum
1611 3562 1946 3618 denominet.

370 3651 430 3705 ιιι
454 3652 674 3706 Christo
694 3662 878 3706 autem
903 3653 1219 3722 conjunctio
1239 3656 1336 3708 'est
1361 3651 1652 3722 ejusmodi,
1680 3663 1739 3708 ut
1765 3654 1948 3710 verbis

370 3751 606 3812 nequeat
641 3744 926 3814 explicari,
954 3744 1062 3799 imo
1101 3759 1172 3798 ne
1204 3743 1438 3799 hominis
1495 3743 1714 3814 quidem
1765 3754 1950 3801 mente

371 3837 786 3904 comprehendi.
847 3835 1031 3905 Neque
1077 3837 1226 3892 enim
1275 3837 1436 3892 aliam
1493 3838 1598 3893 sibi
1659 3853 1950 3908 personam

373 3924 614 3980 Verbum
638 3927 908 3993 adjunxit,
944 3927 1040 3981 sed
1077 3933 1328 3980 naturam
1353 3929 1651 3981 humanam
1677 3943 1742 3981 ea
1777 3928 1952 3982 ratio-

377 4033 469 4082 ne,
503 4033 666 4086 quam
701 4021 818 4087 ipse
846 4017 1021 4081 novit,
1054 4019 1349 4087 assumpsit
1378 4032 1628 4087 personae
1655 4033 1784 4083 suae,
1823 4019 1951 4072 etin

375 4117 434 4163 se
455 4108 594 4178 ipso,
618 4118 677 4161 ut
699 4109 1101 4178 magisproprie
1123 4109 1324 4174 dicam,
1345 4109 1656 4178 supposuit.
1680 4107 1951 4174 Quoniam

377 4209 560 4253 autem
596 4200 796 4268 ipsum,
822 4200 915 4268 qui
947 4215 1013 4253 ex
1050 4199 1340 4254 divinitate
1379 4208 1596 4254 constat
1646 4207 1702 4254 et
1755 4201 1956 4254 huma-

382 4289 580 4354 nitate,
614 4291 878 4358 partium,
911 4305 1032 4358 quae
1061 4289 1115 4342 in
1147 4289 1269 4358 ipso
1302 4290 1564 4357 copulata;
1604 4297 1754 4356 sunt,
1782 4291 1956 4346 nomi-

381 4381 547 4436 nibus
576 4383 793 4451 proprie
821 4396 1116 4452 possumus
1165 4382 1440 4451 appellare
1469 4399 1484 4448 ;
1524 4382 1746 4452 preprie
1803 4383 1952 4436 enim

2050 3207 2108 3272 ἐξ
2138 3198 2213 3258 ὧν
2244 3206 2529 3275 συνετέθη.
2578 3206 2706 3259 ἄλλο
2761 3204 2870 3276 γάρ
2925 3205 3050 3276 ὅρος
3109 3203 3309 3273 ψυχῆς,
3356 3203 3446 3256 καὶ
3495 3202 3625 3257 ἄλλο

2053 3282 2324 3367 σώματος,
2363 3298 2455 3352 καὶ
2504 3297 2631 3352 ἄλλο
2679 3297 2967 3366 ἀνθρώπου
3011 3296 3106 3361 τοῦ
3157 3297 3215 3360 ἐξ
3241 3295 3464 3364 ἀμφοῖν,
3493 3294 3627 3362 μίαν

2053 3390 2215 3456 φύσιν
2268 3388 2456 3442 τοῦτον
2495 3389 2981 3459 προσαγορεύομεν
3009 3403 3023 3417 ’
3076 3388 3126 3440 εί
3169 3387 3258 3439 καὶ
3296 3385 3524 3455 σύνηθες
3561 3387 3626 3453 τῇ

2054 3482 2250 3552 Γραφῇ
2279 3481 2539 3542 πολλάκις
2567 3485 2634 3552 τῇ
2675 3479 2959 3550 ἐλευθερίᾳ
2986 3478 3302 3554 κεχρημένη
3332 3476 3424 3530 τοῦ
3460 3479 3630 3530 Πνεύ-

2057 3589 2227 3642 ματος
2290 3573 2352 3624 ἐκ
2395 3571 2490 3624 τοῦ
2539 3572 2740 3642 μέρους
2789 3570 2851 3623 τὸ
2897 3569 3017 3622 ὅλον
3065 3568 3372 3636 ὀνομάζειν.
3420 3567 3543 3621 Ἐπὶ
3572 3568 3631 3622 δὲ

2053 3665 2146 3718 τοῦ
2183 3665 2422 3734 Χριστοῦ
2454 3665 2730 3735 ἄφραστος
2787 3662 2885 3732 μὲν
2926 3663 2959 3734 ἡ
3013 3662 3243 3724 ἔνωσις·
3303 3662 3362 3714 οὐ
3397 3663 3506 3732 γάρ
3561 3661 3630 3715 ἄν

2057 3757 2303 3824 ὲφὶκοιτο
2341 3756 2543 3824 ταύτης
2579 3753 2918 3824 ἀνθρώπινος
2961 3753 3104 3816 νοῦς.
3142 3753 3282 3806 Οὐδὲ
3324 3753 3430 3822 γὰρ
3499 3755 3632 3806 ὑπό-

2057 3865 2249 3903 στασιν
2289 3849 2484 3920 ἑτέραν
2528 3849 2555 3901 ό
2601 3847 2775 3915 Λόγος
2807 3847 3019 3917 ἥνωσεν
3061 3846 3261 3915 ἑαυτῷ,
3308 3845 3444 3901 ἀλλὰ
3470 3845 3632 3913 φύσιν

2057 3939 2432 4009 ἀνθρωπίνην,
2468 3937 2543 4002 ὡς
2588 3939 2749 4008 μόνος
2782 3938 2945 4000 αὐτὸς
2985 3935 3117 4000 οἶδε,
3155 3941 3220 4007 τῇ
3258 3937 3452 3990 ἑαυτοῦ
3503 3939 3633 3991 ὑπο-

2062 4028 2250 4080 στάσει
2300 4027 2502 4098 ῆνωσε,
2552 4027 2646 4078 καὶ
2699 4026 2756 4077 ἐν
2809 4023 3007 4094 ἑαυτῷ,
3063 4023 3400 4096 κυριώτερον
3427 4027 3630 4092 εἰπεῖν,

2059 4119 2389 4187 ὑπέστησεν.
2417 4117 2569 4170 Ἐπεὶ
2594 4116 2651 4170 δὲ
2684 4117 2845 4170 αὐτὸν
2871 4118 2936 4169 ὲκ
2959 4115 3211 4183 θεότητος
3232 4116 3324 4167 καὶ
3347 4114 3632 4184 ἀνθρωπό-

2065 4227 2226 4280 τητος
2283 4211 2414 4264 ὄντα
2450 4208 2732 4277 δυνάμεθα
2787 4208 2989 4278 κυρίως
3042 4207 3225 4260 λαλεῖν
3254 4209 3366 4270 τοῖς
3404 4209 3635 4277 ὀνόμασι

2059 4303 2167 4358 τῶν
2219 4301 2526 4357 ἑνωθέντων
2589 4299 2792 4371 μερῶν,
2848 4299 2982 4352 Θεὸν
3031 4299 3140 4369 γὰρ
3194 4299 3357 4353 αὑτὸν
3400 4299 3636 4370 λέγομεν

2061 4395 2286 4464 κυρίως,
2335 4394 2430 4448 καὶ
2477 4392 2762 4464 ἄνθρωπον
2800 4391 2962 4446 αὑτὸν
2996 4391 3340 4461 ὀνομάζομεν
3392 4393 3632 4462 κυρίως·

382 4473 533 4528 illum
564 4482 620 4527 et
649 4473 817 4527 Deum
847 4473 1100 4537 dicimus,
1117 4483 1174 4528 et
1199 4474 1482 4528 hominem
1540 4475 1761 4545 proprie
1787 4475 1949 4531 nomi-

2065 4463 2290 4547 είκότως
2327 4486 2434 4554 ἄρα
2464 4463 2674 4537 καὶδύο
2706 4481 2898 4551 φύσεις
2938 4482 3102 4535 αὑτὸν
3130 4483 3635 4553 προσαγορεύομεν,

384 4581 611 4633 namus;
665 4567 856 4622 merito
886 4575 1109 4637 propter
1160 4568 1488 4622 antedictam
1547 4581 1765 4622 causam
1819 4567 1960 4623 duas

386 4660 561 4727 ipsum
593 4671 837 4724 naturus,
875 4675 984 4712 non
1016 4667 1198 4714 autem
1229 4674 1420 4724 unam,
1449 4666 1510 4713 ut
1565 4667 1781 4722 caetera,
1841 4673 1966 4727 quas

385 4751 685 4820 composita
710 4761 860 4813 sunt.
889 4751 1142 4814 dicimus,
1166 4765 1269 4815 nec
1287 4760 1399 4804 tres
1429 4763 1446 4815 ;
1478 4763 1658 4819 neque
1677 4749 1826 4803 enim
1869 4749 1968 4804 ho-

387 4840 592 4894 minem
625 4841 761 4895 duas
792 4842 1028 4896 dicimus
1051 4850 1297 4904 naturas,
1325 4840 1456 4894 licet
1503 4839 1561 4892 in
1609 4839 1846 4907 duabus,
1909 4849 1970 4900 ut

387 4932 820 4986 demonstratum
847 4941 952 4996 est,
981 4934 1191 4988 natur-is
1219 4941 1454 4989 constet.

457 5023 650 5083 Omnis
677 5027 1002 5095 compositio
1030 5041 1094 5080 ex
1135 5026 1382 5094 partibus
1441 5024 1691 5095 proxime
1745 5038 1972 5094 compo-

389 5117 651 5170 nentibus
714 5124 1086 5184 ntmeupatur.
1124 5113 1309 5183 Itaque
1363 5122 1424 5172 ut
1455 5114 1703 5176 domum,
1746 5125 1856 5166 non
1901 5126 1972 5166 ex

393 5217 539 5264 terra
593 5215 650 5262 et
678 5222 840 5276 aqua,
874 5207 971 5263 sed
1005 5221 1072 5261 ex
1114 5205 1390 5276 lapidibus
1436 5211 1492 5258 et
1540 5202 1740 5272 lignis;
1790 5202 1970 5262 homi-

395 5317 629 5371 nemque
659 5316 766 5356 non
791 5316 855 5356 ex
881 5309 1118 5369 quatuor
1145 5299 1455 5364 elementis,
1487 5297 1582 5351 sed
1613 5312 1679 5350 ex
1701 5294 1900 5362 anima;
1915 5303 1972 5349 et

392 5406 624 5461 corpore
647 5389 900 5460 componi
941 5391 1211 5455 dicimus;
1261 5389 1342 5443 sic
1368 5386 1650 5442 Christum
1681 5401 1751 5439 ex
1773 5385 1972 5445 divini-

395 5489 503 5536 tate
528 5493 584 5537 et
608 5481 948 5537 humanitate
980 5499 994 5536 :
1023 5497 1129 5536 non
1152 5481 1302 5536 enim
1339 5480 1573 5550 partium
1606 5487 1790 5548 partes
1839 5491 1976 5530 con-

395 5571 718 5633 siuet-smus,
760 5573 857 5627 sed
890 5587 986 5628 eas
1015 5581 1196 5643 partes
1233 5571 1400 5636 solas,
1452 5585 1573 5639 quae
1618 5570 1880 5641 proximae
1918 5575 1975 5622 ct

395 5671 624 5713 summat
635 5671 786 5717 sunt.

2065 4577 2161 4630 καὶ
2194 4575 2318 4628 οὗτε
2351 4576 2501 4648 μίαν,
2531 4573 2606 4637 ὡς
2635 4573 2806 4628 τᾶλλα
2858 4573 3181 4627 συντεθέντα
3214 4574 3303 4627 διὰ
3335 4572 3432 4642 τὴν
3464 4591 3636 4642 προα-

2067 4666 2382 4719 ποδοθεῖσαν
2416 4665 2616 4727 αἰτίαν,
2647 4663 2768 4717 οὔτε
2798 4667 2968 4735 τρεῖς.
3017 4666 3092 4718 Οὐ
3121 4665 3229 4734 γὰρ
3266 4666 3360 4717 δύο
3390 4663 3584 4732 φύσεις
3611 4666 3640 4718 ὁ

2067 4757 2354 4828 ἄνθρωπος
2381 4756 2624 4822 λέγεται,
2661 4759 2709 4808 εί
2749 4758 2839 4809 καὶ
2866 4757 2929 4809 ὲκ
2959 4755 3052 4808 δύο
3086 4756 3299 4826 φύσεων
3329 4756 3638 4824 σύγκειται,

2068 4848 2251 4912 καθὼς
2281 4848 2685 4902 ἀποδέδεικται.

2091 5057 2094 5060 .
2142 5010 2299 5062 Πᾶσα
2349 5007 2603 5068 σύνθεσις
2655 5009 2719 5061 ιιι
2777 5007 2887 5064 τῶν
2935 5005 3223 5077 προσεχῶς
3276 5006 3644 5060 συντεθέντων

2071 5100 2441 5158 συντεθεῖσθαι
2473 5099 2715 5170 λέγεται.
2738 5101 2950 5167 Ὠσπερ
2983 5099 3092 5168 γὰρ
3118 5098 3209 5150 τδν
3229 5095 3375 5152 οἷκον
3397 5099 3458 5150 οὐ
3486 5098 3612 5164 λέγο
3628 5126 3644 5136 α

2074 5210 2176 5263 μεν
2223 5193 2288 5246 lat
2314 5192 2418 5261 γῆς
2459 5191 2555 5245 καὶ
2603 5192 2817 5254 ὓδατος,
2866 5190 2984 5244 ἀλλ’
3028 5192 3092 5243 ὲκ
3124 5189 3288 5242 λίθων
3334 5193 3426 5241 καὶ⁸
3469 5189 3644 5253 ξύλων

2073 5284 2470 5350 συντεθεῖσθαι,
2506 5284 2708 5354 ὁμοίως
2755 5283 2817 5336 δὲ
2868 5282 2964 5335 καὶ
3000 5280 3093 5332 τὸν
3125 5280 3413 5351 ἄνθρωπον
3444 5281 3544 5332 οὐκ
3577 5281 3644 5332 ἐκ

2071 5377 2182 5429 τῶν
2209 5377 2494 5446 τεσσάρων
2527 5376 2826 5447 στοιχείων,
2865 5373 2981 5426 ἀλλ’
3007 5374 3073 5424 ἐκ
3109 5372 3365 5442 σώματος
3406 5373 3501 5424 καὶ
3535 5372 3643 5440 ψυ-

2073 5469 2173 5540 χῆς
2193 5484 2208 5498 ⁸
2245 5466 2390 5521 οὕτω
2416 5467 2509 5521 καὶ
2537 5466 2626 5518 τὸν
2654 5464 2893 5534 Χριστὸν
2917 5463 2979 5516 ἐκ
3018 5463 3273 5531 θεότητος
3309 5463 3402 5513 καὶ
3433 5462 3642 5529 ἀνθρω-

2072 5563 2326 5630 πότητος,
2366 5561 2429 5613 οὐ
2473 5559 2540 5612 τὰ
2573 5559 2718 5628 μέρη
2754 5557 2862 5610 τῶν
2901 5556 3086 5626 μερῶν
3117 5553 3468 5618 σκοποῦντες,
3508 5554 3645 5607 ἀλλὰ

2077 5653 2215 5724 μόνα.
2277 5651 2348 5705 τὰ
2416 5648 2825 5722 προσεχέστερα
2890 5646 3029 5716 μέρη
3107 5645 3200 5698 καὶ
3279 5643 3645 5713 κεφαλαιωδέ-

2077 5761 2266 5808 στερα.
