4126 6408
350 343 459 406 255

1583 333 1963 393 EUTHYMll
2009 329 2376 390 ZIGABENI

3500 323 3608 388 256

425 457 787 509 Personarum
818 451 871 504 in
899 451 1115 506 Christo
1141 447 1504 506 diﬂ'erentiam
1541 462 1650 501 non
1679 447 1922 501 admitti-

2097 443 2373 516 Διαφορὰν
2430 443 2532 512 μὲν
2573 441 2928 495 ὑποστὰσεων
2981 441 3044 492 οὑ
3104 441 3336 509 λέγομεν
3386 442 3478 494 ἐπὶ
3510 445 3604 495 τοῦ

350 562 492 610 mus,
525 561 594 600 ne
611 552 858 613 quartam
887 556 1174 613 personam
1208 541 1263 595 in
1289 549 1478 595 sani-ta
1501 537 1776 593 Trinitate
1799 551 1928 591 con-

352 641 641 708 tingamus.
671 634 992 689 Naturarnm
1030 643 1210 687 autem
1267 631 1616 703 agnoscimus
1669 630 1930 684 dilicren-

355 730 507 789 tiam,
532 743 600 781 ne
621 741 839 780 carnem
859 725 1103 794 ejusdem
1125 740 1223 794 per
1243 734 1495 778 naturam
1514 721 1766 776 essentia:
1806 735 1930 775 cum

349 815 568 869 Christo
588 815 875 868 credamus
899 828 1039 866 esse.

422 906 479 961 Si
515 915 622 960 tres
683 915 865 958 essent
899 919 1052 958 aerea:
1105 912 1320 968 statuae,
1365 916 1594 970 quarum
1655 916 1758 952 una
1800 898 1934 950 auro

353 1005 447 1048 aut
500 1009 624 1047 cera
655 993 894 1062 undique
947 993 1273 1053 illincretur,
1327 989 1622 1058 aliquodue
1671 989 1930 1042 damnum

353 1087 468 1139 haec
499 1085 548 1138 in
577 1085 792 1154 propria
847 1085 1085 1139 essentia
1135 1083 1358 1142 faceret.
1413 1096 1479 1133 an
1511 1080 1649 1134 duas
1704 1088 1933 1132 naturas

352 1192 508 1232 veras
529 1186 583 1231 et
607 1178 867 1246 integras,
900 1191 1054 1230 suam
1093 1174 1355 1228 nimirum
1413 1186 1604 1234 unam,
1663 1179 1717 1224 et
1771 1170 1932 1223 aliam

353 1268 544 1323 illitam
597 1279 649 1320 et
685 1266 996 1334 adjunctam
1025 1269 1404 1326 conservaret,
1437 1275 1562 1315 cum
1606 1269 1787 1313 tamen
1859 1258 1930 1312 ob

352 1358 405 1412 id
436 1372 544 1410 non
565 1362 798 1424 quatuor
826 1355 1127 1409 evaderent
1160 1360 1378 1412 statuae,
1411 1351 1506 1405 sed
1545 1360 1656 1404 tres
1710 1349 1936 1403 omnino

355 1461 412 1502 ut
449 1459 607 1502 antea
642 1446 1068 1516 permanerent?
1094 1444 1208 1499 Hoc
1265 1445 1450 1501 modo.
1500 1451 1560 1496 ut
1623 1456 1689 1495 ex
1755 1440 1938 1508 parvis

355 1555 548 1610 magna
573 1539 952 1608 conjiciamus,
989 1546 1044 1590 et
1070 1535 1323 1591 obscuris
1349 1532 1674 1601 quibusdam
1711 1531 1938 1585 simula-

356 1631 466 1686 cris
512 1632 800 1686 veritatem
830 1629 1281 1699 pervestigemns,
1317 1627 1452 1681 duas
1486 1625 1539 1678 in
1593 1625 1811 1678 Christo
1839 1639 1936 1676 na-

361 1735 511 1779 turas
534 1730 590 1779 et
610 1739 769 1777 unam
795 1736 1082 1791 personam
1104 1720 1414 1778 considera,
1444 1726 1506 1771 ut
1552 1717 1697 1770 nulla
1750 1714 1935 1768 Trini-

360 1816 458 1870 tati
486 1824 707 1885 propter
745 1789 1099 1868 humanitatis
1150 1818 1399 1865 naturam
1453 1816 1790 1876 assuinptam
1847 1803 1939 1858 (lat
1973 1789 2011 1841 Β

359 1907 619 1962 accessio.
649 1907 852 1960 Natura
899 1903 1046 1958 enim
1093 1911 1180 1956 est
1235 1910 1536 1970 assumpta,
1592 1913 1702 1952 non
1752 1905 1934 1950 autem

359 2013 611 2070 persona.
641 1998 824 2063 Itaque
848 2005 968 2066 post
984 1995 1104 2063 ejus
1129 1995 1294 2048 etiam
1320 1991 1754 2059 assumptionem
1784 2001 1940 2040 man-

356 2089 427 2143 sit
455 2103 557 2142 una
593 2086 868 2148 divinitas,
905 2093 960 2139 et
995 2085 1212 2138 trinitas
1253 2096 1632 2152 personarum.

427 2263 544 2318 Non
576 2279 676 2334 per
709 2264 1061 2318 mutationem
1099 2303 1114 2323 .
1141 2271 1237 2316 aut
1275 2263 1658 2325 inversionem,
1684 2271 1776 2315 aut
1803 2277 1939 2315 con-

359 2357 624 2410 fusionem
655 2357 895 2411 animata
926 2357 1138 2410 Domini
1173 2371 1300 2410 caro
1331 2355 1513 2410 divina
1537 2356 1738 2409 dicitur
1776 2354 1938 2418 facta,

360 2456 416 2500 et
441 2448 759 2501 nominatur
794 2448 957 2510 Deus,
987 2446 1081 2502 sed
1117 2456 1338 2516 propter
1367 2461 1633 2499 summam
1693 2460 1941 2515 personae

361 2540 820 2610 conjunctionem.
865 2538 996 2592 Nam
1027 2545 1084 2590 et
1117 2537 1256 2592 Deus
1286 2536 1484 2591 dicitur
1517 2536 1692 2591 factus
1755 2542 1940 2600 homo,

359 2640 644 2700 propterea
673 2632 818 2700 quod
845 2629 1170 2684 humanitati
1196 2628 1518 2697 conjunctus
1547 2636 1652 2690 est,
1692 2638 1748 2681 et
1797 2628 1943 2681 Deus

359 2721 498 2789 ipse,
528 2731 586 2776 et
612 2723 730 2792 ejus
758 2722 1075 2775 humanitas
1129 2719 1311 2773 divina
1362 2719 1562 2775 dicitur
1591 2727 1810 2789 propter
1843 2733 1940 2773 ve-

362 2813 633 2865 rissimam
696 2812 824 2866 item
878 2811 1024 2864 illius
1095 2811 1148 2863 in
1215 2824 1452 2878 persona
1522 2809 1942 2879 copulationem.

364 2904 494 2956 Post
519 2901 660 2955 hanc
680 2910 863 2956 autem
887 2899 1288 2970 copulationem
1326 2909 1536 2972 natura:
1587 2915 1695 2954 non
1751 2899 1948 2955 confu-

363 3009 438 3050 sa:
462 3009 583 3050 cum
614 2995 726 3050 suis
757 2994 1177 3062 proprietatibus
1208 3001 1544 3046 manserunt.
1576 2993 1780 3046 Aurum
1797 2992 1945 3046 enim

362 3087 554 3140 illitum
585 3086 732 3157 ligno
761 3085 903 3140 idem
936 3092 1240 3154 permanet.
1281 3083 1510 3154 Lignum
1529 3098 1658 3137 vero
1714 3092 1770 3137 et
1822 3083 1940 3136 auri

361 3177 674 3246 dignitatem
704 3175 968 3236 lucratur,
997 3189 1100 3228 nec
1129 3172 1332 3228 desinit
1384 3187 1510 3228 esse
1556 3171 1782 3243 lignum,
1845 3188 1946 3228 nec

363 3269 638 3340 propriam
658 3278 912 3322 naturam
941 3266 1295 3336 derelinquit.

435 3546 676 3602 Verbum
705 3554 762 3601 et
793 3545 936 3602 Dens
970 3555 1066 3600 aut
1093 3546 1431 3610 universum,
1461 3554 1556 3599 aut
1615 3544 1944 3615 singularem

365 3641 658 3709 assumpsit
687 3641 984 3696 hominem.
1017 3639 1074 3694 Si
1108 3640 1446 3704 universum,
1473 3638 1648 3693 oculis
1669 3654 1780 3693 non
1813 3653 1937 3694 cer-

365 3742 610 3787 neretur.
640 3731 838 3786 Natura
864 3731 1010 3786 enim
1049 3732 1300 3788 universa
1323 3745 1436 3786 non
1485 3740 1574 3786 est
1618 3731 1940 3801 conspicua.

366 3825 633 3880 Prcterea
687 3825 886 3880 multas
921 3825 1146 3880 haberet
1199 3839 1509 3894 personas:
1560 3824 1745 3893 plures
1797 3824 1943 3878 enim

365 3933 537 3988 genus
567 3918 879 3973 universum
910 3917 1312 3986 complectitur.
1347 3916 1460 3972 Nec
1487 3917 1735 3986 ejusdem
1797 3924 1944 3970 esset

366 4010 646 4065 nobiscum
677 4010 951 4064 essentiae.
978 4009 1089 4064 Nos
1116 4009 1260 4062 enim
1323 4023 1516 4063 sumus
1549 4005 1845 4061 individua.
1878 4006 1975 4061 Et‘

365 4101 534 4156 multa
563 4099 830 4170 ejusmodi
863 4099 1201 4154 incommoda
1232 4109 1614 4168 sequerentur.
1683 4097 1780 4151 Sin
1843 4098 1941 4152 ho-

367 4192 568 4242 minem
593 4190 890 4258 assumpsit
913 4189 1263 4258 singularem,
1322 4189 1458 4243 duas
1505 4187 1944 4259 deprehendetur

369 4280 571 4334 habere
596 4295 878 4348 personas.
919 4279 1212 4349 Reliquum
1253 4280 1419 4350 igitur
1461 4289 1565 4346 est,
1597 4287 1656 4334 ut
1688 4287 1942 4334 neutrum

367 4372 744 4442 assumpserit,
781 4372 876 4427 sed
909 4371 1217 4442 singularis,
1251 4372 1358 4426 hoc
1385 4380 1488 4435 est,
1518 4370 1779 4425 individui
1841 4386 1940 4424 na-

2034 538 2296 607 Χριστοῦ,
2331 538 2416 588 ἵνα
2453 537 2528 607 μὴ
2550 535 2870 605 προσθήκην
2909 534 3174 604 τετάρτου
3207 535 3506 603 προσώπου
3537 539 3605 607 τῇ

2035 627 2166 694 ἁγία
2196 626 2388 697 Τριάδι
2416 628 2806 696 ἐπινοήσωμεν
2825 640 2840 657 ·
2877 624 3147 694 διαφορὰν
3171 625 3228 678 δὲ
3267 625 3488 694 φύσεων
3514 626 3607 678 λέ-

2034 738 2225 789 γομεν,
2261 722 2348 773 ἴνα
2385 722 2460 789 μὴ
2492 721 2570 788 τῷ
2605 721 2764 791 Λόγῳ
2796 717 2941 772 κατὰ
2972 718 3073 791 τὴν
3115 718 3280 788 φύσιν
3323 721 3611 790 ὁμοούσιον

2035 814 2134 878 τὴν
2165 813 2348 887 σάρκα
2383 813 2627 884 πρεσδεύ
2638 831 2712 865 σω
2721 829 2841 880 μεν.

2110 906 2170 957 Et
2222 908 2369 971 τρεῖς
2419 901 2561 973 ἦσαν
2609 907 2926 976 ἀνδριάντες
2962 908 3178 977 χαλκοῖ,
3212 903 3420 958 τούτων
3443 905 3500 958 δὲ
3530 901 3610 965 εἷς

2037 996 2337 1066 ἐπεχρίσθη
2381 996 2571 1067 χρυσῷ
2606 997 2636 1064 ἢ
2690 999 2847 1068 κηρῷ
2891 999 3093 1064 διόλου,
3143 999 3376 1067 πότερον
3409 998 3611 1065 ἐϐλάϐη

2038 1088 2165 1155 περὶ
2199 1087 2301 1156 τὴν
2333 1089 2470 1141 ίδίαν
2495 1089 2684 1141 οὐσίαν
2727 1083 2904 1153 οὗτος,
2954 1092 2985 1162 ἢ
3036 1091 3197 1154 σώζει
3236 1091 3339 1153 τὰς
3368 1090 3462 1143 δύο
3498 1089 3600 1158 φύ-

2039 1193 2155 1240 σεις
2187 1179 2484 1250 ἀκεραίους
2515 1181 2608 1233 καὶ
2630 1180 2970 1251 ἁλωϐήτουῖ,
3012 1186 3103 1236 καὶ
3133 1183 3232 1252 τὴν
3257 1181 3478 1245 ἑαυτοῦ,
3516 1185 3610 1235 καὶ

2041 1270 2140 1336 τὴν
2172 1271 2592 1339 ἐπιχρισθεῖσαν
2633 1272 2800 1342 αὐτῷ.
2834 1276 2928 1326 καὶ
2952 1275 3072 1327 οὑδὲ
3097 1276 3366 1344 τέσσαρες
3392 1275 3613 1334 πάντως

2044 1361 2364 1430 ἀνδριάντες
2426 1379 2498 1413 πα
2512 1363 2576 1432 ρὰ
2615 1363 2792 1433 τούτῳ
2823 1365 3147 1431 γεγόνασιν;
3181 1365 3392 1418 Οὐκοῦν
3419 1364 3496 1435 τῷ
3519 1366 3616 1418 αὑ-

2037 1451 2135 1503 τοῦ
2167 1451 2602 1522 παραδείγματι,
2654 1454 2730 1517 ὡς
2776 1457 2840 1508 ὲκ
2885 1456 2995 1509 τῶν
3054 1458 3270 1527 μικρῶν
3298 1457 3368 1510 τὰ
3404 1457 3612 1527 μεγάλα

2045 1544 2441 1614 στοχάσασθαι,
2485 1547 2580 1600 καὶ
2631 1547 2900 1618 ἀμυδραϊς
2937 1567 3084 1602 τισιν
3123 1549 3298 1602 εἰκόσι
3333 1548 3432 1618 τὴν
3471 1550 3618 1617 ’ἀλή-

2041 1634 2196 1688 θειαν
2232 1637 2694 1706 ἐνοπτρίσασθαι,
2740 1639 2849 1691 νόει
2883 1638 2978 1691 καὶ
3005 1640 3097 1692 ἐπὶ
3128 1639 3224 1692 τοῦ
3254 1638 3496 1708 Χριστοῦ
3525 1637 3618 1691 δύο

2044 1728 2144 1798 μὲν
2174 1728 2273 1788 τὰς
2323 1729 2536 1797 φύσεις,
2574 1731 2706 1800 μίαν
2739 1731 2796 1784 δὲ
2841 1731 2944 1800 τὴν
2996 1731 3314 1797 ὑπόστασιν,
3364 1732 3460 1785 καὶ
3497 1731 3618 1784 οὐδὲ

2042 1819 2334 1889 προσθήκη
2371 1823 2437 1891 τῇ
2469 1821 2662 1890 Τριάδι
2701 1823 3087 1893 ἐπιγενήσεται
3117 1823 3207 1876 διὰ
3234 1823 3333 1893 τὴν
3374 1822 3618 1892 προσλη-

2040 1913 2274 1980 φθεῖσαν
2329 1914 2494 1982 φύσιν
2539 1915 2638 1985 τῆς
2677 1916 3116 1985 ἀνθρωπότητος.
3148 1916 3259 1969 Καὶ
3305 1915 3483 1978 ἄλλως
3511 1916 3618 1984 γὰρ

2040 2003 2226 2073 φύσις,
2259 2003 2358 2073 οὑχ
2394 2003 2695 2066 ὑπόστασις
2726 2003 3106 2074 προσελήφθη.
3145 2004 3254 2058 Καὶ
3282 2005 3439 2072 τριὰς
3479 1999 3614 2056 οὖσα

2040 2091 2414 2157 ὑποστάσεων,
2438 2092 2562 2163 οὑχὶ
2585 2092 2822 2162 φύσεων,
2847 2095 2880 2164 ὴ
2910 2093 3008 2162 μία
3033 2091 3228 2161 θεότης
3244 2093 3407 2146 πάλιν
3433 2094 3617 2161 ἔμεινε

2040 2183 2134 2235 καὶ
2163 2184 2304 2252 μετὰ
2326 2183 2424 2253 τὴν
2458 2182 2654 2236 ἕνωσιν
2683 2183 2845 2252 τριὰς
2875 2183 3251 2237 ὑποστάσεων.

2113 2273 2189 2324 Οὑ
2222 2271 2364 2326 κατὰ
2403 2273 2710 2343 μεταϐολὴν
2737 2274 2978 2343 φύσεως,
3007 2274 3038 2342 ἢ
3067 2275 3297 2344 τροπὴν,
3329 2275 3361 2343 ἢ
3396 2275 3615 2328 ἀλλοίη).

2044 2379 2151 2425 σιν,
2206 2363 2239 2433 ἦ
2296 2363 2559 2434 σύγχυσιν
2591 2366 2624 2432 ή
2677 2363 2770 2417 τοῦ
2817 2365 3023 2432 Κυρίου
3064 2363 3308 2434 ἔμψυχος
3355 2365 3491 2432 σὰρξ
3529 2383 3615 2416 τε-

2042 2453 2279 2506 θεῶσθαι
2311 2453 2555 2521 λέγεται,
2604 2454 2700 2508 ml.
2754 2454 2886 2516 Θεὸς
2941 2453 3294 2522 ὀνομάζεται.
3341 2454 3480 2508 ἀλλά
3532 2455 3618 2507 διὸ

2041 2542 2142 2612 τὴν
2191 2543 2317 2596 καθ’
2371 2543 2678 2596 ὑπόστασιν
2729 2543 2926 2596 ἕνωσιν
2971 2543 3069 2597 καὶ
3115 2544 3431 2613 ἀκροτάτην
3491 2559 3616 2596 συνο

2044 2636 2269 2704 άφειαν.
2305 2636 2415 2689 Καὶ
2444 2635 2737 2706 ἄνθρωπος
2764 2636 2866 2705 μὲν
2901 2637 3010 2706 γὰρ
3038 2635 3369 2704 γεγενῆσθαι
3402 2635 3616 2702 λέγεται

2047 2728 2075 2780 ὁ
2105 2727 2260 2790 Θεὸς.
2313 2726 2402 2780 διὰ
2433 2728 2494 2780 τὸ
2538 2727 2809 2796 ἐνωθῆναι
2858 2727 3276 2798 ἀνθρωπότητι·
3323 2727 3417 2780 καὶ
3466 2726 3618 2789 Θεὸς,

2047 2819 2141 2871 και)⁸
2166 2817 2393 2887 ὁμόθεος
2428 2819 2462 2888 ή
2495 2819 2860 2889 ἁνθρωπότης
2883 2819 3072 2883 αὑτοῦ,
3109 2818 3197 2872 διὰ
3227 2818 3326 2888 τὴν
3357 2818 3494 2888 πρὸς
3517 2816 3616 2870 αὑ-

2050 2909 2145 2963 τὸν
2188 2910 2394 2980 ὁμοίως
2425 2911 2910 2982 ἁκραιφνεστάτην
2951 2912 3047 2965 καὶ
3089 2911 3214 2965 καθ’
3242 2912 3538 2964 ὑπόστασιν
3562 2910 3610 2962 ἓ-

2049 3017 2238 3053 νωσιν.
2269 3003 2631 3072 Μεμενήκασι
2685 3002 2742 3056 δὲ
2791 3005 2886 3056 καὶ
2927 3003 3064 3074 μετὰ
3115 3002 3217 3074 τὴν
3263 3002 3523 3071 τοιαύτην
3574 2999 3604 3052 ἓ

2055 3109 2223 3145 νωσιν
2277 3096 2333 3145 αἱ
2379 3095 2572 3161 φύσεις
2605 3095 2928 3165 ἀσύγχυτοι,
2957 3094 3052 3148 καὶ
3095 3093 3232 3164 μετὰ
3258 3093 3369 3146 τῶν
3405 3091 3620 3146 οἰκείων

2057 3184 2361 3254 ίδιοτήτων.
2411 3187 2484 3239 Τὸ
2526 3187 2635 3255 γάρ
2679 3203 2762 3239 τοι
2800 3186 3026 3256 χρυσίον
3070 3185 3516 3255 ἐπαληλιμμένον
3543 3183 3620 3253 τῷ

2051 3274 2192 3344 ξύλῳ
2249 3276 2561 3346 μεμένηκεν
2600 3278 2737 3347 ὅπερ
2770 3271 3030 3347 ἦν.’Καὶ
3085 3275 3452 3329 καταπλουτεί
3517 3274 3622 3344 μὸν
3683 3347 3698 3352 δ

2047 3368 2108 3422 τὸ
2139 3367 2296 3432 ξύλον
2323 3368 2420 3421 τοῦ
2450 3367 2679 3438 χρυσίου
2716 3368 2816 3437 τὴν
2845 3368 3027 3434 δόξαν,
3060 3368 3160 3422 οὑκ
3195 3369 3408 3436 ἀπέστη
3443 3367 3501 3420 δὲ
3527 3366 3622 3420 τοῦ

2047 3453 2195 3514 εἷναι
2226 3459 2408 3527 ξύλον,
2448 3461 2570 3514 οὑδὲ
2591 3460 2693 3530 τῆς
2716 3460 2925 3524 οίκειας
2952 3459 3192 3528 φύσεως.
3274 3520 3278 3523 _

2119 3552 2224 3606 Τὸν
2259 3552 2491 3605 καθόλου
2522 3552 2836 3621 ἄνθρωπον,
2871 3552 2904 3620 ἢ
2936 3551 3031 3603 τὸν
3055 3552 3284 3621 μερικὸν
3313 3552 3340 3604 ό
3371 3549 3503 3612 Θεὸς
3529 3549 3622 3602 καὶ

2045 3645 2219 3712 Λόγος
2268 3643 2554 3698 ἀνέλαϐεν.
2614 3644 2679 3697 Et
2733 3643 2833 3713 μὲν
2875 3638 2972 3698 οὖν
3023 3643 3115 3695 τὸν
3145 3641 3398 3702 καθόλου,
3431 3643 3531 3694 οὑκ
3559 3642 3625 3695 ἂν

2044 3731 2115 3807 ἦν
2149 3736 2344 3805 ὁρατός
2368 3751 2383 3766 ·
2415 3736 2449 3806 ἡ
2475 3736 2585 3804 γὰρ
2611 3734 2842 3788 καθόλου
2875 3736 3038 3804 φύσις
3063 3735 3297 3805 ἀόρατος
3318 3748 3334 3763 ⁸
3369 3731 3507 3788 ἀλλά
3529 3733 3622 3787 καὶ

2049 3829 2380 3890 ὑποστάσεις
2417 3827 2484 3881 ἂν
2525 3824 2637 3897 εἶχε
2663 3827 2899 3891 πολλάς*
2943 3827 3084 3882 κατὰ
3127 3826 3397 3881 πλειόνων
3423 3826 3545 3894 γὰρ.
3563 3825 3624 3878 τὸ

2051 3919 2318 3974 καθόλου·
2373 3919 2468 3971 καὶ
2509 3918 2624 3971 οὐδ’
2652 3920 2718 3972 ἂν
2784 3921 2917 3987 ἡμῖν
2959 3913 3030 3988 ἦν
3067 3916 3377 3987 ὀμοούσιος.
3413 3917 3624 3983 ’Δτομσ

2046 4010 2155 4078 γὰρ
2196 4010 2376 4078 ἡμεῖς,
2408 4007 2504 4060 καὶ
2544 4006 2720 4059 πολλὰ
2749 4007 2927 4059 ταῦτα
2965 4007 3286 4060 συνέσαινεν
3323 4007 3524 4060 ἄτοπα.
3561 4006 3624 4057 El

2046 4102 2104 4154 δὲ
2132 4103 2226 4154 τὸν
2265 4099 2513 4170 μερικὸν,
2561 4099 2655 4151 δύο
2676 4098 3040 4168 εὑρεθήσεται
3085 4097 3228 4167 ἔχων
3275 4098 3624 4158 ὑποστάσεις.

2045 4193 2254 4246 Λοιπὸν
2288 4188 2384 4244 οὑν
2415 4190 2703 4259 οὐδέτερον
2753 4189 3040 4256 ἀνέλαϐεν,
3075 4189 3213 4243 ἀλλὰ
3257 4188 3424 4256 φύσιν
3473 4203 3624 4257 μερι-

2047 4283 2145 4336 κοῠ
2169 4282 2482 4354 ἀνθρώπου,
2527 4282 2810 4335 τουτέστιν
2841 4281 3047 4351 ἀτόμου
3071 4319 3087 4345 ,
3128 4280 3425 4349 γενόμενος
3462 4278 3626 4340 αὑτὸς

2047 4373 2345 4437 ὑπόστασις
2398 4373 2629 4443 ταύτης.
2672 4371 2734 4426 Ἥ
2784 4373 2844 4427 δὲ
2896 4371 2992 4426 τοῦ
3049 4370 3280 4442 μερικοῦ
3333 4370 3626 4440 ἀνθρώπου

369 4472 543 4518 turam
569 4463 827 4523 hominis.
865 4463 1023 4532 cujus
1053 4463 1170 4532 ipse
1193 4477 1422 4531 persona
1453 4463 1572 4516 fuit.
1639 4461 1942 4532 Singularis

2047 4466 2213 4535 φύσις
2247 4466 2403 4534 κοινὴ
2445 4467 2547 4533 μέν
2593 4467 2764 4524 ἐστιν.
2815 4466 2876 4518 ὲν
2927 4462 3115 4533 ἀτόμῳ
3145 4463 3225 4516 δέ.
3277 4461 3521 4531 Μερικὸν
3565 4460 3624 4514 δὲ

367 4566 546 4611 autem
573 4555 806 4612 hominis
829 4565 1020 4610 natura
1046 4557 1352 4611 communis
1384 4555 1602 4625 quidem
1625 4563 1728 4620 est,
1761 4556 1856 4611 sed
1884 4557 1938 4609 in

368 4647 668 4702 individuo.
697 4646 1040 4719 Singularem
1079 4662 1212 4701 vero
1241 4647 1474 4703 dicimus
1527 4644 1828 4712 hominem,
1881 4656 1943 4703 ut

369 4739 713 4794 individuum
747 4739 971 4808 speciei,
1007 4753 1114 4794 non
1144 4739 1379 4792 animam
1405 4739 1595 4803 solam,
1626 4746 1722 4792 aut
1744 4753 1944 4809 corpus

367 4831 564 4895 solum,
595 4831 689 4884 sed
714 4831 858 4899 quod
891 4845 957 4884 ex
992 4813 1550 4898 ulroque'conlicitur.

439 4922 573 4988 Quae
608 4926 660 4975 in
683 4930 875 4976 natura
901 4923 1136 4975 humana
1168 4931 1296 4975 sunt
1329 4938 1356 4972 a
1388 4920 1522 4974 vitio
1557 4919 1944 4988 reprehensio-

368 5027 544 5080 neqne
573 5009 774 5074 aliena,
809 5027 871 5064 ea
924 5010 1176 5066 Christus
1228 5010 1425 5080 partim
1471 5023 1634 5078 supra
1694 4997 1944 5064 homines

368 5101 602 5172 accepit,
627 5101 823 5171 partim
858 5109 916 5154 ut
947 5100 1218 5163 homines.
1251 5101 1448 5170 partim
1489 5099 1759 5170 abiectius
1778 5115 1941 5169 quam

373 5195 646 5251 homines.
681 5193 857 5265 Supra
895 5193 1145 5250 homines
1171 5194 1292 5259 fuit,
1345 5193 1492 5263 quod
1552 5193 1672 5247 sine
1732 5194 1944 5248 semine

373 5296 672 5359 conceptus
715 5295 820 5352 est,
848 5285 996 5356 quod
1024 5301 1092 5340 ex
1147 5285 1364 5354 Virgine
1402 5290 1586 5349 natus,
1645 5295 1701 5338 et
1746 5295 1944 5340 cwtera

372 5380 568 5435 horum
596 5379 812 5435 similia.
843 5378 1135 5433 Hominum
1176 5393 1326 5432 more
1374 5378 1496 5440 fuit,
1553 5377 1696 5446 quod
1747 5376 1947 5432 divina!

371 5471 664 5528 Genitricis
683 5481 896 5526 uterum
926 5471 1225 5526 infantulus
1249 5469 1553 5530 tumefecit,
1573 5467 1718 5537 quod
1749 5481 1940 5520 novem

375 5565 644 5617 mensium
674 5564 849 5632 spatio
882 5573 1042 5618 natus
1064 5573 1166 5628 est,
1191 5561 1338 5631 quod
1392 5560 1575 5614 hausit
1629 5560 1732 5623 lac,
1799 5559 1948 5629 quod

376 5651 630 5719 ploravit,
660 5663 718 5708 et
737 5654 788 5708 id
807 5667 982 5723 genus
1020 5654 1148 5712 alia.
1211 5653 1498 5721 Abjectius
1547 5660 1604 5705 et
1659 5651 1944 5715 humilius,

381 5754 541 5808 quam
575 5756 673 5809 pro
708 5741 988 5796 hominum
1023 5743 1420 5800 consuetudine
1452 5741 1574 5808 fuit,
1629 5740 1774 5810 quod
1826 5741 1948 5812 ejus

2043 4556 2335 4626 ἄνθρωπον
2367 4555 2624 4624 λέγομεν,
2664 4555 2741 4616 ὼς
2790 4553 2994 4623 ἄτομον
3041 4553 3237 4616 είδους,
3280 4552 3380 4622 οὑχ
3407 4551 3484 4615 ὡς
3520 4550 3626 4620 ψυ-

2043 4649 2145 4718 χὴν
2182 4648 2368 4716 μόνον,
2398 4647 2430 4716 ἢ
2467 4645 2628 4716 σῶμα
2667 4644 2853 4716 μόνον,
2889 4645 2952 4709 ἐξ
2973 4639 3050 4700 ὧν
3077 4644 3105 4696 ό
3135 4645 3442 4716 ἄνθρωπος.

2119 4909 2242 4962 Τῶν
2265 4906 2518 4977 φυσικῶν
2547 4907 2643 4962 καὶ
2670 4907 3014 4978 ἀδιασλήτων
3039 4910 3380 4980 πραγμάτιον
3399 4907 3499 4978 τῆς
3526 4909 3622 4962 ἀν-

2046 4999 2327 5071 θρωπίνης
2345 4999 2562 5067 φύσεως
2593 4999 2664 5052 τὰ
2695 4999 2795 5068 μὲν
2827 4999 2968 5070 ὑπὲρ
2991 4999 3281 5071 ἄνθρωπον
3333 4999 3462 5069 ἔσχε
3489 4999 3624 5069 Χρι-

2047 5092 2192 5157 στὸς,
2211 5091 2279 5143 τὰ
2299 5091 2358 5143 δὲ
2380 5087 2524 5144 κατὰ
2541 5090 2851 5160 ἄνθρωπον,
2877 5093 2947 5144 τὰ
2980 5089 3036 5144 δὲ
3064 5088 3353 5160 ἀνθρώπου
3371 5089 3624 5142 ταπεινό-

2045 5198 2222 5253 τερον.
2247 5180 2359 5234 Kal.
2376 5179 2516 5249 ὑπὲρ
2535 5179 2825 5250 ἄνθρωπον
2843 5179 2943 5250 μὲν
2964 5179 3024 5232 τὸ
3050 5179 3180 5234 ἄνευ
3205 5179 3412 5248 σπορᾶς
3429 5177 3624 5247 συλλη-

2048 5273 2266 5343 φθῆναι,
2291 5271 2352 5324 τὸ
2369 5271 2435 5324 ἐκ
2460 5271 2743 5341 Παρθένου
2759 5271 3107 5340 γεννηθῆναι,
3136 5269 3229 5322 καὶ
3261 5268 3328 5322 τὰ
3357 5265 3585 5322 τοιαῦτα
3603 5283 3619 5298 ⁸

2049 5361 2192 5417 κατὰ
2221 5362 2508 5431 ἄνθρωπον
2536 5362 2592 5415 δὲ
2622 5363 2702 5414 ’τὸ
2744 5361 2844 5433 τὴν
2879 5362 2975 5431 τῆς
3003 5353 3267 5413 Θεοτόκου
3306 5359 3517 5413 κοιλίαν
3547 5357 3623 5421 ὠς

2052 5454 2248 5525 βρέφος
2274 5455 2599 5524 ἐξογκῶσαι,
2625 5454 2685 5506 τὸ
2715 5455 3127 5523 ὲννεαμηνιαῖον
3146 5452 3535 5522 ἀποτεχθῆναι,
3565 5450 3626 5504 τὸ

2047 5549 2655 5618 γαλακτοτροφηθῆναι,
2707 5547 2768 5600 τὸ
2817 5546 3363 5618 κλαυθμυρισθῆναι,
3407 5545 3502 5597 καὶ
3556 5542 3625 5596 τὰ

2049 5643 2259 5706 τούτοις
2311 5644 2574 5712 ἑπόμενα.
2634 5639 2949 5710 Ἀνθρώπου
3009 5640 3066 5693 δὲ
3120 5638 3506 5706 ταπεινότερον
3563 5636 3624 5688 τὸ

2053 5737 2289 5808 φανῆναι
2329 5735 2386 5788 τὸ
2419 5731 2558 5795 εἶδος
2594 5732 2759 5787 αὑτοῦ
2805 5735 2862 5788 ἐν
2897 5733 2973 5802 τῷ
3017 5729 3234 5803 σταυρῷ
3278 5730 3494 5800 ἄτιμον,
3535 5732 3624 5781 καὶ
