4126 6396
530 328 635 391 257

1471 324 1853 388 PANOPLIA
1896 322 2358 385 DOGMATICA.
2397 348 2459 359 -
2501 321 2654 382 Tl'l‘.
2702 324 2873 384 Vlll.

3690 337 3799 398 €58

524 440 811 495 ἐκλεῖπον
863 438 1025 509 ὑπὲρ
1073 440 1215 507 τοὺς
1263 440 1431 505 υἱοὺς
1478 441 1597 493 τῶν
1648 442 1997 511 ἀνθρώπων,
2035 441 2108 500 ὡς

2217 437 2427 506 species
2458 438 2514 492 in
2542 454 2703 493 cruce
2728 439 2901 509 turpis
2926 441 3205 509 apparuit,
3224 452 3293 515 et
3318 460 3440 497 cum
3477 446 3794 517 ignominia,

541 531 777 594 ῚΙσαῖας
827 532 982 601 φησί.
1038 534 1149 587 Καὶ
1196 534 1256 585 τὸ
1290 534 1397 601 πρὸ
1450 533 1557 586 τῶν
1608 532 2110 602 συσταυρωοέντων

528 623 683 693 αὐτῷ
718 622 931 693 λῃστῶν
954 623 1280 695 τεθνηκέναι
1312 625 1421 678 ἀπὸ
1444 626 1543 695 τῆς
1575 626 1765 695 ὀδύνης
1799 626 1911 677 τῶν
1940 625 2109 695 ἥλων,

527 716 578 767 εί
602 715 660 767 δὲ
697 714 874 783 βούλει
921 715 1108 769 καὶτὸ
1142 717 1283 786 μετά
1315 715 1414 787 τὴν
1445 717 1745 771 ἀνάστασιν
1804 718 1862 770 ἐν
1904 717 2112 770 εὐτελεῖ

528 808 722 876 μορφῇ
777 804 1059 876 κηπουροῦ
1110 806 1365 876 ὀφθῆναι,
1405 809 1503 861 καὶ
1550 808 1611 861 τὸ
1662 809 1790 871 τοὺς
1837 809 2111 876 μώλωπας

528 895 633 949 καὶ
663 898 870 959 τύπους
900 897 1010 951 τῶν
1056 898 1393 967 τραυμάτων
1423 902 1538 963 τοῖς
1587 902 1906 964 ἀποστόλοις
1937 900 2109 956 ἐνδεί-

527 986 787 1047 κνυσθαι,
818 989 991 1041 καὶτὸ
1017 990 1157 1059 μετά
1186 992 1287 1061 τὴν
1318 992 1616 1046 ἀνάστασιν
1645 992 1866 1048 ἐσθίειν.
1900 994 2110 1058 Πάντες

530 1078 647 1147 γὰρ
699 1080 750 1131 οί
803 1080 1081 1149 ἄνθρωποι
1133 1083 1274 1152 μετά
1320 1083 1419 1155 τὴν
1456 1085 1520 1137 ὲκ
1569 1085 1781 1153 νεκρῶν
1808 1086 2109 1139 ἀνάστασιν

531 1171 914 1241 ἐκλάμψουσιν
948 1174 1022 1236 ὡς
1054 1176 1081 1227 ό
1108 1175 1280 1245 ἥλιος,
1328 1177 1421 1229 καὶ
1466 1177 1640 1237 οὐδεὶς
1684 1178 1795 1244 ἔξει
1820 1179 2110 1248 σωματικὰ

529 1264 844 1328 τηνικαῦτα
890 1266 1212 1336 τραύματα,
1256 1267 1289 1339 ἦ
1336 1268 1538 1332 τύπους
1580 1270 1938 1340 τραυμάτων,
1986 1272 2109 1325 οὐδὲ

528 1353 927 1424 προσδεήσεται
961 1354 1236 1423 βρώσεως.

617 1445 677 1497 '0
709 1446 835 1509 Υίὸς
858 1449 952 1499 τοῦ
981 1447 1120 1499 Θεοῦ
1148 1448 1241 1499 καὶ
1263 1447 1395 1511 Θεὸς
1422 1448 1601 1519 αὐτὸς,
1616 1448 1833 1517 λέγεται
1858 1451 1950 1503 καὶ
1978 1449 2107 1502 συ).-

525 1535 828 1604 ληφθῆναι,
862 1537 955 1589 καὶ
998 1537 1348 1607 γεννηθῆναι,
1384 1538 1476 1591 καὶ
1523 1538 1816 1602 διδάσκειν,
1854 1542 1946 1591 καὶ
1980 1539 2111 1593 Θαυ-

530 1631 889 1698 ματουργεῖν,
930 1630 1021 1682 καὶ
1058 1630 1244 1691 ἁπλῶς
1295 1633 1493 1696 είπεῖν,
1542 1631 1609 1684 τὰ
1657 1631 1755 1700 μὲν
1783 1631 2004 1699 δρᾶσαι,
2040 1633 2108 1685 τὰ

525 1719 584 1771 δὲ
619 1720 835 1785 παθεῖν,
883 1719 1197 1784 ἀποθανεῖν,
1245 1722 1338 1774 καὶ
1370 1722 1691 1792 ἀναστῆναι.
1747 1723 1891 1776 Διότι
1942 1724 2104 1787 αὐτὸς

526 1815 763 1876 γέγονεν
795 1810 1090 1873 ὑπόστασις
1118 1812 1196 1881 τῷ
1224 1812 1636 1881 προσλήμματι,
1674 1813 1752 1883 μὴ
1787 1814 1899 1867 ὄντι
1929 1813 2015 1866 διὰ
2044 1814 2103 1866 τὸ

521 1901 770 1969 ἄσπορον
803 1901 1215 1974 ίδιοῦποστάτῳ.
1265 1905 1416 1956 Ἐπεὶ
1450 1901 1543 1958 οῦν
1573 1906 1603 1975 ἡ
1634 1905 1727 1958 τοῦ
1767 1905 2104 1975 προσλαϐὀνο

523 2007 621 2053 τος
655 1991 952 2055 ὑπόστασις
1007 1994 1144 2063 αὐτὴ
1188 1994 1285 2047 καὶ
1328 1994 1423 2048 τοῦ
1474 1996 1907 2067 προσλήμματός
1954 2003 2104 2051 ἐστιν

524 2083 854 2147 ὑπόστασις,
883 2084 1048 2148 αὐτὸς
1069 2084 1290 2153 λέγεται
1315 2087 1409 2140 καὶ
1436 2087 1700 2159 ἐνεργεῖν,
1729 2091 1825 2142 καὶ
1848 2091 2102 2160 πάσχειν,

522 2177 600 2238 ὡς
635 2175 694 2228 ἓν
726 2177 1017 2247 πρόσωπον
1043 2175 1119 2230 ὧν
1139 2194 1154 2210 ο
1188 2178 1431 2248 ἐνεργεῖν
1456 2179 1512 2232 δὲ
1561 2179 1629 2233 τὰ
1658 2180 1978 2250 ἀνθρώπινα
2006 2183 2100 2235 καὶ

525 2268 766 2338 πάσχειν
809 2271 951 2324 κατὰ
988 2270 1089 2343 τὴν
1123 2271 1287 2341 φύσιν
1323 2271 1419 2326 τοῦ
1453 2272 1904 2342 προσλήμματος.
1938 2273 2103 2327 Ὅθεν

525 2364 628 2413 καὶ
662 2361 961 2416 οἰκειοῦται
993 2366 1061 2416 τὰ
1089 2366 1185 2416 τοῦ
1238 2363 1460 2427 οίκείου,
1534 2363 1609 2424 ὡς
1659 2363 1816 2426 αὐτὸς
1856 2361 1931 2415 ὢν
1970 2364 2104 2416 ὑπό-

524 2468 719 2513 στασις
752 2453 918 2507 αὑτοῦ
946 2455 1040 2507 καὶ
1066 2457 1378 2524 πρόσωπον,
1410 2454 1484 2517 ὡς
1510 2451 1824 2522 δεδήλωται.

598 2546 738 2596 Θεὸν
784 2545 885 2615 μὲν
919 2546 1411 2617 ἐνανθρωπήσαντα
1432 2586 1446 2612 ,
1497 2547 1590 2600 καὶ
1622 2548 1755 2599 Θεὸν
1791 2546 1952 2616 σαρκὶ
1999 2564 2103 2599 πα-

525 2635 697 2689 θόντα
723 2638 927 2707 φαμὲν,
963 2638 1194 2708 θεότητα
1221 2639 1279 2691 δὲ
1308 2639 1837 2709 ὲνανθρωπήσασαν,
1869 2639 1903 2710 ἢ
1940 2643 2103 2707 σαρκὶ

523 2728 811 2782 παθοῦσαν
870 2730 931 2782 ού
982 2730 1237 2799 λόγομεν,
1286 2733 1336 2785 εί
1375 2731 1665 2801 μέλλοιμεν
1710 2731 2099 2800 κυριολεκτείν⁸

520 2821 610 2872 ὅτι
652 2822 751 2875 καὶ
782 2821 815 2891 ἡ
864 2820 1135 2890 Παρθένος
1167 2822 1301 2874 Θεὸν
1339 2822 1438 2890 μὲν
1466 2822 1779 2893 ἐγέννησεν,
1816 2822 1953 2875 ἀλλὰ
1985 2824 2103 2876 θεό-

522 2926 693 2980 τητος
725 2910 1028 2964 ὑπόστασιν
1067 2911 1199 2980 μίαν
1238 2913 1690 2984 σεσαρκωμένην,
1732 2914 1855 2983 ἥτις
1896 2914 2046 2967 ἐστὶν
2075 2915 2105 2967 ό

520 3002 680 3066 Υἱὸς,
712 3003 802 3056 ἴνα
829 3003 858 3054 ὁ
886 3002 999 3056 ἄνω
1021 3002 1148 3067 Υίδς
1197 3004 1283 3075 εἴη
1307 3006 1402 3059 καὶ
1437 3005 1589 3059 κάτω
1618 3008 1751 3073 υίὸς,
1782 3008 1876 3060 καὶ
1905 3008 1937 3076 ἡ
1976 3005 2102 3059 ίδιό-

2215 538 2271 581 et
2306 529 2572 596 deﬁciens,
2603 541 2659 583 ut
2691 530 2866 599 inquit
2898 530 3080 598 Isaias,
3117 548 3279 599 supra
3320 535 3456 602 ﬁlios
3507 538 3798 605 hominum;

2213 620 2467 687 quodque
2507 619 2658 688 prius
2688 635 2845 687 quam
2875 620 3132 680 latrones.
3162 622 3255 691 qui
3280 624 3440 678 simul
3474 627 3530 680 in
3576 644 3797 686 crucem

2218 710 2327 763 acti
2348 719 2524 774 erant,
2548 726 2657 780 prae
2696 711 2975 765 clavorum
3008 712 3194 767 dolore
3228 725 3477 769 mortuus
3504 731 3623 784 est;
3658 720 3797 777 adde

2215 812 2271 858 et
2294 804 2455 866 illud.
2484 804 2528 859 si
2561 805 2758 874 placet,
2790 806 2936 875 quod
2965 806 3064 860 sub
3100 807 3290 861 humili
3324 808 3495 863 forma
3518 811 3795 868 hortulaui

2223 907 2283 947 se
2315 903 2433 962 post
2468 894 2928 949 resurrectionem
2986 898 3438 966 conspiciendum
3464 902 3712 971 praebuit,
3743 914 3799 958 ct

2215 983 2479 1054 apostolis
2540 984 2826 1040 cicatrices
2878 996 2933 1040 et
2993 986 3107 1041 loca
3178 992 3461 1045 vulnerum
3532 997 3794 1061 ostendit,

2212 1077 2467 1147 quodque
2491 1079 2672 1133 cibum
2704 1081 2867 1149 cepit.
2900 1078 3032 1132 Nam
3061 1080 3251 1150 reliqui
3278 1082 3550 1149 homines,
3575 1099 3796 1156 postea-

2211 1183 2374 1236 quam
2432 1168 2641 1224 fuerint
2691 1171 2747 1224 in
2794 1172 2959 1225 vitam
2996 1174 3256 1238 revocati,
3289 1174 3576 1245 fulgebunt
3606 1188 3661 1233 ut
3691 1182 3795 1246 sol,

2210 1261 2482 1315 necullus
2511 1276 2701 1316 eorum
2757 1263 3027 1331 ejusmodi
3079 1265 3362 1319 cicatrices
3416 1268 3468 1321 in
3541 1284 3795 1342 corpore,

2211 1362 2305 1405 aut
2341 1352 2627 1406 vulnerum
2665 1353 2779 1408 loca
2811 1354 3089 1418 retinebit,
3120 1372 3219 1409 nec
3245 1358 3515 1413 comedet.

2288 1441 2454 1496 Filius
2486 1443 2577 1497 Dei
2609 1454 2773 1514 atque
2802 1444 2942 1498 idem
2976 1445 3141 1507 Deus,
3163 1454 3219 1499 et
3248 1459 3580 1516 conceptus,
3614 1461 3666 1505 ct
3696 1468 3778 1505 ua-

2211 1544 2300 1590 tus
2322 1550 2443 1589 esse
2467 1535 2685 1598 dicitur,
2718 1545 2773 1591 et
2793 1537 3074 1599 docuisse,
3106 1547 3159 1591 et
3186 1553 3274 1591 res
3302 1540 3651 1596 admirandas
3710 1544 3791 1599 fe.-

2210 1626 2372 1690 cisse,
2407 1635 2485 1692 et,
2519 1636 2575 1679 ut
2613 1626 2801 1696 paucis
2816 1627 2997 1679 omnia
3034 1627 3388 1696 complectar,
3451 1639 3560 1682 tum
3597 1632 3794 1701 egisse,

2160 1775 2177 1793 δ
2212 1730 2324 1771 tum
2361 1733 2554 1786 passus
2583 1733 2705 1773 esse
2741 1728 2795 1773 et
2830 1728 3103 1785 mortuus,
3165 1728 3220 1773 et
3258 1722 3585 1776 surrexiSsc.
3648 1724 3789 1790 Quo.

2161 1802 2179 1824 ’
2209 1812 2354 1863 uiam
2392 1820 2686 1881 assumpta:
2717 1810 2898 1865 carnis
2928 1809 3045 1879 ipse
3078 1810 3180 1864 fuit
3215 1826 3468 1880 persona,
3502 1830 3620 1882 qua:
3678 1818 3789 1882 qui-

2208 1902 2331 1955 dem
2363 1916 2490 1955 caro
2514 1902 2634 1955 sine
2661 1901 2868 1956 semine
2889 1903 3071 1971 genita
3096 1902 3300 1956 nullam
3330 1904 3492 1958 aliam
3513 1909 3791 1975 propriam

2205 2004 2498 2059 personam
2526 1989 2734 2043 habuit.
2764 1988 3033 2054 Quocirca
3065 2004 3188 2043 cum
3228 1994 3559 2049 assumentis
3589 2005 3645 2049 et
3700 2011 3795 2051 as-

2204 2091 2435 2150 sumpta:
2460 2082 2713 2136 humanas
2748 2088 2962 2135 naturae
2995 2096 3101 2135 una
3158 2082 3231 2136 sit
3260 2084 3559 2154 eademque
3607 2102 3795 2155 perso-

2205 2189 2294 2235 na,
2327 2174 2442 2241 ipse
2472 2173 2670 2227 dicitur
2688 2183 2742 2226 et
2763 2187 2923 2243 agere
2941 2180 2995 2225 et
3028 2172 3138 2242 pati
3161 2190 3225 2227 ex
3249 2173 3387 2245 ejus,
3406 2178 3550 2247 quod
3576 2194 3793 2234 assum-

2203 2268 2333 2334 psit,
2358 2272 2578 2318 natura.
2616 2263 2681 2317 Et
2714 2279 2835 2333 qua:
2865 2264 3012 2318 illius
3036 2265 3258 2335 propria
3291 2276 3442 2333 sunt,
3502 2269 3607 2325 sibi
3652 2273 3795 2326 asci-

2203 2357 2304 2411 scit
2362 2363 2421 2409 ut
2475 2357 2718 2427 propria,
2778 2372 2980 2427 quippe
3014 2357 3107 2425 qui
3170 2357 3246 2411 sit
3304 2358 3425 2428 ejus
3488 2360 3792 2432 liypostasis

2203 2459 2364 2517 atque
2390 2462 2649 2517 persona,
2683 2459 2743 2501 ut
2780 2448 3301 2505 demonstravimus.

2276 2557 2447 2613 Deum
2483 2558 2889 2614 humanitatem
2933 2560 3175 2615 induisse
3205 2572 3262 2617 ct
3286 2562 3339 2616 in
3374 2578 3543 2620 carne
3566 2582 3789 2635 passum

2203 2664 2324 2704 esse
2349 2649 2602 2706 dicimus.
2664 2650 3014 2706 Diiinitatem
3058 2668 3188 2708 vero
3238 2670 3342 2709 nec
3397 2656 3792 2713 humai.iatviu

2203 2744 2587 2811 assumpsisse.
2614 2759 2715 2798 ncc
2746 2759 2961 2813 passum
3012 2760 3133 2800 esse
3165 2746 3425 2811 dicimus,
3456 2750 3501 2803 si
3543 2751 3796 2805 volumus

2202 2834 2425 2903 proprie
2455 2834 2625 2903 loqui.
2656 2832 2790 2888 Nam
2818 2844 2874 2890 et
2896 2830 3058 2906 Virgo
3092 2835 3262 2891 Deum
3318 2838 3537 2907 quidem
3580 2841 3792 2910 genuit,

2203 2925 2547 2980 divinitatem
2579 2937 2762 2981 autem
2800 2944 2909 2982 non
2944 2930 3156 3000 genuit.
3212 2931 3284 2985 At
3336 2946 3445 2985 una
3494 2931 3795 2986 divinitatis

2204 3029 2441 3085 persona
2472 3028 2728 3071 naturam
2750 3019 3047 3089 assumpsit
3071 3020 3393 3074 humanam.
3450 3019 3549 3075 llic
3608 3033 3794 3076 autem

516 3110 623 3163 της
655 3095 819 3166 μείνῃ
848 3094 1129 3162 ἀκίνητος.
1168 3095 1243 3148 Τὸ
1274 3095 1381 3166 γὰρ
1412 3097 1707 3165 γεννᾶσθαι
1753 3097 1814 3150 οὐ
1864 3097 2099 3167 φύσεως,

2207 3113 2288 3157 est
2315 3102 2483 3159 Filius
2537 3104 2649 3170 Dei,
2710 3116 2769 3160 ut
2821 3107 2913 3177 qui
2964 3124 3020 3161 in
3067 3108 3218 3163 cmlis
3241 3119 3326 3162 est
3381 3109 3572 3175 Filius,
3622 3107 3795 3165 Filius

517 3187 642 3240 ἀλλ’
677 3187 1033 3251 ὑποστάσεως
1061 3182 1151 3258 ἦν.
1185 3188 1249 3241 Εί
1284 3188 1392 3258 γὰρ
1427 3189 1643 3258 φύσεως
1671 3184 1771 3260 ἦν,
1807 3193 1908 3243 οὐκ
1935 3190 2002 3245 ἂν
2046 3194 2104 3243 ὲν

517 3283 587 3348 τῇ
626 3280 768 3350 αὐτῇ
801 3279 963 3346 φύσει
991 3280 1053 3332 τὸ
1089 3282 1351 3349 γεννητὸν
1376 3280 1687 3350 ὲθεωρείτο,
1723 3283 1818 3335 καὶ
1852 3282 1911 3335 τὸ
1941 3282 2105 3348 ἀγέν-

518 3389 706 3442 νῃτον.
756 3374 908 3424 Ἐπεὶ
952 3374 1007 3426 δὲ
1041 3374 1131 3426 τὸν
1178 3374 1412 3444 Χριστὸν
1459 3377 1769 3445 ἐγέννησεν,
1804 3375 1951 3439 ὅστις
1988 3376 2105 3430 ἐστὶ

523 3465 656 3526 θεὸς
678 3466 774 3516 καὶ
802 3466 1115 3534 ἄνθρωπος,
1154 3468 1218 3519 ὲκ
1268 3465 1360 3518 τοῦ
1420 3469 1729 3536 κρείττονος
1766 3468 1860 3520 καὶ
1902 3484 2103 3537 κυριω-

527 3560 686 3626 τέρου
715 3559 919 3628 μέρους
950 3558 1213 3621 Θεστόκος
1246 3558 1635 3629 ἐπωνομάσθη.
1673 3558 1883 3622 Ἀλλως
1915 3575 1974 3611 τε
2009 3559 2105 3611 καὶ

540 3651 579 3717 ἡ
610 3650 695 3702 τοῦ
750 3650 1182 3721 προσλήμματος
1231 3651 1529 3713 ὑπόστασις
1582 3650 1704 3704 Θεία
1758 3645 1849 3721 ἦν,
1901 3651 1993 3704 καὶ
2043 3649 2105 3703 τδ

448 3760 457 3771 ι
543 3742 869 3815 πρόσὶημμα
899 3743 958 3795 δὲ
990 3742 1051 3809 ἐξ
1089 3743 1261 3809 αὐτῆς
1294 3741 1542 3807 ὲνὼσεως
1573 3742 1804 3813 {Gather}.

1127 4009 1377 4063 ΤΙΤΛΟΣ
1426 4005 1511 4063 Η’.

518 4126 692 4182 Κατὰ
729 4123 1134 4193 ἘϐραίωνἜκ
1155 4122 1266 4190 τῆς
1280 4122 1616 4193 λεγομένης
1637 4115 1791 4175 εῖναι
1819 4120 1927 4175 τοῦ
1951 4120 2001 4174 Ν
2008 4124 2111 4175 ὐσ-

596 4214 721 4263 σης
772 4198 998 4259 βίϐλου
1048 4193 1157 4262 τῆς
1200 4194 1805 4261 προσαγορευομένης
1845 4194 2107 4259 Θεογνω-

598 4273 747 4330 σίας
791 4268 859 4319 τὰ
910 4264 1362 4339 ὑποτεταγμένα
1416 4264 1614 4316 πάντα
1682 4265 2110 4339 σὴυνελέγησᾳν

598 4340 896 4404 κεφάλαια
922 4333 1238 4404 μέχριτᾶυ·
1278 4332 1805 4400 Χμίυσοστομικών.
1856 4335 1925 4383 To
1970 4332 2109 4404 μέγ-ο

602 4402 693 4487 τοι
728 4402 1020 4492 ’πέμπτον
1053 4408 1283 4458 τούτων
1327 4403 1435 4457 τοῦ
1465 4406 1737 4472 μεγάλου
1781 4402 2107 4456 Βασίλειον
2137 4436 2183 4492 D

602 4478 798 4533 ἐστίν.

617 4594 681 4646 '0
721 4594 883 4662 νόμος
919 4590 1041 4661 μὲν,
1069 4588 1164 4643 καὶ
1194 4589 1244 4642 ol
1275 4590 1576 4660 προφῆται,
1624 4580 1699 4641 ὧν
1746 4583 1814 4659 ἦν
1869 4587 2107 4657 Χριστὸς

526 4687 838 4756 πλήρωμα,
874 4685 943 4736 τὰ
968 4683 1101 4753 περὶ
1148 4682 1339 4736 τούτου
1378 4682 1559 4734 πάντα
1584 4679 1935 4751 λεπτομεριῖκ
1980 4681 2109 4733 ἀνε-

524 4780 839 4849 γράψαντο,
859 4777 1076 4848 καὶμὴν
1101 4775 1196 4829 καὶ
1224 4776 1356 4845 περὶ
1378 4776 1478 4845 τῆς
1500 4774 1668 4842 ἁγίας
1692 4773 1942 4843 Τριάδος.
1970 4775 2111 4840 [lap-

527 4871 871 4926 εντέϐεινται
900 4870 957 4923 δὲ
990 4867 1292 4940 σποράδην,
1319 4869 1414 4920 καὶ
1442 4867 1685 4938 ἀσαφείᾳ
1716 4865 2112 4932 συνεσκιάσθη-

527 4980 637 5017 σαν
660 4964 732 5016 τὰ
760 4961 933 5015 πολλὰ
961 4961 1099 5014 κατά
1123 4960 1278 5014 θείαν
1333 4959 1615 5030 πρόνοιαν,
1651 4958 1739 5011 ἵνα
1795 4958 1869 5027 μὴ
1924 4957 2110 5024 νηπιό-

527 5071 731 5127 φρινες
754 5054 832 5107 ἔτι
862 5055 1017 5115 ὅντες
1038 5052 1306 5115 Ἰουδαῖοι,
1328 5052 1420 5104 καλ⁵
1442 5050 1610 5119 μήπω
1632 5050 1773 5102 νοεῖν
1799 5047 2111 5118 ὑψηλότερα.

525 5150 848 5216 δυνάμενοι,
885 5148 962 5209 εἰς
994 5144 1221 5210 ἀναξίας
1280 5144 1579 5212 ὑπολήψεις
1637 5141 1951 5203 ἐκκλίνωσι,
2013 5139 2109 5191 καὶ

526 5241 732 5293 πάθεσι
764 5240 823 5293 τὸ
853 5240 1063 5301 ἀπαθὲς
1087 5239 1446 5308 ἁπαγάγωσι.
1506 5238 1617 5291 Καὶ
1673 5237 1782 5306 γὰρ
1815 5238 1873 5289 ὲν
1908 5233 2108 5303 Χωρὴὸ

527 5334 629 5387 τοῦ
662 5333 797 5385 Θεοῦ
832 5332 1015 5384 λαλεῖν
1068 5333 1207 5400 πρὸς
1244 5330 1443 5392 αὐτοὺς
1476 5330 1815 5399 ἀρξαμένου.
1860 5326 2110 5397 παρῃτή-

532 5442 700 5479 σαντο
737 5425 836 5495 τὴν
871 5424 1132 5492 τοιαύτην
1178 5425 1363 5491 φωνὴν
1408 5420 1475 5474 δι’
1528 5420 1733 5472 οἰκείαν
1800 5417 2105 5483 ἀσθένειαν,

534 5521 782 5581 εἰπόντες
809 5536 823 5549 ο
855 5520 939 5570 Οὐ
969 5516 1401 5583 προσθήσομεν
1438 5514 1700 5568 ἀκοῦσαι
1751 5510 1860 5577 τῆς
1904 5507 2112 5580 φωνῆς

532 5616 755 5681 Κυρίου
787 5610 895 5665 τοῦ
926 5608 1075 5663 Θεοῦ
1115 5608 1303 5677 ἡμῶν,
1338 5606 1436 5661 καί
1466 5607 1531 5660 τὸ
1563 5606 1682 5673 πῦρ
1714 5607 1777 5659 τὸ
1810 5604 1962 5673 μέγα
2000 5608 2111 5657 οὐκ

532 5709 804 5776 ὀψόμεθα
837 5705 947 5769 ἐτι,
980 5702 1106 5757 οὐδ’
1141 5703 1214 5755 οὐ
1254 5703 1340 5770 μὴ
1376 5698 1789 5769 ἀποθάνωμεν.
1833 5700 1941 5753 Καὶ
1981 5693 2111 5751 εἶπε

2206 3194 2333 3249 item
2366 3205 2511 3250 esset
2536 3196 2590 3249 iu
2617 3199 2799 3261 terris,
2826 3209 2879 3252 et
2914 3198 3221 3268 proprietas
3246 3199 3543 3255 immobilis
3574 3216 3793 3269 perma-

2206 3296 2383 3340 neret.
2416 3286 2575 3357 Gigni
2603 3291 2748 3342 enim
2777 3305 2888 3344 non
2926 3300 3137 3344 naturae
3192 3290 3316 3354 fuit,
3371 3292 3467 3345 sed
3516 3306 3792 3361 personm.

2206 3377 2416 3433 Etenim
2446 3378 2714 3434 sifuisset
2745 3390 2976 3446 natura,
3032 3397 3143 3435 non
3176 3384 3230 3435 in
3267 3382 3460 3436 eadem
3493 3392 3691 3436 natura
3741 3392 3797 3438 et

2204 3470 2452 3540 genitum
2483 3479 2539 3525 et
2577 3472 2878 3541 ingenitum
2914 3473 3236 3529 exstitisset.
3276 3472 3472 3527 Verum
3500 3473 3625 3542 quia
3682 3474 3791 3527 vir-

2205 3575 2271 3631 go
2296 3559 2806 3630 genuitChristum,
2843 3563 2933 3631 qui
2987 3562 3129 3617 Deus
3159 3570 3243 3616 cst
3274 3572 3329 3616 ct
3361 3565 3546 3627 homo,
3579 3578 3610 3616 a
3665 3580 3795 3633 par-
3868 3628 3881 3639 _

2211 3660 2261 3704 te
2292 3651 2654 3720 prmstantiori
2685 3660 2741 3705 et
2762 3653 3140 3707 cxcellentiori
3179 3652 3272 3705 Dei
3305 3649 3554 3705 Genitrix
3587 3652 3782 3721 appel-

2204 3742 2369 3805 latur,
2391 3742 2715 3812 Quanquam
2740 3750 2797 3796 et
2827 3752 3121 3810 assumptte
3146 3750 3356 3794 natura:
3416 3756 3648 3809 persona
3705 3742 3794 3796 di-

2204 3833 2332 3889 vina
2361 3843 2468 3896 est,
2494 3842 2552 3890 et
2592 3842 2873 3903 assumpta
2903 3842 3102 3886 natura
3152 3841 3373 3902 propter
3423 3832 3594 3903 ipsam
3657 3847 3797 3889 cou-

2201 3923 2541 3995 junctionem
2571 3923 2755 3981 divina
2788 3933 2872 3979 est
2902 3923 3134 3978 reddita.

2758 4038 3061 4095 TITULUS
3100 4038 3237 4095 Vill.

2208 4149 2276 4205 In
2326 4152 2595 4225 Hebr-tros.
2642 4149 2836 4225 Omnia
2883 4168 3000 4225 qua
3038 4165 3349 4225 sequuntur
3386 4159 3582 4225 capita,
3636 4172 3797 4225 usque

2281 4224 2349 4275 ad
2392 4223 2488 4276 illa
2558 4240 2674 4293 quia
2707 4223 3102 4293 collegimus“:
3139 4223 3531 4293 Chrysostomo,
3580 4223 3793 4293 sumpta

2278 4309 2398 4367 sunt
2446 4310 2511 4346 ea:
2538 4292 2670 4347 libro
2729 4293 2818 4360 qui
2855 4292 3163 4367 inscribitur
3209 4292 3634 4367 Dejcognitione
3676 4296 3794 4359 Dei,

2282 4365 2435 4428 cujus
2489 4372 2674 4416 auctor
2703 4363 3009 4437 essefortur
3092 4361 3610 4437 Gregoriustysste
3660 4383 3797 4435 pon-

2292 4437 2442 4503 tifex,
2493 4439 2705 4499 excepto
2742 4431 2947 4499 quinto,
2998 4433 3138 4500 quod
3166 4431 3240 4486 est
3289 4431 3499 4489 Basilii
3524 4431 3724 4506 Magni.

2291 4606 2400 4661 Lex
2450 4613 2505 4659 et
2548 4602 2850 4674 prophetae,
2904 4620 3135 4674 quorum
3206 4607 3492 4676 plenitudo
3539 4609 3796 4664 Christus

2211 4708 2313 4764 est,
2345 4695 2546 4758 omnia,
2571 4710 2690 4764 qu-e
2718 4703 2830 4748 tum
2855 4695 2920 4749 ad
2947 4696 3122 4764 ipsum
3154 4698 3455 4764 Christum,
3489 4708 3600 4753 tum
3632 4704 3793 4755 etiam

2212 4793 2277 4846 ad
2308 4799 2547 4845 sanctam
2600 4785 2875 4856 pertinent
2925 4786 3272 4853 Trinitatem,
3337 4792 3608 4847 subtiliter
3674 4809 3793 4862 per-

2213 4882 2575 4949 scripserunt.
2613 4875 2720 4930 Sed
2751 4876 2935 4931 divina
2967 4876 3167 4932 factum
3214 4888 3299 4934 est
3340 4883 3704 4950 providentia,
3737 4892 3797 4938 ut

2214 4974 2383 5028 multa
2422 4970 2539 5025 t‘use
2565 4984 2751 5039 sparsa
2815 4968 3280 5040 disseminataque
3308 4972 3441 5037 sint,
3483 4985 3539 5028 et
3566 4975 3798 5029 obscure

2212 5064 2412 5135 posita,
2444 5077 2511 5116 ne
2548 5076 2671 5116 cum
2711 5061 2887 5116 adhuc
2935 5072 3121 5117 essent
3169 5063 3406 5118 infantes
3455 5065 3651 5130 Judaei,
3688 5080 3795 5119 nec

2212 5169 2334 5221 quae
2365 5152 2687 5208 sublimiora
2722 5162 2850 5206 sunt
2908 5164 3135 5223 possent
3174 5157 3475 5226 percipere,
3508 5159 3573 5210 ad
3621 5158 3794 5225 indig-

2213 5261 2311 5300 nas
2335 5245 2626 5313 Opinioues
2657 5243 3019 5310 declinarent,
3071 5258 3125 5300 et
3161 5249 3306 5315 quod
3342 5249 3410 5300 ab
3444 5249 3592 5301 omni
3623 5249 3791 5300 alieno

2215 5337 2360 5387 tione
2397 5333 2819 5387 remotissimum
2875 5343 2981 5398 est,
3051 5334 3431 5389 affectionibus
3497 5336 3791 5389 obnoxium

2213 5425 2630 5479 arbitrarentur.
2659 5423 2869 5477 Etenim
2897 5440 3024 5478 cum
3060 5425 3204 5479 Deus
3235 5426 3289 5478 in
3324 5425 3501 5477 Horcb
3539 5441 3633 5478 cos
3663 5430 3795 5478 alio-

2213 5519 2304 5587 qui
2352 5517 2633 5586 cmpisset,
2675 5516 2942 5585 ejusmodi
2991 5518 3236 5570 oratione
3267 5532 3418 5568 suam
3448 5516 3791 5571 imbecillia-

2217 5620 2323 5663 tem
2353 5617 2683 5663 excusarunt
2717 5625 2729 5659 :
2761 5605 2881 5661 Non
2913 5624 3206 5676 pergamus,
3255 5606 3578 5674 inquicnles,
3611 5612 3796 5683 audire

2216 5716 2389 5754 uocem
2421 5699 2631 5753 Domini
2665 5696 2763 5751 Dei
2800 5697 2987 5763 nostri,
3028 5712 3119 5749 nec
3149 5698 3318 5766 ignem
3364 5698 3499 5751 hunc
3550 5716 3796 5771 magnum
