4126 6450
342 4890 357 4895 ’
442 4891 744 4953 αὑαοθελὲς
778 4893 1099 4944 αἰνίττεται.

396 355 521 416 "265

1347 354 1728 416 PANOPLIA
1775 353 2241 417 DJGMATICA.
2296 385 2359 396 ·--
2410 358 2559 419 TIT.
2603 359 2747 418 Vill

3590 359 3696 424 266

391 473 551 535 -ἇνω,
579 473 672 525 καὶ
687 471 950 543 ἀχρόνον,
966 478 1064 530 καὶ
1093 478 1443 546 προαιωνίου.
1469 475 1577 529 Καὶ
1600 476 1761 529 πάλιν
1778 476 1803 527 ὀ
1823 474 2009 535 Δαδὶδ,

2127 476 2305 541 colles,
2346 478 2581 531 alterum
2608 477 2758 530 illum
2787 476 3065 531 cmlestem
3101 486 3154 530 et
3186 476 3303 531 s'ne
3340 487 3606 547 tempore,
3641 488 3699 533 et

421 562 508 627 Τῷ
524 564 689 633 Λόγῳ
705 567 935 633 Κυρίου
952 570 1005 621 οἱ
1028 569 1274 637 οὐρανοί
1298 567 1782 637 ἐστερεώθησαν,
1800 565 1901 620 καί
1924 566 2005 630 τῷ

416 659 718 727 [Iret-yart
750 660 860 713 τοῦ
900 663 1209 729 στόματος
1239 663 1430 717 αὑτοῦ
1468 662 1637 717 πᾶσα
1666 663 1705 728 ἠ
1749 660 2005 727 δύναμις

413 752 641 803 αὐτῶν·
669 753 877 823 Κύριον
908 755 1009 823 μὲν
1034 756 1126 811 τὸν
1150 757 1369 826 Πατέρα
1401 757 1597 825 λέγων,
1631 756 1805 821 Λόγον
1829 753 1884 806 δὲ
1916 754 2007 804 τὶν

416 843 554 896 Υξὸν
587 845 773 911 αὑτοῦ,
797 847 881 899 ὅτι
909 848 1061 910 ὅπως
1089 848 1202 920 ἔχει
1223 850 1358 919 πρὸς
1375 851 1465 901 τὸν
1498 849 1737 918 Πατέρα,
1772 847 1847 909 ὡς
1872 846 2006 915 πρὸς

414 938 551 990 νοῦν
580 937 759 1006 λόγος.
785 939 847 992 οὐ
885 943 1049 1009 μόνον
1079 941 1168 994 διὰ
1195 943 1258 995 τὸ
1280 940 1492 1004 ἀπαθὲς
1518 942 1616 1009 τῆς
1671 940 2004 1009 γεννήσεως,

415 1030 564 1084 ἀλλὰ
586 1033 767 1086 καὶτὸ
796 1036 1058 1103 συναφὲς,
1094 1035 1191 1088 καὶ
1224 1034 1283 1087 τὸ
1318 1035 1709 1103 ὲξαγγελτικόν
1735 1050 1750 1067 ο
1780 1033 2007 1101 Πνεῦμα

419 1125 494 1185 δὲ.
535 1126 602 1177 τὸ
628 1126 855 1194 Πνεῦμα
891 1128 953 1179 τὸ
990 1128 1164 1194 ἆγιον.
1193 1128 1303 1180 Καὶ
1349 1128 1513 1180 πάλιν
1583 1129 1716 1197 περὶ
1763 1126 1863 1194 μὲν
1916 1125 2007 1176 τοῦ

420 1218 602 1283 Λόγου
628 1220 725 1271 καὶ
746 1216 898 1281 Υίοῦ,
938 1218 1286 1273 Ἀπέστειλε
1315 1222 1422 1273 τὸν
1452 1221 1649 1289 Λόγον·
1674 1218 1884 1280 αὑτοῦ,
1911 1217 2010 1270 acui

416 1309 639 1362 ίὰσατο
658 1309 902 1375 αὐτοὺς,
923 1312 950 1362 ὀ
970 1312 1159 1381 Πατὴρ
1180 1312 1424 1381 δηλονότι
1445 1314 1535 1365 τὸν
1554 1311 1705 1375 Υίὸν,
1720 1308 2010 1370 νοσοῦντας

417 1403 480 1452 ὲν
500 1400 706 1470 πλάνῃ.
732 1402 868 1469 Περὶ
894 1401 953 1453 δὲ
980 1402 1076 1454 τοῦ
1102 1403 1259 1468 ἁγίου
1287 1403 1428 1455 lived
1438 1419 1628 1472 ματος,
1648 1401 2013 1464 Ἑξαποστε-

418 1493 552 1558 ,Ιεῒς
572 1492 636 1545 τὸ
655 1492 898 1561 Πνεῦμα
916 1507 1037 1547 σου
1052 1496 1149 1547 καί
1168 1495 1623 1564 κτισθήσονται,
1639 1496 1687 1546 οἱ
1704 1493 1800 1562 τῆς
1818 1491 2011 1559 καινῆς

417 1580 628 1647 δηλαδὴ
662 1580 921 1645 κτίσεως,
945 1584 1043 1636 καί
1070 1583 1440 1649 ἁνακαινιεῖς
1466 1585 1532 1637 τὸ
1550 1584 1878 1651 πρόσωπον
1903 1580 2013 1649 τῆς

421 1671 566 1739 τῆς,
591 1672 693 1741 τῆς
725 1674 1138 1744 παλαιωθεισης
1165 1678 1223 1728 ὲν
1250 1677 1570 1747 ἁμαρτίαις.
1600 1674 1737 1730 Οὔτε
1761 1677 1817 1730 δὲ
1842 1680 2011 1749 Λόγος

420 1765 773 1834 προφητικὸς
808 1767 1202 1821 ἀποστέλλεται
1229 1768 1318 1821 διὰ
1342 1768 1451 1821 τῶν
1493 1771 1819 1839 φωνητικῶν
1842 1774 2006 1843 ὁργά-

423 1875 536 1909 νων
566 1859 649 1921 είς
676 1860 769 1911 τὸν
820 1859 960 1931 ἀέρα
1012 1863 1297 1931 χεόμενος,
1355 1863 1450 1915 καὶ
1508 1864 1793 1933 λυόμενος.
1844 1866 2005 1932 Λέγει

421 1952 540 2019 γὰρ
574 1951 633 2002 ὲν
665 1950 868 2014 ἄλλοις*
903 1954 1009 2017 Εις
1030 1953 1140 2006 τόν
1158 1951 1369 2017 αἰῶνα,
1397 1954 1593 2022 Κύριε,
1620 1959 1652 2009 ό
1684 1956 1877 2026 Λόγος
1894 1973 2011 2011 σου

418 2040 697 2109 διαμένει
724 2042 892 2113 ἐντῷ
915 2043 1174 2111 οὐρανῷ.
1209 2043 1349 2099 Οὔτε
1383 2044 1605 2116 Πνεῦμα
1647 2046 1717 2099 δι’
1747 2049 2013 2101 ἀναπνευ-

422 2137 640 2191 στικῶν
666 2140 869 2208 ὁμοίως
892 2140 1142 2209 ὀργάνων
1171 2141 1569 2210 ἐξωθούμενον,
1618 2142 1713 2197 καὶ
1730 2142 2011 2213 λυόμενον,

426 2233 524 2284 καὶ
553 2232 842 2301 χεόμενον.
883 2232 1071 2285 Ταῦτα
1105 2234 1215 2303 γὰρ
1269 2235 1561 2303 σωμάτων.
1616 2236 1856 2302 Φανερδν
1898 2236 2012 2298 οὖν,

423 2324 512 2374 ὅτι
535 2322 742 2389 Λόγος,
772 2323 870 2374 καὶ
897 2322 1146 2391 Πνεῦμα,
1181 2322 1554 2389 ὲνυπόστατα,
1597 2326 1693 2378 καὶ
1713 2325 1882 2390 ἀΐδια,
1921 2327 2016 2378 καὶ

416 2414 769 2485 δημιουργά.
805 2415 917 2468 Καὶ
942 2416 970 2467 6
1011 2413 1132 2468 ’1ὼὸ
1157 2416 1214 2469 δέ
1248 2432 1405 2487 φησι,
1436 2416 1523 2485 Ζῇ
1554 2418 1791 2486 Κύριος,
1813 2420 1847 2471 ό
1865 2418 2018 2471 οὕτω

415 2524 501 2576 με
530 2507 773 2575 κρίνας,
802 2507 899 2560 καί
930 2511 965 2562 ὀ
998 2508 1455 2577 παντοκράτωρ,
1492 2510 1525 2564 ό
1557 2511 2018 2578 παραπικράνας

419 2614 546 2666 μου
574 2597 698 2665 τὴν
726 2597 963 2667 ψυχὴν,
998 2598 1097 2653 καί
1132 2599 1376 2668 Πνεῦμα
1402 2599 1579 2655 ,θεῖον
1606 2601 1673 2653 τὸ
1713 2599 1924 2670 περιὸν
1951 2600 2020 2653 ἐν

418 2691 560 2757 pro"!
586 2707 733 2760 μου.
754 2693 866 2745 Καὶ
886 2694 913 2743 6
932 2680 1207 2764 Ζαχαρίας
1229 2694 1291 2746 ὲκ
1310 2693 1608 2764 προσώπου
1640 2695 1735 2747 τοῦ
1763 2695 1899 2748 Θεοῦ
1925 2700 2021 2749 καὶ

424 2785 677 2853 Πατρὸς,
697 2784 849 2853 Ἐγὼ
866 2786 996 2855 μεθ’
1015 2784 1184 2854 ὑμῶν
1208 2788 1349 2852 εἰμι,
1378 2788 1474 2840 καὶ
1501 2790 1534 2840 ό
1551 2789 1743 2856 Λόγος
1756 2805 1899 2855 μου,
1922 2788 2021 2841 καί

420 2877 492 2929 τὸ
518 2874 774 2944 Πνεῦμά
794 2892 935 2944 μου.
960 2877 1073 2928 Καὶ
1095 2876 1124 2928 6
1152 2876 1401 2941 Ἠσατας,
1423 2877 1553 2931 Νῦν
1574 2879 1793 2947 Κύριος
1809 2878 2022 2941 ἐξαπέ-

416 2965 667 3021 σταλκέ
688 2981 793 3034 με,
827 2966 929 3022 καί
961 2967 1029 3021 τὸ
1059 2968 1307 3039 Πνεῦμα
1328 2970 1538 3023 αὐτοῦ.

924 3222 1146 3276 Βίϐλον
1194 3220 1523 3287 Γενέσεως.

494 3316 704 3385 Φησίν
720 3314 938 3369 Ἰακὼϐ
950 3314 1102 3381 πρὸς
1118 3315 1225 3380 τὰς
1246 3313 1357 3368 δύο
1371 3313 1667 3383 γυναῖκας
1680 3317 1889 3371 αὐτοῦ’
1912 3315 2021 3370 Καὶ

424 3407 558 3464 εἶπέ
569 3426 677 3479 μοι
698 3411 735 3462 ὁ
756 3408 1015 3476 ἄγγελος
1038 3404 1150 3461 τοῦ
1175 3403 1324 3460 Θεοῦ
1344 3407 1474 3461 καθ’
1486 3406 1744 3473 ὕπνους,
1764 3407 2027 3476 Ἑώρακα

428 3505 551 3557 ὅσα
577 3518 680 3555 σοι
700 3500 916 3556 Λάϐαν
937 3498 1119 3565 ποιεῖ,
1151 3500 1247 3554 καὶ
1265 3499 1336 3553 τὰ
1359 3500 1511 3569 ἑξῆς.
1540 3496 1699 3566 Εἶτα,
1748 3503 1893 3572 Ἐγώ
1907 3507 2025 3572 ειμι

433 3598 467 3648 ὀ
486 3595 652 3658 Θεὸς,
674 3596 709 3646 ό
742 3591 951 3661 ὀφθείς
975 3603 1077 3645 σοι
1108 3591 1177 3646 ἐν
1204 3595 1371 3656 τόπῳ
1396 3592 1569 3647 Θεοῦ.
1628 3593 1691 3646 Ei
1732 3591 1828 3648 οὖν
1857 3598 2024 3665 ἄγγει

441 3687 535 3745 λος
592 3686 772 3749 ἁπλῶς
837 3680 908 3755 ἦν
965 3678 1049 3747 εἷς
1101 3682 1211 3737 τῶν
1269 3684 1662 3756 λειτουργικῶν
1717 3687 2023 3758 δυνάμεων,

453 3777 573 3840 πῶς
599 3780 779 3833 ἑαυτὸν
806 3778 996 3834 ἐκάλει
1064 3777 1236 3845 Θεὸν;
1272 3778 1305 3849 ἢ
1339 3779 1558 3844 πάντως
1586 3782 1616 3833 6
1670 3780 1801 3844 Υἱὸς
1847 3777 1936 3853 ἦν,
1970 3785 2028 3846 ὃς

444 3872 594 3925 ἐστιν
634 3871 871 3940 ἄγγελος
895 3870 991 3925 τοῦ
1018 3870 1155 3924 Θεοῦ
1196 3871 1291 3925 καὶ
1320 3872 1557 3941 Πατρὸς,
1588 3871 1667 3936 ὡς
1702 3872 1859 3942 λόγος
1890 3875 1981 3928 νοῦ
2011 3892 2025 3907 ·

437 3965 830 4033 ἑξαγγελτικὸς
852 3966 961 4036 γὰρ
988 3964 1018 4017 6
1036 3964 1191 4033 λόγος
1210 3965 1305 4017 τοῦ
1330 3963 1445 4027 νοῦ,
1462 3964 1545 4018 ἔτι
1562 3965 1641 4031 δὲ,
1673 3966 1770 4020 καὶ⁹
1790 3965 1866 4029 ὡς
1891 3966 2029 4037 μετὰ

434 4064 535 4130 τὴν
557 4062 720 4113 ἐνανθ
732 4060 983 4129 ρώπησιν
1011 4057 1344 4125 ἀναγγείλας
1364 4057 1497 4127 ἡμῖν
1527 4057 1587 4110 τὸ
1619 4057 1719 4128 τῆς
1747 4059 2024 4129 πατρότη-

434 4170 523 4214 το;
537 4153 738 4220 ὄνομα.
757 4148 1145 4218 Ἑφανέρωσα
1162 4147 1296 4218 γὰρ,
1312 4149 1465 4217 φησὶ,
1484 4147 1550 4201 τὸ
1569 4148 1758 4218 ὄνομά
1776 4163 1893 4204 σου
1906 4149 2032 4215 τοῖς

428 4241 808 4310 ἀνθρώποις,
840 4243 935 4294 καὶ
957 4241 1031 4302 ὡς
1051 4240 1150 4307 τῆς
1189 4239 1463 4308 μεγάλης
1477 4238 1725 4307 ,βουλῆς
1745 4239 2026 4310 ἄγγελος.

438 4335 605 4390 Οὕτω
637 4334 751 4404 γὰρ
779 4333 943 4387 αὐτὸν
966 4333 1416 4402 προσηγόρευσεν
1469 4333 1698 4395 Ἡσαΐας
1724 4349 1739 4365 ο
1778 4336 2028 4402 προσέτι,

439 4430 538 4483 καὶ
567 4426 931 4497 θαυμαστὸν
972 4426 1354 4493 σύμϐουλον,
1414 4426 1514 4479 καὶ
1569 4427 1720 4481 Θεὸν
1772 4428 2033 4496 ἰσχυρὸν

440 4518 873 4587 ἑξουσιαστὴν
903 4519 1289 4587 κατονομᾶσας
1338 4520 1523 4571 αὐτόν.
1573 4518 1669 4581 Τίς
1724 4520 1833 4587 γὰρ
1895 4519 2031 4571 Θεοῦ

446 4612 789 4684 σύμὸουλος,
815 4612 865 4665 εί
897 4612 975 4685 μὴ
996 4613 1026 4665 6
1057 4612 1370 4682 ὁμοούσιος,
1400 4613 1495 4665 καὶ
1516 4611 1914 4682 αὐτοδύναμος,
1938 4615 2033 4665 καὶ

443 4710 706 4777 ἰσότιμος
736 4706 865 4769 Υἱὸς
891 4724 907 4771 ;
946 4705 1110 4776 βουλὴ
1134 4706 1190 4759 δὲ
1220 4706 1315 4759 τοῦ
1351 4706 1589 4777 Πατρὺς,
1622 4708 1656 4776 ἡ
1684 4705 1774 4759 διὰ
1800 4707 1909 4759 τῶν
1940 4708 2038 4759 ἁν-

441 4799 714 4869 θρώττων.
753 4798 818 4849 Ἠ
848 4798 1014 4868 βουλὴ
1048 4798 1105 4851 δὲ
1139 4797 1232 4849 τοῦ
1259 4798 1501 4867 Πατρὸς,
1563 4799 1659 4850 καὶ
1718 4800 1815 4851 τοῦ
1876 4798 2029 4861 Υἱοῦ,

1191 4890 1316 4943 ’Ότι
1363 4891 1420 4943 δὲ
1478 4893 1506 4943 6
1553 4890 1679 4953 Υἱὸς
1716 4884 1873 4953 οὗτος
1937 4890 2031 4943 καὶ

439 4986 580 5046 Θεὸς
607 4984 1024 5054 ἐνηνθρὼπησε,
1058 4984 1222 5053 φησὶν
1282 4987 1313 5038 6
1385 4982 1593 5052 αὐτός)
1622 4984 1751 5036 Ὀτι
1787 4982 2031 5036 παιδίον

438 5077 752 5147 ἐγεννήθη
780 5077 947 5147 ἡμῖν,
966 5078 1098 5142 Υἱὸς
1118 5080 1213 5131 καί
1247 5077 1426 5143 ἐδόοη
1451 5075 1618 5146 ἡμῖν.
1644 5077 1722 5130 Δι’
1746 5078 1891 5147 ἡμᾶς
1922 5079 2031 5147 γὰρ

444 5169 731 5238 ἐγεννήθη
766 5170 983 5222 παιδίον
1023 5171 1050 5222 6
1078 5169 1232 5235 Υἱὸς,
1264 5170 1360 5222 καὶ
1394 5168 1812 5239 συνανεστράφη
1876 5172 2030 5240 ἡμῖν.

445 5262 591 5331 Περὶ⁸
631 5262 740 5332 γὰρ
772 5264 865 5315 τοῦ
889 5263 1096 5330 κυρίως
1125 5261 1255 5313 Υίοῦ
1290 5262 1463 5314 ταῦτα
1504 5265 1905 5331 προεφήτευσε,
1940 5264 2035 5316 καὶ

441 5356 509 5408 οὐ
535 5355 669 5424 περὶ
700 5354 890 5416 ἁπλῶς
924 5353 1061 5417 υίοῦ,
1094 5354 1188 5406 καὶ
1212 5353 1288 5415 ὡς
1340 5354 1647 5424 παρὰδ.ξον
1703 5355 1887 5424 ἔργον.
1970 5355 2036 5407 Τί

438 5449 504 5500 δὲ
521 5447 833 5516 παράδοξον
856 5445 1049 5508 ἁπλῶς
1074 5447 1189 5499 υἱὸν
1204 5447 1534 5515 γεννηθῆναι
1559 5447 1772 5499 παιδίον
1793 5466 1807 5513 ;
1838 5447 1917 5500 διὸ
1943 5452 2037 5502 καὶ

442 5540 517 5593 τὰ
542 5539 670 5607 ἑξῆς
701 5539 1075 5608 ἀριδηλότατα
1112 5538 1456 5609 προσέθηκεν
1505 5540 1585 5601 είς
1641 5538 1882 5608 ἔμφασιν
1936 5540 2038 5609 τῆς

526 5734 542 5765 ¹
578 5732 922 5791 Psal.xxxu,
953 5729 1007 5780 6.
1088 5730 1105 5759 ¹
1132 5728 1271 5783 Psal.
1305 5746 1414 5792 ενι,
1445 5732 1535 5785 20.
1616 5731 1634 5761 ³
1668 5732 1791 5785 Psal
1822 5747 1937 5796 cm,
1971 5732 2062 5788 50.

2108 1686 2284 1739 tuum,
2324 1684 2374 1728 et
2419 1675 2735 1728 creabantur
2770 1717 2784 1740 ,

2109 580 2236 623 ante
2271 570 2469 623 saecula
2505 570 2765 624 declarat.
2822 567 2953 623 Item
2996 569 3161 624 David
3202 586 3213 620 :
3260 568 3440 632 Verbo,
3493 571 3693 639 inquit,

2110 663 2323 716 Domini
2360 663 2477 717 coeli
2505 662 2704 732 ﬁrmati
2733 672 2874 724 sunt,
2911 672 2960 717 et
2992 660 3199 732 Spiritu
3226 665 3335 717 oris
3367 664 3479 729 ejus
3522 664 3694 719 omnis

2109 756 2273 806 virtus
2318 769 2498 807 eorum
2527 754 2543 783 ί
2575 767 2590 819 ;
2647 753 2934 808 Dominum
2970 754 3208 823 appellat
3246 753 3496 822 Patrem;
3561 756 3699 810 Ver-

2112 846 2239 898 bum
2272 856 2452 899 autem
2481 844 2676 900 Filium
2701 845 2893 915 ipsius,
2913 847 3174 915 quoniam
3198 847 3271 900 ita
3291 862 3349 901 se
3373 847 3541 901 habet
3568 864 3709 921 cum.

2112 936 2291 999 Patre,
2323 946 2383 990 ut
2422 952 2546 989 cum
2579 945 2765 990 mente
2794 936 3021 990 verbum
3053 944 3107 990 et
3145 938 3344 1001 oratio,
3383 954 3490 991 non
3514 940 3695 994 solum

2112 1038 2331 1096 propter
2359 1036 2538 1082 ortum
2572 1027 2664 1097 qui
2709 1027 2830 1081 sine
2861 1028 2967 1082 ulla
3002 1028 3105 1083 fuit
3135 1028 3451 1096 affectione,
3501 1047 3694 1087 verum

2112 1124 2277 1178 etiam
2319 1134 2541 1194 propter
2589 1124 3036 1193 conjunctioncm
3095 1140 3218 1179 cum
3258 1124 3441 1186 Patre.
3476 1136 3530 1181 et
3566 1133 3695 1196 quia

2112 1215 2445 1269 voluntatem
2476 1214 2595 1285 ejus
2625 1214 2894 1269 enuntiat.
2926 1213 3190 1283 Spiritum
3227 1230 3359 1269 vero
3394 1216 3694 1283 voeatSpi-

2113 1308 2277 1360 ritum
2302 1316 2574 1362 sanctum.
2611 1308 2741 1362 Item
2769 1308 2837 1362 de
2860 1306 3040 1362 Verbo
3092 1315 3144 1362 et
3177 1306 3312 1361 Filio
3349 1325 3361 1360 :
3392 1307 3533 1361 Misit
3567 1308 3700 1362 Ver-

2115 1400 2233 1452 bum
2273 1414 2451 1461 suum,
2486 1399 2679 1469 inquit.
2714 1409 2761 1454 et
2789 1400 3001 1453 sanavit
3036 1415 3125 1453 eos
3159 1401 3199 1455 '.
3245 1398 3403 1454 Pater
3431 1400 3696 1454 nimirum

2115 1490 2265 1545 misit
2290 1476 2509 1557 Filium,
2543 1501 2596 1546 et
2619 1491 3177 1561 sanavitignorantire
3216 1492 3409 1546 morbo
3441 1492 3700 1545 laboran-

2118 1590 2217 1636 tes.
2251 1582 2318 1635 At
2361 1583 2428 1637 de
2456 1581 2662 1652 Spiritu
2686 1592 2874 1637 saneto
2906 1600 2920 1637 :
2959 1584 3153 1649 Miltes,
3204 1584 3404 1654 inquit,
3440 1584 3702 1653 Spiritum

2868 1690 3009 1728 nova
3064 1675 3253 1745 utique
3298 1676 3620 1741 creatione;
3652 1687 3702 1731 et

2118 1767 2389 1820 renovabis
2415 1767 2601 1837 faciem
2625 1777 2776 1821 teri-ce
2808 1768 2849 1831 ³,
2881 1783 3000 1837 qua;
3029 1768 3318 1823 consenuit
3349 1768 3403 1823 in
3434 1767 3701 1838 peccatis.

2121 1857 2303 1925 Neque
2359 1872 2491 1911 vero
2557 1857 2840 1910 vocalibus
2917 1856 3298 1912 instrumentis
3355 1857 3702 1912 enuntiatum

2118 1949 2220 2001 hoc
2255 1946 2480 2000 verbum
2515 1946 2568 2000 in
2601 1960 2728 2000 aera
2764 1944 3087 2005 diffunditur
3144 1955 3308 2015 atque
3363 1946 3701 2001 dissolvitur.

2119 2039 2210 2095 Sic
2237 2041 2382 2095 enim
2412 2040 2548 2095 dicit
2576 2057 2590 2093 :
2624 2038 2691 2093 In
2721 2040 2994 2104 sarculum,
3027 2039 3266 2105 Domine,
3305 2039 3524 2095 Verbum
3553 2049 3705 2094 tuum

2117 2140 2391 2199 permanet
2420 2133 2475 2186 in
2502 2133 2632 2185 cwlo
2671 2131 2712 2184 ⁵.
2750 2132 2861 2187 Nec
2915 2132 3153 2202 Spiritus
3185 2132 3276 2186 ille
3324 2124 3570 2201 spirandi
3617 2134 3705 2187 in-

2120 2223 2434 2277 stramentis
2472 2223 2782 2292 expellitur,
2814 2230 2909 2277 aut
2936 2223 3208 2295 spargitur
3245 2232 3299 2279 et
3346 2224 3646 2296 dissipatur
3679 2243 3695 2281 :

2122 2317 2237 2371 haec
2278 2316 2422 2371 enim
2454 2317 2777 2386 corporibus
2810 2316 3157 2387 contingunt.
3212 2318 3571 2388 Perspicuum
3599 2320 3704 2389 igi-

2121 2420 2197 2463 tm
2234 2417 2339 2475 est,
2367 2409 2601 2463 Verbum
2651 2416 2707 2463 et
2732 2408 2995 2478 Spiritum
3031 2410 3085 2462 in
3120 2424 3217 2464 sua
3267 2420 3560 2481 utrumque
3611 2428 3706 2466 cx-

2120 2502 2315 2557 sistere
2350 2516 2607 2572 persona,
2680 2510 2735 2556 et
2765 2517 2886 2557 esse
2943 2512 3235 2568 arternum,
3267 2510 3322 2557 ct
3379 2515 3706 2559 creatorem.

2122 2591 2385 2646 Prasterea
2426 2589 2528 2646 Job
2552 2590 2685 2646 dicit
2718 2608 2732 2645 :
2778 2590 2913 2646 Vivit
2946 2590 3109 2657 Deus,
3138 2593 3228 2662 qui
3260 2592 3337 2646 ita
3379 2610 3460 2647 me
3491 2594 3706 2664 judica—

2121 2685 2218 2749 sit,
2271 2692 2319 2737 et
2348 2683 2675 2751 omnipotens
2726 2684 2815 2753 qui
2887 2700 3135 2737 amaram
3182 2684 3411 2738 reddidit
3473 2686 3709 2739 animam

2123 2794 2318 2842 meam,
2349 2786 2397 2830 et
2424 2775 2654 2845 Spiritus
2675 2776 2771 2831 Dei
2796 2778 2924 2830 mihi
2960 2777 3016 2830 in
3053 2777 3275 2831 naribus
3311 2778 3553 2831 circumit
3574 2778 3619 2831 ⁸.
3646 2777 3708 2832 Et

2124 2871 2417 2935 Zacharias
2465 2884 2534 2924 ex
2575 2884 2813 2939 persona
2860 2868 2953 2924 Dei
2986 2878 3043 2924 et
3105 2868 3282 2925 Patris
3332 2870 3484 2941 :Ego
3543 2872 3709 2925 uobis-

2126 2979 2265 3028 cum,
2296 2960 2496 3032 inquit,
2549 2978 2688 3026 sum,
2751 2970 2799 3014 et
2834 2960 3060 3016 Verbum
3114 2978 3312 3029 meum,
3372 2974 3420 3016 et
3478 2961 3711 3030 Spiritus

2128 3070 2290 3107 meus.
2336 3051 2403 3105 Et
2432 3051 2601 3106 Isaias
2635 3049 2852 3113 :Nunc,
2908 3051 3103 3120 inquit,
3150 3050 3403 3105 Dominus
3438 3053 3579 3106 misit
3610 3069 3710 3114 me,

2050 3157 2094 3214 ς
2128 3157 2174 3199 et
2199 3145 2432 3216 Spiritus
2462 3144 2578 3213 ejus
2599 3146 2638 3196 ⁸.

2590 3237 2675 3292 Ea:
2710 3237 2895 3294 Genesi
2950 3236 3021 3311 [et
3054 3237 3241 3310 Isaia].

2204 3331 2348 3385 Dixit
2382 3329 2544 3385 Jacob
2589 3332 2659 3384 ad
2688 3331 2823 3384 duas
2855 3346 3045 3384 μίτοι-εδ
3084 3347 3213 3385 suas
3260 3347 3279 3385 :
3312 3331 3379 3385 Et
3414 3333 3550 3386 dixit
3586 3334 3711 3386 milii

2130 3424 2347 3494 angelus
2379 3422 2473 3477 Dei
2500 3424 2555 3476 in
2598 3424 2796 3477 somnis
2830 3423 2850 3454 '
2886 3440 2899 3477 :
2942 3422 3063 3477 Vidi
3103 3441 3427 3495 quaecunque
3468 3426 3590 3494 fecit
3626 3428 3711 3479 tibi

2132 3516 2339 3580 Laban,
2369 3524 2425 3570 et
2440 3529 2559 3585 qua:
2579 3521 2902 3584 sequuntur.
2931 3513 3138 3569 Deinde
3172 3530 3185 3566 :
3216 3514 3348 3585 Ego,
3374 3515 3570 3585 inquit,
3598 3532 3712 3569 sum

2133 3609 2294 3672 Deus,
2342 3608 2432 3677 qui
2480 3608 2713 3676 apparui
2769 3606 2864 3660 tibi
2913 3606 2969 3659 in
3025 3607 3138 3660 loco
3193 3605 3311 3661 Dei.
3372 3607 3429 3662 Si
3488 3608 3711 3678 angelus

2132 3710 2247 3755 erat
2278 3715 2420 3754 unus
2473 3716 2504 3754 e
2551 3712 2782 3754 numero
2840 3698 3273 3755 ministrantium
3352 3708 3711 3768 potestatum.

2131 3792 2403 3864 quomodo
2430 3807 2489 3848 se
2519 3792 2697 3862 ipsum
2730 3792 2965 3862 appellat
2982 3792 3190 3847 Deum?
3214 3795 3297 3848 An
3327 3796 3516 3865 utique
3543 3795 3717 3850 Filius

2132 3892 2272 3949 erat,
2330 3885 2423 3953 qui
2460 3882 2555 3937 Dei
2585 3891 2641 3938 et
2690 3882 2868 3937 Patris
2905 3891 2990 3938 est
3017 3884 3263 3956 angelus,
3302 3885 3406 3940 hoc
3446 3894 3531 3941 est
3575 3902 3718 3941 nun-

2134 3980 2265 4045 tius,
2332 3987 2394 4032 ut
2450 3976 2647 4031 mentis
2718 3976 2881 4030 index
2937 3985 3022 4032 est
3088 3979 3314 4032 verbum
3351 4018 3365 4043 ,
3412 3987 3467 4034 et
3538 3994 3720 4035 sermo

2137 4070 2336 4125 mentis
2390 4080 2444 4125 et
2505 4068 2674 4123 animi
2726 4084 2947 4124 sensum
2975 4070 3180 4125 indicat
3208 4070 3231 4124 ?
3258 4069 3390 4126 Post
3425 4072 3720 4126 humanam

2134 4164 2279 4217 enim
2331 4176 2553 4217 carnem
2612 4171 2951 4232 assumptam
3002 4162 3262 4217 nuntians
3322 4163 3481 4219 nobis
3544 4162 3723 4218 Patris

2138 4272 2357 4320 nomen,
2398 4254 2683 4322 Nuntiavi,
2714 4255 3139 4326 inquitfnomen
3169 4267 3315 4311 tuum
3346 4258 3640 4311 hominibus
3680 4259 3720 4311 ⁸.

2138 4349 2204 4402 Et
2236 4348 2414 4416 magni
2468 4347 2674 4401 consilii
2703 4347 2929 4417 Angelus
2962 4357 3188 4402 vocatur
3221 4348 3289 4403 ab
3316 4347 3471 4413 Isaia,
3521 4359 3574 4403 et
3608 4366 3724 4402 mn-

2138 4450 2267 4509 gnus
2302 4439 2666 4502 Consilicrius.
2727 4450 2774 4491 et
2819 4438 2956 4493 Deus
2996 4440 3172 4508 fortis,
3204 4450 3253 4494 et
3291 4450 3472 4509 potens
3500 4441 3542 4492 ’.
3590 4439 3726 4506 Quis

2143 4545 2306 4600 porro
2335 4530 2686 4584 consiliarius
2714 4530 2828 4592 Dei,
2862 4529 2965 4583 nisi
2997 4531 3087 4599 qui
3122 4530 3365 4599 ejusdem
3402 4539 3482 4584 est
3530 4545 3721 4584 essen-

2143 4623 2250 4684 tiae,
2282 4619 2637 4689 ejusdemque
2672 4617 2954 4687 potestatis
2987 4626 3042 4671 et
3075 4615 3351 4687 dignitatis
3397 4615 3618 4685 aequalis
3638 4615 3723 4669 Fi-

2141 4710 2299 4766 lius?
2347 4710 2651 4764 Consilium
2707 4710 3072 4778 voluntasque
3108 4710 3282 4765 Patris
3330 4718 3414 4764 est
3440 4710 3719 4765 hominum

2142 4798 2288 4853 salus
2318 4814 2413 4867 per
2440 4797 2751 4868 evangelica
2810 4799 3084 4854 mandata.
3121 4800 3296 4855 Patris
3344 4816 3473 4855 vero
3508 4809 3561 4856 et
3602 4802 3724 4855 Filii

2142 4892 2366 4947 consilio
2400 4891 2589 4946 eadem
2622 4894 2873 4948 voluntas
2930 4893 3283 4967 signiﬁcatur.
3330 4894 3485 4961 Quod
3540 4905 3723 4951 autem

2145 4984 2317 5039 Filius
2367 4986 2456 5040 hic
2505 4994 2559 5039 et
2613 4985 2756 5039 Deus
2819 5001 3039 5041 carnem
3095 4988 3391 5041 humanam
3450 4987 3715 5054 induerit,

2146 5077 2386 5133 ostendit
2418 5077 2559 5132 idem
2592 5077 2757 5132 Isaias
2791 5095 2804 5131 :
2842 5076 3002 5139 Puer,
3033 5078 3309 5147 inquiens,
3345 5090 3500 5133 natus
3518 5090 3593 5134 est
3628 5098 3723 5133 no-

2146 5172 2222 5224 bis
2275 5180 2321 5224 et
2368 5170 2507 5239 filius
2547 5172 2705 5224 datus
2754 5180 2828 5224 est
2866 5172 3013 5224 nobis
3054 5170 3115 5224 ιο.
3153 5172 3381 5242 PrOpter
3426 5188 3527 5227 nos
3576 5171 3720 5227 enim

2143 5273 2302 5318 natus
2333 5274 2417 5318 est
2443 5279 2579 5334 puer
2609 5265 2697 5318 ille
2724 5263 2914 5328 Filius,
2948 5275 3003 5319 et
3034 5265 3319 5321 nobiscum
3356 5274 3721 5320 versatusest.

2148 5357 2277 5410 Nam
2333 5358 2399 5411 de
2426 5358 2537 5422 illo,
2604 5359 2695 5426 qui
2729 5373 2856 5412 vere
2890 5356 3061 5412 Filius
3106 5367 3212 5424 est,
3255 5374 3363 5412 non
3426 5368 3605 5411 autem
3658 5356 3725 5410 de

2147 5434 2390 5521 quolibet
2420 5452 2528 5505 lilio
2562 5453 2676 5506 haec
2710 5453 2960 5521 przedixit
3007 5453 3292 5522 propheta.
3344 5450 3409 5504 Et
3441 5465 3579 5519 opus
3626 5450 3726 5503 hoc

2150 5556 2210 5599 ut
2258 5546 2635 5599 admirandum
2684 5544 2963 5616 praedicat.
3010 5544 3149 5609 Quid
3217 5552 3398 5597 autem
3450 5542 3724 5597 admiran-

2141 5732 2161 5760 ⁸
2197 5731 2337 5784 Psal.
2360 5746 2545 5791 cxviu,
2570 5731 2658 5785 89.
2739 5729 2904 5787 8Job.
2939 5744 3111 5793 xxv”,
3139 5726 3194 5793 2,
3229 5729 3282 5781 5.
3363 5728 3383 5757 ⁸
3407 5726 3512 5784 Isa.
3538 5744 3726 5790 xum.

455 5806 545 5858 16.
626 5804 643 5833 ⁷
678 5803 822 5857 Gen.
883 5814 1037 5863 xui,
1070 5799 1157 5851 II.
1232 5805 1253 5835 ⁸
1282 5800 1444 5856 Joan.
1502 5818 1633 5868 χιιι,
1671 5802 1722 5856 6.
1802 5806 1821 5835 θ
1857 5802 1957 5856 lsa.
1989 5819 2020 5856 ιι

2127 5808 2150 5854 ὶ.
2233 5803 2274 5834 ¹⁰
2315 5801 2415 5855 lea.
2455 5818 2527 5863 IX,
2567 5804 2616 5854 6.

778 5896 1035 5954 Parnm.
1110 5895 1224 5951 Gn.
1265 5895 1515 5956 CXXX.

3374 5888 3408 5948 9
