4126 6408
472 324 580 388 267

1706 319 2099 381 EUTHYMII
2140 321 2506 383 ZIGABENI

3632 318 3744 382 263

468 441 625 503 dum,
652 452 778 493 eum
815 435 908 506 qui
938 433 1264 505 simpliciter
1297 433 1438 488 ﬁlius
1471 433 1562 500 sit,
1601 448 1829 504 puerum
1861 435 2059 490 nasci?

2169 436 2328 492 αὐτοῦ
2394 437 2672 509 θεότητος,
2737 435 2832 490 καὶ
2885 433 3180 506 διαστολὴν
3235 433 3344 503 τῆς
3389 433 3578 500 ἁπλῶς
3625 435 3744 488 vida

467 533 833 604 Quamobrem
865 539 921 587 et
957 530 1187 586 clariora
1219 529 1476 599 deinceps
1510 528 1762 598 subjecit.
1805 537 1864 582 ut
1907 527 2050 582 divi-

468 629 698 681 nitatem
750 625 898 678 illius
960 636 1015 677 et
1048 621 1412 678 diﬁcrentiam
1470 621 1615 676 inter
1672 628 1874 678 cumet
1923 618 2050 674 reli-

469 734 628 790 quos.
654 717 746 786 qui
782 713 1100 784 simpliciter
1143 713 1236 766 ﬁlii
1271 722 1424 778 sunt,
1470 711 1760 767 indicaret.

771 807 1014 861 Ieremia:
1044 807 1171 876 [imo
1207 803 1418 858 Baruch
1449 818 1496 858 et
1531 802 1739 876 lsairr].

549 904 645 956 llic
675 911 749 955 est
781 900 920 954 Deus
970 906 1143 952 noster
1173 914 1190 950 :
1221 909 1270 951 et
1336 912 1439 950 non
1505 897 1855 952 wstimabrtur
1914 895 2055 950 alius

472 997 720 1050 adversus
769 1009 887 1046 eum
947 1029 962 1042 .
1001 989 1208 1044 Deinde
1238 988 1430 1043 addit:
1476 985 1602 1042 Post
1653 988 1763 1042 hac
1801 989 1854 1041 in
1901 988 2057 1041 terris

472 1088 609 1138 visus
652 1093 750 1146 est,
805 1093 854 1135 et
903 1098 1020 1134 cum
1068 1080 1363 1134 hominibus
1424 1089 1758 1136 conversatus
1796 1091 1870 1132 est
1913 1080 1953 1131 ¹.
1993 1078 2056 1133 Et

471 1178 636 1230 Isaias
670 1193 685 1230 :
720 1175 871 1238 Ecce,
909 1173 1105 1244 inquit,
1138 1173 1274 1225 Deus
1302 1183 1495 1225 noster.
1523 1171 1646 1241 Ipse
1675 1171 1916 1237 veniet,et
1945 1171 2056 1225 sal-

471 1269 613 1322 uabit
649 1283 742 1321 nos
783 1267 827 1318 ’.
857 1263 1108 1320 Allerens
1139 1272 1320 1318 autem
1367 1264 1582 1334 signum
1634 1263 1902 1318 adventus
1927 1263 2054 1332 ejus

471 1361 527 1414 in
562 1375 726 1416 carne
757 1357 1039 1428 subiungit
1083 1373 1096 1410 :
1151 1356 1291 1410 Tunc
1343 1356 1649 1425 aperientur
1698 1355 1840 1409 oculi
1883 1370 2054 1408 εαυεο-

471 1467 612 1512 rum,
652 1458 700 1503 et
758 1463 912 1502 aures
947 1453 1226 1502 surdorum
1276 1448 1514 1501 audient.
1555 1447 1696 1500 Tunc
1749 1444 1927 1508 saliet,
1994 1453 2053 1498 ut

472 1541 956 1608 cervus,'claudus,
986 1551 1034 1594 et
1067 1541 1265 1594 diserta
1293 1539 1393 1592 erit
1452 1539 1638 1610 lingua
1685 1537 2049 1596 balbarum.'.

474 1638 607 1698 Quae
661 1631 882 1702 quidem
934 1629 1114 1684 omnia
1161 1645 1221 1684 re
1277 1629 1393 1699 ipsa
1455 1629 1693 1700 perfecta
1757 1631 2052 1685 humanam

475 1732 697 1772 carnem
728 1717 797 1771 ab
832 1716 924 1772 illo
963 1727 1304 1788 assumptam
1356 1717 1558 1772 indicio
1591 1719 1899 1774 certissimo
1969 1729 2055 1774 tc-

475 1819 709 1863 stantur.
753 1805 1014 1878 Idemque
1057 1787 1250 1864 rursus
1301 1808 1378 1863 ait
1430 1826 1444 1862 :
1489 1808 1610 1862 Non
1664 1809 1895 1878 legatus,
1953 1827 2054 1865 non
2085 1787 2132 1844 Β

476 1901 713 1973 angelus,
763 1904 853 1955 sed
904 1901 1014 1970 ipse
1059 1900 1316 1954 Dominus
1370 1903 1600 1955 servavit
1649 1918 1758 1956 eos.
1828 1901 2063 1974 Legatus

477 1995 620 2050 enim
653 1992 1124 2058 est.intercessor,
1167 1991 1341 2062 qualis
1375 1990 1476 2045 fuit
1509 1991 1736 2062 Moyses,
1771 2002 1828 2048 et
1857 1993 1901 2048 si
1939 1995 2064 2064 quis

475 2087 614 2141 alius
649 2097 772 2156 post
794 2083 1056 2157 Moysem.
1087 2084 1166 2138 Ac
1219 2098 1318 2152 per
1374 2082 1578 2152 legatos
1627 2083 1846 2152 quidem
1901 2096 2064 2156 atque

475 2179 698 2249 angelos
741 2177 899 2232 multi
937 2190 1322 2248 smpenumero
1373 2176 1581 2234 servati
1649 2188 1800 2244 sunt,
1843 2187 1904 2234 ut
1962 2179 2061 2245 illi,

474 2288 614 2341 quos
651 2273 733 2326 vel
764 2271 973 2342 Moyses
1006 2271 1088 2326 vel
1119 2270 1278 2328 Jesus
1318 2271 1468 2329 Nave
1501 2273 1664 2338 ﬁlius,
1697 2281 1751 2328 et
1791 2271 1880 2326 alii
1924 2271 2064 2340 ejus-

479 2363 628 2417 modi
689 2371 948 2417 rexerunt
997 2371 1053 2418 et
1102 2363 1500 2434 gubernarunt.
1568 2365 1636 2420 Et
1685 2363 1780 2433 qui
1841 2362 2066 2418 fuerunt

481 2457 586 2511 sub
618 2455 872 2520 Ezechia,
945 2471 1054 2526 quo
1108 2456 1327 2526 quidem
1385 2466 1626 2528 tempore
1657 2457 1885 2527 angelus
1945 2471 2056 2510 una

475 2557 638 2605 nocte
663 2558 881 2604 centum
913 2548 1187 2619 octoginta
1225 2548 1468 2619 quinque
1501 2548 1669 2602 millia
1704 2548 2062 2619 Assyriorum

476 2640 696 2695 delevit.
750 2638 876 2693 Haec
923 2637 1171 2708 profecto
1229 2637 1330 2693 Dei
1386 2636 1881 2710 peregrinationem
1941 2637 2063 2692 cla-

478 2729 698 2786 rissime
729 2727 1092 2800 patefaciunt.

1180 2819 1361 2875 Isaiw.

552 2913 708 2968 Dabit
758 2913 1008 2966 Dominus
1062 2913 1172 2981 ipse
1229 2913 1370 2967 vobis
1415 2912 1623 2983 signum
1656 2925 1675 2964 :
1715 2911 1852 2968 Ecce
1916 2915 2064 2984 virgo

480 3006 752 3072 concipiet,
784 3015 832 3058 et
857 3006 1029 3072 pariet
1058 3004 1228 3073 ﬁlium
1261 3006 1299 3058 ⁸.
1339 3003 1532 3060 Omnis
1583 3005 1752 3070 enim,
1800 3023 1920 3077 qua:
1983 3008 2067 3063 t'e-

2162 545 2346 596 τητος.

2805 791 3114 862 Ἱερεμίου.

2239 882 2424 951 Οὗτος
2451 889 2482 939 ὁ
2511 885 2657 949 Θεὸς
2701 884 2894 953 ἡμῶν,
2942 886 3015 939 οὐ
3053 882 3498 952 λογισθήσεται
3540 881 3751 951 ἕτερος

2167 981 2317 1047 πρὸς
2334 978 2541 1031 αὐτόν.
2562 971 2692 1029 Εἶτα
2708 977 2980 1045 ἐπήγαγε,
2997 976 3161 1029 Μετὰ
3185 975 3371 1028 ταῦτα
3392 974 3489 1026 ἐπὶ
3510 971 3619 1040 τῆς
3637 974 3751 1042 γῆς

2166 1070 2355 1139 ὤφθη,
2381 1071 2479 1122 καὶ
2508 1069 2632 1134 τοῖς
2649 1067 2982 1136 ἀνθρώποις
2999 1068 3494 1136 συνανεστρὰςοη.
3519 1068 3623 1118 Καὶ
3645 1068 3753 1119 πά-

2168 1169 2250 1215 λιν
2283 1165 2340 1214 ἐν
2367 1163 2541 1231 ἑτέρῳ
2569 1161 2736 1232 λόγῳ·
2785 1159 2943 1215 ἰδοὺ
2971 1163 3003 1214 ό
3031 1160 3178 1226 Θεὸς
3207 1161 3378 1229 ἡμῶν
3398 1161 3581 1224 αὐτὸς
3613 1158 3752 1225 ἥξει

2165 1254 2265 1309 καὶ
2297 1253 2485 1308 σώσει
2511 1251 2694 1324 ἡμᾶς.
2715 1253 2916 1316 Διδοῦς
2953 1252 3010 1306 δὲ
3034 1254 3129 1306 καὶ
3153 1255 3383 1322 σημεῖον
3421 1255 3520 1322 τῆς
3550 1253 3750 1318 ὲνσὰρ-

2174 1365 2273 1402 κου
2294 1345 2602 1418 παρουσίας
2622 1345 2788 1398 αὑτοῦ
2807 1346 3140 1416 προσέθηκε,
3178 1348 3318 1400 Τότε
3339 1343 3751 1414 ἀναχθήσον-

2163 1457 2258 1495 ται
2278 1439 2574 1509 ὀφθαλμοὶ
2608 1436 2879 1508 τυφλῶν,
2899 1437 2998 1490 καὶ
3027 1432 3149 1492 ὦτα
3178 1434 3396 1506 κωφῶν
3432 1436 3747 1490 ἀκούσον-

2168 1551 2280 1588 ται.
2314 1535 2453 1588 Τότε
2471 1530 2702 1586 ἁλεῖται
2727 1530 2810 1596 ὡς
2845 1529 3076 1598 ἔλαφος
3102 1532 3134 1584 ὀ
3167 1530 3386 1598 χωλὸς,
3415 1527 3516 1582 καὶ
3554 1526 3750 1594 spari]

2163 1626 2336 1680 ἕσται
2369 1623 2624 1694 γλῶσσα
2651 1621 3010 1692 μογιλάλον·
3052 1621 3200 1691 ἅπερ
3231 1622 3450 1676 ἅπαντα
3480 1620 3752 1688 γεγονότα

2167 1717 2472 1788 μαρτύριον
2491 1714 2725 1784 ἀψευδὲς
2747 1713 2849 1784 τῆς
2866 1715 3028 1768 ἔνανο
3040 1715 3196 1784 ρωπή
3207 1730 3344 1776 σεως
3361 1711 3549 1766 αὑτοῦ.
3565 1712 3624 1765 ’0
3648 1711 3754 1764 αὖ·

2164 1815 2251 1876 τὸς
2285 1813 2342 1866 δὲ
2371 1815 2465 1866 καὶ
2486 1807 2646 1873 αὖθις
2670 1813 2913 1881 εἰρηκενο
2943 1811 3027 1864 Οὐ
3047 1808 3318 1878 πρέσδις,
3335 1809 3452 1862 οὐκ
3470 1807 3751 1878 ἅγγελος,

2162 1905 2303 1960 ἀλλ’
2333 1907 2516 1970 αὐτὸς
2543 1907 2576 1957 d
2595 1904 2811 1972 Κύριος
2840 1904 3080 1957 ἔσωσεν
3098 1901 3363 1967 αὺτούς-,τ
3381 1900 3616 1970 Πρέσσις
3639 1897 3754 1966 γὰρ

2165 2000 2192 2051 ὁ
2217 1999 2470 2069 μεσίτης,
2500 1991 2611 2059 οἷος
2642 1991 2710 2067 ἦν
2733 1997 2762 2048 ὁ
2782 1996 3048 2064 Μωῦσῆς,
3078 1994 3174 2047 καὶ
3195 1993 3348 2054 εῐτις
3373 1989 3494 2044 κατ’
3517 1991 3750 2042 ἐκεῖνον·

2166 2091 2263 2145 καί
2299 2109 2382 2143 τοι
2411 2090 2506 2143 καὶ
2539 2089 2628 2142 διὰ
2686 2089 2938 2158 μεσίτου,
3000 2087 3098 2140 καὶ
3165 2083 3235 2140 δι’
3285 2083 3524 2152 ἀγγέλου
3557 2080 3752 2135 πολλοὶ

2168 2183 2429 2246 πολλάκις
2457 2182 2767 2254 ἐσώθησαν,
2791 2180 2869 2244 ὡς
2906 2181 2957 2232 οἱ
2981 2180 3068 2234 διὰ
3091 2179 3341 2243 Μωσέως
3383 2172 3749 2246 δημαγωγού-

2171 2295 2344 2348 μεγοι,
2375 2280 2469 2330 καὶ
2525 2276 2615 2330 διὰ
2651 2273 2828 2346 Ἰησοῦ
2856 2273 2951 2328 τοῦ
2974 2273 3155 2342 Ναυῆ,
3192 2273 3290 2325 καὶ
3324 2269 3434 2324 τῶν
3463 2266 3751 2324 τοιούτων.

2166 2370 2275 2422 Καὶ
2309 2366 2489 2431 αὖθις,
2518 2365 2570 2418 οἱ
2601 2366 2732 2437 περὶ
2759 2364 2853 2419 τὸν
2893 2363 3166 2428 Ἐζεκίαν,
3224 2361 3313 2432 ἐφ’
3346 2357 3410 2416 οὗ
3465 2361 3566 2426 τὰς
3627 2377 3751 2432 ρπεο

2166 2460 2415 2532 χιλιάδας
2449 2459 2560 2511 τῶν
2605 2457 2907 2528 ’Λοσυρῑων
2938 2458 2967 2510 δ
2998 2455 3229 2524 ἄγγελος
3249 2453 3423 2508 ἀνεῖλε
3443 2454 3550 2525 μιᾷ
3569 2453 3751 2507 νυκτί.

2168 2552 2443 2624 Πρόδηλον
2477 2547 2592 2614 οὖν,
2625 2551 2709 2604 ὅτι
2741 2549 2988 2618 φανερὰν
3027 2546 3328 2618 ἐπιδημίαν
3363 2545 3502 2600 Θεοῦ
3533 2544 3604 2599 τὰ
3639 2545 3750 2615 ῥή-

2169 2659 2316 2713 ματα
2354 2640 2647 2713 μηνύουσι.

2800 2820 3074 2879 Ἡσαΐου.

2247 2913 2433 2968 Δώσει
2458 2916 2678 2983 Κύριος
2692 2913 2876 2980 αὐτὸς
2891 2913 3037 2984 ἡμῖν
3055 2912 3334 2983 σημεῖον.
3364 2911 3524 2970 Ἰδοὺ
3541 2911 3583 2980 ἡ
3597 2914 3758 2983 Παρ-

2169 3007 2345 3074 θένιος
2363 3009 2434 3062 ἐν
2453 3008 2667 3077 γαστρὶ
2688 3007 2834 3074 ἕξει,
2868 3007 2968 3061 καὶ
3004 3006 3238 3071 τέξεται
3257 3007 3417 3062 υἱόν.
3454 3006 3616 3058 Πᾶσα
3647 3007 3752 3076 μὲν

479 3112 596 3150 ium
660 3096 715 3150 in
773 3107 930 3151 utero
964 3098 1120 3164 gerit,
1169 3111 1278 3161 non
1334 3107 1417 3153 est
1467 3097 1641 3169 virgo.
1694 3098 1820 3156 llaec
1880 3110 2061 3156 autem

2177 3099 2234 3152 ὲν
2260 3099 2460 3168 γαστρὶ
2479 3097 2700 3168 ἔχουσα,
2726 3098 2826 3150 οὐκ
2857 3096 2974 3152 ἔστι
3024 3095 3318 3168 παρθένος.
3356 3094 3507 3166 Αὕτη
3561 3094 3620 3148 δὲ
3685 3097 3752 3147 ἐν

478 3187 646 3242 fetum
679 3187 732 3242 in
770 3196 924 3242 utero
955 3202 1150 3258 gerens
1189 3187 1292 3241 erit
1350 3187 1521 3259 virgo.
1552 3189 1706 3255 Quod
1739 3190 1959 3260 quidem
1994 3201 2056 3247 ut

2169 3190 2369 3259 γαστρὶ
2405 3189 2627 3260 ἔχουσα,
2664 3188 2938 3259 παρθένος
2970 3184 3062 3261 ἦν.
3086 3191 3180 3242 Διὸ
3204 3189 3302 3242 καὶ
3361 3188 3436 3252 ὥς
3493 3187 3740 3257 παράδο-

477 3278 800 3334 admirabile
822 3280 1205 3336 testimonium
1227 3289 1392 3351 atque
1412 3280 1674 3337 indicium
1706 3285 2054 3356 pr0ponitur.

1091 3370 1362 3440 Ejusdem.

551 3468 842 3534 Antequam
871 3463 1003 3518 sciat
1049 3481 1178 3534 puer
1229 3465 1444 3530 bonum,
1475 3475 1568 3520 aut
1603 3483 1829 3532 mtuum,
1879 3482 2048 3536 repro-

485 3557 573 3610 bat
599 3556 862 3609 malitiam
910 3567 966 3610 ut
998 3555 1158 3624 eligat
1192 3556 1379 3611 bonum
1400 3558 1442 3611 ⁸.
1478 3557 1708 3613 Cuinam
1746 3574 1918 3630 puero
1949 3559 2063 3614 haec

483 3651 630 3704 dices
657 3648 992 3704 convenire?
1026 3648 1185 3704 Solus
1213 3649 1466 3705 Christus
1505 3659 1791 3721 peccatum
1839 3652 2060 3722 (inquit)

485 3757 592 3796 non
623 3741 776 3811 fecit,
800 3756 902 3798 nec
932 3741 1189 3798 inventus
1221 3751 1306 3797 est
1326 3743 1488 3798 dolus
1519 3743 1574 3798 in
1596 3759 1692 3798 ore
1713 3743 1855 3814 ejus,
1880 3743 1933 3798 id
1955 3754 2062 3808 cst,

484 3850 663 3904 neque
680 3850 763 3900 re,
807 3849 985 3905 neque
1029 3835 1216 3890 verbis
1265 3837 1535 3906 peccavit.
1580 3837 1828 3892 Aliorum
1881 3846 2062 3891 autem

480 3929 726 3984 omnium
751 3927 934 3982 nullus
962 3927 1183 3997 (inquit)
1215 3942 1384 3998 purus
1410 3943 1440 3982 a
1472 3929 1708 3982 macula.

1163 4105 1212 4158 Η
1224 4106 1396 4159 ἔεΙιθιε.

561 4200 624 4254 Et
669 4207 747 4263 tu,
781 4197 1045 4252 Bethleem
1072 4207 1213 4256 terra
1247 4198 1408 4264 Iuda,
1460 4214 1788 4269 nequaquam
1843 4200 2064 4254 minima

486 4309 536 4344 cs
579 4291 630 4343 in
663 4289 984 4358 principibus
1015 4289 1176 4343 Juda.
1202 4289 1285 4343 Ea:
1315 4298 1364 4343 te
1392 4290 1530 4344 enim
1565 4291 1690 4344 mihi
1740 4291 1902 4345 exibit
1933 4293 2061 4358 dux,

489 4382 575 4449 qui
606 4387 749 4450 regat
775 4377 1024 4448 populum
1052 4395 1222 4434 meum
1249 4377 1504 4434 Israelem
1569 4419 1583 4432 .
1617 4378 1818 4435 Verum
1855 4389 1914 4436 ut
1961 4399 2050 4438 os-

2170 3281 2260 3345 ξον
2300 3284 2383 3346 εἰς
2413 3286 2644 3352 σημεῖον
2667 3283 2902 3337 δέδοται.

2807 3375 2919 3429 Τοῦ
2956 3373 3173 3431 αὑτοῦ.

2243 3463 2390 3534 Πρὶν
2405 3464 2444 3533 ἣ
2467 3461 2690 3534 γνῶναι
2706 3465 2774 3520 τὸ
2791 3465 3034 3519 παιδίον
3046 3466 3276 3536 ἀγαθὸν
3293 3465 3332 3536 ἢ
3351 3468 3565 3532 κακὸν,
3582 3467 3752 3522 ἀπει-

2178 3556 2272 3612 θεῖ
2291 3561 2551 3626 πονηριᾳ
2579 3553 2688 3612 τοῦ
2712 3557 3083 3622 ἐκλέξασθαι
3110 3559 3177 3612 τὸ
3202 3558 3451 3627 ἀγαθόν.
3507 3561 3656 3630 Ποίῳ
3689 3560 3750 3614 δὲ

2176 3648 2330 3702 παιδὶ
2369 3648 2544 3702 ταῦτα
2569 3651 2984 3720 προσαρμόσεις
3018 3668 3035 3718 ;
3063 3651 3239 3714 Μόνος
3263 3652 3371 3722 γὰρ
3431 3655 3460 3707 ὁ
3508 3651 3752 3722 Χριστὸς

2172 3739 2475 3808 ἁμαρτίαν,
2508 3742 2698 3808 φησιν,
2727 3743 2829 3794 οὐκ
2855 3742 3135 3811 εποίησεν,
3201 3741 3327 3796 οὐδὲ
3371 3742 3574 3814 εὑρέθη
3594 3743 3752 3804 δδλος

2172 3829 2230 3879 ὲν
2268 3827 2346 3896 τῷ
2386 3829 2622 3898 στόματι
2663 3829 2851 3896 αὑτοῦ,
2897 3830 3178 3884 τουτέστιν
3210 3831 3337 3886 οὔτε
3401 3833 3566 3903 λόγῳ,
3620 3834 3752 3887 οὔτε

2171 3917 2320 3989 ἔργῳ
2351 3919 2665 3990 ἡμάρτηκε.
2697 3917 2820 3975 Τῶν
2840 3920 3020 3976 ἄλλων
3039 3921 3097 3975 δὲ
3122 3921 3339 3978 πάντων
3361 3923 3557 3990 οὐδεὶς,
3588 3925 3753 3994 φησὶ,

2174 4010 2412 4080 καθαρὸς
2441 4011 2552 4064 ἀπὸ
2582 4010 2780 4082 ῥύπου.

2846 4107 3127 4175 Μιχαίου.

2243 4192 2356 4246 Kal
2383 4193 2486 4259 σὺ,
2501 4196 2777 4266 Βηθλεὲμ
2799 4195 2875 4266 γῆ
2906 4197 3128 4265 Ἰούδα,
3155 4199 3432 4269 οὐδαμῶς
3449 4200 3752 4270 ἐλαχίστη

2173 4281 2310 4341 εἶὲν
2332 4287 2457 4354 τοῖς
2500 4288 2800 4358 ἡγεμόσιν
2834 4291 3042 4346 Ἰούδα.
3074 4291 3176 4347 Ἐκ
3201 4293 3320 4347 σοῦ
3364 4293 3476 4363 γάρ
3499 4311 3603 4364 μοι
3617 4294 3755 4359 ἐξε-

2171 4379 2454 4433 λεύσεται
2477 4380 2830 4451 ἡγούμενος,
2849 4381 3019 4449 ὅστις
3041 4384 3325 4447 ποιμανεῖ
3337 4387 3443 4439 τὸν
3461 4387 3616 4440 λαόν
3629 4403 3754 4455 μου

489 4472 738 4525 tenderet
761 4470 905 4526 hunc
938 4485 1046 4525 non
1072 4485 1196 4526 esse
1228 4471 1505 4526 hominem
1539 4471 1744 4528 nudum
1781 4483 1836 4528 et
1863 4477 2061 4540 solum,

2169 4469 2273 4520 τὸν
2302 4469 2572 4536 Ἰσραήλ.
2610 4470 2729 4524 Ἵνα
2760 4472 2817 4525 δὲ
2841 4472 3052 4543 διδάξῃ,
3075 4474 3272 4528 ὅτιούκ
3293 4475 3440 4528 ἔστιν
3461 4475 3754 4546 ἄνθρωπος

486 4563 579 4617 sed
615 4578 737 4618 cum
770 4561 881 4616 Deo
917 4563 1292 4632 conjunctum.
1316 4562 1515 4633 adjecit
1545 4579 1560 4618 :
1594 4564 1787 4619 Exitus
1841 4566 1956 4635 ejus
2000 4567 2068 4620 ab

486 4655 659 4719 initio,
694 4671 728 4707 a
779 4653 962 4708 diebus
991 4654 1175 4708 sa'culi
1205 4656 1246 4708 ⁸.
1275 4655 1554 4722 Actiones,
1605 4655 1804 4722 inquit,
1832 4657 1952 4725 ejus
1999 4657 2065 4712 ad

487 4746 824 4802 divinitatem
874 4746 1241 4815 pertinentes,
1286 4745 1370 4801 vel
1402 4755 1556 4800 ortus
1593 4747 1733 4816 ejus,
1783 4746 1850 4801 ab
1889 4747 2066 4810 initio,

489 4853 550 4892 ex
585 4838 766 4894 saeculi
813 4838 1121 4902 intervallo,
1161 4839 1262 4892 hoc
1289 4847 1394 4900 est.
1438 4838 1507 4892 ab
1557 4841 1706 4892 omni
1736 4839 2060 4894 aeternitate.

490 4929 792 4985 Zorobabel
829 4939 1010 4984 autem
1044 4929 1313 5001 Babylone
1363 4939 1524 4984 natus
1568 4941 1672 4986 est.
1699 4929 1860 4986 Vides
1886 4931 2072 5001 exqui-

490 5023 747 5077 sitissime
768 5022 1091 5077 subductam
1127 5024 1392 5078 rationem
1426 5024 1493 5078 ad
1530 5024 1707 5078 locum
1745 5025 1946 5093 usque,
2014 5024 2069 5076 in

495 5103 601 5180 quo
634 5123 790 5165 natus
822 5121 905 5166 est
933 5111 1204 5168 Christus.

1197 5288 1404 5347 Daniel.

564 5379 802 5433 Videbam
847 5379 901 5432 in
927 5380 1130 5434 visione
1183 5383 1370 5441 noctis.
1424 5395 1470 5436 et
1504 5400 1619 5438 ecce
1677 5401 1793 5439 cum
1845 5385 2065 5439 nubibus

489 5471 599 5522 coeli
634 5471 786 5538 quasi
814 5469 958 5538 ﬁlius
988 5471 1217 5524 hominis
1249 5473 1504 5538 veniebat,
1556 5485 1604 5528 et
1667 5477 1736 5526 ad
1775 5475 2062 5546 Antiquam

491 5559 692 5612 nierum
735 5562 976 5625 accessit,
1033 5570 1082 5615 et
1137 5563 1206 5613 ml
1273 5562 1382 5628 ejus
1437 5576 1761 5633 conspectum
1810 5571 2064 5621 adductus

564 5739 582 5769 '
615 5740 734 5793 Bar.
776 5756 857 5804 ιιι,
893 5742 948 5804 6,
995 5744 1082 5799 58.
1161 5747 1180 5778 ¹
1213 5745 1314 5801 lsa.
1352 5763 1512 5812 xxxv,
1543 5749 1594 5802 4.
1678 5750 1695 5780 ³
1724 5751 1856 5808 ibid.
1889 5753 1944 5818 5,
1983 5753 2032 5808 6.

2170 4559 2330 4627 ψιλὸς
2353 4577 2531 4626 οοτος,
2603 4562 2719 4616 ἀλλ’
2760 4564 3038 4634 ἡνωμένος
3085 4564 3228 4636 Θεῷ,
3285 4566 3653 4638 προσέθηκεν,
3683 4571 3755 4623 Al

2175 4651 2381 4716 ἔξοδοι
2405 4653 2597 4707 αὑτοῦ
2625 4653 2729 4708 ἀπ’
2749 4655 2946 4723 ἀρχῆς
2973 4656 3075 4725 ἀφ’
3100 4657 3340 4727 ἡμερῶν
3384 4656 3603 4724 αἰῶνος
3632 4676 3647 4691 ο
3693 4663 3756 4712 αἱ

2175 4743 2318 4795 κατὰ
2346 4744 2447 4816 τὴν
2467 4744 2721 4814 θεότητα,
2759 4750 2948 4817 φησιν,
2977 4748 3252 4817 ἐνέργειαι
3286 4749 3478 4816 αὑτοῦ,
3506 4749 3539 4820 ἢ
3562 4751 3596 4818 ἠ
3622 4749 3755 4818 γέν-

2175 4852 2330 4904 νησις
2357 4837 2525 4890 αὑτοῦ
2556 4839 2654 4891 ἀπ’
2692 4839 2868 4910 ἀρχῆς
2924 4843 2990 4893 ἐκ
3047 4842 3440 4912 διαστημάτων
3527 4842 3755 4906 αἰῶνος,

2178 4928 2345 4996 ἤγουν
2379 4929 2616 5003 αἱὼνιοι.
2652 4932 2712 4985 ’ῡ
2728 4933 2785 4985 δὲ
2813 4934 3122 5003 Ζοροόάόελ
3149 4937 3208 4987 ὲν
3235 4933 3518 4988 Βαϐυλῶνι
3558 4937 3757 5002 γεγέν-

2178 5036 2360 5086 νηται.
2407 5021 2571 5091 Ὁρᾷς
2602 5001 2992 5091 ἀκριϐολογίαν
3015 5024 3179 5094 μέχρι
3205 5024 3300 5077 καὶ
3354 5022 3449 5078 τοῦ
3473 5001 3666 5090 τόπου,
3685 5016 3756 5074 οὗ

2177 5111 2205 5161 δ
2227 5109 2460 5180 Χριστὸς
2520 5112 2843 5182 γεγέννηται
2870 5130 2885 5177 ;

2831 5299 3074 5352 Δανιὴλ.

2831 5299 2996 5350 AaV-t1
3014 5300 3074 5352 λ.

2259 5385 2582 5454 Ἐθεώρουν·
2598 5387 2667 5440 ἐν
2686 5387 2933 5458 ὁράματι
2952 5297 3052 5458 τὲ(
3077 5391 3323 5458 νυκτὸς,
3338 5392 3440 5446 καὶ
3461 5392 3590 5446 ὶδοὺ
3598 5394 3759 5461 μετὰ

2174 5476 2291 5529 τῶν
2321 5478 2595 5548 νεφελῶν
2636 5480 2742 5533 τοῦ
2779 5482 3061 5549 οὐρανοῦ,
3089 5484 3234 5538 ὡσεὶ
3267 5485 3400 5551 υιὸς
3432 5487 3758 5554 ἀνθρώπου

2175 5575 2500 5642 ἐρχόμενος
2526 5571 2623 5643 ἦν.
2656 5576 2762 5630 Kal
2791 5576 2902 5644 ἕως
2933 5579 3038 5634 τοῦ
3070 5581 3340 5637 Παλαιοῦ
3369 5582 3489 5638 τῶν
3511 5583 3757 5654 ἡμερῶν

2149 5761 2168 5784 ⁸
2200 5754 2300 5811 lsu.
2343 5773 2438 5821 vn,
2475 5759 2557 5812 ll.
2635 5762 2655 5793 ⁸
2710 5761 2842 5816 ibid.
2884 5763 2964 5820 l5.
3047 5767 3067 5799 ⁸
3098 5767 3259 5824 Mich.
3302 5787 3350 5830 ν.
3407 5770 3462 5826 2.
