4126 6394
476 347 585 411 269

1413 363 1791 427 PANOPLIA
1837 370 2301 437 DOGMATICA.
2340 402 2405 412 —
2447 374 2599 440 TIT.
2644 381 2815 444 VIII.

3668 392 3776 457 270

462 462 721 527 ἔφθασε,
744 460 841 516 καὶ
864 463 1132 520 ἐνώπιον
1146 468 1336 525 αὐτοῦ
1359 476 1776 544 προσηνέχθη,
1800 480 1895 534 καὶ
1915 484 2032 535 αὑτι

468 552 905 573 “HLA...
1069 559 1148 573 ..
1308 564 1320 573 .
1501 567 1657 573 .--

2139 520 2149 549 λ
2182 498 2280 549 est,
2314 496 2360 540 et
2386 489 2541 541 datus
2572 500 2647 543 est
2681 491 2762 544 illi
2790 493 2976 554 honor,
3012 504 3060 547 et
3102 496 3405 564 imperium,
3437 507 3486 553 et
3532 518 3772 573 regnum,

460 552 648 659 ἐδόθη
697 553 732 619 ἠ
762 554 946 622 ἀρχὴ,
980 559 1081 612 καὶ
1115 562 1153 629 ἡ
1196 564 1369 632 τιμὴ,
1418 567 1513 618 καὶ
1548 569 1583 633 ἡ
1612 569 1929 635 βασιλεία,
1971 591 2032 626 κο

2177 590 2225 631 et
2254 597 2433 636 omnes
2465 585 2667 652 populi,
2701 585 2895 654 tribus,
2938 588 3136 659 lingua:
3166 594 3402 647 serviunt
3450 595 3554 650 illi.
3589 552 3776 653 apo-e—

461 644 698 709 πάντες
730 649 785 697 οἱ
810 650 973 712 λαοὶ,
1001 654 1212 717 φυλαὶ,
1241 656 1521 724 γλῶσσαι
1551 659 1715 723 αὐτῷ
1735 662 2067 718 δουλεύου-

2173 684 2288 727 stas
2321 674 2437 743 ejus
2461 686 2693 745 potestas
2736 680 3077 745 sempiterna,
3112 699 3229 750 qua
3270 702 3372 739 non
3402 692 3770 756 pertransibit,

457 754 595 793 σιν.
638 741 711 793 ἸΙ
725 740 983 803 ἐξουσία
1014 746 1212 802 αὑτοῦ
1248 749 1505 813 ἐξουσία
1534 753 1792 821 αἰώνιος,
1830 758 1965 825 ἥτις
1992 778 2026 813 0

2174 779 2221 820 et
2281 784 2500 839 regnum
2553 770 2697 825 illius
2774 790 2879 827 non
2918 778 3243 832 evertetur‘.
3286 780 3484 849 Ecquis
3548 792 3632 837 est
3689 785 3775 838 hic

457 831 929 897 παρελεύσεται.
951 837 1059 888 Καὶ
1081 839 1117 903 ἡ
1132 842 1426 902 βασιλειά
1441 847 1631 900 αὐτοῦ
1648 850 1720 901 οὐ
1733 849 2063 919 διαφθαρή-

2171 859 2310 915 ﬁlius
2357 862 2615 920 hominis.
2652 865 2744 933 qui
2798 876 3127 934 potestatem
3197 872 3397 941 accipit
3463 873 3771 929 absolutam

458 939 660 977 σεται.
694 923 791 986 Τίς
822 925 916 979 οὖν
948 932 1120 994 ἐστιν,
1146 935 1173 985 6
1201 932 1276 997 ὡς
1299 936 1412 999 υἱὸς
1432 937 1726 1008 ἀνθρώπου
1743 941 1936 995 «λαϐὼν
1960 945 2027 1013 τὴ

2170 951 2225 1004 in
2325 967 2518 1007 omnes
2599 969 2663 1009 ac
2760 958 3202 1026 sempiternam?
3292 962 3466 1016 Homo
3548 966 3769 1031 quidem

455 1016 721 1080 ἐξουσίαν
799 1022 1176 1093 ἀναφαίρετον
1228 1028 1372 1080 κατὰ
1426 1028 1690 1094 πάντωνς
1725 1033 2050 1104 ’Ἄνθρωπος

460 1112 565 1177 μὲν
622 1114 847 1175 πάντως
904 1118 1101 1179 οὐδεὶς,
1154 1119 1182 1169 6
1230 1120 1585 1191 θεάνθρωπος
1661 1124 1720 1177 δὲ
1790 1127 2054 1196 Χριστὸς,

454 1203 593 1271 περὶ
617 1221 679 1257 oo
717 1208 813 1263 καὶ
838 1209 865 1259 6
906 1209 1075 1261 Δαϐὶδ
1104 1210 1296 1281 εἴρηκε
1333 1214 1470 1282 πρὸς
1498 1216 1591 1267 τὸν
1624 1216 1761 1270 Θεὸν
1795 1220 1887 1271 καὶ
1936 1221 2041 1274 lla.-

453 1297 615 1367 τέρα·
651 1297 720 1351 '0
750 1302 847 1354 6εὲ
862 1321 915 1367 ς,
949 1302 1017 1355 τὸ
1042 1305 1221 1373 κοίμα
1249 1320 1368 1360 σου
1396 1308 1482 1373 τῷ
1508 1309 1765 1373 ,βασιλεῖ
1793 1311 1922 1378 δὸς,
1953 1315 2050 1367 καὶ

454 1390 574 1450 ⁴γὴν·
613 1390 1019 1462 δικαιοσύνην
1040 1404 1172 1462 σουέ
1199 1397 1280 1462 τῷ
1308 1398 1418 1463 υἱῷ
1462 1401 1569 1457 τοῦ
1610 1403 1942 1472 βασιλέως.
1989 1409 2052 1460 '0

452 1482 704 1552 lima-tt;
735 1486 845 1554 γὰρ
887 1488 981 1541 καὶ
1020 1487 1097 1549 ὡς
1155 1490 1289 1554 Θεὸς
1319 1491 1580 1561 βασιλεύς
1615 1496 1757 1560 ἐστι,
1790 1500 1883 1551 καὶ
1934 1500 2049 1563 υἱὸς

452 1580 754 1649 βασιλέως.
793 1583 906 1636 Καὶ
923 1585 999 1648 ὡς
1058 1585 1349 1657 ἄνθρωπος
1387 1588 1645 1659 βασιλεὺς
1702 1594 1918 1661 γέγονε,
1951 1602 2047 1648 καί

450 1674 571 1739 υἱὸς
602 1676 871 1746 βασιλέως
908 1679 1004 1733 τοῦ
1028 1681 1213 1745 Δαϐὶδ,
1247 1682 1332 1735 διὸ
1383 1684 1481 1737 καὶ
1538 1684 1770 1754 ὕστερον
1829 1686 2043 1756 ἔλεγεν,

460 1767 676 1836 Ἐδόθη
707 1787 810 1838 μοι
837 1770 1094 1835 ἐξουσία
1125 1773 1194 1827 ἐν
1223 1776 1462 1843 οὐρανῷ
1480 1777 1576 1831 καὶ
1609 1777 1707 1831 ἐπὶ
1740 1776 1873 1847 γῆς.
1899 1781 2043 1850 Πρὸς

444 1859 511 1911 ὃν
539 1862 568 1912 6
621 1864 811 1933 Πατὴρ
845 1866 988 1933 μετὰ
1025 1864 1087 1917 τὸ
1116 1865 1308 1919 λαϐεῖν
1350 1868 1440 1938 τὴν
1470 1868 1777 1939 βασιλείαν,
1818 1870 1898 1934 ὡς
1952 1871 2040 1925 ἄν-
2075 1850 2118 1908 Β

444 1954 675 2022 ορωπον
701 1956 876 2024 ἔλεγε,
893 1956 1094 2012 Κάθου
1116 1958 1183 2013 ἐκ
1200 1957 1419 2021 δεξιῶν
1437 1977 1582 2028 μου.
1610 1957 1762 2015 Eine
1782 1962 1913 2033 γὰρ.
1939 1978 2043 2033 φη-

444 2046 559 2111 σὶν,
576 2051 610 2101 d
641 2049 857 2116 Κύριος
879 2048 958 2114 τῷ
990 2052 1185 2117 Κυρίῳ
1196 2067 1338 2120 μου·
1360 2053 1559 2107 Κάθου
1590 2054 1659 2107 ἐκ
1689 2054 1908 2118 δεξιῶν
1922 2072 2042 2123 μου

439 2139 559 2206 ἕως
586 2141 666 2193 ἂν
694 2140 777 2196 θῶ
802 2140 946 2208 τοὺς
976 2142 1235 2210 ἐχθρούς
1258 2156 1376 2198 σου
1405 2145 1745 2200 ὑποπόδιον
1769 2144 1888 2199 τῶν
1935 2162 2043 2199 πο-

437 2232 570 2286 δῶν
592 2248 735 2288 σου.
768 2236 837 2287 Ἦ
868 2235 1015 2297 τινες
1048 2235 1189 2288 εἰσὶν
1226 2237 1321 2290 δύο
1349 2236 1531 2307 κύριοι
1554 2236 1649 2291 τοῦ
1686 2238 1873 2304 Δαϐὶδ,
1910 2240 2042 2309 περὶ

434 2320 521 2380 ὧν
542 2327 573 2378 6
616 2327 801 2394 λόγος,
824 2329 872 2380 ei
902 2328 978 2399 μὴ
1003 2332 1234 2393 τούτους
1269 2330 1417 2400 ἐρεῖς
1448 2346 1463 2393 ;
1501 2329 1685 2383 Εἰπὼν
1711 2331 1769 2384 δὲ
1792 2333 1821 2384 6
1850 2332 2037 2396 Aa6‘t6,

450 2419 517 2471 '0
552 2419 724 2482 Θεὸς,
742 2420 811 2471 τὸ
830 2420 1008 2488 spina
1021 2435 1140 2473 σου
1158 2418 1239 2485 τῷ
1252 2420 1511 2485 ,βασιλεῖ
1528 2420 1656 2488 δὸς,
1682 2423 1866 2477 καὶτὰ
1885 2422 2038 2493 ἑξῆς,

438 2512 883 2581 προσεπήγαγεν
899 2512 983 2564 ὅτι
999 2512 1123 2579 Πρὸ
1147 2512 1254 2566 τοῦ
1272 2515 1453 2582 ἡλίου
1472 2514 1741 2583 διαμένει
1763 2514 1830 2569 τὸ
1849 2514 2039 2579 ὄνομα

433 2604 658 2668 αὐτοῦ,
694 2604 757 2656 τὸ
781 2605 881 2674 τῆς
911 2599 1248 2676 θεότητοξ,ἣ
1287 2605 1390 2674 τῆς
1448 2607 1705 2678 υἱότητος
1764 2606 2034 2677 δηλονότι.

446 2699 567 2751 Ἀεὶ
602 2698 716 2769 γὰρ
745 2693 816 2769 ἦν
840 2698 1151 2769 ἀμφότερα.
1172 2698 1269 2761 Ti;
1292 2697 1387 2752 οὖν
1424 2700 1453 2752 6
1472 2698 1719 2773 τοιοῦτος
1751 2699 2032 2769 βασιλεὺς,

429 2794 481 2845 ει
523 2792 606 2862 μὴ
624 2809 784 2856 omo;
818 2811 833 2859 ;
866 2793 969 2847 τίνι
992 2792 1051 2846 δὲ
1082 2794 1178 2847 καὶ
1208 2794 1393 2848 πάντα
1421 2794 1491 2847 τὰ
1520 2793 1650 2864 ἔθνη
1681 2794 2029 2859 ἐδούλωσαν,

427 2886 531 2937 καὶ
563 2884 1038 2957 ὲνευλογὴθησαν,
1077 2886 1171 2939 καὶ⁵
1229 2886 1607 2956 ἑμακάρισαν,
1637 2887 1687 2939 εἰ
1749 2886 1826 2957 μὴ
1868 2887 2033 2956 μόνον

424 2980 519 3032 τὸν
550 2979 797 3047 Χριστόν
821 2996 837 3046 ;
862 2980 910 3033 si
936 2979 981 3032 δ’
998 2979 1077 3032 ἔτι
1107 2979 1430 3051 περιμένεις
1457 2979 1646 3045 αὐτὸν,
1672 2980 1762 3033 ὅτε
1786 2983 1814 3033 6
1840 2980 2032 3044 Ἠλίας

424 3072 845 3143 προδραμεῖται
871 3072 1086 3138 τούτου,
1115 3071 1215 3143 τὴν
1239 3072 1502 3143 δευτέραν
1531 3071 1764 3127 κάθοδον
1785 3073 1879 3126 τοῦ
1905 3073 2023 3126 Σωο

2186 1046 2415 1102 onmino
2476 1047 2679 1113 nullus,
2730 1052 2825 1105 sed
2874 1052 2988 1122 ipso
3062 1055 3205 1109 Deus
3262 1068 3315 1111 et
3370 1058 3535 1112 homo
3603 1059 3772 1116 Chri-

2162 1144 2320 1193 stus.
2374 1138 2451 1193 De
2529 1157 2638 1210 quo
2706 1152 2762 1198 et
2814 1144 2981 1201 David
3056 1147 3222 1203 Deum
3290 1160 3344 1204 et
3397 1152 3613 1207 Patrem
3685 1153 3767 1208 sic

2158 1228 2453 1297 alloquitur
2484 1248 2497 1282 :
2548 1232 2711 1299 Deus,
2735 1233 3003 1301 judicium
3040 1248 3185 1293 tuum
3221 1243 3330 1311 regi
3367 1246 3459 1307 da,
3502 1253 3551 1298 et
3601 1244 3777 1313 justi-

2158 1323 2334 1377 tttiam
2374 1334 2520 1379 tuam
2553 1326 2665 1394 ﬁlio
2692 1329 2827 1397 regis
2851 1332 2892 1384 ².
2923 1330 3177 1389 Christus
3201 1337 3349 1391 enim
3389 1346 3444 1392 et
3502 1340 3581 1395 uti
3620 1342 3762 1397 Deus

2154 1431 2245 1469 rex
2285 1426 2391 1482 est,
2421 1428 2475 1471 et
2507 1419 2647 1473 ﬁlius
2673 1422 2853 1491 regis;
2899 1435 2954 1478 et
2987 1427 3067 1479 uti
3102 1428 3267 1483 homo
3306 1430 3482 1487 tactus
3509 1444 3595 1488 est.
3634 1452 3761 1500 rex,

2151 1516 2205 1560 et
2235 1506 2376 1562 ﬁlius
2404 1510 2566 1579 regis,
2602 1526 2801 1580 nempe
2831 1514 3067 1571 Davitlis.
3095 1516 3173 1571 Ex
3202 1534 3311 1588 quo
3337 1533 3525 1591 postea
3560 1544 3575 1580 :
3615 1524 3777 1580 Data.

2151 1608 2248 1663 est,
2285 1599 2481 1669 inquit,
2535 1603 2667 1656 mihi
2732 1606 2904 1660 omnis
2969 1618 3206 1678 potestas
3270 1614 3325 1665 in
3402 1620 3531 1669 casto
3599 1628 3648 1671 et
3704 1622 3761 1672 in

2150 1702 2295 1744 terra
2330 1691 2371 1744 ³.
2405 1691 2487 1746 Ad
2515 1707 2679 1761 quem
2731 1695 2914 1762 Pater,
2976 1710 3288 1771 postquam,
3332 1713 3392 1758 nt
3430 1706 3617 1774 homo,
3664 1724 3763 1778 po-

2151 1792 2403 1841 testatem
2461 1788 2672 1856 accepit
2713 1804 2727 1842 :
2767 1788 2921 1853 Sede,
2983 1794 3186 1862 inquit,
3238 1813 3272 1850 a
3335 1799 3535 1855 dextris
3608 1804 3758 1857 meis.

2154 1877 2297 1932 Dixit
2333 1880 2480 1935 enim
2520 1882 2603 1949 (ut
2656 1880 2730 1935 ait
2788 1882 2982 1953 David)
3035 1885 3290 1943 Dominus
3322 1890 3563 1956 Domino
3619 1913 3761 1961 meo,

2150 1972 2289 2026 Sede
2330 1990 2361 2027 a
2391 1974 2594 2027 dextris
2647 1975 2806 2041 meis,
2885 1977 3051 2035 donec
3096 1994 3292 2048 ponam
3340 1985 3583 2041 inimicos
3639 1998 3757 2043 tuos

2147 2063 2437 2119 scabellum
2459 2066 2650 2134 pedum
2675 2065 2887 2122 tuorum
2924 2070 2965 2123 ⁵.
2989 2069 3224 2137 Quinam
3264 2084 3393 2130 sunt
3421 2076 3477 2131 hi
3508 2079 3619 2134 duo
3651 2079 3758 2136 Do-

2146 2157 2280 2211 mini
2313 2157 2487 2227 ipsius
2523 2158 2766 2221 Davidis,
2803 2161 2912 2215 nisi
2965 2161 3066 2218 hos
3093 2168 3479 2223 concesseris?
3511 2172 3584 2226 At
3621 2187 3751 2227 cum

2144 2249 2373 2304 dixisset
2427 2251 2595 2306 David
2638 2265 2653 2304 :
2690 2251 2852 2315 Deus,
2909 2253 3176 2321 judicium
3202 2266 3352 2312 tuum
3389 2264 3500 2331 regi
3530 2265 3623 2326 da.
3690 2276 3751 2321 et

2142 2357 2265 2412 quae
2326 2352 2651 2412 sequuntur,
2732 2345 3018 2415 subjecit:
3065 2345 3332 2413 Quoniam
3412 2362 3537 2410 ante
3583 2358 3752 2412 salem

2140 2442 2416 2501 permanet
2438 2449 2624 2487 nomen
2659 2434 2774 2503 ejus
2810 2432 2852 2496 ',
2881 2448 3081 2490 nomen
3145 2436 3283 2492 illud
3352 2442 3540 2512 utique
3602 2446 3751 2514 quod

2143 2524 2296 2579 illum
2337 2525 2532 2589 Deum,
2562 2535 2658 2579 aut
2688 2525 2887 2601 Filium
2928 2542 3048 2583 esse
3096 2528 3461 2588 demonstrat.
3518 2534 3751 2606 Semper

2141 2616 2283 2672 enim
2316 2627 2609 2689 utrumque
2648 2617 2775 2674 fuit.
2818 2620 3017 2690 Ecquis
3050 2621 3212 2692 igitur
3267 2625 3537 2694 ejusmodi
3624 2644 3749 2696 rex,

2138 2709 2246 2764 nisi
2276 2708 2365 2763 hic
2394 2709 2417 2761 ?
2450 2710 2561 2764 Cui
2614 2710 2926 2765 servierunt
2967 2726 3160 2768 omnes
3193 2725 3404 2784 gentes,
3436 2719 3541 2773 nisi
3583 2721 3748 2775 Chri-

2137 2808 2224 2853 sto
2253 2798 2276 2852 ?
2305 2798 2481 2864 Quem
2534 2800 2641 2853 nisi
2689 2798 2968 2855 Christum
3027 2803 3427 2871 collaudarunt,
3494 2808 3745 2864 beatum-

2134 2906 2242 2961 que
2264 2892 2750 2961 prtedicaverunt?
2799 2893 2896 2947 Sin
2956 2894 3139 2949 adhuc
3190 2897 3371 2967 ipsum
3428 2912 3741 2971 exspectas,

2133 2986 2313 3054 quoad
2363 2994 2662 3056 praecurrat
2716 2984 2886 3051 Elias,
2943 2988 3246 3043 secundum
3300 2989 3608 3049 Servatoris
3646 2997 3743 3051 dco

2132 3092 2390 3133 scensum
2409 3086 2718 3147 exspectas,
2739 3093 2863 3132 cum
2886 3079 3061 3134 aderit
3079 3081 3269 3136 mundi
3289 3082 3433 3138 ﬁnis.
3456 3082 3589 3139 Nam
3608 3100 3735 3141 cum

424 3169 602 3239 τῆρος
620 3166 826 3235 λέγεις,
847 3168 938 3237 ὅτε
958 3167 1054 3221 καὶ
1075 3168 1110 3237 ἡ
1128 3166 1223 3221 τοῦ
1241 3168 1452 3237 κόσμου
1468 3167 1772 3222 συντέλεια.
1790 3168 1895 3221 Δύο
1915 3167 2023 3238 γὰρ

2139 3171 2240 3226 duo
2274 3170 2604 3228 sintChristi
2646 3170 2970 3235 descensus,
3020 3187 3163 3228 unus
3190 3187 3316 3229 cum
3363 3176 3432 3230 ad
3476 3186 3732 3234 naturam

422 3261 608 3313 οὐσῶν
626 3259 898 3324 καθὸδων,
922 3260 1022 3331 τῆς
1052 3260 1152 3330 μὲν
1179 3261 1321 3314 κατὰ
1349 3261 1451 3332 τὴν
1472 3259 1901 3331 ὲνανθρώπησιν
1924 3260 2025 3313 αὺ-

420 3354 650 3424 τοῦ,τῆς
675 3353 739 3407 δὲ
768 3352 916 3407 κατὰ
935 3355 1040 3425 τὴν
1059 3353 1367 3422 μέλλουσαν
1391 3354 1738 3425 παγκόσμιον
1759 3353 1963 3424 κρίσιν,
1985 3354 2020 3423 ἡ

425 3452 529 3521 μὶν
560 3449 668 3519 ἢδη
699 3448 956 3517 γέγονεν,
988 3442 1059 3518 ἧς
1092 3446 1408 3519 πρόδρομος
1440 3448 1727 3519 Ἰωάννης,
1767 3449 1796 3501 6
1831 3446 2021 3500 δεύτε-

430 3559 525 3612 ρος
574 3540 770 3604 Ἠλίας
803 3552 821 3569 ⁰
866 3541 900 3610 ἡ
963 3539 1024 3593 δὲ
1088 3541 1385 3611 γενήσεται
1453 3540 1773 3612 πρόδρομον
1820 3539 2022 3609 ἔχουσα

432 3633 631 3686 mm
647 3633 743 3686 τδν
766 3634 1027 3703 δεύτερον
1058 3631 1341 3703 Ἰωάννην.
1381 3631 1719 3703 ’Λμφότεροι
1764 3630 1876 3701 γὰρ
1917 3628 2014 3683 τοῦ

446 3723 618 3779 αὑτοῦ
661 3725 1009 3796 Πνεύματος,
1060 3725 1159 3779 καὶ
1201 3724 1307 3795 τῆς
1361 3724 1535 3795 αὐτῆς
1581 3724 1833 3795 χάριτος,
1925 3722 2024 3777 καὶ

439 3818 742 3887 δυνάμεως,
780 3819 909 3874 ὅσον
937 3818 1022 3882 εἰς
1048 3817 1113 3871 τὸ
1137 3817 1467 3890 προτρέχειν
1503 3816 1771 3887 Χριστοῦ.

501 3911 610 3965 Τὸν
631 3912 977 3982 ὴλςιμμένον
998 3911 1095 3963 καὶ
1127 3911 1385 3980 μεσσιαν,
1417 3909 1478 3962 ὃν
1503 3906 1901 3978 ἁπεκδέχεσθε,
1932 3908 2023 3978 ψι-

422 4005 517 4068 )ός
540 4007 697 4058 εστιν
737 4002 1111 4074 ἄνθρωπος,ηῆ
1140 4000 1497 4073 θεάνθρωπος
1523 4016 1539 4066 ;
1570 4001 1634 4054 Et
1660 4000 1770 4071 μὲν
1794 4000 1904 4071 γὰρ
1927 4001 2021 4070 ψι-

418 4095 509 4159 λὸς
559 4094 874 4165 ἄνθρωπος,
902 4095 1004 4148 οὐκ
1032 4094 1178 4147 ἐστιν
1204 4093 1262 4146 ὃν
1301 4093 1352 4145 οἱ
1392 4091 1677 4162 προφῆται
1713 4092 2015 4162 κατήγγει-

419 4187 544 4243 λαν,
577 4179 745 4240 Οὗτοι
777 4186 889 4257 γὰρ
920 4186 1123 4257 σημεῖα
1150 4185 1410 4255 θεότητος
1465 4183 1615 4254 αὑτῷ
1636 4182 2019 4257 προστιθέασι,

416 4278 831 4343 Gamelione;
867 4279 980 4333 ἀπὸ
1015 4277 1125 4331 τῶν
1163 4275 1340 4346 ψιλῶν
1386 4275 1713 4348 ἀνθρώπων.
1771 4277 1881 4331 Καὶ
1920 4276 2017 4329 πό-

420 4373 515 4425 θεν
541 4369 770 4426 ἂλλοθεν
812 4368 1079 4441 μαθόντες
1135 4366 1476 4438 προσδοκᾶτε
1542 4365 1782 4431 τοῦτον;
1827 4367 1890 4419 Εἰ
1954 4365 2012 4419 δὲ

420 4461 783 4529 Θεάνθρωπός
813 4462 984 4525 ἐστιν,
1017 4460 1127 4513 ἰδοὺ
1156 4461 1250 4513 καὶ
1305 4457 1434 4512 ἄλλο
1486 4459 1780 4529 πρόσωπον
1822 4457 2012 4527 056m-

2136 3262 2429 3317 humanam
2452 3262 2839 3318 assumendam
2863 3262 3036 3329 venit,
3058 3264 3199 3318 alter
3216 3280 3341 3320 cum
3361 3267 3545 3323 veniet
3565 3269 3635 3324 ad
3645 3272 3734 3337 ju-

2134 3352 2431 3407 dicandum
2470 3354 2670 3409 orbem
2711 3353 3061 3420 universum,
3087 3354 3372 3425 priorjam
3402 3355 3529 3420 fuit,
3571 3358 3732 3428 cujus

2133 3460 2439 3516 praecursor
2457 3453 2714 3515 tanquam
2732 3446 2873 3501 alter
2894 3445 3040 3501 Elias
3056 3446 3299 3503 Joannes
3313 3448 3733 3520 exstitit,poste-

2132 3538 2246 3594 rior
2275 3538 2399 3604 erit,
2421 3547 2475 3593 et
2498 3538 2672 3593 Etiam
2697 3547 2958 3608 tanquam
2985 3538 3221 3595 alterum
3246 3537 3519 3597 Joannem
3546 3543 3725 3601 habe-

2129 3629 2210 3685 bit
2226 3643 2641 3700 prtecursorem.
2663 3629 2840 3685 Ambo
2858 3631 3005 3685 enim
3037 3640 3165 3685 sunt
3191 3632 3437 3701 ejusdem
3466 3632 3726 3704 Spiritus,

2127 3728 2184 3779 et
2202 3720 2448 3792 ejusdem
2480 3721 2664 3793 gratia:
2699 3729 2863 3791 atque
2886 3722 3125 3789 virtutis,
3149 3732 3422 3794 quatenus
3446 3725 3725 3783 Christum

2130 3823 2496 3884 praecurrunt.

2205 3909 2418 3965 Unctus
2452 3907 2541 3963 ille
2567 3918 2623 3962 et
2648 3906 2893 3974 Messias,
2923 3920 3086 3979 quem
3113 3910 3465 3979 exspectatis,
3498 3919 3584 3966 est
3617 3926 3725 3983 pu-

2130 4017 2226 4057 rus
2256 4002 2443 4065 homo,
2479 4015 2548 4055 an
2582 4001 2727 4056 Deus
2755 4010 2811 4057 et
2856 4001 3070 4056 homo?
3101 3999 3234 4055 Nam
3267 4002 3311 4057 si
3350 4015 3522 4074 purus
3555 4005 3721 4059 homo

2131 4102 2239 4160 est,
2277 4108 2390 4150 non
2414 4101 2501 4149 est
2533 4093 2646 4159 ille,
2676 4108 2839 4163 quem
2882 4093 3260 4164 praedixerunt
3290 4094 3588 4163 prophetae,
3624 4096 3718 4166 qui

2130 4187 2284 4260 signa
2310 4187 2361 4242 ei
2408 4185 2714 4241 divinitatis
2771 4185 3161 4253 adiunxerunt,
3193 4195 3254 4240 ut
3301 4185 3482 4257 ipsum
3508 4201 3539 4241 a
3567 4187 3718 4256 puris

2129 4288 2186 4333 et
2214 4277 2380 4333 meris
2412 4276 2730 4332 hominibus
2764 4285 3103 4346 separarent,
3124 4291 3223 4331 vos
3256 4286 3435 4330 autem
3458 4291 3488 4330 a
3519 4277 3719 4346 quibus

2127 4368 2249 4423 aliis
2293 4366 2560 4423 didicistis
2587 4376 2745 4422 notas
2774 4378 2827 4422 et
2856 4367 3008 4438 signa
3041 4367 3206 4432 illius,
3238 4382 3402 4438 quem
3432 4379 3716 4440 exspecta-

2130 4458 2233 4513 tis?
2269 4457 2366 4513 Sin
2400 4458 2546 4513 Deus
2575 4466 2661 4512 est
2689 4458 2875 4523 homo,
2909 4471 3095 4511 nonne
3124 4456 3580 4521 animadvertitis,
3616 4474 3714 4515 vos

419 4571 516 4617 τος
558 4551 957 4622 ὁμολογοῦντες
996 4550 1317 4606 λανθάνετε.
1358 4551 1434 4604 Οὐ
1488 4552 1597 4623 γὰρ
1650 4549 1742 4604 τὸν
1801 4550 2022 4619 Πατέρα

2139 4551 2285 4605 aliam
2326 4549 2628 4605 divinitatis
2676 4563 2966 4618 personam
3007 4548 3291 4603 conﬁteri?
3334 4548 3522 4618 Neque
3564 4552 3710 4605 enim

421 4648 654 4708 πάντως
672 4647 867 4716 ἐρεῖτε.
889 4644 1140 4698 Παιδίον
1160 4644 1289 4715 γὰρ,
1316 4643 1504 4714 φησὶν,
1520 4642 1821 4713 ἐγεννήθη
1846 4641 2017 4711 ἡμῖν,

422 4738 588 4801 Υἱὸς,
620 4735 737 4789 ἀλλ’
771 4738 871 4805 οὐχ
903 4739 931 4789 6
969 4736 1184 4806 Πατήρ.
1231 4733 1340 4788 Τοῦ
1399 4734 1644 4804 ἀλείφειν
1668 4735 1725 4789 δὲ
1761 4736 1856 4789 καὶ
1920 4733 2017 4787 τοῦ

419 4830 607 4901 χρίειν
638 4830 806 4882 ταυτὸ
835 4829 1233 4899 σημαινόντων,
1264 4828 1292 4880 6
1327 4826 1492 4890 αὑτός
1544 4828 1692 4880 ἐστιν
1750 4826 2019 4898 ἠλειμμέ-

421 4938 541 4987 νος,
569 4920 668 4973 καὶ
690 4921 946 4990 Χριστός.
976 4920 1200 4973 Σύνετε
1230 4918 1331 4986 δὴ,
1364 4919 1627 4988 ἄφρονες
1655 4918 1727 4972 ἐν
1762 4916 1842 4983 τῷ
1862 4916 2015 4983 λαῷ,

418 5016 532 5071 καὶ
562 5016 751 5085 μωροί
781 5030 927 5069 ποτε
949 5012 1321 5084 φρονήσατε.
1344 5013 1457 5068 Καὶ
1478 5014 1507 5066 6
1535 5013 1768 5074 Ἡσαΐας
1799 5011 1856 5064 δέ
1878 5028 2015 5081 φησι

422 5112 570 5182 πρὸς
601 5110 769 5180 ὑμᾶς,
792 5112 857 5163 Ol
890 5105 1132 5177 τυφλοὶ,
1169 5105 1547 5176 ἐμϐλέψατε,
1582 5104 1683 5160 καὶ
1714 5107 1771 5160 οι
1797 5104 2009 5174 κωφοὶ,

419 5205 761 5260 ἀκούσατε.
796 5202 865 5256 "H
904 5200 1036 5270 γοῦν
1088 5200 1379 5269 προδήλως
1431 5197 1952 5268 ὲθελοτυφλὼττετε,
1978 5198 2019 5267 ἢ

422 5296 710 5359 παντελῶς
740 5292 1145 5362 ἁναισθητεῖτει
1198 5294 1337 5346 Πότε
1396 5286 1493 5345 οὖν
1546 5290 1828 5360 ὀνομάτων
1870 5292 2018 5359 ὁμω-

420 5390 650 5459 νυμίας,
707 5388 741 5457 ἦ
785 5386 1047 5457 ῥημάτων
1071 5383 1434 5454 σημασίας,ἢ
1487 5382 1688 5446 λέξεων
1736 5383 2009 5451 ἰδιότητας

420 5480 778 5540 διαστελεῖτε,
844 5476 912 5529 δι’
968 5471 1045 5529 ὧν
1101 5474 1582 5538 καταλαμϐάνεται
1644 5474 1678 5544 ἡ
1738 5472 2005 5542 ἀλήθειας

709 5570 852 5640 Περὶ
889 5567 1009 5624 τῶν
1040 5568 1246 5622 παθῶν
1270 5567 1380 5621 τοῦ
1407 5566 1689 5635 Χριστοῦ.

493 5667 664 5734 Φησὶν
695 5667 723 5717 6
747 5661 918 5717 Δαὸὶδ
948 5661 1011 5712 ὲκ
1048 5663 1345 5729 προσώπου
1368 5658 1463 5711 τοῦ
1507 5657 1746 5729 Χριστοῦ
1776 5673 1791 5688 ο
1819 5659 2011 5709 Συνα-

497 5784 512 5811 ¹
557 5779 693 5835 Dan.
730 5796 828 5842 vn,
867 5777 948 5841 l5,
985 5776 1071 5832 14.

424 5852 445 5883 τ
474 5851 617 5907 Ρωι.
652 5866 804 5916 xcnt,
834 5849 892 5902 8.
969 5848 990 5879 ⁸
1014 5847 1118 5901 lsa.
1152 5860 1280 5907 nn,
1344 5848 1431 5901 if.

1146 5773 1167 5801 ’
1195 5773 1337 5828 Psal.
1362 5790 1509 5838 LXXI,
1533 5772 1588 5829 ἓ.
1668 5773 1687 5803 ³
1712 5771 1902 5827 Matth.
1938 5787 2129 5838 xxvut,
2163 5770 2251 5824 18.

2126 4642 2319 4697 dicetis
2354 4642 2499 4696 hunc
2525 4656 2646 4695 csse
2674 4639 2909 4694 Patrem.
2954 4638 3110 4705 Nam,
3146 4639 3311 4705 Puer,
3332 4641 3523 4710 inquit,
3550 4658 3707 4695 natus

2122 4744 2198 4789 est
2221 4735 2369 4790 nobis
2387 4735 2427 4790 °.
2456 4718 2650 4797 Filius,
2675 4747 2783 4786 non
2811 4740 2993 4787 autem
3020 4731 3197 4786 Pater.
3223 4732 3342 4786 Jam
3378 4733 3620 4796 Messias,
3651 4744 3709 4788 et

2122 4821 2394 4886 Christus,
2416 4830 2470 4875 et
2512 4830 2709 4875 unctus
2741 4821 2882 4875 idem
2916 4828 3016 4875 est.
3059 4814 3367 4890 Intelligite,
3402 4823 3706 4892 insipientes

2121 4916 2177 4968 in
2209 4914 2420 4983 populo,
2450 4922 2499 4967 et
2530 4912 2697 4978 stulti,
2724 4912 3014 4982 aliquando
3039 4914 3207 4983 sapite
3236 4913 3279 4968 '.
3317 4912 3384 4968 Et
3410 4914 3577 4970 Isaias
3610 4930 3706 4969 vos

2116 5007 2428 5076 alloquitur,
2462 5004 2623 5072 Caeci,
2654 5004 2931 5074 inquiens,
2972 5006 3229 5073 inspicite,
3257 5013 3305 5059 et
3342 5007 3514 5071 surdi,
3547 5009 3707 5060 audi-

2117 5111 2167 5155 te
2198 5101 2240 5154 ⁸.
2277 5100 2503 5156 Ultrone
2532 5100 2662 5155 caeci
2689 5100 2859 5154 estis?
2886 5116 2954 5153 an
2998 5099 3225 5154 omnino
3264 5101 3523 5156 sensibus
3551 5115 3705 5156 care-

2116 5196 2226 5249 tis?
2273 5194 2566 5264 Ecquando
2600 5193 2768 5265 igitur
2814 5196 3100 5250 nominum
3162 5196 3567 5267 ambiguitates,
3610 5206 3700 5250 aut

2116 5289 2409 5342 verborum
2458 5287 2907 5356 signiﬁcationes,
2938 5296 3033 5341 aut
3062 5288 3363 5351 dictionum
3396 5287 3699 5357 proprieta-

2120 5390 2201 5435 tes
2232 5379 2598 5450 distiuguctis,
2629 5379 2829 5448 quibus
2861 5382 3064 5435 veritas
3105 5376 3631 5449 comprehenditur?

2431 5560 2506 5614 De
2536 5559 2732 5615 Christi
2763 5560 3083 5614 cruciatibus
3126 5569 3175 5612 et
3207 5567 3393 5613 morte.

2192 5654 2358 5711 David
2396 5670 2460 5707 ex
2495 5667 2724 5723 persona
2754 5651 2980 5714 Christi,
3015 5649 3321 5711 Consilium,
3353 5644 3547 5715 inquit,
3583 5664 3685 5701 ma-

2329 5771 2348 5799 ⁸
2371 5767 2514 5824 Psal.
2542 5783 2653 5833 ctx,
2676 5766 2726 5819 1.
2806 5764 2825 5794 ⁵
2848 5762 2992 5819 Psal.
3023 5776 3171 5827 ιλιι,
3197 5762 3278 5815 17.
3359 5761 3378 5791 ⁸
3398 5763 3501 5817 lsa.
3533 5778 3607 5830 Ix,
3632 5762 3687 5820 6.
