4126 6404
460 294 562 361 273

1405 305 1785 373 PANOPLIA
1831 313 2293 377 DOGMATICA.
2334 344 2407 353 -ο
2441 322 2590 381 ῚἸΤ.
2634 325 2801 384 Vill.

3649 336 3754 400 2⁷4

460 416 554 503 καὶ
598 413 765 466 πάνυ.
822 415 1078 486 Ἐρημος
1121 417 1219 487 μὲν
1253 418 1361 487 γὰρ
1406 420 1436 488 ὴ
1478 421 1535 487 ἐξ
1579 422 1750 474 ἐθνῶν
1793 425 2057 495 ἐκκλησία

2164 428 2295 485 Nam
2329 432 2571 503 gentium
2624 434 2860 490 Ecclesia
2899 437 3079 493 nullos
3112 449 3270 494 antea
3316 441 3525 498 fructus
3577 447 3757 501 fcren-

458 501 571 555 τῶν
608 503 885 573 ἀκάρπων
920 510 1073 577 πρὶν,
1108 508 1205 561 καὶ
1238 510 1406 563 ὄντων
1434 512 1751 582 οίκητήριον
1783 516 1891 567 τῶν
1925 534 2019 587 tor;
2039 546 2055 557 -

457 595 569 647 τῶν
612 595 841 665 θηρίων,
886 599 1011 667 ἣτις
1060 600 1366 671 φλεγομὲνη
1405 602 1483 671 τῷ
1539 605 1675 673 πυρὶ
1712 606 1821 658 τῶν
1870 608 2060 659 παθῶν

459 684 614 752 esse:
690 685 1030 752 θεογνωσίας
1084 689 1175 742 καὶ
1211 691 1506 759 σωτηρίας.
1552 694 1659 747 Καὶ
1693 694 1933 764 τυχοῦσα
1963 697 2055 748 τοῦ

463 776 830 845 κηρύγματος
867 781 1250 849 εὐφραίνεται,
1281 784 1377 835 καὶ
1401 784 1750 851 ἀγαλλιᾶται,
1787 790 1878 840 καὶ
1907 789 2062 842 ἀνθεῖ

458 871 529 937 τῇ
548 869 896 940 φαιδρότητι,
920 874 1017 924 καὶ
1036 873 1235 943 εὐωδίᾳ
1256 873 1364 926 τῶν
1384 876 1617 941 ἀρετῶν.
1638 878 1824 949 Ἐδόθη
1844 879 1902 932 δὲ
1916 882 2053 950 αὐτῇ

462 960 561 1013 καὶ
592 963 621 1030 ή
644 962 775 1027 δόξα
798 962 894 1014 τοῦ
920 962 1178 1028 Λιϐάνου,
1198 965 1444 1018 τουτέστι
1461 964 1553 1020 τοῦ
1574 968 1805 1021 παλαιοῦ
1823 969 1979 1033 λαοῦ,
1997 972 2055 1024 ὃν

467 1052 562 1104 καὶ
594 1053 898 1123 Κάρμηλον
928 1055 1208 1126 ὠνόμασει
1250 1058 1390 1123 Δόξα
1423 1059 1480 1113 δὲ
1516 1059 1708 1113 τούτου
1731 1061 1825 1114 καὶ
1844 1062 1980 1133 τιμὴ
2020 1064 2052 1132 ἡ

464 1145 745 1207 εὐσέϐεια,
776 1147 869 1199 καὶ
899 1149 930 1216 ή
966 1148 1105 1219 πρὸς
1126 1150 1259 1203 Θεὸν
1277 1151 1575 1218 οἰκείωσις,
1608 1153 1703 1205 καὶ
1724 1152 1784 1206 τὸ
1809 1152 1882 1222 ὓψ
1914 1157 2054 1222 ςτῆς

458 1237 621 1303 δόξης
657 1240 752 1291 καὶ
784 1238 880 1292 τοῦ
908 1242 1098 1310 νόμου,
1138 1243 1232 1295 καὶ
1260 1244 1320 1296 τὸ
1359 1244 1467 1296 τῶν
1510 1244 1671 1297 θείων
1705 1245 2047 1315 ἀντιλήψεων

456 1328 797 1395 ἀμφιλαφὲς.
813 1330 906 1381 καὶ
924 1329 986 1379 τὸ
1006 1331 1116 1381 τῶν
1129 1348 1196 1400 χα
1208 1332 1369 1399 ρίτων
1389 1332 1719 1400 κατάκομον.
1738 1333 1849 1384 Καὶ
1865 1332 1969 1384 πάλ
1981 1351 2051 1390 ιν,

458 1420 873 1488 Εὐφράνθητι,
917 1421 1144 1487 στεῖρα,
1192 1424 1230 1489 ἡ
1282 1424 1354 1476 οὺ
1393 1423 1704 1486 τίκτουσα,
1733 1422 1934 1489 ῥῆξον
1954 1424 2052 1476 καὶ

452 1509 725 1575 βόησον,
750 1510 915 1576 ἡούκ
936 1510 1265 1571 ὠδίνουσα,
1294 1511 1385 1565 ὅτι
1411 1513 1612 1566 πολλὰ
1640 1514 1710 1567 τὰ
1738 1513 1919 1566 τέκνα
1947 1512 2055 1580 τῆς

450 1600 692 1667 ἐρήμου
704 1600 973 1668 μᾶλλον,
991 1603 1028 1669 ἢ
1065 1602 1176 1669 τῆς
1197 1602 1467 1671 ἐχούσης
1497 1603 1605 1657 τὸν
1620 1603 1833 1672 ἄνδρα.
1855 1604 2051 1675 Στείρα

462 1693 571 1761 μὲν
596 1692 706 1762 γὰρ
744 1694 777 1763 ή
811 1694 1117 1761 δηλωθείσα
1147 1696 1436 1763 ἐκκλησία,
1469 1697 1564 1748 καὶ
1597 1696 1790 1764 ἄγονος
1821 1698 2052 1768 καρπῶν

457 1784 668 1854 ἀρετῆς
708 1786 767 1837 τὸ
807 1787 1113 1856 πρότερον,
1151 1784 1381 1854 ὕστερον
1422 1787 1587 1841 δὲ’τὰ
1627 1764 1921 1859 σπέρματα
1952 1789 2052 1858 τῆς
2084 1764 2126 1823 Β

460 1877 757 1940 εὐσεϐείας
787 1876 1162 1948 ὑποδεξαμένη
1192 1879 1463 1942 πολύπαις
1499 1881 1750 1949 ἐγένετο,
1783 1882 2054 1952 νικήσασα

458 1973 530 2040 τῇ
569 1968 950 2042 πολυπληθείᾳ
975 1970 1073 2041 τήν
1110 1971 1407 2042 Ἰουδαῖκὴν
1442 1975 1789 2045 συναγωγὴν,
1822 1970 1890 2046 ἧς
1913 1973 2053 2044 ἀνὴρ

460 2066 490 2115 6
512 2066 649 2126 θεὸς
677 2064 740 2115 τὸ
766 2065 910 2134 πρὶν,
938 2063 1170 2131 ἀγαπῶν
1194 2065 1290 2118 καὶ
1316 2066 1713 2135 προνοούμενος
1736 2066 1831 2119 καὶ
1854 2066 2055 2136 φυλάτο

459 2172 574 2208 των
616 2155 813 2226 αὐτὴν,
847 2155 879 2226 ἢ
928 2156 1020 2209 καὶ
1050 2157 1078 2209 6
1107 2157 1291 2225 νόμος.
1324 2157 1495 2209 Πάλιν
1537 2157 1595 2210 δὲ
1635 2158 1916 2229 προσώπῳ
1958 2160 2053 2211 τοῦ

460 2246 606 2299 Θεοῦ
640 2246 735 2300 καὶ
770 2247 986 2319 Πατρὸς
1017 2249 1045 2300 6
1087 2248 1315 2314 Ἡσαΐας
1343 2252 1480 2319 πρὸς
1518 2251 1609 2304 τὸν
1645 2251 1770 2303 Υἰὺν
1799 2251 1894 2304 καὶ
1920 2252 2053 2307 Θεὸν

459 2357 653 2409 φησιν·
675 2340 830 2395 Ἰδοὺ
845 2340 1081 2395 δέδωκά
1103 2358 1174 2397 σε
1193 2345 1281 2409 είς
1296 2342 1597 2413 διαθήκην
1616 2344 1810 2400 ἐθνῶν
1826 2345 1932 2399 τοῦ
1950 2363 2053 2399 κα-

461 2432 771 2498 ταστῆσαι
803 2431 918 2499 τὴν
949 2433 1088 2503 γῆν,
1120 2435 1218 2489 καὶ
1253 2435 1714 2506 κληρονομῆσαι
1756 2440 2053 2505 κληρονο-

454 2526 615 2594 μίαν
640 2524 890 2593 ἐρήμου,
924 2527 1018 2579 καὶ
1051 2526 1119 2580 τὰ
1159 2527 1307 2597 ἑξῆς.
1359 2530 1470 2581 Καὶ
1500 2528 1591 2582 διὰ
1618 2529 1713 2582 τοῦ
1745 2530 1913 2583 Δαϐὶδ
1942 2532 2053 2602 γὰρ

457 2616 836 2685 ἐπηγγείλατο
860 2617 937 2688 τῷ
958 2616 1074 2688 Υίῷ
1094 2618 1289 2687 λέγων,
1309 2620 1420 2673 Kal
1445 2620 1619 2674 δώσω
1635 2634 1734 2674 σοι
1752 2621 1922 2690 ἔθνη,
1940 2623 2056 2692 τὴν

456 2711 884 2778 κληρονομίαν
902 2726 1043 2766 σου.
1063 2711 1120 2764 Ὀ
1153 2712 1315 2775 αὐτὸς
1342 2711 1398 2764 δὲ
1425 2712 1592 2765 Δαϐὶδ
1622 2715 1925 2784 παρεκάλει
1959 2717 2051 2768 τὸν

458 2803 689 2872 Πατέρα
708 2805 837 2873 περὶ
855 2804 1055 2857 τούτων
1067 2804 1264 2873 λέγων,
1281 2805 1709 2873 Κατὰσινησον,
1734 2808 1935 2876 Κύριε,
1958 2824 2053 2863 νο-

453 2897 733 2966 μιθέτην
758 2896 854 2948 ἐπ’
872 2898 1117 2963 αὐτούς.
1140 2898 1248 2950 Καὶ
1267 2899 1294 2950 6
1326 2898 1553 2961 ’11σαῖας
1578 2898 1634 2950 δὲ
1656 2897 1849 2969 εἴρηκε
1878 2916 2052 2969 προσ-

456 2989 599 3060 ώπῳ
622 2989 721 3045 τοῦ
738 2989 983 3042 τοιούτου
1020 2991 1334 3059 νομοθέτουο
1358 2992 1560 3058 Νόμος
1588 2990 1727 3058 παρ’
1752 2992 1898 3060 ἐμοῦ
1921 2992 2050 3057 ἑξε-

456 3084 775 3145 leucaten,
795 3083 893 3135 καὶ
914 3084 949 3150 η
982 3083 1185 3151 κρίσις
1205 3100 1325 3151 μου
1352 3085 1440 3148 εὶς
1464 3082 1589 3152 φῶς
1610 3083 1821 3148 ἐθνῶν,

459 3178 567 3230 τὸν
591 3173 907 3244 ,ϐραχίονά
935 3191 1057 3244 μου
1088 3174 1235 3242 ἔθνη
1268 3174 1575 3230 ἐλπιοῦσι.
1610 3175 1706 3240 Τίς
1738 3177 1795 3229 δὲ
1826 3179 1855 3230 6
1893 3178 2057 3247 νόμος

458 3264 615 3331 οἶτος
660 3267 820 3334 παρὰ
848 3266 942 3319 τὸν
973 3266 1330 3334 εὐαγγελικὸν
1354 3306 1368 3331 ,
1406 3267 1463 3330 ὃς
1518 3267 1753 3335 ἐφώτισε
1794 3269 1862 3321 τὰ
1894 3271 2057 3321 ἐσκο-

457 3356 697 3424 τισμὲνα
720 3356 787 3422 τῇ
811 3354 991 3425 πλάνῃ
1023 3354 1151 3423 ἔθνη
1176 3372 1191 3421 ;
1232 3355 1292 3407 '0
1319 3355 1429 3425 γὰρ
1459 3355 1754 3419 Μωσαῐκὸς
1798 3358 1903 3425 πρὸ
1930 3359 2057 3410 πολ-

454 3449 569 3501 λῶν
594 3447 738 3501 ὲτῶι
764 3446 1112 3518 ἐξελήλυθεν.

1090 3540 1202 3596 Τοῦ
1242 3541 1451 3595 αὐτοῦ.

544 3640 669 3710 Περι
722 3640 826 3710 τῆς
854 3638 1050 3704 καινῆς
1093 3636 1364 3703 διαθήκης
1404 3636 1498 3689 τοῦ
1543 3637 1864 3705 εὐαγγελίου
1897 3639 2058 3692 πάλιν

486 3734 880 3802 προεφήτευσεν
895 3733 1128 3795 Ἡσαΐας
1150 3731 1342 3795 εἰπὼν,
1360 3730 1462 3784 Ἐκ
1488 3728 1643 3784 Σιὼν
1669 3730 2057 3793 ἐξελεύσεται

480 3825 651 3892 νόμος
684 3825 787 3878 καὶ
821 3825 1006 3894 λόγος
1043 3827 1263 3890 Κυρίου
1292 3823 1360 3887 ἐξ
1402 3821 1827 3890 Ἰερουσαλήμ.
1866 3822 1925 3874 '0
1949 3824 2057 3891 γὰρ

468 3918 674 3988 Κύριος
710 3917 869 3986 ἡμῶν
915 3915 1125 3984 Ἰησοῦς
1163 3915 1401 3987 Χριστὸς
1446 3914 1541 3967 νῦν
1589 3915 1688 3983 μὲν
1728 3916 1785 3967 ὲν
1826 3915 1906 3985 τῷ
1943 3915 2057 3986 ὄρει

465 4012 611 4065 Σιὼν
641 4012 978 4082 καθήμενος,
1005 4013 1098 4063 καὶ
1119 4010 1409 4072 διδάσκων,
1443 4009 1538 4062 νῦν
1563 4008 1617 4063 δὲ
1644 4008 1702 4061 ὲν
1719 4011 1782 4079 τῇ
1809 4010 1961 4062 πόλει
1989 4013 2056 4081 τῇ

475 4107 547 4159 ἰε
557 4106 844 4176 ρουσαλὴμ
860 4103 1175 4176 διατρίϐων,
1201 4103 1566 4172 ἐνομοθέτησε
1585 4102 1677 4154 τὸν
1699 4102 2057 4171 εὑαγγελικὸν

466 4201 637 4271 νόμον
669 4216 731 4252 τε
764 4200 859 4253 καὶ
891 4199 1072 4265 λόγον.
1102 4199 1175 4249 Ob
1204 4195 1312 4266 γὰρ
1351 4198 1478 4267 περὶ
1508 4197 1604 4249 τοῦ
1636 4196 1932 4251 Μωςαῐκοῦ
1964 4196 2057 4249 νῦν

466 4310 640 4363 φησιν
670 4294 699 4345 6
722 4292 1027 4361 προερήτης.
1059 4289 1180 4352 Πῶς
1205 4288 1333 4359 γὰρ,
1361 4287 1419 4350 ὃς
1447 4289 1504 4341 ἐν
1532 4287 1610 4357 τῷ
1640 4290 1769 4358 Σινᾷ
1800 4288 2058 4358 ἐνομοθει-

463 4384 611 4454 τήθη
634 4381 800 4445 ,ἀλλ’
836 4384 938 4434 οὐκ
967 4383 1024 4433 ὲν
1058 4380 1214 4444 Σιὼν,
1257 4378 1379 4432 οὐδὲ
1442 4378 1501 4430 ὲν
1544 4376 1923 4448 Ἰερουσαλὴμ,
1961 4379 2057 4431 καὶ

2172 523 2305 578 tium
2342 536 2461 580 erat
2496 528 2741 596 quaedam
2782 531 2945 584 veluti
2979 532 3237 596 solitudo,
3271 534 3323 587 iu
3351 551 3454 604 qua
3492 537 3758 607 degebant

2169 615 2425 669 vitiorum
2483 618 2633 673 t‘crze.
2672 620 2797 674 Haec
2838 621 2926 674 Dei
2991 625 3354 692 cognitionem
3417 627 3756 696 salutemque

2166 709 2357 762 sitiens
2404 709 2636 773 letatur,
2702 723 2754 766 et
2819 715 3074 777 exsultat,
3137 728 3191 770 et
3244 716 3421 777 ﬂoret,
3480 720 3754 774 fructuum

2164 801 2574 870 pulchritudine
2619 812 2672 858 et
2719 805 2989 859 suavitate
3043 807 3321 862 decorata.
3379 809 3507 863 Data
3570 821 3753 864 autem

2164 902 2254 944 cst
2287 892 2359 945 illi
2416 894 2584 962 gloria
2655 894 2869 958 Libani,
2956 896 3060 949 hoc
3113 908 3220 962 est,
3284 900 3494 965 antiqui
3550 900 3757 970 populi,

2162 998 2324 1051 quem
2369 993 2422 1039 et
2474 984 2786 1041 Carmelum
2848 998 3029 1055 vocat,
3071 988 3225 1056 cujus
3291 990 3461 1061 gloria
3489 1000 3543 1045 et
3580 992 3756 1046 honor

2161 1086 2246 1130 est
2288 1077 2479 1145 pietas,
2513 1078 2701 1148 religio
2750 1086 2805 1132 et
2835 1078 3075 1134 amicitia
3108 1080 3218 1144 Dei,
3266 1092 3319 1135 et
3348 1083 3535 1151 gloria:
3590 1084 3754 1153 legis-

2159 1182 2266 1237 que
2326 1170 2656 1232 sublimitas,
2718 1183 2774 1225 et
2831 1172 3142 1229 divinorum
3213 1188 3502 1228 munerum
3572 1176 3752 1243 capia,

2160 1270 2322 1328 atque
2352 1260 2648 1328 gratiarum
2703 1263 3057 1318 abundantia.
3093 1264 3157 1318 Et
3198 1280 3412 1320 rursum
3471 1284 3485 1320 :
3518 1266 3752 1329 ertare,

2158 1351 2373 1413 sterilis,
2404 1368 2521 1421 qua:
2560 1368 2660 1406 non
2709 1355 2893 1420 paris;
2934 1370 3147 1419 erumpe
3177 1364 3225 1407 et
3274 1355 3472 1421 clama,
3508 1373 3625 1426 qua:
3652 1374 3755 1410 non

2158 1448 2415 1514 parturis.
2457 1446 2720 1511 Quoniam
2758 1449 2909 1502 multi
2984 1459 3106 1502 sunt
3139 1448 3238 1517 ﬁlii
3294 1451 3461 1519 magis
3514 1451 3753 1516 deserla',

2159 1553 2319 1606 quam
2362 1538 2601 1593 habentis
2635 1540 2805 1594 virum
2842 1541 2880 1593 ί.
2911 1539 3076 1594 Steril
3099 1555 3125 1595 s
3161 1540 3307 1594 enim
3333 1549 3452 1595 erat
3482 1540 3745 1605 Ecclesia,

2156 1649 2320 1701 quam
2350 1634 2714 1698 ostendimus,
2760 1649 2861 1689 nec
2891 1635 3032 1689 ullos
3079 1642 3207 1690 ante
3249 1634 3455 1691 ferebat
3487 1637 3751 1690 virtutum

2156 1725 2390 1780 fructus.
2424 1723 2558 1779 Post
2606 1735 2790 1781 autem
2848 1725 3107 1795 pietatem
3160 1732 3218 1781 et
3257 1724 3575 1794 religionem
3626 1740 3755 1779 ain-

2154 1816 2328 1886 plexa,
2359 1816 2652 1871 multorum
2683 1816 2823 1870 facta
2852 1824 2937 1870 est
2960 1816 3193 1870 filiorum
3218 1825 3409 1880 mater,
3434 1815 3753 1873 Iudaicam-

2154 1925 2265 1977 que
2295 1908 2657 1979 Synagogam,
2691 1907 2851 1976 cujus
2871 1916 3030 1963 antea
3061 1907 3148 1961 vir
3174 1916 3291 1961 erat
3318 1907 3482 1971 Deus,
3505 1909 3593 1975 qui
3628 1923 3749 1962 eam

2153 2001 2436 2071 diligebat,
2464 2012 2518 2057 et
2553 1999 2898 2070 providentia
2934 2015 3030 2055 sua
3080 2000 3296 2054 fovebat
3354 2015 3417 2055 ac
3466 2001 3744 2062 tuebatur.

2155 2094 2244 2148 vel
2274 2094 2439 2149 etiam
2471 2094 2582 2159 lex,
2612 2092 2742 2148 vicit
2798 2092 3156 2148 fecunditate.
3184 2090 3444 2146 Rursum
3495 2108 3559 2147 ex
3622 2109 3749 2163 pcr-

2154 2202 2291 2242 sona
2322 2186 2415 2242 Dei
2448 2197 2505 2242 et
2536 2185 2713 2243 Patris
2749 2184 2944 2239 Filium
3002 2195 3054 2239 et
3105 2184 3273 2239 Deum
3324 2187 3610 2256 alloquens
3670 2187 3751 2240 sic

2153 2281 2230 2335 ait
2264 2280 2429 2334 lsaias
2476 2295 2491 2332 :
2544 2278 2678 2333 Ecce
2723 2279 2843 2331 dedi
2872 2289 2921 2331 te
2958 2295 3013 2331 in
3055 2279 3221 2348 fmdus
3256 2279 3518 2348 gentium,
3553 2288 3608 2332 ut
3642 2288 3750 2332 ter-

2156 2388 2272 2425 ram
2333 2371 2647 2431 constituas,
2701 2380 2750 2423 et
2800 2370 3101 2423 solitudinis
3160 2371 3423 2439 suscipias
3472 2372 3754 2425 Iiwrcdita-

2158 2475 2260 2519 tem
2290 2466 2333 2531 ',
2367 2471 2420 2518 et
2448 2479 2571 2532 quae
2600 2472 2926 2534 sequuntur.
2956 2463 3123 2529 Quod
3151 2463 3317 2517 etiam
3360 2478 3455 2532 per
3486 2462 3748 2519 Davidem

2158 2558 2295 2613 Filio
2330 2555 2599 2626 pollicitus
2628 2567 2730 2619 est,
2765 2553 2831 2607 Et
2864 2554 3021 2621 dabo,
3058 2555 3336 2625 inquiens,
3372 2567 3547 2626 gentes
3577 2558 3746 2611 hare-

2157 2650 2378 2704 ditatem
2411 2657 2558 2701 tuam
2580 2648 2628 2699 ,3.
2661 2647 2739 2701 Ac
2768 2647 2885 2717 ipse
2919 2647 3142 2718 quidem
3187 2647 3354 2703 David
3410 2648 3626 2704 Patrem
3677 2653 3745 2703 ad

2157 2741 2263 2797 hoc
2287 2740 2629 2802 hortabatur,
2688 2738 2976 2803 Constitue,
3013 2739 3288 2811 inquiens,
3321 2739 3563 2806 Domine,
3597 2742 3751 2811 legfs~

2159 2828 2383 2891 latorem
2441 2853 2607 2905 super
2639 2853 2724 2892 eos
2756 2837 2805 2893 ⁸.
2828 2838 2899 2893 At
2929 2836 3097 2893 Isaias
3129 2850 3195 2893 ex
3232 2836 3398 2906 hujus
3428 2837 3749 2907 legislatoris

2158 2944 2435 3001 persona,
2496 2929 2631 2993 Lex,
2697 2930 2892 3000 inquit,
2947 2929 3242 3000 egredietur
3276 2947 3309 2983 a
3365 2947 3445 2983 me
3482 2933 3536 2982 in
3580 2930 3749 2983 lucem

2160 3028 2417 3096 gentium,
2486 3037 2532 3080 et
2592 3028 2650 3079 in
2709 3026 2921 3079 brachio
2986 3041 3102 3079 meo
3166 3035 3342 3096 gentes
3391 3025 3746 3093 spcrabunt'.

1852 3086 2127 3187 καὲείςο
2160 3086 2418 3183 harenam
2472 3118 2574 3171 alia
2625 3128 2709 3172 est
2779 3117 2865 3171 illa
2923 3118 3033 3182 lex,
3086 3086 3286 3186 ιιι-αξιοι·
3342 3086 3743 3187 evangelicam.

2158 3224 2278 3278 quae
2310 3219 2499 3280 gentes
2527 3208 2577 3261 in
2624 3206 2943 3278 ignorantiae
2985 3207 3225 3263 tenebris
3255 3207 3572 3261 aberrantes
3616 3206 3741 3259 illa.

2161 3300 2351 3355 stravit
2379 3301 2400 3353 ?
2429 3299 2564 3353 Nam
2596 3299 2677 3354 lex
2704 3300 2922 3369 quidem
2955 3299 3186 3354 .‘losaica
3222 3299 3407 3353 multis
3443 3299 3555 3369 jam
3588 3297 3749 3353 annis

2160 3400 2550 3447 antecesserat.

2814 3547 3084 3617 Ejusdem.

2235 3641 2351 3695 Jam
2420 3643 2488 3696 de
2561 3653 2703 3693 novo
2771 3636 3048 3706 Evangelii
3122 3647 3451 3691 testamento
3530 3654 3746 3692 rursum

2159 3734 2326 3791 Isaias
2360 3741 2486 3787 ante
2530 3732 2744 3785 locutus
2774 3741 2853 3783 est
2895 3747 2906 3780 :
2945 3728 3026 3781 Ea;
3051 3726 3219 3789 Sion,
3275 3729 3525 3797 inquiens
3553 3770 3566 3792 ,
3632 3732 3747 3782 exi-

2161 3828 2231 3881 bit
2260 3826 2362 3891 lex,
2425 3834 2472 3878 et
2524 3839 2696 3877 sermo
2753 3821 2965 3875 Domini
3014 3836 3077 3872 ea:
3131 3817 3508 3873 Jerusalem‘.
3568 3819 3751 3888 Siqui-

2160 3921 2284 3976 dem
2349 3917 2611 3972 Dominus
2671 3925 2856 3969 uoster
2930 3914 3085 3968 Jesus
3157 3911 3410 3966 Christus
3473 3926 3621 3965 nunc
3692 3912 3745 3965 in

2161 4022 2347 4067 monte
2398 4009 2529 4064 Sion
2568 4008 2770 4061 sedens
2827 4015 2880 4059 et
2942 4006 3165 4069 docens,
3226 4020 3368 4057 nunc
3426 4004 3477 4057 in
3525 4002 3746 4057 civitate

2159 4101 2460 4158 Jerusalem
2524 4113 2774 4162 versans,
2815 4096 2988 4167 legem
3036 4103 3091 4149 et
3141 4094 3444 4149 doctrinam
3506 4110 3743 4164 evange-

2162 4199 2322 4252 licam
2353 4193 2594 4250 tradidit.
2630 4193 2817 4262 Neque
2863 4190 3009 4245 enim
3040 4189 3106 4243 de
3165 4189 3400 4243 Mosaica
3458 4190 3573 4257 lege
3619 4202 3745 4257 pro-

2161 4288 2322 4360 pheta
2398 4300 2545 4340 nunc
2590 4284 2847 4353 loquitur.
2894 4281 2998 4347 Qui
3069 4281 3214 4335 enim
3285 4280 3337 4333 id
3371 4279 3485 4333 neri
3542 4290 3746 4348 queat,

2162 4399 2284 4439 cum
2317 4397 2381 4436 ea
2408 4396 2516 4435 non
2555 4380 2607 4432 in
2655 4377 2824 4443 Sion,
2884 4393 2986 4432 nec
3037 4376 3091 4429 in
3147 4376 3497 4440 Jerusalem,
3550 4375 3644 4430 sed
3692 4377 3745 4428 in

467 4478 643 4529 πάλαι
675 4472 860 4543 πολλῷ
896 4472 1005 4543 πρὸ
1033 4471 1129 4524 τοῦ
1173 4471 1426 4535 Ἡσαΐου,
1457 4471 1671 4541 ὥσπερ,
1702 4470 2057 4540 εὐαγγελικὸς

2169 4485 2353 4531 monte
2397 4474 2529 4530 Sion
2574 4472 2739 4526 fuerit
2784 4472 2891 4525 lata
2925 4510 2939 4535 ,
3017 4468 3187 4523 multo
3242 4478 3531 4536 antequam
3587 4475 3748 4521 natus

466 4566 661 4635 πολλῷ
696 4567 838 4633 μετὰ
870 4566 960 4619 τὸν
994 4564 1258 4630 Ἠσαῒανς
1293 4564 1385 4615 Διὸ
1416 4563 1510 4615 καὶ
1542 4562 1838 4632 προσφυῶς
1866 4558 2021 4616 εἶπεν
2045 4605 2058 4627 ,

467 4661 553 4713 ὅτι
591 4658 1006 4723 ἐξελεύσεται.
1038 4656 1098 4708 '0
1130 4656 1361 4717 παλαιὸς
1391 4655 1500 4724 γὰρ
1532 4653 1745 4722 ἐξῆλθε.
1768 4654 1903 4725 Περὶ
1934 4654 2058 4708 τού-

466 4772 566 4807 του
605 4753 665 4807 δὲ
705 4752 800 4806 τοῦ
846 4750 1039 4805 καινοῦ
1073 4752 1167 4803 καὶ
1206 4749 1476 4820 Ἱερεμίας
1522 4748 1819 4817 προείρηκε
1851 4747 2061 4815 λέγων,

483 4845 639 4900 Ἰδοὺ
665 4844 875 4913 ἡμέραι
895 4843 1197 4911 ἔρχονται,
1215 4840 1378 4910 λέγει
1398 4842 1632 4909 Κύριος,
1657 4841 1755 4895 καὶ
1783 4839 2065 4905 διαθήσο-

463 4957 581 5009 μαι
600 4938 748 5007 ὑμῖν
762 4936 1065 5003 διαθήκην
1088 4936 1330 5002 καινὴν,
1350 4937 1421 4989 οὐ
1441 4933 1588 4987 κατὰ
1607 4934 1722 5000 τὴν
1742 4931 2062 5000 διαθήκην,

472 5029 558 5097 ἣν
588 5028 869 5097 διεθέμην
893 5026 1020 5092 τοῖς
1047 5027 1353 5094 πατράσιν
1368 5027 1536 5095 ὑμῶν
1553 5027 1623 5079 ἐν
1642 5025 1831 5095 ἡμέρᾳ
1849 5025 2063 5077 ἐπιλα-

472 5120 736 5192 ϐομένου
757 5138 877 5189 μου
899 5117 1013 5186 τῆς
1034 5122 1234 5188 χειρὸς
1252 5118 1473 5185 αὐτῶν,
1492 5118 1813 5187 ἐξαγαγεῖν
1840 5118 2068 5181 αὐτοὺς

470 5219 544 5272 ἑκ
578 5216 691 5288 γῆς
713 5218 1039 5286 Αἰγύπτου,
1069 5215 1158 5269 ὅτι
1178 5215 1349 5269 αὐτοὶ
1371 5217 1482 5269 οὐκ
1499 5215 1818 5283 ἐνέμειναν
1844 5213 1918 5284 τῇ
1943 5214 2070 5268 δια-

476 5312 640 5380 θήκῃ
655 5328 776 5380 μου
805 5308 972 5378 κάγὼ
994 5309 1279 5378 ἠμέλησα
1305 5307 1528 5363 αὐτῶν.
1549 5309 1988 5378 Συνεσκιασμὲνα
2014 5307 2070 5360 δὲ

475 5401 654 5456 ταῦτα
682 5403 780 5455 καὶ
801 5402 869 5456 τὰ
889 5400 1137 5470 τοιαῦτα,
1160 5402 1246 5454 ἵνα
1271 5399 1350 5472 μὴ
1394 5401 1740 5468 ἁφανισθῶσι
1768 5404 1835 5451 τὰ
1859 5398 2063 5468 βιϐλία.

479 5494 662 5549 Ὅπου
676 5495 787 5563 γὰρ
810 5494 1079 5565 παρόντα,
1099 5494 1193 5547 καὶ
1213 5489 1738 5562 θαυματουργοῦντα
1758 5492 2067 5561 βλέποντες,

479 5587 576 5660 xu}
599 5586 814 5640 τελείαν
846 5585 1125 5650 ἀπόδειξιν
1151 5588 1247 5655 τῆς
1270 5585 1465 5638 ἑαυτοῦ
1486 5584 1739 5654 θεότητος
1757 5583 2069 5655 παρεχόμε-

558 5728 573 5757 ¹
597 5724 701 5779 lsa.
731 5742 838 5792 Liv,
878 5728 929 5780 1.
1034 5727 1053 5755 ²
1084 5724 1184 5779 lsa.
1218 5740 1358 5789 χιιι,
1391 5726 1440 5777 8.
1558 5724 1576 5753 ³
1604 5722 1746 5776 l’sal.
1788 5738 1844 5789 ιι,
1879 5723 1929 5777 8.

474 5810 621 5861 xm,
657 5798 745 5851 52.

2035 5722 2053 5753 ⁸
2090 5720 2234 5775 Psal.
2266 5734 2339 5779 Ix,
2373 5714 2463 5769 21.

2161 4578 2308 4625 esset
2384 4567 2594 4630 Isaias,
2677 4561 3139 4632 quemadmodum
3207 4560 3517 4629 evangelica
3574 4558 3746 4611 multo

2169 4671 2292 4733 post
2364 4660 2539 4729 ipsum
2620 4656 2816 4710 Isaiam
2884 4664 3130 4722 tempore
3197 4652 3531 4721 promulgata
3606 4651 3751 4703 fuit?

2165 4756 2505 4822 Quapropter
2530 4746 2776 4817 apposite
2802 4744 2937 4799 dixit
2977 4760 2990 4797 :
3030 4742 3250 4807 Exibit;
3286 4742 3543 4811 quoniam
3602 4743 3748 4795 anti-

2166 4856 2271 4911 qua
2321 4840 2406 4894 lex
2438 4838 2548 4906 jam
2577 4833 2805 4889 exierat.
2845 4832 2957 4886 lloc
2985 4841 3165 4886 autem
3208 4842 3423 4901 tempus
3482 4831 3749 4887 Jeremias

2172 4933 2300 4987 item
2330 4917 2706 5001 pronuntiavit
2742 4925 2827 4979 bis
2880 4924 3057 4978 verbis
3109 4941 3122 4977 :
3174 4926 3309 4977 Ecce
3366 4926 3577 4977 veniunt
3619 4925 3752 4991 dies,

2171 5026 2297 5080 dicit
2328 5023 2609 5086 Dominus,
2635 5028 2683 5073 et
2710 5018 2903 5089 feriam
2927 5017 3185 5071 vobiscum
3216 5017 3381 5088 {aedas
3407 5035 3617 5084 naimm,
3650 5035 3755 5072 non

2173 5116 2458 5171 secundum
2486 5112 2620 5166 illud
2655 5112 2841 5182 fazdus,
2867 5108 3003 5180 quod
3055 5109 3184 5162 inivi
3210 5125 3326 5162 cum
3389 5112 3627 5178 patribus
3670 5128 3755 5164 ve-

2175 5212 2321 5270 stris,
2351 5224 2456 5277 qua
2496 5204 2579 5257 die
2618 5219 2837 5256 manum
2867 5217 3045 5254 eorum
3074 5202 3419 5271 apprehendi,
3455 5214 3508 5255 nt
3569 5203 3755 5255 educe-

2177 5319 2283 5356 rem
2324 5317 2410 5354 eos
2440 5300 2504 5351 de
2536 5307 2677 5351 terra
2702 5294 2947 5365 rEgypti,
2984 5296 3232 5362 quoniam
3264 5296 3344 5347 illi
3384 5296 3548 5365 [trdus
3582 5310 3754 5347 meum

2176 5409 2278 5447 non
2314 5390 2674 5451 observarunt,
2713 5395 2760 5440 et
2792 5400 2883 5453 ego
2925 5383 3130 5453 neglexi
3182 5401 3265 5438 eos
3291 5386 3333 5437 ⁷.
3380 5383 3504 5437 Hmc
3568 5391 3624 5437 et
3672 5384 3756 5436 his

2175 5484 2375 5541 similia
2422 5482 2656 5537 obscure
2702 5478 2896 5533 tradita
2926 5488 3054 5531 sunt
3088 5515 3103 5542 ,
3146 5492 3214 5530 ne
3247 5477 3564 5531 delerentur
3606 5474 3752 5528 libri.

2170 5576 2308 5631 Nam
2355 5572 2446 5645 qui
2470 5570 2748 5627 Christum
2798 5578 3145 5639 prazsentem,
3177 5576 3231 5622 et
3279 5582 3366 5620 res
3410 5566 3755 5622 admirabiles

2568 5711 2589 5741 ⁸
2623 5710 2728 5765 lsa.
2757 5725 2829 5775 LI,
2868 5709 2922 5761 4.
3031 5708 3050 5736 ⁸
3101 5705 3204 5759 lsa.
3242 5719 3298 5768 ιι,
3342 5704 3396 5757 5.
3508 5704 3525 5734 ⁷
3550 5703 3754 5759 Jerrm.
