4126 6402
404 319 527 383 ΞΠ

1374 321 1750 384 PANOPLIA
1795 317 2257 380 DOGMATICA.
2293 341 2362 353 --
2399 320 2554 381 Tl'l‘.
2598 320 2766 383 Vlll.

3592 313 3698 375 278

406 427 578 501 ἧττον
621 402 799 481 ἐκεῖνο
845 429 1042 499 μιαρὸν
1094 426 1182 502 ἦν.
1214 432 1376 485 Ὥστε
1426 433 1513 484 διΞι
1563 432 1724 484 τοῦτο
1771 428 2003 499 μάλιστα

2115 444 2249 492 rum,
2281 428 2370 497 qui
2406 429 2533 483 illuc
2560 426 3031 501 ingrediebantur.
3056 423 3199 492 Quid
3257 424 3429 479 Λιοίῆ
3461 425 3482 477 l
3514 439 3699 479 non-ne

413 521 601 587 μισ-εῖν
636 518 948 584 Ἰουδαίους,
978 522 1070 573 καὶ
1093 523 1190 589 τὴν
1214 522 1537 590 συναγωγὴν
1565 521 1746 573 αὐτῶν
1769 519 1997 578 δίκαιον,

410 611 498 663 ὅτι
537 610 715 673 οὕτως
759 611 1186 682 ἐμπαροινοῦσιν
1228 616 1302 676 είς
1353 614 1446 666 τὸν
1479 612 1682 665 Μωσέα
1740 612 1831 663 καὶ
1871 610 2000 672 τοὺς

412 706 732 773 προψήτας.
775 705 958 757 Βίϐλοι
991 707 1101 776 γὰρ
1138 704 1650 776 ἀναγινωσκόμεναι
1695 706 1831 776 μετὰ
1868 704 2001 756 ἀπιο-

414 794 595 856 στίας,
621 794 747 848 οὔτε
769 796 954 857 τόπον,
980 796 1105 851 οὕτε
1128 798 1254 861 τοὺς
1276 799 1752 866 ἀναγινώσκοντας
1774 798 2003 863 ἁγιάσαι

412 888 945 951 δύνανταιΔικαίως
970 890 1169 960 ἐρρέθη
1194 891 1331 961 πρὸς
1348 893 1566 956 αὐτοὺς,
1590 894 1673 945 ὃτι
1691 892 2005 957 Σπήλαιον

414 979 641 1046 ὑαίνης
668 979 910 1047 ἐγένετό
930 998 1033 1050 μοι
1055 984 1088 1036 ό
1117 977 1283 1048 οἶκος
1310 982 1499 1052 ὑμῶν’
1532 983 1724 1051 ὑαίνης
1748 980 1887 1051 ὁμοῦ
1908 981 2004 1033 καὶ

418 1070 741 1141 ἀκαθάρτου
766 1071 986 1141 θηρίου.

1041 1341 1154 1396 Τοῦ
1186 1345 1399 1403 αὐτοῦ.

490 1431 559 1485 ει
600 1431 675 1501 μὴ
702 1431 831 1493 τοὺς
858 1433 1150 1501 προφήτας
1190 1429 1370 1503 εἶχον,
1405 1436 1453 1487 εί
1496 1435 1569 1506 μὴ
1608 1434 1703 1497 τὰς
1744 1434 1895 1504 ίερέις
1927 1434 2006 1504 βί-

422 1523 594 1613 ϐλους
659 1524 1046 1591 ἀνεγίνωσκον,
1078 1528 1179 1580 οὐκ
1211 1528 1278 1580 ἂν
1322 1528 1494 1590 οὕτως
1521 1545 1663 1599 ησαν
1704 1528 2004 1601 ἀκάθαρτοι

417 1612 515 1666 καὶ
544 1612 785 1685 βέϐηλοι.
809 1616 924 1671 Νῦν
944 1616 1000 1669 δὲ
1024 1619 1203 1689 πάσης
1222 1620 1627 1691 ἀπεστέρηνται
1650 1619 2002 1688 συγγνώμης,

2105 536 2289 575 arcam
2358 530 2574 591 captam
2633 524 2686 577 in
2722 522 2983 591 templum
3039 534 3199 573 suum
3252 517 3694 578 introduxerunt,

2118 613 2264 679 quod
2294 622 2477 668 tamen
2510 615 2811 683 permansit
2854 614 3173 682 impurum?
3228 610 3462 679 Equum
3535 609 3699 678 igitur

2105 717 2212 769 est,
2245 705 2482 768 Judazos,
2511 718 2569 761 et
2594 721 2782 761 eorum
2820 706 3159 778 Synagogam
3193 705 3313 757 ideo
3340 702 3686 772 potissimum

2105 803 2399 857 exsecrari.
2432 796 2574 866 quod
2621 797 2673 850 in
2712 798 2948 867 Moysem
2981 805 3036 850 et
3063 796 3356 865 prophetas
3416 789 3700 846 insaniunt

2105 898 2160 942 et
2191 889 2619 943 debacchentur.
2681 888 2968 943 Librorum
3037 887 3182 942 enim
3224 885 3408 947 lectio,
3457 883 3502 937 si
3559 883 3695 936 lidcs

2105 982 2265 1045 absit,
2302 996 2403 1036 nec
2432 982 2635 1047 locum,
2661 996 2765 1036 nec
2792 982 3037 1049 legentes
3069 986 3289 1033 sanctos
3317 986 3545 1047 possunt
3591 976 3701 1029 elli-

2104 1088 2248 1129 cere.
2272 1074 2461 1143 ltaque
2476 1075 2671 1128 merito
2701 1074 2756 1126 in
2785 1089 2880 1128 eos
2905 1072 3112 1127 dictum
3138 1080 3257 1125 est:
3289 1072 3482 1125 Domus
3498 1070 3698 1140 Itywna:

2108 1165 2281 1232 factus
2320 1175 2394 1219 est
2432 1166 2560 1220 mihi
2580 1166 2722 1221 locus
2738 1164 3159 1235 vester;hya3na:
3180 1162 3427 1232 inquam,
3454 1159 3691 1216 crudelis

2105 1266 2161 1311 et
2192 1260 2542 1315 exsecranda:
2572 1259 2725 1315 ferte.

2780 1352 3056 1421 Ejusdem.

2176 1443 2289 1498 Nisi
2341 1445 2638 1515 prophetas
2676 1446 2963 1510 haberent,
3001 1455 3057 1499 et
3101 1459 3290 1500 sacros
3339 1443 3508 1496 libros
3552 1440 3701 1509 lege-

2109 1545 2251 1600 rent,
2279 1553 2388 1591 non
2421 1548 2604 1593 essent
2642 1548 2750 1593 tam
2784 1537 3133 1592 detestabiles
3183 1546 3238 1590 et
3268 1534 3505 1604 profani.
3543 1532 3701 1585 Nunc

2108 1639 2290 1685 autem
2342 1630 2543 1685 nullam
2580 1640 2864 1687 merentur
2910 1631 3151 1693 veniam,
3197 1627 3288 1696 qui
3331 1642 3456 1681 curn
3494 1639 3700 1695 praeco-

414 1706 501 1757 δτι
530 1706 659 1768 τοὺς
692 1708 939 1776 κήρυκας
966 1709 1067 1778 τῆς
1090 1711 1352 1780 ἀληθείας
1378 1711 1617 1779 ἔχοντες,
1644 1712 1782 1781 πρὸς
1808 1712 2005 1775 αὐτοὺς

417 1797 437 1816 ι
494 1798 538 1816 ,ι
587 1815 590 1816 ,
795 1800 807 1816 ς
931 1800 946 1816 .
1053 1801 1064 1816 .
1151 1803 1195 1816 ..
1222 1802 1275 1816 ,,.
1439 1805 1452 1816 .
1600 1804 1611 1816 .
1792 1804 1812 1816 .

2115 1733 2212 1771 nes
2240 1717 2478 1773 habeant
2507 1718 2771 1784 veritatis,
2817 1718 3083 1774 adversus
3129 1715 3253 1771 illos
3309 1714 3702 1783 veritatemque

412 1797 687 1863 ἐκείνους,
722 1800 817 1853 καὶ
851 1800 986 1871 πρὸς
1015 1801 1112 1871 τὴν
1140 1802 1403 1872 ἀλήθειαν
1428 1804 1832 1873 ἀπομάχονταί.

776 1912 779 1915 ·
1039 1892 1150 1947 Τοῦ
1186 1895 1399 1949 αὑτοῦ.

510 1980 639 2033 Ἐπὶ
685 1981 797 2035 τῶν
856 1983 1163 2037 Ἰουδαϊκῶν
1203 1987 1409 2057 ἑορτῶν
1454 1988 1539 2042 οὐο
1566 1990 1728 2059 μόνον
1780 1992 2010 2061 καιρὸν,

413 2072 562 2126 ἀλλὰ
601 2075 697 2125 καὶ
746 2074 912 2129 τόπον
946 2082 1290 2147 παρατηρεῖν
1328 2080 1619 2135 ἐκέλευσεν
1646 2085 1676 2135 ό
1707 2084 1862 2146 Θεός.
1902 2085 2015 2137 Κα-

413 2165 604 2235 θάπερ
643 2165 753 2236 γὰρ
776 2166 871 2220 τοῦ
920 2169 1104 2238 πάσχα
1141 2172 1330 2239 καιρὶς
1365 2174 1465 2243 μὲν
1504 2176 1535 2244 ἡ
1579 2175 1644 2227 ιδ’
1685 2176 1781 2227 τοῦ
1845 2177 2013 2245 μηνος

415 2258 515 2310 τοῦ
558 2258 805 2327 πρώτου,
838 2260 1004 2323 τόπος
1035 2262 1094 2314 δὲ
1123 2263 1193 2315 τὰ
1237 2265 1609 2336 Ἱεροσόλυμα,
1644 2267 1789 2320 οὕτω
1818 2268 1883 2338 δὴ
1920 2270 2014 2320 καὶ

420 2348 536 2400 τῶν
561 2348 759 2401 ἄλλων.
796 2350 937 2403 Ἀλλ’
967 2352 995 2403 ὀ
1024 2352 1121 2422 μὲν
1145 2354 1339 2420 καιρὸς
1361 2356 1470 2408 τῶν
1501 2356 1709 2425 ἑορτῶν
1732 2356 2011 2426 διάφορος,

414 2442 449 2492 ὁ
492 2440 554 2493 δὲ
600 2441 767 2505 τόπος
801 2437 904 2503 εἷς.
942 2445 1050 2498 Καὶ
1088 2446 1188 2498 οὐκ
1218 2445 1366 2517 ,ἐξῆν
1397 2449 1428 2517 ἢ
1474 2451 1568 2502 τὸν
1609 2449 1818 2518 καιρὸν,
1860 2450 2014 2518 ἢτὺν

415 2532 591 2585 τόπον
632 2532 1015 2603 παρασαίνειν.
1060 2537 1276 2592 Μᾶλλον
1317 2540 1375 2593 δὲ
1416 2540 1508 2595 τὸν
1534 2542 1634 2607 μὲν
1676 2543 1868 2612 καιρὸν
1918 2542 2015 2594 ἐπὶ

416 2624 521 2677 τοῦ
579 2625 774 2696 Πάσχα
806 2625 878 2680 δι’
931 2628 1180 2699 ἀνάγκην
1236 2636 1599 2703 συνεχωρεῖτο
1625 2634 2012 2703 παραϐαίνειν,

414 2716 512 2769 τὸν
540 2716 601 2770 δὲ
628 2718 797 2771 τόπον
839 2718 1115 2789 οὐδαμῶς.
1170 2725 1253 2776 Οὐ
1287 2723 1552 2779 δύνασαι
1585 2726 1694 2795 γὰρ
1724 2727 1920 2782 ποιεῖν
1948 2731 2016 2785 τὸ

412 2808 663 2879 Πάσχα,
691 2812 882 2881 φησὶν,
908 2814 978 2865 ἐν
1003 2814 1256 2883 οὐδεμιᾷ
1280 2815 1400 2869 τῶν
1418 2817 1678 2884 πόλεων,
1698 2813 1786 2873 ὧν
1803 2822 2017 2889 Κύριος

413 2908 451 2957 ό
477 2903 631 2968 Θεός
649 2917 773 2957 σου
796 2904 1011 2958 δίδωσί
1038 2908 1314 2971 σοι,ἀλλ’
1332 2908 1371 2976 ἢ
1402 2909 1473 2964 ἐν
1489 2912 1657 2978 μόνῳ
1674 2911 1753 2977 τῷ
1772 2916 1953 2982 τόπῳ,
1969 2911 2017 2984 ᾧ

414 2996 494 3049 ἂν
510 2995 843 3062 ἐκλέξηται
861 2994 1081 3064 Κύριος
1107 3002 1140 3051 ὁ
1159 3001 1395 3065 Θεός.Τί
1410 2996 1533 3068 οὗν;
1556 3003 1734 3075 ἑαυτῷ
1753 3007 2019 3060 ἐναντιοῦ-

2113 1810 2450 1880 depugnant.

2767 1901 3041 1971 Ejusdem.

2183 1998 2425 2055 Judaieis
2473 1996 2887 2052 celebritatibus
2934 2008 3045 2049 non
3077 1994 3257 2050 solum
3317 2000 3555 2061 tempus.
3604 1990 3701 2046 sed

2112 2092 2277 2147 etiam
2307 2092 2485 2145 locum
2511 2089 2911 2144 observandum
2945 2085 3277 2156 praascripsit
3309 2086 3471 2138 Dens.
3501 2082 3701 2137 Exem-

2119 2184 2189 2253 pli
2229 2183 2424 2254 gratia,
2476 2192 2687 2252 tempus
2728 2180 2795 2233 ad
2838 2179 3042 2233 Pascha
3102 2175 3489 2231 celebrandum
3528 2176 3705 2244 praeli-

2114 2272 2288 2327 nitum
2320 2282 2439 2327 erat
2476 2270 2597 2325 dies
2653 2277 2882 2339 quartus
2935 2266 3183 2323 decimus
3237 2265 3441 2320 mensis
3494 2265 3701 2335 primi;

2114 2366 2267 2419 locus
2307 2370 2497 2418 autem
2559 2360 2947 2431 Hierosolyma.
3008 2360 3079 2415 At
3139 2375 3265 2414 cum
3318 2358 3699 2413 eelebritatum

2128 2468 2374 2527 tempora
2401 2466 2590 2512 essent
2636 2454 2877 2518 diversa,
2912 2453 3067 2506 locus
3093 2460 3212 2505 erat
3260 2466 3424 2505 unus.
3456 2451 3703 2518 Clltltquc

2114 2566 2145 2606 a
2218 2548 2535 2619 prmacripto
2599 2554 2863 2615 tempore,
2902 2551 2956 2599 et
3017 2543 3138 2598 loco
3203 2541 3464 2597 recedere
3545 2541 3703 2597 nefas

2114 2650 2281 2706 esset,
2321 2637 2637 2695 necessitati
2696 2646 2874 2692 tamen
2915 2634 3338 2697 concedebatur,
3376 2642 3434 2686 ut
3489 2644 3701 2701 tempus

2118 2735 2172 2789 in
2200 2730 2540 2788 observando
2587 2729 2855 2785 Paschate
2900 2727 3084 2782 minus
3129 2725 3533 2779 observaretur.
3594 2724 3701 2778 Lo-

2125 2843 2253 2881 cum
2310 2837 2494 2878 autem
2531 2821 2684 2876 nullo
2735 2828 2895 2891 pacto
2953 2816 3152 2876 licebat
3206 2832 3317 2870 non
3357 2816 3698 2869 observare:

2120 2917 2244 2973 Non
2273 2915 2489 2981 poteris,
2522 2913 2722 2982 inquit,
2752 2911 3014 2966 celebrare
3045 2909 3259 2965 Pascha
3286 2909 3341 2962 in
3374 2906 3485 2961 ulla
3515 2924 3699 2961 earum

2117 3012 2418 3074 ciuitatum,
2446 3024 2581 3079 quas
2608 3006 2700 3060 tibi
2723 3005 2863 3059 Deus
2896 3005 3090 3068 tradet,
3114 3011 3306 3070 praeter
3334 3001 3508 3065 illam,
3539 3016 3699 3070 quam

413 3105 530 3153 ται,
578 3087 733 3140 θύειν
763 3087 867 3157 μὲν
904 3089 962 3140 ὲν
994 3089 1076 3141 ὲνί
1104 3091 1259 3161 τόπῳ
1302 3094 1706 3167 νομοθετήσας,
1738 3100 1903 3153 αὑτὸν
1951 3103 2008 3157 δὲ

2118 3102 2371 3156 Dominus
2404 3100 2542 3155 Deus
2581 3098 2796 3169 elegerit
2828 3098 2869 3150 ί.
2894 3096 3078 3160 Quid?
3110 3095 3292 3149 sibine
3350 3093 3468 3163 ipse
3508 3093 3676 3147 adver

416 3180 586 3236 πάλιν
616 3180 718 3233 τὸν
745 3180 913 3233 τόπον
937 3183 1344 3252 καταστρέψας,
1375 3188 1469 3239 καὶ⁵
1500 3188 1701 3243 ἄϐατον
1737 3192 2013 3258 Ἰουδαίοις

414 3272 808 3341 ἐργασάμενος
830 3288 846 3338 ;
879 3272 1168 3342 Οὐδαμῶς,
1188 3273 1335 3328 Ἀλλ’
1351 3278 1583 3351 ἐπείπερ
1603 3282 1720 3334 οὐδὲ
1745 3286 1895 3354 παρὰ
1913 3287 2015 3356 τὴν

416 3364 600 3435 ἀρχὴν
630 3364 823 3426 αὐτοῖς
860 3363 1045 3417 δοῦναι
1079 3366 1179 3428 τὰς
1217 3367 1408 3431 Θυσίας
1443 3372 1697 3426 ἐϐούλετο
1719 3415 1733 3437 ,
1771 3378 2016 3430 κατενόει

415 3456 476 3509 δὲ
502 3455 913 3525 μαινομένους,
946 3458 1309 3527 ἀγχομένους,
1342 3463 1749 3533 ἐπιθυμοῦντας
1782 3467 2013 3532 θυσιῶν,

422 3549 525 3602 καὶ
556 3550 1142 3619 παρεσκευασμένους,
1175 3555 1223 3605 εί
1260 3555 1334 3624 μὴ
1364 3554 1606 3624 λάὁοιεν,
1637 3560 2017 3632 αὐτομολῆσαι

434 3639 576 3707 προς
602 3640 1073 3709 ιὶδωλολατρείαν,
1099 3645 1463 3716 οἰκονομικῶς
1484 3652 1791 3723 ἐπέτρεψεν
1820 3657 2015 3720 αὑτὰς,

442 3729 557 3781 τῶν
603 3731 826 3785 εἰδώλων
867 3734 947 3797 είς
994 3735 1194 3788 ἑαυτὸν
1236 3738 1442 3803 ταύτας
1495 3746 1866 3815 μεταστήσας.
1906 3749 2018 3802 Καὶ

438 3824 779 3895 συνεχώρησε
814 3825 877 3878 τὸ
917 3829 1070 3896 μεῖον
1103 3829 1272 3883 κακὸν
1294 3869 1310 3896 ,
1342 3831 1433 3886 ἵνα
1465 3834 1540 3905 μὴ
1585 3835 1665 3907 τῷ
1696 3836 1903 3906 μείζονι
1931 3860 2025 3896 πε-

425 3918 730 3988 ριπέσοιεν.
776 3916 913 3972 Εἶτα
940 3919 1029 3974 διὰ
1061 3924 1383 3995 σοφωτάτης
1415 3926 1641 3997 μεθόδου
1674 3932 1771 3985 καὶ
1799 3935 2004 3997 ταύτας

424 4011 707 4079 περιεῖλε,
736 4012 834 4074 τὰς
870 4013 971 4082 μὲν
998 4013 1191 4078 θυσίας
1225 4018 1283 4071 ὲν
1332 4020 1433 4088 μιᾷ
1472 4020 1626 4075 πόλει
1658 4027 1978 4097 περιορίσας
2002 4069 2017 4095 ,

420 4102 527 4172 τὴν
561 4102 619 4155 δὲ
645 4103 806 4157 πόλιν
832 4105 1042 4176 ταύτην
1069 4108 1318 4164 καθελὼν
1346 4111 1593 4184 ὕστερον,
1628 4116 1721 4171 ἵνα
1754 4121 1829 4189 μὴ
1865 4120 2021 4175 δυνά·

422 4212 586 4266 μενοι
627 4196 783 4252 θύειν
821 4198 928 4264 ἔξω
974 4200 1183 4274 ταύτης
1212 4204 1303 4258 διὰ
1332 4205 1424 4259 τὸν
1457 4209 1644 4277 νόμον,
1686 4212 2017 4283 εὐμηχάνως

418 4289 633 4354 ταύτας
691 4290 1067 4361 ἀφαιρεθεῖεν.
1115 4296 1226 4349 Καὶ
1272 4297 1333 4351 τὸ
1376 4298 1440 4370 δὴ
1490 4299 1831 4372 θαυμαστὸν,
1863 4309 2017 4360 πᾶσα

423 4381 530 4450 μὲν
574 4383 792 4435 ἀνεῖται
828 4386 945 4447 τοῖς
986 4386 1260 4452 Ἰουδαίοις
1292 4391 1325 4459 ἡ
1354 4392 1648 4463 οἰκουμένη
1694 4394 1824 4449 ἔνθα
1867 4398 2017 4453 θύειν

2043 4438 2101 4498 D

2116 3207 2270 3252 satur
2296 3196 2319 3248 ‘i
2349 3195 2442 3264 qui
2472 3207 2598 3248 cum
2626 3206 2737 3246 uno
2761 3190 2816 3245 in
2849 3189 2971 3245 loco
2989 3188 3178 3259 iubeat
3208 3187 3536 3250 sacriﬁcare,
3571 3200 3697 3242 eum

2116 3290 2324 3359 ipsum.
2355 3288 2543 3341 locum
2593 3286 2674 3339 sic
2714 3283 2932 3347 evertit,
2972 3292 3034 3337 ut
3091 3282 3157 3336 ad
3192 3296 3319 3335 eum
3374 3278 3544 3335 Judaei
3599 3296 3698 3335 ne~

2116 3389 2319 3451 queant
2349 3377 2654 3435 accedere?
2684 3376 2905 3432 Minime
2929 3390 3081 3443 vero,
3112 3374 3207 3429 sed
3234 3373 3698 3443 quemadmodum

2120 3474 2227 3529 illis
2260 3489 2331 3528 ne
2362 3472 2615 3527 victimas
2644 3470 2865 3540 quidem
2918 3468 3076 3523 initio
3110 3466 3326 3521 volebat
3372 3466 3697 3528 concedere,

2122 3584 2260 3637 quas
2306 3577 2511 3630 tamen,
2547 3578 2674 3618 cum
2709 3563 2832 3617 illos
2860 3562 3103 3623 insanos,
3145 3560 3362 3624 anxios,
3387 3569 3442 3613 et
3505 3573 3695 3621 earum

2122 3662 2195 3715 ita
2234 3658 2463 3727 cupidos
2494 3654 2842 3725 intelligeret,
2894 3662 2953 3707 ut
2999 3652 3106 3706 nisi
3170 3651 3487 3705 immolandi
3542 3659 3696 3718 pole-

2121 3762 2319 3806 statem
2408 3747 2774 3814 accepissent,
2861 3745 2928 3800 ad
2998 3743 3417 3799 simulacrorum
3490 3741 3696 3795 cultum

2122 3843 2268 3897 ultro
2303 3847 2491 3894 essent
2538 3835 2849 3906 praecipites
2895 3834 3119 3899 ruituri,
3175 3848 3242 3889 eo
3274 3832 3503 3888 COlhlllO
3549 3848 3693 3886 con-

2120 3935 2307 4000 cessit,
2350 3943 2407 3986 ut
2432 3946 2529 3987 eos
2556 3946 2585 3984 a
2618 3928 2923 3984 simulacris
2953 3928 3017 3981 ad
3059 3941 3119 3981 se
3146 3925 3436 3981 colendum
3470 3940 3702 3978 conver-

2125 4034 2285 4089 teret,
2328 4025 2538 4079 minore
2592 4023 2733 4077 malo
2785 4020 3076 4091 permisso,
3139 4035 3208 4074 ne
3248 4018 3302 4073 in
3340 4019 3560 4088 gravius
3625 4018 3699 4072 in-

2120 4126 2432 4183 currerent,
2460 4117 2538 4172 sic
2568 4114 2968 4186 sapientissima
3003 4114 3435 4181 brevissimaquc
3487 4112 3699 4166 ratione

2122 4214 2242 4268 illas
2275 4211 2517 4274 sustulit,
2555 4226 2678 4264 cum
2740 4211 2791 4262 in
2845 4224 2953 4263 una
2993 4216 3205 4261 tantum
3249 4206 3469 4261 civitate
3504 4206 3700 4257 immo-

2122 4306 2235 4360 lare
2269 4304 2628 4375 permitteret,
2675 4302 2818 4356 hanc
2870 4309 3050 4355 autem
3101 4298 3457 4353 evertendam
3490 4313 3553 4350 ac
3605 4297 3698 4349 de-

2124 4402 2342 4456 lendam
2396 4404 2638 4462 curaret,
2692 4405 2773 4460 ut,
2854 4410 2980 4449 cum
3040 4402 3191 4447 extra
3256 4394 3400 4446 illam
3458 4401 3697 4446 mactare

419 4473 527 4525 οὐκ
584 4473 787 4540 ἔξεστι,
848 4477 985 4547 μόνη
1023 4478 1079 4532 δὲ
1121 4480 1332 4547 τούτοις
1381 4485 1414 4554 ή
1479 4485 1832 4561 Ἰερουσαλὴμ
1880 4494 2011 4546 ἁπο-

2121 4494 2371 4550 victimas
2402 4506 2497 4561 per
2532 4490 2705 4559 legem
2738 4502 2850 4541 non
2886 4487 3095 4549 liceret,
3123 4500 3187 4539 ea
3218 4485 3429 4545 sublata
3456 4484 3690 4537 victima:

423 4562 783 4633 κέκλεισται,
816 4567 945 4622 ἔνθα
984 4569 1133 4622 θύειν
1167 4574 1329 4641 μόνον
1365 4576 1514 4645 ἐξῆν.
1549 4578 1762 4647 Ὥσπερ
1797 4583 1905 4650 γὰρ
1935 4588 2016 4638 οἰ-

423 4655 663 4724 κοδόμος
697 4659 978 4727 θεμελίους
1010 4662 1158 4731 θεὶς,
1187 4666 1399 4736 τοίχους
1431 4670 1748 4741 ἀναστήσας
1771 4714 1785 4738 ,
1818 4674 2015 4745 ὄροφον

424 4750 799 4819 καμαρώσας,
828 4753 926 4826 τὴν
956 4758 1216 4826 καμάραν
1246 4759 1465 4831 ἐκείνην
1490 4765 1570 4826 εἰς
1593 4764 1688 4817 ἕνα
1718 4767 1841 4819 τινὰ
1864 4766 2013 4821 λίθον

426 4845 603 4911 μέσον
638 4845 948 4916 συνέδησεν,
987 4843 1107 4901 εἶτα
1131 4850 1221 4903 τὸν
1251 4852 1398 4907 λίθον
1420 4854 1633 4910 ἐκεῖνον
1654 4858 1890 4925 ἀφελὼν,
1919 4863 2009 4915 τὸν

425 4934 614 4986 πάντα
647 4939 748 5006 τῆς
778 4939 1074 5009 οἰκοδομῆς
1104 4942 1319 4995 διέλυσε
1344 4944 1670 5017 σύνδεσμον,
1703 4951 1846 5005 οὕτω
1871 4956 2010 5008 καὶὸ

423 5028 603 5093 Θεὸςί,
639 5029 893 5101 καθάπερ
929 5035 1053 5085 τινὰ
1086 5034 1379 5107 σύνδεσμον
1419 5038 1515 5107 τῆς
1545 5042 1635 5094 διὰ
1674 5045 1873 5098 θυσιῶν
1917 5047 2011 5100 λα-

420 5120 620 5189 τρείας
636 5121 1107 5195 τὴνἸερουσαλὴμ
1136 5129 1482 5201 ὁρισάμενος,
1507 5131 1626 5188 εἶτα
1648 5138 1858 5207 ταύτην
1878 5139 2010 5194 ἀνα-

420 5214 638 5282 τρέψας
656 5216 796 5284 ὁμοῦ
816 5217 1085 5272 κατέλυσε
1105 5223 1199 5274 καὶ
1216 5224 1311 5296 τὴν
1340 5223 1598 5295 λατρείαν
1631 5230 1739 5281 τῶν
1779 5229 2002 5288 θυσιῶν.

2120 4587 2457 4640 tollerentur.
2505 4581 2676 4635 Totus
2718 4578 2865 4634 enim
2900 4588 3167 4633 terrarum
3204 4575 3375 4635 orbis,
3399 4575 3545 4642 quod
3572 4576 3693 4642 qui—

2113 4679 2236 4734 dem
2268 4675 2517 4730 mirabile
2551 4682 2656 4738 est,
2684 4670 2893 4728 Judaeis
2936 4669 3277 4731 conceditur,
3336 4667 3427 4721 ubi
3485 4666 3697 4720 sacriﬁ‘

2113 4782 2243 4823 care
2302 4780 2412 4820 non
2461 4764 2608 4828 licet,
2659 4777 2690 4817 a
2748 4762 2861 4818 sola
2923 4768 3108 4815 autem
3163 4757 3466 4813 Jerusalem
3500 4759 3688 4811 exclu-

2111 4864 2337 4924 duntur,
2370 4858 2426 4911 in
2462 4872 2567 4926 qua
2599 4871 2705 4909 una
2736 4855 2865 4921 illis,
2904 4863 2964 4909 ut
2994 4852 3330 4915 sacriﬁcent,
3364 4851 3696 4921 permissum

2110 4962 2217 5009 est.
2261 4953 2391 5007 Nam
2455 4961 2514 5005 ut
2557 4950 2915 5014 architectus,
2962 4947 3007 5001 si
3048 4945 3245 5016 .jactis
3302 4945 3698 5009 fundamentis,

2108 5047 2416 5114 erectisque
2448 5042 2768 5114 parietibus,
2815 5040 3013 5114 fastigii
3058 5039 3390 5094 testudinem
3425 5039 3490 5091 ad
3564 5038 3699 5106 lapi-

2109 5142 2233 5196 dem
2266 5153 2435 5192 unum
2465 5138 2523 5193 in
2549 5135 2730 5190 medio
2762 5132 2998 5204 positum
3045 5131 3341 5193 devinciat,
3403 5143 3467 5181 eo
3520 5127 3696 5195 lapide

2109 5233 2323 5289 sublato
2354 5239 2526 5285 totum
2553 5226 3055 5283 evertitaadiliciuin
3080 5241 3095 5277 ι
3121 5225 3191 5278 ita
3211 5224 3354 5281 Deus
3377 5236 3499 5275 cum
3521 5217 3693 5288 quod-

421 5304 555 5359 dam
624 5309 795 5364 veluti
857 5311 1253 5371 sacriﬁciorum
1330 5318 1608 5376 vinculum
1678 5322 1978 5382 Jerusalem
2055 5326 2463 5394 constituisset,
2510 5324 2615 5380 hac
2664 5337 2856 5378 eversa
2916 5321 3164 5377 victimas
3219 5313 3531 5374 immolandi
3603 5313 3693 5377 ius

420 5402 628 5474 abruga
638 5404 732 5460 vit.

1047 5502 1158 5558 Τοῦ
1209 5507 1420 5561 αὐτοῦ.

499 5592 627 5645 Ὀτι
679 5592 801 5646 οὐδὲ
820 5596 943 5657 ταῖς
974 5594 1189 5662 θυσίαις
1220 5600 1587 5671 ἀρεσκόμενος
1615 5605 1641 5656 6
1671 5603 1804 5669 Θεὸς
1824 5604 2014 5678 ἐνομο-

502 5773 517 5802 ⁸
553 5771 710 5828 Deut.
751 5791 855 5840 xw,
900 5776 953 5834 5.
989 5776 1042 5830 6.

2780 5509 3054 5564 Eiusdem.

2780 5528 3054 5576 njusaem.

2195 5605 2351 5674 Quod
2383 5612 2568 5660 autem
2608 5604 2750 5661 Deus
2805 5598 3149 5659 sacriﬁcandi
3196 5609 3346 5664 rcges
3377 5594 3519 5651 tullt.
3581 5606 3689 5645 non
