4126 6416
457 289 569 349 9.79

1707 298 2098 357 EU'l‘lll’illll
2141 300 2510 360 ZlGABENI

3647 309 3756 372 23-7)

453 400 602 470 quod
630 399 748 470 ipse
776 399 1015 456 victimis
1059 401 1396 472 placaretur,
1441 405 1538 458 sed
1587 407 1712 475 quia
1746 403 2057 460 Judatorum

2169 406 2364 468 Θέτησε
2400 412 2526 482 περὶ
2559 411 2785 476 τούτων,
2815 413 2950 467 ἀλλὰ
2977 415 3098 476 ταῖς
3122 413 3438 478 ἀσθενείαις
3468 414 3578 468 τῶν
3617 415 3756 468 Ἰου-

455 499 720 564 tanquam
768 495 1062 550 infantium
1129 497 1440 567 indulgeret
1499 499 1889 566 imbecillitati,
1956 516 2052 569 per

457 587 648 642 Isaiam
687 589 930 642 ostendit
979 605 994 642 :
1048 589 1169 644 Non
1215 601 1311 652 est,
1354 591 1553 660 inquit,
1613 594 1743 647 milii
1807 595 2052 648 uoluntas

455 682 511 734 iu
537 683 705 738 vobis.
737 681 932 737 Plenus
958 699 1096 737 sum.
1127 681 1456 739 Ilolocausta
1483 687 1739 752 arietum,
1767 697 1814 741 et
1845 687 2054 755 adipem

455 786 812 843 agnorum,et
848 778 1160 846 sanguinem
1194 788 1496 846 taurorum,
1523 789 1572 834 et
1611 781 1878 835 hircorum
1911 781 2050 834 nolo.

457 868 588 931 Quis
641 871 780 922 enim
838 871 1122 938 exquisivit
1179 873 1344 926 hace
1407 875 1654 929 manibus
1730 873 2054 929 vestris?Si

457 963 757 1018 obtuleritis
808 966 1097 1036 siliginem,
1142 970 1302 1022 inane
1354 971 1726 1038 suﬂimentum,
1777 971 2051 1042 fastidium

455 1056 587 1110 mihi
615 1067 691 1111 est
721 1057 760 1115 '.
804 1058 872 1113 Et
905 1073 1130 1116 rursum
1166 1078 1180 1114 :
1221 1061 1341 1115 Non
1370 1063 1644 1117 honorasti
1693 1081 1798 1129 mc,
1855 1063 2052 1134 inquit,

455 1149 687 1203 uictimis
723 1166 818 1204 nec
845 1153 998 1206 donis
1028 1155 1238 1208 seruiin
1267 1156 1397 1209 milii
1433 1196 1446 1209 .
1483 1155 1547 1210 Et
1578 1169 1680 1225 per
1708 1155 2001 1212 Jeremiam
2036 1172 2050 1208 :

457 1239 587 1306 Cur,
648 1243 849 1312 inquit,
895 1247 1014 1300 thus
1069 1263 1097 1300 ο
1159 1245 1305 1301 Saba
1353 1248 1505 1316 fertis
1535 1248 1630 1302 ?et
1659 1250 2054 1303 cinnamomum

455 1350 522 1387 ex
559 1343 703 1389 terra
740 1338 1028 1408 longinqua
1055 1339 1120 1408 ‘j?
1161 1337 1228 1393 Et
1267 1356 1488 1394 rursum
1521 1358 1534 1394 :
1594 1339 1923 1395 llolocausta
1969 1358 2054 1395 ve-

454 1438 588 1493 stra,
628 1428 827 1499 inquit.
893 1447 1001 1484 non
1039 1432 1352 1501 placuerunt
1404 1434 1530 1486 mihi
1589 1474 1602 1488 .
1651 1435 1718 1490 Et
1785 1449 2051 1490 rursum:

456 1519 783 1576 llolocausta
820 1535 991 1578 vestra
1053 1541 1169 1578 cum
1227 1527 1452 1580 victimis
1491 1528 1678 1580 uestris
1712 1526 1823 1581 odit
1871 1527 2055 1580 anima

457 1630 598 1668 mea.
649 1613 731 1669 Ad
784 1614 948 1670 haec:
998 1613 1119 1670 Non
1169 1616 1374 1670 locutus
1427 1633 1572 1684 sum,
1632 1616 1834 1686 inquit,
1887 1617 2056 1686 patri-

456 1711 552 1763 bus
581 1709 765 1762 restris
791 1709 857 1762 de
887 1709 1134 1775 victimis,
1169 1714 1355 1780 'neque
1411 1712 1476 1764 de
1529 1711 1856 1765 holocaustis
1901 1727 2054 1766 man-

455 1802 580 1854 davi
619 1802 748 1855 illis.
781 1801 919 1856 Nam
952 1801 996 1856 si
1030 1803 1148 1857 haec
1203 1803 1617 1874 exquisivisset,
1665 1814 1908 1869 veteres,
1955 1808 2049 1875 qui

459 1899 591 1945 ante
633 1892 758 1947 illos
814 1891 1040 1948 luerunt
1081 1894 1348 1960 illustres,
1399 1895 1609 1964 primos
1656 1895 1722 1951 ad
1779 1895 1871 1951 illa
1903 1911 2054 1952 com-

456 1983 712 2053 pulisset.
757 1982 917 2040 Nunc
958 1993 1143 2042 autem
1185 2003 1310 2058 qua:
1357 1989 1422 2044 ad
1481 2000 1701 2059 tempus
1753 1993 2052 2058 concessit,

452 2091 652 2132 rursus
700 2076 950 2148 abrogat.
997 2077 1106 2134 Per
1163 2079 1420 2137 Davidem
1463 2081 1634 2146 enim,
1694 2080 1820 2136 Non
1887 2088 2055 2140 susci-

452 2171 628 2239 piam,
690 2170 893 2242 inquit,
945 2173 1010 2226 de
1059 2173 1218 2228 domo
1291 2183 1385 2229 tua
1464 2176 1680 2241 vitulos,
1763 2194 1925 2248 neque
1996 2182 2057 2234 de

458 2262 706 2333 gregibus
740 2265 845 2317 tuis
869 2264 1070 2328 hircos;
1086 2275 1164 2326 et,
1201 2263 1479 2338 Numquid
1517 2270 1848 2324 manducabo
1875 2287 2057 2326 carnes

456 2365 758 2421 taurorum,
834 2367 929 2410 aut
971 2359 1286 2429 sanguinem
1330 2361 1600 2416 hircorum
1660 2364 1854 2430 putabo
1886 2365 1957 2418 ⁸2
2002 2377 2058 2422 et

453 2449 630 2504 multa
661 2451 958 2519 ejusmodi.
1027 2454 1239 2510 Deinde
1279 2457 1612 2514 sacriﬁcium
1659 2461 1859 2515 rationi
1924 2478 2059 2516 ecn-

456 2556 665 2611 gruens
707 2543 1017 2601 introducit
1045 2563 1058 2598 :
1084 2545 1819 2620 Misericordiamﬁnqu‘ens,
1843 2553 1980 2616 volo,
2013 2566 2059 2608 et

457 2650 567 2688 uou
613 2637 963 2706 sacri/icium.
1010 2639 1068 2691 Et
1116 2638 1303 2695 :Ecce
1358 2652 1580 2711 praestat
1613 2645 1840 2706 obedire,
1901 2663 2062 2716 quam

457 2728 763 2783 inmolare.
803 2728 868 2781 Et
901 2746 917 2784 :
949 2730 1283 2799 Sacriﬁcium
1318 2733 1500 2788 laudis
1549 2735 1918 2805 Izouoriﬁcabit
1960 2755 2058 2794 me.

464 2817 538 2872 Et
569 2835 582 2871 :
635 2818 998 2890 Magniﬁcabo
1037 2837 1229 2878 nomen
1260 2823 1357 2879 Dei
1393 2827 1498 2881 mei
1550 2843 1669 2882 cum
1698 2828 1878 2884 laude‘
1907 2870 1919 2883 .
1957 2832 2059 2889 Et:

463 2913 714 2969 Placebit
739 2913 845 2970 Deo
876 2931 1038 2988 super
1071 2916 1294 2973 vitulum
1356 2937 1551 2975 novum
1574 2922 1594 2954 ⁸
1631 2961 1644 2974 .
1691 2921 1753 2976 Et
1787 2941 1802 2976 :
1839 2923 2064 2995 Sacri/i-

460 3007 604 3061 cium
630 3007 738 3064 Deo
762 3011 982 3080 spiritus
1012 3014 1402 3069 contribulatus
1425 3015 1467 3069 ⁸.
1496 3013 1562 3070 Et
1598 3031 1614 3072 :
1648 3013 1982 3086 Sacriﬁcium
2015 3030 2065 3073 et

2159 502 2324 555 δαίων
2351 506 2426 565 ὡς
2449 505 2663 572 νηπίων
2688 505 2767 559 ἔτι
2790 506 3246 573 συγκαταϐαίνων
3269 507 3510 576 ἐδήλωσε
3534 509 3630 578 μὲν
3656 510 3754 562 καὶ

2159 595 2247 649 διὰ
2283 597 2510 649 Ἡσαΐου
2535 597 2735 665 λέγων,
2783 601 2906 652 Οὐκ
2936 601 3070 653 ἐστι
3105 617 3209 668 μοι
3232 599 3465 669 θέλημα
3486 602 3558 653 έν
3581 600 3750 669 ὑμῖν.

2159 688 2407 757 Πλήρης
2425 691 2564 758 είμὶ,
2599 692 3074 760 ὁλοκαυτώματα
3092 693 3298 760 κριῶν,
3320 693 3416 746 καὶ
3441 691 3627 760 στέαρ
3649 694 3756 761 ἀρ-

2156 782 2301 847 νῶν,
2316 783 2415 837 καὶ
2435 779 2579 854 αἷμα
2599 785 2834 854 ταύρων
2855 785 2955 838 καὶ
2973 785 3207 854 τράγων
3227 787 3300 838 οὐ
3313 785 3641 853 βούλομαι.
3654 789 3754 851 Τίς

2157 877 2271 943 γὰρ
2306 875 2499 931 ταῦτα
2519 875 2886 945 ἐξεζήτησεν
2908 881 2977 931 ἐκ
3009 878 3126 931 τῶν
3159 877 3374 948 χειρῶν
3413 876 3616 946 dudm;
3643 881 3749 932 Kal

2157 969 2268 1023 ἐὰν
2291 970 2676 1040 προσφέρητέ
2686 988 2789 1040 μοι
2806 971 3159 1042 σεμίδαλιν,
3179 971 3444 1042 μάταιον
3459 973 3751 1042 θυμίαμα,

2152 1060 2481 1130 ,βδέλυγμά
2499 1062 2604 1131 μοί
2637 1063 2791 1118 ἐστι.
2841 1065 2950 1116 Kal
3001 1061 3184 1124 αὖθις,
3212 1064 3336 1116 Οὐκ
3360 1060 3662 1126 ἐδόξασα(
3675 1078 3757 1130 με

2156 1155 2226 1208 ὲν
2244 1155 2507 1219 θυσίαις,
2525 1153 2670 1207 οὐδὲ
2684 1154 3062 1222 ἐδούλευσάς
3075 1172 3175 1223 μοι
3197 1155 3266 1208 ἐν
3280 1152 3518 1222 δώροις.
3537 1155 3646 1208 Καὶ
3663 1154 3754 1208 διὰ

2168 1244 2458 1316 Ἰερεμίου·
2494 1245 2622 1299 Ἵνα
2647 1244 2704 1298 τί
2718 1261 2822 1314 μοι
2842 1246 3104 1299 λίϐανον
3125 1244 3192 1297 ἐκ
3215 1243 3375 1300 Σαϐᾶ
3394 1245 3621 1313 φέρετε,
3652 1245 3756 1299 καὶ

2158 1336 2506 1406 κινάμωμον
2530 1337 2600 1390 ἐκ
2636 1335 2750 1406 γῆς
2782 1339 3131 1406 μακρόθεν;
3163 1336 3240 1389 Τὰ
3276 1338 3756 1407 ὁλοκαυτώματα

2155 1429 2327 1499 ὑμῶν
2345 1431 2461 1499 οὐχ
2479 1429 2721 1497 ἢδυναν
2735 1447 2831 1499 με.
2856 1431 2966 1483 Kal
2976 1429 3163 1492 πάλιν,
3188 1429 3264 1484 Τὰ
3281 1429 3758 1498 ὁλοκαυτώματα

2157 1523 2327 1594 ὑμῶν
2345 1525 2500 1592 μετὰ
2523 1521 2645 1577 τῶν
2673 1522 2907 1578 θυσιῶν
2929 1522 3101 1592 ὑμῶν
3131 1524 3480 1592 μεμίσηκεν
3516 1524 3551 1588 ἠ
3579 1526 3755 1592 ψυχή

2153 1635 2294 1688 μου.
2311 1618 2425 1671 Kal
2447 1617 2587 1686 πρὸς
2604 1616 2840 1680 τούτοις,
2857 1618 2982 1670 Οὐκ
2999 1615 3286 1682 ἐλάλησα
3306 1617 3459 1684 πρὸς
3483 1616 3626 1683 τοὺς
3645 1631 3760 1670 πα-

2159 1711 2337 1781 τέρας
2367 1710 2537 1780 ὑμῶν
2551 1710 2686 1780 περὶ
2706 1709 2958 1776 θυσιῶν,
2998 1709 3144 1763 οὐδὲ
3167 1709 3304 1780 περὶ
3327 1710 3758 1780 ὁλοκαυτωμά-

2162 1821 2281 1857 των
2301 1803 2703 1872 ὲνετειλάμην
2717 1802 2949 1869 αὐτοῖς.
2974 1803 3037 1856 El
3061 1803 3172 1873 γὰρ
3205 1801 3382 1856 ταῦτα
3405 1801 3608 1872 ἐζήτει,
3628 1804 3762 1868 τοὺς

2156 1897 2426 1962 παλαιοὺς
2452 1898 2519 1952 ἂν
2539 1898 2668 1962 τοὺς
2700 1898 2808 1968 πρὸ
2842 1897 3027 1950 αὐτῶν
3073 1897 3402 1966 λάμψαντας
3426 1936 3441 1960 ,
3498 1898 3757 1964 πρώτους

2155 1992 2370 2062 ἤγαγεν
2413 1991 2509 2044 ἐπὶ
2542 1989 2738 2044 ταῦτα.
2786 1989 2903 2044 Νῦν
2933 1989 2992 2043 δὲ
3039 1990 3184 2044 κατὰ
3223 1988 3416 2059 καιρὸν
3447 1991 3587 2043 αὑτὰ
3622 2006 3757 2056 συγ-

2157 2084 2418 2154 χωρήσας
2451 2081 2609 2144 abiit;
2645 2081 2972 2136 ἀπελαύνει.
3007 2082 3150 2152 Φησὶ
3175 2081 3285 2153 γὰρ
3312 2083 3410 2134 καὶ
3443 2082 3532 2134 διὰ
3567 2080 3755 2141 deﬁxa,

2162 2181 2244 2231 Οὐ
2258 2177 2508 2245 δέξομαι
2523 2177 2591 2230 ἐκ
2608 2175 2719 2230 τοῦ
2738 2177 2911 2230 οἴκου
2933 2190 3052 2229 σου
3068 2176 3364 2244 μόσχους,
3387 2175 3531 2230 οὐδὲ
3547 2175 3615 2228 ἐκ
3633 2174 3760 2227 τῶν

2159 2270 2454 2340 ποιμνίων
2476 2284 2593 2324 σου
2622 2269 2977 2338 χιμάρῤους.
3014 2268 3159 2332 Kal,
3193 2269 3288 2336 Μὴ
3315 2268 3587 2337 parentat
3611 2266 3760 2334 κρέα

2158 2363 2419 2430 ταύρων,
2445 2362 2483 2429 ἢ
2507 2361 2652 2430 αἷμα
2670 2361 2907 2429 τράγων
2924 2361 3178 2429 aliqum;
3203 2359 3488 2412 καὶπολλὰ
3510 2358 3756 2416 τοιαῦτα.

2161 2446 2296 2506 Εῐτα
2315 2452 2417 2522 τὴν
2441 2450 2671 2522 λογικὴν
2691 2449 3008 2519 ἀντεισάγει
3026 2449 3310 2521 λατρείαν,
3326 2449 3760 2517 λέγων,Ἓλεον

2161 2545 2336 2610 θέλω,
2351 2546 2452 2599 καὶ
2469 2547 2543 2598 οὐ
2557 2543 2808 2599 θυσίαν.
2827 2543 2963 2607 Kal,
2984 2543 3180 2598 Θυσία
3194 2542 3489 2608 αἰνέσεως
3503 2539 3760 2606 δοξάσει

2161 2654 2256 2709 με.
2279 2637 2409 2702 Kal,
2425 2636 2660 2691 Αίνέσω
2685 2635 2753 2690 τὸ
2775 2635 2966 2704 ὄνομα
2987 2635 3096 2690 τοῦ
3117 2634 3268 2690 θεοῦ
3283 2651 3402 2704 μου
3421 2631 3554 2703 μετ’
3570 2631 3758 2699 ᾠδῆς,

2158 2726 2486 2800 μεγαλυνῶ
2501 2727 2693 2782 αὐτὸν
2725 2728 2796 2781 ἐν
2827 2729 3079 2782 αἰνέσει.
3119 2728 3253 2793 Κατ,
3290 2723 3609 2794 Ὰρέσειτῷ
3632 2723 3762 2788 Θεῷ

2165 2823 2320 2891 ὑπὲρ
2339 2823 2584 2893 μόσχον
2612 2821 2777 2876 νέον.
2820 2822 2952 2883 Kal,
2983 2823 3220 2877 Θυσίαν
3264 2822 3363 2874 καὶ
3403 2817 3765 2888 προσφορὰν

2166 2925 2280 2979 οὐκ
2295 2920 2635 2990 ἠθέλησας,
2660 2916 2835 2989 σῶμα
2859 2917 2928 2972 δέ
2955 2919 3298 2986 κατηρτίσω
3316 2931 3440 2985 μοι,
3471 2913 3670 2984 δηλαδὴ
3699 2914 3764 2966 τὸ

2170 3015 2530 3079 Δεσποτικδν,
2569 3014 2632 3067 τὸ
2687 3013 2839 3082 παρὰ
2873 3012 2984 3066 τῶν
3019 3013 3215 3084 ἱερέων
3261 3011 3525 3068 ἑκάστοτε
3557 3010 3764 3078 θυόμε-

458 3099 780 3157 oblationem
827 3104 1073 3172 uoluisti,
1101 3123 1288 3178 corpus
1311 3117 1490 3162 autem
1529 3111 1836 3178 compegisti
1871 3112 1997 3165 mihi
2023 3113 2057 3176 ',

2176 3128 2288 3175 νον,
2321 3110 2417 3163 xui.
2441 3109 2559 3171 τοῖς
2591 3107 2765 3174 ἀξίοις
2788 3106 3184 3177 διανεμόμενον
3214 3108 3294 3170 εἰς
3323 3103 3648 3188 μετάληψω.

457 3213 663 3268 corpus
702 3199 924 3258 Domini
972 3204 1182 3275 utique,
1223 3204 1368 3275 quod
1421 3219 1449 3258 a
1499 3205 1889 3262 sacerdotibus
1944 3209 2194 3278 quotidie
2251 3207 2498 3269 ollertur,
2537 3213 2592 3258 et
2654 3202 2833 3274 dignis
2875 3201 3247 3264 distribuitur,
3311 3210 3370 3255 ut
3423 3199 3545 3269 ejus
3589 3195 3769 3267 parti-

458 3293 616 3363 cipes
645 3292 800 3349 ﬁant.

1143 3387 1420 3460 Ejusdem.

533 3476 949 3550 lnterrogentur
1010 3481 1250 3548 Hebrcei,
1310 3484 1590 3554 quomodo
1678 3485 1851 3540 festos
1938 3485 2057 3540 dies

462 3571 769 3630 celebrent.
810 3575 1002 3632 Nonne
1042 3578 1398 3648 perspicuum
1429 3587 1530 3644 est,
1572 3593 1686 3644 eos,
1730 3593 1854 3633 cum
1914 3579 2060 3633 cele-

462 3665 845 3736 britatis_loco
895 3679 1144 3736 careant,
1193 3669 1237 3724 si
1285 3669 1614 3737 sacriﬁcent,
1659 3687 1688 3724 a
1729 3670 1865 3742 legis
1914 3687 2056 3740 prat-

469 3761 678 3831 scripto
730 3762 1061 3819 discedere?
1095 3763 1232 3818 Nam
1276 3765 1321 3819 si
1380 3764 1678 3834 prophetae,
1726 3764 1817 3834 qui
1859 3764 2059 3834 captivi

472 3853 601 3908 olim
648 3852 872 3911 abducti
924 3854 1164 3923 luerant,
1225 3855 1428 3911 amissa
1493 3855 1802 3912 Jerusalem
1857 3857 2069 3910 sacrifi—

465 3961 597 4002 care
629 3961 738 4001 non
781 3949 1060 4004 audebant
1101 3967 1114 4004 :
1160 3949 1279 4004 Non
1344 3959 1428 4005 est
1479 3951 1649 4018 enim,
1680 3951 1958 4016 dicebant,
2006 3950 2059 4004 in

467 4041 579 4096 hoc
633 4050 884 4112 tempore
932 4043 1339 4106 holocaustum,
1393 4057 1496 4097 nec
1548 4031 1906 4104 sacriﬁcium,
1958 4057 2063 4098 nec

470 4133 692 4198 oblatio,
738 4151 845 4189 non
877 4135 1050 4199 locus,
1095 4145 1154 4190 ut
1181 4136 1420 4190 fructum
1471 4135 1728 4204 feramus}
1771 4150 1957 4189 coram
1983 4143 2061 4199 te,

473 4236 530 4281 et
593 4227 946 4282 inveniamus
1015 4229 1474 4284 misericordiam.
1527 4228 1670 4295 Quin
1725 4229 1890 4284 etiam
1933 4244 2054 4283 cum

469 4335 671 4375 canere
738 4331 1066 4391 cogerentur
1125 4322 1192 4376 ab
1225 4323 1313 4386 iis,
1377 4338 1406 4376 a
1456 4322 1656 4392 quibus
1697 4326 1753 4376 in
1798 4321 2061 4377 servitute

470 4413 883 4477 detinebantur,
921 4414 1157 4484 aliquem
1194 4430 1224 4469 e
1260 4415 1489 4471 canticis
1512 4415 1670 4482 Sion,
1711 4415 2059 4483 recusabant,

2773 3382 2884 3436 Τοῦ
2911 3382 3122 3436 αὺτοῦ.

2237 3479 2676 3550 Ἑρωτάσθωσαν
2711 3477 2955 3530 Ἰουδαῖοι
2989 3475 3104 3539 πῶς
3143 3475 3466 3546 ἑορτάζουσι
3499 3477 3572 3547 μὴ
3605 3477 3760 3547 ἕχον-

2164 3591 2257 3637 τες
2290 3573 2456 3646 τόπον
2507 3571 2740 3642 ἑορτῆςς
2785 3566 2909 3639 Ἆρ’
2954 3569 3017 3621 οὐ
3071 3569 3363 3639 προδήλως
3401 3570 3761 3638 παρανομοῦ-

2167 3681 2289 3731 etv;
2328 3664 2390 3715 Ei
2423 3665 2532 3731 γὰρ
2565 3662 2614 3714 οἱ
2651 3657 3192 3730 αἰχμαλωτισθέντες
3249 3660 3421 3714 πάλαι
3474 3663 3766 3729 προφῆται

2163 3757 2288 3812 οὔτε
2315 3757 2465 3811 Θύειν
2491 3754 2760 3825 ἐτόλμων,
2781 3755 3205 3818 ἐκπεπτωκότες
3230 3754 3333 3824 τῆς
3367 3753 3758 3825 Ἰερουσαλήμ*

2167 3827 2295 3902 Οὐκ.
2327 3850 2447 3901 ἐστι
2499 3846 2630 3916 γὰρ,
2691 3849 2880 3917 φησὶν,
2936 3848 2994 3899 ὲν
3043 3845 3122 3916 τῷ
3177 3846 3356 3914 καιρῷ
3403 3847 3581 3915 τούτῳ
3633 3846 3764 3898 οὐδὲ

2167 3939 2564 4008 ὁλοκαύτωμα,
2624 3937 2746 3990 οὐδὲ
2803 3937 2965 3990 θυσία
2993 3977 3006 3998 ,
3069 3937 3193 3990 οὐδὲ
3223 3935 3543 4007 ’προσφορὰ
3570 3976 3584 3999 ,
3637 3936 3768 3990 οὐδὲ

2169 4034 2462 4104 θυμίαμα,
2519 4033 2581 4085 οὐ
2627 4032 2795 4095 τόπος
2842 4029 2937 4084 τοῦ
3002 4030 3295 4099 καρπῶσαι
3350 4031 3583 4084 ἐνώπιόν
3641 4047 3764 4093 σου,

2170 4129 2265 4182 καὶ
2323 4127 2510 4196 εὑρείν
2570 4124 2739 4188 ἔλεος.
2792 4123 2953 4178 Ἀλλὰ
3002 4124 3094 4178 καὶ
3153 4123 3301 4196 ᾅδειν
3341 4125 3407 4178 ἐκ
3451 4124 3560 4176 τῶν
3606 4123 3766 4194 ᾠδῶν

2170 4218 2308 4273 Σιὼν
2354 4216 2796 4285 ἀναγκαζόμενοι
2847 4217 3000 4288 παρὰ
3048 4217 3160 4269 τῶν
3223 4217 3761 4288 αἰχμαλωτισάντων

2169 4315 2270 4366 οὐκ
2297 4311 2603 4382 ἠνείχοντο,
2637 4309 2913 4379 λέγοντες,
3015 4310 3148 4377 Πῶς
3173 4311 3418 4380 ᾷσωμεν
3446 4311 3563 4379 τὴν
3595 4309 3769 4377 ᾠδὴν

2173 4407 2394 4476 Κυρίου
2437 4405 2535 4458 ἐπὶ
2568 4405 2681 4475 γῆς
2714 4405 3083 4474 ἁλλοτρίτις;
3115 4405 3222 4457 Nai.
3264 4404 3371 4475 μὴν
3402 4405 3495 4457 καὶ
3535 4403 3624 4456 διὰ
3653 4404 3768 4456 Ζα-

469 4505 719 4561 dicentes
765 4505 1090 4572 :Quomodo
1146 4507 1481 4561 cantabimus
1523 4509 1791 4562 canticum
1849 4507 2057 4562 Domini

2174 4502 2367 4570 χαρίου
2412 4503 2440 4553 ὁ
2479 4502 2615 4564 Θεὸς
2661 4499 2871 4569 ἑτέροις
2920 4497 3096 4564 ἔλεγε,
3129 4496 3226 4565 Μὴ
3269 4496 3564 4563 νηστείαν
3589 4511 3772 4562 νενη-

468 4596 524 4647 in
555 4603 693 4648 terra
718 4595 894 4650 aliena
911 4597 930 4626 ⁷
948 4597 1163 4666 Ἱ,Αῐ‹ιυο
1184 4612 1277 4666 per
1308 4597 1632 4652 Zachariam
1658 4597 1917 4652 Dominus
1941 4597 2061 4650 aliis

469 4688 604 4744 dicit
636 4704 650 4742 :
680 4689 1022 4758 Jejuniumne
1053 4691 1340 4761 jejunastis
1402 4691 1741 4761 septuaginta
1805 4689 1963 4742 armis
1992 4689 2062 4745 ‘?

471 4782 672 4850 quibus
729 4783 995 4838 nimirum
1043 4784 1244 4852 captivi
1306 4785 1697 4852 premebantur
1765 4783 2057 4838 servitute.

469 4872 758 4939 Quomodo
793 4874 956 4946 igitur
1004 4889 1128 4930 cum
1185 4876 1515 4931 sacriﬁcium
1593 4891 1703 4929 nun
1747 4876 1838 4940 sit,
1875 4890 2057 4944 neque

468 4967 772 5028 canticum,
818 4983 998 5036 neque
1023 4967 1319 5038 jejunium,
1367 4979 1421 5024 et
1453 4969 1600 5022 nulla
1659 4968 1864 5023 idcirco
1906 4969 2057 5023 cele-

467 5059 663 5124 hritas,
731 5060 1003 5128 siquidem
1056 5062 1237 5116 omnis
1285 5061 1526 5132 legitima
1569 5061 1860 5116 celebritas
1897 5062 2066 5117 sarri-

468 5151 596 5208 ﬁcio
624 5153 1009 5224 peragebatur,
1057 5155 1262 5210 audent
1308 5155 1417 5220 isti,
1456 5153 1725 5224 jejunium
1782 5163 1878 5209 aut
1919 5153 2065 5208 diem

467 5243 672 5298 festum
741 5257 924 5313 agerc,
986 5254 1082 5298 aut
1139 5245 1313 5299 ullum
1382 5244 1609 5299 omnino
1666 5245 1874 5300 cultum
1939 5245 2058 5313 lege

451 5333 862 5406 {pratscriptum
950 5335 1235 5404 exsequi?
1304 5332 1466 5401 Quod
1523 5344 1707 5390 autem
1777 5335 2063 5406 propheta:

451 5403 652 5508 ineque
684 5423 1037 5480 immolareut
1080 5403 1310 5488 Pascha,
1352 5441 1532 5496 neque
1574 5425 1732 5484 diem
1765 5426 1931 5480 alium
1986 5424 2064 5476 le-

453 5522 618 5570 Istum
657 5515 830 5572 ullum
861 5527 1210 5590 peragerent,
1245 5532 1310 5571 ex
1347 5515 1588 5573 Dauielis
1639 5518 1854 5590 jejunio
1900 5516 2062 5571 intel-

551 5697 566 5727 '
602 5697 706 5750 lsa.
749 5717 786 5759 ι,
834 5699 1058 5766 passim.

1175 5698 1342 5753 ’Jcr.
1398 5716 1470 5764 vr,
1526 5699 1612 5753 20.

476 5768 500 5800 ⁸
517 5767 659 5822 Psal.
692 5783 877 5834 χχχιχ,
931 5771 982 5823 7.

1723 5702 1743 5732 ³
1799 5701 1946 5754 Psal.
2013 5717 2159 5766 xux,
2212 5700 2263 5764 9,
2333 5697 2416 5752 l5.

1062 5771 1080 5802 ⁷
1116 5771 1258 5826 Psal.
1297 5786 1514 5836 cnim,
1554 5771 1608 5824 4.
1687 5772 1706 5803 ⁸
1739 5771 1910 5828 Zach.
1946 5787 2042 5836 vn,
2076 5773 2126 5826 5.

2175 4594 2470 4648 στεύκατέ
2494 4611 2595 4663 μοι
2621 4593 2726 4660 ἔτη
2769 4589 3214 4659 ἐϐδομήκοντα;
3262 4589 3506 4658 δηλονότι
3553 4587 3620 4639 τὰ
3665 4586 3800 4654 1:17;;-

2175 4687 2576 4757 αἰχμαλωσίας.
2601 4687 2778 4739 Ὅπου
2811 4683 2867 4737 δὲ
2902 4683 3065 4737 θυσία
3091 4685 3192 4736 οὐκ
3221 4678 3312 4754 ἦν,
3341 4682 3463 4736 οὐδὲ
3486 4681 3616 4752 ᾠδὴ,
3638 4681 3766 4733 οὐδὲ

2174 4780 2398 4849 νηστεία
2442 4781 2684 4842 πάντως,
2730 4778 2850 4830 οὐδὲ
2885 4777 3048 4845 ἑορτή
3073 4793 3088 4809 ο
3130 4778 3284 4829 πᾶσα
3326 4774 3436 4846 γὰρ
3481 4774 3643 4844 ἑορτὴ
3675 4791 3770 4826 vo-

2177 4871 2313 4941 μικὴ
2364 4871 2454 4925 διὰ
2499 4870 2690 4933 Θυσίας
2741 4871 3090 4923 ὲπετελεῖτοο
3129 4869 3246 4932 πῶς
3295 4868 3570 4938 τολμῶσιν
3619 4860 3774 4918 οὗτοι

2171 4965 2477 5033 νηστεύειν,
2515 4963 2549 5033 ἢ
2600 4962 2904 5033 ἑορτάζειν,
2949 4960 2982 5032 ἢ
3039 4961 3448 5032 ὅλως-νομικὴν
3504 4977 3622 5012 τινα
3673 4958 3774 5010 πα-

2169 5055 2360 5125 τρείιν
2412 5056 2717 5114 ἐπιτελείνε
2764 5056 2890 5108 Ὀτι
2954 5054 3012 5108 δὲ
3067 5055 3119 5107 oi.
3184 5053 3468 5124 προφῆται
3529 5051 3652 5105 οὐδὲ
3707 5054 3775 5102 τὸ

2176 5148 2368 5218 Πάσχα
2411 5147 2590 5212 ἔθυον,
2650 5149 2760 5201 036‘
2802 5147 2972 5216 ἄλλην
3030 5145 3224 5218 ἑορτὴν
3263 5147 3322 5199 ἐν
3377 5142 3638 5214 ἀλλοτρίᾳ
3668 5146 3773 5212 γῇ,

2171 5242 2332 5311 δῆλον
2360 5243 2452 5294 καὶ
2474 5243 2583 5295 ἀπὸ
2613 5241 2716 5309 τῆς
2745 5242 3006 5310 νηστείας
3038 5239 3132 5292 τοῦ
3170 5239 3391 5309 Δανιήλ.
3430 5235 3775 5306 Ἀρξάμενος

2173 5333 2284 5402 γὰρ
2322 5333 2432 5387 ἀπὸ
2491 5333 2592 5403 τῆς
2631 5334 2824 5403 τρίτης
2887 5333 3103 5402 ἡμέρας
3162 5330 3258 5386 τοῦ
3320 5330 3541 5402 πρώτου
3574 5329 3771 5399 μηνὸς,

2174 5427 2469 5497 ὲνήστευσε
2529 5429 2682 5496 τρεῖς
2730 5425 3032 5492 ἑϐδομάδας
3076 5425 3206 5494 ἄχρι
3255 5423 3357 5494 τῆς
3386 5425 3639 5493 εἰκοστῆς
3674 5439 3775 5474 τεο

2172 5519 2378 5588 τάρτης
2420 5515 2589 5572 αὐτοῦ
2623 5532 2634 5547 ·
2695 5518 2753 5568 ὲν
2789 5517 2968 5586 τούτῳ
3017 5517 3085 5568 δὲ·
3115 5515 3194 5586 τῷ
3231 5515 3366 5586 μηνὶ
3409 5514 3506 5569 ναὶ
3533 5515 3568 5585 ἠ
3598 5513 3769 5585 ἑορτὴ

2528 5699 2547 5731 ⁸
2591 5697 2734 5753 Psal.
2774 5713 2963 5766 tum,
3003 5697 3093 5764 3|,
3122 5696 3213 5751 52.
3422 5696 3639 5762 i-‘sal.t.,
3673 5695 3768 5750 l9.
