4126 6422
501 301 608 370 283

1727 297 2116 362 EUTHYMII
2156 299 2527 361 ZIGABENI

3654 287 3761 355 284

499 435 606 479 vos,
644 424 694 471 et
709 423 944 472 statuam
975 431 1127 485 super
1148 430 1235 468 vos
1264 414 1418 468 verba
1441 429 1556 467 mea
1586 412 1741 478 bona,
1769 423 1824 467 ut
1849 423 2084 467 reverta-

2194 415 2334 467 σίαν
2361 413 2552 482 ὑμῶν,
2597 410 2693 466 καί
2753 407 3014 478 ἀθροίσω
3059 405 3216 475 ὑμᾶς
3262 405 3331 459 ἐκ
3377 403 3620 459 πάντων
3643 406 3769 459 τῶν

487 509 631 561 mini
678 506 735 561 in
805 508 976 560 locum
1047 507 1208 569 hunc,
1259 516 1308 559 et
1352 514 1650 559 convertam
1712 505 2076 565 captivitatem

498 606 750 661 vestram,
781 606 828 649 et
855 596 1178 665 congregabo
1199 611 1287 648 vos
1335 611 1400 649 ea:
1429 596 1672 648 omnibus
1721 593 1982 663 gentibus,
2019 595 2078 646 in

500 704 632 757 quas
655 688 873 754 dispersi
921 703 1027 752 vos,
1058 687 1224 754 inquit
1260 688 1536 752 Dominus,
1566 695 1615 741 et
1641 696 1942 741 convertam
1990 701 2080 739 vos

503 780 555 832 tu
593 780 761 832 locum
789 785 925 832 unde
969 780 1266 850 demigrare
1307 797 1396 834 vos
1436 782 1534 850 feci
1598 781 1638 834 ⁸.
1677 778 1841 835 Vides
1896 779 2080 833 omnia

500 885 631 924 vere
661 879 982 924 enumerata
1020 871 1259 940 ?ltaque
1294 871 1486 926 Daniel
1538 887 1649 926 non
1667 881 1794 926 ante
1835 886 1933 940 pro
1973 870 2082 924 illis

501 957 848 1027 supplicavit,
873 973 1034 1027 quam
1063 960 1406 1030 septuaginta
1468 960 1622 1025 anni,
1689 969 1748 1013 ut
1810 959 1886 1013 ait
1936 959 2078 1028 ipsc,

499 1048 754 1114 completi
779 1057 928 1113 sunt,
954 1065 1024 1104 ne
1056 1050 1172 1118 ipse
1197 1065 1414 1120 quoque
1436 1051 1672 1115 audiret,
1697 1052 1843 1119 quod
1889 1049 2082 1103 audie-

500 1144 584 1187 rat
604 1134 870 1192 Jeremias
895 1153 910 1190 :
960 1135 1044 1190 Ne
1073 1139 1303 1192 oraveris
1325 1154 1418 1206 pro
1445 1140 1634 1206 populo
1659 1141 1943 1210 hocneque
1992 1155 2089 1208 po-

498 1230 778 1284 stulaveris
827 1247 924 1299 pro
963 1233 1091 1297 illis,
1135 1234 1384 1302 quoniam
1435 1250 1542 1288 non
1593 1235 1812 1288 audiam
1846 1244 1894 1287 te
1921 1233 1966 1287 ’.
2007 1231 2088 1284 Ac

503 1319 694 1398 justus,
734 1319 954 1388 quidem
1006 1337 1170 1375 orans
1193 1324 1590 1379 condemnabat
1621 1339 1705 1386 se,
1739 1322 2085 1378 Peccavimus

513 1407 790 1477 inquiens,
834 1410 1032 1480 injuste
1089 1414 1312 1483 egimus,
1362 1415 1696 1485 iniquitatem
1741 1417 1979 1486 fecimus.
2017 1418 2087 1468 At

506 1501 585 1556 illi
611 1503 704 1572 qui
739 1503 1008 1558 malorum
1036 1516 1196 1560 erant
1246 1508 1414 1576 pleni,
1455 1518 1648 1563 contra
1705 1523 1764 1562 se
1791 1509 2082 1578 gerebant.

502 1578 877 1660 servavimus,
913 1597 1152 1664 aiebant,
1186 1599 1444 1654 mandata
1498 1610 1610 1654 tua.
1655 1597 1722 1655 Et
1747 1615 1892 1654 nunc
1956 1602 2085 1654 bea-

507 1696 592 1742 tos
624 1686 858 1742 dicimus
876 1687 1104 1754 alienos,
1137 1699 1192 1746 et
1213 1707 1358 1747 nunc
1397 1692 1750 1759 reaidilicant,
1787 1693 1878 1762 qui
1934 1692 2084 1748 fece-

2183 505 2392 570 ἐθνῶν,
2424 499 2496 560 οὗ
2537 501 2849 571 διέσπειρα
2891 499 3115 563 αὐτοὺς
3144 497 3288 562 ἐκεῖ,
3333 496 3488 566 φησι
3527 497 3766 564 Κύριος,

2183 601 2282 653 καὶ
2313 595 2658 665 ἐπιστρέψω
2676 594 2833 664 ὑμᾶς
2856 595 2944 658 είς
2973 594 3080 646 τὸν
3107 592 3294 643 τόπον
3323 589 3466 642 ὅθεν
3483 586 3770 652 ἀπῴκισα

2183 692 2340 761 ὑμᾶς
2377 689 2628 746 ἐκεῖθεν.
2675 684 2826 750 Εἶδες
2857 688 3037 741 πάντα
3090 682 3231 752 μετὰ
3262 680 3522 750 ἀληθείας
3562 679 3771 749 προδη-

2183 784 2462 848 λωθέντα;
2496 781 2595 834 Διὰ
2622 779 2784 832 τοῦτο
2815 777 2908 830 καὶ
2947 777 2975 828 ὁ
3009 774 3207 845 Δανιὴλ
3238 773 3300 825 οὐ
3333 774 3598 843 πρότερον
3633 771 3768 839 περὶ

2185 874 2362 928 αὐτῶν
2403 875 2701 936 ἱκέτευσεν,
2732 870 2837 934 ἓως
2875 863 2937 923 οὗ
2983 869 3054 923 τὰ
3099 866 3476 937 ἑϐδομήκοντα
3502 864 3597 936 ἐτη
3631 880 3766 916 συν-

2186 968 2575 1038 ετελέσθησαν,
2607 966 2682 1028 ὡς
2730 965 2892 1028 αὐτὸς
2958 980 3145 1034 φησιν,
3184 961 3271 1013 ἵνα
3321 959 3396 1027 μὴ
3428 957 3635 1026 ἀκούσῃ
3670 954 3776 1010 καὶ

2187 1061 2370 1122 αὐτὸς,
2431 1060 2566 1129 ὅπερ
2619 1058 2856 1128 ἤκουσεν
2922 1053 3218 1124 Ἱερεμίας,
3272 1052 3370 1118 Μὴ
3420 1049 3775 1118 προσεύχου

2187 1149 2320 1217 περὶ
2352 1150 2458 1203 τοῦ
2479 1148 2633 1204 λαοῦ
2667 1147 2909 1210 τούτου,
2935 1146 3035 1199 καὶ
3068 1145 3150 1214 μὴ
3183 1144 3360 1207 ἀξίου
3385 1140 3518 1208 περὶ
3544 1138 3772 1193 αὐτῶν·

2188 1243 2277 1297 ὅτι
2336 1245 2451 1297 οὐκ
2499 1241 2942 1309 είσακούσομαί
2989 1255 3126 1292 σου.
3162 1238 3271 1289 Καὶ
3317 1237 3344 1287 ὁ
3394 1235 3492 1303 μὲν
3560 1232 3780 1294 δίκαιος

2192 1335 2637 1408 προσευχόμενος
2668 1331 2858 1385 ἑαυτὸν
2887 1326 3441 1393 κατεδίκαζελέγων,
3484 1324 3784 1391 Ἥμαρτο-

2185 1446 2322 1499 μεν,
2379 1424 2796 1495 ἠγομήσαμεν,
2855 1419 3251 1490 ἠδικήσαμεν.
3311 1419 3376 1471 οι
3436 1415 3494 1469 δὲ
3554 1415 3776 1485 μυρίων

2189 1520 2456 1588 γέμοντες
2514 1516 2701 1571 κακῶν
2764 1511 3080 1568 τούναντίον
3141 1510 3360 1563 ἐποίουν
3416 1509 3721 1577 φάσκοντας
3747 1520 3806 1558 ο.

2203 1611 2582 1680 Ἐςρυλάξαμεν
2650 1607 2720 1660 τὰ
2802 1603 3208 1674 προστάγματά
3281 1619 3420 1664 σου,
3499 1599 3594 1652 καὶ
3677 1597 3785 1652 νῦν

2196 1701 2576 1772 μακαρίζομεν
2665 1699 2985 1769 ἀλλοτρίους
3011 1738 3026 1764 ,
3120 1698 3214 1750 καὶ
3293 1690 3782 1761 ἀνοικοδομοῦντσι

506 1787 636 1833 runt
675 1779 883 1850 iniqua.
916 1779 1052 1836 Nam
1083 1792 1141 1836 ut
1167 1782 1292 1837 boui
1357 1785 1534 1838 solent
1587 1796 1710 1854 post
1747 1795 1896 1841 recte
1945 1787 2086 1840 facta

2194 1795 2238 1847 οί
2301 1793 2582 1856 ποιοῦντες
2632 1793 2982 1863 ἀνομήματα.
3051 1791 3265 1858 Ὥσπερ
3311 1786 3422 1857 γὰρ
3470 1788 3584 1847 τοῖς
3631 1785 3781 1852 ἁγα-

511 1873 762 1928 modeste
791 1874 860 1928 de
883 1888 944 1928 se
971 1874 1203 1936 sentire,
1239 1875 1321 1930 sic
1380 1876 1754 1946 improborum
1807 1893 1926 1932 mos
1977 1890 2086 1942 est,

507 1973 567 2020 ut
600 1975 721 2034 post
746 1965 978 2019 admissa
1021 1977 1240 2035 peccata
1295 1982 1357 2022 se
1393 1967 1670 2036 jactitent.
1698 1968 1773 2024 De
1814 1969 1901 2024 illa
1959 1987 2088 2025 vero

505 2070 628 2124 quae
661 2055 762 2108 fuit
791 2055 893 2110 sub
918 2057 1191 2111 Antiocho
1221 2056 1422 2112 Illustri
1443 2058 1680 2114 dilucide
1730 2059 1945 2115 locutus
2003 2072 2088 2116 est

510 2145 718 2207 Daniel,
747 2147 841 2215 qui
870 2148 1102 2201 arietem
1137 2148 1356 2218 quidem
1388 2151 1629 2221 appellat
1691 2151 1912 2207 Darium
1954 2153 2090 2210 Per-

506 2252 936 2310 sarumregem,
970 2239 1186 2294 hircum
1241 2249 1424 2296 autem
1486 2258 1665 2312 regem
1723 2243 2085 2301 Macedonum

505 2328 906 2396 Alexandrum;
944 2343 1175 2402 quatuor
1205 2349 1331 2389 vero
1370 2335 1515 2391 illius
1552 2351 1784 2404 cornua,
1806 2352 1960 2408 reges
1995 2339 2089 2409 qui

506 2420 818 2477 Alexandro
871 2423 1134 2480 defuncto
1187 2425 1477 2497 imperium
1535 2428 1710 2499 ipsius
1763 2430 2088 2497 diviserunt,

506 2513 788 2582 posterius
828 2524 1014 2570 autem
1037 2532 1212 2572 cornu
1247 2519 1420 2585 illum,
1449 2537 1614 2590 quem
1645 2522 1906 2589 diximus,
1969 2531 2081 2579 An—

511 2605 779 2664 tiochum.
809 2607 950 2662 Tum
986 2610 1275 2667 declarans
1307 2613 1800 2671 administrationis
1848 2617 2090 2674 Judaica:

506 2698 870 2764 eversionem,
903 2715 1060 2770 quam
1099 2702 1188 2758 hic
1236 2702 1417 2758 intulit
1447 2721 1464 2760 :
1498 2705 1602 2760 Per
1631 2707 1822 2775 ipsum,
1890 2709 2092 2779 inquit,

509 2788 873 2843 conturbatum
907 2799 984 2846 est
1013 2794 1359 2864 sacriﬁcium,
1395 2804 1444 2850 et
1499 2807 1744 2853 sanctum
1777 2801 2090 2855 vastabitur.

509 2878 790 2936 Etdatum
829 2893 905 2939 est
943 2896 1217 2954 peccatum
1276 2890 1332 2944 in
1383 2892 1706 2960 sacrificium
1741 2893 1786 2947 ³.
1857 2894 2094 2950 Simula-

509 2988 666 3030 crum
697 2974 843 3029 enim
891 2977 946 3030 in
973 2979 1176 3049 templo
1219 2981 1524 3049 constituit,
1555 2985 1642 3040 cui
1686 2985 1944 3041 scelestas
1993 2989 2094 3043 ho-

488 3065 648 3119 stias
678 3065 1001 3122 immolavit.
1038 3067 1106 3122 Et
1132 3069 1280 3124 ltumi
1314 3069 1516 3139 dejecta
1572 3084 1649 3127 est
1669 3076 1904 3144 justitia.
1985 3076 2091 3132 Le-
2120 3103 2161 3157 ρ

510 3155 828 3227 gisjudicia
861 3159 1136 3231 intelligit.
1183 3163 1247 3218 Et
1297 3165 1404 3219 alio
1442 3168 1742 3236 prophetiae:
1805 3185 1919 3224 sua:
1976 3167 2096 3226 loco

510 3248 721 3319 longius
775 3251 892 3306 haec
921 3263 1174 3323 repetens
1201 3256 1472 3325 latiusque
1514 3259 1794 3315 declarans
1855 3277 1978 3316 cum
2031 3265 2099 3322 ad

510 3340 838 3396 Antiochum
865 3347 1222 3413 pervenisset,
1249 3348 1491 3404 addidit:
1525 3349 1750 3407 Brachia
1777 3357 2097 3425 exorientur,

513 3448 562 3485 et
621 3433 983 3502 profanabant
1026 3449 1287 3503 sanctum,
1343 3449 1390 3494 et
1425 3445 1742 3513 transfer-ent
1785 3447 2103 3502 continuati-

511 3539 684 3586 onem,
735 3527 836 3581 hoc
885 3536 968 3583 est
1013 3530 1286 3587 solemnes
1331 3542 1388 3588 et
1429 3536 1775 3602 quotidianus
1825 3539 2098 3596 victimas.

515 3615 582 3668 Et
610 3617 832 3688 inferent
862 3621 913 3671 in
941 3621 1114 3689 ipsum
1157 3623 1622 3694 abominationem,
1677 3645 1872 3699 nempe
1924 3634 2098 3686 simu-

512 3709 738 3773 lacrum,
775 3719 824 3763 et
875 3711 1053 3782 gladia
1099 3724 1256 3785 atque
1299 3716 1406 3786 igni
1443 3718 1859 3775 debilitabuntur
1891 3724 2101 3794 (civita-

514 3800 582 3855 tis
605 3801 912 3856 incendium
946 3803 1217 3877 intelligit)
1251 3816 1300 3860 et
1330 3809 1658 3875 captivitate,
1697 3821 1744 3864 et
1783 3815 2094 3885 direptione.

489 3887 581 3940 οΕι
614 3891 845 3958 interim,
870 3893 996 3946 dum
1024 3894 1463 3963 inﬁrmabuntur,
1498 3900 1700 3955 auxilio
1743 3919 1906 3970 parvo
1942 3908 2098 3976 adju-

511 3980 770 4033 vabuntur
838 3982 1111 4049 (inducias
1173 3986 1496 4056 signiﬁcat),
1579 3991 1779 4046 deinde
1850 3986 2097 4066 causam,

511 4068 881 4124 calamitatum
904 4073 1128 4142 subjicit
1166 4075 1261 4130 :Ut
1284 4076 1403 4145 igne
1425 4079 1477 4130 in
1513 4079 1640 4149 ipsis
1679 4083 1967 4149 probentur
2000 4128 2012 4149 ,
2049 4098 2097 4142 rt

510 4159 778 4229 eligantur
821 4161 1031 4228 albique
1067 4164 1229 4230 ﬁant,
1267 4183 1426 4236 usque
1456 4172 1528 4223 ad
1580 4176 1825 4243 temporis
1866 4177 2024 4244 ﬁnem
2052 4180 2094 4246 ⁵,

513 4250 619 4305 hoc
653 4261 755 4316 eSt,
783 4260 844 4305 ut
869 4255 1167 4322 probentur
1193 4255 1372 4322 electi,
1399 4270 1454 4313 et
1507 4273 1808 4331 purgentur
1863 4267 1939 4321 illi
2000 4272 2095 4336 qui

509 4352 893 4409 peccaverunt.
932 4342 1070 4399 Tum
1107 4345 1175 4400 de
1205 4347 1493 4405 maledicto
1525 4353 1780 4409 Antiochi
1825 4359 1879 4411 in
1913 4358 2088 4415 Deum

2191 1885 2305 1947 θοίς
2363 1884 2487 1946 ἔθος
2541 1883 2679 1954 μετὰ
2741 1882 2811 1936 τὰ
2866 1879 3276 1952 κατορθώματα
3329 1877 3776 1948 μετριοφρονείν,

2189 1975 2336 2030 οὕτω
2412 1976 2509 2030 καὶ
2582 1977 2696 2037 τοῖς
2752 1974 3017 2044 πονηροῖς
3078 1972 3216 2042 μετὰ
3273 1971 3342 2024 τὰ
3393 1969 3782 2038 ἁμαρτήματα.

2191 2067 2536 2137 ἐπαίρεσθαι.
2572 2066 2708 2136 Περὶ
2734 2065 2792 2118 δὲ
2823 2067 2923 2134 τῆς
2959 2063 3240 2132 Ἀντιόχου
3287 2061 3382 2114 τοῦ
3439 2057 3782 2126 Ἐπιφανοῦς

2192 2153 2568 2223 προηγόρευσε
2603 2153 2790 2220 σαφῶς
2823 2155 2852 2205 ὁ
2875 2151 3098 2220 Δανιὴλ.
3138 2149 3307 2220 Κριὸν
3362 2150 3466 2218 μὲν
3500 2147 3610 2217 γὰρ
3639 2147 3783 2200 ἑκά-

2191 2243 2314 2295 λεσε
2347 2243 2438 2295 τὸν
2491 2243 2714 2312 βασιλέα
2765 2242 2875 2295 τῶν
2916 2240 3147 2311 Περσῶν
3198 2240 3446 2308 Δαρεῖον,
3479 2237 3685 2308 τράγον
3717 2237 3784 2290 δὲ

2191 2338 2283 2389 τὸν
2315 2336 2544 2402 βασιλέα
2587 2335 2700 2388 τῶν
2743 2334 3073 2388 Μακεδόνων
3129 2331 3500 2402 Ἀλέξανδρον,
3531 2331 3784 2399 τέσσαρα.

2191 2427 2249 2481 δὲ
2278 2425 2471 2481 τούτου
2529 2426 2762 2496 κέρατα,
2802 2425 2931 2488 τοὺς
2984 2424 3106 2494 μετ’
3161 2423 3373 2476 ἐκεῖνον
3427 2421 3785 2490 διελομένους

2191 2520 2292 2590 τὴν
2336 2519 2513 2590 ἀρχὴν
2555 2515 2723 2571 αὑτοῦ
2784 2516 3048 2587 βασιλεῖς,
3086 2515 3316 2583 ὕστερον
3365 2513 3422 2566 δὲ
3471 2512 3637 2578 κέρας
3679 2512 3784 2564 τὸν

2199 2609 2489 2680 εἰρημένον
2530 2607 2826 2678 Ἀντίοχον.
2857 2607 2987 2660 Εἶτα
3025 2606 3206 2676 δηλῶν
3236 2604 3335 2676 τὴν
3365 2604 3432 2657 δι’
3473 2603 3641 2658 αὐτοῦ
3673 2621 3777 2657 κα-

2193 2699 2437 2770 θαίρεσιν
2465 2701 2566 2768 τῆς
2611 2699 2909 2768 Ἰουδαϊκῆς
2941 2698 3221 2758 πολιτείας
3254 2695 3390 2766 φησί
3417 2712 3429 2726 ·
3469 2694 3551 2748 Δι’
3584 2696 3784 2748 αὑτὸν

2194 2793 2379 2848 θυσία
2425 2789 2760 2859 ἐταράχθη,
2822 2790 2922 2845 καὶ
2968 2792 3034 2843 τὸ
3081 2788 3253 2858 ἅγιον
3304 2787 3783 2857 ἐρημωθήσεται,

2193 2884 2294 2936 καὶ
2325 2882 2504 2950 ἐδόθη
2534 2881 2635 2935 ἐπὶ
2666 2883 2782 2950 τὴν
2806 2882 3033 2936 θυσίαν
3076 2880 3354 2950 ἁμαρτία.
3405 2877 3636 2930 Εἴδωλον
3668 2878 3785 2947 γὰρ

2194 2975 2252 3028 ὲν
2285 2975 2363 3046 τῷ
2390 2975 2506 3044 ναῷ
2537 2975 2769 3043 στήσας,
2803 2972 2996 3036 Θυσίας
3041 2972 3248 3042 μιαρᾶς
3278 2967 3530 3022 ἐπετέλει
3559 2968 3738 3037 τούτῳ
3761 2984 3777 2998 ο

2195 3069 2306 3124 Kal
2331 3069 2541 3138 ἐρρίφη
2573 3067 2754 3135 χαμαὶ
2783 3065 3162 3132 δικαιοσύνη,
3190 3063 3259 3116 τὰ
3306 3059 3649 3130 δικαιώματα
3678 3061 3780 3113 τοῦ

2201 3163 2367 3230 νόμου
2421 3161 2619 3228 λέγων.
2656 3158 2769 3214 Καὶ
2819 3153 2976 3220 αὖθις
3036 3158 3165 3225 περὶ
3224 3155 3432 3209 τούτων
3485 3157 3545 3208 ἐν
3599 3156 3783 3227 ἑτέρῳ

2201 3247 2352 3324 ad":th
2385 3257 2484 3323 τῆς
2525 3251 2863 3322 προφητείας
2905 3247 3070 3302 αὑτοῦ
3113 3247 3520 3318 διηγησάμενος
3567 3248 3785 3303 ἀνωθεν

2203 3347 2561 3415 πλατύτερον,
2593 3343 2690 3396 καὶ
2721 3345 2802 3405 εἰς
2833 3341 2929 3395 τὸν
2974 3340 3246 3411 Ἀντίοχον
3281 3338 3563 3394 κατελθὼν
3602 3356 3784 3412 προσ-

2203 3437 2416 3508 τίθησι’
2470 3437 2798 3505 Βραχίονες
2845 3433 3330 3503 ἀναστήσονται.
3361 3433 3461 3486 καὶ
3497 3433 3782 3502 ,βεϐηλώ-

2203 3547 2389 3586 σουσι
2409 3531 2476 3583 τὸ
2501 3529 2790 3599 ἁγίασμα,
2830 3528 2927 3582 καὶ
2949 3527 3412 3596 μεταστήσουσι
3454 3527 3564 3580 τὸν
3612 3525 3789 3580 erce-

2200 3623 2535 3691 λεχισμὸγ,
2591 3621 2712 3692 ἦτοι
2755 3620 2856 3683 τὰς
2903 3620 3198 3691 ένδελεχείς
3253 3629 3345 3676 καὶ
3397 3623 3784 3694 καθημερινὰς

2202 3715 2423 3778 θυσίας·
2458 3715 2559 3768 καὶ
2606 3713 2916 3768 δώσουσιν
2958 3718 3046 3780 είς
3077 3715 3268 3768 αὑτὸν
3313 3715 3653 3787 βδέλυγμα,
3681 3716 3786 3787 δη-

2201 3810 2333 3878 λαδὴ
2367 3809 2608 3872 εἴδωλον,
2635 3807 2736 3861 καὶ
2771 3807 3232 3874 ἀσθενήσουσιν
3261 3809 3331 3861 ἐν
3358 3809 3648 3877 ῥομφαίᾳ,
3678 3811 3787 3863 καὶ

2199 3897 2269 3951 ἐν
2291 3896 2492 3965 φλογὶ,
2527 3896 2614 3948 τὸν
2649 3897 2976 3966 ἐμπρησμὸν
3002 3897 3102 3965 τῆς
3134 3896 3343 3958 πόλεως
3378 3898 3780 3966 αἰνιττόμενος

2200 3986 2300 4040 καὶ
2325 3987 2395 4039 ἐν
2426 3987 2826 4053 αιχμαλωσίᾳ,
2859 3987 2957 4040 καί
2993 3988 3064 4040 ἐν
3091 3986 3418 4056 διαρπαγῇ,
3454 3989 3554 4046 καί
3585 3988 3656 4042 ὲν
3694 3991 3782 4055 τῷ

2198 4074 2539 4145 ἀσθενῆσαι
2583 4078 2825 4144 αὐτοὺς,
2855 4077 3274 4146 ,βοηθήσονται
3334 4079 3633 4147 ,ϐοήθειαν
3674 4099 3786 4150 μι-

2198 4172 2370 4237 κρὰν,
2415 4169 2512 4240 τὴν
2554 4170 2758 4237 μεταξὺ
2799 4171 2909 4224 τῶν
2964 4169 3154 4224 κακῶν
3209 4171 3434 4224 ἐκείνων
3486 4172 3786 4244 ἁνακωχὴν

2199 4262 2502 4332 ἐμφαίνων.
2539 4261 2654 4314 Εἶθ’
2710 4260 2856 4314 οὕτω
2913 4263 3011 4314 καὶ
3065 4261 3163 4332 τὴν
3219 4263 3400 4317 αἰτίαν
3451 4262 3786 4334 προστίθησι

2199 4355 2308 4408 τῶν
2337 4354 2637 4426 συμφορῶν
2666 4371 2678 4383 ο
2726 4353 2840 4408 Τοῦ
2865 4354 3138 4423 πυρῶσαι
3175 4355 3308 4426 γὰρ,
3341 4357 3531 4425 φησὶν,
3571 4355 3640 4409 ἐν
3675 4358 3786 4411 αὺ-

510 4430 743 4496 locutus,
765 4433 835 4486 ita
855 4435 1232 4505 prosequitur;
1256 4437 1323 4491 Et
1342 4455 1588 4509 prospere
1610 4456 1728 4513 aget
1751 4452 1912 4502 donec
1931 4450 2091 4518 finiu-

2197 4447 2346 4514 τοῖς,
2370 4447 2468 4501 καὶ
2497 4448 2601 4502 τοῦ
2639 4447 3027 4514 ἐκλέξασθαι,
3069 4447 3168 4502 καί
3198 4447 3305 4501 τοῦ
3339 4447 3634 4505 λευκᾶναι
3666 4449 3785 4516 ἕως

516 4534 605 4576 tur
651 4525 760 4590 ira,
798 4525 974 4592 idest,
1013 4527 1190 4583 donec
1219 4529 1510 4600 impleatur
1560 4535 1639 4590 ira
1678 4536 1773 4592 Dei
1826 4541 2092 4598 adversus

508 4613 747 4671 Jmlaeos.
771 4615 1016 4686 Cumque
1045 4617 1428 4677 denuntiasset
1455 4629 1512 4678 et
1541 4625 1649 4680 alia
1699 4629 1890 4697 multa,
1937 4642 1991 4685 et
2025 4632 2092 4686 ad

511 4707 707 4760 horum
740 4708 1223 4764 commutationem
1265 4715 1609 4781 pervenisset
1644 4734 1657 4771 :
1698 4718 1766 4771 Et
1790 4733 2088 4792 consurget,

512 4796 711 4865 inquit,
748 4797 974 4852 .‘olicltael
1005 4803 1248 4870 princeps
1271 4821 1516 4873 maqnus,
1555 4810 1645 4877 qui
1676 4819 1782 4863 stat
1827 4828 1924 4881 pro
1963 4815 2093 4882 filiis

511 4894 690 4957 pepuli
714 4895 809 4947 tui.
843 4893 911 4946 lat
942 4897 1039 4948 erit
1066 4905 1266 4965 tempus
1298 4901 1620 4971 aﬂlictionis,
1643 4906 1804 4976 quale
1838 4925 1941 4962 non
1968 4911 2092 4980 fuit,

514 4999 578 5036 ex
601 4999 703 5052 quo
731 5001 853 5053 gens
897 4988 1096 5041 exstitit
1125 5007 1283 5058 super
1328 5005 1529 5049 terram
1561 5013 1721 5067 usque
1767 5000 1836 5052 ad
1888 5011 2091 5070 tempus

513 5073 668 5130 illud.
707 5076 846 5130 Tunc
878 5081 1046 5133 omnis
1075 5083 1297 5152 populus
1349 5087 1662 5150 servabitur,
1717 5093 1806 5158 qui
1858 5092 2093 5146 inventus

513 5169 670 5236 fuerit
700 5173 987 5239 descriptus
1015 5176 1057 5238 ⁵,
1085 5177 1342 5231 nimirum
1377 5179 1431 5232 in
1456 5179 1596 5235 libro
1631 5181 1949 5249 viventium,
1989 5185 2092 5241 hoc

512 5269 617 5326 est,
657 5260 714 5325 ii,
747 5264 837 5331 qui
885 5280 1047 5320 erunt
1089 5269 1267 5323 salute
1308 5270 1474 5340 digni.
1514 5272 1559 5326 Α
1605 5283 1834 5342 tempore
1889 5288 2089 5342 autent,

513 5353 711 5423 inquit,
739 5359 1043 5412 mutationis
1072 5359 1477 5428 lindelecliismi,
1514 5366 1616 5420 hoc
1660 5377 1762 5430 est,
1805 5369 2094 5424 solutionis

512 5447 790 5514 sacriﬁcii,
821 5451 927 5503 dies
959 5461 1109 5504 erunt
1141 5453 1284 5507 mille
1329 5454 1538 5510 ducenti
1574 5461 1888 5530 nonaginta.
1937 5460 2094 5527 Quod

517 5537 735 5603 quidem
767 5541 1001 5607 spatium
1033 5552 1141 5598 tres
1175 5560 1365 5613 annos,
1391 5557 1445 5602 ct
1499 5550 1802 5614 dimidium,
1836 5561 1888 5607 et
1936 5553 2096 5621 paulo

623 5657 640 5684 ¹
699 5655 812 5708 Jcr.
843 5673 988 5728 XXIX,
1039 5657 1102 5712 l0
1135 5675 1253 5728 sqq.

515 5716 535 5745 '
561 5717 695 5774 Dan.
730 5739 828 5788 xit,
868 5727 913 5778 l.

1405 5663 1423 5692 ’
1452 5663 1561 5717 Jcr.
1607 5681 1702 5730 vu,
1745 5665 1856 5730 16;
1914 5682 1986 5732 si,
2043 5665 2138 5733 l-i;

2135 4591 2139 4595 .
2200 4543 2408 4608 καιροῦ
2431 4539 2709 4610 πέρατος,
2732 4541 3033 4606 τουτέστιν,
3051 4539 3195 4593 ὥστε
3223 4539 3620 4609 δοκιμασθῆναι
3652 4545 3785 4608 τοὺς

2201 4633 2516 4699 ἐκλεκτοὺς,
2577 4633 2671 4685 καὶ
2731 4631 3132 4703 καθαρισθῆναι
3161 4633 3290 4697 τοὺς
3321 4635 3782 4706 ἁμαρτήσαντας.

2201 4725 2358 4778 Μετὰ
2393 4722 2565 4776 ταῦτα
2589 4723 2645 4774 δὲ
2677 4723 2806 4793 περὶ
2833 4723 2933 4791 τῆς
2958 4724 3102 4776 κατὰ
3131 4725 3225 4778 τοῦ
3251 4725 3386 4778 Θεοῦ
3419 4725 3781 4797 βλασφημίας

2201 4817 2296 4869 τοῦ
2339 4816 2613 4885 Ἀντιόχου
2645 4814 2863 4881 διδάξας
2891 4816 3111 4885 ἐπάγει,
3154 4818 3234 4871 ὅτι
3272 4819 3379 4873 Kal
3423 4818 3787 4872 κατευθυνεῐ

2197 4906 2373 4978 μέχρι
2401 4907 2505 4962 τοῦ
2551 4905 3041 4975 συντελεσθῆναι
3080 4908 3195 4976 τὴν
3227 4908 3448 4977 ἀρχὴν,
3485 4909 3648 4978 μέχρι
3686 4909 3786 4980 δη-

2202 5000 2379 5054 λονότι
2417 4998 2512 5052 τοῦ
2562 4998 2921 5069 πληρωθῆναι
2981 4998 3080 5069 τὴν
3140 5001 3281 5053 κατὰ
3332 5001 3442 5050 τῶν
3506 4999 3786 5052 Ἰουδαίων

2201 5090 2370 5160 ὀργὴν
2403 5088 2497 5142 τοῦ
2539 5089 2697 5144 Θεοῦ,
2742 5089 3108 5157 ’Λπαγγείλας
3145 5089 3204 5142 δὲ
3249 5090 3345 5143 καὶ
3381 5089 3550 5144 τᾶλλα
3579 5089 3786 5168 πάντα,

2203 5185 2297 5237 καὶ
2337 5183 2431 5236 ἐπὶ
2455 5183 2554 5253 τὴν
2613 5181 2938 5251 ἀπαλλαγὴν
2985 5182 3192 5234 τούτων
3219 5181 3411 5248 ἐλθὼν,
3467 5181 3637 5252 φησί’
3670 5183 3784 5236 Kal

2201 5274 2612 5341 ἀναστήσεται
2661 5272 2906 5342 Μιχαὴλ
2949 5275 2982 5326 ό
3031 5272 3236 5341 ἅρχων
3264 5275 3297 5326 ὁ
3334 5271 3545 5342 μέγας,
3579 5276 3613 5327 d
3649 5273 3786 5341 ἐρε-

2201 5365 2443 5433 στηκὼς
2492 5365 2590 5420 ἐπὶ
2655 5365 2799 5429 τοὺς
2855 5364 3028 5430 υἱοὺς
3084 5365 3191 5419 τοῦ
3250 5364 3409 5420 λαοῦ
3467 5381 3622 5419 σου·
3679 5366 3782 5420 καὶ

2201 5457 2371 5512 ἔσται
2399 5458 2602 5526 καιρὸς
2635 5457 2916 5524 θλίψεως,
2957 5451 3081 5522 οἶος
3123 5457 3195 5510 οὐ
3249 5456 3501 5526 γέγονεν
3551 5456 3654 5524 ἀφ’
3706 5453 3784 5513 οὗ

2205 5551 2514 5621 γεγένηται
2544 5549 2712 5611 ἔθνος
2758 5546 2856 5599 ἐπὶ
2905 5545 3041 5616 γῆς,
3070 5547 3178 5614 ἕως
3217 5547 3323 5604 τοῦ
3380 5544 3590 5618 καιροῦ
3624 5547 3786 5601 ἐκεί-

2189 5681 2301 5732 xw,
2351 5663 2435 5718 ll.
2543 5659 2726 5716 3Dan.
2772 5675 2888 5723 vin,
2926 5661 3012 5726 'll,
3054 5661 3138 5716 l2.
3207 5645 3235 5691 λδ
3257 5661 3395 5718 Dan.
3431 5679 3505 5726 XI,
3533 5665 3592 5718 51
3653 5681 3782 5736 sqq.
