4126 6418
322 281 436 343 255

1294 288 1674 350 PANOPLIA
1724 290 2185 356 DOGMATICA.
2230 324 2297 333 —
2341 301 2487 361 TIT.
2533 305 2703 365 Vili.

3527 313 3633 377 286

323 412 465 451 νου.
504 394 655 449 Τότε
686 394 756 449 δὲ
783 395 1131 463 σωθήσεται
1172 401 1205 453 ὁ
1226 400 1376 466 λαὸς
1402 401 1540 467 πᾶς,
1583 406 1616 457 ὁ
1651 408 1917 474 εὑρεθεὶς

2031 413 2257 481 amplius
2271 412 2516 473 coiilicit.
2545 418 2688 473 Ecce
2708 420 2801 475 tibi
2820 431 2871 475 et
2896 422 3160 491 temporis
3179 424 3479 495 longitudo.
3500 428 3636 481 Itur.

323 486 749 556 πγραμμένος
808 488 879 541 ἐν
923 487 1000 557 τῇ
1045 490 1263 556 βίϐλῳ,
1299 491 1499 561 δηλαδὴ
1548 495 1657 549 τῶν
1687 498 1929 566 ζώντων,

325 579 505 649 ἤγουν
543 579 594 633 oi
625 581 906 651 σωτηρίας
937 583 1102 649 ἄξιοι.
1147 584 1279 636 Ἀπὸ
1309 586 1368 638 δὲ
1403 586 1498 640 τοῦ
1532 591 1749 658 καιροῦ,
1773 595 1929 662 φησι,

324 672 429 741 τῆς
486 672 834 738 ἑναλλάξεως
889 674 985 728 τοῦ
1039 678 1449 749 ὲνδελεχισμοῦ,
1482 684 1769 738 τουτέστιν
1823 688 1933 741 ἀπὸ

325 766 431 832 τῆς
464 764 827 830 καταλύσεως
862 766 965 837 τῆς
987 770 1198 834 οὐσίας,
1255 774 1464 844 ἡμέραι
1523 776 1699 846 χίλιαι
1742 780 1932 834 διακό-

330 871 447 911 σιαι
496 859 892 930 ἐννενήκοντα,
922 862 1063 931 ὅπερ
1117 863 1269 918 ἐστὶν
1311 865 1405 936 ἔτη
1460 869 1590 937 τρία
1622 871 1795 940 ἥμισυ
1832 873 1930 926 καὶ

331 952 535 1021 μικρόν
594 968 650 1004 τι
709 957 876 1023 πρός.
931 954 1065 1009 Ἰδοὺ
1102 957 1197 1011 καὶ
1246 960 1305 1013 τὸ
1349 959 1531 1030 μῆκος
1576 962 1671 1016 τοῦ
1707 965 1928 1034 καιροῦ.

333 1039 467 1096 εἶτα
511 1044 672 1113 λέγει
716 1046 915 1100 πάλιν·
969 1048 1274 1119 Μακάριος
1326 1054 1360 1106 ό
1418 1056 1776 1125 ὑπομείνας,
1828 1056 1930 1111 καὶ

339 1138 578 1205 φθάσας
603 1141 695 1204 εις
724 1141 953 1207 ἡμέρας
993 1146 1196 1212 χιλίας
1225 1150 1575 1214 τριακοσίας
1607 1150 1931 1216 τριάκοντα

338 1231 516 1284 πέντε
544 1247 561 1261 ο
588 1231 757 1285 τοῦτο
808 1233 1130 1302 εὐαγγέλιον
1178 1238 1278 1306 τῆς
1330 1239 1682 1311 ἀπαλλαγῆς.
1722 1243 1930 1314 Προσέ-

330 1325 467 1395 θηκε
492 1324 555 1378 δὲ
586 1326 800 1397 ἡμέρας
837 1329 1256 1399 τεσσαράκοντα
1310 1334 1496 1399 πέντε,
1528 1334 1669 1388 διότι
1725 1337 1785 1388 ὲν
1834 1353 1927 1390 το-

324 1417 569 1480 σαύταις
627 1418 867 1489 ἡμέραις
924 1422 958 1491 ἡ
1012 1421 1286 1493 συμϐολὴ,
1322 1425 1419 1480 καὶ
1479 1427 1513 1496 ἠ
1573 1428 1723 1497 νίκη,
1766 1428 1926 1499 καὶὴ

323 1510 613 1581 παντελὴς
646 1511 941 1582 ἀπαλλαγὴ
982 1514 1093 1567 τῶν
1137 1516 1332 1571 δεινῶν
1364 1518 1606 1586 ἐγένετο.
1641 1520 1757 1574 Οὐκ
1787 1521 1928 1587 ἐμα-

322 1602 533 1671 κάρισε
564 1602 623 1656 δὲ
654 1605 747 1656 τὸν
776 1604 968 1669 ἁπλῶς
994 1605 1305 1675 φθάσαντα,
1332 1608 1471 1663 ἀλλά
1505 1611 1600 1663 τὸν
1631 1612 1755 1680 μεθ’
1785 1611 1922 1665 ὐπο-

320 1699 529 1768 μονῆς,
558 1698 654 1749 καὶ
707 1697 784 1767 μὴ
812 1699 1198 1768 προδεδωκότα
1224 1701 1327 1771 τὴν
1360 1703 1674 1758 εὐσέϐειαν.
1712 1704 1881 1777 Ὀρᾳς
1906 1747 1923 1773 ,

2037 518 2290 574 sumque:
2310 505 2524 569 Beatus,
2547 510 2742 579 inquit.
2760 513 3164 580 quisustinet.et
3178 519 3408 584 pervenit
3424 519 3496 571 ad
3516 521 3630 574 dies

2036 598 2179 651 mille
2268 611 2523 655 trecentos
2557 604 2779 673 triginta
2836 608 3068 675 quinque
3103 608 3143 661 ¹.
3211 608 3337 664 Haec
3381 622 3469 665 est
3537 614 3635 667 bo-

2035 706 2103 744 na
2145 693 2486 749 liberationis
2528 696 2894 754 denuntiatio.
2952 701 3219 762 Adiunxit
3294 712 3477 757 autem
3520 705 3634 760 dies

2036 785 2389 854 quadraginta
2412 787 2675 858 quinque,
2704 791 2831 861 quia
2864 801 2945 846 tot
2981 794 3198 850 dierum
3241 796 3419 857 spatio
3477 796 3634 850 futu-

2036 892 2155 931 rum
2190 889 2325 943 erat,
2360 890 2417 936 ut
2439 882 2749 950 consilium,
2805 893 2860 939 et
2899 885 3153 952 victoria,
3186 898 3241 942 et
3262 903 3633 943 aerumnarum

2034 970 2323 1028 dissolutio
2350 977 2804 1032 constitueretur.
2836 978 3025 1048 Neque
3050 995 3185 1036 vero
3224 981 3445 1035 beatum
3492 981 3630 1036 sim-

2034 1063 2251 1130 pliciter
2325 1068 2484 1131 dixit,
2538 1070 2631 1138 qui
2690 1074 3005 1140 perveniret
3059 1074 3124 1128 ad
3178 1073 3313 1128 illud
3392 1083 3630 1144 tempus,

2034 1158 2128 1213 sed
2200 1160 2294 1227 qui
2364 1176 2490 1216 cum
2561 1162 2830 1232 patientia
2913 1165 3247 1236 perveniret,
3325 1167 3529 1237 quique
3598 1181 3629 1221 a

2033 1251 2236 1320 pietate
2332 1269 2443 1306 non
2529 1254 2869 1312 deﬂexisset.
2940 1258 3139 1313 Cernis
3207 1266 3263 1312 et
3347 1259 3629 1328 captivita—

2034 1354 2169 1410 tem,
2267 1356 2325 1401 et
2408 1347 2816 1414 liberationem,
2895 1367 3006 1406 non
3089 1366 3266 1418 usque
3344 1351 3410 1406 ad
3511 1366 3628 1405 an-

2032 1453 2159 1504 nos,
2194 1448 2250 1493 ct
2275 1455 2513 1505 menses,
2555 1442 2653 1497 sed
2674 1458 2848 1513 usque
2879 1444 2946 1497 ad
2975 1444 3119 1499 diem
3178 1460 3348 1499 unum
3407 1445 3629 1499 subtili-

2032 1537 2118 1583 ter
2154 1530 2456 1598 explicatas
2494 1541 2551 1586 et
2582 1534 3000 1599 praenuntiatas.
3051 1534 3179 1590 Haec
3235 1543 3292 1590 et
3347 1533 3627 1603 Iosephus

2032 1616 2295 1676 Hebraeus
2317 1620 2618 1678 clarissime
2638 1625 2985 1695 conscripsit.
3010 1625 3256 1697 lnsignes
3315 1626 3482 1697 igitur
3520 1625 3628 1679 illa;

2032 1711 2376 1782 captivitates
2436 1714 2509 1769 ita
2555 1717 2940 1785 praenuntiata:
2971 1727 3119 1782 sunt,
3154 1728 3214 1775 ut
3294 1728 3352 1774 et
3381 1718 3631 1787 quandiu

314 1792 379 1844 οὗ
450 1791 658 1862 μέχρις
720 1792 990 1845 ἐνιαυτῶν
1042 1794 1140 1847 καὶ
1206 1796 1419 1865 μηνῶν,
1478 1796 1616 1851 ἀλλά
1670 1799 1767 1854 καὶ
1818 1799 1923 1864 ἕως

2031 1802 2329 1871 duraturae,
2358 1808 2667 1876 et‘quando
2699 1819 2888 1866 essent
2941 1811 3336 1876 dissolvendm,
3398 1786 3632 1881 praedic-

316 1885 548 1955 ἡμέρας
578 1886 713 1953 μιᾶς
750 1886 845 1939 καὶ
869 1885 971 1956 τὴν
1020 1885 1429 1957 αἰχμαλωσίαν,
1460 1890 1556 1941 καὶ
1588 1888 1689 1961 τὴν
1740 1891 1922 1943 ἀπαλ-

319 1976 499 2045 λαγὴν
553 1974 1112 2048 ἀκριϐολογηθείσας,
1167 1980 1264 2031 καὶ
1314 1980 1923 2051 προαναφωνηθείσας;

321 2068 513 2121 Ταῦτα
554 2068 655 2121 καὶ
695 2067 959 2138 Ἰώσηπος
982 2070 1011 2123 ὁ
1052 2069 1306 2142 Ἑϐραῖος
1360 2072 1734 2143 ἀριδηλότατα
1765 2091 1923 2127 συνε-

2029 1904 2145 1950 tum
2180 1895 2273 1962 sit;
2316 1895 2371 1950 in
2406 1897 2510 1953 hac
2540 1908 2727 1954 autem
2775 1910 3048 1967 extrema,
3082 1911 3138 1957 et
3199 1903 3413 1957 nullum
3462 1900 3629 1956 ﬁnem

2029 1989 2303 2054 habitura,
2334 2005 2456 2060 qua:
2507 1992 2682 2049 multo
2735 1995 3000 2066 insignior
3081 2005 3188 2062 est,
3254 1995 3649 2066 Hierosolyma,

2026 2083 2250 2153 quidem
2305 2098 2335 2138 a
2361 2082 2620 2141 Romanis
2662 2089 2960 2144 evertenda
2994 2088 3403 2161 redigeudaque
3437 2088 3492 2141 in
3541 2101 3632 2141 sos

323 2162 605 2231 γράψατα
681 2162 825 2216 Ἀλλ’
879 2164 975 2216 ἐπὶ
1046 2164 1148 2233 μὲν
1200 2165 1313 2220 τῶν
1365 2167 1659 2237 ἐπισήμων
1712 2168 1923 2221 τούτων

2031 2174 2314 2231 Iitudiuem
2343 2177 2671 2247 praedictum
2693 2188 2799 2236 est.
2839 2179 2997 2248 Quod
3031 2191 3229 2236 autem
3252 2182 3629 2250 sintunquam

326 2254 726 2325 ώχμαλωσιῶν
778 2255 876 2309 καὶ
916 2257 1100 2320 αὑταὶ,
1136 2256 1234 2312 καὶ
1277 2257 1346 2313 τά
1396 2259 1550 2330 μήκη
1576 2260 1685 2315 τῶν
1717 2262 1930 2333 καιρῶν

2038 2266 2421 2334 instauranda,
2453 2269 2593 2324 nihil
2622 2273 2852 2327 omnino
2891 2274 3338 2343 pronuntiatum,

329 2354 531 2421 αὐτῶν,
568 2355 668 2406 καὶ
699 2353 756 2406 αἱ
800 2352 1121 2423 ἀπαλλαγαὶ
1170 2356 1708 2428 προεφητεύθησανο
1742 2360 1838 2413 ἐπὶ
1899 2360 1955 2413 δὲ
1993 2364 2092 2431 τῆς
2119 2363 2444 2426 τελευταίας
2475 2364 2702 2436 ταύτης,
2735 2368 2832 2421 καὶ
2862 2367 3228 2439 ἀτελευτήτου
3269 2368 3374 2438 τῆς
3444 2367 3628 2436 πολλῷ

324 2449 534 2504 τούτων
599 2448 1038 2519 ἐπισημοτέρας,
1103 2449 1187 2503 ὅτι
1250 2448 1352 2518 μὲν
1410 2451 1849 2522 ἐρημωθήσεται
1897 2453 1969 2507 τὰ
2039 2452 2398 2525 Ἰεροσόλυμα
2454 2454 2546 2509 διὰ
2612 2455 2903 2527 Ῥωμαίων
2962 2458 3373 2530 προεφητεύθη,
3426 2459 3510 2512 ὅτι
3567 2456 3629 2511 δὲ

320 2545 593 2616 στήσεταί
625 2560 758 2597 ποτε
792 2544 863 2598 τά
899 2545 1003 2615 τῆς
1036 2544 1372 2614 ἐρημώσεως
1405 2545 1800 2618 ἀπεσιωπήθη.

940 2638 1059 2695 Τοῦ
1088 2640 1300 2695 αὑτοῦ.

387 2734 656 2808 Ἔγραψε
696 2735 896 2806 Δανιὴλ
942 2736 1024 2789 ὅτι
1061 2731 1192 2807 ἦλθε
1245 2734 1383 2805 πρὸς
1430 2734 1598 2790 αὑτὸν
1650 2735 1920 2807 Γαϐριὴλ,
1985 2744 2011 2769 ²

316 2834 407 2887 καί
480 2849 661 2902 φησιν
681 2846 698 2860 ·
759 2829 1213 2900 Ἐὄδομήκοντα
1282 2828 1610 2898 ἐϐδομάόες
1669 2845 1921 2884 συνετε-

322 2928 647 2994 λέσθησαν
681 2923 786 2979 ἐπὶ
818 2924 927 2977 τὸν
972 2925 1130 2979 λαόν
1177 2939 1316 2980 σου.
1352 2924 1635 2978 τουτέστιν
1681 2923 1924 2994 ὡρίσθη-

2677 2636 2958 2708 Ejusdem.

2096 2753 2284 2809 Daniel
2301 2753 2517 2810 venisse
2531 2751 3038 2824 Gabrielem,seque
3050 2755 3131 2810 sic
3145 2755 3443 2812 allocutum
3461 2759 3624 2816 dicit:

2024 2846 2375 2918 Septuaginta
2394 2848 2736 2903 hebdomadas
2759 2851 3003 2920 perfecta:
3034 2861 3157 2903 sunt
3199 2867 3358 2919 super
3380 2853 3633 2923 populum

2026 2949 2178 2992 tuum
2198 2940 2244 3003 ',
2280 2938 2388 2994 hoc
2423 2948 2529 3001 est,
2583 2938 2871 3008 praeﬁnita:
2902 2948 3053 2993 sunt.
3085 2938 3222 2995 Nam
3263 2956 3365 3011 pro
3409 2951 3633 3012 septun-

329 3041 437 3077 σαν.
474 3022 638 3075 ’Δντὶ
672 3020 787 3089 γὰρ
816 3020 925 3074 τῶν
972 3020 1346 3090 ἑϐδομήκοντα
1382 3019 1521 3072 ἐτῶν
1561 3019 1664 3087 τῆς
1710 3019 1770 3070 ὲν
1809 3019 1919 3071 Βα-

2031 3030 2175 3101 ginta
2205 3030 2387 3093 annis,
2407 3030 2607 3100 quibus
2629 3030 2829 3085 misere
2852 3030 3085 3086 aﬂlictus
3121 3041 3206 3086 est
3232 3031 3289 3086 in
3333 3033 3631 3106 Babylone,

328 3114 516 3168 ενλῶνι
553 3111 955 3181 ταλαιπωρίας
1003 3110 1208 3181 ὥρισεν
1238 3112 1423 3175 αὑτοίς
1453 3114 1481 3164 ὁ
1511 3110 1647 3173 Θεὸς
1677 3110 1919 3180 ἑϐδομή-

325 3226 477 3264 κοντα
508 3206 832 3278 ἑϐδομάδας
888 3205 1031 3259 ἑτῶν
1078 3207 1138 3257 ὲν
1192 3207 1258 3276 τῇ
1312 3206 1542 3276 λατρεία
1596 3206 1790 3270 στῆναι
1850 3204 1919 3273 τῇ

319 3307 540 3373 νομικῇ,
576 3299 704 3356 εἶτα
741 3301 1002 3355 ἐκπεσεῖν
1020 3299 1197 3368 αὐτῆς
1238 3299 1328 3352 διὰ
1377 3299 1438 3352 τὸ
1490 3296 1636 3351 κατὰ
1675 3295 1921 3367 Χριστοῦ

315 3397 597 3466 τόλμημα.
628 3393 843 3447 Τούτου
874 3392 986 3461 γὰρ
1036 3390 1228 3445 ἕνεκεν
1283 3387 1437 3443 εἶπεν
1467 3388 1568 3442 ἐπὶ
1608 3386 1720 3441 τὸν
1766 3385 1925 3440 λαόν

313 3504 462 3555 σου,
498 3488 595 3542 τὸν
631 3486 738 3540 οὐκ
765 3483 849 3539 ἔτι
883 3483 980 3537 τοῦ
1011 3483 1171 3538 Θεοῦ.
1214 3484 1280 3537 Δί
1305 3482 1487 3537 τοίνυν
1540 3481 1923 3558 ἐϐδομήκοντα

323 3580 624 3649 ὲὸὂομάδες
670 3579 1010 3649 τετρακόσια
1046 3577 1408 3648 ἐννενήκοντα
1449 3576 1546 3644 ἐτη
1578 3572 1921 3642 συναπαρτί-

336 3674 554 3735 ζουσιν,
583 3673 719 3745 imp
774 3672 1063 3743 ἀρχόμενα
1095 3670 1202 3724 ἀπὸ
1235 3670 1339 3741 τῆς
1378 3670 1468 3723 διὰ
1507 3667 1747 3735 Νεεμίου
1776 3666 1924 3720 οἱκο-

342 3766 520 3836 δομῆς
550 3765 637 3819 τοῦ
676 3766 799 3820 ναοῦ
834 3765 947 3818 τῶν
991 3762 1390 3832 Ἱεροσολύμων
1436 3761 1775 3815 τελειοῦνται
1816 3759 1923 3820 ἓως

333 3860 430 3914 τοῦ
453 3857 826 3930 βαπτισθῆναι
853 3857 948 3912 τὸν
989 3856 1246 3927 Χριστόν.
1280 3852 1499 3925 Προϊὼν
1534 3854 1646 3921 γὰρ
1683 3851 1924 3920 ἐδήλωσε

322 3955 422 4025 τὴν
469 3954 650 4024 ἀρχὴν
710 3951 915 4017 αὐτῶν,
951 3950 1061 4004 καὶ·
1094 3949 1155 4002 τὸ
1202 3947 1359 4011 τέλος
1411 3945 1608 4010 εἰπὼν,
1645 3944 1781 4000 Ἀπὸ
1817 3943 1925 3998 τοῦ

322 4051 373 4101 ci
384 4047 572 4117 ιοδομ
581 4046 729 4116 ἧσαι
743 4042 1158 4116 Ἰερουσαλὴμ
1169 4042 1279 4108 ἓως
1296 4040 1557 4109 Χριστοῦ
1578 4038 1925 4109 ἡγουμένου

326 4138 664 4209 ἑόὃομὰὄες
710 4138 885 4197 ἑπτὰ,
920 4135 1020 4189 καὶ
1075 4132 1403 4203 ἐϐδομάδες
1447 4131 1750 4201 ἐξήκοντα
1791 4130 1924 4195 δύο,

328 4236 491 4302 ἧτουν
528 4229 835 4301 ἐδδομάδες
861 4229 1131 4298 ἑξήκοντα
1152 4226 1335 4290 ἐννέα,
1373 4229 1505 4295 μιᾶς
1538 4225 1619 4289 εἰς
1640 4225 1741 4288 τὰς
1774 4222 1928 4278 ἑϐδο-

326 4330 579 4397 μήκοντα
605 4322 932 4390 λειπούσης.
964 4321 1029 4372 Ai
1059 4322 1160 4389 μὲν
1186 4318 1296 4389 γὰρ
1323 4316 1705 4388 ἑϐδομήκοντα
1729 4315 1930 4384 ἄρχον-

2029 3124 2376 3194 septuaginta
2399 3138 2669 3178 annorum
2693 3123 3063 3179 hebdomadas
3090 3125 3163 3179 illi
3192 3127 3432 3195 praelinit
3459 3128 3628 3193 Deus,

2028 3227 2090 3271 ut
2119 3215 2176 3270 in
2209 3215 2361 3270 cultu
2386 3214 2524 3286 legis
2559 3224 2830 3282 maneret,
2876 3216 3078 3272 deinde
3128 3228 3352 3289 propter
3395 3220 3632 3289 facinus,

2027 3307 2176 3377 quod
2205 3323 2375 3362 ausus
2406 3317 2491 3362 est
2528 3307 2826 3364 admittere
2876 3309 2932 3363 in
2967 3309 3273 3376 Christum,
3330 3312 3398 3367 ab
3447 3330 3510 3369 ea
3542 3331 3633 3369 ex-

2028 3401 2362 3457 cluderetur.
2397 3402 2606 3458 idcirco
2630 3404 2777 3457 enim
2801 3404 2939 3458 dixit
2986 3422 3145 3473 super
3168 3407 3425 3478 papulum
3457 3418 3631 3477 tuum,

2031 3501 2209 3556 tuum,
2249 3493 2502 3562 inquam,
2535 3509 2647 3549 non
2678 3494 2918 3564 amplius
2956 3495 3071 3551 Dei.
3105 3495 3464 3569 Septuaginta
3495 3499 3632 3553 hebo

2030 3586 2283 3641 domadaa
2333 3587 2766 3656 quadringentos
2819 3597 2877 3641 et
2934 3589 3232 3657 nonaginta
3278 3606 3455 3646 annos
3506 3607 3635 3646 con»

2029 3676 2244 3731 ﬁcium.
2308 3674 2413 3743 Qui
2486 3677 2814 3748 incipientes
2877 3679 2949 3734 ab
3009 3681 3370 3736 aediﬁcatione
3440 3684 3631 3753 templi

2029 3771 2534 3843 Hierosolymorum
2573 3771 2719 3827 facta
2749 3789 2846 3843 per
2877 3771 3200 3829 Nehemiam
3253 3775 3381 3829 illuc
3448 3792 3626 3844 usque

2030 3864 2385 3935 perveniunt,
2419 3880 2545 3920 cum
2602 3864 2911 3934 baptizatus
2968 3875 3053 3921 est
3111 3866 3386 3923 Christus.
3452 3868 3635 3939 Perg’t

2029 3959 2175 4014 enim
2249 3957 2545 4012 ostendere
2619 3968 2676 4013 et
2747 3957 3082 4027 principium
3172 3974 3384 4025 eorum,
3456 3969 3511 4014 et
3573 3962 3635 4015 ti-

2031 4068 2209 4107 nem:
2254 4049 2342 4106 Ea:
2392 4068 2517 4118 quo,
2571 4051 2849 4121 inquiens,
2916 4051 3270 4121 tediﬁcabitur
3338 4051 3634 4107 Jerusalem

2030 4162 2193 4214 usque
2222 4147 2296 4198 ad
2317 4142 2591 4199 Christum
2620 4144 2807 4198 ducem
2864 4143 3218 4197 hebdomadas
3278 4152 3498 4211 septem,
3586 4155 3633 4196 et

2030 4236 2380 4290 hebdomades
2435 4235 2717 4304 sexaginta
2763 4235 2883 4288 dua:
2915 4233 2958 4300 ³,
2998 4250 3123 4304 quae
3180 4242 3313 4289 sunt
3351 4235 3631 4305 sexaginta

2034 4344 2257 4394 novem,
2294 4327 2584 4384 deﬁciente
2605 4343 2713 4381 una
2769 4326 2837 4382 ad
2876 4326 3282 4397 perliciendum
3341 4342 3632 4381 numerum

324 4436 413 4475 ται
444 4417 563 4473 ἀπὺ
583 4415 685 4469 τοῦ
712 4410 1216 4483 ἀνοικώομηθῆναι
1239 4411 1333 4465 τὴν
1364 4409 1511 4475 ναὸν,
1546 4410 1601 4461 αί
1623 4408 1682 4461 δὲ
1703 4407 1926 4477 ἑξηκον-

2038 4425 2407 4495 septuaginta.
2434 4422 2571 4477 Nam
2626 4420 2976 4492 septuaginta
3028 4420 3301 4492 incipiunt
3356 4437 3385 4475 a
3440 4422 3632 4491 templi

321 4516 559 4568 ταεννὲα
594 4509 706 4564 ἀπὸ
736 4507 831 4561 τοῦ
872 4508 970 4561 καὶ
998 4506 1098 4576 τὴν
1129 4504 1288 4559 πόλιν
1333 4501 1754 4572 Ἰεροσολύμων.
1792 4503 1930 4571 Φησὶ

322 4609 452 4678 γὰρ,
502 4604 1065 4674 Οἰκοδομηθήσεται
1123 4598 1379 4654 πλατεῖα
1424 4598 1524 4652 καὶ
1570 4599 1926 4665 περίτειχος.

333 4701 530 4755 Ὁπότε
581 4699 697 4767 γὰρ
738 4700 767 4751 ὁ
808 4695 1048 4769 Χριστὸς
1104 4691 1455 4763 ὲὸαπτίσοη,
1505 4690 1603 4744 xui.
1668 4691 1918 4762 ἡγήσατο

318 4793 619 4865 μαθητῶν,
651 4790 778 4843 τότε
828 4790 923 4843 καὶ
981 4790 1033 4842 οί
1092 4786 1338 4841 Ἰουδαῖοι
1374 4784 1676 4857 ἀρξάμενοι
1714 4782 1916 4854 λυττᾷν

321 4887 447 4941 κατ’
496 4884 697 4947 αὑτοῦ,
756 4884 856 4955 τῆς
912 4881 1066 4945 Θείας
1117 4880 1429 4949 ἐπισκοπῆς
1492 4877 1920 4948 ὲγυμνώθησαν.

322 4982 438 5036 Καὶ
464 4982 579 5052 ὅροι
631 4978 813 5033 πάντα
837 4976 1246 5047 οιασαφηθέντα
1278 4974 1361 5044 τῷ
1392 4972 1594 5045 Δανιὴλ
1629 4972 1783 5043 παρά
1825 4972 1923 5025 τοῦ

318 5075 595 5143 ἀγγέλου.
622 5070 757 5125 Εἶπε
780 5073 913 5139 γὰρ,
943 5069 1055 5123 Τοῦ
1077 5066 1502 5135 παλαιωθῆναι
1524 5066 1922 5135 παράπτωμα,

320 5172 348 5223 ὃ
399 5171 587 5229 ἐστιν,
632 5168 724 5218 ὅτε
777 5165 1065 5236 ὑπεραρθῇ
1121 5162 1369 5233 ἁμαρτία
1402 5178 1416 5194 ⁸
1467 5161 1597 5218 ποία
1647 5161 1703 5215 δὲ
1760 5177 1925 5230 κορυ-

321 5262 603 5332 ᾳαιοσέρα
671 5262 773 5332 τῆς
805 5258 1244 5330 Κυριοκτονίας;
1313 5257 1414 5311 καὶ
1444 5256 1549 5310 τοῦ
1583 5255 1925 5323 σφραγίσαι

322 5355 650 5425 ἁμαρτίας,
678 5353 821 5405 ὥστε
856 5351 1025 5421 μηδὲν
1054 5350 1239 5421 μεῖζον
1262 5334 1676 5418 ὑπολελεῖφθαι.
1706 5350 1799 5403 Διὸ
1832 5349 1929 5402 καὶ

320 5453 349 5503 ὁ
384 5446 631 5517 Χριστὸς
662 5445 805 5517 πρὸς
846 5444 1048 5506 αὐτοῦς
1097 5443 1255 5512 ἔλεγε
1275 5461 1292 5477 ο
1325 5441 1698 5511 Πληρώσατε
1732 5444 1798 5497 τὸ
1820 5442 1925 5512 μέ-

324 5560 470 5610 τρον
494 5542 619 5597 τῶν
640 5539 928 5607 πατέρων
962 5536 1147 5605 ὑμῶν.
1199 5538 1431 5591 Ἐκεῖνοι
1480 5536 1581 5607 μὲν
1634 5537 1745 5607 γὰρ
1800 5554 1927 5608 προ.

323 5638 505 5708 φήτας
536 5634 779 5700 ἀνεῖλον,
807 5632 973 5696 ὑμεῖς
1014 5630 1069 5684 δὲ
1112 5629 1208 5684 τὸν
1253 5629 1535 5699 Δεσπότην
1568 5629 1675 5682 τῶν
1707 5645 1926 5699 προφη-

2038 4516 2484 4571 remdiﬁcatioue.
2517 4515 2813 4586 Sexaginta
2854 4528 3051 4569 novem
3104 4522 3289 4569 autem
3339 4513 3630 4583 incipiunt,

2041 4619 2107 4658 ex
2141 4617 2251 4672 quo
2283 4602 2476 4657 civitas
2509 4602 2674 4657 etiam
2707 4602 3218 4673 Hierosolymorum
3252 4618 3470 4657 rursum
3500 4605 3634 4657 :cdi-

2036 4698 2249 4752 ticatur.
2300 4695 2508 4765 itaque,
2547 4694 2763 4760 Platea,
2803 4696 3003 4763 inquit,
3037 4704 3088 4748 et
3128 4697 3324 4749 naenia
3395 4696 3637 4765 cedi/ica-

2034 4790 2231 4844 buntur
2260 4790 2301 4842 ⁵.
2332 4789 2470 4845 Cum
2489 4789 2635 4844 enim
2672 4789 2984 4859 baptizatus
3012 4797 3098 4843 est
3117 4788 3394 4856 Christus,
3430 4798 3487 4844 et
3515 4790 3634 4844 dis~

2030 4882 2242 4951 cipulos
2270 4880 2530 4945 instituit,
2568 4889 2698 4935 tunc
2720 4880 2893 4935 Judaei
2926 4880 3256 4951 incipientes
3343 4883 3402 4937 in
3455 4882 3635 4953 ipsum

2028 4976 2220 5030 saevire
2247 4991 2278 5029 a
2312 4974 2497 5030 divina
2523 4988 2659 5028 cura
2695 4973 3040 5032 exciderunt.
3094 4974 3229 5029 Vide
3275 4985 3462 5031 autem
3516 4993 3638 5032 om-

2028 5068 2120 5122 nia
2151 5076 2342 5138 aperte
2373 5066 2442 5121 ab
2466 5066 2658 5138 angelo
2681 5065 2955 5121 declarata
2986 5066 3197 5122 Danieli
3228 5084 3242 5121 :
3277 5067 3417 5124 dixit
3455 5069 3631 5124 enim:

2034 5162 2097 5217 Ut
2144 5161 2487 5215 inveterascat
2548 5169 2839 5227 peccatum,
2896 5158 2999 5214 hoc
3043 5168 3146 5224 est,
3204 5167 3266 5213 ut.
3343 5160 3638 5216 extollatur

2031 5264 2342 5325 peccatum.
2372 5252 2545 5319 Quale
2593 5262 2775 5307 autem
2816 5253 3147 5321 peccatum?
3180 5253 3315 5309 Illud
3358 5255 3633 5322 {nimirum

2031 5347 2275 5402 omnium
2303 5345 2688 5419 gravissimum
2718 5346 2774 5401 in
2810 5344 2959 5400 caule
2984 5345 3200 5401 Domini
3237 5356 3631 5416 perpetratum.

2039 5439 2104 5495 Ut
2138 5441 2480 5510 obsignentur
2498 5449 2741 5511 peccata,
2765 5436 2819 5492 id
2848 5446 2953 5503 est,
2981 5447 3042 5492 ut
3076 5436 3475 5506 compleantur,
3501 5437 3636 5491 adeo

2034 5548 2091 5589 ut.
2120 5534 2256 5589 nihil
2285 5535 2462 5603 majus
2493 5535 2620 5590 addi
2654 5535 2846 5604 possit.
2881 5534 3249 5599 Quamobrem
3296 5538 3351 5584 et
3379 5528 3637 5583 Christus

2033 5631 2100 5686 ad
2132 5647 2250 5695 eos,
2274 5629 2515 5699 Implete,
2550 5632 2747 5704 inquit,
2781 5639 2995 5699 peccata
3025 5639 3236 5696 patrum
3270 5633 3563 5678 vestrorum
3591 5625 3633 5669 ⁸ο

395 5780 568 5839 ‘ibid.
608 5779 700 5835 1‘2.
783 5781 805 5812 ³
832 5775 972 5831 Dan.
1004 5790 1080 5846 lx,
1105 5776 1197 5833 ἰαί.
1280 5777 1299 5809 ³
1340 5775 1476 5834 Ibid.
1509 5774 1600 5831 25.
1677 5776 1697 5807 ⁸
1746 5773 1878 5831 ibid.

2031 5773 2205 5833 ﬂuuit.
2236 5791 2394 5845 χχιιι,
2451 5774 2541 5830 52.
