4126 6428
348 327 462 391 Ξ93

1325 340 1706 402 ΡΑΝΟΡΙᾸᾹ
1749 342 2216 407 DOGMATICA.
2255 371 2321 382 τ-
2364 350 2508 414 ΤΙΤ.
2556 354 2722 414 VIII.

3544 367 3652 431 294

352 458 521 511 μοσιν
552 440 993 515 ἀπεδείχθησαν.
1026 449 1096 504 Τὸ
1127 450 1257 522 γὰρ,
1293 455 1409 506 Οὐκ
1439 450 1605 523 ἦλθον
1637 454 1826 525 βαλεῖν
1886 458 1921 507 ε

2062 458 2152 511 ubi
2186 459 2525 533 divulgatum
2553 475 2637 520 est
2671 468 3051 540 Evangelium,
3085 489 3279 530 omnes
3325 494 3492 531 unum
3525 496 3651 536 cor-

348 535 531 606 ρήνην
560 536 655 588 ἐπὶ
701 538 805 608 τὴν
839 540 969 609 γῆν,
1000 542 1136 597 ἀλλὰ
1163 546 1465 617 μάχαιραν,
1499 547 1563 600 οὐ
1624 549 1755 617 περ).
1791 550 1954 601 πολε-

348 625 528 693 μικῆς
570 625 790 695 εἴρηται
829 632 1136 701 μαχαίρας.
1198 637 1466 707 Μάχαιρα
1500 638 1610 707 γὰρ
1641 638 1710 709 ἢν
1757 638 1955 692 ἔϐαλεν

342 716 377 765 ὁ
407 715 672 784 Χριστὸς,
703 720 766 770 τὸ
797 716 1087 789 κήρυγμα,
1133 728 1227 778 καὶ
1256 728 1288 795 ὴ
1330 728 1526 781 τούτου
1568 729 1777 793 πίστις.
1811 730 1954 782 διαι-

348 802 530 871 ροῦσα
561 807 657 855 τὸν
678 808 871 859 πιστὸν
921 811 1031 863 ἀπὸ
1079 814 1174 866 τοῦ
1215 817 1470 878 ἀπίστου,
1531 819 1625 871 καὶ
1674 821 1953 890 τέμνουσα

347 897 451 965 τὴν
478 898 577 948 ἐπὶ
607 901 768 969 κακῷ
806 902 998 971 σχέσιν
1050 907 1145 959 καὶ
1174 908 1498 975 συμφωνίαν
1554 911 1762 965 αὐτῶν.
1806 913 1950 966 Ἀλλ’

351 990 496 1043 οὕτω
533 991 638 1060 μὲν
670 992 732 1043 τὸ
751 996 895 1048 κατὰ
921 998 1168 1067 Μιχαίαν
1195 1012 1211 1029 ⁸
1247 1000 1450 1070 ἴδωμεν
1474 1003 1530 1055 δὲ
1563 1006 1659 1056 καὶ
1707 1007 1766 1058 τὸ
1805 1007 1952 1060 κατὰ

369 1082 668 1151 Ἱερεμίαν.
703 1086 913 1157 Σημεῖα
962 1090 1073 1156 γὰρ
1104 1091 1278 1147 πολλά
1310 1096 1405 1147 καὶ
1443 1099 1657 1166 μεγάλα
1689 1099 1786 1152 τοῦ
1813 1103 1949 1171 Χρι-

364 1177 481 1229 στοῦ
542 1180 869 1245 ποιοῦντος,
936 1184 988 1237 οί
1052 1188 1446 1260 συντρέχοντες
1508 1195 1603 1248 καὶ
1652 1195 1948 1265 βλέποντες

352 1269 554 1336 ταῦτα,
590 1273 796 1338 πάντες
831 1277 940 1330 ἀπὸ
967 1280 1171 1351 μικροῦ
1205 1282 1311 1347 ἓως
1366 1286 1612 1355 μεγάλου
1646 1292 1777 1355 τοὺς
1815 1293 1945 1345 ἐαυυ

343 1363 454 1415 τῶν
485 1364 815 1437 ὀφθαλμοὺς
860 1366 1013 1444 εἶχον
1033 1374 1400 1444 διδασκάλους
1444 1382 1808 1453 Θεογνωσίας,
1853 1389 1946 1442 καὶ

344 1460 761 1525 κατανοοῦντες
788 1463 889 1529 τὰς
926 1468 1260 1540 θεοπρεπεῖς
1287 1474 1559 1545 δυνάμεις
1594 1480 1786 1547 αὑτοῦ,
1852 1500 1946 1536 τα-

337 1551 486 1621 χέως
514 1552 591 1605 δι’
621 1554 838 1610 ἑαυτῶν
863 1558 1197 1630 ἐμάνθανον,
1233 1565 1315 1619 ὄτι
1357 1568 1492 1633 Θεός
1518 1572 1688 1639 ἐστιν,
1712 1574 1789 1639 ὡς
1826 1575 1943 1630 ἐστι

334 1645 685 1700 καταλαϐεῖν
714 1649 778 1701 οὐ
818 1652 987 1721 μόνον
1007 1657 1116 1710 ἀπὸ
1153 1659 1252 1728 τῆς
1283 1662 1393 1714 τῶν
1423 1664 1780 1735 Εὐαγγελίων
1802 1688 1943 1742 γρα-

333 1734 470 1806 φῆς,
522 1737 668 1791 ἀλλὰ
711 1741 807 1794 και
835 1744 947 1798 ἀπὸ
990 1746 1104 1800 τῶν
1159 1750 1282 1803 καθ’
1329 1734 1624 1825 Ἐϐραίους
1667 1734 1940 1830 χρονικῶν

2067 566 2172 618 pus
2206 552 2387 608 cﬂ'ecti
2420 567 2570 619 sunt,
2600 569 2654 613 et
2686 576 2858 613 unum
2917 563 3303 636 habentcaput
3345 569 3647 635 Christum,

2059 655 2114 694 et
2140 642 2470 701 formidandi
2530 650 2871 707 daemonibus
2899 668 3216 711 evaserunt.
3268 659 3425 725 Quod
3463 675 3648 717 autem

2058 734 2178 804 ipse
2208 738 2368 803 dixit,
2404 757 2463 796 se
2504 746 2738 808 venisse,
2772 763 2881 800 non
2945 757 3008 802 ut
3064 766 3257 818 pacein
3331 754 3384 805 in
3441 765 3644 809 terram

2056 826 2301 884 aﬂ'errct.
2332 832 2423 887 sed
2466 835 2727 903 gladium.
2755 838 2804 891 id
2840 856 2946 892 non
2985 842 3310 912 intelligitur
3336 847 3404 901 de
3460 848 3647 917 gladio

2058 920 2272 976 bellico.
2308 922 2535 979 Gladius
2568 929 2738 994 enim,
2768 946 2929 999 quem
2965 934 3080 1000 ipse
3119 936 3245 989 tulit
3298 939 3435 992 nihil
3492 942 3644 996 aliud

2053 1021 2157 1076 est,
2203 1014 2310 1067 nisi
2337 1016 2613 1087 religionis
2646 1021 2766 1088 ejus
2792 1023 3108 1092 divulgatio,
3146 1036 3202 1079 et
3234 1029 3285 1081 in
3322 1045 3449 1085 eum
3506 1034 3641 1089 ﬁdes

2051 1119 2175 1171 qua:
2201 1117 2425 1174 separat
2459 1109 2673 1164 ﬁdelem
2703 1112 2773 1166 ab
2807 1113 3033 1179 inﬁdeli,
3094 1120 3537 1188 conjunCtionem
3584 1137 3643 1180 et

2054 1211 2387 1253 consensum
2450 1217 2639 1256 eorum
2701 1207 2753 1257 in
2792 1210 3073 1274 peccando
3124 1212 3353 1267 dirimit.
3408 1217 3470 1270 Et
3526 1218 3643 1274 haec

2052 1290 2273 1357 quidem
2301 1289 2445 1346 dicta
2471 1294 2581 1349 sint
2603 1296 2671 1350 de
2707 1298 2995 1368 prophetia
3018 1301 3283 1358 Michseae.
3322 1306 3642 1375 Videamus,

2051 1398 2170 1451 qme
2197 1382 2491 1439 aJeremia
2567 1388 2711 1443 dicta
2748 1400 2898 1444 sunt.
2932 1394 3070 1447 Cum
3118 1396 3291 1450 multa
3339 1414 3644 1471 magnaque

2050 1475 2204 1545 signa
2264 1477 2470 1533 faceret
2518 1479 2800 1548 Christus,
2853 1483 2954 1546 illi,
3001 1487 3093 1555 qui
3151 1492 3551 1546 concurrebant
3591 1504 3645 1548 et

2051 1570 2744 1637 cxspectabant,omnesa
2781 1592 2949 1645 parvo
3004 1594 3178 1650 usque
3241 1583 3307 1636 ad
3383 1599 3641 1653 magnum

2047 1661 2238 1717 oculos
2270 1665 2532 1734 proprios
2577 1667 2859 1723 habebant
2890 1672 3097 1728 divina:
3141 1675 3474 1747 cognitionis
3528 1694 3645 1733 ma—

2048 1752 2251 1823 gistros
2284 1765 2339 1810 et
2367 1757 2601 1826 indices.
2643 1769 2699 1815 et
2752 1762 3264 1821 animadvertentes
3317 1769 3534 1825 divinas
3570 1772 3638 1823 il-

330 1830 372 1881 Γ
379 1831 607 1899 ραφῶν,
666 1835 759 1888 καὶ
810 1836 920 1890 τῶν
967 1840 1091 1895 καθ’
1142 1843 1419 1916 ’Έλληνας
1476 1849 1917 1924 ἱστοριογράφων

2044 1848 2150 1903 lius
2184 1849 2437 1914 virtutes,
2489 1854 2779 1909 confestim
2836 1856 3216 1928 intelligebant
3275 1862 3454 1930 ipsum
3510 1878 3639 1918 esse

335 1923 612 1979 Δείπεται
635 1922 733 1981 οῦν
764 1931 945 1985 εἰπεῖν
972 1936 1226 2005 περὶτοῦ
1258 1941 1402 1994 κατὰ
1434 1942 1528 1996 τὸν
1579 1944 1813 2001 Ἡσαΐαν
1842 1968 1940 2022 ση-

338 2018 497 2084 μείου
555 2023 663 2092 τῆς
695 2024 1005 2093 παρουσίας
1038 2026 1302 2099 Χριστοῦ.
1363 2026 1535 2099 Οὗτος
1574 2040 1694 2102 ταῖς
1749 2018 1938 2110 διαφο-

338 2116 460 2182 ραίς
490 2114 608 2168 τῶν
629 2118 861 2188 ἡμέρων
890 2139 952 2173 τε
1007 2124 1103 2176 καὶ
1148 2125 1359 2197 ἀγρίων
1393 2128 1549 2193 ζώων
1582 2133 1650 2186 τὰ
1699 2134 1937 2208 διάφορα

334 2206 441 2259 τῶν
468 2206 793 2278 ἀνθρώπων
841 2212 949 2285 ἤθη
999 2217 1389 2289 παρεδήλωσε,
1424 2224 1522 2276 καὶ
1550 2223 1642 2279 διὰ
1659 2227 1759 2295 τῆς
1788 2206 1936 2282 ἐκεί-

334 2317 442 2352 νων
472 2300 914 2375 συνδιαιτήσεως
943 2308 1046 2377 τὴν
1089 2308 1222 2378 μίαν
1278 2312 1488 2368 τούτων
1520 2318 1762 2391 ποίμνην
1813 2321 1934 2392 ᾐνί-

337 2394 481 2462 ξατο,
524 2396 626 2449 καὶ
663 2397 766 2460 τὰς
798 2400 860 2452 ὲκ
877 2402 1092 2455 τούτων
1120 2410 1545 2478 συστησομένας
1576 2410 1932 2486 Ἐκκλησίας,

328 2487 498 2540 λύκον
527 2487 637 2558 μὲν
660 2491 902 2556 καλέσας
929 2493 1023 2547 τὸν
1047 2494 1177 2561 ὀξὺν
1214 2500 1296 2562 είς
1321 2502 1602 2574 ἁρπαγὴν,
1669 2507 1810 2576 ἄρνα
1865 2510 1924 2562 δὲ

325 2582 423 2633 τὸν
451 2582 904 2655 εὐεπηρέαστον,
939 2588 1034 2643 καὶ
1086 2590 1356 2661 πάρδαλιν
1391 2598 1493 2665 μὲν
1544 2601 1639 2652 τὸν
1684 2602 1927 2656 ποικιλόο

324 2692 577 2747 γνωμον,
605 2677 804 2748 ἔριφον
855 2680 911 2734 δὲ
938 2683 1033 2737 τὸν
1060 2684 1289 2742 άπλοῦν.
1323 2690 1434 2743 Καὶ
1485 2693 1786 2765 μοσχάριον
1828 2697 1929 2767 μὲν

320 2768 411 2822 τὸν
437 2774 653 2838 πρᾶον,
684 2772 891 2844 ταῦρον
946 2776 1006 2829 δὶ
1075 2779 1170 2831 τὸν
1224 2780 1455 2852 θρασὺν,
1517 2786 1705 2840 λέοντα
1745 2789 1800 2843 δὲ
1830 2792 1923 2843 τὸν

325 2863 718 2934 ὓπερήφανον,
742 2866 839 2932 οὓς
876 2869 1018 2936 άξει,
1057 2872 1156 2925 καὶ
1180 2878 1444 2945 ποιμανεῖ
1503 2879 1798 2950 ἄνθρωπος
1855 2887 1921 2956 τῇ

330 2954 423 3022 μὲν
449 2957 741 3027 φρονήσει
773 2959 986 3025 πολιὸς,
1021 2960 1102 3033 τῷ
1130 2963 1187 3016 δὲ
1216 2966 1393 3035 ἀπονή
1404 2985 1485 3039 ρῳ
1513 2969 1612 3023 καὶ
1636 2975 1703 3042 τῇ
1735 2954 1931 3049 ταπε

329 3050 644 3121 νοφροσύνῃ
685 3052 925 3109 παιδίον.
975 3056 1084 3107 Καὶ
1133 3057 1311 3126 μέγας
1345 3060 1446 3130 μὲν
1494 3064 1560 3133 τῇ
1596 3065 1790 3136 ἀρετῇ,
1835 3085 1928 3137 μι-

330 3141 449 3209 κρὸς
495 3144 558 3197 δὲ
595 3147 666 3216 τῇ
694 3147 1001 3220 φαινομένῃ
1028 3149 1279 3223 εὐτελείᾳ
1308 3154 1399 3205 καὶ
1436 3153 1708 3225 λιτότητι.
1731 3158 1922 3214 Τοιοῦ-

322 3248 397 3285 τοι
424 3234 484 3287 δὲ
544 3236 597 3287 0!
650 3236 768 3289 τῶν
830 3238 1145 3309 ἐκκλησιῶν
1197 3244 1567 3314 προεστῶτες,
1611 3249 1704 3317 ὑφ’
1744 3245 1820 3305 ὧν
1870 3254 1919 3306 οί

318 3326 576 3397 διάσοροι
618 3330 741 3391 τοῖς
771 3330 966 3399 ήοεσιν
1017 3333 1278 3403 ἀγόμενοι
1312 3337 1677 3408 ῥυθμίζονταί
1728 3360 1788 3397 τε
1828 3346 1924 3397 καὶ

318 3422 800 3493 συναρμόζονται.
850 3424 962 3477 Καὶ
1003 3425 1160 3490 αὖθις
1196 3428 1326 3498 βοῦν
1360 3435 1463 3500 μὲν
1489 3435 1576 3488 τὸν
1600 3438 1920 3507 ἐργατικὸν,

311 3518 525 3585 apum
558 3518 618 3571 Si:
652 3519 747 3571 τὸν
777 3520 1224 3606 γαστρίμαργον.
1261 3526 1371 3579 Καὶ
1396 3527 1561 3583 πάλιν
1589 3531 1781 3588 λέοντα
1817 3537 1919 3606 μὲν

320 3610 415 3660 te.
454 3610 792 3679 ἠγεμοτικόν
841 3602 909 3666 τέ
930 3614 1028 3667 καὶ
1053 3616 1308 3685 ἀρχικὸν,
1373 3619 1503 3689 βοῦν
1537 3623 1596 3675 δὲ
1653 3625 1748 3679 τὸν
1813 3602 1920 3682 ῦπδ

334 3700 507 3765 ζυγὸν
532 3701 786 3770 δουλείας,
832 3706 931 3758 καὶ
966 3707 1438 3778 ὑποτεταγμένον.
1499 3713 1719 3786 Ἀχυρα
1774 3717 1833 3771 δὲ
1881 3721 1915 3788 ὴ

330 3795 558 3864 εὐτελής
584 3796 673 3850 τοῦ
704 3799 812 3850 ὑπὸ
851 3799 1021 3867 ζυγὸν
1049 3804 1251 3872 τροφή.
1286 3804 1766 3877 Συσσιτηθήσεται
1802 3812 1915 3883 γὰρ

321 3890 347 3940 0‘
390 3888 721 3944 ὐππάσσων
772 3893 852 3961 τῷ
919 3892 1356 3966 ὑποτασσομένῳ
1404 3896 1496 3952 διά
1543 3899 1645 3972 τὴν
1681 3903 1914 3975 ἑνότητα

311 3981 415 4051 τῆς
487 3984 759 4049 πίστεως.
820 3986 1045 4040 Παιδίον
1115 3987 1174 4041 δὲ
1241 3990 1438 4059 νήπιον
1512 3992 1748 4059 ἕκαστος
1804 4000 1915 4052 τῶν

311 4084 709 4147 προεστώτων,
761 4079 837 4143 ὡς
907 4081 1151 4154 εἴρηται,
1211 4087 1496 4154 νηπιάζων
1580 4090 1638 4143 ἐν
1716 4094 1909 4166 κακίᾳ,

312 4166 371 4224 οὗ
401 4174 531 4242 χεὶρ
567 4173 601 4241 ή
656 4172 991 4227 διδασκαλία
1028 4174 1118 4227 διὰ
1182 4177 1244 4228 τὸ
1289 4179 1735 4249 ἀνυσιμώτατον,
1785 4187 1912 4257 ἥτις

312 4264 677 4318 ἐπιϐάλλεται
705 4266 825 4329 τοῖς
865 4266 1140 4334 ἀπίστοις,
1164 4270 1363 4334 οἵτινές
1398 4274 1507 4325 εἰσι
1534 4274 1781 4345 τρῶγλαι
1812 4279 1910 4333 καὶ

306 4358 645 4420 καταδύσεις
684 4361 782 4413 καὶ
840 4361 1138 4433 οἰκητήρια
1200 4364 1294 4416 καὶ
1347 4365 1735 4440 ἀναπαυτήρια
1800 4372 1908 4424 τῶν

305 4451 518 4520 νοητῶν
578 4452 857 4516 ἀσπίδων,
893 4453 1014 4523 ἦτοι
1052 4455 1168 4507 τῶν
1235 4456 1466 4511 ἰοϐόλων
1517 4462 1615 4513 καὶ
1663 4464 1904 4536 θανατη-

2047 1938 2242 2003 Deum,
2289 1952 2347 1996 ut
2377 1943 2566 2014 colligi
2599 1955 2784 2015 potest
2814 1963 2923 2001 non
2947 1952 3126 2003 solum
3187 1967 3254 2006 ex
3309 1969 3638 2009 monumen-

2044 2033 2115 2086 tis
2143 2035 2587 2101 Evangeliorum,
2614 2052 2806 2091 verum
2840 2040 3007 2094 etiam
3036 2056 3100 2094 ex
3154 2042 3451 2097 annalibus
3508 2044 3621 2099 lle-

2044 2125 2314 2181 brmoium
2348 2136 2406 2182 et
2461 2132 2708 2200 gentium
2748 2130 3045 2187 historicis.
3082 2131 3378 2204 Reliquum
3428 2148 3533 2199 est,
3575 2149 3635 2192 ut

2039 2217 2255 2289 signum
2285 2221 2554 2277 adventus
2600 2221 2804 2278 Christi
2855 2225 3175 2293 praedictum
3199 2228 3269 2281 ab
3328 2228 3465 2283 Isaia
3504 2245 3636 2284 con-

2040 2312 2367 2367 sideremus.
2430 2315 2533 2369 llic
2585 2317 2910 2372 animalium
2985 2321 3233 2376 cicurum
3280 2330 3334 2375 et
3390 2317 3631 2376 ferarum

2038 2403 2357 2460 discrimine
2389 2406 2664 2478 signiﬁcat
2693 2410 2943 2469 diversos
2990 2413 3277 2468 hominum
3320 2430 3525 2481 mores,
3574 2424 3631 2469 et

2038 2511 2138 2566 per
2165 2513 2516 2553 communem
2584 2501 2810 2556 illorum
2852 2505 3079 2570 vietum,
3144 2516 3201 2560 et
3249 2516 3498 2560 mutuam
3548 2510 3630 2563 vi-

2038 2591 2198 2645 vendi
2257 2593 2743 2656 consuetudinem,
2782 2612 2953 2651 unum
3005 2597 3295 2653 hominum
3346 2601 3512 2666 ovile,
3569 2611 3628 2657 et

2038 2682 2313 2738 Ecclesias
2384 2701 2451 2739 ex
2509 2686 2594 2740 his
2640 2688 3055 2744 constituendas
3106 2693 3368 2755 ostendit,
3435 2695 3626 2764 lupum

2039 2777 2260 2847 quidem
2304 2778 2589 2848 appellans
2637 2795 2761 2834 eum
2799 2782 2892 2848 qui
2918 2781 2986 2836 ad
3031 2784 3256 2854 rapinas
3286 2786 3443 2841 velox
3487 2796 3623 2843 est:

2041 2884 2246 2940 agnum
2294 2881 2479 2927 autem
2505 2888 2655 2936 eum,
2703 2874 2796 2943 qui
2853 2876 3050 2945 praeda;
3095 2886 3151 2931 et
3179 2878 3476 2948 direptioni
3531 2889 3621 2935 est

2034 2962 2357 3032 expositus:
2415 2965 2643 3034 pardum
2696 2966 2867 3031 illum,
2914 2969 3007 3039 qui
3050 2979 3271 3025 astutus
3319 2981 3379 3026 et
3433 2984 3624 3030 mente
3695 3014 3699 3017 μ

2034 3057 2218 3110 varius
2252 3073 2265 3109 :
2296 3057 2513 3112 liaadum
2553 3059 2729 3122 illiilli,
2776 3061 2867 3129 qui
2897 3061 3168 3117 candidus
3211 3072 3266 3117 et
3305 3064 3538 3136 simplex
3602 3083 3619 3121 :

2033 3150 2264 3205 vitulum
2301 3150 2476 3213 illum,
2511 3154 2601 3222 qui
2638 3168 2724 3208 εει
2752 3165 3073 3210 mansuetus
3134 3176 3147 3211 :
3198 3168 3412 3213 taurum
3462 3175 3616 3224 eum,

2025 3242 2232 3311 quiest
2271 3244 2497 3300 audax:
2546 3247 2760 3301 leonem
2805 3248 2985 3312 illum,
3026 3248 3118 3318 qui
3179 3260 3265 3305 est
3303 3238 3616 3322 superbus;

2024 3349 2163 3404 quos
2192 3335 2357 3389 ducet
2400 3344 2454 3390 et
2493 3347 2681 3406 pascet
2710 3340 2872 3393 homo
2905 3341 3197 3411 prudentia
3249 3344 3470 3414 quidem
3522 3362 3613 3402 se.

2029 3441 2159 3483 nex.
2188 3427 2513 3484 innocentia
2570 3438 2754 3486 autem
2788 3440 2844 3487 et
2880 3434 3145 3489 modestia
3176 3439 3461 3505 puerulus,
3502 3455 3620 3494 ma-

2022 3534 2163 3591 gnus
2197 3522 2422 3587 virtute,
2450 3521 2550 3576 sed
2581 3523 2893 3594 frugalitate
2930 3534 2987 3582 et
3017 3528 3367 3598 simplicitate
3391 3547 3613 3601 parvus.

2022 3612 2181 3670 Tales
2208 3627 2336 3670 sunt
2367 3615 2734 3672 Ecclesiarum
2789 3618 3052 3688 praefecti,
3105 3622 3305 3691 quibus
3365 3626 3613 3696 regenti-

2022 3704 2125 3758 bus
2169 3714 2224 3759 et
2247 3704 2705 3774 gubernantibus,
2735 3709 2827 3778 qui
2866 3708 3102 3765 diversis
3150 3713 3396 3767 moribus
3456 3725 3606 3782 sunt,

2021 3795 2167 3851 inter
2187 3812 2246 3852 se
2285 3799 2650 3863 conveniunt,
2675 3808 2728 3853 et
2749 3809 2935 3855 mutua
2956 3801 3341 3881 benevolentia
3370 3810 3606 3876 conjun-

2018 3899 2241 3959 guntur.
2268 3889 2400 3944 ltem
2429 3906 2527 3962 per
2553 3892 2747 3946 bovem
2781 3893 3035 3950 homines
3078 3896 3332 3968 intelligit
3369 3900 3609 3957 laborio-

2013 3996 2128 4039 sos.
2163 3982 2265 4037 Per
2287 3998 2475 4039 ursum
2508 3987 2687 4040 ventri
2738 3986 2977 4043 deditos.
3013 3987 3117 4043 Per
3175 3990 3415 4059 leonem,
3486 4010 3607 4059 eos,

2015 4075 2107 4145 qui
2142 4085 2389 4146 praesunt
2423 4088 2476 4132 et
2512 4077 2807 4148 imperant.
2843 4078 2948 4135 Per
2976 4081 3196 4147 bovem,
3221 4099 3338 4149 eos,
3368 4086 3458 4155 qui
3486 4104 3608 4142 ser-

2014 4165 2207 4221 vitutis
2268 4178 2598 4237 premuntur
2640 4170 2796 4241 jugo,
2832 4180 2887 4224 et
2941 4172 3175 4237 alterius
3218 4174 3452 4247 imperio
3504 4194 3606 4249 pa—

2013 4272 2155 4316 rent.
2188 4259 2293 4316 Per
2321 4262 2506 4332 paleas
2534 4263 2801 4334 frugalem
2859 4281 2925 4320 ac
2981 4274 3202 4322 tenuem
3256 4269 3462 4324 victum
3509 4288 3606 4326 e0-

2014 4372 2158 4420 rum,
2205 4359 2297 4427 qui
2330 4358 2535 4413 subditi
2557 4369 2708 4414 sunt.
2743 4359 2916 4415 Simul
2947 4371 3128 4416 autem
3163 4377 3457 4431 pascentur
3498 4367 3599 4431 ili,

2010 4452 2101 4520 qui
2128 4459 2397 4519 reguntur
2432 4463 2490 4505 et
2515 4462 2732 4522 parent,
2788 4462 2844 4507 et
2906 4453 2981 4506 illi
3018 4455 3110 4522 qui
3147 4456 3459 4524 gubernant
3519 4469 3603 4512 at-

302 4546 488 4615 φόρων
533 4545 839 4614 δαιμόνων,
870 4539 946 4601 ὧν
973 4546 1176 4615 ἔκγονα
1239 4548 1306 4601 τὰ
1344 4550 1519 4622 πάθη.
1558 4553 1667 4607 Καὶ
1724 4555 1904 4620 ἄλλως

2028 4559 2121 4614 ine
2201 4544 2495 4612 inruperant.
2563 4554 2785 4615 propter
2847 4545 2972 4601 ﬁdei
3025 4550 3495 4603 necessitudinem
3542 4562 3599 4606 et

304 4640 357 4692 δὲ
388 4642 437 4693 οί
460 4640 618 4693 κατὰ
654 4640 898 4710 Χριστὸν
953 4640 1158 4704 ζῶντες
1192 4642 1293 4712 τὴν
1323 4645 1485 4713 χεῖρα
1533 4648 1648 4709 τοῖς
1712 4646 1903 4717 δαίμο-

307 4750 389 4784 σιν
420 4730 850 4794 ἐπιϐάλλοντες,
885 4731 981 4785 καὶ
1010 4731 1070 4783 τὸ
1098 4731 1191 4783 τοῦ
1224 4734 1466 4803 σταυροῦ
1504 4741 1733 4804 σημεῖον
1761 4739 1901 4792 ἐπάυ

299 4842 531 4892 γοντες,
595 4823 699 4876 οὐκ
726 4822 859 4875 ἐῶσι
893 4823 1025 4886 τοὺς
1064 4824 1421 4888 ἐνοικοῦντας
1474 4827 1741 4897 δαίμονας
1800 4850 1904 4884 κα-

296 4921 553 4973 κοποιεῖν
618 4919 702 4969 ἐτι
754 4918 883 4980 τοὺς
927 4918 1262 4987 πάσχοντας.
1331 4920 1451 4973 Ὅτι
1505 4921 1562 4974 δὲ
1624 4922 1790 4995 θηρία
1835 4928 1901 4979 τὰ

297 5013 450 5084 ἔθνη,
477 5012 639 5079 λέγει
664 5010 935 5074 πολλάκις
970 5013 1002 5081 ἠ
1049 5012 1269 5084 Γραφῇ.
1328 5015 1502 5084 Φησὶν
1532 5016 1561 5069 ὁ
1593 5016 1730 5081 Θεὸς
1808 5020 1899 5073 διὰ

306 5113 493 5180 Ὠσηέο
528 5109 792 5178 Διαθήσω
825 5107 1099 5178 διαθήκην
1128 5111 1186 5162 ὲν
1218 5111 1284 5179 τῇ
1317 5109 1501 5180 ἡμέρᾳ
1532 5112 1719 5182 ἐκείνῃ
1753 5115 1897 5181 μετά

295 5204 405 5257 τῶν
460 5203 681 5273 Θηρίων
751 5200 847 5254 τοῦ
909 5202 1108 5270 ἀγροῦ,
1156 5206 1251 5255 καὶ
1315 5202 1425 5255 τῶν
1477 5206 1745 5257 πετεινῶν
1801 5207 1892 5259 τοῦ

298 5294 567 5367 οὐρανοῦ,
600 5294 700 5346 καὶ
734 5292 849 5345 τῶν
877 5293 1133 5361 ἑρπετῶν
1158 5292 1258 5363 τῆς
1299 5292 1430 5360 γῆς,
1469 5292 1892 5364 καθολικωτέρῳ

287 5388 433 5457 λόγῳ
452 5387 627 5458 θηρία
647 5386 753 5457 μὲν
771 5384 869 5438 τοῦ
883 5385 1056 5453 ἀγροῦ
1073 5386 1202 5448 τοί-ς
1219 5386 1447 5457 ἀγρίους
1468 5386 1558 5437 καὶ
1576 5387 1763 5454 ὠμοὺς
1775 5389 1891 5439 ὀνο-

286 5482 506 5548 μάζων,
528 5477 760 5531 πετεινά
781 5476 840 5528 δὲ
860 5477 985 5537 τοὺς
1007 5475 1403 5546 ὑψηλοτέρους,
1430 5477 1640 5545 ἑρπετὰ
1678 5477 1734 5529 δὲ
1762 5478 1887 5541 τοὺς

278 5573 715 5640 ταπενοτὲρους
744 5583 758 5598 ·
801 5566 836 5637 ἢ
878 5569 1103 5619 πετεινά
1144 5566 1244 5635 μὲν
1281 5568 1407 5630 τοὺς
1445 5569 1511 5635 τῇ
1554 5568 1889 5640 ἀστρολογία

281 5663 745 5733 προσκειμένους,
768 5658 982 5729 ἑρπετὰ
1001 5657 1058 5711 δὲ
1080 5660 1203 5721 τοὺς
1233 5659 1669 5729 ρυπαινομένους
1693 5661 1751 5713 ἐν
1774 5664 1885 5724 τοῖς

281 5754 516 5807 πάθεσι·
552 5755 650 5808 καὶ
690 5747 858 5811 αὖθις
909 5749 996 5804 διὰ
1051 5750 1301 5803 Ἡσαΐουο
1348 5750 1750 5820 Εὑλογήσατέ
1805 5769 1884 5821 με

281 5848 354 5900 τὰ
390 5850 566 5916 θηρία
591 5846 704 5902 τοῦ
733 5842 954 5911 ἀγροῦθ
992 5844 1087 5897 καὶ
1116 5843 1209 5898 διὰ
1242 5842 1515 5909 Ἰερεμίου
1561 5844 1748 5901 πάλιν·
1784 5844 1882 5898 Δέ-

2011 4635 2483 4704 conjunctiouem,
2521 4636 2745 4690 Pueruli
2783 4653 2933 4699 vero,
2980 4639 3233 4693 infantuli
3265 4643 3333 4695 ad
3370 4643 3597 4705 malum,

2012 4742 2072 4784 ut
2100 4730 2309 4783 dictum
2330 4738 2433 4791 est,
2464 4737 2596 4782 sunt
2634 4728 3003 4781 Ecclesiaruzn
3035 4731 3301 4799 praefecti,
3358 4750 3596 4802 quorum

2010 4835 2205 4873 manus
2231 4819 2474 4873 doctrina
2513 4829 2618 4884 est,
2654 4830 2878 4889 propter
2905 4836 3175 4874 summam
3219 4838 3382 4893 quam
3438 4822 3602 4878 adhi-

2011 4916 2141 4969 bent
2177 4914 2516 4985 diiigentiatn
2548 4931 2561 4980 ;
2602 4931 2723 4983 qua:
2751 4914 2971 4979 quidem
3009 4931 3201 4970 manus
3235 4918 3477 4988 injicitur
3513 4919 3598 4973 in-

2012 5007 2287 5071 lidelibus,
2319 5007 2409 5076 qui
2433 5016 2564 5059 sunt
2596 5007 2759 5060 veluti
2800 5022 3050 5062 caverna:
3079 5016 3135 5063 ct
3198 5009 3490 5077 foramina,
3542 5022 3599 5067 ct

2009 5100 2248 5154 ferarum
2296 5099 2518 5162 eubilia,
2560 5110 2615 5153 et
2646 5101 2921 5167 aSpidum,
2962 5115 3057 5153 seu
3108 5114 3503 5158 venenatorum
3541 5111 3598 5156 et

2007 5193 2442 5263 perniciosorum
2500 5190 2813 5246 daemonum
2846 5192 3149 5251 domicilia,
3202 5212 3439 5264 quorum
3498 5199 3594 5252 ﬁlii

2003 5281 2324 5336 suntanimi
2359 5281 2807 5351 perturbationes
2832 5293 2886 5336 ct
2916 5285 3072 5339 vitia.
3104 5287 3273 5341 Aliter
3301 5288 3466 5341 etiam
3499 5288 3592 5356 qui

1999 5392 2065 5429 ex
2130 5373 2329 5429 Christi
2398 5374 2676 5429 sententia
2737 5377 2971 5441 vivunt,
3038 5396 3260 5433 manum
3327 5381 3593 5434 daemoni-

1997 5468 2097 5520 bus
2157 5465 2433 5536 injiciunt,
2486 5477 2540 5520 et
2583 5468 2760 5522 crucis
2797 5469 3012 5539 signum
3072 5482 3414 5539 opponentes
3478 5485 3588 5523 non

1992 5561 2184 5613 simmt
2258 5560 2577 5615 obsidentes
2654 5561 2933 5615 dmmoncs
3003 5564 3256 5616 obsessos
3334 5562 3587 5616 homines

1989 5653 2206 5709 laedere.
2271 5654 2427 5719 Quod
2487 5665 2669 5708 autem
2728 5654 3014 5724 Scriptura
3087 5666 3277 5722 gentes
3330 5669 3585 5723 saepenu-

1990 5764 2143 5804 mero
2194 5749 2336 5804 feras
2393 5760 2585 5810 vocet,
2647 5753 3005 5819 perspicuum
3082 5758 3184 5805 est.
3251 5748 3391 5803 Dicit
3435 5749 3582 5803 enim

1990 5843 2133 5900 Deus
2205 5859 2302 5909 per
2373 5842 2568 5900 Oscam
2625 5862 2639 5899 :
2703 5842 2924 5897 Faciam
2993 5842 3159 5903 fazdus
3216 5841 3272 5894 in
3336 5839 3430 5893 illa
3493 5837 3579 5889 die
