4126 6450
537 336 646 403 295

1794 333 2178 395 EUTHYMH
2225 334 2588 397 ZlGABENI

3733 334 3843 394 55526

541 472 659 509 cum
707 453 832 524 {eris
893 451 1034 522 agri,
1090 462 1137 504 et
1190 448 1493 503 volucribus
1517 447 1652 508 mli,
1707 456 1754 500 et
1823 447 2140 516 serpentibua

2253 449 2418 503 δωπα
2452 451 2661 504 πᾶσαν
2704 451 2817 516 τὴν
2845 449 2962 516 γῆν
2989 446 3069 513 τῷ
3102 447 3665 516 Ναϐουχοδειηόσορ
3735 450 3842 509 βα·

541 562 696 604 terra:
732 550 771 601 '.
828 547 1108 600 Liberiore
1145 553 1200 599 et
1263 543 1454 596 latiore
1512 540 1747 610 quadam
1803 541 2012 594 ratione
2071 540 2147 593 le-

546 658 638 696 ras
664 643 775 713 agri
814 654 987 694 smvos
1024 647 1079 692 et
1117 636 1373 690 crudeles
1429 634 1688 704 appellat.
1733 632 1999 688 Volucres
2041 649 2144 686 au-

550 747 660 788 tem
707 735 830 787 illos
865 733 956 799 qui
989 728 1293 783 sublimiori
1336 737 1522 780 mente
1556 736 1685 780 sunt
1715 725 1950 796 praediti.
2010 724 2144 777 Ser-

539 833 738 896 pentes
771 840 920 884 vero,
945 837 1039 877 eos
1066 823 1158 891 qui
1192 829 1323 875 sunt
1348 821 1700 889 abiectiores.
1725 821 1831 873 Aut
1859 834 1957 888 per
1980 818 2142 871 volu—

544 931 666 969 cres
720 915 972 984 intelligit
1021 927 1116 966 eos
1171 913 1263 981 qui
1313 910 1622 980 astrologia
1675 909 1873 963 studiis
1930 908 2141 962 incum-

541 1007 695 1059 bunt.
733 1004 798 1058 Et
827 1021 925 1074 per
988 1005 1182 1057 Isaiam
1219 1017 1235 1058 :
1268 1001 1600 1063 Beuedicite,
1625 1001 1824 1069 inquit,
1883 999 2011 1052 mihi
2061 1005 2140 1069 {e-

539 1112 614 1149 ra:
641 1099 757 1166 agri
785 1097 826 1148 ⁸.
862 1095 928 1149 Et
974 1109 1071 1164 per
1095 1093 1388 1148 Jeremiatn
1430 1109 1443 1145 :
1479 1091 1633 1156 Dedi,
1695 1090 1894 1160 inquit,
1936 1107 2142 1144 omnem

2247 538 2416 591 σι.ἰεῖ
2453 539 2817 604 Βαϐυλῶνος
2855 539 2960 592 τοῦ
2995 539 3320 593 δουλεύειν
3384 539 3571 604 αὐτῷ,
3603 540 3700 592 καὶ
3771 542 3845 593 τὰ

2251 633 2433 698 θηρία
2467 632 2574 684 τοῦ
2601 632 2793 700 drpoo
2841 630 3192 701 ἐργάζεσθαι
3224 630 3409 696 αὐτῷ.
3458 632 3570 686 Καὶ
3617 633 3704 685 διὰ
3749 632 3846 686 Ἱε-

2249 722 2465 793 ζεκιήλ·
2507 721 2755 792 Ἀςρανιῶ
2781 724 2956 791 θηρία
2997 723 3235 793 πονηρὰ
3270 724 3393 779 ἀπὸ
3430 723 3542 791 τῆς
3583 723 3720 792 γῆς,
3751 727 3848 780 ἵνα

2248 814 2346 866 νῦν
2372 815 2632 884 ἐάσωμεν
2661 825 2727 868 τα
2759 815 2914 882 παρὰ
2939 817 3017 886 τῷ
3052 817 3276 887 Δανιὴλ,
3308 821 3402 870 καὶ
3433 819 3686 882 εἰκότως.
3726 823 3848 872 Πα-

2242 908 2684 974 ρασυνείτλήθη
2772 910 2905 975 γὰρ,
2966 913 3120 980 φησί,
3184 909 3309 976 τοῖς
3375 911 3630 977 κτήνεσι
3720 913 3852 978 τοῖς

2248 999 2536 1065 ἀνοήτοις
2589 1006 2620 1054 ὁ
2645 1003 2798 1055 νοὺν
2837 1002 2997 1070 ἔχων
3036 1004 3380 1074 ἅνθρωπος,
3434 1007 3535 1060 καὶ
3580 1010 3849 1077 ὀμοιάθη

2251 1092 2481 1156 αὐτοῖς.

549 1203 748 1244 terram
789 1189 1278 1242 Nabuchodonosor
1312 1188 1424 1256 regi
1479 1185 1792 1256 Babylonis,
1827 1194 1883 1238 ut
1949 1187 2143 1238 serviat
2197 1185 2264 1246 ei,
2295 1194 2342 1239 et
2365 1189 2494 1256 fera:
2529 1189 2646 1259 agri
2694 1189 2930 1244 laborent
2968 1191 3072 1244 illi.
3131 1192 3198 1245 Et
3259 1209 3355 1262 per
3417 1193 3762 1247 Ezeehielem
3836 1211 3851 1248 :

541 1286 756 1349 Delebo,
817 1286 1017 1354 inquit,
1078 1283 1252 1336 malas
1287 1286 1428 1353 feras
1484 1299 1510 1335 ε
1555 1291 1696 1334 terra
1723 1282 1766 1332 ³.
1812 1279 1878 1334 lit
1928 1280 2144 1334 interim
2196 1283 2444 1336 omittam
2475 1300 2597 1352 qua:
2629 1301 2656 1336 a
2698 1284 2941 1350 Daniele,
2995 1294 3052 1340 et
3076 1287 3295 1342 merito.

3377 1285 3734 1355 Comparatus
3773 1293 3856 1339 est

539 1382 706 1440 enim.
753 1381 951 1448 inquit,
995 1379 1173 1432 bestiis
1203 1377 1596 1438 insipientibus,
1660 1375 1748 1443 qui
1781 1381 2005 1426 mentem
2052 1374 2229 1436 habet,
2290 1378 2466 1440 homo,
2499 1385 2548 1429 et
2596 1378 2782 1432 similis
2817 1379 2990 1446 fectus
3020 1388 3092 1434 est
3119 1381 3214 1433 eis.

715 1536 855 1590 Item
893 1536 1145 1588 adversus
1173 1534 1401 1587 eosdem.
1440 1535 1704 1588 .Aiiorum
1737 1535 1983 1588 Patrum.

615 1653 670 1704 Si
705 1650 798 1704 Dei
836 1649 1154 1720 ﬁgmentum
1188 1649 1622 1716 pulcherrimum
1687 1651 1849 1704 homo
1874 1649 1942 1703 ad
1999 1648 2133 1701 ima-

539 1744 724 1813 ginem
750 1752 807 1796 et
843 1740 1260 1796 similitudinem
1308 1741 1427 1808 ejus
1481 1739 1658 1795 factus
1685 1751 1790 1802 est.
1860 1741 2138 1810 quomodo

537 1850 627 1889 res
659 1833 1009 1899 Deoindigna
1038 1841 1141 1894 est,
1168 1840 1225 1884 ut
1281 1848 1345 1884 ex
1398 1846 1566 1901 opere
1605 1832 1672 1886 ad
1739 1832 2032 1901 imaginem
2086 1839 2141 1885 et

539 1925 957 1979 similitudinem
1014 1939 1173 1978 suam
1207 1941 1234 1976 a
1271 1939 1332 1978 se
1371 1924 1623 1978 coniecto
1652 1939 1872 1978 carnem
1918 1923 2142 1978 sumat?

462 2067 469 2073 .
537 2019 810 2074 Praeterea
842 2019 886 2072 si
916 2018 1026 2071 Deo
1059 2027 1216 2086 turpe
1282 2033 1393 2070 non
1421 2017 1543 2081 fuit,
1607 2017 1888 2071 hominem
1930 2016 2138 2086 lingere

538 2123 702 2182 atque
723 2112 979 2172 formare,
1001 2111 1278 2179 quomodo
1297 2111 1368 2164 illi
1389 2119 1548 2180 turpe
1567 2112 1691 2173 erit,
1713 2125 1836 2164 eum
1873 2110 2144 2180 reﬁngete

537 2220 603 2259 ac
669 2201 1020 2257 reformare?

609 2297 788 2358 Sisol,
825 2295 914 2364 qui
953 2309 1152 2364 corpus
1182 2303 1265 2346 cst
1304 2293 1686 2361 corruptibile,
1728 2294 1887 2363 longe
1918 2293 2140 2363 lateque

536 2390 721 2443 radios
748 2401 879 2441 suos
911 2386 965 2439 in
1000 2399 1194 2438 omnes
1222 2397 1408 2453 partes
1435 2384 1762 2452 coniicicns,
1798 2385 1850 2438 in
1894 2385 2027 2441 locis
2063 2373 2145 2441 lu-

538 2479 760 2536 tulentis
813 2475 1158 2546 sordidisque
1191 2486 1460 2536 versatur,
1513 2490 1616 2532 nee
1647 2485 1828 2529 tamen
1892 2476 2144 2545 inquinat

536 2574 828 2643 puritatem
861 2585 1038 2634 suam,
1069 2569 1165 2622 sed
1201 2568 1275 2622 ita
1327 2567 1532 2624 nitidos
1589 2568 1870 2622 contrahit
1899 2581 1962 2622 ac
2020 2583 2144 2622 rur-

537 2682 660 2721 sum
684 2664 910 2720 dimittit
946 2662 1148 2724 radios,
1179 2669 1237 2714 ut
1265 2662 1380 2730 ipse
1423 2659 1643 2729 quidem
1691 2659 1830 2714 nihil
1871 2660 2137 2714 contami‘

536 2769 725 2822 netur,
759 2753 1088 2824 corporibus
1118 2763 1299 2806 autem
1334 2752 1454 2805 illos
1479 2751 1880 2820 excipientibus
1911 2752 2144 2806 multum

537 2850 735 2905 aﬂ'erat
772 2848 1026 2902 utilitatis
1058 2868 1070 2903 :
1106 2853 1315 2915 quanto
1342 2844 1514 2914 magis
1535 2843 1626 2897 ille
1660 2843 1888 2913 iustitiae
1913 2843 2029 2908 Sol,
2051 2845 2144 2914 qui

532 2958 722 2997 rerum
768 2941 1038 3004 omnium,
1079 2953 1202 3009 quae
1227 2938 1311 2991 vel
1342 2951 1624 3006 corporeae
1675 2946 1825 3001 sunt,
1891 2937 1977 2991 vel
2030 2951 2146 2992 cor-

533 3037 689 3106 poris
721 3043 999 3105 expertes,
1034 3033 1266 3089 effector
1299 3041 1404 3093 est,
1440 3031 1493 3084 in
1563 3044 1786 3084 carnem
1843 3044 2036 3100 puram
2089 3039 2145 3084 et

540 3146 573 3185 a
621 3144 680 3184 se
741 3128 1031 3184 formatam
1064 3127 1365 3196 ingressus,
1400 3138 1502 3177 nec
1529 3124 1794 3177 maculam
1857 3123 1971 3192 ipse
2005 3137 2141 3176 cou-

539 3220 710 3275 traxit
746 3219 934 3283 ullam,
982 3231 1036 3271 ct
1078 3232 1199 3272 eam
1248 3217 1420 3284 ipsam
1453 3230 1676 3270 carnem
1707 3214 1984 3284 puriorem
2013 3231 2142 3270 san-

538 3315 878 3382 ctioremque
910 3310 1148 3365 reddidit
1184 3311 1205 3362 ?

843 3494 1160 3548 Damasceni
1189 3491 1254 3546 de
1285 3491 1542 3546 Sabbato.
1579 3488 1709 3554 Cap.
1753 3489 1842 3544 5‘2.

613 3628 916 3682 Sabbatum
951 3625 1072 3680 dies
1108 3625 1376 3694 septimus
1413 3629 1639 3677 Vocatus
1671 3632 1776 3683 est.
1813 3616 2133 3692 etrequiem

541 3720 837 3791 signiﬁcal.
893 3719 1035 3774 Deus
1064 3720 1210 3771 enim
1265 3734 1331 3771 eo
1370 3717 1481 3780 die,
1519 3716 1664 3769 sicut
1708 3715 1785 3768 ait
1827 3716 2133 3784 Scriptura,

541 3814 795 3875 requievit
833 3811 896 3864 ab
925 3811 1172 3879 operibus
1207 3809 1316 3863 suis
1345 3809 1388 3875 ‘,
1423 3819 1484 3862 ut
1517 3823 1784 3862 numerus
1823 3806 2035 3861 dierum
2067 3806 2135 3859 ad

546 3906 846 3975 septimum
903 3919 1078 3972 usque
1114 3915 1466 3972 progressus,
1512 3915 1706 3955 rursus
1740 3901 1793 3952 in
1830 3901 2020 3954 orbem
2057 3913 2141 3952 re-

539 3999 690 4063 deat,
723 4008 887 4066 atque
913 4012 938 4048 a
971 3996 1151 4065 primo
1179 3994 1398 4048 initium
1437 4001 1639 4046 sumat.
1675 3989 1775 4046 Hic
1844 4006 2008 4060 porro
2041 4005 2145 4043 uu-

543 4105 730 4144 merus
765 4089 908 4158 apud
937 4087 1160 4142 Judzeos
1191 4087 1245 4141 in
1291 4088 1506 4142 honore
1537 4096 1620 4142 est
1667 4105 1680 4140 :
1723 4087 1927 4156 quippe
1973 4101 2139 4156 quem

545 4181 694 4235 Deus
749 4180 852 4231 euli
889 4177 1235 4247 praeceperit,
1285 4178 1452 4247 idque
1484 4193 1594 4230 non
1631 4177 2005 4241 defunctorie,
2038 4179 2136 4232 sed

545 4271 885 4342 gravissimis
931 4270 1097 4324 etiam
1151 4271 1332 4339 pinnis
1362 4272 1585 4325 statutis
1618 4273 1670 4324 in
1707 4286 1822 4334 eos,
1877 4271 1970 4338 qui
2007 4271 2140 4324 illud

535 4363 878 4434 transgressi
907 4363 1158 4416 essent“.
1213 4359 1325 4416 Nec
1355 4377 1485 4416 vero
1514 4373 1601 4416 tea
1627 4377 1722 4415 ere
1764 4363 1814 4417 id
1851 4362 1941 4416 ille
1967 4363 2141 4432 impe-

547 4455 709 4519 ravit,
751 4453 843 4507 sed
904 4451 1072 4506 certis
1119 4452 1443 4520 quibusdam
1503 4452 1811 4506 rationibus
1844 4452 2138 4514 adductus,

545 4561 681 4616 quas
711 4546 825 4600 veri
865 4543 1179 4613 spirituales
1208 4544 1517 4614 mentisque
1545 4544 1958 4614 perspiracitate
1993 4558 2136 4614 prte-

544 4640 645 4693 diti
682 4639 1013 4709 intelligunt.

618 4755 897 4822 Quantum
957 4762 1144 4808 autem
1207 4768 1329 4822 ego,
1395 4753 1645 4823 alioquin
1708 4753 2020 4823 imperitus,
2052 4767 2139 4806 as-

547 4843 704 4910 sequi
773 4856 996 4911 possum
1057 4841 1164 4910 (ut
1233 4843 1301 4895 ab
1364 4840 1724 4896 inferioribus
1780 4857 1844 4895 ac
1898 4843 2138 4896 crassio-

546 4936 703 4988 ribus
737 4933 996 5004 incipiam
1034 4932 1074 5003 ),
1105 4948 1230 4986 cum
1282 4933 1449 4987 sciret
1481 4932 1622 4988 Deus
1650 4933 2010 4989 Israeliticum
2044 4950 2141 5004 po-

547 5027 732 5098 pulum
764 5026 1023 5095 pinguem
1061 5039 1207 5088 esse,
1244 5034 1299 5078 et
1331 5025 1480 5078 carni
1513 5023 1814 5088 addictum,
1848 5025 2013 5095 inque
2053 5043 2141 5080 res

548 5111 798 5172 terrenas
832 5119 1081 5188 impense
1115 5133 1372 5189 pronum,
1404 5131 1511 5172 nec
1566 5117 1919 5172 discretionis
1949 5119 2134 5182 ullius,

549 5214 688 5266 hanc
720 5212 890 5281 legem
942 5213 1119 5266 sanxit
1173 5231 1184 5264 :
1253 5213 1517 5282 primum,
1546 5219 1602 5262 ut
1633 5227 1811 5264 servus
1840 5221 1888 5264 et
1920 5211 2135 5279 jumen-

549 5317 659 5359 tunt
713 5305 1116 5375 requiescerent,
1170 5303 1315 5357 sit-ut
1361 5304 1626 5372 scriptum
1682 5313 1764 5357 est
1818 5301 1863 5358 ⁸.
1919 5301 2134 5356 Etenim

550 5409 718 5452 mstus
779 5398 1062 5450 miseratur
1117 5399 1327 5448 animas
1387 5397 1749 5463 jumentorum
1802 5409 2017 5447 suorum
2061 5393 2082 5423 ⁷
2124 5410 2136 5445 :

551 5494 745 5547 deinde
779 5507 930 5556 vero,
964 5499 1022 5544 ut
1055 5491 1158 5560 ipsi
1191 5489 1426 5544 terrenis
1475 5487 1929 5557 occupationibus
1958 5485 2132 5538 feriati

625 5724 636 5752 '
672 5723 810 5774 Osee
847 5738 902 5782 ll,
942 5723 1025 5776 18.
1142 5721 1161 5750 ³
1199 5721 1300 5774 lsa.
1355 5735 1504 5782 unt,
1546 5719 1633 5772 9.0.

507 5788 526 5813 ’⁸
552 5789 894 5845 Dcu1.v.l4.
975 5795 992 5822 ⁷
1014 5792 1179 5846 Prov.
1209 5808 1280 5853 χι,
1315 5791 1398 5843 ill.

1743 5721 1761 5749 ³
1796 5716 1974 5771 Ιιιιεειιι
2031 5727 2199 5772 nm,
2238 5708 2288 5763 Ο.

2373 1537 2501 1592 Ἔτι
2533 1544 2683 1593 κατὰ
2714 1539 2834 1594 τῶν
2859 1543 3083 1599 αὐτῶν.
3133 1545 3379 1613 Ἑτέρων
3403 1547 3702 1614 Πατέρων.

2320 1653 2634 1722 Εξπὶασμα
2651 1654 2786 1708 Θεοῦ
2825 1655 2886 1710 τὸ
2931 1657 3218 1711 κάλλιστον
3272 1663 3300 1713 ὀ
3367 1660 3680 1731 ἄνθρωπος,
3741 1663 3850 1717 καὶ

2250 1747 2372 1798 κατ’
2402 1747 2589 1799 εἰκόνα
2622 1749 2718 1801 καὶ
2749 1750 3011 1816 ὁμοίωσιν
3044 1752 3212 1804 αὐτοῦ
3247 1752 3578 1814 πέπλασται,
3606 1756 3726 1818 πῶς
3753 1756 3853 1809 ἀν⁸

2246 1838 2396 1903 ἀξιον
2423 1839 2558 1891 Θεοῦ
2597 1841 2778 1910 σάρκα
2803 1841 2991 1896 λαϐεῖν
3013 1846 3076 1896 ὲκ
3101 1846 3194 1898 τοῦ
3245 1848 3450 1900 οἰκείου
3510 1848 3850 1919 πεπλασμέ-

2245 1950 2334 1984 νου
2363 1951 2376 1998 ;
2415 1934 2522 1987 Καὶ
2553 1936 2602 1988 εἰ
2632 1935 2692 1988 τὸ
2724 1937 2988 1990 πλάττειν
3007 1939 3100 1992 τὸν
3139 1940 3430 2010 ἄνθρωπον
3487 1943 3590 1995 οὐκ
3645 1943 3854 2014 αισχὸ-

2246 2036 2340 2086 νην
2373 2021 2450 2090 τῷ
2478 2021 2598 2089 Θεῷ
2633 2024 2811 2093 φέρει,
2847 2025 2965 2089 πῶς
2987 2026 3048 2080 τὸ
3103 2029 3470 2084 ἀναπλάττειν
3519 2032 3682 2086 αὑτὸν
3751 2033 3856 2087 αἱ·

2248 2110 2450 2182 σχύνην
2482 2114 2699 2182 ὲνέγκει
2725 2135 2738 2180 ;

2322 2290 2498 2362 Εἴπερ
2565 2297 2592 2346 ὁ
2623 2295 2776 2363 ἥλιος
2806 2298 2968 2368 σῶμα
3000 2300 3242 2370 φθαρτὸν
3275 2302 3350 2356 ὢν
3406 2304 3687 2376 πανταχοῦ
3739 2309 3861 2374 τὰς

2247 2384 2474 2445 ἀκτῖνας
2545 2387 2752 2455 ἀφιεὶς,
2816 2391 2912 2444 καὶ
2971 2391 3257 2465 βορϐόροις
3316 2398 3412 2451 καὶ
3468 2398 3664 2467 ptinet;
3718 2404 3862 2469 ὸμι·

2246 2474 2375 2542 λῶν,
2417 2477 2570 2531 οὐδὲν
2599 2481 2708 2534 ἀπὸ
2739 2484 2847 2537 τῶν
2901 2491 3238 2556 σωματικῶν
3293 2491 3504 2546 τούτων
3558 2494 3859 2562 μολυσμά-

2246 2585 2356 2621 των
2386 2571 2464 2634 εἰς
2528 2574 2630 2646 τὴν
2686 2577 2882 2631 ἑαυτοῦ
2935 2581 3290 2653 καθαρότητα
3357 2585 3855 2656 παραϐλάπτεται,

2250 2660 2502 2736 καθαρὰς
2559 2667 2616 2718 δὲ
2677 2670 2774 2734 τὰς
2839 2674 3066 2737 ἀκτῖνας
3117 2676 3448 2744 συστέλλων,
3509 2679 3606 2731 καὶ
3678 2678 3860 2734 πάλιν

2249 2757 2454 2824 ἀφιεὶς,
2481 2759 2644 2824 αὐτὸς
2676 2761 2779 2830 μὲν
2801 2763 2911 2818 οὐδ’
2943 2767 3081 2832 ὅλως
3124 2768 3440 2838 μολύνεται,
3481 2774 3598 2834 τοῖς
3651 2772 3857 2826 ὑποδε-

2249 2849 2504 2918 χομένοις
2533 2853 2591 2905 δὲ
2637 2853 2833 2909 τοῦτον
2908 2859 3130 2928 σώμασι
3221 2862 3427 2934 πολλῆς
3485 2865 3861 2935 μεταδίδωσιν

2249 2939 2542 3009 ὠφελείας,
2575 2947 2758 3016 πολ)ιῷ
2790 2952 2996 3020 μᾶλλον
3025 2956 3052 3006 ὀ
3107 2954 3210 3025 τῆς
3249 2958 3607 3029 δικαιοσύνης
3662 2961 3856 3030 ἥλιος,

2249 3032 2393 3086 ὁκαὶ
2413 3034 2509 3088 τοῦ
2541 3036 2718 3106 ἡλίου,
2757 3042 2849 3094 καὶ
2871 3043 2980 3095 τῶν
3021 3047 3317 3116 σωμάτων,
3373 3052 3470 3104 καὶ
3519 3051 3628 3105 τῶν
3688 3055 3858 3108 ἀσω-

2171 3161 2213 3218 c
2251 3126 2442 3194 μάτων
2476 3130 2814 3202 δημιουργὸς
2849 3137 2931 3198 εἰς
2962 3139 3210 3210 καθαρὰν
3229 3141 3401 3194 ἐλθὼν
3427 3143 3626 3214 σάρκα,
3654 3148 3750 3198 καὶ
3777 3147 3855 3219 ἢν

2249 3219 2412 3282 αὐτὸς
2457 3220 2718 3290 ἔπλασεν,
2754 3226 2814 3278 οὐ
2850 3229 3011 3297 μόνον
3059 3232 3161 3285 οὐκ
3215 3234 3511 3304 ὲμολύνθη,
3564 3237 3704 3290 ἀλλὰ
3747 3241 3853 3296 καὶ

2255 3311 2426 3380 αὐτὴν
2456 3311 2858 3386 καθαρωτέραν
2889 3321 2984 3372 καὶ
3029 3322 3345 3395 ἁγιωτέραν
3415 3328 3740 3398 εἰργάσατο.

2252 3490 2362 3546 Τοῦ
2386 3496 2788 3564 Δαμασκηνοῦ
2824 3501 2975 3568 περὶ,
2988 3504 3095 3554 τοῦ
3117 3503 3447 3561 Σαϐϐἀτου.
3471 3508 3829 3579 Κεφάλ..1,β’.

2337 3613 2614 3708 Σόιϐϐατον
2644 3619 2676 3689 ἡ
2703 3621 2904 3694 ἑϐδόμη
2939 3626 3121 3694 ἡμέρα
3151 3629 3415 3701 κέκληται
3433 3649 3446 3664 ·
3477 3634 3634 3704 δηλοῖ
3654 3637 3713 3690 δὲ
3741 3637 3840 3708 τὴν

2266 3704 2628 3794 καταπαυσιν.
2706 3709 2793 3763 Ἑν
2843 3714 2982 3784 αὐτῇ
3030 3718 3141 3788 γὰρ
3197 3721 3582 3778 κατέπαυσεν
3630 3729 3664 3779 ό
3697 3704 3849 3794 Θεδς

2264 3792 2383 3888 (ἐπὸ
2435 3796 2678 3888 πάντων
2729 3800 2848 3855 τῶν
2886 3804 3076 3873 ἔργων
3122 3811 3333 3875 αὐτοῦ,
3377 3813 3455 3876 ὥς
3485 3831 3618 3884 φησι
3650 3818 3684 3888 ή
3721 3792 3852 3872 θεία

2265 3882 2488 3978 Γραςρή·
2523 3887 2602 3940 διὸ
2633 3891 2728 3944 καὶ
2758 3893 2950 3964 μέχρις
2979 3898 3120 3951 ἑπτὰ
3159 3901 3188 3952 ὁ
3230 3882 3578 3976 τῶν-ἡμερῶν
3609 3882 3853 3978 ἀριθμὸς

2265 3975 2576 4042 προϐαίνων
2599 4020 2616 4044 ,
2650 3983 2811 4036 πάλιν
2847 3987 3267 4057 ἀνακυκλοῦται,
3307 3997 3400 4048 καὶ
3428 3997 3535 4050 ἀπὸ
3561 3975 3659 4066 τῆξ
3685 3975 3854 4071 πρώ-

2264 4078 2363 4132 της
2381 4067 2629 4135 ἄρχεται.
2661 4066 2830 4136 Οὗτος
2853 4076 2880 4127 ὁ
2905 4079 3138 4149 ἀριθμὸς
3164 4082 3343 4152 τίμιος
3365 4088 3514 4155 παρὰ
3545 4066 3853 4155 Ἰουδαίοις,

2263 4155 2358 4206 τοῦ
2391 4156 2526 4209 Θεοῦ
2562 4163 2967 4230 προστάξαντος
2988 4171 3256 4240 τιμᾶσθαι
3278 4176 3461 4240 αὑτὸν,
3497 4178 3592 4247 οὐχ
3607 4179 3689 4243 5b;
3717 4180 3856 4235 ἔτυ-

2267 4262 2381 4343 χεν,
2415 4248 2550 4343 ἀλλὰ
2604 4255 2699 4343 καὶ
2734 4257 2871 4325 μετὰ
2925 4259 3242 4331 βαρυτάτων
3276 4267 3368 4319 ἐπὶ
3413 4271 3476 4338 τῇ
3525 4273 3855 4339 παραϐάσει

2266 4335 2576 4423 επιτιμίων.
2611 4342 2721 4412 Οὐχ
2762 4343 2949 4409 ἁπλῶς
2995 4349 3053 4402 δὲ
3106 4351 3264 4406 τοῦτο
3293 4335 3646 4423 προσέταξεν,
3703 4361 3855 4418 ἀλλὰ

2263 4422 2350 4476 διά
2383 4443 2535 4487 τινας
2572 4435 2852 4500 μυστικῶς
2878 4440 2990 4501 τοῖς
3025 4451 3415 4512 πνευματικοῖς
3444 4465 3504 4501 τε
3539 4452 3631 4504 καὶ
3659 4451 3859 4522 διορα-

2265 4521 2434 4580 τικοῖς
2473 4527 2913 4593 κατανοουμένας
2945 4533 3144 4596 αἰτίαις.

2338 4759 2426 4821 Ὠς
2461 4759 2561 4830 ἐμὲ
2595 4759 2725 4828 γοῦν
2765 4761 2967 4828 γνῶναι
3006 4779 3096 4813 τον
3131 4762 3348 4831 ἀμαθῆ·
3393 4762 3458 4813 't'v’
3495 4764 3557 4813 ἐκ
3586 4761 3695 4813 τῶν
3737 4777 3858 4814 κα-

2257 4850 2507 4918 τωτέρων
2537 4851 2631 4901 καὶ
2679 4851 3000 4920 παχυτέρων
3032 4851 3284 4920 ἄρξωμαι
3306 4865 3320 4880 ⁶
3364 4851 3520 4912 εἰδὼς
3549 4854 3576 4904 ὁ
3608 4851 3741 4912 Θεὸς
3786 4855 3861 4906 τὸ

2260 4939 2404 5006 παχύ
2436 4956 2492 4990 τε
2541 4941 2635 4991 καὶ
2691 4940 3045 5009 φιλόσαρκον,
3103 4939 3198 4990 καὶ
3229 4939 3366 5009 πρὸς
3400 4939 3498 5009 τὴν
3537 4938 3668 5008 ὓλην
3702 4938 3861 5003 ὅλως

2261 5031 2572 5100 απορρεπὲς
2622 5030 2716 5082 τοῦ
2775 5029 3110 5099 Ἰσραηλίτου
3168 5027 3321 5089 λαοῦ,
3381 5028 3499 5096 ἅμα
3537 5027 3592 5080 δὲ
3652 5027 3862 5079 καὶτὸ

2263 5122 2573 5191 ἀδιάκριτον
2595 5139 2606 5150 ·
2644 5121 2859 5191 πρῶτον
2881 5120 3003 5190 μὲν,
3033 5120 3132 5172 ἵνα
3170 5121 3203 5171 ό
3225 5118 3444 5183 δοῦλος
3478 5119 3574 5170 καὶ
3608 5116 3674 5168 τὸ
3697 5120 3863 5172 ὐπο-

2264 5211 2460 5278 ζύγιον
2491 5211 2931 5276 dimicationem,
2965 5210 3039 5271 ὡς
3065 5209 3411 5278 γέγραπται·
3460 5209 3650 5278 ἐπειδὴ
3686 5209 3862 5275 ἀνὴρ

2265 5300 2492 5366 δίκαιος
2523 5303 2793 5368 alme/pst
2825 5302 2929 5365 τὰς
2963 5301 3170 5368 ψυχὰς
3212 5298 3448 5366 κτηνῶν
3493 5298 3701 5361 αὑτοῦ,
3729 5300 3860 5368 ἅμα

2267 5394 2352 5445 ἵνα
2383 5393 2438 5445 δὲ
2462 5396 2556 5445 καὶ
2584 5393 2776 5462 σχολὴν
2801 5393 3025 5459 ἄγοντες
3047 5395 3110 5444 ἐκ
3133 5393 3225 5444 τοῦ
3252 5393 3380 5462 περὶ
3412 5391 3511 5459 τὴν
3544 5391 3673 5460 ὓλην
3698 5406 3858 5460 περι-

2260 5487 2537 5554 σπασμοῦ,
2589 5487 2727 5554 πρὸς
2763 5487 2854 5538 τὴν
2885 5486 3016 5537 Θεὸν
3050 5486 3394 5552 συνάγωνται
3419 5525 3435 5544 ,
3489 5487 3547 5536 ὲν
3581 5483 3860 5552 ψαλμοῖς,

2417 5706 2438 5736 δ
2463 5701 2600 5757 Gen.
2637 5716 2696 5760 ιι,
2728 5699 2782 5752 2.
2881 5699 2914 5737 ι⁸
2944 5695 3117 5752 Exod.
3161 5714 3277 5759 χιιι,
3317 5697 3381 5761 6;
3410 5692 3573 5750 Num.
3606 5707 3704 5760 xv,
3733 5692 3847 5753 35.
