4126 6400
567 365 676 429 2'99
1473 372 1489 377 “
1787 360 2171 422 EUTHYMli
2232 362 2593 423 ZaGABENI
3712 357 3821 422 300

554 474 659 540 iam
696 469 801 525 sub
839 470 974 539 lego,
1019 467 1114 523 sed
1148 467 1252 522 sub
1279 465 1456 537 gratia
1496 482 1509 517 :
1560 477 1666 516 non
1701 462 1812 530 jam
1840 476 1906 515 ex
1966 468 2126 529 parte

2250 457 2444 529 χάριν
2497 460 2680 512 οὐκέτι
2739 460 2983 530 μερικῶς
3015 461 3094 533 τῷ
3138 463 3329 536 Κυρίῳ
3378 465 3722 532 δουλεύοντες
3770 474 3838 524 ἐκ

560 563 733 615 solum
767 573 877 629 pra:
902 565 1046 612 metu
1084 555 1316 609 Domino
1343 554 1662 617 servimus;
1711 549 1806 605 sed
1839 548 1905 602 ad
1951 558 2125 603 totum

2250 552 2437 621 φόϐου,
2468 552 2602 605 ἀλλὰ
2633 552 2809 607 πάντα
2833 554 2924 608 τὸν
2953 556 3147 626 χρόνον
3174 559 3274 627 τῆς
3322 558 3467 628 ζωῆς
3510 560 3655 630 αὑτῷ
3702 564 3837 616 ἀνα-

556 661 773 721 tempus
807 645 1326 705 eiconsecrandum
1373 658 1565 698 sumus
1609 640 1859 711 obligazi,
1896 642 2031 695 adeo
2070 646 2129 693 ut

2250 645 2453 698 τιθέναι
2469 644 2793 712 ὀφείλοντες,
2819 647 2910 700 καὶ
2932 647 3019 701 ἀεὶ
3044 648 3138 700 τὸν
3167 648 3372 717 δοῦλον,
3394 651 3483 705 τὸν
3500 652 3672 724 θυμὸν
3687 654 3838 723 λέγω

558 758 718 798 servo
755 741 858 806 illi,
882 741 997 804 'me,
1040 740 1287 806 inquam,
1328 744 1384 790 et
1418 734 1733 804 cupiditati,
1764 732 2052 803 quiescere
2098 744 2129 783 a

2250 736 2342 790 καὶ
2372 735 2474 806 τὴν
2515 736 2834 807 ἐπιθυμίαν,
2871 739 2981 791 ἀπὸ
3029 742 3130 811 τῆς
3169 742 3445 813 ἁμαρτίας
3494 744 3840 798 καταπαύονα

562 841 810 901 peccato,
844 829 1062 898 Deoque
1092 826 1352 882 feriatum
1384 840 1508 881 esse
1552 823 1893 894 iubeamus;
1946 828 2132 875 erecta

2250 843 2354 889 τες.
2384 827 2478 881 καὶ
2514 826 2591 897 τῷ
2625 828 2744 895 Θεῷ
2783 829 3069 899 σχολάζειν
3123 833 3543 903 ἐπιτρέποντες·
3574 836 3674 907 τὴν
3729 838 3835 907 μὲν

561 922 782 992 quidem
825 929 1093 991 perpetuo
1123 932 1324 971 versus
1354 915 1525 971 Deum
1556 914 1885 985 cupiditate,
1922 922 2132 966 armata

2250 914 2540 985 ἐπιθυμίαν
2570 914 2788 970 ἃπασαν
2815 918 2902 971 ἀεὶ
2929 919 3067 988 πρὸς
3089 920 3221 973 Θεὸν
3245 921 3633 990 ἀνατείνοντες,
3657 925 3749 978 τὸν
3775 926 3833 979 δὲ

561 1028 692 1069 vero
738 1019 930 1068 contra
972 1011 1066 1065 Dei
1117 1010 1305 1064 hostes
1353 1007 1680 1062 iracundia:
1714 1020 1779 1058 ac
1825 1004 2136 1075 jumentum

484 2940 495 2957 ‘
588 2937 720 2987 sunt
747 2926 1050 2984 introituri.

563 1105 715 1165 item,
741 1118 942 1171 corpus
965 1102 1247 1169 nimirum,
1270 1114 1297 1151 a
1326 1097 1539 1167 peccati
1569 1096 1837 1152 servitute
1864 1095 1997 1149 dato
2021 1092 2137 1146 otio

565 1210 901 1259 recreemus,
934 1204 989 1249 et
1025 1192 1091 1247 ad
1140 1190 1554 1247 inserviendum
1599 1187 1807 1243 divinis
1849 1184 2143 1257 praeceptis

565 1286 984 1356 compellamus.

641 1377 767 1433 "me
792 1384 922 1433 sunt
957 1390 1079 1445 qum
1109 1373 1418 1446 spiritualis
1446 1370 1653 1429 Christi
1676 1372 1766 1425 lex
1810 1368 1971 1424 nobis
2003 1366 2142 1422 indi-

573 1470 669 1535 cit,
700 1485 900 1541 quam,
927 1468 1019 1538 qui
1052 1464 1395 1526 custodiunt,
1423 1461 1657 1517 Mosaica
1690 1461 1808 1529 lege
1833 1461 2145 1529 superiores

568 1563 874 1618 exsistunt.
898 1559 1057 1622 Nam,
1100 1573 1164 1612 ex
1197 1571 1308 1626 quo
1344 1555 1494 1609 venit
1530 1552 1676 1623 quod
1710 1551 2007 1620 perfectum
2037 1556 2142 1616 est,

569 1661 900 1707 evacuatum
934 1659 1018 1707 est
1049 1648 1194 1719 quod
1230 1662 1293 1702 ex
1329 1652 1483 1715 parte
1506 1650 1629 1697 erat
1679 1646 1732 1708 ις
1762 1655 1827 1696 ac
1851 1641 2027 1696 scisso
2047 1654 2144 1710 per

573 1743 887 1799 Salvatoris
921 1754 1145 1796 crucem
1188 1742 1508 1807 legumento

571 1836 680 1902 eis,
717 1841 1023 1901 sanctoque
1057 1828 1264 1897 Spiritu
1300 1827 1476 1896 igneis
1518 1823 1718 1894 linguis
1760 1823 2142 1885 illucescente,

573 1925 758 1982 littera
793 1921 1089 1987 obsolevit,
1127 1916 1442 1987 corporalia
1487 1918 1802 1984 cessarunt,
1828 1919 1880 1964 et
1924 1910 2144 1980 impleta

572 2019 691 2089 lege
718 2013 1026 2075 servitutis,
1060 2012 1150 2065 lex
1183 2005 1462 2063 libertatis
1500 2004 1665 2059 nobis
1684 2003 1885 2058 donata
1911 2010 2014 2055 est.
2050 1999 2147 2054 At-

573 2124 684 2180 que
784 2104 1088 2176 perfectam
1118 2102 1371 2156 humanae
1396 2106 1615 2153 natura
1640 2094 1888 2164 requiem
1913 2091 2152 2147 celebra-

573 2216 724 2267 mus,
758 2199 865 2254 boc
896 2203 986 2253 est
1012 2190 1442 2251 resurrectionis
1474 2189 1644 2252 diem,
1668 2186 1724 2241 in
1752 2198 1862 2255 qua
1891 2182 2152 2238 Dominus

575 2291 758 2352 Jesus.
795 2290 922 2345 vita
950 2294 1143 2343 auctor
1170 2292 1227 2339 et
1261 2282 1537 2345 Salvator,
1582 2294 1684 2335 nos
1712 2277 1779 2331 ad
1824 2275 2151 2346 promissam

576 2383 689 2438 illis
715 2382 808 2452 qui
852 2378 1126 2451 spirituali
1162 2376 1312 2432 cultu
1344 2373 1456 2430 Deo
1476 2371 1752 2442 serviunt,
1776 2367 2154 2437 hereditatem

580 2473 917 2539 introduxit;
943 2472 996 2526 in
1022 2485 1184 2542 quam
1210 2467 1469 2523 nimirum
1494 2466 1612 2535 ipse
1637 2474 1947 2534 praecursor
1970 2463 2156 2521 noster

580 2567 870 2637 ingressus
904 2570 1011 2627 est,
1050 2567 1345 2632 postquam
1372 2573 1403 2612 a
1443 2563 1625 2612 morte
1653 2551 1720 2608 ad
1754 2553 1920 2606 vitam
1969 2548 2156 2637 rediit,

583 2635 940 2714 etireseratis
971 2649 1379 2724 patefactisque
1410 2647 1519 2702 sibi
1560 2644 1685 2700 εωιί
1722 2641 1933 2712 jauuis,
1974 2639 2028 2692 in
2057 2635 2160 2691 Pa-

588 2751 690 2803 tris
724 2748 951 2802 dextera
1000 2740 1304 2798 secundum
1355 2751 1560 2806 corpus
1613 2733 1889 2797 consedit,
1937 2744 2047 2798 quo
2080 2726 2161 2783 illi

586 2840 755 2896 etiam
808 2836 903 2907 qui
955 2833 1059 2905 legi
1102 2830 1344 2903 Spiritus
1393 2840 1602 2883 morem
1646 2828 1866 2896 gerunt,
1900 2820 2161 2887 deinceps

858 3011 1128 3077 Quocirca
1169 3009 1237 3064 ad
1287 3021 1433 3073 nos,
1513 3006 1607 3078 qui
1663 3005 1887 3076 spiritu,
1928 3019 1994 3059 ac
2047 3014 2159 3058 non

578 3101 763 3157 littera
793 3100 1126 3164 incedimus,
1150 3100 1337 3154 omnis
1369 3097 1678 3152 carnalium
1707 3110 1889 3151 rerum
1920 3094 2159 3165 abjectio

583 3199 821 3261 spectat,
863 3191 1156 3260 cultusque
1190 3189 1523 3260 spiritualis,
1549 3195 1605 3244 et
1629 3202 1754 3242 eum
1779 3187 1888 3242 Deo
1924 3185 2160 3255 conjun-

584 3283 716 3336 ctio.
769 3279 1137 3335 Circumcisio
1197 3280 1440 3350 quippe,
1512 3292 1795 3349 corporeae
1857 3275 2159 3347 voluptatis

585 3386 884 3441 rerumque
915 3369 1315 3440 superﬂuarum
1350 3385 1414 3425 ac
1446 3370 1676 3426 minime
1723 3369 2161 3424 necessariarum

584 3469 673 3516 est
694 3460 951 3528 nbjeetio.
990 3459 1328 3531 Prmputium
1367 3475 1500 3515 vero
1527 3460 1664 3515 nihil
1703 3446 1854 3514 aliud
1901 3468 2008 3521 est,
2047 3456 2158 3512 nisi

587 3551 861 3623 superﬂua
903 3552 1049 3607 cutis
1084 3554 1318 3607 membri
1349 3553 1500 3609 illius
1531 3553 1586 3607 in
1621 3566 1733 3622 quo
1768 3549 1940 3606 libido
1958 3551 2159 3607 cietur.

586 3646 779 3700 Otuuis
809 3659 976 3715 porro
1003 3645 1279 3714 voluptas,
1306 3660 1427 3714 qua:
1452 3657 1558 3700 nec
1578 3660 1647 3698 ex
1677 3643 1808 3704 Deo.
1835 3657 1935 3697 nec
1960 3642 2019 3696 in
2052 3640 2165 3696 Deo

584 3736 822 3805 capitur,
846 3736 1145 3806 voluptatis
1167 3745 1255 3791 est
1275 3736 1553 3807 superﬂua
1575 3736 1777 3806 portio,
1796 3734 1959 3804 cujus
1985 3736 2160 3805 ﬁgura

587 3828 915 3898 przeputium
940 3836 1072 3882 est:
1131 3827 1436 3882 Sabbatum
1495 3839 1676 3883 autem
1737 3836 1825 3881 est
1869 3827 2091 3896 requies
2132 3840 2165 3880 a

588 3926 845 3988 peccato.
870 3918 1244 3983 Quamobrem
1270 3920 1521 3975 duobaec
1547 3934 1718 3975 unum
1754 3934 1986 3988 prorsus
2013 3927 2164 3980 sunt,

587 4017 757 4077 atque
790 4009 864 4061 ita
894 4010 1057 4062 ambo
1089 4009 1274 4071 simul,
1305 4009 1353 4063 si
1386 4008 1456 4063 ab
1487 4008 1553 4062 iis
1606 4008 1699 4077 qui
1743 4009 1942 4076 spiritu
1972 4014 2162 4078 agunt,

2239 1005 2415 1075 θυμὸν
2447 1006 2592 1060 κατᾶ
2613 1005 2722 1059 τῶν
2753 1008 2848 1061 τοῦ
2895 1008 3028 1061 Θεοῦ
3056 1011 3338 1080 δυσμενῶν
3366 1012 3795 1078 καθοπλίζοντες
3813 1030 3829 1046 ·

2239 1098 2333 1152 καὶ
2383 1098 2445 1152 τὸ
2470 1099 2786 1170 ὑποζύγιον,
2843 1102 2964 1171 ἦτοι
3011 1102 3071 1154 τὸ
3103 1102 3285 1173 σῶμα,
3321 1105 3547 1175 ὁμοίως,
3580 1105 3678 1176 τὴν
3720 1106 3829 1175 μὲν

2236 1190 2483 1243 δουλείαν
2507 1192 2607 1261 τῆς
2636 1194 2916 1263 ἁμαρτίας
2950 1195 3353 1262 άναπαύοντες,
3389 1200 3509 1261 ταῖς
3556 1199 3612 1252 δὲ
3651 1199 3832 1264 θείαις

2247 1282 2487 1346 ἐντολαῖς
2523 1282 2979 1353 ἐξυπηρετεῖσθαι
3014 1287 3433 1356 προτρέποντες.

2318 1379 2506 1433 Ταῦτα
2544 1383 2572 1434 6
2596 1379 2965 1450 πνευματικὸς
2989 1381 3121 1451 ἡμίν
3147 1381 3451 1435 ἐντέλλεται
3472 1381 3566 1435 τοῦ
3589 1383 3834 1450 Χριστοῦ

2242 1470 2428 1541 νόμος,
2459 1467 2554 1522 καὶ
2575 1468 2624 1521 οἱ
2648 1468 2836 1521 τοῦτον
2858 1468 3246 1537 φυλάσσοντες,
3270 1467 3559 1539 ὑπέρτεροι
3579 1467 3675 1520 τοῦ
3697 1469 3835 1521 Μω-

2246 1559 2440 1614 σατκοῦ
2466 1561 2636 1629 νόμου
2660 1560 2970 1626 γεγόνασιν.
3013 1558 3291 1622 Ἐλθόντος
3325 1559 3436 1629 γὰρ
3466 1559 3561 1611 τοῦ
3589 1558 3826 1619 τελείου,

2242 1650 2303 1704 τδ
2334 1652 2398 1704 ὲκ
2428 1649 2628 1722 μέρους
2666 1651 3044 1722 κατήργηται,
3081 1647 3175 1702 καὶ
3217 1647 3310 1701 τοῦ
3347 1647 3704 1718 καλύμματος
3729 1647 3830 1699 τοῦ

1732 1732 1849 1787 sive
1898 1731 2020 1785 velo
2066 1730 2142 1785 le-

2250 1741 2432 1811 νόμου,
2460 1741 2579 1812 ἦτοι
2603 1740 2697 1793 τοῦ
2729 1741 3227 1809 καταπετάσματος
3255 1738 3342 1793 διὰ
3386 1740 3485 1808 τῆς
3511 1739 3605 1793 τοῦ
3637 1739 3833 1809 Σωτῆ-

2250 1848 2341 1903 ρος
2387 1830 2776 1902 διαρῤαγέντος
2826 1829 3204 1900 σταυρῶαεως,
3241 1829 3336 1884 καὶ
3380 1829 3475 1882 τοῦ
3504 1828 3834 1897 nvestigare;

2243 1921 2498 1996 πυρίναις
2512 1920 2786 1989 γλώσσαις
2800 1919 3200 1991 ἐκλάμψαντος,
3219 1919 3280 1973 τὸ
3293 1921 3526 1990 γράμμα
3545 1922 3683 1991 κατή
3692 1936 3835 1991 pm-

2242 2030 2353 2076 ται,
2375 2013 2445 2067 τά
2464 2012 2750 2085 σωματικά
2777 2013 3076 2078 πέπαυται,
3103 2013 3201 2066 καὶ
3222 2013 3250 2066 6
3265 2015 3363 2083 τῆς
3389 2012 3632 2075 δουλείας
3661 2013 3838 2083 νόμος

2245 2103 2628 2175 πεπλήρωται,
2660 2104 2756 2157 καὶ
2784 2104 2949 2172 νόμος
2993 2102 3311 2173 ἔλευθερίας
3336 2104 3470 2173 ἡμῖν
3501 2102 3834 2173 δεδώρηται.

2245 2196 2355 2249 Καὶ
2388 2196 2720 2266 ἑορτάζομεν
2746 2194 2848 2265 τὴν
2877 2194 3086 2249 τελείαν
3117 2195 3212 2266 τῆς
3235 2192 3583 2266 ἆνθρωπίνης
3612 2194 3843 2262 φύσεως

2249 2288 2595 2341 κατάπαυσιν
2618 2304 2632 2320 ο
2668 2289 2812 2357 φημὶ
2841 2287 2897 2341 δὲ
2932 2287 3033 2352 τὴν
3057 2285 3157 2356 τῆς
3184 2289 3541 2344 ἀναστάσεως
3592 2284 3837 2357 ἡμέραν,

2248 2380 2308 2432 ἐν
2399 2380 2546 2449 ἡμᾶς
2575 2380 2604 2431 6
2630 2379 2833 2449 Κύριος
2875 2379 3103 2448 Ἰησοῦς,
3126 2379 3154 2431 6
3174 2378 3272 2448 τῆς
3293 2376 3442 2446 ζωῆς
3464 2376 3706 2447 ἀρχηγὸς
3732 2377 3842 2428 καὶ

2250 2470 2465 2540 Σωτὴρ,
2503 2473 2583 2533 είς
2610 2470 2708 2542 τὴν
2737 2469 3158 2540 ἀπηγγελμένην
3188 2471 3299 2531 τοῖς
3332 2465 3716 2536 πνευματικῶς
3749 2465 3845 2536 τῷ

2251 2561 2372 2632 Θεῷ
2397 2562 2724 2633 λατρεύουσι
2750 2561 3084 2633 κληρουχίαν
3129 2558 3537 2631 είσήγαγεν,είς
3569 2558 3636 2628 ἣν
3665 2558 3844 2623 αὖτὶς

2252 2655 2559 2725 πρόδρομος
2590 2655 2747 2725 ήμῶν
2781 2646 3051 2724 εἰσῆλθεν,
3087 2653 3326 2715 ἀναστάς
3361 2654 3427 2705 ὲκ
3462 2652 3696 2721 νεκρῶν,
3731 2653 3844 2704 καὶ

2250 2745 2579 2813 ἀνοιγέντων
2606 2730 2773 2816 ἀὑτῷ
2795 2746 2907 2799 τῶν
2943 2746 3210 2813 οὐρανίων
3242 2743 3451 2807 πυλῶν,
3476 2745 3534 2795 ὲν
3560 2742 3712 2814 δεξιᾷ
3733 2742 3841 2796 τοῦ

2251 2838 2468 2910 Πατρὸς
2493 2838 2753 2892 κεκάθικε
2794 2836 3143 2909 σωματικῶς,
3172 2836 3300 2891 ἔνθα
3334 2837 3428 2889 καὶ
3456 2837 3506 2889 οἱ
3535 2836 3627 2889 τὸν
3660 2853 3840 2890 πνευ-

2192 2934 2236 2993 C
2256 2927 2484 3000 ματικὸν
2511 2926 2806 2999 τηροῦντες
2831 2927 2996 2997 νόμον
3026 2925 3445 2982 εἰσελεύσονται.

2331 3020 2498 3091 Ἡμῖν
2526 3019 2708 3073 τοίνυν
2740 3022 2852 3082 τοῖς
2883 3015 2959 3089 τῷ
2994 3017 3267 3089 πνεύματι
3310 3015 3608 3086 στοιχοῦσι,
3643 3015 3738 3069 καὶ
3768 3018 3841 3071 οὔ

2249 3111 2331 3182 τῷ
2363 3105 2675 3181 γράμματι,
2707 3111 2858 3164 πᾶσα
2889 3112 2923 3180 ἠ
2960 3109 3070 3162 τῶν
3118 3109 3401 3178 σαρκικῶν
3443 3110 3590 3161 ἔστιν
3627 3108 3844 3162 ἀπόθε-

2255 3218 2360 3266 σις,
2385 3203 2479 3256 καὶ
2509 3204 2542 3273 ἡ
2569 3201 2915 3273 πνευματικὴ
2951 3202 3196 3274 λατρεία,
3228 3202 3372 3271 καὶὴ
3396 3201 3530 3275 πρὸς
3554 3202 3686 3255 Θεὸν
3707 3219 3842 3257 συν-

2255 3291 2743 3363 άφεια.ῐΙεριτομὴ
2793 3290 2892 3362 μὲν
2923 3292 3034 3362 γάρ
3085 3295 3234 3346 ἐστιν
3289 3293 3323 3363 ἠ
3371 3292 3470 3362 τῆς
3513 3294 3843 3364 σωματικῆς

2254 3385 2468 3454 ἡδονῆς,
2499 3385 2593 3437 καὶ
2617 3382 2726 3437 τῶν
2757 3384 3051 3454 περιττῶν,
3081 3384 3177 3437 καὶ
3219 3383 3318 3437 οὐκ
3349 3384 3660 3452 ἀναγκαίων
3694 3385 3837 3438 ἀπό-

2254 3475 2423 3538 θεσις-
2468 3473 2827 3545 Ἀκροθυστία
2856 3475 2967 3546 γὰρ
3055 3475 3210 3529 οὐδὲν
3241 3475 3430 3546 ἕτερόν
3473 3475 3646 3551 ἐστιν,
3677 3476 3728 3526 ει
3750 3472 3829 3543 μὴ

2250 3566 2450 3637 δέρμα,
2478 3566 2728 3637 ἡδονικοῦ
2756 3567 2947 3638 μορίου
2995 3567 3338 3637 περίττωμα.
3380 3564 3534 3618 Πᾶσα
3576 3565 3634 3618 δὲ
3669 3564 3837 3635 ἡδονὴ

2259 3658 2335 3727 μὴ
2366 3657 2429 3709 ὲκ
2453 3655 2588 3709 Θεοῦ
2616 3657 2709 3710 καὶ
2731 3659 2789 3709 ὲν
2819 3655 2936 3726 Θεῷ
2969 3655 3231 3726 γινομένη
3275 3654 3602 3727 περίττωμα
3639 3654 3842 3725 ἡδονῆς

2254 3748 2404 3799 ἐστιν
2420 3764 2433 3778 ’
2467 3741 2534 3819 ἧς
2562 3747 2732 3811 τύπος
2754 3750 2787 3818 ἡ
2810 3748 3164 3818 άκροὸυστία.
3188 3747 3464 3801 Σάϐϐατον
3486 3746 3563 3809 δὲ,
3589 3748 3622 3816 ὴ
3647 3746 3710 3799 ὲκ
3734 3744 3844 3814 τῆς

2258 3838 2535 3912 ἁμαρτίας
2599 3841 2966 3906 κατάπαυσις.
3007 3842 3168 3893 Ὥστε
3213 3839 3498 3910 ἀμφότερα
3533 3836 3590 3890 ἓν
3625 3838 3846 3908 τυγχά-

2256 3947 2410 3986 νουσι
2428 3968 2443 3995 ,
2523 3934 2616 3987 καὶ
2638 3932 2812 3997 οὕτως
2837 3934 3128 4004 ἀμφότερα
3161 3931 3283 4003 ἅμα
3329 3932 3434 3985 ὑπὸ
3459 3929 3570 3983 τῶν
3590 3946 3849 4000 πνευμα-

2254 4014 2426 4075 τικῶν
2451 4023 2775 4096 τελούμενα,
2828 4024 2950 4078 οὐδὲ
3003 4026 3104 4096 τὴν
3163 4023 3439 4094 τυχοῦσαν
3482 4021 3847 4092 παρανομίαν

589 4099 982 4162 observentur,
1033 4114 1101 4154 ne
1137 4100 1423 4154 minimam
1463 4100 1687 4170 quidem
1736 4097 1928 4169 ﬂagitii
1981 4108 2159 4153 iratam

2250 4113 2609 4184 -ὶργάζονταμ

589 4199 802 4247 creant.

668 4282 813 4346 Quin
862 4279 997 4337 illud
1056 4296 1277 4351 quoque
1336 4281 1636 4338 notandum
1690 4293 1812 4351 est,
1856 4291 2167 4358 septenario

599 4388 832 4431 numero
889 4388 1132 4444 prasente
1175 4388 1343 4429 omne
1376 4383 1594 4444 tempus
1656 4375 1955 4448 designari,
2013 4383 2170 4451 juxta

600 4476 769 4535 atque
818 4465 1266 4536 sapientissimis
1285 4465 1543 4521 Salomon
1589 4467 1747 4532 dixit,
1781 4474 1909 4525 dare
1963 4484 2170 4540 partem

595 4568 815 4627 srptem,
838 4568 999 4623 atque
1029 4559 1187 4612 etiam
1226 4569 1342 4612 octo
1357 4558 1399 4611 '.
1425 4556 1495 4612 Et
1537 4558 1910 4630 diviniloquus
1943 4563 2110 4616 David
2134 4565 2177 4628 ⁸,

598 4663 724 4705 cum
785 4649 855 4704 de
902 4660 1091 4704 octava
1126 4648 1396 4719 psalmum
1432 4648 1640 4713 ederet,
1688 4649 1757 4703 de
1812 4650 1997 4705 futura
2053 4662 2174 4719 post

607 4743 1070 4797 resurrectionem
1090 4741 1495 4818 instauratione
1524 4757 1707 4796 rerum
1732 4742 1985 4797 canebat.
2018 4745 2169 4810 Quo-

607 4833 776 4899 circa,
807 4833 1251 4901 quandoquidem
1279 4833 1365 4886 lex
1411 4830 1502 4886 die
1557 4832 1794 4900 septimo
1822 4847 1854 4886 a
1884 4824 2168 4902 corporeis

608 4925 776 4980 rebus
796 4936 1020 4981 cessare
1050 4925 1421 4994 precipiebat,
1454 4934 1511 4978 et
1542 4923 1923 4992 spiritualibus
1950 4939 2167 4989 vacare,

612 5031 742 5071 vero
771 5017 1060 5078 Israelita.
1112 5031 1285 5085 eaque
1314 5024 1499 5070 mente
1548 5015 1783 5084 praedite
1810 5030 1935 5085 quae
1993 5016 2165 5071 Deum

617 5108 823 5171 videat,
852 5123 1051 5163 arcana
1070 5107 1286 5162 ratione
1312 5106 1417 5161 hoc
1445 5106 1853 5170 subindicabat,
1887 5122 2167 5177 nunquam

604 5201 658 5255 id
684 5215 793 5255 non
832 5201 1104 5270 agendum
1127 5215 1265 5262 csse.
1295 5206 1355 5253 ut
1386 5213 1510 5255 sese
1531 5197 1644 5253 Deo
1675 5198 1896 5267 oﬂ'erat,
1919 5208 1974 5255 et
2000 5214 2166 5271 supra

600 5308 688 5349 res
721 5306 1012 5363 corporeas
1044 5299 1314 5361 assurgat.

674 5463 689 5493 '
723 5459 743 5515 1
772 5457 896 5513 Cor.
951 5472 1065 5524 xm,
1093 5455 1176 5511 l0.
1255 5457 1273 5486 ¹
1308 5454 1492 5510 Eccle.
1551 5471 1623 5520 τι,
1659 5454 1716 5508 2.
1795 5454 1814 5485 ³
1850 5453 1987 5510 Psal.
2022 5468 2096 5517 vi,
2140 5450 2223 5505 ll.

2333 4296 2453 4352 Ἔτι
2507 4299 2564 4352 δὲ
2622 4301 2798 4355 ίστέον
2850 4302 2930 4355 ὅτι
2976 4305 3005 4356 6
3061 4303 3201 4356 ἑπτὰ
3253 4303 3488 4374 ἀριθμὸς
3514 4303 3692 4357 πάντα
3742 4302 3853 4358 τὸν

2258 4389 2506 4460 παρόντα
2531 4392 2724 4461 χρόνον
2745 4392 2915 4462 δηλοῖ,
2949 4395 3026 4457 ὥς
3064 4409 3229 4463 φησιν
3260 4395 3289 4447 6
3331 4395 3643 4462 σοφώτατος
3676 4393 3853 4446 Σολο-

2264 4481 2402 4552 μῶν,
2431 4481 2644 4537 δοῦναι
2667 4484 2877 4553 μερίδα
2918 4484 3044 4552 τοῖς
3085 4486 3255 4551 ἑπτὰ,
3295 4486 3398 4539 καί
3427 4501 3494 4552 τε
3517 4485 3640 4551 τοῖς
3663 4483 3848 4538 ὀκτώ.

2246 4573 2368 4651 ,Καὶ
2393 4575 2423 4628 ὁ
2455 4573 2723 4645 θεηγόρος
2754 4576 2920 4628 Δαὸὶδ
2948 4576 3079 4649 ’περὶ⁹
3108 4576 3206 4648 τῆς
3239 4575 3684 4647 ὀγδόηςψά).λων,
3706 4577 3851 4644 περὶ

2258 4661 2357 4731 τῆς
2395 4662 2695 4733 μελλούσης
2734 4664 2872 4734 μετὰ
2894 4665 2996 4734 τὴν
3025 4666 3090 4719 ὲκ
3116 4665 3327 4736 νεκρῶν
3347 4665 3643 4720 ἀνάστασιν
3665 4681 3849 4718 κατα-

2261 4752 2508 4817 στάσεως
2563 4754 2785 4822 ἐψαλλε.
2839 4755 2949 4826 Τὴν
2987 4755 3224 4827 ἑϐδόμην
3248 4752 3343 4811 οὖν
3368 4757 3605 4828 ἡμέραν,
3637 4756 3855 4827 ἀργίαν

2263 4842 2365 4911 μὲν
2394 4841 2548 4909 άγειν
2571 4843 2636 4896 ὲκ
2663 4844 2777 4896 τῶν
2804 4847 3153 4915 σωματικῶν,
3179 4849 3294 4911 τοῖς
3346 4847 3404 4901 δὲ
3443 4851 3856 4918 πνευματικοῖς

2238 4935 2670 5004 ’ἑνασχολεϊσθαι
2705 4936 3067 5007 προστάσσων
3086 4938 3116 4989 6
3139 4938 3323 5007 νόμος,
3356 4938 3633 5008 μυστικῶς
3655 4940 3857 4994 πάντα

2258 5023 2352 5077 τὸν
2398 5025 2590 5096 χρόνον
2644 5027 2726 5096 τῷ
2779 5027 3021 5098 ἀληθινῷ
3063 5027 3299 5099 Ἰσραὴλ,
3331 5030 3425 5083 καὶ
3468 5029 3595 5085 νοῦν
3625 5029 3855 5101 ὁρῶντα

2256 5114 2392 5169 Θεὸν
2416 5116 2616 5186 ἔχοντι,
2665 5118 2933 5189 ὑπέφηνε,
2989 5118 3068 5188 τῷ
3116 5118 3238 5190 Θεῷ
3275 5119 3470 5174 ἑαυτὸν
3514 5119 3848 5191 προσάγειν,

2260 5209 2353 5261 καὶ
2388 5208 2642 5279 ὑπεράνω
2664 5209 2776 5263 τῶν
2818 5210 3150 5281 σωματικῶν
3178 5210 3447 5277 γίνεσθαι.
