4126 6418
484 397 587 458 3Ἴ3

1727 375 2112 442 EUTHYMII
2155 371 2517 435 ZlGABENI

3661 363 3770 429 30$

495 525 678 569 rerum
724 506 1080 577 praesentium
1135 499 1405 556 desiderio
1452 496 1828 560 contabescat,
1870 491 1964 548 sed
1997 491 2082 545 his

2206 482 2587 557 ιατορθώματα
2609 479 2667 534 τὸ
2699 480 2902 551 ἀρετὴν
2934 476 3176 541 ἑλέσθαι,
3206 475 3298 529 καὶ
3327 476 3525 528 κακίαν
3546 478 3769 545 φυγεῖν.

490 604 691 675 Spretis
738 611 902 669 atque
951 593 1299 665 contemptis,
1335 592 1548 646 futuras
1573 594 1813 658 expetat,
1849 593 1903 640 et
1943 581 2079 638 assi-

497 697 604 751 due
650 692 874 763 cogitet.
898 692 956 744 in
988 683 1410 742 circumcisione
1455 697 1586 736 vero
1627 679 1781 750 quid,
1825 687 1884 732 ut
1907 685 2076 741 recte,

482 800 547 845 .ct
611 787 896 842 voluntate
985 781 1188 836 factum
1271 774 1607 832 laudabitur?
1669 773 1776 827 Sed
1834 781 2079 826 amentes

490 899 554 937 ac
605 895 769 935 sensu
833 882 1089 946 expertes
1125 871 1295 926 Judaei
1347 871 1576 925 veritate
1651 867 1760 937 jam
1811 866 2078 935 patefacta

493 979 547 1029 in
582 973 769 1027 umbra
797 969 978 1024 adhuc
1007 964 1220 1026 sedent,
1267 976 1504 1028 cumque
1575 959 1655 1015 sol
1703 957 1887 1011 radios
1952 971 2082 1010 suos

465 1068 545 1120 -in
583 1078 776 1119 omnes
808 1068 996 1131 partes
1046 1055 1322 1118 eliuderit,
1388 1052 1567 1107 adhuc
1613 1049 2083 1120 exiguaelucerna:

488 1157 684 1212 lumini
721 1154 1018 1207 inhaerent.
1049 1149 1114 1201 Et
1148 1145 1463 1216 postulante
1518 1144 1638 1213 jam
1706 1150 1955 1210 tempore
2026 1147 2085 1193 ut

490 1251 663 1304 solido
693 1246 818 1302 cibo
843 1242 1188 1304 nutriantur,
1225 1254 1335 1293 non
1399 1247 1628 1307 possunt
1658 1250 1688 1288 a
1711 1235 1850 1288 lacte
1911 1232 2086 1287 dimo—

492 1343 625 1405 veri,
657 1353 761 1394 nec
815 1339 1034 1392 beatum
1099 1333 1328 1387 Paulum
1389 1330 1585 1385 audire
1615 1329 1804 1383 volunt
1859 1327 1932 1382 ita
1979 1326 2088 1381 cla-

491 1445 754 1499 mantem,
803 1441 859 1485 et
894 1429 1166 1484 dicentem
1208 1426 1275 1481 de
1332 1423 1646 1495 patriarcha
1685 1439 1699 1474 :
1761 1420 1830 1475 Et
1877 1421 2088 1490 signum

499 1528 702 1596 accepit
751 1523 1169 1580 circumcisionis
1223 1518 1558 1589 signaculum
1603 1514 1832 1584 justitiaa
1879 1513 2001 1581 ﬁdei
2032 1512 2088 1564 in

493 1621 757 1690 prtt’putio
815 1619 854 1674 ί.
935 1615 1101 1670 Vides
1167 1611 1440 1683 quomodo
1493 1609 1581 1664 hic
1642 1622 1742 1663 nos
1799 1617 2090 1675 utrumque

495 1713 764 1778 docuerit,
822 1725 1022 1779 nempe
1053 1707 1420 1778 patriarcliam
1460 1712 1513 1758 et
1545 1703 1686 1775 signi
1745 1703 1920 1772 gratia
1985 1698 2090 1752 cir-

495 1804 890 1858 cumcisionem
933 1802 1234 1871 accepisse,
1265 1808 1319 1854 et
1361 1813 1486 1852 cum
1516 1806 1663 1851 esset
1721 1794 1775 1848 in
1826 1791 2091 1865 praeputio

2182 579 2376 649 Ψυχῆς
2397 575 2730 646 κατόρθωμα
2757 573 2816 626 τὸ
2835 573 2912 642 μὴ
2928 572 3036 625 τῶν
3056 570 3319 624 πλειόνων
3347 568 3616 639 ἐφίεσθαι,
3633 569 3776 624 ἀλλὰ

2185 672 2279 724 καὶ
2339 669 2408 722 τά
2459 668 2589 721 ὄντα
2621 665 2886 736 προέσθαι
2915 667 3029 727 τοῖς
3091 653 3385 734 δεομένοις.
3421 662 3614 732 Ψυχῆς
3649 663 3772 714 ἐστι

2185 761 2522 832 κατόρθωμα
2572 760 2634 811 τὸ
2651 762 2724 830 μὴ
2753 762 2867 822 τοῖς
2892 759 3127 830 παροῦσι
3153 756 3609 826 προστετηκέναι,
3636 753 3778 808 ἀλλὰ

2183 854 2393 907 τούτων
2429 854 2527 923 μὲν
2552 852 2854 922 ύπερορᾷν,
2878 852 2945 903 τά
2987 850 3257 921 μέλλοντα
3283 848 3340 901 δὲ
3392 847 3516 901 καθ’
3533 848 3779 916 ἑκάστην

2184 947 2400 1017 ἡμέραν
2429 943 2824 1014 φαντάζεσθαι.
2863 941 2925 995 Ἥ
2960 943 3235 1013 περιτομὴ
3291 941 3348 993 δὲ
3379 942 3533 993 ποῖον
3587 941 3655 994 ἂν
3688 938 3778 1008 εἴη
3844 949 3854 970 ί

2187 1037 2558 1108 κατόρθωμας
2644 1035 2785 1089 Ἀλλ’
2843 1037 2890 1088 οί
2975 1034 3295 1104 ἀγνώμονες
3346 1033 3444 1086 καὶ¹
3485 1033 3781 1103 ἀχᾶριστοι
3838 1089 3845 1092 _

2201 1104 2574 1195 Ἰουδαῖοι-τῆς
2605 1129 2866 1200 ἀληθείας
2891 1131 3178 1198 φανείσης,
3214 1127 3292 1180 ἔτι
3317 1129 3385 1199 τῇ
3418 1129 3548 1198 σκιᾷ
3588 1143 3783 1194 παρα·
3839 1104 3856 1154 ί

2191 1222 2516 1292 καθήμενοι,
2551 1222 2645 1275 καὶ
2673 1220 2767 1274 τοῦ
2791 1220 2947 1290 ἡλίου
2981 1221 3081 1288 τῆς
3109 1218 3462 1288 δικαιοσύνης
3521 1217 3785 1287 λάμψαν-

2189 1332 2304 1380 τος,
2325 1315 2420 1367 καὶ
2447 1315 2545 1376 τὰς
2585 1316 2810 1376 ἀκτῖνας
2837 1313 2932 1364 τοῦ
2982 1313 3158 1382 φωτὸς
3190 1310 3469 1381 πανταχοῦ
3500 1310 3782 1380 ἀφιέντος,

2197 1409 2278 1459 ἐτι
2319 1407 2399 1477 τῷ
2423 1405 2690 1476 λυχνιαίῳ
2722 1406 2862 1474 φωτὶ
2891 1402 3330 1472 προσηλωμένοι,
3362 1404 3455 1455 καὶ
3505 1403 3645 1473 μετὰ
3681 1401 3783 1453 τὸν

2192 1499 2388 1569 καιρὸν
2414 1498 2513 1565 τῆς
2549 1499 2782 1565 στερεᾶς
2813 1495 3026 1566 τροφῆς
3061 1495 3141 1546 ἐτι
3168 1493 3244 1566 τῷ
3294 1493 3528 1563 γάλακτι
3578 1492 3784 1564 τρεφό-

2196 1607 2375 1661 μενοι,
2410 1587 2530 1641 ούδὲ
2560 1585 2655 1639 τοῦ
2684 1587 2964 1656 μακαρίου
3019 1583 3235 1636 Παύλου
3302 1581 3526 1636 ἀκούειν
3552 1582 3787 1650 ἀνέχονο

2193 1701 2284 1736 ται
2314 1683 2571 1753 βοῶντος,
2593 1682 2688 1733 καὶ
2706 1681 2957 1748 λέγοντος
2989 1695 3055 1730 πε
3069 1679 3120 1749 pi.
3144 1677 3238 1730 τοῦ
3267 1675 3632 1747 πατριάρχου’
3666 1672 3790 1728 Καὶ

2196 1776 2452 1845 σημεῖον
2471 1775 2652 1830 ἔλαϐε
2688 1770 3036 1842 περιτομῆς,
3070 1769 3340 1841 σφαγῖδα
3394 1768 3508 1837 τῆς
3564 1767 3794 1821 δικαιο-

505 1896 776 1967 justitiam
808 1911 872 1949 ex
916 1893 1020 1948 llde
1053 1857 1163 1962 prae
1205 1857 1264 1946 se
1307 1888 1498 1944 tulisse
1528 1888 1551 1940 ?
1607 1885 1744 1941 Nam
1770 1857 1843 1939 ne
1869 1857 2088 1939 Judmus

2206 1871 2394 1936 σύνης
2430 1868 2540 1937 τῆς
2565 1870 2827 1931 πίστεως
2859 1865 2970 1934 τῆς
3039 1865 3110 1919 ἐν
3180 1863 3570 1932 ἀκροϐυστίᾳ.
3637 1861 3799 1930 Ὅρα.

505 1989 854 2059 impudenter
882 1991 1174 2047 assereret,
1203 1990 1261 2037 et
1299 1977 1777 2037 circumcisionetu
1836 1975 1940 2045 ipsi
1998 1974 2090 2045 ju-

500 2082 706 2136 stitiam
733 2079 1001 2143 attulisse,
1034 2077 1236 2130 idcirco
1262 2074 1456 2128 beatus
1485 2070 1576 2126 hic
1603 2069 1670 2124 ad
1699 2069 1867 2140 pedes
1890 2066 2090 2124 Gama-

499 2176 638 2232 lielis
672 2175 904 2229 edoctus
935 2187 996 2226 ea
1045 2185 1166 2240 quae
1206 2168 1271 2223 ad
1307 2166 1630 2238 exquisitam
1673 2165 1806 2235 legis
1838 2163 2091 2234 peritiam

498 2270 793 2338 pertinent,
812 2265 889 2320 Ne
920 2264 1145 2334 putetis,
1183 2261 1379 2330 inquit,
1405 2256 1871 2329 impudentissimi
1889 2255 2089 2319 Judaei,

498 2359 970 2416 circumcisionem
987 2354 1282 2426 quidquam
1306 2355 1355 2407 ei
1381 2351 1448 2406 ad
1470 2349 1737 2420 justitiam
1759 2348 2090 2413 contulisse;

501 2455 701 2508 etenim
751 2466 860 2520 quo
917 2460 1167 2518 tempore
1233 2445 1561 2515 prmputium
1630 2441 1888 2504 habebat,
1972 2457 2093 2494 eam

501 2548 660 2601 tidem
716 2561 829 2614 pra:
892 2557 952 2596 se
1005 2541 1146 2606 tulit,
1179 2550 1239 2593 ut
1291 2535 1554 2592 meruerit
1623 2533 1753 2588 illud
1847 2533 2092 2588 audire:

509 2635 751 2692 Credidit
818 2633 1088 2710 Aobraltam
1163 2629 1294 2690 Deo,
1332 2639 1380 2682 et
1430 2636 1734 2696 reputatum
1782 2625 1862 2678 illi
1890 2635 1968 2679 est
2029 2626 2098 2678 ad

497 2729 776 2799 justitiam
802 2727 846 2781 '.
885 2726 1023 2780 Cum
1058 2723 1222 2792 igitur
1245 2723 1356 2792 jam
1383 2728 1528 2775 esset
1559 2721 1612 2773 in
1639 2719 1849 2789 justitia
1877 2727 2099 2789 propter

504 2825 690 2884 tidem,
742 2829 872 2874 tunc
909 2818 1046 2888 signi
1102 2830 1271 2869 causa
1347 2812 1835 2869 circumcisionem
1861 2812 2094 2882 accepit.

509 2917 638 2969 Item
675 2917 796 2983 ejus
838 2909 1048 2965 nomini
1082 2909 1224 2962 Deus
1292 2905 1626 2960 elementum
1691 2902 1962 2974 adjungit,
2045 2912 2101 2957 et

507 3018 695 3078 postea
732 3003 999 3076 praecipit,
1063 3011 1120 3055 ut
1167 2997 1613 3062 circumcidatur,
1651 3006 1706 3051 et
1754 2995 2011 3052 ostendat
2041 3011 2101 3052 se

509 3107 728 3169 propter
757 3107 1006 3165 magnam
1057 3091 1188 3161 justi
1227 3089 1486 3142 virtutem
1520 3086 1622 3142 sibi
1673 3086 1824 3142 illum
1859 3085 2097 3141 amicum

2192 1965 2311 2026 πῶς
2344 1962 2634 2031 ἀμφότερα
2685 1959 2835 2031 ἡμᾶς
2879 1956 3115 2012 ἐνταῦθα
3157 1957 3362 2022 ἐδίδαξε
3390 1995 3406 2021 ,
3459 1956 3554 2008 καὶ
3574 1955 3655 2008 ὅτι
3682 1970 3796 2024 ση-

2197 2053 2350 2125 μείου
2399 2052 2561 2123 χάριν
2615 2049 2714 2120 τὴν
2766 2046 3075 2119 περιτομὴν
3120 2045 3473 2110 κατεδέξατο,
3533 2043 3628 2097 καὶ
3700 2042 3798 2096 ὅτι

2143 2196 2161 2202 .,
2195 2147 2361 2218 ἡνίκα
2413 2147 2753 2214 ἀκρῖὸυστον
2792 2139 2883 2214 ἦν,
2925 2142 3023 2214 τὴν
3084 2140 3433 2213 δικαιοσύνην
3482 2139 3582 2211 τὴν
3605 2139 3668 2191 ἐκ
3696 2137 3800 2190 πί-

2205 2257 2378 2303 στεως
2419 2237 2755 2304 ἐπεδείξατο.
2807 2237 2926 2290 Ἵνα
2975 2235 3196 2306 γὰρμὴ
3231 2236 3564 2304 ἀναισχυντῇ
3590 2231 3790 2285 δίου-

2195 2333 2364 2399 δαῖος,
2431 2332 2525 2386 καὶ
2553 2331 2724 2402 λέγῃ,
2776 2329 2921 2400 δτιὴ
2965 2326 3238 2398 περιτομὴ
3295 2325 3392 2397 τὴν
3441 2321 3801 2392 δικαιοσύνην

2200 2425 2350 2495 αύτῴ
2381 2423 2742 2496 προεξένησε,
2775 2422 2865 2476 διὰ
2925 2419 3088 2475 τοῦτο
3141 2423 3168 2474 6
3229 2419 3503 2490 μακάριος
3561 2409 3734 2482 οὗτος,
3765 2415 3804 2468 ὁ

2203 2519 2354 2588 παρὰ
2385 2518 2512 2578 τοὺς
2561 2516 2728 2578 πόδας
2771 2513 3056 2584 Γαμαλιήλ
3111 2509 3499 2582 μαθητευθεὶς,
3565 2510 3594 2561 ὁ
3643 2507 3803 2563 κατὰ

2199 2609 2486 2681 ἀκρίϐειαν
2554 2608 2647 2662 τοῦ
2703 2609 2869 2678 νόμου
2912 2606 3217 2669 παιδευθεὶς
3255 2605 3391 2675 φησί
3420 2618 3435 2630 ·
3472 2603 3568 2670 Μὴ
3621 2602 3802 2670 νομί-

2200 2717 2371 2768 σητε,
2422 2696 2470 2755 ὦ
2515 2701 2913 2769 ἀναίσχυντοι
2973 2697 3273 2762 Ἰουδαῖοι,
3303 2697 3392 2749 ὅτι
3431 2695 3467 2764 ή
3498 2691 3798 2764 περιτομή

2202 2813 2254 2849 τι
2295 2797 2384 2862 είς
2431 2795 2836 2862 δικαιοσύνην
2888 2790 3049 2854 αὐτῷ
3077 2790 3473 2845 συνετέλεσε.
3514 2790 3622 2841 Καὶ
3678 2786 3803 2854 γὰρ

2203 2889 2260 2941 ἐν
2310 2887 2389 2959 τῷ
2447 2885 2623 2958 καιρῷ
2676 2886 2778 2954 τῆς
2823 2881 3191 2955 ἀκροϐυστίας
3247 2883 3346 2954 τὴν
3403 2879 3587 2934 πίστιν
3659 2880 3798 2932 ἐπι-

2203 2979 2515 3050 δειξάμενος
2580 2981 2815 3048 ἤκουσεν
2839 2992 2854 3008 ο
2929 2974 3282 3029 Ἐπίστευσε
3308 2971 3376 3024 δὲ
3417 2969 3670 3039 Ἀϐραὰμ
3709 2967 3800 3035 τῷ

2210 3073 2369 3139 Θεῷ,
2448 3072 2546 3124 καὶ
2618 3071 2906 3141 ἐλογίσθη
2978 3067 3140 3132 αὐτῷ
3213 3069 3299 3132 εἰς
3368 3065 3800 3132 δικαιοσύνην.

507 3190 850 3262 adjunxisse,
881 3197 938 3242 et
968 3195 1190 3256 propter
1217 3183 1374 3238 illum
1419 3192 1673 3251 posteros
1703 3181 1868 3235 etiam
1905 3179 2098 3248 ipsius.

2207 3167 2500 3236 Γενόμενος
2529 3163 2621 3218 οὖν
2648 3166 2704 3217 ἐν
2733 3166 2800 3234 τῇ
2825 3161 3144 3236 δικαιοσύνῃ
3164 3159 3252 3214 διὰ
3282 3164 3380 3231 τὴν
3413 3158 3619 3224 πίστιν,
3667 3158 3801 3210 τότε

509 3290 611 3348 Ac,
688 3278 1150 3353 quemadmodum
1203 3276 1294 3346 qui
1358 3289 1578 3330 servum
1631 3273 1985 3343 comparavit,
2049 3282 2104 3327 et

513 3393 713 3432 nomen
747 3375 918 3446 ipsius
952 3382 1007 3426 et
1039 3372 1286 3426 habitum
1343 3368 1667 3439 plerumque
1696 3375 2020 3430 commutat,
2051 3373 2105 3420 et

512 3469 698 3523 omnia
767 3466 918 3526 iacit,
952 3472 1014 3517 ut
1065 3461 1156 3516 ille
1191 3466 1554 3530 cognoscatur
1586 3472 1756 3527 seque
1818 3457 2104 3512 dominum

511 3561 632 3628 ejus
665 3573 785 3612 esse
809 3554 1050 3611 declaret
1080 3570 1092 3605 :
1135 3551 1214 3606 sic
1243 3552 1376 3605 item
1426 3564 1609 3604 rerum
1661 3548 1908 3604 omnium
1934 3547 2102 3612 Deus,

513 3668 638 3707 cum
711 3649 874 3704 vellet
967 3645 1334 3716 patriarcham
1405 3658 1435 3696 a
1497 3642 1726 3712 reliquis
1788 3641 2108 3696 hominibus

516 3745 878 3816 distinguere,
911 3747 968 3795 et
1001 3739 1242 3794 litteram
1297 3749 1463 3791 unam
1505 3740 1624 3806 ejus
1655 3734 1862 3791 nomini
1910 3734 2108 3804 adjun-

517 3855 649 3912 gens
732 3852 858 3892 eum
912 3835 1030 3889 fore
1095 3832 1389 3886 multarum
1467 3829 1708 3900 gentium
1760 3841 1969 3898 patrem
2023 3827 2110 3880 in-

517 3930 738 3994 dicavit,
795 3936 850 3981 et
885 3941 983 3996 per
1013 3922 1488 3978 circumeisionem
1557 3919 1806 3974 ostendit
1841 3916 1946 3975 sibi
2015 3931 2112 3987 ρος

517 4025 709 4096 pulum
734 4020 1018 4080 eximium,
1050 4025 1106 4070 et
1138 4031 1167 4070 a
1196 4077 1204 4084 _
1233 4005 1461 4083 reliquis
1518 4013 1831 4082 sejunctutn
1893 4010 2112 4081 populis

521 4133 589 4172 ex
622 4115 835 4171 semine
865 4113 986 4180 ejus
1007 4110 1277 4164 futurum.
1307 4108 1374 4161 At
1402 4107 1476 4160 illi
1509 4105 1820 4176 ignorantia
1853 4103 2114 4158 obcaecati

522 4206 708 4262 carnis
763 4201 1244 4257 circumcisionem
1299 4197 1482 4251 adhuc
1556 4197 1919 4251 observantes
1995 4210 2107 4248 non

526 4298 768 4352 audinnt’
844 4292 1075 4349 Paulum
1136 4291 1218 4344 sic
1275 4304 1374 4344 eos
1425 4289 1624 4343 iterum
1689 4288 2114 4357 alloquentem:

525 4394 586 4448 Si
611 4385 1087 4449 circumcidamini,
1121 4383 1354 4439 Christ-us
1380 4382 1522 4435 vobis
1549 4381 1679 4434 nihil
1704 4382 1931 4450 proderit
1954 4381 1974 4411 ³
2001 4395 2016 4444 ;
2049 4379 2120 4434 ob

525 4486 580 4539 id
606 4483 752 4538 enim
789 4489 950 4534 natus
966 4487 1052 4532 est
1084 4476 1364 4540 Dominus,
1385 4483 1444 4528 ut
1475 4474 1592 4528 inec
1620 4475 1804 4528 omnia
1855 4473 2118 4528 auferret.

2212 3259 2431 3328 δέχεται
2489 3257 2717 3328 σημείου
2760 3256 2922 3327 χάριν
2985 3254 3084 3326 τὴν
3148 3254 3470 3325 περιτομὴν,
3509 3252 3606 3306 καὶ
3654 3250 3803 3322 ὁμοῦ

2211 3359 2306 3412 καὶ
2333 3356 2410 3426 τῷ
2446 3355 2673 3425 ὀνόματι
2697 3353 2866 3406 αὺτοῦ
2926 3351 2990 3406 τὸ
3017 3353 3284 3420 στοιχεῖον
3315 3348 3624 3418 ἐπιτίθησι,
3699 3348 3804 3400 καὶ

2212 3452 2350 3524 μετὰ
2379 3451 2556 3504 ταῦτα
2581 3450 2682 3520 τὴν
2710 3445 3016 3519 περιτομὴν
3050 3446 3352 3508 ἐπιτάττει,
3381 3443 3468 3497 ἴνα
3499 3441 3669 3513 δείξῃ,
3713 3443 3796 3493 ὅτι

2208 3546 2295 3600 διὰ
2317 3544 2415 3614 τὴν
2446 3542 2657 3612 πολλὴν
2676 3542 2876 3611 ἀρετὴν
2895 3537 3084 3592 λοιπὸν
3115 3537 3207 3592 τὸν
3225 3537 3432 3592 δίκαιον
3457 3535 3788 3608 ᾠκειώσατο,

2211 3639 2306 3693 καὶ
2336 3637 2404 3690 δι’
2434 3639 2639 3688 ἐκεῖνον
2677 3634 2769 3688 καὶ
2802 3634 2930 3696 τοὺς
2959 3633 3019 3698 ἐξ
3074 3629 3243 3684 αὑτοῦ
3302 3631 3621 3699 ἐσομένους.
3690 3625 3802 3679 Καὶ

2212 3731 2470 3799 καθάπερ
2502 3747 2588 3793 τις
2636 3730 2858 3799 οἰκέτην
2882 3725 3248 3795 κτησάμενος,
3283 3722 3546 3784 πολλάκις
3611 3720 3707 3773 καὶ
3739 3718 3806 3771 ea

2213 3823 2388 3893 δνομα
2435 3822 2607 3877 αὑτοῦ
2643 3819 2992 3892 μετατίθησι,
3021 3817 3118 3871 καὶ
3141 3817 3200 3869 τὸ
3230 3815 3441 3886 σχῆμα,
3477 3815 3574 3869 καὶ
3618 3812 3809 3867 πάντα.

2222 3921 2392 3983 ποιεῖ,
2419 3917 2560 3970 ὥστε
2592 3915 2904 3986 κατάδηλον
2927 3914 3091 3968 αὐτὸν
3120 3913 3370 3981 ποιῆσαι,
3400 3909 3486 3963 ῐνα
3543 3907 3632 3962 διὰ
3665 3908 3812 3962 πάν-

2221 4029 2330 4064 των
2362 4011 2614 4080 κηρύττῃ
2669 4011 2770 4079 τὴν
2805 4008 3128 4061 δεσποτείαν
3155 4005 3335 4058 ὀὕτω
3382 4004 3449 4075 δὴ
3503 4003 3598 4057 καὶ
3634 4002 3662 4055 6
3694 3999 3811 4054 τῶν

2220 4108 2365 4160 ὅλων
2401 4105 2555 4169 Θεὸς,
2609 4104 2802 4175 ὥσπερ
2827 4106 3065 4176 χωρίσαι
3097 4103 3206 4155 τῶν
3250 4101 3425 4155 ἄλλων
3494 4097 3812 4168 ἀνθρώπων

2223 4198 2391 4251 αύτδν
2414 4195 2759 4266 βουλόμενος,
2795 4195 2884 4248 διὰ
2916 4195 3016 4264 μὲν
3047 4194 3148 4264 τῆς
3176 4192 3496 4264 προσθήκης
3527 4187 3622 4242 τοῦ
3657 4203 3814 4239 etet-

2223 4291 2396 4362 χείου,
2430 4291 2514 4342 ὅτι
2538 4287 2753 4341 πολλῶν
2791 4287 2962 4340 ἐθνῶν
2987 4287 3174 4357 πατὴρ
3204 4285 3359 4337 ἔσται
3409 4282 3674 4350 ἐμήνυσε,
3713 4277 3815 4331 διὰ

2222 4384 2278 4435 δὲ
2309 4383 2406 4452 τῆς
2441 4381 2770 4452 περιτομῆς,
2808 4380 2890 4434 ὅτι
2917 4378 3196 4448 ἐξαίρετος
3243 4373 3410 4429 αὑτοῦ
3470 4372 3625 4425 ἔσται
3651 4368 3811 4434 λαὸς,

2226 4477 2320 4530 καὶ
2350 4476 2458 4529 τῶν
2485 4474 2691 4528 λοιπῶν
2751 4473 2924 4527 ἐθνῶν
2959 4469 3376 4543 κεχωρισμένον
3432 4468 3494 4520 τὸ
3551 4465 3614 4530 ἐξ
3638 4463 3814 4517 αὐτοῦ

528 4577 596 4632 Ει
631 4575 838 4631 idcirco
867 4573 982 4641 ipse
1020 4578 1195 4624 totam
1231 4567 1403 4638 legem
1450 4565 1716 4636 implevit,
1749 4575 1807 4620 ut
1831 4566 1969 4639 legis
2023 4565 2093 4619 ob

2224 4567 2425 4638 ,μέλλον
2457 4565 2743 4620 τίκτεσθαι
2779 4563 3003 4634 σπέρμα
3034 4578 3048 4592 ⁸
3083 4565 3131 4615 εί
3163 4563 3260 4614 καὶ
3305 4559 3508 4614 ἐκεῖνοι
3551 4557 3640 4609 διὰ
3710 4554 3818 4624 τὴν

530 4668 894 4724 servationem
924 4677 1034 4717 non
1066 4662 1275 4714 sineret
1320 4658 1548 4712 ulterius
1605 4656 1885 4727 progredi.
1971 4655 2121 4722 Qua-

529 4769 752 4830 propter
817 4765 873 4812 et
915 4755 1112 4810 beatus
1141 4751 1350 4822 Paulus
1387 4749 1660 4804 clamabat
1694 4765 1708 4802 :
1737 4747 1838 4813 Qui
1870 4748 1925 4801 in
1984 4752 2117 4818 lege,

529 4851 806 4920 inquiens,
821 4846 1214 4917 justi/icamim',
1248 4860 1280 4896 a
1312 4843 1489 4912 gratia
1522 4841 1788 4895 excidisti:
1821 4841 1865 4894 ⁸.

2228 4657 2435 4709 οἰκείαν
2466 4654 2726 4726 πώρωσιν
2760 4653 2840 4706 ἔτι
2866 4656 2967 4718 τὴν
2991 4650 3298 4721 περιτομὴν
3339 4651 3437 4718 τῆς
3469 4647 3676 4717 σαρκὸς
3707 4661 3822 4713 φυ-

2230 4749 2446 4802 λάττειν
2489 4747 2793 4818 βούλονται,
2839 4747 2941 4800 ούκ
2991 4745 3281 4807 ἀκούοντες
3360 4743 3529 4798 πάλιν
3595 4739 3819 4793 Παύλου

2229 4839 2480 4911 λέγοντος
2502 4860 2518 4876 ο
2537 4842 2679 4897 Ἐὰν
2705 4840 3160 4910 περιτέμνησθε,
3182 4837 3435 4906 Χριστὸς
3453 4833 3828 4905 ὑμᾶς-,οὐδὲν

531 4942 854 5012 ὠφελήσει.
883 4940 982 4991 Διά
1024 4937 1134 5008 γὰρ
1164 4936 1326 4990 τοῦτο
1357 4936 1692 5006 παρεγένετο
1742 4936 1770 4985 6
1811 4932 2111 5005 Δεσπότης,
2149 4935 2235 4987 ἵνα
2252 4937 2427 4990 ταῦτα
2452 4937 2617 5008 ἀνέλῃ
2645 4951 2658 4964 ⁸
2698 4939 2794 4989 καὶ
2817 4935 2907 4989 διὰ
2939 4935 3098 4988 τοῦτο
3117 4934 3295 4988 πάντα
3330 4934 3422 4984 τὶν
3461 4932 3626 5000 νόμον
3643 4931 3830 5001 ἐπλή-

540 5051 732 5105 ρωσεν,
759 5035 846 5086 ἵνα
877 5033 1051 5104 στήσῃ
1080 5030 1267 5082 λοιπὸν
1293 5027 1389 5081 τοῦ
1402 5029 1570 5099 νόμου
1601 5026 1701 5095 τὴν
1727 5026 2137 5095 παρατήρησιν.
2174 5030 2272 5082 Διά
2307 5029 2466 5083 τοῦτο
2494 5028 2646 5097 ἐϐόα,
2681 5032 2774 5082 καὶ
2811 5028 3000 5097 ἔλεγεν
3021 5029 3049 5081 ὁ
3077 5025 3355 5097 μακάριος
3387 5022 3623 5086 Παῦλος·
3659 5023 3828 5077 02n-

535 5147 638 5194 νες
662 5128 730 5180 ἐν·
759 5127 920 5195 νόμῳ
947 5122 1299 5178 δικαιοῦσθε
1324 5119 1436 5188 τῆς
1470 5119 1712 5189 χάριτος
1740 5118 2086 5182 ἐξεπέσετε.

605 5242 738 5296 Item
765 5245 826 5294 de
859 5237 1270 5292 circumcisione.
1297 5235 1380 5289 Ex
1420 5234 1771 5298 Damasccno,
1801 5251 1920 5304 cap.
1957 5236 2051 5290 54.

608 5399 736 5456 Post
771 5398 965 5468 legem,
1003 5404 1126 5465 post
1154 5393 1618 5457 benedictionem,
1649 5402 1776 5462 post
1803 5391 2122 5462 promissio-

539 5510 665 5548 nem
711 5489 1057 5547 circumcisio
1109 5487 1236 5542 data
1286 5495 1368 5541 est
1417 5486 1715 5548 Abraham,
1760 5487 1838 5539 uti
1885 5485 2120 5554 signum,

541 5587 685 5653 quod
713 5601 860 5648 eum,
895 5593 954 5638 et
985 5582 1123 5636 filios
1151 5588 1315 5649 atque
1343 5579 1678 5633 domesticos
1707 5579 1851 5648 ejus,
1893 5593 1922 5630 a
1953 5579 2130 5644 genti—

547 5677 666 5745 lJUS,
696 5677 1018 5747 quibuscum
1039 5673 1378 5736 versabatur,
1398 5669 1776 5742 distingueret.
1812 5671 1926 5725 Hoc
1949 5679 2130 5724 autem

495 5917 533 5946 ί
622 5835 639 5867 ⁸
679 5837 834 5891 Rom.
892 5854 966 5906 tv,
1017 5839 1103 5894 il.

1181 5841 1202 5873 ⁸
1233 5837 1370 5895 Gen.
1405 5853 1495 5906 xv,
1523 5838 1589 5905 6;
1622 5838 1780 5895 Rom.
1809 5852 1883 5906 tv,
1908 5836 1963 5894 3.
2043 5836 2062 5868 ³
2098 5833 2214 5890 Gal.
2249 5852 2301 5902 v,
2337 5836 2394 5893 2.

2235 5232 2583 5299 Κεφάλαιον
2606 5230 2719 5285 λδί.
2757 5230 2897 5298 Περὶ
2931 5229 3042 5295 τῆς
3081 5227 3272 5296 αὐτῆς
3320 5227 3669 5298 περιτομῆς,
3702 5227 3822 5281 τοῦ

2819 5301 3244 5368 Δαμασκηνοῦ.

2320 5400 2382 5452 Ἦ
2403 5397 2683 5468 περιτομὴ
2719 5396 2825 5466 πρὸ
2856 5392 2952 5446 τοῦ
2976 5395 3142 5463 νόμου
3175 5393 3334 5462 ἐδόθη
3393 5391 3474 5457 τῷ
3537 5389 3820 5460 Ἀδραάμ,

2237 5491 2378 5561 μετὰ
2437 5492 2536 5552 τὰς
2587 5489 2864 5554 εὐλογίας,
2936 5487 3077 5556 μετά
3129 5487 3226 5554 τὴν
3289 5483 3670 5552 ἐπαγγελίαν,
3718 5499 3823 5551 ση-

2246 5586 2405 5652 μεῖον
2457 5581 2879 5635 ἀποδιαστέλλον
2932 5579 3118 5645 αὑτὸν,
3193 5578 3290 5630 καὶ
3338 5577 3466 5637 τοὺς
3533 5576 3591 5641 ἐξ
3622 5574 3820 5640 αὑτοῦ,

2244 5677 2336 5728 καὶ
2394 5674 2523 5736 τοὺς
2583 5672 2748 5725 αἱ.τοῦ
2807 5674 3106 5739 οἰκογενεῖς
3161 5672 3224 5723 ἐκ
3282 5669 3390 5724 τῶν
3437 5667 3631 5734 ἐθνῶν,
3694 5665 3818 5739 μεθ’

2491 5833 2666 5889 l’i'oitl.
2705 5833 2762 5887 4.
