4126 6416
373 340 485 406 305

1370 345 1754 410 PANOPLIA
1792 350 2259 418 DOGMATICA.
2297 378 2362 393 ·-
2402 354 2549 420 TlT.
2597 359 2703 419 1X.

3562 363 3671 429 306

368 450 448 511 ὧν
522 453 921 529 ἁνεστρεφέτδ.
985 461 1095 515 Καὶ
1161 462 1371 534 δῆλον’
1438 465 1530 518 ὅτε
1598 465 1707 537 γὰρ
1784 469 1841 520 ὲν
1902 470 1970 538 τῇ

2077 484 2141 522 ex
2174 484 2241 524 eo
2274 473 2625 542 perSpieuum
2672 486 2777 541 est,
2811 475 2956 546 quod
2998 476 3358 548 quadraginta
3403 493 3670 535 annorum

373 551 575 619 ίρήμῳ
624 551 1042 621 τεσσαράκοντα
1109 552 1205 625 ἔτη
1269 555 1431 625 μόνος
1488 557 1517 609 δ
1581 558 1799 629 Ἰσραὴλ
1856 560 1978 613 καθ’

378 642 584 695 ἑαυτὸν
611 642 914 713 διέτριψεν,
948 645 1010 697 οὐ
1037 663 1589 718 συναναμεμιγμενος
1614 650 1787 722 ἑτέρῳ
1813 651 1977 717 ἔθνει,

325 733 339 767 δ
372 733 489 784 ὅσοι
530 735 588 785 ὲν
623 736 688 803 τῇ
732 735 925 805 ἐρήμῳ
966 736 1340 807 ἐγεννήθησαν
1377 740 1438 791 οὐ
1478 741 1935 810 περιετμήθησαν
1963 782 1979 806 ,

376 828 471 878 καὶ
493 826 694 892 γέγωνε
720 827 974 899 δεύτερος
1000 830 1163 899 νόμος
1194 830 1522 900 περιτομῆς.
1563 832 1685 885 Ἐπὶ
1723 832 1981 904 Ἀϐραὰμ

378 918 486 985 γὰρ
551 916 712 987 ἐδόθη
778 919 942 989 νόμος
1001 922 1328 992 περιτομῆς.
1392 919 1525 976 Εἶτα
1582 925 1861 978 ἐπαύσατο
1920 928 1981 979 έν

383 1014 452 1082 τῇ
478 1010 673 1080 ἐρήμῳ
704 1014 1121 1082 τεσσαρακδντα
1154 1012 1273 1083 ἐτη,
1304 1014 1402 1068 καὶ
1439 1016 1602 1069 πάλιν
1632 1017 1695 1070 ὲκ
1721 1017 1979 1089 δευτέρου

394 1103 655 1162 {Summo
690 1103 823 1166 Θεὸς
861 1104 938 1173 τῷ
989 1105 1167 1177 Ἰησοῦ
1198 1107 1363 1177 νόμον
1396 1108 1706 1179 περιτομῆς
1752 1109 1893 1179 μετᾶ
1920 1109 1981 1163 τὸ

387 1193 633 1263 διαϐῆναι
658 1195 749 1248 τὸν
797 1197 1094 1267 Ἰορδάνην,
1131 1198 1313 1262 καθὼς
1344 1201 1403 1253 ὲν
1436 1186 1501 1270 τῇ
1539 1201 1709 1273 βίϐλῳ
1737 1203 1832 1256 τοῦ
1873 1206 1979 1274 Ἰη-

383 1286 477 1342 σοῦ
542 1288 884 1358 γέγραπται.
950 1292 1189 1363 Στίμεῖον
1253 1292 1347 1346 οὖν
1405 1294 1540 1349 om“
1598 1296 1630 1366 ἡ
1687 1297 1979 1368 περιτομὴ

376 1380 439 1432 ού
473 1381 741 1452 χρειῶδες
775 1382 936 1451 μέλος
959 1385 1256 1455 ἀποτέμνει
1280 1385 1375 1439 τοῦ
1408 1385 1685 1456 σώματος,
1718 1388 1854 1442 ἀλλά
1885 1408 1982 1444 πε·-

380 1475 636 1544 ρίττωμα
680 1477 953 1547 ἄχρηστον
977 1496 990 1509 ·
1044 1479 1188 1551 οὕτω
1219 1482 1308 1534 διὰ
1338 1482 1431 1535 τοῦ
1472 1483 1853 1554 βαπτίσματος
1883 1487 1981 1556 τὴν

376 1569 665 1638 ἁμαρτίαν
716 1573 1184 1643 περιτεμνόμεθα.
1238 1573 1299 1628 Ἥ
1339 1574 1394 1629 δὲ
1423 1576 1672 1647 ἁμαρτία
1702 1578 1978 1649 δῆλον,ιὶ›ς

374 1661 711 1728 περίττωμα
731 1662 1027 1732 ἐπιθυμίας
1046 1663 1185 1728 ὲστὶ,
1204 1667 1299 1720 καὶ
1320 1667 1382 1720 ού
1401 1667 1669 1739 χρειώδης
1690 1670 1975 1742 ἐπιθυμία.

384 1750 688 1805 ’Δδύνατον
724 1754 833 1824 γάρ
866 1772 992 1807 τινα
1023 1756 1146 1827 μηδ’
1182 1757 1317 1819 ὅλως
1350 1759 1662 1829 ἐπιθυμεῖν,
1699 1761 1731 1833 ἡ
1766 1764 1978 1817 τέλειον

2086 562 2286 629 spatio,
2326 580 2435 633 quo
2462 565 2621 621 lsraél
2654 583 2838 623 secum
2881 568 2997 638 ipse
3038 568 3187 623 solus
3217 569 3349 624 vixit
3390 570 3444 625 in
3476 571 3673 625 Solitu-

2092 653 2243 720 dine,
2267 669 2371 714 nec
2398 674 2521 713 cum
2553 660 2655 714 alia
2689 671 2847 730 gente
2874 661 3197 716 commistus
3224 671 3329 727 est,
3357 664 3673 733 quicunque

2085 746 2197 800 nati
2264 757 2412 815 sunt,
2480 766 2587 805 non
2636 752 2859 807 luerunt
2902 754 3228 809 circumcisi.
3302 754 3671 819 Quamobrem

2084 839 2252 895 altera
2278 843 2362 897 lex
2386 842 2821 901 circumcisionis
2852 847 2954 901 lata
2987 858 3092 902 est.
3121 845 3255 901 Nam
3283 863 3405 902 eum
3432 847 3672 903 circum-

2085 932 2302 988 cidendi
2337 934 2447 999 lex,
2478 951 2599 1005 qua:
2633 937 2849 993 vivente
2877 940 3151 993 Abraham
3186 938 3364 993 fuerat
3402 941 3671 1002 iusxituta,

2083 1023 2440 1094 quadraginta
2479 1027 2635 1082 annis
2686 1027 2738 1081 in
2786 1028 3081 1082 solitudine
3128 1036 3419 1092 cessasset,
3471 1027 3668 1081 iterum

2083 1115 2186 1169 sub
2218 1115 2383 1172 Josue
2409 1118 2731 1175 conﬁrmata
2760 1130 2844 1175 est
2870 1136 2897 1174 a
2935 1120 3065 1185 Deo,
3100 1128 3452 1189 posteaquam
3478 1119 3672 1175 Jorda-

2083 1228 2208 1267 nem
2268 1212 2641 1281 trajecerunt,
2678 1212 3140 1282 quemadmodum
3198 1210 3254 1263 in
3307 1210 3444 1265 libro
3504 1211 3669 1268 Josue

2084 1303 2353 1373 scriptum
2407 1312 2512 1357 est.
2561 1302 3010 1357 Circumcisionis
3054 1301 3219 1372 igitur
3270 1304 3507 1374 signum,
3560 1319 3670 1374 quo

2084 1396 2252 1451 Israel
2283 1412 2313 1450 a
2348 1395 2571 1465 reliquis
2604 1396 2861 1466 gentibus
2891 1396 3356 1467 distinguebatur,
3380 1407 3499 1453 erat
3534 1398 3670 1467 bap-

2084 1488 2230 1543 tismi
2260 1497 2406 1542 nota.
2438 1485 2573 1541 Nam
2601 1496 2661 1540 ut
2687 1487 3046 1542 circumcisio
3082 1504 3189 1543 non
3216 1489 3522 1543 membrum
3548 1504 3670 1543 cor-

2083 1580 2233 1651 poris
2263 1580 2416 1646 utile,
2444 1579 2540 1636 sed
2580 1579 2794 1645 inutile,
2821 1590 2875 1636 et
2905 1595 3380 1650 supervacaneum
3408 1580 3668 1651 quiddam

2082 1658 2461 1741 amputat,‘sic
2483 1686 2578 1743 per
2608 1671 2874 1742 baptisma
2908 1681 3189 1743 peccatum
3236 1672 3397 1727 nobis
3428 1672 3669 1728 circum-

2082 1765 2303 1828 ciditur,
2330 1770 2387 1818 et
2414 1774 2746 1834 amputatur.
2776 1762 3069 1821 Peccatum
3100 1774 3280 1819 autem
3311 1779 3431 1820 esse
3455 1765 3672 1836 cupidi-

369 1845 646 1911 ᾱγευστον
670 1844 863 1915 ἡδονῆς
886 1844 1049 1901 εἶναι.
1083 1849 1242 1904 Ἀλλά
1262 1850 1321 1904 τὸ
1340 1850 1613 1922 ἄχρηστον
1634 1830 1734 1925 τῆς
1756 1854 1970 1927 ἡδονῆς,

2083 1864 2247 1911 tatem
2280 1855 2635 1927 superﬂuam,
2684 1865 2739 1911 et
2772 1856 3129 1939 non‘utilem,
3165 1867 3260 1911 aut
3299 1858 3669 1914 necessariam

372 1940 492 2006 ἦτοι
536 1939 572 2009 ἡ
622 1939 899 2011 ἄχρηστος
942 1942 1208 2013 ἐπιθυμία
1253 1946 1347 1998 καὶ
1389 1949 1580 2017 ﬂavi],
1622 1948 1782 2003 τοῦτό
1826 1954 1975 2004 ἐστιν

372 2034 649 2104 ἁμαρτία,
673 2035 741 2106 ἣν
766 2038 1084 2106 περιτέμνει
1108 2039 1167 2091 τὸ
1199 2037 1357 2108 ἅγιον
1388 2040 1707 2112 βάπτισμα,
1736 2045 1975 2115 παρέχον

373 2126 505 2194 ἡμῖν
542 2128 779 2195 σημεῖον
811 2129 903 2181 τὸν
937 2132 1123 2200 τίμιον
1161 2132 1404 2202 σταυρὸν
1434 2134 1528 2186 ἐπὶ
1562 2134 1653 2188 τοῦ
1689 2137 1968 2205 μετώπου,

373 2220 469 2272 σῦκ
498 2219 564 2286 ἐξ
589 2217 763 2273 ἐθνῶν
788 2222 1051 2292 ἀφορίζον
1080 2225 1251 2294 ἡμᾶς,
1286 2226 1461 2281 πάντα
1492 2228 1603 2299 γὰρ
1625 2231 1697 2283 τὰ
1720 2229 1849 2300 ἔθνη
1874 2230 1969 2285 τοῦ

374 2313 761 2383 βαπτίσματος
805 2316 1034 2388 ἔτυχον,
1083 2320 1177 2372 καὶ
1235 2320 1313 2390 τῷ
1350 2322 1563 2391 σημείῳ
1601 2322 1695 2376 τοῦ
1737 2322 1970 2393 σταυροῦ

374 2408 851 2479 ὶσφραγίσθησαν,
894 2412 1008 2465 ἀλλ’
1048 2414 1106 2465 ὲν
1150 2413 1368 2482 ἑκάστῳ
1446 2415 1590 2468 ἔθνει
1636 2416 1729 2470 τὸν
1779 2418 1971 2469 πιστὸν

367 2499 691 2554 διαστέλλον
743 2502 855 2555 άπὸ
895 2503 992 2556 τοῦ
1043 2506 1299 2560 ἀπίστου.
1341 2506 1451 2577 Τῆς
1490 2508 1671 2561 τοίνυν
1712 2507 1971 2579 ἀληθείας

367 2593 769 2662 ἑκφανθείσης,
811 2594 1071 2665 ἀνόνητος
1113 2600 1140 2650 ὁ
1180 2598 1349 2664 τύπος
1389 2600 1483 2654 καὶ
1524 2602 1557 2670 ή
1606 2602 1756 2655 σκιά.
1806 2602 1972 2656 Ὥστε

367 2688 632 2755 περιττὸν
684 2687 781 2740 νῦν
826 2689 888 2742 τὸ
927 2692 1384 2760 περιτέμνεσθαι,
1439 2695 1533 2747 κα)⁸
1584 2695 1830 2747 ἐναντίον
1876 2696 1971 2748 τοῦ

369 2779 529 2844 ἁγίου
568 2778 979 2848 βαπτίσματος.
1014 2782 1073 2835 'O
1095 2776 1203 2853 γάρ
1223 2802 1317 2852 περ
1334 2803 1411 2837 tte
1422 2786 1688 2855 μνόμενος
1708 2792 1975 2857 χρεωστεῖ

371 2869 489 2921 ὅλον
540 2870 640 2921 τὸν
682 2870 850 2937 νόμον
886 2872 1197 2942 πληρῶσαι.
1246 2875 1307 2931 Ὀ
1339 2876 1393 2929 δὲ
1435 2878 1662 2949 Κύρός,
1697 2881 1783 2932 ἵνα
1836 2881 1972 2951 πλη-

382 2963 532 3036 ρώσῃ
566 2966 667 3015 τὸν
700 2963 887 3033 νόμον,
925 2967 1299 3037 περιετμήθη,
1334 2968 1428 3021 καὶ
1468 2971 1647 3023 πάντα
1684 2972 1738 3024 δὲ
1766 2971 1855 3024 τὸν
1880 2972 1968 3026 νό-

376 3073 496 3125 μον,
532 3058 634 3111 καὶ
673 3055 736 3110 τὸ
772 3055 1053 3111 Σάϐϐατον
1080 3060 1350 3130 ἐτήρησεν
1374 3101 1388 3124 ,
1419 3062 1505 3114 ἵνα
1534 3062 1800 3136 πληρώσῃ
1825 3107 1839 3131 ,
1874 3067 1969 3119 καὶ

376 3150 546 3220 στήσῃ
595 3148 695 3201 τὸν
748 3150 936 3221 νόμον.
999 3151 1119 3220 Ἀφ’
1172 3146 1232 3206 οὗ
1274 3153 1330 3206 δὲ
1387 3154 1713 3224 ἐϐαπτίσθη,
1766 3161 1859 3211 καὶ
1909 3160 2039 3242 «ac

372 3239 597 3310 Πνεῦμα
622 3241 689 3293 τὸ
715 3241 875 3309 ἅγιον
904 3244 1015 3305 τοῖς
1040 3242 1351 3309 ἀνθρώποις
1374 3246 1727 3317 ἐνεφανίσθη,
1755 3250 1813 3303 ἐν
1834 3252 1964 3307 εῖδει

366 3335 706 3404 περιστερᾶς
734 3333 1069 3387 καταϐαῖνον
1106 3334 1194 3387 ἐπ’
1218 3336 1401 3400 αὐτζν,
1433 3336 1620 3389 ἔκτοτε
1656 3339 1688 3408 ἡ
1720 3356 1971 3411 πνευμα-

365 3429 497 3491 τικὴ
527 3426 787 3497 λατρεία,
818 3430 915 3481 καὶ
947 3430 1213 3495 πολιτεία,
1251 3431 1353 3484 καὶ
1380 3433 1409 3501 ἡ
1445 3431 1554 3502 τῶν
1587 3432 1835 3504 οὐρανῶν
1869 3436 1970 3506 βα-

372 3520 554 3575 σιλεία
581 3523 953 3595 κεκήρυκται.

942 3722 1020 3791 (7)
1050 3723 1297 3778 ΤΙΤΛΟΣ
1322 3724 1399 3780 ει.

388 3812 553 3889 Eafa
576 3814 828 3889 Σίμωνος
860 3816 969 3889 τοῦ
1000 3817 1335 3889 ξαμᾳρέως,
1365 3819 1460 3872 καὶ
1490 3821 1838 3889 Μαρκίωνος
1859 3822 1966 3876 τοῦ

452 3886 759 3949 Ποντικοῦ,
797 3887 899 3939 καὶ
938 3887 1039 3940 τοῦ
1073 3887 1308 3956 Πέρσου
1351 3886 1682 3957 Μάνεντος,
1715 3886 1823 3946 καί
1850 3891 1969 3946 τῶν

444 3957 821 4024 Μανιχαίων,
853 3958 963 4012 τοῦ
984 3959 1253 4027 μεγάλου
1301 3960 1682 4016 Ἀθανασίου.

437 4046 602 4111 Τινὲς
619 4050 945 4116 ἐκπεσόντες
967 4051 1064 4122 τῆς
1113 4052 1572 4126 ἐκκλησιαστικῆς
1596 4056 1963 4123 διδασκαλίας,

366 4140 632 4210 καὶπερὶ
677 4142 776 4212 τὴν
822 4143 1011 4195 πίστιν
1060 4147 1494 4215 ναυαγήσαντες,
1544 4149 1840 4203 ὑπόστασιν
1871 4150 1965 4203 τοῦ

368 4230 547 4284 κακοιῦ
579 4232 1037 4304 παραφρονοῦσιν
1063 4231 1224 4291 εῖναι.
1265 4239 1811 4307 ⁹Ανιιιπλάττονταιδὲ
1842 4245 1967 4297 ἑαυ-

363 4325 481 4387 τοῖς
533 4328 691 4396 παρὰ
730 4326 821 4379 τὸν
868 4327 1127 4398 ἀληθινὸν
1156 4329 1251 4383 τοῦ
1280 4332 1523 4401 Χριστοῦ
1572 4335 1793 4403 Πατέρα
1830 4335 1966 4389 Θεὸν

360 4417 451 4469 ἒτε
460 4435 584 4489 ρον,
614 4421 713 4472 καὶ
734 4421 922 4476 τοῦτον
943 4423 1261 4495 ἀγέννητον,
1280 4425 1374 4478 τοῦ
1402 4426 1573 4479 κακοῦ
1594 4429 1844 4500 ποιητὴν,
1869 4431 1963 4485 καὶ

2078 1946 2436 2002 manifestum
2478 1956 2583 2003 est.
2640 1944 2798 2014 Nam,
2835 1956 2895 2003 ut
2928 1949 3066 2003 nihil
3099 1950 3324 2004 omnino
3358 1952 3667 2020 cupiamus.

2074 2049 2171 2095 aut
2214 2038 2362 2095 omni
2410 2039 2706 2109 voluptatis
2751 2049 2913 2111 gustu
2944 2056 3250 2109 careamus,
3290 2043 3344 2099 id
3386 2060 3515 2099 vero
3550 2044 3668 2100 ﬁeri

2074 2148 2185 2187 non
2218 2141 2415 2204 potest.
2454 2131 2634 2198 Quare
2670 2131 2920 2200 voluptas
2953 2133 3179 2199 inutilis,
3208 2149 3304 2189 seu
3346 2135 3583 2201 inutilis,
3608 2145 3667 2191 et

2075 2240 2185 2280 non
2222 2223 2537 2278 necessaria
2570 2222 2840 2293 cupiditas
2871 2231 2926 2277 et
2963 2223 3215 2293 voluptas
3248 2234 3531 2292 peccatum
3560 2234 3666 2291 est,

2074 2316 2220 2387 quod
2259 2323 2509 2386 amputat
2538 2323 2786 2370 sanctum
2822 2314 3111 2384 baptisma,
3148 2317 3307 2371 nobis
3341 2317 3666 2387 imprimens

2076 2407 2436 2463 honoriﬁcum
2473 2406 2651 2462 crucis
2676 2406 2892 2477 signum
2930 2408 2983 2461 in
3015 2406 3192 2461 fronte
3220 2424 3236 2464 :
3266 2423 3373 2461 non
3408 2424 3668 2479 separans

2076 2516 2176 2554 nos
2221 2499 2289 2553 ab
2318 2499 2441 2554 aliis
2482 2498 2757 2568 gentibus,
2792 2513 2916 2553 eum
2948 2513 3142 2553 omnes
3172 2508 3362 2568 gentes
3393 2499 3665 2569 baptisma

2074 2594 2184 2646 sint
2211 2601 2493 2655 assecutaa,
2515 2577 2567 2645 et
2585 2592 2742 2659 signo
2773 2590 2950 2644 erucis
2978 2590 3293 2661 obsignatae,
3323 2592 3419 2647 sed
3448 2591 3500 2646 in
3532 2608 3668 2649 una-

2073 2700 2290 2755 quaque
2316 2694 2477 2754 gente
2513 2684 2863 2755 distinguens
2903 2683 3117 2738 ﬁdelem
3145 2684 3211 2738 ab
3248 2684 3475 2740 inﬁdeli.
3512 2686 3666 2741 Veri-
3744 2707 3749 2712 ’

2076 2787 2183 2833 tate
2220 2777 2383 2850 igitur
2410 2778 2678 2848 patefacta
2707 2780 2943 2849 signum,
2977 2784 3033 2831 et
3056 2787 3207 2843 nota,
3238 2788 3292 2833 et
3320 2780 3507 2835 umbra
3534 2791 3666 2837 sunt

2075 2868 2311 2923 inutilia.
2348 2870 2535 2939 Itaque
2576 2869 2895 2924 circumcidi
2938 2884 3407 2937 supervacaneum
3453 2881 3555 2937 est,
3606 2883 3665 2930 et

2073 2973 2263 3017 sancto
2309 2964 2620 3033 baptismati
2665 2963 3009 3018 adversatur.
3057 2962 3195 3015 Nam
3243 2961 3333 3030 qui
3378 2962 3666 3021 circumci-

2072 3056 2240 3120 ditur,
2313 3064 2481 3110 totam
2533 3056 2704 3125 legem
2757 3066 2973 3109 tenetur
3019 3056 3337 3114 observare.
3400 3054 3665 3113 Dominus

2073 3157 2255 3202 autem
2304 3148 2663 3203 circumcisus
2695 3158 2799 3211 est.
2834 3161 2889 3206 et
2921 3161 3087 3206 totam
3122 3152 3318 3221 legem,
3349 3160 3405 3205 ct
3451 3151 3664 3206 Sabba-

2076 3250 2188 3296 tum
2230 3244 2564 3306 observavit,
2620 3255 2679 3297 ut
2726 3244 2897 3316 legem
2945 3245 3216 3315 impleret,
3279 3244 3440 3313 eique
3497 3243 3662 3298 ﬁnem

2074 3338 2400 3405 imponeret.
2432 3337 2507 3391 Ex
2540 3353 2647 3407 quo
2675 3338 2825 3392 enim
2870 3338 3179 3408 baptizatus
3206 3346 3309 3402 est,
3340 3346 3395 3390 et
3430 3336 3664 3407 Spiritus

2073 3440 2294 3483 sanctus
2337 3445 2501 3498 super
2537 3446 2660 3484 eum
2694 3431 2748 3484 in
2780 3431 3051 3486 columbae
3093 3431 3275 3500 specie
3320 3429 3664 3486 descendens

2073 3523 2389 3577 hominibus
2439 3524 2713 3591 apparuit,
2763 3524 3025 3593 spiritalis
3072 3525 3276 3589 cultus,
3317 3538 3373 3583 et
3414 3524 3551 3579 ratio
3581 3523 3662 3577 vi-

2077 3614 2261 3679 vendi,
2295 3622 2349 3667 et
2379 3630 2604 3683 regnum
2634 3615 2900 3668 calorum
2927 3619 3092 3686 coepit
3120 3618 3477 3689 promulgari.

2661 3728 2967 3785 TITULUS
3012 3732 3099 3787 1X.

2069 3820 2330 3872 Adversus
2358 3816 2621 3872 Simonem
2649 3819 3071 3883 Samnriensem,
3099 3834 3144 3875 et
3166 3824 3483 3878 Marcionem
3515 3824 3661 3879 Pon-

2140 3891 2334 4012 Aichum,
2366 3899 2420 3970 et.
2443 3887 2704 3941 Manetem
2744 3892 2985 3956 Persam,
3024 3903 3071 3945 et
3100 3892 3436 3961 Hanic/twos,
3473 3898 3655 3969 magni

2190 3971 2203 4011 t
2243 3975 2442 4012 anasu.

2190 3971 2420 4012 thanasu
2433 4001 2442 4010 .

2136 4050 2369 4117 Quidam
2396 4051 2462 4106 ab
2488 4051 2858 4106 ecclesiastica
2886 4052 3133 4109 doctrina
3158 4055 3473 4111 deficientes
3496 4055 3664 4114 facto-

2068 4161 2175 4216 que
2207 4145 2263 4199 in
2298 4144 2403 4199 ﬁde
2446 4144 2727 4215 naufragio
2760 4145 2887 4199 mali
2922 4154 3173 4201 naturam
3217 4164 3315 4218 per
3358 4164 3419 4204 se
3448 4150 3659 4207 subsis-

2071 4246 2278 4291 tentem
2328 4236 2846 4292 comminiscuntur.
2901 4239 2967 4293 Et
2998 4249 3194 4308 praeter
3236 4257 3425 4297 verum
3456 4223 3659 4300 Christi

2067 4328 2304 4395 Patrem,
2323 4329 2552 4383 alterum
2576 4330 2673 4384 sibi
2703 4331 2894 4396 Deum,
2913 4348 3147 4402 eumque
3176 4334 3304 4388 item
3333 4335 3658 4407 ingenitum,

2068 4433 2123 4477 et
2152 4423 2280 4478 mali
2323 4422 2661 4487 etlectorem,
2708 4439 2772 4477 ac
2809 4426 3034 4479 malitia:
3069 4428 3397 4497 principem,
3438 4439 3493 4484 et
3522 4446 3658 4487 auc-

357 4509 461 4576 τῆς
495 4512 707 4574 κακίας
737 4513 1019 4585 ἀρχηγὸν,
1056 4515 1147 4568 τὸν
1176 4518 1271 4569 καὶ
1305 4517 1402 4586 τῆς
1436 4518 1668 4582 κτίσεως
1696 4520 1961 4595 δημιουρ-

2074 4523 2242 4569 torem
2273 4512 2459 4567 mundi
2489 4512 2827 4584 conﬁngunt.
2857 4512 2968 4569 Hos
2997 4526 3107 4570 tum
3140 4533 3203 4572 cx
3233 4519 3434 4575 divinis
3467 4521 3659 4591 Scrip-

359 4602 478 4668 τόν.
511 4601 757 4665 Τούτους
786 4603 841 4657 δὲ
873 4605 1116 4675 εὐχερῶς
1144 4607 1209 4661 ἄν
1238 4625 1324 4669 τις
1359 4607 1633 4679 ἐλέγξειεν
1665 4612 1730 4664 ἐκ
1759 4631 1819 4665 τε
1850 4614 1959 4668 τῶν

361 4692 529 4746 θείων
558 4693 801 4764 Γραφῶν
822 4738 837 4760 ,
865 4696 963 4751 καὶ
1002 4698 1063 4763 ἐξ
1090 4700 1260 4769 αὐτῆς
1290 4701 1387 4770 τῆς
1411 4702 1468 4753 ὲν
1500 4703 1812 4774 ἀνθρώποις
1840 4706 1959 4763 δια-

355 4788 517 4853 νοίας
537 4831 553 4854 ,
589 4788 684 4858 ἀφ’
713 4786 782 4862 ἦς
810 4793 907 4844 καὶ
938 4792 1114 4844 ταῦτα
1150 4794 1603 4865 ἀναπλασάμενοι
1647 4798 1956 4869 μαίνονται.

369 4885 434 4939 Ὀ
466 4886 575 4956 μὲν
596 4881 691 4939 οὖν
718 4886 923 4956 Κύριος
955 4888 1049 4941 καὶ
1079 4889 1267 4960 Σωτὴρ
1296 4889 1453 4960 ἡμῶν
1490 4890 1698 4960 Ἰησοῦς
1723 4893 1959 4961 Χριστῆς

352 4980 419 5030 ὲν
452 4982 575 5041 τοῖς
604 4980 963 5049 Εὑαγγελίσις
995 4984 1129 5052 φησὶ
1155 5022 1170 5045 ,
1205 4982 1441 5052 βεϐαιῶν
1480 4987 1550 5036 τὰ
1578 4984 1825 5048 Μωσέως
1857 4986 1955 5057 ῥή-

356 5088 515 5140 ματα
537 5087 553 5101 '
588 5073 805 5141 Κύριος
845 5074 877 5128 ό
909 5075 1053 5140 Θεός
1086 5089 1225 5140 σου,
1252 5075 1467 5143 Κύριος
1489 5071 1574 5142 εἷς
1606 5075 1737 5131 ἐστι
1760 5093 1771 5105 ·
1812 5075 1906 5131 καί
1936 5094 1948 5109 ·

436 5217 451 5246 ¹
480 5216 646 5269 Deut.
685 5232 759 5281 vt,
791 5216 827 5270 4
854 5232 869 5282 ;
902 5215 1070 5273 Marc.
1113 5234 1211 5285 xu,
1240 5219 1334 5274 29.

436 5330 518 5400 (Ἲ)
556 5331 697 5405 ᾼηιε
722 5331 1173 5405 titulumnonum
1200 5334 1257 5405 in
1278 5334 1403 5390 cod.
1426 5332 1732 5401 Mosquensu
1751 5340 1957 5405 legitur

356 5402 471 5476 hoc
502 5401 778 5476 scholiutn
812 5403 1002 5476 :th;
1031 5404 1261 5476 μὲνῌτῶν
1279 5405 1662 5458 παλαιοτάτων
1691 5401 1957 5476 αἱρέσεων

354 5474 465 5538 τὴν
500 5474 637 5541 μίαν
658 5474 1056 5544 ,ἀρνησάμεναι
1088 5473 1192 5544 τῶν
1222 5475 1362 5527 ὅλων
1393 5477 1590 5544 ἀρχὴν,
1623 5473 1796 5544 ἀρχάς
1838 5478 1955 5529 ἐτέ-

361 5559 466 5617 fg;
499 5542 1107 5617 διαφόρουςλὺπέθεντο
1129 5584 1144 5607 ,
1175 5542 1403 5617 δοκησαι
1434 5542 1497 5617 τε
1526 5542 1954 5617 ήένανθρωπῆσαι

354 5613 456 5687 eos
506 5609 1149 5687 ΧριστδνΑὲδογμάτισαν
1170 5654 1185 5675 ,
1231 5609 1307 5666 ῶν
1336 5616 1435 5687 τῆς
1467 5609 1724 5681 ἀσεϐείας
1751 5609 1957 5687 ἡρξατο

362 5685 467 5755 μὲν
504 5684 697 5749 Σίμων
747 5684 777 5734 ὁ
809 5686 1045 5755 Μάγος]
1085 5684 1309 5754 ἔσχατος
1356 5686 1413 5737 δὲ
1461 5687 1700 5755 προέστη
1753 5684 1961 5755 ταύτης

362 5702 467 5748 μιν
505 5702 697 5749 ιιμων
747 5702 777 5734 ο
809 5702 1004 5750 Μάγος
1029 5702 1045 5713 ·
1085 5702 1309 5754 εσχατος
1356 5702 1413 5737 οε
1461 5702 1700 5808 «gotum
1753 5703 1959 5755 ταύτης

360 5753 550 5827 μάνης
569 5755 600 5807 ὁ
630 5755 930 5827 Πέρσης,ᾲὸ
962 5754 1069 5827 τῶν
1091 5755 1411 5824 Μανιχαίων
1432 5773 1503 5808 κα
1540 5759 1771 5827 ηγητής.
1804 5758 1959 5822 Τινὲς

358 5822 416 5876 δὲ
455 5822 725 5882 τάναντία
762 5822 970 5897 μᾶλλον
1000 5822 1420 5899 βπρέσϐὼσαν,
1469 5822 1599 5896 μίαν
1636 5822 1735 5899 μὲν
1782 5828 1958 5900 ἀρχὴν

2068 4604 2225 4669 turis,
2250 4611 2363 4657 tum
2390 4618 2453 4657 ex
2484 4617 2568 4667 ea,
2592 4619 2713 4671 quze
2742 4604 2797 4658 in
2826 4605 3143 4660 hominibus
3168 4616 3273 4671 est,
3300 4609 3654 4679 cogitatione,

2068 4712 2175 4766 qua
2228 4695 2334 4766 ipsi
2377 4696 2493 4748 haec
2534 4694 2915 4767 contingentes
2966 4697 3268 4763 insaniunt,
3320 4696 3476 4755 facile
3527 4716 3657 4772 pos-

2066 4804 2258 4845 sumus
2315 4802 2645 4859 coarguere,
2695 4797 2751 4843 et
2800 4789 3110 4847 confutare.
3178 4794 3438 4849 Dominus
3494 4795 3658 4865 igitur

2065 4897 2253 4941 noster
2292 4883 2451 4941 Jesus
2507 4885 2758 4942 Christus
2800 4888 2854 4943 in
2905 4890 3213 4960 Evangeliis
3262 4891 3431 4946 verba
3490 4889 3655 4945 Hosis

2062 4981 2434 5035 conﬁrmans:
2469 4981 2737 5045 Dominus,
2785 4981 2981 5052 inquit,
3035 4982 3171 5036 Deus
3223 4992 3343 5037 tuus
3394 4982 3656 5039 Dominus

2066 5091 2199 5132 unus
2229 5084 2300 5129 est
2326 5076 2366 5129 ‘.
2397 5075 2480 5139 Et,
2509 5074 2794 5143 Conﬁteor,
2824 5074 3021 5145 inquit,
3055 5075 3171 5142 tibi,
3214 5075 3400 5146 Pater,
3433 5076 3655 5133 Domine

2066 5336 2177 5388 τῶν
2234 5335 2375 5388 ὅλων
2426 5332 2847 5407 ὁμολογοῦντες,
2880 5335 3061 5407 ,ψιλὸν
3108 5339 3165 5391 δὲ
3219 5339 3509 5407 ἄνθρωπον
3560 5338 3656 5390 τὸν

2065 5407 2304 5476 Χριστὸν
2331 5398 2817 5478 κηρύττοντες,ὧν
2837 5398 2938 5473 τῆς
2964 5408 3165 5477 λύσσης
3194 5398 3389 5461 Ἐϐίων
3425 5407 3527 5476 μὲν
3551 5408 3654 5478 ἀρ-

2068 5478 2235 5546 χηγὸς
2265 5476 2606 5546 ἐχρημάτισε
2636 5490 2649 5502 ·
2680 5479 2986 5530 τελευταῖοι
3014 5478 3070 5530 δὲ
3101 5476 3410 5546 διδάσκαλοι
3444 5476 3651 5545 ταύτης

2066 5544 2325 5614 εγεγόνασι
2348 5544 2667 5612 Μάρκελλος
2688 5548 2780 5598 καὶ
2800 5548 3083 5608 Φωτεινός.
3112 5548 3227 5615 Χρὴ
3254 5544 3305 5597 δὲ
3334 5544 3648 5613 γινώσκειν,

2066 5616 2141 5678 ὡς
2168 5617 2402 5678 ἕκαστος
2423 5617 2531 5668 τῶν
2558 5615 2699 5667 κατὰ
2721 5616 2974 5685 διαδοχὰς
2999 5618 3417 5683 προϊσταμένων
3444 5615 3650 5684 ηῡξησε

2068 5688 2168 5756 τὴν
2194 5687 2433 5755 αἵρεσιν.
2466 5688 2850 5756 προσεπινοῶν
2883 5686 3201 5756 καινοτέρας
3238 5686 3515 5747 ἀσεϐείας,
3540 5688 3647 5737 οιαὶ

2069 5754 2137 5810 τά
2168 5754 2270 5823 μὲν
2298 5754 2587 5825 ἐπλάτυνε,
2620 5754 2687 5808 τὰ
2713 5756 2770 5808 δὲ
2807 5755 3100 5826 ὑπήλλαξε,
3143 5757 3262 5811 τινα
3289 5756 3341 5807 δὲ
3378 5760 3467 5808 καὶ
3497 5768 3643 5825 «apo

2069 5829 2333 5900 ῃτήσατο.
