4126 6398
499 366 606 429 307

1743 372 2131 435 EUTHYMII
2176 377 2536 439 ZIGABENI

3669 383 3778 444 308

501 483 615 534 neti
667 490 716 535 et
749 491 902 536 term
936 483 975 536 ¹.
1027 482 1157 549 Quae
1220 497 1342 537 cum
1391 481 1464 536 ita
1501 483 1630 546 sint,
1674 487 1950 554 quomodo
1991 486 2092 540 erit

2211 489 2725 560 Ἐξομολογοῦμαί
2768 508 2888 555 σοι,
2922 493 3109 559 Πάτερ
3153 493 3323 560 Ιιίέοριε
3367 491 3473 546 τοῦ
3518 493 3779 560 οὐρανοῦ

501 574 641 626 alter
665 585 864 644 przrtcr
895 575 1042 629 hunc
1068 573 1251 630 Deus?
1278 577 1385 630 Aut
1418 577 1638 630 ubinam
1666 577 1770 631 crit
1803 592 2090 631 commcn-

506 665 659 720 titius
690 667 918 722 istorum
959 669 1122 732 Deus,
1158 683 1280 722 cum
1323 671 1471 724 solus
1516 669 1624 732 hic,
1655 677 1708 722 et
1741 684 1906 723 verus
1946 667 2090 722 Deus

503 768 702 812 cuncta
753 762 874 816 cmli
944 770 1210 830 terrmque
1259 763 1546 835 complexu
1597 761 1872 831 compleat
1923 760 2093 814 lAut

503 854 777 919 quomodo
816 853 885 907 sit
919 868 1105 907 earum
1141 869 1321 908 rerum
1358 853 1673 918 fabricator,
1709 868 1940 923 quarum
1977 853 2092 922 ipse

503 943 646 997 Deus
672 953 724 998 et
747 943 908 998 l’ater
929 945 1132 1000 Christi
1157 945 1421 1000 Dominus
1451 955 1554 1009 est,
1580 955 1638 1000 ut
1665 961 1760 1000 ore
1795 960 1892 1000 suo
1929 943 2089 999 Chri-

503 1045 622 1090 stus
665 1046 895 1091 testatur
924 1040 947 1090 ?
980 1037 1090 1095 Nisi
1117 1055 1237 1108 quae
1285 1039 1375 1094 Dei
1421 1039 1548 1093 boni
1597 1047 1742 1100 sunt.
1793 1053 1981 1093 eorum
2027 1053 2090 1091 ex

503 1144 658 1198 :equo
695 1138 746 1183 et
780 1131 984 1184 malum
1016 1147 1136 1186 esse
1171 1147 1330 1202 posse
1360 1133 1645 1187 dominum
1681 1133 1908 1187 dicant?
1938 1129 2092 1196 Quod

503 1221 544 1275 si
581 1221 837 1287 dixerint,
871 1223 1116 1289 attende,
1146 1223 1198 1277 in
1237 1232 1496 1294 quantam
1535 1223 1878 1294 impietatem
1912 1224 2095 1277 incur-

507 1325 650 1370 rent.
699 1316 755 1370 In
802 1318 867 1372 iis
904 1318 1070 1383 enim,
1108 1334 1341 1387 quorum
1375 1333 1526 1389 a'qua
1557 1327 1801 1388 potestas
1831 1325 1934 1383 est,
1973 1326 2096 1372 uter

507 1408 854 1476 praestantior
899 1409 989 1473 sit,
1037 1410 1266 1480 reperiri
1305 1425 1412 1465 non
1455 1421 1655 1482 potest.
1709 1411 1844 1466 Nam
1887 1409 1930 1465 si
1985 1425 2096 1464 uno

506 1501 678 1554 invito
707 1501 845 1554 alter
904 1510 1008 1565 cst,
1038 1501 1264 1572 mqualis
1299 1511 1352 1558 et
1387 1518 1484 1572 par
1514 1514 1598 1558 est
1655 1504 1944 1572 utriusque
1981 1510 2095 1557 tum

507 1593 611 1659 vis,
643 1602 758 1646 tum
789 1593 1158 1650 imbecillitas.
1190 1594 1440 1666 lEqualis
1459 1596 1603 1651 enim
1632 1595 1714 1650 vis
1744 1611 1807 1651 ex
1836 1611 1902 1651 eo
1966 1610 2097 1665 per-

504 1682 692 1751 spicua
735 1693 839 1750 est,
869 1685 1013 1754 quod
1046 1700 1104 1740 se
1135 1687 1372 1742 vicissim
1403 1695 1687 1756 superant,
1713 1701 1836 1740 cum
1880 1684 2098 1740 nolente

505 1776 677 1831 altero
708 1785 938 1846 uterque
962 1787 1078 1846 est;
1113 1793 1212 1849 par
1238 1788 1420 1833 autem
1452 1779 1798 1833 imbecillitas
1827 1778 1954 1833 inde
1981 1763 2097 1832 col-

2197 583 2295 635 xal
2321 581 2433 650 τῆς
2461 582 2592 652 γῆς.
2624 584 2683 637 Εἰ
2711 583 2765 636 δὲ
2798 577 2876 644 εἷς
2901 586 3047 637 ἐστιν
3079 587 3104 638 ὁ
3129 585 3286 647 Θεὸς,
3312 585 3405 636 καὶ
3437 577 3590 646 οὗτος
3613 585 3785 655 ούρα-

2199 673 2290 728 νοῦ
2340 679 2433 730 καὶ
2481 675 2584 745 γῆς
2618 677 2842 746 Κύριος,
2889 677 3005 740 πῶς
3043 677 3202 739 ἄλλος
3236 677 3299 730 ἂν
3337 677 3421 746 εἴη
3461 675 3592 740 Θεὸς
3630 677 3783 747 παρὰ

2197 765 2420 833 τοῦτον;
2468 767 2577 820 Ποῦ
2623 769 2678 821 δὲ
2725 771 2820 822 καὶ
2847 768 3003 822 ἔσται
3043 771 3069 820 ὁ
3116 767 3240 821 κατ’
3278 769 3478 832 αὐτοὺς
3515 768 3668 835 Θεος,
3714 769 3785 822 τὰ

2199 854 2382 908 πάντα
2412 855 2506 908 τοῦ
2539 857 2700 926 μόνου
2733 859 2828 910 καὶ
2855 858 3112 928 ἀληθινοῦ
3142 858 3492 928 πληροῦντος,
3511 859 3653 912 κατά
3681 859 3786 917 τὴν

2199 945 2294 999 τοῦ
2317 946 2548 1017 ούρανοῦ
2575 948 2666 1000 καὶ
2685 948 2790 1016 γῆς
2817 948 3113 1019 περίληψιν
3144 967 3157 1012 ;
3188 948 3308 1010 Πῶς
3336 947 3390 1001 δὲ
3421 949 3514 1001 καὶ
3539 949 3698 1011 ἄλλος
3720 948 3787 1002 ἂν

2201 1034 2289 1106 εἴη
2316 1037 2564 1108 ποιητὴς,
2586 1031 2661 1090 ὧν
2695 1037 2856 1100 αὐτὸς
2880 1040 2906 1091 ὁ
2930 1038 3061 1100 Θεὸς
3087 1039 3180 1092 καὶ
3202 1039 3394 1110 Πατὴρ
3421 1037 3514 1091 τοῦ
3543 1038 3788 1108 Χριστοῦ

2201 1130 2320 1181 ἐστι
2361 1127 2580 1197 Κύριος,
2617 1129 2760 1181 κατὰ
2791 1128 2890 1198 τὴν
2919 1129 3014 1182 τοῦ
3054 1128 3306 1200 Σωτῆρος
3341 1130 3567 1197 φωνήνὲ
3612 1129 3672 1181 Εί
3713 1128 3792 1198 μὴ

2202 1221 2308 1287 ἀρα
2341 1215 2474 1274 ὦσιν
2525 1225 2581 1275 ὲν
2623 1223 2946 1294 ίσοστασίῳ,
2981 1224 3077 1277 καὶ
3114 1222 3222 1276 τῶν
3280 1222 3374 1275 τοῦ
3407 1220 3616 1291 ἀγαθοῦ
3647 1221 3792 1274 Θεοῦ

2203 1313 2294 1364 τὸν
2325 1313 2529 1383 φαῦλον
2554 1315 2814 1370 δύνασθαι
2845 1315 3099 1384 γενέσθαι
3133 1317 3340 1386 Κύριον
3373 1318 3601 1370 εἴποιεν.
3645 1313 3793 1367 Ἀλλ’

2207 1406 2301 1458 ὲάν
2331 1405 2490 1459 τοῦτο
2522 1407 2776 1473 λέγωσιν,
2803 1409 2904 1478 ὅρα
2929 1411 3008 1472 εἰς
3038 1409 3170 1479 ὅσην
3201 1408 3458 1460 ἀσέϐειαν
3488 1408 3795 1460 ἐκπίπτου-

2211 1517 2314 1553 σιν.
2357 1501 2444 1553 Ἑν
2474 1501 2584 1572 γὰρ
2613 1505 2723 1565 τοῖς
2745 1501 2812 1556 τὰ
2845 1500 2934 1556 ἴσα
2959 1501 3281 1571 δυναμένοις
3309 1500 3371 1554 τὺ
3401 1501 3668 1572 ὑπερέχον
3690 1499 3792 1554 καὶ

2206 1593 2453 1661 κρεῖττον
2501 1592 2601 1645 οὐκ
2636 1593 2701 1647 ἂν
2747 1594 3020 1667 εὑρεθείη.
3055 1595 3163 1649 Καὶ
3195 1593 3301 1666 γὰρ
3335 1595 3383 1648 εί
3424 1593 3498 1665 μὴ
3544 1593 3793 1658 θέλοντος

2208 1684 2299 1737 τοῦ
2335 1685 2524 1756 ἑτέρου
2564 1685 2619 1737 τὸ
2659 1684 2844 1754 ἔτερόν
2883 1687 3052 1747 ἔστιν,
3087 1686 3177 1756 ἴση
3210 1687 3534 1757 ἀμφοτέρων
3565 1686 3597 1755 ἡ
3627 1684 3794 1739 δύνα-

2212 1795 2323 1846 μις,
2359 1777 2452 1830 καὶ
2484 1776 2739 1830 ἀσθένειά
2774 1778 2920 1830 ἐστιν
2946 1792 2964 1810 ο
2997 1778 3086 1846 ῐση
3118 1777 3216 1847 μὲν
3255 1776 3566 1848 ήδύναμις,
3592 1777 3674 1830 ὅτι
3705 1795 3793 1831 νι-

505 1865 713 1936 ligitur,
745 1869 889 1939 quod
921 1861 1008 1925 res
1039 1881 1237 1940 praeter
1260 1871 1547 1940 utriusque
1583 1871 1911 1926 sententiam
1940 1871 2088 1924 acci-

2209 1869 2365 1922 (ὦσιν
2419 1869 2665 1939 ἀλλήλων
2714 1872 2813 1940 τὴν
2859 1869 3114 1942 βούλησιν
3167 1872 3224 1925 ὲν
3246 1869 3322 1941 τῷ
3367 1865 3512 1923 εἶναι
3549 1887 3561 1901 ·
3598 1869 3686 1940 ἴση
3738 1869 3798 1923 δὲ

505 1960 678 2025 dunt,
715 1958 982 2030 siquidem
1011 1970 1065 2016 et
1093 1961 1314 2017 nolente
1338 1962 1481 2015 malo
1507 1962 1683 2016 bonus
1712 1971 1815 2027 est,
1849 1971 1901 2016 et
1924 1963 2096 2016 malus

505 2051 677 2107 invito
710 2051 878 2108 bono.
917 2051 1211 2121 Prreterea,
1250 2054 1294 2108 si
1329 2055 1502 2110 malus
1531 2054 1712 2110 elIecit
1737 2070 1798 2109 ea
1830 2070 1949 2124 quae
1980 2071 2100 2109 cer-

503 2145 710 2212 nimus,
746 2144 957 2214 ecquod
997 2144 1123 2200 boni
1162 2146 1379 2201 tandem
1404 2147 1508 2201 erit
1535 2147 1722 2216 Opus?
1771 2144 1915 2200 Nihil
1952 2146 2095 2199 enim

504 2236 754 2292 cernitur
779 2247 977 2306 praeter
1003 2236 1266 2292 mundum
1295 2238 1441 2293 hunc
1462 2237 1529 2292 ab
1550 2237 1742 2307 Opitice
1769 2236 2097 2308 perfectum.

507 2331 629 2399 Quo
667 2331 833 2403 igitur
866 2330 1069 2386 indicio
1101 2347 1221 2387 esse
1251 2339 1613 2403 cognoscetur
1644 2331 1752 2395 ille,
1788 2331 1879 2400 qui
1926 2331 2101 2385 bonus

505 2440 610 2490 est,
641 2439 763 2479 cum
793 2423 942 2478 nulla
984 2433 1201 2478 exstent
1232 2439 1398 2494 opera
1427 2423 1618 2494 ipsius,
1655 2437 1718 2476 ex
1750 2422 1951 2492 quibus
1985 2421 2100 2489 ipse

503 2515 743 2586 dignosci
781 2516 996 2585 queat?
1037 2515 1243 2571 Artifex
1282 2516 1428 2570 enim
1480 2532 1546 2570 ex
1579 2503 1840 2587 operibus
1893 2529 2099 2583 cogno-

505 2607 702 2661 scitur.
727 2605 845 2662 Jam
878 2607 1152 2676 quomodo
1179 2607 1338 2661 simul
1371 2621 1492 2661 esse
1523 2613 1782 2676 poterunt
1813 2605 1923 2657 duo
1955 2605 2100 2656 inter

505 2716 566 2755 se
601 2701 877 2756 contraria
903 2703 925 2754 ?
955 2701 1060 2755 Aut
1086 2699 1215 2769 qqu
1247 2715 1309 2754 ea
1343 2699 1574 2761 dividet,
1599 2708 1659 2753 ut
1683 2697 2106 2769 disiungantur?

508 2793 643 2847 Nam
679 2803 739 2848 ut
780 2794 941 2849 simul
963 2794 1092 2857 sint,
1128 2794 1240 2848 ﬁeri
1275 2810 1383 2849 non
1419 2801 1621 2863 potest,
1654 2809 1775 2847 cum
1807 2805 2101 2862 utrumque

508 2886 740 2940 alterum
779 2888 952 2942 tollat.
992 2887 1185 2957 Neque
1214 2897 1274 2942 ut
1303 2902 1472 2941 unum
1521 2887 1572 2940 in
1620 2886 1794 2940 altero
1829 2886 1920 2951 sit,
1963 2899 2102 2953 quo-

504 2988 653 3041 niam
689 2997 879 3039 eorum
925 2990 1121 3036 natura
1172 2979 1451 3036 dissimilis
1485 2993 1594 3032 non
1642 2978 1844 3048 patitur
1880 2976 2110 3046 conjun-

505 3083 765 3138 ctionem.
790 3078 1036 3134 Tertium
1067 3076 1232 3148 igitur
1261 3074 1386 3140 erit,
1416 3073 1558 3144 quod
1582 3089 1642 3127 ea
1675 3073 1911 3132 dirimat,
1932 3074 2102 3141 quod-

2201 1964 2232 2030 ἡ
2260 1961 2535 2026 ἀσθένεια,
2575 1963 2655 2014 ὅτι
2685 1962 2759 2034 μὴ
2791 1961 3140 2033 βουλομένοις
3162 1963 3346 2037 αὐτοῖς
3383 1961 3534 2032 παρά
3563 1960 3800 2032 γνώμην

2201 2055 2490 2108 ἀποόαίνει
2535 2054 2601 2108 τὰ
2651 2054 2977 2124 πράγματα.
3023 2055 3184 2108 Ἐστι
3235 2057 3344 2125 γὰρ
3394 2057 3486 2108 καὶ
3523 2057 3550 2108 ὀ
3591 2054 3802 2123 ἀγαθὶς

2203 2145 2358 2214 παρὰ
2400 2145 2626 2216 γνώμην
2668 2143 2762 2196 τοῦ
2807 2144 3043 2214 φαύλου.
3095 2145 3251 2198 Ἔστι
3292 2145 3346 2198 δὲ
3393 2144 3483 2199 καὶ
3528 2146 3556 2198 ὁ
3595 2143 3801 2214 φαῦλος

2204 2236 2356 2305 παρὰ
2382 2235 2641 2305 βούλησιν
2660 2235 2752 2288 τοῦ
2778 2235 3007 2304 ἀγαθοῦ.
3033 2236 3246 2298 Ἀλλως
3273 2253 3354 2301 τε,
3391 2239 3487 2290 καὶ
3507 2233 3668 2288 τοῦτο
3688 2237 3803 2306 γὰρ

2206 2329 2273 2384 ἀν
2305 2345 2390 2391 τις
2426 2329 2612 2391 αὐτοῖς
2640 2328 2807 2393 εἴποι,
2842 2329 2892 2382 εί
2927 2329 2994 2382 τὰ
3021 2329 3325 2400 φαινόμενα
3354 2329 3491 2397 ἔργα
3518 2327 3614 2381 τοῦ
3651 2328 3766 2396 (pa-3
3787 2357 3802 2369 -

2207 2420 2298 2472 λου
2343 2420 2480 2484 ἐστὶ,
2527 2421 2582 2472 τί
2633 2421 2693 2472 τὸ
2748 2420 2911 2491 ἔργον
2957 2423 3052 2474 τοῦ
3099 2420 3344 2489 ἁγαθοῦς
3393 2420 3648 2474 Φαίνεται
3690 2420 3806 2489 γὰρ

2207 2514 2364 2566 οὐδὲν
2402 2515 2545 2583 πλὴν
2582 2514 2679 2581 τῆς
2715 2513 2810 2567 τοῦ
2844 2515 3185 2584 δημιουργοῦ
3221 2517 3477 2576 κτίσεως.
3507 2515 3572 2566 Τί
3606 2514 3661 2566 δὲ
3703 2511 3806 2565 καὶ

2207 2608 2302 2660 τοῦ
2349 2603 2492 2660 εἶναι
2533 2609 2622 2658 τὸν
2665 2607 2868 2675 ἀγαθὸν
2915 2608 3230 2678 γνώρισμα,
3279 2609 3378 2660 οὐκ
3414 2609 3582 2661 ὄντων
3631 2605 3804 2659 αὐτοῦ

2209 2702 2417 2770 ἔργων,
2455 2701 2523 2752 δι’
2554 2694 2628 2754 ὧν
2667 2701 2732 2753 ἂν
2778 2701 3087 2772 γνωσθείη;
3136 2702 3231 2752 Ἐκ
3269 2702 3376 2780 γὰρ
3414 2699 3522 2752 τῶν
3556 2699 3736 2768 ἔργων
3778 2701 3808 2752 ὁ

2210 2794 2549 2864 δημιουργὸς
2574 2794 2927 2861 γινώσκεται.
2962 2795 3086 2856 Πῶς
3115 2794 3169 2847 δὲ
3195 2794 3332 2855 ὅλως
3369 2794 3464 2846 καὶ
3500 2793 3593 2846 δύο
3619 2793 3684 2846 ἂν
3713 2793 3804 2864 εἴη

2211 2884 2432 2937 ἐναντία
2459 2883 2744 2953 ἁλλήλωνς
2780 2883 2847 2936 ’Ἢ
2882 2885 2935 2936 τί
2968 2885 3027 2936 τὸ
3059 2881 3306 2951 διαιροῦν
3339 2884 3456 2934 ἐστι
3497 2882 3674 2935 ταῦτα
3706 2881 3805 2933 ἵνα

2214 2978 2386 3047 χωρὶς
2437 2978 2684 3048 ἀλλήλων
2737 2979 3048 3045 γένωνταις
3105 2971 3248 3030 εἶναι
3301 2978 3408 3046 γὲρ
3460 2974 3635 3029 ταῦτα
3688 2974 3814 3043 ἅμα

2218 3068 2518 3131 ἀδύνατον,
2561 3067 2650 3120 διὰ
2685 3068 2745 3120 τὸ
2780 3065 3108 3136 ἀναιρετικά
3148 3066 3400 3136 ἀλλήλων
3443 3060 3606 3118 εἶναι.
3659 3064 3812 3116 Ἀλλ’

505 3190 614 3245 que
645 3174 715 3229 sit
757 3182 810 3227 et
853 3172 1031 3242 ipsum
1067 3168 1230 3224 Deus.
1268 3167 1338 3223 At
1375 3166 1680 3238 qualisnam
1719 3167 1820 3219 erit
1861 3173 1913 3218 et
1958 3162 2099 3217 tertii

2218 3162 2334 3215 οῦδὲ
2367 3161 2555 3229 ἕτερον
2589 3164 2644 3214 ἐν
2669 3162 2840 3230 ἑτέρῳ
2865 3159 3118 3230 δυνηθείη
3155 3160 3222 3212 ἂν
3282 3153 3422 3210 εἷναι
3458 3156 3546 3209 διὰ
3585 3155 3644 3208 τὸ
3677 3154 3816 3224 ἀμι-

506 3266 749 3324 natura?
793 3264 1000 3320 Bonive
1042 3261 1260 3325 similis,
1294 3276 1362 3314 an
1399 3259 1570 3313 mali?
1610 3258 1906 3324 Utriusque
1949 3259 2096 3310 enim

506 3376 629 3414 esse
689 3373 797 3412 non
847 3363 1048 3427 potest.
1100 3351 1241 3423 Ergo
1289 3369 1411 3407 cum
1458 3353 1684 3406 istorum
1731 3359 2100 3404 commentum

509 3453 758 3523 putidum
793 3465 917 3505 esse
954 3447 1331 3512 convincatur,
1372 3445 1741 3501 necessarium
1787 3451 1871 3497 est
1924 3451 1983 3496 ut
2016 3457 2105 3496 ec-

510 3544 832 3601 clesiasticae
880 3541 1143 3598 doctrinze
1191 3540 1398 3595 veritas
1445 3539 1680 3601 eluceat,
1770 3553 1890 3607 quw
1943 3535 2106 3590 tradit

511 3642 715 3695 malum
748 3653 850 3692 nec
882 3653 911 3692 a
951 3635 1062 3689 Deo
1094 3633 1422 3704 profectum,
1452 3648 1554 3687 nec
1587 3632 1640 3686 in
1685 3630 1794 3686 Deo
1829 3645 1973 3696 csse,
2004 3645 2106 3684 nec

515 3735 586 3790 ab
615 3733 772 3788 initio
804 3729 977 3786 fuisse
1013 3729 1239 3792 factum,
1272 3741 1449 3796 neque
1485 3735 1760 3788 naturam,
1792 3734 1885 3780 aut
1913 3739 2103 3778 essen-

507 3829 640 3883 tiam
678 3827 799 3895 ejus
825 3824 990 3878 ullam
1024 3821 1314 3886 exsistere,
1347 3820 1439 3874 sed
1459 3818 1710 3874 homines
1743 3818 2103 3888 privationem

506 3919 638 3975 boni
667 3917 994 3989 c0gitantes.
1026 3915 1258 3983 ccepisse
1282 3928 1369 3976 ea,
1396 3927 1517 3981 quae
1543 3927 1653 3966 non
1687 3921 1836 3972 sunt,
1872 3925 2102 3980 quaeque

507 4014 608 4082 ipsi
656 4012 868 4077 volunt,
918 4007 1020 4064 sibi
1067 4007 1197 4076 ipsis
1243 4005 1603 4076 contingere,
1649 4013 1704 4059 et
1736 4003 2102 4060 comminisci.

511 4101 987 4170 Quemadmodum
1019 4098 1166 4153 enim
1201 4097 1244 4152 si
1273 4097 1396 4165 quis
1427 4097 1642 4149 lucente
1672 4097 1806 4160 sole,
1849 4107 1901 4150 et
1937 4095 2104 4150 radiis

513 4195 630 4250 suis
659 4204 859 4247 terram
894 4190 1205 4245 universam
1240 4188 1544 4244 illustrante
1575 4188 1835 4244 clauserit
1881 4187 2096 4253 oculos,

510 4282 613 4337 sibi
648 4283 766 4351 ipsc
801 4281 1072 4343 tenebras,
1104 4292 1226 4346 quae
1255 4276 1423 4333 nullae
1462 4289 1611 4344 sunt,
1645 4279 1856 4349 pariet;
1891 4293 1957 4332 ex
1995 4293 2104 4347 quo

491 4375 626 4439 ‘liet,
657 4383 712 4428 ut
741 4389 932 4428 errans
965 4373 1019 4426 in
1048 4370 1288 4425 tenebris
1324 4371 1584 4436 ambulet,
1627 4383 1681 4427 et
1715 4386 1857 4442 saepe
1884 4370 2104 4436 titubet,

511 4477 565 4521 et
598 4467 778 4534 cadat,
812 4475 868 4522 et
906 4481 936 4522 e
968 4467 1105 4521 locis
1137 4467 1430 4537 praeruptis
1459 4482 1700 4536 praeceps
1737 4473 1882 4532 ruat,
1915 4465 2102 4520 existi-

2213 3271 2343 3306 κτον
2365 3271 2400 3306 κ
2420 3255 2455 3304 xl
2480 3255 2732 3322 ἀνόμοιον
2760 3252 2940 3305 αὐτῶν
2969 3252 3069 3322 τῆς
3098 3250 3331 3318 φύσεως.
3358 3247 3571 3305 Ούκοῦν
3598 3249 3662 3299 ἐκ
3689 3249 3812 3316 τρί-

2209 3363 2301 3398 του
2353 3345 2412 3398 τὸ
2461 3343 2705 3414 διαιροῦν
2745 3345 3070 3414 φανήσεται,
3107 3345 3202 3396 καὶ
3254 3342 3388 3395 αὐτὸ
3428 3341 3585 3402 Θεός.
3644 3341 3812 3393 Ἀλλά

2216 3441 2371 3504 ποίας
2399 3441 2464 3494 ἂν
2496 3441 2579 3511 εἴη
2613 3441 2705 3494 καὶ
2730 3439 3007 3510 τδ⁸τρίτον
3033 3438 3245 3508 φύσεως
3271 3455 3284 3503 ;
3321 3437 3557 3504 Πότερον
3583 3436 3680 3505 τῆς
3709 3433 3805 3486 τοῦ

2209 3529 2399 3595 καλοῦ,
2426 3530 2459 3601 ἦ
2493 3532 2589 3597 τῆς
2614 3529 2709 3582 τοῦ
2745 3529 2950 3598 φαύλου
2981 3545 2994 3594 ;
3027 3529 3123 3596 τῆς
3157 3527 3267 3597 γὰρ
3298 3525 3629 3598 ἀμφοτέρων
3657 3519 3794 3577 εἶναι

2209 3623 2340 3675 αὐτὸ
2371 3622 2658 3675 ἀδύνατον.
2699 3619 2911 3692 Σαθρᾶς
2941 3619 3006 3690 δὴ
3047 3619 3230 3672 τοίνυν
3261 3619 3358 3688 τῆς
3389 3618 3651 3686 τοιαύτης
3685 3616 3809 3668 δια-

2213 3718 2362 3780 νοίας
2400 3717 2579 3770 αὐτῶν
2616 3716 2970 3786 φαινομένης,
3007 3713 3224 3781 ἀνάγκη
3256 3713 3354 3784 τὴν
3391 3712 3654 3783 ἀλήθειαν
3685 3712 3812 3766 δια-

2212 3814 2453 3880 λάμπειν
2483 3810 2583 3879 τῆς
2613 3807 3084 3878 ἐκκλησιαστικῆς
3115 3809 3396 3874 γνώσεως,
3431 3807 3514 3859 ὅτι
3545 3805 3605 3858 τὸ
3633 3806 3817 3859 κακὸν

2213 3903 2274 3956 ού
2310 3902 2461 3972 παρά
2490 3900 2648 3963 Θεοῦ,
2681 3900 2804 3954 οὐδὲ
2840 3901 2897 3952 ὲν
2925 3897 3064 3968 Θεῷ,
3095 3895 3221 3949 οὔτε
3256 3897 3313 3961 ἐξ
3349 3895 3527 3967 ἀρχῆς
3556 3895 3816 3964 γέγονεν,

2209 3994 2332 4048 οῦτε
2357 3994 2514 4046 οὐσία
2535 3992 2616 4056 τίς
2640 3993 2786 4045 ἐστιν
2825 3989 3011 4054 αὑτοῦ,
3040 3987 3176 4043 ἀλλὰ
3199 3987 3476 4056 ἄνθρωποι
3521 3987 3663 4039 κατὰ
3690 3986 3822 4038 στέ-

2214 4103 2372 4159 ρησιν
2403 4086 2504 4154 τῆς
2539 4085 2632 4137 τοῦ
2663 4082 2834 4137 καλοῦ
2872 4081 3176 4151 φαντασίας
3210 4083 3421 4142 ἑαυτοῖς
3453 4081 3688 4132 ἐπινοεῖν
3712 4078 3821 4148 ἧρ-

2214 4185 2374 4246 ξαντο
2402 4180 2495 4233 καὶ
2523 4177 2890 4232 ἀναπλάττειν
2913 4177 2980 4229 τὰ
3004 4176 3103 4228 οὐκ
3125 4175 3271 4236 ὄντα,
3299 4175 3391 4227 καὶ
3422 4173 3567 4243 άπερ
3595 4171 3820 4242 βούλον-

2211 4291 2322 4327 ται.
2373 4274 2460 4336 Ὠς
2497 4271 2604 4340 γὰρ
2635 4270 2698 4323 ἄν
2723 4287 2808 4332 τις
2843 4269 2996 4339 ἡλίου
3032 4269 3343 4336 φαίνοντος,
3373 4267 3468 4319 καὶ
3500 4266 3680 4334 πάσης
3710 4263 3821 4333 τῆς

2213 4366 2317 4434 γῆς
2343 4364 2419 4434 τῷ
2448 4366 2588 4432 φωτὶ
2608 4363 2799 4416 τούτου
2821 4360 3352 4431 καταλαμπομένης,
3381 4357 3658 4427 καμμύων
3685 4355 3822 4418 τοὺς

2215 4456 2533 4527 ἐφθαλμοὺς
2560 4455 2750 4517 σκότος
2780 4452 2958 4522 ἐαυτῷ
2988 4453 3218 4511 ἐπινοεῖ,
3251 4449 3350 4502 οὐκ
3374 4448 3530 4510 ὄντος
3561 4447 3816 4509 σκὸτους,

510 4578 666 4616 mans
710 4561 887 4618 lucem
931 4577 1042 4617 non
1091 4564 1302 4628 adesse,
1353 4562 1449 4618 sed
1493 4561 1766 4627 tenebras,
1799 4577 1936 4632 quas
1974 4575 2097 4616 cum

2211 4554 2302 4605 καῖ.
2341 4549 2529 4603 λοιπίν
2560 4549 2632 4611 ἀς
2675 4550 2731 4601 ὲν
2767 4549 2950 4598 σκίῖτει
2975 4541 3324 4611 ’πλανώμενος
3357 4540 3652 4609 περιπατεῖ
3683 4536 3822 4587 πολ-

511 4657 709 4712 intueri
753 4674 813 4712 se
845 4667 1020 4726 putet,
1057 4657 1195 4712 nihil
1226 4655 1373 4711 videt
1402 4674 1414 4710 :
1460 4655 1540 4710 sic
1577 4663 1634 4710 et
1665 4655 1950 4709 hominum
1982 4653 2100 4708 ani-

511 4767 635 4804 mus
679 4750 944 4805 claudens
990 4751 1191 4805 mentis
1226 4749 1434 4821 oculos,
1472 4747 1674 4816 quibus
1708 4755 1887 4816 potest
1925 4745 2100 4800 Deum

515 4857 766 4904 cernere,
799 4842 901 4896 sibi
935 4842 1052 4912 ipse
1098 4843 1238 4896 mala
1269 4839 1618 4910 excogitavit,
1650 4839 1704 4892 in
1738 4838 1942 4908 quibus
1975 4852 2098 4894 sese

514 4948 764 4997 movens,
793 4944 970 4989 nescut
1004 4949 1083 4997 se,
1121 4935 1250 4988 dum
1287 4935 1499 4988 videtur
1529 4930 1629 4986 sibi
1661 4931 1840 4985 facere
1877 4930 2102 4999 aliquid,

514 5025 655 5081 nihil
683 5026 882 5080 facere.
916 5026 1098 5096 Fingit
1140 5026 1286 5080 enim
1330 5042 1450 5096 qua:
1487 5042 1596 5080 non
1649 5034 1798 5085 sunt,
1847 5039 1948 5077 nec
1987 5022 2110 5077 talis

518 5129 724 5179 manet,
773 5116 949 5186 qualis
982 5117 1156 5171 lactus
1185 5123 1288 5180 est,
1355 5116 1448 5170 sed
1483 5113 1696 5184 qualem
1725 5128 1783 5167 se
1813 5113 1929 5180 ipse
1959 5126 2108 5165 com-

518 5211 763 5273 miscuit,
794 5209 914 5264 talis
937 5210 1098 5264 etiam
1131 5219 1378 5280 apparet.
1409 5208 1544 5262 Nam
1577 5208 1668 5276 qui
1701 5206 1878 5260 factus
1903 5215 2008 5266 est,
2046 5215 2104 5259 ut

518 5300 690 5357 Deum
719 5301 1009 5371 aspiceret.
1034 5311 1088 5356 et
1114 5302 1488 5356 illustraretur
1511 5314 1540 5352 a
1580 5300 1709 5358 Deo,
1733 5298 1839 5352 sibi
1873 5297 1990 5366 ipse
2017 5309 2103 5357 ea,

518 5408 642 5462 quae
698 5403 1154 5459 corrumpuntur,
1210 5403 1266 5446 et
1316 5393 1572 5445 tenebras
1614 5389 1980 5458 conquisivit.
2033 5388 2106 5444 Ut

519 5487 752 5556 quodam
788 5487 907 5540 loco
951 5485 1228 5555 Scriptura
1277 5483 1543 5554 signiﬁcat
1574 5499 1586 5536 :
1618 5479 1786 5545 Fecit,
1827 5480 2104 5550 inquiens,

522 5581 662 5634 Deus
685 5582 948 5633 hominem
974 5591 1168 5633 rectum
1194 5581 1236 5644 ',
1269 5593 1333 5632 ac
1369 5577 1482 5646 ipse
1505 5576 1604 5629 sibi
1633 5575 1874 5628 rationes
1904 5572 2110 5628 multas

521 5673 863 5740 excogitavit.

603 5847 618 5877 ¹
654 5849 839 5904 Matth.
869 5866 946 5914 ιι,
981 5853 1065 5905 '25.
1149 5856 1166 5883 ’
1204 5853 1376 5911 Ecrlo.
1416 5870 1510 5918 vn,
1547 5854 1632 5907 5t).

2205 4641 2363 4704 λάκις
2415 4643 2646 4702 πίπτων,
2677 4637 2772 4691 καὶ
2815 4635 2956 4689 κατὰ
2978 4634 3241 4705 κρημνῶν
3281 4631 3528 4698 ὑπάγων,
3573 4625 3821 4696 νομίζων

2209 4732 2308 4784 οὐκ
2338 4728 2477 4782 εἶναι
2509 4729 2643 4798 φῶς,
2673 4725 2807 4780 ἀλλὰ
2839 4726 3052 4787 σκότος,
3099 4727 3271 4778 δοκων
3319 4723 3429 4793 γὰρ
3464 4719 3681 4790 βλέπειν
3703 4716 3822 4769 οὐδ’

2211 4823 2348 4885 ὅλως
2379 4821 2480 4893 ὁρᾷ
2505 4836 2519 4852 ·
2558 4818 2700 4872 οὕτω
2731 4818 2825 4871 καὶ
2858 4819 2883 4886 ἡ
2910 4816 3058 4887 ψυχὴ
3089 4815 3195 4868 τῶν
3233 4813 3539 4884 ἀνθρώπων
3585 4805 3825 4877 καμμύ-

2219 4935 2358 4971 σασα
2401 4915 2494 4968 τὸν
2525 4911 2805 4982 ὀφθαλμὸν
2828 4952 2842 4976 ,
2881 4911 2948 4964 δι’
2983 4905 3044 4962 οἶ)
3080 4909 3170 4961 τὸν
3206 4909 3340 4961 Θεὸν
3374 4907 3506 4978 ὀρᾷν
3548 4902 3778 4956 δύναται
3803 4941 3821 4964 ,

2217 5009 2389 5078 ἑαυτῇ
2422 5008 2488 5058 τὰ
2515 5007 2660 5058 κακὲ
2691 5003 3040 5072 ὲπενεόησεν,
3074 5001 3130 5052 ὲν
3161 4993 3242 5062 οἷς
3271 4997 3572 5064 κινουμένη
3603 4992 3703 5044 οὐκ
3732 4987 3825 5042 οἷ-

2214 5101 2305 5155 δεν
2332 5100 2415 5154 ὅτι
2457 5097 2692 5153 δοκοῦσά
2727 5115 2778 5150 τι
2820 5100 2994 5149 ποιεῖν
3034 5095 3187 5147 οὐδὲν
3221 5093 3390 5145 ποιεῖ.
3421 5089 3504 5141 Τά
3547 5087 3648 5139 οὐκ
3678 5084 3824 5137 ὄντα.

2216 5193 2324 5264 γὰρ
2356 5191 2787 5252 ἀναπλάττεται,
2839 5190 2934 5244 καὶ
2969 5188 3068 5257 οὐχ
3109 5185 3272 5241 ὁποία
3321 5182 3556 5252 λέγομεν
3580 5175 3823 5247 τοιαύτη

2213 5286 2311 5340 καὶ
2379 5284 2619 5352 ἔμεινεν,
2673 5281 2789 5335 ἀλλ’
2839 5283 3031 5334 ὁποίαν
3083 5275 3284 5346 ἑαυτὴν
3331 5275 3533 5343 ἀνέφυε
3584 5267 3818 5341 τοιαύτη

2216 5379 2311 5432 καὶ
2344 5379 2622 5448 φαίνεται.
2661 5377 2860 5442 Γέγονε
2901 5373 2998 5443 μὲν
3030 5371 3140 5440 γὰρ
3180 5373 3260 5430 είς
3293 5368 3354 5421 τὸ
3391 5367 3527 5437 ὁρᾷν
3556 5365 3648 5417 τὸν
3677 5362 3823 5414 Θεὸν

2219 5472 2316 5526 καὶ
2346 5472 2438 5525 ὑπ’
2468 5470 2638 5524 αὐτοῦ
2670 5466 3024 5536 φωτίζεσθαι,
3055 5465 3194 5534 αὓτη
3223 5463 3281 5517 δὲ
3312 5461 3433 5515 ἀντὶ
3461 5459 3557 5512 τοῦ
3587 5457 3722 5511 Θεοῦ
3743 5458 3822 5511 τὰ

2227 5565 2468 5634 φθαρτὰ,
2528 5565 2624 5617 καὶ
2668 5561 2730 5614 τὸ
2784 5559 2972 5621 σκότος
3009 5558 3298 5630 ἐζήτησεν,
3356 5555 3430 5619 ὥς
3477 5571 3579 5606 που
3628 5551 3720 5604 καὶ
3778 5550 3819 5619 ἡ
3871 5570 3880 5579 ·

2223 5661 2414 5729 Γραφή
2441 5675 2606 5726 φησιν
2633 5671 2646 5685 ·
2689 5655 2752 5708 '0
2783 5653 2957 5726 [Θεὸς
2992 5653 3101 5707 τὸν
3156 5652 3475 5720 ἄνθρωπον
3521 5647 3823 5714 ἐποίησεν

2227 5752 2395 5821 εὐθῆ,
2435 5751 2587 5804 αὖτοῖ
2621 5748 2677 5804 δὲ
2707 5749 2979 5820 ἐζήτησαν
3005 5747 3303 5818 λογισμοὺς
3330 5741 3576 5805 πολλούς,
