4126 6414
517 354 616 419 311

1755 359 1964 421 EUTH
1977 358 2140 419 ΥΜΙΙ
2183 355 2547 418 ZIGABENI

3683 349 3791 414 312

517 469 686 540 quue
716 483 814 538 per
843 483 902 523 se
931 468 1254 536 consistere,
1282 485 1390 524 non
1423 477 1602 524 autem
1650 486 1679 525 a
1735 470 1848 526 Deo
1895 471 2097 526 factum

2209 469 2297 524 τοῦ
2330 469 2611 538 προφήτου
2667 466 2844 536 λόγων
2884 465 3286 534 ἐξαπατῶνται.
3337 464 3434 518 Ἕκ
3476 463 3540 534 δὴ
3592 462 3788 518 τούτου

519 575 661 625 esse,
690 576 756 615 cx
807 561 936 630 ipsis
969 563 1248 632 prepltetae
1299 562 1493 620 verbis
1530 562 1827 636 significari
1887 563 2098 628 dicunt,

515 651 608 705 sed
659 650 940 705 falluntur.
973 650 1048 706 Ex
1098 651 1203 706 hoc
1255 652 1423 707 verbo
1475 668 1594 722 qua:
1637 670 1747 708 non
1799 662 1998 725 pravae,
2047 664 2104 710 et

516 743 699 813 impiae
750 744 1038 812 opiniones
1098 744 1344 798 conﬁcta:
1399 746 1568 799 sunt?
1615 746 1692 801 Ex
1761 747 1864 802 hac
1932 762 2101 818 prava

517 836 710 890 vocula
745 850 905 904 quam
953 849 1146 906 graves
1173 835 1285 906 lupi
1335 837 1675 892 occasionem
1724 839 2100 908 arripuerunt,

517 936 577 982 ut
610 927 704 982 Dei
746 941 961 998 gregem
997 927 1380 995 dilacerarent,
1414 939 1470 984 et
1499 929 1713 987 animos
1746 931 2104 987 invaderent?

514 1017 707 1073 Nonne
758 1018 1063 1073 Marcioues
1116 1019 1245 1075 hinc
1315 1022 1653 1091 eruperunt?
1708 1037 1895 1078 nonne
1970 1024 2103 1078 hinc

515 1111 787 1165 Valentini
843 1113 1019 1166 exorti
1075 1111 1248 1166 sunt?
1316 1127 1502 1166 nonne
1571 1112 1699 1168 hinc
1769 1116 2102 1170 exsecranda

514 1201 938 1258 Manichaeorum
979 1202 1202 1257 ἣξει-θεῖε
1233 1203 1472 1274 profecta
1510 1205 1628 1260 est?
1673 1221 1836 1276 quam
1889 1207 1935 1261 si
1981 1208 2106 1274 quis

516 1306 729 1364 putrem
761 1293 1130 1350 Ecclesiarum
1160 1295 1370 1350 saniem
1416 1297 1672 1368 appellet,
1719 1314 1836 1352 non
1875 1300 2102 1355 errabit.

515 1389 671 1453 Quod
705 1395 848 1441 terra
879 1396 1023 1441 esset
1052 1386 1362 1448 invisibilis,
1408 1402 1472 1442 ex
1521 1403 1607 1453 eo,
1643 1388 1784 1458 quod
1832 1390 2102 1459 sequitur,

515 1479 890 1536 conﬁrmatur.
924 1479 1192 1544 Quoniam
1232 1480 1478 1552 abyssus,
1515 1496 1638 1552 qua:
1676 1481 1750 1536 illi
1780 1481 2102 1548 inha3rebat,

513 1584 631 1630 erat
647 1575 761 1645 ipsa
781 1589 1000 1645 quoque
1017 1575 1255 1630 tenebris
1273 1575 1532 1631 involuta.
1570 1576 1934 1642 Quamobrem
1956 1572 2108 1648 abys-

513 1680 610 1723 sus
641 1681 751 1721 nou
787 1674 871 1721 est
925 1667 1219 1721 multitudo
1246 1667 1650 1723 adversantium
1671 1678 2026 1740 potestatum,
2047 1677 2108 1724 ut

514 1759 736 1824 quidam
773 1758 978 1829 Opinati
1029 1767 1179 1814 sunt.
1239 1757 1349 1814 Nec
1402 1761 1640 1816 tenebrae
1688 1771 1816 1816 sunt
1865 1763 2105 1832 potentia

515 1852 760 1922 quaedam
795 1852 1068 1922 princeps,
1103 1861 1158 1907 et
1191 1852 1462 1923 improba,
1507 1869 1629 1924 quae
1682 1854 1887 1909 bonum
1927 1854 2102 1925 ipsum
2137 1832 2178 1888 Β

516 1947 814 2017 impugnet.
849 1946 966 2000 Duo
994 1947 1162 2010 enim,
1193 1962 1314 2017 qua:
1344 1947 1449 2002 sibi
1476 1945 1716 2002 vicissim
1760 1947 1931 2017 aequis
1974 1946 2106 2002 viri-

513 2038 617 2092 bus
646 2037 868 2108 praidita
911 2039 1294 2104 adversentur,
1345 2054 1466 2097 sese
1515 2049 1705 2094 mutuo
1754 2050 2108 2110 corrumpeut

513 2131 758 2193 omnino,
814 2139 868 2186 et
923 2141 1191 2202 perpetuo
1249 2131 1393 2187 bello
1446 2132 1522 2187 sic
1592 2133 1986 2198 distrahentur,
2047 2141 2106 2189 ut

511 2224 788 2292 negotium
819 2240 1098 2295 nunquam
1144 2239 1255 2279 non
1295 2225 1553 2291 habeant,
1604 2237 1660 2281 et
1705 2227 1811 2282 sibi
1865 2228 2104 2282 vicissim

512 2317 828 2371 exhibeant.
866 2315 1020 2383 Quod
1057 2319 1100 2372 si
1147 2318 1360 2373 viribus
1389 2334 1559 2373 unum
1610 2319 1944 2388 prmstiterit.
1967 2320 2104 2374 alte-

511 2423 634 2462 rum
667 2423 893 2478 prorsus
945 2408 1212 2465 abolebit.
1261 2411 1450 2481 Itaque
1513 2411 1557 2465 si
1613 2426 1799 2482 parem
1849 2411 1996 2476 mali,
2049 2420 2105 2466 et

509 2503 636 2560 boni
672 2506 776 2558 vim
814 2518 934 2575 esse
964 2513 1230 2570 statuunt,
1259 2503 1538 2559 assiduum
1591 2504 1816 2568 bellum,
1869 2513 1925 2559 et
1977 2519 2104 2575 per-

507 2606 734 2665 petuutn
767 2595 1046 2650 interitum
1089 2594 1468 2659 introducunt,
1494 2611 1617 2650 cum
1648 2597 1851 2667 pariter
1885 2605 1941 2650 et
1985 2596 2106 2650 vin-

509 2698 600 2744 cat
628 2700 944 2756 utrumque,
978 2695 1034 2741 et
1066 2688 1319 2741 vincatur
1349 2688 1416 2742 ab
1448 2687 1644 2742 altero.
1698 2687 1793 2741 Sin
1841 2687 1970 2742 boni
2021 2688 2104 2742 vis

509 2780 810 2842 antecellit,
836 2779 966 2850 quid
989 2779 1189 2846 obstat,
1209 2779 1502 2848 quominus
1519 2787 1711 2834 natura
1737 2780 1860 2834 mali
1879 2781 2101 2850 penitus

511 2873 797 2929 deleatur?
827 2872 924 2926 Sin
959 2879 1172 2937 contra,
1205 2871 1348 2941 quod
1381 2871 1546 2926 nefas
1571 2881 1655 2927 est
1682 2873 1887 2938 dicere,
1911 2874 2099 2941 miror,

457 2975 470 2991 '
511 2981 609 3020 cur
644 2979 751 3019 non
785 2978 815 3018 a
845 2978 904 3019 se
956 2963 1176 3032 ipsimet
1217 2961 1452 3032 fugiant,
1507 2973 1562 3017 et
1607 2964 1959 3030 abhorreant,
2007 2966 2100 3036 qui

509 3070 621 3114 lum
656 3057 821 3128 impia
849 3065 904 3112 et
959 3055 1281 3112 detestanda
1335 3056 1627 3112 maledicta
1680 3059 2106 3113 comminiscun-

509 3163 621 3209 tur.
652 3151 761 3206 Nec
794 3160 976 3207 tamen
1027 3150 1176 3221 pium
1208 3157 1290 3206 est
1340 3149 1522 3205 dicere
1560 3150 1626 3205 ab
1673 3151 1790 3221 ipso
1834 3151 1944 3206 Deo
1993 3167 2105 3205 ma-
2132 3190 2175 3221 ,ς

508 3245 623 3300 lum
681 3244 834 3299 oriri.
895 3243 1353 3312 Quandoquidem
1405 3243 1615 3298 nullum
1680 3243 2011 3298 contrarium
2075 3261 2103 3298 a

511 3339 789 3392 contrario
843 3336 924 3391 fit.
990 3335 1179 3406 Neque
1218 3337 1366 3390 enim
1404 3333 1513 3389 vita
1572 3346 1802 3390 mortem
1861 3346 2101 3406 generat.

507 3431 624 3486 Nec
679 3429 916 3484 tenebra:
971 3429 1148 3484 lucem
1206 3429 1444 3499 pariunt.
1502 3427 1612 3481 Nec
1675 3426 1896 3482 morbus
1949 3428 2102 3480 vale-

512 3520 760 3575 tudinem
818 3519 1000 3576 ei'ﬁcit.
1037 3521 1105 3575 At
1139 3519 1182 3575 si
1235 3518 1460 3582 malum,
1523 3518 1800 3586 inquiunt,
1857 3533 1958 3573 nec
2019 3517 2103 3570 in-

512 3613 756 3685 genitum
805 3621 908 3676 est,
974 3628 1076 3668 nec
1108 3613 1349 3682 genitum
1402 3627 1430 3666 a
1483 3611 1614 3676 Deo,
1667 3611 1811 3665 unde
1855 3621 2103 3665 naturam

510 3705 716 3759 habet?
742 3705 875 3759 Nam
916 3704 1055 3759 mala
1079 3704 1296 3774 quidem
1326 3719 1446 3760 esse
1495 3703 1678 3759 nullus
1719 3703 1958 3774 negabit,
2010 3702 2104 3773 qui

508 3798 634 3852 vita:
680 3813 906 3853 munere
943 3797 1221 3868 fungatur.
1275 3797 1416 3861 Quid
1453 3796 1616 3868 igitur
1670 3796 1954 3853 dicemus?
1990 3795 2105 3849 Ma-

509 3891 623 3944 lum
675 3905 787 3943 non
837 3903 958 3943 esse
1019 3899 1272 3943 naturam
1312 3889 1516 3953 vivam,
1573 3896 1737 3958 atque
1781 3888 2102 3953 animatam,

512 3982 607 4038 scd
647 3981 991 4037 aﬂectionem
1019 3982 1310 4052 quamdam
1336 3981 1390 4034 in
1427 3981 1634 4046 animo,
1687 3997 1806 4051 quae
1846 3979 2104 4050 quoniam

511 4073 582 4127 ab
619 4074 852 4127 honesto
880 4073 1117 4137 decedit,
1166 4083 1250 4127 est
1288 4072 1472 4127 virtuti
1497 4072 1792 4135 contraria,
1815 4081 1870 4126 et
1895 4070 2106 4140 ignavis

513 4166 841 4220 innascitur.
879 4165 1060 4231 Quare
1093 4181 1204 4220 non
1237 4173 1341 4227 est,
1385 4181 1484 4218 cur
1526 4165 1727 4218 malum
1778 4163 2107 4217 intrinsecus

515 4257 868 4328 pervestiges,
898 4268 991 4312 aut
1018 4257 1320 4327 principem
1347 4256 1508 4311 ullam
1537 4257 1902 4326 improbitatis
1933 4265 2065 4310 natu
2084 4285 2104 4296 ο

513 4365 632 4403 ram
682 4351 950 4420 opineris,
989 4351 1081 4405 sed
1109 4366 1220 4405 sum
1245 4350 1478 4420 quisque
1501 4349 1719 4404 malitiae
1747 4366 1804 4404 se
1826 4359 2103 4404 auctorem

513 4455 794 4514 agnoscat.
829 4445 1066 4500 Proinde
1104 4459 1334 4515 quorum
1377 4453 1432 4500 tu
1481 4445 1738 4499 dominus
1786 4433 1865 4506 es,
1916 4458 2105 4498 eorum

515 4537 730 4593 aliunde
763 4553 832 4594 ne
858 4553 1073 4608 quaeras
1118 4536 1292 4593 initia.
1329 4535 1437 4593 Sed
1489 4537 1747 4606 intellige,
1785 4536 1929 4606 quod
1980 4550 2108 4606 pro-

513 4630 654 4698 prie,
709 4639 763 4684 et
793 4645 920 4686 vere
965 4630 1166 4685 malum
1220 4637 1325 4694 est,
1379 4629 1431 4685 id
1465 4644 1533 4683 ex
1583 4628 1892 4683 voluntario
1948 4627 2102 4699 lapsu

518 4723 846 4791 principium
905 4721 1129 4777 ducere.
1199 4720 1331 4776 Nam
1387 4724 1430 4778 si
1491 4731 1689 4793 praeter
1770 4725 2103 4776 voluntatem

515 4810 812 4871 accideret,
850 4827 960 4865 non
994 4822 1180 4866 tantus
1211 4828 1278 4867 ex
1322 4811 1530 4880 legibus
1567 4812 1730 4866 timor
1779 4811 2104 4880 delinquen-

2204 562 2258 616 τί
2291 561 2410 631 οὐχὶ
2437 560 2784 628 συνεπλάσθη
2806 559 2915 612 τῶν
2942 558 3198 631 πονηρῶν
3240 557 3337 612 καὶ
3369 556 3547 611 ἀθέων
3579 555 3793 625 δογμά-

2204 655 2528 718 των;[1οἴοι
2580 652 2736 706 λύκοι
2778 651 2968 724 βαρεῖς
3023 649 3360 714 διασπῶντες
3424 649 3485 703 τὺ
3535 649 3794 720 ποίμνιον

2202 746 2298 799 τοῦ
2326 743 2465 798 Θεοῦ
2499 746 2618 814 οὐχὶ
2644 744 2752 798 ἀπὸ
2791 743 2891 812 τῆς
2923 744 3132 814 μικρᾶς
3181 742 3390 811 ταύτης
3445 742 3631 811 φωνῆς
3687 741 3795 810 τὴν

2205 836 2378 906 ἀρχὴν
2403 835 2662 898 λαϐόντες
2709 834 3060 888 ἐπεπόλασαν
3106 836 3226 896 ταῖς
3253 833 3455 903 ψυχαῖς
3485 849 3501 898 ;
3541 833 3601 886 οὐ
3631 834 3796 904 Μαρ-

2207 928 2437 993 κίωνες;
2462 927 2564 982 οὐκ
2598 927 2948 982 Ούαλεντϊνοι
2972 944 2985 958 °
3021 925 3122 998 οὖχ
3146 930 3178 997 ἡ
3203 926 3471 997 βδελυκτὴ
3487 925 3796 980 τῶνΜανι-

2205 1022 2375 1093 χαίων
2423 1019 2673 1090 αῐρεσιςς
2725 1020 2792 1090 ἣν
2851 1018 3122 1088 σηπεδόνα
3170 1036 3257 1082 τις
3299 1021 3410 1071 τῶν
3447 1018 3797 1086 Ἐκκλησιῶν

2207 1111 2525 1184 προσειπὼν
2563 1111 2660 1181 οὐχ
2715 1112 3027 1181 ἁμαρτήσει
3091 1110 3186 1164 τοῦ
3244 1112 3639 1182 προσήκοντος.
3678 1109 3797 1164 Τοῦ

2206 1207 2438 1275 ἀόρατον
2461 1199 2605 1258 εῖναι
2663 1203 2761 1273 τῆν
2829 1202 2934 1272 γῆν
2994 1200 3503 1256 κατασκευαστικόν
3556 1203 3674 1254 ἐστι
3729 1201 3800 1253 τὺ

2207 1300 2574 1368 ἐπαγόμενον,
2611 1296 2694 1350 ότι
2722 1295 2962 1358 ἄϐυσσος
3005 1291 3074 1367 ἦν
3101 1295 3136 1364 ἠ
3171 1294 3470 1364 ἐπέχουσα,
3506 1293 3602 1347 καὶ
3648 1291 3803 1361 αὑτὴ

2207 1389 2588 1462 ἑσκοτισμένη.
2628 1390 2766 1444 Οὔτε
2815 1388 2910 1443 οὖν
2961 1389 3197 1450 ἄϐυσσος
3240 1387 3524 1456 δυνάμεων
3587 1384 3804 1456 πλῆθος

2207 1486 2625 1556 ἀντικειμένων,
2667 1483 2744 1548 ὥς
2766 1500 2911 1547 τινες
2952 1482 3400 1552 ἐφαντάσθησαν,
3432 1478 3556 1534 οὔτε
3598 1478 3801 1542 σκότος

2209 1578 2414 1648 ἀρχικὴ
2447 1593 2532 1640 τις
2565 1576 2662 1630 καὶ
2691 1580 2908 1647 πονηρᾶ
2953 1575 3190 1646 δύναμις
3241 1573 3656 1642 ἀντεξαγομένη
3712 1571 3800 1641 τῷ

2208 1667 2423 1738 ἀγαθῷ.
2467 1667 2570 1722 Δύο
2603 1669 2715 1738 γὰρ
2746 1667 3070 1734 ὲξισάζοντα
3101 1665 3353 1737 ἀλλήλοις
3380 1665 3505 1719 κατ’
3536 1665 3801 1718 ἐναντίω-

2213 1779 2295 1816 σιν
2318 1760 2595 1831 φθαρτικὰ
2625 1761 2777 1814 ἔσται
2807 1761 3024 1824 πάντως
3050 1763 3152 1832 τῆς
3181 1760 3428 1830 ἀλλήλων
3453 1758 3797 1822 συστάσεως,

2209 1861 2304 1910 και
2339 1853 2642 1924 πράγματα
2669 1853 2778 1920 ἔξει
2807 1852 3095 1924 διηνεκῶς,
3135 1853 3231 1904 καὶ
3265 1849 3493 1922 παρέξει
3525 1848 3802 1919 ἀπαύστῳ

2209 1947 2345 2018 πρὸς
2365 1945 2572 2015 ἄλληλα
2592 1945 2927 2015 σννεχόμενα
2951 1944 3027 2014 τῷ
3054 1943 3182 1997 πολέ
3191 1962 3297 2013 μῳ.
3331 1943 3451 2002 Κάν
3472 1939 3802 2012 ὑπερϐάλλῃ

2209 2039 2442 2109 δυνάμει
2459 2037 2569 2090 τῶν
2600 2038 3006 2108 ἀντικειμένων
3033 2037 3092 2090 τὸ
3143 2036 3354 2106 ἕτερον,
3417 2033 3803 2106 δαπανητικῆν

2209 2131 2510 2196 ἔξάπαντος
2541 2131 2634 2184 τοῦ
2676 2131 3046 2201 κρατηθέντος
3107 2131 3342 2194 γίνεται.
3379 2129 3543 2182 Ὥστε
3591 2129 3640 2180 εί
3693 2126 3801 2196 μὲν

2211 2224 2502 2295 ἰσόρροπον
2532 2223 2754 2291 λέγουσι
2778 2219 2873 2274 τοῦ
2911 2220 3089 2276 κακοῦ
3123 2219 3222 2291 τὴν
3270 2220 3406 2289 πρὸς
3459 2219 3522 2272 τδ
3586 2221 3801 2289 ἀγαθὸν

2207 2319 2551 2380 ἐναντίωσιν,
2605 2317 2889 2370 ἄπαυστον
2948 2315 3232 2383 εἰσάγουσι
3269 2315 3530 2383 πόλεμον,
3563 2316 3659 2368 καὶ
3681 2313 3804 2385 διη-

2209 2413 2346 2483 νεκῆ
2372 2413 2474 2484 τὴν
2510 2410 2740 2481 φθορὰν,
2764 2408 3115 2480 κρατούντων
3163 2410 3222 2462 ὲν
3263 2409 3445 2480 μέρει,
3505 2403 3602 2462 καὶ
3652 2425 3800 2480 κρα-

2206 2505 2486 2574 τουμένων
2508 2521 2521 2534 ο
2558 2504 2606 2554 εἰ
2647 2502 2702 2555 δὲ
2732 2502 2994 2572 ὑπερέχει
3025 2501 3266 2570 δυνάμει
3299 2502 3360 2553 τὸ
3388 2500 3612 2568 ἀγαθὸν,
3647 2499 3735 2562 τίς
3763 2499 3802 2568 ἡ

2207 2599 2358 2652 αίτία
2388 2595 2482 2651 τοῦ
2511 2597 2608 2666 τὴν
2639 2596 2805 2665 φύσιν
2831 2596 3003 2649 κακοῦ
3042 2597 3114 2664 μὴ
3152 2594 3431 2654 παντελῶς
3461 2593 3798 2666 umquam;

2208 2691 2272 2743 Ei
2298 2689 2378 2754 δὲ,
2407 2688 2434 2740 ὃ
2466 2688 2542 2757 μὴ
2593 2687 2750 2756 Θέμις
2778 2689 2976 2750 εἰπεῖν,
3012 2685 3298 2756 θαυμάζω,
3329 2685 3448 2747 πῶς
3487 2687 3606 2756 οὐχὶ
3665 2684 3805 2752 φεύ-

2207 2797 2396 2850 γουσιν
2419 2780 2577 2833 αὐτοὶ
2611 2781 2840 2843 ἑαυτοὺς
2872 2777 3011 2849 πρὸς
3073 2776 3217 2830 οὕτω
3271 2776 3628 2847 βλασφημίας
3662 2775 3802 2829 ἀθε-

2210 2874 2402 2944 μίτους
2431 2875 2837 2945 ὑποφερόμενοι
2863 2890 2879 2940 ;
2906 2874 2981 2927 Οὐ
3018 2872 3124 2944 μὴν
3159 2870 3280 2925 οὐδὲ
3344 2869 3498 2939 παρά
3542 2866 3680 2922 Θεοῦ
3733 2869 3802 2922 τὸ

2207 2971 2379 3024 κακὸν
2411 2971 2508 3039 τὴν
2541 2971 2760 3038 γένεσιν
2799 2969 2946 3040 ἔχειν
2980 2966 3203 3030 εὐσεϐές
3236 2967 3354 3018 ἐστι
3383 2964 3588 3032 λέγειν,
3615 2962 3704 3016 διά
3734 2962 3800 3016 τὸ

2210 3064 2376 3134 μηδὲν
2399 3063 2506 3116 τῶν
2533 3063 2790 3115 ἐναντίων
2843 3060 3000 3128 παρά
3061 3058 3156 3112 τοῦ
3211 3059 3465 3110 ἐναντίου
3516 3056 3795 3125 γίνεσθαι.

2208 3151 2347 3208 Ούτε
2379 3156 2486 3226 γὰρ
2512 3156 2544 3224 ἡ
2569 3153 2682 3225 ζωὴ
2714 3154 2946 3208 Θάνατον
2985 3152 3171 3222 γεννᾷ,
3207 3149 3332 3203 οὔτε
3368 3151 3426 3204 τὸ
3458 3151 3649 3211 σκότος
3682 3167 3802 3218 φω-

2211 3249 2301 3312 τός
2329 3249 2478 3302 ἔστιν
2505 3247 2672 3318 ἀρχὴ,
2700 3245 2826 3300 οὔτε
2857 3247 2889 3317 η
2919 3245 3073 3308 νόσος
3090 3243 3414 3312 ύγείαςὲστὶ
3436 3242 3800 3313 δημιουργός,

2208 3342 2270 3396 Ei
2297 3341 2499 3405 τοίνυν,
2529 3342 2684 3411 φησὶ,
2744 3340 2880 3408 μήτε
2914 3337 3198 3408 ἀγένητον,
3262 3337 3400 3406 μήτε
3447 3335 3601 3406 παρά
3658 3335 3800 3389 Θεοῦ

2213 3429 2461 3498 γεγονὸς,
2493 3432 2659 3483 πόθεν
2711 3429 2822 3498 ἔχει
2853 3427 2951 3498 τὴν
3012 3427 3206 3496 φύσινς
3271 3427 3348 3479 Τὸ
3392 3425 3501 3496 γὰρ
3539 3422 3680 3480 εἶναι
3724 3427 3795 3479 τὰ

2215 3522 2364 3576 κακὰ
2396 3523 2571 3586 οὐδεὶς
2600 3522 2819 3590 ἀντερεῖ
2845 3520 2952 3572 τῶν
2988 3520 3328 3590 μετεχόντων
3353 3518 3448 3580 τοῦ
3470 3517 3676 3586 βίουῘΠ
3694 3515 3788 3570 οὖν

2209 3632 2427 3684 φαμεν;
2458 3615 2582 3668 ’Ότι
2615 3614 2676 3666 τὸ
2712 3615 2882 3667 κακὸν
2906 3614 3005 3665 οὒκ
3041 3611 3188 3665 ἐστιν
3216 3612 3375 3665 οὐσία
3405 3612 3555 3675 ζῶσα
3578 3614 3670 3665 καὶ
3697 3609 3801 3678 ἒμ-

2206 3707 2403 3777 ψυχος,
2442 3706 2577 3758 ἀλλά
2599 3704 2843 3766 διάθεσις
2862 3705 2920 3756 ἐν
2940 3705 3088 3774 ψυχῇ
3122 3705 3382 3768 ἐναντίως
3415 3704 3616 3776 ἔχουσα
3653 3703 3803 3772 πρὸς

2207 3800 2413 3870 ἀρετὴν
2435 3800 2521 3853 διὰ
2547 3801 2645 3869 τὴν
2669 3798 2777 3852 ἀπὸ
2807 3797 2900 3850 τοῦ
2931 3797 3100 3850 καλοῦ
3129 3798 3449 3851 ἀπόπτωσιν
3478 3799 3589 3860 τοῖς
3624 3794 3802 3866 (5906-

2210 3906 2332 3960 μοις
2362 3889 2712 3958 ἐγγινομένη.
2750 3887 2840 3957 Μὴ
2857 3886 3038 3940 τοίνυν
3071 3887 3177 3953 ἔξω
3227 3887 3326 3956 μὲν
3358 3887 3421 3940 τὸ
3471 3887 3642 3939 κακὸν
3697 3903 3808 3939 πε-

2212 3980 2486 4052 ρισκόπει,
2524 3979 2661 4051 μηδὲ
2689 3979 2986 4050 ἀρχέγονόν
3008 3997 3129 4034 τινα
3163 3979 3328 4048 φύσιν
3351 3980 3622 4050 πονηρίας
3657 3995 3806 4048 φαν-

2205 4073 2395 4137 τάζου,
2426 4073 2565 4126 ἀλλὰ
2603 4073 2702 4142 τῆς
2733 4073 2790 4124 ὲν
2842 4071 2992 4142 αὺτῷ
3047 4072 3248 4136 κακίας
3307 4073 3538 4134 ἕκαστος
3601 4071 3807 4124 ἑαυτὸν

2208 4165 2457 4237 ἀρχηγὸν
2514 4164 2853 4234 γνωριζέτω.
2894 4159 3000 4217 Ὠν
3056 4166 3238 4216 τοίνυν
3280 4161 3444 4226 αὑτὸς
3494 4159 3542 4216 ei
3580 4161 3802 4228 κύριος,

2207 4257 2416 4311 τούτων
2447 4259 2546 4321 τὰς
2577 4256 2755 4327 ἀρχὰς
2788 4257 2864 4329 μὴ
2887 4256 3134 4328 ζητήσῃς
3165 4256 3457 4326 ἑτέρωθεν,
3495 4254 3629 4308 ἀλλὰ
3653 4270 3720 4322 γν
3745 4255 3809 4305 ἱ)-

2214 4350 2416 4418 ριζε·τδ
2445 4351 2652 4421 κυρίως
2675 4350 2846 4404 κακον
2870 4352 2935 4403 ὲκ
2959 4349 3069 4403 τῶν
3093 4348 3500 4420 προαιρετικῶν
3528 4347 3802 4400 ἀποπτω-

2217 4441 2404 4514 μάτων
2436 4442 2537 4508 τὴν
2568 4440 2746 4512 ἀρχὴν
2768 4439 3014 4510 εἰληφός.
3043 4439 3119 4494 ού
3152 4441 3258 4510 γάρ
3313 4440 3398 4507 ἂν,
3437 4439 3595 4508 εἰπερ
3636 4438 3810 4490 ἀκού-

2215 4553 2333 4588 σιον
2354 4530 2444 4604 ἦν,
2467 4535 2563 4587 καὶ
2593 4535 2669 4604 μὴ
2689 4535 2773 4603 ἐφ’
2798 4534 2955 4604 ἡμῖν,
2974 4533 3228 4599 τοσοῦτος
3262 4533 3364 4603 μὲν
3389 4535 3454 4586 ἐκ
3484 4531 3595 4586 τῶν
3615 4531 3808 4600 νόμων

2213 4629 2239 4681 ό
2264 4626 2428 4697 φόϐος
2468 4629 2580 4689 τοῖς
2613 4625 3029 4696 πλημμελοῦσιν
3063 4627 3368 4698 ἐπήρτητο,
3407 4625 3552 4678 οὕτω
3575 4622 3630 4676 δὲ
3660 4624 3810 4676 ἀπα-

2215 4720 2458 4792 ραίτητοι
2491 4719 2602 4773 τῶν
2631 4718 2998 4792 δικαστηρίων
3031 4721 3084 4772 αἱ
3113 4719 3361 4784 κολάσεις
3394 4718 3455 4772 τὸ
3490 4717 3624 4794 πρὸς
3641 4714 3810 4778 ἀξίαν

2211 4814 2322 4873 τοῖς
2354 4811 2688 4881 κακούργοις
2722 4812 3146 4883 ὲπιμετροῦσαι.

517 4899 662 4956 tibus
689 4901 1051 4970 impenderet.
1093 4900 1250 4956 Nunc
1299 4913 1500 4967 autem,
1529 4903 1786 4972 quoniam
1834 4917 1864 4955 a
1910 4901 2192 4959 voluntate
2241 4903 2624 4974 proﬁciscitur,
2675 4913 2822 4958 certa
2862 4903 3192 4974 iudiciorum
3244 4905 3532 4976 supplicia,
3587 4905 3811 4965 facino-

516 4992 660 5048 rosis
689 4992 1002 5049 hominibus
1049 5009 1148 5065 pro
1199 4995 1462 5065 cujusque
1509 4996 1718 5051 meritis
1767 4995 2100 5067 irrogantur.

515 5088 652 5145 Item
681 5087 736 5142 in
763 5091 992 5161 easdem.
1028 5088 1107 5161 Ea:
1142 5087 1415 5161 libro,_qui
1443 5088 1694 5161 Gregorio
1738 5089 1921 5161 Nysae:
1973 5107 2110 5158 pon-

794 5159 921 5228 tiﬁci
950 5160 1259 5224 ascribitur,
1298 5159 1373 5214 De
1401 5159 1692 5230 cognitione
1721 5160 1840 5214 Dei.

589 5317 660 5374 Et
693 5317 939 5379 tenebrae,
983 5317 1158 5388 lnquit
1196 5316 1392 5378 Moses.
1444 5327 1596 5371 erant
1639 5334 1795 5387 super
1837 5318 2102 5387 abyssum.

518 5412 599 5467 Ex
641 5427 753 5482 quo
809 5409 1082 5465 malitiose
1131 5411 1224 5465 isti
1277 5413 1668 5466 ratiocinantes
1713 5412 1900 5466 dicunt
1953 5420 2104 5464 tene-

519 5503 649 5559 bras
701 5503 894 5567 fuisse,
949 5517 1183 5571 quarum
1240 5502 1483 5558 effectrix
1545 5518 1709 5558 causa
1772 5503 1843 5557 sit
1897 5501 2100 5556 malum

519 5595 870 5664 principium.
903 5593 1109 5650 Deinde
1139 5605 1194 5648 et
1220 5596 1405 5649 divisit
1434 5595 1580 5651 Deus
1624 5595 1768 5649 inter
1817 5594 1990 5648 lucrm
2046 5603 2102 5648 et

522 5687 796 5742 tenebras.
827 5687 883 5742 Si
914 5687 1001 5741 lux
1038 5698 1143 5753 est,
1171 5698 1228 5741 et
1274 5689 1512 5743 tenebrze
1556 5697 1705 5750 sunt,
1735 5702 1872 5757 quas
1917 5703 1948 5741 a
1980 5687 2103 5743 luce

529 5777 810 5843 sejunctas
860 5779 1136 5849 intelligis.
1197 5779 1323 5835 Haec
1369 5780 1696 5835 teucbricosi
1757 5779 1864 5845 isti,
1910 5779 2000 5850 qui
2047 5780 2100 5833 in

525 5865 650 5922 luco
679 5869 990 5924 caecutiunt.
1023 5872 1131 5928 Nos
1160 5885 1339 5954 autem
1389 5874 1642 5943 dicimus,
1701 5874 1952 5930 tcucbras
1995 5891 2102 5931 non

2221 5086 2346 5138 Ἔτι
2370 5087 2523 5158 κατὰ
2553 5087 2674 5140 τῶν
2736 5087 2936 5142 αὐτῶν
2981 5090 3051 5144 ἐκ
3095 5088 3208 5156 τῆς
3246 5090 3583 5158 λεγομένης
3641 5089 3814 5150 εἶναι

2288 5155 2396 5279 colt?
2423 5159 2680 5224 Νύσσης
2709 5160 2956 5226 βίϐλου,
2994 5159 3091 5212 καί
3119 5155 3503 5230 καλουμέκης
3533 5155 3813 5232 Oeagriu-

2288 5244 2331 5280 σ
2357 5245 2450 5293 ας.

2287 5319 2394 5373 Καὶ
2443 5323 2668 5387 σκότος
2699 5321 2900 5374 ἐπάνω
2935 5320 3046 5389 τῆς
3081 5322 3382 5388 ἀϐύσσου,
3451 5326 3584 5395 φησι
3631 5327 3810 5379 Maiis-

2217 5415 2338 5482 σῆς.
2375 5413 2542 5466 Ὅθεν
2581 5405 2730 5466 οὗτοι
2762 5413 3094 5482 κακούργως
3147 5414 3466 5484 ὁρμώμενοί
3498 5435 3662 5485 φασιν
3715 5420 3802 5473 ὅτε

2212 5499 2281 5573 ἦν
2309 5503 2370 5556 τὸ
2410 5505 2624 5566 σκότος,
2661 5500 2724 5556 οὒ
2757 5507 3044 5574 ποιητικὸν
3099 5506 3334 5575 αῐτιονὴ
3379 5508 3597 5578 πονηρὰ
3627 5509 3800 5579 ἀρχή.

2212 5591 2344 5650 Εἶτα
2369 5597 2466 5650 καὶ
2491 5597 2814 5667 διεχώρισεν
2846 5601 2872 5650 ό
2896 5599 3031 5661 Θεδς
3062 5598 3166 5651 ἀνά
3219 5599 3387 5667 μέσον
3440 5600 3534 5652 τοῦ
3570 5602 3775 5667 ,φωτὸς

2213 5691 2307 5744 καὶ
2337 5691 2440 5744 άνά
2477 5691 2645 5760 μέσον
2671 5691 2767 5744 τοῦ
2798 5692 3049 5754 σκότους.
3079 5691 3142 5743 Ei
3171 5690 3266 5745 οὖν
3290 5691 3350 5744 τὸ
3384 5691 3499 5759 φῶς
3559 5689 3639 5755 ὃν,
3700 5707 3771 5743 κσ

2211 5783 2273 5834 τὸ
2304 5785 2493 5846 σκότος
2544 5783 2626 5846 ὃν,
2660 5785 2767 5854 ἄρα
2814 5783 2876 5837 τὸ
2931 5784 3218 5838 διασταλὲν
3273 5785 3381 5837 ἀπὸ
3442 5783 3538 5837 τοῦ
3592 5783 3771 5851 φωτός

2213 5875 2397 5931 Ταῦτα
2433 5876 2532 5947 μὲν
2555 5877 2602 5932 οἱ
2633 5877 2900 5933 σκοτεινοὶ
2944 5879 3071 5949 περὶ
3126 5878 3187 5930 τὸ
3245 5879 3361 5948 φῶς
3408 5894 3574 5931 οοτοι.
3633 5875 3701 5938 Τί
3736 5874 3798 5931 δὲ
