4126 6460
452 376 565 441 313

1447 376 1819 437 PANOPIJA
1867 375 2328 437 DOGMATICA.
2369 403 2439 414 —-
2477 377 2624 439 TlT.
2675 378 2778 442 IX.

3632 375 3740 441 3M

448 501 622 571 ἡμεῖς
645 514 662 563 ;
684 498 758 551 0-3
783 496 845 550 τὸ
869 497 1063 562 σκότος
1083 497 1242 552 οὐσία
1258 515 1361 561 τις,
1389 497 1526 550 ἀλλὰ
1553 494 1922 565 συμϐεϐηκὸς,
1946 492 2036 546 καὶ

2145 506 2265 545 esse
2295 501 2547 548 naturam
2585 496 2771 559 ullam,
2820 494 3244 568 sed_accidcns,
3298 504 3353 553 et
3404 496 3543 552 nihil
3589 497 3733 551 aliud

448 591 614 645 οὐδὲν
646 591 835 660 ἕτερον
879 590 912 660 ἢ
962 591 1143 660 φωτὸς
1167 589 1430 645 ἀπουσία.
1468 589 1819 658 Γυρωθέντος
1842 587 1954 655 γὰρ
1985 588 2042 639 ὲν

445 682 599 752 ἀρχῇ
624 681 721 733 τοῦ
748 678 1351 751 οὐρανοῦ,παρυπέστη
1387 681 1579 743 σκότος
1611 677 1671 743 ἐξ
1711 676 2042 748 ἐμφράξεως

446 776 564 827 τῶν
602 775 769 843 πέριξ
791 774 1031 843 συμϐὰν,
1057 774 1085 827 ὅ
1119 776 1213 828 καὶ
1253 773 1348 827 νύν
1373 773 1564 827 εἴωθεν
1591 773 1685 825 ἐπὶ
1712 770 1824 824 τῶν
1866 771 2043 840 ἔμπε-

451 867 798 937 φραγμένων
835 867 1108 935 γίνεσθαι.
1164 867 1386 921 Τούτων
1448 867 1504 920 δὲ
1555 867 1929 937 διαχωρισμὸς
1979 866 2041 919 τὸ

460 959 735 1031 μετρητὸν
756 959 1040 1031 διάστημα
1068 958 1166 1032 τῆς
1218 961 1314 1015 τοῦ
1367 961 1543 1030 φωτὸς
1600 960 1890 1023 ἀπουσίας.
1930 961 2040 1013 Καὶ

461 1055 663 1122 γίνεται
705 1053 914 1119 τρόπον
957 1055 1083 1107 τινὰ
1106 1053 1202 1107 τοῦ
1236 1055 1417 1124 φωτὸς
1447 1056 1479 1124 ὴ
1516 1054 1756 1107 ἀπουσία
1784 1056 1877 1106 καὶ
1910 1054 2057 1132 στέο,

465 1161 613 1217 pum;
637 1143 760 1209 ἕξις
790 1145 885 1198 καὶ
911 1146 1267 1217 παρύπαρξις
1301 1147 1379 1217 τῷ
1438 1147 1645 1201 σκότει.
1702 1148 1930 1217 Πονηρὰ
1982 1147 2040 1200 δὲ

456 1238 621 1306 ἀρχὴ,
643 1238 898 1292 τουτέστι
933 1238 1167 1308 πονηρὸς
1181 1239 1335 1304 Θεὸς,
1362 1240 1465 1293 οὐκ
1503 1239 1671 1293 ἔστιν.
1705 1242 1767 1293 El
1799 1240 1899 1308 μὲν
1930 1239 2041 1309 γὰρ

450 1328 611 1392 Θεὸς,
645 1330 708 1382 οὐ
762 1332 1019 1400 πονηρὸς,
1072 1332 1209 1383 ἀλλὰ
1268 1332 1421 1400 πηγὴ
1475 1330 1848 1400 ἀγαθότητος·
1889 1334 1938 1385 εί
1982 1331 2039 1385 δὲ

444 1425 797 1494 πονηρὸς,οὖ
826 1424 983 1487 Θεός.
1019 1426 1142 1489 Πῶς
1171 1426 1279 1495 γὰρ
1309 1425 1444 1487 Θεὸς
1475 1425 1506 1495 ἡ
1540 1424 1711 1478 κακία
1744 1425 1840 1478 καὶ
1856 1425 2037 1495 ἁμαρ-

450 1516 579 1579 τίας
624 1514 687 1567 Et
719 1515 776 1568 δέ
803 1514 979 1569 ταῦτα
1014 1515 1171 1581 Θεὸς,
1206 1518 1412 1588 οῐχεται
1444 1516 1647 1581 πάντα,
1691 1516 1788 1570 καὶ
1845 1516 2039 1569 ἀνατέ-

446 1621 723 1674 τραπται.

1012 1703 1112 1758 Ἐκ
1148 1702 1257 1773 τῆς
1286 1703 1500 1773 αὐτῆς.

520 1790 653 1852 Πῶς
687 1790 902 1846 ἔσονται
933 1792 1027 1847 δύο
1054 1797 1244 1865 ἁρχαὶ,
1278 1799 1456 1869 ἀγαθὴ
1486 1801 1581 1854 καὶ
1614 1800 1862 1872 πονηράς
1915 1800 2036 1852 Ἐν-

441 1876 612 1929 avri:
633 1877 745 1948 γὰρ
781 1878 1032 1950 ἀλλήλοις
1064 1882 1123 1934 τὸ
1181 1885 1405 1951 ἀγαθὸν,
1467 1887 1563 1940 καὶ
1622 1888 1860 1958 πονηρὸν
1924 1888 2039 1956 ἢτοι

444 1970 653 2035 κακὸν,
696 1971 793 2025 καὶ
823 1973 1072 2042 ἀλλήλων
1104 1975 1405 2045 φθαρτικὰ,
1438 1982 1532 2035 καὶ
1570 1982 1887 2052 ἀσύμϐατα.
1926 1981 2039 2037 Καὶ

442 2065 647 2117 )οιπὸν
681 2066 739 2117 ὲν
770 2066 931 2137 μέρει
990 2066 1086 2120 τοῦ
1146 2072 1349 2135 παντὸς
1388 2073 1650 2146 ἑκάτερον
1710 2075 1888 2138 ἔσται,
1943 2077 2038 2131 καὶ

443 2156 558 2209 ὑπὸ
604 2157 703 2209 τοῦ
738 2160 939 2228 μέρους
984 2160 1182 2213 τούτου
1205 2168 1722 2235 περιγραφήσεται·
1754 2167 1849 2221 καὶ
1879 2170 1911 2240 ἢ
1940 2170 2037 2223 άλ-

442 2250 630 2320 λήῖων
665 2251 917 2320 ἅψονται,
951 2255 1048 2306 καὶ
1083 2257 1175 2309 ὑπ’
1234 2258 1486 2328 ἀλλήλων
1541 2259 2034 2331 δαφθαρήσονται,

444 2348 475 2415 ἢ
508 2348 686 2414 μέσον
716 2347 869 2401 ἔσται
901 2366 953 2402 τι
986 2349 1340 2421 διατειχίζον,
1377 2354 1469 2405 καὶ
1504 2354 1613 2407 ἰδοὺ
1652 2357 1804 2424 τρεῖς
1845 2355 2034 2426 ἀρχαί.

442 2440 561 2493 Καὶ
631 2436 795 2505 αὖθις
837 2441 868 2512 ἢ
920 2444 1314 2514 εἰρηνεύουσιν,
1384 2447 1520 2518 ὅπερ
1572 2447 1633 2501 τὸ
1690 2449 1926 2519 πονηρὸν
1973 2450 2035 2502 οὐ

438 2533 695 2597 δύναται,
745 2535 778 2606 ἢ
854 2536 1203 2606 μαχέσονται,
1237 2538 1374 2608 ὅπερ
1410 2538 1470 2591 τὸ
1531 2540 1734 2608 ἀγαθὸν
1786 2540 1846 2593 οὑ
1909 2540 2034 2610 βού-

438 2628 627 2688 λεται,
660 2627 786 2680 οὐδὲ
810 2629 1056 2683 δύναται.
1097 2629 1175 2681 Τὸ
1208 2632 1308 2699 μὲν
1347 2631 1453 2701 γὰρ
1479 2632 1717 2703 πονηρὸν
1749 2632 2036 2701 είρηνεῦον

435 2721 503 2773 οὐ
542 2722 786 2792 πονηρόν
806 2738 821 2752 ·
849 2723 912 2775 τὸ
936 2723 993 2776 δὲ
1020 2722 1228 2791 ἀγαθὸν
1293 2729 1624 2796 μαχόμενον,
1670 2728 1767 2779 οὐκ
1802 2727 2031 2794 ἀγαθόν.

435 2814 560 2870 Οὐκ
592 2817 705 2884 ἄρα
732 2815 826 2869 δύο
862 2817 1051 2887 ἀρχαὶ,
1090 2819 1186 2869 καὶ
1218 2819 1393 2872 ταῦτα
1437 2820 1700 2884 ἐναντίαι,
1736 2820 1829 2871 καὶ
1877 2819 2037 2871 πολε-

437 2908 745 2976 μιώταται.
791 2909 904 2961 Μία
938 2908 994 2962 δὲ
1028 2910 1244 2971 πάντως
1299 2909 1502 2977 ἀγαθή.
1562 2910 1635 2962 Τὸ
1693 2910 1749 2961 δὲ
1794 2911 2037 2979 πονηρὸν

435 2998 540 3051 οὐκ
570 2998 746 3069 ἁρχὴ,
774 2998 912 3052 ἀλλὰ
949 2998 1044 3053 τοῦ
1084 3001 1293 3069 ἀγαθοῦ
1325 3002 1579 3072 στέρησις
1612 3002 1706 3054 καὶ
1739 3002 2029 3070 ἀποταχία.

1007 3200 1109 3253 Ἕκ
1135 3201 1246 3267 τῆς
1280 3200 1507 3266 αὐτης.’

506 3292 693 3363 Εἴπερ
724 3291 896 3361 ἄμφω
930 3290 1042 3346 θεοὶ
1079 3296 1392 3363 πεφύκασιν
1426 3296 1453 3346 ό
1482 3295 1684 3364 ἀγαθὸς
1719 3296 1811 3347 καὶ
1861 3311 2065 3365 nom--

435 3385 551 3457 ρὸς,
580 3383 785 3454 ἑτέραν
814 3382 1031 3449 ἕξουσιν
1062 3384 1263 3452 ἀρχήν.
1294 3384 1403 3436 Καὶ
1423 3382 1553 3446 δυὰς
1575 3386 1674 3435 οὐκ
1698 3382 1863 3453 ἁρχὴ,
1897 3382 2033 3434 ἀλλὰ

432 3478 764 3532 τούναντίον
796 3479 826 3547 ἡ
862 3477 1032 3546 μονὰς
1062 3475 1210 3546 ἀρχὴ
1245 3476 1343 3546 τῆς
1387 3475 1602 3537 δυάδος.
1647 3475 1814 3545 Ἀρχὴ
1847 3475 1902 3527 δὲ
1956 3472 2031 3542 μὴ

442 3572 624 3636 δντες,
652 3569 771 3623 οὐδὲ
792 3569 919 3622 Θεοὶ
953 3570 1173 3633 πάντως
1208 3567 1443 3626 ἔσονται.
1487 3568 1642 3621 Ἐπεὶ
1673 3567 1766 3621 οὖν
1801 3569 1833 3635 ή
1865 3568 2032 3637 μονὰς

459 3662 610 3731 ἁρχὴ
639 3663 873 3728 πάντων,
895 3656 975 3725 εἷς
995 3662 1103 3733 ἄρα
1130 3662 1226 3716 καὶ
1256 3659 1408 3728 Θεὸς,
1437 3662 1464 3714 ὁ
1490 3660 1707 3715 πάντων
1736 3660 1908 3723 αἴτιος
1940 3659 2034 3713 καὶ

463 3752 803 3825 δημιουργός.

1008 4008 1114 4061 Ἕκ
1141 4004 1253 4073 τῆς
1279 4004 1464 4073 αὐτῆς
1475 4044 1489 4058 .

508 4104 577 4158 El
614 4102 717 4173 μὲν
749 4103 812 4157 τὸ
831 4102 1038 4172 ἀγαθὸν
1059 4102 1140 4169 ὃν,
1172 4102 1232 4156 τὸ
1272 4104 1511 4173 πονηρὸν
1550 4102 1650 4156 οὐκ
1679 4101 1758 4157 ὃν.
1796 4101 1859 4155 Εί
1892 4099 2034 4153 δὲτὸ

432 4198 686 4267 πονηρὸν
704 4196 787 4265 ὃν,
818 4198 879 4250 τὸ
912 4196 1127 4266 ἀγαθὸν
1149 4197 1252 4250 οὐκ
1280 4196 1360 4262 ὃν,
1399 4196 1542 4251 κατὰ
1571 4197 1665 4249 τὸν
1721 4195 1882 4264 λόγον
1922 4195 2033 4249 τῶν

432 4290 671 4360 ἀμέσων
696 4290 982 4356 ἐναντίων,
1015 4289 1205 4359 ὑγείας
1255 4291 1348 4344 καὶ
1377 4290 1556 4357 νόσου,
1593 4287 1739 4360 ζωῆς
1789 4289 1881 4341 καὶ
1933 4288 2033 4343 θα-

433 4384 633 4438 νάτου.
667 4383 785 4437 υὸκ
816 4383 926 4453 ἄρα
959 4382 1094 4446 Θεὸς
1127 4384 1387 4453 πονηρός.

1008 4566 1110 4619 Ἐκ
1129 4563 1236 4631 τῆς
1270 4561 1481 4631 αὐτῆς.

518 4659 584 4713 Ὀ
620 4657 724 4729 μὲν
744 4656 951 4727 ἀγαθὸς
1000 4657 1134 4721 Θεὸς
1187 4657 1422 4726 ούσιώδη
1486 4656 1583 4709 καὶ
1625 4653 1863 4725 φυσικὴν
1914 4654 2030 4725 ἔχει

432 4756 545 4823 τὴν
573 4750 911 4821 ἀγαθότητα,
943 4752 971 4802 ὁ
994 4750 1051 4803 δὲ
1086 4749 1319 4818 πονηρὸς
1349 4749 1447 4821 τὴν
1474 4749 1733 4821 στέρησιν
1760 4748 1859 4819 τῆς
1885 4748 2029 4818 ἀγα-

434 4851 675 4920 (Manto:
701 4846 944 4915 ἓξινέξει
974 4846 1212 4911 πάντως.
1241 4844 1351 4898 Καὶ
1371 4844 1490 4908 πῶς
1518 4844 1650 4909 Θεὸς
1680 4843 1740 4910 ἐξ
1772 4844 2032 4899 ἀποπτώ-

438 4952 591 5000 σεως
622 4937 717 4989 καὶ
741 4935 1033 5006 ἐλλείψεως
1053 4953 1069 5004 ;

1008 5030 1105 5082 Ἐκ
1130 5027 1239 5097 τῆς
1269 5029 1482 5099 αὐτῆς.

517 5118 585 5173 Εἰ
613 5119 706 5173 δύο
743 5116 885 5193 ἦσαν
910 5120 1058 5186 Θεοὶ,
1088 5123 1120 5193 ἦ
1144 5126 1313 5192 τρεῖς,
1353 5124 1386 5195 ἦ
1412 5122 1603 5188 ἁπλῶς
1626 5124 1829 5189 πολλοὶ,
1861 5122 2030 5177 πάλαι

438 5212 518 5266 ἂν
553 5212 583 5263 ὁ
611 5212 819 5281 κόσμος
856 5211 1145 5265 ἀπωλώλει
1178 5212 1368 5267 ἄλλοτε
1410 5213 1606 5279 ἄλλως,
1635 5216 1728 5268 καὶ
1757 5214 2031 5285 διαφόρως

438 5303 985 5374 ὲνεργούμενο;,καὶ
1012 5305 1352 5373 κινούμενος.
1399 5307 1473 5359 Τὸ
1529 5306 1588 5360 δὲ
1646 5308 1790 5362 κατὰ
1829 5308 2027 5371 ταυτα,

439 5398 543 5448 καὶ
578 5397 842 5460 ὡσαύτως
878 5398 967 5450 ἀεὶ
1002 5398 1295 5463 κινεῖσθαι,
1350 5400 1447 5452 καὶ
1505 5398 1874 5469 διεξάγεσθαι,
1934 5401 2030 5454 καὶ

439 5489 478 5558 ἡ
501 5487 590 5540 διὰ
620 5491 842 5541 πάντων
872 5490 1243 5558 εὐαρμοστία,
1277 5489 1370 5542 καὶ
1398 5490 1707 5560 συμφωνία,
1729 5492 1822 5543 καὶ
1852 5491 2025 5558 τάξις,

440 5582 538 5633 καὶ
558 5581 811 5653 διαμονή,
831 5580 932 5635 καί⁵
960 5583 1297 5652 συντήρησις
1330 5582 1426 5635 ἕνα
1453 5582 1550 5635 καὶ
1581 5583 1674 5635 τὸν
1724 5583 1887 5637 αὐτὸν
1924 5599 2026 5655 κη-

444 5672 629 5739 ρύττει
666 5677 760 5729 τὸν
788 5676 999 5739 αἴτεον,
1034 5674 1129 5727 καὶ
1159 5674 1516 5746 δημιουργὸν,
1566 5674 1662 5732 καὶ
1696 5675 2024 5747 προνοητὴν,

441 5768 533 5823 καὶ
556 5771 811 5841 συνοχέα.

2150 585 2254 639 nisi
2307 586 2445 641 lucis
2505 588 2835 644 absentiam.
2885 590 3101 646 Etenim
3157 607 3283 647 cum
3334 593 3531 648 caelum
3581 578 3738 646 initio

2150 677 2517 734 involveretur
2565 698 2782 748 eorum,
2837 698 2959 753 qua:
3013 684 3222 740 circum
3279 696 3438 741 erant
3491 686 3734 755 objet-tu,

2150 772 2390 827 tenebrat
2419 772 2769 829 exstiterunt.
2802 774 2959 841 Quod
2993 776 3156 831 etiam
3202 794 3349 833 nunc
3377 779 3433 833 in
3478 778 3566 843 iis,
3617 796 3737 847 quae

2150 863 2533 930 obstruuntur,
2560 868 2782 921 evenire
2828 871 3138 924 consuevit.
3176 872 3244 923 At
3294 871 3489 925 harum
3536 872 3736 928 divisio

2149 964 2234 1008 est
2265 956 2500 1023 spatium
2559 956 2715 1016 illud,
2751 959 2895 1027 quod
2940 958 3076 1016 lucis
3116 961 3364 1016 absentia
3414 962 3737 1019 demetitur.

2148 1046 2278 1113 Quae
2304 1048 2525 1117 quidem
2560 1048 2699 1104 lucis
2728 1052 3000 1117 absentia,
3030 1054 3084 1108 et
3113 1055 3345 1124 privatio
3387 1065 3472 1111 est
3519 1056 3737 1110 habitus

2146 1140 2545 1208 quodammodo
2590 1150 2643 1195 et
2683 1145 2921 1199 essentia
2965 1146 3335 1201 tenebrarum.
3392 1145 3731 1208 Principium

2145 1243 2324 1286 autem
2358 1234 2580 1298 malum,
2610 1235 2713 1289 hoc
2747 1245 2852 1309 est,
2890 1237 3033 1292 Deus
3070 1238 3246 1293 malus
3294 1254 3401 1291 non
3437 1249 3540 1294 est.
3595 1237 3729 1292 Nam

2146 1326 2189 1379 si
2228 1325 2369 1379 Deus
2392 1334 2493 1389 εει,
2526 1342 2632 1380 non
2665 1337 2747 1381 est
2787 1329 2981 1394 malus,
3016 1345 3140 1384 cum
3186 1330 3446 1384 bonitatis
3475 1330 3545 1386 sit
3581 1330 3730 1385 fons.

2146 1415 2239 1470 Sin
2293 1418 2485 1482 malus,
2520 1434 2627 1473 non
2685 1429 2769 1475 est
2826 1421 2990 1476 Deus.
3051 1422 3333 1488 Quomodo
3387 1424 3531 1477 enim
3589 1424 3731 1478 Deus

2146 1505 2368 1569 malitia,
2419 1515 2514 1561 aut
2564 1517 2846 1577 peceatum
2896 1526 3018 1566 esse
3070 1513 3295 1581 potest?
3328 1513 3462 1578 Quae
3508 1513 3732 1583 quidem

2146 1595 2190 1649 si
2224 1597 2364 1651 Deus
2389 1605 2493 1665 est,
2525 1600 2710 1654 omnia
2754 1611 3006 1670 pereunt,
3046 1612 3103 1658 et
3125 1613 3474 1661 evertuntur.

2790 1693 2874 1748 Ea:
2919 1701 3123 1750 eodem.

2192 1770 2461 1849 'Quonam
2495 1795 2654 1857 pacto
2683 1788 2793 1844 duo
2845 1800 3078 1858 possunt
3120 1806 3243 1847 esse
3287 1792 3578 1863 principia,
3626 1792 3730 1849 bo-

2071 1861 2271 1930 Bnum
2337 1894 2531 1944 unum,
2600 1881 2830 1936 alterum
2881 1884 3123 1937 malum?
3177 1884 3386 1940 Bonum
3450 1887 3617 1951 enim,
3675 1895 3732 1943 et

2142 1973 2344 2027 malum
2386 1975 2660 2029 contraria
2692 1986 2843 2037 sunt,
2880 1992 3049 2047 seque
3095 1978 3333 2033 vicissim
3382 1980 3729 2045 interimunt,

2139 2073 2195 2119 et
2228 2076 2505 2135 nequeunt
2538 2068 2700 2121 simul
2733 2068 3054 2125 consistere.
3103 2069 3282 2136 Quare
3328 2080 3422 2124 aut
3469 2072 3523 2125 in
3573 2080 3730 2140 parte

2144 2157 2517 2213 universitatis
2575 2158 2805 2214 alterum
2853 2162 2977 2227 erit,
3031 2172 3086 2217 ct
3129 2163 3198 2217 ab
3252 2178 3314 2218 ea
3388 2162 3731 2221 circumscri-

2138 2248 2319 2315 betur,
2354 2259 2448 2304 aut
2480 2265 2602 2304 sese
2630 2251 2969 2322 contingent,
3015 2263 3309 2323 mutuoque
3352 2261 3725 2322 corrumpent,

2139 2352 2229 2395 aut
2287 2342 2431 2395 inter
2465 2342 2557 2397 illa
2614 2343 2857 2398 medium
2915 2345 3131 2415 aliquod
3186 2346 3507 2407 intercedet,
3568 2356 3729 2409 atque

2140 2432 2212 2487 ita
2262 2433 2365 2486 tria
2413 2434 2526 2504 jam
2569 2444 2734 2488 erunt
2796 2436 3086 2506 principia.
3154 2435 3420 2491 Praeterea
3463 2444 3557 2490 aut
3599 2452 3728 2505 pace

2140 2532 2381 2587 utentur,
2414 2524 2557 2593 quod
2589 2526 2791 2579 malum
2829 2542 2940 2579 non
2973 2535 3155 2596 potest
3202 2545 3216 2581 :
3250 2535 3344 2579 aut
3387 2528 3725 2595 pugnabunt,

2137 2617 2280 2684 quod
2311 2616 2514 2671 bonum
2547 2628 2786 2672 recusat.
2837 2616 2972 2675 Nam
3005 2619 3135 2673 illud
3179 2618 3425 2689 quidem,
3452 2619 3497 2674 si
3543 2631 3731 2673 utatur

2138 2721 2292 2774 pace,
2332 2722 2438 2760 non
2489 2708 2594 2761 erit
2626 2708 2865 2774 malum;
2904 2709 3011 2763 hoc
3042 2724 3194 2774 vero,
3222 2710 3267 2763 si
3303 2710 3503 2764 bellum
3563 2709 3726 2781 gerit,

2137 2806 2247 2852 rion
2279 2800 2381 2853 erit
2414 2801 2640 2854 bonum.
2687 2799 3055 2866 Quamobrem
3102 2818 3214 2855 non
3259 2814 3388 2856 sunt
3429 2803 3539 2857 duo
3571 2803 3728 2872 prin-

2140 2891 2305 2960 cipia,
2340 2893 2805 2960 praesertiminter
2840 2908 2899 2948 se
2936 2895 3232 2958 contraria,
3254 2894 3725 2959 etinimieissima,

2149 2985 2242 3037 sed
2301 3000 2489 3043 unum.
2544 2984 2703 3054 idque
2766 2986 2991 3041 bonum.
3051 2986 3247 3040 Malum
3303 2989 3449 3040 enim
3486 3001 3599 3041 non
3644 2994 3730 3041 est

2144 3076 2500 3145 principium,
2531 3077 2627 3131 sed
2652 3077 2883 3147 privatio
2914 3086 2970 3132 et
3016 3078 3240 3134 amissio
3282 3077 3435 3135 boni.

2622 3181 2629 3188 ’
2778 3192 2859 3242 Ex
2893 3190 3092 3242 eodem.

2213 3279 2269 3335 Si
2330 3279 2438 3334 duo
2501 3289 2631 3335 sunt
2685 3280 2804 3344 Dei,
2864 3281 3041 3335 bonus
3096 3280 3312 3351 quidem
3370 3295 3535 3343 unus,
3592 3279 3728 3334 alter

2136 3380 2317 3423 autem
2353 3371 2545 3433 malus,
2578 3372 2723 3427 aliud
2756 3372 3036 3428 habebunt
3080 3372 3435 3444 principium.
3472 3371 3726 3424 Dinarius

2136 3464 2282 3517 enim
2340 3480 2603 3520 numerus
2648 3481 2757 3519 non
2810 3475 2991 3536 potest
3033 3481 3154 3521 esse
3203 3466 3553 3536 principium,
3600 3478 3723 3517 cum

2138 3558 2255 3628 ipse
2306 3560 2376 3612 ab
2427 3560 2635 3613 unitate
2685 3560 2957 3630 principio
3007 3560 3411 3630 proﬁciscatur.
3463 3557 3620 3624 Quod
3676 3555 3724 3612 si

2136 3651 2465 3721 principium
2494 3667 2602 3705 non
2639 3660 2788 3716 sunt,
2827 3669 2895 3707 ne
2924 3652 3017 3706 Dei
3045 3652 3263 3721 quidem
3292 3658 3454 3706 erunt
3474 3650 3724 3705 omnino.

2136 3741 2400 3807 Quoniam
2454 3742 2619 3813 igitur
2685 3743 2867 3797 unitas
2918 3752 3002 3797 est
3054 3757 3236 3796 rerum
3277 3741 3519 3796 omnium
3574 3740 3727 3810 prin-

2135 3833 2358 3902 cipium,
2407 3849 2550 3887 unus
2611 3833 2803 3903 utique
2843 3842 2900 3888 et
2947 3834 3092 3888 Deus
3138 3840 3220 3887 est
3274 3847 3459 3886 rerum
3507 3839 3721 3896 auctor,

2136 3936 2191 3980 et
2213 3925 2439 3979 effector
2472 3926 2741 3980 omnium.

2778 4013 2862 4069 Ea:
2890 4016 3091 4069 eodem.

2205 4106 2260 4160 Si
2293 4107 2495 4160 bonum
2526 4120 2625 4176 per
2654 4121 2713 4160 se
2742 4117 2846 4171 est,
2883 4108 3083 4162 malum
3118 4120 3227 4159 non
3272 4111 3375 4159 est.
3425 4104 3481 4159 Si
3522 4104 3723 4159 malum

2134 4213 2233 4268 per
2268 4213 2328 4252 se
2361 4206 2466 4257 est.
2500 4212 2609 4251 non
2640 4205 2724 4250 est
2756 4199 2982 4252 bonum.
3034 4197 3160 4252 llaec
3185 4204 3268 4250 est
3315 4195 3462 4250 enim
3508 4204 3723 4251 contra-

2137 4293 2344 4346 riorum
2403 4292 2581 4346 medio
2641 4294 2946 4346 carentium
3018 4293 3156 4345 ratio
3219 4300 3383 4360 atque
3422 4289 3720 4347 conditio:

2138 4384 2317 4454 qualia
2349 4393 2481 4439 sunt
2514 4385 2791 4451 valetudo,
2840 4393 2894 4441 et
2946 4385 3233 4457 aegritudo,
3293 4384 3405 4438 vita
3451 4391 3505 4440 et
3552 4397 3721 4439 mors.

2136 4477 2255 4532 Non
2305 4477 2471 4547 igitur
2519 4476 2662 4533 Deus
2712 4476 2909 4531 malus.

2772 4565 2855 4619 Ea:
2883 4563 3083 4619 eodem.

2207 4654 2353 4710 Deus
2383 4655 2561 4710 bonus
2589 4655 2829 4710 essentia
2867 4665 2923 4710 et
2948 4663 3142 4710 natura
3173 4655 3478 4711 bonitatem
3530 4656 3720 4718 habet,

2136 4751 2313 4805 malus
2340 4750 2604 4805 bonitatis
2636 4749 2998 4821 privationem
3049 4757 3108 4802 ut
3136 4749 3382 4803 habitum
3431 4747 3719 4802 obtinebit.

2135 4841 2419 4908 Quomodo
2445 4850 2627 4895 autem
2675 4841 2840 4902 Deus,
2895 4839 2988 4909 qui
3044 4855 3111 4895 eo
3162 4848 3372 4893 tantum
3418 4852 3521 4902 est,
3577 4839 3725 4909 quod

2134 4935 2338 5000 deﬁcit,
2388 4941 2559 4998 caret,
2609 4947 2718 4987 non
2769 4931 3099 4999 assequitur,
3153 4938 3207 4985 et
3250 4929 3527 4984 nonest?

2766 5021 2851 5075 Ea:
2879 5023 3078 5076 eodem.

2208 5119 2267 5174 Si
2297 5119 2429 5183 duo,
2462 5125 2556 5172 aut
2589 5123 2720 5179 tres,
2752 5115 3009 5184 pluresve
3039 5122 3228 5169 essent
3260 5113 3384 5180 Dei,
3410 5130 3535 5170 cum
3582 5113 3724 5169 alius

2134 5210 2241 5265 alio
2268 5209 2433 5264 modo
2456 5216 2511 5263 et
2536 5208 2750 5263 diversa
2800 5207 3016 5261 ratione
3062 5215 3341 5278 ageretur,
3379 5217 3437 5262 et
3470 5221 3722 5262 movere-

2136 5313 2244 5368 tur,
2278 5302 2514 5357 mundus
2544 5303 2653 5374 jam
2698 5299 2909 5372 pridem
2938 5300 3322 5356 intereidisset.
3356 5298 3511 5353 Nunc
3537 5306 3718 5353 autem
3778 5283 3786 5293 ’

2132 5411 2257 5451 cum
2289 5396 2470 5449 omnia
2501 5395 2713 5448 ratione
2741 5403 2888 5448 certa
2917 5402 2974 5449 et
2996 5393 3176 5448 stabili
3210 5405 3430 5459 semper
3457 5401 3720 5444 moveant,-

2133 5500 2243 5551 tur,
2290 5498 2347 5542 et
2408 5486 2793 5555 disponantur,
2854 5484 3007 5539 ﬁrma
3059 5485 3196 5548 haec,
3251 5490 3413 5550 atque
3455 5486 3719 5548 perpetua

2134 5596 2315 5636 rerum
2344 5580 2590 5633 onmium
2631 5578 2997 5642 concinnitas,
3028 5586 3084 5629 et
3106 5574 3262 5637 ordo,
3303 5579 3359 5625 et
3389 5567 3715 5634 moderatio,

2133 5684 2190 5728 et
2240 5673 2581 5727 conservatio
2644 5686 2831 5735 unam,
2901 5668 3260 5734 eamdemque
3302 5662 3539 5717 clamant
3592 5674 3717 5715 esse

2133 5780 2374 5828 causam,
2401 5781 2572 5819 unum
2613 5772 2916 5827 auctorem,
2946 5776 2974 5814 a
3005 5774 3113 5829 quo
3162 5766 3216 5811 et
3269 5761 3554 5825 procreata
3604 5752 3717 5808 sint

2133 5858 2335 5923 omnia,
2367 5867 2417 5912 et
2454 5867 2731 5928 regantur,
2776 5864 2827 5909 et
2876 5859 3289 5908 conserventur.
