4126 6408
437 349 543 416 315
1669 341 2054 408 EU'l'llYMlI
2099 343 2270 401 ZIGA
2284 341 2465 401 BENI
3590 331 3694 397 316

557 523 566 532 _
1081 467 1160 515 Itur
1197 460 1394 519 eodem.
1659 476 1670 480 ·
2045 458 2100 510 Α,

1659 476 1670 480 “
2045 458 2100 510 Ας
2657 449 2756 503 Ἐκ
2810 447 2921 514 τῆς
2948 445 3161 512 αὐτῆς.

507 556 564 611 Si
596 555 786 613 malus.
821 561 875 608 et
914 553 1176 607 scelestus
1223 561 1306 606 est
1357 551 1443 604 hic
1491 549 1724 602 mundus
1767 548 2010 608 inferior,

2192 541 2254 593 Ei
2293 540 2394 611 μὲν
2419 542 2656 610 πονηρὸς
2683 544 2709 594 ὀ
2760 540 2908 593 κάτω
2947 540 3150 606 κόσμος
3179 554 3362 602 ουτος,
3410 536 3502 592 καὶ
3533 538 3693 607 ἡμεῖς

442 659 499 704 et
536 665 634 702 vos
665 647 920 700 nimirum
952 646 1098 707 mali,
1135 644 1481 712 scelestique,
1526 645 1725 712 quippe
1761 642 1852 711 qui
1888 655 2013 710 pars

2119 635 2226 702 ἄρα
2260 635 2514 705 πονηροὶ,
2556 634 2722 704 μέρος
2746 636 2898 695 ὅντες
2929 631 3118 686 αὑτοῦ.
3153 631 3416 698 Πονηροίς
3442 630 3499 682 δὲ
3564 632 3693 699 ἡμῖν

437 738 559 793 sitis
596 737 782 803 ipsius,
823 734 974 800 Quod
1005 735 1045 788 si
1081 743 1271 786 natura
1303 708 1434 787 (siis
1480 708 1738 800 improbi,
1779 708 1838 785 et
1865 708 2015 792 mali,

2210 728 2264 779 τὰ
2293 728 2454 796 φύσιν
2491 723 2645 780 οῦσιν
2696 727 2757 778 οὐ
2811 725 3112 790 πρόσεστιν
3161 722 3411 792 ἀλήθεια.
3469 723 3532 775 'H
3583 723 3695 792 γὰρ

439 829 645 883 veritas
673 842 777 880 non
810 827 962 880 adest
992 825 1166 879 vobis.
1202 823 1413 878 Veritas
1443 826 1585 877 enim
1623 825 1826 878 bonum
1858 823 2018 892 plane

2125 815 2353 886 ἀλήθεια
2401 817 2587 884 σαφῶς
2652 815 2857 883 ἀγαθόν
2877 833 2907 850 ··
2941 815 3002 866 τὸ
3052 815 3108 867 δὲ
3153 813 3360 882 ἀγαθὸν
3415 813 3695 880 ἀλλότριον

442 929 547 974 est.
580 919 784 972 Bonum
835 927 1014 970 autem
1046 926 1129 971 est
1177 917 1415 970 alienum
1462 933 1491 970 a
1551 917 1710 969 malo.
1761 916 1878 970 Jam
1926 914 2027 982 qui

2167 908 2381 978 ονηροῦ.
2414 909 2506 978 Μὴ
2527 908 2885 978 κεκτημένοις
2923 907 2980 959 δὲ
3010 906 3270 974 ἀλήθειαν
3296 904 3362 957 τὰ
3390 904 3700 971 δεδογμένα
3786 969 3794 996 ἱ

443 1009 670 1061 veritate
717 1016 924 1068 carent,
974 1021 1163 1061 eorum
1199 1007 1444 1062 doctrina
1491 1007 1621 1062 falsa
1652 1006 1802 1060 nullo
1845 1006 2018 1062 solido

2123 998 2296 1068 ψευδῆ
2334 1017 2392 1051 τε
2429 1002 2522 1053 καί⁵
2567 999 2944 1054 ἀνυπόστατα.
3010 999 3073 1051 Ei
3125 999 3181 1050 δὲ
3220 997 3426 1064 ἀγαθὸς
3462 1000 3490 1050 ό
3527 997 3703 1066 δηλω-

443 1099 692 1154 innititur
759 1099 1140 1153 fundamento.

2127 1089 2240 1144 Θεὶς
2299 1092 2528 1161 κόσμος,
2583 1091 2785 1159 ἀγαθοῦ
2850 1094 3073 1154 πάντως
3131 1089 3228 1144 καὶ
3275 1089 3701 1162 δημιούργημα.

2137 1182 2370 1251 ’Δγαθοῦ
2395 1183 2504 1254 γὰρ
2530 1183 2777 1238 αἰτιατοῦ
2807 1184 3015 1253 ἀγαθὸν
3048 1185 3108 1238 τὸ
3163 1183 3360 1250 αἴτιον,
3393 1184 3582 1255 ὥσπερ
3605 1184 3706 1238 καὶ

2127 1275 2368 1346 πονηροῦ
2399 1279 2657 1348 πονηρόν.

1069 1363 1152 1418 Ea:
1180 1364 1377 1419 eodem.
2673 1368 2698 1420 ἰ

2673 1366 2772 1420 Ἐκ
2809 1366 2908 1434 τῆς
2947 1365 3158 1436 αὐτῆς.

519 1453 575 1508 Si
611 1455 875 1510 mundum
909 1456 1052 1510 hunc
1087 1456 1284 1511 bonum
1316 1472 1434 1514 esse
1463 1457 1821 1524 confitemini,
1851 1458 2021 1516 Deum

2199 1459 2374 1530 Εἴπερ
2413 1459 2512 1529 μὲν
2544 1458 2635 1513 τὸν
2663 1459 2867 1529 κόσμον
2896 1459 3102 1528 ames.-
3122 1458 3462 1529 ιδιιιοὶιογεῖτιι⁷
3503 1459 3596 1515 τὸν
3643 1460 3708 1514 δὲ

448 1555 628 1601 autem
660 1555 716 1600 et
746 1555 951 1616 patrem
984 1548 1184 1602 malum
1222 1563 1332 1603 non
1377 1549 1605 1618 hujusce
1632 1551 1820 1606 mundi
1852 1551 2023 1607 eﬂ'ec-

2127 1551 2260 1606 Θεδν
2290 1553 2386 1605 καὶ
2415 1552 2638 1622 Πατέρα
2669 1553 2930 1623 πονηρὸν,
2963 1553 3059 1606 καὶ
3089 1552 3151 1605 ού
3199 1551 3297 1605 τοῦ
3347 1553 3558 1622 κόσμου
3580 1554 3712 1607 τού-

451 1649 648 1698 torem,
680 1639 786 1692 erit
831 1637 1016 1708 utique
1054 1639 1289 1693 mundus
1335 1640 1473 1697 alter
1515 1641 1686 1696 malus
1723 1659 1753 1698 a
1781 1644 1891 1698 Deo
1936 1643 2024 1697 illo

2127 1659 2223 1698 του
2257 1643 2614 1714 δημιουργὸν,
2655 1643 2812 1697 ἔσται
2841 1645 3066 1707 πάντως
3105 1646 3201 1698 καὶ
3253 1645 3493 1716 πονηρὸς
3545 1647 3712 1709 ἄλλος

450 1729 734 1785 confectus
785 1729 947 1784 malo.
1004 1730 1168 1800 Atqui
1224 1731 1462 1788 mundus
1558 1733 1858 1789 istiusmodi
1916 1750 2079 1832 nonl

2085 1776 2102 1832 ι
2131 1737 2336 1806 κόσμος
2359 1734 2454 1790 τοῦ
2489 1734 2729 1806 πονηροῦ
2753 1734 2890 1788 Θεοῦ
2926 1735 3343 1807 δημιούργημα.
3397 1736 3556 1790 Ἀλλὰ
3604 1739 3714 1804 μὲν

451 1829 556 1883 est,
614 1834 685 1874 ne
734 1820 877 1874 Deus
938 1820 1103 1890 igitur
1157 1823 1373 1890 quidem
1436 1823 1630 1879 malus.
1689 1824 1820 1879 Nam
1883 1826 2027 1881 Deus
2061 1820 2080 1832 “

2087 1820 2102 1832 ’
2133 1829 2232 1883 οὐκ
2258 1828 2426 1883 ἐστιν.
2455 1827 2588 1880 Οὐδὲ
2619 1826 2754 1890 Θεός
2783 1827 2931 1881 ἐστιν
2955 1827 3064 1898 ἄρα
3087 1828 3344 1896 πονηρός.
3381 1827 3440 1881 '0
3469 1829 3567 1899 μὲν
3594 1830 3716 1897 γὰρ

452 1906 778 1980 principium
849 1920 952 1975 est,
1002 1909 1362 1982 eﬂ'ectrixque
1421 1929 1610 1970 causa.
1672 1916 1853 1982 Quare
1904 1932 2028 1972 cum

2133 1919 2264 1982 Θεὸς
2290 1919 2430 1990 ἀρχὴ
2459 1920 2554 1973 καὶ⁸
2579 1921 2862 1989 ποιητικὸν
2889 1921 3061 1972 αἴτιον
3091 1935 3108 1952 ο
3130 1919 3455 1990 ἀρχομένων
3505 1921 3560 1973 δὲ
3611 1923 3715 1974 καὶ

452 2021 559 2060 non
599 2009 882 2070 exsistant,
915 2021 1035 2080 quae
1075 2021 1107 2061 a
1150 2009 1420 2080 principio
1466 2009 1658 2066 eﬂecta
1709 2020 1763 2065 et
1812 2011 2030 2066 condita

2132 2011 2523 2082 πεποιημένων
2553 2012 2656 2065 οὐκ
2680 2011 2870 2076 όντων,
2899 2011 3022 2065 οὐδὲ
3048 2011 3196 2083 ἁρχὴ
3250 2012 3468 2076 πάντως
3527 2012 3713 2068 ἔσται.

451 2098 583 2163 sint,
640 2115 710 2156 ne
735 2101 1063 2175 principium
1105 2105 1325 2175 quidem
1357 2112 1462 2173 est,
1511 2118 1615 2160 nec
1671 2103 1815 2159 Deus
1867 2103 2031 2166 igitur

1801 2119 1815 2159 ι
1867 2103 2031 2166 igitur
2135 2105 2250 2160 Οὐκ
2270 2105 2380 2175 ἄρα
2400 2102 2492 2157 οὖν
2516 2103 2754 2174 πονηρός
2800 2104 2916 2158 ἐστι
2954 2103 3106 2168 Θεός.
3357 2133 3362 2140 ι
3425 2103 3430 2107 ’

450 2189 647 2247 malus.

1085 2284 1170 2340 Ex
1197 2285 1395 2342 eodem.
2669 2278 2714 2333 ἸΞ

2669 2278 2768 2333 Ἐκ
2812 2279 2924 2349 τῆς
2963 2281 3074 2334 αὐτ
3086 2279 3179 2348 ἧς.

523 2374 753 2442 Veteris,
774 2376 1050 2448 inquiunt,
1064 2375 1399 2434 Testamenti
1417 2378 1560 2435 Deus
1578 2394 1687 2434 non
1710 2395 1773 2434 ea
1793 2387 1878 2436 est
1899 2394 2027 2450 pro-

2221 2371 2280 2424 Ὀ
2315 2371 2417 2443 τῆς
2451 2372 2716 2454 Παλαιᾷς,
2769 2375 2924 2442 φασὶ,
2947 2376 3231 2446 Διαθήκης
3278 2375 3412 2442 Θεὸς
3443 2377 3544 2430 οὐκ
3593 2377 3717 2448 ἔχει

452 2466 719 2531 videntis,
770 2479 824 2524 et
877 2471 1133 2535 scientia,
1191 2487 1313 2539 quae
1367 2473 1548 2526 omnia
1606 2472 2023 2541 complectatur.

2131 2463 2230 2534 τὴν
2268 2465 2676 2538 περιληπτικὴν
2733 2469 2953 2520 πάντων
3006 2467 3103 2520 καὶ
3157 2467 3313 2522 Θείαν
3368 2470 3712 2541 πρόγνωσιν.

454 2559 756 2631 lnterrogat
813 2562 982 2627 enim,
1033 2562 1232 2630 Adam,
1282 2565 1390 2630 ubi,
1437 2565 1711 2634 inquiens,
1761 2581 1814 2619 es
1853 2567 1910 2616 ‘t
1960 2566 2025 2620 Et

2142 2556 2358 2627 Ἐρωτᾷ
2379 2557 2486 2627 γὰρ
2515 2559 2604 2612 τὸν
2642 2557 2843 2626 Ἀδὰμ,
2864 2559 2986 2612 Ποῦ
3017 2554 3104 2624 si;
3138 2559 3350 2614 καὶτὸν
3383 2562 3542 2627 Κάῖν,
3578 2561 3715 2616 Ποῦ

452 2649 607 2716 Cain,
643 2651 740 2706 Ubi
780 2663 878 2715 est,
915 2655 1186 2724 inquiens,
1248 2657 1416 2725 frater
1465 2665 1585 2709 tuus
1617 2659 1637 2688 '
1673 2657 1696 2710 ?
1749 2655 1816 2710 Et
1855 2657 2028 2711 Abra-

2136 2649 2378 2702 ’Δὸελό
2427 2649 2697 2718 ἁδελφός
2751 2664 2915 2713 σου;
2976 2652 3072 2704 καὶ
3137 2652 3228 2704 τὸν
3272 2651 3542 2722 Ἀϐραὰμ,
3581 2653 3713 2708 Ποῦ

457 2743 609 2808 bam,
657 2745 751 2800 Ubi
785 2755 882 2809 est,
939 2746 1216 2815 inquiens,
1244 2749 1393 2803 Sara
1426 2765 1560 2803 uxor
1609 2759 1700 2803 tua
1731 2751 1787 2804 '?
1817 2751 1882 2804 Et
1915 2751 2026 2806 alia

2132 2739 2331 2808 Σάρῤα
2359 2739 2397 2808 ἠ
2432 2739 2588 2811 γυνή
2617 2755 2733 2794 σου
2752 2757 2772 2806 ;
2799 2742 2892 2794 καὶ
2925 2741 3099 2794 πολλὰ
3134 2742 3379 2798 τοιαῦτα.
3439 2744 3583 2813 Πρὸς
3614 2743 3716 2809 οὓς

456 2835 625 2888 multa
657 2835 722 2890 ad
753 2838 1004 2891 eumdem
1037 2838 1279 2894 modum.
1307 2839 1397 2894 His
1431 2842 1848 2911 respondemus,
1880 2843 2028 2912 ejus-

2134 2851 2336 2904 φαμεν.
2404 2835 2518 2887 Οὐκ
2570 2833 2794 2901 ἀγνοίας
2868 2834 2926 2887 αἱ
2977 2833 3300 2903 δηλωθείσαι
3384 2835 3713 2906 ἐρωτήσεις,

458 2925 604 2980 modi
646 2928 977 3000 interrogata
1039 2946 1147 2985 non
1205 2933 1274 2987 ab
1333 2934 1657 3004 ignorantia,
1703 2935 1796 2990 sed
1850 2939 2031 3006 potius

2133 2928 2268 2981 ἀλλὰ
2313 2926 2517 2997 μᾶλλον
2544 2927 2824 2994 γνώσεως.
2892 2928 2955 2980 Ei
3011 2927 3086 2998 μὴ
3141 2929 3248 2998 γὰρ
3301 2926 3442 2996 ἔγνω
3477 2930 3570 2981 mi
3620 2931 3719 2983 τὸν

457 3035 485 3072 a
523 3021 837 3090 cognitione
879 3023 1172 3097 proﬁcisci.
1228 3023 1340 3081 Nisi
1401 3029 1547 3080 enim
1603 3028 1946 3094 cognovisset
1975 3035 2030 3081 et

2145 3019 2334 3088 Ἀδὰμ,
2363 3019 2458 3071 καὶ
2489 3021 2581 3070 τὸν
2613 3018 2750 3070 Ιίὰῖν
2782 3019 3202 3087 ἁμαρτήσαντα,
3265 3017 3367 3072 οὐκ
3431 3017 3498 3070 ἂν
3549 3017 3716 3080 εὐθὺς

456 3109 650 3175 Adam,
677 3121 730 3166 et
765 3112 899 3165 Cain
932 3128 1213 3181 peccasse,
1246 3131 1356 3169 non
1387 3130 1482 3170 eos
1542 3116 1807 3170 continuo
1865 3115 2032 3170 iuter-
2059 3102 2085 3163 (

2086 3103 2434 3184 Ξὴρώτησεο
2485 3114 2577 3166 καὶ
2613 3112 2773 3180 δῆλον
2803 3112 2914 3165 ἀπὸ
2975 3111 3082 3165 τῶν
3143 3111 3290 3180 ἑξῆς.
3344 3110 3547 3182 Εἵρηκε
3603 3114 3715 3184 γὰρ

457 3211 720 3273 rogasset.
748 3201 1079 3274 Cognovisse
1108 3218 1288 3262 autem
1319 3223 1383 3262 ex
1433 3206 1521 3262 iis.
1553 3223 1674 3277 quae
1706 3219 2030 3279 sequuntur,

2138 3207 2276 3277 πρὸς
2311 3208 2413 3276 μὲν
2436 3207 2525 3260 τὸν
2570 3207 2764 3276 Ἀδὰμ,
2791 3210 2973 3259 καίτοι
2998 3208 3169 3277 μήπω
3213 3205 3381 3276 μηδὲν
3435 3206 3565 3277 περὶ
3614 3207 3715 3276 τῆς

458 3296 810 3365 perspicuum
850 3308 956 3352 est.
991 3299 1080 3354 Sic
1113 3300 1258 3353 enim
1293 3300 1590 3370 alloquitur
1631 3301 1802 3354 Adam
1855 3299 2030 3369 prius,

2139 3299 2394 3371 βρώσεως
2442 3297 2856 3368 ὁμολογήσαντα
2889 3311 2903 3326 ο
2967 3297 3062 3364 Τίς
3113 3294 3400 3365 ἀνήγειλέ
3456 3311 3577 3360 σοι,
3623 3295 3716 3350 ὅτι

459 3402 621 3456 quam
647 3387 738 3442 ille
769 3403 828 3442 se
887 3391 1190 3444 comedisse
1224 3391 1525 3446 fateretur:
1558 3391 1753 3462 Ecquis
1784 3392 2035 3445 indicavit

2137 3393 2366 3463 γυμνὸς
2393 3387 2480 3456 εἰ,
2541 3395 2591 3446 εί
2617 3393 2704 3460 μὴ
2739 3391 2855 3446 ἀπὸ
2890 3391 2996 3446 τοῦ
3033 3390 3226 3454 ξύλου
3288 3385 3361 3446 οὗ
3415 3391 3715 3444 ἐνετειλά-

461 3481 575 3545 tibi,
619 3491 667 3534 te
693 3481 890 3534 nudum
909 3498 1041 3546 esse,
1090 3484 1192 3537 nisi
1221 3485 1358 3551 quod
1401 3484 1617 3552 eligno,
1663 3485 1727 3536 de
1777 3500 1877 3552 quo
1926 3483 2036 3538 solo

2133 3502 2263 3555 μην
2293 3500 2392 3539 σοι
2416 3487 2611 3554 μόνου
2639 3483 2724 3553 μὴ
2773 3482 3010 3552 φαγεῖν,
3070 3481 3173 3537 ἀπ’
3217 3481 3404 3536 αὑτοῦ
3454 3483 3708 3552 ἔφαγες;

456 3572 683 3639 prwcepi
715 3572 830 3635 tibi,
863 3588 926 3624 ne
953 3574 1268 3638 comederes,
1311 3574 1583 3627 comedisti
1609 3573 1669 3627 ‘7
1700 3573 1831 3628 Cain
1881 3587 2034 3637 vero,

2139 3577 2282 3648 Πρὸς
2309 3577 2365 3631 δὲ
2394 3578 2485 3631 τὸν
2521 3579 2682 3640 Κὰἳν,
2737 3576 2920 3630 καίτοι
2983 3575 3078 3626 καὶ
3138 3575 3303 3628 αὐτὸν
3367 3577 3716 3645 πειρώμενον

461 3661 555 3730 qui
594 3662 896 3718 conabatur
925 3675 981 3719 et
1008 3665 1124 3733 ipse
1156 3665 1394 3730 latitare,
1452 3666 1742 3736 compellat
1791 3665 1878 3721 ltis
1917 3681 2039 3719 ver-

2138 3669 2321 3725 λαθεῖν
2342 3686 2353 3696 ⁶
2380 3668 2552 3737 Φωνὴ
2579 3670 2828 3738 αἵματος
2857 3666 2963 3720 τοῦ
2991 3665 3257 3736 ἀδελφοῦ
3278 3682 3393 3720 σου
3417 3666 3540 3733 ,βοᾷ
3569 3667 3720 3735 πρός

461 3753 595 3809 bis:
638 3753 749 3808 Vox
801 3757 1074 3826 sanguinis
1113 3756 1300 3825 fratris
1349 3757 1428 3810 tui
1481 3758 1680 3812 clamat
1735 3759 1806 3812 ad
1863 3775 1944 3812 me
1991 3760 2037 3812 ⁸.

2135 3782 2232 3836 με.
2261 3764 2449 3818 Ταῦτα
2473 3764 2569 3816 καὶ
2614 3762 2737 3814 λίαν
2797 3759 2893 3830 μὲν
2935 3759 3134 3822 εἰδότος
3193 3759 3324 3822 είσὶ,
3387 3757 3720 3828 βουλομένου

461 3849 591 3905 lltec
615 3865 722 3904 non
753 3849 1054 3921 ignorantis
1093 3861 1243 3914 sunt.
1288 3852 1383 3906 sed
1415 3852 1575 3922 plane
1642 3862 1698 3907 et
1747 3855 2037 3923 perspicue

2139 3859 2196 3912 δὲ
2227 3857 2314 3912 διὰ
2344 3857 2446 3927 τῆς
2473 3853 2853 3926 προσποιήτου
2911 3853 3244 3924 ἐρωτήσεως
3293 3853 3373 3916 εἰς
3421 3853 3720 3919 μετάνοιαν

462 3943 862 4013 cognoscentis,
892 3941 984 4010 qui
1015 3956 1077 3997 ea
1122 3942 1304 4010 specie
1339 3943 1786 4014 interrogationis
1811 3948 1924 4001 vult
1951 3949 2036 4014 iis,

2141 3952 2371 4019 ἀγαγεῖν
2415 3949 2542 4012 τοὺς
2593 3946 3012 4018 ἡμαρτηκότας,
3053 3944 3378 4012 ὶπτγνόντας
3417 3945 3500 3997 ὅτι
3525 3943 3717 4014 πεφώ-

463 4035 559 4106 qui
593 4043 973 4104 peccaverant,
1026 4034 1386 4102 persuadere,
1444 4045 1501 4089 ut
1531 4036 1880 4106 resipiscant,
1913 4053 2037 4094 cum

2144 4062 2361 4116 ρανται.
2392 4043 2562 4096 Πάλιν
2593 4041 2649 4095 δὲ
2685 4041 2781 4094 καὶ
2804 4041 2866 4094 τό
2894 4056 2906 4070 ·
2936 4038 3062 4094 Ποῦ
3089 4038 3290 4106 Σάρῤα
3313 4037 3351 4106 ἡ
3374 4035 3529 4107 γυνή
3553 4051 3673 4089 σου
3698 4050 3718 4099 ;

464 4145 524 4186 se
545 4129 916 4199 deprehensos
941 4126 1400 4182 animadvertant.
1429 4127 1509 4182 Ea
1537 4128 1668 4184 item
1702 4131 1866 4184 verba
1904 4149 1916 4184 :
1946 4133 2040 4188 Ubi

2145 4135 2619 4206 προγινώσκοντος
2647 4127 2716 4203 ἦν
2739 4132 2822 4184 ὅτι
2855 4130 2954 4185 καὶ
2986 4131 3218 4200 γυναῖκα
3238 4128 3374 4199 ἔχει,
3407 4129 3502 4181 καὶ
3528 4127 3718 4198 Σάρρα

466 4233 541 4278 est
569 4221 708 4276 Sara
739 4236 874 4274 uxor
909 4234 999 4272 tua
1026 4218 1048 4257 9
1101 4219 1382 4274 declarant
1436 4235 1560 4274 eum
1627 4235 1738 4276 non
1790 4221 2043 4294 ignorare

2143 4226 2428 4294 κέκληται.
2470 4225 2528 4276 ’0
2555 4223 2613 4276 δὲ
2643 4221 2819 4276 ταῦτα
2862 4221 3018 4286 εἰδὼς
3057 4223 3152 4276 καὶ
3183 4222 3316 4274 ὅπου
3351 4216 3420 4292 ἦν
3448 4219 3719 4288 ἐγίνωσκε

466 4314 744 4372 Abraham
777 4327 1001 4366 uxorem
1036 4311 1258 4376 habere,
1289 4326 1519 4381 eamque
1583 4313 1764 4383 vocari
1826 4315 2038 4372 Saram.

2145 4320 2384 4379 πάντως.
2413 4315 2488 4369 Ού
2519 4315 2630 4385 γὰρ
2649 4314 2715 4368 ἂν
2741 4312 2967 4368 ὄπισθεν
3001 4315 3098 4384 τῆς
3126 4312 3294 4384 θύρας
3325 4311 3592 4382 ἑστώσης,
3624 4314 3723 4367 καὶ

468 4408 572 4475 Qui
603 4415 784 4461 autem
817 4409 933 4460 haec
978 4405 1101 4469 scit,
1137 4404 1182 4457 is
1213 4403 1461 4473 profecto
1481 4419 1593 4459 non
1651 4416 1771 4461 erat
1824 4410 2044 4466 nescius
2077 4438 2097 4494 ι

2097 4412 2292 4493 “terat
2323 4409 2420 4480 τὴν
2441 4410 2541 4479 τῆς
2601 4407 2953 4472 τεκνογονίας
3015 4404 3352 4473 ἐπαγγελίαν
3407 4403 3726 4494 γελασάσης

467 4503 561 4557 ubi
591 4510 737 4557 esset
773 4499 924 4554 Sara.
968 4498 1158 4567 Neque
1195 4497 1362 4562 enim,
1425 4513 1548 4552 cum
1583 4497 1715 4554 Sara
1777 4511 1900 4570 post
1951 4519 2044 4558 os-
2079 4491 2096 4494 ﬁ

2098 4491 2103 4492 ί
2151 4503 2414 4574 κρύϐδην,
2449 4499 2600 4566 ἔλεγε
2620 4517 2634 4530 ·
2663 4500 2722 4551 Τί
2747 4498 2837 4552 ὅτι
2853 4496 3109 4566 ἐγέλασε
3137 4495 3336 4564 Σάρῤα
3352 4513 3370 4559 ;
3404 4491 3536 4549 Εἶτα
3554 4510 3727 4565 προσ.

471 4596 604 4649 tium
629 4602 818 4656 staret,
881 4591 1202 4658 risissetque
1252 4589 1393 4644 clam
1441 4591 1672 4647 audiens
1716 4609 1776 4648 se
1809 4604 2040 4650 matrem

2150 4595 2335 4666 τίθησι
2365 4593 2460 4648 καὶ
2488 4593 2587 4663 τὴν
2613 4593 2791 4646 αἰτίαν
2827 4587 2923 4642 τοῦ
2957 4589 3220 4656 γέλωτος.
3246 4584 3532 4657 Λέγουσα
3590 4586 3725 4657 γὰρ,

469 4691 608 4752 fore,
631 4686 881 4750 dixisset,
915 4683 1024 4738 Cur
1061 4683 1178 4736 risit
1211 4681 1391 4736 Sara?
1423 4682 1564 4737 risus
1608 4686 1768 4738 etiam
1823 4701 2042 4741 causam

2152 4686 2338 4755 φησιν,
2367 4683 2434 4737 ἐν
2459 4679 2665 4748 ἑαυτῇ,
2689 4676 2830 4749 Ἀρά
2863 4694 2928 4748 γε
2957 4675 3193 4743 ἀληθῶς
3221 4675 3462 4744 τέξομαι
3487 4693 3507 4741 ;
3538 4674 3729 4729 Ταῦτα

470 4781 729 4849 subjecit,
793 4793 977 4833 secum
1035 4777 1150 4845 ipsa
1205 4775 1478 4844 inquiens,
1539 4775 1752 4831 Verene
1798 4779 2043 4846 pariam?

2155 4781 2265 4847 γὰρ
2291 4777 2386 4830 καὶ
2433 4774 2912 4844 καρδιογνώστου.
2964 4768 3250 4839 Ἦρώτησε
3277 4768 3332 4820 δὲ
3357 4768 3482 4822 Ποῦ
3528 4767 3729 4836 Σάῤῥα

473 4873 599 4925 Haec
629 4870 775 4924 enim
808 4869 952 4922 illius
978 4877 1126 4932 sunt,
1164 4867 1256 4936 qui
1279 4881 1374 4921 cor
1406 4868 1568 4920 ctiam
1610 4879 1771 4936 atque
1801 4869 2040 4922 animum

2153 4869 2192 4935 ἠ
2234 4867 2389 4936 γυνή
2415 4881 2564 4927 σου;
2595 4863 2719 4918 κατ’
2754 4862 3091 4932 οἰκονομίαν,
3123 4861 3210 4914 ῐνα
3251 4859 3444 4930 μαθὼν
3475 4857 3729 4912 ἐντεῦθεν

471 4963 645 5017 novit.
676 4959 1034 5030 Interrogavit
1078 4969 1282 5022 autem,
1323 4958 1421 5012 Ubi
1461 4968 1535 5013 est
1567 4957 1704 5012 Sara
1731 4975 1865 5012 uxor
1901 4970 1994 5012 tua
2022 4962 2047 5015 .’

2169 4961 2417 5031 Ἀϐραὰμ
2447 4960 2530 5012 ὅτι
2561 4957 2924 5028 προγνώστης
2981 4955 3118 5019 ἐστὶ,
3160 4955 3258 5007 και)⁸
3311 4954 3492 5008 πάντα
3543 4951 3725 5017 εἰδὼς,

475 5071 542 5112 eo
572 5054 824 5117 consilio,
858 5061 919 5106 ct
947 5053 1222 5106 Abraham
1249 5066 1608 5124 cognoscens,
1673 5067 1731 5105 se
1765 5063 1895 5107 ante
1955 5068 2050 5107 co-

2155 5050 2230 5113 tb;
2265 5049 2538 5119 κρείττονι
2580 5046 2847 5118 προσέχῃ,
2888 5043 3108 5098 καὶτοῦ
3145 5041 3334 5095 λοιποῦ
3356 5041 3589 5110 πιστεύῃ
3621 5041 3730 5092 πᾶ-

476 5161 763 5220 gnoscere,
792 5153 849 5198 et
877 5145 1063 5213 omnia
1094 5145 1260 5210 scire,
1282 5144 1384 5200 sibi
1413 5153 1473 5198 ut
1503 5145 1864 5214 pracstantiori
1896 5161 2053 5200 vaca-

2158 5158 2264 5205 σιν,
2303 5132 2382 5200 οἷς
2406 5139 2473 5192 ἂν
2505 5141 2639 5207 ἐρεῖ.
2687 5139 2793 5190 Καὶ
2820 5137 2881 5190 τὸ
2908 5136 3040 5206 περὶ
3087 5135 3200 5188 τῶν
3230 5133 3484 5202 Σοδόμων
3534 5133 3590 5185 δὲ
3636 5131 3732 5184 καὶ¹

474 5251 582 5306 ret,
612 5250 666 5296 et
698 5238 978 5301 omnibus,
1029 5252 1149 5306 quze
1197 5238 1458 5306 deinceps
1509 5237 1840 5300 dicerentur,
1890 5240 2048 5294 ﬁdem

2155 5231 2450 5302 Γομόρρων
2481 5229 2790 5300 εἰρημένον,
2820 5229 2900 5280 ὅτι
2944 5224 3218 5290 Καταϐὰς
3252 5223 3473 5294 ὄψομαι
3498 5225 3550 5278 εἰ
3579 5226 3733 5279 κατὰ

473 5333 782 5391 adhiberet.
809 5331 986 5398 Atque
1013 5330 1178 5385 etiam
1230 5329 1386 5392 illud,
1461 5328 1608 5396 quod
1668 5328 1735 5382 de
1785 5326 2050 5394 Sodoma,

2159 5324 2267 5394 τὴν
2299 5321 2572 5392 κραυγὴν
2598 5319 2796 5376 αὐτῶν
2853 5316 3337 5373 συντελοῦνται·
3393 5320 3444 5371 εί
3503 5318 3572 5371 δὲ
3615 5314 3729 5385 μὴ,

475 5435 532 5481 et
591 5422 895 5479 Gomorrba
959 5420 1164 5475 dictum
1216 5427 1335 5474 est:
1399 5419 1718 5472 Descendam
1763 5430 1811 5471 et
1847 5420 2046 5484 videbo,

2157 5415 2260 5469 Ira
2297 5415 2439 5486 γνῶ,
2471 5413 2590 5469 κατ’
2619 5412 2938 5484 οἰκονομίαν
2971 5414 3214 5482 εἴρηται,
3275 5410 3548 5464 παιδεύων
3585 5411 3732 5480 ἡμᾶς

480 5530 659 5574 utrum
700 5535 754 5572 re
777 5519 916 5586 ipsa,
951 5531 1069 5586 qua:
1109 5514 1310 5568 clamor
1370 5513 1606 5575 ipsorum
1665 5513 1865 5566 indicat
1914 5529 2053 5566 com-

2162 5509 2240 5581 μὴ
2284 5509 2539 5574 κολάζειν
2570 5508 2678 5561 ἀπὸ
2705 5509 3093 5578 προγνώσεως,
3127 5506 3245 5559 ἀλλ’
3307 5504 3604 5574 ἀναμένειν
3633 5503 3732 5569 τὴν

480 5611 753 5679 eiecerint,
801 5626 874 5664 an
919 5627 1042 5674 non,
1095 5618 1153 5664 ut
1216 5608 1381 5662 sciam
1411 5607 1454 5673 ⁸,
1517 5605 1651 5677 quid
1684 5605 1829 5661 aliud
1883 5605 2052 5677 signi-

2161 5603 2561 5675 πραγματικὴν
2589 5602 2899 5672 διάγνωσιν.
2929 5600 2990 5654 Εἰ
3039 5602 3146 5671 γὰρ
3173 5600 3249 5669 μὴ
3289 5597 3578 5666 ἐγίνωσκε,
3611 5592 3731 5659 πῶς

559 5789 574 5819 ⁸
611 5786 745 5843 Ceu.
771 5804 850 5849 ιιι,
879 5788 930 5842 9.
1010 5786 1192 5841 ’.ch.
1234 5802 1307 5846 tv,
1331 5784 1383 5840 9.
1463 5785 1481 5816 ’
1516 5783 1647 5840 Gen.
1677 5797 1829 5836 mu.
1863 5783 1915 5837 9.
1993 5781 2172 5863 "Gen.

1863 5783 1915 5837 9.
1993 5781 2172 5863 "Gen.
2209 5795 2289 5847 ιιι,
2325 5781 2406 5836 ll.
2483 5782 2504 5816 ³
2531 5779 2666 5835 Geo.
2702 5795 2777 5846 ιν,
2808 5780 2891 5834 10.
2969 5780 2988 5811 θ
3020 5777 3155 5834 Gen.
3187 5792 3338 5842 mu,
3369 5776 3459 5831 2|.
