4126 6400
481 327 590 392 319

486 539 722 608 probam
779 539 940 592 istam
1005 537 1305 606 impietatis
1352 536 1659 590 doctrinam
1711 538 2068 594 disseminas-

491 630 657 686 sent?

542 740 796 811 Ejusdem
842 756 906 795 ea:
930 740 1362 807 interpretatione
1387 741 1442 792 in
1474 742 1749 811 mysticam
1777 757 2001 796 caenam.

557 893 822 960 Quoniam
875 893 1278 956 Marcionis,“
1320 893 1614 959 Valentini,
1675 903 1730 949 et
1785 895 2064 951 Manichmi

487 986 728 1041 {autores
780 995 936 1040 erant
1003 986 1260 1051 venturi,
1317 988 1408 1058 qui
1457 989 1598 1042 banc
1646 989 2057 1058 dispositionem

484 1087 774 1145 negarent,
817 1079 1020 1135 idcirco
1067 1079 1288 1135 assidue
1338 1080 1530 1134 mortis
1578 1095 1692 1135 suae
1723 1082 2056 1137 mentionem

489 1169 641 1230 fecit,
674 1172 839 1224 etiam
885 1187 984 1240 per
1009 1173 1288 1243 mysteria,
1327 1183 1388 1227 ut
1441 1187 1604 1227 nemo
1634 1172 1787 1228 falsis
1833 1174 2065 1228 rationi-

489 1262 594 1318 bus
629 1265 1086 1335 argumentisque
1116 1265 1295 1336 decipi
1343 1275 1547 1336 posset,
1581 1267 1677 1324 sed
1728 1282 1828 1337 per
1858 1283 2068 1324 sacram

489 1352 638 1408 illam
674 1370 919 1408 mensam
952 1356 1114 1410 simul
1144 1366 1197 1410 et
1227 1368 1488 1423 servaret,
1535 1366 1591 1410 et
1642 1359 1976 1416 institueret.

702 1445 954 1513 Ejusdem
985 1464 1050 1501 ea:
1074 1450 1502 1518 interpretatione
1538 1450 1594 1504 in
1655 1468 1859 1522 magos.

578 1534 882 1593 Erubescat
970 1539 1172 1600 Paulus
1257 1541 1703 1608 Samosatensis,
1782 1544 2068 1600 erubescat

496 1625 720 1692 Marcio,
757 1630 847 1698 qui
889 1631 1184 1687 noluerunt
1214 1633 1422 1696 videre,
1463 1633 1609 1702 quod
1644 1635 1783 1706 magi
1815 1636 2068 1692 Ecclesize

1717 334 2105 397 EUTHYMII
2147 335 2512 396 ZIGABENI

481 447 528 501 si
567 444 703 500 nihil
727 441 999 513 ejusmodi
1034 442 1236 498 factum
1263 451 1433 505 esset,
1486 453 1693 513 quanto
1737 447 1910 518 magis
1954 448 2057 500 im-

2185 463 2287 501 rttn:
2313 449 2374 502 οὐ
2413 448 2620 519 μᾶλλον
2651 449 2717 503 τὰ
2753 446 2967 518 πονηρά
3015 446 3190 502 ταῦτα
3253 444 3320 501 ἂν
3362 445 3583 518 ἔσπειρε
3618 449 3800 523 δύης-Ι

3641 331 3748 396 320

2178 559 2323 611 ματα
2350 541 2451 612 τῆς
2480 542 2738 606 ἀσεϐείας
2763 558 2778 608 ;

2176 732 2286 788 Τοῦ
2315 735 2504 789 αὑτοῦ
2527 734 2597 788 ἐκ
2633 735 2744 804 τῆς
2773 739 2859 802 εἰς
2885 736 2993 822 to»:
3009 737 3314 806 μυστικὸν
3342 735 3599 792 δεῖπνον
3649 740 3750 808 έρ-

2803 824 3081 875 μηνειας.

2259 896 2478 962 Ἐπειδὴ
2541 899 2649 969 γὰρ
2703 899 2930 968 ἔμελλον
2963 903 3011 953 ot
3056 901 3187 971 περὶ
3255 901 3581 971 Μαρκίωνα,
3652 903 3751 956 καὶ

2179 989 2551 1055 Ούαλεντῖνον,
2589 992 2685 1045 καὶ
2718 993 3024 1062 Μανιχαϊον
3051 993 3282 1060 φύεσθαι
3307 995 3514 1064 ταύτην
3547 996 3751 1065 ἀρνού-

2181 1098 2335 1151 μενοι
2365 1082 2464 1152 τὴν
2488 1083 2827 1151 οἰκονομίαν,
2895 1085 3163 1154 διηνεκῶς
3197 1087 3612 1156 ἀναμιμνήσκει
3654 1088 3750 1141 τοῦ

2177 1173 2409 1237 πάθους,
2441 1176 2537 1229 καὶ
2567 1175 2656 1229 διὰ
2685 1175 2793 1229 τῶν
2822 1178 3164 1246 μυστηρίων,
3211 1179 3353 1233 ὥστε
3399 1183 3604 1252 μηδένα
3641 1201 3749 1234 πα-

2179 1266 2572 1338 ραλογισθῆναι
2595 1309 2609 1333 ,
2643 1267 2779 1336 ὁμοῦ
2815 1269 2914 1338 μὲν
2967 1271 3180 1337 σώζων,
3216 1271 3356 1343 ὁμοῦ
3391 1273 3448 1326 δὲ
3475 1273 3753 1328 παιδεύων

2175 1360 2265 1415 διὰ
2301 1361 2400 1431 τῆς
2426 1363 2580 1433 ἱερᾶς
2610 1365 2893 1434 τραπέζης
2931 1365 3168 1437 ἐκείνης.

2215 1449 2331 1505 Τοῦ
2359 1451 2546 1505 αὑτοῦ
2581 1453 2651 1506 ἐκ
2687 1451 2800 1521 τῆς
2823 1456 2913 1519 εἰς
2933 1453 3080 1520 τοὺς
3101 1455 3340 1527 μάγους
3365 1459 3711 1526 ἑρμηνείας.

2247 1544 2599 1615 Αἰσχυνέσθω
2647 1546 2860 1610 Παῦλος
2912 1549 2940 1600 ὁ
2973 1548 3350 1616 Σαμοσατεὺς,
3399 1550 3750 1620 αἰσχυνέσθω

2180 1636 2466 1711 Μαρκίων,
2500 1636 2575 1709 μὴ
2603 1638 2959 1709 βουληθέντες
2986 1639 3115 1694 ίδεῖν
3141 1639 3286 1709 ἆπερ
3315 1642 3365 1694 ot
3394 1641 3560 1710 μάγοι
3583 1635 3752 1704 εἶδον,

497 1722 876 1790 progenitores
892 1735 1336 1792 conspexerunt:
1363 1741 1543 1797 neque
1577 1728 1720 1781 enim
1750 1743 1944 1783 vereor
1975 1744 2071 1784 eos

2185 1729 2228 1782 ot
2259 1731 2361 1796 τῆς
2401 1728 2732 1800 Ἑκκλησίας
2781 1731 3036 1800 πρόγονοι
3070 1744 3088 1761 °
3144 1731 3206 1784 ού
3244 1733 3354 1800 γὰρ
3421 1729 3754 1800 αἰσχύνομαι

495 1808 576 1864 sic
601 1812 897 1881 appellare.
945 1815 1246 1872 Erubescat
1270 1796 1533 1883 Marcion,
1568 1819 1759 1873 videns
1789 1819 1957 1874 Deum
2015 1820 2071 1873 in

2185 1819 2353 1884 οὕτως
2383 1796 2603 1887 αὐτοὺς-
2643 1796 2853 1880 καλεῖν.
2901 1796 3272 1896 ῨΔίσχυνέσθω
3301 1796 3566 1897 Μαρκίων
3609 1796 3753 1896 ὀρῶν

495 1916 660 1957 carne
712 1905 949 1960 adorari.
1010 1906 1146 1961 Nam
1199 1909 1343 1977 quod
1397 1910 1450 1962 in
1478 1925 1644 1965 carne
1698 1909 1787 1974 sit,
1821 1911 1989 1979 panni
2020 1920 2076 1966 et

2185 1914 2310 1968 θεὸν
2342 1916 2401 1967 έν
2432 1916 2599 1986 σαρκὶ
2660 1919 3158 1990 προσκυνούμενον.
3197 1921 3317 1974 Ὅτι
3367 1921 3469 1988 μὲν
3522 1921 3632 1989 γὰρ
3693 1921 3756 1972 έν

497 2008 749 2064 praesepe
805 2006 1104 2053 testantur.
1157 1999 1312 2065 Quod
1377 2011 1564 2054 autem
1625 2001 1775 2055 illum
1839 2018 1950 2058 non
2015 2011 2077 2057 ut

2180 2006 2368 2076 σαρκὶ,
2401 2006 2472 2060 τά
2503 2007 2796 2076 σπάργανα
2821 2009 3088 2074 δείκνυσι,
3124 2012 3218 2064 καὶ
3249 2011 3283 2082 ἡ
3319 2011 3495 2082 φάτνη
3526 2029 3538 2042 ·
3570 2013 3652 2065 ὅτι
3690 2011 3753 2064 δὲ

495 2100 697 2154 purum
732 2095 787 2141 et
825 2088 1126 2159 simplicem
1152 2093 1428 2148 hominem
1461 2095 1660 2157 colant,
1689 2110 1754 2148 ex
1812 2110 1878 2149 eo
1929 2103 2077 2165 patet

2185 2100 2276 2168 οὐχ
2303 2099 2376 2162 ώς
2402 2097 2560 2169 ψιλὸν
2615 2100 2906 2172 ἄνθρωπον
2965 2104 3363 2172 προσεκύνουν,
3395 2104 3655 2185 δηλοῦσιν
3694 2105 3757 2157 ἐν

494 2179 643 2248 quod
684 2180 740 2234 in
769 2189 958 2237 tenera
987 2193 1147 2239 artate
1193 2185 1481 2240 exsistenti
1529 2204 1760 2243 munera
1813 2188 2073 2255 offerunt,

494 2283 618 2339 qua:
640 2273 977 2328 conveniunt
1013 2276 1143 2332 Deo.

496 2383 845 2467 Ejusdemea:
868 2391 1304 2467 interpretatione
1326 2394 1379 2447 in
1403 2393 1495 2447 illa
1526 2397 1680 2449 uerba
1717 2410 1736 2450 :
1785 2415 1803 2448 t
1837 2396 1903 2450 In
1924 2398 2076 2467 prin-

717 2460 854 2528 cipio
886 2461 1008 2530 fecit
1045 2461 1183 2517 Deus
1207 2464 1394 2518 coelum
1421 2476 1469 2520 et
1494 2476 1692 2520 terram
1722 2470 1761 2522 ί.
1808 2487 1827 2520 ›

569 2631 729 2698 Quod
761 2633 806 2689 si
847 2632 1182 2690 Manicltatus
1211 2637 1454 2702 accedat,
1491 2647 1547 2692 et
1583 2639 1752 2707 dicat,
1793 2643 2077 2698 materiam

495 2733 628 2782 ante
661 2727 958 2791 exstitisse,
989 2737 1044 2782 et
1069 2728 1330 2793 Marcion,
1375 2740 1432 2785 et
1469 2731 1807 2796 Valentinus,
1842 2743 1895 2789 et
1927 2733 2078 2791 Grae-

496 2816 569 2880 ci,
604 2827 658 2870 tu
679 2815 783 2871 illis
808 2817 924 2872 hate
945 2819 1109 2874 verba
1132 2834 1348 2889 oppone
1381 2820 1474 2875 :In
1505 2823 1762 2893 principio
1787 2825 1907 2893 fecit
1942 2825 2081 2882 Deut

498 2906 686 2961 caelum
743 2917 792 2963 et
821 2918 1042 2965 terram.
1089 2911 1160 2966 At
1193 2912 1284 2968 ille
1309 2912 1607 2985 Scriptura:
1650 2933 1760 2972 non
1798 2921 1993 2986 credit,
2025 2931 2080 2977 et

500 3009 560 3055 tu
590 3016 717 3056 eum
753 3012 811 3058 ut
845 3003 1122 3069 insanum,
1162 3015 1216 3062 et
1247 3016 1432 3062 mente
1479 3020 1698 3079 captum
1739 3013 1914 3068 evita.
1976 3015 2081 3082 Qui

503 3089 654 3143 enim
686 3106 866 3146 rerum
893 3095 1140 3148 omnium
1176 3099 1513 3167 procreatori
1548 3100 1712 3155 ﬁdem
1743 3117 1855 3157 non
1891 3105 2077 3172 habet,

502 3190 559 3236 et
589 3183 858 3238 mendacii
899 3186 1188 3243 veritatem
1228 3191 1427 3261 arguit,
1491 3208 1654 3262 quam
1701 3211 1944 3266 unquam
1993 3215 2084 3254 ve-

503 3273 658 3327 niam
709 3280 1080 3346 assequetur?
1147 3280 1244 3337 Sin
1301 3284 1547 3340 veritatis
1607 3287 1796 3344 hostes
1854 3301 2085 3363 pergant

505 3366 807 3436 adversari,
843 3371 1090 3430 dicentes
1124 3375 1244 3430 ﬁeri
1289 3393 1404 3433 non
1457 3395 1640 3449 posse,
1693 3391 1753 3438 ut
1803 3399 1868 3440 ex
1909 3386 2084 3442 nihilo

501 3460 802 3530 quidquam
837 3463 949 3532 ﬁat,
983 3481 1080 3520 cos
1110 3467 1404 3541 interroga,
1440 3481 1649 3538 utrum,
1677 3476 1886 3545 primus
1916 3478 2086 3535 homo

501 3566 570 3606 ex
610 3562 779 3618 terra,
803 3569 875 3610 an
905 3557 1112 3615 exalia
1144 3575 1201 3614 re
1245 3560 1516 3619 conﬂatus
1545 3565 1640 3620 sit.
1694 3565 1770 3621 Ex
1807 3577 1955 3624 terra
1997 3586 2086 3626 re-

503 3645 879 3715 spondebunt,
899 3657 952 3704 et
975 3650 1389 3709 conﬁtebuntur
1413 3657 1664 3714 omnino.
1693 3659 1889 3716 Dicant
1919 3662 2085 3734 igitur

501 3736 665 3793 nobis
701 3741 982 3808 quomodo
1032 3757 1100 3797 ex
1146 3752 1293 3800 terra
1336 3749 1520 3805 carnis
1565 3759 1763 3808 natura
1813 3753 1958 3810 facta
1989 3757 2082 3813 sit.

503 3826 585 3884 Ει
640 3839 788 3886 terra
814 3832 964 3889 enim
1019 3833 1222 3902 lutum,
1277 3848 1334 3894 et
1369 3839 1590 3908 lateres,
1647 3844 1864 3916 tegulae,
1925 3854 2088 3918 atque

498 3921 621 3977 ollae
654 3921 770 3977 ﬁeri
831 3926 1032 3981 solent.
1099 3927 1385 3994 Quomodo
1434 3932 1601 4002 igitur
1653 3937 1836 3992 carnis
1887 3949 2086 3994 natura

501 4012 646 4069 facta
674 4024 760 4070 est
790 4025 846 4070 et
893 4019 1071 4083 nervi,
1110 4030 1167 4075 et
1193 4023 1432 4087 arteriae,
1479 4033 1537 4078 et
1583 4026 1776 4096 adeps,
1829 4035 1885 4082 et
1917 4029 2084 4098 cutis,

503 4116 560 4161 et
623 4123 852 4179 ungues,
883 4119 941 4164 et
965 4112 1190 4181 capilli?
1233 4113 1314 4169 Ad
1345 4115 1460 4169 haec
1519 4117 1594 4170 illi
1653 4119 1800 4188 quod
1855 4136 2087 4191 respon-

504 4201 690 4264 deant,
721 4201 859 4255 nihil
890 4203 1193 4270 habebunt,
1223 4205 1318 4262 sed
1342 4207 1745 4266 obmutescent.
1808 4212 1955 4279 Quid
1983 4229 2086 4268 au-

505 4301 618 4348 tem
670 4294 868 4364 loquor
906 4295 976 4350 de
1005 4305 1195 4352 nostro
1241 4314 1474 4370 corpore
1509 4301 1531 4354 ?
1565 4302 1752 4357 dicant
1800 4305 1961 4361 nobis
2017 4306 2087 4363 de

503 4399 668 4455 pane,
697 4400 862 4456 quem
911 4388 1162 4458 quotidie
1212 4391 1574 4458 comedimus,
1622 4397 1925 4463 quomodo,
1958 4414 2084 4454 cum

2177 2189 2340 2260 ἀώρῳ
2373 2194 2473 2262 τῆς
2535 2193 2753 2264 ἡλικίας
2785 2193 3014 2248 τοιαῦτα
3075 2195 3230 2268 δῶρα
3276 2197 3676 2270 προσάγοντες,
3719 2197 3758 2252 ἃ

2177 2283 2296 2353 Θεῷ
2329 2287 2637 2356 προσάγειν
2666 2287 2813 2351 εἰκὸς
2837 2283 2925 2360 ἦν.

2185 2378 2293 2450 Τοῦ
2327 2379 2516 2450 αύτοῦ
2553 2381 2621 2433 ἐκ
2672 2381 2782 2448 τῆς
2808 2382 3128 2450 ἑρμηνείας
3169 2381 3279 2449 τῆς
3321 2385 3408 2450 εις
3438 2385 3507 2438 τό
3527 2401 3543 2416 ο
3580 2403 3599 2437 t
3651 2385 3759 2439 Ἐν

2251 2448 2409 2530 ἀρχῇ
2434 2451 2726 2519 ἐποίησεν
2767 2455 2799 2506 ό
2851 2448 3144 2523 Θεὸςετὸν
3172 2448 3456 2522 οὐρανῦν,
3492 2457 3593 2509 καὶ
3639 2455 3761 2526 τὴν

2333 2537 2454 2572 ν.»
3718 2541 3729 2551 ’

2333 2538 2391 2572 ν.
2435 2539 2454 2572 ι
3718 2541 3729 2551 ’

2251 2538 2374 2666 is"
2403 2613 2513 2683 γὰρ
2545 2613 2845 2683 Μανιχαῒος
2873 2615 3172 2688 ὑπεισέλθῃ
3231 2616 3408 2685 λέγων
3459 2615 3559 2685 τὴν
3620 2615 3763 2686 ὕλην

2180 2705 2584 2776 προϋπάρχειν,
2621 2708 2728 2760 κάν
2751 2707 3046 2779 Μαρκίων,
3093 2708 3198 2762 κᾶν
3233 2709 3609 2774 Οὑαλεντῖνος,
3648 2710 3763 2763 κᾶν

2192 2796 2466 2868 Ἑλλήνων
2520 2799 2730 2866 παῖδες,
2796 2800 2921 2869 λέγε
2963 2801 3103 2873 πρὸς
3166 2801 3363 2864 αὐτούς
3393 2817 3409 2832 ⁸
3456 2801 3560 2855 Ἐν
3596 2803 3763 2871 ἀρχῇ

2181 2889 2477 2960 ἐποίησεν
2504 2895 2537 2948 δ
2561 2895 2703 2960 Θεὸς
2726 2894 2836 2948 τὸν
2864 2895 3132 2964 οὐρανὸν
3163 2895 3263 2948 καὶ
3296 2893 3412 2961 τὴν
3445 2891 3583 2962 γῆν.
3610 2893 3764 2946 Ἀλλ’

2183 2985 2246 3040 οὐ
2278 2987 2528 3039 πιστεύει
2560 2989 2627 3058 τῇ
2657 2987 2851 3059 Γραφῇ
2875 3003 2890 3019 ο
2915 2985 3310 3058 ἀποστράφηθι
3347 2986 3537 3039 λοιπὸν
3592 2986 3764 3039 αὑτὸν

2184 3073 2260 3138 ώς
2325 3078 2657 3147 μαινόμενον
2721 3079 2815 3133 καὶ
2877 3077 3233 3150 ἐξεστηκότα.
3272 3079 3335 3133 '0
3373 3079 3485 3148 γάρ
3544 3078 3622 3147 τῷ
3667 3078 3766 3148 δη-

2107 3140 2151 3203 C
2189 3140 2438 3241 μιουργῷ
2487 3140 2596 3225 τῶν
2628 3170 2766 3225 ὅλων
2801 3140 3074 3236 ἀπιστῶν,
3132 3171 3208 3234 ὡς
3261 3140 3611 3242 καὶυψεῦδος
3661 3140 3770 3240 cii;

2184 3261 2448 3333 ἀληθείας
2481 3265 2934 3334 καταγινώσκων,
2969 3263 3130 3327 ποίας
3156 3263 3223 3318 ἀν
3243 3263 3384 3335 τύχῃ
3424 3261 3766 3334 συγγνώμης

2186 3354 2317 3406 ποτέ
2341 3369 2357 3422 ;
2386 3354 2446 3406 Ei
2467 3354 2523 3408 δὲ
2554 3355 2956 3424 έπιμένοιεν,οί
2983 3355 3083 3426 τῆς
3111 3355 3374 3425 ἀληθείας
3430 3354 3617 3426 ἐχθροὶ
3667 3355 3764 3409 λέ·-

2185 3463 2379 3514 γοντες
2403 3447 2668 3501 ἀδύνατον
2705 3443 2848 3502 εἶναι
2873 3449 2931 3516 ἐξ
2973 3449 3074 3502 οὐκ
3105 3448 3280 3503 ὄντων
3313 3466 3366 3502 τι
3398 3448 3753 3520 προαχθῆναι,

2187 3539 2446 3612 ἐρώμεθα
2481 3541 2699 3608 αὐτοὺς,
2731 3544 2791 3597 '0
2816 3544 3035 3614 πρῶτος
3057 3543 3344 3614 ἄνθρωπος
3371 3544 3437 3597 ὲκ
3465 3544 3571 3613 γῆς
3597 3541 3756 3594 ἐπλά·
3815 3535 3826 3546 ”

2189 3634 2314 3706 σθη,
2341 3634 2374 3706 ἥ
2409 3636 2680 3707 έτέρωθέν
2711 3638 2876 3691 ποθεν
2901 3655 2914 3704 ;
2947 3637 3174 3700 Πάντως
3195 3636 3415 3707 ἐροῦσιν
3436 3638 3519 3690 ὅτι
3544 3637 3608 3689 ἐκ
3633 3636 3764 3704 γῆς,

2188 3727 2284 3780 καὶ
2319 3729 2873 3801 συνομολογήσουσιν.
2914 3728 3246 3783 Είπάτωσαν
3271 3724 3367 3784 οὖν
3392 3731 3527 3799 ἡμῖν
3553 3727 3674 3791 πῶς
3701 3729 3772 3780 ἐκ

2188 3823 2294 3892 γῆς
2325 3823 2548 3891 ἐγένετο
2580 3821 2774 3892 φύσιςὶ
2809 3821 2946 3875 Ἀπὸ
2969 3822 3078 3891 γῆς
3098 3820 3209 3892 γὰρ
3243 3821 3434 3890 πηλὸς,
3487 3822 3585 3875 καὶ
3612 3821 3770 3874 πλίν-

2189 3915 2304 3981 θος,
2339 3916 2436 3969 καὶ⁵
2478 3915 2746 3989 κέραμος,
2808 3915 2901 3969 καὶ
2944 3915 3216 3986 ὄστρακον
3270 3914 3338 3969 ἂν
3368 3916 3601 3984 γένοιτο.
3635 3915 3773 3979 Πῶς

2188 4005 2283 4060 οὖν
2319 4007 2520 4078 σαρκὸς
2570 4007 2733 4075 φύσις
2783 4007 3004 4077 ἐγένετο
3033 4025 3048 4075 ;
3104 4008 3222 4072 πῶς
3257 4009 3414 4076 ὀστᾶ,
3444 4007 3538 4062 καὶ
3569 4007 3774 4077 νεῦρα,

2190 4100 2285 4152 καὶ
2319 4099 2602 4170 ἀρτηρίαι,
2645 4099 2740 4154 καὶ
2769 4100 2999 4171 πιμελὴ,
3037 4101 3129 4154 καὶ
3163 4101 3360 4173 δέρμα,
3419 4101 3514 4155 καὶ
3548 4100 3772 4171 ὄνυχες,

2191 4192 2288 4246 καὶ
2313 4193 2521 4263 τρίχες,
2548 4193 2643 4244 καὶ
2665 4193 2728 4245 ὲκ
2762 4193 2890 4262 μιᾶς
2914 4192 3294 4265 ὑποκειμένης
3327 4192 3462 4264 ὕλης
3491 4193 3775 4262 διαφόρων

2190 4287 2394 4341 οὐσιῶν
2428 4286 2748 4356 ποιότητεςς
2781 4287 2922 4342 Ἀλλ’
2960 4286 3071 4340 οὐδ’
3097 4287 3164 4341 ἂν
3191 4285 3476 4357 δυνηθεῖεν
3503 4288 3560 4340 τὸ
3588 4286 3776 4358 στόμα.

2190 4379 2389 4451 διᾶραι
2411 4381 2548 4452 πρὸς
2571 4378 2744 4434 ταῦτά
2789 4396 2944 4433 ποτε.
2993 4379 3059 4431 Τί
3089 4378 3147 4430 δὲ
3179 4377 3328 4446 λέγω
3366 4378 3496 4449 περὶ
3528 4377 3622 4431 τοῦ
3657 4375 3777 4430 σώ-

504 4477 668 4534 unius
693 4479 911 4551 generis
933 4481 1022 4545 sit,
1048 4482 1102 4535 in
1129 4483 1476 4554 sanguinem,
1511 4486 1786 4556 pituitam,
1814 4499 1871 4546 et
1896 4491 2082 4557 bilem,

2195 4490 2366 4544 ματος
2389 4473 2484 4526 τοῦ
2516 4475 2828 4545 ﬁnem-€900;
2856 4471 2990 4544 περὶ
3011 4472 3106 4525 τοῦ
3137 4472 3305 4543 ἄρτου
3353 4463 3417 4523 οὗ
3461 4468 3585 4524 καθ’
3636 4470 3779 4523 ἔκαε-

504 4579 562 4626 et
597 4571 780 4628 varios
811 4574 1075 4630 humores
1106 4585 1501 4642 commutetur,
1534 4589 1592 4634 et
1637 4595 1736 4634 cur
1768 4596 1894 4637 cum
1925 4583 2086 4652 panis

506 4662 769 4718 frumenti
799 4663 1044 4720 colorem
1071 4665 1330 4731 relineat,
1385 4669 1608 4740 sanguis
1633 4669 1750 4740 ipse
1785 4671 1860 4726 sit
1903 4671 2087 4737 rufus,

507 4761 606 4808 aut
633 4756 812 4827 niger.
849 4757 1009 4822 Quod
1039 4758 1088 4811 si
1121 4760 1258 4824 haec,
1293 4775 1413 4828 quae
1441 4761 1688 4830 quotidie
1735 4772 1865 4818 ante
1901 4765 2090 4818 oculos

510 4847 799 4914 habemus,
823 4849 981 4904 nobis
1006 4866 1285 4920 nunquam
1316 4861 1575 4921 poterunt
1599 4853 1896 4924 explicare,
1923 4854 2092 4910 multo

511 4941 695 4995 minus
726 4941 932 5013 reliqua
974 4942 1070 4996 Dei
1118 4958 1283 5012 opera
1317 4944 1695 4999 declarabunt.
1767 4948 1836 5000 At
1869 4947 1913 5003 si
1968 4957 2092 5017 post

515 5044 722 5091 tantam
781 5048 1232 5108 argumentorum
1302 5039 1518 5108 copiam
1572 5040 1849 5094 obstinate
1906 5041 2094 5096 volent

514 5143 845 5199 repugnare,
894 5139 949 5183 et
994 5131 1131 5184 tueri
1166 5130 1495 5185 sententiam
1539 5146 1716 5198 suam,
1767 5148 1868 5188 nos
1912 5143 2092 5192 tamen

509 5237 620 5278 non
648 5222 976 5278 desistemns
1007 5223 1118 5278 haec
1147 5225 1336 5280 eadem
1367 5225 1499 5295 ipsis
1533 5235 1810 5295 repetere:
1840 5224 1907 5294 In
1948 5227 2097 5297 prin-

508 5317 644 5384 cipio
685 5317 805 5387 fecit
845 5315 986 5371 Deus
1033 5317 1217 5372 mlum
1242 5328 1290 5373 et
1333 5327 1531 5373 terram
1564 5321 1602 5374 '.
1631 5319 1742 5374 Hoc
1773 5321 1921 5374 enim
1972 5336 2092 5375 ver-

508 5411 639 5463 bntn
666 5408 888 5463 unicum
926 5417 1102 5478 potest
1134 5427 1324 5468 omnes
1352 5427 1538 5466 eorum
1573 5423 1772 5475 turres.
1804 5421 1861 5466 et
1885 5427 2090 5482 propu-

509 5505 738 5572 gnacula
795 5513 1068 5567 evertere,
1116 5504 1408 5574 omniaque
1469 5506 1708 5560 humana
1765 5515 2088 5578 argumenta

512 5597 736 5662 penitus
768 5597 1036 5664 refellere,
1077 5605 1132 5652 et
1167 5597 1476 5662 confutare,
1536 5606 1592 5652 et
1626 5611 1741 5664 eos,
1791 5597 1835 5652 si
1865 5597 2085 5653 tandem

590 5770 606 5800 ⁸
633 5771 764 5826 σοι).
805 5786 839 5834 ι,
875 5775 923 5827 Ι.

2192 4584 2326 4638 στην
2353 4567 2568 4639 ἡμέραν
2597 4565 2898 4636 σιτούμεθα
2931 4565 3252 4619 εἰπάτωσαν
3279 4564 3434 4634 ἡμῖν,
3465 4562 3584 4626 πῶς
3613 4578 3780 4631 μονο-

2190 4661 2339 4732 ειδὴς
2372 4660 2448 4715 ὢν
2488 4659 2890 4730 μετασάλλεται
2921 4659 3002 4719 εις
3034 4653 3200 4727 αἷμα,
3260 4657 3355 4710 καὶ
3382 4655 3628 4724 φλέγμα,
3675 4655 3781 4714 καὶ

2189 4752 2372 4824 χολὴν,
2401 4751 2494 4814 καὶ
2520 4751 2816 4822 διαφόρους
2839 4749 3056 4821 χυμούς
3084 4769 3099 4816 ;
3134 4750 3230 4804 καὶ
3259 4749 3286 4802 ὁ
3319 4749 3420 4818 μὲν
3479 4746 3780 4816 σιτόχρους

2195 4844 2458 4907 πολλάκις
2483 4845 2624 4906 ἐστὶ,
2652 4843 2715 4896 τὸ
2742 4842 2798 4894 δὲ
2827 4836 2968 4912 αἷμα
3003 4843 3213 4912 πυρρὸν
3244 4841 3277 4912 ἢ
3320 4840 3516 4910 μέλαν.
3555 4839 3618 4891 Et
3653 4837 3785 4890 τοί-

2192 4951 2289 4989 νυν
2316 4934 2488 4987 ταῦτα
2518 4934 2583 4987 τά
2609 4933 2731 4987 καθ’
2763 4933 3004 5001 ἑκάστην
3036 4931 3252 5002 ἡμέραν
3293 4931 3402 5002 πρὸ
3429 4931 3540 4985 τῶν
3565 4929 3786 5000 ὀφθαλ-

2200 5027 2319 5098 μῶν
2348 5024 2607 5097 ὁρώμενα
2639 5027 2816 5078 εἰπεῖν
2871 5025 3003 5096 ἡμῖν
3061 5023 3163 5076 οὑκ
3189 5023 3255 5077 ἂν
3307 5022 3561 5077 δύναιντό
3614 5038 3783 5092 ποτε,

2195 5119 2362 5190 σχολῇ
2402 5118 2456 5186 γ’
2489 5118 2556 5173 ἂν
2586 5119 2794 5171 εἴποιεν
2837 5117 2966 5188 περὶ
3002 5115 3111 5169 τῶν
3140 5116 3320 5170 ἄλλων
3379 5116 3474 5170 τοῦ
3507 5115 3642 5169 Θεοῦ
3682 5115 3788 5185 δη-

2197 5209 2656 5283 μιουργημάτων.
2701 5207 2843 5263 Ἀλλ’
2908 5209 2958 5261 εἰ
3007 5209 3103 5262 καὶ
3154 5208 3294 5278 μετά
3353 5206 3629 5277 τοσαύτην
3665 5207 3785 5261 τῶν

2194 5303 2530 5370 ἀποδείξεων
2562 5300 2885 5373 περιουσίαν
2908 5301 3218 5371 έπιμένοιεν
3249 5301 3348 5371 τὴν
3378 5300 3590 5353 οἰκείαν
3617 5299 3785 5369 φιλο-

2196 5397 2406 5454 νεικίαν
2458 5397 2750 5468 κρατύνειν
2808 5393 3153 5464 βουλόμενοι,
3208 5394 3373 5463 ἡμεῖς
3417 5395 3553 5464 μηδὲ
3625 5392 3780 5448 οὕτω

2199 5491 2524 5562 παυσόμεθα
2552 5491 2619 5545 τὰ
2654 5490 2796 5544 αὐτά
2847 5487 3013 5542 πάλιν
3062 5487 3319 5558 λέγοντες
3351 5487 3491 5560 πρὸς
3533 5488 3769 5551 αὐτούς·

2209 5590 2312 5643 Ἐν
2340 5583 2499 5656 ἀρχῇ
2533 5585 2826 5654 ἐποίησεν
2855 5587 2888 5638 ό
2913 5581 3056 5650 Θεὸς
3087 5585 3194 5638 τὸν
3219 5581 3484 5652 οὐρανὸν
3526 5580 3623 5636 καί
3660 5578 3782 5651 τὴν

3867 680 3912 693 ιτ
