  <div class='ocr_page' id='page_1' title='image "/cluster/home/n/w/nwhite01/storage/ocr_20150623/130:no.3/coo.31924054870351/170.png"; bbox 0 0 4126 6418; ppageno 0'>
   <div class='ocr_carea' id='block_1_1' title="bbox 385 367 485 434">
    <p class='ocr_par' dir='ltr' id='par_1_1' title="bbox 385 367 485 434">
     <span class='ocr_line' id='line_1_1' title="bbox 385 367 485 434; baseline 0 -1"><span class='ocrx_word' id='word_1_1' title='bbox 385 367 485 434; x_wconf 74' lang='lat'><strong>321</strong></span> 
     </span>
    </p>
   </div>
   <div class='ocr_carea' id='block_1_2' title="bbox 1378 383 2704 457">
    <p class='ocr_par' dir='ltr' id='par_1_2' title="bbox 1378 383 2704 457">
     <span class='ocr_line' id='line_1_2' title="bbox 1378 383 2704 457; baseline 0.011 -15"><span class='ocrx_word' id='word_1_2' title='bbox 1378 383 1752 447; x_wconf 77' lang='lat' dir='ltr'><strong>PANOI’LIA</strong></span> <span class='ocrx_word' id='word_1_3' title='bbox 1800 388 2263 452; x_wconf 71' lang='lat' dir='ltr'><strong>DOGMATICA.</strong></span> <span class='ocrx_word' id='word_1_4' title='bbox 2300 418 2371 429; x_wconf 88' lang='lat'><em>—</em></span> <span class='ocrx_word' id='word_1_5' title='bbox 2405 394 2555 457; x_wconf 80' lang='lat' dir='ltr'><strong>TIT.</strong></span> <span class='ocrx_word' id='word_1_6' title='bbox 2601 397 2704 457; x_wconf 82' lang='lat' dir='ltr'><strong>1X.</strong></span> 
     </span>
    </p>
   </div>
   <div class='ocr_carea' id='block_1_3' title="bbox 3558 408 3675 471">
    <p class='ocr_par' dir='ltr' id='par_1_3' title="bbox 3558 408 3675 471">
     <span class='ocr_line' id='line_1_3' title="bbox 3558 408 3675 471; baseline 0.009 -1"><span class='ocrx_word' id='word_1_7' title='bbox 3558 408 3675 471; x_wconf 65' lang='lat'><strong>322</strong></span> 
     </span>
    </p>
   </div>
   <div class='ocr_carea' id='block_1_4' title="bbox 380 486 1946 581">
    <p class='ocr_par' dir='ltr' id='par_1_4' title="bbox 380 486 1943 565">
     <span class='ocr_line' id='line_1_4' title="bbox 380 486 1943 565; baseline 0.01 -27"><span class='ocrx_word' id='word_1_8' title='bbox 380 487 520 557; x_wconf 75' lang='grc' dir='ltr'>γῆν.</span> <span class='ocrx_word' id='word_1_9' title='bbox 550 486 727 541; x_wconf 76' lang='grc' dir='ltr'>Τοῦτο</span> <span class='ocrx_word' id='word_1_10' title='bbox 757 487 877 560; x_wconf 80' lang='grc' dir='ltr'><strong>γὰρ</strong></span> <span class='ocrx_word' id='word_1_11' title='bbox 916 491 1315 561; x_wconf 71' lang='grc' dir='ltr'>ίκανὺνμὸνον</span> <span class='ocrx_word' id='word_1_12' title='bbox 1354 492 1414 547; x_wconf 76' lang='grc' dir='ltr'>τὸ</span> <span class='ocrx_word' id='word_1_13' title='bbox 1448 497 1601 565; x_wconf 76' lang='grc' dir='ltr'>ῥῆμα</span> <span class='ocrx_word' id='word_1_14' title='bbox 1635 499 1843 562; x_wconf 83' lang='grc' dir='ltr'>πάντας</span> <span class='ocrx_word' id='word_1_15' title='bbox 1866 502 1943 553; x_wconf 87' lang='grc' dir='ltr'><strong>τῶ</strong></span> 
     </span>
    </p>
   </div>
   <div class='ocr_carea' id='block_1_5' title="bbox 2048 486 3666 581">
    <p class='ocr_par' dir='ltr' id='par_1_5' title="bbox 2077 503 3666 581">
     <span class='ocr_line' id='line_1_5' title="bbox 2077 503 3666 581; baseline 0.011 -25"><span class='ocrx_word' id='word_1_16' title='bbox 2077 503 2371 574; x_wconf 80' lang='lat' dir='ltr'><strong>aliquando</strong></span> <span class='ocrx_word' id='word_1_17' title='bbox 2407 507 2675 563; x_wconf 82' lang='lat' dir='ltr'><strong>voluerint</strong></span> <span class='ocrx_word' id='word_1_18' title='bbox 2717 511 3061 581; x_wconf 76' lang='lat' dir='ltr'><strong>resipiscere,</strong></span> <span class='ocrx_word' id='word_1_19' title='bbox 3123 513 3178 568; x_wconf 89' lang='lat' dir='ltr'><strong>in</strong></span> <span class='ocrx_word' id='word_1_20' title='bbox 3237 514 3487 573; x_wconf 77' lang='lat' dir='ltr'><strong>veritatis</strong></span> <span class='ocrx_word' id='word_1_21' title='bbox 3517 518 3666 574; x_wconf 83' lang='lat' dir='ltr'><strong>viam</strong></span> 
     </span>
    </p>
   </div>
   <div class='ocr_carea' id='block_1_6' title="bbox 377 580 1971 655">
    <p class='ocr_par' dir='ltr' id='par_1_6' title="bbox 377 580 1971 655">
     <span class='ocr_line' id='line_1_6' title="bbox 377 580 1971 655; baseline 0.008 -22"><span class='ocrx_word' id='word_1_22' title='bbox 377 580 643 635; x_wconf 71' lang='grc' dir='ltr'>ὶναντίων</span> <span class='ocrx_word' id='word_1_23' title='bbox 709 583 844 644; x_wconf 77' lang='grc' dir='ltr'>τοὺς</span> <span class='ocrx_word' id='word_1_24' title='bbox 885 585 1138 653; x_wconf 78' lang='grc' dir='ltr'><strong>πύργους</strong></span> <span class='ocrx_word' id='word_1_25' title='bbox 1198 584 1563 650; x_wconf 65' lang='grc' dir='ltr'>καταὸαὶείν,</span> <span class='ocrx_word' id='word_1_26' title='bbox 1626 591 1719 642; x_wconf 78' lang='grc' dir='ltr'><strong>καὶ</strong></span> <span class='ocrx_word' id='word_1_27' title='bbox 1759 590 1971 655; x_wconf 82' lang='grc' dir='ltr'>πάντας</span> 
     </span>
    </p>
   </div>
   <div class='ocr_carea' id='block_1_7' title="bbox 2082 596 2379 652">
    <p class='ocr_par' dir='ltr' id='par_1_7' title="bbox 2082 596 2379 652">
     <span class='ocr_line' id='line_1_7' title="bbox 2082 596 2379 652; baseline 0.01 -4"><span class='ocrx_word' id='word_1_28' title='bbox 2082 596 2379 652; x_wconf 73' lang='lat' dir='ltr'><strong>adducere.</strong></span> 
     </span>
    </p>
   </div>
   <div class='ocr_carea' id='block_1_8' title="bbox 378 676 3654 775">
    <p class='ocr_par' dir='ltr' id='par_1_8' title="bbox 378 676 3654 775">
     <span class='ocr_line' id='line_1_8' title="bbox 378 676 3654 775; baseline 0.009 -47"><span class='ocrx_word' id='word_1_29' title='bbox 378 678 512 738; x_wconf 72' lang='grc' dir='ltr'>τοὺς</span> <span class='ocrx_word' id='word_1_30' title='bbox 537 676 925 747; x_wconf 74' lang='grc' dir='ltr'><strong>ἀνθρωπίνους</strong></span> <span class='ocrx_word' id='word_1_31' title='bbox 953 676 1257 746; x_wconf 66' lang='grc' dir='ltr'>λογισμοὺς</span> <span class='ocrx_word' id='word_1_32' title='bbox 1288 677 1347 742; x_wconf 78' lang='grc' dir='ltr'><strong>ἐξ</strong></span> <span class='ocrx_word' id='word_1_33' title='bbox 1379 676 1560 730; x_wconf 83' lang='grc' dir='ltr'>αὐτῶν</span> <span class='ocrx_word' id='word_1_34' title='bbox 1591 683 1701 736; x_wconf 84' lang='grc' dir='ltr'>τῶν</span> <span class='ocrx_word' id='word_1_35' title='bbox 1738 686 1956 756; x_wconf 76' lang='grc' dir='ltr'>βάθρων</span> <span class='ocrx_word' id='word_1_36' title='bbox 1996 688 2329 751; x_wconf 82' lang='grc' dir='ltr'><strong>ἀνασπάσαι,</strong></span> <span class='ocrx_word' id='word_1_37' title='bbox 2389 691 2483 743; x_wconf 77' lang='grc' dir='ltr'><strong>καὶ</strong></span> <span class='ocrx_word' id='word_1_38' title='bbox 2540 694 2587 745; x_wconf 83' lang='grc' dir='ltr'><strong>εί</strong></span> <span class='ocrx_word' id='word_1_39' title='bbox 2645 693 2958 765; x_wconf 73' lang='grc' dir='ltr'><strong>βουληθεῖεν</strong></span> <span class='ocrx_word' id='word_1_40' title='bbox 3002 699 3098 770; x_wconf 61' lang='grc' dir='ltr'><strong>ὀψέ</strong></span> <span class='ocrx_word' id='word_1_41' title='bbox 3135 717 3263 756; x_wconf 87' lang='grc' dir='ltr'>ποτε</span> <span class='ocrx_word' id='word_1_42' title='bbox 3290 703 3391 775; x_wconf 86' lang='grc' dir='ltr'>τῆς</span> <span class='ocrx_word' id='word_1_43' title='bbox 3427 700 3654 774; x_wconf 79' lang='grc' dir='ltr'>φιλονειο</span> 
     </span>
    </p>
   </div>
   <div class='ocr_carea' id='block_1_9' title="bbox 378 772 2868 859">
    <p class='ocr_par' dir='ltr' id='par_1_9' title="bbox 378 772 2868 859">
     <span class='ocr_line' id='line_1_9' title="bbox 378 772 2868 859; baseline 0.007 -34"><span class='ocrx_word' id='word_1_44' title='bbox 378 772 509 836; x_wconf 73' lang='grc' dir='ltr'>χίας</span> <span class='ocrx_word' id='word_1_45' title='bbox 540 774 910 843; x_wconf 77' lang='grc' dir='ltr'>ἀποσχέσθαι,</span> <span class='ocrx_word' id='word_1_46' title='bbox 954 780 1093 848; x_wconf 81' lang='grc' dir='ltr'>πρὸς</span> <span class='ocrx_word' id='word_1_47' title='bbox 1121 784 1221 852; x_wconf 78' lang='grc' dir='ltr'>τὴν</span> <span class='ocrx_word' id='word_1_48' title='bbox 1253 789 1352 858; x_wconf 79' lang='grc' dir='ltr'><strong>τῆς</strong></span> <span class='ocrx_word' id='word_1_49' title='bbox 1383 788 1645 859; x_wconf 77' lang='grc' dir='ltr'><strong>ἀληθείας</strong></span> <span class='ocrx_word' id='word_1_50' title='bbox 1679 785 1798 838; x_wconf 79' lang='grc' dir='ltr'>ὁδὸν</span> <span class='ocrx_word' id='word_1_51' title='bbox 1859 780 2056 846; x_wconf 80' lang='grc' dir='ltr'>αὐτοὺς</span> <span class='ocrx_word' id='word_1_52' title='bbox 2098 788 2520 856; x_wconf 71' lang='grc' dir='ltr'>χειραγωγῆσαι</span> <span class='ocrx_word' id='word_1_53' title='bbox 2558 787 2868 859; x_wconf 79' lang='grc' dir='ltr'>δυνήσεται.</span> 
     </span>
    </p>
   </div>
   <div class='ocr_carea' id='block_1_10' title="bbox 735 865 1625 943">
    <p class='ocr_par' dir='ltr' id='par_1_10' title="bbox 735 865 1625 943">
     <span class='ocr_line' id='line_1_10' title="bbox 735 865 1625 943; baseline 0.015 -25"><span class='ocrx_word' id='word_1_54' title='bbox 735 865 841 919; x_wconf 73' lang='grc' dir='ltr'>Ἕκ</span> <span class='ocrx_word' id='word_1_55' title='bbox 873 870 986 937; x_wconf 73' lang='grc' dir='ltr'>τῆς</span> <span class='ocrx_word' id='word_1_56' title='bbox 1015 873 1209 941; x_wconf 80' lang='grc' dir='ltr'>αὐτῆς</span> <span class='ocrx_word' id='word_1_57' title='bbox 1238 874 1625 943; x_wconf 79' lang='grc' dir='ltr'>ἀκολουθίας.</span> 
     </span>
    </p>
   </div>
   <div class='ocr_carea' id='block_1_11' title="bbox 467 956 1973 1039">
    <p class='ocr_par' dir='ltr' id='par_1_11' title="bbox 467 956 1973 1039">
     <span class='ocr_line' id='line_1_11' title="bbox 467 956 1973 1039; baseline 0.009 -31"><span class='ocrx_word' id='word_1_58' title='bbox 467 956 613 1008; x_wconf 78' lang='grc' dir='ltr'>Ἀλλ’</span> <span class='ocrx_word' id='word_1_59' title='bbox 664 957 714 1010; x_wconf 78' lang='grc' dir='ltr'>οἱ</span> <span class='ocrx_word' id='word_1_60' title='bbox 741 961 808 1027; x_wconf 83' lang='grc' dir='ltr'>τῇ</span> <span class='ocrx_word' id='word_1_61' title='bbox 860 960 1037 1034; x_wconf 78' lang='grc' dir='ltr'>πλάνη</span> <span class='ocrx_word' id='word_1_62' title='bbox 1089 968 1631 1039; x_wconf 68' lang='grc' dir='ltr'><strong>προκατειλημμένοι</strong></span> <span class='ocrx_word' id='word_1_63' title='bbox 1690 970 1751 1021; x_wconf 78' lang='grc' dir='ltr'><strong>οὐ</strong></span> <span class='ocrx_word' id='word_1_64' title='bbox 1801 985 1973 1038; x_wconf 87' lang='grc' dir='ltr'>προσ-</span> 
     </span>
    </p>
   </div>
   <div class='ocr_carea' id='block_1_12' title="bbox 300 1050 1971 1130">
    <p class='ocr_par' dir='ltr' id='par_1_12' title="bbox 300 1050 1971 1130">
     <span class='ocr_line' id='line_1_12' title="bbox 300 1050 1971 1130; baseline 0.007 -29"><span class='ocrx_word' id='word_1_65' title='bbox 300 1068 305 1075; x_wconf 74' lang='grc'><em>’</em></span> <span class='ocrx_word' id='word_1_66' title='bbox 392 1050 601 1118; x_wconf 71' lang='grc' dir='ltr'>ἔχοντες</span> <span class='ocrx_word' id='word_1_67' title='bbox 636 1053 701 1121; x_wconf 76' lang='grc' dir='ltr'>τῇ</span> <span class='ocrx_word' id='word_1_68' title='bbox 734 1053 1031 1126; x_wconf 77' lang='grc' dir='ltr'>ἀκολουθίᾳ</span> <span class='ocrx_word' id='word_1_69' title='bbox 1062 1057 1168 1110; x_wconf 84' lang='grc' dir='ltr'>τῶν</span> <span class='ocrx_word' id='word_1_70' title='bbox 1206 1060 1537 1130; x_wconf 76' lang='grc' dir='ltr'><strong>εἰρημένων,</strong></span> <span class='ocrx_word' id='word_1_71' title='bbox 1574 1061 1695 1114; x_wconf 74' lang='grc' dir='ltr'>οὐδὲ</span> <span class='ocrx_word' id='word_1_72' title='bbox 1743 1062 1971 1115; x_wconf 83' lang='grc' dir='ltr'>ἀκούον-</span> 
     </span>
    </p>
   </div>
   <div class='ocr_carea' id='block_1_13' title="bbox 392 1143 1971 1225">
    <p class='ocr_par' dir='ltr' id='par_1_13' title="bbox 392 1143 1971 1225">
     <span class='ocr_line' id='line_1_13' title="bbox 392 1143 1971 1225; baseline 0.013 -32"><span class='ocrx_word' id='word_1_73' title='bbox 392 1159 480 1203; x_wconf 85' lang='grc' dir='ltr'><strong>τες</strong></span> <span class='ocrx_word' id='word_1_74' title='bbox 527 1143 623 1197; x_wconf 79' lang='grc' dir='ltr'>τοῦ</span> <span class='ocrx_word' id='word_1_75' title='bbox 673 1147 952 1217; x_wconf 77' lang='grc' dir='ltr'>μακαρίου</span> <span class='ocrx_word' id='word_1_76' title='bbox 982 1153 1264 1217; x_wconf 82' lang='grc' dir='ltr'>Μωῦσέως</span> <span class='ocrx_word' id='word_1_77' title='bbox 1324 1155 1577 1223; x_wconf 83' lang='grc' dir='ltr'>λέγοντος</span> <span class='ocrx_word' id='word_1_78' title='bbox 1612 1172 1625 1185; x_wconf 80' lang='grc'><strong><em>⁸</em></strong></span> <span class='ocrx_word' id='word_1_79' title='bbox 1675 1156 1775 1209; x_wconf 81' lang='grc' dir='ltr'><strong>Ἑν</strong></span> <span class='ocrx_word' id='word_1_80' title='bbox 1810 1151 1971 1225; x_wconf 78' lang='grc' dir='ltr'><strong>ἀρχῇ</strong></span> 
     </span>
    </p>
   </div>
   <div class='ocr_carea' id='block_1_14' title="bbox 383 1236 1964 1317">
    <p class='ocr_par' dir='ltr' id='par_1_14' title="bbox 383 1236 1964 1317">
     <span class='ocr_line' id='line_1_14' title="bbox 383 1236 1964 1317; baseline 0.009 -31"><span class='ocrx_word' id='word_1_81' title='bbox 383 1236 638 1303; x_wconf 70' lang='grc' dir='ltr'>ἐποίησε</span> <span class='ocrx_word' id='word_1_82' title='bbox 672 1240 784 1292; x_wconf 77' lang='grc' dir='ltr'>τὸν</span> <span class='ocrx_word' id='word_1_83' title='bbox 814 1242 1081 1308; x_wconf 77' lang='grc' dir='ltr'>οὐρανὸν</span> <span class='ocrx_word' id='word_1_84' title='bbox 1115 1246 1211 1299; x_wconf 72' lang='grc' dir='ltr'>καί</span> <span class='ocrx_word' id='word_1_85' title='bbox 1244 1246 1361 1314; x_wconf 80' lang='grc' dir='ltr'>τὴν</span> <span class='ocrx_word' id='word_1_86' title='bbox 1388 1247 1524 1317; x_wconf 75' lang='grc' dir='ltr'>γῆν,</span> <span class='ocrx_word' id='word_1_87' title='bbox 1570 1250 1661 1300; x_wconf 74' lang='grc' dir='ltr'><strong>καὶ</strong></span> <span class='ocrx_word' id='word_1_88' title='bbox 1712 1246 1833 1300; x_wconf 79' lang='grc' dir='ltr'>τότε</span> <span class='ocrx_word' id='word_1_89' title='bbox 1866 1250 1964 1301; x_wconf 81' lang='grc' dir='ltr'>ἐπ-</span> 
     </span>
    </p>
   </div>
   <div class='ocr_carea' id='block_1_15' title="bbox 372 1330 1967 1406">
    <p class='ocr_par' dir='ltr' id='par_1_15' title="bbox 372 1330 1967 1406">
     <span class='ocr_line' id='line_1_15' title="bbox 372 1330 1967 1406; baseline -0.002 -10"><span class='ocrx_word' id='word_1_90' title='bbox 372 1330 631 1396; x_wconf 76' lang='grc' dir='ltr'>ἀγοντος.</span> <span class='ocrx_word' id='word_1_91' title='bbox 679 1331 743 1386; x_wconf 80' lang='grc' dir='ltr'><strong><em>Ἠ</em></strong></span> <span class='ocrx_word' id='word_1_92' title='bbox 774 1331 843 1385; x_wconf 82' lang='grc' dir='ltr'><em>δὲ</em></span> <span class='ocrx_word' id='word_1_93' title='bbox 869 1330 946 1405; x_wconf 76' lang='grc' dir='ltr'><strong>γῆ</strong></span> <span class='ocrx_word' id='word_1_94' title='bbox 978 1331 1057 1406; x_wconf 80' lang='grc' dir='ltr'>ἦν</span> <span class='ocrx_word' id='word_1_95' title='bbox 1087 1337 1345 1405; x_wconf 74' lang='grc' dir='ltr'>ἀόρατος</span> <span class='ocrx_word' id='word_1_96' title='bbox 1409 1342 1505 1394; x_wconf 80' lang='grc' dir='ltr'><strong>καὶ</strong></span> <span class='ocrx_word' id='word_1_97' title='bbox 1552 1340 1967 1395; x_wconf 81' lang='grc' dir='ltr'>ἀκατασκεύα-</span> 
     </span>
    </p>
   </div>
   <div class='ocr_carea' id='block_1_16' title="bbox 370 1421 1967 1498">
    <p class='ocr_par' dir='ltr' id='par_1_16' title="bbox 370 1421 1967 1498">
     <span class='ocr_line' id='line_1_16' title="bbox 370 1421 1967 1498; baseline 0.009 -26"><span class='ocrx_word' id='word_1_98' title='bbox 370 1437 530 1486; x_wconf 81' lang='grc' dir='ltr'>στος</span> <span class='ocrx_word' id='word_1_99' title='bbox 564 1421 666 1475; x_wconf 79' lang='grc' dir='ltr'><strong>διὰ</strong></span> <span class='ocrx_word' id='word_1_100' title='bbox 696 1424 765 1476; x_wconf 86' lang='grc' dir='ltr'>τὸ</span> <span class='ocrx_word' id='word_1_101' title='bbox 795 1423 873 1490; x_wconf 86' lang='grc' dir='ltr'>τῷ</span> <span class='ocrx_word' id='word_1_102' title='bbox 910 1431 1112 1495; x_wconf 81' lang='grc' dir='ltr'><em>σκότῳ</em></span> <span class='ocrx_word' id='word_1_103' title='bbox 1169 1429 1267 1483; x_wconf 79' lang='grc' dir='ltr'>καὶ</span> <span class='ocrx_word' id='word_1_104' title='bbox 1300 1430 1425 1498; x_wconf 71' lang='grc' dir='ltr'>τοῖς</span> <span class='ocrx_word' id='word_1_105' title='bbox 1478 1431 1657 1486; x_wconf 77' lang='grc' dir='ltr'>ὕδασι</span> <span class='ocrx_word' id='word_1_106' title='bbox 1709 1432 1967 1487; x_wconf 74' lang='grc' dir='ltr'>κεκαλύ-</span> 
     </span>
    </p>
   </div>
   <div class='ocr_carea' id='block_1_17' title="bbox 368 1515 1964 1597">
    <p class='ocr_par' dir='ltr' id='par_1_17' title="bbox 368 1515 1964 1597">
     <span class='ocr_line' id='line_1_17' title="bbox 368 1515 1964 1597; baseline 0.009 -33"><span class='ocrx_word' id='word_1_107' title='bbox 368 1518 525 1581; x_wconf 68' lang='grc' dir='ltr'>εσθαι</span> <span class='ocrx_word' id='word_1_108' title='bbox 556 1531 571 1545; x_wconf 73' lang='grc' dir='ltr'><strong><em>ο</em></strong></span> <span class='ocrx_word' id='word_1_109' title='bbox 609 1515 756 1570; x_wconf 71' lang='grc' dir='ltr'>οὕτω</span> <span class='ocrx_word' id='word_1_110' title='bbox 778 1520 887 1589; x_wconf 76' lang='grc' dir='ltr'><strong>γὰρ</strong></span> <span class='ocrx_word' id='word_1_111' title='bbox 924 1519 1068 1585; x_wconf 82' lang='grc' dir='ltr'>ἔδοξε</span> <span class='ocrx_word' id='word_1_112' title='bbox 1100 1522 1177 1591; x_wconf 81' lang='grc' dir='ltr'>τῷ</span> <span class='ocrx_word' id='word_1_113' title='bbox 1205 1524 1451 1596; x_wconf 84' lang='grc' dir='ltr'>Δεσπότῃ</span> <span class='ocrx_word' id='word_1_114' title='bbox 1488 1525 1544 1592; x_wconf 79' lang='grc' dir='ltr'>ἐξ</span> <span class='ocrx_word' id='word_1_115' title='bbox 1579 1526 1753 1596; x_wconf 80' lang='grc' dir='ltr'>ἀρχῆς</span> <span class='ocrx_word' id='word_1_116' title='bbox 1785 1543 1964 1597; x_wconf 84' lang='grc' dir='ltr'>παρα-</span> 
     </span>
    </p>
   </div>
   <div class='ocr_carea' id='block_1_18' title="bbox 370 1613 1964 1688">
    <p class='ocr_par' dir='ltr' id='par_1_18' title="bbox 370 1613 1964 1688">
     <span class='ocr_line' id='line_1_18' title="bbox 370 1613 1964 1688; baseline 0.008 -30"><span class='ocrx_word' id='word_1_117' title='bbox 370 1613 579 1676; x_wconf 75' lang='grc' dir='ltr'>γαγεῖν</span> <span class='ocrx_word' id='word_1_118' title='bbox 626 1626 641 1642; x_wconf 76' lang='grc' dir='ltr'><strong>ο</strong></span> <span class='ocrx_word' id='word_1_119' title='bbox 674 1618 864 1681; x_wconf 81' lang='grc' dir='ltr'>φασὶν,</span> <span class='ocrx_word' id='word_1_120' title='bbox 898 1614 981 1667; x_wconf 80' lang='grc' dir='ltr'>ὅτι</span> <span class='ocrx_word' id='word_1_121' title='bbox 1013 1618 1381 1687; x_wconf 63' lang='grc' dir='ltr'>τπροῦπέκειτο</span> <span class='ocrx_word' id='word_1_122' title='bbox 1409 1620 1440 1688; x_wconf 74' lang='grc' dir='ltr'>ἡ</span> <span class='ocrx_word' id='word_1_123' title='bbox 1468 1616 1592 1687; x_wconf 77' lang='grc' dir='ltr'>ὕλη,</span> <span class='ocrx_word' id='word_1_124' title='bbox 1630 1619 1724 1673; x_wconf 76' lang='grc' dir='ltr'><strong>καὶ</strong></span> <span class='ocrx_word' id='word_1_125' title='bbox 1755 1619 1813 1672; x_wconf 74' lang='grc' dir='ltr'><strong>τὸ</strong></span> <span class='ocrx_word' id='word_1_126' title='bbox 1840 1621 1964 1673; x_wconf 81' lang='grc' dir='ltr'>σκό.</span> 
     </span>
    </p>
   </div>
   <div class='ocr_carea' id='block_1_19' title="bbox 362 1704 1960 1783">
    <p class='ocr_par' dir='ltr' id='par_1_19' title="bbox 362 1704 1960 1783">
     <span class='ocr_line' id='line_1_19' title="bbox 362 1704 1960 1783; baseline 0.009 -31"><span class='ocrx_word' id='word_1_127' title='bbox 362 1719 462 1763; x_wconf 76' lang='grc' dir='ltr'><strong>τος</strong></span> <span class='ocrx_word' id='word_1_128' title='bbox 489 1704 837 1777; x_wconf 78' lang='grc' dir='ltr'>προῦπῆρχε.</span> <span class='ocrx_word' id='word_1_129' title='bbox 860 1707 931 1759; x_wconf 84' lang='grc' dir='ltr'>Τί</span> <span class='ocrx_word' id='word_1_130' title='bbox 968 1708 1174 1778; x_wconf 79' lang='grc' dir='ltr'>ταύτης</span> <span class='ocrx_word' id='word_1_131' title='bbox 1205 1711 1306 1779; x_wconf 83' lang='grc' dir='ltr'><strong>τῆς</strong></span> <span class='ocrx_word' id='word_1_132' title='bbox 1338 1712 1524 1775; x_wconf 82' lang='grc' dir='ltr'>ἀνοίας</span> <span class='ocrx_word' id='word_1_133' title='bbox 1551 1715 1733 1783; x_wconf 83' lang='grc' dir='ltr'>χεῖρον</span> <span class='ocrx_word' id='word_1_134' title='bbox 1765 1712 1960 1782; x_wconf 74' lang='grc' dir='ltr'>γένοιτ’</span> 
     </span>
    </p>
   </div>
   <div class='ocr_carea' id='block_1_20' title="bbox 360 1792 1956 1870">
    <p class='ocr_par' dir='ltr' id='par_1_20' title="bbox 360 1792 1956 1870">
     <span class='ocr_line' id='line_1_20' title="bbox 360 1792 1956 1870; baseline 0.008 -26"><span class='ocrx_word' id='word_1_135' title='bbox 360 1792 474 1855; x_wconf 65' lang='lat' dir='ltr'><strong>do;</strong></span> <span class='ocrx_word' id='word_1_136' title='bbox 526 1793 777 1859; x_wconf 83' lang='grc' dir='ltr'>Ἀκούεις</span> <span class='ocrx_word' id='word_1_137' title='bbox 808 1798 887 1849; x_wconf 74' lang='grc' dir='ltr'>ὅτι</span> <span class='ocrx_word' id='word_1_138' title='bbox 923 1799 982 1849; x_wconf 77' lang='grc' dir='ltr'><strong>ὲν</strong></span> <span class='ocrx_word' id='word_1_139' title='bbox 1012 1800 1152 1870; x_wconf 81' lang='grc' dir='ltr'><strong>ἀρχῇ</strong></span> <span class='ocrx_word' id='word_1_140' title='bbox 1193 1798 1452 1870; x_wconf 79' lang='grc' dir='ltr'>ἐποίησεν</span> <span class='ocrx_word' id='word_1_141' title='bbox 1484 1803 1512 1853; x_wconf 85' lang='grc' dir='ltr'>ὀ</span> <span class='ocrx_word' id='word_1_142' title='bbox 1546 1800 1677 1866; x_wconf 74' lang='grc' dir='ltr'>Θεὸς</span> <span class='ocrx_word' id='word_1_143' title='bbox 1719 1802 1810 1856; x_wconf 84' lang='grc' dir='ltr'><strong>τὸν</strong></span> <span class='ocrx_word' id='word_1_144' title='bbox 1861 1804 1956 1856; x_wconf 62' lang='grc' dir='ltr'>οὐ-</span> 
     </span>
    </p>
   </div>
   <div class='ocr_carea' id='block_1_21' title="bbox 361 1887 1956 1963">
    <p class='ocr_par' dir='ltr' id='par_1_21' title="bbox 361 1887 1956 1963">
     <span class='ocr_line' id='line_1_21' title="bbox 361 1887 1956 1963; baseline 0.007 -26"><span class='ocrx_word' id='word_1_145' title='bbox 361 1887 541 1955; x_wconf 72' lang='grc' dir='ltr'>ρανὸν</span> <span class='ocrx_word' id='word_1_146' title='bbox 573 1887 669 1939; x_wconf 64' lang='grc' dir='ltr'><strong>καὶ</strong></span> <span class='ocrx_word' id='word_1_147' title='bbox 703 1888 801 1958; x_wconf 74' lang='grc' dir='ltr'><strong>τὴν</strong></span> <span class='ocrx_word' id='word_1_148' title='bbox 826 1893 950 1960; x_wconf 82' lang='grc' dir='ltr'>γῆν,</span> <span class='ocrx_word' id='word_1_149' title='bbox 1023 1891 1118 1944; x_wconf 74' lang='grc' dir='ltr'>καὶ</span> <span class='ocrx_word' id='word_1_150' title='bbox 1154 1894 1239 1947; x_wconf 84' lang='grc' dir='ltr'><strong>ὅτι</strong></span> <span class='ocrx_word' id='word_1_151' title='bbox 1273 1892 1331 1958; x_wconf 78' lang='grc' dir='ltr'>ἐξ</span> <span class='ocrx_word' id='word_1_152' title='bbox 1372 1894 1473 1946; x_wconf 78' lang='grc' dir='ltr'><strong>οὐκ</strong></span> <span class='ocrx_word' id='word_1_153' title='bbox 1509 1892 1681 1948; x_wconf 80' lang='grc' dir='ltr'>ὄντων</span> <span class='ocrx_word' id='word_1_154' title='bbox 1738 1894 1956 1963; x_wconf 77' lang='grc' dir='ltr'>ἐγένετο</span> 
     </span>
    </p>
   </div>
   <div class='ocr_carea' id='block_1_22' title="bbox 362 1980 1955 2060">
    <p class='ocr_par' dir='ltr' id='par_1_22' title="bbox 362 1980 1955 2060">
     <span class='ocr_line' id='line_1_22' title="bbox 362 1980 1955 2060; baseline 0.007 -29"><span class='ocrx_word' id='word_1_155' title='bbox 362 1981 430 2032; x_wconf 73' lang='grc' dir='ltr'>τὰ</span> <span class='ocrx_word' id='word_1_156' title='bbox 455 1980 618 2045; x_wconf 74' lang='grc' dir='ltr'>ὄντα,</span> <span class='ocrx_word' id='word_1_157' title='bbox 655 1983 748 2034; x_wconf 60' lang='grc' dir='ltr'><strong>καί⁵</strong></span> <span class='ocrx_word' id='word_1_158' title='bbox 779 1982 958 2050; x_wconf 80' lang='grc' dir='ltr'>λέγεις</span> <span class='ocrx_word' id='word_1_159' title='bbox 990 1984 1073 2039; x_wconf 83' lang='grc' dir='ltr'>ὅτι</span> <span class='ocrx_word' id='word_1_160' title='bbox 1105 1987 1466 2058; x_wconf 73' lang='grc' dir='ltr'>προϋπῆρχεν</span> <span class='ocrx_word' id='word_1_161' title='bbox 1494 1988 1526 2059; x_wconf 83' lang='grc' dir='ltr'>ἡ</span> <span class='ocrx_word' id='word_1_162' title='bbox 1554 1988 1691 2060; x_wconf 55' lang='lat' dir='ltr'><strong>Bia};</strong></span> <span class='ocrx_word' id='word_1_163' title='bbox 1731 1989 1841 2043; x_wconf 75' lang='grc' dir='ltr'>Καὶ</span> <span class='ocrx_word' id='word_1_164' title='bbox 1870 1988 1955 2055; x_wconf 85' lang='grc' dir='ltr'><strong>τίς</strong></span> 
     </span>
    </p>
   </div>
   <div class='ocr_carea' id='block_1_23' title="bbox 361 2072 1952 2155">
    <p class='ocr_par' dir='ltr' id='par_1_23' title="bbox 361 2072 1952 2155">
     <span class='ocr_line' id='line_1_23' title="bbox 361 2072 1952 2155; baseline 0.007 -30"><span class='ocrx_word' id='word_1_165' title='bbox 361 2072 666 2142; x_wconf 74' lang='grc' dir='ltr'>ἀνάσχοιτο</span> <span class='ocrx_word' id='word_1_166' title='bbox 702 2077 973 2149; x_wconf 76' lang='grc' dir='ltr'>τοσαύτης</span> <span class='ocrx_word' id='word_1_167' title='bbox 1013 2082 1303 2150; x_wconf 77' lang='grc' dir='ltr'>παροινίας</span> <span class='ocrx_word' id='word_1_168' title='bbox 1361 2081 1470 2134; x_wconf 85' lang='grc' dir='ltr'>τῶν</span> <span class='ocrx_word' id='word_1_169' title='bbox 1512 2082 1636 2135; x_wconf 73' lang='grc' dir='ltr'>νοῦν</span> <span class='ocrx_word' id='word_1_170' title='bbox 1682 2084 1952 2155; x_wconf 82' lang='grc' dir='ltr'><strong>ὲχόντων;</strong></span> 
     </span>
    </p>
   </div>
   <div class='ocr_carea' id='block_1_24' title="bbox 360 2166 1953 2247">
    <p class='ocr_par' dir='ltr' id='par_1_24' title="bbox 360 2166 1953 2247">
     <span class='ocr_line' id='line_1_24' title="bbox 360 2166 1953 2247; baseline 0.006 -30"><span class='ocrx_word' id='word_1_171' title='bbox 360 2166 456 2233; x_wconf 71' lang='grc' dir='ltr'><strong>Μὴ</strong></span> <span class='ocrx_word' id='word_1_172' title='bbox 491 2166 607 2237; x_wconf 74' lang='grc' dir='ltr'><strong>γὰρ</strong></span> <span class='ocrx_word' id='word_1_173' title='bbox 644 2167 932 2235; x_wconf 73' lang='grc' dir='ltr'>ἄνθρωπός</span> <span class='ocrx_word' id='word_1_174' title='bbox 968 2172 1118 2224; x_wconf 83' lang='grc' dir='ltr'>ἐστιν</span> <span class='ocrx_word' id='word_1_175' title='bbox 1178 2174 1205 2226; x_wconf 90' lang='grc' dir='ltr'>ὀ</span> <span class='ocrx_word' id='word_1_176' title='bbox 1264 2173 1635 2245; x_wconf 78' lang='grc' dir='ltr'>δημιουργῶν,</span> <span class='ocrx_word' id='word_1_177' title='bbox 1668 2176 1755 2230; x_wconf 82' lang='grc' dir='ltr'>ἵνα</span> <span class='ocrx_word' id='word_1_178' title='bbox 1787 2174 1953 2247; x_wconf 81' lang='grc' dir='ltr'>δεηθῇ</span> 
     </span>
    </p>
   </div>
   <div class='ocr_carea' id='block_1_25' title="bbox 360 2259 1956 2339">
    <p class='ocr_par' dir='ltr' id='par_1_25' title="bbox 360 2259 1956 2339">
     <span class='ocr_line' id='line_1_25' title="bbox 360 2259 1956 2339; baseline 0.009 -32"><span class='ocrx_word' id='word_1_179' title='bbox 360 2272 514 2319; x_wconf 81' lang='grc' dir='ltr'>τινος</span> <span class='ocrx_word' id='word_1_180' title='bbox 579 2259 1213 2330; x_wconf 71' lang='grc' dir='ltr'>προϋποκειμένου,καὶ</span> <span class='ocrx_word' id='word_1_181' title='bbox 1251 2264 1396 2318; x_wconf 79' lang='grc' dir='ltr'>οὕτω</span> <span class='ocrx_word' id='word_1_182' title='bbox 1463 2266 1531 2319; x_wconf 78' lang='grc' dir='ltr'>τὰ</span> <span class='ocrx_word' id='word_1_183' title='bbox 1599 2269 1698 2333; x_wconf 78' lang='grc' dir='ltr'>τῆς</span> <span class='ocrx_word' id='word_1_184' title='bbox 1759 2267 1956 2339; x_wconf 83' lang='grc' dir='ltr'>τέχνης</span> 
     </span>
    </p>
   </div>
   <div class='ocr_carea' id='block_1_26' title="bbox 364 2344 1958 2431">
    <p class='ocr_par' dir='ltr' id='par_1_26' title="bbox 364 2350 1958 2431">
     <span class='ocr_line' id='line_1_26' title="bbox 364 2350 1958 2431; baseline 0.008 -30"><span class='ocrx_word' id='word_1_185' title='bbox 364 2350 717 2422; x_wconf 73' lang='grc' dir='ltr'>ἐπιδείξηται</span> <span class='ocrx_word' id='word_1_186' title='bbox 746 2371 760 2418; x_wconf 88' lang='grc'>;</span> <span class='ocrx_word' id='word_1_187' title='bbox 785 2354 920 2418; x_wconf 78' lang='grc' dir='ltr'>Θεός</span> <span class='ocrx_word' id='word_1_188' title='bbox 971 2360 1142 2421; x_wconf 76' lang='grc' dir='ltr'>ἐστιν,</span> <span class='ocrx_word' id='word_1_189' title='bbox 1178 2352 1222 2427; x_wconf 81' lang='grc' dir='ltr'>ᾧ</span> <span class='ocrx_word' id='word_1_190' title='bbox 1265 2362 1442 2413; x_wconf 75' lang='grc' dir='ltr'>πάντα</span> <span class='ocrx_word' id='word_1_191' title='bbox 1475 2361 1633 2423; x_wconf 83' lang='grc' dir='ltr'>εἴκει,</span> <span class='ocrx_word' id='word_1_192' title='bbox 1674 2358 1819 2431; x_wconf 84' lang='grc' dir='ltr'><strong>λόγῳ</strong></span> <span class='ocrx_word' id='word_1_193' title='bbox 1862 2361 1958 2414; x_wconf 60' lang='grc' dir='ltr'><strong>καὶ¹</strong></span> 
     </span>
    </p>
   </div>
   <div class='ocr_carea' id='block_1_27' title="bbox 2643 904 3099 959">
    <p class='ocr_par' dir='ltr' id='par_1_27' title="bbox 2643 904 3099 959">
     <span class='ocr_line' id='line_1_27' title="bbox 2643 904 3099 959; baseline 0.011 -5"><span class='ocrx_word' id='word_1_194' title='bbox 2643 904 2728 955; x_wconf 74' lang='lat' dir='ltr'><strong>Ea:</strong></span> <span class='ocrx_word' id='word_1_195' title='bbox 2753 908 2929 957; x_wconf 79' lang='lat' dir='ltr'><strong>eodem</strong></span> <span class='ocrx_word' id='word_1_196' title='bbox 2967 906 3099 959; x_wconf 80' lang='lat' dir='ltr'><strong>loco.</strong></span> 
     </span>
    </p>
   </div>
   <div class='ocr_carea' id='block_1_28' title="bbox 2150 987 3656 1067">
    <p class='ocr_par' dir='ltr' id='par_1_28' title="bbox 2150 987 3656 1067">
     <span class='ocr_line' id='line_1_28' title="bbox 2150 987 3656 1067; baseline 0.011 -24"><span class='ocrx_word' id='word_1_197' title='bbox 2150 987 2258 1044; x_wconf 85' lang='lat' dir='ltr'><strong>Sed</strong></span> <span class='ocrx_word' id='word_1_198' title='bbox 2295 990 2389 1059; x_wconf 88' lang='lat' dir='ltr'><strong>qui</strong></span> <span class='ocrx_word' id='word_1_199' title='bbox 2429 1007 2618 1047; x_wconf 87' lang='lat' dir='ltr'><strong>errore</strong></span> <span class='ocrx_word' id='word_1_200' title='bbox 2646 1002 2903 1049; x_wconf 78' lang='lat' dir='ltr'><strong>tenemur</strong></span> <span class='ocrx_word' id='word_1_201' title='bbox 2933 999 3199 1067; x_wconf 81' lang='lat' dir='ltr'><strong>Oppressi,</strong></span> <span class='ocrx_word' id='word_1_202' title='bbox 3239 1014 3349 1055; x_wconf 91' lang='lat' dir='ltr'><strong>non</strong></span> <span class='ocrx_word' id='word_1_203' title='bbox 3408 1002 3656 1059; x_wconf 88' lang='lat' dir='ltr'><strong>animad-</strong></span> 
     </span>
    </p>
   </div>
   <div class='ocr_carea' id='block_1_29' title="bbox 2076 1088 3652 1164">
    <p class='ocr_par' dir='ltr' id='par_1_29' title="bbox 2076 1088 3652 1164">
     <span class='ocr_line' id='line_1_29' title="bbox 2076 1088 3652 1164; baseline 0.011 -31"><span class='ocrx_word' id='word_1_204' title='bbox 2076 1089 2358 1137; x_wconf 83' lang='lat' dir='ltr'><strong>vertentes</strong></span> <span class='ocrx_word' id='word_1_205' title='bbox 2406 1098 2492 1148; x_wconf 85' lang='lat' dir='ltr'><strong>ea,</strong></span> <span class='ocrx_word' id='word_1_206' title='bbox 2548 1100 2668 1155; x_wconf 76' lang='lat' dir='ltr'><strong>qua:</strong></span> <span class='ocrx_word' id='word_1_207' title='bbox 2712 1103 2779 1141; x_wconf 87' lang='lat' dir='ltr'><strong>ex</strong></span> <span class='ocrx_word' id='word_1_208' title='bbox 2824 1088 2908 1143; x_wconf 87' lang='lat' dir='ltr'><strong>bis</strong></span> <span class='ocrx_word' id='word_1_209' title='bbox 2963 1090 3145 1144; x_wconf 78' lang='lat' dir='ltr'><strong>verbis</strong></span> <span class='ocrx_word' id='word_1_210' title='bbox 3201 1088 3652 1164; x_wconf 78' lang='lat' dir='ltr'><strong>consequuntur.</strong></span> 
     </span>
    </p>
   </div>
   <div class='ocr_carea' id='block_1_30' title="bbox 2056 1175 3653 1254">
    <p class='ocr_par' dir='ltr' id='par_1_30' title="bbox 2056 1175 3653 1254">
     <span class='ocr_line' id='line_1_30' title="bbox 2056 1175 3653 1254; baseline 0.011 -31"><span class='ocrx_word' id='word_1_211' title='bbox 2056 1185 2252 1247; x_wconf 37' lang='lat' dir='ltr'><strong>‘neque</strong></span> <span class='ocrx_word' id='word_1_212' title='bbox 2284 1175 2573 1232; x_wconf 75' lang='lat' dir='ltr'><strong>audientes</strong></span> <span class='ocrx_word' id='word_1_213' title='bbox 2624 1178 2828 1234; x_wconf 85' lang='lat' dir='ltr'><strong>Mosem</strong></span> <span class='ocrx_word' id='word_1_214' title='bbox 2887 1181 3214 1237; x_wconf 90' lang='lat' dir='ltr'><strong>dicentem:</strong></span> <span class='ocrx_word' id='word_1_215' title='bbox 3277 1184 3339 1238; x_wconf 85' lang='lat' dir='ltr'><strong>In</strong></span> <span class='ocrx_word' id='word_1_216' title='bbox 3390 1187 3653 1254; x_wconf 87' lang='lat' dir='ltr'><strong>principio</strong></span> 
     </span>
    </p>
   </div>
   <div class='ocr_carea' id='block_1_31' title="bbox 2072 1262 3655 1346">
    <p class='ocr_par' dir='ltr' id='par_1_31' title="bbox 2072 1262 3655 1346">
     <span class='ocr_line' id='line_1_31' title="bbox 2072 1262 3655 1346; baseline 0.01 -30"><span class='ocrx_word' id='word_1_217' title='bbox 2072 1262 2195 1331; x_wconf 82' lang='lat' dir='ltr'><strong>fecit</strong></span> <span class='ocrx_word' id='word_1_218' title='bbox 2220 1264 2355 1319; x_wconf 78' lang='lat' dir='ltr'><strong>Dens</strong></span> <span class='ocrx_word' id='word_1_219' title='bbox 2384 1267 2569 1322; x_wconf 75' lang='lat' dir='ltr'><strong>caelum</strong></span> <span class='ocrx_word' id='word_1_220' title='bbox 2592 1278 2641 1323; x_wconf 86' lang='lat' dir='ltr'><strong>et</strong></span> <span class='ocrx_word' id='word_1_221' title='bbox 2690 1279 2909 1336; x_wconf 84' lang='lat' dir='ltr'><strong>terram,</strong></span> <span class='ocrx_word' id='word_1_222' title='bbox 2956 1273 3466 1346; x_wconf 84' lang='lat' dir='ltr'><strong>subjicientcmque,</strong></span> <span class='ocrx_word' id='word_1_223' title='bbox 3495 1278 3655 1333; x_wconf 84' lang='lat' dir='ltr'><strong><em>Terra</em></strong></span> 
     </span>
    </p>
   </div>
   <div class='ocr_carea' id='block_1_32' title="bbox 2074 1357 3653 1434">
    <p class='ocr_par' dir='ltr' id='par_1_32' title="bbox 2074 1357 3653 1434">
     <span class='ocr_line' id='line_1_32' title="bbox 2074 1357 3653 1434; baseline 0.013 -30"><span class='ocrx_word' id='word_1_224' title='bbox 2074 1361 2251 1406; x_wconf 87' lang='lat' dir='ltr'><strong>autem</strong></span> <span class='ocrx_word' id='word_1_225' title='bbox 2291 1365 2406 1408; x_wconf 90' lang='lat' dir='ltr'><strong>erat</strong></span> <span class='ocrx_word' id='word_1_226' title='bbox 2437 1357 2711 1413; x_wconf 77' lang='lat' dir='ltr'><strong>invisibilis</strong></span> <span class='ocrx_word' id='word_1_227' title='bbox 2739 1371 2788 1414; x_wconf 86' lang='lat' dir='ltr'><strong>et</strong></span> <span class='ocrx_word' id='word_1_228' title='bbox 2836 1362 3086 1417; x_wconf 78' lang='lat' dir='ltr'><strong>inornata</strong></span> <span class='ocrx_word' id='word_1_229' title='bbox 3110 1364 3125 1395; x_wconf 77' lang='grc'><strong>⁸</strong></span> <span class='ocrx_word' id='word_1_230' title='bbox 3158 1380 3173 1430; x_wconf 87' lang='grc'>;</span> <span class='ocrx_word' id='word_1_231' title='bbox 3207 1366 3462 1434; x_wconf 79' lang='lat' dir='ltr'><strong>quoniam</strong></span> <span class='ocrx_word' id='word_1_232' title='bbox 3495 1376 3653 1424; x_wconf 83' lang='lat' dir='ltr'><strong>tene-</strong></span> 
     </span>
    </p>
   </div>
   <div class='ocr_carea' id='block_1_33' title="bbox 2072 1443 3654 1521">
    <p class='ocr_par' dir='ltr' id='par_1_33' title="bbox 2072 1443 3654 1521">
     <span class='ocr_line' id='line_1_33' title="bbox 2072 1443 3654 1521; baseline 0.011 -23"><span class='ocrx_word' id='word_1_233' title='bbox 2072 1443 2203 1511; x_wconf 87' lang='lat' dir='ltr'><strong>bris,</strong></span> <span class='ocrx_word' id='word_1_234' title='bbox 2238 1454 2294 1500; x_wconf 91' lang='lat' dir='ltr'><strong>et</strong></span> <span class='ocrx_word' id='word_1_235' title='bbox 2340 1449 2496 1517; x_wconf 88' lang='lat' dir='ltr'><strong>aquis</strong></span> <span class='ocrx_word' id='word_1_236' title='bbox 2528 1452 2896 1521; x_wconf 77' lang='lat' dir='ltr'><strong>operiebatur,</strong></span> <span class='ocrx_word' id='word_1_237' title='bbox 2961 1456 3205 1512; x_wconf 85' lang='lat' dir='ltr'><strong>nendum</strong></span> <span class='ocrx_word' id='word_1_238' title='bbox 3237 1458 3384 1513; x_wconf 86' lang='lat' dir='ltr'><strong>enim</strong></span> <span class='ocrx_word' id='word_1_239' title='bbox 3407 1460 3654 1517; x_wconf 77' lang='lat' dir='ltr'><strong>voluerat</strong></span> 
     </span>
    </p>
   </div>
   <div class='ocr_carea' id='block_1_34' title="bbox 2068 1537 3651 1614">
    <p class='ocr_par' dir='ltr' id='par_1_34' title="bbox 2068 1537 3651 1614">
     <span class='ocr_line' id='line_1_34' title="bbox 2068 1537 3651 1614; baseline 0.012 -25"><span class='ocrx_word' id='word_1_240' title='bbox 2068 1537 2212 1592; x_wconf 87' lang='lat' dir='ltr'><strong>Deus</strong></span> <span class='ocrx_word' id='word_1_241' title='bbox 2251 1554 2278 1592; x_wconf 89' lang='lat' dir='ltr'><strong>a</strong></span> <span class='ocrx_word' id='word_1_242' title='bbox 2309 1541 2584 1614; x_wconf 90' lang='lat' dir='ltr'><strong>principio</strong></span> <span class='ocrx_word' id='word_1_243' title='bbox 2633 1560 2756 1599; x_wconf 89' lang='lat' dir='ltr'><strong>eam</strong></span> <span class='ocrx_word' id='word_1_244' title='bbox 2824 1548 3101 1604; x_wconf 86' lang='lat' dir='ltr'><strong>educere:</strong></span> <span class='ocrx_word' id='word_1_245' title='bbox 3138 1550 3330 1605; x_wconf 88' lang='lat' dir='ltr'><strong>dicunt</strong></span> <span class='ocrx_word' id='word_1_246' title='bbox 3366 1555 3651 1609; x_wconf 75' lang='lat' dir='ltr'><strong>materiam</strong></span> 
     </span>
    </p>
   </div>
   <div class='ocr_carea' id='block_1_35' title="bbox 2070 1631 3653 1709">
    <p class='ocr_par' dir='ltr' id='par_1_35' title="bbox 2070 1631 3653 1709">
     <span class='ocr_line' id='line_1_35' title="bbox 2070 1631 3653 1709; baseline 0.011 -26"><span class='ocrx_word' id='word_1_247' title='bbox 2070 1640 2196 1685; x_wconf 90' lang='lat' dir='ltr'><strong>ante</strong></span> <span class='ocrx_word' id='word_1_248' title='bbox 2232 1631 2419 1701; x_wconf 79' lang='lat' dir='ltr'><strong>fuisse,</strong></span> <span class='ocrx_word' id='word_1_249' title='bbox 2448 1642 2615 1705; x_wconf 90' lang='lat' dir='ltr'><strong>atque</strong></span> <span class='ocrx_word' id='word_1_250' title='bbox 2647 1636 2778 1693; x_wconf 84' lang='lat' dir='ltr'><strong>item</strong></span> <span class='ocrx_word' id='word_1_251' title='bbox 2812 1643 3086 1696; x_wconf 85' lang='lat' dir='ltr'><strong>tenebras.</strong></span> <span class='ocrx_word' id='word_1_252' title='bbox 3118 1642 3261 1709; x_wconf 86' lang='lat' dir='ltr'><strong>Quid</strong></span> <span class='ocrx_word' id='word_1_253' title='bbox 3289 1643 3390 1698; x_wconf 89' lang='lat' dir='ltr'><strong>hac</strong></span> <span class='ocrx_word' id='word_1_254' title='bbox 3422 1645 3653 1701; x_wconf 70' lang='lat' dir='ltr'><strong>demem</strong></span> 
     </span>
    </p>
   </div>
   <div class='ocr_carea' id='block_1_36' title="bbox 2069 1721 3651 1804">
    <p class='ocr_par' dir='ltr' id='par_1_36' title="bbox 2069 1721 3651 1804">
     <span class='ocr_line' id='line_1_36' title="bbox 2069 1721 3651 1804; baseline 0.011 -31"><span class='ocrx_word' id='word_1_255' title='bbox 2069 1723 2141 1775; x_wconf 88' lang='lat' dir='ltr'><strong>tia</strong></span> <span class='ocrx_word' id='word_1_256' title='bbox 2178 1721 2423 1777; x_wconf 84' lang='lat' dir='ltr'><strong>deterius</strong></span> <span class='ocrx_word' id='word_1_257' title='bbox 2459 1726 2573 1779; x_wconf 83' lang='lat' dir='ltr'><strong>lieri</strong></span> <span class='ocrx_word' id='word_1_258' title='bbox 2603 1730 2830 1796; x_wconf 86' lang='lat' dir='ltr'><strong>potest?</strong></span> <span class='ocrx_word' id='word_1_259' title='bbox 2862 1730 3034 1786; x_wconf 84' lang='lat' dir='ltr'><strong>Audis</strong></span> <span class='ocrx_word' id='word_1_260' title='bbox 3078 1731 3245 1786; x_wconf 88' lang='lat' dir='ltr'><strong>Deum</strong></span> <span class='ocrx_word' id='word_1_261' title='bbox 3289 1734 3342 1787; x_wconf 90' lang='lat' dir='ltr'><strong>in</strong></span> <span class='ocrx_word' id='word_1_262' title='bbox 3376 1734 3651 1804; x_wconf 89' lang='lat' dir='ltr'><strong>principio</strong></span> 
     </span>
    </p>
   </div>
   <div class='ocr_carea' id='block_1_37' title="bbox 2068 1810 3645 1887">
    <p class='ocr_par' dir='ltr' id='par_1_37' title="bbox 2068 1810 3645 1887">
     <span class='ocr_line' id='line_1_37' title="bbox 2068 1810 3645 1887; baseline 0.01 -22"><span class='ocrx_word' id='word_1_263' title='bbox 2068 1810 2263 1867; x_wconf 81' lang='lat' dir='ltr'><strong>fecisse</strong></span> <span class='ocrx_word' id='word_1_264' title='bbox 2293 1816 2491 1869; x_wconf 76' lang='lat' dir='ltr'><strong>caelum</strong></span> <span class='ocrx_word' id='word_1_265' title='bbox 2528 1828 2582 1872; x_wconf 87' lang='lat' dir='ltr'><strong>et</strong></span> <span class='ocrx_word' id='word_1_266' title='bbox 2611 1828 2835 1886; x_wconf 85' lang='lat' dir='ltr'><strong>terram,</strong></span> <span class='ocrx_word' id='word_1_267' title='bbox 2860 1831 2914 1876; x_wconf 90' lang='lat' dir='ltr'><strong>et</strong></span> <span class='ocrx_word' id='word_1_268' title='bbox 2939 1838 3004 1877; x_wconf 81' lang='lat' dir='ltr'><strong>ex</strong></span> <span class='ocrx_word' id='word_1_269' title='bbox 3035 1824 3227 1887; x_wconf 88' lang='lat' dir='ltr'><strong>nihilo,</strong></span> <span class='ocrx_word' id='word_1_270' title='bbox 3258 1836 3312 1880; x_wconf 89' lang='lat' dir='ltr'><strong>et</strong></span> <span class='ocrx_word' id='word_1_271' title='bbox 3342 1826 3483 1881; x_wconf 85' lang='lat' dir='ltr'><strong>dicis</strong></span> <span class='ocrx_word' id='word_1_272' title='bbox 3514 1835 3645 1881; x_wconf 87' lang='lat' dir='ltr'><strong>ante</strong></span> 
     </span>
    </p>
   </div>
   <div class='ocr_carea' id='block_1_38' title="bbox 2071 1907 3648 1989">
    <p class='ocr_par' dir='ltr' id='par_1_38' title="bbox 2071 1907 3648 1989">
     <span class='ocr_line' id='line_1_38' title="bbox 2071 1907 3648 1989; baseline 0.011 -31"><span class='ocrx_word' id='word_1_273' title='bbox 2071 1907 2356 1959; x_wconf 81' lang='lat' dir='ltr'><strong>materiam</strong></span> <span class='ocrx_word' id='word_1_274' title='bbox 2423 1910 2745 1965; x_wconf 76' lang='lat' dir='ltr'><strong>exstitisse?</strong></span> <span class='ocrx_word' id='word_1_275' title='bbox 2801 1914 3001 1982; x_wconf 88' lang='lat' dir='ltr'><strong>Ecquis</strong></span> <span class='ocrx_word' id='word_1_276' title='bbox 3051 1917 3273 1985; x_wconf 87' lang='lat' dir='ltr'><strong>sapiens</strong></span> <span class='ocrx_word' id='word_1_277' title='bbox 3336 1919 3648 1989; x_wconf 86' lang='lat' dir='ltr'><strong>mentisque</strong></span> 
     </span>
    </p>
   </div>
   <div class='ocr_carea' id='block_1_39' title="bbox 2061 2000 3647 2080">
    <p class='ocr_par' dir='ltr' id='par_1_39' title="bbox 2061 2000 3647 2080">
     <span class='ocr_line' id='line_1_39' title="bbox 2061 2000 3647 2080; baseline 0.008 -29"><span class='ocrx_word' id='word_1_278' title='bbox 2061 2010 2288 2067; x_wconf 82' lang='lat' dir='ltr'><strong>compos</strong></span> <span class='ocrx_word' id='word_1_279' title='bbox 2315 2000 2388 2053; x_wconf 84' lang='lat' dir='ltr'><strong>ita</strong></span> <span class='ocrx_word' id='word_1_280' title='bbox 2422 2001 2663 2057; x_wconf 81' lang='lat' dir='ltr'><strong>deliret?</strong></span> <span class='ocrx_word' id='word_1_281' title='bbox 2688 2004 2827 2059; x_wconf 76' lang='lat' dir='ltr'><strong>Num</strong></span> <span class='ocrx_word' id='word_1_282' title='bbox 2850 2006 3014 2062; x_wconf 90' lang='lat' dir='ltr'><strong>homo</strong></span> <span class='ocrx_word' id='word_1_283' title='bbox 3043 2019 3148 2075; x_wconf 89' lang='lat' dir='ltr'><strong>est,</strong></span> <span class='ocrx_word' id='word_1_284' title='bbox 3185 2011 3277 2080; x_wconf 91' lang='lat' dir='ltr'><strong>qui</strong></span> <span class='ocrx_word' id='word_1_285' title='bbox 3300 2011 3432 2080; x_wconf 84' lang='lat' dir='ltr'><strong>agit,</strong></span> <span class='ocrx_word' id='word_1_286' title='bbox 3461 2022 3523 2066; x_wconf 91' lang='lat' dir='ltr'><strong>ut</strong></span> <span class='ocrx_word' id='word_1_287' title='bbox 3547 2027 3647 2080; x_wconf 89' lang='lat' dir='ltr'><strong>pa-</strong></span> 
     </span>
    </p>
   </div>
   <div class='ocr_carea' id='block_1_40' title="bbox 2056 2091 3646 2173">
    <p class='ocr_par' dir='ltr' id='par_1_40' title="bbox 2056 2091 3646 2173">
     <span class='ocr_line' id='line_1_40' title="bbox 2056 2091 3646 2173; baseline 0.01 -32"><span class='ocrx_word' id='word_1_288' title='bbox 2056 2097 2171 2142; x_wconf 87' lang='lat' dir='ltr'><strong>rata</strong></span> <span class='ocrx_word' id='word_1_289' title='bbox 2223 2091 2449 2147; x_wconf 86' lang='lat' dir='ltr'><strong>materia</strong></span> <span class='ocrx_word' id='word_1_290' title='bbox 2479 2093 2755 2173; x_wconf 78' lang='lat' dir='ltr'><strong>indigeat,</strong></span> <span class='ocrx_word' id='word_1_291' title='bbox 2803 2116 2912 2169; x_wconf 90' lang='lat' dir='ltr'><strong>quo</strong></span> <span class='ocrx_word' id='word_1_292' title='bbox 2957 2116 3124 2171; x_wconf 80' lang='lat' dir='ltr'><strong>Opera</strong></span> <span class='ocrx_word' id='word_1_293' title='bbox 3194 2104 3449 2158; x_wconf 87' lang='lat' dir='ltr'><strong>ostendat</strong></span> <span class='ocrx_word' id='word_1_294' title='bbox 3502 2103 3646 2159; x_wconf 75' lang='lat' dir='ltr'><strong>sua?</strong></span> 
     </span>
    </p>
   </div>
   <div class='ocr_carea' id='block_1_41' title="bbox 2055 2179 3640 2265">
    <p class='ocr_par' dir='ltr' id='par_1_41' title="bbox 2055 2179 3640 2265">
     <span class='ocr_line' id='line_1_41' title="bbox 2055 2179 3640 2265; baseline 0.011 -32"><span class='ocrx_word' id='word_1_295' title='bbox 2055 2179 2199 2235; x_wconf 83' lang='lat' dir='ltr'><strong>Deus</strong></span> <span class='ocrx_word' id='word_1_296' title='bbox 2221 2192 2327 2249; x_wconf 89' lang='lat' dir='ltr'><strong>est,</strong></span> <span class='ocrx_word' id='word_1_297' title='bbox 2375 2186 2462 2238; x_wconf 90' lang='lat' dir='ltr'><strong>cui</strong></span> <span class='ocrx_word' id='word_1_298' title='bbox 2493 2188 2675 2242; x_wconf 89' lang='lat' dir='ltr'><strong>omnia</strong></span> <span class='ocrx_word' id='word_1_299' title='bbox 2712 2182 2927 2259; x_wconf 87' lang='lat' dir='ltr'><strong>parent,</strong></span> <span class='ocrx_word' id='word_1_300' title='bbox 2981 2194 3072 2263; x_wconf 89' lang='lat' dir='ltr'><strong>qui</strong></span> <span class='ocrx_word' id='word_1_301' title='bbox 3129 2195 3317 2260; x_wconf 80' lang='lat' dir='ltr'><strong>verbo,</strong></span> <span class='ocrx_word' id='word_1_302' title='bbox 3371 2202 3427 2249; x_wconf 90' lang='lat' dir='ltr'><strong>et</strong></span> <span class='ocrx_word' id='word_1_303' title='bbox 3476 2196 3640 2265; x_wconf 84' lang='lat' dir='ltr'><strong>jussu</strong></span> 
     </span>
    </p>
   </div>
   <div class='ocr_carea' id='block_1_42' title="bbox 2056 2276 3641 2357">
    <p class='ocr_par' dir='ltr' id='par_1_42' title="bbox 2056 2276 3641 2357">
     <span class='ocr_line' id='line_1_42' title="bbox 2056 2276 3641 2357; baseline 0.012 -31"><span class='ocrx_word' id='word_1_304' title='bbox 2056 2285 2255 2329; x_wconf 85' lang='lat' dir='ltr'><strong>cuncta</strong></span> <span class='ocrx_word' id='word_1_305' title='bbox 2283 2276 2434 2332; x_wconf 79' lang='lat' dir='ltr'><strong>fecit.</strong></span> <span class='ocrx_word' id='word_1_306' title='bbox 2468 2277 2605 2335; x_wconf 88' lang='lat' dir='ltr'><strong>Ecce</strong></span> <span class='ocrx_word' id='word_1_307' title='bbox 2648 2283 2798 2336; x_wconf 89' lang='lat' dir='ltr'><strong>enim</strong></span> <span class='ocrx_word' id='word_1_308' title='bbox 2861 2285 2994 2341; x_wconf 78' lang='lat' dir='ltr'><strong>dixit</strong></span> <span class='ocrx_word' id='word_1_309' title='bbox 3035 2286 3233 2357; x_wconf 89' lang='lat' dir='ltr'><strong>solum,</strong></span> <span class='ocrx_word' id='word_1_310' title='bbox 3267 2298 3323 2344; x_wconf 90' lang='lat' dir='ltr'><strong>et</strong></span> <span class='ocrx_word' id='word_1_311' title='bbox 3372 2288 3515 2345; x_wconf 78' lang='lat' dir='ltr'><strong>facta</strong></span> <span class='ocrx_word' id='word_1_312' title='bbox 3556 2298 3641 2345; x_wconf 86' lang='lat' dir='ltr'><strong>est</strong></span> 
     </span>
    </p>
   </div>
   <div class='ocr_carea' id='block_1_43' title="bbox 2058 2369 2961 2433">
    <p class='ocr_par' dir='ltr' id='par_1_43' title="bbox 2058 2369 2961 2433">
     <span class='ocr_line' id='line_1_43' title="bbox 2058 2369 2961 2433; baseline 0.01 -11"><span class='ocrx_word' id='word_1_313' title='bbox 2058 2369 2173 2433; x_wconf 80' lang='lat' dir='ltr'><strong>lux,</strong></span> <span class='ocrx_word' id='word_1_314' title='bbox 2208 2379 2264 2425; x_wconf 89' lang='lat' dir='ltr'><strong>et</strong></span> <span class='ocrx_word' id='word_1_315' title='bbox 2287 2373 2533 2427; x_wconf 69' lang='lat' dir='ltr'><strong>tenebrae</strong></span> <span class='ocrx_word' id='word_1_316' title='bbox 2568 2374 2961 2433; x_wconf 87' lang='lat' dir='ltr'><strong>discesserunt.</strong></span> 
     </span>
    </p>
   </div>
   <div class='ocr_carea' id='block_1_44' title="bbox 360 2448 3637 2547">
    <p class='ocr_par' dir='ltr' id='par_1_44' title="bbox 360 2448 3637 2547">
     <span class='ocr_line' id='line_1_44' title="bbox 360 2448 3637 2547; baseline 0.01 -54"><span class='ocrx_word' id='word_1_317' title='bbox 360 2448 762 2517; x_wconf 70' lang='grc' dir='ltr'>προστάγματι</span> <span class='ocrx_word' id='word_1_318' title='bbox 804 2449 983 2502; x_wconf 82' lang='grc' dir='ltr'>πάντα</span> <span class='ocrx_word' id='word_1_319' title='bbox 1047 2450 1418 2523; x_wconf 78' lang='grc' dir='ltr'>δημιουργῶν.</span> <span class='ocrx_word' id='word_1_320' title='bbox 1474 2453 1617 2525; x_wconf 80' lang='grc' dir='ltr'>Ὅρα</span> <span class='ocrx_word' id='word_1_321' title='bbox 1671 2454 1797 2525; x_wconf 71' lang='grc' dir='ltr'>γὰρ,</span> <span class='ocrx_word' id='word_1_322' title='bbox 1854 2449 1976 2509; x_wconf 74' lang='grc' dir='ltr'>εἷπε</span> <span class='ocrx_word' id='word_1_323' title='bbox 2019 2462 2202 2530; x_wconf 80' lang='grc' dir='ltr'>μόνον,</span> <span class='ocrx_word' id='word_1_324' title='bbox 2258 2465 2352 2516; x_wconf 82' lang='grc' dir='ltr'>καὶ</span> <span class='ocrx_word' id='word_1_325' title='bbox 2409 2467 2668 2538; x_wconf 82' lang='grc' dir='ltr'>παρήχθη</span> <span class='ocrx_word' id='word_1_326' title='bbox 2733 2468 2794 2521; x_wconf 85' lang='grc' dir='ltr'><strong>τὸ</strong></span> <span class='ocrx_word' id='word_1_327' title='bbox 2837 2470 2973 2539; x_wconf 82' lang='grc' dir='ltr'>φῶς,</span> <span class='ocrx_word' id='word_1_328' title='bbox 3021 2472 3118 2527; x_wconf 76' lang='grc' dir='ltr'><strong>καὶ</strong></span> <span class='ocrx_word' id='word_1_329' title='bbox 3166 2472 3533 2547; x_wconf 84' lang='grc' dir='ltr'>παρεχώρησε</span> <span class='ocrx_word' id='word_1_330' title='bbox 3572 2472 3637 2527; x_wconf 78' lang='grc' dir='ltr'>τὸ</span> 
     </span>
    </p>
   </div>
   <div class='ocr_carea' id='block_1_45' title="bbox 357 2540 588 2599">
    <p class='ocr_par' dir='ltr' id='par_1_45' title="bbox 357 2540 588 2599">
     <span class='ocr_line' id='line_1_45' title="bbox 357 2540 588 2599; baseline 0.017 -10"><span class='ocrx_word' id='word_1_331' title='bbox 357 2540 588 2599; x_wconf 82' lang='grc' dir='ltr'>σκότος.</span> 
     </span>
    </p>
   </div>
   <div class='ocr_carea' id='block_1_46' title="bbox 366 2628 1950 2709">
    <p class='ocr_par' dir='ltr' id='par_1_46' title="bbox 366 2628 1950 2709">
     <span class='ocr_line' id='line_1_46' title="bbox 366 2628 1950 2709; baseline 0.009 -27"><span class='ocrx_word' id='word_1_332' title='bbox 366 2629 479 2684; x_wconf 76' lang='grc' dir='ltr'>Ἕκ</span> <span class='ocrx_word' id='word_1_333' title='bbox 518 2628 637 2698; x_wconf 79' lang='grc' dir='ltr'>τῆς</span> <span class='ocrx_word' id='word_1_334' title='bbox 665 2631 990 2702; x_wconf 69' lang='grc' dir='ltr'>ἑρμηνείας</span> <span class='ocrx_word' id='word_1_335' title='bbox 1024 2638 1134 2706; x_wconf 79' lang='grc' dir='ltr'>τῆς</span> <span class='ocrx_word' id='word_1_336' title='bbox 1168 2642 1256 2704; x_wconf 82' lang='grc' dir='ltr'><strong>είς</strong></span> <span class='ocrx_word' id='word_1_337' title='bbox 1286 2641 1428 2705; x_wconf 81' lang='grc' dir='ltr'>τοὺς</span> <span class='ocrx_word' id='word_1_338' title='bbox 1479 2645 1661 2695; x_wconf 76' lang='grc' dir='ltr'>πέντε</span> <span class='ocrx_word' id='word_1_339' title='bbox 1706 2642 1950 2709; x_wconf 80' lang='grc' dir='ltr'>ἄρτους.</span> 
     </span>
    </p>
   </div>
   <div class='ocr_carea' id='block_1_47' title="bbox 427 2719 1949 2801">
    <p class='ocr_par' dir='ltr' id='par_1_47' title="bbox 427 2719 1949 2801">
     <span class='ocr_line' id='line_1_47' title="bbox 427 2719 1949 2801; baseline 0.011 -32"><span class='ocrx_word' id='word_1_340' title='bbox 427 2719 546 2771; x_wconf 73' lang='grc' dir='ltr'>Καὶ</span> <span class='ocrx_word' id='word_1_341' title='bbox 577 2719 726 2772; x_wconf 81' lang='grc' dir='ltr'>διατί</span> <span class='ocrx_word' id='word_1_342' title='bbox 757 2723 818 2775; x_wconf 75' lang='grc' dir='ltr'><strong>οὐ</strong></span> <span class='ocrx_word' id='word_1_343' title='bbox 848 2727 995 2777; x_wconf 81' lang='grc' dir='ltr'>ποιεί</span> <span class='ocrx_word' id='word_1_344' title='bbox 1023 2728 1086 2779; x_wconf 84' lang='grc' dir='ltr'>ὲκ</span> <span class='ocrx_word' id='word_1_345' title='bbox 1138 2727 1213 2797; x_wconf 82' lang='grc' dir='ltr'>μὴ</span> <span class='ocrx_word' id='word_1_346' title='bbox 1267 2727 1455 2792; x_wconf 75' lang='grc' dir='ltr'>ὄντων,</span> <span class='ocrx_word' id='word_1_347' title='bbox 1515 2732 1848 2801; x_wconf 80' lang='grc' dir='ltr'>ἑμφράττων</span> <span class='ocrx_word' id='word_1_348' title='bbox 1888 2734 1949 2785; x_wconf 84' lang='grc' dir='ltr'><strong>τὸ</strong></span> 
     </span>
    </p>
   </div>
   <div class='ocr_carea' id='block_1_48' title="bbox 351 2812 1949 2895">
    <p class='ocr_par' dir='ltr' id='par_1_48' title="bbox 351 2812 1949 2895">
     <span class='ocr_line' id='line_1_48' title="bbox 351 2812 1949 2895; baseline 0.008 -30"><span class='ocrx_word' id='word_1_349' title='bbox 351 2812 702 2883; x_wconf 75' lang='grc' dir='ltr'>Μαρκίωνος</span> <span class='ocrx_word' id='word_1_350' title='bbox 763 2816 857 2867; x_wconf 80' lang='grc' dir='ltr'><strong>καὶ</strong></span> <span class='ocrx_word' id='word_1_351' title='bbox 918 2817 1225 2889; x_wconf 84' lang='grc' dir='ltr'>Μανιχαίου</span> <span class='ocrx_word' id='word_1_352' title='bbox 1265 2821 1464 2891; x_wconf 82' lang='grc' dir='ltr'>στόμα,</span> <span class='ocrx_word' id='word_1_353' title='bbox 1494 2822 1603 2875; x_wconf 82' lang='grc' dir='ltr'><strong>τῶν</strong></span> <span class='ocrx_word' id='word_1_354' title='bbox 1633 2823 1732 2895; x_wconf 80' lang='grc' dir='ltr'>τὴν</span> <span class='ocrx_word' id='word_1_355' title='bbox 1770 2825 1949 2879; x_wconf 87' lang='grc' dir='ltr'>κτίσιν</span> 
     </span>
    </p>
   </div>
   <div class='ocr_carea' id='block_1_49' title="bbox 354 2906 1951 2987">
    <p class='ocr_par' dir='ltr' id='par_1_49' title="bbox 354 2906 1951 2987">
     <span class='ocr_line' id='line_1_49' title="bbox 354 2906 1951 2987; baseline 0.009 -30"><span class='ocrx_word' id='word_1_356' title='bbox 354 2906 805 2976; x_wconf 77' lang='grc' dir='ltr'>ἀλλοτριούντων</span> <span class='ocrx_word' id='word_1_357' title='bbox 866 2909 1059 2976; x_wconf 81' lang='grc' dir='ltr'>αὐτοῦ,</span> <span class='ocrx_word' id='word_1_358' title='bbox 1098 2913 1192 2964; x_wconf 76' lang='grc' dir='ltr'><strong>καὶ</strong></span> <span class='ocrx_word' id='word_1_359' title='bbox 1243 2913 1331 2967; x_wconf 81' lang='grc' dir='ltr'><strong>διὰ</strong></span> <span class='ocrx_word' id='word_1_360' title='bbox 1368 2914 1476 2967; x_wconf 86' lang='grc' dir='ltr'><strong>τῶν</strong></span> <span class='ocrx_word' id='word_1_361' title='bbox 1516 2912 1698 2987; x_wconf 78' lang='grc' dir='ltr'>ἔργων</span> <span class='ocrx_word' id='word_1_362' title='bbox 1769 2917 1951 2972; x_wconf 79' lang='grc' dir='ltr'>αὐτῶν</span> 
     </span>
    </p>
   </div>
   <div class='ocr_carea' id='block_1_50' title="bbox 355 3001 1952 3079">
    <p class='ocr_par' dir='ltr' id='par_1_50' title="bbox 355 3001 1952 3079">
     <span class='ocr_line' id='line_1_50' title="bbox 355 3001 1952 3079; baseline 0.008 -28"><span class='ocrx_word' id='word_1_363' title='bbox 355 3001 644 3055; x_wconf 78' lang='grc' dir='ltr'>παιδεύων</span> <span class='ocrx_word' id='word_1_364' title='bbox 677 3002 763 3054; x_wconf 82' lang='grc' dir='ltr'>ὅτι</span> <span class='ocrx_word' id='word_1_365' title='bbox 796 3002 865 3055; x_wconf 72' lang='grc' dir='ltr'>τὰ</span> <span class='ocrx_word' id='word_1_366' title='bbox 896 3002 1150 3075; x_wconf 85' lang='grc' dir='ltr'>ὁρώμενα</span> <span class='ocrx_word' id='word_1_367' title='bbox 1177 3005 1394 3060; x_wconf 74' lang='grc' dir='ltr'>ἅπαντα</span> <span class='ocrx_word' id='word_1_368' title='bbox 1447 3008 1618 3062; x_wconf 79' lang='grc' dir='ltr'>αὑτοῦ</span> <span class='ocrx_word' id='word_1_369' title='bbox 1653 3009 1813 3079; x_wconf 80' lang='grc' dir='ltr'>ἔργα,</span> <span class='ocrx_word' id='word_1_370' title='bbox 1856 3012 1952 3064; x_wconf 72' lang='grc' dir='ltr'>καὶ</span> 
     </span>
    </p>
   </div>
   <div class='ocr_carea' id='block_1_51' title="bbox 358 3095 1949 3166">
    <p class='ocr_par' dir='ltr' id='par_1_51' title="bbox 358 3095 1949 3166">
     <span class='ocr_line' id='line_1_51' title="bbox 358 3095 1949 3166; baseline 0.006 -20"><span class='ocrx_word' id='word_1_371' title='bbox 358 3095 643 3166; x_wconf 82' lang='grc' dir='ltr'>κτίσματά</span> <span class='ocrx_word' id='word_1_372' title='bbox 684 3100 794 3149; x_wconf 79' lang='grc' dir='ltr'>εἰσι</span> <span class='ocrx_word' id='word_1_373' title='bbox 819 3112 834 3129; x_wconf 78' lang='grc'><strong><em>⁸</em></strong></span> <span class='ocrx_word' id='word_1_374' title='bbox 865 3101 956 3150; x_wconf 77' lang='grc' dir='ltr'><strong>καὶ</strong></span> <span class='ocrx_word' id='word_1_375' title='bbox 983 3098 1199 3163; x_wconf 83' lang='grc' dir='ltr'>δεικνὺς</span> <span class='ocrx_word' id='word_1_376' title='bbox 1228 3101 1310 3154; x_wconf 74' lang='grc' dir='ltr'>ὅτι</span> <span class='ocrx_word' id='word_1_377' title='bbox 1344 3101 1510 3165; x_wconf 79' lang='grc' dir='ltr'>αὐτός</span> <span class='ocrx_word' id='word_1_378' title='bbox 1558 3104 1709 3155; x_wconf 84' lang='grc' dir='ltr'>ἐστιν</span> <span class='ocrx_word' id='word_1_379' title='bbox 1749 3107 1776 3156; x_wconf 86' lang='grc' dir='ltr'><strong>ό</strong></span> <span class='ocrx_word' id='word_1_380' title='bbox 1821 3103 1949 3166; x_wconf 85' lang='grc' dir='ltr'>τοὺς</span> 
     </span>
    </p>
   </div>
   <div class='ocr_carea' id='block_1_52' title="bbox 358 3188 1947 3264">
    <p class='ocr_par' dir='ltr' id='par_1_52' title="bbox 358 3188 1947 3264">
     <span class='ocr_line' id='line_1_52' title="bbox 358 3188 1947 3264; baseline 0.006 -24"><span class='ocrx_word' id='word_1_381' title='bbox 358 3188 615 3258; x_wconf 73' lang='grc' dir='ltr'>καρποὺς</span> <span class='ocrx_word' id='word_1_382' title='bbox 637 3189 845 3255; x_wconf 80' lang='grc' dir='ltr'>διδοὺς,</span> <span class='ocrx_word' id='word_1_383' title='bbox 878 3190 905 3242; x_wconf 88' lang='grc' dir='ltr'>ὁ</span> <span class='ocrx_word' id='word_1_384' title='bbox 935 3192 1108 3245; x_wconf 74' lang='grc' dir='ltr'>εἰπὼν</span> <span class='ocrx_word' id='word_1_385' title='bbox 1140 3191 1199 3257; x_wconf 78' lang='grc' dir='ltr'>ἐξ</span> <span class='ocrx_word' id='word_1_386' title='bbox 1226 3194 1404 3264; x_wconf 81' lang='grc' dir='ltr'>ἀρχῆς</span> <span class='ocrx_word' id='word_1_387' title='bbox 1423 3210 1438 3228; x_wconf 79' lang='grc' dir='ltr'><strong>ο</strong></span> <span class='ocrx_word' id='word_1_388' title='bbox 1467 3194 1884 3262; x_wconf 81' lang='grc' dir='ltr'>Βλαστησάτω</span> <span class='ocrx_word' id='word_1_389' title='bbox 1911 3197 1947 3264; x_wconf 75' lang='grc' dir='ltr'>ἠ</span> 
     </span>
    </p>
   </div>
   <div class='ocr_carea' id='block_1_53' title="bbox 2161 2642 3528 2725">
    <p class='ocr_par' dir='ltr' id='par_1_53' title="bbox 2161 2642 3528 2725">
     <span class='ocr_line' id='line_1_53' title="bbox 2161 2642 3528 2725; baseline 0.014 -30"><span class='ocrx_word' id='word_1_390' title='bbox 2161 2642 2435 2714; x_wconf 68' lang='lat' dir='ltr'><strong>Ejusdem,</strong></span> <span class='ocrx_word' id='word_1_391' title='bbox 2465 2663 2531 2701; x_wconf 77' lang='lat' dir='ltr'><strong>ea:</strong></span> <span class='ocrx_word' id='word_1_392' title='bbox 2559 2648 2991 2718; x_wconf 76' lang='lat' dir='ltr'><strong>interpretatione</strong></span> <span class='ocrx_word' id='word_1_393' title='bbox 3013 2653 3067 2706; x_wconf 89' lang='lat' dir='ltr'><strong>in</strong></span> <span class='ocrx_word' id='word_1_394' title='bbox 3091 2657 3320 2725; x_wconf 83' lang='lat' dir='ltr'><strong>quinque</strong></span> <span class='ocrx_word' id='word_1_395' title='bbox 3341 2673 3528 2725; x_wconf 76' lang='lat' dir='ltr'><strong>partes.</strong></span> 
     </span>
    </p>
   </div>
   <div class='ocr_carea' id='block_1_54' title="bbox 2122 2737 3637 2813">
    <p class='ocr_par' dir='ltr' id='par_1_54' title="bbox 2122 2737 3637 2813">
     <span class='ocr_line' id='line_1_54' title="bbox 2122 2737 3637 2813; baseline 0.013 -20"><span class='ocrx_word' id='word_1_396' title='bbox 2122 2737 2239 2793; x_wconf 87' lang='lat' dir='ltr'><strong>Cur</strong></span> <span class='ocrx_word' id='word_1_397' title='bbox 2268 2748 2449 2793; x_wconf 83' lang='lat' dir='ltr'><strong>autem</strong></span> <span class='ocrx_word' id='word_1_398' title='bbox 2480 2756 2587 2795; x_wconf 91' lang='lat' dir='ltr'><strong>non</strong></span> <span class='ocrx_word' id='word_1_399' title='bbox 2616 2756 2711 2797; x_wconf 87' lang='lat' dir='ltr'><strong>eos</strong></span> <span class='ocrx_word' id='word_1_400' title='bbox 2744 2742 2958 2799; x_wconf 81' lang='lat' dir='ltr'><strong>facitex</strong></span> <span class='ocrx_word' id='word_1_401' title='bbox 2990 2746 3184 2813; x_wconf 86' lang='lat' dir='ltr'><strong>nihilo,</strong></span> <span class='ocrx_word' id='word_1_402' title='bbox 3216 2761 3273 2802; x_wconf 90' lang='lat' dir='ltr'><strong>ut</strong></span> <span class='ocrx_word' id='word_1_403' title='bbox 3304 2752 3552 2809; x_wconf 83' lang='lat' dir='ltr'><strong>obstruat</strong></span> <span class='ocrx_word' id='word_1_404' title='bbox 3574 2771 3637 2812; x_wconf 88' lang='lat' dir='ltr'><strong>os</strong></span> 
     </span>
    </p>
   </div>
   <div class='ocr_carea' id='block_1_55' title="bbox 2051 2829 3634 2906">
    <p class='ocr_par' dir='ltr' id='par_1_55' title="bbox 2051 2829 3634 2906">
     <span class='ocr_line' id='line_1_55' title="bbox 2051 2829 3634 2906; baseline 0.011 -22"><span class='ocrx_word' id='word_1_405' title='bbox 2051 2829 2366 2895; x_wconf 80' lang='lat' dir='ltr'><strong>Marcionis,</strong></span> <span class='ocrx_word' id='word_1_406' title='bbox 2417 2840 2471 2885; x_wconf 89' lang='lat' dir='ltr'><strong>et</strong></span> <span class='ocrx_word' id='word_1_407' title='bbox 2520 2832 2839 2901; x_wconf 75' lang='lat' dir='ltr'><strong>Manicbzei,</strong></span> <span class='ocrx_word' id='word_1_408' title='bbox 2895 2837 2989 2906; x_wconf 88' lang='lat' dir='ltr'><strong>qui</strong></span> <span class='ocrx_word' id='word_1_409' title='bbox 3045 2839 3295 2895; x_wconf 86' lang='lat' dir='ltr'><strong>adimunt</strong></span> <span class='ocrx_word' id='word_1_410' title='bbox 3352 2842 3401 2895; x_wconf 88' lang='lat' dir='ltr'><strong>ei</strong></span> <span class='ocrx_word' id='word_1_411' title='bbox 3448 2859 3634 2902; x_wconf 87' lang='lat' dir='ltr'><strong>rerum</strong></span> 
     </span>
    </p>
   </div>
   <div class='ocr_carea' id='block_1_56' title="bbox 2052 2927 3632 3002">
    <p class='ocr_par' dir='ltr' id='par_1_56' title="bbox 2052 2927 3632 3002">
     <span class='ocr_line' id='line_1_56' title="bbox 2052 2927 3632 3002; baseline 0.013 -27"><span class='ocrx_word' id='word_1_412' title='bbox 2052 2927 2538 2993; x_wconf 84' lang='lat' dir='ltr'><strong>procreationem?</strong></span> <span class='ocrx_word' id='word_1_413' title='bbox 2578 2927 2694 2982; x_wconf 91' lang='lat' dir='ltr'><strong>lmo</strong></span> <span class='ocrx_word' id='word_1_414' title='bbox 2746 2944 2877 2984; x_wconf 81' lang='lat' dir='ltr'><strong>vero</strong></span> <span class='ocrx_word' id='word_1_415' title='bbox 2930 2931 3086 2986; x_wconf 80' lang='lat' dir='ltr'><strong>factis</strong></span> <span class='ocrx_word' id='word_1_416' title='bbox 3133 2936 3394 3002; x_wconf 85' lang='lat' dir='ltr'><strong>ostendit,</strong></span> <span class='ocrx_word' id='word_1_417' title='bbox 3448 2940 3632 2995; x_wconf 87' lang='lat' dir='ltr'><strong>omnia</strong></span> 
     </span>
    </p>
   </div>
   <div class='ocr_carea' id='block_1_57' title="bbox 2050 3022 3629 3101">
    <p class='ocr_par' dir='ltr' id='par_1_57' title="bbox 2050 3022 3629 3101">
     <span class='ocr_line' id='line_1_57' title="bbox 2050 3022 3629 3101; baseline 0.012 -31"><span class='ocrx_word' id='word_1_418' title='bbox 2050 3032 2173 3086; x_wconf 73' lang='lat' dir='ltr'><strong>quae</strong></span> <span class='ocrx_word' id='word_1_419' title='bbox 2206 3028 2527 3083; x_wconf 84' lang='lat' dir='ltr'><strong>cernuntur,</strong></span> <span class='ocrx_word' id='word_1_420' title='bbox 2569 3035 2599 3075; x_wconf 89' lang='lat' dir='ltr'><strong>a</strong></span> <span class='ocrx_word' id='word_1_421' title='bbox 2644 3036 2705 3076; x_wconf 89' lang='lat' dir='ltr'><strong>se</strong></span> <span class='ocrx_word' id='word_1_422' title='bbox 2760 3022 2929 3077; x_wconf 81' lang='lat' dir='ltr'><strong>fuisse</strong></span> <span class='ocrx_word' id='word_1_423' title='bbox 2951 3026 3191 3093; x_wconf 87' lang='lat' dir='ltr'><strong>condita,</strong></span> <span class='ocrx_word' id='word_1_424' title='bbox 3228 3037 3284 3083; x_wconf 88' lang='lat' dir='ltr'><strong>et</strong></span> <span class='ocrx_word' id='word_1_425' title='bbox 3320 3046 3629 3101; x_wconf 80' lang='lat' dir='ltr'><strong>procreata,</strong></span> 
     </span>
    </p>
   </div>
   <div class='ocr_carea' id='block_1_58' title="bbox 2048 3112 3631 3191">
    <p class='ocr_par' dir='ltr' id='par_1_58' title="bbox 2048 3112 3631 3191">
     <span class='ocr_line' id='line_1_58' title="bbox 2048 3112 3631 3191; baseline 0.009 -28"><span class='ocrx_word' id='word_1_426' title='bbox 2048 3124 2221 3178; x_wconf 87' lang='lat' dir='ltr'><strong>seque</strong></span> <span class='ocrx_word' id='word_1_427' title='bbox 2258 3112 2412 3171; x_wconf 88' lang='lat' dir='ltr'><strong>illum</strong></span> <span class='ocrx_word' id='word_1_428' title='bbox 2445 3128 2586 3179; x_wconf 89' lang='lat' dir='ltr'><strong>esse,</strong></span> <span class='ocrx_word' id='word_1_429' title='bbox 2621 3114 2713 3183; x_wconf 92' lang='lat' dir='ltr'><strong>qui</strong></span> <span class='ocrx_word' id='word_1_430' title='bbox 2743 3113 2955 3170; x_wconf 79' lang='lat' dir='ltr'><strong>fructus</strong></span> <span class='ocrx_word' id='word_1_431' title='bbox 2983 3117 3267 3188; x_wconf 82' lang='lat' dir='ltr'><strong>elargitur,</strong></span> <span class='ocrx_word' id='word_1_432' title='bbox 3297 3120 3389 3191; x_wconf 91' lang='lat' dir='ltr'><strong>qui</strong></span> <span class='ocrx_word' id='word_1_433' title='bbox 3424 3123 3493 3177; x_wconf 91' lang='lat' dir='ltr'><strong>ab</strong></span> <span class='ocrx_word' id='word_1_434' title='bbox 3519 3124 3631 3178; x_wconf 89' lang='lat' dir='ltr'><strong>ini-</strong></span> 
     </span>
    </p>
   </div>
   <div class='ocr_carea' id='block_1_59' title="bbox 2050 3204 3625 3281">
    <p class='ocr_par' dir='ltr' id='par_1_59' title="bbox 2050 3204 3625 3281">
     <span class='ocr_line' id='line_1_59' title="bbox 2050 3204 3625 3281; baseline 0.008 -24"><span class='ocrx_word' id='word_1_435' title='bbox 2050 3205 2126 3257; x_wconf 88' lang='lat' dir='ltr'><strong>tio</strong></span> <span class='ocrx_word' id='word_1_436' title='bbox 2152 3204 2295 3259; x_wconf 81' lang='lat' dir='ltr'><strong>dixit</strong></span> <span class='ocrx_word' id='word_1_437' title='bbox 2332 3224 2345 3259; x_wconf 92' lang='lat'><strong>:</strong></span> <span class='ocrx_word' id='word_1_438' title='bbox 2384 3205 2650 3261; x_wconf 82' lang='lat' dir='ltr'><strong>Germinet</strong></span> <span class='ocrx_word' id='word_1_439' title='bbox 2681 3217 2821 3261; x_wconf 84' lang='lat' dir='ltr'><strong>terra</strong></span> <span class='ocrx_word' id='word_1_440' title='bbox 2852 3208 3066 3262; x_wconf 85' lang='lat' dir='ltr'><strong>herbam</strong></span> <span class='ocrx_word' id='word_1_441' title='bbox 3095 3210 3222 3280; x_wconf 76' lang='lat' dir='ltr'><strong>feni,</strong></span> <span class='ocrx_word' id='word_1_442' title='bbox 3245 3220 3294 3266; x_wconf 81' lang='lat' dir='ltr'><strong>et</strong></span> <span class='ocrx_word' id='word_1_443' title='bbox 3325 3215 3625 3281; x_wconf 85' lang='lat' dir='ltr'><strong>producant</strong></span> 
     </span>
    </p>
   </div>
   <div class='ocr_carea' id='block_1_60' title="bbox 352 3280 1946 3375">
    <p class='ocr_par' dir='ltr' id='par_1_60' title="bbox 352 3280 1946 3356">
     <span class='ocr_line' id='line_1_60' title="bbox 352 3280 1946 3356; baseline 0.003 -20"><span class='ocrx_word' id='word_1_444' title='bbox 352 3280 745 3351; x_wconf 76' lang='grc' dir='ltr'>γῆβοτάνην</span> <span class='ocrx_word' id='word_1_445' title='bbox 770 3283 1012 3352; x_wconf 83' lang='grc' dir='ltr'>χόρτου,</span> <span class='ocrx_word' id='word_1_446' title='bbox 1082 3284 1181 3338; x_wconf 75' lang='grc' dir='ltr'>καὶ</span> <span class='ocrx_word' id='word_1_447' title='bbox 1236 3286 1575 3356; x_wconf 75' lang='grc' dir='ltr'>ἐξαγαγέτω</span> <span class='ocrx_word' id='word_1_448' title='bbox 1631 3287 1705 3339; x_wconf 83' lang='grc' dir='ltr'>τὰ</span> <span class='ocrx_word' id='word_1_449' title='bbox 1757 3286 1946 3344; x_wconf 82' lang='grc' dir='ltr'>ὕδατα</span> 
     </span>
    </p>
   </div>
   <div class='ocr_carea' id='block_1_61' title="bbox 2048 3280 3624 3375">
    <p class='ocr_par' dir='ltr' id='par_1_61' title="bbox 2050 3298 3624 3375">
     <span class='ocr_line' id='line_1_61' title="bbox 2050 3298 3624 3375; baseline 0.009 -26"><span class='ocrx_word' id='word_1_450' title='bbox 2050 3312 2204 3367; x_wconf 78' lang='lat' dir='ltr'><strong>aqnte</strong></span> <span class='ocrx_word' id='word_1_451' title='bbox 2253 3298 2465 3367; x_wconf 82' lang='lat' dir='ltr'><strong>reptilia</strong></span> <span class='ocrx_word' id='word_1_452' title='bbox 2494 3301 2799 3354; x_wconf 85' lang='lat' dir='ltr'><strong>animarum</strong></span> <span class='ocrx_word' id='word_1_453' title='bbox 2842 3303 3125 3357; x_wconf 75' lang='lat' dir='ltr'><strong>viventium</strong></span> <span class='ocrx_word' id='word_1_454' title='bbox 3152 3306 3194 3358; x_wconf 80' lang='grc'>³.</span> <span class='ocrx_word' id='word_1_455' title='bbox 3242 3305 3432 3375; x_wconf 83' lang='lat' dir='ltr'><strong>Neque</strong></span> <span class='ocrx_word' id='word_1_456' title='bbox 3478 3307 3624 3362; x_wconf 90' lang='lat' dir='ltr'><strong>enim</strong></span> 
     </span>
    </p>
   </div>
   <div class='ocr_carea' id='block_1_62' title="bbox 346 3374 1947 3448">
    <p class='ocr_par' dir='ltr' id='par_1_62' title="bbox 346 3374 1947 3448">
     <span class='ocr_line' id='line_1_62' title="bbox 346 3374 1947 3448; baseline 0.003 -20"><span class='ocrx_word' id='word_1_457' title='bbox 346 3375 577 3443; x_wconf 75' lang='grc' dir='ltr'>ἑρπετὰ</span> <span class='ocrx_word' id='word_1_458' title='bbox 600 3374 831 3445; x_wconf 65' lang='grc' dir='ltr'>ψυχῶν</span> <span class='ocrx_word' id='word_1_459' title='bbox 859 3374 1084 3436; x_wconf 79' lang='grc' dir='ltr'>ζωσῶν.</span> <span class='ocrx_word' id='word_1_460' title='bbox 1132 3378 1246 3431; x_wconf 84' lang='grc' dir='ltr'>Οὐκ</span> <span class='ocrx_word' id='word_1_461' title='bbox 1290 3379 1513 3432; x_wconf 76' lang='grc' dir='ltr'>ἔλαττον</span> <span class='ocrx_word' id='word_1_462' title='bbox 1565 3379 1673 3448; x_wconf 82' lang='grc' dir='ltr'><strong>γὰρ</strong></span> <span class='ocrx_word' id='word_1_463' title='bbox 1704 3378 1800 3432; x_wconf 82' lang='grc' dir='ltr'>τοῦ</span> <span class='ocrx_word' id='word_1_464' title='bbox 1838 3380 1947 3433; x_wconf 86' lang='grc' dir='ltr'>ἀπὸ</span> 
     </span>
    </p>
   </div>
   <div class='ocr_carea' id='block_1_63' title="bbox 347 3469 1944 3543">
    <p class='ocr_par' dir='ltr' id='par_1_63' title="bbox 347 3469 1944 3543">
     <span class='ocr_line' id='line_1_63' title="bbox 347 3469 1944 3543; baseline 0.003 -22"><span class='ocrx_word' id='word_1_465' title='bbox 347 3472 455 3539; x_wconf 73' lang='grc' dir='ltr'><strong>γῆς</strong></span> <span class='ocrx_word' id='word_1_466' title='bbox 489 3470 667 3535; x_wconf 79' lang='grc' dir='ltr'>δεῖξαι</span> <span class='ocrx_word' id='word_1_467' title='bbox 712 3469 948 3539; x_wconf 82' lang='grc' dir='ltr'>καρπὸν,</span> <span class='ocrx_word' id='word_1_468' title='bbox 979 3472 1073 3523; x_wconf 75' lang='grc' dir='ltr'><strong>καὶ</strong></span> <span class='ocrx_word' id='word_1_469' title='bbox 1113 3470 1223 3525; x_wconf 84' lang='grc' dir='ltr'>ἀπὸ</span> <span class='ocrx_word' id='word_1_470' title='bbox 1248 3471 1457 3525; x_wconf 85' lang='grc' dir='ltr'>ὑδάτων</span> <span class='ocrx_word' id='word_1_471' title='bbox 1487 3473 1696 3543; x_wconf 80' lang='grc' dir='ltr'>ἑρπετά</span> <span class='ocrx_word' id='word_1_472' title='bbox 1723 3472 1944 3543; x_wconf 74' lang='grc' dir='ltr'>ἔμψυχα</span> 
     </span>
    </p>
   </div>
   <div class='ocr_carea' id='block_1_64' title="bbox 350 3564 1944 3635">
    <p class='ocr_par' dir='ltr' id='par_1_64' title="bbox 350 3564 1944 3635">
     <span class='ocr_line' id='line_1_64' title="bbox 350 3564 1944 3635; baseline 0.003 -21"><span class='ocrx_word' id='word_1_473' title='bbox 350 3564 417 3615; x_wconf 62' lang='grc' dir='ltr'>τ).</span> <span class='ocrx_word' id='word_1_474' title='bbox 447 3564 559 3617; x_wconf 66' lang='grc' dir='ltr'>ἀπὸ</span> <span class='ocrx_word' id='word_1_475' title='bbox 590 3566 754 3618; x_wconf 80' lang='grc' dir='ltr'>πέντε</span> <span class='ocrx_word' id='word_1_476' title='bbox 785 3565 973 3635; x_wconf 81' lang='grc' dir='ltr'>ἄρτων</span> <span class='ocrx_word' id='word_1_477' title='bbox 998 3565 1226 3635; x_wconf 80' lang='grc' dir='ltr'>ποιῆσαι</span> <span class='ocrx_word' id='word_1_478' title='bbox 1265 3565 1464 3635; x_wconf 82' lang='grc' dir='ltr'>ἄρτους</span> <span class='ocrx_word' id='word_1_479' title='bbox 1486 3566 1802 3630; x_wconf 75' lang='grc' dir='ltr'>τοσούτους,</span> <span class='ocrx_word' id='word_1_480' title='bbox 1847 3566 1944 3619; x_wconf 79' lang='grc' dir='ltr'>καὶ</span> 
     </span>
    </p>
   </div>
   <div class='ocr_carea' id='block_1_65' title="bbox 367 3654 1945 3731">
    <p class='ocr_par' dir='ltr' id='par_1_65' title="bbox 367 3654 1945 3731">
     <span class='ocr_line' id='line_1_65' title="bbox 367 3654 1945 3731; baseline 0.008 -26"><span class='ocrx_word' id='word_1_481' title='bbox 367 3654 479 3705; x_wconf 66' lang='grc' dir='ltr'><strong>ἀπὶ.</strong></span> <span class='ocrx_word' id='word_1_482' title='bbox 524 3655 717 3722; x_wconf 49' lang='lat' dir='ltr'><strong>illiva</strong></span> <span class='ocrx_word' id='word_1_483' title='bbox 758 3657 947 3723; x_wconf 83' lang='grc' dir='ltr'>πάλιν,</span> <span class='ocrx_word' id='word_1_484' title='bbox 1000 3656 1029 3711; x_wconf 75' lang='grc' dir='ltr'><strong>ὃ</strong></span> <span class='ocrx_word' id='word_1_485' title='bbox 1072 3662 1300 3731; x_wconf 84' lang='grc' dir='ltr'>σημεῖον</span> <span class='ocrx_word' id='word_1_486' title='bbox 1333 3656 1400 3731; x_wconf 84' lang='grc' dir='ltr'>ἦν</span> <span class='ocrx_word' id='word_1_487' title='bbox 1440 3659 1535 3714; x_wconf 83' lang='grc' dir='ltr'>τοῦ</span> <span class='ocrx_word' id='word_1_488' title='bbox 1567 3660 1662 3713; x_wconf 89' lang='grc' dir='ltr'><strong>καί</strong></span> <span class='ocrx_word' id='word_1_489' title='bbox 1702 3660 1801 3731; x_wconf 84' lang='grc' dir='ltr'><strong>τῆς</strong></span> <span class='ocrx_word' id='word_1_490' title='bbox 1838 3658 1945 3731; x_wconf 81' lang='grc' dir='ltr'><strong>γῆς</strong></span> 
     </span>
    </p>
   </div>
   <div class='ocr_carea' id='block_1_66' title="bbox 375 3742 1369 3820">
    <p class='ocr_par' dir='ltr' id='par_1_66' title="bbox 375 3742 1369 3820">
     <span class='ocr_line' id='line_1_66' title="bbox 375 3742 1369 3820; baseline 0.009 -25"><span class='ocrx_word' id='word_1_491' title='bbox 375 3742 475 3795; x_wconf 74' lang='grc' dir='ltr'>καὶ</span> <span class='ocrx_word' id='word_1_492' title='bbox 505 3746 608 3814; x_wconf 73' lang='grc' dir='ltr'>τῆς</span> <span class='ocrx_word' id='word_1_493' title='bbox 632 3744 900 3820; x_wconf 77' lang='grc' dir='ltr'>θαλάσσης</span> <span class='ocrx_word' id='word_1_494' title='bbox 929 3747 1094 3802; x_wconf 76' lang='grc' dir='ltr'>αὑτὸν</span> <span class='ocrx_word' id='word_1_495' title='bbox 1126 3751 1369 3820; x_wconf 82' lang='grc' dir='ltr'>κρατεῖν.</span> 
     </span>
    </p>
   </div>
   <div class='ocr_carea' id='block_1_67' title="bbox 359 3902 1940 3975">
    <p class='ocr_par' dir='ltr' id='par_1_67' title="bbox 359 3902 1940 3975">
     <span class='ocr_line' id='line_1_67' title="bbox 359 3902 1940 3975; baseline 0.003 -17"><span class='ocrx_word' id='word_1_496' title='bbox 359 3902 475 3958; x_wconf 77' lang='grc' dir='ltr'><strong>Τοῦ</strong></span> <span class='ocrx_word' id='word_1_497' title='bbox 502 3904 691 3958; x_wconf 60' lang='grc' dir='ltr'>αὑτοῦ</span> <span class='ocrx_word' id='word_1_498' title='bbox 716 3904 787 3958; x_wconf 79' lang='grc' dir='ltr'>ἐκ</span> <span class='ocrx_word' id='word_1_499' title='bbox 816 3904 927 3972; x_wconf 77' lang='grc' dir='ltr'>τῆς</span> <span class='ocrx_word' id='word_1_500' title='bbox 954 3905 1278 3975; x_wconf 72' lang='grc' dir='ltr'>ἑρμηνείας</span> <span class='ocrx_word' id='word_1_501' title='bbox 1320 3905 1430 3975; x_wconf 78' lang='grc' dir='ltr'>τῆς</span> <span class='ocrx_word' id='word_1_502' title='bbox 1462 3908 1549 3973; x_wconf 76' lang='grc' dir='ltr'>εἷς</span> <span class='ocrx_word' id='word_1_503' title='bbox 1573 3907 1641 3961; x_wconf 86' lang='grc' dir='ltr'>τό</span> <span class='ocrx_word' id='word_1_504' title='bbox 1667 3924 1680 3938; x_wconf 89' lang='grc'><strong>·</strong></span> <span class='ocrx_word' id='word_1_505' title='bbox 1718 3926 1737 3960; x_wconf 77' lang='grc' dir='ltr'><strong>ι</strong></span> <span class='ocrx_word' id='word_1_506' title='bbox 1765 3908 1940 3967; x_wconf 86' lang='grc' dir='ltr'>Πᾶσα</span> 
     </span>
    </p>
   </div>
   <div class='ocr_carea' id='block_1_68' title="bbox 418 3975 1939 4050">
    <p class='ocr_par' dir='ltr' id='par_1_68' title="bbox 418 3975 1939 4050">
     <span class='ocr_line' id='line_1_68' title="bbox 418 3975 1939 4050; baseline 0.006 -23"><span class='ocrx_word' id='word_1_507' title='bbox 418 3977 664 4050; x_wconf 61' lang='grc' dir='ltr'>εαυτεία,</span> <span class='ocrx_word' id='word_1_508' title='bbox 706 3975 788 4041; x_wconf 84' lang='grc' dir='ltr'>ἢν</span> <span class='ocrx_word' id='word_1_509' title='bbox 811 3980 925 4031; x_wconf 79' lang='grc' dir='ltr'>οὐκ</span> <span class='ocrx_word' id='word_1_510' title='bbox 958 3978 1303 4047; x_wconf 74' lang='grc' dir='ltr'>ἐφύτευσεν</span> <span class='ocrx_word' id='word_1_511' title='bbox 1325 3981 1358 4031; x_wconf 85' lang='grc' dir='ltr'><strong><em>ό</em></strong></span> <span class='ocrx_word' id='word_1_512' title='bbox 1380 3979 1583 4049; x_wconf 79' lang='grc' dir='ltr'>Πατήρ</span> <span class='ocrx_word' id='word_1_513' title='bbox 1606 3997 1750 4050; x_wconf 87' lang='grc' dir='ltr'>μου,</span> <span class='ocrx_word' id='word_1_514' title='bbox 1780 3981 1939 4050; x_wconf 82' lang='grc' dir='ltr'>ἐκρι-</span> 
     </span>
    </p>
   </div>
   <div class='ocr_carea' id='block_1_69' title="bbox 416 4047 850 4115">
    <p class='ocr_par' dir='ltr' id='par_1_69' title="bbox 416 4047 850 4115">
     <span class='ocr_line' id='line_1_69' title="bbox 416 4047 850 4115; baseline 0 -15"><span class='ocrx_word' id='word_1_515' title='bbox 416 4047 532 4106; x_wconf 72' lang='grc' dir='ltr'><strong>ζωθ</strong></span> <span class='ocrx_word' id='word_1_516' title='bbox 542 4050 788 4115; x_wconf 61' lang='lat' dir='ltr'><strong>licetat.</strong></span> <span class='ocrx_word' id='word_1_517' title='bbox 830 4064 850 4100; x_wconf 76' lang='grc' dir='ltr'><strong>ι</strong></span> 
     </span>
    </p>
   </div>
   <div class='ocr_carea' id='block_1_70' title="bbox 416 4211 1935 4285">
    <p class='ocr_par' dir='ltr' id='par_1_70' title="bbox 416 4211 1935 4285">
     <span class='ocr_line' id='line_1_70' title="bbox 416 4211 1935 4285; baseline 0.003 -19"><span class='ocrx_word' id='word_1_518' title='bbox 416 4212 599 4267; x_wconf 76' lang='grc' dir='ltr'>Τοῦτο</span> <span class='ocrx_word' id='word_1_519' title='bbox 628 4212 761 4284; x_wconf 77' lang='grc' dir='ltr'>περὶ</span> <span class='ocrx_word' id='word_1_520' title='bbox 790 4211 885 4266; x_wconf 82' lang='grc' dir='ltr'>τοῦ</span> <span class='ocrx_word' id='word_1_521' title='bbox 918 4212 1086 4282; x_wconf 80' lang='grc' dir='ltr'>νόμον</span> <span class='ocrx_word' id='word_1_522' title='bbox 1129 4213 1297 4282; x_wconf 70' lang='grc' dir='ltr'>φασὶν</span> <span class='ocrx_word' id='word_1_523' title='bbox 1330 4212 1588 4285; x_wconf 81' lang='grc' dir='ltr'>εἰρῆσθαι</span> <span class='ocrx_word' id='word_1_524' title='bbox 1617 4215 1667 4268; x_wconf 79' lang='grc' dir='ltr'>οἱ</span> <span class='ocrx_word' id='word_1_525' title='bbox 1700 4214 1769 4269; x_wconf 74' lang='grc' dir='ltr'><strong>τὰ</strong></span> <span class='ocrx_word' id='word_1_526' title='bbox 1809 4216 1935 4270; x_wconf 84' lang='lat' dir='ltr'><strong>Ma.-</strong></span> 
     </span>
    </p>
   </div>
   <div class='ocr_carea' id='block_1_71' title="bbox 342 4304 1937 4378">
    <p class='ocr_par' dir='ltr' id='par_1_71' title="bbox 342 4304 1937 4378">
     <span class='ocr_line' id='line_1_71' title="bbox 342 4304 1937 4378; baseline 0 -18"><span class='ocrx_word' id='word_1_527' title='bbox 342 4308 579 4377; x_wconf 80' lang='grc' dir='ltr'>νιχαίων</span> <span class='ocrx_word' id='word_1_528' title='bbox 611 4304 923 4369; x_wconf 76' lang='grc' dir='ltr'>νοσοῦντες.</span> <span class='ocrx_word' id='word_1_529' title='bbox 977 4304 1118 4359; x_wconf 81' lang='grc' dir='ltr'>Ἀλλ’</span> <span class='ocrx_word' id='word_1_530' title='bbox 1147 4306 1495 4376; x_wconf 73' lang='grc' dir='ltr'>ἐπιστομίζει</span> <span class='ocrx_word' id='word_1_531' title='bbox 1525 4306 1595 4359; x_wconf 69' lang='grc' dir='ltr'>τὰ</span> <span class='ocrx_word' id='word_1_532' title='bbox 1622 4306 1937 4378; x_wconf 80' lang='grc' dir='ltr'>ἔμπροσθεν</span> 
     </span>
    </p>
   </div>
   <div class='ocr_carea' id='block_1_72' title="bbox 342 4399 1937 4471">
    <p class='ocr_par' dir='ltr' id='par_1_72' title="bbox 342 4399 1937 4471">
     <span class='ocr_line' id='line_1_72' title="bbox 342 4399 1937 4471; baseline -0.001 -16"><span class='ocrx_word' id='word_1_533' title='bbox 342 4401 628 4471; x_wconf 80' lang='grc' dir='ltr'>εἰρημένα</span> <span class='ocrx_word' id='word_1_534' title='bbox 654 4400 873 4463; x_wconf 84' lang='grc' dir='ltr'>αὐτούς.</span> <span class='ocrx_word' id='word_1_535' title='bbox 906 4399 969 4453; x_wconf 80' lang='lat' dir='ltr'><strong>Ei</strong></span> <span class='ocrx_word' id='word_1_536' title='bbox 999 4400 1106 4469; x_wconf 83' lang='grc' dir='ltr'><strong>γὰρ</strong></span> <span class='ocrx_word' id='word_1_537' title='bbox 1144 4400 1272 4470; x_wconf 72' lang='grc' dir='ltr'>περὶ</span> <span class='ocrx_word' id='word_1_538' title='bbox 1299 4399 1394 4453; x_wconf 80' lang='grc' dir='ltr'>τοῦ</span> <span class='ocrx_word' id='word_1_539' title='bbox 1418 4399 1586 4469; x_wconf 83' lang='grc' dir='ltr'>νόμου</span> <span class='ocrx_word' id='word_1_540' title='bbox 1621 4400 1796 4468; x_wconf 78' lang='grc' dir='ltr'>ἔλεγε,</span> <span class='ocrx_word' id='word_1_541' title='bbox 1820 4402 1937 4466; x_wconf 84' lang='grc' dir='ltr'><strong>πῶς</strong></span> 
     </span>
    </p>
   </div>
   <div class='ocr_carea' id='block_1_73' title="bbox 338 4489 1933 4561">
    <p class='ocr_par' dir='ltr' id='par_1_73' title="bbox 338 4489 1933 4561">
     <span class='ocr_line' id='line_1_73' title="bbox 338 4489 1933 4561; baseline -0.002 -15"><span class='ocrx_word' id='word_1_542' title='bbox 338 4493 619 4560; x_wconf 78' lang='grc' dir='ltr'><strong>ἀνωτέρω</strong></span> <span class='ocrx_word' id='word_1_543' title='bbox 645 4489 998 4557; x_wconf 79' lang='grc' dir='ltr'>ἀπολογεῖται</span> <span class='ocrx_word' id='word_1_544' title='bbox 1038 4489 1182 4559; x_wconf 85' lang='grc' dir='ltr'>ὑπὲρ</span> <span class='ocrx_word' id='word_1_545' title='bbox 1212 4490 1404 4556; x_wconf 81' lang='grc' dir='ltr'>αὑτοῦ,</span> <span class='ocrx_word' id='word_1_546' title='bbox 1440 4490 1537 4543; x_wconf 76' lang='grc' dir='ltr'>καὶ</span> <span class='ocrx_word' id='word_1_547' title='bbox 1567 4492 1802 4561; x_wconf 82' lang='grc' dir='ltr'>μάχεται</span> <span class='ocrx_word' id='word_1_548' title='bbox 1844 4492 1933 4544; x_wconf 82' lang='grc' dir='ltr'><strong>λέ-</strong></span> 
     </span>
    </p>
   </div>
   <div class='ocr_carea' id='block_1_74' title="bbox 340 4579 1933 4651">
    <p class='ocr_par' dir='ltr' id='par_1_74' title="bbox 340 4579 1933 4651">
     <span class='ocr_line' id='line_1_74' title="bbox 340 4579 1933 4651; baseline -0.001 -14"><span class='ocrx_word' id='word_1_549' title='bbox 340 4603 455 4651; x_wconf 69' lang='grc' dir='ltr'><strong>των</strong></span> <span class='ocrx_word' id='word_1_550' title='bbox 483 4599 498 4612; x_wconf 75' lang='grc' dir='ltr'><strong>ο</strong></span> <span class='ocrx_word' id='word_1_551' title='bbox 535 4582 707 4635; x_wconf 69' lang='lat' dir='ltr'><strong>Atat!</strong></span> <span class='ocrx_word' id='word_1_552' title='bbox 741 4583 1140 4650; x_wconf 77' lang='grc' dir='ltr'>παραϐαίνετε</span> <span class='ocrx_word' id='word_1_553' title='bbox 1178 4579 1294 4650; x_wconf 79' lang='grc' dir='ltr'>τὴν</span> <span class='ocrx_word' id='word_1_554' title='bbox 1344 4581 1610 4649; x_wconf 78' lang='grc' dir='ltr'>ἐντολὴν</span> <span class='ocrx_word' id='word_1_555' title='bbox 1650 4580 1755 4634; x_wconf 80' lang='grc' dir='ltr'><strong>τοῦ</strong></span> <span class='ocrx_word' id='word_1_556' title='bbox 1783 4582 1933 4636; x_wconf 85' lang='grc' dir='ltr'>Θεοῦ</span> 
     </span>
    </p>
   </div>
   <div class='ocr_carea' id='block_1_75' title="bbox 2051 3390 3628 3462">
    <p class='ocr_par' dir='ltr' id='par_1_75' title="bbox 2051 3390 3628 3462">
     <span class='ocr_line' id='line_1_75' title="bbox 2051 3390 3628 3462; baseline 0.009 -20"><span class='ocrx_word' id='word_1_557' title='bbox 2051 3390 2235 3443; x_wconf 89' lang='lat' dir='ltr'><strong>minus</strong></span> <span class='ocrx_word' id='word_1_558' title='bbox 2269 3399 2353 3445; x_wconf 89' lang='lat' dir='ltr'><strong>est</strong></span> <span class='ocrx_word' id='word_1_559' title='bbox 2392 3407 2457 3446; x_wconf 85' lang='lat' dir='ltr'><strong>ex</strong></span> <span class='ocrx_word' id='word_1_560' title='bbox 2494 3391 2735 3461; x_wconf 88' lang='lat' dir='ltr'><strong>quinque</strong></span> <span class='ocrx_word' id='word_1_561' title='bbox 2784 3394 3016 3462; x_wconf 88' lang='lat' dir='ltr'><strong>panibus</strong></span> <span class='ocrx_word' id='word_1_562' title='bbox 3062 3397 3243 3451; x_wconf 78' lang='lat' dir='ltr'><strong>facere</strong></span> <span class='ocrx_word' id='word_1_563' title='bbox 3284 3406 3391 3451; x_wconf 89' lang='lat' dir='ltr'><strong>tam</strong></span> <span class='ocrx_word' id='word_1_564' title='bbox 3427 3400 3628 3457; x_wconf 88' lang='lat' dir='ltr'><strong>multos</strong></span> 
     </span>
    </p>
   </div>
   <div class='ocr_carea' id='block_1_76' title="bbox 2054 3488 3629 3557">
    <p class='ocr_par' dir='ltr' id='par_1_76' title="bbox 2054 3488 3629 3557">
     <span class='ocr_line' id='line_1_76' title="bbox 2054 3488 3629 3557; baseline 0.008 -21"><span class='ocrx_word' id='word_1_565' title='bbox 2054 3498 2249 3552; x_wconf 87' lang='lat' dir='ltr'><strong>panes,</strong></span> <span class='ocrx_word' id='word_1_566' title='bbox 2336 3492 2431 3538; x_wconf 90' lang='lat' dir='ltr'><strong>aut</strong></span> <span class='ocrx_word' id='word_1_567' title='bbox 2489 3501 2555 3539; x_wconf 79' lang='lat' dir='ltr'><strong>ex</strong></span> <span class='ocrx_word' id='word_1_568' title='bbox 2635 3488 2851 3542; x_wconf 89' lang='lat' dir='ltr'><strong>duobus</strong></span> <span class='ocrx_word' id='word_1_569' title='bbox 2930 3488 3178 3557; x_wconf 84' lang='lat' dir='ltr'><strong>piscibus</strong></span> <span class='ocrx_word' id='word_1_570' title='bbox 3264 3499 3375 3545; x_wconf 83' lang='lat' dir='ltr'><strong>tam</strong></span> <span class='ocrx_word' id='word_1_571' title='bbox 3432 3492 3629 3550; x_wconf 85' lang='lat' dir='ltr'><strong>multos</strong></span> 
     </span>
    </p>
   </div>
   <div class='ocr_carea' id='block_1_77' title="bbox 2050 3575 3627 3654">
    <p class='ocr_par' dir='ltr' id='par_1_77' title="bbox 2050 3575 3627 3654">
     <span class='ocr_line' id='line_1_77' title="bbox 2050 3575 3627 3654; baseline 0.01 -28"><span class='ocrx_word' id='word_1_572' title='bbox 2050 3575 2254 3641; x_wconf 82' lang='lat' dir='ltr'><strong>pisces,</strong></span> <span class='ocrx_word' id='word_1_573' title='bbox 2312 3576 2457 3643; x_wconf 90' lang='lat' dir='ltr'><strong>quod</strong></span> <span class='ocrx_word' id='word_1_574' title='bbox 2511 3576 2749 3631; x_wconf 82' lang='lat' dir='ltr'><strong>declarat</strong></span> <span class='ocrx_word' id='word_1_575' title='bbox 2781 3593 2906 3631; x_wconf 84' lang='lat' dir='ltr'><strong>eum</strong></span> <span class='ocrx_word' id='word_1_576' title='bbox 2950 3594 3072 3633; x_wconf 89' lang='lat' dir='ltr'><strong>esse</strong></span> <span class='ocrx_word' id='word_1_577' title='bbox 3124 3591 3302 3645; x_wconf 72' lang='lat' dir='ltr'><strong>tet-rte,</strong></span> <span class='ocrx_word' id='word_1_578' title='bbox 3349 3586 3627 3654; x_wconf 88' lang='lat' dir='ltr'><strong>marisque</strong></span> 
     </span>
    </p>
   </div>
   <div class='ocr_carea' id='block_1_78' title="bbox 2050 3663 3630 3743">
    <p class='ocr_par' dir='ltr' id='par_1_78' title="bbox 2050 3663 3630 3743">
     <span class='ocr_line' id='line_1_78' title="bbox 2050 3663 3630 3743; baseline 0.01 -27"><span class='ocrx_word' id='word_1_579' title='bbox 2050 3663 2379 3730; x_wconf 85' lang='lat' dir='ltr'><strong>Dominum,</strong></span> <span class='ocrx_word' id='word_1_580' title='bbox 2409 3682 2571 3736; x_wconf 89' lang='lat' dir='ltr'><strong>quam</strong></span> <span class='ocrx_word' id='word_1_581' title='bbox 2629 3668 2867 3723; x_wconf 80' lang='lat' dir='ltr'><strong>fructum</strong></span> <span class='ocrx_word' id='word_1_582' title='bbox 2896 3685 2927 3725; x_wconf 90' lang='lat' dir='ltr'><strong>e</strong></span> <span class='ocrx_word' id='word_1_583' title='bbox 2959 3680 3123 3736; x_wconf 88' lang='lat' dir='ltr'><strong>terra,</strong></span> <span class='ocrx_word' id='word_1_584' title='bbox 3158 3681 3215 3726; x_wconf 90' lang='lat' dir='ltr'><strong>et</strong></span> <span class='ocrx_word' id='word_1_585' title='bbox 3263 3675 3477 3743; x_wconf 82' lang='lat' dir='ltr'><strong>reptilia</strong></span> <span class='ocrx_word' id='word_1_586' title='bbox 3505 3677 3630 3733; x_wconf 85' lang='lat' dir='ltr'><strong>ani-</strong></span> 
     </span>
    </p>
   </div>
   <div class='ocr_carea' id='block_1_79' title="bbox 2047 3760 2831 3830">
    <p class='ocr_par' dir='ltr' id='par_1_79' title="bbox 2047 3760 2831 3830">
     <span class='ocr_line' id='line_1_79' title="bbox 2047 3760 2831 3830; baseline 0.006 -19"><span class='ocrx_word' id='word_1_587' title='bbox 2047 3766 2191 3812; x_wconf 88' lang='lat' dir='ltr'><strong>mata</strong></span> <span class='ocrx_word' id='word_1_588' title='bbox 2219 3773 2286 3812; x_wconf 81' lang='lat' dir='ltr'><strong>ex</strong></span> <span class='ocrx_word' id='word_1_589' title='bbox 2319 3760 2477 3830; x_wconf 88' lang='lat' dir='ltr'><strong>aquis</strong></span> <span class='ocrx_word' id='word_1_590' title='bbox 2505 3762 2831 3817; x_wconf 88' lang='lat' dir='ltr'><strong>ostendisse.</strong></span> 
     </span>
    </p>
   </div>
   <div class='ocr_carea' id='block_1_80' title="bbox 2042 3916 3626 3986">
    <p class='ocr_par' dir='ltr' id='par_1_80' title="bbox 2042 3916 3626 3986">
     <span class='ocr_line' id='line_1_80' title="bbox 2042 3916 3626 3986; baseline 0.009 -15"><span class='ocrx_word' id='word_1_591' title='bbox 2042 3916 2317 3986; x_wconf 85' lang='lat' dir='ltr'><strong>Ejusdem.</strong></span> <span class='ocrx_word' id='word_1_592' title='bbox 2356 3934 2420 3971; x_wconf 77' lang='lat' dir='ltr'><strong>ex</strong></span> <span class='ocrx_word' id='word_1_593' title='bbox 2449 3918 2879 3985; x_wconf 78' lang='lat' dir='ltr'><strong>interpretatione</strong></span> <span class='ocrx_word' id='word_1_594' title='bbox 2916 3920 2970 3975; x_wconf 83' lang='lat' dir='ltr'><strong>in</strong></span> <span class='ocrx_word' id='word_1_595' title='bbox 3007 3921 3101 3975; x_wconf 76' lang='lat' dir='ltr'><strong>illa</strong></span> <span class='ocrx_word' id='word_1_596' title='bbox 3134 3924 3328 3979; x_wconf 69' lang='lat' dir='ltr'><strong>verba:</strong></span> <span class='ocrx_word' id='word_1_597' title='bbox 3360 3944 3380 3978; x_wconf 72' lang='grc' dir='ltr'><strong>ι</strong></span> <span class='ocrx_word' id='word_1_598' title='bbox 3439 3925 3626 3985; x_wconf 72' lang='lat' dir='ltr'><strong>Omnis</strong></span> 
     </span>
    </p>
   </div>
   <div class='ocr_carea' id='block_1_81' title="bbox 2113 3987 3620 4067">
    <p class='ocr_par' dir='ltr' id='par_1_81' title="bbox 2113 3987 3620 4067">
     <span class='ocr_line' id='line_1_81' title="bbox 2113 3987 3620 4067; baseline 0.01 -28"><span class='ocrx_word' id='word_1_599' title='bbox 2113 3987 2395 4067; x_wconf 38' lang='lat' dir='ltr'><strong>plant-otio,</strong></span> <span class='ocrx_word' id='word_1_600' title='bbox 2427 4004 2586 4067; x_wconf 62' lang='lat' dir='ltr'><strong>quam</strong></span> <span class='ocrx_word' id='word_1_601' title='bbox 2610 4007 2709 4044; x_wconf 87' lang='lat' dir='ltr'><strong>non</strong></span> <span class='ocrx_word' id='word_1_602' title='bbox 2743 3989 3006 4059; x_wconf 77' lang='lat' dir='ltr'><strong>plantavit</strong></span> <span class='ocrx_word' id='word_1_603' title='bbox 3026 3992 3187 4047; x_wconf 87' lang='lat' dir='ltr'><strong>Pater</strong></span> <span class='ocrx_word' id='word_1_604' title='bbox 3210 4011 3353 4049; x_wconf 79' lang='lat' dir='ltr'><strong>mens</strong></span> <span class='ocrx_word' id='word_1_605' title='bbox 3377 3997 3620 4067; x_wconf 69' lang='lat' dir='ltr'><strong>calcatis,</strong></span> 
     </span>
    </p>
   </div>
   <div class='ocr_carea' id='block_1_82' title="bbox 2120 4059 2596 4112">
    <p class='ocr_par' dir='ltr' id='par_1_82' title="bbox 2120 4059 2596 4112">
     <span class='ocr_line' id='line_1_82' title="bbox 2120 4059 2596 4112; baseline 0.002 -1"><span class='ocrx_word' id='word_1_606' title='bbox 2120 4059 2495 4112; x_wconf 68' lang='lat' dir='ltr'><strong>era-dicabitur.</strong></span> <span class='ocrx_word' id='word_1_607' title='bbox 2526 4059 2545 4089; x_wconf 91' lang='grc'><em>³</em></span> <span class='ocrx_word' id='word_1_608' title='bbox 2578 4078 2596 4111; x_wconf 76' lang='grc' dir='ltr'><strong>ι</strong></span> 
     </span>
    </p>
   </div>
   <div class='ocr_carea' id='block_1_83' title="bbox 2110 4214 3620 4293">
    <p class='ocr_par' dir='ltr' id='par_1_83' title="bbox 2110 4214 3620 4293">
     <span class='ocr_line' id='line_1_83' title="bbox 2110 4214 3620 4293; baseline 0.009 -24"><span class='ocrx_word' id='word_1_609' title='bbox 2110 4214 2224 4271; x_wconf 80' lang='lat' dir='ltr'><strong>Hoc</strong></span> <span class='ocrx_word' id='word_1_610' title='bbox 2257 4219 2325 4273; x_wconf 87' lang='lat' dir='ltr'><strong>de</strong></span> <span class='ocrx_word' id='word_1_611' title='bbox 2357 4219 2478 4288; x_wconf 85' lang='lat' dir='ltr'><strong>lege</strong></span> <span class='ocrx_word' id='word_1_612' title='bbox 2526 4218 2732 4273; x_wconf 89' lang='lat' dir='ltr'><strong>dictum</strong></span> <span class='ocrx_word' id='word_1_613' title='bbox 2759 4234 2882 4274; x_wconf 85' lang='lat' dir='ltr'><strong>esse</strong></span> <span class='ocrx_word' id='word_1_614' title='bbox 2912 4221 3127 4286; x_wconf 78' lang='lat' dir='ltr'><strong>volunt,</strong></span> <span class='ocrx_word' id='word_1_615' title='bbox 3165 4223 3256 4293; x_wconf 92' lang='lat' dir='ltr'><strong>qui</strong></span> <span class='ocrx_word' id='word_1_616' title='bbox 3291 4224 3620 4283; x_wconf 79' lang='lat' dir='ltr'><strong>Manichaeo-</strong></span> 
     </span>
    </p>
   </div>
   <div class='ocr_carea' id='block_1_84' title="bbox 2040 4308 3622 4382">
    <p class='ocr_par' dir='ltr' id='par_1_84' title="bbox 2040 4308 3622 4382">
     <span class='ocr_line' id='line_1_84' title="bbox 2040 4308 3622 4382; baseline 0.009 -22"><span class='ocrx_word' id='word_1_617' title='bbox 2040 4322 2160 4361; x_wconf 75' lang='lat' dir='ltr'><strong>rum</strong></span> <span class='ocrx_word' id='word_1_618' title='bbox 2195 4308 2444 4362; x_wconf 88' lang='lat' dir='ltr'><strong>laborant</strong></span> <span class='ocrx_word' id='word_1_619' title='bbox 2475 4309 2689 4376; x_wconf 88' lang='lat' dir='ltr'><strong>morbo,</strong></span> <span class='ocrx_word' id='word_1_620' title='bbox 2737 4310 2831 4365; x_wconf 84' lang='lat' dir='ltr'><strong>sed</strong></span> <span class='ocrx_word' id='word_1_621' title='bbox 2861 4312 3177 4382; x_wconf 86' lang='lat' dir='ltr'><strong>opinionem</strong></span> <span class='ocrx_word' id='word_1_622' title='bbox 3209 4329 3423 4370; x_wconf 64' lang='lat' dir='ltr'><strong>eorum</strong></span> <span class='ocrx_word' id='word_1_623' title='bbox 3455 4316 3622 4373; x_wconf 77' lang='lat' dir='ltr'><strong>refel-</strong></span> 
     </span>
    </p>
   </div>
   <div class='ocr_carea' id='block_1_85' title="bbox 2038 4399 3620 4471">
    <p class='ocr_par' dir='ltr' id='par_1_85' title="bbox 2038 4399 3620 4471">
     <span class='ocr_line' id='line_1_85' title="bbox 2038 4399 3620 4471; baseline 0.009 -19"><span class='ocrx_word' id='word_1_624' title='bbox 2038 4399 2155 4453; x_wconf 89' lang='lat' dir='ltr'><strong>lunt</strong></span> <span class='ocrx_word' id='word_1_625' title='bbox 2188 4415 2273 4465; x_wconf 90' lang='lat' dir='ltr'><strong>ea,</strong></span> <span class='ocrx_word' id='word_1_626' title='bbox 2313 4416 2435 4470; x_wconf 68' lang='lat' dir='ltr'><strong>quae</strong></span> <span class='ocrx_word' id='word_1_627' title='bbox 2467 4402 2720 4471; x_wconf 85' lang='lat' dir='ltr'><strong>superius</strong></span> <span class='ocrx_word' id='word_1_628' title='bbox 2771 4402 2915 4458; x_wconf 89' lang='lat' dir='ltr'><strong>dicta</strong></span> <span class='ocrx_word' id='word_1_629' title='bbox 2949 4416 3099 4461; x_wconf 88' lang='lat' dir='ltr'><strong>sunt.</strong></span> <span class='ocrx_word' id='word_1_630' title='bbox 3148 4407 3282 4462; x_wconf 87' lang='lat' dir='ltr'><strong>Nam</strong></span> <span class='ocrx_word' id='word_1_631' title='bbox 3313 4410 3357 4464; x_wconf 91' lang='lat' dir='ltr'><strong>si</strong></span> <span class='ocrx_word' id='word_1_632' title='bbox 3412 4410 3517 4465; x_wconf 87' lang='lat' dir='ltr'><strong>hoc</strong></span> <span class='ocrx_word' id='word_1_633' title='bbox 3551 4411 3620 4467; x_wconf 89' lang='lat' dir='ltr'><strong>de</strong></span> 
     </span>
    </p>
   </div>
   <div class='ocr_carea' id='block_1_86' title="bbox 2037 4492 3619 4572">
    <p class='ocr_par' dir='ltr' id='par_1_86' title="bbox 2037 4492 3619 4572">
     <span class='ocr_line' id='line_1_86' title="bbox 2037 4492 3619 4572; baseline 0.008 -26"><span class='ocrx_word' id='word_1_634' title='bbox 2037 4492 2155 4562; x_wconf 86' lang='lat' dir='ltr'><strong>lege</strong></span> <span class='ocrx_word' id='word_1_635' title='bbox 2194 4492 2454 4562; x_wconf 85' lang='lat' dir='ltr'><strong>loquitur,</strong></span> <span class='ocrx_word' id='word_1_636' title='bbox 2487 4507 2586 4546; x_wconf 91' lang='lat' dir='ltr'><strong>cur</strong></span> <span class='ocrx_word' id='word_1_637' title='bbox 2617 4509 2737 4548; x_wconf 86' lang='lat' dir='ltr'><strong>eam</strong></span> <span class='ocrx_word' id='word_1_638' title='bbox 2770 4502 2901 4549; x_wconf 89' lang='lat' dir='ltr'><strong>ante</strong></span> <span class='ocrx_word' id='word_1_639' title='bbox 2931 4496 3177 4552; x_wconf 82' lang='lat' dir='ltr'><strong>defendit</strong></span> <span class='ocrx_word' id='word_1_640' title='bbox 3198 4498 3222 4552; x_wconf 68' lang='grc' dir='ltr'><strong>ἲ</strong></span> <span class='ocrx_word' id='word_1_641' title='bbox 3242 4499 3356 4554; x_wconf 91' lang='lat' dir='ltr'><strong>Cur</strong></span> <span class='ocrx_word' id='word_1_642' title='bbox 3392 4517 3493 4572; x_wconf 91' lang='lat' dir='ltr'><strong>pro</strong></span> <span class='ocrx_word' id='word_1_643' title='bbox 3524 4504 3619 4559; x_wconf 89' lang='lat' dir='ltr'><strong>illo</strong></span> 
     </span>
    </p>
   </div>
   <div class='ocr_carea' id='block_1_87' title="bbox 2038 4583 3616 4658">
    <p class='ocr_par' dir='ltr' id='par_1_87' title="bbox 2038 4583 3616 4658">
     <span class='ocr_line' id='line_1_87' title="bbox 2038 4583 3616 4658; baseline 0.007 -21"><span class='ocrx_word' id='word_1_644' title='bbox 2038 4586 2380 4654; x_wconf 82' lang='lat' dir='ltr'><strong>propugnat?</strong></span> <span class='ocrx_word' id='word_1_645' title='bbox 2427 4583 2586 4650; x_wconf 82' lang='lat' dir='ltr'><strong>Quid,</strong></span> <span class='ocrx_word' id='word_1_646' title='bbox 2618 4584 2897 4655; x_wconf 88' lang='lat' dir='ltr'><strong>inquiens,</strong></span> <span class='ocrx_word' id='word_1_647' title='bbox 2925 4592 3356 4658; x_wconf 79' lang='lat' dir='ltr'><strong>transgredimini</strong></span> <span class='ocrx_word' id='word_1_648' title='bbox 3387 4596 3616 4649; x_wconf 88' lang='lat' dir='ltr'><strong>manda-</strong></span> 
     </span>
    </p>
   </div>
   <div class='ocr_carea' id='block_1_88' title="bbox 338 4669 1946 4754">
    <p class='ocr_par' dir='ltr' id='par_1_88' title="bbox 338 4669 1927 4742">
     <span class='ocr_line' id='line_1_88' title="bbox 338 4669 1927 4742; baseline -0.001 -17"><span class='ocrx_word' id='word_1_649' title='bbox 338 4673 436 4725; x_wconf 71' lang='grc' dir='ltr'><strong>διὰ</strong></span> <span class='ocrx_word' id='word_1_650' title='bbox 458 4671 582 4738; x_wconf 76' lang='grc' dir='ltr'>τὴν</span> <span class='ocrx_word' id='word_1_651' title='bbox 617 4669 960 4737; x_wconf 80' lang='grc' dir='ltr'>παράδοσιν</span> <span class='ocrx_word' id='word_1_652' title='bbox 990 4669 1194 4739; x_wconf 81' lang='grc' dir='ltr'><strong>ὐμῶν;</strong></span> <span class='ocrx_word' id='word_1_653' title='bbox 1242 4669 1372 4732; x_wconf 86' lang='grc' dir='ltr'><strong>Πῶς</strong></span> <span class='ocrx_word' id='word_1_654' title='bbox 1401 4670 1458 4724; x_wconf 85' lang='grc' dir='ltr'>δὲ</span> <span class='ocrx_word' id='word_1_655' title='bbox 1503 4672 1595 4724; x_wconf 64' lang='grc' dir='ltr'>τὸν</span> <span class='ocrx_word' id='word_1_656' title='bbox 1641 4672 1927 4742; x_wconf 83' lang='grc' dir='ltr'>προφήτην</span> 
     </span>
    </p>
   </div>
   <div class='ocr_carea' id='block_1_89' title="bbox 2048 4669 3617 4754">
    <p class='ocr_par' dir='ltr' id='par_1_89' title="bbox 2048 4674 3617 4754">
     <span class='ocr_line' id='line_1_89' title="bbox 2048 4674 3617 4754; baseline 0.01 -29"><span class='ocrx_word' id='word_1_657' title='bbox 2048 4686 2142 4730; x_wconf 70' lang='lat' dir='ltr'><strong>fum</strong></span> <span class='ocrx_word' id='word_1_658' title='bbox 2170 4674 2270 4729; x_wconf 87' lang='lat' dir='ltr'><strong>Dei</strong></span> <span class='ocrx_word' id='word_1_659' title='bbox 2288 4686 2501 4745; x_wconf 85' lang='lat' dir='ltr'><strong>prapter</strong></span> <span class='ocrx_word' id='word_1_660' title='bbox 2524 4678 2861 4731; x_wconf 83' lang='lat' dir='ltr'><strong>traditionem</strong></span> <span class='ocrx_word' id='word_1_661' title='bbox 2880 4688 3108 4733; x_wconf 77' lang='lat' dir='ltr'><strong>vestram</strong></span> <span class='ocrx_word' id='word_1_662' title='bbox 3127 4681 3149 4713; x_wconf 69' lang='grc'>⁸</span> <span class='ocrx_word' id='word_1_663' title='bbox 3166 4681 3189 4734; x_wconf 85' lang='lat'><strong>?</strong></span> <span class='ocrx_word' id='word_1_664' title='bbox 3206 4680 3318 4735; x_wconf 89' lang='lat' dir='ltr'><strong>Cur</strong></span> <span class='ocrx_word' id='word_1_665' title='bbox 3337 4685 3617 4754; x_wconf 71' lang='lat' dir='ltr'><strong>prOphetaa</strong></span> 
     </span>
    </p>
   </div>
   <div class='ocr_carea' id='block_1_90' title="bbox 337 4758 1923 4833">
    <p class='ocr_par' dir='ltr' id='par_1_90' title="bbox 337 4758 1923 4833">
     <span class='ocr_line' id='line_1_90' title="bbox 337 4758 1923 4833; baseline -0.003 -13"><span class='ocrx_word' id='word_1_666' title='bbox 337 4768 567 4833; x_wconf 73' lang='grc' dir='ltr'>εἰσάγει</span> <span class='ocrx_word' id='word_1_667' title='bbox 631 4767 709 4825; x_wconf 84' lang='grc' dir='ltr'><strong>είς</strong></span> <span class='ocrx_word' id='word_1_668' title='bbox 770 4764 935 4833; x_wconf 78' lang='grc' dir='ltr'>μέσον</span> <span class='ocrx_word' id='word_1_669' title='bbox 983 4763 1217 4831; x_wconf 80' lang='grc' dir='ltr'>λέγοντα</span> <span class='ocrx_word' id='word_1_670' title='bbox 1243 4778 1259 4794; x_wconf 89' lang='grc'><strong>·</strong></span> <span class='ocrx_word' id='word_1_671' title='bbox 1302 4762 1365 4816; x_wconf 88' lang='grc' dir='ltr'><em>Ὀ</em></span> <span class='ocrx_word' id='word_1_672' title='bbox 1394 4763 1547 4830; x_wconf 77' lang='grc' dir='ltr'><strong>λαός</strong></span> <span class='ocrx_word' id='word_1_673' title='bbox 1584 4758 1765 4831; x_wconf 84' lang='grc' dir='ltr'>οὗτος</span> <span class='ocrx_word' id='word_1_674' title='bbox 1804 4764 1923 4831; x_wconf 75' lang='grc' dir='ltr'>τοῖς</span> 
     </span>
    </p>
   </div>
   <div class='ocr_carea' id='block_1_91' title="bbox 336 4854 1933 4928">
    <p class='ocr_par' dir='ltr' id='par_1_91' title="bbox 336 4854 1933 4928">
     <span class='ocr_line' id='line_1_91' title="bbox 336 4854 1933 4928; baseline -0.003 -15"><span class='ocrx_word' id='word_1_675' title='bbox 336 4857 595 4928; x_wconf 68' lang='grc' dir='ltr'>χείλεσι</span> <span class='ocrx_word' id='word_1_676' title='bbox 642 4874 722 4927; x_wconf 83' lang='grc' dir='ltr'><strong>με</strong></span> <span class='ocrx_word' id='word_1_677' title='bbox 757 4855 915 4925; x_wconf 75' lang='grc' dir='ltr'>τιμᾷ,</span> <span class='ocrx_word' id='word_1_678' title='bbox 942 4858 1037 4911; x_wconf 72' lang='grc' dir='ltr'><strong>καὶ</strong></span> <span class='ocrx_word' id='word_1_679' title='bbox 1066 4858 1134 4910; x_wconf 79' lang='grc' dir='ltr'>τὰ</span> <span class='ocrx_word' id='word_1_680' title='bbox 1181 4855 1343 4924; x_wconf 78' lang='grc' dir='ltr'>ὲξῆς;</span> <span class='ocrx_word' id='word_1_681' title='bbox 1370 4854 1535 4909; x_wconf 85' lang='grc' dir='ltr'>Ἀλλὰ</span> <span class='ocrx_word' id='word_1_682' title='bbox 1585 4856 1715 4925; x_wconf 74' lang='grc' dir='ltr'>περὶ</span> <span class='ocrx_word' id='word_1_683' title='bbox 1749 4855 1933 4909; x_wconf 80' lang='grc' dir='ltr'>αὐτῶν</span> 
     </span>
    </p>
   </div>
   <div class='ocr_carea' id='block_1_92' title="bbox 254 4939 1926 5019">
    <p class='ocr_par' dir='ltr' id='par_1_92' title="bbox 254 4939 1926 5019">
     <span class='ocr_line' id='line_1_92' title="bbox 254 4939 1926 5019; baseline -0.001 -14"><span class='ocrx_word' id='word_1_684' title='bbox 254 4939 261 4944; x_wconf 58' lang='grc'><em>’</em></span> <span class='ocrx_word' id='word_1_685' title='bbox 336 4955 600 5013; x_wconf 76' lang='grc' dir='ltr'>ἐκείνων,</span> <span class='ocrx_word' id='word_1_686' title='bbox 632 4952 726 5004; x_wconf 81' lang='grc' dir='ltr'><strong>καὶ</strong></span> <span class='ocrx_word' id='word_1_687' title='bbox 759 4950 869 5003; x_wconf 82' lang='grc' dir='ltr'><strong>τῶν</strong></span> <span class='ocrx_word' id='word_1_688' title='bbox 906 4948 1264 5019; x_wconf 79' lang='grc' dir='ltr'>παραδόσεων</span> <span class='ocrx_word' id='word_1_689' title='bbox 1296 4949 1475 5002; x_wconf 83' lang='grc' dir='ltr'>αὐτῶν</span> <span class='ocrx_word' id='word_1_690' title='bbox 1508 4948 1685 5002; x_wconf 79' lang='grc' dir='ltr'>ταῦτά</span> <span class='ocrx_word' id='word_1_691' title='bbox 1736 4965 1926 5019; x_wconf 81' lang='grc' dir='ltr'>φησιν.</span> 
     </span>
    </p>
   </div>
   <div class='ocr_carea' id='block_1_93' title="bbox 336 5038 1934 5116">
    <p class='ocr_par' dir='ltr' id='par_1_93' title="bbox 336 5038 1934 5116">
     <span class='ocr_line' id='line_1_93' title="bbox 336 5038 1934 5116; baseline -0.005 -13"><span class='ocrx_word' id='word_1_692' title='bbox 336 5050 399 5103; x_wconf 80' lang='grc' dir='ltr'><strong>Εἰ</strong></span> <span class='ocrx_word' id='word_1_693' title='bbox 437 5048 558 5116; x_wconf 81' lang='grc' dir='ltr'><strong>γὰρ</strong></span> <span class='ocrx_word' id='word_1_694' title='bbox 596 5045 626 5098; x_wconf 82' lang='grc' dir='ltr'><strong>ὁ</strong></span> <span class='ocrx_word' id='word_1_695' title='bbox 655 5044 785 5108; x_wconf 62' lang='grc' dir='ltr'>Θεὸς</span> <span class='ocrx_word' id='word_1_696' title='bbox 814 5038 958 5096; x_wconf 74' lang='grc' dir='ltr'>εἶπε⁶</span> <span class='ocrx_word' id='word_1_697' title='bbox 987 5045 1129 5111; x_wconf 81' lang='grc' dir='ltr'>Τίμα</span> <span class='ocrx_word' id='word_1_698' title='bbox 1155 5044 1260 5096; x_wconf 84' lang='grc' dir='ltr'>τὸν</span> <span class='ocrx_word' id='word_1_699' title='bbox 1282 5042 1509 5111; x_wconf 85' lang='grc' dir='ltr'>πατέρα</span> <span class='ocrx_word' id='word_1_700' title='bbox 1540 5058 1656 5095; x_wconf 86' lang='grc' dir='ltr'><strong>σου</strong></span> <span class='ocrx_word' id='word_1_701' title='bbox 1684 5042 1783 5095; x_wconf 76' lang='grc' dir='ltr'>καὶ</span> <span class='ocrx_word' id='word_1_702' title='bbox 1816 5042 1934 5111; x_wconf 81' lang='grc' dir='ltr'>τὴν</span> 
     </span>
    </p>
   </div>
   <div class='ocr_carea' id='block_1_94' title="bbox 332 5134 1928 5209">
    <p class='ocr_par' dir='ltr' id='par_1_94' title="bbox 332 5134 1928 5209">
     <span class='ocr_line' id='line_1_94' title="bbox 332 5134 1928 5209; baseline -0.004 -17"><span class='ocrx_word' id='word_1_703' title='bbox 332 5138 573 5209; x_wconf 80' lang='grc' dir='ltr'>μητέρα</span> <span class='ocrx_word' id='word_1_704' title='bbox 608 5151 745 5200; x_wconf 85' lang='grc' dir='ltr'>σου,</span> <span class='ocrx_word' id='word_1_705' title='bbox 784 5135 902 5199; x_wconf 82' lang='grc' dir='ltr'><strong>πῶς</strong></span> <span class='ocrx_word' id='word_1_706' title='bbox 951 5137 1051 5188; x_wconf 71' lang='grc' dir='ltr'><strong>οὐκ</strong></span> <span class='ocrx_word' id='word_1_707' title='bbox 1094 5134 1213 5187; x_wconf 82' lang='grc' dir='ltr'>ἔστι</span> <span class='ocrx_word' id='word_1_708' title='bbox 1259 5135 1455 5201; x_wconf 76' lang='grc' dir='ltr'>φυτεία</span> <span class='ocrx_word' id='word_1_709' title='bbox 1512 5134 1647 5187; x_wconf 78' lang='grc' dir='ltr'>Θεοῦ</span> <span class='ocrx_word' id='word_1_710' title='bbox 1681 5134 1742 5187; x_wconf 81' lang='grc' dir='ltr'><strong>τὸ</strong></span> <span class='ocrx_word' id='word_1_711' title='bbox 1774 5134 1928 5204; x_wconf 84' lang='grc' dir='ltr'>παρὰ</span> 
     </span>
    </p>
   </div>
   <div class='ocr_carea' id='block_1_95' title="bbox 335 5224 1928 5299">
    <p class='ocr_par' dir='ltr' id='par_1_95' title="bbox 335 5224 1928 5299">
     <span class='ocr_line' id='line_1_95' title="bbox 335 5224 1928 5299; baseline -0.006 -13"><span class='ocrx_word' id='word_1_712' title='bbox 335 5232 481 5286; x_wconf 73' lang='grc' dir='ltr'>Θεοῦ</span> <span class='ocrx_word' id='word_1_713' title='bbox 516 5230 843 5299; x_wconf 76' lang='grc' dir='ltr'>είρημένον;</span> <span class='ocrx_word' id='word_1_714' title='bbox 877 5228 987 5281; x_wconf 77' lang='grc' dir='ltr'>Καὶ</span> <span class='ocrx_word' id='word_1_715' title='bbox 1017 5227 1080 5280; x_wconf 69' lang='grc' dir='ltr'>τὸ</span> <span class='ocrx_word' id='word_1_716' title='bbox 1103 5224 1231 5298; x_wconf 77' lang='grc' dir='ltr'><strong>ἑξῆς</strong></span> <span class='ocrx_word' id='word_1_717' title='bbox 1259 5226 1312 5279; x_wconf 79' lang='grc' dir='ltr'><strong>δὲ</strong></span> <span class='ocrx_word' id='word_1_718' title='bbox 1345 5226 1620 5279; x_wconf 86' lang='grc' dir='ltr'>δείκνυσιν</span> <span class='ocrx_word' id='word_1_719' title='bbox 1664 5225 1748 5278; x_wconf 83' lang='grc' dir='ltr'><strong>ὅτι</strong></span> <span class='ocrx_word' id='word_1_720' title='bbox 1796 5224 1928 5295; x_wconf 84' lang='grc' dir='ltr'>περὶ</span> 
     </span>
    </p>
   </div>
   <div class='ocr_carea' id='block_1_96' title="bbox 333 5317 1926 5394">
    <p class='ocr_par' dir='ltr' id='par_1_96' title="bbox 333 5317 1926 5394">
     <span class='ocr_line' id='line_1_96' title="bbox 333 5317 1926 5394; baseline -0.008 -14"><span class='ocrx_word' id='word_1_721' title='bbox 333 5326 529 5380; x_wconf 75' lang='grc' dir='ltr'>αὐτῶν</span> <span class='ocrx_word' id='word_1_722' title='bbox 545 5325 886 5394; x_wconf 75' lang='grc' dir='ltr'>εἴρηται,κα“ι</span> <span class='ocrx_word' id='word_1_723' title='bbox 910 5322 1019 5375; x_wconf 84' lang='grc' dir='ltr'>τῶν</span> <span class='ocrx_word' id='word_1_724' title='bbox 1045 5319 1399 5388; x_wconf 85' lang='grc' dir='ltr'>παραδόσεων</span> <span class='ocrx_word' id='word_1_725' title='bbox 1418 5320 1623 5372; x_wconf 81' lang='grc' dir='ltr'>αὐτῶν.</span> <span class='ocrx_word' id='word_1_726' title='bbox 1644 5317 1926 5387; x_wconf 78' lang='grc' dir='ltr'>Ἐπήγαγε</span> 
     </span>
    </p>
   </div>
   <div class='ocr_carea' id='block_1_97' title="bbox 334 5412 1925 5489">
    <p class='ocr_par' dir='ltr' id='par_1_97' title="bbox 334 5412 1925 5489">
     <span class='ocr_line' id='line_1_97' title="bbox 334 5412 1925 5489; baseline -0.007 -15"><span class='ocrx_word' id='word_1_727' title='bbox 334 5422 476 5489; x_wconf 82' lang='grc' dir='ltr'>γοῦν</span> <span class='ocrx_word' id='word_1_728' title='bbox 504 5438 517 5451; x_wconf 95' lang='grc'>·</span> <span class='ocrx_word' id='word_1_729' title='bbox 558 5418 804 5485; x_wconf 80' lang='grc' dir='ltr'>Ὀδηγοί</span> <span class='ocrx_word' id='word_1_730' title='bbox 834 5418 955 5469; x_wconf 77' lang='grc' dir='ltr'>εἱσι</span> <span class='ocrx_word' id='word_1_731' title='bbox 987 5412 1257 5481; x_wconf 69' lang='grc' dir='ltr'>τυφλῶν.</span> <span class='ocrx_word' id='word_1_732' title='bbox 1296 5413 1358 5465; x_wconf 78' lang='lat' dir='ltr'><strong>Et</strong></span> <span class='ocrx_word' id='word_1_733' title='bbox 1391 5412 1447 5465; x_wconf 84' lang='grc' dir='ltr'><strong>δὲ</strong></span> <span class='ocrx_word' id='word_1_734' title='bbox 1472 5413 1600 5480; x_wconf 77' lang='grc' dir='ltr'>περὶ</span> <span class='ocrx_word' id='word_1_735' title='bbox 1621 5413 1716 5464; x_wconf 83' lang='grc' dir='ltr'>τοῦ</span> <span class='ocrx_word' id='word_1_736' title='bbox 1758 5412 1925 5481; x_wconf 81' lang='grc' dir='ltr'>νόμου</span> 
     </span>
    </p>
   </div>
   <div class='ocr_carea' id='block_1_98' title="bbox 337 5504 1923 5582">
    <p class='ocr_par' dir='ltr' id='par_1_98' title="bbox 337 5504 1923 5582">
     <span class='ocr_line' id='line_1_98' title="bbox 337 5504 1923 5582; baseline -0.004 -15"><span class='ocrx_word' id='word_1_737' title='bbox 337 5515 522 5582; x_wconf 74' lang='grc' dir='ltr'>ἔλεγε,</span> <span class='ocrx_word' id='word_1_738' title='bbox 544 5513 704 5567; x_wconf 74' lang='grc' dir='ltr'>τοῦτο</span> <span class='ocrx_word' id='word_1_739' title='bbox 739 5508 898 5565; x_wconf 79' lang='grc' dir='ltr'>εἶπεν</span> <span class='ocrx_word' id='word_1_740' title='bbox 925 5508 1264 5578; x_wconf 78' lang='grc' dir='ltr'><strong>ἄν·⁶υδηγός</strong></span> <span class='ocrx_word' id='word_1_741' title='bbox 1305 5508 1419 5559; x_wconf 77' lang='grc' dir='ltr'>ἐστι</span> <span class='ocrx_word' id='word_1_742' title='bbox 1448 5506 1650 5574; x_wconf 78' lang='grc' dir='ltr'>τυφλὸς</span> <span class='ocrx_word' id='word_1_743' title='bbox 1685 5504 1923 5573; x_wconf 68' lang='grc' dir='ltr'>τυφλῶν.</span> 
     </span>
    </p>
   </div>
   <div class='ocr_carea' id='block_1_99' title="bbox 348 5600 1922 5681">
    <p class='ocr_par' dir='ltr' id='par_1_99' title="bbox 348 5600 1922 5681">
     <span class='ocr_line' id='line_1_99' title="bbox 348 5600 1922 5681; baseline -0.006 -18"><span class='ocrx_word' id='word_1_744' title='bbox 348 5607 497 5664; x_wconf 77' lang='grc' dir='ltr'>Ἀλλ’</span> <span class='ocrx_word' id='word_1_745' title='bbox 528 5610 627 5681; x_wconf 82' lang='grc' dir='ltr'>οὐχ</span> <span class='ocrx_word' id='word_1_746' title='bbox 660 5608 838 5672; x_wconf 78' lang='grc' dir='ltr'>οὕτως</span> <span class='ocrx_word' id='word_1_747' title='bbox 874 5600 1055 5672; x_wconf 80' lang='grc' dir='ltr'>εἶπεν,</span> <span class='ocrx_word' id='word_1_748' title='bbox 1088 5603 1207 5657; x_wconf 78' lang='grc' dir='ltr'>ἀλλ’</span> <span class='ocrx_word' id='word_1_749' title='bbox 1243 5600 1459 5672; x_wconf 81' lang='grc' dir='ltr'>Ὀδηγοί</span> <span class='ocrx_word' id='word_1_750' title='bbox 1480 5602 1585 5655; x_wconf 75' lang='grc' dir='ltr'>εισι</span> <span class='ocrx_word' id='word_1_751' title='bbox 1618 5600 1810 5669; x_wconf 75' lang='grc' dir='ltr'>τυφλοὶ</span> <span class='ocrx_word' id='word_1_752' title='bbox 1830 5617 1922 5654; x_wconf 89' lang='grc' dir='ltr'>τυ-</span> 
     </span>
    </p>
   </div>
   <div class='ocr_carea' id='block_1_100' title="bbox 2032 4769 3617 4845">
    <p class='ocr_par' dir='ltr' id='par_1_100' title="bbox 2032 4769 3617 4845">
     <span class='ocr_line' id='line_1_100' title="bbox 2032 4769 3617 4845; baseline 0.006 -22"><span class='ocrx_word' id='word_1_753' title='bbox 2032 4769 2359 4823; x_wconf 86' lang='lat' dir='ltr'><strong>sententiam</strong></span> <span class='ocrx_word' id='word_1_754' title='bbox 2390 4770 2444 4823; x_wconf 92' lang='lat' dir='ltr'><strong>in</strong></span> <span class='ocrx_word' id='word_1_755' title='bbox 2479 4770 2717 4824; x_wconf 87' lang='lat' dir='ltr'><strong>medium</strong></span> <span class='ocrx_word' id='word_1_756' title='bbox 2756 4771 2985 4841; x_wconf 80' lang='lat' dir='ltr'><strong>profert,</strong></span> <span class='ocrx_word' id='word_1_757' title='bbox 3021 4772 3255 4828; x_wconf 88' lang='lat' dir='ltr'><strong>dicentis</strong></span> <span class='ocrx_word' id='word_1_758' title='bbox 3292 4794 3305 4832; x_wconf 89' lang='lat'><strong>:</strong></span> <span class='ocrx_word' id='word_1_759' title='bbox 3356 4774 3617 4845; x_wconf 78' lang='lat' dir='ltr'><strong>.Populns</strong></span> 
     </span>
    </p>
   </div>
   <div class='ocr_carea' id='block_1_101' title="bbox 2030 4861 3611 4935">
    <p class='ocr_par' dir='ltr' id='par_1_101' title="bbox 2030 4861 3611 4935">
     <span class='ocr_line' id='line_1_101' title="bbox 2030 4861 3611 4935; baseline 0.008 -21"><span class='ocrx_word' id='word_1_760' title='bbox 2030 4863 2116 4914; x_wconf 81' lang='lat' dir='ltr'><strong>hic</strong></span> <span class='ocrx_word' id='word_1_761' title='bbox 2177 4861 2333 4916; x_wconf 77' lang='lat' dir='ltr'><strong>labiis</strong></span> <span class='ocrx_word' id='word_1_762' title='bbox 2384 4879 2465 4917; x_wconf 81' lang='lat' dir='ltr'><strong>me</strong></span> <span class='ocrx_word' id='word_1_763' title='bbox 2507 4863 2731 4917; x_wconf 83' lang='lat' dir='ltr'><strong>honorat</strong></span> <span class='ocrx_word' id='word_1_764' title='bbox 2764 4866 2807 4927; x_wconf 79' lang='grc'>⁸,</span> <span class='ocrx_word' id='word_1_765' title='bbox 2855 4873 2911 4919; x_wconf 87' lang='lat' dir='ltr'><strong>et</strong></span> <span class='ocrx_word' id='word_1_766' title='bbox 2942 4880 3063 4934; x_wconf 63' lang='lat' dir='ltr'><strong>qua:</strong></span> <span class='ocrx_word' id='word_1_767' title='bbox 3103 4870 3449 4935; x_wconf 86' lang='lat' dir='ltr'><strong>sequuntur?</strong></span> <span class='ocrx_word' id='word_1_768' title='bbox 3492 4869 3611 4926; x_wconf 88' lang='lat' dir='ltr'><strong>Non</strong></span> 
     </span>
    </p>
   </div>
   <div class='ocr_carea' id='block_1_102' title="bbox 2031 4954 3611 5029">
    <p class='ocr_par' dir='ltr' id='par_1_102' title="bbox 2031 4954 3611 5029">
     <span class='ocr_line' id='line_1_102' title="bbox 2031 4954 3611 5029; baseline 0.008 -23"><span class='ocrx_word' id='word_1_769' title='bbox 2031 4954 2196 5023; x_wconf 74' lang='lat' dir='ltr'><strong>igitur</strong></span> <span class='ocrx_word' id='word_1_770' title='bbox 2220 4960 2289 5009; x_wconf 86' lang='lat' dir='ltr'><strong>de</strong></span> <span class='ocrx_word' id='word_1_771' title='bbox 2316 4955 2454 5027; x_wconf 84' lang='lat' dir='ltr'><strong>lege,</strong></span> <span class='ocrx_word' id='word_1_772' title='bbox 2483 4956 2576 5011; x_wconf 91' lang='lat' dir='ltr'><strong>sed</strong></span> <span class='ocrx_word' id='word_1_773' title='bbox 2602 4956 2670 5011; x_wconf 92' lang='lat' dir='ltr'><strong>de</strong></span> <span class='ocrx_word' id='word_1_774' title='bbox 2702 4956 2806 5011; x_wconf 89' lang='lat' dir='ltr'><strong>illis</strong></span> <span class='ocrx_word' id='word_1_775' title='bbox 2834 4957 2988 5027; x_wconf 89' lang='lat' dir='ltr'><strong>ipsis,</strong></span> <span class='ocrx_word' id='word_1_776' title='bbox 3026 4974 3325 5029; x_wconf 91' lang='lat' dir='ltr'><strong>eorumque</strong></span> <span class='ocrx_word' id='word_1_777' title='bbox 3360 4960 3611 5019; x_wconf 89' lang='lat' dir='ltr'><strong>doctrina</strong></span> 
     </span>
    </p>
   </div>
   <div class='ocr_carea' id='block_1_103' title="bbox 2031 5048 3613 5124">
    <p class='ocr_par' dir='ltr' id='par_1_103' title="bbox 2031 5048 3613 5124">
     <span class='ocr_line' id='line_1_103' title="bbox 2031 5048 3613 5124; baseline 0.004 -21"><span class='ocrx_word' id='word_1_778' title='bbox 2031 5049 2147 5103; x_wconf 71' lang='lat' dir='ltr'><strong>haec</strong></span> <span class='ocrx_word' id='word_1_779' title='bbox 2169 5049 2312 5103; x_wconf 87' lang='lat' dir='ltr'><strong>dicta</strong></span> <span class='ocrx_word' id='word_1_780' title='bbox 2344 5058 2493 5105; x_wconf 92' lang='lat' dir='ltr'><strong>sunt.</strong></span> <span class='ocrx_word' id='word_1_781' title='bbox 2526 5048 2660 5103; x_wconf 81' lang='lat' dir='ltr'><strong>Nam</strong></span> <span class='ocrx_word' id='word_1_782' title='bbox 2697 5051 2742 5105; x_wconf 88' lang='lat' dir='ltr'><strong>si</strong></span> <span class='ocrx_word' id='word_1_783' title='bbox 2760 5050 2914 5106; x_wconf 85' lang='lat' dir='ltr'><strong>Deus</strong></span> <span class='ocrx_word' id='word_1_784' title='bbox 2946 5050 3079 5106; x_wconf 88' lang='lat' dir='ltr'><strong>dicit</strong></span> <span class='ocrx_word' id='word_1_785' title='bbox 3106 5070 3118 5105; x_wconf 91' lang='lat'>:</span> <span class='ocrx_word' id='word_1_786' title='bbox 3159 5051 3378 5107; x_wconf 86' lang='lat' dir='ltr'><strong>Honora</strong></span> <span class='ocrx_word' id='word_1_787' title='bbox 3405 5066 3613 5124; x_wconf 86' lang='lat' dir='ltr'><strong>patrem</strong></span> 
     </span>
    </p>
   </div>
   <div class='ocr_carea' id='block_1_104' title="bbox 2033 5142 3612 5214">
    <p class='ocr_par' dir='ltr' id='par_1_104' title="bbox 2033 5142 3612 5214">
     <span class='ocr_line' id='line_1_104' title="bbox 2033 5142 3612 5214; baseline 0.005 -20"><span class='ocrx_word' id='word_1_788' title='bbox 2033 5153 2203 5207; x_wconf 82' lang='lat' dir='ltr'><strong>tuum,</strong></span> <span class='ocrx_word' id='word_1_789' title='bbox 2240 5153 2287 5196; x_wconf 85' lang='lat' dir='ltr'><strong>et</strong></span> <span class='ocrx_word' id='word_1_790' title='bbox 2315 5155 2536 5197; x_wconf 82' lang='lat' dir='ltr'><strong>matrem</strong></span> <span class='ocrx_word' id='word_1_791' title='bbox 2572 5152 2721 5197; x_wconf 84' lang='lat' dir='ltr'><strong>tuam</strong></span> <span class='ocrx_word' id='word_1_792' title='bbox 2759 5144 2799 5206; x_wconf 82' lang='grc'>⁸,</span> <span class='ocrx_word' id='word_1_793' title='bbox 2856 5145 2948 5212; x_wconf 79' lang='lat' dir='ltr'><strong>qui</strong></span> <span class='ocrx_word' id='word_1_794' title='bbox 2977 5142 3092 5197; x_wconf 82' lang='lat' dir='ltr'><strong>ﬁeri</strong></span> <span class='ocrx_word' id='word_1_795' title='bbox 3150 5154 3350 5214; x_wconf 86' lang='lat' dir='ltr'><strong>potest,</strong></span> <span class='ocrx_word' id='word_1_796' title='bbox 3402 5153 3463 5200; x_wconf 86' lang='lat' dir='ltr'><strong>ut</strong></span> <span class='ocrx_word' id='word_1_797' title='bbox 3517 5148 3612 5203; x_wconf 84' lang='lat' dir='ltr'><strong>Dei</strong></span> 
     </span>
    </p>
   </div>
   <div class='ocr_carea' id='block_1_105' title="bbox 2026 5235 3613 5308">
    <p class='ocr_par' dir='ltr' id='par_1_105' title="bbox 2026 5235 3613 5308">
     <span class='ocr_line' id='line_1_105' title="bbox 2026 5235 3613 5308; baseline 0.005 -22"><span class='ocrx_word' id='word_1_798' title='bbox 2026 5235 2290 5305; x_wconf 85' lang='lat' dir='ltr'><strong>plantatio</strong></span> <span class='ocrx_word' id='word_1_799' title='bbox 2326 5250 2435 5289; x_wconf 93' lang='lat' dir='ltr'><strong>non</strong></span> <span class='ocrx_word' id='word_1_800' title='bbox 2466 5236 2557 5300; x_wconf 87' lang='lat' dir='ltr'><strong>sit,</strong></span> <span class='ocrx_word' id='word_1_801' title='bbox 2590 5235 2734 5305; x_wconf 93' lang='lat' dir='ltr'><strong>quod</strong></span> <span class='ocrx_word' id='word_1_802' title='bbox 2771 5251 2799 5289; x_wconf 89' lang='lat' dir='ltr'><strong>a</strong></span> <span class='ocrx_word' id='word_1_803' title='bbox 2838 5236 2950 5290; x_wconf 87' lang='lat' dir='ltr'><strong>Deo</strong></span> <span class='ocrx_word' id='word_1_804' title='bbox 2977 5236 3184 5291; x_wconf 90' lang='lat' dir='ltr'><strong>dictum</strong></span> <span class='ocrx_word' id='word_1_805' title='bbox 3216 5238 3347 5292; x_wconf 81' lang='lat' dir='ltr'><strong>est?</strong></span> <span class='ocrx_word' id='word_1_806' title='bbox 3376 5237 3441 5291; x_wconf 80' lang='lat' dir='ltr'><strong>Et</strong></span> <span class='ocrx_word' id='word_1_807' title='bbox 3464 5240 3613 5308; x_wconf 88' lang='lat' dir='ltr'><strong>quod</strong></span> 
     </span>
    </p>
   </div>
   <div class='ocr_carea' id='block_1_106' title="bbox 2028 5328 3609 5400">
    <p class='ocr_par' dir='ltr' id='par_1_106' title="bbox 2028 5328 3609 5400">
     <span class='ocr_line' id='line_1_106' title="bbox 2028 5328 3609 5400; baseline 0.001 -17"><span class='ocrx_word' id='word_1_808' title='bbox 2028 5332 2304 5399; x_wconf 86' lang='lat' dir='ltr'><strong>sequitur,</strong></span> <span class='ocrx_word' id='word_1_809' title='bbox 2342 5328 2588 5383; x_wconf 86' lang='lat' dir='ltr'><strong>ostendit</strong></span> <span class='ocrx_word' id='word_1_810' title='bbox 2641 5329 2709 5384; x_wconf 92' lang='lat' dir='ltr'><strong>de</strong></span> <span class='ocrx_word' id='word_1_811' title='bbox 2751 5330 2911 5399; x_wconf 89' lang='lat' dir='ltr'><strong>ipsis,</strong></span> <span class='ocrx_word' id='word_1_812' title='bbox 2961 5339 3015 5384; x_wconf 91' lang='lat' dir='ltr'><strong>et</strong></span> <span class='ocrx_word' id='word_1_813' title='bbox 3061 5330 3307 5385; x_wconf 87' lang='lat' dir='ltr'><strong>doctrina</strong></span> <span class='ocrx_word' id='word_1_814' title='bbox 3364 5331 3609 5400; x_wconf 86' lang='lat' dir='ltr'><strong>ipsorum</strong></span> 
     </span>
    </p>
   </div>
   <div class='ocr_carea' id='block_1_107' title="bbox 2028 5421 3608 5491">
    <p class='ocr_par' dir='ltr' id='par_1_107' title="bbox 2028 5421 3608 5491">
     <span class='ocr_line' id='line_1_107' title="bbox 2028 5421 3608 5491; baseline -0.002 -14"><span class='ocrx_word' id='word_1_815' title='bbox 2028 5423 2200 5478; x_wconf 83' lang='lat' dir='ltr'><strong>fuisse</strong></span> <span class='ocrx_word' id='word_1_816' title='bbox 2245 5421 2495 5487; x_wconf 87' lang='lat' dir='ltr'><strong>dictum;</strong></span> <span class='ocrx_word' id='word_1_817' title='bbox 2556 5421 2779 5491; x_wconf 87' lang='lat' dir='ltr'><strong>subjicit</strong></span> <span class='ocrx_word' id='word_1_818' title='bbox 2822 5423 2970 5477; x_wconf 89' lang='lat' dir='ltr'><strong>enim</strong></span> <span class='ocrx_word' id='word_1_819' title='bbox 3008 5440 3020 5476; x_wconf 93' lang='lat'>:</span> <span class='ocrx_word' id='word_1_820' title='bbox 3078 5423 3247 5477; x_wconf 77' lang='lat' dir='ltr'><strong>Duces</strong></span> <span class='ocrx_word' id='word_1_821' title='bbox 3286 5432 3409 5475; x_wconf 79' lang='lat' dir='ltr'><strong>sunt</strong></span> <span class='ocrx_word' id='word_1_822' title='bbox 3455 5422 3608 5487; x_wconf 68' lang='lat' dir='ltr'><strong>circi,</strong></span> 
     </span>
    </p>
   </div>
   <div class='ocr_carea' id='block_1_108' title="bbox 2029 5512 3619 5585">
    <p class='ocr_par' dir='ltr' id='par_1_108' title="bbox 2029 5512 3619 5585">
     <span class='ocr_line' id='line_1_108' title="bbox 2029 5512 3619 5585; baseline -0.001 -16"><span class='ocrx_word' id='word_1_823' title='bbox 2029 5531 2287 5569; x_wconf 84' lang='lat' dir='ltr'><strong>ca&#39;eorum</strong></span> <span class='ocrx_word' id='word_1_824' title='bbox 2325 5514 2365 5565; x_wconf 88' lang='lat'><strong>&quot;.</strong></span> <span class='ocrx_word' id='word_1_825' title='bbox 2394 5512 2552 5580; x_wconf 87' lang='lat' dir='ltr'><strong>Quod</strong></span> <span class='ocrx_word' id='word_1_826' title='bbox 2595 5514 2640 5568; x_wconf 89' lang='lat' dir='ltr'><strong>si</strong></span> <span class='ocrx_word' id='word_1_827' title='bbox 2673 5514 2740 5570; x_wconf 91' lang='lat' dir='ltr'><strong>de</strong></span> <span class='ocrx_word' id='word_1_828' title='bbox 2772 5514 2889 5585; x_wconf 81' lang='lat' dir='ltr'><strong>lege</strong></span> <span class='ocrx_word' id='word_1_829' title='bbox 2926 5516 3187 5570; x_wconf 86' lang='lat' dir='ltr'><strong>voluisset</strong></span> <span class='ocrx_word' id='word_1_830' title='bbox 3233 5512 3482 5582; x_wconf 80' lang='lat' dir='ltr'><strong>intelligi,</strong></span> <span class='ocrx_word' id='word_1_831' title='bbox 3529 5514 3619 5568; x_wconf 61' lang='lat' dir='ltr'><strong>dio&#39;</strong></span> 
     </span>
    </p>
   </div>
   <div class='ocr_carea' id='block_1_109' title="bbox 1982 5604 3605 5678">
    <p class='ocr_par' dir='ltr' id='par_1_109' title="bbox 1982 5604 3605 5678">
     <span class='ocr_line' id='line_1_109' title="bbox 1982 5604 3605 5678; baseline -0.001 -17"><span class='ocrx_word' id='word_1_832' title='bbox 1982 5616 1983 5619; x_wconf 79' lang='lat'>‘</span> <span class='ocrx_word' id='word_1_833' title='bbox 2030 5606 2205 5662; x_wconf 84' lang='lat' dir='ltr'><strong>xisset</strong></span> <span class='ocrx_word' id='word_1_834' title='bbox 2245 5622 2260 5661; x_wconf 90' lang='lat'><strong>:</strong></span> <span class='ocrx_word' id='word_1_835' title='bbox 2293 5604 2447 5662; x_wconf 70' lang='lat' dir='ltr'><strong>Cteca</strong></span> <span class='ocrx_word' id='word_1_836' title='bbox 2477 5616 2559 5663; x_wconf 88' lang='lat' dir='ltr'><strong>est</strong></span> <span class='ocrx_word' id='word_1_837' title='bbox 2588 5608 3119 5678; x_wconf 70' lang='lat' dir='ltr'><strong>ctecorumquedux.</strong></span> <span class='ocrx_word' id='word_1_838' title='bbox 3171 5604 3292 5660; x_wconf 83' lang='lat' dir='ltr'><strong>Non</strong></span> <span class='ocrx_word' id='word_1_839' title='bbox 3319 5614 3498 5658; x_wconf 84' lang='lat' dir='ltr'><strong>autem</strong></span> <span class='ocrx_word' id='word_1_840' title='bbox 3532 5604 3605 5660; x_wconf 87' lang='lat' dir='ltr'><strong>ita</strong></span> 
     </span>
    </p>
   </div>
   <div class='ocr_carea' id='block_1_110' title="bbox 410 5803 1946 5885">
    <p class='ocr_par' dir='ltr' id='par_1_110' title="bbox 410 5804 1946 5885">
     <span class='ocr_line' id='line_1_110' title="bbox 410 5804 1946 5885; baseline -0.003 -16"><span class='ocrx_word' id='word_1_841' title='bbox 410 5813 426 5843; x_wconf 80' lang='grc'>³</span> <span class='ocrx_word' id='word_1_842' title='bbox 460 5809 592 5869; x_wconf 79' lang='lat' dir='ltr'><strong>Gen.</strong></span> <span class='ocrx_word' id='word_1_843' title='bbox 626 5829 665 5885; x_wconf 79' lang='grc' dir='ltr'><strong>ι,</strong></span> <span class='ocrx_word' id='word_1_844' title='bbox 690 5812 745 5871; x_wconf 73' lang='lat'><strong>2.</strong></span> <span class='ocrx_word' id='word_1_845' title='bbox 814 5810 834 5842; x_wconf 77' lang='lat'><strong>’</strong></span> <span class='ocrx_word' id='word_1_846' title='bbox 859 5805 1000 5865; x_wconf 85' lang='lat' dir='ltr'><strong>ibid.</strong></span> <span class='ocrx_word' id='word_1_847' title='bbox 1032 5804 1122 5861; x_wconf 78' lang='grc' dir='ltr'>Η.</span> <span class='ocrx_word' id='word_1_848' title='bbox 1200 5804 1220 5838; x_wconf 84' lang='grc'><strong><em>⁸</em></strong></span> <span class='ocrx_word' id='word_1_849' title='bbox 1243 5804 1433 5862; x_wconf 75' lang='lat' dir='ltr'><strong>Matth.</strong></span> <span class='ocrx_word' id='word_1_850' title='bbox 1465 5821 1556 5876; x_wconf 85' lang='lat' dir='ltr'><strong>xv,</strong></span> <span class='ocrx_word' id='word_1_851' title='bbox 1603 5806 1685 5863; x_wconf 74' lang='lat' dir='ltr'><strong>l3.</strong></span> <span class='ocrx_word' id='word_1_852' title='bbox 1766 5806 1789 5841; x_wconf 73' lang='grc'>⁸</span> <span class='ocrx_word' id='word_1_853' title='bbox 1812 5805 1946 5865; x_wconf 85' lang='lat' dir='ltr'><strong>ibid.</strong></span> 
     </span>
    </p>
   </div>
   <div class='ocr_carea' id='block_1_111' title="bbox 2048 5803 3600 5885">
    <p class='ocr_par' dir='ltr' id='par_1_111' title="bbox 2121 5803 3600 5874">
     <span class='ocr_line' id='line_1_111' title="bbox 2121 5803 3600 5874; baseline 0 -10"><span class='ocrx_word' id='word_1_854' title='bbox 2121 5810 2141 5841; x_wconf 83' lang='grc'>⁸</span> <span class='ocrx_word' id='word_1_855' title='bbox 2174 5808 2307 5866; x_wconf 88' lang='lat' dir='ltr'><strong>ibid.</strong></span> <span class='ocrx_word' id='word_1_856' title='bbox 2343 5808 2396 5866; x_wconf 83' lang='grc' dir='ltr'><strong>θ.</strong></span> <span class='ocrx_word' id='word_1_857' title='bbox 2504 5808 2529 5841; x_wconf 74' lang='grc'>⁸</span> <span class='ocrx_word' id='word_1_858' title='bbox 2554 5806 2732 5865; x_wconf 84' lang='lat' dir='ltr'><strong>Exod.</strong></span> <span class='ocrx_word' id='word_1_859' title='bbox 2769 5823 2862 5863; x_wconf 87' lang='lat' dir='ltr'><strong>xx.</strong></span> <span class='ocrx_word' id='word_1_860' title='bbox 2918 5806 3002 5862; x_wconf 74' lang='lat'><strong>1‘2.</strong></span> <span class='ocrx_word' id='word_1_861' title='bbox 3042 5814 3045 5819; x_wconf 81' lang='lat'>&#39;</span> <span class='ocrx_word' id='word_1_862' title='bbox 3114 5803 3351 5859; x_wconf 73' lang='lat' dir='ltr'><strong>&#39;Mattlt.</strong></span> <span class='ocrx_word' id='word_1_863' title='bbox 3392 5819 3483 5874; x_wconf 86' lang='lat' dir='ltr'><strong>xv,</strong></span> <span class='ocrx_word' id='word_1_864' title='bbox 3512 5804 3600 5865; x_wconf 74' lang='grc' dir='ltr'>Η.</span> 
     </span>
    </p>
   </div>
  </div>
