4126 6426
392 1932 399 1939 .
485 1888 608 1945 illos
642 1886 942 1958 permittet.
978 1884 1347 1951 Quamobrem
1381 1882 1498 1936 haec
1527 1896 1637 1937 non
1673 1879 1742 1935 ad
1767 1878 1903 1950 legis
1923 1877 2067 1933 inte-

475 357 590 423 3.9.3
1719 335 2074 399 EUTHYM!

2175 308 2519 398 itGABENt
3584 275 3598 286 ~
3643 331 3753 396 est

478 472 633 533 dixit,
664 467 762 525 sed
791 481 860 522 eo
883 463 1066 537 potius
1096 460 1259 517 modo
1292 477 1304 513 :
1343 456 1675 537 Caeci‘s‘nnt,
1705 460 1761 505 et
1794 460 2064 505 caecorum

2175 450 2341 518 φλῶν,
2367 452 2576 507 ἐκεῖνον
2608 448 2711 519 μὶν
2740 448 3104 503 ἀπαλλάττων
3137 448 3238 520 τῆς
3277 444 3636 520 κατηγορίας,
3664 452 3747 510 είς

480 568 672 627 duces,
731 568 877 616 utet
906 558 1054 613 illam
1102 569 1133 609 a
1172 549 1614 623 reprehensione
1667 544 1945 605 liberaret,
2010 546 2065 594 et

2175 543 2229 598 δὲ
2260 544 2485 609 τούτους
2509 544 2570 599 τὸ
2597 546 2706 599 πᾶν
2738 543 3070 616 περιέλκων.

478 656 695 731 culpam
750 652 808 707 in
856 664 951 706 eos
1005 660 1223 705 omnem
1260 640 1559 697 conferret.

2518 810 2621 865 Ἐκ
2650 809 2760 878 τῆς
2791 807 2985 878 αὐτῆς
3015 809 3405 875 ἀκολουθίας.

2256 902 2661 977 Ἐρωτήσωμεν
2683 902 2864 955 τοίνυν
2896 904 3020 966 τοὺς
3053 902 3145 955 τὸν
3167 903 3333 970 νόμον
3353 899 3753 971 ἐμϐάλλοντας,

2170 995 2233 1049 τὸ
2302 996 2378 1067 μὴ
2445 994 2767 1067 ὀργίζεσθαι
2825 993 2921 1047 τοῦ
2974 995 3048 1064 μὴ
3095 992 3349 1063 φονεύειν
3403 990 3669 1067 ἐναντίον,
3718 992 3753 1061 ἢ

2176 1087 2381 1157 μᾶλλον
2435 1088 2648 1141 ἐκείνου
2707 1087 2991 1149 τελείωσις
3052 1082 3236 1150 τοῦτο,
3274 1083 3368 1136 καὶ
3398 1064 3753 1149 κατασκευῆς

2174 1179 2414 1251 Εὔδηλον
2462 1181 2546 1233 ὅτι
2608 1178 2771 1233 τοῦτο
2815 1179 3031 1231 ἐκείνου
3064 1177 3370 1248 πλήρωτις,
3434 1173 3531 1227 καὶ
3566 1171 3758 1243 μεῖξον

2173 1274 2370 1328 τούτου
2393 1274 2603 1328 ἕνεκεν.
2657 1272 2716 1326 Ὀ
2748 1275 2860 1345 γὰρ
2897 1272 3034 1344 πρὸς
3068 1273 3239 1343 ὀργὴν
3278 1270 3380 1324 οὐκ
3444 1269 3760 1339 ἐκφερόμε-

2175 1384 2265 1433 νος
2296 1366 2481 1438 πολλῷ
2541 1365 2744 1436 μᾶλλον
2800 1365 2964 1436 φόνου
3032 1364 3321 1434 ἀφέξεταιο
3373 1363 3471 1417 καὶ
3512 1364 3541 1415 ὀ
3580 1360 3761 1432 θυμὸν

2173 1458 2411 1531 χαλινῶν
2436 1456 2619 1528 πολλῷ
2652 1457 2852 1526 μᾶλλον
2882 1456 2978 1520 τὰς
3002 1458 3193 1527 χεῖρας
3222 1454 3445 1522 καθέξει
3472 1471 3588 1516 πως
3617 1452 3759 1505 ἐαυ-

2174 1550 2293 1606 τοῦ.
2334 1550 2487 1616 Ῥίζα
2545 1550 2655 1621 γάρ
2717 1548 2812 1603 τοῦ
2876 1549 3041 1617 φόνου
3104 1547 3301 1618 θυμός.
3337 1547 3397 1600 '0
3437 1546 3619 1599 τοίνυν
3653 1543 3761 1608 τὴν

2177 1643 2336 1716 ῥίζαν
2358 1644 2645 1697 ἐκκόπτων
2685 1639 2867 1712 πολλῷ
2910 1639 3110 1709 μᾶλλον
3140 1640 3429 1712 ἀναιρήσει
3462 1640 3589 1701 τοὺς
3617 1636 3760 1691 κλά-

2175 1737 2320 1801 δους,
2352 1736 2554 1807 μᾶλλον
2576 1735 2633 1788 δέ
2668 1733 2789 1788 ούδέ
2819 1733 2986 1803 φῦναι
3044 1731 3144 1803 τὴν
3177 1731 3355 1804 ἀρχὴν
3407 1732 3581 1786 ἐάσει.
3616 1730 3762 1784 Οὐκ-

2173 1832 2267 1888 οῦν
2297 1830 2407 1886 οὐκ
2440 1831 2528 1884 ἐπ’
2558 1831 2840 1901 ἀναιρέσει
2869 1827 2965 1882 τοῦ
2994 1827 3189 1899 νόμου,
3249 1824 3393 1881 ὰλλ”
3418 1824 3513 1879 ἐπὶ
3545 1823 3758 1877 πλείονι

2172 1925 2349 1979 ταῦτα
2381 1922 2701 1994 ἐνομοθέτει
2761 1922 3005 1993 φυλακῇ.
3076 1920 3143 1974 Τί
3179 1920 3289 1992 γὰρ
3353 1917 3688 1990 βουλόμενος
3730 1918 3759 1969 6

2171 2018 2336 2088 νόμος
2372 2017 2547 2071 ταῦτα
2586 2016 2893 2084 iniugati;
2935 2016 3047 2086 Οὐχ
3079 2015 3167 2070 ἴνα
3208 2014 3398 2085 μηδεὶς
3426 2010 3630 2083 φονεύῃ
3663 2008 3760 2063 τόν

2173 2112 2437 2183 πλησίον;
2471 2109 2685 2165 Οὐκοῦν
2718 2109 2813 2164 τοῦ
2873 2109 3189 2180 μαχομένου
3222 2105 3301 2178 τῷ
3352 2108 3503 2178 νόμῳ
3552 2107 3612 2161 τὸ
3653 2122 3754 2159 κε-

2174 2202 2355 2257 λεύειν
2379 2202 2610 2273 φονεῦον
2639 2198 2727 2275 ἦν.
2758 2201 2832 2257 Τὸ
2869 2204 2978 2274 γὰρ
3016 2201 3265 2271 φονεύειν
3296 2199 3566 2253 ἐναντίον.
3607 2197 3670 2251 El
3701 2198 3762 2251 δὲ

2178 2295 2253 2367 μὴ
2281 2295 2603 2367 ὀργίζεσθαι
2637 2295 2956 2369 ἐπιτρέπει,
3019 2295 3159 2366 ὅπερ
3202 2295 3230 2346 6
3285 2293 3448 2361 νόμος
3474 2290 3758 2355 ἐϐούλετο,

2174 2388 2339 2443 τοῦτο
2406 2390 2610 2461 μᾶλλον
2670 2389 2915 2460 ἵστησιν.
2946 2387 3024 2442 Οὐ
3055 2388 3163 2458 γὰρ
3211 2386 3415 2458 ὁμοίως
3479 2381 3756 2453 ἀφέξεται

2177 2485 2340 2552 φόνου
2403 2484 2432 2535 6
2497 2482 2737 2554 μελετῶν
2773 2483 2847 2553 μὴ
2879 2480 3135 2552 φονεύειν
3203 2478 3280 2550 τῷ
3312 2479 3407 2533 καὶ
3436 2477 3536 2548 τὴν
3584 2477 3765 2550 ὀργὴν

2176 2576 2499 2650 ἀνῃρηκότι.
2533 2577 2880 2648 [Ιοῤῥωτέρω
2921 2576 3031 2647 γὰρ
3062 2567 3219 2639 οὗτος
3250 2572 3453 2641 ἕστηκε
3479 2568 3575 2624 τοῦ
3613 2573 3743 2623 τολ-

2180 2668 2456 2740 μήματος.
2487 2666 2607 2719 Ἵνα
2659 2665 2717 2720 δὲ
2756 2666 2848 2719 καὶ
2880 2665 3086 2735 ἐτέρως
3132 2662 3333 2726 αὐτοὺς
3396 2662 3631 2730 ἕλωμεν,
3672 2662 3758 2721 εἰς

2181 2762 2346 2830 μέσον
2381 2759 2417 2814 ἃ
2443 2761 2696 2828 λέγουσιν
2723 2759 3025 2828 ἀγάγωμεν
3053 2756 3297 2812 ᾶπαντα.
3319 2754 3454 2810 Τίνα
3488 2749 3581 2807 οὖν
3605 2755 3763 2805 ἐστιν

2180 2850 2216 2907 ἆ
2249 2868 2448 2921 (tactv;
2476 2851 2556 2904 ὅτι
2581 2854 2607 2905 6
2629 2851 2721 2903 τὸν
2744 2853 2949 2920 κόσμον
2979 2853 3214 2921 ποιήσεις
3248 2847 3403 2913 Θεὸς,
3436 2848 3462 2899 ὁ
3487 2846 3577 2899 τὸν
3598 2845 3764 2916 ἣλιον

2178 2944 2490 2999 ἀνατέλλων
2529 2947 2621 2997 ἐπὶ
2657 2942 2933 3014 πονηροὺς
3008 2943 3102 2995 καὶ
3139 2938 3402 3010 ἀγαοοῦς,
3466 2941 3493 2993 6
3544 2938 3762 3010 βρέχων

2180 3040 2273 3093 ἐπὶ
2313 3041 2559 3103 δικαίους
2592 3040 2687 3092 καὶ
2724 3038 2949 3100 ἀδίκους
3001 3035 3239 3107 πονηρός
3273 3035 3357 3098 τίς
3391 3036 3561 3088 ἐστιν.
3595 3034 3660 3086 Oi
3699 3032 3763 3085 δὲ

2184 3135 2588 3204 ἐπιεικέστεροι
2624 3132 2787 3201 δῆθεν
2842 3131 3023 3185 αὐτῶν
3084 3129 3248 3184 τοῦτο
3322 3127 3763 3199 παραιτοῦνται.

2104 3222 2146 3281 C
2183 3230 2406 3282 Δίκαιον
2442 3226 2498 3281 δὲ
2530 3227 2698 3279 αὐτον
2754 3224 2901 3278 εἶναι
2928 3224 3185 3293 λέγοντες
3242 3220 3618 3295 ἀποστεροῦσι
3661 3221 3761 3275 τοῦ

2184 3318 2325 3376 εἶναι
2353 3321 2580 3389 ἀγαθόν.
2623 3319 2856 3389 Ἕτερον
2885 3315 2940 3370 δὲ
2972 3317 3063 3371 τὸν
3094 3316 3196 3370 οὒκ
3228 3315 3380 3375 ὄντα,
3410 3313 3534 3367 οὔτε
3591 3314 3757 3383 ποιή-

2186 3413 2358 3467 σαντά
2382 3429 2433 3465 τι
2456 3410 2564 3463 τῶν
2599 3411 2771 3463 ὄντων
2801 3409 3017 3480 πατέρα
3038 3406 3245 3462 διδόασι
3277 3405 3355 3477 τῷ
3385 3405 3624 3476 Χριστῷ,
3649 3407 3761 3459 Καὶ

2185 3505 2278 3558 τὸν
2306 3505 2407 3575 μὲν
2434 3505 2533 3558 οὐκ
2562 3502 2768 3572 ἀγαθὸν
2825 3501 2885 3557 ἐν
2946 3504 3059 3565 τοῖς
3084 3496 3093 3504 ’
3119 3494 3288 3553 αὐτοῦ
3324 3498 3534 3569 μένειν,
3576 3499 3660 3550 καὶ
3687 3497 3756 3549 τὰ

2185 3600 2351 3653 αὐτοῦ
2375 3600 2655 3669 διατηρεῖν
2684 3590 2849 3665 φασισ
2904 3592 2994 3648 τὸν
3025 3594 3079 3647 δέ
3105 3592 3306 3661 ἀγαθον
3338 3591 3447 3644 τῶν
3464 3591 3760 3661 ἀλλοτρίων

2186 3693 2464 3764 ἐφίεσθαι,
2528 3690 2625 3745 καὶ
2684 3683 2760 3743 ὧν
2809 3688 2910 3743 οὐκ
2951 3688 3174 3756 ἐγένετο
3213 3684 3572 3756 δημιουργός.
3606 3680 3767 3746 Εῖδες

2188 3786 2284 3839 τοῦ
2310 3784 2560 3838 διαϐόλου
2619 3783 2688 3837 τὰ
2717 3778 2911 3841 τέκνα.
2969 3779 3089 3842 πῶς
3154 3778 3266 3832 ἀπὸ
3298 3778 3398 3849 τῆς
3441 3775 3631 3846 πηγῆς
3672 3774 3774 3830 τοῦ

2190 3876 2402 3948 πατρὸς
2467 3875 2802 3944 φθέγγονται
2858 3868 3274 3941 ἁλλοτριοῦντες
3337 3868 3433 3922 τοῦ
3462 3867 3602 3922 Θεοῦ
3664 3868 3775 3938 τὴν

502 3960 558 3965 --
586 3960 702 3985 --έ
732 3960 788 3966 η
1170 3960 1473 3976 --πμ-η--.
1528 3960 1576 3965 --
1636 3960 1752 3980 τη
1810 3960 2074 3972 ηερ-η.

502 4002 644 4056 tueri
673 4000 886 4056 dicunt.
923 3999 1079 4055 Hunc
1109 4015 1262 4062 vero.
1295 4001 1389 4071 qui
1424 4001 1601 4056 bonus
1627 4009 1731 4067 est,
1798 4000 1999 4065 aliena,
2033 4012 2074 4053 el

2188 3969 2592 4042 δημιουργίανς
2616 3965 2714 4020 τοῦ
2750 3965 2998 4055 Ἰωάννου
3035 3963 3270 4034 βοῶντος
3290 3963 3376 4016 δτι
3405 3964 3514 4029 Εἰς
3543 3962 3617 4015 τὰ
3644 3960 3778 4015 ιδια

503 4107 627 4161 quae
662 4091 781 4160 ipse
806 4106 914 4146 non
946 4090 1098 4157 fecit,
1132 4051 1731 4163 appéiéiéfigaes'ci;
1777 4051 2074 4146 ﬁlios—dia?

2188 4060 2363 4135 ἦλθε,
2395 4063 2492 4116 καὶ
2533 4062 2595 4114 '0
2626 4061 2854 4129 κόσμος
2873 4051 2961 4113 ’δι’
2998 4057 3188 4113 αὑτοῦ
3216 4058 3477 4128 ἐγένετο.
3514 4051 3650 4110 Εἶτα
3679 4056 3779 4108 τὸν

506 4147 652 4238 noli?
684 4147 1002 4248 .Quomodo
1054 4147 1097 4238 θ’
1143 4147 1312 4252 patris
1366 4147 1535 4238 lout;
1580 4184 1744 4239 verba
1806 4182 2074 4250 hauriant,

2191 4155 2357 4224 νόμον
2391 4152 2738 4218 ἐξετάζοντες
2764 4153 2854 4206 τὸν
2887 4154 2943 4205 ἐν
2971 4150 3040 4220 τῇ
3080 4151 3317 4223 Παλαιᾷ,
3347 4149 3442 4204 τὸν
3474 4147 3781 4204 κελεύοντα

505 4287 629 4344 qua:
653 4240 972 4343 loqwuantur,
1005 4240 1433 4329 dum-auferunt
1470 4274 1579 4330 Deo
1613 4276 1801 4331 mundi
1856 4240 2074 4333 fabrica:

2192 4249 2479 4321 ὀφθαλμὸν
2508 4248 2632 4303 ἀντὶ
2666 4247 2977 4317 ὀφθαλμοῦ,
3015 4250 3112 4300 καὶ
3150 4246 3347 4299 ὀδόντα
3396 4244 3521 4299 ἀντὶ
3554 4240 3780 4304 ὀδόντος

508 4364 756 4427 tionem,
811 4378 938 4419 cum
985 4361 1229 4420 Joannes
1261 4364 1575 4420 exclamet:
1617 4363 1683 4418 In
1732 4370 1948 4436 propria
2008 4384 2067 4422 ue

2193 4343 2513 4408 ἐκϐάλλειν,
2546 4341 2975 4413 ἐπεμϐαίνουσιν
2993 4340 3167 4403 ἀθέως
3188 4336 3480 4408 λέγοντεςδ
3511 4337 3620 4391 Καὶ
3656 4335 3783 4400 πῶς

390 4526 397 4529 _
507 4454 607 4515 nit,
639 4461 715 4520 et,
753 4452 984 4510 Mundus
1030 4472 1124 4525 per
1157 4472 1272 4509 eum
1302 4455 1478 4526 factus
1537 4465 1610 4511 est
1650 4457 1690 4508 ί.
1732 4427 1857 4513 iam
1917 4460 2074 4532 legen

2196 4437 2263 4512 ᾃν
2300 4436 2519 4490 δύναιτο
2565 4435 2773 4504 ἀγαθὸς
2810 4430 2954 4488 εἶναι
3017 4435 3044 4486 6
3094 4430 3270 4485 ταῦτα.
3326 4430 3535 4500 λέγων;
3576 4428 3641 4482 Τί
3675 4427 3780 4481 οὖν

505 4548 826 4602 examinant
864 4557 919 4601 et
947 4548 1265 4618 expendunt
1300 4548 1356 4602 in
1403 4549 1583 4604 Veteri
1616 4521 2074 4621 Testamentovju-

2194 4533 2332 4603 πρὸς
2361 4529 2538 4585 ταῦτά
2565 4546 2784 4600 φαμεν;
2819 4528 2943 4593 Ὀτι
2973 4527 3233 4598 μέγιστον
3288 4521 3782 4595 είδοςιφιλανϐρω-

506 4641 753 4705 bcntem,
785 4651 844 4698 ut
872 4641 1063 4698 oculus
1094 4657 1191 4711 pro
1213 4642 1395 4709 oculo,
1448 4651 1502 4696 et
1559 4643 1698 4699 dens
1756 4660 1856 4713 pro
1922 4619 2074 4699 dente

2194 4626 2325 4688 πίας
2352 4624 2525 4681 ἐστίν.
2582 4623 2657 4676 Οὐ
2716 4625 2825 4692 γὰρ
2885 4621 2970 4675 ἵνα
3002 4621 3130 4683 τοὺς
3160 4620 3412 4689 ἀλλήλων
3475 4619 3778 4685 κὸπτωμεν

507 4733 795 4789 evellatur.
847 4736 1027 4803 Atque
1085 4735 1158 4788 ita
1202 4707 1387 4805 impie?
1423 4735 1720 4799 irruentes,
1756 4707 2064 4803 IQuomodo

2192 4714 2511 4786 ὀφθαλμοὺς
2531 4711 2752 4765 τέθεικε
2782 4711 2874 4764 τὸν
2906 4710 3073 4782 νόμον
3108 4708 3326 4774 τοῦτον,
3358 4707 3474 4762 ἀλλ’
3501 4709 3590 4762 ἵνα
3622 4707 3784 4778 φόϐῳ

507 4827 789 4897 inquiunt,
825 4800 1004 4882 bonus
1037 4827 1108 4882 sit
1141 4827 1187 4883 is
1216 4800 1307 4896 qui
1331 4827 1466 4883 talia
1498 4800 1954 4899 praecipitinuid
1980 4846 2074 4889 nos

2204 4807 2301 4864 τοῦ
2336 4807 2413 4877 μὴ
2442 4806 2639 4865 παοεῖν
2662 4802 2751 4875 ὑφ’
2778 4805 2983 4876 ἐτέρων
3014 4801 3351 4873 ἀπεχώμεθα
3382 4800 3474 4855 τοῦ
3503 4800 3700 4871 δρᾶσαί
3726 4818 3809 4878 τι⁵

508 4894 729 4974 ad—hmc
778 4894 1279 4989 respondebimus?
1339 4894 1637 4974 Maximam
1671 4894 1759 4974 wid
1818 4894 1911 4977 [ἀεὶ
1959 4939 2074 4997 erg:

2193 4903 2439 4956 τοιοῦτον
2470 4899 2735 4970 ἑταίροις.
2765 4900 2976 4968 Ὥσπερ
3007 4894 3102 4951 οὖν
3122 4900 3236 4961 τοῖς
3267 4895 3580 4959 Νινευϊταις
3611 4894 3785 4963 ἠπεί-

510 5025 617 5067 nos
645 5010 1086 5065 benevolentiam
1114 5010 1379 5066 indicare.
1448 5010 1635 5082 Neque
1695 5012 1842 5068 enim
1906 4988 2074 5071 sanin

2197 4996 2330 5067 λησε
2355 4998 2765 5064 καταστροφὴν,
2831 4993 2931 5062 οὐχ
2990 4992 3079 5044 ἵνα
3119 4991 3320 5052 αὐτοὺς
3369 4988 3535 5060 ἀνέλῃ
3559 4988 3633 5057 (εί
3664 4988 3788 5060 γὰρ

511 5103 655 5158 hanc
685 5103 882 5174 legem,
916 5110 978 5157 ut
1021 5104 1179 5159 nobis
1209 5105 1398 5159 oculos
1428 5104 1665 5158 vicissim
1704 5105 2070 5164 ell‘oderemus

2202 5086 2364 5141 τοῦτο
2399 5085 2675 5147 ἐϐούλετο,
2749 5086 2913 5155 σιγᾷν
2981 5086 3197 5155 ἐχρῆν),
3234 5083 3350 5136 ἀλλ’
3389 5083 3479 5137 ἵνα
3520 5082 3598 5150 τῷ
3623 5080 3790 5153 φόϐῳ

509 5196 606 5252 sed
651 5197 836 5266 patius
871 5202 931 5249 ut
956 5210 1019 5248 ca
1062 5194 1360 5265 deterriti,
1400 5210 1469 5248 ne
1500 5195 1973 5251 committeremus
2037 5200 2074 5252 ir

2202 5179 2445 5251 βελτίους
2472 5182 2706 5248 ποιήσας
2748 5178 2938 5249 παύσῃ
2967 5178 3066 5248 τὴν
3104 5178 3278 5247 ὀργήν
3314 5193 3327 5206 ·
3363 5176 3509 5230 οὓτω
3538 5178 3629 5228 καὶ
3663 5177 3788 5239 τοῖς

509 5287 767 5348 alterum.
794 5286 940 5356 quod
985 5286 1148 5341 nobis
1206 5286 1310 5354 ipsi
1350 5284 1687 5341 timeremus.
1728 5288 2074 5353 Quemadmo

2204 5275 2519 5349 προχείρως
2574 5275 2885 5343 ἐπιπηδῶσι
2930 5278 3042 5337 τοῖς
3095 5274 3300 5343 ἐτέρων
3358 5271 3660 5341 ὀφθαλμοῖς
3691 5285 3789 5322 τι·

512 5381 641 5435 dum
674 5385 732 5433 et
769 5375 1032 5432 Ninivitis
1059 5378 1428 5434 comminatus
1453 5389 1538 5432 est
1586 5379 1949 5447 eversionem,
1981 5398 2074 5437 nor

2204 5373 2418 5445 μωρίαν
2457 5372 2676 5442 ἔθηκεν,
2714 5371 2822 5433 ἵνα,
2858 5370 2965 5424 κᾶν
2995 5369 3105 5424 ἀπὸ
3142 5368 3521 5438 προαιρέσεως
3554 5360 3786 5432 ἀγαθῆς

511 5483 574 5529 ιιι
602 5488 701 5529 eos
744 5472 1095 5529 exscinderet
1148 5480 1206 5527 et
1254 5470 1540 5528 aboleret:
1598 5474 1886 5528 tacendum
1944 5474 2074 5530 enin

2214 5473 2293 5542 μὴ
2317 5469 2644 5540 βούλωνται,
2678 5466 2997 5534 ἀπέχωνται
3022 5464 3124 5529 τῆς
3155 5460 3466 5532 ὠμότητες.

510 5569 707 5634 fuerat,
736 5569 785 5624 si
807 5569 860 5624 id
891 5567 1116 5623 omnino
1144 5566 1359 5622 eﬁicere
1403 5565 1760 5630 decrevisset,
1809 5568 1905 5623 sed
1961 5580 2019 5624 nt
2074 5587 2170 5628 eos
2239 5584 2414 5642 pmnae
2475 5564 2770 5620 formidine
2822 5560 3077 5617 meliores
3153 5558 3427 5620 redderet,
3488 5565 3651 5625 atque
3701 5532 3784 5607 i'ta

513 5658 674 5726 iram,
701 5676 808 5730 qua
842 5662 899 5716 in
953 5674 1052 5717 eos
1099 5674 1365 5716 accensus
1396 5668 1534 5727 erat,
1564 5661 1962 5732 exstingueret.
2019 5666 2109 5722 Sic
2144 5675 2201 5724 et
2254 5665 2341 5732 iis,
2394 5662 2489 5733 qui
2538 5667 2785 5731 prompte
2837 5656 2906 5712 ad
2972 5653 3248 5710 eruendus
3303 5651 3534 5707 aliorum
3589 5647 3784 5702 oculos

590 5777 610 5810 ί
641 5774 799 5833 Joan.
830 5794 873 5845 ι,
903 5777 990 5846 10,
1022 5777 1110 5834 11.

1041 872 1127 928 Ea:
1147 872 1330 925 eodem
1358 868 1490 922 loco.

522 970 957 1045 \lnterrogemus
988 964 1154 1034 igitur
1193 977 1312 1025 eos,
1345 959 1441 1030 qui
1474 959 1648 1027 legem
1689 955 2059 1025 insectantur,

483 1044 665 1117 utrum
712 1068 1046 1130 prmceptum
1101 1053 1258 1115 illud.
1289 1058 1412 1123 'quo
1468 1052 1828 1122 prohibemur
1878 1044 2063 1110 irasci,

483 1152 818 1211 contrarium
846 1150 917 1204 sit
944 1148 1017 1213 ei,
1053 1161 1165 1216 quo
1194 1155 1445 1199 vetamur
1466 1141 1741 1204 occidere,
1783 1155 1851 1213 an
1885 1139 2066 1209 potius

488 1246 655 1314 hujus
679 1245 732 1298 id
759 1241 1026 1313 perfectio
1054 1242 1149 1303 sit,
1188 1247 1245 1294 et
1284 1235 1653 1293 conﬁrmatio.
1707 1232 2064 1302 Perspicuum

482 1345 587 1402 est,
618 1336 750 1391 illud
781 1349 902 1389 esse
937 1329 1331 1403 perfectionem
1356 1326 1522 1396 hujus
1551 1334 1606 1380 et
1636 1324 2064 1387 absolutionem,

483 1439 856 1499 et-propterea
905 1425 1085 1496 majus
1136 1438 1280 1480 esse.
1313 1420 1419 1488 Qui
1451 1420 1598 1475 enim
1637 1418 1705 1473 ad
1760 1419 1901 1473 iram
1953 1430 2066 1470 non

484 1520 768 1583 incitatur,
791 1532 825 1571 ιι
845 1517 1005 1573 caede
1033 1514 1245 1571 facilius
1266 1511 1582 1568 abstinebit.
1612 1508 1679 1563 Et
1709 1507 1801 1579 qui
1821 1508 2066 1562 animum

486 1609 717 1667 cohibet
770 1623 958 1674 suum,
1013 1604 1191 1673 multo
1246 1604 1420 1674 magis
1476 1616 1674 1657 manus
1734 1598 2066 1654 continebit.

482 1700 732 1758 Nam'ira
761 1701 927 1757 caedis
959 1710 1042 1757 est
1073 1699 1252 1767 radix,
1298 1712 1464 1768 quam
1511 1695 1603 1766 qui
1635 1693 1843 1757 evellit,
1893 1693 2068 1747 multo

485 1796 659 1863 magis
684 1793 939 1850 concidet
971 1808 1175 1860 ramos,
1214 1795 1326 1847 imo
1367 1804 1500 1844 vero
1531 1802 1602 1843 ne
1647 1786 1797 1843 nasci
1845 1784 2067 1854 quidem
2102 1814 2144 1873 Β

485 1980 653 2036 ritum
683 1979 929 2049 iubebat,
956 1978 1052 2034 sed
1067 1978 1136 2033 ad
1164 1976 1427 2047 majorem
1458 1973 1601 2029 illius
1633 1970 2064 2028 observantiam.

486 2071 606 2139 Quo
621 2086 859 2141 namque
892 2069 1124 2126 consilio
1149 2068 1268 2124 haec
1292 2066 1578 2135 sanciebat
1605 2064 1723 2134 ipsa
1756 2064 1841 2119 lex
1863 2062 1887 2115 ’1
1906 2060 2072 2117 Non-

488 2178 581 2227 ne,
617 2171 678 2221 ut
703 2178 866 2217 nemo
917 2161 1230 2232 proximum
1267 2158 1608 2215 interﬁceret
1639 2156 1663 2210 ἲ
1724 2154 1851 2228 Legi
1905 2155 2073 2226 igitur

491 2254 841 2312 adversantia
899 2253 1277 2325 praecepisset,
1309 2251 1403 2321 qui
1454 2250 1713 2321 jussissi't
1738 2248 2068 2304 interﬁcere.

487 2351 603 2403 lloc
632 2346 799 2410 enim,
831 2345 1029 2410 occide,
1084 2344 1180 2406 illi.
1227 2359 1291 2397 ne
1331 2342 1561 2407 occidas,
1598 2339 1935 2397 contrarium
1964 2347 2068 2394 est.

492 2443 678 2511 Itaque
708 2440 753 2496 si
781 2454 851 2494 ne
885 2439 1054 2494 irasci
1085 2437 1308 2508 quidem
1335 2436 1607 2502 concedit,
1639 2435 1691 2490 id
1715 2434 1860 2504 quod
1893 2450 1923 2489 a
1952 2434 2073 2505 lege

482 2532 712 2604 jubetur
793 2532 966 2587 multo
1037 2530 1210 2602 magis
1273 2530 1581 2584 conﬁrmat.
1659 2526 1851 2597 Neque
1921 2527 2068 2601 enim

488 2625 717 2699 perinde
748 2624 855 2681 sibi
894 2623 1227 2699 temperabit
1275 2638 1306 2676 ιι
1343 2621 1512 2684 cmde,
1552 2621 1645 2691 qui
1693 2621 2073 2676 studiose'ca-

495 2696 602 2779 vet,
632 2729 704 2768 ne
739 2696 1052 2784 quempiam
1076 2712 1316 2774 occidat,
1359 2720 1419 2764 ut
1460 2710 1557 2765 ille
1593 2710 1683 2780 qui
1709 2708 1881 2778 ipsam
1916 2725 2069 2779 quo-

498 2821 604 2876 que
631 2806 892 2861 interﬁcit
918 2803 1280 2861 iracundiam.
1318 2802 1418 2859 llic
1465 2802 1609 2859 enim
1657 2802 1868 2874 longius
1899 2802 2073 2858 multo

506 2896 665 2971 abest
694 2898 761 2950 ab
805 2898 923 2966 ipso
966 2902 1188 2953 conatu.
1245 2894 1445 2950 Verum
1490 2903 1548 2948 ut
1577 2908 1673 2948 eos
1702 2893 1878 2964 magis
1905 2895 2072 2949 etiam

497 2988 913 3052 convincamus,
938 2986 1121 3043 omnia
1158 3000 1281 3057 qua:
1308 2986 1377 3041 ab
1397 2985 1533 3055 ipsis
1560 2984 1840 3052 dicuntur,
1873 2986 1929 3041 in
1954 3001 2073 3042 me-

495 3077 648 3135 dium
674 3078 990 3133 ali'eramus.
1021 3078 1282 3151 Quaenam
1305 3086 1484 3132 autem
1524 3077 1629 3131 ista
1678 3078 1845 3132 sunt?
1901 3078 2071 3132 Dequ

494 3170 670 3239 illum,
706 3172 800 3244 qui
827 3171 1095 3227 mundum
1134 3172 1279 3226 hunc
1311 3170 1609 3225 fabricatus
1635 3179 1720 3225 est
1733 3208 1749 3236 ,
1782 3170 1874 3240 qui
1904 3169 2071 3225 SOIt'II

496 3279 656 3323 suum
685 3263 820 3319 oriri
853 3263 984 3319 l'acit
1011 3278 1179 3333 super
1211 3261 1405 3325 malos,
1442 3268 1497 3316 et
1539 3261 1747 3327 bonos;
1798 3261 1889 3331 qui
1939 3260 2079 3331 pluit

500 3369 665 3425 super
686 3355 866 3425 justos
892 3362 948 3409 et
976 3354 1233 3424 iniustos,
1264 3352 1466 3406 malum
1494 3366 1616 3407 esse
1642 3351 1936 3421 allirmant.
1976 3352 2081 3419 Qui

500 3455 681 3503 autem
710 3462 776 3501 ex
809 3446 914 3501 illis
942 3445 1192 3500 mitiores
1219 3452 1368 3510 sunt,
1393 3458 1507 3498 rem
1539 3445 1610 3497 ita
1668 3453 1992 3515 temperant,
2023 3455 2081 3502 ut

501 3554 625 3597 eum
665 3539 875 3611 justum
907 3552 1029 3593 esse
1055 3538 1323 3594 duntaxat
1350 3537 1677 3599 concedant.
1711 3536 1918 3594 bonum
1981 3554 2084 3593 au-

499 3642 608 3688 tem
635 3642 859 3706 negent.
908 3633 1157 3687 Alterum
1209 3642 1391 3688 autem
1445 3630 1759 3702 quemdam,
1815 3631 1912 3701 qui
1973 3646 2085 3688 non

493 3728 588 3793 sit,
622 3727 824 3798 quique
847 3727 987 3782 nihil
1032 3741 1246 3794 eorum,
1290 3741 1411 3797 quae
1441 3734 1594 3794 sunt,
1633 3725 1899 3792 ell‘ecerit,
1929 3725 2087 3781 Chri-

502 3827 589 3872 sto
615 3827 826 3888 patrem
858 3817 1163 3889 assignant.
1196 3817 1263 3872 Et
1290 3833 1440 3886 eum,
1471 3819 1562 3889 qui
1593 3818 1768 3873 bonus
1820 3832 1929 3872 non
1980 3827 2083 3884 est,

497 3910 558 3965 in
585 3910 704 3985 suis
731 3924 791 3966 se
851 3910 1105 3966 terminis
1165 3910 1473 3976 continere,
1521 3917 1578 3965 et
1630 3925 1755 3980 quae
1810 3924 1908 3964 sua
1930 3917 2082 3972 sunt,
