4126 6418
419 354 525 417 3ἒὸ

1402 358 1776 420 PANOPLIA
1818 361 2282 424 DOGMATICA.
2325 391 2392 401 --
2434 367 2578 428 ΤῐΤ.
2626 370 2729 428 IX.

3578 374 3686 439 326

415 465 685 527 involant.
712 467 1051 538 supplicium
1105 472 1408 536 proposuit,
1470 480 1525 525 ut
1557 472 1680 539 ejus
1740 473 2041 528 acerbitate
2094 491 2214 541 eos,
2267 477 2312 531 si
2353 478 2497 533 bono
2524 481 2693 535 animi
2726 482 3004 550 proposito
3034 499 3145 540 non
3184 496 3556 554 moverentur,
3587 488 3686 544 dep

417 567 671 612 ICI‘I‘CI‘CK.

420 677 546 729 Ἔτι
577 672 744 755 κατὰ·
771 672 898 755 rei»:
943 677 1321 755 aftér,_tot3
1363 680 1538 755 ἁγίου
1591 679 1893 746 Eripiunt)
1936 678 1998 731 ἐκ

2109 676 2244 731 Item
2269 679 2516 755 adversus
2563 684 2788 755 eosdem.
2854 681 3041 737 Sancti
3105 684 3297 755 Cyrilli
3328 706 3393 748 ea:
3441 692 3573 750 libro
3613 701 3687 755 ad

497 747 606 798 τοῦ
638 746 789 826 ίτρὸς
836 746 1239 812 τὸνβασιλέα
1276 749 1603 805 Θεοδόσιον
1648 765 2008 818 προσφωνη-

496 832 689 870 τικου.

499 934 574 987 Tb
604 935 967 990 ἀποπολικδν
995 937 1157 1007 ῥητὸν
1184 937 1243 991 τὸ
1258 938 1416 1005 λέγον
1442 955 1508 991 πε
1520 939 1571 1008 pi
1595 936 1687 992 τοῦ
1716 938 1965 1008 Σωτῆρος
1988 955 2002 972 ο

443 1024 543 1079 Ἕν
584 1023 912 1094 ἀμοιώματι
968 1028 1285 1094 ἀνθρώπου
1338 1034 1687 1099 γενόμενος,
1718 1030 1817 1083 καὶ
1851 1030 2009 1097 σχή⁴

431 1133 561 1183 pan
590 1118 865 1185 εὑρεθείς
904 1121 985 1186 ὡς
1033 1122 1368 1190 ἅνθρωπος,
1407 1122 1849 1193 προϐαλλόμενος
1876 1122 2006 1174 ἕκα-

431 1224 549 1270 στος
580 1212 694 1264 τῶν
714 1213 1014 1284 αίρκικῶν
1036 1214 1146 1267 τῶν
1179 1214 1454 1285 βδελυρῶν
1495 1216 1788 1284 δογμάτων
1828 1231 2003 1268 κατα-

422 1303 687 1365 σκευάζει
711 1305 771 1358 τὺ
811 1306 1029 1375 ψεῦδος.
1067 1308 1285 1378 Ἄρειος
1311 1308 1430 1377 μὲν,
1457 1308 1550 1361 καὶ
1585 1307 1875 1377 Εὑνόμιος,
1911 1308 2003 1360 καὶ

432 1395 869 1466 ’Δπολλινάριος,
904 1404 997 1451 καὶ
1035 1398 1095 1453 τὸ
1141 1396 1413 1469 ὁμοίωμα,
1449 1401 1543 1451 καὶ
1590 1399 1650 1452 τὺ
1679 1399 1866 1469 σχῆμα
1906 1398 2001 1451 τοῦ

417 1490 718 1558 ἀνθρώπου
764 1492 825 1542 τὸ
882 1493 1212 1561 φαινόμενον
1278 1494 1378 1562 τῆς
1427 1494 1710 1562 ἡμετέρας
1782 1491 2002 1560 φύσεως

420 1582 592 1653 μόνον
648 1584 938 1653 σημαίνειν
1002 1585 1413 1655 διαγορεύοντες
1444 1602 1458 1615 ⁸
1509 1588 1558 1639 ot
1618 1584 1676 1638 δὲ
1712 1585 1814 1654 τῆς
1889 1584 2000 1638 τῶν

416 1676 665 1730 Δοκιτῶν
720 1677 1000 1745 φάλαγγος
1050 1678 1150 1749 (8),
1211 1677 1306 1732 καὶ
1356 1677 1416 1730 τὸ
1469 1678 1748 1749 ὁμοίωμα,
1774 1676 1893 1730 ’καὶ
1938 1676 2001 1729 τὸ

413 1770 613 1839 σχῆμα
642 1772 723 1832 εἰς
754 1770 915 1824 σκιάν
945 1787 1090 1833 τινα,
1124 1773 1217 1824 καὶ
1243 1769 1520 1836 εἰκασίαν,
1565 1773 1658 1824 καὶ
1690 1769 1998 1837 φαντασίαν

413 1860 646 1931 σώματι
711 1864 955 1915 ἐοικυῖαν
1023 1861 1416 1927 λαμϐάνοντες.
1457 1862 1564 1914 Καὶ
1637 1861 1756 1929 μεθ’
1811 1863 1996 1931 ἓτεραο

424 1950 632 2020 Ἡμεῖς
663 1954 721 2005 δὲ
751 1954 815 2006 τὸ
838 1956 897 2006 ὲν
928 1953 1238 2024 ὁμοιώματι
1265 1953 1558 2024 ἀνθρώπου
1597 1953 1874 2021 γενέσθαι,
1904 1957 1996 2008 καὶ

2411 750 2750 806 Theodosium
2770 750 3378 828 impcratoremvscnpto.

2176 930 2249 984 Ea
2281 932 2523 1002 Apostoli
2550 935 2711 989 verba
2741 937 2807 990 de
2862 935 3150 995 Scrvatore
3184 959 3197 996 :
3247 942 3311 996 In
3339 944 3686 1007 similitudine

2104 1024 2371 1076 hominum
2408 1027 2605 1095 factus,
2628 1037 2676 1080 et
2729 1029 2915 1082 habitu
2950 1031 3187 1087 inventus
3220 1050 3277 1088 ut
3325 1040 3477 1092 homo
3511 1042 3551 1109 ⁸,
3600 1058 3690 1097 ar-

2106 1113 2309 1183 ripiunt
2343 1116 2601 1182 haeretici,
2637 1126 2695 1171 ut
2728 1122 3073 1176 exsecranda:
3112 1123 3372 1180 doctrina:
3394 1144 3504 1183 suae
3534 1147 3685 1186 men-

2103 1204 2258 1259 dacia
2288 1215 2542 1261 tueantur
2576 1218 2739 1276 atque
2773 1210 3127 1267 conﬁrment.
3175 1212 3310 1268 Nam
3342 1218 3509 1270 Arius
3564 1219 3685 1288 qui-

2103 1294 2252 1359 dem,
2286 1306 2338 1351 et
2362 1296 2683 1361 Eunomius,
2753 1309 2805 1353 et
2837 1299 3207 1369 Apollinarius
3274 1305 3685 1363 similitudinem

2103 1393 2158 1441 et
2184 1387 2427 1442 habitum
2470 1390 2547 1444 sic
2577 1391 2878 1461 accipiunt,
2914 1400 2974 1445 ut
3039 1402 3248 1449 naturae
3297 1406 3505 1451 nostrae
3561 1415 3686 1468 spe-

2100 1486 2239 1537 ciem
2291 1484 2557 1540 duntaxat
2606 1489 2895 1555 quamdam
2934 1489 3260 1558 significent.
3294 1490 3536 1561 Reliquae
3590 1510 3686 1549 au-

2102 1584 2210 1629 tem
2277 1577 2662 1633 haereticorum
2708 1581 2883 1649 copias
2924 1596 3022 1651 per
3069 1582 3481 1639 similitudinem
3512 1586 3685 1641 etta-

2097 1668 2272 1722 bitum
2304 1669 2555 1724 umbram
2580 1671 2896 1740 quamdam,
2961 1682 3019 1727 et.
3060 1675 3403 1746 imaginem,
3450 1686 3506 1731 et
3566 1676 3685 1733 ior-

2097 1776 2239 1815 mam
2268 1763 2483 1832 corpori
2513 1763 2745 1819 similem
2779 1765 3236 1836 interpretantur.
3269 1770 3335 1824 Et
3391 1782 3511 1840 post
3534 1772 3637 1826 alia
3666 1788 3683 1829 :

2096 1853 2206 1908 Nos
2230 1863 2414 1909 autem
2445 1855 2497 1909 in
2529 1856 2887 1911 similitudine
2922 1858 3159 1913 hominis
3193 1860 3421 1924 factum,
3457 1872 3515 1918 et
3579 1864 3681 1919 ba-

2097 1945 2211 1999 bitu
2257 1946 2538 2002 inventum
2573 1948 2688 2002 sive
2735 1948 3013 2018 cognitum
3054 1959 3115 2003 ut
3152 1951 3451 2020 hominem,
3488 1953 3567 2009 sic
3602 1957 3685 2009 in-

410 2046 669 2115 σχήματι
697 2046 1011 2117 εὑρεθῆναι,
1040 2047 1158 2116 ἦτοι
1189 2048 1561 2117 γνωρισθῆναι
1592 2048 1665 2109 ὡς
1689 2047 1997 2117 ἄνθρωπον,

2107 2034 2421 2104 telligimus,
2471 2044 2531 2090 ut
2580 2045 2832 2119 naturam
2898 2048 3143 2092 nostram
3203 2044 3578 2112 assumpserit,
3627 2054 3688 2101 et

410 2136 563 2191 οὕτω
602 2139 891 2209 νοήσωμεν
919 2152 934 2167 ·
977 2139 1060 2192 ὅτι
1108 2140 1207 2207 τὴν
1244 2140 1525 2209 ἡμετέραν
1557 2136 1722 2207 φύσιν
1759 2137 2000 2208 προσλα-

411 2233 549 2299 ϐὼν,
589 2234 685 2285 καὶ
716 2234 829 2297 ίσος
886 2235 1024 2303 ἡμῖν
1077 2228 1164 2303 ἦν,
1214 2236 1308 2287 καὶ
1352 2234 1571 2303 ὅμοιος*
1625 2235 1737 2296 (ab;
1771 2236 1892 2304 μὲν,
1922 2235 1998 2299 ὡς

414 2328 644 2399 μορφὴν
696 2328 886 2381 δούλου
957 2323 1161 2389 λαϐὼν,
1202 2327 1373 2396 ἤγουν
1443 2326 1608 2396 φύσιν
1660 2326 1992 2397 ἁνθρὼποψ

411 2427 607 2494 ὅμοιος
666 2423 744 2485 δὲ,
784 2422 860 2485 ὡς
909 2423 1029 2492 δίχα
1086 2424 1425 2492 σπέρματος.
1483 2422 1555 2474 Το
1614 2423 1712 2492 μὲν
1774 2422 1883 2491 γὰρ
1934 2424 1998 2473 ἐκ

411 2515 681 2586 γυναικὸς
735 2515 1100 2586 ἀνθρώπινον,
1158 2516 1220 2568 τὸ
1268 2516 1326 2569 δὲ
1385 2518 1449 2568 ὲκ
1504 2516 1782 2585 παρθένου
1855 2514 1997 2582 ὑπὲρ

410 2608 731 2679 ἄνθρωπον.
794 2607 885 2658 Ἐν
946 2606 1254 2677 ὁμοιώματι
1310 2608 1409 2677 μὲν
1468 2602 1563 2660 οὖν
1615 2602 1757 2670 εἷπε,
1795 2605 1882 2658 διὰ
1936 2605 1997 2656 τὸ

404 2701 585 2755 τᾶλλα
636 2700 739 2769 μὲν
795 2701 909 2752 ἴσον
962 2701 1094 2769 ἡμῖν
1139 2695 1281 2752 εἶναι
1340 2700 1482 2753 κατὰ
1529 2698 1629 2770 τὴν
1673 2699 1859 2767 φύσιν,
1895 2700 1996 2752 οὐκ

405 2794 609 2865 ἔχειδὲ
658 2795 720 2847 τὸ
772 2796 1199 2863 ἐκεῖ-,τέρματος
1245 2793 1594 2848 συνεστάναι.
1635 2794 1708 2845 Τὸ
1758 2794 1889 2846 αὐτὸ
1938 2793 1996 2845 δὲ

403 2889 561 2958 δηλοί
614 2887 710 2939 καὶ
773 2886 833 2937 τὸ
892 2886 1159 2955 Σχήματι
1233 2884 1494 2953 εὑρεθεὶς
1538 2886 1619 2952 ὡς
1662 2885 1994 2953 ἄνθρωπος.

407 2982 610 3051 Σχῆμα
647 2999 701 3048 γ-
723 2998 755 3046 ρ
784 2981 946 3033 πάλιν
972 2979 1119 3047 εἷπε,
1146 2981 1283 3034 διότι
1317 2982 1365 3032 εί
1417 2981 1512 3033 καὶ
1550 2980 1611 3032 τὸ
1652 2978 1997 3049 ἀνθρώπινον

409 3070 547 3139 εἶδος
582 3068 725 3143 εἶχε,
752 3074 845 3126 καὶ
873 3073 1091 3145 ἀληθῶς
1131 3075 1264 3129 αὐτὸ
1293 3072 1709 3143 περιεϐέϐλητο,
1744 3072 1862 3126 ἀλλ’
1904 3067 1998 3125 οὖν

408 3169 575 3224 Δπλέον
614 3165 766 3238 εἶχεν
816 3168 1108 3239 ανθρώπου
1156 3168 1232 3239 τῷ
1287 3169 1360 3239 μὴ
1411 3167 1568 3238 ψιλὸν
1622 3167 1783 3220 αὑτὸν
1832 3162 1994 3232 εἶναι,

409 3265 527 3319 ἀλλ’
565 3266 858 3337 ἡνωμένον
887 3263 1124 3323 θεότητι.
1155 3262 1217 3316 Ei
1235 3264 1291 3317 δὲ
1326 3265 1464 3318 κατὰ
1492 3263 1796 3331 φαντασίαν
1840 3262 1990 3313 ἐναν-

405 3357 709 3428 θρωπῆσαι
761 3356 855 3408 τὸν
878 3355 1108 3425 Σωτῆρα
1157 3354 1638 3426 δεξόμεθα,μάτην
1680 3354 1729 3406 oi
1774 3353 2002 3407 ἀπόστοο
2031 3367 2072 3425 ε

415 3451 524 3515 λοι,
559 3450 741 3517 μάτην
762 3450 821 3499 τὸ
864 3448 1151 3515 κήρυγμα,
1187 3447 1280 3499 καὶ
1304 3447 1583 3517 συντόμως
1620 3447 1796 3500 εἰπεῖν
1824 3446 1880 3498 of
1912 3462 2002 3515 χε-

415 3560 513 3595 ·ται
546 3543 713 3595 πᾶσιν
746 3542 778 3612 ἡ
814 3543 1090 3611 σωτηρίας
1132 3540 1308 3602 ὲλπίς.

952 3788 1303 3859 Κεφάλαιον
1350 3785 1438 3842 ut?
1448 3826 1462 3841 .

575 3862 694 3915 Ἔτι
727 3860 879 3915 κατὰ
907 3859 1028 3914 τῶν
1055 3859 1274 3924 αὐτῶν,
1308 3859 1413 3914 τοῦ
1446 3859 1870 3929 Δαμασκηνοῦ.

496 3952 620 4010 Ὀτι
656 3958 717 4009 οὐ
753 3955 851 4009 δύο
880 3956 1067 4025 ἁρχαὶ,
1108 3953 1210 4022 μία
1244 3953 1446 4024 ἀγαθὴ,
1487 3954 1581 4007 καὶ
1622 3956 1721 4026 μία
1762 3956 1998 4029 πονηρὰ,

414 4048 673 4102 ἐντεῦθεν
708 4046 989 4115 εἰσόμεθα.
1040 4043 1288 4099 Ἐναντία
1323 4044 1462 4100 εἰσὶν
1491 4045 1744 4117 ἀλλήλοις
1773 4048 1834 4101 τὸ
1865 4051 2002 4117 ἀγα-

416 4141 533 4203 θὸν,
568 4140 666 4193 καὶ
690 4141 754 4193 τὸ
787 4140 1045 4210 πονηρὸν,
1078 4141 1173 4192 καὶ
1205 4137 1450 4209 ἀλλήλων
1490 4138 1788 4209 φθαρτικὰ,
1818 4142 1912 4195 καὶ
1941 4144 1999 4196 ἐν

408 4233 695 4302 ἀλλήλοις,
728 4234 761 4302 ἢ
785 4234 883 4285 σὺν
911 4229 1161 4300 ἀλλήλοις
1188 4230 1286 4299 οὐχ
1320 4230 1681 4301 ὑφιστάμενα.
1723 4232 1812 4286 Ἐν
1841 4234 1998 4306 μέρει

409 4323 508 4380 οὖν
536 4328 751 4379 τούτων
787 4325 1017 4378 ἕκαστον
1046 4324 1201 4378 ἔσται
1245 4321 1337 4376 τοῦ
1378 4325 1596 4388 παντός.
1630 4326 1746 4378 Καὶ
1780 4327 1997 4395 πρῶτον

411 4420 519 4488 μὲν
565 4421 1078 4489 περιγραφήσονται
1119 4416 1216 4486 οὐχ
1266 4415 1373 4467 ὑπὸ
1416 4416 1510 4468 τοῦ
1564 4417 1765 4481 παντὸς
1815 4420 1996 4487 μόνον,

408 4514 553 4566 ἀλλὰ
594 4513 693 4565 καὶ
737 4512 840 4564 ὑπὸ
878 4511 1083 4581 μέρους
1116 4511 1210 4562 τοῦ
1248 4509 1448 4571 παντὸς
1482 4510 1690 4563 τούτων
1729 4511 1957 4564 ἕκαστον
1981 4528 1997 4544 ο

407 4604 613 4657 ἔπειτα
650 4603 733 4666 τίς
772 4606 799 4657 δ
831 4603 929 4672 τὴν
969 4602 1154 4674 χώραν
1192 4601 1406 4672 ἑκάστῳ
1446 4603 1882 4674 ἀποτεμόμενος;
1920 4606 1995 4659 Οὐ

2099 2126 2322 2193 mqualis
2352 2127 2512 2182 nobis
2534 2142 2598 2182 ac
2626 2128 2821 2184 similis
2857 2128 3041 2187 fuerit.
3076 2131 3350 2203 Equalis,
3382 2136 3507 2205 quia
3535 2138 3682 2193 servi
3767 2186 3777 2196 .

2100 2215 2354 2284 formam,
2388 2234 2485 2274 seu
2511 2230 2764 2276 naturam
2795 2222 3093 2279 humanam
3148 2228 3386 2295 accepit.
3449 2227 3677 2295 Similis,

2100 2309 2225 2377 quia
2260 2310 2379 2363 sine
2409 2312 2637 2366 semine.
2667 2311 2800 2367 Nam
2835 2316 2978 2384 quod
3014 2331 3083 2371 ex
3129 2319 3360 2374 muliere
3394 2330 3557 2377 natus
3588 2323 3681 2389 sit,

2101 2402 2401 2456 humanum
2432 2402 2483 2457 id
2514 2413 2617 2457 est.
2644 2403 2801 2470 Quod
2832 2417 3015 2461 autem
3051 2423 3117 2463 ex
3151 2408 3383 2480 virgine.
3442 2412 3494 2466 id
3552 2429 3686 2471 vero

2101 2495 2339 2549 humana
2394 2496 2712 2551 conditione
2772 2501 3145 2568 praestantius.
3204 2501 3261 2556 ln
3323 2505 3685 2562 similitudine

2100 2586 2263 2657 igitur
2295 2587 2453 2651 dixit,
2480 2588 2741 2659 quoniam
2778 2606 2901 2644 cum
2950 2592 3003 2644 in
3035 2593 3261 2662 reliquis
3287 2610 3382 2664 par
3407 2607 3553 2651 esset
3582 2612 3686 2652 no-

2099 2681 2183 2736 bis
2225 2690 2280 2735 et
2304 2682 2547 2749 aequalis,
2579 2692 2842 2751 quantum
2904 2683 2971 2738 ad
2999 2692 3250 2739 naturam
3285 2688 3543 2755 pertinet,
3571 2703 3683 2742 non

2101 2783 2285 2827 tamen
2313 2791 2379 2828 ex
2419 2776 2627 2829 semine
2682 2786 2990 2847 conceptus
3041 2785 3146 2832 est.
3212 2778 3472 2849 Idemque
3502 2781 3685 2836 verbis

2099 2866 2207 2921 illis
2233 2868 2593 2933 significatur,
2631 2869 2701 2923 Et
2732 2870 2937 2931 habitu.
2972 2885 3065 2925 seu
3102 2870 3292 2941 ﬁgura,
3340 2873 3583 2926 inventus
3626 2880 3683 2926 ut

2099 2954 2273 3009 homo.
2308 2955 2559 3026 Figuram
2619 2957 2969 3023 enim-dixit,
3033 2961 3160 3028 quia
3217 2960 3343 3015 licet
3386 2960 3683 3015 humanam

2101 3044 2363 3113 speciem,
2391 3056 2446 3100 et
2489 3056 2736 3100 naturam
2779 3048 3030 3111 haberet,
3091 3064 3327 3114 vereque
3378 3051 3534 3104 illam
3594 3050 3682 3105 in-

2100 3130 2331 3197 duisset,
2366 3133 2589 3188 homine
2622 3143 2806 3189 tamen
2864 3135 3104 3193 habebat
3160 3139 3369 3207 aliquid
3402 3139 3681 3195 excellen-

2104 3228 2227 3291 tius,
2265 3226 2391 3295 quia
2422 3241 2534 3282 non
2572 3243 2743 3296 purus
2773 3237 2889 3283 erat
2941 3240 2995 3283 et
3058 3230 3288 3299 simplex
3350 3230 3534 3294 homo,
3582 3231 3682 3286 sed

2106 3336 2230 3376 cum
2266 3321 2549 3377 divinitate
2580 3321 2927 3391 conjunctus.
2952 3322 3108 3387 Quod
3149 3323 3193 3377 si
3230 3323 3412 3393 specie
3439 3332 3677 3387 tantum,

2106 3422 2161 3467 et
2193 3412 2427 3483 imagine
2471 3412 2729 3481 quadam,
2787 3426 2851 3466 ac
2918 3412 3267 3467 simulatione
3332 3413 3682 3467 Servatorem

2102 3507 2343 3562 hominis
2370 3505 2734 3575 assumpsisse
2768 3512 3019 3560 naturam
3069 3503 3432 3568 admittimus,
3495 3502 3678 3557 inanis

2106 3584 2223 3652 fuit.
2243 3598 2397 3653 labor
2424 3598 2821 3667 apostolorum,
2873 3598 3055 3652 inanis
3093 3608 3177 3652 est
3223 3596 3500 3668 Evangelii
3552 3611 3681 3668 pro-

2102 3687 2391 3760 mulgatio,
2418 3688 2596 3743 inanis
2624 3688 2863 3758 denique
2909 3688 3103 3745 salutis
3143 3702 3290 3757 spes.

2312 3820 2448 3876 Item
2478 3831 2660 3876 contra
2695 3824 2923 3880 eosdem.
2954 3823 3266 3881 Damasceni
3316 3827 3403 3883 29.

2180 3980 2297 4035 Duo
2340 3996 2447 4035 non
2473 3996 2593 4035 esse
2619 3980 2906 4051 principia,
2936 3999 3103 4039 unum
3119 3985 3343 4055 bonum,
3374 3999 3426 4045 et
3447 3991 3675 4050 alterum

2102 4075 2328 4139 malum,
2357 4074 2438 4130 sic
2473 4074 2854 4146 intelligemus.
2897 4077 3107 4133 Bonum
3165 4092 3221 4136 et
3290 4085 3489 4140 malum
3544 4102 3678 4143 con-

2103 4168 2267 4222 traria
2301 4176 2451 4232 sunt,
2502 4183 2671 4237 seque
2698 4168 2939 4223 vicissim
2986 4170 3332 4241 interimunt,
3361 4186 3416 4231 et
3486 4193 3676 4236 eorum

2102 4270 2396 4330 utrumque
2432 4274 2534 4314 nec
2565 4261 2621 4314 in
2670 4261 2865 4325 altero,
2919 4277 3023 4318 nec
3082 4279 3205 4319 cum
3265 4267 3436 4324 altero
3498 4282 3679 4341 petest

2103 4350 2425 4405 consistere.
2477 4350 2781 4419 Separatim
2814 4351 2978 4423 igitur
3007 4363 3186 4416 erunt.
3232 4356 3284 4410 in
3322 4358 3437 4426 ipsa
3493 4376 3675 4419 rerum

2104 4442 2482 4508 universitate,
2520 4450 2571 4496 et
2616 4443 2856 4511 primum
2907 4444 2979 4498 ita
3035 4446 3574 4519 circumscribentur,
3619 4466 3679 4511 ut

2101 4547 2211 4587 non
2254 4534 2425 4586 solum
2460 4531 2514 4585 in
2561 4533 2765 4588 mundo
2793 4535 2919 4598 sint,
2953 4535 3048 4590 sed
3077 4553 3244 4593 unum
3269 4540 3324 4595 in
3353 4557 3459 4597 una
3489 4548 3676 4602 mundi

2104 4634 2283 4692 parte,
2322 4624 2553 4678 alterum
2603 4624 2660 4677 in
2710 4625 2835 4678 alia.
2866 4624 2982 4679 Jam
3041 4630 3168 4696 quis
3225 4632 3441 4701 utrique
3495 4639 3675 4707 regio-

410 4703 531 4767 γὰρ
564 4696 820 4766 ἀλλήλοις
860 4695 1263 4766 συνενεχθῆναι,
1300 4699 1393 4750 καὶ
1426 4698 1863 4768 συμϐιϐασθῆναι
1894 4700 1998 4769 φής

2105 4728 2229 4767 nem
2259 4713 2548 4782 descripsit
2578 4713 2770 4766 suam?
2793 4712 2978 4782 Neque
3033 4716 3176 4769 enim
3212 4716 3351 4772 inter
3381 4734 3438 4773 se
3472 4695 3677 4779 conive-

407 4807 631 4845 σουσιν.
682 4788 833 4842 Ἐπεὶ
864 4788 924 4842 οὐ
956 4789 1128 4842 κακὸν
1157 4789 1217 4842 τὸ
1248 4789 1416 4843 κακὸν
1447 4792 1670 4861 εἰρήνην
1699 4791 1832 4860 ἄγον
1866 4792 1999 4862 πρὸς

406 4884 474 4936 τὸ
528 4880 762 4965 ὰγαθδν,
808 4882 905 4933 καὶ
950 4879 1463 4951 συμϐιϐαζόμενονο
1510 4883 1633 4937 οὐδὲ
1678 4885 1882 4952 ἀγαθὸν
1938 4885 1998 4939 τὸ

404 4975 624 5043 ἀγαθὸν
678 4974 905 5043 φιλικῶς
967 4977 1108 5045 πρὸς
1165 4974 1228 5027 τὸ
1288 4976 1458 5029 κακὸν
1510 4976 1874 5047 διακείμενον.
1930 4980 1994 5032 Ei

407 5069 459 5121 δ’
513 5068 703 5137 ἕτερος
748 5068 776 5120 ὁ
822 5064 1031 5118 τούτων
1076 5065 1292 5136 ἑκάστῳ
1333 5068 1432 5137 τὴν
1476 5070 1685 5123 οἰκείαν
1725 5071 1995 5140 ἀφορίσας

402 5157 724 5230 διατριϐὴν,
773 5159 979 5220 ἐκεῖνος
1027 5158 1230 5227 μᾶλλον
1267 5159 1417 5213 ἔσται
1460 5160 1609 5224 Θεός.
1660 5162 1897 5234 Ἀνάγκη
1938 5164 1994 5215 δὲ

406 5256 509 5308 καὶ
528 5255 677 5307 δυοῖν
704 5253 951 5322 θάτερον,
976 5252 1008 5321 ἢ
1062 5252 1351 5318 ἅπτεσθαι,
1387 5255 1478 5306 καὶ
1503 5254 1745 5323 φθείρειν
1767 5255 1991 5325 ἄλληλα,

406 5348 444 5415 ἢ
480 5341 626 5398 εἷναί
655 5362 709 5397 τι
741 5346 933 5414 μέσον,
964 5345 1021 5395 ἐν
1055 5337 1097 5411 ᾧ
1131 5344 1251 5396 οὐδὲ
1285 5345 1347 5396 τὸ
1387 5344 1577 5409 κακὸν,
1610 5345 1731 5398 οὐδὲ
1764 5350 1824 5399 τὸ
1856 5349 1996 5416 ἀγα-

410 5440 509 5492 θόν
536 5439 711 5505 ἔσται,
738 5438 931 5505 ὥσπερ
969 5453 1022 5489 τι
1050 5437 1374 5508 διάφραγμα
1404 5436 1640 5508 διεῖργον
1668 5440 1724 5505 ἐξ
1748 5439 1995 5510 ἀλλήλων

494 5558 511 5588 ⁸
542 5556 777 5627 Philipp.
825 5570 885 5621 ll,
914 5557 967 5609 7.

495 5672 572 5741 (8)
602 5672 679 5728 Ad
704 5672 900 5734 verba,
931 5670 995 5741 Oi
1036 5666 1094 5719 δὲ
1133 5665 1235 5741 τῇς
1263 5665 1372 5741 τῷν
1420 5662 1992 5741 Δοκιτιῖινςφάλαγγος,

414 5735 611 5811 legitur
654 5743 930 5798 scholiuut
979 5740 1032 5811 in
1060 5738 1273 5811 Δ(τοιιιιὶο
1323 5735 1677 5811 Mosqueusii
1721 5738 1985 5811 εΔοκῖται

416 5806 511 5869 καὶ
528 5811 962 5880 Φαντασιασταὶ,
990 5810 1037 5862 οἱ
1055 5806 1274 5878 δικήσει
1293 5806 1385 5859 καί
1403 5806 1671 5875 φαντασία
1695 5822 1825 5875 γεγο
1842 5810 1978 5861 ιέναι

2105 4806 2276 4870 nisse,
2306 4815 2361 4859 et
2390 4805 2571 4860 foedus
2598 4806 2786 4860 iniisse
2825 4806 3025 4860 dicent.
3056 4805 3504 4879 Quandoquidem
3554 4831 3675 4870 ma-

2103 4897 2213 4951 lum
2248 4913 2357 4953 non
2384 4906 2530 4953 esset
2562 4898 2783 4961 nialum,
2820 4899 2864 4952 si
2895 4898 3135 4954 amicitia
3168 4917 3289 4954 cum
3350 4904 3496 4959 bono
3539 4922 3672 4962 con-

2097 4990 2345 5060 junctum
2392 4999 2565 5047 esset:
2605 5005 2706 5044 nec
2758 4991 2961 5045 bonum
2996 5002 3140 5046 esset
3200 4992 3425 5060 bonum,
3482 4998 3529 5052 si
3597 5000 3671 5054 illi

2100 5099 2224 5141 cum
2274 5083 2416 5137 malo
2471 5084 2809 5139 conveniret.
2873 5081 2967 5136 Sin
3034 5085 3227 5139 tertius
3267 5086 3464 5157 aliquis
3514 5108 3672 5146 suum

2104 5175 2319 5245 utrique
2376 5175 2715 5230 domicilium
2772 5175 3109 5243 prtelinivit,
3172 5178 3260 5231 ille
3319 5183 3496 5249 potius
3571 5186 3674 5238 erit

2100 5270 2262 5324 Deus.
2364 5269 2702 5321 Alterutrum
2789 5278 2971 5322 autem
3060 5276 3145 5322 est
3250 5272 3669 5336 necessarium,

2099 5368 2157 5412 ut
2213 5359 2415 5411 vel‘se
2451 5359 2771 5428 contingant
2829 5371 3126 5430 mutuoque
3192 5363 3527 5424 interimant,
3588 5362 3673 5416 vel

2098 5444 2245 5504 inter
2308 5438 2379 5504 ea
2431 5450 2504 5504 sit
2564 5450 2784 5520 aliquod
2835 5454 3102 5518 medium,
3145 5454 3199 5507 in
3243 5468 3352 5522 quo
3413 5468 3517 5508 nec
3571 5453 3675 5507 bo-

2098 5673 2348 5739 λέγοντες
2381 5637 2483 5740 τὴν
2529 5670 2681 5724 θείαν
2711 5672 3132 5741 ἐνανθρώπησιν
3158 5688 3172 5703 ·
3221 5672 3396 5725 ὁποῖοί
3430 5672 3537 5725 sic:
3576 5673 3672 5727 καὶ

2090 5748 2146 5868 3i.
2173 5741 2434 5813 ἀνωτέρω
2473 5745 2531 5794 ὲν
2555 5743 2699 5812 ἀρχῇ
2722 5741 2814 5796 τοῦ
2860 5744 3124 5811 παρόντος
3154 5742 3337 5796 τίτλον
3368 5760 3693 5815 μνημονεψν

2126 5830 2296 5878 εντες.
3536 5865 3547 5875 κ
