4126 6400
476 367 582 432 31η

1724 354 2109 417 EUTIIYMII
2151 351 2517 413 ZIGABENI

3645 346 3753 409 328

481 496 613 537 num
678 491 782 532 nec
821 474 1019 529 malum
1067 480 1459 533 commoretur,
1509 468 1762 538 quodque
1801 477 2060 539 tanquam

2185 466 2476 536 ιμφότερα.
2515 463 2627 518 Καὶ
2659 462 2760 517 οὐκ
2789 461 2868 516 ἔτι
2903 461 3016 526 δύο,
3041 460 3190 516 ἀλλὰ
3217 462 3368 529 τρεῖς
3403 461 3569 531 ἀρχαὶ
3599 461 3753 515 ἔσον-

478 581 692 643 septum
736 579 968 635 utraque
1059 565 1308 636 sejungat
1375 569 1432 615 et
1491 559 1734 618 dirimat.
1816 560 1884 615 Et
1957 559 2064 614 hoc

2185 574 2276 610 tat.
2319 556 2561 626 Ἀνάγκη
2588 555 2644 608 δὲ
2668 555 2872 610 τούτων
2896 554 2956 607 τὸ
2981 553 3068 606 ἒτε
3078 571 3168 623 ρον
3199 553 3231 624 ἢ
3259 553 3586 623 εἰρηνεύειν,
3610 555 3753 624 ὅπερ

470 664 697 736 quidem
757 671 915 732 pacto
991 671 1098 712 non
1156 655 1267 710 duo
1315 661 1498 716 erunt,
1543 654 1640 709 sed
1701 653 1803 709 tria
1861 652 2066 722 princi-

478 759 592 828 pia.
645 754 912 809 Praeterea
968 763 1193 804 necesse
1241 756 1325 804 est
1373 755 1435 802 ut
1475 747 1559 803 vel
1592 747 1647 800 in
1677 761 1812 817 pace
1840 746 2062 818 degant,

479 848 620 918 quod
654 846 854 901 malum
875 860 982 897 non
1015 851 1220 905 potest:
1240 841 1382 910 quod
1399 839 1542 894 enim
1565 839 1615 892 in
1635 854 1764 908 pace
1779 837 1939 908 degit,
1960 851 2066 892 non

475 951 564 995 est
611 939 810 992 malum
846 953 862 1002 ;
893 935 972 989 vel
1029 941 1293 1004 pugnent,
1351 933 1496 1001 quod
1555 933 1745 1000 nequit
1807 931 2009 984 bonum
2050 945 2064 983 :

482 1032 628 1103 quod
669 1031 814 1085 enim
886 1027 1086 1081 bellum
1149 1026 1325 1095 gerit,
1393 1021 1632 1094 perfecte
1698 1023 1901 1076 bonum
1957 1037 2065 1076 non

479 1133 617 1190 est;
669 1123 752 1176 vel
802 1119 999 1173 maium
1047 1117 1268 1186 quidem
1323 1124 1567 1184 pugnet,
1629 1115 1831 1169 bonum
1886 1125 2066 1168 autem

479 1231 589 1272 non
611 1222 874 1285 repugnet
897 1228 909 1263 :
940 1225 1044 1280 qua
1068 1225 1200 1265 sane
1223 1209 1432 1263 ratione
1449 1209 1652 1262 bonum
1683 1223 1711 1258 a
1741 1208 1884 1259 malo
1916 1205 2070 1260 dele-

479 1318 630 1363 retur
661 1317 751 1359 aut
767 1312 916 1359 certe
943 1309 1232 1357 vexaretur
1255 1307 1309 1354 et
1374 1298 1818 1360 discruciaretur,
1847 1295 1994 1365 quod
2042 1309 2069 1347 ο

481 1401 626 1455 bono
642 1399 880 1452 alienum
923 1405 1034 1449 est.
1063 1393 1241 1448 Unum
1265 1407 1392 1461 ergo
1427 1389 1754 1460 principium
1777 1397 1884 1452 est,
1909 1389 2071 1458 idque

482 1493 688 1547 bonum
743 1497 798 1544 et
856 1488 924 1542 ab
953 1487 1100 1541 omni
1155 1483 1359 1538 malitia
1427 1481 1876 1536 retnotissimum.
1913 1479 2070 1544 Quod

465 1585 525 1638 ἐἰ
587 1583 792 1638 dixeris
820 1580 978 1636 Unde
1007 1578 1174 1648 igitur
1202 1575 1432 1630 malum?
1462 1590 1490 1628 a
1529 1573 1674 1628 bono
1703 1572 1847 1627 enim
1889 1580 2069 1625 ortum

469 1675 689 1729 habere
721 1688 829 1726 non
883 1679 1065 1742 potest
1093 1686 1107 1734 ;
1131 1669 1545 1739 respondemus,
1565 1662 2070 1720 malumnihilaliud

485 1782 610 1822 esse
643 1765 744 1819 nisi
784 1765 1141 1834 privationem
1172 1762 1322 1824 boni,
1354 1772 1405 1813 et
1427 1759 1904 1814 commutationem
1925 1772 2071 1810 exeo

482 1857 628 1928 quod
672 1855 973 1912 secundum
1005 1865 1251 1908 naturam
1280 1851 1444 1905 estin
1480 1850 1533 1902 id
1582 1849 1729 1918 quod
1764 1856 1848 1902 est
1883 1860 2073 1902 contra
2109 1830 2148 1881 Β

482 1961 770 2005 naturam.
803 1947 953 2002 Nihil
988 1947 1135 2001 enim
1169 1953 1366 1997 natura
1396 1946 1620 1996 malum.
1673 1939 1807 1994 Nam
1867 1939 2071 2004 omnia,

487 2057 610 2113 quae
673 2042 818 2096 Deus
863 2039 1013 2106 fecit,
1045 2039 1203 2093 valde
1245 2046 1375 2092 sunt
1411 2037 1553 2090 bona
1613 2048 1883 2105 quatenus
1936 2033 2074 2088 facta

485 2144 637 2190 sunt.
703 2136 889 2204 Itaque
941 2132 985 2187 si
1032 2140 1258 2186 manent
1323 2127 1784 2199 quemadmodum
1856 2127 2081 2181 fuerunt

485 2209 798 2296 procreata,
841 2225 998 2278 valde
1037 2223 1178 2277 bona
1206 2230 1354 2275 sunt.
1402 2218 1500 2274 Sin
1545 2237 1574 2273 a
1606 2220 1830 2290 proprio
1865 2227 2080 2273 natura:

486 2326 630 2372 statu
687 2316 966 2371 voluntate
1001 2313 1298 2369 deﬂectunt
1331 2313 1382 2366 in
1407 2312 1763 2377 contrarium,
1819 2313 1873 2366 in
1939 2311 2080 2366 malo

482 2409 813 2465 consistunt.
869 2407 1077 2462 Natura
1111 2406 1275 2478 igitur
1323 2406 1665 2476 procreatori
1701 2416 1894 2460 cuncta
1959 2422 2079 2460 ser-

482 2503 640 2556 viunt
691 2508 746 2556 et
777 2512 990 2571 parent.
1040 2497 1269 2565 Quando
1307 2509 1489 2554 autem
1522 2507 1717 2569 sponte
1743 2515 1839 2553 sua
1881 2498 2084 2567 aliquid

483 2600 699 2651 eorum,
750 2603 871 2656 qua:
903 2597 1186 2656 procreata
1219 2598 1369 2653 sunt,
1429 2587 1717 2657 imperium
1775 2588 2086 2642 detrectans

484 2681 554 2734 ab
575 2690 800 2734 auctore
825 2695 926 2735 suo
949 2680 1233 2745 defecerit,
1258 2680 1312 2733 in
1337 2694 1394 2734 se
1414 2683 1532 2750 ipso
1555 2680 1757 2733 malum
1780 2679 2082 2735 constituit.

480 2770 685 2828 italum
751 2775 900 2827 enim
931 2789 1036 2828 nec
1064 2775 1300 2828 essentia
1328 2784 1430 2836 cst,
1464 2789 1566 2828 nec
1599 2773 1799 2843 aliquid
1839 2775 2090 2828 essentia:

487 2863 790 2933 yroprinm,
859 2862 955 2918 sed
980 2863 1254 2928 accidens,
1295 2873 1350 2918 et
1374 2865 1441 2917 ab
1466 2879 1551 2927 eo,
1584 2865 1728 2933 quod
1789 2865 2089 2918 secundum

484 2962 739 3007 naturam
802 2955 982 3016 est,‘in
1005 2955 1056 3010 id
1111 2955 1256 3025 quod
1292 2966 1503 3009 natura:
1550 2955 1872 3008 adversatur
1926 2954 2094 3009 decli—

485 3044 664 3100 natio.
736 3043 848 3099 Hoc
878 3054 1060 3100 autem
1117 3046 1253 3101 nihil
1307 3046 1453 3102 aliud
1503 3057 1605 3112 est,
1655 3047 1762 3102 nisi
1785 3058 2088 3120 peccatutn_

488 3132 645 3190 linde
702 3136 870 3207 igitur
899 3138 1265 3207 peccaturnia
1306 3136 1522 3208 propria
1565 3138 1845 3194 voluntate
1895 3139 2092 3194 diaboli

489 3239 806 3294 inventuiri.
845 3230 984 3300 Ergo
1014 3229 1264 3284 diabolus
1302 3231 1476 3285 malus
1505 3230 1527 3283 ?
1554 3229 1670 3285 Non
1698 3240 1966 3301 quatenus
2014 3231 2092 3286 fa—

489 3328 611 3373 ctus
641 3329 746 3375 est.
782 3317 1180 3376 Lucidissimus
1201 3323 1346 3376 enim
1375 3331 1429 3376 et
1465 3323 1910 3391 princlarissimus
1929 3339 2092 3393 ange-

490 3409 577 3465 lns
646 3409 1087 3481 fuitprocreatus
1109 3415 1175 3468 ab
1214 3416 1408 3484 opitice
1444 3414 1572 3480 Deo,
1603 3413 1772 3469 libera
1830 3414 2092 3484 praeditus

492 3503 800 3570 volttntate,
850 3505 1052 3574 quippe
1079 3506 1170 3576 qui
1197 3507 1409 3560 ratione
1433 3517 1659 3560 ornatus
1680 3509 1772 3561 sit.
1805 3505 1958 3562 Ultro
1987 3523 2087 3562 au-

2165 647 2228 700 τδ
2259 646 2429 700 κακὸν
2467 646 2530 700 οὐ
2567 645 2815 707 δύναται,
2851 644 2911 698 τὸ
2946 645 3055 716 γὰρ
3092 642 3376 713 είρηνεῦον
3401 643 3461 696 οὐ
3493 643 3686 708 κακὸν,
3715 645 3753 713 ῆ

2171 740 2462 812 μάχεσθαι,
2523 740 2660 809 ὅπερ
2709 739 2770 791 τὸ
2827 737 3030 806 ἀγαθὸν
3089 741 3150 790 οὺ
3206 737 3464 790 δύναται·
3521 738 3582 789 τὸ
3641 741 3756 806 γὰρ

2171 833 2481 902 μαχόμενον
2511 831 2570 884 οὐ
2614 831 2813 894 τελέως
2866 830 3070 898 ἀγαθόν
3097 845 3113 862 ο
3142 830 3174 900 ἢ
3205 831 3264 882 τὸ
3298 830 3396 900 μὲν
3444 831 3611 883 κακὸν
3650 831 3759 898 μά-

2169 927 2384 997 χεσθαι,
2415 925 2473 978 τὸ
2502 925 2560 978 δὲ
2597 924 2801 992 ἀγαθὸν
2829 925 2904 994 μὴ
2936 923 3352 992 ἀντιμάχεσθαι,
3383 923 3496 974 ἀλλ’
3529 923 3632 976 ὑπὸ
3658 923 3757 976 τοῦ

2171 1015 2344 1070 κακοῦ
2395 1014 2748 1085 φθείρεσθαι,
2802 1016 2834 1085 ἦ
2895 1015 2982 1067 ἀεὶ
3027 1011 3353 1076 λυπεῖσθαι,
3407 1015 3504 1066 καὶ
3551 1030 3761 1066 κακου-

2171 1108 2406 1178 χεῖσθαι,
2438 1108 2575 1178 ὅπερ
2605 1107 2666 1160 οὐ
2697 1107 2791 1159 τοῦ
2827 1105 3035 1174 ἀγαθοῦ
3065 1106 3379 1175 γνώρισμα,
3430 1105 3548 1159 Μία.
3575 1105 3760 1158 τοίνυν

2171 1201 2312 1271 ἁρχὴ
2341 1201 2521 1270 ἀγαθὴ
2546 1201 2725 1270 πάσης
2744 1198 2940 1262 κακίας
2974 1199 3390 1268 annuam.
3424 1199 3562 1252 Ἀλλ’
3588 1201 3635 1252 εί
3659 1200 3760 1251 τοῦ

2171 1295 2232 1347 τό
2289 1310 2444 1361 φασι,
2498 1292 2668 1346 Πόθεν
2709 1292 2767 1344 τὺ
2797 1293 3008 1355 κακῶς
3068 1293 3353 1362 ἀμήχανον
3389 1293 3499 1362 γὰρ
3555 1293 3620 1345 ὲκ
3657 1293 3760 1345 τοῦ

2173 1383 2380 1452 ἀγαθοῦ
2406 1384 2467 1436 τὸ
2490 1383 2656 1436 κακὸν
2675 1382 2818 1452 ἔχειν
2847 1372 2944 1454 τῆν
2977 1384 3194 1446 γένεσιν
3219 1400 3234 1416 ο
3265 1382 3446 1452 φαμὲν
3467 1379 3560 1436 οὖν
3585 1383 3668 1435 ὅτι
3695 1384 3765 1435 τὸ

2174 1479 2344 1530 κακὸν
2375 1477 2527 1530 οὐδὲν
2548 1476 2735 1546 ἔτερόν
2765 1477 2911 1530 ἐστιν
2940 1478 2987 1528 εἰ
3011 1476 3086 1546 μὴ
3119 1475 3214 1530 τοῦ
3242 1475 3450 1545 ἀγαθοῦ
3479 1475 3757 1546 στέρησις,

2177 1571 2271 1620 καὶ
2316 1570 2380 1622 ὲκ
2413 1567 2506 1621 τοῦ
2559 1567 2700 1620 κατὰ
2747 1569 2910 1637 φύσιν
2953 1571 3035 1632 είς
3067 1571 3128 1622 τὸ
3173 1569 3323 1637 ποιρὰ
3365 1569 3530 1638 φύσιν
3572 1585 3760 1638 παρα-

2175 1658 2378 1728 τροπή.
2421 1658 2584 1710 Οὐδὲν
2629 1659 2737 1729 γὰρ
2785 1660 2954 1711 κακὸν
2997 1659 3139 1713 κατὰ
3175 1659 3377 1728 φύσινο
3427 1659 3608 1713 πάντα
3651 1665 3764 1728 γὰρ

2178 1749 2280 1801 ὃσα
2301 1750 2558 1818 ἐποίησεν
2575 1751 2602 1801 ὁ
2635 1750 2765 1812 Θεὸς
2797 1749 2938 1802 miti
2965 1749 3110 1812 λίαν,
3128 1750 3250 1802 καθ’
3274 1749 3302 1802 ὃ
3333 1749 3583 1818 γέγονεν.
3605 1749 3767 1802 Οὕτω

2177 1842 2358 1895 τοίνυν
2405 1843 2634 1913 μένοντα
2689 1842 2870 1906 καθὼς
2915 1842 3182 1908 ἔκτισται,
3235 1843 3378 1896 καλὰ
3421 1842 3541 1893 λίαν
3581 1841 3720 1894 εἰσίν
3747 1858 3764 1871 ο
3825 1868 3830 1872 ι

2179 1934 2440 1998 ἑκουσίως
2470 1935 2526 1988 δὲ
2552 1935 2934 2002 ἁποφοιτῶντα
2957 1933 3053 1987 τοῦ
3076 1936 3217 1988 κατὰ
3250 1934 3434 2002 φύσιν,
3467 1936 3560 1987 καὶ
3589 1934 3670 1996 είς
3705 1934 3770 1984 τὸ

2180 2029 2336 2096 παρὰ
2373 2027 2536 2094 φύσιν
2569 2028 2840 2097 ἐρχόμενα
2861 2067 2876 2092 ,
2915 2028 2972 2079 ὲν
3002 2026 3080 2096 τῷ
3114 2026 3271 2096 κακῷ
3303 2027 3566 2094 γίνονται.
3608 2026 3771 2080 Κατά

2181 2121 2345 2190 φύσιν
2394 2122 2492 2189 μὲν
2531 2114 2626 2173 οὖν
2665 2120 2842 2174 πάντα
2890 2119 3079 2184 δοῦλα,
3133 2120 3228 2173 καὶ
3277 2120 3494 2189 ὑπήκοα
3531 2116 3624 2170 τοῦ
3662 2120 3773 2188 Δη-

2187 2213 2474 2285 μιουργοῦ.
2531 2214 2701 2265 Ὅταν
2754 2211 2810 2264 δὲ
2860 2211 3130 2274 ἑκουσίως
3177 2228 3231 2264 τι
3283 2209 3392 2264 τῶν
3446 2209 3771 2279 κτισμάτων

2183 2307 2484 2376 ἀφηνιάσῃ,
2517 2304 2611 2357 καὶ
2637 2305 2917 2373 παρήκοον
2941 2304 3036 2356 τοῦ
3074 2304 3401 2372 ποιήσαντος
3440 2302 3574 2355 αὐτὸ
3601 2303 3769 2370 γένη·
3805 2348 3820 2359 ,

2183 2417 2296 2462 ται,
2325 2401 2382 2452 ὲν
2410 2397 2589 2466 ἐαυτῷ
2615 2398 2982 2466 συνεστήσατο
2999 2397 3099 2466 τὴν
3128 2396 3347 2450 κακίαν.
3383 2395 3448 2448 Ἦ
3471 2393 3636 2448 κακία
3657 2393 3774 2465 γὰρ

2185 2491 2308 2544 οὔτε
2341 2492 2500 2545 οὐσία
2523 2492 2604 2552 τίς
2641 2493 2808 2555 ἐστιν,
2842 2488 2969 2542 οὔτε
3002 2489 3192 2552 οὐσίας
3222 2490 3441 2560 ἰδίωμα,
3469 2488 3605 2543 ἀλλὰ
3633 2505 3780 2556 συμ-

2193 2585 2450 2657 ϐεόηκδς,
2487 2585 2657 2654 ἢγουν
2695 2585 2759 2636 ὲκ
2786 2582 2880 2635 τοῦ
2916 2583 3061 2636 κατὰ
3091 2581 3254 2650 φύσιν
3281 2583 3360 2645 είς
3389 2581 3450 2635 τὸ
3483 2583 3636 2649 παρὰ
3670 2581 3784 2649 φύ-

2193 2695 2278 2732 σιν
2327 2679 2574 2740 ἑκούσιος
2623 2673 2978 2744 παρατροπὴ,
3029 2676 3168 2744 ὅπερ
3225 2676 3372 2728 ἐστὶν
3420 2675 3454 2746 ή
3503 2675 3778 2744 ἁμαρτία.

2191 2772 2360 2826 Πόθεν
2393 2768 2484 2824 οὖν
2511 2771 2545 2840 ὴ
2579 2769 2860 2839 ἁμαρτίας
2902 2768 3000 2837 τῆς
3029 2767 3379 2834 αὑτεξουσίου
3414 2766 3640 2837 γνώμης
3680 2770 3783 2819 τοῦ

2191 2865 2440 2919 διαϐολου
2468 2863 2696 2933 εὕρεμα.
2729 2863 2912 2925 Κακδς
2935 2859 3026 2914 οὖν
3056 2863 3084 2914 ό
3115 2859 3384 2923 διάϐολος.
3422 2860 3482 2913 οὗ
3519 2862 3652 2914 καθὸ
3681 2860 3786 2927 γὲο

2196 2975 2354 3026 γονεν
2387 2976 2402 2990 ο
2433 2957 2667 3025 ἄγγελος
2699 2955 2808 3025 γὰρ
2841 2953 3232 3024 φωτεινότατος
3266 2955 3360 3007 καὶ
3394 2954 3784 3024 λαμπρότατος

2199 3049 2304 3102 ὑπὸ
2329 3047 2424 3101 τοῦ
2448 3047 2796 3117 Δημιουργοῦ
2825 3045 3094 3108 ἔκτισται,
3117 3044 3488 3109 αὑτεξούσιος,
3521 3046 3594 3106 ὡς
3625 3044 3786 3112 λογι-

2121 3166 2165 3228 C
2199 3140 2293 3201 κός
2320 3153 2334 3168 ’
2359 3136 2620 3198 ἑκουσίως
2643 3136 2701 3188 δὲ
2726 3137 2821 3206 τῆς
2841 3133 2984 3187 κατὰ
3007 3134 3171 3202 φύσιν
3191 3134 3392 3202 ἀρετῆς
3439 3133 3785 3202 ἁπεφοίτησε

2198 3231 2294 3285 καὶ
2327 3231 2386 3283 ἐν
2424 3228 2501 3300 τῷ
2536 3228 2687 3298 ζόφῳ
2722 3229 2822 3299 τῆς
2857 3229 3056 3291 κακίας
3099 3227 3336 3295 ἐγένετο,
3358 3225 3491 3279 Θεοῦ
3527 3243 3784 3297 μακρυν-

2199 3323 2311 3386 θεὶς
2342 3322 2437 3376 τοῦ
2470 3322 2632 3390 μόνου
2661 3319 2868 3388 ἀγαθοῦ
2901 3323 2995 3373 καὶ
3019 3319 3305 3384 ζωοποιοῦ.
3353 3319 3444 3384 Ἐξ
3475 3319 3638 3372 αὐτοῦ
3671 3321 3783 3388 γὰρ

2199 3419 2307 3470 πᾶν
2359 3415 2561 3484 ἀγαθὸν
2604 3413 2960 3483 ἀγαθύνεται.
3007 3413 3119 3468 Καὶ
3163 3413 3286 3466 καθ’
3337 3413 3465 3466 ὅσον
3505 3409 3567 3478 ἐξ
3613 3412 3776 3465 αὐτοῦ

2201 3508 2525 3579 ἐμακρύνθτι
2542 3508 2733 3578 γνώμῃ
2756 3545 2770 3568 ,
2821 3509 2882 3560 οὺ
2902 3507 3012 3576 γὰρ
3029 3505 3179 3577 τόπῳ
3197 3545 3212 3570 ,
3237 3506 3292 3558 ἐν
3306 3506 3383 3576 τῷ
3398 3505 3550 3573 κακῷ
3568 3504 3768 3572 γέγονε.

489 3602 600 3648 tem
638 3603 690 3648 et
716 3596 903 3651 volens
926 3597 1177 3652 avirtute
1200 3599 1522 3669 congruenti
1558 3606 1764 3678 natura;
1793 3613 1905 3653 sua:
1954 3600 2244 3654 disiedcns
2269 3601 2320 3654 in
2349 3599 2569 3653 malitia:
2603 3597 2856 3652 tenebras
2887 3597 3092 3662 incidit,
3126 3598 3314 3666 procul
3359 3607 3574 3652 amotus
3617 3611 3647 3649 a
3671 3597 3779 3648 Deo

487 3686 581 3759 qui
627 3687 774 3742 solus
829 3697 912 3743 est
972 3689 1146 3744 bonus
1198 3699 1252 3743 et
1283 3689 1502 3760 largitor
1541 3691 1684 3743 vitae.
1733 3690 1816 3745 Ab
1871 3689 1989 3759 ipso
2025 3692 2181 3746 'enim
2227 3690 2488 3760 quidquid
2533 3699 2617 3744 est
2645 3689 2848 3744 bonum
2881 3688 3064 3755 habet,
3082 3700 3140 3745 ut
3178 3689 3380 3745 bonum
3413 3689 3505 3756 sit,
3559 3697 3613 3743 et
3650 3688 3783 3743 dum

1050 3894 1358 3953 TITULUS
1448 3899 1519 3955 Χ.

489 3989 752 4046 Adversus
777 3989 1096 4061 Sabelliunt‘=
1127 3990 1317 4044 Sancti
1343 3991 1529 4061 Cyr-illi
1581 4008 1645 4045 ea:
1689 3992 2092 4058 interpretatio-

889 4077 953 4115 ne
981 4062 1038 4114 in
1065 4058 1293 4115 Joannis
1320 4058 1691 4131 Euangelium.

567 4241 626 4297 Si
659 4241 802 4297 idem
833 4216 923 4295 est
953 4239 1151 4304 Filius,
1195 4240 1291 4310 qui
1317 4239 1500 4309 Pater,
1523 4256 1644 4312 qua:
1668 4253 1752 4297 est
1791 4243 2098 4300 distinctio-

491 4335 580 4390 nis
635 4335 921 4388 nominutn
948 4334 1133 4389 ratio?
1179 4331 1314 4388 Nam
1346 4334 1390 4388 si
1421 4333 1587 4388 alium
1609 4351 1718 4390 non
1753 4338 1960 4406 genuit,
1990 4351 2091 4392 cur

399 3783 403 3786 ‘
489 3782 769 3839 voluntate
801 3782 1010 3839 recidit
1043 3784 1112 3838 ab
1141 3799 1207 3839 eo
1241 3785 1542 3852 (voluntate
1563 3787 1861 3850 euim,non
1894 3786 2038 3849 loco,
2067 3787 2134 3842 ab
2160 3786 2252 3840 illo
2305 3786 2598 3854 receditur)
2646 3785 2700 3838 in
2734 3787 2941 3839 malum
2980 3783 3237 3840 incurrit.

2811 3899 3060 3953 ΤΙΤΛΟΣ
3101 3897 3158 3953 ι’.

2206 3991 2318 4046 Τοῦ
2366 3992 2436 4045 ἐν
2478 3991 2668 4061 ἁγίοις
2713 3993 3020 4058 Κυρίλλου
3063 3992 3215 4045 κατὰ
3259 3992 3614 4046 Σαϐελλίου.
3681 3992 3788 4047 Ἐκ

2271 4063 2405 4132 hic,
2443 4065 2595 4114 κατὰ
2666 4062 2955 4132 Ἰωάννην
3021 4061 3401 4132 Εὑαγγέλιον
3461 4063 3790 4132 ἑρμηνείας

2272 4131 2344 4184 τὰ
2384 4131 2498 4184 ὅλα
2535 4132 2723 4186 ταῦτα
2753 4130 3073 4198 κεφάλαια.

2274 4246 2338 4298 Ei
2381 4246 2542 4308 αὑτός
2575 4247 2723 4300 ἐστιν
2751 4245 2780 4297 ὁ
2813 4244 2958 4309 Υίὺς,
2989 4245 3087 4299 καὶ
3122 4245 3331 4316 Πατὴρ,
3367 4248 3519 4299 ποῖον
3550 4243 3663 4315 ἔχει
3694 4243 3788 4298 λό-

2203 4351 2300 4404 γον
2341 4337 2373 4406 ή
2411 4336 2518 4389 τῶν
2546 4336 2846 4406 ’ὀνομάτων
2888 4338 3186 4408 διαστολή;
3233 4338 3297 4391 Ei
3345 4339 3421 4408 μὴ
3464 4339 3571 4408 γὰρ
3623 4329 3788 4391 ἄλλον

491 4437 722 4482 vocatur
774 4424 1067 4480 Pater‘lEt
1129 4427 1222 4496 qui
1283 4441 1313 4480 a
1347 4427 1506 4482 Patre
1554 4429 1771 4497 genitus
1833 4444 1943 4483 non
1987 4439 2083 4494 est,

2203 4430 2521 4500 ἐγέννησεν,
2586 4430 2728 4483 ίνατί
2779 4431 3023 4483 καλεῖται
3075 4431 3311 4499 Πατήρ;
3361 4421 3484 4492 Πῶς
3532 4431 3590 4484 δὲ
3643 4430 3788 4493 ὅλως

492 4521 772 4591 quomodo
828 4533 1054 4588 prorsus
1077 4529 1163 4574 est
1188 4519 1405 4574 Filius?
1435 4520 1701 4585 Quoniam
1735 4520 1898 4592 igitur
1940 4522 2092 4592 geni-

503 4622 621 4666 tum
652 4626 776 4667 esse
810 4609 1007 4664 Filium
1068 4611 1266 4666 divinae
1327 4613 1623 4678 Scriptura:
1686 4623 1980 4676 testantur,
2039 4623 2095 4668 et

494 4705 700 4758 veritas
760 4705 834 4757 ita
867 4718 988 4758 sese
1016 4704 1203 4771 habet,
1251 4721 1347 4776 per
1379 4720 1440 4761 sc
1487 4707 1543 4759 in
1587 4707 1804 4776 pr0pria
1865 4706 2096 4776 quisque

497 4809 735 4870 persona
811 4795 1084 4850 exsistunt
1140 4794 1302 4850 Pater
1334 4806 1405 4850 et
1488 4795 1681 4850 Filius.
1735 4795 2095 4865 Quandoqui-

493 4886 618 4940 dem
648 4901 795 4941 unus
844 4886 913 4940 ab
971 4887 1146 4941 altero
1237 4888 1595 4960 distinguitur
1646 4898 1705 4942 ut
1760 4903 1793 4942 a
1839 4888 2096 4960 gignente

494 4978 744 5049 genitus.
1011 4961 1026 4968 ί

566 5070 766 5124 Beatus
785 5069 999 5126 'Paulns
1022 5071 1088 5126 ad
1123 5070 1507 5142 Pbilippenses
1536 5070 1603 5126 de
1639 5069 1779 5126 Filio
1820 5072 2092 5138 scribens,

494 5161 600 5228 Qui
627 5163 897 5229 rapinam,
926 5163 1122 5233 inquit,
1144 5180 1248 5218 non
1267 5174 1342 5218 est
1360 5165 1670 5229 arbitratus,
1694 5181 1803 5219 esse
1827 5181 1881 5218 se
1903 5181 2085 5235 a'qua-

495 5240 597 5308 [ειη
641 5255 752 5310 Deo
776 5258 819 5310 ³.
863 5256 998 5322 Quis
1029 5258 1194 5327 igitur
1224 5259 1311 5313 ille
1360 5267 1466 5325 est,
1496 5257 1588 5325 qui
1613 5257 1787 5312 noluit
1843 5258 2086 5328 rapinam

494 5348 774 5414 arbitrari,
813 5364 870 5404 se
899 5364 1022 5404 esse
1055 5351 1318 5420 aequalem
1352 5351 1462 5405 Deo
1492 5351 1514 5405 ?
1545 5348 1738 5406 Nonne
1791 5350 2085 5405 dicendum

493 5451 578 5496 est
595 5444 906 5497 necessario
923 5459 1090 5496 unum
1109 5442 1329 5512 quidem
1347 5443 1497 5497 illum
1518 5457 1663 5506 esse,
1681 5445 1772 5512 qui
1791 5453 1876 5497 est
1897 5443 1952 5495 in
1982 5442 2094 5496 for-

493 5547 580 5587 ma
610 5535 721 5600 Dei,
743 5536 976 5592 alterum
996 5545 1177 5590 autem
1211 5552 1337 5590 eum
1352 5538 1507 5606 cujus
1526 5545 1610 5591 est
1629 5536 1848 5591 forma?
1879 5535 2086 5592 Omnes

497 5619 605 5678 hoc
637 5636 698 5680 nt
734 5627 1085 5697 perSpicuum
1136 5626 1484 5683 conﬁtentur.
1526 5626 1708 5693 Quare
1758 5643 1868 5686 non
1912 5644 2083 5684 unum

577 5784 594 5816 ι
626 5770 822 5855 Philip.
855 5805 914 5855 ιι,
949 5790 1005 5845 6.

2203 4523 2347 4587 Υἱὸς,
2380 4525 2428 4576 εἰ
2462 4524 2536 4593 μὴ
2570 4523 2833 4593 ἐγεννήθη
2866 4523 3018 4592 παρὰ
3055 4523 3266 4593 Πατρός
3293 4541 3306 4590 ;
3351 4522 3569 4593 Ἐπειδὴ
3599 4523 3655 4576 δὲ
3685 4541 3783 4592 γε·

2198 4613 2490 4683 γεννῆσθαι
2519 4616 2610 4667 τὶν
2642 4615 2766 4668 Υίὺν
2798 4617 2854 4667 eti
2881 4614 3021 4668 θεῖαι
3056 4615 3384 4685 κηρύττουσι
3410 4616 3648 4686 Γραφαὶ,
3687 4617 3788 4670 καὶ

2199 4708 2227 4758 ό
2264 4707 2366 4774 τῆς
2405 4707 2664 4771 ἁλι-,θείας
2703 4707 2876 4771 οὕτως
2913 4709 3024 4779 ἔχει
3053 4709 3232 4778 λόγος,
3273 4709 3646 4778 ὑφεστήκασιν
3674 4709 3791 4780 ἄρα.

2200 4801 2324 4854 καθ’
2357 4803 2605 4868 ἑαυτοὺς,
2628 4804 2723 4855 καὶ
2755 4804 2891 4856 εἰσιν
2922 4803 3235 4867 ἰδιαζόντως
3259 4806 3354 4859 καὶ
3377 4807 3404 4858 ὁ
3437 4805 3651 4874 Πατὴρ,
3685 4806 3788 4858 καὶ

2197 4894 2226 4946 ὁ
2257 4892 2404 4958 Υἱὸς,
2439 4893 2597 4962 εἰπερ
2627 4893 2811 4963 ἕτερον
2842 4894 2900 4959 ἐξ
2928 4895 3117 4964 ἐτέρου
3146 4894 3481 4964 φαίνεταιτὸ
3511 4893 3792 4964 γεννώμε-

2198 5001 2289 5038 νον
2325 4982 2398 5046 th;
2435 4985 2574 5054 πρὸς
2609 4987 2666 5038 τὸ
2704 4988 2931 5054 γεννῶν.

2283 5076 2343 5128 '0
2365 5078 2642 5145 μακάριος
2664 5077 2875 5142 Παῦλος
2895 5078 3234 5132 ἐπιστέλλων
3254 5078 3639 5148 Φιλιππητίοις
3659 5080 3798 5150 περὶ

2193 5169 2287 5222 τοῦ
2323 5167 2456 5222 Υίοῦ
2497 5187 2662 5242 φησιν
2687 5189 2702 5203 ·
2744 5191 2762 5223 ι
2807 5174 2903 5235 ’ος
2931 5176 2988 5225 ἐν
3021 5175 3201 5243 μορφῇ
3232 5172 3366 5224 Θεοῦ
3396 5173 3654 5242 ὑπάρχων
3684 5173 3792 5244 οὐχ

2199 5260 2492 5330 ἁρπαγμὸν
2539 5263 2780 5332 ἡγήσατο
2827 5263 2888 5314 τὸ
2923 5257 3060 5314 εἶναι
3089 5265 3178 5316 im
3200 5261 3339 5332 Θεῷ.
3385 5282 3403 5314 ›
3435 5263 3507 5315 Ἢ
3539 5263 3648 5332 γὰρ
3683 5262 3793 5316 οὐκ

2201 5351 2415 5422 ἀνάγκη
2450 5352 2630 5419 λέγειν
2663 5354 2758 5405 ἕνα
2797 5350 2895 5422 μέν
2924 5371 3046 5406 τινι
3086 5354 3357 5424 ὑπάρχειν
3389 5355 3480 5407 τὶν
3505 5353 3564 5405 ὲν
3599 5357 3790 5424 μορφῇ

2201 5445 2376 5510 Θεοῦ,
2418 5446 2604 5515 ἕτερον
2643 5446 2701 5498 δὲ
2745 5447 2908 5500 πάλιν
2940 5447 3002 5499 τὸ
3036 5448 3175 5516 ὅπερ
3219 5443 3288 5518 ἦν
3322 5448 3355 5518 ή
3395 5446 3601 5517 μορφῆς
3645 5446 3793 5500 Ἀλλ’

2198 5541 2316 5594 ἐστι
2350 5540 2509 5611 δῆλον
2540 5542 2713 5595 ἆπασι
2746 5541 2840 5594 καὶ
2870 5541 3327 5612 ὁμολογούμενον.
3361 5542 3572 5596 Οὐκοῦν
3598 5543 3698 5610 οὐχ
3726 5540 3794 5594 ἓν

2196 5651 2249 5687 τι
2291 5632 2434 5687 κατὰ
2475 5633 2670 5687 ταυτὸν
2711 5633 2788 5704 τῷ
2823 5633 3041 5706 ἀριθμῷ
3073 5635 3263 5708 Πατὴρ
3285 5675 3298 5699 ,
3329 5635 3422 5692 καὶ
3462 5634 3589 5699 Υἱὸς
3611 5673 3628 5704 ,
3663 5632 3791 5689 ἀλλ’

3791 5757 3816 5786 ι,
