4126 6410
516 355 617 426 331

1744 347 2131 412 EUTHYMII
2186 345 2550 407 ZIGABENI

3675 337 3792 404 332

518 471 643 527 dam
682 467 795 527 Arii
825 468 1143 539 opinionem
1175 463 1581 533 impugnarent,
1616 459 1778 516 simul
1806 459 1974 515 etiam
1995 457 2108 513 Sa-

2235 457 2517 526 ινέτρεψαν
2552 455 2651 526 τὴν
2694 452 2904 524 Ἀρείου
2946 448 3323 521 βλασφημίαν.
3356 444 3798 519 συμππρὲλιιὸον

522 561 668 617 bellii
695 560 1028 621 doctrinam,
1057 558 1123 614 ad
1152 571 1314 627 quam
1343 553 1726 618 refellendam,
1753 563 1815 607 ut
1831 563 1956 622 pote
1974 567 2105 621 pau-

525 656 606 712 cis
628 653 1105 723 comprehensam,
1138 664 1249 704 non
1282 649 1469 703 multis
1496 661 1638 717 opus
1665 656 1785 700 erat
1810 657 2107 715 argumen-

529 748 621 811 tis,
655 752 993 801 everterunt.

1096 853 1397 910 TITULUS
1422 852 1511 906 XI.

525 954 593 1009 In
626 954 869 1007 Aricinos.
903 948 1082 1020 Magni
1107 946 1411 1069 Athanasii.
1469 961 1531 999 ex
1577 951 1766 1014 quarto
1789 951 1970 995 contra
2020 954 2106 993 eos

1144 1034 1284 1069 msos
1330 1034 1344 1069 ι
1380 1033 1458 1069 ro.

1144 1034 1284 1086 ipsos
1304 1033 1458 1070 twro.

587 1117 790 1173 Beatus
812 1113 1118 1170 Alexander
1154 1111 1448 1179 episcopus
1472 1105 1709 1160 Ecclesia
1755 1103 1945 1159 Arium
1992 1102 2105 1172 eje-

525 1209 622 1272 eit,
656 1216 715 1262 et
733 1205 964 1261 extrusit
988 1203 1264 1259 dicentem
1329 1200 1443 1252 haec
1480 1215 1495 1249 :
1545 1195 1661 1250 Non
1708 1209 1928 1264 semper
1962 1192 2108 1246 Deus

528 1298 709 1360 Pater,
731 1311 839 1350 non
862 1308 1083 1363 semper
1114 1289 1285 1345 Filius
1326 1288 1452 1343 fuit.
1500 1287 1605 1341 Sed
1665 1302 1791 1339 cum
1832 1300 2014 1339 omnia
2042 1299 2109 1337 ex

529 1390 706 1444 nihilo
764 1387 903 1442 facta
944 1388 1076 1447 sint,
1102 1382 1295 1437 eodem
1337 1380 1500 1435 modo
1548 1389 1602 1433 et
1644 1377 1811 1433 Filius
1879 1375 2108 1437 exstitit,

527 1480 624 1550 qui
683 1489 739 1534 et
770 1478 886 1548 ipse
902 1493 978 1532 ex
1010 1477 1178 1531 rebus
1210 1472 1511 1544 procreatis
1540 1482 1597 1524 et
1647 1470 1805 1523 factis
1850 1483 1955 1521 una
2003 1476 2107 1519 est.

527 1574 782 1642 Cumque
811 1569 997 1624 omnia
1023 1582 1134 1621 non
1160 1572 1344 1620 essent
1374 1563 1549 1633 prius,
1600 1576 1761 1631 quam
1792 1559 1932 1613 facta
1963 1566 2111 1621 sunt,

534 1665 614 1721 sic
649 1665 754 1718 fuit
794 1660 1109 1730 aliquando.
1139 1673 1266 1712 eum
1298 1666 1354 1710 et
1385 1656 1475 1711 Dei
1496 1654 1753 1723 Verbum
1787 1666 1897 1706 non
1942 1660 2109 1706 esset.

535 1759 725 1828 Neque
757 1757 905 1811 enim
930 1762 1047 1807 erat
1074 1762 1202 1805 ante
1253 1764 1416 1819 quam
1476 1748 1809 1818 gigneretur,
1840 1745 1937 1800 sed
1963 1745 2110 1798 exsi-

2212 550 2306 602 καὶ
2335 549 2434 619 τὴν
2474 548 2766 603 Σαϐελλίου
2800 547 2896 600 καὶ
2929 543 3358 611 ωνανέτρεψαν,
3385 542 3468 594 ὅτι
3493 539 3631 611 μηδὲ
3660 539 3801 592 πολ-

2211 640 2320 693 λῶν
2356 641 2527 694 ἐδεῖτο
2563 641 2739 709 λόγων
2777 639 3094 707 εὐέλεγκτος
3126 631 3294 700 οὖσα,
3335 633 3432 686 καὶ
3463 634 3542 696 είς
3581 631 3803 700 ὀλίγους

2213 734 2490 804 φθάσασα.

2813 846 3061 899 ΤΙΤΛΟΣ
3086 849 3153 900 lA
3174 889 3187 902 .

2218 938 2336 994 Τοῦ
2361 938 2633 1010 μεγάλου
2676 940 3028 993 Ἀθανασίου
3058 942 3209 993 κατὰ
3252 935 3657 1007 Ἀρειανῶν,ἐκ
3689 933 3806 989 τοῦ

2465 1010 2617 1077 κατὰ
2664 1009 2987 1076 Ἀρειανὼν
3016 1010 3301 1077 τετάρτου
3331 1011 3539 1075 λόλυυ.

2300 1102 2360 1155 ’0
2401 1076 2675 1172 μακάριος
2718 1099 3068 1170 Ἀλέξανδρος
3108 1076 3204 1154 an
3230 1100 3535 1163 ἆτιίσκοπος
3572 1098 3805 1164 ιξέσαλε

2217 1194 2308 1249 τὸν
2334 1184 2551 1265 Ἀρειον
2578 1192 2677 1261 τῆς
2715 1192 3043 1262 Ἐκκλησίας
3067 1191 3300 1258 λέγοντα
3326 1189 3501 1243 ταῦτα
3528 1206 3542 1225 ι
3572 1191 3691 1244 υὺκ
3712 1190 3809 1243 ἀεὶ

2217 1294 2246 1345 6
2267 1291 2401 1354 Θεὸς
2433 1289 2645 1361 Πατήρ.
2667 1291 2781 1345 Οὔκ
2800 1291 2887 1343 ἀεὶ
2908 1286 2979 1361 ἦν
2994 1290 3023 1342 6
3050 1290 3199 1353 Υἱὸς,
3227 1287 3607 1344 summa»:
3628 1288 3809 1341 ὄντων

2219 1384 2279 1450 ἐξ
2306 1385 2405 1439 οὐκ
2433 1384 2627 1447 ὄντων,
2657 1384 2750 1437 καὶ
2775 1385 2803 1436 6
2824 1384 2951 1446 Υἱὸς
2973 1382 3070 1436 τοῦ
3096 1380 3239 1435 Θεοῦ
3262 1380 3321 1445 ἐξ
3341 1382 3440 1434 οὐκ
3464 1382 3636 1435 ὄντων
3656 1381 3808 1432 sui.

2222 1480 2330 1532 Καὶ
2363 1478 2580 1531 πάντων
2602 1476 2774 1529 ὄντων
2806 1476 3144 1543 κτισμάτων,
3165 1476 3262 1528 καὶ
3284 1475 3443 1537 αὐτὸς
3477 1477 3686 1543 κτίσμα
3709 1473 3813 1527 καὶ

2220 1568 2433 1638 ποίημά
2462 1569 2597 1622 ἐστι.
2636 1566 2745 1620 Kal
2776 1570 3005 1621 πάντων
3026 1567 3127 1620 οὐκ
3163 1564 3335 1621 ὄντων
3365 1566 3653 1636 πρότερον,
3685 1562 3812 1617 ἀλλ’

2225 1661 2775 1730 ἐπιγενομένωνρκα).
2804 1660 2969 1722 αὐτὸς
2995 1661 3024 1711 6
3063 1659 3157 1713 τοῦ
3190 1660 3327 1713 Θεοῦ
3353 1660 3526 1728 Λόγος
3547 1656 3618 1731 ἦν
3646 1675 3813 1723 ποτε,

2221 1754 2308 1808 ὅτε
2332 1756 2433 1807 οὐκ
2456 1749 2545 1824 ἦν,
2579 1754 2672 1805 καὶ
2702 1754 2804 1805 οὐκ
2825 1748 2895 1821 ἦν
2926 1755 3056 1823 πρὶν
3082 1752 3429 1823 γεννηθῆναι.
3467 1752 3670 1823 Ἀρχὴν
3691 1753 3816 1823 ἔχει

547 1818 729 1905 stendi
766 1847 1098 1919 principium
1123 1818 1333 1906 imbuit,
1368 1857 1490 1894 cum
1549 1838 1690 1893 Deus
1721 1837 1893 1891 voluit
1937 1835 2121 1904 ipsum

2235 1846 2319 1899 τοῦ
2354 1818 2515 1899 εἶναι.
2552 1844 2686 1899 Τότε
2722 1818 3110 1913 γὰρ-γέγονεν,
3145 1818 3244 1897 ὅτε.
3277 1818 3602 1914 βεϐούλευτο
3624 1818 3815 1898 αὑτὸν

536 1945 772 1999 cﬂieere.
800 1939 935 1994 Nam
968 1953 1136 1993 unum
1169 1952 1236 1990 ex
1268 1936 1542 1988 universis
1569 1930 1828 2001 operibus
1858 1930 2115 1998 etipsum

539 2049 644 2093 est.
682 2035 749 2090 Et
800 2033 1058 2103 quoniam
1093 2041 1311 2096 ,natura
1376 2024 1638 2081 mutabile
1693 2033 1799 2089 est,
1846 2022 2127 2077 voluntate

538 2128 843 2202 permansit
867 2126 1096 2186 bonum,
1155 2137 1279 2176 eum
1321 2130 1502 2173 tamen
1559 2128 1617 2171 ut
1675 2115 1885 2184 reliqua
1940 2113 2123 2167 omnia

540 2222 739 2280 mutari
784 2219 979 2286 possit,
1011 2213 1387 2285 quandovult.
1419 2210 1629 2265 Idcirco
1656 2210 1804 2263 enim
1840 2208 1982 2261 Deus
1999 2221 2125 2260 cum

540 2314 876 2387 praevideret
929 2310 1107 2379 ipstnn
1142 2306 1387 2360 futurum
1424 2304 1650 2367 bonum,
1695 2298 1836 2353 lianc
1882 2299 1956 2352 illi
2008 2297 2126 2366 glo-

543 2410 679 2462 riam
746 2406 962 2463 tribuit,
993 2414 1156 2470 quam
1187 2414 1249 2451 ex
1305 2397 1506 2452 virtute
1555 2394 1811 2460 deinceps
1866 2389 2123 2445 obtinuit.

542 2493 1274 2569 Iticuut'igitur,Clu-istum
1344 2504 1454 2544 non
1515 2502 1639 2542 esse
1690 2501 1878 2539 terum
1934 2484 2125 2546 Deum,

542 2595 638 2649 sed
667 2591 1063 2646 communione
1098 2582 1267 2638 Deum
1323 2580 1455 2645 dici,
1522 2588 1580 2633 ttt
1627 2578 1867 2647 reliquos
1911 2590 2126 2629 omnes.

543 2686 1084 2751 Addunt'praeterea,
1113 2677 1293 2745 ipsum
1328 2688 1438 2727 non
1473 2687 1594 2727 esse
1657 2672 1711 2722 in
1742 2669 1901 2721 Patre
1938 2676 2128 2720 natura

545 2790 601 2834 et
634 2776 916 2847 proprium
952 2771 1211 2825 essentia:
1247 2767 1392 2819 illius
1450 2762 1693 2819 Verbum
1738 2772 1794 2816 et
1854 2758 2127 2829 propriam

547 2872 669 2940 ejus
714 2866 1062 2937 sapientiam,
1124 2875 1230 2930 qua
1300 2862 1571 2913 mundum
1633 2855 1778 2908 hunc
1833 2854 2130 2906 fabricatus

546 2976 648 3018 est.
677 2959 838 3014 Aliud
862 2957 1005 3012 enim
1045 2967 1169 3008 esse
1209 2948 1447 3004 Verbum
1471 2947 1606 3001 illud
1647 2945 1927 3015 proprium
1982 2942 2128 3012 quod

546 3059 603 3111 in
636 3047 798 3109 Patre
824 3060 934 3115 est,
972 3047 1247 3115 aliamque
1280 3041 1558 3112 propriam
1601 3042 1654 3092 iu
1707 3038 1866 3091 Patre
1909 3037 2129 3105 sapien-

2225 1941 2255 1993 6
2291 1939 2424 2001 Θεὸς
2463 1938 2897 2009 δημιουργῆσαι.
2943 1939 3045 1990 Ἕν
3075 1937 3188 2008 γὰρ
3225 1938 3334 1992 τῶν
3371 1936 3590 1991 πάντων
3628 1937 3817 2008 ιργων

2228 2030 2348 2084 ἐστὶ
2382 2030 2477 2083 καὶ
2509 2029 2691 2092 αὐτός.
2728 2031 2835 2082 Καὶ
2862 2030 2946 2081 ὅτι
2975 2032 3041 2098 τῇ
3071 2030 3169 2098 μὲν
3201 2029 3364 2099 φύσει
3394 2029 3626 2101 τρεπτός
3663 2032 3814 2095 ἐστι,

2233 2121 2313 2192 τῷ
2350 2121 2406 2173 δὲ
2444 2121 2557 2190 ἰδίῳ
2587 2118 2925 2188 αὑτεξουσίῳ
2960 2119 3214 2189 βούλεται
3247 2120 3434 2190 μένειν
3489 2120 3654 2186 καλός
3677 2139 3693 2154 ’
3720 2124 3817 2178 ὅτε

2231 2216 2416 2286 μέντοι
2465 2214 2633 2280 Θέλει,
2665 2213 2889 2267 δύναται
2926 2213 3230 2284 τρέπεσθαι
3261 2216 3356 2268 καὶ
3398 2215 3584 2279 αὐτὸς,
3620 2214 3822 2288 ὥσπερ

2220 2311 2322 2363 ’καὶ
2361 2310 2428 2361 τὰ
2461 2308 2660 2360 πάντα.
2709 2305 2808 2360 Διὰ
2834 2305 2994 2359 τοῦτο
3015 2306 3124 2377 γὰρ
3170 2309 3198 2361 6
3239 2307 3375 2375 Θεὸς
3420 2306 3820 2379 προγινώσκων

2224 2402 2445 2455 ἔσεσθαι
2477 2400 2643 2454 καλὸν
2668 2399 2833 2454 αὐτὸν
2868 2397 3163 2468 προλαϐὼν
3193 2400 3345 2469 αὐτῷ
3371 2400 3579 2469 ταύτην
3607 2399 3705 2469 τὴν
3728 2400 3825 2454 δό-

2234 2494 2330 2559 ξαν
2377 2494 2636 2557 δέδωκεν,
2676 2492 2745 2563 ἢν
2786 2491 2854 2545 ἂν
2893 2492 2987 2545 καὶ
3018 2494 3081 2544 ὲκ
3111 2493 3213 2562 τῆς
3261 2495 3461 2564 ἀρετῆς
3500 2495 3624 2563 ἔσχε
3671 2495 3823 2564 μετὰ

2228 2586 2421 2642 ταῦτα.
2455 2586 2693 2653 Λέγουσι
2720 2583 2852 2652 γοῦν
2887 2585 2969 2638 ὅτι
2999 2584 3124 2638 οὐδὲ
3146 2585 3279 2649 Θεὸς
3319 2584 3569 2652 ἀληθινός
3600 2586 3755 2639 ἐστιν
3791 2589 3823 2640 6

2230 2678 2489 2748 Χριστὸς,
2533 2676 2671 2730 ἀλλὰ
2722 2678 2923 2747 μετοχῇ
2968 2677 3062 2729 καὶ
3111 2677 3298 2745 αὐτὸς,
3338 2676 3529 2748 ὥσπερ
3566 2678 3616 2731 οί
3660 2677 3822 2733 ἄλλοι

2232 2774 2457 2835 πάντες,
2490 2771 2709 2837 λὶγεται
2744 2770 2897 2834 Θεός.
2927 2771 3291 2841 Προστιθέασι
3319 2771 3376 2826 δὲ
3407 2772 3501 2825 καὶ
3530 2772 3710 2850 τοῦτο,
3732 2775 3821 2827 ὅτι

2232 2868 2331 2921 οὐκ
2367 2866 2514 2919 ἐστιν
2545 2863 2707 2926 αὐτὸς
2750 2866 2809 2917 ὲν
2846 2863 2923 2934 τῷ
2962 2865 3138 2933 [largi
3172 2863 3369 2933 φύσει,
3410 2864 3508 2919 καὶ
3542 2867 3673 2929 ἴδιος
3714 2866 3824 2936 τῆς

2231 2959 2420 3023 οὐσίας
2448 2957 2614 3011 αὐτοῦ
2644 2957 2836 3025 Λόγος,
2871 2957 2966 3011 καὶ
2994 2959 3027 3027 ὴ
3054 2956 3160 3011 ἰδία
3182 2952 3508 3032 ’σοφῖαήνῇ
3539 2960 3823 3031 πεποίηκα

2232 3051 2419 3106 τοῦτον
2455 3051 2549 3105 τὸν
2595 3052 2818 3121 κόσμον,
2862 3050 2974 3127 αλλ’
3023 3049 3182 3114 ἄλλος
3228 3050 3328 3121 μέν
3371 3052 3518 3105 ἐστιν
3554 3053 3584 3105 6
3628 3052 3689 3106 ὲν
3737 3051 3826 3125 τῷ

548 3151 702 3216 tiam,
737 3161 845 3217 qua
869 3143 1090 3214 quidem
1124 3135 1399 3208 sapientia
1427 3143 1484 3189 et
1546 3129 1781 3185 Verbum
1830 3130 1933 3183 hoc
1978 3127 2126 3183 fecit.

2236 3142 2414 3212 Πατρὶ
2476 3140 2647 3196 αὑτοῦ
2710 3142 2840 3204 [διος
2906 3141 3101 3209 Λόγος,
3167 3142 3263 3195 καὶ
3324 3141 3458 3212 ἄλλη
3515 3144 3548 3213 ἡ
3606 3146 3665 3197 ὲν
3739 3143 3825 3215 τῷ

550 3246 709 3298 Hunc
731 3240 876 3293 enim
901 3238 1080 3305 ipsum
1113 3230 1406 3286 Dominum
1434 3225 1697 3295 opinione
1726 3219 1969 3275 Verbum
2033 3235 2124 3272 ra-

552 3334 872 3401 tionemque
895 3328 1001 3384 dici
1037 3333 1263 3395 propter
1288 3321 1401 3385 illa,
1429 3332 1551 3388 qua:
1580 3316 1792 3370 ratione
1817 3322 1948 3367 sunt
1995 3327 2130 3381 prte-

551 3431 662 3483 dita
705 3422 1016 3495 :opinione
1041 3419 1189 3480 item
1212 3414 1318 3469 dici
1365 3410 1689 3482 sapientiam
1748 3416 1970 3476 propter
2017 3406 2128 3466 illa,

552 3538 674 3593 qua:
705 3514 975 3591 sapientia
1044 3519 1174 3565 sunt
1213 3516 1427 3562 ornata.
1474 3503 1727 3571 Denique
1784 3514 1908 3553 cum
1948 3498 2131 3551 omnia

553 3591 665 3669 sint
694 3612 871 3667 aliena
904 3616 961 3661 et
985 3601 1299 3677 peregrina,
1333 3607 1387 3653 et
1417 3597 1488 3652 ab
1526 3592 1766 3650 essentia
1826 3591 2002 3645 Patris
2043 3605 2134 3644 re-

553 3686 877 3767 unctissima,
910 3700 989 3755 sic
1020 3707 1077 3752 et
1098 3697 1277 3767 ipsum
1299 3697 1558 3748 asserunt
1587 3687 1656 3742 ab
1674 3683 1912 3741 essentia
1957 3680 2134 3736 Patris

551 3798 947 3856 alienissimum
993 3808 1057 3847 ac
1094 3786 1542 3849 remotissimum,
1575 3782 1777 3853 quippe
1826 3778 1920 3851 qui
1960 3779 2136 3833 factus

552 3905 606 3947 et
633 3899 852 3948 creatus
875 3888 967 3950 sit,
1002 3894 1057 3940 et
1082 3898 1249 3937 unum
1289 3893 1449 3950 opus.
1485 3876 1567 3932 Ad
1610 3876 1728 3931 haec
1778 3876 1931 3928 aiunt
1962 3872 2134 3926 Deum

552 4004 660 4041 non
687 3991 910 4055 propter
933 3979 1083 4033 illum
1110 3990 1213 4029 nos
1245 3984 1597 4042 procreasse,
1632 3969 1727 4023 sed
1771 3967 1925 4021 illum
1975 3978 2138 4035 prop-

555 4089 785 4133 ternos.
825 4073 957 4127 Erat
982 4064 1456 4133 enim,inquiunt,
1481 4060 1631 4116 solus
1680 4060 1843 4123 Deus,
1892 4065 1947 4111 et
2010 4070 2135 4111 cum

555 4175 648 4228 illo
673 4186 782 4225 non
815 4173 935 4222 erat
957 4164 1221 4219 Verbum.
1246 4157 1456 4214 Deinde
1481 4171 1606 4210 cum
1628 4155 1791 4209 vellet
1814 4167 1914 4206 nos
1955 4151 2139 4205 Cilice-

556 4272 641 4328 re,
684 4275 813 4317 tunc
845 4268 901 4313 et
934 4255 1066 4310 illud
1090 4252 1296 4314 eﬂ‘ecit,
1317 4262 1373 4304 et
1404 4264 1468 4303 ex
1496 4261 1606 4317 quo
1638 4245 1844 4299 factum
1878 4241 2139 4309 est,Ver-

558 4360 710 4418 bum,
750 4362 807 4408 et
858 4348 1078 4411 Filium,
1141 4341 1540 4413 etsnpientiam
1598 4339 1776 4409 ipsum
1828 4335 2139 4407 appellavit,

558 4459 621 4506 ut
649 4463 753 4503 nos
780 4460 875 4516 per
906 4441 1035 4496 illud
1073 4445 1407 4510 procrearet.
1447 4432 1514 4489 Et
1540 4430 2000 4503 quemadmodum
2051 4441 2140 4481 re-

2233 3237 2411 3308 Πατρὶ
2478 3236 2580 3290 ἰδία
2636 3236 2800 3303 σοφία
2847 3233 3033 3300 αὐτοῦ,
3081 3237 3140 3287 ὲν
3287 3238 3449 3306 σοφίᾳ
3491 3238 3585 3290 καὶ
3624 3235 3824 3291 τοῦτον

2231 3331 2325 3383 τὸν
2381 3331 2553 3396 Λόγον
2603 3327 2925 3397 πεποίηκεν.
2976 3326 3149 3392 Αὐτὸς
3196 3328 3254 3381 δὲ
3306 3322 3461 3392 οὗτος
3524 3332 3552 3383 6
3610 3329 3824 3399 Κύριος

2234 3421 2351 3473 κατ’
2401 3419 2642 3471 ἐπίνοιαν
2693 3418 2912 3486 λέγεται
2968 3418 3143 3485 Λόγος
3197 3418 3287 3471 διὰ
3338 3419 3408 3472 τὰ
3467 3419 3680 3489 λογικὰ,
3719 3423 3817 3473 καὶ

2235 3511 2356 3563 κατ’
2416 3512 2659 3564 ἐπίνοιαν
2709 3510 2929 3579 λέγεται
2971 3511 3131 3579 σοφία
3191 3510 3282 3565 διὰ
3340 3512 3407 3566 τὰ
3461 3511 3804 3581 σοφιζόμενα.

2247 3600 2462 3672 ’Λμέλει
2528 3604 2691 3673 φασὶν
2743 3603 2826 3657 ὅτι
2880 3605 3096 3658 πάντων
3144 3604 3317 3671 ’ξένων
3382 3605 3478 3659 καὶ
3524 3603 3819 3674 ἀλλοτρίων

2235 3698 2407 3751 ὄντων
2474 3697 2612 3749 κατὰ
2666 3696 2767 3765 τὴν
2819 3695 3008 3749 οὐσίαν
3074 3695 3167 3749 τοῦ
3227 3695 3460 3765 Πατρὸς,
3515 3694 3660 3749 οὕτω
3728 3698 3831 3750 καὶ

2236 3790 2400 3851 αὐτὸς
2443 3788 2597 3855 ξένος
2655 3787 2775 3858 μὲν,
2823 3790 2915 3841 καὶ
2968 3787 3251 3859 ἀλλότριος
3301 3789 3403 3859 τῆς
3460 3788 3556 3841 τοῦ
3608 3791 3832 3860 Πατρὶς

2237 3883 2423 3945 οὐσίας
2464 3881 2583 3935 ὲστί
2609 3897 2624 3913 ο
2668 3880 2777 3933 τῶν
2812 3882 2869 3934 δὲ
2896 3881 3173 3952 γεννητῶν
3216 3881 3309 3935 καὶ
3336 3884 3654 3952 κτισμάτων
3692 3882 3833 3944 ἴδιος

2239 3978 2332 4025 καί
2363 3968 2444 4033 εἷς
2474 3971 2756 4043 τυγχάνει.
2787 3971 3007 4040 Κτίσμα
3038 3971 3149 4039 γάρ
3176 3972 3313 4033 ἔστι,
3341 3975 3433 4024 καὶ
3460 3972 3694 4043 ποίημα,
3732 3974 3836 4027 καὶ

2240 4066 2423 4138 ἔργον.
2456 4065 2626 4119 Πάλιν
2656 4064 2715 4118 τέ
2746 4081 2911 4133 φασιν
2940 4066 3022 4119 ὅτι
3053 4066 3151 4135 οὐχ
3190 4066 3340 4135 ἡμᾶς
3371 4066 3554 4120 ἔκτισε
3583 4066 3653 4120 δι’
3682 4068 3839 4122 εκεῖ-

2240 4176 2354 4225 νον,
2403 4159 2519 4212 ἀλλ’
2558 4160 2764 4211 ἐκεῖνον
2808 4158 2875 4211 δι’
2919 4160 3089 4227 ἡμᾶς.
3129 4153 3237 4210 Ἦν
3267 4158 3396 4228 γὰρ,
3442 4159 3619 4228 φησὶ,
3661 4159 3836 4229 μόνος
3888 4200 3903 4211 κ

2241 4253 2270 4305 6
2327 4252 2504 4317 Θεὸς,
2547 4252 2641 4305 καὶ
2711 4252 2812 4305 οὐκ
2867 4247 2936 4323 ἦν
2995 4255 3022 4305 6
3078 4252 3253 4320 Λόγος
3304 4251 3402 4305 σὺν
3469 4251 3640 4323 αὐτῷ.
3690 4246 3835 4306 Εἶτα

2243 4345 2477 4416 θελήσας
2505 4345 2651 4416 ἡμᾶς
2680 4345 3108 4414 δημιουργῆσαι,
3143 4346 3265 4395 τότε
3308 4342 3579 4412 πεποίηκε
3611 4342 3856 4398 τοῦτον.·

2246 4440 2358 4493 Καὶ
2405 4437 2499 4507 ἀφ’
2540 4433 2601 4494 οὗ
2647 4439 2894 4508 γέγονεν,
2943 4439 3228 4510 ὠνόμασεν
3277 4439 3440 4491 αὐτὸν
3487 4439 3683 4509 Λόγον,
3733 4443 3838 4495 καὶ

557 4543 703 4612 liqua
735 4513 919 4593 omnia
974 4533 1064 4587 1)(ιὶ
1101 4530 1383 4584 voluntate
1436 4525 1784 4589 exstiterunt,
1845 4535 1972 4575 cum
2031 4532 2130 4572 nor

2246 4531 2405 4599 Υίὸν,
2443 4532 2537 4585 καὶ
2577 4531 2794 4599 σοφίαν,
2828 4530 2917 4582 ἵνα
2947 4533 3042 4585 καὶ
3077 4533 3227 4601 ἡμᾶς
3257 4529 3326 4583 δι’
3363 4530 3532 4585 αὐτοῦ
3561 4531 3837 4602 δημιουρ-

557 4641 741 4691 essent
774 4629 946 4703 priue,
975 4625 1053 4681 sic
1102 4634 1157 4677 et
1186 4623 1387 4692 ipsum,
1422 4635 1545 4675 cum
1577 4627 1736 4673 antea
1800 4612 1931 4671 non"
1970 4622 2140 4681 esset,

562 4731 765 4784 factum
793 4732 900 4778 est.
928 4720 1115 4789 Neque
1142 4717 1317 4780 enim,
1343 4714 1622 4780 inquiunt,
1658 4712 1914 4781 prOprius
1947 4717 2002 4763 et
2045 4724 2144 4763 na-

562 4819 750 4876 turalis
784 4812 955 4869 Filius
986 4810 1163 4866 Patris
1196 4816 1279 4864 est
1314 4807 1575 4871 Verbum,
1612 4805 1707 4859 sed
1734 4814 1786 4858 et
1818 4804 1995 4872 ipsum
2045 4818 2145 4871 per

562 4911 793 4983 gratiam
823 4904 1055 4961 exstitit.
1100 4900 1207 4966 Qui
1257 4898 1408 4954 enim
1447 4908 1530 4951 est
1568 4897 1733 4960 Deus,
1786 4892 2011 4959 Filium,
2052 4893 2144 4963 qui

564 5020 673 5059 non
724 5009 862 5065 erat,
899 4996 1029 5052 fecit
1061 5011 1126 5050 ea
1157 4994 1459 5057 voluntate,
1509 5005 1618 5060 qua
1649 4989 1780 5043 fecit
1806 4998 1861 5043 et
1914 4987 2147 5042 fabricae

564 5098 644 5151 vit
678 5105 732 5149 et
759 5090 879 5147 e'sse
927 5090 1097 5144 voluit
1124 5087 1330 5142 munia.
1361 5082 1495 5138 Nam
1532 5081 1663 5137 illud
1715 5081 1880 5136 etiam
1929 5083 2144 5144 dicunt,

564 5182 840 5239 Christum
867 5196 978 5234 non
1006 5192 1127 5234 esse
1159 5175 1466 5231 naturalem
1495 5184 1549 5228 et
1598 5188 1783 5228 veram
1825 5173 2002 5227 Patris
2032 5176 2146 5228 vir-

567 5287 761 5338 tutem,
795 5274 891 5329 sed
924 5269 1386 5341 quemadmodum
1420 5265 1686 5330 bruchus,
1738 5277 1793 5322 et
1845 5282 2029 5331 eruca,
2070 5270 2176 5324 sic.

566 5380 621 5428 et
653 5371 771 5441 ipse
819 5366 1022 5433 Patris,
1054 5366 1334 5434 inquiunt,
1381 5362 1556 5417 virtus
1585 5362 1805 5417 dicitur.
1837 5362 1973 5418 lllud
2018 5365 2145 5418 item

567 5459 1144 5536 adjungunt,"Patrem
1179 5471 1300 5511 esse
1361 5452 1498 5509 Filio
1521 5454 1869 5520 invisibilem,
1948 5454 2146 5508 Filium

568 5556 715 5611 enim
734 5554 952 5609 Patrem
989 5565 1092 5603 nec
1126 5547 1332 5608 videre,
1362 5560 1463 5601 nec
1541 5546 1843 5617 intelligere
1907 5549 2150 5615 perfecte

571 5660 627 5701 et
655 5645 925 5702 absolute.
957 5640 1095 5695 Nam
1125 5654 1250 5693 cum
1311 5638 1612 5693 essistendi
1663 5639 2017 5709 principium:
2050 5639 2148 5693 ha-

572 5739 722 5803 beat,
746 5752 856 5792 non
885 5749 1048 5805 posse
1078 5749 1230 5799 eum,
1270 5730 1360 5802 qui
1408 5730 1674 5801 principio
1735 5741 1906 5797 caret,
1961 5733 2149 5804 cogni-

580 5837 693 5883 tum
730 5828 950 5883 habere.
983 5824 1139 5892 Quod
1159 5824 1204 5881 si
1234 5831 1529 5896 cognoscat
1553 5835 1607 5881 et
1632 5823 1831 5891 videat,
1864 5839 1961 5895 pro
1992 5840 2147 5880 men-

2245 4624 2412 4696 γήσῃ.
2474 4624 2582 4676 Καὶ
2626 4623 2817 4693 ὥσπερ
2864 4623 2931 4676 τὰ
2985 4623 3164 4677 πάντα
3201 4622 3506 4694 βουλήματι
3549 4624 3642 4677 τοῦ
3692 4622 3836 4677 Θεοῦ

2248 4715 2458 4783 ὑπέστη
2488 4714 2588 4767 οὐκ
2613 4713 2746 4766 ὸντα
2779 4714 3066 4783 πρότερον,
3106 4708 3249 4765 οὕτω
3281 4710 3379 4765 καὶ
3403 4710 3566 4774 αὐτὸς
3597 4711 3673 4779 τῷ
3704 4710 3837 4781 βου-

2244 4807 2454 4877 λήματι
2506 4803 2601 4859 τοῦ
2659 4805 2796 4858 Θεοῦ
2832 4806 2955 4859 εούκ
3011 4803 3090 4858 ὢν
3137 4804 3407 4875 πρότερον
3456 4803 3692 4871 ἐγένετο.
3755 4804 3837 4856 Οὐ

2247 4900 2357 4971 γάρ
2395 4901 2512 4952 ἐστι
2539 4899 2634 4951 τοῦ
2654 4899 2873 4969 Πατρὸς
2900 4898 3036 4953 ἴδιον
3066 4897 3159 4950 καὶ
3193 4895 3353 4965 φύσει
3388 4895 3635 4965 γέννημα
3666 4897 3693 4948 6
3727 4897 3838 4949 Δό-

2246 5010 2365 5061 γος,
2397 4990 2535 5044 ἀλλὰ
2564 4994 2658 5045 καὶ
2696 4991 2859 5055 αὐτὸς
2886 4991 3072 5062 χάριτι
3100 4990 3426 5059 γέγονεν.⁹0
3458 4989 3566 5059 γὰρ
3596 4987 3672 5041 ὢν
3698 4989 3843 5054 Θεὸς

2247 5085 2337 5138 τὸν
2390 5084 2466 5155 μὴ
2515 5084 2644 5138 ὅντα
2692 5084 2820 5139 Υίὸν
2863 5084 3136 5154 πεποίηκε
3172 5085 3243 5153 τῇ
3294 5081 3483 5153 βουλῇ,
3534 5082 3594 5134 ὲν
3738 5083 3844 5134 καὶ

2247 5176 2316 5229 τὰ
2350 5174 2531 5229 πάντα
2574 5173 2862 5242 πεποίηκε,
2892 5173 2990 5226 καὶ
3024 5171 3452 5243 ἐδημιούργησε,
3491 5172 3585 5224 καὶ
3619 5169 3840 5237 ἔκτισε,

2249 5270 2343 5322 καὶ
2369 5266 2627 5347 γενέσθαι
2652 5264 2913 5337 ἠθέλησε.
2943 5265 3053 5318 Καὶ
3081 5265 3193 5335 γὰρ
3224 5263 3321 5316 καὶ
3345 5261 3505 5316 τοῦτο
3533 5262 3791 5329 λέγουσιν
3818 5301 3838 5325 ,

2248 5364 2331 5417 ὅτι
2358 5363 2458 5415 οὐκ
2486 5361 2635 5414 ἐστιν
2662 5361 2690 5411 6
2717 5359 2951 5429 Χριστὸς
2976 5361 3010 5428 ἡ
3035 5356 3242 5429 φυσικὴ
3272 5357 3371 5411 καὶ
3396 5355 3628 5426 ἀληθινὴ
3672 5352 3841 5407 δύνα-

2254 5474 2343 5526 μις
2381 5455 2474 5508 τοῦ
2508 5453 2678 5517 Θεοῦ,
2722 5452 2840 5507 ἀλλ’
2873 5451 3065 5521 ὥσπερ
3108 5453 3143 5522 ἡ
3180 5451 3377 5521 κάμπη
3413 5452 3507 5503 καὶ
3538 5451 3565 5503 ὁ
3601 5446 3841 5520 βροῦχος

2250 5550 2502 5617 λέγονται
2537 5547 2806 5616 δύναμις,
2838 5544 2981 5598 οὕτω
3010 5547 3105 5597 καὶ
3143 5542 3310 5605 αὐτὸς
3344 5541 3565 5606 λέγεται
3599 5541 3840 5607 δύναμις

2252 5641 2349 5696 τοῦ
2383 5641 2616 5710 Πατρός.
2648 5639 2791 5709 Πρὸς
2823 5637 3041 5700 τούτοις
3072 5634 3260 5705 ἔλεγεν
3290 5638 3373 5689 ὃτι
3412 5635 3491 5704 τῷ
3525 5632 3629 5703 Υίῴ
3660 5635 3688 5686 6
3723 5634 3842 5685 Πα-

2254 5736 2359 5806 τὴρ
2391 5733 2619 5804 ἀόρατος
2656 5729 2916 5799 ὑπάρχει,
2959 5732 3052 5781 καὶ
3092 5727 3216 5781 οὔτε
3246 5729 3369 5798 ὁρᾷ,
3403 5726 3530 5780 οὔτε
3572 5724 3839 5795 γινώσκει

2257 5826 2475 5891 τελείως
2509 5827 2603 5879 καὶ
2634 5823 2875 5895 ἀκριϐῶς
2900 5821 2991 5877 τὸν
3017 5818 3238 5892 Πατέρα
3262 5823 3290 5875 6
3317 5819 3467 5883 Υίός.
3508 5816 3709 5889 Ἀρχὴν
3727 5813 3843 5886 γὰρ
