4126 6408
328 322 332 326 ·
443 299 549 364 339

1630 400 1633 405 η
1684 315 2067 378 ΕΠΤΗΥΜΠ
2108 320 2472 387 ZiGABENI

3590 328 3697 403 340

436 410 674 467 Verbum
701 421 802 471 est.
833 415 1034 472 idcirco
1073 420 1235 473 etiam
1310 420 1451 478 Deus
1485 432 1587 479 est.
1627 431 1700 481 Ac
1752 431 2013 498 quemad—

2126 435 2144 485 5
2169 435 2296 501 Υίῦς
2323 439 2491 513 ἀρχὴ,
2520 442 2608 496 ἵνα
2644 443 2721 516 μὴ
2749 445 2843 499 δύο
2871 445 3062 517 ἀρχαὶ,
3096 445 3273 511 οὕτως
3295 450 3324 501 6
3352 450 3417 502 ἐκ
3444 449 3544 519 τῆς
3562 454 3697 521 μιᾶς

437 502 656 558 modum
684 502 857 562 Filius
889 524 997 562 non
1026 520 1110 564 est
1142 511 1369 568 alterum
1416 516 1767 587 principium,
1806 536 1874 576 ne
1902 524 2010 577 duo

434 595 702 665 principia
753 600 882 664 sint,
951 603 1029 655 sic
1090 604 1346 672 Verbum,
1399 610 1546 678 quod
1612 628 1680 667 ex
1758 631 1866 670 uno
1927 629 2012 673 est

434 688 722 759 principio,
748 708 852 746 non
877 692 1209 763 dissolvitur,
1240 714 1419 769 neque
1452 714 1537 757 est
1564 722 1665 758 vox
1695 708 2013 777 simpliciter

432 779 765 850 signiﬁcans,
804 785 895 838 sed
958 798 1039 840 est
1067 804 1162 858 per
1186 795 1481 847 essentiam
1539 796 1794 863 Verbum,
1832 810 1886 854 et
1916 819 2013 869 per

433 874 722 928 essentiam
785 878 1073 946 sapientia.
1132 898 1250 952 qua:
1281 903 1406 941 vere
1442 897 1525 943 est
1576 889 1765 946 Filius.
1800 893 1930 947 Nam
1966 898 2011 953 si

433 980 529 1034 per
571 969 858 1023 essentiam
900 986 1006 1024 non
1042 986 1208 1040 esset,
1271 979 1411 1034 Deus
1461 984 1689 1037 essetin
1761 1002 1884 1040 aera
1930 989 2012 1042 lo—

433 1070 627 1125 qui-ns,
660 1065 711 1113 et
740 1075 959 1130 corpus,
1021 1067 1164 1135 quod
1217 1069 1351 1124 nihil
1411 1072 1722 1131 hominibus
1778 1082 2014 1149 amplius

431 1146 754 1203 contineret.
797 1148 996 1206 Verum
1062 1159 1318 1224 quoniam
1386 1177 1494 1217 non
1538 1176 1620 1220 est
1670 1146 1885 1235 homo;
1914 1189 2014 1228 nec

435 1233 673 1293 Verbum
744 1244 865 1311 ejus
916 1255 1026 1308 est,
1083 1257 1142 1302 ut
1175 1250 1340 1321 exigit
1383 1254 1662 1312 hominum
1724 1261 2012 1332 imbecilli-

434 1336 538 1383 tas.
605 1331 759 1386 Sicut
823 1335 967 1390 enim
1032 1354 1138 1393 una
1199 1345 1433 1398 essentia
1492 1348 1820 1419 principium
1889 1363 2012 1418 est,

435 1420 518 1476 sic.
573 1439 742 1481 unum
775 1442 872 1496 per
897 1430 1189 1486 essentiam
1224 1435 1527 1491 subsistens
1564 1440 1794 1496 Verbum
1844 1454 1896 1498 et
1931 1460 2016 1499 sa-

435 1511 658 1578 pientia.
694 1514 828 1569 Nam
866 1526 925 1572 ut
976 1534 1041 1572 ex
1102 1520 1211 1575 Deo
1247 1522 1388 1578 Deus
1441 1536 1545 1590 est,
1597 1539 1652 1583 et
1682 1546 1749 1586 ex
1771 1534 2017 1603 sapiente

434 1603 723 1673 sapientia,
753 1618 808 1676 et
829 1624 890 1662 ex
937 1611 1205 1668 rationem
1254 1615 1486 1673 habente
1542 1622 1703 1688 ratio,
1752 1640 1847 1680 seu
1891 1627 2017 1681 Ver-

2122 529 2292 598 Λόγος
2327 532 2388 585 οὑ
2431 534 2840 605 διαλελυμένος,
2872 538 2905 609 ἢ
2936 537 3122 602 ἁπλῶς
3158 538 3310 610 φωνὴ
3341 542 3654 611 σημαντικὴ
3676 581 3692 601 .

2120 618 2255 671 ἀλλὰ
2281 622 2544 694 οὑσιὼδης
2567 627 2763 694 Λόγος,
2788 630 2883 681 καὶ
2904 629 3172 697 οὑσιὼδης
3196 629 3382 698 σοφία,
3402 629 3523 700 ἥτις
3545 630 3698 685 ἐστὶν

2119 714 2146 764 ὁ
2180 713 2306 774 Υίὸς
2341 715 2579 786 ἀληθῶς.
2615 717 2676 773 Et
2707 718 2818 789 γὰρ
2845 720 2910 790 δὴ
2946 720 3019 791 μὴ
3050 721 3319 791 οὑσιώδης
3342 723 3453 791 εἴη,
3485 721 3637 776 ἔσται
3666 725 3698 777 6

2119 803 2251 866 Θεὸς
2290 806 2470 860 λαλῶν
2499 811 2580 873 είς
2610 811 2749 878 ἀέρα
2771 850 2787 875 ,
2825 811 2919 865 καὶ
2950 812 3112 882 σῶμα
3131 853 3145 876 ,
3183 812 3337 866 οὐδὲν
3363 813 3524 867 πλέον
3554 813 3697 882 εχὼν

2120 895 2226 947 τῶν
2256 898 2582 969 ἀνθρώπων.
2630 901 2849 971 Ἐπειδὴ
2872 903 2930 956 δὲ
2956 905 3057 957 οὑκ
3087 903 3236 957 ἔστιν
3265 905 3571 976 ἄνθρωποῖ.
3594 906 3697 960 οὐκ

2121 987 2187 1041 ἂν
2217 991 2302 1062 εἴη
2331 992 2451 1045 οὑδὲ
2480 994 2506 1044 6
2536 994 2706 1060 Λόγος
2738 995 2907 1049 αὑτοῦ
2943 996 3088 1048 κατὰ
3113 996 3213 1066 τὴν
3248 997 3357 1051 τῶν
3389 997 3696 1064 ἀνθρώπων

2122 1081 2433 1137 ἀσθένειαν.
2459 1083 2669 1152 ’Ὠσπερ
2699 1086 2811 1155 γὰρ
2845 1086 2942 1154 μία
2964 1087 3122 1140 οὐσία
3150 1089 3183 1158 ή
3211 1088 3378 1159 ἁρχὴ,
3408 1088 3579 1151 οὕτως
3614 1085 3699 1153 εἷς

2121 1173 2387 1244 οὑσιώδης
2415 1175 2510 1229 καὶ
2535 1176 2831 1243 ὑφεστὼςό
2862 1179 3066 1250 ταύτης
3092 1179 3283 1247 Λόγος,
3313 1184 3405 1233 καὶ
3444 1182 3481 1249 ἡ
3511 1182 3693 1245 σοφία.

2135 1265 2222 1327 Ὠς
2256 1267 2364 1336 γὰρ
2397 1268 2461 1320 ὲκ
2488 1268 2587 1322 τοῦ
2607 1268 2743 1323 Θεοῦ
2771 1270 2903 1334 Θεός
2931 1273 3069 1340 ἐστι,
3102 1273 3197 1325 καὶ
3222 1273 3287 1325 ὲκ
3314 1272 3481 1342 σοφοῦ
3509 1272 3696 1342 σοφία,

2124 1358 2219 1411 καὶ
2247 1358 2313 1411 ὲκ
2342 1358 2564 1428 λογικοῦ
2598 1361 2805 1429 Λόγος,
2846 1365 2941 1416 καὶ
2974 1363 3037 1416 ὲκ
3069 1364 3281 1433 [ἰατρὸς
3325 1364 3453 1427 Υἱὸς
3474 1403 3489 1428 ,
3522 1364 3700 1429 οὕτως

2122 1447 2182 1513 ἐξ
2208 1450 2562 1514 ὑποστάσεως
2584 1453 2906 1520 ὑποστατὸς,
2927 1456 3020 1508 καὶ
3042 1455 3304 1521 δξοὺσίας
3323 1457 3587 1529 σὺσιώδης
3603 1461 3702 1513 καὶ

2124 1538 2384 1602 ἐνοὺσιος,
2420 1541 2514 1593 καὶ
2555 1540 2615 1605 ἐξ
2644 1543 2797 1607 ὄντος
2817 1542 2912 1598 ὧν.
2958 1545 3111 1597 Ἐπεὶ
3140 1545 3189 1596 εί
3218 1544 3296 1615 μὴ
3322 1545 3588 1617 οὑσιώδης
3610 1564 3702 1600 σο-

2125 1630 2243 1700 φία,
2279 1635 2377 1686 καὶ
2409 1632 2650 1698 ἐνοὺσιος
2681 1636 2855 1701 Λόγος
2878 1676 2894 1703 ,
2930 1638 3024 1690 καὶ
3049 1636 3124 1690 ὢν
3162 1637 3309 1702 Υίὸς,
3343 1637 3476 1691 ἀλλὰ
3511 1637 3701 1702 ἅπλῶς

436 1696 588 1761 bum,
620 1705 676 1753 et
714 1714 780 1754 ex
825 1701 982 1767 Patre
1014 1703 1214 1761 Filius:
1247 1708 1326 1766 sic
1363 1725 1427 1765 ex
1460 1727 1548 1779 eo,
1576 1716 1665 1784 qui
1706 1717 1759 1771 in
1798 1723 2014 1791 propria

2126 1696 2305 1792 σοφία,
2334 1726 2427 1779 καὶ
2450 1696 2646 1794 Λόγος,
2669 1696 2910 1790 καὶ-Υἱὸς
2935 1729 2993 1781 ὲν
3014 1723 3093 1796 τῷ
3123 1696 3319 1800 ﬂaret,
3337 1731 3423 1799 εἴη
3449 1717 3517 1786 ἄν
3537 1696 3703 1792 αὐτὸς

437 1789 655 1845 exsistit
720 1807 993 1862 persona,
1045 1795 1100 1851 in
1167 1815 1400 1869 persona
1457 1807 1673 1875 propria
1726 1789 2013 1881 exsistens,

2126 1816 2152 1868 6
2175 1789 2365 1888 Πατὴρ
2391 1789 2642 1881 σύνθετος
2674 1822 2739 1872 ἐκ
2788 1821 2981 1889 σοφίας
3009 1789 3101 1874 καὶ
3126 1789 3323 1890 Λόγου.
3348 1789 3491 1877 Είδὲ
3521 1789 3702 1888 τοῦτο,

437 1889 493 1934 et
521 1895 589 1935 ex
616 1884 855 1939 essentia
900 1887 1108 1943 habens
1172 1894 1487 1960 essentiam,
1556 1898 1610 1952 in
1670 1904 2016 1975 essentiaque

436 1979 715 2039 constans,
755 1984 807 2030 et
842 1991 910 2029 ex
945 1991 1032 2043 eo,
1065 1983 1156 2050 qui
1189 1994 1297 2043 est,
1357 1985 1404 2041 is
1488 1989 1581 2058 qui
1631 2001 1735 2048 est.
1801 1996 2014 2053 Etenim

438 2063 547 2118 nisi
574 2077 720 2122 esset
750 2069 1014 2139 sapientia
1052 2089 1147 2142 per
1198 2081 1515 2145 essentiam,
1550 2092 1604 2138 et
1661 2086 1898 2144 Verbum
1960 2093 2015 2146 in

438 2158 677 2250 essentia
710 2171 996 2228 constans,
1032 2176 1086 2220 et
1119 2167 1285 2224 Filius
1338 2175 1626 2241 exsistens,
1681 2182 1775 2234 sed
1809 2183 2020 2254 simpli-

438 2247 577 2304 citer
600 2262 739 2307 esset
772 2255 1058 2326 sapientia,
1088 2269 1143 2315 et
1174 2261 1430 2330 Verbum,
1464 2280 1515 2322 et
1550 2270 1714 2327 Filius
1746 2274 1799 2328 in
1833 2247 2012 2343 Patre,

440 2340 558 2410 ipse
616 2343 779 2400 Pater
857 2360 1005 2405 esset
1066 2369 1129 2407 ex
1187 2359 1449 2426 sapientia
1518 2363 1794 2435 Verboque
1874 2386 2020 2425 com-

437 2436 670 2504 positus.
700 2439 776 2494 Ex
804 2458 914 2511 quo
968 2458 1329 2515 sequerentur
1355 2466 1440 2515 ea,
1491 2470 1611 2526 qua:
1672 2460 2019 2526 pra-diximus

440 2531 806 2601 ineommoda,
834 2545 1089 2605 essetque
1124 2540 1356 2608 ipsemet
1411 2547 1495 2599 sui
1532 2524 1726 2617 ‘ipsius
1764 2550 1939 2617 Pater,
1965 2564 2020 2608 ct

443 2621 635 2688 Filius,
675 2636 733 2680 et
763 2627 1005 2697 seipsum
1064 2646 1356 2699 generatis,
1415 2644 1471 2689 et
1523 2653 1635 2692 asa
1668 2642 1902 2705 genitus,
1964 2655 2021 2700 ut

442 2714 604 2781 paulo
643 2728 765 2786 post
793 2721 1171 2777 os:endemus.
1215 2726 1324 2779 Λιιι
1376 2730 1598 2785 nomine
1668 2741 1875 2789 tantum
1938 2747 2023 2793 est

439 2804 703 2872 Verbum,
737 2818 792 2864 et
817 2812 1102 2881 sapientia,
1133 2825 1187 2870 et
1207 2816 1394 2883 Filius,
1429 2835 1537 2874 non
1567 2832 1746 2878 autem
1773 2828 2023 2885 subsistit

441 2898 490 2953 is
510 2898 577 2954 de
600 2916 706 2969 quo
740 2900 856 2957 haec
881 2904 1159 2970 dicuntur,
1186 2908 1270 2962 vel
1297 2912 1478 2978 potius
1504 2914 1598 2981 qui
1637 2915 1751 2969 bare
1777 2917 1891 2986 ipsa
1915 2928 2018 2977 est.

442 2993 500 3047 Si
533 3008 639 3048 non
664 2995 936 3060 subsistit,
977 2997 1158 3053 inania
1182 3000 1297 3054 haec
1324 3013 1451 3057 sunt
1477 3007 1695 3060 nomina
1741 3019 1797 3063 et
1825 3026 2019 3082 super-

2120 1910 2476 1981 ἀκολουθήσει
2519 1912 2588 1965 τὰ
2622 1914 3000 1982 προειρημένα
3054 1913 3252 1969 ἄτοπα.
3297 1915 3493 1969 Ἔσται
3522 1915 3580 1968 δὲ
3606 1917 3703 1969 καὶ

2120 2003 2282 2068 αὑτὸς
2312 2003 2506 2058 ἑαυτοῦ
2533 2004 2724 2075 Πατὴρ
2753 2005 2849 2060 καὶ
2880 2006 3028 2070 Υἱὸς,
3054 2006 3218 2083 αὑτὸς
3248 2006 3444 2086 ἑαυτὸν
3473 2008 3702 2075 γεννῶν,

2120 2096 2215 2149 καὶ
2249 2095 2589 2165 γεννώμενος
2623 2096 2713 2163 ὑφ’
2737 2097 2959 2161 ἑαυτοῦ,
2982 2097 3057 2161 ὡς
3088 2099 3229 2167 μετὰ
3252 2100 3451 2169 μικρὸν
3482 2098 3706 2169 δειχθή-

2120 2207 2308 2245 σεται’
2350 2192 2384 2262 ἢ
2430 2192 2601 2263 ὕνομα
2640 2193 2801 2261 μόνον
2843 2193 2962 2247 ἐστὶ
2990 2194 3184 2261 Λόγος,
3227 2193 3321 2262 καὶ
3372 2192 3556 2261 σοφία,
3608 2193 3706 2245 καὶ

2122 2286 2272 2348 Υἱὸς,
2304 2286 2401 2357 οὑχ
2424 2286 2701 2356 ὑφέστηκε
2723 2286 2802 2353 δὲ,
2830 2286 2955 2341 καθ’
2988 2280 3053 2340 οὗ
3084 2288 3304 2357 λέγεται
3335 2287 3533 2353 ταῦτα,
3569 2286 3709 2353 μᾶλα

2117 2378 2210 2431 λον
2247 2379 2325 2443 δὲ,
2362 2380 2420 2442 ὃς
2450 2380 2566 2433 ἐστι
2597 2379 2793 2434 ταῦτα.
2840 2380 2901 2434 Et
2936 2376 3030 2441 οὖν
3063 2381 3160 2451 οὑχ
3195 2382 3523 2451 ὑφέστηκεν,
3557 2380 3708 2449 ἀργὰ

2130 2474 2196 2527 ἂν
2227 2474 2311 2542 εῐη
2349 2472 2443 2527 καὶ
2472 2473 2606 2525 κενὰ
2639 2473 2708 2527 τὰ
2756 2473 3022 2544 ὀνόματα,
3048 2476 3209 2538 ἐκτὸς
3239 2476 3287 2528 εί
3321 2474 3397 2545 μὴ
3422 2475 3486 2529 ἄν
3512 2491 3595 2537 τις
3625 2474 3705 2526 εῐο

2124 2582 2217 2617 ποι
2242 2565 2577 2635 αὑτοσοφίαν
2604 2561 2746 2620 εἶναι
2804 2569 2899 2620 καὶ
2927 2568 3221 2636 αὑτολόγον
3251 2569 3341 2621 τὸν
3370 2567 3522 2621 Θεόν.
3562 2566 3709 2620 Ἀλλ’

2122 2657 2170 2709 εἰ
2221 2654 2399 2719 τοῦτο,
2446 2656 2530 2727 εἴη
2581 2656 2648 2710 ἂν
2682 2657 2843 2721 αὑτὸς
2891 2657 3087 2711 ἑαυτοῦ
3137 2658 3326 2727 Πατὴρ
3395 2659 3489 2711 καὶ
3532 2657 3660 2720 Υἱός
3688 2671 3706 2686 δ

2124 2745 2315 2818 [ἰατὴρ
2353 2746 2474 2816 μὲν,
2508 2746 2595 2799 ὅτε
2630 2748 2813 2815 σοφὸς,
2852 2748 2978 2813 Υἱὸς
3003 2748 3078 2812 δὲ,
3101 2750 3198 2824 ’ὅτε
3228 2750 3406 2811 σοφία.
3446 2749 3585 2805 Ἀλλ’
3608 2750 3710 2818 οὑχ

2123 2840 2200 2902 ὠς
2234 2839 2456 2908 ποιότης
2486 2855 2568 2897 τις
2596 2839 2769 2892 ταῦτα
2796 2843 2854 2893 ὲν
2882 2840 2962 2908 τῷ
2996 2840 3115 2909 Θεῷ
3143 2858 3158 2873 ·
3189 2841 3393 2909 ἄπαγε.
3435 2840 3711 2911 Ἀπρεπὲς

2123 2929 2304 2983 τοῦτο.
2350 2930 2721 3002 Εὑρεοήσεται
2756 2918 3147 3000 γάρλσὺνθετος
3178 2934 3206 2985 6
3239 2933 3374 2995 Θεὸς
3408 2933 3465 3000 ἐξ
3516 2933 3709 2995 οὐσίας

2125 3020 2219 3094 κα)
2258 3021 2560 3091 ποιότητος.
2579 3023 2737 3076 Πᾶσα
2758 3024 2863 3094 γὰρ
2890 3024 3115 3093 ποιότης
3132 3026 3156 3075 ὲ
3173 3042 3189 3076 δ
3206 3024 3365 3095 οὑσίᾳ
3390 3026 3524 3078 ἐστί.
3548 3025 3709 3077 Κατὰ

442 3100 707 3153 vacanea,
741 3080 843 3142 nisi
878 3089 1001 3159 quis
1036 3090 1181 3146 dicat
1210 3093 1379 3148 Deum
1411 3108 1536 3150 esse
1575 3098 1744 3168 ipsam
1799 3080 2019 3174 sap—ien-

2126 3080 2280 3165 τοὺτο
2330 3112 2388 3169 δὲ
2515 3080 2634 3166 (ista
2673 3080 2861 3183 μοναί,
2897 3080 3204 3184 ἀδιαίρετος
3259 3080 3414 3174 οὖσα.
3454 3114 3710 3178 σύνθετος

442 3178 598 3243 tiam,
629 3189 684 3235 et
727 3181 908 3252 ipsum
972 3181 1230 3238 Verbum.
1263 3188 1329 3239 At
1379 3187 1484 3242 hoc
1541 3202 1698 3259 pacto
1762 3195 1879 3264 ipse
1935 3203 2018 3254 sui

2126 3178 2798 3274 φανήσεται-τεμνομένη
2837 3178 2913 3268 εἰς
2947 3178 3138 3259 οὑσίαν
3339 3206 3708 3275 συμϐεϐηκός.

443 3272 617 3343 ipsius
639 3284 784 3331 esset
822 3274 1000 3342 Pater,
1031 3286 1085 3330 et
1109 3277 1279 3332 Filius
1318 3276 1524 3335 :Pater
1584 3285 1806 3353 quidem
1870 3294 2087 3360 quando
2122 3272 2372 3366 sapiens;
2424 3272 2591 3350 Filius
2646 3272 2830 3353 autem
2907 3296 3124 3366 quando
3180 3272 3465 3365 sapientia.
3510 3272 3709 3352 Verum

444 3372 563 3426 haec
588 3386 699 3426 non
741 3380 873 3428 sunt
924 3374 976 3428 in
1010 3372 1140 3438 Deo,
1181 3384 1239 3429 ut
1268 3376 1503 3445 qualitas
1540 3384 1809 3448 quaedam.
1839 3388 2012 3443 Absit.
2051 3391 2363 3446 Absurdum
2418 3392 2564 3445 enim
2618 3393 2721 3447 boc
2760 3400 2863 3447 est.
2909 3391 3043 3447 Nam
3076 3392 3218 3447 Deus
3254 3393 3356 3446 hoc
3379 3391 3542 3447 modo
3562 3401 3707 3446 esset

444 3469 784 3539 compositus
839 3487 906 3525 ex
974 3472 1212 3526 essentia
1277 3483 1332 3528 et
1382 3476 1660 3547 qualitate.
1728 3475 2004 3549 Siquidem
2056 3487 2235 3539 omnis
2279 3488 2514 3556 qualitas
2542 3495 2628 3542 est
2672 3487 2726 3540 in
2754 3487 3011 3542 essentia.
3060 3485 3125 3540 Et
3170 3487 3272 3541 huc
3322 3486 3449 3541 dato
3475 3485 3696 3540 divinam
3737 3542 3750 3552 ,

447 3565 736 3635 unitatem,
762 3567 1067 3638 quaefdividi
1094 3584 1201 3625 non
1221 3580 1420 3639 potest,
1449 3574 1800 3643 compositam
1821 3591 1941 3632 esse
1958 3591 2251 3649 constaret,
2273 3583 2474 3654 quippe
2487 3598 2607 3653 quae
2637 3583 2692 3637 in
2716 3583 3011 3639 essentiam
3058 3591 3110 3636 et
3127 3581 3384 3639 accidens
3412 3592 3705 3640 secaretur.

979 3660 1065 3715 Ea:
1138 3662 1318 3718 eodem
1378 3665 1529 3720 libro.

2575 3675 2676 3728 Ἐκ
2716 3675 2822 3729 τοῦ
2852 3674 3039 3729 αὐτοῦ
3070 3676 3276 3742 λόγου.

514 3751 984 3819 Quemadmodum
1006 3770 1133 3810 vere
1170 3755 1330 3811 Pater
1353 3767 1461 3823 est,
1493 3759 1573 3814 sic
1599 3760 1866 3831 sapientia
1900 3778 2021 3819 vere

2208 3765 2418 3837 ’Ὥσπερ
2445 3766 2659 3837 ἀληθῶς
2688 3767 2899 3837 Πατὴρ,
2917 3765 3089 3830 οὕτως
3112 3765 3323 3835 ἀληθῶς
3352 3766 3532 3835 σοφία.
3557 3768 3717 3823 Κατὰ

446 3852 553 3900 est.
599 3842 713 3900 Hac
745 3846 909 3917 igitur
938 3846 1154 3902 ratione
1231 3849 1341 3904 duo
1373 3856 1519 3915 sunt,
1573 3857 1831 3922 quoniam
1892 3870 2021 3919 non.

2131 3862 2287 3915 τοῦτο
2307 3857 2401 3916 οὖν
2425 3861 2520 3916 δύο
2543 3862 2663 3932 μὲν,
2693 3862 2772 3915 ὅτι
2799 3861 2874 3945 pri)
2901 3861 3040 3914 κατὰ
3060 3860 3346 3915 Σαϐέλλιον
3365 3861 3394 3914 6
3415 3862 3576 3924 αὑτὸς
3605 3863 3718 3915 Πα-

447 3942 508 3990 ut
527 3932 798 3991 Sabellius
822 3935 1100 4006 Opinatur,
1130 3937 1273 3994 idem
1296 3949 1380 3995 est
1413 3939 1570 3996 Pater
1615 3950 1667 3996 et
1698 3941 1887 3997 Filius.
1918 3943 2021 3998 Sed

2132 3953 2235 4022 τὴρ
2259 3955 2351 4007 και
2376 3954 2523 4017 Υἱός.
2561 3953 2702 4007 Ἀλλ’
2729 3955 2756 4007 ό
2778 3934 2969 4024 naiqu
2998 3954 3208 4023 Πατὴρ.
3239 3953 3334 4007 καὶ
3357 3955 3385 4007 ό
3410 3953 3708 4019 magna;

448 4026 613 4083 Pater
635 4036 717 4083 est
741 4027 924 4090 Pater,
950 4036 1006 4085 et
1032 4026 1202 4087 Filius
1240 4042 1326 4087 est
1362 4029 1554 4087 Filius.
1603 4032 1798 4115 Unum,
1840 4045 2024 4090 autem

449 4134 622 4184 sunt;
659 4119 786 4189 quia
813 4112 983 4175 Filius
1011 4136 1111 4193 per
1134 4133 1383 4179 naturam
1423 4134 1504 4181 est
1525 4112 1787 4181 essentiai
1823 4126 2021 4191 Patris,

451 4211 728 4280 proprium
753 4211 927 4284 ipsius
957 4212 1194 4271 Verbum
1241 4217 1532 4275 exsistens.
1588 4217 1703 4274 Hoc
1763 4218 2028 4274 Dominus

450 4302 680 4364 docebat
711 4325 724 4362 :
755 4306 891 4378 Ego,
938 4307 1212 4378 inquiens,
1243 4317 1291 4362 et
1321 4307 1489 4364 Pater
1533 4308 1698 4363 duum
1754 4327 1935 4366 stt-tus
1984 4313 2026 4368 ί.

2139 4046 2239 4099 Ἓν
2271 4044 2349 4107 δὲ,
2382 4044 2465 4098 ὅτι
2498 4045 2527 4096 ὁ
2553 4043 2681 4107 Υἱὸς
2712 4043 2810 4113 τῆς
2846 4046 3034 4107 οὐσίας
3069 4043 3169 4097 τοῦ
3208 4043 3420 4112 Πατρός
3453 4046 3569 4096 ἐστι
3604 4042 3712 4111 φὺ-

2136 4151 2240 4201 σει,
2294 4135 2421 4199 ἴδιος
2462 4134 2726 4207 ὑπάρχων
2768 4134 2937 4202 Λόγος
2985 4134 3170 4189 αὑτοῦ.
3224 4135 3395 4189 Τοῦτο
3442 4136 3470 4189 6
3511 4135 3716 4205 Κύριος

2137 4225 2353 4293 ἔλεγεν·
2422 4224 2567 4295 Ἐγὼ
2612 4225 2711 4279 καὶ
2744 4225 2776 4279 ὁ
2828 4224 3030 4293 Πατὴρ
3070 4224 3141 4280 ἓν
3169 4226 3375 4295 ἐσμεν.
3423 4225 3559 4281 Οὔτε
3608 4229 3717 4297 γὰρ
3764 4270 3767 4273 λ

2139 4315 2168 4368 6
2222 4314 2394 4383 Λόγος
2447 4313 2781 4385 κεχώρισται
2827 4315 2922 4367 τοῦ
2972 4315 3218 4386 Πατρός,
3270 4314 3395 4369 οὔτε
3447 4318 3476 4368 6
3526 4317 3718 4386 Πατὴρ

450 4396 641 4470 Neque
667 4400 813 4455 enim
838 4400 1076 4458 Verbum
1107 4416 1139 4456 a
1171 4400 1331 4457 Patre
1357 4410 1666 4472 separatum
1698 4412 1806 4469 est,
1851 4418 2021 4474 neque

2136 4407 2329 4475 ἄλογός
2374 4424 2505 4460 ποτε
2532 4404 2622 4479 ἦν,
2653 4407 2688 4479 ἧ
2722 4409 2858 4463 ἐστι.
2888 4409 2998 4463 Καὶ
3036 4408 3064 4460 6
3092 4408 3265 4476 Λόγος
3310 4407 3402 4462 οὑν
3435 4409 3589 4474 Θεὸς,
3620 4411 3720 4464 καὶ

452 4491 615 4548 Pater
634 4492 753 4548 sine
779 4493 961 4550 Verbo
990 4509 1231 4564 unquam
1287 4493 1412 4561 fuit,
1447 4489 1542 4551 aut
1563 4502 1667 4550 est.
1728 4502 1913 4562 Quare
1979 4506 2035 4553 et

453 4583 691 4641 Verbum
734 4598 819 4642 est
860 4587 1024 4650 Deus,
1055 4595 1110 4643 et
1164 4587 1324 4643 Pater
1354 4602 1463 4642 non
1489 4587 1612 4644 sine
1664 4586 1866 4645 Verbo.

983 4679 1069 4734 Ex
1110 4680 1289 4735 eodem
1351 4681 1504 4735 libro.

530 4768 785 4825 Christus
815 4779 899 4827 est
931 4770 1171 4826 Verbum
1200 4772 1318 4826 Dei.
1351 4771 1542 4826 Utrum
1576 4772 1740 4844 igitur
1794 4774 1874 4828 sic
1908 4789 1937 4828 a
1976 4789 2037 4828 se

451 4859 662 4913 exstitit
693 4868 752 4915 ut
781 4874 878 4929 per
901 4875 962 4915 se
1004 4860 1309 4921 subsistens
1330 4863 1703 4933 agglutinatus
1736 4864 1972 4919 sitPatri
2019 4883 2032 4918 :

453 4964 522 5006 an
555 4952 698 5008 Deus
745 4954 922 5023 ipsum
957 4953 1104 5017 fecit,
1131 4965 1185 5010 et
1215 4954 1451 5011 Verbum
1490 4972 1649 5013 suum
1698 4957 2037 5027 appellavit?

453 5044 511 5098 Si
545 5043 778 5113 primum
805 5044 984 5114 detur,
1019 5057 1077 5101 ut
1105 5063 1202 5117 per
1224 5063 1281 5102 se
1314 5029 1601 5114 exstiterit,
1650 5051 1900 5118 Deusque
1940 5049 2030 5111 sit,

453 5136 562 5192 duo
601 5146 761 5191 erunt
781 5138 1066 5208 principia,
1101 5156 1280 5210 neque
1307 5142 1411 5194 erit
1430 5157 1557 5196 vere
1580 5144 1832 5211 proprius
1854 5141 2033 5197 Patris

453 5226 646 5293 Filius,
709 5231 911 5298 quippe
944 5231 1035 5299 qui
1098 5248 1205 5286 non
1244 5232 1415 5302 ipsius
1451 5234 1520 5287 sit
1569 5232 1764 5294 Patris.
1798 5235 1892 5289 sed
1949 5235 2030 5289 sui

457 5320 665 5389 ipsius;
712 5320 796 5375 sin
828 5323 1158 5378 concedatur
1202 5324 1524 5390 secundum,
1566 5325 1639 5378 uti
1694 5326 2036 5380 extrinsecus

456 5412 632 5468 factus
657 5411 841 5476 fuerit,
874 5414 982 5469 erit
1014 5430 1102 5470 res
1134 5425 1440 5485 procreata.
1501 5415 1792 5486 Reliquum
1865 5417 2033 5490 igitur

454 5510 537 5556 est
602 5512 663 5557 ut
692 5504 844 5559 illum
880 5520 947 5559 ex
983 5505 1093 5559 Deo
1127 5505 1372 5559 dicamus
1398 5520 1542 5561 esse.
1580 5505 1651 5562 Ut
1681 5506 1827 5561 aliud
1861 5505 1932 5561 sit
1956 5506 2034 5572 id,

456 5592 602 5658 quod
640 5608 709 5649 ex
736 5593 922 5663 aiiquo
952 5602 1056 5658 est,
1103 5603 1160 5649 et
1192 5594 1337 5650 aliud
1398 5595 1467 5650 sit
1527 5594 1602 5661 id,
1630 5609 1694 5650 ex
1734 5610 1846 5666 quo
1897 5595 2031 5651 illud

464 5716 467 5723 Ι
531 5743 732 5800 'Joan.
787 5761 840 5801 x.
872 5747 957 5799 '50.

2141 4500 2169 4553 6
2210 4499 2401 4570 Πατὴρ
2429 4500 2529 4554 οὑκ
2555 4499 2771 4569 ἄλογος.

2574 4675 2675 4730 Ἐκ
2705 4673 2814 4729 τοῦ
2846 4674 3035 4729 αὑτοῦ
3067 4674 3275 4744 λόγου.

2220 4768 2281 4822 '0
2308 4768 2542 4840 Χριστὸς
2571 4770 2747 4839 Λόγος
2774 4766 2869 4821 τοῦ
2899 4766 3035 4820 Θεοῦ
3066 4768 3203 4821 ἐστι.
3238 4767 3474 4839 Πότερον
3502 4767 3595 4823 οὖν
3622 4769 3717 4839 ἀφ’

2137 4861 2331 4915 ἑαυτοῦ
2388 4859 2616 4929 ὑπέστη,
2673 4860 2770 4911 καὶ
2827 4857 3068 4921 ὑποστὰς
3122 4858 3589 4930 προσκεκόλληται
3635 4860 3715 4931 τῷ

2136 4953 2337 5025 Πατρὶ,
2390 4952 2424 5020 ἢ
2481 4951 2509 5003 6
2555 4951 2687 5013 Θεὸς
2740 4950 2900 5003 αὑτὸν
2930 4949 3221 5020 πεποίηκε,
3270 4951 3367 5004 καὶ
3422 4951 3714 5020 ὠνόμακεν

2135 5046 2328 5098 ἑαυτοῦ
2358 5043 2570 5113 Λόγον;
2605 5043 2669 5099 Et
2719 5042 2819 5112 μὲν
2858 5039 2951 5095 οὖν
2980 5042 3041 5094 τὸ
3076 5041 3319 5112 πρῶτον,
3361 5043 3504 5108 λέγω
3535 5044 3599 5115 δὴ
3650 5045 3713 5097 τὸ

2134 5137 2310 5205 ἐαυτῷ
2355 5136 2586 5206 ὑπέστη,
2635 5133 2730 5188 καὶ
2775 5132 2906 5196 Θεός
2950 5134 3088 5197 ἐστι,
3138 5132 3231 5186 δύο
3262 5136 3327 5188 ἂν
3372 5131 3480 5188 εἷεν
3522 5136 3708 5205 ἀρχαί.

2135 5230 2249 5283 Οὑκ
2285 5226 2437 5279 ἔσται
2466 5225 2522 5277 δὲ
2556 5224 2781 5285 είκότως
2813 5220 2934 5276 οὑδὲ
2966 5220 3062 5273 τοῦ
3099 5221 3312 5290 Πατρδς
3342 5221 3493 5286 ἴδιος,
3529 5221 3616 5276 διὰ
3648 5224 3711 5275 τὸ

2138 5321 2213 5393 μὴ
2242 5318 2407 5373 αὑτοῦ
2437 5317 2529 5370 τοῦ
2565 5314 2800 5384 Πατρός,
2835 5312 2948 5365 ἀλλ’
2981 5311 3176 5365 ἑαυτοῦ
3208 5309 3365 5368 εἶναι,
3401 5313 3462 5367 Ei
3490 5314 3546 5365 δὲ
3577 5312 3708 5380 ἔξω·

2134 5412 2224 5466 θεν
2254 5410 2570 5478 πεποίηται,
2601 5406 2688 5475 εἴη
2720 5405 2785 5457 ἂν
2814 5404 3039 5473 κτίσμα.
3067 5404 3326 5457 Λείπεται
3356 5405 3419 5476 δὴ
3447 5406 3506 5472 ἐξ
3539 5406 3703 5459 αὐτοῦ

2132 5504 2225 5559 τοῦ
2255 5503 2391 5557 Θεοῦ
2430 5498 2609 5569 λέγειν
2640 5497 2824 5551 αὑτόν.
2864 5495 2926 5549 Et
2958 5496 3014 5548 δὲ
3044 5497 3224 5560 τοῦτο,
3265 5498 3396 5554 ἄλλο
3428 5500 3495 5552 ἂν
3530 5499 3615 5568 εῐη
3646 5497 3707 5549 τὸ

2132 5595 2196 5650 ἐκ
2236 5610 2402 5656 τινος,
2444 5593 2536 5645 καὶ
2578 5589 2706 5644 ἄλλο
2744 5586 2803 5640 τὸ
2831 5585 2892 5650 ἐξ
2932 5578 2995 5640 οὗ
3036 5587 3174 5643 ἑστι.
3217 5588 3374 5642 Κατὰ
3409 5590 3567 5644 τοῦτο
3598 5589 3705 5662 ἄρα
