4126 6454
403 329 520 391 341

1379 331 1758 394 PANOPLIA
1799 331 2266 391 DOGMATICA.
2297 352 2365 362 -
2404 327 2554 388 TlT.
2599 326 2700 384 Χί.

3579 324 3682 386 312

404 444 532 498 δύο.
567 444 632 495 Et
659 442 716 494 δὲ
749 442 824 514 μὴ
869 442 964 497 δύο
999 445 1113 512 εἴη,
1141 445 1256 500 ἀλλ’
1286 445 1378 497 ἐπὶ
1411 445 1506 498 τοῦ
1538 445 1704 499 αὐτοῦ
1733 448 1792 500 τὸ
1817 447 2007 516 Πατὴρ

2117 455 2217 501 est.
2256 446 2522 513 Atqueita
2575 448 2735 495 erunt
2758 438 2888 493 duo.
2921 438 3074 506 Quod
3133 440 3178 493 si
3210 439 3319 494 duo
3384 458 3489 495 non
3549 442 3682 503 sint.

403 538 510 589 καὶ
531 535 595 588 τὸ
627 534 754 598 Υἱὸς
779 535 1009 604 λέγοιτο,
1041 535 1192 591 ἔσται
1231 537 1292 590 τὸ
1319 538 1450 590 αὐτὸ
1485 540 1656 592 αἴτιον
1703 540 1795 593 καὶ
1824 540 2000 592 αἰτια-

403 630 526 692 τὸν,
566 630 665 682 καὶ
701 627 1040 696 γεννώμενον
1096 631 1188 682 καὶ
1221 629 1460 697 γεννῶν,
1498 631 1635 700 ὅπερ
1673 630 1872 685 ἄτοπον
1907 629 2000 683 ἐπὶ

405 719 506 772 τοῦ
550 717 845 772 Σαδελλίου
878 718 1169 773 δέδεικται.
1216 720 1276 772 Εἰ
1305 719 1360 772 δὲ
1408 721 1466 786 ἐξ
1493 721 1657 774 αὐτοῦ
1703 722 1803 792 μέν
1832 722 1998 787 ἐστιν,

410 812 516 863 οὐκ
546 809 681 864 ἄλλο
707 810 790 870 δὲ,
814 809 968 862 ἔσται
1003 813 1096 863 καὶ
1125 809 1329 878 γεννῶν
1381 811 1475 864 καὶ
1508 812 1582 882 μὴ
1613 811 1815 879 γεννῶν
1839 826 1854 842 ⁸
1883 829 2003 880 γεν-

415 904 527 954 νῶν
565 904 692 972 μὲν,
727 901 812 954 ὅτι
841 901 902 964 ἐξ
932 901 1096 954 αὑτοῦ
1129 902 1394 973 προφέρει
1418 920 1431 934 ⁸
1469 902 1546 974 μὴ
1579 901 1780 970 γεννῶν
1811 903 1889 966 δὲ,
1918 903 2001 956 ὅτι

425 997 505 1063 μὴ
542 993 698 1054 ἂλλος
747 992 942 1046 ἑαυτοῦ
993 994 1164 1049 ἔστιν.
1204 995 1266 1048 Εἰ
1309 994 1366 1046 δὲ
1410 995 1589 1057 τοῦτο,
1633 993 1718 1063 εἴη
1764 993 1830 1046 ἂν
1882 993 2000 1047 κατ’

428 1089 663 1138 ἐπίνοιαν
705 1085 1000 1154 λεγόμενος
1034 1085 1063 1136 6
1107 1085 1269 1150 αὐτὸς
1310 1086 1496 1156 Πατὴρ
1527 1085 1620 1139 καὶ
1660 1085 1805 1148 Υἱός.
1840 1087 1899 1138 Ei
1944 1086 2000 1139 δὲ

428 1179 668 1246 ἀπρεπὲς
717 1177 916 1245 οὕτως,
959 1176 1046 1247 εῐη
1100 1179 1144 1230 δ’
1201 1178 1266 1232 ἂν
1320 1179 1414 1232 δύο
1463 1179 1652 1248 Πατὴρ
1706 1181 1798 1230 καὶ
1831 1177 1996 1240 Υἱός·

419 1271 477 1322 ἐν
528 1271 586 1323 δὲ
607 1310 624 1334 ,
655 1271 740 1323 ὅτι
785 1271 813 1322 6
850 1271 974 1333 Υἱὸς
1004 1270 1102 1322 οὐκ
1134 1269 1350 1336 ἔξωθεν,
1387 1270 1502 1323 ἀλλ’
1555 1271 1617 1324 ὲκ
1647 1269 1783 1323 Θεοῦ
1813 1271 2003 1339 γεγέν-

413 1379 600 1431 νηται.
646 1363 709 1415 Et
749 1363 806 1415 δὲ
849 1361 1040 1432 φεύγει
1076 1379 1156 1424 τις
1211 1363 1270 1414 τὸ
1307 1362 1486 1430 λέγειν
1531 1364 1808 1432 γέννημα,
1843 1361 2003 1431 μόνον

409 1453 471 1504 δὲ
501 1452 656 1520 λέγει
685 1453 953 1524 ὑπάρχειν
978 1455 1070 1507 τὸν
1101 1454 1276 1521 Λόγον
1307 1456 1404 1506 σὺν
1436 1453 1514 1523 τῷ
1537 1452 1676 1524 Θεῷ,
1710 1452 2003 1524 φοϐηθήτω

411 1547 441 1594 ὁ
469 1542 723 1606 τοιοῦτος
757 1545 832 1613 μὴ
860 1543 1076 1613 φεύγων
1107 1547 1167 1598 τὸ
1197 1543 1301 1598 ὑπὸ
1323 1545 1421 1614 τῆς
1451 1545 1670 1615 Γραφῆς
1703 1545 2003 1615 λεγόμενον

412 1635 646 1706 ἐμπέσῃ
687 1635 770 1698 είς
803 1636 1038 1690 ἀτοπίαν
1059 1678 1070 1700 ,
1103 1638 1269 1708 διφυῆ
1305 1654 1426 1690 τινα
1462 1636 1698 1703 εἰσάγων
1726 1637 1814 1689 τὸν
1846 1636 2000 1694 Θεόν.

412 1727 510 1796 Μὴ
543 1727 724 1790 διδοὺς
758 1727 862 1795 γὰρ
889 1730 952 1780 ὲκ
984 1728 1080 1796 τῆς
1111 1729 1338 1798 μονάδος
1371 1725 1511 1782 εἶναι
1539 1729 1631 1779 τὸν
1659 1727 1855 1794 Λόγον,
1884 1729 2000 1781 ἀλλ’

2103 539 2196 594 sed
2231 539 2299 592 de
2342 537 2534 590 eodem
2564 535 2781 589 dicatur
2807 533 2969 588 Pater
3002 533 3270 596 et-Filius.
3311 535 3452 588 idem
3487 534 3590 589 erit
3633 542 3689 588 et

2103 647 2264 687 causa
2322 640 2374 685 et
2405 628 2550 699 quod
2584 644 2614 682 a
2657 643 2816 681 causa
2847 626 3228 696 proﬁciscitur,
3273 627 3414 682 idem
3462 627 3688 694 gignens

2103 735 2158 778 et
2208 723 2470 794 genitum.
2497 721 2651 786 Quod
2694 719 2912 784 quidem
2965 718 3270 772 adsurdum
3321 719 3376 771 in
3436 717 3679 774 Sabellio

2102 817 2508 883 deprehensum
2575 821 2681 866 est.
2741 813 2809 863 At
2864 811 2906 864 si
2993 827 3060 864 ex
3115 811 3234 878 ipso
3265 811 3355 874 sit,
3409 811 3513 865 sed
3565 825 3674 863 non

2103 908 2270 972 aliud,
2285 907 2386 963 erit
2404 918 2455 960 et
2471 906 2716 974 gignens,
2742 914 2796 958 et
2821 920 2926 956 non
2944 905 3202 973 gignens;
3221 902 3449 971 gignens
3465 902 3686 969 quidem

2101 1003 2357 1070 quoniam
2407 1015 2465 1054 se
2510 997 2733 1068 profert,
2764 1012 2870 1049 non
2902 998 3125 1066 gignens
3161 1005 3365 1060 autem,
3409 995 3532 1062 quia
3553 993 3688 1048 nihil

2103 1095 2270 1152 aliud.
2294 1109 2455 1162 quam
2476 1107 2535 1145 sc
2559 1087 2784 1159 profert.
2807 1090 2885 1143 Ex
2905 1104 3014 1157 quo
3032 1097 3312 1156 sequetur,
3340 1096 3400 1143 ut
3418 1088 3679 1156 opinione

2105 1196 2311 1241 tantum
2374 1185 2520 1238 idem
2591 1183 2804 1237 dicatur
2874 1183 3031 1235 Pater
3095 1190 3148 1234 et
3197 1181 3389 1235 Filius.
3451 1178 3582 1245 Quae
3639 1179 3684 1231 si

2104 1275 2344 1329 absurda
2377 1282 2530 1336 sunt,
2571 1273 2681 1327 duo
2721 1272 2830 1326 sint
2856 1274 3018 1325 Pater
3047 1279 3100 1324 et
3129 1267 3318 1323 Filius.
3375 1267 3554 1323 Unum
3588 1281 3687 1320 au-

2106 1374 2237 1428 tem,
2271 1364 2394 1434 quia
2421 1363 2592 1418 Filius
2645 1379 2752 1418 non
2825 1363 3167 1417 extrinsecus
3197 1360 3370 1414 factus
3424 1367 3528 1421 est,
3592 1355 3684 1411 sed

2104 1471 2168 1510 ex
2190 1456 2298 1510 Deo
2317 1456 2559 1526 genitus.
2591 1455 2748 1520 Quod
2769 1454 2813 1507 si
2841 1455 2961 1523 quis
2991 1455 3234 1533 genitum
3269 1459 3483 1506 recusat
3504 1449 3687 1503 dicere

2106 1559 2160 1602 et
2188 1547 2566 1602 tantummodo
2633 1548 2785 1612 dicit,
2845 1547 3080 1600 Verbum
3144 1561 3265 1599 esse
3341 1559 3464 1598 cum
3549 1543 3683 1602 Deo,

2105 1650 2292 1696 caveat
2322 1641 2388 1705 is,
2421 1656 2489 1694 ne
2515 1640 2644 1695 dum
2673 1639 2876 1710 fugitid
2909 1639 3099 1708 quoda
3133 1638 3412 1706 Scriptura
3461 1635 3681 1696 dicitur,

2107 1735 2162 1788 in
2195 1735 2485 1788 absurdam
2513 1733 2748 1802 aliquam
2783 1732 3102 1800 opinionem
3173 1730 3436 1790 incurrat,
3486 1735 3540 1780 et
3569 1733 3684 1792 ima.

408 1817 610 1881 ἑπλῶς
647 1819 1009 1888 κεκολλῑψθαι
1045 1819 1122 1888 τῷ
1163 1821 1337 1891 ῐιατρὶ
1373 1821 1581 1889 Λόγον,
1614 1819 1780 1873 δυάδα
1807 1819 1994 1884 οὐσίας

2122 1839 2216 1877 ura
2250 1822 2448 1891 duplici
2482 1821 2650 1875 Deum
2704 1820 3035 1874 introducat.
3086 1818 3188 1882 Qui
3247 1818 3392 1870 en‘m
3464 1828 3574 1867 non
3624 1827 3688 1865 ex

411 1908 655 1976 εἰσάγει,
687 1909 991 1980 μηδετέραν
1022 1911 1121 1977 τῆς
1147 1911 1337 1983 ἑτέρας
1362 1913 1581 1984 Πατέρα
1607 1912 1992 1982 τυγχάνουσαν.

411 2001 487 2052 T6
521 2000 659 2054 αὐτὸ
683 2000 742 2053 δὲ
777 2003 871 2056 καὶ
901 2004 1031 2073 περὶ
1064 2005 1366 2074 δυνάμεως.

408 2093 696 2162 duplicem
786 2094 998 2150 inducit
1087 2099 1400 2164 essentiam,

411 2198 640 2244 testate.

1493 2115 1726 2168 quarum
1806 2107 2003 2153 neutra

867 2279 968 2332 Ἐκ
1002 2279 1107 2334 τοῦ
1141 2281 1330 2335 αὐτοῦ
1357 2283 1568 2351 λόγου.

506 2373 569 2426 ’0
596 2372 733 2434 Θεὸς
762 2371 946 2440 σοφὸς,
968 2374 1062 2426 καὶ
1090 2374 1188 2426 οὐκ
1217 2374 1407 2442 ἄλογός
1439 2377 1611 2442 ἐστιν,
1640 2375 1673 2445 ἢ
1704 2373 2011 2428 τούναντίον

419 2467 631 2533 ἄσοφος
666 2465 762 2517 διαὶ
785 2463 997 2532 ἄλογος.
1036 2466 1096 2518 Εἰ
1131 2465 1230 2534 μὲν
1259 2465 1353 2520 οὖν
1387 2469 1450 2520 τὸ
1478 2468 1749 2538 δεύτερον,
1788 2465 2014 2520 αὐτόθεν

419 2560 538 2630 ἔχει
564 2560 804 2612 ἀτοπίαν
826 2576 842 2590 ο
871 2560 922 2612 εἰ
952 2559 1006 2610 δὲ
1032 2560 1091 2632 τὸ
1126 2561 1362 2629 πρῶτον,
1398 2563 1722 2631 ἐρωτητέον,
1758 2561 1872 2623 πῶς
1899 2563 2012 2612 ἐστι

421 2652 613 2720 σοφὸς,
649 2652 743 2704 καὶ
769 2653 869 2705 οὐκ
897 2653 1089 2719 ἄλογος
1113 2670 1129 2717 ;
1162 2654 1396 2726 Πότερον
1419 2653 1618 2719 ἔξωθεν
1650 2653 1896 2723 ἐσχηκὼς
1924 2655 2011 2705 τὸν

415 2745 604 2810 Λόγον
641 2746 734 2796 καὶ
765 2743 864 2811 τὴν
893 2744 1107 2811 σοφίαν.
1133 2745 1163 2812 ἢ
1188 2743 1246 2808 ἐξ
1280 2745 1472 2797 ἑαυτοῦ
1499 2762 1513 2808 ς
1548 2744 1606 2796 ΕΞ
1639 2745 1734 2812 μὲν
1763 2749 1856 2795 οὑν
1887 2743 2012 2808 ἔξω·

417 2837 536 2897 θεν,
579 2836 740 2887 ἔσται
777 2853 860 2898 τις
886 2837 913 2887 6
948 2835 1306 2906 προδεδωκὼς
1335 2837 1508 2904 αὐτῷ,
1540 2837 1632 2887 καὶ
1667 2838 1796 2905 πρὶν
1823 2834 2009 2888 λαϐεῖν

418 2928 634 2996 ἄσοφος
688 2923 760 2998 ἦν
805 2929 900 2981 καὶ
938 2926 1130 2994 ἄλογος
1151 2943 1164 2956 ·
1201 2928 1250 2979 εί
1279 2926 1335 2980 δὲ
1370 2927 1429 2990 ἐξ
1473 2928 1668 2980 ἑαυτοῦ
1689 2968 1703 2991 ,
1737 2927 1894 2996 δῆλον
1928 2928 2009 2982 ὅτι

418 3022 521 3072 οὐκ
565 3020 631 3085 ἐξ
657 3023 762 3071 οὐκ
805 3018 994 3083 όντων,
1030 3018 1151 3071 οὐδὲ
1200 3015 1266 3090 ἦν
1315 3035 1467 3082 ποτε,
1513 3020 1598 3072 ὅτε
1629 3021 1726 3071 οὐκ
1758 3015 1845 3089 ἦν.
1893 3020 2002 3072 Ἀεὶ

2069 2097 2138 2153 sit
2188 2098 2413 2152 alterius
2474 2095 2653 2150 Pater.

2104 1918 2312 1973 unitate
2337 1913 2577 1968 Verbum
2605 1927 2726 1968 esse
2750 1911 3020 1974 concedit,
3051 1910 3144 1964 sed
3178 1907 3494 1976 simpliciter
3546 1903 3688 1958 Patri

2106 2007 2342 2062 Verbum
2395 2004 2510 2058 vult
2572 2017 2695 2058 esse
2744 2001 3099 2072 conjunctum
3163 2007 3219 2052 et
3273 1997 3686 2069 agglutinatutn,

2739 2093 2995 2163 [demque
3079 2091 3346 2161 contingit
3456 2087 3524 2143 de
3596 2102 3691 2156 po-

2664 2299 2744 2353 Ea:
2771 2300 2950 2352 eodeni
2984 2298 3138 2350 libro.

2181 2395 2330 2450 Deus
2370 2404 2466 2449 aut
2497 2393 2714 2462 sapiens
2762 2402 2862 2457 est,
2901 2406 3006 2446 nec
3037 2391 3266 2455 ratione,
3293 2406 3389 2444 seu
3421 2393 3687 2458 oratione,

2109 2495 2203 2540 aut
2235 2485 2414 2540 Verbo
2441 2497 2608 2550 caret,
2639 2494 2732 2539 aut
2759 2492 2950 2538 contra
2983 2481 3269 2550 insipiens,
3305 2490 3358 2535 et
3385 2482 3564 2538 Verbo
3597 2501 3690 2540 ca-

2113 2561 2260 2631 rens.
2298 2579 2414 2631 [loc
2444 2578 2485 2630 si
2526 2576 2862 2636 admiserint,
2894 2575 3075 2628 statim
3102 2588 3199 2641 per
3231 2589 3288 2628 se
3315 2582 3374 2627 ut
3402 2575 3705 2630 absurdis-‘

2112 2667 2309 2720 simum
2339 2674 2579 2721 corruet.
2619 2666 2712 2719 Sin
2743 2663 2874 2718 illud
2906 2650 3300 2726 concesserint,
3323 2663 3694 2732 interrogandi

2109 2765 2256 2824 sunt,
2284 2759 2558 2826 quomodo
2603 2757 2820 2826 sapiens
2847 2759 2934 2826 sit,
2967 2772 3034 2810 ne
3067 2757 3242 2811 Verbo
3267 2768 3468 2810 careat.
3503 2757 3692 2811 Utrum

2109 2851 2468 2916 extrinsecus,
2498 2865 2564 2905 an
2625 2865 2699 2904 ex
2739 2863 2799 2903 se
2847 2847 3086 2903 Verbum
3143 2857 3196 2902 et
3239 2849 3558 2917 sapientiam
3597 2849 3698 2903 ha—

2108 2944 2310 2998 buerit.
2335 2942 2468 2998 Nam
2501 2945 2546 2998 si
2583 2946 2947 3007 extrinsecus,
2982 2941 3215 2998 Verbum
3249 2941 3323 2998 illi
3352 2951 3408 2997 ut
3451 2941 3695 2999 additam

2117 3044 2174 3090 et
2221 3035 2617 3108 agglutinatum
2680 3035 3001 3103 adhaerebit,
3055 3046 3110 3090 et
3167 3038 3284 3106 ipse
3327 3037 3480 3106 prius
3531 3054 3696 3106 quam

418 3113 528 3182 γὰρ
574 3106 690 3180 ἦν·
744 3111 868 3180 ἐπεὶ
933 3111 1028 3162 καὶ
1073 3104 1133 3162 οὗ
1195 3115 1342 3164 ἐστιν
1393 3111 1579 3178 εἰκὼν,
1624 3114 1708 3166 ἀεὶ
1754 3113 2009 3182 ὑπάρχει.

2121 3104 2697 3198 illudvassequeretur,
2749 3128 3012 3199 insipiens
3059 3104 3199 3182 erat:
3229 3138 3283 3182 et
3329 3104 3448 3183 sine
3499 3104 3696 3184 Verbo.

432 3200 559 3252 Ἐὰν
592 3200 649 3251 δὲ
677 3199 935 3264 λέγωσιν,
965 3200 1046 3252 ὅτι
1076 3201 1238 3267 σοφὸς
1270 3202 1369 3270 μέν
1394 3203 1531 3265 ἐστι,
1564 3203 1656 3254 καὶ
1680 3204 1779 3254 οὐκ
1801 3202 2014 3270 ἄλογος,

421 3298 566 3350 ἰδίαν
593 3297 650 3350 δὲ
679 3297 796 3366 ἔχει
822 3300 878 3350 ἐν
907 3297 1086 3366 ἐαυτῷ
1118 3299 1331 3366 σοφίαν,
1363 3303 1457 3352 καὶ
1481 3298 1608 3351 ἴδιον
1622 3300 1814 3368 Λόγον,
1841 3299 1898 3350 οὔ
1926 3297 2016 3350 τὸν

421 3388 665 3459 Χρςστὸν
707 3388 787 3450 δὲ,
841 3386 976 3438 ἀλλὰ
1021 3389 1078 3437 ὲν
1209 3387 1305 3438 καὶ
1348 3386 1438 3439 τὸν
1482 3385 1716 3456 Χριστὸν
1768 3385 2014 3458 ἐποίησε,

423 3481 656 3532 λεκτέον
685 3483 769 3532 ὅτι
803 3480 852 3531 εί
876 3480 904 3531 6
935 3478 1167 3548 Χριστὸς
1201 3480 1258 3533 ἐν
1294 3478 1490 3550 ἐκείνῳ
1521 3478 1598 3547 τῷ
1615 3481 1774 3548 Λόγῳ
1806 3477 2018 3544 γέγονε,

435 3572 600 3638 δῆλον
647 3574 730 3625 ὅτι
760 3573 857 3626 καὶ
895 3573 964 3627 τὰ
1015 3574 1226 3629 πάιτα·
1281 3575 1372 3624 καὶ
1412 3572 1572 3634 αὐτὸς
1608 3570 1673 3624 ἂν
1722 3571 1830 3639 εἴη,
1890 3569 2021 3639 περὶ

449 3654 514 3713 ὦ
567 3663 706 3729 λέγει
742 3667 770 3717 6
825 3663 1100 3735 Ἰωάννης,
1158 3665 1360 3719 Πάντα
1401 3665 1476 3717 δι’
1516 3663 1705 3718 αὐτοῦ
1753 3663 2015 3731 ἐγένετο.

462 3756 571 3806 Καὶ
617 3757 642 3806 6
669 3755 960 3827 Ψαλμῳδδς
1011 3757 1088 3820 δὲ,
1129 3758 1330 3810 Πάντα
1359 3756 1428 3808 ἐν
1469 3756 1657 3824 σοφίᾳ
1704 3755 2018 3822 ἐποίησας.

450 3848 812 3916 Εὑρεοήσεται
848 3850 904 3902 δὲ
946 3852 974 3904 6
1004 3850 1238 3920 Χριστὸς
1270 3849 1600 3918 ψευδόμενος
1627 3849 1821 3916 λέγων,
1874 3848 2022 3918 Ἐγὼ

433 3939 508 3988 ἐν
554 3936 630 4002 τῷ
678 3940 886 4008 Πατρὶ,
924 3939 1076 4000 ὄντος
1119 3939 1308 4009 ἑτέρου
1355 3941 1413 3993 ὲν
1446 3940 1521 4005 τῷ
1567 3939 1759 4009 Πατρί.
1809 3939 1917 3992 Καὶ
1939 3939 2022 4006 τὸ,

444 4030 498 4081 Ὀ
525 4031 724 4099 Λόγος
748 4031 904 4100 σὰρξ
926 4025 1184 4100 ἐγένετο,
1215 4032 1312 4083 οὐκ
1339 4032 1538 4100 ἀληθὲς
1563 4032 1684 4084 κατ’
1708 4031 1927 4093 αὐτούς.
1957 4031 2023 4086 Ei

433 4120 548 4190 γὰρ
585 4123 643 4172 ὲν
684 4113 731 4188 ᾧ
767 4121 838 4174 τὰ
868 4123 1046 4175 πάντα
1079 4121 1318 4188 ἐγένετο,
1356 4121 1515 4182 αὐτὸς
1551 4120 1769 4189 ἐγένετο
1801 4120 1961 4191 σὰρξ,
1995 4121 2023 4174 6

427 4213 486 4266 δὲ
519 4212 762 4284 Χριστὸς
788 4214 888 4266 οὐκ
916 4213 1061 4267 ἔστιν
1085 4213 1113 4266 6
1143 4215 1202 4268 ὲν
1230 4213 1308 4283 τῷ
1342 4213 1518 4283 Πατρὶ
1547 4215 1738 4282 Λόγος,
1771 4214 1840 4266 δι’
1871 4211 1931 4267 οὗ
1957 4214 2023 4266 τὰ

429 4307 620 4360 πάντα
659 4305 899 4373 ἐγένετο.
947 4307 1059 4374 ἄρα
1091 4309 1117 4359 ὁ
1160 4306 1336 4374 Λόγος
1373 4307 1432 4358 οὐ
1482 4307 1671 4373 γέγονε
1710 4306 1866 4377 σὰρξ,
1908 4305 2026 4360 ἀλλ’

430 4397 570 4458 ἴσως
599 4393 898 4464 ὠνομάσθη
927 4398 1099 4464 Λόγος
1121 4399 1148 4448 6
1173 4398 1425 4466 Χριστός.
1458 4398 1565 4450 Καὶ
1588 4399 1635 4450 εἰ
1666 4396 1844 4462 τοῦτο,
1874 4397 2025 4468 πρῶο

428 4505 528 4541 τον
569 4488 674 4557 μὲν
705 4488 858 4551 ἄλλος
902 4489 966 4542 ἂν
999 4490 1085 4558 εἴη
1120 4489 1270 4562 παρὰ
1304 4490 1363 4539 τὸ
1400 4491 1570 4558 ὄνομα
1594 4503 1608 4516 '
1643 4491 1831 4543 ἔπειτα
1858 4490 1918 4543 οὺ
1959 4489 2024 4542 δι’

433 4581 611 4635 αὐτοῦ
646 4582 864 4650 ἐγένετο
892 4582 958 4634 τὰ
991 4583 1191 4648 πάντα,
1228 4582 1343 4636 ἀλλ’
1381 4585 1440 4634 ἐν
1479 4583 1691 4652 ἐκείνῳ,
1721 4584 1778 4634 ὲν
1806 4575 1850 4650 ᾧ
1883 4584 1974 4634 καὶ
1999 4582 2026 4634 6

434 4675 703 4744 Χριστός.
757 4674 819 4728 Εἰ
856 4674 913 4728 δὲ
957 4676 1189 4745 φήσαιεν
1219 4677 1308 4744 εὼς
1354 4676 1618 4742 ποιότητα
1662 4669 1802 4728 εἶναι
1851 4675 1910 4728 ὲν
1950 4674 2027 4743 τῷ

444 4769 630 4837 lla.sz
665 4767 764 4837 τὴν
799 4768 1012 4834 σοφίαν,
1047 4768 1080 4837 ἢ
1112 4768 1443 4836 αὑτοσοῃίαν
1477 4764 1637 4829 εἶναι,
1671 4768 2030 4837 ἀκολουθήσει

439 4863 512 4913 τὰ
557 4859 774 4923 ἄτοπα,
808 4861 876 4914 τὰ
906 4862 964 4912 ἐν
1002 4863 1115 4922 τοῖς
1157 4861 1469 4929 ἔμπροσθεν
1509 4860 1798 4931 εἰρημένα.
1839 4860 2031 4914 Ἔσται

441 4953 558 5022 γὰρ
589 4951 861 5018 σὺνθετος,
895 4955 988 5006 καὶ
1023 4955 1183 5017 αὐτὸς
1209 4954 1405 5008 ἑαυτοῦ
1436 4955 1562 5018 Υἱῖς
1611 4957 1704 5008 καὶ
1733 4953 1924 5024 Πατὴρ
1947 4970 2032 5021 γι-

443 5047 700 5110 νόμενος.
749 5047 891 5118 Πλὴν
930 5049 1253 5115 ἐλεγκτέον,
1289 5048 1385 5100 καὶ
1417 5048 1766 5118 δυσωπητέον
1799 5048 2032 5110 αὐτοὺς,

442 5141 532 5191 ὅτι
566 5140 596 5190 6
628 5141 686 5192 ὲν
717 5141 792 5209 τῷ
835 5141 956 5212 Θεῷ
985 5141 1157 5206 Λόγος
1191 5143 1290 5194 οὐκ
1319 5140 1386 5196 ἂν
1429 5141 1513 5210 εἴη
1542 5141 1785 5209 κτίσμα,
1823 5139 1941 5193 οὐδὲ
1970 5141 2033 5191 ὲκ

443 5235 544 5285 τοῦ
579 5231 654 5300 μὴ
685 5232 846 5295 ὖντος
866 5233 1018 5296 ὄντος
1045 5233 1104 5285 δὲ
1134 5232 1282 5298 ἅπαξ
1310 5233 1368 5284 ὲν
1397 5233 1516 5301 Θεῷ
1547 5233 1740 5300 Λόγου,
1772 5232 1930 5294 αὐτὸς
1966 5232 2032 5284 ἂν

443 5326 535 5392 εἴη
577 5324 606 5375 6
635 5325 888 5394 Χριστὸς,
924 5326 954 5375 6
991 5324 1180 5391 λέγων,
1229 5325 1373 5391 Ἐγὼ
1411 5325 1478 5376 ἐν
1508 5324 1587 5389 τῷ
1618 5325 1822 5391 Harii,
1863 5325 1959 5378 καὶ
1997 5327 2029 5378 d

447 5415 655 5482 Πατὴρ
712 5418 783 5470 ἐν
826 5416 982 5484 ἐμοὶ,
1037 5417 1064 5467 6
1106 5417 1194 5470 δὰ
1241 5415 1396 5468 τοῦτο
1442 5417 1538 5468 καὶ
1587 5415 1881 5486 μονογενὴς
1931 5415 2026 5470 ῶν.

459 5507 682 5580 Ἐπειδὴ
709 5510 812 5562 οὐκ
842 5507 1004 5568 ἄλλος
1033 5524 1116 5570 τις
1146 5506 1212 5572 ἐξ
1240 5508 1404 5560 αὐτοῦ
1435 5508 1726 5577 ἐγεννήθη.
1759 5504 1848 5571 Εἷς
1879 5501 2033 5571 οὗτος

450 5599 600 5665 Υἱὸς,
625 5601 684 5664 ὃς
713 5601 838 5653 ἐστι
867 5597 1062 5666 Λόγος,
1097 5599 1277 5666 σοφία,
1305 5597 1553 5669 δύναμις.
1589 5597 1665 5651 υύ
1699 5597 1807 5668 γὰρ
1840 5597 2030 5652 σύνθε-

523 5742 538 5771 ⁸
566 5741 730 5798 Joan.
791 5754 831 5800 ι,
864 5734 920 5788 5.
1026 5735 1046 5765 ²
1073 5735 1210 5791 l’sal.
1249 5752 1297 5802 χ,
1328 5735 1418 5791 24.

2123 3224 2215 3279 Sin
2249 3239 2315 3278 ex
2349 3239 2431 3288 se,
2461 3222 2804 3292 perspicuum
2837 3221 3085 3285 est,illud
3119 3236 3226 3273 non
3259 3236 3322 3274 ex
3356 3220 3525 3274 nihilo
3561 3237 3698 3274 cort-

2121 3318 2344 3380 stitisse,
2404 3332 2581 3385 neque
2634 3314 2803 3392 fuisse
2863 3329 3121 3381 unquam,
3177 3329 3299 3366 eum
3344 3329 3452 3366 nou
3511 3324 3696 3378 esset;

2120 3426 2338 3480 semper
2369 3410 2513 3462 enim
2548 3407 2666 3472 fuit,
2700 3407 2954 3474 quoniam
2991 3416 3043 3460 et
3077 3407 3144 3470 is,
3195 3406 3351 3475 cujus
3375 3405 3549 3475 imago
3591 3414 3697 3464 est.

2120 3515 2334 3569 semper
2361 3507 2462 3552 est.
2498 3498 2651 3564 Quod
2683 3498 2726 3551 si
2761 3497 3022 3556 dixerint.
3071 3495 3241 3549 Deum
3286 3495 3505 3563 quidem
3574 3511 3698 3548 esse

2123 3596 2447 3665 sapientem,
2482 3608 2590 3647 nec
2619 3589 2800 3645 Verbo
2841 3604 3054 3654 vacare,
3083 3591 3175 3641 sed
3209 3587 3480 3656 prOpI-iam
3515 3588 3566 3639 in
3612 3602 3702 3640 se-

2124 3689 2242 3757 ipso
2312 3685 2634 3755 sapientiam
2691 3692 2746 3736 et
2787 3681 3072 3751 proprium
3125 3678 3361 3734 Verbum
3427 3680 3697 3741 obtinere,

2122 3776 2266 3847 quod
2299 3785 2480 3830 tauteu
2523 3791 2629 3827 non
2667 3775 2738 3826 sit
2766 3773 3040 3833 Christus,
3085 3785 3210 3824 cum
3240 3771 3294 3823 in
3325 3785 3390 3824 eo
3421 3771 3699 3824 Christum

2125 3871 2288 3925 etiam
2333 3868 2568 3931 fecerit;
2608 3864 3044 3936 respondendum
3100 3863 3223 3926 erit,
3267 3863 3311 3915 si
3362 3862 3612 3917 Christus
3648 3864 3698 3916 in

2127 3962 2216 4017 illo
2251 3961 2428 4016 factus
2453 3970 2556 4020 est,
2590 3970 2645 4014 et
2679 3957 2858 4010 omnia
2894 3955 3148 4008 nimirum
3193 3953 3245 4006 in
3283 3953 3373 4006 illo
3425 3953 3594 4007 fuisse
3627 3955 3703 4006 ίει-

2126 4064 2232 4116 cta,
2272 4063 2328 4108 et
2356 4065 2477 4106 esse
2518 4049 2754 4104 Verbum
2802 4047 2952 4108 illud,
2980 4045 3046 4100 de
3075 4060 3180 4114 quo
3216 4053 3268 4098 et
3293 4045 3550 4106 Joannes,
3581 4043 3703 4098 Oru-

2128 4144 2239 4208 nia,
2274 4142 2472 4211 inquit,
2500 4157 2590 4209 per
2622 4141 2790 4208 ipsum
2828 4138 2973 4206 facta
3001 4145 3122 4189 sunt
3152 4137 3164 4166 ‘
3195 4151 3214 4189 :
3251 4143 3304 4189 et
3341 4135 3506 4187 David
3529 4175 3542 4197 ,
3581 4136 3703 4211 0m-

2126 4233 2455 4300 nia,iuquit,
2504 4231 2558 4282 in
2608 4228 2872 4297 sapientia
2931 4223 3173 4295 fecisti’.
3220 4222 3378 4287 Quod
3433 4223 3480 4274 si
3559 4220 3702 4276 aliud

2129 4323 2363 4377 Verbum
2395 4316 2448 4373 in
2483 4320 2636 4373 Patre
2681 4319 2774 4382 sit,
2801 4317 3050 4372 Christus
3109 4313 3340 4367 mendax
3394 4313 3703 4381 (lt-prehen-

2128 4418 2306 4480 detur,
2355 4429 2478 4467 cum
2540 4411 2710 4466 dicit:
2747 4409 2857 4479 Ego
2904 4411 2957 4462 in
2997 4408 3180 4470 Patre,
3211 4417 3259 4459 et
3316 4405 3478 4461 Pater
3538 4407 3590 4458 in
3627 4423 3707 4458 me

2063 4502 2099 4553 ῐ)
2132 4517 2204 4561 est
2246 4507 2286 4560 ⁸.
2342 4505 2474 4559 lllttd
2527 4512 2658 4558 item
2731 4502 2923 4554 falsum
2973 4515 3093 4553 esse
3141 4498 3432 4556 constabit:
3487 4497 3706 4554 Verbum

2127 4615 2252 4652 caro
2309 4601 2508 4664 factum
2563 4605 2636 4648 est
2673 4595 2715 4646 ‘.
2748 4593 2907 4654 Nam,
2939 4593 3000 4655 si;
3043 4591 3298 4651 Verbum,
3340 4591 3392 4643 in
3429 4607 3536 4659 quo
3565 4589 3706 4644 facta

2128 4695 2255 4742 sunt
2283 4685 2487 4746 omnia,
2545 4683 2744 4737 factum
2773 4689 2856 4734 est
2889 4696 3040 4745 caro,
3093 4681 3341 4733 Christus
3384 4688 3563 4731 autem
3600 4693 3707 4732 non

2131 4785 2215 4830 est
2247 4775 2484 4832 Verbum
2531 4773 2658 4826 illud
2688 4787 2718 4825 a
2764 4771 2945 4832 Patre,
2990 4785 3086 4839 per
3141 4768 3287 4837 quod
3335 4768 3519 4821 omnia
3569 4768 3705 4822 iacta

2131 4876 2280 4931 sunt,
2313 4865 2546 4921 Verbum
2582 4865 2764 4933 utique
2788 4879 2914 4917 caro
2942 4863 3138 4916 factum
3175 4875 3285 4914 non
3311 4871 3412 4920 est,
3443 4861 3537 4915 sed
3573 4860 3709 4912 forte

2132 4959 2385 5012 Christus
2418 4955 2729 5008 nominatus
2763 4961 2846 5005 est
2894 4950 3158 5005 Verbum.
3216 4949 3288 5003 Ex
3315 4964 3422 5018 quo
3474 4947 3708 5017 pritutttu

2134 5050 2402 5119 sequitur,
2442 5056 2501 5102 ut
2527 5046 2672 5099 aliud
2701 5045 2793 5108 sit,
2823 5059 2989 5112 quam
3031 5057 3230 5097 nomen
3281 5040 3508 5102 iudicat,
3553 5040 3709 5094 dein-

2133 5144 2220 5204 de,
2257 5154 2316 5196 ut
2342 5157 2449 5196 nou
2483 5155 2577 5208 per
2603 5139 2780 5208 ipsum
2809 5137 2950 5192 facta
2983 5136 3095 5190 sint
3130 5137 3338 5200 omnia,
3372 5134 3468 5187 sed
3501 5133 3556 5185 in
3589 5133 3700 5190 illo.

2134 5235 2188 5286 in
2225 5247 2332 5302 quo
2373 5243 2428 5285 et
2459 5231 2733 5284 Christus.
2766 5228 2921 5294 Quod
2963 5227 3005 5280 si
3036 5225 3383 5296 sapientiam,
3416 5232 3510 5275 aut
3537 5221 3708 5289 ipsam

2141 5325 2467 5393 sapientiam
2501 5321 2816 5390 qualitatem
2849 5333 2973 5373 esse
3009 5317 3244 5373 dixerint
3275 5317 3329 5369 in
3385 5314 3495 5368 Deo
3526 5311 3706 5369 Patre.

2139 5417 2354 5476 eadem,
2397 5429 2514 5483 quae
2555 5428 2717 5482 supra
2756 5412 2898 5466 dicta
2935 5420 3082 5471 sunt,
3125 5405 3470 5463 incommoda
3517 5417 3710 5465 conse-

2143 5516 2403 5577 quentur,
2435 5513 2575 5560 utet
2607 5504 2944 5574 compositus
2991 5501 3078 5565 sit,
3121 5510 3175 5554 et
3205 5501 3320 5566 ipse
3369 5493 3540 5562 ipsius
3598 5501 3709 5542 tum

2135 5596 2329 5667 Filius,
2360 5593 2686 5670 tumPatcr.
2717 5593 2970 5646 Attamen
3014 5605 3109 5644 eos
3170 5587 3294 5642 inde
3343 5581 3598 5651 redargui
3656 5591 3710 5634 et

1522 5734 1541 5764 ³
1567 5733 1725 5789 Juau.
1794 5749 1903 5799 xiv,
1940 5732 2025 5787 10.
2103 5731 2122 5762 ⁸
2154 5731 2310 5785 Juan.
2345 5745 2385 5794 ι,
2415 5727 2500 5784 Ἠ.
