4126 6400
357 462 748 535 ὑπερύψωσεν.
779 463 867 518 Ἕν
891 464 1170 538 ἀνθρώπῳ
1190 468 1300 541 γὰρ
1325 467 1399 525 ὢν
1424 471 1453 524 6
1478 470 1649 540 Λόγος

359 555 552 627 ὐψωσε
581 554 677 608 τὸν
708 555 1002 628 ἄνθρωπον
1022 576 1035 589 ·
1063 561 1154 613 καὶ
1178 562 1235 614 ὲν
1265 560 1534 635 ἀνθρώπῳ
1559 564 1710 629 ὄντος
1735 566 1826 619 τοῦ
1855 567 1961 621 Λό-

369 665 484 717 (ou,
509 645 712 700 ἐλαϐεν
735 647 767 698 6
791 646 1101 719 ἄνθρωπος.
1146 650 1298 704 Ἐπεὶ
1329 647 1423 705 οὖν
1449 653 1545 706 τοῦ
1588 654 1762 722 Λόγου
1805 654 1959 720 ὗντος

359 742 422 794 ὲν
452 737 624 809 σαρκὶ
642 779 659 803 ,
698 737 891 809 ὑψώθη
910 741 938 793 6
970 740 1255 812 ἅνθρωπος
1279 782 1294 807 ,
1331 744 1425 797 καὶ
1453 743 1644 799 ἔλαϐεν
1672 745 1916 813 ἐξουσίαν
1939 763 1956 781 ο

358 830 454 884 διὰ
477 829 642 882 τοῦτο
670 831 754 893 εις
783 828 878 882 τὸν
921 830 1098 898 Λόγον
1150 832 1483 906 ἀναφέρεται
1526 836 1698 890 ταῦτα
1719 880 1731 900 ,
1770 838 1957 912 ἐπειδὴ

361 923 430 977 δι’
457 921 625 976 αὑτὸν
650 921 809 994 ἐδόθη
829 940 842 954 ·
865 922 954 976 διὰ
973 922 1087 994 γὰρ
1107 923 1199 978 τὸν
1225 927 1282 978 ὲν
1311 926 1582 999 ἀνθρώπῳ
1605 929 1776 999 Λόγον
1801 930 1954 1003 ἐδόθη

367 1013 536 1068 ταῦτα
567 1013 640 1067 τὰ
662 1013 1004 1085 χαρίσματα.
1040 1015 1149 1068 Καὶ
1178 1016 1368 1090 ὥσπερ
1391 1020 1420 1072 6
1456 1019 1629 1090 Λόγος
1670 1022 1805 1095 σὰρξ
1836 1023 1959 1092 ἐγέ-

378 1123 512 1170 νετο,
544 1105 700 1158 οὕτω
748 1106 848 1159 καὶ
879 1106 908 1157 6
947 1105 1234 1178 ἄνθρωπος
1276 1107 1345 1161 τὰ
1377 1109 1465 1162 διὰ
1509 1111 1603 1164 τοῦ
1650 1113 1825 1182 Λόγου
1876 1113 1954 1167 εῖ-

375 1200 522 1270 ληφε.
549 1197 746 1253 Πάντα
793 1197 904 1268 γὰρ
935 1199 1037 1251 ὅσα
1076 1199 1106 1251 6
1153 1198 1438 1272 ἄνθρωπος
1473 1199 1697 1273 εἴληφεν
1722 1243 1736 1266 ,
1777 1206 1805 1257 6
1849 1207 1952 1259 Λό-

368 1308 462 1356 γος
631 1288 854 1359 λέγεται
876 1289 1155 1361 εἰληφέναι
1174 1307 1189 1323 ο
1218 1291 1306 1345 ἵνα
1329 1291 1534 1364 δειχθῇ,
1567 1293 1649 1346 ὅτι
1685 1292 1785 1346 οὐκ
1807 1291 1953 1357 ἄξιος

361 1384 442 1438 ὒν
464 1385 495 1437 6
529 1385 822 1458 ἄνθρωπος
852 1387 1060 1451 λαϐεῖν,
1093 1389 1216 1442 ὅσον
1239 1387 1373 1461 ἧκεν
1414 1392 1494 1454 εἰς
1518 1392 1619 1464 τὴν
1652 1390 1816 1446 αὑτοῦ
1853 1393 1955 1461 φύ-

361 1491 476 1539 σιν,
510 1476 666 1547 ὅμως
695 1477 784 1531 διὰ
832 1477 927 1531 τὸν
964 1479 1254 1549 γενόμενον
1289 1481 1466 1553 σάρκα
1493 1484 1662 1552 Λόγον
1708 1485 1949 1556 εἴληφεν.

361 1566 533 1620 ’Ὅθεν
557 1567 656 1620 ὲάν
681 1587 734 1622 τι
759 1569 984 1640 λέγηται
1011 1570 1249 1625 δίδοσθαι
1271 1572 1349 1643 τῷ
1379 1573 1590 1644 Κυρίῳ,
1619 1575 1652 1645 ἦ
1693 1593 1745 1628 τι
1777 1575 1950 1629 τοιοῦρ

355 1676 476 1720 τον,
515 1665 659 1713 νοεῖν
683 1661 767 1715 δεῖ
800 1662 874 1732 μὴ
912 1664 1060 1734 αὐτῷ
1087 1655 1165 1727 ὥς
1211 1665 1468 1737 χρῄζοντι
1683 1664 1947 1729 δίδοσθαι,

355 1751 497 1804 ἀλλὰ
522 1751 606 1822 τῷ
631 1752 902 1824 ἀνθρώπῳ
924 1755 1011 1808 διὰ.
1038 1755 1132 1808 τοῦ
1165 1757 1339 1825 Λόγου
1397 1758 1506 1811 Καὶ
1543 1758 1651 1830 γὰρ
1683 1759 1794 1821 πᾶς
1815 1775 1948 1829 πρε-

1281 358 1656 420 PANOPLiA
1691 360 2153 423 DOGMATICA.
2189 385 2260 398 ·-
2298 362 2450 423 ΤΙΤ.
2497 362 2604 422 ΧΙ.

3529 361 3638 424 346

1791 474 1962 547 ὑπερ-
1982 479 2023 532 Α
2047 479 2139 548 qui
2172 479 2287 534 haec
2311 479 2612 550 acciperet;
2645 494 2747 537 nec
2767 479 2894 535 item
2923 495 3123 551 purum
3143 476 3382 534 Verbum
3409 478 3494 534 his
3517 494 3636 548 pos-

2047 581 2130 627 set
2161 571 2402 642 indigere
2433 590 2447 627 :
2479 571 2834 640 conjunctum
2861 571 3026 642 igitur
3057 571 3216 626 nobis
3240 581 3324 626 est
3351 569 3630 637 Verbum,

2050 671 2286 731 tuncque
2311 678 2409 718 nos
2433 662 2719 732 potestatis
2745 664 3036 734 participes
3074 664 3308 719 reddidit
3341 673 3394 718 et
3422 664 3630 718 exalta-

2049 755 2143 807 vit.
2171 753 2405 809 Verbum
2425 755 2693 824 siquidem
2719 756 2772 809 in
2800 757 3021 811 homine
3041 757 3330 818 exsistens,
3353 757 3628 810 hominem

2048 846 2310 901 exaltavit
2343 865 2356 901 :
2399 857 2453 901 et
2485 845 2663 902 Verbo
2695 849 2823 902 item
2856 848 2910 902 in
2949 847 3169 904 homine
3210 848 3507 904 exsistente
3541 864 3634 903 ac-

2051 939 2194 1009 cepit
2215 940 2398 993 homo.
2423 938 2561 1006 Quia
2587 955 2716 1010 ergo
2736 938 2916 994 Verbo
2943 941 2995 993 in
3016 956 3180 994 carne
3204 939 3522 1003 exsistente,
3543 955 3639 993 ex-

2050 1032 2252 1086 altatus
2277 1032 2440 1085 homo
2463 1039 2566 1098 est,
2587 1040 3022 1100 potestatemque
3047 1030 3276 1100 accepit,
3297 1030 3502 1083 idcirco
3532 1029 3635 1083 ista

2051 1123 2118 1178 ad
2141 1122 2379 1179 Verbum
2397 1121 3191 1193 referuntur,'quandoquidem
3213 1131 3429 1192 propter
3453 1121 3632 1191 ipsum

2052 1219 2176 1272 data
2204 1230 2351 1274 sunt.
2392 1219 2518 1275 Haec
2546 1220 2692 1274 enim
2729 1219 2870 1273 dona
2905 1225 3126 1287 propter
3172 1213 3411 1270 Verbum
3446 1215 3498 1267 in
3530 1215 3631 1280 ho,—

2052 1311 2200 1365 mine
2229 1311 2497 1366 exsistens
2537 1326 2794 1366 concessa
2827 1317 2973 1365 sunt.
3004 1308 3156 1362 Unde
3171 1307 3630 1378 quemadmodum
3742 1327 3748 1338 ’

2064 1391 2299 1448 Verbum
2327 1410 2458 1449 caro
2487 1395 2686 1449 factum
2717 1405 2798 1450 est
2827 1413 2840 1448 :
2875 1394 2946 1448 ita
2974 1405 3028 1448 et
3063 1394 3232 1448 homo
3253 1409 3374 1464 qua:
3397 1396 3626 1464 accepit,

2056 1498 2151 1552 per
2181 1482 2416 1538 Verbum
2447 1485 2674 1555 accepit.
2703 1483 2895 1538 Omnia
2919 1485 3063 1538 enim
3094 1500 3215 1554 qua)
3254 1484 3416 1538 homo
3468 1499 3627 1539 acce-

2053 1575 2155 1643 pit,
2191 1573 2428 1630 Verbum
2468 1578 2744 1647 accepisse
2766 1577 2964 1631 dicitur
2996 1595 3009 1630 :
3055 1587 3113 1630 ut
3162 1575 3413 1630 videlicet
3443 1586 3627 1630 osten-

2053 1669 2292 1733 deretur,
2323 1670 2582 1739 quoniam
2617 1671 2778 1722 homo
2806 1683 2904 1738 pro
2932 1683 3044 1723 sum
3083 1677 3288 1721 naturae
3317 1667 3628 1722 conditione

2053 1760 2250 1830 dignus
2282 1777 2386 1814 non
2428 1769 2590 1823 essm,
2641 1763 2732 1830 qui
2804 1761 2892 1814 illa
2926 1761 3214 1830 acciperet,
3248 1775 3341 1830 per
3387 1758 3624 1814 Verbum

358 1839 576 1893 σϐεύων
601 1842 740 1912 ὑπὲρ
757 1842 940 1904 ἄλλου.
957 1844 1121 1908 αὐτὸς
1140 1845 1236 1916 τὴν
1253 1846 1412 1917 χάριν
1434 1847 1720 1918 λαμϐάνει,
1738 1849 1797 1901 οὐ
1822 1847 1942 1921 χρῄ-

2054 1868 2273 1906 carnem
2317 1851 2543 1916 factum,
2580 1868 2642 1905 ea
2698 1853 2848 1906 illum
2902 1853 3194 1921 accepisse.
3254 1850 3521 1916 Quocirca
3578 1849 3624 1904 si

358 1933 488 1998 ζων,
530 1934 674 1988 ἀλλὰ
696 1935 784 1989 διὰ
813 1937 904 1989 τὸν
937 1938 1077 2008 ὑπὲρ
1111 1931 1172 1992 οὗ
1209 1941 1522 2010 πρεσϐεύει.
1597 2001 1602 2007 ,

2059 1945 2186 2014 quid
2213 1944 2447 1998 Domino
2477 1945 2660 1998 datum
2686 1960 2824 2007 esse,
2857 1944 2939 1998 vel
2997 1943 3198 2013 aliquid
3244 1942 3622 2012 hujuscemodi

351 2025 582 2089 dicitur,
615 2027 1021 2096 intelligendum
1053 2038 1269 2083 estnon
1304 2031 1353 2084 ei
1390 2041 1648 2100 tanquam
1679 2030 1941 2102 indigenti
1978 2033 2152 2089 fuisse
2203 2037 2411 2099 datum,
2471 2035 2562 2088 sed
2602 2033 2808 2087 homini
2855 2049 2948 2102 per
2990 2033 3165 2102 ipsum
3209 2030 3468 2086 Verbum.
3499 2029 3624 2083 Ele-

352 2117 468 2171 nim
503 2116 761 2186 quisquis
788 2133 886 2186 pro
919 2118 1025 2171 alio
1055 2118 1356 2184 intercedit,
1399 2122 1629 2190 gratiam
1684 2122 1798 2190 ipse
1844 2122 2063 2191 accipit,
2099 2140 2203 2176 non
2250 2123 2376 2192 quia
2407 2123 2665 2192 indigeat,
2697 2123 2789 2177 sed
2831 2131 3048 2192 propter
3085 2122 3232 2176 illum
3271 2122 3428 2190 cujus
3455 2135 3621 2176 causa

351 2209 670 2262 intercedit.

515 2301 737 2369 Ὥσπερ
763 2301 872 2370 γὰρ
901 2298 1002 2362 τὰς
1028 2300 1314 2365 ἀσθενείας
1489 2302 1650 2373 ἡμῶν
1677 2302 1943 2374 λαμϐάνει

353 2392 452 2445 οὺχ
479 2389 754 2454 ἀσθενῶν,
790 2391 884 2444 καὶ
929 2393 1088 2461 πεινᾷ
1134 2392 1194 2474 eti
1235 2393 1456 2458 πεινῶν,
1501 2393 1638 2448 ἀλλὰ
1675 2395 1745 2448 τὰ
1786 2395 1942 2464 ἡμῶν

348 2483 676 2552 ἀναπέμπει
712 2483 792 2544 εἰς
822 2482 882 2534 τὸ
916 2479 1298 2553 ἐξαλειφθῆναι
1319 2501 1336 2516 ⁸
1372 2483 1515 2538 οὔτω
1552 2483 1652 2548 τὰς
1685 2485 1804 2538 ἀντὶ
1833 2485 1943 2539 τῶν

345 2573 652 2628 ἀσθενειῶν
829 2573 983 2644 παρὰ
1001 2572 1136 2625 Θεοῦ
1167 2574 1376 2646 δωρεὰς
1413 2575 1576 2628 πάλιν
1609 2576 1772 2638 αὐτὸς
1800 2576 1945 2646 δέχε-

343 2682 456 2730 ται,
483 2666 574 2718 ῐνα
606 2665 901 2733 συναφθεὶς
930 2665 1214 2736 ἄνθρωπος
1245 2667 1570 2736 μεταλαϐεῖν
1597 2667 1820 2739 δυνηθῇ.
1849 2667 1942 2721 Λέ-

341 2771 430 2824 γει
463 2753 606 2823 γοῦν
644 2755 674 2807 6
731 2755 962 2824 Κύριος·
1018 2754 1220 2809 Πάντα
1261 2756 1380 2810 ὅσα
1405 2757 1668 2824 δέδωκάς
1687 2775 1812 2828 μοι,
1848 2757 1942 2810 δέ·

347 2843 505 2898 Gaza
561 2842 810 2908 αὐτοῖς·
864 2845 957 2896 καὶ
1015 2843 1178 2897 πάλιν
1203 2885 1218 2909 ,
1265 2844 1434 2914 Ὑπὲρ
1477 2845 1678 2900 αὐτῶν
1725 2847 1935 2914 ἐρωτῶ.

359 2936 579 3007 Ἦρώτα
615 2935 732 3004 γὰρ
759 2933 901 3005 ὑπὲρ
934 2934 1091 3005 ἡμῶν
1121 2934 1188 2988 τὰ
1215 2937 1247 3006 ή
1258 2936 1372 3006 μῶν
1407 2938 1816 3008 ἀναδεχόμενος,
1845 2939 1940 2993 καὶ

352 3025 513 3079 ἐδίδου
550 3024 590 3078 ἆ
623 3024 955 3094 ἐλάμϐανεν.
1000 3026 1218 3097 Ἐπειδὴ
1261 3023 1354 3081 οὖν
1379 3069 1394 3094 ,
1441 3029 1801 3098 συναφθέντος
1843 3029 1938 3083 τοῦ

352 3119 515 3184 Λόγου
557 3113 645 3182 τῷ
670 3115 970 3187 ἀνθρώπῳ,
1018 3119 1098 3181 εἰς
1129 3118 1221 3172 τὸν
1246 3119 1418 3188 Λόγον
1460 3120 1779 3174 ἀποϐλέπων
1812 3124 1940 3192 ἐχα-

2201 2300 2467 2354 Nimirum
2509 2298 2964 2368 quemadmodum
3014 2307 3232 2354 nostras
3273 2299 3617 2356 inﬁrmitates

2051 2394 2166 2463 ipse
2194 2406 2303 2446 non
2343 2392 2593 2445 inﬁrmus
2617 2393 2878 2459 suscepit,
2911 2402 2965 2445 et
2985 2391 3210 2445 esurivit
3235 2393 3484 2460 quamvis
3511 2408 3644 2448 non.

2047 2482 2317 2547 esuriens,
2349 2490 2408 2534 ut
2438 2490 2625 2535 nostra
2673 2479 2820 2533 Patri
2853 2479 3087 2534 offerens
3114 2480 3317 2534 deleret
3345 2501 3357 2534 :
3396 2481 3468 2535 ita
3525 2497 3620 2546 pro

2049 2572 2477 2637 infirmitatibus,
2511 2571 2654 2625 dona
2707 2587 2737 2624 a
2788 2571 2896 2625 Deo
2933 2571 3050 2640 ipse
3100 2571 3316 2640 accipit,
3347 2580 3405 2625 ut
3457 2573 3620 2627 homo

2047 2665 2150 2736 ipsi
2184 2665 2510 2736 coniunctus
2543 2666 2737 2719 horum
2772 2655 3042 2733 p‘artic’eps
3077 2679 3198 2718 esse
3246 2661 3428 2734 queat.
3479 2663 3620 2720 liinc

2049 2758 2163 2827 ipse
2191 2757 2266 2812 ait
2291 2776 2304 2812 :
2333 2755 2524 2812 Omnia
2545 2772 2866 2826 quaecunque
2890 2756 3086 2811 dedisti
3116 2756 3264 2815 mihi,
3291 2757 3412 2810 dedi
3442 2758 3516 2811 eis
3550 2759 3566 2789 ¹
3602 2776 3615 2810 :

2046 2858 2100 2904 et
2129 2848 2343 2914 iterum,
2378 2847 2487 2901 Pro
2513 2848 2586 2900 eis
2635 2863 2760 2916 rogo
2814 2850 2856 2901 ⁸.
2912 2845 3018 2900 Pro
3047 2847 3204 2900 nobis
3237 2862 3430 2915 nempe
3461 2859 3620 2916 rega-

2048 2939 2158 2998 bat,
2194 2937 2280 2992 his
2307 2951 2429 3007 quaa
2461 2946 2646 2992 nostra
2678 2945 2808 2991 sunt
2859 2938 3150 3006 susceptis,
3186 2945 3240 2990 et
3276 2935 3441 2990 dabat
3496 2935 3618 3006 qua:

2047 3030 2161 3100 ipse
2181 3029 2497 3098 accipiebat.
2512 3028 2779 3102 Quoniam
2803 3029 2967 3098 igitur
2987 3026 3162 3082 Verbo
3182 3027 3474 3097 conjuncto
3492 3044 3614 3083 cum

2046 3122 2284 3183 homine,
2312 3119 2472 3175 Pater
2504 3131 2723 3190 propter
2745 3123 2923 3190 ipsum
2943 3119 3183 3173 Verbum
3222 3119 3428 3173 homini
3453 3119 3617 3174 dabat

350 3209 522 3279 ρῖζετο
551 3209 584 3258 ὁ
620 3206 815 3279 Πατὴρ
843 3207 921 3277 τῷ
946 3206 1221 3278 ἀνθρώπῳ
1247 3208 1308 3262 τὸ
1349 3209 1650 3279 ὑψωθῆναι,
1692 3211 1754 3263 τὸ
1794 3211 1937 3281 ἔχειν

2047 3222 2104 3268 ιιι
2140 3214 2492 3280 exaltaretur,
2531 3230 2858 3285 omnemque
2891 3223 3223 3291 potestatem
3262 3215 3504 3281 haberet,
3563 3221 3616 3269 et

346 3298 524 3350 πᾶσαν
577 3294 859 3362 ἐξουσίαν,
906 3295 1001 3348 καὶ
1033 3296 1132 3348 ὅσα
1175 3295 1554 3350 τοιαῦτα⁶’διὰ
1589 3297 1747 3350 τοῦτο
1787 3297 1937 3369 αὑτῷ

337 3388 416 3459 τῷ
443 3389 611 3456 Λόγῳ
647 3386 833 3439 πάντα
866 3386 1232 3467 ἀναφέρεται,
1252 3389 1342 3441 καὶ
1374 3387 1451 3452 ὡς
1489 3388 1640 3459 αὐτῷ
1682 3389 1936 3461 διδόμενά

338 3480 518 3542 ἔστιν,
567 3479 606 3532 ἀ
640 3478 709 3532 δι’
744 3477 912 3531 αὐτοῦ
963 3479 1124 3548 ἡμεῖς
1171 3478 1538 3551 λαμϐάνομεν.
1586 3483 1672 3544 Ὡς
1712 3481 1818 3552 γὰρ
1869 3482 1934 3536 δι’

345 3573 503 3640 ἡμᾶς
553 3569 980 3644 ἐνηνθρώπησεν
1022 3570 1186 3634 αὐτὸς
1210 3612 1226 3636 ,
1261 3570 1434 3635 οὕτως
1479 3574 1636 3643 ἡμεῖς
1673 3573 1742 3625 δι’
1774 3569 1936 3626 αὐτὸν

358 3660 670 3730 ὑψοῦμυεθσ..
709 3663 872 3715 Οὐδὲν
914 3656 1007 3714 οὖν
1041 3662 1269 3726 ἄτοπον,
1313 3665 1397 3728 ει,
1441 3662 1629 3734 ὥσπερ
1675 3663 1741 3721 δι’
1787 3666 1935 3734 ἡμᾶς

365 3750 723 3804 ἐταπείνωσεν
744 3753 959 3818 ἑαυτὸν,
996 3754 1090 3808 καὶ
1112 3754 1177 3807 δι’
1197 3757 1347 3825 ἡμᾶς
1518 3754 1734 3824 λέγεται
1769 3757 1936 3825 ὑπερ-

357 3843 624 3912 υςιῶσθαι.
663 3845 1019 3914 Ἑχαρίσατο
1059 3841 1152 3899 οὗν
1187 3847 1367 3912 αὐτῷ,
1399 3846 1519 3900 ἀντὶ
1559 3845 1678 3907 τοῦ,
1709 3849 1842 3918 ἡμῖν
1862 3848 1929 3901 δι’

341 3934 534 3998 αὑτὸν,
586 3934 679 3987 καὶ
709 3936 1140 4003 ὑπερύψωσεν,
1181 3935 1302 3989 ἀντὶ
1345 3935 1460 4000 τοῦ,
1491 3938 1639 4009 ἡμᾶς
1669 3940 1725 3991 ἐν
1760 3937 1929 4008 αὐτῷ.

331 4026 450 4080 Καὶ
488 4024 662 4090 αὐτὸς
705 4025 765 4079 δὲ
794 4028 823 4079 6
851 4027 1040 4095 Λόγος,
1071 4025 1229 4097 ἡμῶν
1260 4027 1601 4098 ὑψουμένων,
1649 4031 1743 4084 καὶ
1795 4031 1936 4101 λαμ-

334 4117 637 4182 ἃινόντων,
681 4117 780 4171 καὶ
821 4116 1200 4188 βοηθουμένων
1225 4157 1239 4181 ,
1269 4118 1346 4182 ὼς
1397 4119 1558 4184 αὐτὸς
1589 4121 1932 4192 ,ὑψούμενοθ

337 4207 429 4258 καὶ
468 4205 799 4277 λαμϐάνων,
835 4208 926 4260 καὶ
945 4206 1329 4278 βοηθούμενος,
1369 4209 1684 4282 εὐχαριστεῖ
1712 4213 1788 4283 τῷ
1821 4216 1935 4271 Πα-

339 4299 444 4367 τρὶ,
485 4298 564 4351 τὰ
613 4298 865 4368 ἡμέτερα
909 4301 987 4362 εἰς
1035 4301 1228 4354 ἑαυτὸν
1266 4303 1554 4374 ἀναφέρων
1596 4305 1690 4357 καὶ
1734 4304 1931 4374 λέγων·

338 4387 543 4440 Πᾶν-τα
579 4386 705 4440 ὅσα
735 4386 998 4453 δέδωκάς
1021 4407 1142 4456 μοι,
1171 4388 1400 4444 δέδωκα
1433 4392 1659 4457 αὐτοῖς.

2043 3305 2149 3360 alia
2194 3305 2507 3375 bujusmodi
2551 3324 2563 3360 :
2605 3307 2809 3361 idcirco
2857 3308 3041 3362 omnia
3103 3307 3454 3362 ascribuntur
3510 3306 3616 3378 ipsi

2051 3394 2243 3460 Verbo,
2289 3398 2376 3452 cui
2411 3405 2464 3452 et
2509 3399 2672 3452 veluti
2729 3397 2930 3452 dantur
2978 3415 3319 3469 quacunque
3361 3414 3463 3453 nos
3523 3414 3617 3469 per
3716 3462 3732 3478 _

2042 3487 2221 3558 ipsum
2249 3488 2564 3557 accipimus.
2593 3487 2820 3543 Utenim
2854 3499 3076 3559 propter
3111 3505 3208 3544 nos
3239 3491 3404 3544 homo
3439 3488 3615 3544 factus

2041 3587 2130 3632 est
2160 3595 2173 3632 :
2204 3579 2276 3632 ita
2315 3594 2416 3633 nos
2448 3591 2668 3649 propter
2719 3596 2843 3634 eum
2893 3582 3218 3635 exaltatnnr.
3260 3579 3402 3634 Nihil
3451 3581 3617 3650 igitur

2042 3668 2261 3722 absurdi
2288 3679 2371 3722 est
2398 3669 2464 3728 si.
2500 3670 2957 3738 quemadmodum
2999 3671 3236 3741 seipsum
3271 3680 3490 3740 propter
3515 3685 3615 3724 nos

2045 3761 2371 3824 humiliavit,
2411 3760 2481 3814 ita
2513 3771 2567 3816 et
2595 3771 2813 3830 preptcr
2837 3778 2935 3816 nos
2966 3761 3193 3816 exaltari
3243 3750 3476 3816 dicaturf
3507 3761 3616 3814 lta~

2042 3866 2148 3919 que
2180 3850 2396 3904 donavit
2451 3851 2553 3914 illi,
2590 3851 2640 3904 id
2692 3860 2794 3912 est,
2831 3851 2989 3906 nobis
3043 3860 3263 3921 propter
3309 3852 3485 3922 ipsum
3515 3891 3530 3916 ,
3559 3859 3616 3905 et

2040 3944 2314 4007 exultavit,
2349 3943 2403 3998 id
2428 3954 2530 4010 est,
2571 3958 2668 3997 nos
2720 3945 2772 3998 in
2815 3944 2950 4012 ipso.
2991 3942 3222 3998 Verbum
3254 3959 3440 4014 porro,
3487 3958 3612 3997 cum

2041 4052 2140 4091 nos
2182 4036 2511 4099 exaltamur,
2567 4036 2888 4104 accipimus,
2931 4043 2985 4089 et
3028 4037 3352 4105 adjuvantur
3385 4077 3401 4103 ,
3452 4033 3610 4103 quasi

2037 4129 2215 4199 ipsum
2243 4132 2594 4196 exaltaretur,
2629 4129 2898 4199 acciperet
2929 4138 2977 4183 et
3005 4130 3374 4197 adjuvaretur,
3408 4128 3612 4198 gratias

2036 4221 2147 4289 agit
2178 4220 2339 4286 Patri,
2381 4227 2674 4292 nostraque
2706 4223 2758 4276 in
2797 4223 3036 4292 seipsum
3075 4221 3355 4284 transfert,
3390 4231 3442 4275 et
3483 4220 3560 4274 ait
3594 4235 3610 4274 :

2041 4313 2233 4367 Omnia
2259 4330 2578 4384 qua’cunque
2604 4315 2798 4368 dedisti
2831 4316 2980 4383 mihi,
3024 4315 3146 4368 dedi
3173 4331 3246 4368 eis
3297 4315 3341 4369 ³.

349 4489 443 4545 Ἐκ
473 4490 591 4546 τοῦ
609 4491 823 4562 αὑτοῦ.
851 4492 1130 4562 Δείκνυσι
1174 4492 1318 4558 τοὺς
1364 4493 1808 4562 Ἀρειομανίτας
1837 4491 1934 4546 καὶ

2046 4489 2121 4546 Ea:
2179 4493 2359 4548 eodem
2395 4494 2550 4548 libro.
2610 4494 2879 4559 Ostendit,
2946 4494 3181 4547 homines
3211 4495 3329 4547 Arii
3371 4495 3546 4548 morbo
3579 4505 3629 4548 et

406 4564 567 4630 πρὸς
603 4561 864 4627 ἑαυτοὺς
897 4561 1362 4632 διαφερομένους
1384 4581 1397 4595 ’
1427 4567 1491 4617 τὸ
1552 4561 1664 4632 γὰρ
1707 4563 1938 4632 ψεῦδος

406 4631 560 4688 οὐδὲ
591 4634 749 4699 πρὸς
782 4633 959 4687 ἑαυτὸ
989 4633 1368 4702 συμφωνοῦν
1397 4635 1546 4689 ἐστι.

403 4750 473 4804 οι
558 4747 702 4818 Περὶ
777 4749 1038 4804 Εὔσέϐιον
1074 4758 1080 4762 ’
1118 4751 1170 4804 οἰ
1272 4750 1732 4822 Ἀρειομανῖται,
1825 4752 1928 4820 ἀρ-

341 4843 444 4914 χὴν
480 4842 581 4896 τοῦ
625 4838 765 4893 εἶναι
807 4841 884 4912 τῷ
921 4841 1033 4912 Υἱῴ
1072 4841 1342 4904 διδόντες,
1388 4841 1814 4912 προσποιοῦνται
1863 4841 1939 4913 μὴ

343 4935 651 5005 βούλεσθαι
675 4932 851 5004 ἀρχὴν
871 4932 1036 4986 αὐτὸν
1069 4933 1212 5004 ἔχειν
1247 4931 1541 5003 βασιλείας.
1579 4935 1735 4987 Ἔστι
1763 4933 1818 4988 δὲ
1849 4951 1941 5002 γε-

343 5027 518 5083 λοῖον.
561 5026 624 5079 Ὀ
657 5024 766 5096 γὰρ
810 5024 988 5096 ἀρχὴν
1028 5023 1122 5077 τοῦ
1154 5021 1292 5078 εἶναι
1323 5024 1495 5087 διδοὺς
1524 5024 1603 5096 τῷ
1635 5024 1768 5096 Υἱῷ,
1802 5025 1908 5097 πρό
1927 5056 1938 5066 -

344 5121 531 5191 δηλον,
573 5120 658 5174 ὅτι
702 5116 913 5172 καὶτοῦ
960 5115 1262 5185 βασιλεύειν
1293 5112 1467 5188 ἀρχὴν
1502 5116 1719 5171 δίδωσιν
1758 5117 1933 5188 αὐτῷ·

345 5211 492 5266 ὥστε
528 5208 926 5281 ὁμολογοῦντες
968 5207 999 5260 ὃ
1037 5206 1351 5279 ἀρνοῦνται,
1389 5207 1782 5275 τυφλώττουσι.
1828 5210 1939 5263 Καὶ

345 5304 512 5358 πάλιν
539 5303 590 5356 οἱ
623 5301 874 5369 λέγοντες
915 5300 1074 5369 μόνον
1119 5299 1289 5370 ὄνομα
1318 5295 1458 5353 εἶναι
1500 5297 1656 5364 Υῐοῦ,
1691 5299 1939 5353 ἀνούσιον

342 5397 402 5449 δὲ
424 5395 522 5450 καὶ
552 5396 929 5449 ἀνυπόστατον
958 5387 1096 5446 εἶναι
1117 5393 1208 5445 τὸν
1239 5392 1368 5445 Υἱὸν
1388 5389 1482 5444 τοῦ
1508 5391 1666 5455 Θεοῦ,
1693 5392 1938 5445 τουτέστι

346 5485 443 5537 τὴν
491 5486 660 5554 Λόγον
698 5484 796 5537 τοῦ
853 5479 1073 5550 Πατρὸς
1101 5521 1116 5544 ,
1149 5479 1574 5553 προσποιοῦνται
1763 5481 1938 5549 ἀγαν-

347 5578 539 5632 ακτεῖν
584 5577 724 5632 κατὰ
763 5575 878 5630 τῶν
930 5571 1216 5638 λεγόντων,
1247 5569 1356 5626 Ἦν
1391 5588 1542 5636 ποτε,
1586 5572 1676 5626 ὅτε
1712 5573 1815 5626 οὒκ
1844 5567 1934 5644 ἦν.

407 5792 422 5822 ⁸
466 5793 617 5850 Joan.
666 5803 808 5847 xvn.
856 5784 909 5838 7.
1018 5781 1207 5864 '_ibid.
1250 5787 1301 5841 9.
1397 5782 1417 5814 ³
1466 5785 1598 5841 ibid.
1643 5785 1694 5840 7.

2108 4564 2318 4617 insania
2371 4564 2670 4618 laborantes
2711 4566 2848 4617 inter
2879 4581 2932 4618 se
2960 4566 3258 4617 dissentire.
3314 4563 3444 4628 Qua:
3493 4566 3630 4618 enim

2106 4635 2243 4703 falsa
2276 4645 2418 4701 sunt,
2453 4652 2514 4690 ne
2546 4636 2648 4689 sibi
2671 4637 2882 4704 quidem
2906 4637 3021 4703 ipsa
3052 4649 3358 4704 congruere.

2119 4746 2327 4807 Ariani,
2364 4745 2583 4802 Eusebii
2607 4747 2876 4817 gregales,
2907 4762 3034 4801 cum
3096 4745 3232 4801 Filio
3283 4744 3622 4816 principium

2041 4842 2340 4898 cxsistendi
2369 4843 2638 4908 tribuunt,
2672 4842 2932 4898 simulant
2973 4858 3056 4897 se
3091 4841 3234 4898 nolle
3288 4857 3412 4896 eum
3464 4841 3617 4912 regni

2041 4934 2370 5003 principium
2397 4935 2618 4989 habere.
2645 4935 2806 5004 Atqui
2825 4935 2970 4989 istud
3187 4934 3477 4989 ridiculum
3502 4935 3620 4991 iue-

2041 5025 2128 5079 rit.
2159 5024 2434 5094 Siquidem
2481 5026 2573 5095 qui
2611 5025 2750 5080 Filio
2796 5026 2888 5080 dat
2918 5025 3212 5081 exsistendi
3246 5023 3572 5096 principium
3601 5066 3618 5092 ,

2039 5114 2330 5171 manifeste
2363 5116 2691 5186 principium
2727 5130 2946 5186 quoque
2974 5115 3237 5186 regnandi
3269 5114 3345 5170 illi
3387 5114 3522 5182 dat;
3551 5129 3618 5170 ac

2042 5208 2268 5278 proinde
2294 5207 2513 5262 fatendo
2541 5207 2684 5276 quod
2715 5216 2936 5278 negant,
2991 5223 3050 5262 se
3097 5222 3272 5263 caecos
3323 5207 3428 5277 ipsi
3491 5221 3616 5262 esse

2044 5301 2298 5370 produnt.
2332 5299 2434 5366 Qui
2472 5300 2597 5354 item
2626 5300 2782 5354 aiunt
2817 5314 3028 5354 nierum
3059 5314 3258 5354 nomen
3319 5297 3444 5352 Filii
3471 5311 3612 5361 esse,

2042 5391 2237 5447 Filium
2273 5402 2452 5446 autem
2483 5389 2600 5454 Dei,
2632 5391 2682 5445 id
2715 5399 2819 5455 est,
2869 5389 3108 5444 Verbum
3143 5389 3342 5453 Patris,
3379 5384 3615 5442 essentia

2042 5495 2097 5540 ct
2131 5485 2437 5540 substantia
2471 5497 2703 5539 vacuum
2737 5497 2878 5546 esse,
2905 5485 3114 5551 tingunt
3156 5495 3213 5536 se
3241 5479 3502 5534 adversus
3549 5476 3615 5531 il-

2046 5577 2129 5633 los
2161 5574 2434 5648 indignari
2470 5576 2564 5646 qui
2610 5575 2829 5640 dicunt,
2861 5574 2987 5630 Fuit
3009 5569 3300 5640 aliquando
3331 5583 3455 5624 cum
3505 5581 3614 5623 non
