4126 6414
516 322 620 385 347

1747 328 2130 388 eorum“
2170 325 2539 390 ZlGABENl

3673 324 3839 388 348.

519 452 686 498 esset.
719 442 882 512 Atqui
911 442 965 498 id
996 443 1160 499 etiam
1193 443 1480 499 ridiculum
1511 453 1612 498 est.
1645 442 1779 499 Nam
1811 447 1905 514 qui
1937 446 2086 500 illum

2211 445 2367 497 Ἐστι
2395 440 2452 494 δὲ
2481 439 2573 492 καὶ
2618 436 2779 490 τοῦτο
2827 434 3054 504 γελοῖον.
3097 436 3175 489 0i
3214 433 3323 507 γὰρ
3366 435 3502 499 ὅλως
3540 437 3601 489 τὺ
3645 436 3791 492 εἶναι

522 550 589 589 ne
611 550 734 590 esse
762 535 981 605 quidem
1013 535 1226 599 volunt,
1279 536 1386 590 illis
1423 546 1772 603 succensent,
1825 537 1917 605 qui
1963 553 2087 591 eum

518 627 707 681 saltem
744 628 796 681 in
821 639 1060 698 tempore
1099 643 1220 723 esse
1262 630 1586 684 concedunt.
1615 631 1798 698 Itaque
1833 630 1882 682 bi
1927 630 2087 683 etiam

518 717 844 771 conﬁtentur
875 716 1017 786 quod
1050 716 1266 787 negant,
1307 735 1429 772 cum
1481 720 1615 774 alios
1671 721 2087 789 reprehendunt.

519 802 807 872 Praeterea,
826 804 1117 861 Eusebiani
1151 807 1239 876 qui
1264 805 1460 862 Filium
1480 810 1827 871 confitentur,
1847 824 1969 862 cum
1995 823 2090 864 na-

520 906 641 952 tura
664 896 899 951 Verbnm
936 914 1058 953 esse
1083 909 1300 969 negant,
1329 900 1553 970 solaque
1582 900 1909 971 cogitatione
1928 896 2087 953 Verbi

519 1005 718 1046 nomen
745 989 887 1065 Filio
920 991 1108 1044 volunt
1140 994 1400 1047 concedi:
1437 996 1529 1049 alii
1558 1011 1685 1049 vero
1738 995 1829 1065 qui
1850 992 2085 1048 Verbum

519 1076 866 1142 cunlltentur,
898 1088 1101 1150 negant
1129 1080 1307 1150 ipsum
1341 1098 1463 1139 esse
1491 1084 1714 1151 Filium,
1741 1087 1969 1156 solaque
1991 1102 2087 1141 co-

520 1168 783 1237 gitntione
812 1183 1012 1225 nomen
1047 1169 1170 1226 Filii
1206 1171 1388 1229 Verbo
1446 1176 1611 1230 tribui
1665 1178 1898 1235 volunt:
1956 1196 2099 1234 vano

520 1261 743 1329 utrique
774 1270 999 1316 conatu.

674 1349 786 1422 Ego
810 1364 859 1408 et
892 1352 1057 1408 Pater
1080 1371 1243 1410 unum
1272 1375 1452 1412 sumus
1501 1358 1645 1414 '.Vel
1672 1360 1781 1416 duo
1803 1378 1899 1419 vos
1930 1380 2101 1418 unum

518 1459 643 1498 esse
662 1445 867 1509 dicitis,
891 1447 974 1500 vel
999 1463 1167 1503 unum
1208 1449 1421 1520 duplici
1440 1453 1663 1507 nomine
1679 1465 1934 1509 ornatum
1960 1438 2100 1523 esse,

523 1537 606 1589 vel
635 1552 805 1589 unum
846 1537 901 1592 in
929 1538 1038 1595 duo
1062 1556 1183 1596 esse
1211 1541 1469 1599 divisum.
1511 1542 1567 1599 Si
1605 1561 1774 1600 unum
1806 1546 1858 1599 in
1884 1546 1993 1601 duo
2020 1548 2103 1601 di-

522 1626 698 1681 visum
726 1635 828 1690 est,
853 1643 1076 1684 necesse
1101 1640 1181 1685 est
1210 1647 1410 1701 corpus
1437 1649 1560 1689 esse
1603 1634 1655 1688 id
1693 1636 1838 1705 quod
1866 1635 2101 1690 divisum

2204 534 2356 605 αὐτῷ
2392 532 2466 603 μὴ
2493 530 2746 593 διδόντες,
2773 525 3143 597 ἀγανακτοῦσι
3181 526 3325 580 κατὰ
3349 526 3457 579 τῶν
3485 528 3587 581 κάν
3610 529 3793 600 χρόνῳ

2206 622 2476 684 διδόντων.
2517 622 2627 678 Καὶ
2653 616 2798 677 οὗτοι
2820 615 2913 675 οὖν
2935 621 3072 692 ὅπερ
3093 619 3406 690 ἀρνοῦνται,
3435 620 3527 675 διὰ
3547 621 3640 674 τοῦ
3664 623 3792 675 ἐπι-

2209 721 2374 791 τιμᾷν
2401 720 2516 780 τοῖς
2544 714 2746 779 ἄλλοις,
2774 711 3115 783 ὁμολογοῦσι.
3155 712 3327 766 Πάλιν
3352 729 3413 766 τε
3444 714 3494 765 οἱ
3523 713 3653 785 περὶ
3684 714 3796 767 Εὑ-

2214 810 2410 872 σέϐιον,
2459 806 2586 859 Υἱὺν
2629 801 3041 875 ὁμολογοῦντες,
3106 800 3399 871 ἀρνοῦνται
3448 802 3609 855 αὑτὸν
3651 799 3797 856 εἶναι

2213 884 2598 971 φύσειᾌόγον,
2630 897 2723 949 καὶ
2760 892 2879 949 κατ’
2911 892 3155 947 ἐπίνοιαν
3184 893 3359 962 Λόγον
3397 893 3654 962 λέγεσθαι
3696 894 3795 948 τὸν

2212 994 2342 1048 Υῑδν
2381 992 2691 1063 βούλονταν
2742 989 2792 1041 οἱ
2831 987 2888 1041 δὲ
2923 987 3121 1057 ἕτεροι,
3159 985 3334 1053 Λόγον
3380 985 3795 1056 ὁμολογοῦντες,

2191 1081 2480 1152 ἀρνοῦνται
2510 1079 2673 1133 αὐτὸν
2701 1074 2839 1132 εἶναι
2878 1077 3027 1144 Υιδν,
3075 1078 3172 1132 καὶ
3206 1077 3327 1132 κατ’
3362 1077 3609 1131 ἐπίνοιαν
3665 1077 3793 1130 Υιδν

2199 1174 2454 1241 λέγεσθαι
2510 1172 2600 1225 τὸν
2651 1172 2825 1240 Λόγον
2886 1169 3201 1241 βούλονται,
3262 1168 3322 1231 ἐξ
3382 1168 3497 1221 [σου
3564 1167 3796 1223 κενοεαο

2199 1267 2438 1330 τοῦντες.
2484 1293 2494 1300 ·

2479 1355 2627 1425 Ἐγὼ
2656 1355 2756 1408 καὶ
2782 1357 2815 1409 ό
2836 1352 3040 1423 Πατὴρ
3060 1351 3349 1422 ἕνέσμεν.
3365 1351 3448 1405 Τὰ
3463 1350 3557 1405 δύο
3571 1352 3631 1404 ἒν
3650 1346 3800 1407 εἷναί

2203 1467 2360 1521 φατε,
2397 1448 2429 1520 ἦ
2464 1447 2525 1500 τὸ
2553 1447 2611 1500 ἓν
2644 1446 2933 1516 διώνυμον,
2971 1445 3006 1516 ἢ
3046 1443 3212 1498 πάλιν
3246 1444 3308 1497 τὸ
3340 1443 3400 1496 ἓν
3443 1444 3522 1508 εἰς
3556 1443 3649 1497 δύο
3678 1443 3802 1517 διῃ-

2207 1540 2426 1613 ρῆσθαι.
2474 1540 2538 1592 Et
2577 1539 2674 1609 μὲν
2707 1533 2800 1592 οῦν
2839 1536 2901 1590 τδ
2930 1535 2988 1590 ἓν
3018 1537 3100 1599 εἰς
3138 1535 3232 1588 δύο
3261 1534 3537 1608 διῄρηται,
3575 1535 3802 1606 ἀνάγκη

2205 1632 2365 1702 σῶμα
2399 1626 2538 1683 εἶναι
2570 1629 2633 1681 τὸ
2664 1626 2955 1698 διαιρεθὲν,
2988 1626 3084 1679 καὶ
3110 1623 3404 1696 μηδέτερον
3427 1624 3634 1678 τέλειον
3653 1667 3671 1692 ,

522 1726 631 1784 est,
657 1727 1021 1788 neutrumque
1036 1737 1156 1778 esse
1172 1722 1495 1793 perfectum,
1519 1726 1719 1795 quippe
1740 1742 1862 1781 cum
1889 1736 2098 1783 utrum-

2209 1725 2373 1797 μέρος
2406 1721 2518 1793 γὰρ
2545 1721 2808 1792 ἑκάτερον
2848 1718 2945 1772 καὶ
2976 1719 3077 1787 οὐχ
3111 1717 3259 1772 ὃλοψ
3303 1719 3353 1771 εἰ
3398 1717 3455 1770 δὲ
3490 1717 3553 1771 τὸ
3581 1718 3641 1771 ἓν
3671 1716 3802 1772 διώ-

524 1821 632 1874 que
654 1822 781 1876 pars
804 1809 895 1875 sit,
925 1826 1032 1865 non
1059 1828 1185 1867 vero
1222 1822 1421 1868 totum.
1459 1813 1563 1869 Sed
1609 1818 1654 1872 si
1697 1834 1866 1872 unum
1891 1829 1976 1874 est
2005 1820 2105 1873 du-

525 1898 651 1967 plici
693 1911 947 1957 ornatum
982 1905 1203 1960 nomine
1231 1925 1244 1960 :
1277 1905 1394 1962 hmc
1426 1907 1650 1963 Sabellii
1682 1912 1951 1966 sententia
1998 1921 2103 1976 est,

526 1990 619 2060 qui
655 1990 869 2047 Patrem
902 2004 954 2049 et
978 1995 1174 2051 Filium
1199 2000 1449 2055 eumdem
1478 2017 1599 2055 esse
1623 2003 1870 2070 docet,et
1891 2015 2104 2059 utrum-

525 2098 632 2152 que
656 2084 813 2147 tollit,
836 2084 1052 2159 Patrem
1102 2089 1345 2158 quidem,
1397 2107 1520 2146 cum
1550 2092 1722 2148 Filius
1749 2103 1833 2147 est
1858 2084 2104 2161 {Filium

524 2189 678 2244 vero,
707 2191 830 2231 cum
872 2186 956 2233 est
1002 2177 1181 2234 Pater.
1214 2180 1368 2248 Quod
1401 2184 1447 2238 si
1501 2184 1611 2238 duo
1643 2200 1811 2239 unum
1845 2187 1976 2249 sint,
2014 2202 2108 2242 ne-

526 2281 681 2323 eesse
706 2277 789 2321 est
821 2268 945 2324 illos
974 2269 1113 2327 duos
1141 2273 1361 2341 quidem
1387 2289 1532 2341 esse,
1560 2292 1730 2331 unum
1756 2292 1888 2333 vero
1911 2293 2109 2333 secun—

525 2356 656 2410 dum
683 2357 1045 2423 divinitatem,
1097 2372 1151 2417 et
1175 2373 1446 2433 quatenus
1478 2365 1650 2423 Filius
1684 2366 1830 2423 Patri
1855 2378 1941 2423 est
1971 2384 2105 2423 con-

481 2433 505 2453 ⁶
527 2447 927 2515 substantialis,
950 2460 1002 2505 et
1036 2468 1100 2506 ex
1145 2455 1261 2524 ipso
1295 2455 1454 2511 Patre
1489 2455 1726 2512 Verbum
1757 2468 1843 2514 est
1873 2479 1885 2513 :
1932 2460 2004 2515 ita
2042 2466 2101 2513 ut

525 2538 637 2592 duo
668 2539 886 2606 quidem
912 2543 1041 2609 sint,
1072 2545 1201 2612 quia
1233 2545 1390 2601 Pater
1423 2555 1508 2602 est
1529 2557 1587 2602 et
1616 2548 1808 2614 Filius,
1838 2551 1981 2618 quod
2017 2558 2102 2605 est

528 2628 805 2696 Verbum;
834 2647 1004 2689 unum
1027 2645 1230 2700 autem,
1260 2638 1388 2706 quia
1427 2637 1573 2693 Deus
1628 2656 1774 2695 unus
1811 2650 1920 2697 est.
1965 2639 2101 2695 Nam

528 2723 633 2778 nisi
667 2723 741 2778 ita
772 2724 863 2789 sit,
892 2726 1185 2781 dicendum
1235 2738 1381 2787 certe
1405 2731 1484 2785 illi
1511 2740 1668 2786 erat:
1707 2731 1819 2804 Ego
1841 2749 1961 2787 sum
1998 2733 2102 2786 Pa-

444 2848 449 2853 -
529 2824 631 2879 ter,
665 2815 746 2870 vel
778 2813 893 2885 Ego
921 2827 973 2872 ct
994 2817 1149 2872 Pater
1173 2836 1314 2875 sum.
1342 2821 1496 2878 Nunc
1512 2839 1638 2878 vero
1663 2825 1764 2880 ista
1792 2840 1946 2888 voce,
1969 2824 2103 2894 Ego,

2204 1834 2394 1888 νυμον,
2431 1813 2723 1869 Σαδελλίου
2757 1813 2819 1865 τὸ
2842 1810 3201 1882 ἐπιτήδευμα,
3232 1809 3324 1863 τὸν
3350 1809 3513 1863 αὑτὸν
3539 1808 3670 1863 Υἱὸν
3697 1811 3805 1863 καὶ

2206 1909 2427 1980 Πατέρα
2447 1907 2719 1973 λέγοντος,
2756 1905 2850 1957 καὶ
2874 1902 3135 1976 ἑκάτερον
3164 1900 3540 1974 ἀναιροῦντος,
3574 1902 3665 1955 ὅτε
3694 1903 3804 1972 μὲν

2207 2001 2357 2065 Υἱὸς,
2384 2000 2477 2052 τὸν
2504 1998 2746 2070 Πατέρα,
2779 1997 2868 2049 ὅτε
2890 1994 2948 2048 δὲ
2980 1992 3191 2066 Πατὴρ,
3218 1993 3309 2046 τὸν
3343 1993 3490 2047 Υἱόν.
3541 1993 3603 2046 Εἰ
3639 1992 3697 2046 δὲ
3727 1993 3804 2046 τὰ

2205 2092 2299 2146 δύο
2332 2092 2429 2157 Evr
2454 2092 2668 2160 ἀνάγκη
2709 2087 2805 2142 δύο
2849 2088 2946 2157 μὲν
2980 2081 3143 2151 εἶναι,
3185 2084 3243 2139 ἓν
3274 2084 3333 2138 δὲ
3523 2084 3667 2139 κατὰ
3695 2084 3803 2157 τὴν

2209 2185 2459 2253 θεότητα,
2493 2182 2588 2235 καὶ
2622 2180 2767 2235 κατά
2812 2179 2873 2232 τὸ
2916 2173 3199 2249 ὅμοούσιον
3230 2174 3372 2230 εἶναι
3416 2173 3507 2229 τὸν
3547 2175 3674 2230 Υἱὺν
3714 2176 3804 2248 τῷ

2208 2275 2408 2346 Πατρὶ,
2439 2275 2534 2327 καὶ
2567 2272 2629 2337 ἐξ
2659 2270 2826 2326 αὑτοῦ
2870 2270 2963 2324 τοῦ
3010 2268 3225 2341 Πατρὸς
3259 2264 3402 2323 εἷναι
3442 2268 3538 2322 τὸν
3578 2268 3757 2338 Λόγον
3782 2287 3801 2303 ο

2209 2366 2350 2419 ὥστε
2386 2365 2480 2418 δύο
2517 2365 2615 2436 μὲν
2654 2358 2812 2426 εἶναι,
2844 2364 2925 2415 ὃτι
2966 2361 3155 2431 Πατήρ
3346 2361 3464 2413 ἐστι
3503 2358 3598 2412 καὶ
3641 2358 3805 2424 Υἱδς,

2207 2461 2235 2512 ὃ
2270 2460 2388 2512 ἐστι
2424 2457 2615 2531 Λόγος,
2645 2456 2703 2508 ἓν
2731 2454 2808 2518 δὲ,
2842 2455 2925 2507 ὅτι
2959 2447 3039 2516 εἷς
3078 2452 3229 2517 Θεός.
3264 2453 3326 2506 Εἰ
3355 2451 3463 2523 γὰρ
3496 2451 3572 2522 μὴ
3620 2451 3809 2518 οὕτως

2208 2552 2378 2614 ἐστὶν,
2409 2550 2516 2604 ἔδει
2546 2550 2742 2611 εἰπεῖν,
2785 2547 2926 2616 Ἐγώ
2951 2548 3082 2617 ειμι
3124 2547 3153 2598 6
3184 2545 3393 2617 Πατὴρ,
3421 2544 3480 2615 ἢ,
3526 2543 3672 2613 Ἐγὼ
3701 2546 3808 2599 καὶ

2208 2646 2236 2697 ὁ
2266 2643 2455 2713 Πατήρ
2495 2643 2634 2711 εἰμι.
2687 2640 2801 2693 Νῦν
2849 2640 2906 2693 δὲ
2958 2642 3015 2693 ὲν
3046 2637 3157 2707 τῷ,
3189 2636 3331 2707 Ἐγὼ
3361 2679 3378 2706 ,
3542 2637 3636 2691 τὸν
3665 2638 3811 2691 Υιὸν

2211 2735 2465 2808 σημαίνει
2490 2752 2503 2765 ·
2526 2736 2601 2787 ιέν
2637 2733 2694 2786 δὲ
2723 2732 2819 2803 τῷ,
2854 2733 2951 2786 καὶ
2988 2735 3021 2787 ὀ
3044 2731 3271 2799 Πατὴρ,
3304 2730 3396 2785 τὸν
3424 2732 3771 2800 γεννήσαντα
3793 2749 3806 2762 ·

2211 2824 2272 2878 ὲν
2302 2824 2359 2877 δὲ
2380 2822 2479 2893 τῷ,
2508 2821 2599 2889 ἓν,
2624 2821 2722 2892 τὴν
2750 2821 2880 2891 μίαν
2906 2819 3136 2890 Θεότητα
3160 2818 3255 2872 καὶ
3283 2817 3346 2872 τὸ
3385 2818 3672 2889 όμοούσιον
3695 2820 3802 2874 αὐ-

530 2904 727 2979 Filium
760 2908 1073 2977 signiﬁcat;
1106 2911 1407 2980 genitorem
1431 2923 1637 2980 autem,
1671 2924 1805 2971 cum'
1825 2916 2030 2985 subdit,
2055 2926 2103 2972 et
2137 2915 2181 2973 C
2212 2916 2326 2971 τοῦ.

533 2997 734 3052 Pater:
766 2998 1003 3068 denique
1039 3002 1299 3067 dictione,
1344 3022 1530 3070 unum,
1563 3023 1728 3061 unam
1762 3008 2104 3065 divinitatem

527 3104 794 3158 suamque
829 3091 1075 3160 designat
1110 3092 1757 3154 consnlzstantialitatem.

526 3186 610 3241 Ea:
660 3187 840 3242 eodem
889 3190 1046 3243 libre.
1081 3189 1297 3259 Patrem
1326 3203 1374 3245 et
1408 3190 1614 3245 Filium
1672 3209 1776 3246 non
1826 3211 1936 3249 esse
1967 3197 2098 3251 duos

840 3258 995 3323 Deos,
1050 3258 1170 3314 licet
1218 3265 1323 3314 sint
1349 3266 1470 3316 dua:
1503 3280 1762 3331 pet-some.

588 3345 857 3404 Caeterum
917 3350 962 3405 si
1023 3352 1146 3421 quis
1195 3354 1335 3409 duos
1378 3372 1502 3411 esse
1550 3356 1769 3412 Patrem
1799 3368 1855 3413 et
1900 3356 2097 3412 Filium

400 3466 417 3485 .
522 3436 769 3500 audiens.
807 3454 906 3493 nos
954 3442 1323 3497 calumnietur
1350 3449 1507 3514 quasi
1540 3449 1635 3517 qui
1681 3450 1821 3507 duos
1852 3451 1984 3507 deos
2017 3451 2103 3506 in-

522 3528 791 3583 ducamus
829 3529 1097 3598 (nonnulli
1126 3534 1272 3588 enim
1309 3536 1360 3591 id
1393 3537 1498 3593 sibi
1544 3538 1778 3611 lingunt,
1810 3541 2105 3612 statimque

523 3632 623 3673 nos
646 3620 730 3675 his
754 3622 932 3678 verbis
955 3625 1203 3691 irrident,
1225 3625 1333 3684 Vos
1361 3630 1497 3686 duos
1524 3631 1656 3687 deos
1689 3633 1980 3702 asseritis),
2004 3634 2105 3689 Inl-

521 3709 759 3780 iusmodi
796 3714 1106 3772 hominibus
1153 3719 1233 3776 sic
1283 3722 1725 3792 respondendum
1768 3735 1851 3781 est
1881 3744 1893 3780 :
1929 3725 1985 3780 Si
2017 3727 2061 3781 is
2086 3767 2101 3792 ,

521 3803 613 3872 qni
652 3804 862 3860 Patrem
891 3819 947 3862 et
988 3808 1183 3864 Filium
1221 3814 1511 3882 agnoscit,
1559 3814 1700 3871 duos
1740 3816 1873 3871 deos
1925 3817 2098 3872 dicit:

523 3911 745 3950 necesse
777 3909 862 3953 est
910 3899 1077 3970 igitur
1112 3909 1173 3955 ut
1222 3903 1362 3958 Filio
1400 3906 1711 3976 repudiato.
1776 3922 1808 3961 a
1863 3906 2104 3962 Sabellio

522 3996 625 4041 stet
651 3988 741 4056 qui
777 4005 945 4043 unum
970 4007 1092 4047 esse
1122 3994 1316 4051 credit.
1345 3994 1595 4066 Namque
1625 3998 1668 4052 si
1709 3997 1774 4063 is,
1808 3999 1904 4068 qui
1962 3999 2104 4055 duos

523 4076 672 4136 dicit.
718 4079 936 4147 gentilis
957 4088 1078 4136 est:
1108 4082 1276 4151 igitur
1320 4085 1432 4152 ille,
1478 4090 1572 4156 qui
1602 4104 1773 4142 unum
1804 4088 1959 4152 dicit,
2002 4088 2103 4145 Sa-

2220 3201 2321 3252 Ἐκ
2353 3198 2459 3252 τοῦ
2506 3198 2693 3253 αὐτοῦ
2722 3198 2933 3266 λόγου.
2967 3196 3099 3249 Ὅτι
3122 3196 3194 3266 οὐ
3221 3192 3333 3266 ῤ’ὐο
3361 3192 3491 3248 Θεοὶ
3527 3196 3559 3266 6
3588 3195 3801 3264 Πατὴρ

2278 3269 2379 3323 καὶ
2401 3272 2434 3322 ό
2474 3270 2629 3334 Υἱὸς.
2652 3271 2705 3323 ει
2736 3262 2833 3322 καὶ
2861 3269 2973 3323 δύο
3001 3265 3153 3321 κατὰ
3183 3262 3290 3329 τὰς
3318 3263 3728 3330 ὑποστάσεις.

2291 3358 2416 3411 Ἐὰν
2475 3358 2575 3423 δὲ,
2602 3358 2686 3411 ὅτι
2749 3357 2843 3412 δύο
2892 3357 3043 3411 ἐστὶν
3107 3359 3137 3410 6
3194 3353 3386 3423 Πατήρ
3433 3353 3528 3408 καὶ
3570 3355 3601 3406 6
3641 3353 3794 3420 Υἱὸς,

2207 3445 2420 3500 ἀκούων
2443 3462 2526 3510 τις
2550 3443 2846 3509 διαϐάλλοι,
2872 3444 2947 3506 ὼς
2970 3441 3062 3495 δύο
3106 3440 3242 3494 θεῶν
3269 3439 3786 3509 καταγγελλομένων

2207 3538 2471 3609 (τοιαῦτα
2505 3539 2612 3607 γάρ
2641 3554 2783 3600 τινες
2813 3537 3027 3598 ἑαυτοῖς
3066 3532 3519 3596 ἀναπλάττονται,
3555 3531 3643 3584 mi.
3672 3529 3781 3583 εὐ·-

2208 3628 2344 3693 Οὲως
2377 3629 2625 3699 γελῶσιν,
2658 3630 2740 3683 ὅτι
2774 3626 2878 3680 Δύο
2905 3625 3061 3690 θεοὺς
3096 3625 3342 3695 1.47513)-
3397 3623 3618 3678 λεκτέον
3647 3621 3791 3693 ’πρὸς

2205 3722 2333 3786 τοὺς
2362 3723 2635 3785 τοιούτους
2654 3740 2666 3751 ·
2700 3722 2762 3774 Εἰ
2790 3724 2819 3775 ό
2852 3719 3072 3789 Πατέρα
3100 3720 3194 3773 καὶ
3218 3718 3345 3772 Υἰὸν
3372 3716 3659 3787 γινώσκων
3696 3716 3799 3770 δύο

2206 3814 2362 3878 θεοὺς
2388 3814 2534 3883 λέγει
2562 3845 2579 3874 .
2727 3812 2846 3884 ὥρα
2869 3812 2964 3865 καὶ
3006 3809 3098 3863 τὸν
3128 3810 3356 3878 λέγοντα
3386 3810 3503 3872 ἕνα,
3542 3808 3800 3878 ἀναιρεῖν

2203 3908 2293 3960 τὸν
2320 3906 2468 3971 Υἱδν,
2494 3906 2589 3959 καὶ
2620 3904 2976 3968 Σαϐελλίζειν.
3006 3903 3070 3956 Εἰ
3104 3902 3212 3972 γὰρ
3241 3902 3268 3953 6
3296 3901 3470 3969 λέγων
3508 3898 3625 3962 δύο,
3656 3899 3797 3951 ,Ἑλ-

2203 3997 2433 4068 ληνίζει,
2466 3995 2662 4050 οὐκοῦν
2704 3997 2733 4048 6
2772 3995 2945 4062 λέγων
2991 3994 3049 4048 ἓν
3241 3990 3574 4053 Σαϐελλίζει.
3617 3989 3800 4043 Τοῦτο

2201 4092 2257 4145 δὲ
2279 4093 2378 4145 οὐκ
2407 4090 2555 4152 ἐστι’
2591 4090 2665 4161 μὴ
2689 4090 2897 4159 γένοιτο
2921 4089 2934 4140 ι
2963 4087 3076 4142 ἀλλ’
3102 4087 3291 4156 ὥσπερ
3317 4088 3343 4139 6
3366 4085 3540 4153 λέγων
3567 4086 3800 4154 Πατέρα

522 4168 791 4224 bellianus
820 4180 923 4226 est.
952 4169 1150 4226 Verum
1183 4189 1291 4228 non
1320 4175 1395 4230 ita
1435 4192 1495 4231 se
1543 4193 1630 4233 res
1681 4178 1879 4245 habet;
1906 4180 2051 4235 absit
2083 4183 2095 4236 l

2203 4184 2295 4237 καὶ
2333 4183 2463 4236 Υἰὸν
2502 4182 2597 4236 δύο
2630 4181 2727 4235 ἕνα
2777 4180 2911 4233 Θεὸν
2960 4180 3133 4248 λέγει,
3177 4176 3348 4240 οὕτως
3391 4179 3420 4231 6
3473 4175 3648 4243 λέγων
3694 4175 3799 4230 ἕνα

522 4258 618 4314 sed
647 4261 1108 4330 quemadmodum
1144 4262 1212 4329 is,
1241 4264 1333 4336 qui
1364 4265 1579 4324 Patrem
1624 4277 1674 4323 et
1709 4270 1909 4325 Filium
1962 4273 2101 4331 duos

521 4366 644 4407 esse
664 4354 931 4423 agnoscit,
956 4371 1124 4411 unum
1160 4357 1328 4414 Deum
1364 4375 1490 4416 esse
1523 4365 1858 4420 confitetur:
1899 4367 1971 4420 ita
2010 4366 2102 4422 ille

522 4444 615 4512 qui
646 4443 817 4500 Deum
842 4462 1011 4502 unum
1041 4451 1234 4514 credit,
1272 4451 1485 4508 Patrem
1504 4464 1558 4509 et
1591 4455 1786 4512 Filium
1819 4458 1959 4514 duos
1988 4475 2104 4515 cre-

520 4535 613 4591 dat
643 4552 784 4602 esse,
819 4538 914 4594 sed
944 4556 1113 4596 unum
1143 4543 1445 4612 divinitate,
1480 4559 1535 4603 et
1558 4558 1829 4618 quatenus
1853 4566 1918 4605 ex
1938 4550 2099 4608 Patre

520 4636 709 4684 natum
742 4628 1003 4693 Verbum.
1035 4634 1105 4687 ab
1137 4635 1447 4704 ipso-Patre
1485 4654 1585 4695 nec
1618 4643 1861 4710 separari
1887 4659 1986 4697 nec
2015 4644 2099 4698 di-

521 4718 629 4773 vidi
668 4735 770 4776 nec
798 4720 1009 4789 sejungi
1041 4731 1238 4793 potest.
1267 4723 1538 4795 Humano,
1571 4728 1617 4783 si
1650 4732 1845 4798 placet,
1877 4742 2100 4786 utamur

520 4810 789 4877 exemplo.
819 4811 964 4880 ignis
992 4820 1047 4867 et
1078 4814 1338 4883 splendor
1362 4831 1430 4870 ex
1453 4832 1520 4871 eo
1541 4830 1716 4885 ortus,
1736 4821 1847 4876 duo
1874 4822 2095 4891 quidem

521 4909 650 4955 sunt
680 4910 948 4976 quatenus
976 4906 1244 4961 exsistunt
1275 4916 1331 4962 et
1371 4918 1672 4965 cernuntur
1703 4930 1717 4965 :
1752 4928 1924 4971 unum
1958 4930 2089 4970 vero

521 4993 629 5049 vidi
658 5004 853 5065 potest.

642 5095 770 5161 Qua:
791 5101 1040 5171 objiciunt
1069 5104 1278 5160 Ariani.
1326 5105 1411 5160 Ea:
1433 5107 1608 5175 primo
1640 5108 1877 5173 eiusdem

1189 5179 1241 5229 in
1262 5193 1347 5231 eos
1368 5176 1520 5231 libro.

583 5253 958 5330 Sinunquam,
992 5262 1269 5333 inquiunt.
1295 5265 1416 5332 fuit,
1446 5284 1570 5323 cum
1592 5286 1699 5323 nun
1729 5283 1874 5326 esset
1902 5272 1929 5326 Ρ
1948 5275 2094 5341 ilius,

511 5348 605 5402 sed
633 5363 870 5407 aeternus
898 5364 1075 5422 est,et
1103 5358 1265 5413 simul
1288 5374 1412 5412 cum
1441 5361 1603 5415 Patre
1632 5370 1736 5427 est,
1762 5380 1871 5421 non
1899 5365 2095 5422 tilium

510 5443 604 5497 sed
647 5443 869 5503 fratrem
901 5451 1080 5507 Patris
1117 5453 1476 5508 constituitis.
1521 5454 1684 5511 Stult:
1725 5457 1982 5514 homines
2037 5467 2094 5515 et

510 5532 754 5608 litigiosi,
794 5540 839 5595 si
866 5551 1130 5601 aeternum
1170 5547 1471 5613 duntaxat,
1509 5563 1619 5603 non
1656 5565 1841 5607 autem
1894 5551 2092 5609 Filium

587 5713 604 5745 '
631 5714 790 5774 Joan.
840 5735 895 5787 ι,
920 5721 1012 5779 50.

2201 4275 2333 4330 Θεὸν
2377 4274 2470 4328 δύο
2503 4273 2795 4344 φρονείτω.
2946 4271 3171 4342 Πατέρα
3216 4269 3309 4323 καὶ
3355 4268 3504 4333 Υἱὸν,
3547 4266 3605 4319 ἒν
3631 4266 3800 4331 ὄντας

2199 4372 2264 4441 τῇ
2289 4368 2524 4439 θεότητι,
2564 4367 2658 4420 καὶ⁹
2683 4364 2761 4437 τῷ
2789 4363 2851 4430 ἐξ
2874 4364 3040 4419 αὐτοῦ
3080 4362 3381 4434 ἀμέριστον
3424 4361 3517 4417 καὶ
3545 4359 3793 4431 ἀδιαιρεο-

2199 4475 2292 4512 τον
2318 4456 2415 4511 καὶ
2447 4455 2751 4528 ἀχώριστον
2782 4451 2920 4508 εἶναι
2950 4455 3040 4508 τὸν
3071 4455 3242 4523 Λόγον
3274 4450 3382 4505 ἀπὸ
3425 4450 3516 4504 τοῦ
3546 4451 3792 4522 Πατρός.

2203 4550 2387 4602 Ἔστω
2407 4549 2465 4602 δὲ.
2498 4547 2848 4620 παράδειγμα
2884 4544 3244 4618 ἀνθρώπινον,
3270 4543 3331 4596 τὸ
3363 4541 3475 4613 πῦρ
3503 4542 3600 4595 καὶ
3626 4541 3690 4594 τὸ
3729 4541 3795 4609 ἐξ

2199 4639 2364 4695 αὑτοῦ
2394 4639 2761 4709 ἀπαύγασμα,
2788 4636 2881 4691 δύο
2908 4637 3008 4708 μὲν
3029 4630 3109 4707 τῷ
3136 4631 3274 4688 εἶναι
3303 4633 3400 4686 καὶ
3438 4632 3693 4703 ὁρᾶσθαι,
3730 4631 3796 4687 ἓν

2202 4734 2262 4786 δὲ
2291 4732 2368 4803 τῷ
2408 4731 2468 4795 ἐξ
2495 4730 2661 4785 αὑτοῦ
2820 4770 2823 4773 -
2855 4729 2949 4784 καὶ
2984 4728 3288 4799 ἀδιαίρετον
3337 4721 3479 4781 εἶναι
3516 4725 3577 4780 τὸ
3609 4726 3801 4781 ἀπαύ-

2204 4837 2397 4892 γασμα
2424 4819 2609 4873 αὑτοῦ.

2127 4924 2276 4979 sunt,
2306 4922 2577 4985 quatenus
2604 4912 2864 4984 splendor
2893 4912 2963 4968 ab
2991 4913 3115 4983 igne
3167 4920 3277 4979 est,
3329 4928 3431 4969 nec
3460 4911 3530 4968 ab
3580 4925 3647 4966 eo
3706 4909 3803 4965 di-

2216 5115 2547 5183 ’Λντιθεσις
2600 5117 2913 5193 Ἆρειανῷν
2952 5118 3022 5171 ἐκ
3040 5192 3045 5193 γ
3062 5117 3171 5172 τοῦ
3216 5120 3453 5186 πρώτου
3504 5119 3636 5173 κατ’
3680 5122 3811 5193 αὐτ

2805 5188 2925 5243 τῶν
2971 5192 3177 5256 λόγου.

2273 5278 2335 5330 Et
2361 5277 2435 5347 μὴ
2453 5272 2519 5349 ἦν
2545 5295 2697 5346 ποτε,
2720 5279 2811 5333 ὅτε
2841 5282 2940 5335 οὐκ
2955 5276 3044 5350 ἦν,
3069 5282 3183 5334 ἀλλ’
3211 5281 3382 5346 ἀϊδιός
3407 5284 3554 5334 ἐστιν
3574 5283 3602 5334 6
3634 5280 3790 5345 Υἱὸς,

2203 5370 2299 5423 καὶ
2331 5373 2668 5443 συνυπάρχει
2705 5372 2778 5441 τῷ
2812 5374 3015 5444 Πατρὶ,
3053 5375 3154 5429 οὐκ
3187 5374 3266 5429 ἔτι
3302 5376 3450 5440 Υἰὸν,
3479 5374 3594 5428 ἀλλ’
3625 5375 3794 5428 ἀδελο

2203 5467 2301 5534 φόν
2340 5461 2484 5521 εἶναι
2519 5467 2622 5521 τοῦ
2685 5468 2898 5539 [ἰατρὸς
2937 5468 3124 5538 λέγετε
3171 5470 3355 5525 αὐτόν.
3404 5469 3647 5539 ’Λνόιιτοι
3688 5468 3794 5521 καὶ

2201 5558 2517 5629 φιλόνεικοι,
2548 5561 2597 5614 ει
2636 5561 2742 5633 μιν
2773 5562 2962 5627 ἀϊόἱως
3004 5566 3247 5619 συνεῖναι
3290 5563 3452 5634 μόνον
3476 5560 3792 5618 αὑτὸνίὲλέμ
