  <div class='ocr_page' id='page_1' title='image "/cluster/home/n/w/nwhite01/storage/ocr_20150623/130:no.3/coo.31924054870351/184.png"; bbox 0 0 4126 6416; ppageno 0'>
   <div class='ocr_carea' id='block_1_1' title="bbox 276 304 385 370">
    <p class='ocr_par' dir='ltr' id='par_1_1' title="bbox 276 304 385 370">
     <span class='ocr_line' id='line_1_1' title="bbox 276 304 385 370; baseline 0.018 -2"><span class='ocrx_word' id='word_1_1' title='bbox 276 304 385 370; x_wconf 68' lang='grc'><strong>349</strong></span> 
     </span>
    </p>
   </div>
   <div class='ocr_carea' id='block_1_2' title="bbox 274 429 1837 531">
    <p class='ocr_par' dir='ltr' id='par_1_2' title="bbox 274 429 1837 531">
     <span class='ocr_line' id='line_1_2' title="bbox 274 429 1837 531; baseline 0.026 -57"><span class='ocrx_word' id='word_1_2' title='bbox 274 429 467 529; x_wconf 57' lang='grc' dir='ltr'>γορεν,</span> <span class='ocrx_word' id='word_1_3' title='bbox 516 430 608 483; x_wconf 67' lang='grc' dir='ltr'><strong>καὶ</strong></span> <span class='ocrx_word' id='word_1_4' title='bbox 651 432 743 531; x_wconf 37' lang='grc' dir='ltr'><strong>μὴ-</strong></span> <span class='ocrx_word' id='word_1_5' title='bbox 778 435 935 500; x_wconf 80' lang='lat' dir='ltr'><strong>Tibv,</strong></span> <span class='ocrx_word' id='word_1_6' title='bbox 984 442 1185 515; x_wconf 83' lang='grc' dir='ltr'>πιθανή</span> <span class='ocrx_word' id='word_1_7' title='bbox 1219 464 1300 511; x_wconf 89' lang='grc' dir='ltr'><strong>τις</strong></span> <span class='ocrx_word' id='word_1_8' title='bbox 1344 447 1414 520; x_wconf 75' lang='grc' dir='ltr'>ἦν</span> <span class='ocrx_word' id='word_1_9' title='bbox 1445 456 1624 508; x_wconf 83' lang='grc' dir='ltr'>αὐτῶν</span> <span class='ocrx_word' id='word_1_10' title='bbox 1662 461 1693 529; x_wconf 79' lang='grc' dir='ltr'>ἠ</span> <span class='ocrx_word' id='word_1_11' title='bbox 1734 464 1837 531; x_wconf 66' lang='grc' dir='ltr'>πρὸ</span> 
     </span>
    </p>
   </div>
   <div class='ocr_carea' id='block_1_3' title="bbox 273 527 1870 618">
    <p class='ocr_par' dir='ltr' id='par_1_3' title="bbox 273 527 1870 618">
     <span class='ocr_line' id='line_1_3' title="bbox 273 527 1870 618; baseline 0.024 -49"><span class='ocrx_word' id='word_1_12' title='bbox 273 527 465 618; x_wconf 63' lang='grc' dir='ltr'>τοῦτον</span> <span class='ocrx_word' id='word_1_13' title='bbox 500 527 881 618; x_wconf 61' lang='grc' dir='ltr'>ττροσποίητος</span> <span class='ocrx_word' id='word_1_14' title='bbox 916 534 1179 591; x_wconf 73' lang='grc' dir='ltr'>εὐλάϐεια</span> <span class='ocrx_word' id='word_1_15' title='bbox 1202 555 1216 569; x_wconf 90' lang='grc'><strong>·</strong></span> <span class='ocrx_word' id='word_1_16' title='bbox 1247 545 1296 593; x_wconf 80' lang='grc' dir='ltr'>εἰ</span> <span class='ocrx_word' id='word_1_17' title='bbox 1332 544 1387 595; x_wconf 80' lang='grc' dir='ltr'>δὲ</span> <span class='ocrx_word' id='word_1_18' title='bbox 1417 547 1588 602; x_wconf 79' lang='grc' dir='ltr'>ἀΐδιον</span> <span class='ocrx_word' id='word_1_19' title='bbox 1619 527 1870 618; x_wconf 75' lang='grc' dir='ltr'>λέγοντες</span> 
     </span>
    </p>
   </div>
   <div class='ocr_carea' id='block_1_4' title="bbox 269 612 1871 714">
    <p class='ocr_par' dir='ltr' id='par_1_4' title="bbox 269 612 1871 714">
     <span class='ocr_line' id='line_1_4' title="bbox 269 612 1871 714; baseline 0.026 -55"><span class='ocrx_word' id='word_1_20' title='bbox 269 612 647 714; x_wconf 27' lang='lat' dir='ltr'><strong>«ﬁrmarat?er</strong></span> <span class='ocrx_word' id='word_1_21' title='bbox 679 619 847 674; x_wconf 84' lang='grc' dir='ltr'>αὐτὸν</span> <span class='ocrx_word' id='word_1_22' title='bbox 876 624 1007 678; x_wconf 77' lang='grc' dir='ltr'>Υίὸν</span> <span class='ocrx_word' id='word_1_23' title='bbox 1035 630 1100 681; x_wconf 86' lang='grc' dir='ltr'>ὲκ</span> <span class='ocrx_word' id='word_1_24' title='bbox 1127 631 1357 703; x_wconf 83' lang='grc' dir='ltr'>Πατρὸς,</span> <span class='ocrx_word' id='word_1_25' title='bbox 1387 639 1502 702; x_wconf 85' lang='grc' dir='ltr'><strong>πῶς</strong></span> <span class='ocrx_word' id='word_1_26' title='bbox 1534 643 1562 695; x_wconf 99' lang='lat'><strong>6</strong></span> <span class='ocrx_word' id='word_1_27' title='bbox 1589 612 1871 714; x_wconf 65' lang='grc' dir='ltr'>γεννηθεὶς</span> 
     </span>
    </p>
   </div>
   <div class='ocr_carea' id='block_1_5' title="bbox 271 703 1871 799">
    <p class='ocr_par' dir='ltr' id='par_1_5' title="bbox 271 703 1871 799">
     <span class='ocr_line' id='line_1_5' title="bbox 271 703 1871 799; baseline 0.025 -46"><span class='ocrx_word' id='word_1_28' title='bbox 271 703 502 799; x_wconf 58' lang='grc' dir='ltr'>ἀθελςρὸς</span> <span class='ocrx_word' id='word_1_29' title='bbox 530 708 627 762; x_wconf 78' lang='grc' dir='ltr'>τοῦ</span> <span class='ocrx_word' id='word_1_30' title='bbox 653 715 1025 784; x_wconf 73' lang='grc' dir='ltr'>γεννήσαντος</span> <span class='ocrx_word' id='word_1_31' title='bbox 1045 721 1272 779; x_wconf 78' lang='grc' dir='ltr'>δύναται</span> <span class='ocrx_word' id='word_1_32' title='bbox 1306 703 1625 797; x_wconf 71' lang='grc' dir='ltr'>νομίζεσθαι</span> <span class='ocrx_word' id='word_1_33' title='bbox 1647 752 1663 799; x_wconf 85' lang='lat'><strong>;</strong></span> <span class='ocrx_word' id='word_1_34' title='bbox 1692 703 1802 791; x_wconf 72' lang='grc' dir='ltr'>καὶ</span> <span class='ocrx_word' id='word_1_35' title='bbox 1821 703 1871 793; x_wconf 79' lang='grc' dir='ltr'><strong>εί</strong></span> 
     </span>
    </p>
   </div>
   <div class='ocr_carea' id='block_1_6' title="bbox 282 797 1874 890">
    <p class='ocr_par' dir='ltr' id='par_1_6' title="bbox 282 797 1874 890">
     <span class='ocr_line' id='line_1_6' title="bbox 282 797 1874 890; baseline 0.024 -45"><span class='ocrx_word' id='word_1_36' title='bbox 282 797 358 856; x_wconf 81' lang='grc' dir='ltr'><strong>είς</strong></span> <span class='ocrx_word' id='word_1_37' title='bbox 392 798 634 868; x_wconf 85' lang='grc' dir='ltr'>Πατέρα,</span> <span class='ocrx_word' id='word_1_38' title='bbox 689 805 789 857; x_wconf 77' lang='grc' dir='ltr'>καὶ</span> <span class='ocrx_word' id='word_1_39' title='bbox 829 808 958 860; x_wconf 73' lang='grc' dir='ltr'>Υίὸν</span> <span class='ocrx_word' id='word_1_40' title='bbox 1004 813 1151 866; x_wconf 78' lang='grc' dir='ltr'>ἐστιν</span> <span class='ocrx_word' id='word_1_41' title='bbox 1201 818 1358 885; x_wconf 72' lang='grc' dir='ltr'>ἡμῶν</span> <span class='ocrx_word' id='word_1_42' title='bbox 1414 823 1444 890; x_wconf 86' lang='grc' dir='ltr'>ἡ</span> <span class='ocrx_word' id='word_1_43' title='bbox 1493 797 1693 890; x_wconf 82' lang='grc' dir='ltr'>πίστις,</span> <span class='ocrx_word' id='word_1_44' title='bbox 1744 829 1874 884; x_wconf 82' lang='grc' dir='ltr'>ποία</span> 
     </span>
    </p>
   </div>
   <div class='ocr_carea' id='block_1_7' title="bbox 280 886 1871 985">
    <p class='ocr_par' dir='ltr' id='par_1_7' title="bbox 280 886 1871 985">
     <span class='ocr_line' id='line_1_7' title="bbox 280 886 1871 985; baseline 0.021 -49"><span class='ocrx_word' id='word_1_45' title='bbox 280 886 581 959; x_wconf 69' lang='grc' dir='ltr'>ἀδελφότης</span> <span class='ocrx_word' id='word_1_46' title='bbox 607 893 668 943; x_wconf 81' lang='grc' dir='ltr'><strong>ὲν</strong></span> <span class='ocrx_word' id='word_1_47' title='bbox 692 894 911 960; x_wconf 74' lang='grc' dir='ltr'>τούτοις</span> <span class='ocrx_word' id='word_1_48' title='bbox 939 902 1116 964; x_wconf 82' lang='grc' dir='ltr'>ὲστίν;</span> <span class='ocrx_word' id='word_1_49' title='bbox 1158 904 1226 957; x_wconf 85' lang='grc' dir='ltr'>Ἦ</span> <span class='ocrx_word' id='word_1_50' title='bbox 1258 907 1375 968; x_wconf 84' lang='grc' dir='ltr'>πῶς</span> <span class='ocrx_word' id='word_1_51' title='bbox 1397 909 1619 966; x_wconf 76' lang='grc' dir='ltr'>δύναται</span> <span class='ocrx_word' id='word_1_52' title='bbox 1644 918 1669 966; x_wconf 82' lang='grc' dir='ltr'>ὁ</span> <span class='ocrx_word' id='word_1_53' title='bbox 1701 917 1871 985; x_wconf 80' lang='grc' dir='ltr'>Λόγος</span> 
     </span>
    </p>
   </div>
   <div class='ocr_carea' id='block_1_8' title="bbox 284 980 1871 1079">
    <p class='ocr_par' dir='ltr' id='par_1_8' title="bbox 284 980 1871 1079">
     <span class='ocr_line' id='line_1_8' title="bbox 284 980 1871 1079; baseline 0.021 -49"><span class='ocrx_word' id='word_1_54' title='bbox 284 980 508 1079; x_wconf 54' lang='grc' dir='ltr'>αδελφδς</span> <span class='ocrx_word' id='word_1_55' title='bbox 531 982 797 1053; x_wconf 78' lang='grc' dir='ltr'>λέγεσθαι</span> <span class='ocrx_word' id='word_1_56' title='bbox 831 991 1044 1054; x_wconf 75' lang='grc' dir='ltr'>τούτου,</span> <span class='ocrx_word' id='word_1_57' title='bbox 1072 988 1132 1073; x_wconf 70' lang='grc' dir='ltr'>οὗ</span> <span class='ocrx_word' id='word_1_58' title='bbox 1160 1000 1251 1049; x_wconf 69' lang='grc' dir='ltr'><strong>καὶ</strong></span> <span class='ocrx_word' id='word_1_59' title='bbox 1279 999 1394 1053; x_wconf 75' lang='grc' dir='ltr'>ἐςτι</span> <span class='ocrx_word' id='word_1_60' title='bbox 1424 1003 1629 1072; x_wconf 84' lang='grc' dir='ltr'>Λόγος;</span> <span class='ocrx_word' id='word_1_61' title='bbox 1660 1005 1738 1060; x_wconf 79' lang='grc' dir='ltr'><strong>Οὐ</strong></span> <span class='ocrx_word' id='word_1_62' title='bbox 1763 980 1871 1079; x_wconf 78' lang='grc' dir='ltr'>γὰρ</span> 
     </span>
    </p>
   </div>
   <div class='ocr_carea' id='block_1_9' title="bbox 296 1074 1873 1166">
    <p class='ocr_par' dir='ltr' id='par_1_9' title="bbox 296 1074 1873 1166">
     <span class='ocr_line' id='line_1_9' title="bbox 296 1074 1873 1166; baseline 0.022 -44"><span class='ocrx_word' id='word_1_63' title='bbox 296 1074 361 1124; x_wconf 75' lang='grc' dir='ltr'>ἔκ</span> <span class='ocrx_word' id='word_1_64' title='bbox 393 1091 525 1138; x_wconf 60' lang='grc' dir='ltr'>τινος</span> <span class='ocrx_word' id='word_1_65' title='bbox 557 1080 741 1149; x_wconf 78' lang='grc' dir='ltr'>ἀρχῆς</span> <span class='ocrx_word' id='word_1_66' title='bbox 776 1088 1242 1160; x_wconf 80' lang='grc' dir='ltr'><strong>προϋπαρχούσης</strong></span> <span class='ocrx_word' id='word_1_67' title='bbox 1275 1096 1301 1145; x_wconf 84' lang='grc' dir='ltr'>ὀ</span> <span class='ocrx_word' id='word_1_68' title='bbox 1335 1097 1523 1166; x_wconf 86' lang='grc' dir='ltr'>Πατὴρ</span> <span class='ocrx_word' id='word_1_69' title='bbox 1556 1102 1647 1153; x_wconf 73' lang='grc' dir='ltr'><strong>καὶ</strong></span> <span class='ocrx_word' id='word_1_70' title='bbox 1682 1102 1709 1152; x_wconf 91' lang='lat'><strong>6</strong></span> <span class='ocrx_word' id='word_1_71' title='bbox 1746 1074 1873 1165; x_wconf 29' lang='lat' dir='ltr'><strong>Tibi:</strong></span> 
     </span>
    </p>
   </div>
   <div class='ocr_carea' id='block_1_10' title="bbox 297 1168 1873 1267">
    <p class='ocr_par' dir='ltr' id='par_1_10' title="bbox 297 1168 1873 1267">
     <span class='ocr_line' id='line_1_10' title="bbox 297 1168 1873 1267; baseline 0.02 -51"><span class='ocrx_word' id='word_1_72' title='bbox 297 1168 683 1267; x_wconf 58' lang='grc' dir='ltr'>εγεννήθησαν,</span> <span class='ocrx_word' id='word_1_73' title='bbox 726 1168 812 1228; x_wconf 75' lang='grc' dir='ltr'>ἵνα</span> <span class='ocrx_word' id='word_1_74' title='bbox 836 1178 1054 1247; x_wconf 72' lang='grc' dir='ltr'><strong>ἀδελφοὶ</strong></span> <span class='ocrx_word' id='word_1_75' title='bbox 1084 1184 1434 1253; x_wconf 71' lang='grc' dir='ltr'>νομισθῶσιν,</span> <span class='ocrx_word' id='word_1_76' title='bbox 1468 1189 1583 1242; x_wconf 85' lang='grc' dir='ltr'><strong>ἀλλ’</strong></span> <span class='ocrx_word' id='word_1_77' title='bbox 1621 1194 1649 1244; x_wconf 92' lang='lat'><strong>6</strong></span> <span class='ocrx_word' id='word_1_78' title='bbox 1684 1195 1873 1267; x_wconf 80' lang='grc' dir='ltr'>Πατὴρ</span> 
     </span>
    </p>
   </div>
   <div class='ocr_carea' id='block_1_11' title="bbox 292 1262 1875 1355">
    <p class='ocr_par' dir='ltr' id='par_1_11' title="bbox 292 1262 1875 1355">
     <span class='ocr_line' id='line_1_11' title="bbox 292 1262 1875 1355; baseline 0.02 -45"><span class='ocrx_word' id='word_1_79' title='bbox 292 1262 426 1330; x_wconf 70' lang='grc' dir='ltr'><strong>ἀρχή</strong></span> <span class='ocrx_word' id='word_1_80' title='bbox 458 1263 552 1315; x_wconf 73' lang='grc' dir='ltr'>τοῦ</span> <span class='ocrx_word' id='word_1_81' title='bbox 581 1265 717 1319; x_wconf 83' lang='grc' dir='ltr'><strong>Υἱοῦ</strong></span> <span class='ocrx_word' id='word_1_82' title='bbox 752 1271 1128 1345; x_wconf 68' lang='grc' dir='ltr'>καὶγεννητής</span> <span class='ocrx_word' id='word_1_83' title='bbox 1160 1278 1301 1333; x_wconf 77' lang='grc' dir='ltr'>ἐστι.</span> <span class='ocrx_word' id='word_1_84' title='bbox 1343 1281 1453 1335; x_wconf 61' lang='lat' dir='ltr'><strong>Kal.</strong></span> <span class='ocrx_word' id='word_1_85' title='bbox 1485 1286 1512 1335; x_wconf 89' lang='lat'><strong>6</strong></span> <span class='ocrx_word' id='word_1_86' title='bbox 1544 1285 1733 1355; x_wconf 77' lang='grc' dir='ltr'>Πατὴρ</span> <span class='ocrx_word' id='word_1_87' title='bbox 1766 1262 1875 1341; x_wconf 55' lang='lat' dir='ltr'><strong>ni.</strong></span> 
     </span>
    </p>
   </div>
   <div class='ocr_carea' id='block_1_12' title="bbox 282 1355 1873 1444">
    <p class='ocr_par' dir='ltr' id='par_1_12' title="bbox 282 1355 1873 1444">
     <span class='ocr_line' id='line_1_12' title="bbox 282 1355 1873 1444; baseline 0.02 -42"><span class='ocrx_word' id='word_1_88' title='bbox 282 1355 387 1422; x_wconf 74' lang='grc' dir='ltr'>τήρ</span> <span class='ocrx_word' id='word_1_89' title='bbox 424 1356 566 1421; x_wconf 75' lang='grc' dir='ltr'>ἐστι,</span> <span class='ocrx_word' id='word_1_90' title='bbox 610 1360 707 1414; x_wconf 70' lang='grc' dir='ltr'>καὶ</span> <span class='ocrx_word' id='word_1_91' title='bbox 749 1362 847 1432; x_wconf 79' lang='grc' dir='ltr'>οὐχ</span> <span class='ocrx_word' id='word_1_92' title='bbox 884 1365 1008 1429; x_wconf 86' lang='grc' dir='ltr'>Υἱὸς</span> <span class='ocrx_word' id='word_1_93' title='bbox 1036 1370 1253 1437; x_wconf 73' lang='grc' dir='ltr'>γέγονε.</span> <span class='ocrx_word' id='word_1_94' title='bbox 1291 1374 1398 1425; x_wconf 80' lang='grc' dir='ltr'>Καὶ</span> <span class='ocrx_word' id='word_1_95' title='bbox 1429 1375 1457 1425; x_wconf 96' lang='lat'><strong>6</strong></span> <span class='ocrx_word' id='word_1_96' title='bbox 1487 1375 1613 1440; x_wconf 72' lang='grc' dir='ltr'>Υίὺς</span> <span class='ocrx_word' id='word_1_97' title='bbox 1641 1378 1697 1429; x_wconf 79' lang='grc' dir='ltr'><strong>δὲ</strong></span> <span class='ocrx_word' id='word_1_98' title='bbox 1749 1379 1873 1444; x_wconf 82' lang='grc' dir='ltr'>Υἱός</span> 
     </span>
    </p>
   </div>
   <div class='ocr_carea' id='block_1_13' title="bbox 281 1448 994 1523">
    <p class='ocr_par' dir='ltr' id='par_1_13' title="bbox 281 1448 994 1523">
     <span class='ocr_line' id='line_1_13' title="bbox 281 1448 994 1523; baseline 0.015 -24"><span class='ocrx_word' id='word_1_99' title='bbox 281 1448 429 1514; x_wconf 80' lang='grc' dir='ltr'>ἐστι,</span> <span class='ocrx_word' id='word_1_100' title='bbox 471 1451 571 1503; x_wconf 74' lang='grc' dir='ltr'><strong>καὶ</strong></span> <span class='ocrx_word' id='word_1_101' title='bbox 604 1452 707 1505; x_wconf 77' lang='grc' dir='ltr'><strong>οὐκ</strong></span> <span class='ocrx_word' id='word_1_102' title='bbox 744 1455 994 1523; x_wconf 79' lang='grc' dir='ltr'>ἁδελφός.</span> 
     </span>
    </p>
   </div>
   <div class='ocr_carea' id='block_1_14' title="bbox 404 1563 1766 1650">
    <p class='ocr_par' dir='ltr' id='par_1_14' title="bbox 404 1563 1766 1650">
     <span class='ocr_line' id='line_1_14' title="bbox 404 1563 1766 1650; baseline 0.015 -33"><span class='ocrx_word' id='word_1_103' title='bbox 404 1563 505 1617; x_wconf 79' lang='grc' dir='ltr'><strong>ἐκ</strong></span> <span class='ocrx_word' id='word_1_104' title='bbox 533 1566 647 1621; x_wconf 79' lang='grc' dir='ltr'>τοῦ</span> <span class='ocrx_word' id='word_1_105' title='bbox 668 1569 860 1623; x_wconf 82' lang='grc' dir='ltr'>αὐτοῦ</span> <span class='ocrx_word' id='word_1_106' title='bbox 886 1573 1073 1640; x_wconf 71' lang='grc' dir='ltr'>λόγου</span> <span class='ocrx_word' id='word_1_107' title='bbox 1095 1576 1399 1645; x_wconf 77' lang='grc' dir='ltr'><strong>ἀντίθεσις</strong></span> <span class='ocrx_word' id='word_1_108' title='bbox 1439 1583 1766 1650; x_wconf 75' lang='grc' dir='ltr'>Ἀρειανῶν.</span> 
     </span>
    </p>
   </div>
   <div class='ocr_carea' id='block_1_15' title="bbox 349 1656 1873 1745">
    <p class='ocr_par' dir='ltr' id='par_1_15' title="bbox 349 1656 1873 1745">
     <span class='ocr_line' id='line_1_15' title="bbox 349 1656 1873 1745; baseline 0.014 -36"><span class='ocrx_word' id='word_1_109' title='bbox 349 1656 419 1710; x_wconf 81' lang='grc' dir='ltr'><strong>Εἰ</strong></span> <span class='ocrx_word' id='word_1_110' title='bbox 463 1658 719 1729; x_wconf 73' lang='grc' dir='ltr'>γέννημα</span> <span class='ocrx_word' id='word_1_111' title='bbox 751 1665 897 1716; x_wconf 77' lang='grc' dir='ltr'>ἐστιν</span> <span class='ocrx_word' id='word_1_112' title='bbox 934 1668 961 1718; x_wconf 93' lang='lat'><strong>6</strong></span> <span class='ocrx_word' id='word_1_113' title='bbox 1000 1664 1127 1728; x_wconf 74' lang='lat' dir='ltr'><strong>Tib;</strong></span> <span class='ocrx_word' id='word_1_114' title='bbox 1164 1669 1256 1722; x_wconf 79' lang='grc' dir='ltr'>τοῦ</span> <span class='ocrx_word' id='word_1_115' title='bbox 1296 1673 1529 1742; x_wconf 79' lang='grc' dir='ltr'>Πατρὺς,</span> <span class='ocrx_word' id='word_1_116' title='bbox 1562 1680 1656 1728; x_wconf 75' lang='grc' dir='ltr'>καὶ</span> <span class='ocrx_word' id='word_1_117' title='bbox 1689 1677 1873 1745; x_wconf 78' lang='grc' dir='ltr'>εἰκὼν,</span> 
     </span>
    </p>
   </div>
   <div class='ocr_carea' id='block_1_16' title="bbox 283 1750 1875 1837">
    <p class='ocr_par' dir='ltr' id='par_1_16' title="bbox 283 1750 1875 1837">
     <span class='ocr_line' id='line_1_16' title="bbox 283 1750 1875 1837; baseline 0.014 -37"><span class='ocrx_word' id='word_1_118' title='bbox 283 1750 375 1801; x_wconf 67' lang='grc' dir='ltr'>καὶ</span> <span class='ocrx_word' id='word_1_119' title='bbox 402 1751 603 1818; x_wconf 73' lang='grc' dir='ltr'>ὅμοιός</span> <span class='ocrx_word' id='word_1_120' title='bbox 650 1755 769 1807; x_wconf 78' lang='grc' dir='ltr'>ἐστι</span> <span class='ocrx_word' id='word_1_121' title='bbox 822 1759 966 1810; x_wconf 72' lang='grc' dir='ltr'>κατὰ</span> <span class='ocrx_word' id='word_1_122' title='bbox 1016 1761 1191 1812; x_wconf 78' lang='grc' dir='ltr'>πάντα</span> <span class='ocrx_word' id='word_1_123' title='bbox 1238 1763 1332 1814; x_wconf 88' lang='grc' dir='ltr'>τοῦ</span> <span class='ocrx_word' id='word_1_124' title='bbox 1391 1764 1621 1835; x_wconf 73' lang='grc' dir='ltr'>Πατρὸς,</span> <span class='ocrx_word' id='word_1_125' title='bbox 1673 1769 1875 1837; x_wconf 67' lang='grc' dir='ltr'>ὀφείλει</span> 
     </span>
    </p>
   </div>
   <div class='ocr_carea' id='block_1_17' title="bbox 293 1842 1881 1925">
    <p class='ocr_par' dir='ltr' id='par_1_17' title="bbox 293 1842 1881 1925">
     <span class='ocr_line' id='line_1_17' title="bbox 293 1842 1881 1925; baseline 0.014 -33"><span class='ocrx_word' id='word_1_126' title='bbox 293 1842 537 1905; x_wconf 63' lang='grc' dir='ltr'>πᾶντως,</span> <span class='ocrx_word' id='word_1_127' title='bbox 574 1844 767 1917; x_wconf 84' lang='grc' dir='ltr'>ὥσπερ</span> <span class='ocrx_word' id='word_1_128' title='bbox 803 1850 1147 1919; x_wconf 80' lang='grc' dir='ltr'><strong>γεγέννηται,</strong></span> <span class='ocrx_word' id='word_1_129' title='bbox 1188 1855 1384 1924; x_wconf 79' lang='grc' dir='ltr'>γεννᾷν</span> <span class='ocrx_word' id='word_1_130' title='bbox 1419 1859 1511 1909; x_wconf 77' lang='grc' dir='ltr'><strong>καὶ</strong></span> <span class='ocrx_word' id='word_1_131' title='bbox 1545 1860 1573 1910; x_wconf 93' lang='lat'><strong>6</strong></span> <span class='ocrx_word' id='word_1_132' title='bbox 1607 1858 1753 1925; x_wconf 78' lang='grc' dir='ltr'>Υἱὸς,</span> <span class='ocrx_word' id='word_1_133' title='bbox 1790 1863 1881 1915; x_wconf 74' lang='grc' dir='ltr'><strong>καὶ</strong></span> 
     </span>
    </p>
   </div>
   <div class='ocr_carea' id='block_1_18' title="bbox 294 1936 1880 2020">
    <p class='ocr_par' dir='ltr' id='par_1_18' title="bbox 294 1936 1880 2020">
     <span class='ocr_line' id='line_1_18' title="bbox 294 1936 1880 2020; baseline 0.015 -34"><span class='ocrx_word' id='word_1_134' title='bbox 294 1936 539 2002; x_wconf 78' lang='grc' dir='ltr'>γίνεσθαι</span> <span class='ocrx_word' id='word_1_135' title='bbox 579 1942 675 1992; x_wconf 69' lang='grc' dir='ltr'><strong>καὶ</strong></span> <span class='ocrx_word' id='word_1_136' title='bbox 710 1940 869 2006; x_wconf 73' lang='grc' dir='ltr'>αὐτὸς</span> <span class='ocrx_word' id='word_1_137' title='bbox 910 1944 1098 2016; x_wconf 85' lang='grc' dir='ltr'>Πατὴρ</span> <span class='ocrx_word' id='word_1_138' title='bbox 1136 1946 1266 1999; x_wconf 85' lang='grc' dir='ltr'><strong>Υἱοῦ</strong></span> <span class='ocrx_word' id='word_1_139' title='bbox 1290 1989 1306 2011; x_wconf 92' lang='grc'><strong>,</strong></span> <span class='ocrx_word' id='word_1_140' title='bbox 1346 1949 1507 2003; x_wconf 83' lang='grc' dir='ltr'>πάλιν</span> <span class='ocrx_word' id='word_1_141' title='bbox 1539 1970 1597 2004; x_wconf 84' lang='grc' dir='ltr'><strong>τε</strong></span> <span class='ocrx_word' id='word_1_142' title='bbox 1628 1955 1654 2005; x_wconf 95' lang='lat'><strong>6</strong></span> <span class='ocrx_word' id='word_1_143' title='bbox 1684 1954 1742 2020; x_wconf 78' lang='grc' dir='ltr'><strong>ἐξ</strong></span> <span class='ocrx_word' id='word_1_144' title='bbox 1780 1957 1880 2008; x_wconf 75' lang='grc' dir='ltr'>αὑ-</span> 
     </span>
    </p>
   </div>
   <div class='ocr_carea' id='block_1_19' title="bbox 282 2020 1882 2113">
    <p class='ocr_par' dir='ltr' id='par_1_19' title="bbox 282 2026 1882 2113">
     <span class='ocr_line' id='line_1_19' title="bbox 282 2026 1882 2113; baseline 0.014 -34"><span class='ocrx_word' id='word_1_145' title='bbox 282 2026 377 2079; x_wconf 81' lang='grc' dir='ltr'><strong>τοῦ</strong></span> <span class='ocrx_word' id='word_1_146' title='bbox 414 2030 769 2099; x_wconf 78' lang='grc' dir='ltr'>γεννώμενος</span> <span class='ocrx_word' id='word_1_147' title='bbox 808 2038 1003 2105; x_wconf 81' lang='grc' dir='ltr'>γεννᾷν</span> <span class='ocrx_word' id='word_1_148' title='bbox 1038 2040 1131 2089; x_wconf 80' lang='grc' dir='ltr'><strong>καὶ</strong></span> <span class='ocrx_word' id='word_1_149' title='bbox 1171 2040 1352 2103; x_wconf 82' lang='grc' dir='ltr'>αὐτὸς,</span> <span class='ocrx_word' id='word_1_150' title='bbox 1392 2043 1485 2096; x_wconf 74' lang='grc' dir='ltr'><strong>καὶ</strong></span> <span class='ocrx_word' id='word_1_151' title='bbox 1530 2045 1767 2113; x_wconf 75' lang='grc' dir='ltr'><strong>καθεξῆς</strong></span> <span class='ocrx_word' id='word_1_152' title='bbox 1803 2051 1882 2113; x_wconf 83' lang='grc' dir='ltr'><strong>είς</strong></span> 
     </span>
    </p>
   </div>
   <div class='ocr_carea' id='block_1_20' title="bbox 285 2122 1885 2209">
    <p class='ocr_par' dir='ltr' id='par_1_20' title="bbox 285 2122 1885 2209">
     <span class='ocr_line' id='line_1_20' title="bbox 285 2122 1885 2209; baseline 0.013 -36"><span class='ocrx_word' id='word_1_153' title='bbox 285 2122 542 2192; x_wconf 68' lang='grc' dir='ltr'>ἄπειρον.</span> <span class='ocrx_word' id='word_1_154' title='bbox 589 2124 761 2178; x_wconf 81' lang='grc' dir='ltr'>Τοῦτο</span> <span class='ocrx_word' id='word_1_155' title='bbox 794 2130 900 2197; x_wconf 71' lang='grc' dir='ltr'>γὰρ</span> <span class='ocrx_word' id='word_1_156' title='bbox 932 2130 1117 2196; x_wconf 73' lang='grc' dir='ltr'>ὅμοιον</span> <span class='ocrx_word' id='word_1_157' title='bbox 1160 2132 1399 2186; x_wconf 77' lang='grc' dir='ltr'>δείκνυσι</span> <span class='ocrx_word' id='word_1_158' title='bbox 1437 2137 1527 2187; x_wconf 72' lang='grc' dir='ltr'>τὸν</span> <span class='ocrx_word' id='word_1_159' title='bbox 1556 2140 1885 2209; x_wconf 78' lang='grc' dir='ltr'>γεννηθέντα</span> 
     </span>
    </p>
   </div>
   <div class='ocr_carea' id='block_1_21' title="bbox 286 2214 1882 2299">
    <p class='ocr_par' dir='ltr' id='par_1_21' title="bbox 286 2214 1882 2299">
     <span class='ocr_line' id='line_1_21' title="bbox 286 2214 1882 2299; baseline 0.013 -34"><span class='ocrx_word' id='word_1_160' title='bbox 286 2214 380 2266; x_wconf 78' lang='grc' dir='ltr'>τοῦ</span> <span class='ocrx_word' id='word_1_161' title='bbox 415 2218 805 2284; x_wconf 75' lang='grc' dir='ltr'>γεννήσαντος.</span> <span class='ocrx_word' id='word_1_162' title='bbox 839 2221 901 2272; x_wconf 77' lang='lat' dir='ltr'><strong>Ei</strong></span> <span class='ocrx_word' id='word_1_163' title='bbox 934 2222 1033 2289; x_wconf 82' lang='grc' dir='ltr'><strong>μὲν</strong></span> <span class='ocrx_word' id='word_1_164' title='bbox 1061 2221 1135 2285; x_wconf 85' lang='grc' dir='ltr'>ὡς</span> <span class='ocrx_word' id='word_1_165' title='bbox 1164 2224 1451 2294; x_wconf 78' lang='grc' dir='ltr'>ἄνθρωπός</span> <span class='ocrx_word' id='word_1_166' title='bbox 1492 2230 1646 2282; x_wconf 74' lang='grc' dir='ltr'>ἐστιν</span> <span class='ocrx_word' id='word_1_167' title='bbox 1675 2232 1703 2283; x_wconf 91' lang='lat'><strong>6</strong></span> <span class='ocrx_word' id='word_1_168' title='bbox 1732 2233 1882 2299; x_wconf 77' lang='grc' dir='ltr'>Υἱὸς,</span> 
     </span>
    </p>
   </div>
   <div class='ocr_carea' id='block_1_22' title="bbox 289 2308 1883 2394">
    <p class='ocr_par' dir='ltr' id='par_1_22' title="bbox 289 2308 1883 2394">
     <span class='ocr_line' id='line_1_22' title="bbox 289 2308 1883 2394; baseline 0.012 -36"><span class='ocrx_word' id='word_1_169' title='bbox 289 2308 532 2373; x_wconf 75' lang='grc' dir='ltr'>γινέσθω</span> <span class='ocrx_word' id='word_1_170' title='bbox 592 2310 683 2363; x_wconf 72' lang='grc' dir='ltr'>καὶ</span> <span class='ocrx_word' id='word_1_171' title='bbox 726 2311 975 2380; x_wconf 83' lang='grc' dir='ltr'>γενέτης,</span> <span class='ocrx_word' id='word_1_172' title='bbox 1010 2314 1093 2367; x_wconf 80' lang='grc' dir='ltr'>ἵνα</span> <span class='ocrx_word' id='word_1_173' title='bbox 1135 2319 1226 2369; x_wconf 80' lang='grc' dir='ltr'>καὶ</span> <span class='ocrx_word' id='word_1_174' title='bbox 1274 2320 1301 2370; x_wconf 90' lang='lat'><strong>6</strong></span> <span class='ocrx_word' id='word_1_175' title='bbox 1341 2319 1468 2383; x_wconf 80' lang='lat' dir='ltr'><strong>Tib;</strong></span> <span class='ocrx_word' id='word_1_176' title='bbox 1504 2321 1689 2391; x_wconf 77' lang='grc' dir='ltr'>ἕτερος</span> <span class='ocrx_word' id='word_1_177' title='bbox 1722 2325 1883 2394; x_wconf 85' lang='grc' dir='ltr'>γένη-</span> 
     </span>
    </p>
   </div>
   <div class='ocr_carea' id='block_1_23' title="bbox 298 2402 1888 2484">
    <p class='ocr_par' dir='ltr' id='par_1_23' title="bbox 298 2402 1888 2484">
     <span class='ocr_line' id='line_1_23' title="bbox 298 2402 1888 2484; baseline 0.013 -32"><span class='ocrx_word' id='word_1_178' title='bbox 298 2417 380 2453; x_wconf 81' lang='grc' dir='ltr'><strong>ται</strong></span> <span class='ocrx_word' id='word_1_179' title='bbox 411 2402 567 2470; x_wconf 71' lang='grc' dir='ltr'>Πατὴ</span> <span class='ocrx_word' id='word_1_180' title='bbox 579 2420 636 2472; x_wconf 88' lang='grc' dir='ltr'><strong>ρ,</strong></span> <span class='ocrx_word' id='word_1_181' title='bbox 659 2406 754 2455; x_wconf 80' lang='grc' dir='ltr'>καὶ</span> <span class='ocrx_word' id='word_1_182' title='bbox 778 2403 918 2458; x_wconf 74' lang='grc' dir='ltr'>οὕτω</span> <span class='ocrx_word' id='word_1_183' title='bbox 946 2406 1001 2458; x_wconf 85' lang='grc' dir='ltr'><strong>δὲ</strong></span> <span class='ocrx_word' id='word_1_184' title='bbox 1022 2409 1257 2478; x_wconf 79' lang='grc' dir='ltr'>καθεξῆς</span> <span class='ocrx_word' id='word_1_185' title='bbox 1275 2410 1333 2475; x_wconf 77' lang='grc' dir='ltr'>ἐξ</span> <span class='ocrx_word' id='word_1_186' title='bbox 1360 2414 1607 2484; x_wconf 80' lang='grc' dir='ltr'><strong>ἀλλήλων</strong></span> <span class='ocrx_word' id='word_1_187' title='bbox 1629 2418 1888 2483; x_wconf 78' lang='grc' dir='ltr'><strong>γινέσθω⁹</strong></span> 
     </span>
    </p>
   </div>
   <div class='ocr_carea' id='block_1_24' title="bbox 294 2493 1885 2573">
    <p class='ocr_par' dir='ltr' id='par_1_24' title="bbox 294 2493 1885 2573">
     <span class='ocr_line' id='line_1_24' title="bbox 294 2493 1885 2573; baseline 0.013 -32"><span class='ocrx_word' id='word_1_188' title='bbox 294 2509 410 2555; x_wconf 81' lang='grc' dir='ltr'>σαν,</span> <span class='ocrx_word' id='word_1_189' title='bbox 443 2493 534 2544; x_wconf 78' lang='grc' dir='ltr'>ἴνα</span> <span class='ocrx_word' id='word_1_190' title='bbox 571 2495 666 2547; x_wconf 79' lang='grc' dir='ltr'>καὶ</span> <span class='ocrx_word' id='word_1_191' title='bbox 703 2496 782 2557; x_wconf 86' lang='grc' dir='ltr'><strong>είς</strong></span> <span class='ocrx_word' id='word_1_192' title='bbox 815 2496 1016 2564; x_wconf 81' lang='grc' dir='ltr'>πλῆθος</span> <span class='ocrx_word' id='word_1_193' title='bbox 1050 2497 1186 2551; x_wconf 83' lang='grc' dir='ltr'>θεῶν</span> <span class='ocrx_word' id='word_1_194' title='bbox 1216 2502 1247 2569; x_wconf 83' lang='grc' dir='ltr'>ἡ</span> <span class='ocrx_word' id='word_1_195' title='bbox 1281 2502 1502 2573; x_wconf 81' lang='grc' dir='ltr'>διαδοχὴ</span> <span class='ocrx_word' id='word_1_196' title='bbox 1534 2505 1654 2557; x_wconf 84' lang='grc' dir='ltr'>κατ’</span> <span class='ocrx_word' id='word_1_197' title='bbox 1686 2509 1885 2571; x_wconf 71' lang='grc' dir='ltr'>αὐτοὺς</span> 
     </span>
    </p>
   </div>
   <div class='ocr_carea' id='block_1_25' title="bbox 286 2586 1884 2663">
    <p class='ocr_par' dir='ltr' id='par_1_25' title="bbox 286 2586 1884 2663">
     <span class='ocr_line' id='line_1_25' title="bbox 286 2586 1884 2663; baseline 0.028 -37"><span class='ocrx_word' id='word_1_198' title='bbox 286 2586 516 2656; x_wconf 50' lang='lat' dir='ltr'><strong>“agam.</strong></span> <span class='ocrx_word' id='word_1_199' title='bbox 562 2586 625 2638; x_wconf 81' lang='lat' dir='ltr'><strong>Ei</strong></span> <span class='ocrx_word' id='word_1_200' title='bbox 664 2587 722 2639; x_wconf 81' lang='grc' dir='ltr'><strong>δὲ</strong></span> <span class='ocrx_word' id='word_1_201' title='bbox 758 2589 856 2641; x_wconf 67' lang='grc' dir='ltr'>οὐκ</span> <span class='ocrx_word' id='word_1_202' title='bbox 897 2588 1045 2643; x_wconf 81' lang='grc' dir='ltr'>ἔστιν</span> <span class='ocrx_word' id='word_1_203' title='bbox 1083 2592 1157 2653; x_wconf 83' lang='grc' dir='ltr'>ὡς</span> <span class='ocrx_word' id='word_1_204' title='bbox 1197 2592 1485 2663; x_wconf 80' lang='grc' dir='ltr'>ἄνθρωπος</span> <span class='ocrx_word' id='word_1_205' title='bbox 1518 2599 1544 2649; x_wconf 81' lang='grc'>6</span> <span class='ocrx_word' id='word_1_206' title='bbox 1584 2599 1751 2661; x_wconf 76' lang='grc' dir='ltr'>Θεδςν</span> <span class='ocrx_word' id='word_1_207' title='bbox 1785 2601 1884 2654; x_wconf 53' lang='grc' dir='ltr'>οὒκ</span> 
     </span>
    </p>
   </div>
   <div class='ocr_carea' id='block_1_26' title="bbox 284 2678 1882 2757">
    <p class='ocr_par' dir='ltr' id='par_1_26' title="bbox 284 2678 1882 2757">
     <span class='ocr_line' id='line_1_26' title="bbox 284 2678 1882 2757; baseline 0.011 -27"><span class='ocrx_word' id='word_1_208' title='bbox 284 2678 400 2731; x_wconf 71' lang='grc' dir='ltr'>εστι</span> <span class='ocrx_word' id='word_1_209' title='bbox 431 2682 565 2748; x_wconf 71' lang='grc' dir='ltr'>γὰρ,</span> <span class='ocrx_word' id='word_1_210' title='bbox 601 2680 664 2731; x_wconf 79' lang='grc' dir='ltr'><strong>οὐ</strong></span> <span class='ocrx_word' id='word_1_211' title='bbox 693 2680 775 2733; x_wconf 80' lang='grc' dir='ltr'><strong>δεῖ</strong></span> <span class='ocrx_word' id='word_1_212' title='bbox 801 2681 867 2733; x_wconf 81' lang='grc' dir='ltr'>τὰ</span> <span class='ocrx_word' id='word_1_213' title='bbox 892 2682 1198 2752; x_wconf 81' lang='grc' dir='ltr'>ἀνθρώπων</span> <span class='ocrx_word' id='word_1_214' title='bbox 1230 2687 1320 2739; x_wconf 82' lang='grc' dir='ltr'><strong>ἐπ’</strong></span> <span class='ocrx_word' id='word_1_215' title='bbox 1352 2688 1519 2741; x_wconf 78' lang='grc' dir='ltr'>αὑτοῦ</span> <span class='ocrx_word' id='word_1_216' title='bbox 1544 2690 1882 2757; x_wconf 77' lang='grc' dir='ltr'>λογίζεσθαι.</span> 
     </span>
    </p>
   </div>
   <div class='ocr_carea' id='block_1_27' title="bbox 291 2772 1886 2857">
    <p class='ocr_par' dir='ltr' id='par_1_27' title="bbox 291 2772 1886 2857">
     <span class='ocr_line' id='line_1_27' title="bbox 291 2772 1886 2857; baseline 0.011 -35"><span class='ocrx_word' id='word_1_217' title='bbox 291 2772 365 2824; x_wconf 77' lang='grc' dir='ltr'>Τὰ</span> <span class='ocrx_word' id='word_1_218' title='bbox 395 2773 501 2841; x_wconf 75' lang='grc' dir='ltr'><strong>μὲν</strong></span> <span class='ocrx_word' id='word_1_219' title='bbox 531 2772 648 2842; x_wconf 79' lang='grc' dir='ltr'>γὰρ</span> <span class='ocrx_word' id='word_1_220' title='bbox 685 2774 821 2828; x_wconf 76' lang='grc' dir='ltr'><strong>ἄλλα</strong></span> <span class='ocrx_word' id='word_1_221' title='bbox 853 2774 970 2839; x_wconf 78' lang='grc' dir='ltr'>ζῶα</span> <span class='ocrx_word' id='word_1_222' title='bbox 1008 2777 1103 2830; x_wconf 72' lang='grc' dir='ltr'>καὶ</span> <span class='ocrx_word' id='word_1_223' title='bbox 1138 2779 1186 2830; x_wconf 88' lang='grc' dir='ltr'><strong>οί</strong></span> <span class='ocrx_word' id='word_1_224' title='bbox 1219 2779 1497 2849; x_wconf 82' lang='grc' dir='ltr'>ἄνθρωποι</span> <span class='ocrx_word' id='word_1_225' title='bbox 1528 2784 1590 2835; x_wconf 80' lang='grc' dir='ltr'>ὲκ</span> <span class='ocrx_word' id='word_1_226' title='bbox 1623 2785 1886 2857; x_wconf 76' lang='grc' dir='ltr'>δημιουρ-</span> 
     </span>
    </p>
   </div>
   <div class='ocr_carea' id='block_1_28' title="bbox 296 2867 1880 2944">
    <p class='ocr_par' dir='ltr' id='par_1_28' title="bbox 296 2867 1880 2944">
     <span class='ocr_line' id='line_1_28' title="bbox 296 2867 1880 2944; baseline 0.011 -28"><span class='ocrx_word' id='word_1_227' title='bbox 296 2867 445 2934; x_wconf 76' lang='grc' dir='ltr'>γικῆς</span> <span class='ocrx_word' id='word_1_228' title='bbox 491 2868 680 2937; x_wconf 73' lang='grc' dir='ltr'>ἀρχῆς</span> <span class='ocrx_word' id='word_1_229' title='bbox 714 2868 855 2921; x_wconf 71' lang='grc' dir='ltr'>κατὰ</span> <span class='ocrx_word' id='word_1_230' title='bbox 898 2870 1143 2941; x_wconf 79' lang='grc' dir='ltr'>διαδοχὴν</span> <span class='ocrx_word' id='word_1_231' title='bbox 1177 2871 1235 2935; x_wconf 79' lang='grc' dir='ltr'><strong>ἐξ</strong></span> <span class='ocrx_word' id='word_1_232' title='bbox 1276 2875 1522 2943; x_wconf 79' lang='grc' dir='ltr'>ἀλλήλων</span> <span class='ocrx_word' id='word_1_233' title='bbox 1558 2879 1880 2944; x_wconf 73' lang='grc' dir='ltr'>γεννῶνται.</span> 
     </span>
    </p>
   </div>
   <div class='ocr_carea' id='block_1_29' title="bbox 299 2960 1883 3039">
    <p class='ocr_par' dir='ltr' id='par_1_29' title="bbox 299 2960 1883 3039">
     <span class='ocr_line' id='line_1_29' title="bbox 299 2960 1883 3039; baseline 0.007 -27"><span class='ocrx_word' id='word_1_234' title='bbox 299 2961 396 3012; x_wconf 76' lang='grc' dir='ltr'><strong>Καὶ</strong></span> <span class='ocrx_word' id='word_1_235' title='bbox 423 2964 451 3013; x_wconf 87' lang='lat'><strong>6</strong></span> <span class='ocrx_word' id='word_1_236' title='bbox 484 2960 837 3030; x_wconf 80' lang='grc' dir='ltr'>γεννώμενος</span> <span class='ocrx_word' id='word_1_237' title='bbox 869 2964 932 3015; x_wconf 69' lang='grc' dir='ltr'>ὲκ</span> <span class='ocrx_word' id='word_1_238' title='bbox 962 2963 1312 3032; x_wconf 79' lang='grc' dir='ltr'>γεννηθέντος</span> <span class='ocrx_word' id='word_1_239' title='bbox 1346 2970 1551 3036; x_wconf 71' lang='grc' dir='ltr'>πατρὸς</span> <span class='ocrx_word' id='word_1_240' title='bbox 1582 2971 1883 3039; x_wconf 76' lang='grc' dir='ltr'>γεννηθεὶς,</span> 
     </span>
    </p>
   </div>
   <div class='ocr_carea' id='block_1_30' title="bbox 300 3051 1885 3130">
    <p class='ocr_par' dir='ltr' id='par_1_30' title="bbox 300 3051 1885 3130">
     <span class='ocr_line' id='line_1_30' title="bbox 300 3051 1885 3130; baseline 0.009 -29"><span class='ocrx_word' id='word_1_241' title='bbox 300 3051 510 3111; x_wconf 61' lang='lat' dir='ltr'><strong>um;</strong></span> <span class='ocrx_word' id='word_1_242' title='bbox 555 3053 655 3104; x_wconf 78' lang='grc' dir='ltr'><strong>καὶ</strong></span> <span class='ocrx_word' id='word_1_243' title='bbox 709 3053 870 3113; x_wconf 72' lang='grc' dir='ltr'>αὐτὸς</span> <span class='ocrx_word' id='word_1_244' title='bbox 918 3053 1107 3125; x_wconf 80' lang='grc' dir='ltr'>ἑτέρου</span> <span class='ocrx_word' id='word_1_245' title='bbox 1140 3058 1345 3123; x_wconf 86' lang='grc' dir='ltr'>γίνεται</span> <span class='ocrx_word' id='word_1_246' title='bbox 1390 3059 1593 3130; x_wconf 79' lang='grc' dir='ltr'>πατὴρ,</span> <span class='ocrx_word' id='word_1_247' title='bbox 1636 3062 1775 3130; x_wconf 76' lang='grc' dir='ltr'>ἔχων</span> <span class='ocrx_word' id='word_1_248' title='bbox 1821 3066 1885 3115; x_wconf 87' lang='grc' dir='ltr'>ὲκ</span> 
     </span>
    </p>
   </div>
   <div class='ocr_carea' id='block_1_31' title="bbox 1252 336 2659 439">
    <p class='ocr_par' dir='ltr' id='par_1_31' title="bbox 1252 336 2659 439">
     <span class='ocr_line' id='line_1_31' title="bbox 1252 336 2659 439; baseline 0.022 -48"><span class='ocrx_word' id='word_1_249' title='bbox 1252 336 1629 403; x_wconf 73' lang='lat' dir='ltr'><strong>PANOl’LlA</strong></span> <span class='ocrx_word' id='word_1_250' title='bbox 1672 347 2144 419; x_wconf 77' lang='lat' dir='ltr'><strong>DOGMATICA.</strong></span> <span class='ocrx_word' id='word_1_251' title='bbox 2187 382 2255 390; x_wconf 82' lang='grc'><strong>--</strong></span> <span class='ocrx_word' id='word_1_252' title='bbox 2293 359 2443 419; x_wconf 80' lang='lat' dir='ltr'><strong>TII‘.</strong></span> <span class='ocrx_word' id='word_1_253' title='bbox 2493 360 2602 420; x_wconf 83' lang='lat' dir='ltr'><strong>XI.</strong></span> <span class='ocrx_word' id='word_1_254' title='bbox 2656 438 2659 439; x_wconf 16' lang='grc' dir='ltr'><em>ν</em></span> 
     </span>
    </p>
   </div>
   <div class='ocr_carea' id='block_1_32' title="bbox 3459 366 3566 428">
    <p class='ocr_par' dir='ltr' id='par_1_32' title="bbox 3459 366 3566 428">
     <span class='ocr_line' id='line_1_32' title="bbox 3459 366 3566 428; baseline -0.009 0"><span class='ocrx_word' id='word_1_255' title='bbox 3459 366 3566 428; x_wconf 85' lang='grc'><strong>350</strong></span> 
     </span>
    </p>
   </div>
   <div class='ocr_carea' id='block_1_33' title="bbox 1841 468 3563 546">
    <p class='ocr_par' dir='ltr' id='par_1_33' title="bbox 1841 468 3563 546">
     <span class='ocr_line' id='line_1_33' title="bbox 1841 468 3563 546; baseline 0.009 -26"><span class='ocrx_word' id='word_1_256' title='bbox 1841 481 1868 525; x_wconf 85' lang='grc' dir='ltr'><strong>ς</strong></span> <span class='ocrx_word' id='word_1_257' title='bbox 1899 468 1944 525; x_wconf 71' lang='grc' dir='ltr'><strong>Δ</strong></span> <span class='ocrx_word' id='word_1_258' title='bbox 1970 483 2091 523; x_wconf 64' lang='lat' dir='ltr'><strong>esse</strong></span> <span class='ocrx_word' id='word_1_259' title='bbox 2121 470 2451 538; x_wconf 77' lang='lat' dir='ltr'><strong>diceremus,</strong></span> <span class='ocrx_word' id='word_1_260' title='bbox 2486 476 2689 546; x_wconf 87' lang='lat' dir='ltr'><strong>aliquid</strong></span> <span class='ocrx_word' id='word_1_261' title='bbox 2743 476 2979 533; x_wconf 76' lang='lat' dir='ltr'><strong>fortasse</strong></span> <span class='ocrx_word' id='word_1_262' title='bbox 3000 494 3107 533; x_wconf 90' lang='lat' dir='ltr'><strong>non</strong></span> <span class='ocrx_word' id='word_1_263' title='bbox 3162 479 3563 535; x_wconf 75' lang='lat' dir='ltr'><strong>inconsiderate</strong></span> 
     </span>
    </p>
   </div>
   <div class='ocr_carea' id='block_1_34' title="bbox 1976 560 3566 633">
    <p class='ocr_par' dir='ltr' id='par_1_34' title="bbox 1976 560 3566 633">
     <span class='ocr_line' id='line_1_34' title="bbox 1976 560 3566 633; baseline 0.008 -20"><span class='ocrx_word' id='word_1_264' title='bbox 1976 560 2146 613; x_wconf 82' lang='lat' dir='ltr'><strong>videri</strong></span> <span class='ocrx_word' id='word_1_265' title='bbox 2203 574 2425 631; x_wconf 89' lang='lat' dir='ltr'><strong>possent</strong></span> <span class='ocrx_word' id='word_1_266' title='bbox 2477 566 2763 630; x_wconf 76' lang='lat' dir='ltr'><strong>obiecisse,</strong></span> <span class='ocrx_word' id='word_1_267' title='bbox 2814 583 2962 623; x_wconf 91' lang='lat' dir='ltr'><strong>nunc</strong></span> <span class='ocrx_word' id='word_1_268' title='bbox 3019 581 3224 633; x_wconf 89' lang='lat' dir='ltr'><strong>autem,</strong></span> <span class='ocrx_word' id='word_1_269' title='bbox 3286 586 3410 625; x_wconf 90' lang='lat' dir='ltr'><strong>cum</strong></span> <span class='ocrx_word' id='word_1_270' title='bbox 3490 586 3566 625; x_wconf 71' lang='lat' dir='ltr'><strong>te-</strong></span> 
     </span>
    </p>
   </div>
   <div class='ocr_carea' id='block_1_35' title="bbox 1980 657 3569 732">
    <p class='ocr_par' dir='ltr' id='par_1_35' title="bbox 1980 657 3569 732">
     <span class='ocr_line' id='line_1_35' title="bbox 1980 657 3569 732; baseline 0.009 -28"><span class='ocrx_word' id='word_1_271' title='bbox 1980 662 2196 708; x_wconf 89' lang='lat' dir='ltr'><strong>ternmn</strong></span> <span class='ocrx_word' id='word_1_272' title='bbox 2258 657 2527 721; x_wconf 78' lang='lat' dir='ltr'><strong>dicentes,</strong></span> <span class='ocrx_word' id='word_1_273' title='bbox 2588 660 2859 715; x_wconf 87' lang='lat' dir='ltr'><strong>lateamur</strong></span> <span class='ocrx_word' id='word_1_274' title='bbox 2923 663 3101 732; x_wconf 78' lang='lat' dir='ltr'><strong>ipSum</strong></span> <span class='ocrx_word' id='word_1_275' title='bbox 3149 679 3270 718; x_wconf 82' lang='lat' dir='ltr'><strong>che</strong></span> <span class='ocrx_word' id='word_1_276' title='bbox 3331 680 3361 718; x_wconf 90' lang='lat' dir='ltr'><strong>a</strong></span> <span class='ocrx_word' id='word_1_277' title='bbox 3407 665 3569 720; x_wconf 81' lang='lat' dir='ltr'><strong>Patre</strong></span> 
     </span>
    </p>
   </div>
   <div class='ocr_carea' id='block_1_36' title="bbox 1978 746 3561 827">
    <p class='ocr_par' dir='ltr' id='par_1_36' title="bbox 1978 746 3561 827">
     <span class='ocr_line' id='line_1_36' title="bbox 1978 746 3561 827; baseline 0.009 -29"><span class='ocrx_word' id='word_1_278' title='bbox 1978 746 2197 810; x_wconf 88' lang='lat' dir='ltr'><strong>Filium,</strong></span> <span class='ocrx_word' id='word_1_279' title='bbox 2232 753 2507 817; x_wconf 83' lang='lat' dir='ltr'><strong>quomodo</strong></span> <span class='ocrx_word' id='word_1_280' title='bbox 2544 755 2761 822; x_wconf 85' lang='lat' dir='ltr'><strong>genitus</strong></span> <span class='ocrx_word' id='word_1_281' title='bbox 2826 756 3098 827; x_wconf 82' lang='lat' dir='ltr'><strong>gignentis</strong></span> <span class='ocrx_word' id='word_1_282' title='bbox 3183 757 3353 811; x_wconf 80' lang='lat' dir='ltr'><strong>frater</strong></span> <span class='ocrx_word' id='word_1_283' title='bbox 3382 766 3561 827; x_wconf 76' lang='lat' dir='ltr'><strong>potest</strong></span> 
     </span>
    </p>
   </div>
   <div class='ocr_carea' id='block_1_37' title="bbox 1976 839 3554 909">
    <p class='ocr_par' dir='ltr' id='par_1_37' title="bbox 1976 839 3554 909">
     <span class='ocr_line' id='line_1_37' title="bbox 1976 839 3554 909; baseline 0.006 -17"><span class='ocrx_word' id='word_1_284' title='bbox 1976 839 2324 897; x_wconf 75' lang='lat' dir='ltr'><strong>existimari?</strong></span> <span class='ocrx_word' id='word_1_285' title='bbox 2359 843 2423 898; x_wconf 87' lang='lat' dir='ltr'><strong>Et</strong></span> <span class='ocrx_word' id='word_1_286' title='bbox 2462 846 2508 899; x_wconf 91' lang='lat' dir='ltr'><strong>si</strong></span> <span class='ocrx_word' id='word_1_287' title='bbox 2551 861 2648 900; x_wconf 79' lang='lat' dir='ltr'><strong>nos</strong></span> <span class='ocrx_word' id='word_1_288' title='bbox 2691 847 2745 900; x_wconf 91' lang='lat' dir='ltr'><strong>in</strong></span> <span class='ocrx_word' id='word_1_289' title='bbox 2780 846 3018 909; x_wconf 85' lang='lat' dir='ltr'><strong>Patrem,</strong></span> <span class='ocrx_word' id='word_1_290' title='bbox 3079 858 3135 903; x_wconf 86' lang='lat' dir='ltr'><strong>et</strong></span> <span class='ocrx_word' id='word_1_291' title='bbox 3174 850 3367 904; x_wconf 87' lang='lat' dir='ltr'><strong>Filiqu</strong></span> <span class='ocrx_word' id='word_1_292' title='bbox 3427 864 3554 905; x_wconf 89' lang='lat' dir='ltr'><strong>cre-</strong></span> 
     </span>
    </p>
   </div>
   <div class='ocr_carea' id='block_1_38' title="bbox 1975 933 3557 1010">
    <p class='ocr_par' dir='ltr' id='par_1_38' title="bbox 1975 933 3557 1010">
     <span class='ocr_line' id='line_1_38' title="bbox 1975 933 3557 1010; baseline 0.005 -23"><span class='ocrx_word' id='word_1_293' title='bbox 1975 933 2177 1000; x_wconf 84' lang='lat' dir='ltr'><strong>dimus,</strong></span> <span class='ocrx_word' id='word_1_294' title='bbox 2207 936 2333 1005; x_wconf 91' lang='lat' dir='ltr'><strong>quid</strong></span> <span class='ocrx_word' id='word_1_295' title='bbox 2376 938 2433 991; x_wconf 91' lang='lat' dir='ltr'><strong>in</strong></span> <span class='ocrx_word' id='word_1_296' title='bbox 2466 938 2550 992; x_wconf 78' lang='lat' dir='ltr'><strong>his</strong></span> <span class='ocrx_word' id='word_1_297' title='bbox 2602 936 2900 994; x_wconf 83' lang='lat' dir='ltr'><strong>fraternum</strong></span> <span class='ocrx_word' id='word_1_298' title='bbox 2957 942 3085 995; x_wconf 81' lang='lat' dir='ltr'><strong>est?</strong></span> <span class='ocrx_word' id='word_1_299' title='bbox 3140 950 3237 995; x_wconf 89' lang='lat' dir='ltr'><strong>aut</strong></span> <span class='ocrx_word' id='word_1_300' title='bbox 3283 940 3557 1010; x_wconf 71' lang='lat' dir='ltr'><strong>quomodo</strong></span> 
     </span>
    </p>
   </div>
   <div class='ocr_carea' id='block_1_39' title="bbox 1977 1027 3571 1098">
    <p class='ocr_par' dir='ltr' id='par_1_39' title="bbox 1977 1027 3571 1098">
     <span class='ocr_line' id='line_1_39' title="bbox 1977 1027 3571 1098; baseline 0.005 -19"><span class='ocrx_word' id='word_1_301' title='bbox 1977 1036 2152 1093; x_wconf 71' lang='lat' dir='ltr'><strong>potest</strong></span> <span class='ocrx_word' id='word_1_302' title='bbox 2195 1027 2433 1083; x_wconf 77' lang='lat' dir='ltr'><strong>Verbum</strong></span> <span class='ocrx_word' id='word_1_303' title='bbox 2461 1029 2567 1083; x_wconf 85' lang='lat' dir='ltr'><strong>dici</strong></span> <span class='ocrx_word' id='word_1_304' title='bbox 2597 1030 2765 1084; x_wconf 81' lang='lat' dir='ltr'><strong>frater</strong></span> <span class='ocrx_word' id='word_1_305' title='bbox 2790 1031 2957 1097; x_wconf 88' lang='lat' dir='ltr'><strong>illius,</strong></span> <span class='ocrx_word' id='word_1_306' title='bbox 2982 1032 3139 1098; x_wconf 87' lang='lat' dir='ltr'><strong>cujus</strong></span> <span class='ocrx_word' id='word_1_307' title='bbox 3162 1039 3248 1085; x_wconf 80' lang='lat' dir='ltr'><strong>est</strong></span> <span class='ocrx_word' id='word_1_308' title='bbox 3285 1029 3523 1085; x_wconf 73' lang='lat' dir='ltr'><strong>Verbum</strong></span> <span class='ocrx_word' id='word_1_309' title='bbox 3546 1033 3571 1087; x_wconf 71' lang='grc' dir='ltr'>’ί</span> 
     </span>
    </p>
   </div>
   <div class='ocr_carea' id='block_1_40' title="bbox 1977 1119 3570 1192">
    <p class='ocr_par' dir='ltr' id='par_1_40' title="bbox 1977 1119 3570 1192">
     <span class='ocr_line' id='line_1_40' title="bbox 1977 1119 3570 1192; baseline 0.002 -19"><span class='ocrx_word' id='word_1_310' title='bbox 1977 1119 2165 1190; x_wconf 73' lang='lat' dir='ltr'><strong>Neque</strong></span> <span class='ocrx_word' id='word_1_311' title='bbox 2196 1121 2343 1174; x_wconf 88' lang='lat' dir='ltr'><strong>enim</strong></span> <span class='ocrx_word' id='word_1_312' title='bbox 2391 1121 2461 1175; x_wconf 86' lang='lat' dir='ltr'><strong>ab</strong></span> <span class='ocrx_word' id='word_1_313' title='bbox 2497 1122 2681 1189; x_wconf 88' lang='lat' dir='ltr'><strong>aliquo</strong></span> <span class='ocrx_word' id='word_1_314' title='bbox 2709 1122 2813 1175; x_wconf 80' lang='lat' dir='ltr'><strong>alio</strong></span> <span class='ocrx_word' id='word_1_315' title='bbox 2852 1122 3121 1192; x_wconf 84' lang='lat' dir='ltr'><strong>principio</strong></span> <span class='ocrx_word' id='word_1_316' title='bbox 3173 1124 3337 1176; x_wconf 85' lang='lat' dir='ltr'><strong>Pater</strong></span> <span class='ocrx_word' id='word_1_317' title='bbox 3385 1132 3440 1176; x_wconf 89' lang='lat' dir='ltr'><strong>et</strong></span> <span class='ocrx_word' id='word_1_318' title='bbox 3480 1123 3570 1176; x_wconf 86' lang='lat' dir='ltr'><strong>Fi—</strong></span> 
     </span>
    </p>
   </div>
   <div class='ocr_carea' id='block_1_41' title="bbox 1978 1213 3566 1283">
    <p class='ocr_par' dir='ltr' id='par_1_41' title="bbox 1978 1213 3566 1283">
     <span class='ocr_line' id='line_1_41' title="bbox 1978 1213 3566 1283; baseline 0.003 -17"><span class='ocrx_word' id='word_1_319' title='bbox 1978 1213 2290 1281; x_wconf 61' lang='lat' dir='ltr'><strong>lius&#39;geniti</strong></span> <span class='ocrx_word' id='word_1_320' title='bbox 2347 1222 2496 1274; x_wconf 90' lang='lat' dir='ltr'><strong>sunt,</strong></span> <span class='ocrx_word' id='word_1_321' title='bbox 2560 1222 2619 1268; x_wconf 90' lang='lat' dir='ltr'><strong>ut</strong></span> <span class='ocrx_word' id='word_1_322' title='bbox 2680 1214 2876 1269; x_wconf 78' lang='lat' dir='ltr'><strong>fratres</strong></span> <span class='ocrx_word' id='word_1_323' title='bbox 2933 1225 3196 1283; x_wconf 85' lang='lat' dir='ltr'><strong>putentur</strong></span> <span class='ocrx_word' id='word_1_324' title='bbox 3264 1229 3406 1280; x_wconf 87' lang='lat' dir='ltr'><strong>esse,</strong></span> <span class='ocrx_word' id='word_1_325' title='bbox 3467 1215 3566 1270; x_wconf 80' lang='lat' dir='ltr'><strong>scd</strong></span> 
     </span>
    </p>
   </div>
   <div class='ocr_carea' id='block_1_42' title="bbox 1976 1306 3567 1376">
    <p class='ocr_par' dir='ltr' id='par_1_42' title="bbox 1976 1306 3567 1376">
     <span class='ocr_line' id='line_1_42' title="bbox 1976 1306 3567 1376; baseline 0.003 -18"><span class='ocrx_word' id='word_1_326' title='bbox 1976 1307 2139 1359; x_wconf 60' lang='lat' dir='ltr'><strong>Puer</strong></span> <span class='ocrx_word' id='word_1_327' title='bbox 2181 1306 2299 1359; x_wconf 83' lang='lat' dir='ltr'><strong>Filii</strong></span> <span class='ocrx_word' id='word_1_328' title='bbox 2353 1306 2681 1375; x_wconf 77' lang='lat' dir='ltr'><strong>principium</strong></span> <span class='ocrx_word' id='word_1_329' title='bbox 2724 1316 2779 1361; x_wconf 91' lang='lat' dir='ltr'><strong>et</strong></span> <span class='ocrx_word' id='word_1_330' title='bbox 2839 1308 3055 1376; x_wconf 78' lang='lat' dir='ltr'><strong>genimr</strong></span> <span class='ocrx_word' id='word_1_331' title='bbox 3111 1317 3216 1361; x_wconf 86' lang='lat' dir='ltr'><strong>est.</strong></span> <span class='ocrx_word' id='word_1_332' title='bbox 3281 1307 3348 1360; x_wconf 86' lang='lat' dir='ltr'><strong>Et</strong></span> <span class='ocrx_word' id='word_1_333' title='bbox 3400 1307 3567 1362; x_wconf 81' lang='lat' dir='ltr'><strong>Pater</strong></span> 
     </span>
    </p>
   </div>
   <div class='ocr_carea' id='block_1_43' title="bbox 1977 1399 3568 1465">
    <p class='ocr_par' dir='ltr' id='par_1_43' title="bbox 1977 1399 3568 1465">
     <span class='ocr_line' id='line_1_43' title="bbox 1977 1399 3568 1465; baseline 0.003 -13"><span class='ocrx_word' id='word_1_334' title='bbox 1977 1414 2051 1453; x_wconf 73' lang='lat' dir='ltr'><strong>es:</strong></span> <span class='ocrx_word' id='word_1_335' title='bbox 2079 1402 2263 1464; x_wconf 83' lang='lat' dir='ltr'><strong>Pater,</strong></span> <span class='ocrx_word' id='word_1_336' title='bbox 2290 1416 2397 1453; x_wconf 83' lang='lat' dir='ltr'><strong>non</strong></span> <span class='ocrx_word' id='word_1_337' title='bbox 2424 1410 2606 1454; x_wconf 88' lang='lat' dir='ltr'><strong>autem</strong></span> <span class='ocrx_word' id='word_1_338' title='bbox 2636 1399 2826 1455; x_wconf 88' lang='lat' dir='ltr'><strong>Filius.</strong></span> <span class='ocrx_word' id='word_1_339' title='bbox 2852 1400 2915 1453; x_wconf 80' lang='lat' dir='ltr'><strong>Et</strong></span> <span class='ocrx_word' id='word_1_340' title='bbox 2940 1400 3109 1456; x_wconf 73' lang='lat' dir='ltr'><strong>Filius</strong></span> <span class='ocrx_word' id='word_1_341' title='bbox 3132 1413 3213 1457; x_wconf 91' lang='lat' dir='ltr'><strong>est</strong></span> <span class='ocrx_word' id='word_1_342' title='bbox 3241 1401 3431 1465; x_wconf 85' lang='lat' dir='ltr'><strong>Filius,</strong></span> <span class='ocrx_word' id='word_1_343' title='bbox 3457 1416 3568 1456; x_wconf 87' lang='lat' dir='ltr'><strong>non</strong></span> 
     </span>
    </p>
   </div>
   <div class='ocr_carea' id='block_1_44' title="bbox 1978 1492 2402 1545">
    <p class='ocr_par' dir='ltr' id='par_1_44' title="bbox 1978 1492 2402 1545">
     <span class='ocr_line' id='line_1_44' title="bbox 1978 1492 2402 1545; baseline 0.002 -1"><span class='ocrx_word' id='word_1_344' title='bbox 1978 1501 2157 1544; x_wconf 82' lang='lat' dir='ltr'><strong>autem</strong></span> <span class='ocrx_word' id='word_1_345' title='bbox 2214 1492 2402 1545; x_wconf 83' lang='lat' dir='ltr'><strong>frater.</strong></span> 
     </span>
    </p>
   </div>
   <div class='ocr_carea' id='block_1_45' title="bbox 2172 1581 3373 1653">
    <p class='ocr_par' dir='ltr' id='par_1_45' title="bbox 2172 1581 3373 1653">
     <span class='ocr_line' id='line_1_45' title="bbox 2172 1581 3373 1653; baseline 0.003 -19"><span class='ocrx_word' id='word_1_346' title='bbox 2172 1581 2311 1646; x_wconf 82' lang='lat' dir='ltr'><strong>Quid</strong></span> <span class='ocrx_word' id='word_1_347' title='bbox 2344 1583 2598 1653; x_wconf 81' lang='lat' dir='ltr'><strong>objiciant</strong></span> <span class='ocrx_word' id='word_1_348' title='bbox 2627 1584 2837 1638; x_wconf 73' lang='lat' dir='ltr'><strong>Ariani.</strong></span> <span class='ocrx_word' id='word_1_349' title='bbox 2896 1584 2981 1638; x_wconf 77' lang='lat' dir='ltr'><strong>Ea:</strong></span> <span class='ocrx_word' id='word_1_350' title='bbox 3010 1585 3187 1638; x_wconf 83' lang='lat' dir='ltr'><strong>eodem</strong></span> <span class='ocrx_word' id='word_1_351' title='bbox 3219 1584 3373 1638; x_wconf 82' lang='lat' dir='ltr'><strong>libro.</strong></span> 
     </span>
    </p>
   </div>
   <div class='ocr_carea' id='block_1_46' title="bbox 2066 1674 3570 1745">
    <p class='ocr_par' dir='ltr' id='par_1_46' title="bbox 2066 1674 3570 1745">
     <span class='ocr_line' id='line_1_46' title="bbox 2066 1674 3570 1745; baseline 0.002 -19"><span class='ocrx_word' id='word_1_352' title='bbox 2066 1674 2122 1726; x_wconf 88' lang='lat' dir='ltr'><strong>Si</strong></span> <span class='ocrx_word' id='word_1_353' title='bbox 2178 1674 2356 1727; x_wconf 84' lang='lat' dir='ltr'><strong>Filius</strong></span> <span class='ocrx_word' id='word_1_354' title='bbox 2386 1674 2560 1728; x_wconf 77' lang='lat' dir='ltr'><strong>Patris</strong></span> <span class='ocrx_word' id='word_1_355' title='bbox 2594 1684 2678 1729; x_wconf 86' lang='lat' dir='ltr'><strong>est</strong></span> <span class='ocrx_word' id='word_1_356' title='bbox 2708 1690 2958 1745; x_wconf 77' lang='lat' dir='ltr'><strong>germen,</strong></span> <span class='ocrx_word' id='word_1_357' title='bbox 2993 1685 3048 1729; x_wconf 91' lang='lat' dir='ltr'><strong>ct</strong></span> <span class='ocrx_word' id='word_1_358' title='bbox 3098 1675 3150 1728; x_wconf 90' lang='lat' dir='ltr'><strong>in</strong></span> <span class='ocrx_word' id='word_1_359' title='bbox 3187 1676 3448 1731; x_wconf 82' lang='lat' dir='ltr'><strong>omnibus</strong></span> <span class='ocrx_word' id='word_1_360' title='bbox 3492 1675 3570 1730; x_wconf 85' lang='lat' dir='ltr'><strong>si-</strong></span> 
     </span>
    </p>
   </div>
   <div class='ocr_carea' id='block_1_47' title="bbox 1984 1765 3571 1838">
    <p class='ocr_par' dir='ltr' id='par_1_47' title="bbox 1984 1765 3571 1838">
     <span class='ocr_line' id='line_1_47' title="bbox 1984 1765 3571 1838; baseline 0.003 -20"><span class='ocrx_word' id='word_1_361' title='bbox 1984 1765 2129 1818; x_wconf 84' lang='lat' dir='ltr'><strong>milis</strong></span> <span class='ocrx_word' id='word_1_362' title='bbox 2180 1767 2353 1834; x_wconf 69' lang='lat' dir='ltr'><strong>Patrj,</strong></span> <span class='ocrx_word' id='word_1_363' title='bbox 2392 1766 2551 1821; x_wconf 84' lang='lat' dir='ltr'><strong>debet</strong></span> <span class='ocrx_word' id='word_1_364' title='bbox 2583 1810 2597 1831; x_wconf 96' lang='lat'><strong>,</strong></span> <span class='ocrx_word' id='word_1_365' title='bbox 2627 1766 2910 1835; x_wconf 86' lang='lat' dir='ltr'><strong>inquiunt,</strong></span> <span class='ocrx_word' id='word_1_366' title='bbox 2939 1768 3166 1820; x_wconf 90' lang='lat' dir='ltr'><strong>omnino</strong></span> <span class='ocrx_word' id='word_1_367' title='bbox 3189 1767 3333 1821; x_wconf 88' lang='lat' dir='ltr'><strong>sicut</strong></span> <span class='ocrx_word' id='word_1_368' title='bbox 3354 1768 3571 1838; x_wconf 80' lang='lat' dir='ltr'><strong>genitus</strong></span> 
     </span>
    </p>
   </div>
   <div class='ocr_carea' id='block_1_48' title="bbox 1986 1859 3569 1930">
    <p class='ocr_par' dir='ltr' id='par_1_48' title="bbox 1986 1859 3569 1930">
     <span class='ocr_line' id='line_1_48' title="bbox 1986 1859 3569 1930; baseline 0.001 -18"><span class='ocrx_word' id='word_1_369' title='bbox 1986 1870 2090 1921; x_wconf 70' lang='lat' dir='ltr'><strong>est,</strong></span> <span class='ocrx_word' id='word_1_370' title='bbox 2127 1859 2205 1913; x_wconf 83' lang='lat' dir='ltr'><strong>sic</strong></span> <span class='ocrx_word' id='word_1_371' title='bbox 2240 1860 2405 1913; x_wconf 88' lang='lat' dir='ltr'><strong>etiam</strong></span> <span class='ocrx_word' id='word_1_372' title='bbox 2465 1861 2711 1930; x_wconf 80' lang='lat' dir='ltr'><strong>gignere,</strong></span> <span class='ocrx_word' id='word_1_373' title='bbox 2739 1872 2793 1915; x_wconf 88' lang='lat' dir='ltr'><strong>et</strong></span> <span class='ocrx_word' id='word_1_374' title='bbox 2841 1860 2957 1915; x_wconf 89' lang='lat' dir='ltr'><strong>ﬁeri</strong></span> <span class='ocrx_word' id='word_1_375' title='bbox 2997 1861 3109 1930; x_wconf 87' lang='lat' dir='ltr'><strong>ipse</strong></span> <span class='ocrx_word' id='word_1_376' title='bbox 3144 1875 3363 1929; x_wconf 89' lang='lat' dir='ltr'><strong>quoque</strong></span> <span class='ocrx_word' id='word_1_377' title='bbox 3410 1861 3569 1915; x_wconf 85' lang='lat' dir='ltr'><strong>Pater</strong></span> 
     </span>
    </p>
   </div>
   <div class='ocr_carea' id='block_1_49' title="bbox 1986 1948 3571 2020">
    <p class='ocr_par' dir='ltr' id='par_1_49' title="bbox 1986 1948 3571 2020">
     <span class='ocr_line' id='line_1_49' title="bbox 1986 1948 3571 2020; baseline 0.001 -17"><span class='ocrx_word' id='word_1_378' title='bbox 1986 1948 2135 2010; x_wconf 84' lang='lat' dir='ltr'><strong>Filii,</strong></span> <span class='ocrx_word' id='word_1_379' title='bbox 2165 1959 2220 2001; x_wconf 90' lang='lat' dir='ltr'><strong>et</strong></span> <span class='ocrx_word' id='word_1_380' title='bbox 2256 1948 2343 2001; x_wconf 90' lang='lat' dir='ltr'><strong>hic</strong></span> <span class='ocrx_word' id='word_1_381' title='bbox 2375 1965 2566 2003; x_wconf 86' lang='lat' dir='ltr'><strong>rursus</strong></span> <span class='ocrx_word' id='word_1_382' title='bbox 2610 1951 2681 2003; x_wconf 88' lang='lat' dir='ltr'><strong>ab</strong></span> <span class='ocrx_word' id='word_1_383' title='bbox 2717 1951 2836 2018; x_wconf 87' lang='lat' dir='ltr'><strong>ipso</strong></span> <span class='ocrx_word' id='word_1_384' title='bbox 2860 1949 3097 2019; x_wconf 87' lang='lat' dir='ltr'><strong>genitus,</strong></span> <span class='ocrx_word' id='word_1_385' title='bbox 3144 1951 3305 2003; x_wconf 90' lang='lat' dir='ltr'><strong>etiam</strong></span> <span class='ocrx_word' id='word_1_386' title='bbox 3340 1950 3459 2019; x_wconf 88' lang='lat' dir='ltr'><strong>ipse</strong></span> <span class='ocrx_word' id='word_1_387' title='bbox 3487 1951 3571 2020; x_wconf 79' lang='lat' dir='ltr'><strong>gi-</strong></span> 
     </span>
    </p>
   </div>
   <div class='ocr_carea' id='block_1_50' title="bbox 1986 2039 3556 2110">
    <p class='ocr_par' dir='ltr' id='par_1_50' title="bbox 1986 2039 3556 2110">
     <span class='ocr_line' id='line_1_50' title="bbox 1986 2039 3556 2110; baseline 0.003 -19"><span class='ocrx_word' id='word_1_388' title='bbox 1986 2054 2177 2109; x_wconf 87' lang='lat' dir='ltr'><strong>gnere,</strong></span> <span class='ocrx_word' id='word_1_389' title='bbox 2238 2051 2402 2108; x_wconf 80' lang='lat' dir='ltr'><strong>atque</strong></span> <span class='ocrx_word' id='word_1_390' title='bbox 2438 2041 2508 2094; x_wconf 88' lang='lat' dir='ltr'><strong>ita</strong></span> <span class='ocrx_word' id='word_1_391' title='bbox 2532 2041 2790 2110; x_wconf 83' lang='lat' dir='ltr'><strong>deinceps</strong></span> <span class='ocrx_word' id='word_1_392' title='bbox 2819 2045 2871 2093; x_wconf 90' lang='lat' dir='ltr'><strong>in</strong></span> <span class='ocrx_word' id='word_1_393' title='bbox 2902 2040 3199 2094; x_wconf 87' lang='lat' dir='ltr'><strong>inﬁnitum.</strong></span> <span class='ocrx_word' id='word_1_394' title='bbox 3256 2039 3349 2094; x_wconf 91' lang='lat' dir='ltr'><strong>Sic</strong></span> <span class='ocrx_word' id='word_1_395' title='bbox 3407 2040 3556 2095; x_wconf 89' lang='lat' dir='ltr'><strong>enim</strong></span> 
     </span>
    </p>
   </div>
   <div class='ocr_carea' id='block_1_51' title="bbox 1987 2133 3567 2203">
    <p class='ocr_par' dir='ltr' id='par_1_51' title="bbox 1987 2133 3567 2203">
     <span class='ocr_line' id='line_1_51' title="bbox 1987 2133 3567 2203; baseline 0.002 -17"><span class='ocrx_word' id='word_1_396' title='bbox 1987 2144 2286 2191; x_wconf 81' lang='lat' dir='ltr'><strong>constaret.</strong></span> <span class='ocrx_word' id='word_1_397' title='bbox 2327 2148 2476 2197; x_wconf 91' lang='lat' dir='ltr'><strong>eum,</strong></span> <span class='ocrx_word' id='word_1_398' title='bbox 2513 2134 2605 2202; x_wconf 83' lang='lat' dir='ltr'><strong>qui</strong></span> <span class='ocrx_word' id='word_1_399' title='bbox 2646 2134 2866 2203; x_wconf 86' lang='lat' dir='ltr'><strong>genitus</strong></span> <span class='ocrx_word' id='word_1_400' title='bbox 2895 2144 2999 2196; x_wconf 86' lang='lat' dir='ltr'><strong>est,</strong></span> <span class='ocrx_word' id='word_1_401' title='bbox 3036 2134 3201 2197; x_wconf 88' lang='lat' dir='ltr'><strong>illius,</strong></span> <span class='ocrx_word' id='word_1_402' title='bbox 3232 2133 3323 2203; x_wconf 86' lang='lat' dir='ltr'><strong>qui</strong></span> <span class='ocrx_word' id='word_1_403' title='bbox 3356 2135 3567 2202; x_wconf 78' lang='lat' dir='ltr'><strong>genuit,</strong></span> 
     </span>
    </p>
   </div>
   <div class='ocr_carea' id='block_1_52' title="bbox 1987 2224 3569 2295">
    <p class='ocr_par' dir='ltr' id='par_1_52' title="bbox 1987 2224 3569 2295">
     <span class='ocr_line' id='line_1_52' title="bbox 1987 2224 3569 2295; baseline 0.001 -18"><span class='ocrx_word' id='word_1_404' title='bbox 1987 2240 2106 2279; x_wconf 90' lang='lat' dir='ltr'><strong>esse</strong></span> <span class='ocrx_word' id='word_1_405' title='bbox 2130 2224 2393 2280; x_wconf 84' lang='lat' dir='ltr'><strong>similem.</strong></span> <span class='ocrx_word' id='word_1_406' title='bbox 2424 2225 2867 2295; x_wconf 81' lang='lat' dir='ltr'><strong>Respondemus,</strong></span> <span class='ocrx_word' id='word_1_407' title='bbox 2904 2226 2948 2279; x_wconf 93' lang='lat' dir='ltr'><strong>si</strong></span> <span class='ocrx_word' id='word_1_408' title='bbox 2982 2225 3151 2279; x_wconf 82' lang='lat' dir='ltr'><strong>Filius</strong></span> <span class='ocrx_word' id='word_1_409' title='bbox 3172 2234 3256 2278; x_wconf 91' lang='lat' dir='ltr'><strong>est</strong></span> <span class='ocrx_word' id='word_1_410' title='bbox 3285 2240 3353 2279; x_wconf 88' lang='lat' dir='ltr'><strong>eo</strong></span> <span class='ocrx_word' id='word_1_411' title='bbox 3383 2226 3569 2290; x_wconf 90' lang='lat' dir='ltr'><strong>modo,</strong></span> 
     </span>
    </p>
   </div>
   <div class='ocr_carea' id='block_1_53' title="bbox 1986 2317 3570 2386">
    <p class='ocr_par' dir='ltr' id='par_1_53' title="bbox 1986 2317 3570 2386">
     <span class='ocr_line' id='line_1_53' title="bbox 1986 2317 3570 2386; baseline 0.002 -17"><span class='ocrx_word' id='word_1_412' title='bbox 1986 2332 2095 2386; x_wconf 91' lang='lat' dir='ltr'><strong>quo</strong></span> <span class='ocrx_word' id='word_1_413' title='bbox 2130 2318 2382 2371; x_wconf 83' lang='lat' dir='ltr'><strong>homines</strong></span> <span class='ocrx_word' id='word_1_414' title='bbox 2412 2317 2507 2371; x_wconf 92' lang='lat' dir='ltr'><strong>ﬁlii</strong></span> <span class='ocrx_word' id='word_1_415' title='bbox 2540 2328 2689 2382; x_wconf 88' lang='lat' dir='ltr'><strong>sunt,</strong></span> <span class='ocrx_word' id='word_1_416' title='bbox 2714 2318 2805 2371; x_wconf 90' lang='lat' dir='ltr'><strong>ﬁat</strong></span> <span class='ocrx_word' id='word_1_417' title='bbox 2839 2318 3003 2371; x_wconf 87' lang='lat' dir='ltr'><strong>etiam</strong></span> <span class='ocrx_word' id='word_1_418' title='bbox 3032 2318 3265 2386; x_wconf 76' lang='lat' dir='ltr'><strong>genitor,</strong></span> <span class='ocrx_word' id='word_1_419' title='bbox 3307 2326 3364 2372; x_wconf 90' lang='lat' dir='ltr'><strong>ut</strong></span> <span class='ocrx_word' id='word_1_420' title='bbox 3396 2318 3570 2372; x_wconf 85' lang='lat' dir='ltr'><strong>Filius</strong></span> 
     </span>
    </p>
   </div>
   <div class='ocr_carea' id='block_1_54' title="bbox 1987 2408 3573 2478">
    <p class='ocr_par' dir='ltr' id='par_1_54' title="bbox 1987 2408 3573 2478">
     <span class='ocr_line' id='line_1_54' title="bbox 1987 2408 3573 2478; baseline 0.001 -17"><span class='ocrx_word' id='word_1_421' title='bbox 1987 2410 2059 2461; x_wconf 88' lang='lat' dir='ltr'><strong>sit</strong></span> <span class='ocrx_word' id='word_1_422' title='bbox 2105 2408 2242 2461; x_wconf 88' lang='lat' dir='ltr'><strong>alter</strong></span> <span class='ocrx_word' id='word_1_423' title='bbox 2273 2408 2457 2474; x_wconf 83' lang='lat' dir='ltr'><strong>Pater,</strong></span> <span class='ocrx_word' id='word_1_424' title='bbox 2501 2418 2666 2478; x_wconf 88' lang='lat' dir='ltr'><strong>atque</strong></span> <span class='ocrx_word' id='word_1_425' title='bbox 2712 2409 2785 2463; x_wconf 89' lang='lat' dir='ltr'><strong>ita</strong></span> <span class='ocrx_word' id='word_1_426' title='bbox 2848 2408 3107 2477; x_wconf 87' lang='lat' dir='ltr'><strong>deinceps</strong></span> <span class='ocrx_word' id='word_1_427' title='bbox 3167 2408 3307 2463; x_wconf 84' lang='lat' dir='ltr'><strong>alius</strong></span> <span class='ocrx_word' id='word_1_428' title='bbox 3360 2424 3427 2465; x_wconf 78' lang='lat' dir='ltr'><strong>ex</strong></span> <span class='ocrx_word' id='word_1_429' title='bbox 3466 2409 3573 2463; x_wconf 85' lang='lat' dir='ltr'><strong>alio</strong></span> 
     </span>
    </p>
   </div>
   <div class='ocr_carea' id='block_1_55' title="bbox 1989 2500 3571 2571">
    <p class='ocr_par' dir='ltr' id='par_1_55' title="bbox 1989 2500 3571 2571">
     <span class='ocr_line' id='line_1_55' title="bbox 1989 2500 3571 2571; baseline 0.003 -22"><span class='ocrx_word' id='word_1_430' title='bbox 1989 2500 2265 2571; x_wconf 74' lang='lat' dir='ltr'><strong>gignatur,</strong></span> <span class='ocrx_word' id='word_1_431' title='bbox 2304 2511 2363 2554; x_wconf 91' lang='lat' dir='ltr'><strong>ut</strong></span> <span class='ocrx_word' id='word_1_432' title='bbox 2398 2515 2589 2555; x_wconf 91' lang='lat' dir='ltr'><strong>eorum</strong></span> <span class='ocrx_word' id='word_1_433' title='bbox 2622 2501 2900 2556; x_wconf 82' lang='lat' dir='ltr'><strong>successio</strong></span> <span class='ocrx_word' id='word_1_434' title='bbox 2929 2509 3214 2570; x_wconf 87' lang='lat' dir='ltr'><strong>augeatur,</strong></span> <span class='ocrx_word' id='word_1_435' title='bbox 3251 2508 3307 2554; x_wconf 92' lang='lat' dir='ltr'><strong>et</strong></span> <span class='ocrx_word' id='word_1_436' title='bbox 3344 2500 3571 2555; x_wconf 88' lang='lat' dir='ltr'><strong>deorum</strong></span> 
     </span>
    </p>
   </div>
   <div class='ocr_carea' id='block_1_56' title="bbox 1988 2592 3571 2659">
    <p class='ocr_par' dir='ltr' id='par_1_56' title="bbox 1988 2592 3571 2659">
     <span class='ocr_line' id='line_1_56' title="bbox 1988 2592 3571 2659; baseline -0.001 -13"><span class='ocrx_word' id='word_1_437' title='bbox 1988 2594 2290 2646; x_wconf 75' lang='lat' dir='ltr'><strong>constituat</strong></span> <span class='ocrx_word' id='word_1_438' title='bbox 2326 2594 2762 2655; x_wconf 89' lang='lat' dir='ltr'><strong>multitudinem,</strong></span> <span class='ocrx_word' id='word_1_439' title='bbox 2809 2592 2967 2658; x_wconf 85' lang='lat' dir='ltr'><strong>Quod</strong></span> <span class='ocrx_word' id='word_1_440' title='bbox 2996 2594 3041 2647; x_wconf 90' lang='lat' dir='ltr'><strong>si</strong></span> <span class='ocrx_word' id='word_1_441' title='bbox 3076 2609 3187 2647; x_wconf 89' lang='lat' dir='ltr'><strong>non</strong></span> <span class='ocrx_word' id='word_1_442' title='bbox 3220 2608 3283 2647; x_wconf 85' lang='lat' dir='ltr'><strong>ea</strong></span> <span class='ocrx_word' id='word_1_443' title='bbox 3337 2594 3571 2659; x_wconf 90' lang='lat' dir='ltr'><strong>ratione,</strong></span> 
     </span>
    </p>
   </div>
   <div class='ocr_carea' id='block_1_57' title="bbox 1987 2683 3575 2753">
    <p class='ocr_par' dir='ltr' id='par_1_57' title="bbox 1987 2683 3575 2753">
     <span class='ocr_line' id='line_1_57' title="bbox 1987 2683 3575 2753; baseline -0.001 -16"><span class='ocrx_word' id='word_1_444' title='bbox 1987 2700 2091 2752; x_wconf 90' lang='lat' dir='ltr'><strong>qua</strong></span> <span class='ocrx_word' id='word_1_445' title='bbox 2129 2686 2401 2748; x_wconf 88' lang='lat' dir='ltr'><strong>homines,</strong></span> <span class='ocrx_word' id='word_1_446' title='bbox 2437 2684 2608 2738; x_wconf 86' lang='lat' dir='ltr'><strong>Filius</strong></span> <span class='ocrx_word' id='word_1_447' title='bbox 2642 2694 2750 2749; x_wconf 89' lang='lat' dir='ltr'><strong>est,</strong></span> <span class='ocrx_word' id='word_1_448' title='bbox 2803 2701 2912 2740; x_wconf 89' lang='lat' dir='ltr'><strong>non</strong></span> <span class='ocrx_word' id='word_1_449' title='bbox 2946 2694 3076 2739; x_wconf 91' lang='lat' dir='ltr'><strong>sunt</strong></span> <span class='ocrx_word' id='word_1_450' title='bbox 3110 2684 3184 2748; x_wconf 91' lang='lat' dir='ltr'><strong>ei,</strong></span> <span class='ocrx_word' id='word_1_451' title='bbox 3244 2698 3366 2753; x_wconf 52' lang='lat' dir='ltr'><strong>quae.</strong></span> <span class='ocrx_word' id='word_1_452' title='bbox 3398 2683 3575 2737; x_wconf 87' lang='lat' dir='ltr'><strong>homi-</strong></span> 
     </span>
    </p>
   </div>
   <div class='ocr_carea' id='block_1_58' title="bbox 1990 2777 3572 2847">
    <p class='ocr_par' dir='ltr' id='par_1_58' title="bbox 1990 2777 3572 2847">
     <span class='ocr_line' id='line_1_58' title="bbox 1990 2777 3572 2847; baseline -0.001 -17"><span class='ocrx_word' id='word_1_453' title='bbox 1990 2793 2121 2831; x_wconf 90' lang='lat' dir='ltr'><strong>num</strong></span> <span class='ocrx_word' id='word_1_454' title='bbox 2172 2786 2324 2841; x_wconf 90' lang='lat' dir='ltr'><strong>sunt,</strong></span> <span class='ocrx_word' id='word_1_455' title='bbox 2358 2778 2733 2833; x_wconf 76' lang='lat' dir='ltr'><strong>attribuenda.</strong></span> <span class='ocrx_word' id='word_1_456' title='bbox 2784 2777 2915 2831; x_wconf 83' lang='lat' dir='ltr'><strong>Nam</strong></span> <span class='ocrx_word' id='word_1_457' title='bbox 2953 2778 3162 2846; x_wconf 91' lang='lat' dir='ltr'><strong>reliqua</strong></span> <span class='ocrx_word' id='word_1_458' title='bbox 3195 2777 3416 2847; x_wconf 85' lang='lat' dir='ltr'><strong>quidem</strong></span> <span class='ocrx_word' id='word_1_459' title='bbox 3448 2777 3572 2829; x_wconf 84' lang='lat' dir='ltr'><strong>ani-</strong></span> 
     </span>
    </p>
   </div>
   <div class='ocr_carea' id='block_1_59' title="bbox 1992 2870 3576 2939">
    <p class='ocr_par' dir='ltr' id='par_1_59' title="bbox 1992 2870 3576 2939">
     <span class='ocr_line' id='line_1_59' title="bbox 1992 2870 3576 2939; baseline -0.001 -16"><span class='ocrx_word' id='word_1_460' title='bbox 1992 2870 2174 2933; x_wconf 88' lang='lat' dir='ltr'><strong>tnalia,</strong></span> <span class='ocrx_word' id='word_1_461' title='bbox 2227 2879 2396 2939; x_wconf 89' lang='lat' dir='ltr'><strong>atque</strong></span> <span class='ocrx_word' id='word_1_462' title='bbox 2427 2872 2591 2924; x_wconf 88' lang='lat' dir='ltr'><strong>etiam</strong></span> <span class='ocrx_word' id='word_1_463' title='bbox 2627 2870 3011 2938; x_wconf 85' lang='lat' dir='ltr'><strong>homincsjam</strong></span> <span class='ocrx_word' id='word_1_464' title='bbox 3048 2870 3176 2924; x_wconf 76' lang='lat' dir='ltr'><strong>inde</strong></span> <span class='ocrx_word' id='word_1_465' title='bbox 3208 2870 3277 2922; x_wconf 90' lang='lat' dir='ltr'><strong>ab</strong></span> <span class='ocrx_word' id='word_1_466' title='bbox 3306 2870 3426 2937; x_wconf 88' lang='lat' dir='ltr'><strong>ipso</strong></span> <span class='ocrx_word' id='word_1_467' title='bbox 3449 2883 3576 2937; x_wconf 87' lang='lat' dir='ltr'><strong>pro-</strong></span> 
     </span>
    </p>
   </div>
   <div class='ocr_carea' id='block_1_60' title="bbox 1997 2962 3571 3031">
    <p class='ocr_par' dir='ltr' id='par_1_60' title="bbox 1997 2962 3571 3031">
     <span class='ocr_line' id='line_1_60' title="bbox 1997 2962 3571 3031; baseline -0.001 -17"><span class='ocrx_word' id='word_1_468' title='bbox 1997 2962 2296 3017; x_wconf 88' lang='lat' dir='ltr'><strong>creationis</strong></span> <span class='ocrx_word' id='word_1_469' title='bbox 2335 2963 2493 3017; x_wconf 87' lang='lat' dir='ltr'><strong>initio</strong></span> <span class='ocrx_word' id='word_1_470' title='bbox 2548 2973 2738 3015; x_wconf 89' lang='lat' dir='ltr'><strong>mutuo</strong></span> <span class='ocrx_word' id='word_1_471' title='bbox 2770 2963 3006 3031; x_wconf 85' lang='lat' dir='ltr'><strong>quodam</strong></span> <span class='ocrx_word' id='word_1_472' title='bbox 3061 2962 3432 3017; x_wconf 83' lang='lat' dir='ltr'><strong>successionis</strong></span> <span class='ocrx_word' id='word_1_473' title='bbox 3478 2976 3571 3013; x_wconf 85' lang='lat' dir='ltr'><strong>or-</strong></span> 
     </span>
    </p>
   </div>
   <div class='ocr_carea' id='block_1_61' title="bbox 1994 3052 3568 3122">
    <p class='ocr_par' dir='ltr' id='par_1_61' title="bbox 1994 3052 3568 3122">
     <span class='ocr_line' id='line_1_61' title="bbox 1994 3052 3568 3122; baseline -0.001 -16"><span class='ocrx_word' id='word_1_474' title='bbox 1994 3054 2124 3106; x_wconf 82' lang='lat' dir='ltr'><strong>dine</strong></span> <span class='ocrx_word' id='word_1_475' title='bbox 2160 3065 2517 3122; x_wconf 77' lang='lat' dir='ltr'><strong>generantur,</strong></span> <span class='ocrx_word' id='word_1_476' title='bbox 2546 3063 2600 3119; x_wconf 86' lang='lat' dir='ltr'><strong>et</strong></span> <span class='ocrx_word' id='word_1_477' title='bbox 2633 3063 2918 3122; x_wconf 79' lang='lat' dir='ltr'><strong>generant,</strong></span> <span class='ocrx_word' id='word_1_478' title='bbox 2955 3063 3013 3107; x_wconf 92' lang='lat' dir='ltr'><strong>ut</strong></span> <span class='ocrx_word' id='word_1_479' title='bbox 3040 3052 3131 3121; x_wconf 91' lang='lat' dir='ltr'><strong>qui</strong></span> <span class='ocrx_word' id='word_1_480' title='bbox 3162 3060 3411 3120; x_wconf 76' lang='lat' dir='ltr'><strong>generat,</strong></span> <span class='ocrx_word' id='word_1_481' title='bbox 3443 3066 3568 3105; x_wconf 92' lang='lat' dir='ltr'><strong>cum</strong></span> 
     </span>
    </p>
   </div>
   <div class='ocr_carea' id='block_1_62' title="bbox 304 3144 1878 3222">
    <p class='ocr_par' dir='ltr' id='par_1_62' title="bbox 304 3144 1878 3222">
     <span class='ocr_line' id='line_1_62' title="bbox 304 3144 1878 3222; baseline 0.009 -27"><span class='ocrx_word' id='word_1_482' title='bbox 304 3145 495 3214; x_wconf 69' lang='grc' dir='ltr'>πατρὸς</span> <span class='ocrx_word' id='word_1_483' title='bbox 527 3147 591 3197; x_wconf 79' lang='grc' dir='ltr'>ὲν</span> <span class='ocrx_word' id='word_1_484' title='bbox 621 3145 810 3219; x_wconf 69' lang='grc' dir='ltr'>ἑαυτῷ</span> <span class='ocrx_word' id='word_1_485' title='bbox 839 3147 1016 3211; x_wconf 77' lang='grc' dir='ltr'>τοῦτο,</span> <span class='ocrx_word' id='word_1_486' title='bbox 1051 3147 1110 3213; x_wconf 78' lang='grc' dir='ltr'><strong>ἐξ</strong></span> <span class='ocrx_word' id='word_1_487' title='bbox 1140 3144 1200 3201; x_wconf 77' lang='grc' dir='ltr'><strong>οὗ</strong></span> <span class='ocrx_word' id='word_1_488' title='bbox 1234 3152 1326 3203; x_wconf 78' lang='grc' dir='ltr'><strong>καὶ</strong></span> <span class='ocrx_word' id='word_1_489' title='bbox 1360 3153 1521 3215; x_wconf 82' lang='grc' dir='ltr'>αὐτὸς</span> <span class='ocrx_word' id='word_1_490' title='bbox 1553 3156 1763 3222; x_wconf 78' lang='grc' dir='ltr'>γέγονε.</span> <span class='ocrx_word' id='word_1_491' title='bbox 1795 3157 1878 3210; x_wconf 70' lang='grc' dir='ltr'><strong>Διὸ</strong></span> 
     </span>
    </p>
   </div>
   <div class='ocr_carea' id='block_1_63' title="bbox 1985 3144 3574 3222">
    <p class='ocr_par' dir='ltr' id='par_1_63' title="bbox 1987 3145 3574 3216">
     <span class='ocr_line' id='line_1_63' title="bbox 1987 3145 3574 3216; baseline -0.001 -17"><span class='ocrx_word' id='word_1_492' title='bbox 1987 3161 2053 3199; x_wconf 83' lang='lat' dir='ltr'><strong>ex</strong></span> <span class='ocrx_word' id='word_1_493' title='bbox 2084 3156 2342 3216; x_wconf 83' lang='lat' dir='ltr'><strong>generato</strong></span> <span class='ocrx_word' id='word_1_494' title='bbox 2383 3156 2539 3214; x_wconf 76' lang='lat' dir='ltr'><strong>patre</strong></span> <span class='ocrx_word' id='word_1_495' title='bbox 2565 3156 2863 3215; x_wconf 82' lang='lat' dir='ltr'><strong>generatus</strong></span> <span class='ocrx_word' id='word_1_496' title='bbox 2901 3145 2970 3199; x_wconf 88' lang='lat' dir='ltr'><strong>sit</strong></span> <span class='ocrx_word' id='word_1_497' title='bbox 2992 3188 3005 3206; x_wconf 90' lang='lat'><strong>,</strong></span> <span class='ocrx_word' id='word_1_498' title='bbox 3038 3148 3237 3199; x_wconf 88' lang='lat' dir='ltr'><strong>merito</strong></span> <span class='ocrx_word' id='word_1_499' title='bbox 3277 3145 3396 3214; x_wconf 87' lang='lat' dir='ltr'><strong>ipse</strong></span> <span class='ocrx_word' id='word_1_500' title='bbox 3429 3160 3574 3214; x_wconf 84' lang='lat' dir='ltr'><strong>quo-</strong></span> 
     </span>
    </p>
   </div>
   <div class='ocr_carea' id='block_1_64' title="bbox 296 3234 1884 3315">
    <p class='ocr_par' dir='ltr' id='par_1_64' title="bbox 296 3234 1884 3315">
     <span class='ocr_line' id='line_1_64' title="bbox 296 3234 1884 3315; baseline 0.012 -33"><span class='ocrx_word' id='word_1_501' title='bbox 296 3234 403 3288; x_wconf 67' lang='grc' dir='ltr'><strong>οὕδὶ</strong></span> <span class='ocrx_word' id='word_1_502' title='bbox 430 3236 590 3287; x_wconf 74' lang='grc' dir='ltr'>ἐστιν</span> <span class='ocrx_word' id='word_1_503' title='bbox 635 3236 701 3287; x_wconf 77' lang='grc' dir='ltr'>ὲν</span> <span class='ocrx_word' id='word_1_504' title='bbox 729 3238 841 3298; x_wconf 77' lang='grc' dir='ltr'>τοῖς</span> <span class='ocrx_word' id='word_1_505' title='bbox 897 3239 1159 3302; x_wconf 63' lang='grc' dir='ltr'>τνιιούτοις</span> <span class='ocrx_word' id='word_1_506' title='bbox 1188 3243 1394 3310; x_wconf 77' lang='grc' dir='ltr'>κυρίως</span> <span class='ocrx_word' id='word_1_507' title='bbox 1426 3246 1632 3315; x_wconf 83' lang='grc' dir='ltr'>πατὴρ,</span> <span class='ocrx_word' id='word_1_508' title='bbox 1666 3248 1760 3299; x_wconf 70' lang='grc' dir='ltr'><strong>καὶ</strong></span> <span class='ocrx_word' id='word_1_509' title='bbox 1786 3265 1884 3301; x_wconf 85' lang='grc' dir='ltr'>κυ-</span> 
     </span>
    </p>
   </div>
   <div class='ocr_carea' id='block_1_65' title="bbox 290 3326 1882 3409">
    <p class='ocr_par' dir='ltr' id='par_1_65' title="bbox 290 3326 1882 3409">
     <span class='ocr_line' id='line_1_65' title="bbox 290 3326 1882 3409; baseline 0.014 -41"><span class='ocrx_word' id='word_1_510' title='bbox 290 3328 414 3394; x_wconf 75' lang='grc' dir='ltr'>ρίως</span> <span class='ocrx_word' id='word_1_511' title='bbox 470 3329 619 3389; x_wconf 69' lang='grc' dir='ltr'><strong>υἱός.</strong></span> <span class='ocrx_word' id='word_1_512' title='bbox 675 3330 736 3379; x_wconf 88' lang='grc' dir='ltr'><strong>Ὀ</strong></span> <span class='ocrx_word' id='word_1_513' title='bbox 773 3326 881 3398; x_wconf 82' lang='grc' dir='ltr'>γὰρ</span> <span class='ocrx_word' id='word_1_514' title='bbox 919 3330 1083 3394; x_wconf 80' lang='grc' dir='ltr'>αὐτὸς</span> <span class='ocrx_word' id='word_1_515' title='bbox 1121 3331 1235 3395; x_wconf 80' lang='grc' dir='ltr'>υίὸς</span> <span class='ocrx_word' id='word_1_516' title='bbox 1268 3334 1478 3399; x_wconf 86' lang='grc' dir='ltr'>γίνεται</span> <span class='ocrx_word' id='word_1_517' title='bbox 1530 3340 1624 3389; x_wconf 73' lang='grc' dir='ltr'>καὶ</span> <span class='ocrx_word' id='word_1_518' title='bbox 1666 3339 1882 3409; x_wconf 80' lang='grc' dir='ltr'>πατὴρ,</span> 
     </span>
    </p>
   </div>
   <div class='ocr_carea' id='block_1_66' title="bbox 284 3418 1884 3497">
    <p class='ocr_par' dir='ltr' id='par_1_66' title="bbox 284 3418 1884 3497">
     <span class='ocr_line' id='line_1_66' title="bbox 284 3418 1884 3497; baseline 0.008 -27"><span class='ocrx_word' id='word_1_519' title='bbox 284 3421 395 3479; x_wconf 69' lang='grc' dir='ltr'>υίὸς</span> <span class='ocrx_word' id='word_1_520' title='bbox 432 3421 538 3487; x_wconf 71' lang='grc' dir='ltr'><strong>μὲν</strong></span> <span class='ocrx_word' id='word_1_521' title='bbox 568 3418 663 3471; x_wconf 80' lang='grc' dir='ltr'>τοῦ</span> <span class='ocrx_word' id='word_1_522' title='bbox 700 3421 1087 3487; x_wconf 78' lang='grc' dir='ltr'>γεννήσαντος,</span> <span class='ocrx_word' id='word_1_523' title='bbox 1114 3425 1297 3493; x_wconf 79' lang='grc' dir='ltr'>πατὴρ</span> <span class='ocrx_word' id='word_1_524' title='bbox 1326 3424 1381 3477; x_wconf 80' lang='grc' dir='ltr'><strong>δὲ</strong></span> <span class='ocrx_word' id='word_1_525' title='bbox 1409 3425 1502 3478; x_wconf 84' lang='grc' dir='ltr'>τοῦ</span> <span class='ocrx_word' id='word_1_526' title='bbox 1537 3432 1884 3497; x_wconf 76' lang='grc' dir='ltr'>γεννωμένου</span> 
     </span>
    </p>
   </div>
   <div class='ocr_carea' id='block_1_67' title="bbox 284 3510 1882 3583">
    <p class='ocr_par' dir='ltr' id='par_1_67' title="bbox 284 3510 1882 3583">
     <span class='ocr_line' id='line_1_67' title="bbox 284 3510 1882 3583; baseline 0.009 -22"><span class='ocrx_word' id='word_1_527' title='bbox 284 3510 346 3572; x_wconf 74' lang='grc' dir='ltr'><strong>ἐξ</strong></span> <span class='ocrx_word' id='word_1_528' title='bbox 372 3510 569 3564; x_wconf 69' lang='grc' dir='ltr'>αὐτοῦ.</span> <span class='ocrx_word' id='word_1_529' title='bbox 609 3510 736 3563; x_wconf 70' lang='grc' dir='ltr'>Ἐπὶ</span> <span class='ocrx_word' id='word_1_530' title='bbox 773 3510 827 3563; x_wconf 85' lang='grc' dir='ltr'><strong>δὲ</strong></span> <span class='ocrx_word' id='word_1_531' title='bbox 860 3513 957 3581; x_wconf 85' lang='grc' dir='ltr'><strong>τῆς</strong></span> <span class='ocrx_word' id='word_1_532' title='bbox 987 3513 1242 3583; x_wconf 80' lang='grc' dir='ltr'>θεότητος</span> <span class='ocrx_word' id='word_1_533' title='bbox 1271 3517 1371 3569; x_wconf 79' lang='grc' dir='ltr'><strong>οὐκ</strong></span> <span class='ocrx_word' id='word_1_534' title='bbox 1402 3517 1549 3571; x_wconf 76' lang='grc' dir='ltr'>ἔστιν</span> <span class='ocrx_word' id='word_1_535' title='bbox 1580 3520 1775 3583; x_wconf 71' lang='grc' dir='ltr'>οὕτως.</span> <span class='ocrx_word' id='word_1_536' title='bbox 1807 3523 1882 3575; x_wconf 86' lang='grc' dir='ltr'><strong>Οὐ</strong></span> 
     </span>
    </p>
   </div>
   <div class='ocr_carea' id='block_1_68' title="bbox 296 3598 1882 3678">
    <p class='ocr_par' dir='ltr' id='par_1_68' title="bbox 296 3598 1882 3678">
     <span class='ocr_line' id='line_1_68' title="bbox 296 3598 1882 3678; baseline 0.009 -31"><span class='ocrx_word' id='word_1_537' title='bbox 296 3600 409 3667; x_wconf 67' lang='grc' dir='ltr'><strong>γαρ</strong></span> <span class='ocrx_word' id='word_1_538' title='bbox 452 3599 533 3662; x_wconf 70' lang='grc' dir='ltr'>ὡς</span> <span class='ocrx_word' id='word_1_539' title='bbox 578 3598 860 3678; x_wconf 63' lang='grc' dir='ltr'>ἅνθρωπος</span> <span class='ocrx_word' id='word_1_540' title='bbox 896 3603 922 3652; x_wconf 97' lang='lat'><strong>6</strong></span> <span class='ocrx_word' id='word_1_541' title='bbox 961 3602 1114 3666; x_wconf 85' lang='grc' dir='ltr'>Θεός.</span> <span class='ocrx_word' id='word_1_542' title='bbox 1164 3603 1303 3657; x_wconf 75' lang='grc' dir='ltr'>Οὔτε</span> <span class='ocrx_word' id='word_1_543' title='bbox 1352 3607 1459 3676; x_wconf 78' lang='grc' dir='ltr'>γὰρ</span> <span class='ocrx_word' id='word_1_544' title='bbox 1508 3609 1536 3660; x_wconf 89' lang='lat'><strong>6</strong></span> <span class='ocrx_word' id='word_1_545' title='bbox 1584 3609 1773 3678; x_wconf 80' lang='grc' dir='ltr'>Πατὴρ</span> <span class='ocrx_word' id='word_1_546' title='bbox 1819 3612 1882 3662; x_wconf 75' lang='grc' dir='ltr'>ἐκ</span> 
     </span>
    </p>
   </div>
   <div class='ocr_carea' id='block_1_69' title="bbox 314 3673 1883 3770">
    <p class='ocr_par' dir='ltr' id='par_1_69' title="bbox 314 3673 1883 3770">
     <span class='ocr_line' id='line_1_69' title="bbox 314 3673 1883 3770; baseline 0.011 -33"><span class='ocrx_word' id='word_1_547' title='bbox 314 3687 531 3754; x_wconf 66' lang='grc' dir='ltr'>Πατρός</span> <span class='ocrx_word' id='word_1_548' title='bbox 587 3690 722 3744; x_wconf 65' lang='grc' dir='ltr'>ἔστι·</span> <span class='ocrx_word' id='word_1_549' title='bbox 790 3673 870 3745; x_wconf 44' lang='grc' dir='ltr'><strong>δῖὸ</strong></span> <span class='ocrx_word' id='word_1_550' title='bbox 924 3693 1045 3746; x_wconf 80' lang='grc' dir='ltr'>οὐδὲ</span> <span class='ocrx_word' id='word_1_551' title='bbox 1104 3697 1269 3767; x_wconf 78' lang='grc' dir='ltr'>γεννᾷ</span> <span class='ocrx_word' id='word_1_552' title='bbox 1330 3673 1442 3750; x_wconf 67' lang='grc' dir='ltr'><strong>τὸν⁷</strong></span> <span class='ocrx_word' id='word_1_553' title='bbox 1484 3673 1883 3770; x_wconf 56' lang='grc' dir='ltr'>γεννησόιίενον</span> 
     </span>
    </p>
   </div>
   <div class='ocr_carea' id='block_1_70' title="bbox 312 3780 1881 3863">
    <p class='ocr_par' dir='ltr' id='par_1_70' title="bbox 312 3780 1881 3863">
     <span class='ocr_line' id='line_1_70' title="bbox 312 3780 1881 3863; baseline 0.01 -32"><span class='ocrx_word' id='word_1_554' title='bbox 312 3780 533 3849; x_wconf 73' lang='grc' dir='ltr'>Πατέρα</span> <span class='ocrx_word' id='word_1_555' title='bbox 558 3796 573 3811; x_wconf 80' lang='grc'><strong><em>⁸</em></strong></span> <span class='ocrx_word' id='word_1_556' title='bbox 596 3781 711 3836; x_wconf 75' lang='grc' dir='ltr'>οὔτε</span> <span class='ocrx_word' id='word_1_557' title='bbox 735 3788 763 3837; x_wconf 92' lang='lat'><strong>6</strong></span> <span class='ocrx_word' id='word_1_558' title='bbox 796 3786 922 3847; x_wconf 78' lang='lat' dir='ltr'><strong>Tib;</strong></span> <span class='ocrx_word' id='word_1_559' title='bbox 951 3786 1011 3851; x_wconf 78' lang='grc' dir='ltr'>ἐξ</span> <span class='ocrx_word' id='word_1_560' title='bbox 1041 3788 1339 3858; x_wconf 82' lang='grc' dir='ltr'>ἀπορῥοίας</span> <span class='ocrx_word' id='word_1_561' title='bbox 1374 3791 1492 3842; x_wconf 75' lang='grc' dir='ltr'>ἐστὶ</span> <span class='ocrx_word' id='word_1_562' title='bbox 1520 3791 1615 3843; x_wconf 83' lang='grc' dir='ltr'><strong>τοῦ</strong></span> <span class='ocrx_word' id='word_1_563' title='bbox 1648 3793 1881 3863; x_wconf 83' lang='grc' dir='ltr'>Πατρὸς,</span> 
     </span>
    </p>
   </div>
   <div class='ocr_carea' id='block_1_71' title="bbox 297 3873 1883 3953">
    <p class='ocr_par' dir='ltr' id='par_1_71' title="bbox 297 3873 1883 3953">
     <span class='ocr_line' id='line_1_71' title="bbox 297 3873 1883 3953; baseline 0.009 -27"><span class='ocrx_word' id='word_1_564' title='bbox 297 3873 420 3927; x_wconf 72' lang='grc' dir='ltr'>οὔτε</span> <span class='ocrx_word' id='word_1_565' title='bbox 477 3878 546 3929; x_wconf 82' lang='grc' dir='ltr'>ἐκ</span> <span class='ocrx_word' id='word_1_566' title='bbox 581 3878 934 3947; x_wconf 76' lang='grc' dir='ltr'>γεννηθέντος</span> <span class='ocrx_word' id='word_1_567' title='bbox 989 3882 1202 3946; x_wconf 78' lang='grc' dir='ltr'>Πατρὸς</span> <span class='ocrx_word' id='word_1_568' title='bbox 1243 3884 1593 3953; x_wconf 82' lang='grc' dir='ltr'>γεγέννηται.</span> <span class='ocrx_word' id='word_1_569' title='bbox 1634 3887 1722 3938; x_wconf 81' lang='grc' dir='ltr'>Διὸ</span> <span class='ocrx_word' id='word_1_570' title='bbox 1762 3889 1883 3940; x_wconf 73' lang='grc' dir='ltr'>οὐδὲ</span> 
     </span>
    </p>
   </div>
   <div class='ocr_carea' id='block_1_72' title="bbox 286 3971 1882 4053">
    <p class='ocr_par' dir='ltr' id='par_1_72' title="bbox 286 3971 1882 4053">
     <span class='ocr_line' id='line_1_72' title="bbox 286 3971 1882 4053; baseline 0.009 -31"><span class='ocrx_word' id='word_1_571' title='bbox 286 3971 617 4042; x_wconf 64' lang='grc' dir='ltr'>γεγέννηται</span> <span class='ocrx_word' id='word_1_572' title='bbox 674 3977 756 4038; x_wconf 83' lang='grc' dir='ltr'><strong>είς</strong></span> <span class='ocrx_word' id='word_1_573' title='bbox 790 3979 849 4031; x_wconf 89' lang='lat' dir='ltr'><em>:b</em></span> <span class='ocrx_word' id='word_1_574' title='bbox 889 3979 1107 4049; x_wconf 79' lang='grc' dir='ltr'>γεννᾷν.</span> <span class='ocrx_word' id='word_1_575' title='bbox 1141 3980 1304 4032; x_wconf 87' lang='grc' dir='ltr'>Ὅθεν</span> <span class='ocrx_word' id='word_1_576' title='bbox 1353 3983 1443 4032; x_wconf 78' lang='grc' dir='ltr'>ἐπὶ</span> <span class='ocrx_word' id='word_1_577' title='bbox 1474 3982 1573 4050; x_wconf 82' lang='grc' dir='ltr'>τῆς</span> <span class='ocrx_word' id='word_1_578' title='bbox 1624 3983 1882 4053; x_wconf 80' lang='grc' dir='ltr'>θεότητος</span> 
     </span>
    </p>
   </div>
   <div class='ocr_carea' id='block_1_73' title="bbox 290 4062 1880 4139">
    <p class='ocr_par' dir='ltr' id='par_1_73' title="bbox 290 4062 1880 4139">
     <span class='ocr_line' id='line_1_73' title="bbox 290 4062 1880 4139; baseline 0.008 -26"><span class='ocrx_word' id='word_1_579' title='bbox 290 4062 454 4129; x_wconf 69' lang='grc' dir='ltr'>μόνης</span> <span class='ocrx_word' id='word_1_580' title='bbox 484 4066 514 4115; x_wconf 92' lang='lat'><strong>6</strong></span> <span class='ocrx_word' id='word_1_581' title='bbox 552 4065 746 4135; x_wconf 79' lang='grc' dir='ltr'>Πατὴρ</span> <span class='ocrx_word' id='word_1_582' title='bbox 799 4067 1006 4134; x_wconf 77' lang='grc' dir='ltr'>κυρίως</span> <span class='ocrx_word' id='word_1_583' title='bbox 1053 4069 1169 4120; x_wconf 70' lang='grc' dir='ltr'>ἐστί</span> <span class='ocrx_word' id='word_1_584' title='bbox 1205 4069 1414 4139; x_wconf 78' lang='grc' dir='ltr'>Πατὴρ,</span> <span class='ocrx_word' id='word_1_585' title='bbox 1448 4072 1543 4123; x_wconf 71' lang='grc' dir='ltr'>καὶ</span> <span class='ocrx_word' id='word_1_586' title='bbox 1574 4072 1602 4123; x_wconf 92' lang='lat'><strong>6</strong></span> <span class='ocrx_word' id='word_1_587' title='bbox 1637 4073 1761 4133; x_wconf 83' lang='lat' dir='ltr'><strong>Tib;</strong></span> <span class='ocrx_word' id='word_1_588' title='bbox 1786 4092 1880 4125; x_wconf 79' lang='grc' dir='ltr'><strong>κυ-</strong></span> 
     </span>
    </p>
   </div>
   <div class='ocr_carea' id='block_1_74' title="bbox 291 4153 1881 4235">
    <p class='ocr_par' dir='ltr' id='par_1_74' title="bbox 291 4153 1881 4235">
     <span class='ocr_line' id='line_1_74' title="bbox 291 4153 1881 4235; baseline 0.008 -30"><span class='ocrx_word' id='word_1_589' title='bbox 291 4153 416 4220; x_wconf 69' lang='grc' dir='ltr'>ρίως</span> <span class='ocrx_word' id='word_1_590' title='bbox 470 4156 599 4215; x_wconf 74' lang='grc' dir='ltr'><strong>)“ί6;</strong></span> <span class='ocrx_word' id='word_1_591' title='bbox 630 4158 770 4210; x_wconf 75' lang='grc' dir='ltr'>ἐστι.</span> <span class='ocrx_word' id='word_1_592' title='bbox 810 4160 919 4211; x_wconf 76' lang='grc' dir='ltr'><strong>Καὶ</strong></span> <span class='ocrx_word' id='word_1_593' title='bbox 958 4160 1053 4212; x_wconf 76' lang='grc' dir='ltr'><strong>ἐπὶ</strong></span> <span class='ocrx_word' id='word_1_594' title='bbox 1093 4163 1299 4214; x_wconf 77' lang='grc' dir='ltr'>τούτων</span> <span class='ocrx_word' id='word_1_595' title='bbox 1333 4164 1428 4215; x_wconf 75' lang='grc' dir='ltr'>καὶ</span> <span class='ocrx_word' id='word_1_596' title='bbox 1467 4165 1647 4232; x_wconf 80' lang='grc' dir='ltr'>μόνων</span> <span class='ocrx_word' id='word_1_597' title='bbox 1682 4166 1881 4235; x_wconf 78' lang='grc' dir='ltr'>ἕστηκε</span> 
     </span>
    </p>
   </div>
   <div class='ocr_carea' id='block_1_75' title="bbox 287 4247 1882 4323">
    <p class='ocr_par' dir='ltr' id='par_1_75' title="bbox 287 4247 1882 4323">
     <span class='ocr_line' id='line_1_75' title="bbox 287 4247 1882 4323; baseline 0.008 -25"><span class='ocrx_word' id='word_1_598' title='bbox 287 4247 344 4298; x_wconf 72' lang='grc' dir='ltr'>τὸ</span> <span class='ocrx_word' id='word_1_599' title='bbox 370 4247 465 4301; x_wconf 78' lang='grc' dir='ltr'><strong>τὸν</strong></span> <span class='ocrx_word' id='word_1_600' title='bbox 514 4251 742 4318; x_wconf 82' lang='grc' dir='ltr'>Πατέρα</span> <span class='ocrx_word' id='word_1_601' title='bbox 779 4252 866 4306; x_wconf 78' lang='grc' dir='ltr'>ἀεὶ</span> <span class='ocrx_word' id='word_1_602' title='bbox 895 4253 1115 4323; x_wconf 84' lang='grc' dir='ltr'>Πατέρα</span> <span class='ocrx_word' id='word_1_603' title='bbox 1155 4250 1320 4320; x_wconf 74' lang='grc' dir='ltr'>εἶναι,</span> <span class='ocrx_word' id='word_1_604' title='bbox 1364 4257 1457 4309; x_wconf 79' lang='grc' dir='ltr'><strong>καὶ</strong></span> <span class='ocrx_word' id='word_1_605' title='bbox 1492 4256 1585 4308; x_wconf 83' lang='grc' dir='ltr'><strong>τὸν</strong></span> <span class='ocrx_word' id='word_1_606' title='bbox 1636 4257 1763 4310; x_wconf 86' lang='grc' dir='ltr'>Υίὸν</span> <span class='ocrx_word' id='word_1_607' title='bbox 1793 4260 1882 4310; x_wconf 75' lang='grc' dir='ltr'><strong>ἀεὶ</strong></span> 
     </span>
    </p>
   </div>
   <div class='ocr_carea' id='block_1_76' title="bbox 288 4334 1878 4413">
    <p class='ocr_par' dir='ltr' id='par_1_76' title="bbox 288 4334 1878 4413">
     <span class='ocr_line' id='line_1_76' title="bbox 288 4334 1878 4413; baseline 0.004 -22"><span class='ocrx_word' id='word_1_608' title='bbox 288 4338 411 4391; x_wconf 80' lang='grc' dir='ltr'>Υίὸν</span> <span class='ocrx_word' id='word_1_609' title='bbox 425 4334 596 4391; x_wconf 76' lang='grc' dir='ltr'>εἰναι.</span> <span class='ocrx_word' id='word_1_610' title='bbox 624 4341 837 4393; x_wconf 76' lang='grc' dir='ltr'>Οὐκοῦν</span> <span class='ocrx_word' id='word_1_611' title='bbox 858 4343 885 4392; x_wconf 82' lang='grc' dir='ltr'>ὁ</span> <span class='ocrx_word' id='word_1_612' title='bbox 906 4342 1099 4409; x_wconf 81' lang='grc' dir='ltr'>λέγων,</span> <span class='ocrx_word' id='word_1_613' title='bbox 1122 4344 1277 4395; x_wconf 86' lang='grc' dir='ltr'>Διατί</span> <span class='ocrx_word' id='word_1_614' title='bbox 1302 4344 1375 4413; x_wconf 83' lang='grc' dir='ltr'><strong>μὴ</strong></span> <span class='ocrx_word' id='word_1_615' title='bbox 1398 4345 1721 4413; x_wconf 79' lang='grc' dir='ltr'>γεννητικὸς</span> <span class='ocrx_word' id='word_1_616' title='bbox 1752 4345 1878 4397; x_wconf 77' lang='grc' dir='ltr'><strong>Υίοῦ</strong></span> 
     </span>
    </p>
   </div>
   <div class='ocr_carea' id='block_1_77' title="bbox 282 4430 1875 4508">
    <p class='ocr_par' dir='ltr' id='par_1_77' title="bbox 282 4430 1875 4508">
     <span class='ocr_line' id='line_1_77' title="bbox 282 4430 1875 4508; baseline 0.004 -23"><span class='ocrx_word' id='word_1_617' title='bbox 282 4433 311 4485; x_wconf 82' lang='lat'><strong>6</strong></span> <span class='ocrx_word' id='word_1_618' title='bbox 339 4433 510 4497; x_wconf 78' lang='grc' dir='ltr'>Υῖ6ς;</span> <span class='ocrx_word' id='word_1_619' title='bbox 545 4430 819 4501; x_wconf 79' lang='grc' dir='ltr'>ζητείτω,</span> <span class='ocrx_word' id='word_1_620' title='bbox 850 4435 993 4489; x_wconf 76' lang='grc' dir='ltr'>διατι</span> <span class='ocrx_word' id='word_1_621' title='bbox 1041 4435 1117 4505; x_wconf 85' lang='grc' dir='ltr'><strong>μὴ</strong></span> <span class='ocrx_word' id='word_1_622' title='bbox 1148 4437 1366 4503; x_wconf 80' lang='grc' dir='ltr'>Πατέρα</span> <span class='ocrx_word' id='word_1_623' title='bbox 1402 4437 1561 4506; x_wconf 74' lang='grc' dir='ltr'>ἔσχεν</span> <span class='ocrx_word' id='word_1_624' title='bbox 1604 4439 1631 4490; x_wconf 86' lang='lat'><strong>6</strong></span> <span class='ocrx_word' id='word_1_625' title='bbox 1666 4439 1875 4508; x_wconf 85' lang='grc' dir='ltr'>Πατήρ.</span> 
     </span>
    </p>
   </div>
   <div class='ocr_carea' id='block_1_78' title="bbox 292 4524 1878 4599">
    <p class='ocr_par' dir='ltr' id='par_1_78' title="bbox 292 4524 1878 4599">
     <span class='ocr_line' id='line_1_78' title="bbox 292 4524 1878 4599; baseline 0.003 -18"><span class='ocrx_word' id='word_1_626' title='bbox 292 4528 467 4581; x_wconf 80' lang='grc' dir='ltr'><strong>Ἀλλὰ</strong></span> <span class='ocrx_word' id='word_1_627' title='bbox 501 4524 686 4579; x_wconf 82' lang='grc' dir='ltr'>ταῦτά</span> <span class='ocrx_word' id='word_1_628' title='bbox 712 4544 773 4592; x_wconf 84' lang='grc' dir='ltr'><strong>γε</strong></span> <span class='ocrx_word' id='word_1_629' title='bbox 804 4528 1094 4597; x_wconf 82' lang='grc' dir='ltr'>ἀμφότερα</span> <span class='ocrx_word' id='word_1_630' title='bbox 1122 4529 1298 4597; x_wconf 82' lang='grc' dir='ltr'>μεστὰ</span> <span class='ocrx_word' id='word_1_631' title='bbox 1324 4531 1505 4599; x_wconf 81' lang='grc' dir='ltr'>πάσης</span> <span class='ocrx_word' id='word_1_632' title='bbox 1532 4531 1878 4593; x_wconf 69' lang='grc' dir='ltr'>δυσσεϐείας.</span> 
     </span>
    </p>
   </div>
   <div class='ocr_carea' id='block_1_79' title="bbox 1990 3236 3570 3307">
    <p class='ocr_par' dir='ltr' id='par_1_79' title="bbox 1990 3236 3570 3307">
     <span class='ocr_line' id='line_1_79' title="bbox 1990 3236 3570 3307; baseline 0 -17"><span class='ocrx_word' id='word_1_633' title='bbox 1990 3252 2098 3307; x_wconf 90' lang='lat' dir='ltr'><strong>que</strong></span> <span class='ocrx_word' id='word_1_634' title='bbox 2142 3238 2231 3291; x_wconf 87' lang='lat' dir='ltr'><strong>ﬁat</strong></span> <span class='ocrx_word' id='word_1_635' title='bbox 2283 3238 2511 3291; x_wconf 81' lang='lat' dir='ltr'><strong>alterius</strong></span> <span class='ocrx_word' id='word_1_636' title='bbox 2560 3246 2737 3306; x_wconf 83' lang='lat' dir='ltr'><strong>pater,</strong></span> <span class='ocrx_word' id='word_1_637' title='bbox 2782 3253 2908 3291; x_wconf 82' lang='lat' dir='ltr'><strong>eum</strong></span> <span class='ocrx_word' id='word_1_638' title='bbox 2942 3252 2970 3290; x_wconf 90' lang='lat' dir='ltr'><strong>a</strong></span> <span class='ocrx_word' id='word_1_639' title='bbox 3004 3252 3102 3292; x_wconf 89' lang='lat' dir='ltr'><strong>suo</strong></span> <span class='ocrx_word' id='word_1_640' title='bbox 3131 3247 3282 3307; x_wconf 88' lang='lat' dir='ltr'><strong>patre</strong></span> <span class='ocrx_word' id='word_1_641' title='bbox 3321 3238 3375 3291; x_wconf 89' lang='lat' dir='ltr'><strong>in</strong></span> <span class='ocrx_word' id='word_1_642' title='bbox 3427 3252 3485 3291; x_wconf 89' lang='lat' dir='ltr'><strong>se</strong></span> <span class='ocrx_word' id='word_1_643' title='bbox 3518 3236 3570 3291; x_wconf 88' lang='lat' dir='ltr'><strong>id</strong></span> 
     </span>
    </p>
   </div>
   <div class='ocr_carea' id='block_1_80' title="bbox 1990 3329 3572 3401">
    <p class='ocr_par' dir='ltr' id='par_1_80' title="bbox 1990 3329 3572 3401">
     <span class='ocr_line' id='line_1_80' title="bbox 1990 3329 3572 3401; baseline 0.001 -18"><span class='ocrx_word' id='word_1_644' title='bbox 1990 3329 2169 3400; x_wconf 87' lang='lat' dir='ltr'><strong>ipsum</strong></span> <span class='ocrx_word' id='word_1_645' title='bbox 2206 3331 2433 3391; x_wconf 73' lang='lat' dir='ltr'><strong>habeat,</strong></span> <span class='ocrx_word' id='word_1_646' title='bbox 2471 3348 2537 3385; x_wconf 77' lang='lat' dir='ltr'><strong>ex</strong></span> <span class='ocrx_word' id='word_1_647' title='bbox 2575 3347 2685 3399; x_wconf 89' lang='lat' dir='ltr'><strong>quo</strong></span> <span class='ocrx_word' id='word_1_648' title='bbox 2722 3340 2777 3385; x_wconf 87' lang='lat' dir='ltr'><strong>et</strong></span> <span class='ocrx_word' id='word_1_649' title='bbox 2811 3336 2931 3401; x_wconf 85' lang='lat' dir='ltr'><strong>ipse</strong></span> <span class='ocrx_word' id='word_1_650' title='bbox 2980 3330 3086 3383; x_wconf 86' lang='lat' dir='ltr'><strong>fuit</strong></span> <span class='ocrx_word' id='word_1_651' title='bbox 3143 3339 3458 3401; x_wconf 84' lang='lat' dir='ltr'><strong>generatus.</strong></span> <span class='ocrx_word' id='word_1_652' title='bbox 3497 3330 3572 3385; x_wconf 79' lang='lat' dir='ltr'><strong>Ex</strong></span> 
     </span>
    </p>
   </div>
   <div class='ocr_carea' id='block_1_81' title="bbox 1987 3422 3572 3494">
    <p class='ocr_par' dir='ltr' id='par_1_81' title="bbox 1987 3422 3572 3494">
     <span class='ocr_line' id='line_1_81' title="bbox 1987 3422 3572 3494; baseline -0.001 -17"><span class='ocrx_word' id='word_1_653' title='bbox 1987 3439 2096 3494; x_wconf 92' lang='lat' dir='ltr'><strong>quo</strong></span> <span class='ocrx_word' id='word_1_654' title='bbox 2122 3426 2218 3487; x_wconf 86' lang='lat' dir='ltr'><strong>lit,</strong></span> <span class='ocrx_word' id='word_1_655' title='bbox 2267 3433 2325 3476; x_wconf 92' lang='lat' dir='ltr'><strong>ut</strong></span> <span class='ocrx_word' id='word_1_656' title='bbox 2353 3422 2537 3477; x_wconf 87' lang='lat' dir='ltr'><strong>nullus</strong></span> <span class='ocrx_word' id='word_1_657' title='bbox 2574 3422 2718 3477; x_wconf 85' lang='lat' dir='ltr'><strong>inter</strong></span> <span class='ocrx_word' id='word_1_658' title='bbox 2749 3437 2846 3476; x_wconf 89' lang='lat' dir='ltr'><strong>eos</strong></span> <span class='ocrx_word' id='word_1_659' title='bbox 2903 3422 3126 3493; x_wconf 89' lang='lat' dir='ltr'><strong>proprie</strong></span> <span class='ocrx_word' id='word_1_660' title='bbox 3155 3423 3227 3475; x_wconf 91' lang='lat' dir='ltr'><strong>sit</strong></span> <span class='ocrx_word' id='word_1_661' title='bbox 3264 3434 3439 3491; x_wconf 85' lang='lat' dir='ltr'><strong>pater,</strong></span> <span class='ocrx_word' id='word_1_662' title='bbox 3477 3431 3572 3475; x_wconf 85' lang='lat' dir='ltr'><strong>aut</strong></span> 
     </span>
    </p>
   </div>
   <div class='ocr_carea' id='block_1_82' title="bbox 1990 3514 3566 3591">
    <p class='ocr_par' dir='ltr' id='par_1_82' title="bbox 1990 3514 3566 3591">
     <span class='ocr_line' id='line_1_82' title="bbox 1990 3514 3566 3591; baseline -0.002 -22"><span class='ocrx_word' id='word_1_663' title='bbox 1990 3515 2212 3585; x_wconf 83' lang='lat' dir='ltr'><strong>proprie</strong></span> <span class='ocrx_word' id='word_1_664' title='bbox 2234 3515 2399 3591; x_wconf 70' lang='lat' dir='ltr'><strong>illius,</strong></span> <span class='ocrx_word' id='word_1_665' title='bbox 2420 3530 2543 3569; x_wconf 90' lang='lat' dir='ltr'><strong>cum</strong></span> <span class='ocrx_word' id='word_1_666' title='bbox 2575 3516 2718 3568; x_wconf 87' lang='lat' dir='ltr'><strong>idem</strong></span> <span class='ocrx_word' id='word_1_667' title='bbox 2758 3524 2814 3568; x_wconf 93' lang='lat' dir='ltr'><strong>et</strong></span> <span class='ocrx_word' id='word_1_668' title='bbox 2845 3524 3001 3584; x_wconf 87' lang='lat' dir='ltr'><strong>pater</strong></span> <span class='ocrx_word' id='word_1_669' title='bbox 3028 3515 3277 3578; x_wconf 82' lang='lat' dir='ltr'><strong>exsistat,</strong></span> <span class='ocrx_word' id='word_1_670' title='bbox 3315 3521 3370 3567; x_wconf 91' lang='lat' dir='ltr'><strong>et</strong></span> <span class='ocrx_word' id='word_1_671' title='bbox 3403 3514 3566 3567; x_wconf 88' lang='lat' dir='ltr'><strong>ﬁlius.</strong></span> 
     </span>
    </p>
   </div>
   <div class='ocr_carea' id='block_1_83' title="bbox 1988 3605 3567 3676">
    <p class='ocr_par' dir='ltr' id='par_1_83' title="bbox 1988 3605 3567 3676">
     <span class='ocr_line' id='line_1_83' title="bbox 1988 3605 3567 3676; baseline -0.001 -16"><span class='ocrx_word' id='word_1_672' title='bbox 1988 3606 2152 3662; x_wconf 88' lang='lat' dir='ltr'><strong>Pater</strong></span> <span class='ocrx_word' id='word_1_673' title='bbox 2207 3607 2427 3676; x_wconf 80' lang='lat' dir='ltr'><strong>quidem</strong></span> <span class='ocrx_word' id='word_1_674' title='bbox 2486 3606 2657 3665; x_wconf 89' lang='lat' dir='ltr'><strong>illius.</strong></span> <span class='ocrx_word' id='word_1_675' title='bbox 2693 3621 2857 3674; x_wconf 88' lang='lat' dir='ltr'><strong>quem</strong></span> <span class='ocrx_word' id='word_1_676' title='bbox 2890 3607 3198 3676; x_wconf 75' lang='lat' dir='ltr'><strong>generavit,</strong></span> <span class='ocrx_word' id='word_1_677' title='bbox 3243 3614 3361 3670; x_wconf 69' lang='lat' dir='ltr'><strong>est;</strong></span> <span class='ocrx_word' id='word_1_678' title='bbox 3423 3605 3567 3659; x_wconf 86' lang='lat' dir='ltr'><strong>ﬁlius</strong></span> 
     </span>
    </p>
   </div>
   <div class='ocr_carea' id='block_1_84' title="bbox 1987 3697 3564 3767">
    <p class='ocr_par' dir='ltr' id='par_1_84' title="bbox 1987 3697 3564 3767">
     <span class='ocr_line' id='line_1_84' title="bbox 1987 3697 3564 3767; baseline 0.001 -16"><span class='ocrx_word' id='word_1_679' title='bbox 1987 3706 2171 3751; x_wconf 88' lang='lat' dir='ltr'><strong>autem</strong></span> <span class='ocrx_word' id='word_1_680' title='bbox 2208 3698 2329 3766; x_wconf 88' lang='lat' dir='ltr'><strong>ejus</strong></span> <span class='ocrx_word' id='word_1_681' title='bbox 2360 3714 2387 3750; x_wconf 84' lang='lat' dir='ltr'><strong>a</strong></span> <span class='ocrx_word' id='word_1_682' title='bbox 2419 3714 2528 3766; x_wconf 90' lang='lat' dir='ltr'><strong>quo</strong></span> <span class='ocrx_word' id='word_1_683' title='bbox 2562 3698 2678 3766; x_wconf 91' lang='lat' dir='ltr'><strong>ipse</strong></span> <span class='ocrx_word' id='word_1_684' title='bbox 2709 3706 3005 3765; x_wconf 83' lang='lat' dir='ltr'><strong>generatus</strong></span> <span class='ocrx_word' id='word_1_685' title='bbox 3039 3709 3143 3752; x_wconf 86' lang='lat' dir='ltr'><strong>est.</strong></span> <span class='ocrx_word' id='word_1_686' title='bbox 3179 3697 3236 3751; x_wconf 89' lang='lat' dir='ltr'><strong>lu</strong></span> <span class='ocrx_word' id='word_1_687' title='bbox 3270 3697 3387 3767; x_wconf 90' lang='lat' dir='ltr'><strong>ipsa</strong></span> <span class='ocrx_word' id='word_1_688' title='bbox 3431 3713 3564 3753; x_wconf 83' lang='lat' dir='ltr'><strong>vero</strong></span> 
     </span>
    </p>
   </div>
   <div class='ocr_carea' id='block_1_85' title="bbox 1986 3787 3572 3857">
    <p class='ocr_par' dir='ltr' id='par_1_85' title="bbox 1986 3787 3572 3857">
     <span class='ocr_line' id='line_1_85' title="bbox 1986 3787 3572 3857; baseline -0.002 -13"><span class='ocrx_word' id='word_1_689' title='bbox 1986 3790 2272 3844; x_wconf 87' lang='lat' dir='ltr'><strong>divinitate</strong></span> <span class='ocrx_word' id='word_1_690' title='bbox 2300 3804 2410 3843; x_wconf 91' lang='lat' dir='ltr'><strong>non</strong></span> <span class='ocrx_word' id='word_1_691' title='bbox 2455 3790 2527 3841; x_wconf 71' lang='lat' dir='ltr'><strong>ita</strong></span> <span class='ocrx_word' id='word_1_692' title='bbox 2564 3796 2668 3841; x_wconf 88' lang='lat' dir='ltr'><strong>est.</strong></span> <span class='ocrx_word' id='word_1_693' title='bbox 2711 3787 2899 3857; x_wconf 87' lang='lat' dir='ltr'><strong>Neque</strong></span> <span class='ocrx_word' id='word_1_694' title='bbox 2958 3788 3106 3842; x_wconf 89' lang='lat' dir='ltr'><strong>enim</strong></span> <span class='ocrx_word' id='word_1_695' title='bbox 3158 3789 3304 3842; x_wconf 89' lang='lat' dir='ltr'><strong>Deus</strong></span> <span class='ocrx_word' id='word_1_696' title='bbox 3353 3798 3459 3852; x_wconf 87' lang='lat' dir='ltr'><strong>est,</strong></span> <span class='ocrx_word' id='word_1_697' title='bbox 3509 3797 3572 3842; x_wconf 91' lang='lat' dir='ltr'><strong>ut</strong></span> 
     </span>
    </p>
   </div>
   <div class='ocr_carea' id='block_1_86' title="bbox 1987 3878 3565 3935">
    <p class='ocr_par' dir='ltr' id='par_1_86' title="bbox 1987 3878 3565 3935">
     <span class='ocr_line' id='line_1_86' title="bbox 1987 3878 3565 3935; baseline -0.002 0"><span class='ocrx_word' id='word_1_698' title='bbox 1987 3882 2236 3935; x_wconf 82' lang='lat' dir='ltr'><strong>homines</strong></span> <span class='ocrx_word' id='word_1_699' title='bbox 2264 3892 2409 3934; x_wconf 88' lang='lat' dir='ltr'><strong>sunt.</strong></span> <span class='ocrx_word' id='word_1_700' title='bbox 2446 3880 2661 3934; x_wconf 82' lang='lat' dir='ltr'><strong>Etenim</strong></span> <span class='ocrx_word' id='word_1_701' title='bbox 2693 3880 2851 3933; x_wconf 71' lang='lat' dir='ltr'><strong>l‘aler</strong></span> <span class='ocrx_word' id='word_1_702' title='bbox 2878 3894 2987 3932; x_wconf 89' lang='lat' dir='ltr'><strong>non</strong></span> <span class='ocrx_word' id='word_1_703' title='bbox 3028 3889 3112 3933; x_wconf 89' lang='lat' dir='ltr'><strong>est</strong></span> <span class='ocrx_word' id='word_1_704' title='bbox 3137 3880 3204 3932; x_wconf 85' lang='lat' dir='ltr'><strong>ab</strong></span> <span class='ocrx_word' id='word_1_705' title='bbox 3238 3879 3345 3932; x_wconf 74' lang='lat' dir='ltr'><strong>alio</strong></span> <span class='ocrx_word' id='word_1_706' title='bbox 3383 3878 3565 3934; x_wconf 83' lang='lat' dir='ltr'><strong>Patre.</strong></span> 
     </span>
    </p>
   </div>
   <div class='ocr_carea' id='block_1_87' title="bbox 1987 3970 3567 4042">
    <p class='ocr_par' dir='ltr' id='par_1_87' title="bbox 1987 3970 3567 4042">
     <span class='ocr_line' id='line_1_87' title="bbox 1987 3970 3567 4042; baseline -0.001 -17"><span class='ocrx_word' id='word_1_707' title='bbox 1987 3973 2165 4037; x_wconf 81' lang='lat' dir='ltr'><strong>Quare</strong></span> <span class='ocrx_word' id='word_1_708' title='bbox 2206 3989 2305 4026; x_wconf 88' lang='lat' dir='ltr'><strong>nec</strong></span> <span class='ocrx_word' id='word_1_709' title='bbox 2348 3973 2519 4042; x_wconf 80' lang='lat' dir='ltr'><strong>gignit</strong></span> <span class='ocrx_word' id='word_1_710' title='bbox 2545 3973 2882 4041; x_wconf 85' lang='lat' dir='ltr'><strong>geniturnm,</strong></span> <span class='ocrx_word' id='word_1_711' title='bbox 2935 3972 3291 4040; x_wconf 80' lang='lat' dir='ltr'><strong>futurumque</strong></span> <span class='ocrx_word' id='word_1_712' title='bbox 3323 3970 3567 4025; x_wconf 83' lang='lat' dir='ltr'><strong>Patrem.</strong></span> 
     </span>
    </p>
   </div>
   <div class='ocr_carea' id='block_1_88' title="bbox 1985 4061 3571 4131">
    <p class='ocr_par' dir='ltr' id='par_1_88' title="bbox 1985 4061 3571 4131">
     <span class='ocr_line' id='line_1_88' title="bbox 1985 4061 3571 4131; baseline -0.001 -13"><span class='ocrx_word' id='word_1_713' title='bbox 1985 4065 2095 4118; x_wconf 78' lang='lat' dir='ltr'><strong>Nec</strong></span> <span class='ocrx_word' id='word_1_714' title='bbox 2126 4064 2291 4117; x_wconf 90' lang='lat' dir='ltr'><strong>Filius</strong></span> <span class='ocrx_word' id='word_1_715' title='bbox 2325 4081 2388 4117; x_wconf 79' lang='lat' dir='ltr'><strong>ex</strong></span> <span class='ocrx_word' id='word_1_716' title='bbox 2432 4062 2607 4117; x_wconf 82' lang='lat' dir='ltr'><strong>Patris</strong></span> <span class='ocrx_word' id='word_1_717' title='bbox 2639 4074 2725 4117; x_wconf 89' lang='lat' dir='ltr'><strong>est</strong></span> <span class='ocrx_word' id='word_1_718' title='bbox 2770 4065 3000 4125; x_wconf 87' lang='lat' dir='ltr'><strong>semine,</strong></span> <span class='ocrx_word' id='word_1_719' title='bbox 3054 4078 3232 4131; x_wconf 89' lang='lat' dir='ltr'><strong>neque</strong></span> <span class='ocrx_word' id='word_1_720' title='bbox 3284 4078 3347 4115; x_wconf 80' lang='lat' dir='ltr'><strong>cx</strong></span> <span class='ocrx_word' id='word_1_721' title='bbox 3388 4061 3571 4131; x_wconf 86' lang='lat' dir='ltr'><strong>genito</strong></span> 
     </span>
    </p>
   </div>
   <div class='ocr_carea' id='block_1_89' title="bbox 1987 4155 3566 4226">
    <p class='ocr_par' dir='ltr' id='par_1_89' title="bbox 1987 4155 3566 4226">
     <span class='ocr_line' id='line_1_89' title="bbox 1987 4155 3566 4226; baseline -0.001 -17"><span class='ocrx_word' id='word_1_722' title='bbox 1987 4156 2162 4210; x_wconf 86' lang='lat' dir='ltr'><strong>Patre</strong></span> <span class='ocrx_word' id='word_1_723' title='bbox 2197 4158 2419 4226; x_wconf 80' lang='lat' dir='ltr'><strong>genitus</strong></span> <span class='ocrx_word' id='word_1_724' title='bbox 2453 4167 2554 4210; x_wconf 76' lang='lat' dir='ltr'><strong>est.</strong></span> <span class='ocrx_word' id='word_1_725' title='bbox 2586 4155 2956 4221; x_wconf 78' lang='lat' dir='ltr'><strong>Quamobrem</strong></span> <span class='ocrx_word' id='word_1_726' title='bbox 2984 4170 3088 4210; x_wconf 86' lang='lat' dir='ltr'><strong>nec</strong></span> <span class='ocrx_word' id='word_1_727' title='bbox 3116 4155 3184 4209; x_wconf 88' lang='lat' dir='ltr'><strong>ad</strong></span> <span class='ocrx_word' id='word_1_728' title='bbox 3231 4155 3566 4224; x_wconf 73' lang='lat' dir='ltr'><strong>gignendum</strong></span> 
     </span>
    </p>
   </div>
   <div class='ocr_carea' id='block_1_90' title="bbox 1989 4246 3570 4318">
    <p class='ocr_par' dir='ltr' id='par_1_90' title="bbox 1989 4246 3570 4318">
     <span class='ocr_line' id='line_1_90' title="bbox 1989 4246 3570 4318; baseline -0.001 -16"><span class='ocrx_word' id='word_1_729' title='bbox 1989 4261 2073 4302; x_wconf 88' lang='lat' dir='ltr'><strong>est</strong></span> <span class='ocrx_word' id='word_1_730' title='bbox 2102 4254 2343 4318; x_wconf 79' lang='lat' dir='ltr'><strong>genitus.</strong></span> <span class='ocrx_word' id='word_1_731' title='bbox 2396 4247 2637 4303; x_wconf 90' lang='lat' dir='ltr'><strong>Proinde</strong></span> <span class='ocrx_word' id='word_1_732' title='bbox 2681 4250 2731 4302; x_wconf 90' lang='lat' dir='ltr'><strong>in</strong></span> <span class='ocrx_word' id='word_1_733' title='bbox 2763 4250 2875 4302; x_wconf 91' lang='lat' dir='ltr'><strong>sola</strong></span> <span class='ocrx_word' id='word_1_734' title='bbox 2920 4248 3205 4302; x_wconf 86' lang='lat' dir='ltr'><strong>divinitate</strong></span> <span class='ocrx_word' id='word_1_735' title='bbox 3242 4246 3401 4300; x_wconf 79' lang='lat' dir='ltr'><strong>Pater</strong></span> <span class='ocrx_word' id='word_1_736' title='bbox 3437 4261 3570 4315; x_wconf 87' lang='lat' dir='ltr'><strong>pro-</strong></span> 
     </span>
    </p>
   </div>
   <div class='ocr_carea' id='block_1_91' title="bbox 1988 4340 3566 4413">
    <p class='ocr_par' dir='ltr' id='par_1_91' title="bbox 1988 4340 3566 4413">
     <span class='ocr_line' id='line_1_91' title="bbox 1988 4340 3566 4413; baseline -0.003 -17"><span class='ocrx_word' id='word_1_737' title='bbox 1988 4345 2105 4413; x_wconf 90' lang='lat' dir='ltr'><strong>prie</strong></span> <span class='ocrx_word' id='word_1_738' title='bbox 2138 4343 2297 4397; x_wconf 82' lang='lat' dir='ltr'><strong>Pater</strong></span> <span class='ocrx_word' id='word_1_739' title='bbox 2325 4350 2430 4406; x_wconf 88' lang='lat' dir='ltr'><strong>est,</strong></span> <span class='ocrx_word' id='word_1_740' title='bbox 2465 4352 2521 4396; x_wconf 88' lang='lat' dir='ltr'><strong>et</strong></span> <span class='ocrx_word' id='word_1_741' title='bbox 2551 4343 2721 4399; x_wconf 75' lang='lat' dir='ltr'><strong>Filius</strong></span> <span class='ocrx_word' id='word_1_742' title='bbox 2784 4342 3005 4411; x_wconf 85' lang='lat' dir='ltr'><strong>proprie</strong></span> <span class='ocrx_word' id='word_1_743' title='bbox 3054 4340 3225 4395; x_wconf 80' lang='lat' dir='ltr'><strong>Filius</strong></span> <span class='ocrx_word' id='word_1_744' title='bbox 3255 4350 3361 4393; x_wconf 88' lang='lat' dir='ltr'><strong>est.</strong></span> <span class='ocrx_word' id='word_1_745' title='bbox 3414 4340 3480 4393; x_wconf 86' lang='lat' dir='ltr'><strong>Et</strong></span> <span class='ocrx_word' id='word_1_746' title='bbox 3514 4340 3566 4392; x_wconf 92' lang='lat' dir='ltr'><strong>in</strong></span> 
     </span>
    </p>
   </div>
   <div class='ocr_carea' id='block_1_92' title="bbox 1991 4430 3572 4494">
    <p class='ocr_par' dir='ltr' id='par_1_92' title="bbox 1991 4430 3572 4494">
     <span class='ocr_line' id='line_1_92' title="bbox 1991 4430 3572 4494; baseline -0.003 -5"><span class='ocrx_word' id='word_1_747' title='bbox 1991 4438 2076 4489; x_wconf 88' lang='lat' dir='ltr'><strong>his</strong></span> <span class='ocrx_word' id='word_1_748' title='bbox 2122 4436 2257 4490; x_wconf 76' lang='lat' dir='ltr'><strong>solis</strong></span> <span class='ocrx_word' id='word_1_749' title='bbox 2308 4436 2441 4489; x_wconf 92' lang='lat' dir='ltr'><strong>illud</strong></span> <span class='ocrx_word' id='word_1_750' title='bbox 2492 4436 2713 4493; x_wconf 83' lang='lat' dir='ltr'><strong>ﬁrmum</strong></span> <span class='ocrx_word' id='word_1_751' title='bbox 2766 4445 2822 4488; x_wconf 88' lang='lat' dir='ltr'><strong>et</strong></span> <span class='ocrx_word' id='word_1_752' title='bbox 2870 4442 3131 4488; x_wconf 90' lang='lat' dir='ltr'><strong>constans</strong></span> <span class='ocrx_word' id='word_1_753' title='bbox 3165 4442 3271 4494; x_wconf 87' lang='lat' dir='ltr'><strong>est,</strong></span> <span class='ocrx_word' id='word_1_754' title='bbox 3318 4440 3380 4485; x_wconf 93' lang='lat' dir='ltr'><strong>ut</strong></span> <span class='ocrx_word' id='word_1_755' title='bbox 3407 4430 3572 4485; x_wconf 86' lang='lat' dir='ltr'><strong>Pater</strong></span> 
     </span>
    </p>
   </div>
   <div class='ocr_carea' id='block_1_93' title="bbox 1987 4524 3572 4601">
    <p class='ocr_par' dir='ltr' id='par_1_93' title="bbox 1987 4524 3572 4601">
     <span class='ocr_line' id='line_1_93' title="bbox 1987 4524 3572 4601; baseline -0.004 -16"><span class='ocrx_word' id='word_1_756' title='bbox 1987 4546 2206 4601; x_wconf 88' lang='lat' dir='ltr'><strong>semper</strong></span> <span class='ocrx_word' id='word_1_757' title='bbox 2251 4532 2316 4585; x_wconf 90' lang='lat' dir='ltr'><strong>sit</strong></span> <span class='ocrx_word' id='word_1_758' title='bbox 2367 4529 2555 4591; x_wconf 88' lang='lat' dir='ltr'><strong>Pater,</strong></span> <span class='ocrx_word' id='word_1_759' title='bbox 2611 4538 2667 4583; x_wconf 91' lang='lat' dir='ltr'><strong>et</strong></span> <span class='ocrx_word' id='word_1_760' title='bbox 2708 4527 2879 4582; x_wconf 84' lang='lat' dir='ltr'><strong>Filius</strong></span> <span class='ocrx_word' id='word_1_761' title='bbox 2928 4542 3145 4596; x_wconf 86' lang='lat' dir='ltr'><strong>semper</strong></span> <span class='ocrx_word' id='word_1_762' title='bbox 3181 4525 3375 4579; x_wconf 85' lang='lat' dir='ltr'><strong>Filius.</strong></span> <span class='ocrx_word' id='word_1_763' title='bbox 3425 4524 3572 4589; x_wconf 84' lang='lat' dir='ltr'><strong>Quo-</strong></span> 
     </span>
    </p>
   </div>
   <div class='ocr_carea' id='block_1_94' title="bbox 282 4615 1878 4691">
    <p class='ocr_par' dir='ltr' id='par_1_94' title="bbox 282 4618 1878 4690">
     <span class='ocr_line' id='line_1_94' title="bbox 282 4618 1878 4690; baseline 0.002 -19"><span class='ocrx_word' id='word_1_764' title='bbox 282 4618 500 4687; x_wconf 80' lang='grc' dir='ltr'>Ὦσπερ</span> <span class='ocrx_word' id='word_1_765' title='bbox 537 4619 653 4687; x_wconf 72' lang='grc' dir='ltr'>γὰρ</span> <span class='ocrx_word' id='word_1_766' title='bbox 697 4618 724 4668; x_wconf 91' lang='lat'><strong>6</strong></span> <span class='ocrx_word' id='word_1_767' title='bbox 769 4618 955 4689; x_wconf 74' lang='grc' dir='ltr'>Πατὴρ</span> <span class='ocrx_word' id='word_1_768' title='bbox 998 4619 1083 4672; x_wconf 76' lang='grc' dir='ltr'><strong>ἀεὶ</strong></span> <span class='ocrx_word' id='word_1_769' title='bbox 1130 4620 1319 4690; x_wconf 79' lang='grc' dir='ltr'>Πατὴρ</span> <span class='ocrx_word' id='word_1_770' title='bbox 1362 4622 1456 4673; x_wconf 70' lang='grc' dir='ltr'><strong>καὶ</strong></span> <span class='ocrx_word' id='word_1_771' title='bbox 1500 4621 1600 4674; x_wconf 81' lang='grc' dir='ltr'><strong>οὐκ</strong></span> <span class='ocrx_word' id='word_1_772' title='bbox 1643 4621 1708 4675; x_wconf 78' lang='grc' dir='ltr'>ἄν</span> <span class='ocrx_word' id='word_1_773' title='bbox 1752 4639 1878 4674; x_wconf 83' lang='grc' dir='ltr'>ποτε</span> 
     </span>
    </p>
   </div>
   <div class='ocr_carea' id='block_1_95' title="bbox 1985 4615 3570 4691">
    <p class='ocr_par' dir='ltr' id='par_1_95' title="bbox 1985 4615 3570 4691">
     <span class='ocr_line' id='line_1_95' title="bbox 1985 4615 3570 4691; baseline -0.006 -15"><span class='ocrx_word' id='word_1_774' title='bbox 1985 4624 2126 4677; x_wconf 89' lang='lat' dir='ltr'><strong>circa</strong></span> <span class='ocrx_word' id='word_1_775' title='bbox 2176 4622 2266 4691; x_wconf 86' lang='lat' dir='ltr'><strong>qui</strong></span> <span class='ocrx_word' id='word_1_776' title='bbox 2309 4622 2464 4683; x_wconf 90' lang='lat' dir='ltr'><strong>dicit,</strong></span> <span class='ocrx_word' id='word_1_777' title='bbox 2518 4620 2631 4673; x_wconf 77' lang='lat' dir='ltr'><strong>Cur</strong></span> <span class='ocrx_word' id='word_1_778' title='bbox 2678 4618 2849 4672; x_wconf 84' lang='lat' dir='ltr'><strong>Filius</strong></span> <span class='ocrx_word' id='word_1_779' title='bbox 2883 4633 2990 4671; x_wconf 88' lang='lat' dir='ltr'><strong>non</strong></span> <span class='ocrx_word' id='word_1_780' title='bbox 3041 4625 3126 4670; x_wconf 93' lang='lat' dir='ltr'><strong>est</strong></span> <span class='ocrx_word' id='word_1_781' title='bbox 3164 4615 3458 4685; x_wconf 82' lang='lat' dir='ltr'><strong>ejusmodi,</strong></span> <span class='ocrx_word' id='word_1_782' title='bbox 3509 4625 3570 4667; x_wconf 91' lang='lat' dir='ltr'><strong>ut</strong></span> 
     </span>
    </p>
   </div>
   <div class='ocr_carea' id='block_1_96' title="bbox 278 4705 1878 4784">
    <p class='ocr_par' dir='ltr' id='par_1_96' title="bbox 278 4710 1878 4781">
     <span class='ocr_line' id='line_1_96' title="bbox 278 4710 1878 4781; baseline 0.002 -17"><span class='ocrx_word' id='word_1_783' title='bbox 278 4714 511 4781; x_wconf 74' lang='grc' dir='ltr'>γένηται</span> <span class='ocrx_word' id='word_1_784' title='bbox 578 4711 743 4773; x_wconf 71' lang='grc' dir='ltr'>Υἱὸς,</span> <span class='ocrx_word' id='word_1_785' title='bbox 786 4711 960 4774; x_wconf 68' lang='grc' dir='ltr'>οὕτως</span> <span class='ocrx_word' id='word_1_786' title='bbox 1008 4711 1037 4763; x_wconf 91' lang='lat'><strong>6</strong></span> <span class='ocrx_word' id='word_1_787' title='bbox 1086 4712 1212 4773; x_wconf 82' lang='lat' dir='ltr'><strong>Tib;</strong></span> <span class='ocrx_word' id='word_1_788' title='bbox 1254 4713 1339 4764; x_wconf 73' lang='grc' dir='ltr'><strong>ἀεὶ</strong></span> <span class='ocrx_word' id='word_1_789' title='bbox 1391 4713 1517 4777; x_wconf 74' lang='grc' dir='ltr'>Υἱός</span> <span class='ocrx_word' id='word_1_790' title='bbox 1572 4715 1727 4778; x_wconf 77' lang='grc' dir='ltr'>ἐστι,</span> <span class='ocrx_word' id='word_1_791' title='bbox 1789 4710 1878 4767; x_wconf 68' lang='grc' dir='ltr'>καῖ</span> 
     </span>
    </p>
   </div>
   <div class='ocr_carea' id='block_1_97' title="bbox 1985 4705 3567 4784">
    <p class='ocr_par' dir='ltr' id='par_1_97' title="bbox 1985 4705 3567 4784">
     <span class='ocr_line' id='line_1_97' title="bbox 1985 4705 3567 4784; baseline -0.005 -17"><span class='ocrx_word' id='word_1_792' title='bbox 1985 4716 2150 4767; x_wconf 90' lang='lat' dir='ltr'><strong>ﬁlium</strong></span> <span class='ocrx_word' id='word_1_793' title='bbox 2179 4714 2446 4784; x_wconf 80' lang='lat' dir='ltr'><strong>generet?</strong></span> <span class='ocrx_word' id='word_1_794' title='bbox 2478 4711 2617 4766; x_wconf 89' lang='lat' dir='ltr'><strong>idem</strong></span> <span class='ocrx_word' id='word_1_795' title='bbox 2654 4720 2884 4778; x_wconf 63' lang='lat' dir='ltr'><strong>quierat,</strong></span> <span class='ocrx_word' id='word_1_796' title='bbox 2918 4708 3031 4764; x_wconf 87' lang='lat' dir='ltr'><strong>Cur</strong></span> <span class='ocrx_word' id='word_1_797' title='bbox 3053 4708 3215 4761; x_wconf 83' lang='lat' dir='ltr'><strong>Pater</strong></span> <span class='ocrx_word' id='word_1_798' title='bbox 3242 4722 3349 4760; x_wconf 83' lang='lat' dir='ltr'><strong>non</strong></span> <span class='ocrx_word' id='word_1_799' title='bbox 3376 4705 3567 4760; x_wconf 85' lang='lat' dir='ltr'><strong>habuit</strong></span> 
     </span>
    </p>
   </div>
   <div class='ocr_carea' id='block_1_98' title="bbox 272 4798 1878 4876">
    <p class='ocr_par' dir='ltr' id='par_1_98' title="bbox 272 4802 1878 4874">
     <span class='ocr_line' id='line_1_98' title="bbox 272 4802 1878 4874; baseline 0.001 -17"><span class='ocrx_word' id='word_1_800' title='bbox 272 4804 374 4857; x_wconf 73' lang='grc' dir='ltr'>οὐκ</span> <span class='ocrx_word' id='word_1_801' title='bbox 406 4804 479 4857; x_wconf 77' lang='grc' dir='ltr'>ἄν</span> <span class='ocrx_word' id='word_1_802' title='bbox 520 4819 658 4854; x_wconf 82' lang='grc' dir='ltr'>ποτε</span> <span class='ocrx_word' id='word_1_803' title='bbox 684 4802 896 4870; x_wconf 85' lang='grc' dir='ltr'>γένοιτο</span> <span class='ocrx_word' id='word_1_804' title='bbox 926 4802 1140 4873; x_wconf 83' lang='grc' dir='ltr'>Πατήρ.</span> <span class='ocrx_word' id='word_1_805' title='bbox 1167 4803 1277 4857; x_wconf 76' lang='grc' dir='ltr'><strong>Καὶ</strong></span> <span class='ocrx_word' id='word_1_806' title='bbox 1305 4806 1364 4857; x_wconf 74' lang='grc' dir='ltr'>ὲν</span> <span class='ocrx_word' id='word_1_807' title='bbox 1397 4805 1573 4874; x_wconf 82' lang='grc' dir='ltr'>τούτῳ</span> <span class='ocrx_word' id='word_1_808' title='bbox 1601 4808 1709 4874; x_wconf 80' lang='grc' dir='ltr'>γὰρ</span> <span class='ocrx_word' id='word_1_809' title='bbox 1743 4807 1878 4873; x_wconf 82' lang='grc' dir='ltr'><strong>μᾶλ-</strong></span> 
     </span>
    </p>
   </div>
   <div class='ocr_carea' id='block_1_99' title="bbox 1985 4798 3565 4876">
    <p class='ocr_par' dir='ltr' id='par_1_99' title="bbox 1985 4798 3565 4876">
     <span class='ocr_line' id='line_1_99' title="bbox 1985 4798 3565 4876; baseline -0.006 -16"><span class='ocrx_word' id='word_1_810' title='bbox 1985 4807 2218 4863; x_wconf 86' lang='lat' dir='ltr'><strong>Patrem?</strong></span> <span class='ocrx_word' id='word_1_811' title='bbox 2232 4808 2335 4863; x_wconf 89' lang='lat' dir='ltr'><strong>Sed</strong></span> <span class='ocrx_word' id='word_1_812' title='bbox 2369 4818 2599 4876; x_wconf 88' lang='lat' dir='ltr'><strong>utraque</strong></span> <span class='ocrx_word' id='word_1_813' title='bbox 2620 4806 2847 4874; x_wconf 70' lang='lat' dir='ltr'><strong>qumstio</strong></span> <span class='ocrx_word' id='word_1_814' title='bbox 2869 4813 2952 4858; x_wconf 89' lang='lat' dir='ltr'><strong>est</strong></span> <span class='ocrx_word' id='word_1_815' title='bbox 2977 4801 3278 4871; x_wconf 87' lang='lat' dir='ltr'><strong>impietatis</strong></span> <span class='ocrx_word' id='word_1_816' title='bbox 3306 4798 3565 4868; x_wconf 90' lang='lat' dir='ltr'><strong>plenissi-</strong></span> 
     </span>
    </p>
   </div>
   <div class='ocr_carea' id='block_1_100' title="bbox 270 4891 1876 4965">
    <p class='ocr_par' dir='ltr' id='par_1_100' title="bbox 270 4891 1876 4965">
     <span class='ocr_line' id='line_1_100' title="bbox 270 4891 1876 4965; baseline 0 -16"><span class='ocrx_word' id='word_1_817' title='bbox 270 4896 365 4949; x_wconf 73' lang='grc' dir='ltr'>λον</span> <span class='ocrx_word' id='word_1_818' title='bbox 403 4893 709 4965; x_wconf 77' lang='grc' dir='ltr'>χαρακτὴρ</span> <span class='ocrx_word' id='word_1_819' title='bbox 737 4891 811 4946; x_wconf 83' lang='grc' dir='ltr'>ὢν</span> <span class='ocrx_word' id='word_1_820' title='bbox 852 4894 946 4946; x_wconf 82' lang='grc' dir='ltr'>τοῦ</span> <span class='ocrx_word' id='word_1_821' title='bbox 981 4894 1195 4961; x_wconf 80' lang='grc' dir='ltr'>Πατρδς</span> <span class='ocrx_word' id='word_1_822' title='bbox 1237 4895 1333 4948; x_wconf 75' lang='grc' dir='ltr'>καὶ</span> <span class='ocrx_word' id='word_1_823' title='bbox 1380 4895 1545 4947; x_wconf 86' lang='grc' dir='ltr'>είκὼν</span> <span class='ocrx_word' id='word_1_824' title='bbox 1575 4896 1876 4961; x_wconf 82' lang='grc' dir='ltr'>δείκνυται,</span> 
     </span>
    </p>
   </div>
   <div class='ocr_carea' id='block_1_101' title="bbox 276 4986 1876 5057">
    <p class='ocr_par' dir='ltr' id='par_1_101' title="bbox 276 4986 1876 5057">
     <span class='ocr_line' id='line_1_101' title="bbox 276 4986 1876 5057; baseline -0.001 -16"><span class='ocrx_word' id='word_1_825' title='bbox 276 4989 467 5056; x_wconf 72' lang='grc' dir='ltr'>μένων</span> <span class='ocrx_word' id='word_1_826' title='bbox 488 4990 518 5041; x_wconf 89' lang='grc' dir='ltr'><strong>ὅ</strong></span> <span class='ocrx_word' id='word_1_827' title='bbox 539 4989 680 5052; x_wconf 76' lang='grc' dir='ltr'>ἐστι,</span> <span class='ocrx_word' id='word_1_828' title='bbox 709 4988 803 5039; x_wconf 73' lang='grc' dir='ltr'>καὶ</span> <span class='ocrx_word' id='word_1_829' title='bbox 823 4986 924 5039; x_wconf 79' lang='grc' dir='ltr'>οὐκ</span> <span class='ocrx_word' id='word_1_830' title='bbox 952 4986 1325 5056; x_wconf 72' lang='grc' dir='ltr'>ἀλλασσόμενο</span> <span class='ocrx_word' id='word_1_831' title='bbox 1344 5005 1378 5052; x_wconf 91' lang='grc'>·,</span> <span class='ocrx_word' id='word_1_832' title='bbox 1399 4987 1514 5039; x_wconf 78' lang='grc' dir='ltr'><strong>ἀλλ’</strong></span> <span class='ocrx_word' id='word_1_833' title='bbox 1542 4988 1679 5057; x_wconf 75' lang='grc' dir='ltr'>ἔχων</span> <span class='ocrx_word' id='word_1_834' title='bbox 1698 4990 1760 5039; x_wconf 79' lang='grc' dir='ltr'><strong>ὲκ</strong></span> <span class='ocrx_word' id='word_1_835' title='bbox 1782 4988 1876 5039; x_wconf 72' lang='grc' dir='ltr'>τοῦ</span> 
     </span>
    </p>
   </div>
   <div class='ocr_carea' id='block_1_102' title="bbox 276 5074 1880 5150">
    <p class='ocr_par' dir='ltr' id='par_1_102' title="bbox 276 5074 1880 5150">
     <span class='ocr_line' id='line_1_102' title="bbox 276 5074 1880 5150; baseline 0 -19"><span class='ocrx_word' id='word_1_836' title='bbox 276 5081 504 5149; x_wconf 72' lang='grc' dir='ltr'>[ἰατρὸς</span> <span class='ocrx_word' id='word_1_837' title='bbox 532 5078 633 5149; x_wconf 78' lang='grc' dir='ltr'><strong>τὴν</strong></span> <span class='ocrx_word' id='word_1_838' title='bbox 678 5079 1003 5145; x_wconf 78' lang='grc' dir='ltr'>ταυτότητα.</span> <span class='ocrx_word' id='word_1_839' title='bbox 1049 5078 1108 5130; x_wconf 85' lang='lat' dir='ltr'><strong>El</strong></span> <span class='ocrx_word' id='word_1_840' title='bbox 1149 5079 1247 5147; x_wconf 79' lang='grc' dir='ltr'><strong>μὲν</strong></span> <span class='ocrx_word' id='word_1_841' title='bbox 1290 5074 1385 5131; x_wconf 81' lang='grc' dir='ltr'>οὖν</span> <span class='ocrx_word' id='word_1_842' title='bbox 1428 5080 1456 5131; x_wconf 92' lang='lat'><strong>6</strong></span> <span class='ocrx_word' id='word_1_843' title='bbox 1493 5079 1679 5150; x_wconf 85' lang='grc' dir='ltr'>Πατὴρ</span> <span class='ocrx_word' id='word_1_844' title='bbox 1711 5096 1880 5148; x_wconf 86' lang='grc' dir='ltr'>μετα-</span> 
     </span>
    </p>
   </div>
   <div class='ocr_carea' id='block_1_103' title="bbox 278 5170 1877 5241">
    <p class='ocr_par' dir='ltr' id='par_1_103' title="bbox 278 5170 1877 5241">
     <span class='ocr_line' id='line_1_103' title="bbox 278 5170 1877 5241; baseline -0.004 -13"><span class='ocrx_word' id='word_1_845' title='bbox 278 5173 571 5239; x_wconf 58' lang='grc' dir='ltr'>δάλῦεταε,</span> <span class='ocrx_word' id='word_1_846' title='bbox 613 5170 1034 5240; x_wconf 75' lang='grc' dir='ltr'>μεταδαλλέσθω</span> <span class='ocrx_word' id='word_1_847' title='bbox 1055 5172 1150 5225; x_wconf 77' lang='grc' dir='ltr'>καὶ</span> <span class='ocrx_word' id='word_1_848' title='bbox 1173 5172 1206 5241; x_wconf 80' lang='grc' dir='ltr'>ὴ</span> <span class='ocrx_word' id='word_1_849' title='bbox 1231 5170 1419 5224; x_wconf 86' lang='grc' dir='ltr'>είκών·</span> <span class='ocrx_word' id='word_1_850' title='bbox 1446 5174 1495 5224; x_wconf 86' lang='grc' dir='ltr'>εἰ</span> <span class='ocrx_word' id='word_1_851' title='bbox 1520 5171 1577 5223; x_wconf 80' lang='grc' dir='ltr'>δὲ</span> <span class='ocrx_word' id='word_1_852' title='bbox 1606 5170 1877 5239; x_wconf 81' lang='grc' dir='ltr'>ἄτρεπτός</span> 
     </span>
    </p>
   </div>
   <div class='ocr_carea' id='block_1_104' title="bbox 276 5262 1877 5333">
    <p class='ocr_par' dir='ltr' id='par_1_104' title="bbox 276 5262 1877 5333">
     <span class='ocr_line' id='line_1_104' title="bbox 276 5262 1877 5333; baseline 0 -17"><span class='ocrx_word' id='word_1_853' title='bbox 276 5266 432 5318; x_wconf 76' lang='grc' dir='ltr'>ἐστιν</span> <span class='ocrx_word' id='word_1_854' title='bbox 489 5268 519 5317; x_wconf 90' lang='lat'><strong>6</strong></span> <span class='ocrx_word' id='word_1_855' title='bbox 580 5263 790 5333; x_wconf 76' lang='grc' dir='ltr'>Πατὴρ,</span> <span class='ocrx_word' id='word_1_856' title='bbox 846 5264 945 5317; x_wconf 70' lang='lat' dir='ltr'><strong>mi.</strong></span> <span class='ocrx_word' id='word_1_857' title='bbox 985 5264 1062 5325; x_wconf 82' lang='grc' dir='ltr'>ὡς</span> <span class='ocrx_word' id='word_1_858' title='bbox 1106 5264 1254 5316; x_wconf 80' lang='grc' dir='ltr'>ἔστιν</span> <span class='ocrx_word' id='word_1_859' title='bbox 1302 5263 1444 5317; x_wconf 79' lang='grc' dir='ltr'>οὕτω</span> <span class='ocrx_word' id='word_1_860' title='bbox 1498 5264 1765 5333; x_wconf 82' lang='grc' dir='ltr'>διαμένει,</span> <span class='ocrx_word' id='word_1_861' title='bbox 1817 5262 1877 5325; x_wconf 75' lang='grc' dir='ltr'><strong>ἐξ</strong></span> 
     </span>
    </p>
   </div>
   <div class='ocr_carea' id='block_1_105' title="bbox 273 5356 1875 5429">
    <p class='ocr_par' dir='ltr' id='par_1_105' title="bbox 273 5356 1875 5429">
     <span class='ocr_line' id='line_1_105' title="bbox 273 5356 1875 5429; baseline -0.002 -16"><span class='ocrx_word' id='word_1_862' title='bbox 273 5360 536 5429; x_wconf 79' lang='grc' dir='ltr'>ἀνάγκης</span> <span class='ocrx_word' id='word_1_863' title='bbox 568 5360 661 5411; x_wconf 77' lang='grc' dir='ltr'><strong>καὶ</strong></span> <span class='ocrx_word' id='word_1_864' title='bbox 712 5360 744 5428; x_wconf 79' lang='grc' dir='ltr'><strong>ἠ</strong></span> <span class='ocrx_word' id='word_1_865' title='bbox 780 5356 948 5410; x_wconf 85' lang='grc' dir='ltr'>εἰκὼν</span> <span class='ocrx_word' id='word_1_866' title='bbox 968 5396 982 5418; x_wconf 85' lang='grc'><strong>,</strong></span> <span class='ocrx_word' id='word_1_867' title='bbox 1010 5356 1086 5418; x_wconf 83' lang='grc' dir='ltr'>ὡς</span> <span class='ocrx_word' id='word_1_868' title='bbox 1117 5356 1269 5409; x_wconf 71' lang='grc' dir='ltr'>ἔστιν</span> <span class='ocrx_word' id='word_1_869' title='bbox 1304 5356 1449 5409; x_wconf 73' lang='grc' dir='ltr'>οὕτω</span> <span class='ocrx_word' id='word_1_870' title='bbox 1475 5356 1752 5423; x_wconf 76' lang='grc' dir='ltr'>διαμένει,</span> <span class='ocrx_word' id='word_1_871' title='bbox 1780 5359 1875 5410; x_wconf 73' lang='grc' dir='ltr'><strong>καὶ</strong></span> 
     </span>
    </p>
   </div>
   <div class='ocr_carea' id='block_1_106' title="bbox 272 5454 737 5523">
    <p class='ocr_par' dir='ltr' id='par_1_106' title="bbox 272 5454 737 5523">
     <span class='ocr_line' id='line_1_106' title="bbox 272 5454 737 5523; baseline 0.002 -19"><span class='ocrx_word' id='word_1_872' title='bbox 272 5454 337 5505; x_wconf 77' lang='grc' dir='ltr'>οὐ</span> <span class='ocrx_word' id='word_1_873' title='bbox 372 5454 737 5523; x_wconf 74' lang='grc' dir='ltr'>τραπήσεται.</span> 
     </span>
    </p>
   </div>
   <div class='ocr_carea' id='block_1_107' title="bbox 1988 4889 3561 4965">
    <p class='ocr_par' dir='ltr' id='par_1_107' title="bbox 1988 4889 3561 4965">
     <span class='ocr_line' id='line_1_107' title="bbox 1988 4889 3561 4965; baseline -0.007 -13"><span class='ocrx_word' id='word_1_874' title='bbox 1988 4916 2092 4953; x_wconf 91' lang='lat' dir='ltr'><strong>ma.</strong></span> <span class='ocrx_word' id='word_1_875' title='bbox 2117 4899 2587 4965; x_wconf 77' lang='lat' dir='ltr'><strong>Quemadmodum</strong></span> <span class='ocrx_word' id='word_1_876' title='bbox 2602 4898 2746 4951; x_wconf 88' lang='lat' dir='ltr'><strong>enim</strong></span> <span class='ocrx_word' id='word_1_877' title='bbox 2765 4896 2924 4949; x_wconf 84' lang='lat' dir='ltr'><strong>Pater</strong></span> <span class='ocrx_word' id='word_1_878' title='bbox 2946 4894 3246 4956; x_wconf 86' lang='lat' dir='ltr'><strong>itasemper</strong></span> <span class='ocrx_word' id='word_1_879' title='bbox 3265 4901 3349 4945; x_wconf 91' lang='lat' dir='ltr'><strong>est</strong></span> <span class='ocrx_word' id='word_1_880' title='bbox 3377 4889 3561 4956; x_wconf 87' lang='lat' dir='ltr'><strong>Pater,</strong></span> 
     </span>
    </p>
   </div>
   <div class='ocr_carea' id='block_1_108' title="bbox 1988 4980 3542 5058">
    <p class='ocr_par' dir='ltr' id='par_1_108' title="bbox 1988 4980 3542 5058">
     <span class='ocr_line' id='line_1_108' title="bbox 1988 4980 3542 5058; baseline -0.005 -17"><span class='ocrx_word' id='word_1_881' title='bbox 1988 4997 2047 5041; x_wconf 90' lang='lat' dir='ltr'><strong>ut</strong></span> <span class='ocrx_word' id='word_1_882' title='bbox 2078 5003 2354 5058; x_wconf 86' lang='lat' dir='ltr'><strong>nunquam</strong></span> <span class='ocrx_word' id='word_1_883' title='bbox 2382 4988 2551 5042; x_wconf 71' lang='lat' dir='ltr'><strong>Elius</strong></span> <span class='ocrx_word' id='word_1_884' title='bbox 2598 4989 2713 5041; x_wconf 81' lang='lat' dir='ltr'><strong>ﬁeri</strong></span> <span class='ocrx_word' id='word_1_885' title='bbox 2738 4996 2922 5055; x_wconf 84' lang='lat' dir='ltr'><strong>queat,</strong></span> <span class='ocrx_word' id='word_1_886' title='bbox 2970 4984 3039 5037; x_wconf 87' lang='lat' dir='ltr'><strong>ita</strong></span> <span class='ocrx_word' id='word_1_887' title='bbox 3064 4992 3120 5037; x_wconf 89' lang='lat' dir='ltr'><strong>et</strong></span> <span class='ocrx_word' id='word_1_888' title='bbox 3140 4980 3401 5035; x_wconf 82' lang='lat' dir='ltr'><strong>Filiusita</strong></span> <span class='ocrx_word' id='word_1_889' title='bbox 3426 4995 3542 5034; x_wconf 87' lang='lat' dir='ltr'><strong>sem</strong></span> 
     </span>
    </p>
   </div>
   <div class='ocr_carea' id='block_1_109' title="bbox 1984 5074 3566 5149">
    <p class='ocr_par' dir='ltr' id='par_1_109' title="bbox 1984 5074 3566 5149">
     <span class='ocr_line' id='line_1_109' title="bbox 1984 5074 3566 5149; baseline -0.003 -19"><span class='ocrx_word' id='word_1_890' title='bbox 1984 5096 2081 5148; x_wconf 86' lang='lat' dir='ltr'><strong>per</strong></span> <span class='ocrx_word' id='word_1_891' title='bbox 2108 5092 2193 5134; x_wconf 89' lang='lat' dir='ltr'><strong>est</strong></span> <span class='ocrx_word' id='word_1_892' title='bbox 2219 5081 2385 5133; x_wconf 79' lang='lat' dir='ltr'><strong>Filius</strong></span> <span class='ocrx_word' id='word_1_893' title='bbox 2425 5090 2478 5134; x_wconf 89' lang='lat' dir='ltr'><strong>ut</strong></span> <span class='ocrx_word' id='word_1_894' title='bbox 2513 5095 2787 5149; x_wconf 90' lang='lat' dir='ltr'><strong>nunquam</strong></span> <span class='ocrx_word' id='word_1_895' title='bbox 2809 5077 2968 5131; x_wconf 87' lang='lat' dir='ltr'><strong>Pater</strong></span> <span class='ocrx_word' id='word_1_896' title='bbox 3002 5076 3115 5129; x_wconf 87' lang='lat' dir='ltr'><strong>ﬁeri</strong></span> <span class='ocrx_word' id='word_1_897' title='bbox 3151 5083 3336 5143; x_wconf 86' lang='lat' dir='ltr'><strong>queat.</strong></span> <span class='ocrx_word' id='word_1_898' title='bbox 3370 5074 3427 5128; x_wconf 88' lang='lat' dir='ltr'><strong>In</strong></span> <span class='ocrx_word' id='word_1_899' title='bbox 3456 5087 3566 5143; x_wconf 90' lang='lat' dir='ltr'><strong>quo</strong></span> 
     </span>
    </p>
   </div>
   <div class='ocr_carea' id='block_1_110' title="bbox 1986 5166 3565 5241">
    <p class='ocr_par' dir='ltr' id='par_1_110' title="bbox 1986 5166 3565 5241">
     <span class='ocr_line' id='line_1_110' title="bbox 1986 5166 3565 5241; baseline -0.004 -17"><span class='ocrx_word' id='word_1_900' title='bbox 1986 5173 2155 5241; x_wconf 84' lang='lat' dir='ltr'><strong>magis</strong></span> <span class='ocrx_word' id='word_1_901' title='bbox 2189 5173 2498 5226; x_wconf 88' lang='lat' dir='ltr'><strong>ostenditur</strong></span> <span class='ocrx_word' id='word_1_902' title='bbox 2533 5187 2651 5225; x_wconf 87' lang='lat' dir='ltr'><strong>esse</strong></span> <span class='ocrx_word' id='word_1_903' title='bbox 2704 5171 2874 5226; x_wconf 87' lang='lat' dir='ltr'><strong>forma</strong></span> <span class='ocrx_word' id='word_1_904' title='bbox 2920 5178 2975 5222; x_wconf 88' lang='lat' dir='ltr'><strong>et</strong></span> <span class='ocrx_word' id='word_1_905' title='bbox 3010 5167 3187 5236; x_wconf 84' lang='lat' dir='ltr'><strong>imago</strong></span> <span class='ocrx_word' id='word_1_906' title='bbox 3215 5166 3409 5229; x_wconf 84' lang='lat' dir='ltr'><strong>Patris,</strong></span> <span class='ocrx_word' id='word_1_907' title='bbox 3434 5167 3565 5219; x_wconf 79' lang='lat' dir='ltr'><strong>dum</strong></span> 
     </span>
    </p>
   </div>
   <div class='ocr_carea' id='block_1_111' title="bbox 1987 5259 3566 5333">
    <p class='ocr_par' dir='ltr' id='par_1_111' title="bbox 1987 5259 3566 5333">
     <span class='ocr_line' id='line_1_111' title="bbox 1987 5259 3566 5333; baseline -0.006 -17"><span class='ocrx_word' id='word_1_908' title='bbox 1987 5274 2171 5319; x_wconf 83' lang='lat' dir='ltr'><strong>manet</strong></span> <span class='ocrx_word' id='word_1_909' title='bbox 2238 5265 2317 5329; x_wconf 88' lang='lat' dir='ltr'><strong>id,</strong></span> <span class='ocrx_word' id='word_1_910' title='bbox 2352 5265 2496 5333; x_wconf 86' lang='lat' dir='ltr'><strong>quod</strong></span> <span class='ocrx_word' id='word_1_911' title='bbox 2553 5272 2659 5323; x_wconf 88' lang='lat' dir='ltr'><strong>est,</strong></span> <span class='ocrx_word' id='word_1_912' title='bbox 2721 5272 2777 5315; x_wconf 91' lang='lat' dir='ltr'><strong>et</strong></span> <span class='ocrx_word' id='word_1_913' title='bbox 2844 5276 3133 5331; x_wconf 88' lang='lat' dir='ltr'><strong>nunquam</strong></span> <span class='ocrx_word' id='word_1_914' title='bbox 3219 5259 3566 5320; x_wconf 87' lang='lat' dir='ltr'><strong>immutatur,</strong></span> 
     </span>
    </p>
   </div>
   <div class='ocr_carea' id='block_1_112' title="bbox 1982 5348 3563 5413">
    <p class='ocr_par' dir='ltr' id='par_1_112' title="bbox 1982 5348 3563 5413">
     <span class='ocr_line' id='line_1_112' title="bbox 1982 5348 3563 5413; baseline -0.008 -3"><span class='ocrx_word' id='word_1_915' title='bbox 1982 5373 2106 5410; x_wconf 89' lang='lat' dir='ltr'><strong>cum</strong></span> <span class='ocrx_word' id='word_1_916' title='bbox 2141 5357 2388 5411; x_wconf 86' lang='lat' dir='ltr'><strong>eamdem</strong></span> <span class='ocrx_word' id='word_1_917' title='bbox 2425 5371 2455 5408; x_wconf 90' lang='lat' dir='ltr'><strong>a</strong></span> <span class='ocrx_word' id='word_1_918' title='bbox 2491 5355 2648 5408; x_wconf 87' lang='lat' dir='ltr'><strong>Patre</strong></span> <span class='ocrx_word' id='word_1_919' title='bbox 2685 5354 2979 5408; x_wconf 87' lang='lat' dir='ltr'><strong>essentiam</strong></span> <span class='ocrx_word' id='word_1_920' title='bbox 3032 5352 3251 5405; x_wconf 80' lang='lat' dir='ltr'><strong>habeat.</strong></span> <span class='ocrx_word' id='word_1_921' title='bbox 3309 5349 3489 5413; x_wconf 84' lang='lat' dir='ltr'><strong>Quare</strong></span> <span class='ocrx_word' id='word_1_922' title='bbox 3519 5348 3563 5400; x_wconf 87' lang='lat' dir='ltr'><strong>si</strong></span> 
     </span>
    </p>
   </div>
   <div class='ocr_carea' id='block_1_113' title="bbox 1983 5442 3566 5515">
    <p class='ocr_par' dir='ltr' id='par_1_113' title="bbox 1983 5442 3566 5515">
     <span class='ocr_line' id='line_1_113' title="bbox 1983 5442 3566 5515; baseline -0.006 -14"><span class='ocrx_word' id='word_1_923' title='bbox 1983 5460 2228 5503; x_wconf 85' lang='lat' dir='ltr'><strong>mutatur</strong></span> <span class='ocrx_word' id='word_1_924' title='bbox 2277 5450 2460 5513; x_wconf 83' lang='lat' dir='ltr'><strong>Pater,</strong></span> <span class='ocrx_word' id='word_1_925' title='bbox 2497 5459 2741 5501; x_wconf 82' lang='lat' dir='ltr'><strong>mutetur</strong></span> <span class='ocrx_word' id='word_1_926' title='bbox 2776 5458 2831 5501; x_wconf 86' lang='lat' dir='ltr'><strong>et</strong></span> <span class='ocrx_word' id='word_1_927' title='bbox 2885 5449 3083 5515; x_wconf 83' lang='lat' dir='ltr'><strong>imago.</strong></span> <span class='ocrx_word' id='word_1_928' title='bbox 3113 5444 3209 5495; x_wconf 89' lang='lat' dir='ltr'><strong>Sin</strong></span> <span class='ocrx_word' id='word_1_929' title='bbox 3270 5442 3431 5496; x_wconf 76' lang='lat' dir='ltr'><strong>Pater</strong></span> <span class='ocrx_word' id='word_1_930' title='bbox 3481 5449 3566 5492; x_wconf 73' lang='lat' dir='ltr'><strong>eat</strong></span> 
     </span>
    </p>
   </div>
   <div class='ocr_carea' id='block_1_114' title="bbox 276 5533 3564 5609">
    <p class='ocr_par' dir='ltr' id='par_1_114' title="bbox 276 5533 3564 5609">
     <span class='ocr_line' id='line_1_114' title="bbox 276 5533 3564 5609; baseline -0.005 -13"><span class='ocrx_word' id='word_1_931' title='bbox 276 5540 659 5604; x_wconf 83' lang='lat' dir='ltr'><strong>immutabilis,</strong></span> <span class='ocrx_word' id='word_1_932' title='bbox 695 5550 751 5592; x_wconf 92' lang='lat' dir='ltr'><strong>et</strong></span> <span class='ocrx_word' id='word_1_933' title='bbox 786 5538 937 5592; x_wconf 87' lang='lat' dir='ltr'><strong>sicut</strong></span> <span class='ocrx_word' id='word_1_934' title='bbox 990 5546 1094 5603; x_wconf 85' lang='lat' dir='ltr'><strong>est,</strong></span> <span class='ocrx_word' id='word_1_935' title='bbox 1130 5537 1210 5592; x_wconf 87' lang='lat' dir='ltr'><strong>sic</strong></span> <span class='ocrx_word' id='word_1_936' title='bbox 1270 5540 1434 5592; x_wconf 83' lang='lat' dir='ltr'><strong>etiam</strong></span> <span class='ocrx_word' id='word_1_937' title='bbox 1501 5546 1705 5604; x_wconf 89' lang='lat' dir='ltr'><strong>manet,</strong></span> <span class='ocrx_word' id='word_1_938' title='bbox 1753 5542 1930 5608; x_wconf 83' lang='lat' dir='ltr'><strong>imago</strong></span> <span class='ocrx_word' id='word_1_939' title='bbox 1988 5556 2206 5609; x_wconf 85' lang='lat' dir='ltr'><strong>quoque</strong></span> <span class='ocrx_word' id='word_1_940' title='bbox 2259 5539 2572 5594; x_wconf 86' lang='lat' dir='ltr'><strong>necessario</strong></span> <span class='ocrx_word' id='word_1_941' title='bbox 2615 5540 2759 5591; x_wconf 81' lang='lat' dir='ltr'><strong>sicut</strong></span> <span class='ocrx_word' id='word_1_942' title='bbox 2788 5547 2893 5601; x_wconf 82' lang='lat' dir='ltr'><strong>est,</strong></span> <span class='ocrx_word' id='word_1_943' title='bbox 2944 5536 3021 5589; x_wconf 88' lang='lat' dir='ltr'><strong>sic</strong></span> <span class='ocrx_word' id='word_1_944' title='bbox 3051 5533 3215 5586; x_wconf 88' lang='lat' dir='ltr'><strong>ctiam</strong></span> <span class='ocrx_word' id='word_1_945' title='bbox 3260 5538 3464 5596; x_wconf 88' lang='lat' dir='ltr'><strong>manet,</strong></span> <span class='ocrx_word' id='word_1_946' title='bbox 3506 5537 3564 5583; x_wconf 90' lang='lat' dir='ltr'><strong>et</strong></span> 
     </span>
    </p>
   </div>
   <div class='ocr_carea' id='block_1_115' title="bbox 278 5633 821 5691">
    <p class='ocr_par' dir='ltr' id='par_1_115' title="bbox 278 5633 821 5691">
     <span class='ocr_line' id='line_1_115' title="bbox 278 5633 821 5691; baseline -0.004 -4"><span class='ocrx_word' id='word_1_947' title='bbox 278 5649 387 5689; x_wconf 89' lang='lat' dir='ltr'><strong>non</strong></span> <span class='ocrx_word' id='word_1_948' title='bbox 420 5633 821 5691; x_wconf 84' lang='lat' dir='ltr'><strong>lmtnntabitur.</strong></span> 
     </span>
    </p>
   </div>
   <div class='ocr_carea' id='block_1_116' title="bbox 490 5704 1414 5797">
    <p class='ocr_par' dir='ltr' id='par_1_116' title="bbox 490 5704 1414 5797">
     <span class='ocr_line' id='line_1_116' title="bbox 490 5704 1414 5797; baseline 0 -15"><span class='ocrx_word' id='word_1_949' title='bbox 490 5704 495 5709; x_wconf 27' lang='grc' dir='ltr'><strong><em>Ι</em></strong></span> <span class='ocrx_word' id='word_1_950' title='bbox 726 5729 831 5783; x_wconf 83' lang='grc' dir='ltr'>Ἐκ</span> <span class='ocrx_word' id='word_1_951' title='bbox 865 5724 971 5780; x_wconf 85' lang='grc' dir='ltr'>τοῦ</span> <span class='ocrx_word' id='word_1_952' title='bbox 1000 5726 1186 5781; x_wconf 84' lang='grc' dir='ltr'>αὑτοῦ</span> <span class='ocrx_word' id='word_1_953' title='bbox 1208 5729 1414 5797; x_wconf 79' lang='grc' dir='ltr'>λόγου.</span> 
     </span>
    </p>
   </div>
   <div class='ocr_carea' id='block_1_117' title="bbox 336 5817 1867 5890">
    <p class='ocr_par' dir='ltr' id='par_1_117' title="bbox 336 5817 1867 5890">
     <span class='ocr_line' id='line_1_117' title="bbox 336 5817 1867 5890; baseline -0.006 -9"><span class='ocrx_word' id='word_1_954' title='bbox 336 5829 399 5886; x_wconf 75' lang='lat' dir='ltr'><strong>Ei</strong></span> <span class='ocrx_word' id='word_1_955' title='bbox 442 5833 541 5887; x_wconf 65' lang='grc' dir='ltr'><strong>οῦκ</strong></span> <span class='ocrx_word' id='word_1_956' title='bbox 592 5824 796 5885; x_wconf 78' lang='grc' dir='ltr'>ἁϊδίως</span> <span class='ocrx_word' id='word_1_957' title='bbox 855 5819 1101 5873; x_wconf 71' lang='grc' dir='ltr'>σύνεστιν</span> <span class='ocrx_word' id='word_1_958' title='bbox 1131 5822 1157 5873; x_wconf 89' lang='lat'><strong>6</strong></span> <span class='ocrx_word' id='word_1_959' title='bbox 1192 5820 1364 5888; x_wconf 81' lang='grc' dir='ltr'>Λόγος</span> <span class='ocrx_word' id='word_1_960' title='bbox 1410 5818 1485 5890; x_wconf 84' lang='grc' dir='ltr'><strong>τῷ</strong></span> <span class='ocrx_word' id='word_1_961' title='bbox 1532 5818 1728 5889; x_wconf 68' lang='grc' dir='ltr'>Πατρὶ,</span> <span class='ocrx_word' id='word_1_962' title='bbox 1770 5817 1867 5872; x_wconf 76' lang='grc' dir='ltr'>οὐκ</span> 
     </span>
    </p>
   </div>
   <div class='ocr_carea' id='block_1_118' title="bbox 2545 5718 3015 5776">
    <p class='ocr_par' dir='ltr' id='par_1_118' title="bbox 2545 5718 3015 5776">
     <span class='ocr_line' id='line_1_118' title="bbox 2545 5718 3015 5776; baseline -0.019 -1"><span class='ocrx_word' id='word_1_963' title='bbox 2545 5721 2627 5776; x_wconf 78' lang='lat' dir='ltr'><strong>Ea:</strong></span> <span class='ocrx_word' id='word_1_964' title='bbox 2652 5723 2825 5773; x_wconf 80' lang='lat' dir='ltr'><strong>eodem</strong></span> <span class='ocrx_word' id='word_1_965' title='bbox 2864 5718 3015 5770; x_wconf 76' lang='lat' dir='ltr'><strong>libro.</strong></span> 
     </span>
    </p>
   </div>
   <div class='ocr_carea' id='block_1_119' title="bbox 2051 5798 3556 5870">
    <p class='ocr_par' dir='ltr' id='par_1_119' title="bbox 2051 5798 3556 5870">
     <span class='ocr_line' id='line_1_119' title="bbox 2051 5798 3556 5870; baseline -0.01 -1"><span class='ocrx_word' id='word_1_966' title='bbox 2051 5814 2106 5869; x_wconf 89' lang='lat' dir='ltr'><strong>Si</strong></span> <span class='ocrx_word' id='word_1_967' title='bbox 2146 5811 2381 5870; x_wconf 83' lang='lat' dir='ltr'><strong>Verbum</strong></span> <span class='ocrx_word' id='word_1_968' title='bbox 2418 5825 2527 5867; x_wconf 88' lang='lat' dir='ltr'><strong>non</strong></span> <span class='ocrx_word' id='word_1_969' title='bbox 2554 5818 2636 5864; x_wconf 89' lang='lat' dir='ltr'><strong>est</strong></span> <span class='ocrx_word' id='word_1_970' title='bbox 2661 5809 2728 5863; x_wconf 87' lang='lat' dir='ltr'><strong>ab</strong></span> <span class='ocrx_word' id='word_1_971' title='bbox 2760 5805 2909 5863; x_wconf 87' lang='lat' dir='ltr'><strong>omni</strong></span> <span class='ocrx_word' id='word_1_972' title='bbox 2942 5798 3247 5858; x_wconf 65' lang='lat' dir='ltr'><strong>aeternitate</strong></span> <span class='ocrx_word' id='word_1_973' title='bbox 3279 5812 3404 5855; x_wconf 86' lang='lat' dir='ltr'><strong>cum</strong></span> <span class='ocrx_word' id='word_1_974' title='bbox 3452 5798 3556 5855; x_wconf 80' lang='lat' dir='ltr'><strong>Pa-</strong></span> 
     </span>
    </p>
   </div>
  </div>
