4126 6402
606 303 721 389 εδει

1825 304 2235 366 ~EUTIlYMII
2275 280 2642 371 ZlGABENI

3778 315 3890 379 356

608 416 720 476 Aut
749 413 1026 487 quomodo
1054 413 1168 486 ipse
1197 409 1252 470 in'
1277 423 1573 486 conspectu
1609 414 1789 472 Patris
1818 427 1978 473 antea
2002 416 2203 490 gaude-

2310 419 2642 490 ηὐφραίνετο
2674 421 2733 474 ὲν
2782 394 3061 495 προσώπῳ
3112 423 3207 479 τοῦ
3253 426 3501 499 Πατρός;
3548 429 3675 497 Πῶς
3720 432 3803 497 δὲ,
3839 436 3891 490 εἰ

606 510 702 565 hat
728 508 752 563 2
780 506 1051 562 Praeterea
1102 507 1395 576 quomodo,
1423 508 1466 563 si
1514 518 1637 577 post
1678 517 1909 565 mortem
1961 511 2196 579 adeptus

2304 516 2444 587 μετὰ
2473 514 2564 569 τὸν
2590 515 2821 572 θάνατον
2845 516 3007 573 ἔλαϐε
3037 517 3100 571 τὸ
3151 520 3607 589 προσκυνεῖσθαι,
3634 525 3896 592 φαίνεται

611 609 700 657 est
733 612 791 655 ut
814 599 1152 665 adoraretur,
1170 598 1348 668 ipsum
1365 599 1611 655 adoravit
1631 598 1925 660 Abraham.
1944 610 1998 656 et
2023 600 2199 656 Moses

2306 608 2329 660 ό
2370 606 2647 678 Ἀϐραὰμν
2684 608 2849 663 αὐτὸν
2903 609 3249 679 προσκυνῶν,
3309 613 3404 675 καὶ
3435 615 3677 686 Μωῦσῆς
3700 615 3761 669 ἐν
3822 622 3894 689 τῇ

607 689 665 744 in
689 691 823 745 rnbo
853 689 875 741 ?
910 691 971 744 Et
1005 690 1076 758 (id
1099 691 1242 759 quod
1298 688 1486 746 Daniel
1546 691 1700 759 vidit)
1761 708 1999 762 quonam
2040 705 2196 762 pacto

576 833 584 842 ,
608 781 1013 837 innumerabilia
1040 781 1263 836 millium
1294 783 1465 837 millia
1490 784 1861 839 ministrabant
1892 787 1940 840 ei
1975 789 1988 818 ¹
2012 787 2034 839 ?
2055 786 2203 852 Quo-

572 864 579 871 ’
608 888 733 927 nam
760 881 919 942 pacto
949 872 993 924 si
1029 887 1197 937 nunc,
1225 880 1285 926 ιιι
1313 872 1399 927 isti
1442 873 1654 939 volunt,
1700 888 1985 930 assecutus
2012 885 2096 929 est
2144 886 2204 930 ut

608 963 801 1018 melior
867 971 923 1015 et
981 963 1327 1032 prmstantior
1374 961 1550 1035 ﬁeret,
1606 966 1853 1035 gloriam,
1910 980 2031 1035 quae
2077 976 2205 1020 ante

612 1054 880 1109 mundum
914 1063 1001 1108 est
1050 1063 1101 1107 et
1122 1055 1327 1108 mundo
1344 1056 1624 1125 pra’eellit,
1652 1056 1768 1126 ipse
1801 1056 1868 1112 de
1892 1072 1947 1110 se
1977 1057 2205 1126 loquens

606 1156 1022 1211 commemorat,
1047 1144 1292 1214 Clariﬁcu
1322 1163 1422 1211 me,
1444 1146 1728 1217 inquiens,
1759 1145 1939 1213 Pater,
1958 1165 2018 1202 ea
2037 1149 2205 1219 gloria

606 1252 766 1308 quam
789 1236 974 1302 habui,
1000 1237 1305 1306 priusquam
1327 1238 1729 1307 mundusfierct,
1759 1248 1900 1308 apud
1926 1251 1974 1294 le
1998 1240 2055 1293 "3
2078 1238 2208 1306 Quae

608 1342 731 1382 cum
761 1328 834 1383 ita
855 1328 985 1390 sint,
1026 1343 1135 1381 non
1164 1329 1507 1384 descendens
1531 1331 1647 1399 ipse
1686 1330 1877 1383 melior
1905 1329 2081 1385 factus
2101 1340 2205 1398 est,

608 1419 704 1475 sed
730 1435 855 1490 quae
884 1434 947 1474 ea
976 1434 1035 1475 re
1061 1421 1314 1491 egebant,
1334 1420 1556 1475 meliora
1585 1421 1713 1475 fecit
1734 1461 1749 1486 ,
1776 1431 1830 1475 et
1857 1423 2018 1476 homo
2037 1424 2209 1477 lactus

610 1510 866 1565 homines
910 1509 1003 1564 Dei
1035 1510 1174 1566 ltlios
1230 1526 1294 1563 ac
1328 1513 1459 1566 deos
1500 1512 1755 1567 reddidit.
1805 1511 2067 1585 Nonergo
2084 1530 2207 1571 cum

612 1601 781 1656 homo
816 1610 963 1657 esset
994 1604 1167 1672 prius,
1199 1603 1398 1658 deinde
1428 1603 1605 1660 lactus
1645 1615 1728 1659 est
1753 1607 1894 1661 Deus
1922 1625 1937 1674 ;
1972 1608 2063 1662 sed
2086 1624 2208 1662 cum

613 1691 759 1748 Deus
781 1701 948 1758 esset,
973 1693 1171 1748 deinde
1192 1692 1365 1749 factus
1389 1706 1473 1750 est
1508 1698 1694 1762 homo,
1724 1710 1782 1751 ut
1800 1714 1900 1754 nos
1924 1700 2211 1755 divinitate

615 1785 919 1841 decoraret.
950 1785 1031 1840 Ad
1061 1787 1175 1841 haec
1202 1788 1298 1856 qui
1329 1804 1514 1857 posset
1539 1789 1794 1858 appellari
1818 1791 2209 1864 primogenitus

614 1890 796 1934 rerum
824 1877 1068 1930 omnium
1113 1879 1609 1946 procreatarum,si
1658 1889 1785 1933 ante
1838 1897 1896 1934 se
1960 1883 2207 1945 haberet.

612 1969 707 2036 qui
734 1966 831 2021 ﬁlii
867 1977 923 2022 et
956 1968 1041 2022 dei
1077 1981 1406 2023 vocarentur
1438 1969 1459 2023 ’ἶ
1501 1971 1726 2024 Autcur
1779 1971 1943 2042 primi
1992 1972 2066 2025 illi
2096 1988 2206 2026 non

610 2067 742 2114 sunt
762 2059 1053 2130 ejusmodi,
1083 2070 1141 2115 ut
1169 2060 1238 2115 de
1258 2060 1365 2114 illis
1388 2062 1628 2127 dicaznr,
1662 2059 1730 2115 In
1782 2064 2037 2132 principio
2090 2070 2209 2118 erat

622 2147 868 2218 Verbum,
889 2163 938 2206 et
977 2150 1201 2207 Verbum
1236 2163 1352 2207 erat
1417 2157 1560 2222 apud
1588 2155 1775 2221 Deum,
1806 2166 1855 2210 et
1911 2157 2051 2211 Deus
2096 2162 2209 2211 erat

606 2236 839 2296 Verbum
867 2243 910 2307 ³,
952 2255 1008 2298 et
1057 2253 1279 2316 propter
1307 2261 1407 2299 nos
1457 2235 1649 2316 postea
1679 2244 1917 2302 Verbum
1970 2250 2072 2303 hoc
2098 2248 2210 2305 [σου

611 2342 728 2388 tum
753 2344 836 2389 est
858 2350 986 2390 caro
1012 2335 1035 2389 ?
1057 2335 1237 2402 Quare
1266 2336 1419 2398 illud,
1444 2340 1883 2406 superem/tavit,
1910 2356 2018 2395 non
2040 2342 2209 2412 signi'

610 2421 740 2478 ﬂeat
771 2420 938 2479 Verbi
961 2426 1256 2480 essentiam
1297 2414 1610 2482 exaltatam.
1658 2429 1946 2485 Fuitcnim
1971 2448 2208 2502 semper,

607 2520 665 2568 et
691 2525 775 2571 est
799 2518 1020 2586 aequalis
1070 2517 1205 2583 Deo,
1252 2519 1346 2574 sed
1398 2522 1661 2577 exaltatio
1716 2522 1807 2577 illa
1862 2526 2095 2594 pertinet
2144 2528 2209 2579 ad

611 2605 1029 2665 humanitatem.
1051 2608 1116 2665 Et
1134 2612 1254 2667 ideo
1279 2628 1385 2666 non
1412 2614 1560 2683 prius
1579 2616 1693 2670 haec
1711 2615 1858 2671 dicta
1876 2626 2026 2682 'sunt,
2048 2635 2209 2687 quam

606 2693 846 2753 Verbum
875 2715 1002 2752 caro
1031 2699 1233 2754 factum
1265 2710 1368 2763 est,
1390 2711 1448 2753 ut
1476 2705 1823 2772 perspicuum
1849 2715 2013 2769 esset,
2048 2723 2211 2762 voces

512 2816 523 2821 -
610 2783 749 2848 illas,
778 2786 1156 2853 humiliavit,et
1185 2789 1535 2855 exaltavit,ad
1561 2791 1838 2848 hominem
1868 2795 2057 2849 rel'erri
2081 2813 2176 2862 ;cu
2196 2828 2209 2840 -

606 2875 709 2945 jus
740 2876 885 2931 enim
921 2878 1202 2935 humilitas
1233 2890 1335 2946 est,
1370 2882 1613 2951 ejusdem
1646 2894 1728 2941 est
1759 2893 1813 2945 et
1842 2886 2121 2943 eXallatio.
2142 2887 2210 2942 Et

608 2966 654 3021 si
678 2978 897 3037 propter
928 2969 1108 3024 carnis
1154 2973 1583 3041 assumptionem
1601 2976 1862 3046 scriptum
1908 2988 1991 3034 est
2027 2980 2207 3034 Immi-

609 3056 781 3124 liavit,
808 3060 1160 3116 manifestum
1187 3071 1271 3118 est
1299 3065 1446 3132 quod
1484 3076 1707 3135 propter
1742 3070 1916 3139 ipsam
1938 3071 2205 3141 scriptum
2238 3104 2283 3164 ο

609 3151 898 3231 autetiam,
927 3153 1201 3208 exultavit.
1236 3155 1575 3212 Exaltat‘ione
1614 3160 1760 3214 enim
1810 3162 2001 3233 egebat
2045 3164 2210 3220 homo

608 3252 833 3311 propter
859 3246 1037 3300 carnis
1050 3255 1104 3300 et
1125 3249 1317 3303 mortis
1337 3248 1730 3307 humilitatem.
1754 3252 2033 3318 Quoniam
2049 3256 2212 3328 igitur

612 3328 881 3400 Verbum,
922 3349 1048 3390 cum
1084 3348 1229 3393 esset
1251 3338 1430 3411 imago
1453 3340 1650 3410 Patris,
1671 3353 1723 3398 et
1746 3345 2053 3403 immortale
2069 3337 2209 3404 servi

602 3418 838 3476 formam
860 3427 1091 3495 accepit,
1122 3438 1415 3500 etpropter
1437 3448 1537 3488 nos
1569 3436 1620 3488 in
1650 3428 1814 3491 carn'c
1834 3452 1931 3492 sua
1976 3448 2205 3495 mortem

607 3513 854 3582 pertulit,
886 3516 1037 3570 utita
1083 3533 1143 3572 se
1203 3535 1302 3589 pro
1336 3523 1497 3578 nobis
1553 3540 1653 3595 per
1697 3538 1929 3583 mortem
1981 3530 2207 3587 olierret

606 3596 779 3667 Patri,
813 3601 1017 3658 idcirco
1037 3606 1203 3660 etiam
1225 3618 1285 3663 ut
1309 3612 1471 3666 homo
1493 3624 1715 3684 propter
1741 3632 1843 3672 nos
1860 3628 1913 3672 et
1931 3635 2028 3690 pro
2046 3622 2206 3678 nobis

606 3688 809 3745 dicitur
851 3695 1143 3760 exaltatus,
1173 3710 1233 3751 ut
1273 3700 1414 3755 sicut
1438 3716 1539 3757 nos
1563 3714 1738 3760 morte
1776 3688 1953 3776 ipsius
2013 3724 2205 3769 omnes

608 3784 1031 3842 mortuisumus
1063 3789 1117 3841 in
1169 3790 1408 3858 Christo,
1454 3796 1534 3850 sic
1585 3797 1748 3852 etiam
1788 3800 1844 3853 in
1896 3799 2137 3870 Christo,
2176 3821 2205 3861 a

606 3876 839 3930 mortuis
857 3880 1098 3943 excitati,
1128 3893 1180 3935 et
1199 3882 1252 3936 in
1280 3872 1476 3940 caelum
1513 3886 1763 3957 profecti,
1790 3907 1898 3960 quo
1926 3895 2042 3964 ipse
2064 3904 2212 3967 pne;

603 3979 798 4021 cursor
819 3980 1007 4025 noster
1035 3974 1304 4043 pervenit,
1324 3977 1646 4033 exaltemur.
1667 3981 1821 4046 Quod
1854 3986 1897 4037 si
1926 4001 2072 4042 nunc
2104 4003 2204 4058 pro

603 4058 764 4112 nobis
804 4061 876 4114 ita
929 4075 989 4117 se
1015 4064 1258 4132 demisit,
1295 4069 1542 4136 quamvis
1585 4082 1636 4126 et
1673 4087 1844 4140 nunc,
1875 4086 1930 4130 et
1972 4088 2123 4143 ante,
2146 4089 2203 4135 et

605 4161 825 4218 semper
851 4163 999 4206 esset
1020 4152 1306 4222 Dominus,
1358 4173 1457 4225 pro
1483 4160 1638 4216 nobis
1679 4164 1866 4233 utique
1927 4169 2200 4227 exaltatus

604 4240 886 4295 scribitur.
927 4249 992 4297 Itt
1050 4246 1512 4314 quemadmodum
1541 4250 1679 4321 ipse,
1720 4258 1967 4324 quamvis
2011 4275 2203 4320 omnes

2305 701 2474 773 βάτῳ,
2511 702 2608 755 καὶ
2645 701 2721 764 ὡς
2756 697 2866 755 εἶδε
2919 702 3143 773 Δανιὴλ,
3202 702 3400 775 μύριαι
3454 706 3747 777 μυριάδες,
3796 712 3897 764 καὶ

2304 795 2474 865 χίλιαι
2519 797 2758 866 χιλιάδες
2790 797 3171 870 ἐλειτούργουν
3208 801 3386 871 auct};
3431 801 3555 864 Πῶς
3585 802 3666 868 δὲ,
3712 804 3765 857 εἰ
3796 803 3898 857 νῦν

2306 890 2429 944 κατ’
2457 889 2660 953 αὐτοὺς
2702 889 2830 961 ἔσχε
2863 891 2964 964 τὴν
3026 893 3338 963 βελτιωσιν,
3388 897 3487 963 τῆς
3532 898 3639 968 πρὸ
3680 900 3900 970 κόσμου

2305 985 2401 1038 καὶ
2429 984 2804 1055 ὑπερκοσμίου
2853 986 3015 1060 δόξης
3045 988 3243 1045 ἑαυτοῦ
3287 993 3649 1063 μνημονεύων
3701 996 3902 1077 ἔλεγεν

2306 1077 2469 1140 αὐτὸς
2491 1080 2518 1130 ὁ
2533 1077 2679 1143 Υἱὸς,
2696 1079 2972 1142 Δόξασόν
2986 1099 3085 1151 με,
3105 1085 3316 1153 Πάτερ,
3340 1083 3416 1154 τῇ
3449 1086 3626 1155 δόξῃ.
3649 1083 3691 1161 ᾖ
3722 1086 3906 1159 εἶχον

2308 1169 2423 1236 πρὸ
2455 1169 2561 1224 τοῦ
2593 1171 2704 1223 τὸν
2754 1189 2991 1242 κσσμον
3044 1172 3202 1230 εἶναι
3240 1179 3405 1247 παρὰ
3447 1184 3586 1245 col;
3617 1183 3735 1236 Οὐκ
3790 1185 3909 1254 ἄρα

2308 1262 2552 1326 κατασὼς
2573 1262 2892 1337 ἐϐελτιώθη.
2910 1267 3048 1322 ἀλλὰ
3067 1270 3271 1337 μᾶλλον
3292 1273 3614 1329 ἐσελτίωσεν
3638 1279 3813 1342 αὐτὸς
3830 1280 3911 1335 τὰ

2308 1353 2539 1423 δεόμενα
2563 1355 2922 1425 βελτιώσεως,
2946 1358 3042 1412 καὶ
3063 1361 3378 1430 υἱοποιησεν
3405 1365 3552 1435 ἡμᾶς
3584 1367 3663 1437 τῷ
3690 1368 3908 1442 [Ia-cpt,

2309 1449 2403 1501 καὶ
2450 1448 2651 1501 ἑθέωσε
2697 1441 2825 1514 τοὺς
2868 1451 3191 1522 ἀνθρώπους
3236 1457 3530 1527 γενόμενος
3579 1441 3908 1532 ἄνθρωπος’.

2310 1540 2423 1595 Οὐκ
2453 1540 2561 1610 ἄρα
2596 1541 2884 1612 ἄνθρωπος
2913 1544 3011 1611 ὣν,
3044 1546 3274 1618 ὕστερον
3317 1551 3511 1619 γέγονε
3566 1552 3720 1618 Θεὸς,
3757 1556 3911 1612 ἀλλὰ

2310 1631 2444 1696 Θεὸς
2488 1632 2586 1699 ῶν,
2623 1633 2852 1705 ὕστερον
2899 1638 3126 1705 γέγονεν
3178 1641 3501 1712 ἄνθρωπος,
3550 1646 3637 1700 ῐνα
3686 1649 3912 1718 μᾶλλον

2242 1761 2283 1814 Β
2312 1726 2460 1796 ἡμᾶς
2511 1725 2835 1800 θεοποιήσῃ.
2870 1730 2994 1794 Πῶς
3027 1731 3124 1786 οὖν
3154 1737 3506 1803 πρωτότοκος
3548 1740 3731 1811 πάσης
3773 1745 3908 1798 κτι-

2313 1837 2472 1884 σεως,
2504 1820 2645 1889 ἔχων
2678 1821 2787 1891 πρὸ
2818 1822 2986 1876 αὑτοῦ
3039 1824 3343 1895 κληθέντας
3373 1830 3527 1894 υἱοὺς
3571 1834 3666 1886 καὶ
3697 1835 3908 1903 θεούςς

2312 1915 2438 1976 Πῶς
2483 1915 2540 1970 δὲ
2570 1917 2621 1971 οἱ
2673 1918 2896 1989 μέτοχοι
2959 1921 3169 1991 πρῶτοι
3217 1917 3279 1976 οὗ
3337 1927 3630 1995 μετέχουσι
3679 1932 3910 2003 Λόγους

2324 2008 2421 2061 Ἐν
2453 2009 2612 2079 ἀρχῇ
2648 2007 2774 2081 ἥνό
2808 2015 3022 2083 Λόγος,
3071 2017 3171 2071 καὶ
3217 2021 3250 2072 ὀ
3283 2021 3474 2091 Λόγος
3501 2018 3581 2092 ἥν
3607 2026 3764 2094 πρὸς
3791 2029 3913 2083 τὸν

2313 2101 2485 2169 Θεὸν,
2522 2103 2622 2157 καὶ
2660 2104 2806 2170 Θεὸς
2827 2101 2905 2174 ἦν
2935 2110 2968 2161 ό
2995 2110 3209 2178 Λόγος.
3256 2113 3364 2166 Καὶ
3391 2113 3460 2167 δι’
3487 2116 3634 2185 ἡμᾶς
3666 2119 3915 2191 ὕστερον

2310 2195 2338 2247 ὁ
2365 2195 2537 2263 Λόγος
2556 2192 2711 2258 οὗτος
2734 2198 2874 2266 σὰρξ
2904 2200 3143 2268 ἐγένετο.
3173 2204 3246 2256 Τὸ
3276 2202 3373 2260 οὖν
3396 2210 3814 2278 ὑπερύψωσεν
3834 2215 3912 2268 οὐ

2304 2284 2409 2354 τὴν
2432 2286 2620 2340 οὐσίαν
2639 2289 2732 2341 τοῦ
2763 2288 2937 2358 Λόγου
2968 2291 3116 2360 λέγει
3141 2294 3482 2377 ὑψουμένην.
3515 2293 3623 2353 Ἦν
3646 2290 3761 2372 γὰρ
3785 2303 3911 2368 ἀεὶ,

2310 2372 2409 2424 καὶ
2435 2371 2582 2427 ἔστιν
2611 2374 2702 2428 τσα
2739 2375 2881 2447 Θεῷ,
2919 2379 3059 2433 ἀλλὰ
3090 2382 3191 2453 τῆς
3223 2371 3645 2459 ἀνθρωπότητός
3676 2371 3834 2446 ἐστιν
3862 2397 3907 2464 ἡ

2310 2462 2545 2533 ὕψωσις.
2581 2467 2658 2521 Οὐ
2688 2468 2821 2539 πρὶν
2852 2468 2982 2536 γοῦν
3009 2473 3229 2543 εἴρηται
3260 2475 3455 2540 ταῦτα,
3496 2480 3545 2532 εἰ
3574 2481 3650 2552 μὴ
3674 2483 3767 2537 ὅτε
3802 2462 3910 2552 γέξ

2312 2574 2437 2624 γονε
2471 2558 2608 2627 σὰρξ
2641 2561 2669 2612 ό
2698 2560 2891 2629 Λόγος,
2917 2562 3004 2616 ἵνα
3031 2563 3256 2636 γένηται
3287 2569 3520 2640 φανερὸν
3551 2572 3633 2627 ὅτι
3663 2575 3725 2628 τὸ
3759 2577 3902 2633 ἐτα-

2311 2650 2598 2714 πείνωσε,
2622 2651 2717 2706 καὶ
2743 2652 2804 2705 τὸ
2825 2655 3234 2731 ὑπερύψωσεν
3259 2659 3353 2713 ἐπὶ
3375 2662 3468 2715 τοῦ
3496 2663 3793 2735 ἀνθρώπου
3819 2669 3908 2724 λέ-

2312 2755 2493 2808 γεται.
2527 2737 2603 2796 Οὗ
2634 2742 2743 2813 γάρ
2769 2744 2887 2797 ἐστι
2915 2746 2972 2798 τὸ
2994 2749 3275 2816 ταπεινὸν,
3309 2751 3504 2807 τούτου
3536 2758 3633 2809 καὶ
3660 2759 3722 2811 τὸ
3747 2759 3910 2829 ὑψω-

2314 2829 2474 2898 θῆναι
2499 2831 2566 2883 ἆν
2595 2832 2705 2903 εἴη.
2753 2834 2864 2887 Καὶ
2894 2837 2943 2888 εἰ
2972 2835 3061 2891 διὰ
3090 2839 3188 2910 τὴν
3216 2840 3530 2913 πρόσληψιν
3553 2846 3657 2916 τῆς
3686 2853 3909 2921 σαρκὸς

2312 2920 2373 2974 τὸ
2400 2921 2770 2979 ἐταπείνωσε
2786 2928 3116 2996 γέγραπται,
3163 2932 3324 3002 δῆλον
3355 2935 3436 2990 ὅτι
3489 2932 3586 2991 ital
3616 2940 3679 2994 τὸ
3706 2946 3908 3016 ὑπερ-

2332 3014 2345 3033 ο

2312 3016 2528 3084 ὐψωσε
2549 3016 2616 3070 δι’
2646 3018 2815 3089 αὐτὴν
2829 3021 3163 3092 γέγραπται.
3189 3026 3394 3083 Τούτου
3426 3031 3535 3102 γὰρ
3556 3028 3627 3105 ἦν
3654 3035 3855 3109 ἐνδεὴς
3876 3041 3909 3092 ό

2388 3107 2603 3179 θρωπος
2630 3109 2718 3164 διὰ
2747 3111 2810 3165 τὸ
2844 3116 3100 3171 ταπεινὸν
3127 3120 3226 3189 τῆς
3259 3123 3483 3192 σαρκὸς,
3515 3127 3610 3180 καὶ
3651 3129 3752 3182 τοῦ
3804 3107 3903 3187 θα-

2314 3202 2500 3256 νάτου.
2544 3202 2699 3256 Ἐπεὶ
2728 3198 2821 3259 οὖν
2851 3207 3017 3263 εἰκὼν
3044 3207 3123 3264 ὢν
3152 3209 3247 3265 τοῦ
3293 3215 3532 3287 Πατρδς,
3557 3220 3671 3288 ,καὶ
3697 3221 3886 3278 ἀθάνα-

2311 3310 2402 3358 τος
2436 3294 2513 3349 ὢν
2542 3297 2737 3366 Λόγος,
2787 3297 2949 3354 ἔλαϐε
2997 3301 3097 3374 τὴν
3151 3303 3246 3357 τοῦ
3278 3306 3469 3363 δούλου
3518 3313 3758 3385 μορφὴν,
3796 3318 3895 3371 καὶ

2312 3385 2577 3457 ὑπέμεινε
2611 3390 2679 3444 δι’
2710 3393 2858 3464 ἡμᾶς
2888 3395 2947 3447 ἐν
2986 3398 3052 3466 τῇ
3083 3396 3278 3450 ἑαυτοῦ
3322 3402 3488 3471 σαρκὶ
3516 3402 3608 3457 τὸν
3637 3403 3883 3471 θάνατον,

2311 3478 2399 3535 ἵνα
2460 3480 2637 3547 οὕτως
2696 3485 2892 3541 ἑαυτὸν
2948 3488 3091 3561 ὑπὲρ
3142 3491 3302 3562 ἡμῶν
3362 3494 3453 3548 διὰ
3505 3495 3596 3550 τοῦ
3645 3495 3876 3554 θανάτου

2310 3577 2656 3648 προσενέγκῃ
2686 3578 2764 3649 τῷ
2810 3581 3009 3653 Πατρὶ,
3051 3580 3139 3637 διὰ
3170 3582 3330 3639 τοῦτο
3370 3585 3466 3642 καὶ
3507 3588 3583 3653 ὡς
3606 3588 3886 3660 ἄνθρωπος

2308 3667 2377 3721 δι’
2408 3669 2581 3741 ἡμᾶς,
2611 3672 2705 3725 καὶ
2731 3673 2874 3743 ὑπὲρ
2904 3674 3064 3746 ἡμῶν
3093 3676 3311 3745 λέγεται
3341 3679 3780 3752 ὑπερνψοῦβθαι,
3828 3686 3892 3740 ἶν’

2308 3759 2502 3833 ὥσπερ
2554 3764 2715 3834 ἡμεῖς
2741 3764 2819 3837 τῷ
2854 3766 3072 3840 θανάτῳ
3113 3768 3281 3823 αὐτοῦ
3312 3773 3515 3839 πάντες
3544 3774 3900 3848 ἀπεθάνομεν

2307 3853 2366 3905 ἑν
2399 3854 2644 3925 Χριστῷ,
2677 3855 2853 3920 οὕτως
2895 3858 2954 3911 ἐν
2980 3859 3134 3933 αὐτῷ
3163 3862 3245 3933 τῷ
3277 3864 3504 3936 Χριστῷ
3543 3866 3712 3921 πάλιν
3734 3870 3902 3941 ἡμεῖς

2268 3968 2277 3979 ·
2309 3947 2788 4018 ὑπερυψωθῶμεν,
2822 3950 2887 4005 ἐκ
2921 3968 2981 4004 τε
3010 3952 3121 4008 τῶν
3151 3955 3363 4025 νεκρῶν
3401 3958 3774 4029 ἐγειρόμενοι,
3802 3963 3905 4016 καὶ

2309 4042 2389 4103 εις
2435 4041 2703 4112 οὐρανοὺς
2753 4043 3136 4117 ἁνερχόμενοι,
3196 4048 3325 4103 ἔνθα
3391 4051 3705 4124 πρόδρομος
3754 4054 3911 4127 ὑπὲρ

2309 4133 2466 4203 ἡμῶν
2499 4134 2718 4204 εἰσῆλθε
2767 4136 3026 4208 Χριστός.
3077 4140 3139 4193 El
3169 4141 3226 4194 δὲ
3253 4142 3350 4198 νῦν
3380 4143 3524 4215 ὑπὲρ
3558 4144 3740 4214 ἡμῶν,
3774 4149 3907 4203 και-

2306 4243 2389 4280 τοι
2416 4227 2514 4281 καὶ
2541 4229 2648 4298 πρὸ
2672 4232 2890 4297 τούτου,
2925 4233 3021 4286 καὶ
3044 4232 3133 4287 ἀεὶ
3158 4234 3363 4307 Κύριος
3386 4236 3463 4291 ὢν
3503 4238 3600 4292 καὶ
3628 4239 3913 4312 δημιουρ·

606 4342 822 4387 sanctos
843 4333 1063 4402 elliciat,
1089 4337 1223 4392 dicit
1239 4347 1420 4395 tamen
1445 4351 1505 4396 ut
1529 4320 1589 4397 se
1618 4320 1943 4411 sanctiﬁcet,
1961 4365 2069 4405 non
2092 4332 2202 4421 quo

2306 4320 2403 4388 γὸς
2429 4321 2536 4375 τῶν
2563 4322 2834 4395 οὐρανῶν,
2871 4325 3016 4396 ὑπὲρ
3041 4327 3200 4397 ἡμῶν
3240 4330 3349 4402 ἄρα
3378 4334 3476 4388 καὶ
3502 4333 3565 4386 τὸ
3594 4334 3912 4405 ύπερυψω-

608 4417 847 4479 Verbum
889 4436 1140 4482 sanctum
1172 4429 1284 4496 fiat,
1316 4431 1414 4487 sed
1453 4441 1512 4487 ut
1542 4449 1644 4490 nos
1685 4451 1878 4494 onmes
1917 4439 1971 4493 in
2002 4457 2061 4497 se
2085 4442 2204 4513 ipso

2310 4410 2471 4485 θῆναι
2521 4414 2618 4469 νῦν
2652 4417 2990 4488 γέγραπται.
3051 4421 3165 4472 Καὶ
3220 4421 3413 4493 ὥσπερ
3462 4425 3632 4490 αὐτὸς
3681 4427 3911 4495 πάντας

602 4525 819 4572 sanctos
877 4518 1114 4574 reddat:
1175 4522 1256 4576 sic
1299 4531 1353 4577 et
1414 4525 1585 4591 illud,
1646 4528 1792 4598 quod
1842 4531 2048 4587 dictum
2102 4509 2204 4601 est,

2311 4509 2556 4577 ἁγιάζων
2584 4510 2734 4581 λέγει
2768 4513 2933 4568 πάλιν
2966 4515 3044 4585 τῷ
3092 4517 3290 4588 Πατρὶ,
3322 4518 3520 4574 ἑαυτὸν
3565 4520 3708 4592 ὑπὲρ
3737 4523 3910 4594 ἡμῶν

530 4634 550 4651 ιν
600 4606 876 4663 Excitavit
898 4611 1070 4677 illum,
1129 4630 1240 4669 non
1295 4631 1359 4671 eo
1395 4620 1652 4688 pertinet,
1683 4635 1737 4676 ut
1770 4624 1885 4693 ipse
1913 4628 2204 4691 exaltetur,

2310 4602 2583 4669 ἁγιάζειν,
2614 4604 2712 4674 οὐχ
2766 4604 2852 4658 [va
2899 4605 3055 4675 ἅγιος
3099 4608 3128 4660 ὁ
3178 4608 3350 4677 Λόγος
3375 4610 3628 4681 γένηται,
3660 4612 3782 4666 ἀλλ’
3807 4614 3914 4670 Eva

574 4710 687 4753 “est
715 4702 861 4757 enim
890 4703 1213 4775 altissimus,
1257 4709 1352 4763 sed
1386 4719 1447 4764 ut
1474 4711 1591 4780 ipse
1639 4715 1862 4781 quidem
1918 4733 2018 4786 pro
2048 4720 2204 4775 nobis

2306 4695 2471 4759 αὐτὸς
2506 4698 2566 4749 ὲν
2607 4696 2789 4768 ἐαυτῷ
2836 4698 3045 4773 ἁγιάσῃ
3089 4700 3300 4765 πάντας
3345 4704 3498 4773 ἡμᾶς
3523 4720 3538 4737 ·
3575 4704 3754 4771 οὕτως
3788 4707 3915 4780 ἄρα

595 4790 807 4862 iustitia
837 4794 1054 4859 ﬁat,nos
1083 4809 1265 4854 autem
1287 4803 1339 4854 in
1365 4800 1483 4870 ipso
1514 4803 1837 4871 exaltemur,
1867 4817 1920 4862 et
1958 4809 2010 4861 in
2032 4811 2205 4866 coelo—

601 4880 724 4934 i'um
757 4882 903 4938 fores
940 4885 1337 4956 ingrediamur,
1397 4906 1533 4960 quas
1562 4907 1664 4962 pro
1713 4897 1871 4951 nobis
1906 4897 2026 4966 ipse
2047 4912 2201 4969 pate-

598 4969 754 5038 fecit,
791 4989 914 5029 cum
956 4993 1354 5048 prmenrrentes
1373 4982 1591 5040 dicant:
1612 4984 1802 5041 Tollite
1823 4999 2022 5056 portas,
2049 4995 2202 5061 prinn

599 5063 757 5133 bipes,
778 5076 996 5132 vostras,
1014 5080 1060 5123 et
1084 5072 1380 5139 elevamini,
1399 5089 1561 5143 portw
1581 5081 1876 5142 wternales,
1891 5097 1938 5134 et
1965 5085 2199 5138 introibit

597 5152 710 5208 Rea:
730 5157 913 5225 gloria:
937 5159 980 5214 ⁸.
1007 5161 1194 5233 Neque
1217 5174 1365 5219 enim
1410 5168 1515 5237 ipsi
1546 5167 1775 5223 Domino
1794 5182 1847 5224 et
1869 5188 2051 5227 rerum
2077 5191 2193 5229 om-

598 5248 750 5302 nium
784 5249 1030 5307 eﬂ'ectori
1061 5258 1336 5313 conclusa:
1354 5268 1531 5322 erant,
1559 5259 1654 5315 sed
1679 5271 1902 5330 propter
1926 5281 2046 5341 nos,
2070 5269 2191 5336 qui-

2305 4791 2400 4842 καὶ
2430 4790 2490 4841 τὸ
2520 4789 2617 4843 νῦν
2652 4789 2966 4859 λεγόμενον,
3018 4792 3381 4864 ὑπερύψωσεν
3410 4797 3594 4865 αὑτὸν,
3652 4800 3758 4870 οὐχ
3808 4801 3911 4855 ἵνα

2309 4882 2477 4945 αὐτὸς
2503 4882 2714 4954 ύψωθῇ,
2750 4882 2976 4954 ὕψιστος
2997 4886 3107 4959 γάρ
3132 4888 3305 4953 ἐστιν,
3339 4889 3457 4943 ἀλλ’
3489 4890 3576 4945 ῑνα
3606 4893 3776 4957 αὐτὸς
3800 4896 3904 4964 μὲν

2308 4974 2452 5045 ὑπὲρ
2478 4975 2636 5045 ήμῶν
2654 4976 2974 5047 δικαιοσύνη
3002 4979 3235 5048 γένηται
3262 5015 3281 5044 ,
3313 4981 3476 5050 ἡμεῖς
3501 4980 3559 5034 δὲ
3583 4980 3913 5055 ὑψωθῶμεν

2307 5068 2367 5119 ἐν
2406 5066 2578 5137 αὐτῷ,
2612 5070 2709 5122 καὶ
2751 5070 2833 5133 εἰς
2863 5070 2963 5132 τὰς
3003 5068 3181 5133 πύλας
3214 5071 3549 5140 εἰσέλθωμεν
3579 5072 3689 5126 τῶν
3718 5076 3916 5143 οὐρα-

2305 5162 2435 5226 νῶν,
2472 5160 2540 5224 ἃς
2575 5162 2739 5226 αὐτὸς
2767 5163 2932 5216 πάλιν
2963 5162 3107 5233 ὑπὲρ
3146 5162 3306 5235 ἡμῶν
3347 5164 3578 5235 ἀνέῳξε,
3618 5164 3915 5233 λεγόντων

2304 5255 2414 5305 τῶν
2464 5255 2901 5325 προτρεχόντων,
2973 5256 3188 5322 Ἀμιτε
3229 5259 3455 5324 πύλας,
3491 5262 3546 5314 οἱ
3573 5260 3911 5330 ἄρχοντες,

596 5336 700 5394 bus
732 5341 851 5395 caeli
887 5342 1033 5399 l‘ores
1056 5356 1213 5400 erant
1241 5348 1460 5410 clausa),
1484 5350 1565 5404 sic
1586 5352 1846 5421 scriptum
1877 5336 1978 5410 est.
2006 5356 2193 5426 Itaque

2306 5346 2492 5415 ὑμῶν,
2524 5346 2619 5401 καὶ
2649 5346 3171 5416 ἐπόρθητε,-πύλαι
3201 5350 3450 5413 αἱώνιοι,
3487 5352 3586 5406 καὶ
3612 5352 3911 5409 8168.1815-

594 5441 824 5501 pr0ptcr
848 5447 1091 5501 carnem,
1118 5454 1281 5508 quam
1306 5440 1574 5511 gestabat,
1617 5441 1861 5499 humano
1891 5461 2044 5501 more
2076 5451 2192 5503 dic-

2294 5456 2468 5494 σεται
2514 5444 2548 5495 ὁ
2591 5440 2897 5506 ,ϐασιλεὺς
2924 5440 3040 5508 τῆς
3089 5443 3301 5510 δόξης.
3337 5444 3449 5497 Kal
3496 5439 3598 5499 ὦδε
3631 5445 3743 5513 γὰρ
3787 5447 3913 5501 οὐκ

572 5528 712 5599 ‘tum
740 5533 859 5579 est:
895 5525 1077 5580 Tollite
1105 5539 1327 5598 portas:
1362 5542 1416 5585 et
1442 5532 1711 5599 Introibit,
1746 5545 2001 5606 tanquam
2021 5539 2185 5595 homo

2306 5533 2441 5605 ιὺτῷ
2458 5528 2600 5604 ἦσαν
2623 5535 2679 5586 αἱ
2716 5533 2880 5586 πύλαι
2906 5535 3317 5605 κεκλεισμέναι,
3342 5537 3534 5608 Κυρίῳ
3558 5538 3651 5592 καὶ
3679 5544 3905 5613 ποιητῇ

597 5611 952 5682 ingrediatur.
983 5621 1051 5674 At
1097 5620 1164 5676 de
1192 5621 1313 5691 ipso
1368 5637 1610 5692 rursum,
1653 5636 1711 5681 ut
1741 5628 1833 5698 qui
1887 5629 2030 5686 Deus
2088 5635 2179 5700 sit,

2294 5631 2520 5683 πάντων
2566 5629 2685 5681 ὄντι
2707 5645 2721 5658 ’
2754 5629 2893 5683 ἀλλὰ
2932 5630 3001 5683 δι’
3026 5632 3173 5702 ἡμᾶς
3230 5635 3323 5686 καὶ
3358 5633 3520 5686 τοῦτο
3545 5634 3907 5709 γέγραπται⁹

684 5724 700 5754 ¹
734 5724 866 5783 Dio.
900 5748 996 5798 vu,
1031 5733 1117 5789 to.
1193 5739 1212 5768 ⁸
1246 5735 1404 5795 Joan.
1435 5757 1566 5811 xvu,
1622 5745 1674 5799 5.
1753 5744 1773 5777 ³
1818 5744 1977 5801 Joan.
2029 5764 2069 5815 ι,
2102 5749 2187 5803 ll.
2269 5749 2287 5780 “
2321 5748 2465 5804 l‘sal.
2512 5764 2667 5817 xxnt,
2710 5749 2766 5814 7,
2799 5748 2853 5805 9.
2950 5798 2953 5801 .
