4126 6418
282 352 412 449 βω

1278 351 1661 413 PANOPLlA
1711 351 2175 415 DOGMATICA.
2207 380 2281 391 -
2310 355 2458 416 'm.
2502 355 2609 418 x1.
2710 312 2719 318 ’

3469 345 3584 411 370

295 470 514 539 ποίημα
552 466 618 520 ἂν
645 464 758 537 εἴη.
792 467 1063 521 Σκοπείτε
1099 466 1209 537 γὰρ
1242 468 1411 521 πόσον
1441 468 1554 538 ἔχει
1588 468 1793 537 πτῶμα
1825 468 1885 521 τὸ

1999 468 2225 525 factum.
2278 471 2482 527 Cuncta
2534 488 2649 542 qua:
2684 472 2842 541 ﬁunt,
2896 481 2953 525 ut
3001 469 3177 539 inquit
3208 466 3464 523 Salomon
3521 467 3583 521 in

292 566 479 632 λέγειν
522 562 736 629 ποίημα
777 560 869 614 τὸν
915 561 1048 613 Υίὸν
1082 561 1174 612 τοῦ
1207 559 1362 616 Θεοῦ.
1396 561 1558 628 Λέγει
1587 577 1690 612 που
1728 558 1886 611 Σολο-

295 656 416 726 μὼν
444 654 503 706 ὲν
535 651 613 722 τῷ
651 651 1063 721 Ἐκκλησιαπῇ
1123 652 1206 703 ὅτι
1257 651 1510 720 Σύμπαν
1560 652 1627 704 τὸ
1656 650 1889 718 ποίημα

291 751 326 801 ὀ
372 744 524 809 Θεὸς
562 743 691 807 ἄξει
733 745 821 809 εις
866 741 1092 809 κρίσιν.
1140 741 1350 795 Οὐκοῦν
1392 743 1442 795 εἰ
1491 741 1703 810 ποίημά
1741 742 1887 794 ἐστιν

292 847 323 892 6
352 840 530 906 Λόγος
552 877 568 900 ,
604 835 902 906 ἀχθήσεται
938 836 1066 905 παρ’
1097 834 1224 902 ὑμῖν
1258 834 1351 887 καὶ
1385 833 1547 897 αὐτὸς
1575 835 1655 896 εἰς
1684 832 1886 902 κρίσιν.

298 932 409 983 Καὶ
430 928 536 979 ποῦ
571 924 757 979 λοιπὸν
787 926 821 997 ἡ
852 925 1055 996 κρίσις,
1082 924 1402 994 κρινομένου
1433 922 1527 977 τοῦ
1563 923 1749 995 κριτοῦ
1776 941 1791 990 ;
1826 924 1886 977 Ei

306 1020 350 1070 δ’
374 1021 457 1071 ὅτι
473 1018 793 1087 γέγραπται
821 1016 1042 1069 πιστὸν
1072 1015 1216 1089 ὄντα
1231 1012 1310 1081 τῷ
1335 1014 1657 1084 ποιήσαντι
1679 1014 1886 1078 αὑτὸν,

314 1110 606 1176 σπαράττει
651 1108 819 1162 πάλιν
860 1109 1059 1170 αὐτοὺς
1101 1092 1638 1176 τοῦτονομίξοντας,
1681 1106 1757 1168 ὡς
1795 1106 1890 1159 ἐπὶ

313 1208 521 1258 πάντων
581 1203 841 1270 λέγεσθαι
896 1202 989 1255 καὶ
1044 1201 1133 1254 ἐπ’
1189 1200 1355 1256 αὑτοῦ
1413 1202 1473 1254 τὸ
1506 1201 1748 1265 πιστὸν,
1806 1200 1889 1253 ὅτι

307 1296 584 1351 πιστεύων
630 1296 911 1365 ἐκδέχεται
954 1295 1054 1365 τῆς
1103 1295 1341 1356 πίστεως
1389 1294 1480 1347 τὸν
1516 1294 1726 1365 μισθὸν,
1774 1293 1888 1364 ὥρα

298 1389 396 1441 καὶ
442 1388 535 1441 διὰ
586 1388 746 1439 τοῦτο
796 1386 960 1440 πάλιν
1012 1387 1208 1448 αὐτοὺς
1258 1386 1509 1455 ἐγκαλεῖν
1556 1388 1747 1441 Μωσεῑ
1792 1388 1889 1456 μὲν

295 1482 517 1546 λέγοντι
538 1519 555 1543 ,
596 1480 741 1544 θεὸς
776 1478 1012 1542 πιστὸς,
1046 1477 1121 1545 τῷ
1162 1478 1468 1546 Ἀποστόλῳ
1501 1478 1555 1530 δὲ
1589 1477 1886 1546 γράφοντι,

298 1573 529 1635 Πιστὸς
565 1574 599 1625 d
638 1572 819 1637 Θεὸς,
849 1570 913 1637 ὃς
951 1572 1062 1625 οὐκ
1095 1571 1261 1625 ἐάσει
1300 1570 1455 1640 ὑμᾶς
1494 1572 1889 1640 πειρασθῆναι

297 1663 457 1730 ὑπὲρ
485 1663 517 1715 ὃ
545 1663 838 1716 δύνασθε.
881 1660 1042 1713 Ἀλλὰ
1068 1660 1237 1713 ταῦτα
1262 1661 1511 1728 λέγοντες
1541 1661 1588 1711 οἱ
1623 1660 1765 1726 ἆγιοι
1791 1661 1890 1713 οὐκ

302 1754 630 1823 ἀνθρώπινα
685 1753 816 1821 περὶ
864 1751 957 1805 τοῦ
1014 1750 1147 1804 Θεοῦ
1196 1750 1562 1804 διανοοῦνταν
1613 1750 1725 1803 ἀλλ’
1777 1752 1887 1818 ὲγί-

309 1861 514 1897 νωσκον
546 1843 770 1896 διπλοῦν
798 1837 934 1896 εἶναι
962 1841 1055 1893 τὸν
1090 1840 1215 1893 νοῦν
1240 1842 1295 1893 ὲν
1324 1844 1388 1913 τῇ
1425 1842 1610 1911 Γραφῇ
1642 1841 1769 1909 περὶ
1794 1841 1886 1895 τοῦ

313 1934 625 1997 mercari;
650 1934 749 2003 μὲν
766 1933 838 1995 ὡς
865 1934 1139 1995 πιστεῦον,
1162 1934 1221 1986 τὸ
1243 1932 1296 1985 δὲ
1327 1933 1402 1994 ὡς
1423 1932 1736 1997 ἀξιόπιστον
1758 1951 1769 1964 ο
1795 1934 1890 1986 καλ⁸

305 2031 362 2082 τὸ
404 2030 507 2098 μὲν
566 2028 655 2079 ἐπ’
702 2026 1026 2095 ἀνθρώπων,
1073 2027 1135 2079 τὸ
1186 2026 1243 2078 δὲ
1290 2027 1385 2078 ἐπὶ
1425 2025 1559 2079 Θεοῦ
1607 2028 1888 2097 ἁρμόζειν.

308 2124 504 2185 Πιστὸς
550 2120 685 2188 γοῦν
729 2120 997 2189 Ἀϐραὰμ.
1031 2120 1133 2184 ὅτι,
1168 2119 1244 2188 τῷ
1278 2120 1525 2173 λαλοῦντι
1557 2121 1891 2173 πεπίστευκε

302 2215 458 2281 Θ-ᾦο
509 2214 706 2275 πιστὸς
754 2212 807 2265 δὲ
854 2212 882 2264 6
925 2212 1076 2275 Θεὸς,
1116 2214 1198 2265 ὅτι
1244 2212 1657 2284 καθὼςιψάὶλει
1706 2213 1891 2278 Δσϐὶδ,

309 2307 533 2368 Πιστός
560 2305 741 2356 ἐστιν
768 2305 841 2356 ἐν
866 2302 992 2366 τοῖς
1021 2304 1225 2373 λόγοις
1252 2304 1440 2359 αὐτοῦ
1470 2309 1501 2360 ὀ
1524 2308 1761 2373 Κύριος,
1799 2312 1894 2362 καὶ

314 2400 677 2465 ἀξιόπιστος,
752 2398 848 2450 καὶ
900 2396 1160 2451 ἀδύνατόν
1211 2400 1329 2451 ἐστι
1382 2398 1713 2468 ψεύσασθαι.
1786 2403 1895 2456 Καὶ

309 2492 367 2543 τὸ
386 2488 704 2558 γεγράφθαι
726 2487 905 2541 τοίνυν
940 2488 1126 2541 πιστδν
1156 2488 1286 2544 ὅντα
1310 2490 1388 2560 τῷ
1414 2493 1704 2562 ποιήσαντι
1734 2493 1896 2547 αὐτὸν

304 2582 362 2633 οὗ
389 2582 529 2651 πρὸς
561 2578 766 2642 ἄλλους
795 2577 907 2649 ἔχει
924 2578 1021 2648 τὴν
1045 2579 1365 2649 ὁμοιότητα,
1384 2580 1495 2635 οὐδ’
1515 2583 1595 2636 ὅτι
1625 2583 1899 2639 πιστεύων

306 2676 607 2744 dapem;
651 2671 917 2740 γέγονεν,
954 2669 1070 2724 ἀλλ’
1113 2672 1197 2725 ὅτι
1240 2672 1367 2737 Tib;
1402 2671 1478 2727 ὢν
1512 2673 1608 2730 τοῦ
1641 2675 1898 2747 ἀληθινοῦ

307 2766 435 2819 Θεοῦ
462 2763 666 2827 πιστός
697 2764 816 2817 ἐστι
843 2762 937 2817 καὶ
959 2763 1142 2829 αὐτὸς,
1174 2764 1406 2834 ὀφείλων
1438 2768 1809 2835 πιστεύεσθαι,
1842 2771 1901 2825 ὲν

313 2854 381 2920 οἷς
427 2856 497 2910 ἂν
528 2854 675 2926 λέγῃ
721 2855 818 2909 καὶ
848 2856 999 2923 ποιῇ,
1050 2854 1213 2919 αὐτὸς
1258 2855 1529 2927 ἄτρεπτος
1579 2860 1776 2929 μένων,
1806 2862 1902 2915 καὶ

322 2950 383 3018 μὴ
414 2948 817 3018 ἀλλοιόύμενος
846 2949 903 3000 ὲν
934 2950 1002 3019 τῇ
1034 2946 1354 3020 ἀνθρωπίνῃ
1382 2951 1683 3024 οἰκονομίᾳ,
1714 2952 1805 3007 καὶ
1832 2956 1900 3026 τῇ

322 3043 556 3111 ἑνσάρκῳ
592 3038 898 3109 παρουσίᾳ.
944 3040 1019 3092 Οὐ
1075 3038 1257 3093 τοίνυν
1297 3039 1365 3093 τὰ
1397 3041 1502 3111 πρὸ
1534 3041 1634 3110 τῆς
1671 3044 1908 3109 κτίσεως

1992 563 2345 630 Ecclesiaste,
2384 564 2521 618 Deus
2555 567 2611 618 in
2632 564 2896 633 judicium
2946 562 3238 617 adducet‘.
3276 560 3460 626 Quare
3517 558 3565 612 si

1993 658 2229 713 Verbum
2254 670 2338 713 est
2371 673 2457 714 res
2487 658 2650 724 facta,
2683 659 2967 712 nobiscum
3002 656 3055 710 in
3081 654 3350 724 judicium
3404 653 3581 708 addu-

1990 761 2170 807 cetur.
2200 751 2420 823 Ecquod
2450 762 2636 807 autem
2678 750 2942 822 judicium
2989 749 3112 812 erit,
3166 749 3214 803 si
3252 746 3416 814 judex
3461 746 3580 815 ipse

1986 845 2363 917 iudicabitur?
2389 844 2542 909 Quod
2576 845 2622 898 si
2658 842 3065 913 perturbantur,
3139 839 3399 909 quoniam
3444 838 3583 892 scri-

1991 950 2145 1009 ptum
2180 948 2286 1003 εει,
2343 953 2461 993 eum
2491 953 2598 991 esse
2651 935 2860 1005 ﬁdelem
2910 935 2979 997 ei,
3009 934 3098 1005 qui
3142 932 3262 1003 fecit
3326 932 3501 1001 ipsum
3536 931 3581 990 ⁸η

1992 1032 2136 1101 quod
2169 1031 2485 1087 existiment
2508 1029 2649 1083 hanc
2679 1042 2893 1093 vocem,
2923 1026 3160 1096 ﬁdelem,
3186 1024 3261 1078 ita
3309 1024 3377 1077 de
3407 1022 3496 1075 illo
3524 1029 3585 1073 ut

1991 1124 2058 1178 de
2087 1123 2347 1177 omnibus
2377 1121 2569 1189 accipi,
2602 1134 2727 1174 cum
2778 1118 2823 1172 is
2849 1118 2941 1187 qui
2978 1117 3154 1171 ﬁdelis
3183 1124 3287 1177 est,
3338 1114 3444 1168 hoc
3495 1120 3585 1167 est:

1991 1215 2083 1283 qui
2134 1214 2329 1277 credit,
2386 1212 2689 1266 mercedem
2746 1209 2999 1280 accipiat,
3050 1208 3290 1273 videant,
3352 1220 3422 1261 ne
3479 1204 3603 1277 hoc

1992 1304 2211 1358 nomine
2239 1304 2473 1374 Moysen)
2504 1302 2665 1358 etiam
2694 1303 2748 1355 in
2785 1303 2994 1356 crimen
3015 1307 3229 1357 vocent,
3254 1299 3370 1365 qui,
3419 1296 3583 1355 Dcus.

1992 1396 2194 1465 inquit.
2261 1396 2431 1463 ﬁdelis
2458 1396 2590 1459 esl’,
2627 1404 2683 1449 et.
2725 1391 3043 1462 Apostolum
3090 1391 3265 1458 ipsum
3322 1388 3406 1441 illa
3452 1388 3588 1439 scri-

1992 1486 2232 1542 bentem:
2263 1486 2462 1543 Fidelis
2498 1487 2654 1550 Deus,
2683 1488 2773 1553 qui
2805 1502 2909 1539 non
2946 1484 3213 1548 permittet
3249 1498 3333 1534 vos
3391 1478 3585 1532 tentari

1992 1596 2152 1645 supra
2190 1581 2242 1633 id
2276 1581 2413 1642 quod
2437 1580 2649 1649 potestis
2674 1560 2720 1631 ’⁸.
2765 1578 3061 1632 Sciendum
3085 1583 3172 1629 cst
3231 1574 3393 1643 igitur
3444 1571 3591 1623 viros

1994 1684 2215 1727 sanctos
2278 1689 2386 1727 non
2430 1689 2517 1736 ea,
2572 1687 2693 1741 qure
2750 1669 3069 1725 hominibus
3122 1665 3483 1727 conveniunt,
3531 1662 3587 1714 in

1994 1767 2165 1822 Deum
2188 1765 2460 1827 conferre,
2485 1764 2580 1817 sed
2610 1777 2795 1816 vocem
2824 1763 2980 1820 hanc.
3009 1750 3236 1826 ﬁdelem,
3258 1757 3312 1808 in
3343 1753 3588 1822 Scriptu-

1996 1874 2053 1912 ra
2089 1857 2377 1924 dupliciter
2406 1854 2598 1922 accipi.
2636 1853 2769 1906 Nam
2801 1851 2975 1905 ﬁdelis
3005 1850 3204 1903 dicitur
3236 1848 3303 1909 is,
3330 1846 3423 1912 qui
3459 1858 3585 1899 erc-

1991 1949 2089 2014 dit,
2113 1958 2167 2002 et
2199 1948 2266 2014 is,
2321 1946 2411 2015 qui
2444 1945 2640 2015 dignus
2669 1953 2773 2009 cst,
2811 1952 2867 1996 ut
2914 1942 2966 1995 ei
3001 1940 3276 1995 credatur.
3314 1934 3445 1989 illud
3482 1935 3590 1988 ho-

1992 2042 2230 2094 mimbus
2252 2038 2640 2109 congruihhoc
2670 2037 2803 2090 Deo.
2830 2033 3063 2107 Proinde
3095 2029 3589 2105 ﬁdelisAbraham’

1992 2133 2083 2202 qui
2106 2129 2465 2200 Dcoloquenti
2485 2128 2754 2191 credidit;
2784 2126 2960 2180 ﬁdelis
2991 2125 3257 2186 estDeus,
3294 2119 3578 2190 quoniam.

1994 2236 2053 2278 ιιι
2092 2222 2259 2276 David
2298 2220 2520 2288 cecinit,
2562 2218 2760 2274 Fidelis
2809 2229 2887 2273 est
2933 2218 3185 2271 Dominus
3243 2217 3297 2268 in
3346 2214 3585 2267 omnibus

1995 2313 2159 2366 verbis
2213 2313 2323 2365 suis
2353 2311 2396 2374 ⁸,
2447 2319 2502 2365 ει
2553 2309 2775 2378 dignus,
2840 2308 2928 2363 cui
2994 2306 3129 2362 ﬁdes
3178 2307 3466 2368 habeatur,
3530 2312 3588 2357 et

1995 2403 2215 2458 mentiri
2254 2418 2362 2457 non
2419 2412 2617 2471 potest.
2658 2398 2746 2455 Et
2776 2400 2926 2455 locus
2961 2398 3125 2465 igitur
3172 2396 3264 2451 ille
3294 2395 3383 2450 ubi
3454 2395 3592 2449 scri—

1997 2506 2150 2568 ptum
2175 2504 2278 2558 est,
2312 2494 2524 2549 ﬁdelem
2554 2507 2675 2550 esse
2704 2492 2782 2558 ei,
2814 2490 2906 2562 qui
2953 2489 3083 2545 fecit
3142 2488 3343 2561 ipsum,
3377 2502 3484 2542 non
3514 2486 3590 2540 ita

1998 2598 2082 2643 cst
2139 2587 2552 2660 intelligendus,
2606 2595 2666 2641 ut
2718 2585 2787 2640 ad
2833 2582 3248 2639 similitudinem
3304 2578 3591 2635 hominum

1999 2680 2231 2735 credens
2256 2677 2545 2750 placuerit,
2580 2675 2676 2732 sed
2700 2675 2843 2745 quod
2870 2690 2994 2731 cum
3023 2674 3097 2728 sit
3127 2673 3242 2728 veri
3271 2671 3364 2726 Dei
3394 2669 3591 2729 Filius,

2002 2772 2181 2828 ﬁdelis
2208 2781 2292 2829 est
2319 2771 2484 2826 etiam
2540 2769 2679 2839 ipse,
2730 2769 2837 2825 hoc
2888 2779 2973 2824 est
3027 2766 3243 2836 dignus,
3309 2764 3394 2817 cui
3459 2762 3596 2817 ﬁdes

2003 2867 2267 2922 habeatur
2290 2865 2345 2920 in
2373 2864 2650 2922 omnibus.
2687 2876 2809 2931 qua:
2866 2858 2947 2915 vel
2984 2856 3133 2922 facit,
3170 2857 3253 2913 vel
3289 2856 3453 2919 dicit;
3479 2864 3595 2908 sta-

2002 2961 2128 3016 bilis
2156 2959 2305 3015 enim
2335 2965 2392 3013 et
2419 2958 2535 3027 ipse
2594 2963 2699 3017 est.
2763 2962 2960 3008 etnon
3008 2959 3270 3014 mutatur,
3327 2955 3594 3016 quantum

2007 3054 2075 3108 ad
2136 3053 2430 3107 humanam
2488 3044 2925 3117 dispositionem.
2977 3050 3033 3096 et
3055 3041 3125 3095 ad
3173 3040 3293 3111 ejus
3314 3040 3368 3095 in
3426 3051 3593 3092 carne

320 3132 673 3202 ίιῖγούμενος
704 3132 734 3184 6
776 3130 1093 3194 Ἀπόστολος
1125 3133 1379 3203 εἴρηκεν,
1406 3133 1523 3187 ἀλλ’
1555 3135 1644 3190 ὅτε
1674 3138 1702 3191 6
1728 3137 1896 3206 Λόγος

2004 3147 2295 3201 adventum
2338 3140 2594 3213 pertinet.
2624 3135 2741 3193 Non
2801 3134 2947 3190 enim
2989 3132 3059 3194 ab
3092 3131 3352 3203 Apostolo
3414 3131 3467 3186 id
3512 3132 3596 3185 di-

326 3224 442 3294 σὲρξ
488 3221 744 3292 ἐγένετο.
786 3223 922 3276 Πότε
956 3224 1066 3296 γὰρ
1098 3225 1472 3298 ἀπεστάλη,ἦ
1513 3231 1749 3300 ὁπηνίκα
1804 3232 1902 3303 τὴν

317 3316 595 3386 ἡμετέραν
626 3313 927 3369 headsaro
963 3317 1178 3385 σάρκας
1212 3318 1346 3371 Πότε
1386 3321 1443 3374 δὲ
1485 3321 1775 3393 ἀρχιερεὺς
1805 3324 1905 3392 τῆς

309 3408 608 3478 ὁμολογίας
643 3407 807 3477 ἡμῶν
839 3408 1084 3475 γέγονεν,
1122 3408 1155 3480 ἢ
1191 3410 1279 3463 ὅτε
1309 3414 1683 3482 προσενέγκας
1713 3415 1906 3470 ἑαυτὸν

306 3503 454 3574 ὕπερ
484 3500 651 3571 ἡμῶν
680 3502 909 3569 ἦγειρεν
943 3502 1007 3553 ὲκ
1060 3501 1274 3568 νεκρῶν
1323 3503 1382 3556 τὸ
1415 3502 1573 3573 σῶμα
1610 3522 1625 3569 ;
1663 3507 1770 3558 Καὶ
1812 3505 1907 3561 νῦν

319 3592 491 3653 αὒτδς
520 3592 646 3654 τοὺς
674 3593 1155 3661 προσερχομένους
1188 3595 1354 3648 αὑτοῦ
1387 3598 1452 3665 τῇ
1491 3598 1672 3651 πίστει
1702 3600 1908 3667 προσά-

334 3699 451 3745 -ςει,
488 3680 589 3732 καὶ
616 3686 902 3755 πμισφέρει
934 3685 1008 3755 τῷ
1041 3686 1243 3758 Πατρὶ,
1280 3688 1644 3760 λυτρούμενος
1678 3691 1907 3757 πάντας.

342 3794 375 3826 κ
415 3777 438 3827 ὶ
468 3776 605 3847 ὑπὲρ
640 3779 849 3833 πάντων
882 3781 1233 3852 ἱλασκόμενος
1261 3784 1328 3838 τὰ
1356 3785 1491 3854 πρὸς
1529 3786 1620 3839 τὸν
1648 3788 1800 3842 Θεόν.
1835 3790 1907 3843 Οὐ

330 3870 430 3938 τὴν
459 3870 647 3923 οὐσίαν
681 3873 789 3942 ἄρα
825 3872 918 3925 τοῦ
948 3874 1122 3940 Λόγου
1144 3915 1158 3929 .
1189 3875 1309 3927 οὐδὲ
1341 3876 1439 3936 τὴν
1473 3879 1537 3930 ὲκ
1570 3879 1779 3948 Πατρὺς
1811 3881 1909 3932 αύ-

317 3964 412 4016 τοῦ
470 3962 634 4031 φύσει
677 3964 935 4035 γέννησιν
986 3969 1230 4036 σημᾶναι
1277 3968 1449 4022 θέλων
1502 3971 1530 4023 ὁ
1592 3972 1912 4038 Ἀπόστολος

314 4060 508 4123 εἴρηκε
544 4058 776 4109 πιστὸν
810 4057 954 4109 ὄντα
988 4058 1065 4123 τῷ
1096 4059 1417 4125 ποιήσαντι
1454 4064 1673 4129 αὑτὸν,
1714 4066 1788 4136 μὴ
1823 4067 1914 4135 γέ-

317 4167 462 4202 νοιτο
486 4166 501 4180 ·
542 4150 724 4204 ποιῶν
753 4149 862 4220 γάρ
894 4152 1042 4205 ἐστιν
1070 4154 1097 4205 6
1124 4154 1296 4222 Λόγος
1315 4194 1329 4218 ,
1365 4156 1427 4209 οὐ
1460 4158 1784 4229 ποιούμενος
1813 4162 1913 4215 αύ-

2006 3252 2153 3298 ctum
2181 3246 2267 3294 est
2297 3236 2365 3292 de
2399 3235 2489 3290 illo
2518 3242 2812 3300 antequam
2834 3236 3051 3285 creatus
3098 3234 3204 3294 est,
3254 3224 3348 3281 sed
3376 3218 3615 3295 postea-"

2008 3346 2172 3401 quam
2204 3328 2440 3385 Verbum
2456 3340 2585 3380 caro
2607 3323 2809 3377 factum
2835 3328 2942 3376 est.
2970 3319 3201 3386 Quando
3225 3318 3368 3372 enim
3398 3316 3595 3371 missus

2007 3425 2122 3481 est?
2156 3436 2336 3478 nonne
2373 3418 2590 3489 quando
2623 3429 2844 3471 carnem
2879 3422 3122 3467 nostram
3151 3410 3366 3467 induit?
3409 3410 3598 3474 Quan-

2008 3517 2077 3572 do
2100 3513 2357 3583 princeps
2402 3504 2765 3564 conl‘essionis
2792 3511 2992 3557 nostrae
3039 3499 3214 3555 iactus
3273 3499 3600 3555 estinonnc

2011 3606 2457 3677 quando.corpus
2483 3612 2661 3657 suum.
2696 3611 2820 3649 cum
2865 3610 2923 3649 se
2973 3608 3072 3663 pro
3105 3593 3265 3647 nobis
3293 3590 3599 3656 obtulisset,

2011 3714 2041 3752 a
2081 3694 2310 3751 mortuis
2348 3688 2634 3748 excitavit?
2667 3686 2734 3742 Et
2785 3701 2931 3740 nunc
2959 3686 3287 3741 accedentes
3335 3683 3401 3738 ad
3436 3681 3611 3741 ﬁdem!

2013 3805 2167 3845 suam
2197 3785 2508 3849 adducit,et
2536 3780 2696 3837 oll‘ert
2729 3779 2897 3839 Patri.
2926 3794 3048 3831 cum
3099 3792 3293 3831 omnes
3348 3775 3599 3829 redeme-

2015 3882 2103 3944 rit,
2135 3888 2191 3934 et
2220 3876 2476 3933 omnibus
2508 3875 2677 3929 Deum
2724 3870 3042 3941 placaverit.
3093 3868 3251 3923 Absit
3295 3867 3479 3938 igitur,
3537 3876 3601 3920 ut

2014 3971 2325 4031 credamus.
2356 3967 2675 4039 Apostolum
2702 3966 2925 4027 dixisse,
2960 3961 3175 4016 ﬁdelem
3205 3976 3327 4015 cum
3355 3976 3475 4016 esse
3500 3959 3599 4024 illi,

2014 4061 2106 4131 qui
2140 4060 2269 4115 fecit
2303 4059 2503 4129 ipsum,
2543 4065 2602 4111 ut.
2632 4052 2796 4109 Verbi
2855 4053 3149 4107 essentiam
3207 4060 3261 4107 et
3312 4058 3492 4106 ortum
3533 4066 3603 4106 ex

2014 4152 2175 4207 Patre
2204 4148 2555 4220 signiﬁcaret,
2586 4143 2847 4218 (Verbum
2877 4143 3023 4197 enim
3065 4139 3213 4207 facit,
3252 4155 3361 4194 non
3418 4146 3602 4196 autem

314 4244 407 4305 τός
429 4261 443 4275 ⁸
470 4243 618 4297 ἀλλὰ
643 4246 747 4313 τὴν
782 4246 862 4309 είς
898 4244 1219 4316 ἀνθρώπους
1246 4248 1412 4302 αὐτοῦ
1444 4252 1671 4306 κάθοδον
1694 4256 1789 4307 καὶ
1816 4255 1896 4326 ἀρ

2017 4244 2121 4311 ﬁt),
2160 4242 2254 4297 sed
2283 4250 2341 4295 ut
2377 4242 2498 4309 ejus
2530 4238 2596 4293 ad
2651 4237 2901 4291 homines
2948 4233 3271 4290 descensum
3329 4241 3383 4288 et
3418 4232 3604 4302 ponti—

316 4336 672 4406 χιερωσύνην
710 4337 1029 4405 γενομένην,
1062 4338 1128 4407 ἣν
1160 4339 1343 4402 καλῶς
1374 4341 1440 4394 ἂν
1472 4359 1554 4407 τις
1587 4343 1683 4397 ἴδοι
1723 4345 1787 4399 ἐκ
1814 4324 1896 4416 τῆς

2019 4337 2238 4390 licatum
2271 4332 2608 4396 ostenderet,
2643 4345 2804 4399 quem
2828 4328 2986 4383 facile
3015 4342 3082 4382 ex
3127 4327 3244 4399 lege
3292 4334 3348 4382 et
3374 4324 3604 4381 historia

318 4429 463 4481 κατὰ
494 4428 594 4480 τὸν
617 4427 784 4497 νόμον
813 4432 907 4482 καὶ
931 4430 1021 4482 τὸν
1062 4429 1273 4501 ’Δαρὼν
1298 4432 1558 4500 ἱστορίας.

2024 4430 2201 4483 Aaron
2232 4426 2438 4496 poteris
2470 4424 2793 4494 intelligere.

330 4471 463 4481 ..--
503 4471 588 4480 ---
626 4471 778 4497 αι.-.
814 4471 907 4482 η-.
941 4471 1016 4482 ..η
1077 4471 1269 4501 ..-νυν
1298 4471 1558 4500 .-.ηραν

330 4545 437 4598 Ἕκ
497 4543 622 4615 τῆς
673 4544 828 4596 κατὰ
888 4545 995 4615 tor
1058 4545 1275 4613 Ἀαρὼν
1325 4547 1595 4615 ἱστορίας
1651 4547 1718 4601 τὸ
1772 4552 1896 4603 κατέ

2024 4471 2201 4483 ......,..
2232 4471 2437 4496 ,μυ-ν.--
2470 4471 2792 4494 --------ο,,,-

2017 4543 2101 4599 Ea:
2156 4544 2369 4615 Auron__
2392 4538 2629 4615 historia
2661 4536 2964 4615 mysterium
3039 4534 3233 4590 Christi
3286 4536 3607 4615 constituens

388 4603 673 4687 Xptcrrdr
728 4613 1071 4687 μυστήριον
1126 4603 1724 4687 ἁαριστῶν’ὲ.ιέγχει
1780 4620 1896 4674 τοὺς

2087 4613 2258 4687 arguit
2310 4610 2450 4687 illos,
2477 4608 2563 4677 qui
2594 4608 2657 4661 de
2682 4603 2793 4674 ipso
2816 4609 2988 4660 minus
3024 4616 3160 4659 recte
3209 4606 3463 4661 sentiunt.
3520 4603 3608 4661 Ea:

388 4680 537 4763 περί
567 4700 676 4763 ζειΔ
700 4687 829 4763 κατ’
877 4685 1066 4739 αὑτὸν
1114 4680 1760 4754 σφὰλλομένουςΪἝκ
1813 4692 1896 4745 τοι

2094 4682 2273 4737 eodem
2306 4680 2459 4733 libro.

388 4758 600 4809 αὐτοῦ
640 4758 852 4823 λόγου.

388 4866 571 4925 Οὗτος
610 4873 637 4922 ὁ
680 4868 888 4938 Ἀαρὼν
911 4869 972 4923 οὗ
1005 4870 1297 4941 γεγένηται
1329 4873 1637 4943 ἀρχιερεὺς,
1673 4875 1805 4928 ἀλλὰ
1833 4877 1896 4931 ἄν

2101 4864 2197 4919 llic
2224 4864 2399 4917 Aaron
2432 4876 2538 4914 non
2595 4858 2856 4930 pontifex,
2912 4859 3004 4913 sed
3066 4857 3229 4913 homo
3286 4864 3448 4912 natus
3500 4865 3608 4915 est.

316 4963 559 5034 θρωπος
581 4978 599 4993 ·
632 4962 725 5014 καὶ
770 4963 905 5030 μετά
936 4964 1126 5032 χρό·.ον
1155 4964 1242 5015 ὅτε
1278 4966 1306 5017 ὁ
1336 4964 1466 5027 Θεὸς
1491 4966 1723 5035 ἠθέλησε
1763 4968 1893 5035 γέγο

2029 4955 2155 5010 Post
2181 4964 2381 5019 autem,
2414 4953 2630 5022 quando
2664 4952 2864 5021 placuit
2897 4951 3027 5015 Deo,
3047 4949 3222 5005 lactus
3246 4959 3350 5015 est,
3387 4950 3481 5005 sed
3510 4950 3608 5016 ita,

321 5075 413 5109 νεν
440 5055 746 5125 ἀρχιερεὺς
768 5095 785 5121 ,
815 5059 907 5107 καὶ
943 5055 1164 5123 γέγονεν
1197 5058 1293 5128 οὐχ
1326 5058 1543 5121 ἁπλῶς,
1577 5059 1694 5111 οὐδὲ
1728 5061 1789 5113 ἐκ
1818 5061 1894 5112 τῶ

2028 5056 2087 5102 ut
2130 5062 2239 5100 non
2304 5061 2367 5099 ex
2421 5044 2596 5099 solitis
2659 5043 3001 5098 vestimentis
3057 5051 3461 5113 agnosceretur,
3510 5044 3611 5099 sed

325 5149 590 5218 συκήθων
620 5147 850 5215 ἱματίων
878 5149 1300 5216 γνωριζόμενος,
1332 5148 1449 5201 ἀλλ’
1480 5150 1896 5221 ὲπενδιδυσκόμε

2031 5137 2482 5210 superhumerale
2528 5143 2586 5189 et
2636 5136 2901 5189 rationale
2945 5144 3000 5189 et
3052 5135 3290 5190 tunicam
3330 5136 3612 5199 indueret,

324 5259 412 5303 νος
482 5242 589 5310 τὴν
639 5239 912 5307 ἐπωμίδα,
962 5239 1024 5291 τὸ
1066 5240 1292 5307 λογεῖον,
1350 5240 1441 5294 τὸν
1486 5242 1717 5310 ποδήρη,
1772 5243 1806 5295 ἃ.
1864 5262 1895 5295 α

2029 5247 2149 5301 qua:
2212 5229 2433 5298 quidem
2509 5234 2828 5280 ornamenta
2899 5227 3154 5280 mandato
3201 5226 3297 5281 Dei
3352 5224 3605 5280 mulieres

324 5335 605 5403 pvaixz;
654 5332 752 5402 μὲν
807 5332 1133 5401 εἰργάσαντο
1178 5332 1473 5400 προστάξει
1516 5332 1611 5387 τοῦ
1662 5332 1819 5399 Θεοῦ,
1868 5335 1890 5385 ὲ

2030 5322 2400 5379 confecerant.
2428 5318 2525 5374 His
2553 5320 2783 5375 indutus
2818 5320 2872 5372 in
2928 5329 3115 5374 sancta
3175 5317 3604 5390 ingrediebatur,

323 5428 550 5487 τούτοις
598 5425 654 5476 δὲ
698 5425 1084 5495 είτερχλμενος
1123 5425 1201 5486 είς
1240 5428 1305 5478 τὰ
1337 5424 1468 5493 ἆγια
1510 5425 1608 5494 τὴν
1651 5426 1790 5495 ὑπὲρ
1829 5442 1896 5478 τοι

2026 5424 2082 5469 ει
2114 5428 2214 5484 pro
2252 5411 2452 5481 populo
2485 5411 2808 5465 sacriﬁcium
2846 5410 3093 5465 iaciebat.
3128 5409 3217 5464 Sic
3245 5417 3300 5464 ct
3348 5406 3613 5460 Dominus

328 5516 472 5572 λαοῦ
506 5516 696 5569 θυσίαν
732 5515 1102 5583 προσέφερεν.
1141 5514 1294 5568 Οὕτω
1331 5518 1511 5568 τοίνυν
1542 5516 1634 5568 καὶ
1662 5515 1690 5565 ὁ
1721 5514 1896 5584 Κύριο

2032 5506 2188 5559 initio
2220 5504 2438 5573 quidem
2504 5501 2736 5558 Verbum
2804 5512 2947 5565 erat,
3015 5502 3110 5556 sed
3164 5499 3380 5569 quando
3433 5496 3606 5549 voluit

332 5610 391 5660 ὲν
443 5611 579 5681 ἀρχῇ
622 5610 724 5679 μὲν
757 5603 827 5677 ἦν
858 5607 889 5657 6
921 5603 1119 5669 Λόγος,
1153 5607 1241 5658 ὅτε
1267 5606 1325 5659 δὲ
1355 5604 1617 5676 ἠθέλησεν
1661 5607 1688 5659 6
1735 5604 1896 5674 Πατὴέ

2030 5599 2195 5651 Pater
2228 5595 2371 5650 illius
2398 5594 2665 5648 sacriﬁcio
2710 5609 2807 5663 pro
2857 5594 3112 5647 omnibus
3152 5592 3333 5645 oblato
3376 5588 3604 5657 placari,

338 5699 478 5774 ὕπερ
504 5704 718 5759 πάντων
750 5699 963 5769 λύτρον
993 5692 1237 5764 δοθῆναι,
1268 5696 1362 5749 καὶ
1404 5697 1536 5749 πᾶσι
1566 5694 1894 5765 χαρίσασθαι

2033 5698 2187 5753 tunc,
2220 5697 2280 5742 ut
2308 5690 2488 5741 Aaron
2515 5686 2775 5749 tunicam,
2803 5685 2880 5739 sic
2910 5683 3145 5737 Verbum
3170 5695 3386 5736 carnem
3410 5686 3605 5735 huma-

410 5820 619 5886 ‘Ecclc.
661 5837 767 5889 ιιι,
809 5812 908 5871 ιιι.
994 5809 1016 5839 ²
1041 5807 1195 5870 ilcbr.
1233 5812 1388 5883 m,2.
1472 5812 1491 5844 ³
1525 5810 1683 5866 Deut.
1721 5824 1820 5880 vn,
1851 5808 1896 5863 9.

1999 5806 2049 5861 ἰ
2076 5804 2200 5861 Cor.
2234 5804 2400 5871 3,13.
2478 5806 2500 5837 '
2532 5802 2674 5858 Psal.
2702 5814 2879 5861 cxuv,
2910 5797 2997 5850 1'5.
