4126 6404
504 356 611 420 379

1744 350 2067 419 EUTHYM
2082 357 2137 417 ll
2182 354 2555 420 ZlGABENI

3678 358 3789 428 380

503 471 787 537 inquiunt,
804 478 1021 526 constat
1042 468 1241 524 similia
1277 484 1375 539 per
1403 469 1549 525 aliud
1571 470 1751 525 simile
1770 470 1885 524 ﬁeri
1914 485 2073 539 posse

2205 468 2376 524 πολὺν
2402 469 2562 540 δχλον
2589 466 2916 543 ἐπιρρέοντα
2963 464 3220 542 μεσιτῶν,
3259 471 3353 526 καὶ
3385 464 3561 539 οὕτως
3588 475 3788 530 685w.-

503 562 636 628 ane
666 564 752 616 isti
777 578 901 615 cum
925 562 1135 620 dicunt,
1172 562 1361 622 miror,
1389 576 1491 615 cur
1518 577 1626 616 non
1660 577 1719 617 se
1774 563 1827 615 in
1857 563 2086 616 latebris

499 654 760 711 condant.
803 669 875 708 ne
900 669 1009 722 prae
1035 654 1245 719 pudore
1270 654 1705 708 confundantur.
1759 654 1938 709 Moses
1972 664 2087 708 non

503 747 569 799 ad
612 747 911 800 creandum
940 746 1139 799 missus
1158 756 1266 808 est,
1306 761 1489 815 neque
1520 747 1586 800 ad
1646 750 1952 802 vocandum
1998 764 2084 808 ea.

501 852 622 906 quae
636 853 741 891 non
765 845 915 898 sunt,
954 847 1011 890 ut
1035 844 1241 901 essent,
1270 853 1447 906 neque
1468 839 1534 893 ad
1569 839 1652 892 sui
1675 838 1887 893 similes
1910 841 2088 894 homi-

501 945 603 982 nes
632 928 952 984 conﬂandos
990 939 1041 982 et
1080 929 1440 1000 engendos,
1476 931 1573 985 sed
1605 932 1671 985 ad
1718 947 1921 986 nmnns
1980 931 2087 1002 hoc

501 1021 927 1079 observandum.
948 1031 1008 1074 ut
1028 1021 1121 1075 Dei
1141 1023 1307 1075 verba
1333 1021 1538 1091 p0pulo
1569 1031 1623 1075 et
1656 1020 1926 1075 Pharaoni
1969 1022 2085 1094 regi

503 1111 807 1166 nuntiaret.
839 1111 976 1177 Quis
1004 1122 1187 1165 autem
1218 1111 1488 1166 inﬁnitam
1525 1113 1578 1165 in
1601 1112 1684 1166 his
1714 1111 2083 1168 diderentiam

500 1217 608 1257 non
643 1203 812 1267 videt,
847 1219 971 1257 cum
1011 1203 1300 1274 legationis
1346 1219 1573 1259 munere
1635 1203 1786 1273 fungi
1819 1213 1875 1259 et
1920 1207 2086 1259 mini-

500 1307 677 1349 strare
700 1296 771 1350 εἱι
796 1309 1010 1360 eorum,
1042 1310 1164 1364 quae
1202 1305 1387 1350 creata
1422 1306 1473 1350 0|
1532 1311 1689 1350 serva
1741 1305 1894 1361 sunt,
1952 1312 2086 1367 ιιιό-

501 1387 909 1456 prium,l‘acere
945 1396 1124 1441 autem
1156 1399 1211 1441 et
1267 1402 1563 1457 procreare
1617 1389 1792 1444 solius
1854 1388 1972 1457 Dei,
2030 1397 2088 1446 et

505 1479 663 1532 Verbi
692 1480 885 1548 ipsius,
920 1487 977 1533 et
1003 1479 1284 1548 sapientiae
1308 1480 1331 1533 ?
1405 1479 1757 1549 Quapropter
1781 1482 1970 1535 nullus
2002 1482 2086 1536 in-

508 1572 717 1632 veniet,
759 1586 1093 1642 quemquam
1130 1587 1447 1641 procreare,
1474 1573 1576 1627 nisi
1614 1576 1794 1628 solum
1825 1574 1917 1630 Dei
1946 1574 2085 1630 Ver-

499 1662 869 1719 bum.0mnia
895 1665 1044 1719 enim
1076 1666 1131 1719 in
1161 1665 1436 1734 sapientia
1479 1666 1620 1721 facta
1665 1677 1813 1731 sunt,
1856 1676 1913 1723 ct
1964 1669 2085 1724 sine

510 1742 794 1808 Verbone
826 1772 992 1809 unum
1021 1757 1245 1826 quidem
1271 1759 1474 1812 factum
1506 1768 1624 1814 est:
1662 1760 1731 1814 ad
1759 1761 1865 1815 alia
1897 1772 2079 1817 autem

501 1860 729 1900 munera
760 1848 1010 1903 obeunda
1034 1865 1139 1901 non
1161 1865 1303 1903 unus
1319 1865 1383 1904 ex
1411 1851 1668 1906 omnibus
1690 1853 1965 1924 deligitur,
1985 1857 2085 1911 sed

502 1940 845 2008 multi,‘qnos
878 1942 993 1994 vult
1017 1941 1133 2007 ipse
1169 1942 1330 1996 Deus.
1358 1942 1508 1997 Multi
1560 1944 1705 1999 enim
1739 1947 1943 2000 adsunt
1989 1963 2083 2001 ar-

499 2031 775 2100 changeli,
806 2033 957 2086 multi
988 2031 1223 2097 Throni,
1292 2035 1478 2090 multa:
1515 2037 1844 2103 Potestates,
1897 2040 2085 2096 multa:

498 2119 932 2185 nominationes.
962 2124 1383 2191 innumerabilia
1408 2128 1645 2198 denique
1696 2141 1896 2200 praesto
1955 2144 2084 2190 sunt

498 2213 662 2266 millia
691 2215 1090 2281 ministrorum.
1128 2220 1220 2288 qui
1256 2222 1492 2291 prompti
1519 2227 2082 2292 cxspectantmitten-

492 2305 562 2358 tis
590 2306 900 2376 imperium.
936 2308 1221 2381 Propheta:
1244 2324 1501 2382 praeterea
1533 2317 1713 2379 multi,
1747 2329 1801 2372 et
1855 2332 2079 2389 aposto-

492 2395 529 2447 li
558 2396 868 2463 duodecim,
900 2410 955 2454 et
1000 2401 1221 2468 Paulus,
1260 2415 1314 2459 et
1334 2404 1513 2463 Moses
1566 2407 1705 2478 ipse,
1757 2426 1862 2465 nec
1929 2414 2080 2468 solus

491 2496 698 2552 tamen,
749 2491 927 2547 sedet
976 2492 1154 2549 Aaron
1187 2513 1310 2551 cum
1342 2497 1483 2567 ipso,
1535 2510 1592 2554 et
1633 2501 1724 2556 alii
1757 2503 1886 2558 item
1951 2520 2080 2574 sep-

493 2580 740 2647 tuaginla
774 2581 886 2637 duo
915 2583 1174 2652 discipuli
1218 2587 1412 2655 repleti
1480 2589 1695 2658 Spiritu
1755 2601 1967 2659 sancto,
2022 2603 2081 2649 et

490 2669 625 2723 Mosi
650 2675 916 2727 successit
952 2673 1117 2728 Iosue
1149 2676 1293 2730 illius
1319 2676 1490 2738 Nave,
1523 2689 1578 2733 et
1611 2680 1739 2733 huic
1798 2680 1903 2748 ipsi
1978 2680 2077 2736 Ju-

489 2764 658 2828 dices,
690 2774 747 2817 et
781 2765 866 2818 his
912 2781 1019 2820 non
1045 2783 1212 2830 unus,
1248 2770 1345 2823 sed
1373 2771 1530 2824 multi
1583 2786 1760 2842 reges.
1823 2774 1993 2846 Quod:
2030 2778 2076 2832 si

487 2866 725 2923 creatus,
756 2868 810 2913 et
840 2876 979 2914 unus
1006 2877 1070 2915 ex
1102 2863 1169 2917 iis
1192 2864 1282 2934 qui
1318 2864 1453 2920 facti
1488 2876 1637 2930 sunt,
1700 2879 1821 2924 erat
1880 2870 2072 2938 Filius,

489 2964 613 3003 esse
701 2951 903 3006 multos
951 2953 1221 3022 ejusmodi
1278 2956 1420 3011 liiios
1453 2963 1770 3027 oportebat,
1833 2970 1891 3017 ut
1928 2965 2072 3018 mul«

489 3052 574 3096 tos
654 3042 928 3112 ejusmodi
1020 3047 1303 3103 ministros
1372 3050 1600 3106 haberet
1670 3056 1856 3120 Deus,
1936 3073 2071 3125 que-

2189 578 2282 614 τον
2321 561 2628 631 ὑποστῆναι
2665 564 2765 632 τὴν
2804 564 3009 629 κτίσιν,
3061 566 3152 618 ἀεὶ
3213 567 3437 635 μεσίτου
3493 569 3786 636 δεομένην,

2186 652 2396 706 καὶτοῦ
2422 655 2590 724 μέσου
2627 655 2702 724 μὴ
2731 654 3034 725 δυναμένου
3066 656 3322 725 γενέσθαι
3371 661 3542 729 χωρὶς
3585 662 3784 732 ἑτέρου

2189 746 2437 814 μεσίτου,
2478 746 2566 799 διὰ
2591 746 2651 799 τδ
2678 747 2888 811 πάντας
2939 745 3083 803 εἶναι
3116 749 3219 820 τῆς
3247 753 3483 820 γενητῆς
3538 753 3783 823 φύσεως,

2189 839 2285 906 τῆς
2345 839 2423 908 μὴ
2455 839 2766 908 δυναμένης
2821 844 3121 913 μετασχεῖν
3150 845 3251 914 τῆς
3279 845 3430 916 παρὰ
3485 849 3646 917 μόνου
3679 850 3783 903 τοῦ

2188 929 2325 983 Θεοῦ
2352 931 2642 998 ἐργασίας,
2673 933 2749 994 ὡς
2792 933 2953 1002 ὑμεῖς
2983 934 3193 1004 λέγετε.
3238 937 3386 991 Ἀλλ’
3444 940 3573 1006 ἰδοὺ,
3617 945 3785 1014 φησὶ,

2188 1023 2285 1075 καὶ
2311 1023 2400 1079 διὰ
2437 1025 2681 1088 Μωσέως
2713 1025 2952 1096 ἐξήγαγε
2985 1027 3078 1080 τὸν
3100 1028 3228 1081 λαὸν
3267 1029 3325 1096 ἐξ
3346 1031 3651 1100 Αἰγύπτου,
3685 1037 3791 1088 κςιύ⁸

2187 1113 2255 1168 δι’
2282 1116 2447 1169 αὐτοῦ
2500 1117 2593 1170 τὸν
2642 1118 2810 1187 νόμον
2849 1119 3042 1184 ἔδωκε,
3103 1122 3283 1177 καίτοι
3316 1125 3412 1178 καὶ
3445 1127 3612 1180 αὑτοῦ
3643 1144 3791 1197 τυγ-

2188 1208 2447 1277 χάνοντος
2471 1194 2782 1277 ἀνθρώπου.
2811 1209 2953 1264 ὥστε
2977 1213 3201 1269 δυνατὸν
3232 1219 3330 1271 καὶ
3352 1218 3441 1272 διὰ
3467 1220 3561 1292 τοῦ
3589 1194 3790 1292 ὁμοίοο

2187 1301 2259 1352 τὰ
2279 1301 2440 1370 ὅμοια
2465 1303 2734 1371 γίνεσθαι.
2791 1305 2966 1359 Τοῦτο
2999 1305 3055 1359 δὲ
3090 1307 3280 1376 λέγειν
3313 1314 3514 1376 αὐτοὺς
3545 1314 3795 1382 ἐγκαλυ-

2190 1392 2499 1459 πτομένους
2542 1395 2807 1463 ἔπρεπεν,
2857 1396 2946 1452 ἵνα
2993 1398 3068 1468 μὴ
3103 1400 3307 1472 πολλὴν
3346 1404 3612 1475 αἰσχύνην
3644 1408 3794 1460 ἀπεα-

2155 1480 2514 1550 ’νέγκωνται.
2560 1487 2803 1557 Μωῦσῆς
2834 1490 2944 1559 γὰρ
2974 1491 3034 1543 οὐ
3069 1491 3430 1565 δημιουργεῖν
3472 1499 3791 1570 ἐπέμπετο,

2186 1570 2307 1629 οὐδὲ
2337 1576 2408 1629 τὰ
2441 1579 2514 1647 μὴ
2567 1578 2696 1632 ὄντα
2739 1583 2819 1643 εἰς
2858 1582 2919 1634 τὸ
2956 1577 3099 1636 εἶναι
3135 1585 3389 1652 καλέσαι,
3439 1590 3536 1642 καὶ
3574 1590 3794 1647 πλάσαι

2187 1669 2313 1731 τοὺς
2337 1669 2561 1739 ὁμοίους
2584 1671 2929 1742 ἀνθρώπους,
2964 1675 3103 1730 ἀλλὰ
3125 1677 3455 1751 διακονῆσαι
3490 1686 3653 1754 μόνον
3684 1691 3794 1759 ῥή-

2190 1776 2337 1829 ματα
2364 1762 2502 1831 πρὸς
2528 1762 2619 1816 τὸν
2656 1763 2811 1830 λαὸν,
2856 1766 2950 1820 καὶ
2990 1771 3127 1836 πρὸς
3156 1771 3248 1823 τὸν
3291 1770 3520 1841 βασιλέα
3549 1778 3789 1849 Φαραώ.

2192 1851 2348 1921 Ἔχει
2373 1854 2428 1907 δὲ
2452 1855 2612 1909 τοῦτο
2638 1857 2843 1929 πολλὴν
2874 1861 2975 1931 τὴν
3000 1861 3293 1935 διαφορὰν,
3326 1866 3409 1920 δτι
3440 1867 3501 1921 τὸ
3534 1872 3631 1940 μὲν
3662 1871 3791 1927 δια-

2188 1944 2369 1998 κονεῖν
2421 1945 2530 1999 τῶν
2574 1949 2823 2020 γενητῶν
2875 1953 2971 2007 καὶ
3008 1954 3216 2010 δούλων
3273 1958 3429 2025 ἐστὶ,
3465 1962 3528 2015 τὸ
3577 1965 3632 2019 δὲ
3682 1966 3793 2041 δη-

2190 2040 2475 2108 μιουργεῖν
2533 2041 2629 2094 καὶ
2655 2043 2861 2107 κτίζειν
2890 2045 3056 2115 μόνου
3080 2048 3174 2103 τοῦ
3214 2050 3350 2104 Θεοῦ
3382 2053 3521 2119 ἐστι,
3560 2059 3655 2111 καὶ
3682 2040 3791 2115 τοῦ

2188 2129 2319 2183 ἰδίου
2345 2131 2520 2200 Λόγον
2551 2134 2740 2198 αὑτοῦ,
2769 2137 2862 2189 καὶ
2910 2138 3013 2208 τῆς
3056 2142 3273 2210 σοφίας.
3329 2147 3430 2200 Διὰ
3463 2148 3623 2204 τοῦτο
3646 2151 3792 2219 γοῦν

2184 2220 2276 2274 ἰπὶ
2308 2220 2406 2291 μιν
2438 2222 2533 2275 τοῦ
2565 2224 2923 2295 δημιουργεῖν
2949 2229 3052 2283 οὐκ
3116 2230 3183 2285 ἄν
3218 2250 3302 2297 τις
3351 2233 3512 2290 ἄλλον
3542 2236 3719 2310 εὖροι,
3748 2242 3790 2315 ἢ

2192 2314 2355 2383 μόνον
2384 2315 2477 2367 τὸν
2499 2315 2592 2370 τοῦ
2620 2316 2758 2371 Θεοῦ
2788 2320 2966 2387 Λόγον
2990 2337 3006 2353 ·
3040 2322 3216 2377 πάντα
3253 2328 3365 2397 γὰρ
3400 2330 3457 2381 ὲν
3497 2333 3660 2403 σοφίᾳ
3684 2333 3791 2402 γέ-

2183 2420 2333 2473 γονε,
2373 2406 2468 2460 καὶ
2497 2410 2664 2477 χωρὶς
2697 2410 2789 2462 τοῦ
2820 2412 2999 2481 Λόγου
3052 2415 3275 2483 ἐγένετο
3314 2419 3438 2472 οὐδὲ
3499 2421 3591 2476 ἒν·
3635 2425 3789 2495 πρὸς

2184 2495 2240 2549 δὲ
2262 2499 2359 2561 τὰς
2379 2498 2655 2560 διακονίας
2682 2503 2783 2573 οὐχ
2810 2497 2911 2569 εἷς,
2942 2500 3064 2561 ἀλλ’
3112 2500 3177 2561 ἐκ
3222 2510 3443 2565 πάντων
3477 2515 3665 2569 πολλοί
3697 2520 3797 2573 εῖ-

2185 2602 2292 2652 σιν,
2320 2587 2416 2651 οὓς
2446 2589 2513 2644 ἂν
2545 2590 2676 2663 Θέλῃ
2711 2594 2954 2664 πέμπειν
2990 2600 3019 2652 6
3041 2598 3269 2672 Κύριος.
3304 2604 3497 2659 Πολλοὶ
3544 2607 3644 2676 μὲν
3669 2609 3792 2680 γὰρ

2183 2677 2430 2747 ἄγγελοι,
2464 2683 2654 2737 πολλοὶ
2686 2687 2741 2739 δὲ
2767 2687 2973 2759 Θρόνοι,
3028 2692 3123 2744 καὶ
3158 2695 3419 2761 ἐξουσίαι,
3454 2698 3550 2752 καὶ
3589 2677 3794 2772 κυριόλ-

2178 2786 2378 2837 τητες,
2415 2775 2588 2843 χίλιαι
2632 2777 2897 2847 χιλιάδες,
2932 2784 3027 2837 καὶ
3072 2784 3269 2858 μύριαι
3306 2791 3571 2861 μυριάδες
3599 2811 3791 2865 παρε-

2180 2860 2414 2930 στήκασι
2457 2862 2791 2935 λειτουργῶν
2828 2875 2921 2923 καὶ
2956 2872 3192 2943 ἑτοίμων
3251 2877 3333 2940 εἰς
3362 2860 3423 2930 τδ
3449 2860 3792 2943 ἐξαποστέλ-

2178 2951 2388 3007 λεσθαι.
2423 2956 2531 3009 Καὶ
2563 2962 2848 3029 προφῆται
2908 2963 3010 3032 μὲν
3070 2965 3281 3033 πολλοῖ,
3338 2973 3433 3023 καὶ
3484 2971 3787 3031 ἀπόστολοι

2177 3045 2310 3100 δέκα
2351 3050 2447 3102 καὶ
2470 3049 2585 3115 δύο,
2615 3054 2709 3106 καὶ
2745 3053 2977 3119 Παῦλος,
3028 3060 3122 3112 καὶ
3152 3061 3392 3132 Μωῠσῆς
3427 3062 3480 3116 δὲ
3516 3066 3681 3130 αὐτὸς
3715 3070 3783 3123 οὗ

489 3132 839 3189 madmodum
890 3143 943 3191 et
1005 3139 1061 3192 in
1135 3139 1257 3193 aliis
1308 3141 1603 3199 ordinibus
1691 3147 1851 3200 multi
1915 3160 2070 3205 sunt.

2181 3139 2361 3205 μόνος,
2384 3143 2520 3196 ἀλλὰ
2549 3146 2644 3197 καὶ
2688 3147 2900 3214 Ἀαρὼν
2939 3150 3037 3202 σὺν
3073 3150 3245 3222 αὐτῷ,
3299 3157 3396 3209 καὶ
3432 3158 3567 3225 μετὰ
3602 3161 3784 3217 ταῦτα

488 3224 646 3289 Quod
677 3227 720 3282 si
749 3244 861 3282 non
888 3231 1141 3285 licethoc
1181 3232 1525 3298 intueri,sed
1587 3250 1709 3291 cum
1756 3241 1941 3294 multze
1988 3257 2073 3295 res

487 3330 686 3373 creata:
725 3321 854 3386 sint,
881 3338 1047 3376 unum
1081 3323 1345 3378 duntaxat
1383 3327 1615 3382 Verbum
1655 3338 1758 3397 est,
1811 3333 1932 3401 quis
1963 3350 2071 3390 non

487 3408 875 3464 animadvertit
917 3412 1171 3467 Filiuma
1242 3416 1407 3469 rebus
1461 3419 1713 3473 omnibus
1773 3425 2073 3490 procreatis

493 3499 567 3551 ita
609 3499 854 3565 dill'erre,
883 3513 942 3555 ut
981 3502 1118 3557 nihil
1149 3507 1358 3574 aequale
1383 3523 1505 3562 cum
1546 3509 1653 3564 illis
1699 3511 1918 3575 habeat,
1977 3516 2070 3570 sed

487 3589 673 3644 omnia
701 3606 825 3645 cum
864 3593 1024 3648 Patre
1083 3598 1303 3666 prOpria
1354 3607 1408 3653 et
1455 3602 1656 3669 paria?
1702 3602 2067 3668 Quamobrem

486 3701 599 3738 non
636 3686 804 3739 multa
837 3696 965 3742 sunt
1003 3686 1198 3756 Verba,
1232 3691 1327 3745 sed
1358 3706 1529 3747 unum
1561 3693 1738 3749 Patris
1799 3694 2065 3764 Verbum,

485 3786 539 3837 et
568 3792 676 3838 una
718 3778 896 3854 imago
926 3777 1049 3834 Dei.
1077 3779 1147 3835 At
1196 3782 1277 3835 sol
1338 3785 1524 3848 etiam,
1599 3785 1880 3857 inquiunt,
1905 3792 2070 3845 'solus

482 3884 586 3942 est,
619 3885 671 3931 et
686 3886 831 3931 terra
848 3871 1190 3932 una.Eizdcm
1210 3874 1424 3931 ratione
1444 3875 1634 3932 dicant
1668 3879 1833 3934 etiam
1864 3896 2068 3951 aquam

482 3958 607 4025 esse
640 3985 831 4034 unam,
860 3977 913 4023 et
950 3969 1131 4038 ignem
1163 3983 1286 4023 esse
1314 3984 1508 4033 unum,
1548 3970 1802 4026 homines
1841 3972 2069 4042 imperi-

485 4061 542 4116 ti,
566 4060 657 4130 qni
680 4060 931 4113 nesciunt
947 4059 1373 4127 unumquodque
1388 4074 1603 4123 eorum,
1623 4074 1744 4128 quae
1762 4061 1899 4117 facta
1919 4076 2068 4132 sunt,

481 4156 564 4208 sic
582 4168 748 4207 unum
760 4167 886 4206 esse
907 4163 1103 4205 natura
1121 4166 1240 4213 sua,
1259 4159 1320 4204 ut
1339 4166 1449 4205 non
1469 4153 1542 4206 ob
1561 4152 1611 4206 id
1632 4162 1816 4208 tamen
1837 4154 1904 4210 ad
1922 4157 1969 4225 ej
1981 4174 2072 4212 us-

484 4245 629 4300 modi
652 4243 1279 4314 mnnusexsequendum
1330 4242 1400 4297 sit
1447 4243 1725 4298 idoneum.
1781 4243 1876 4300 Sic
1917 4249 2064 4303 enim

483 4337 699 4408 singula
788 4352 958 4390 unum
1023 4344 1175 4397 sunt,
1257 4344 1315 4389 ut
1376 4343 1563 4390 mutua
1616 4338 1770 4406 quasi
1823 4341 2068 4395 membra

482 4431 737 4501 quzcdam
788 4430 936 4484 inter
984 4443 1044 4485 se
1091 4432 1224 4494 sint,
1281 4438 1336 4485 et
1402 4447 1572 4485 unum
1663 4433 2068 4499 quodammodo

482 4541 686 4594 corpus
745 4522 1008 4579 mundum
1060 4524 1375 4580 conficiant.
1436 4523 1590 4591 Quod
1620 4526 1662 4581 si
1688 4516 1880 4582 Filium
1903 4530 2068 4584 etiam

484 4619 652 4672 talem
730 4617 1068 4682 existimant,
1150 4617 1490 4687 repellantur
1561 4620 1628 4673 ab
1681 4623 1960 4683 omnibus,
2013 4635 2070 4679 ut

481 4710 578 4780 qui
685 4719 896 4779 partem
999 4709 1372 4763 universitatis
1450 4708 1688 4765 Verbum
1791 4724 2067 4777 asserunt,

483 4811 542 4855 et
572 4808 782 4869 partem
818 4800 1117 4871 ejusmodi,
1149 4813 1268 4878 quae
1312 4798 1436 4878 sine
1472 4800 1592 4856 aliis
1625 4803 1872 4871 partibus
1922 4819 2067 4858 com-

485 4894 713 4948 missum
734 4892 833 4947 sibi
867 4908 1067 4946 munus
1094 4876 1366 4946 obire'non
1403 4892 1595 4961 possit.
1626 4893 1771 4947 istuc
1795 4906 1981 4949 autem
2017 4897 2066 4951 si

486 4986 648 5056 plane
671 4996 885 5040 constat
922 5000 1043 5040 esse
1068 4984 1319 5053 impium,
1352 4994 1657 5055 agnoscant
1688 4984 1924 5041 Verbum
1955 5004 2066 5044 non

488 5085 859 5150 procreatum,
882 5077 975 5134 sed
1002 5079 1241 5132 omnium
1278 5079 1789 5149 procreatorcrn.At
1823 5080 1967 5134 enim
1998 5082 2066 5135 ita

486 5170 690 5226 factum
756 5182 811 5225 et
861 5181 1107 5226 creatum
1140 5169 1433 5235 afﬁrmant,
1470 5179 1528 5224 ut
1559 5171 1627 5225 ab
1677 5170 1935 5227 ell'ectore
1969 5190 2070 5227 suo

487 5274 744 5332 tanquam
771 5278 801 5317 a
830 5262 1092 5330 magistro
1131 5261 1390 5319 didicerit
1421 5275 1734 5331 procreare,
1790 5272 1957 5332 atque
1994 5264 2067 5318 ita

488 5355 810 5428 praeceptori
844 5357 952 5411 Deo
993 5355 1284 5410 inservire.
1354 5353 1483 5409 Haec
1516 5356 1664 5408 enim
1728 5364 1784 5411 et.
1817 5354 2069 5411 Asterius

484 5450 753 5520 sophista,
800 5457 860 5503 ut
906 5447 998 5517 qui
1055 5448 1248 5503 didicit
1293 5461 1495 5514 negare
1529 5446 1720 5510 Deum.
1769 5464 1937 5505 ausus
1986 5460 2072 5506 est

381 5551 387 5554 '
426 5558 438 5568 ·
483 5541 790 5599 litterarum
847 5538 1219 5594 monumentis
1265 5537 1545 5604 mandare,
1579 5555 1682 5594 nec
1728 5541 2070 5595 animadver-

487 5631 573 5692 tit.
618 5647 779 5700 quam
816 5631 1050 5687 absurda
1084 5630 1216 5699 sint,
1264 5645 1385 5700 qua:
1415 5644 1478 5685 ex
1517 5630 1601 5684 his
1634 5642 2068 5703 consequuntur.

487 5721 621 5773 Nam
674 5723 719 5775 si
763 5723 987 5778 creandi
1036 5724 1176 5778 ratio
1207 5722 1393 5777 doceri
1435 5732 1640 5792 potest,
1697 5735 1947 5793 caveant,
1997 5743 2069 5784 ne

491 5811 661 5864 Deum
693 5812 858 5866 etiam
887 5814 1062 5883 ipsum
1097 5829 1210 5871 non
1239 5822 1458 5880 natura,
1505 5814 1601 5870 sed
1633 5814 1879 5872 doctrina
1933 5834 2063 5877 nro-

2177 3229 2328 3284 ἄλλοι
2383 3234 2765 3306 ἐϐδομήκοντα
2797 3239 3115 3307 Πνεύματος
3149 3242 3553 3318 ἐπληρώθησαν
3589 3251 3780 3319 ἁγίου.

2178 3323 2285 3375 Καὶ
2322 3324 2561 3397 Μωῦσῆν
2602 3330 2878 3394 διεδέξατο
2918 3332 3126 3403 Ἰησοῦς
3161 3336 3189 3389 6
3214 3335 3410 3407 Ναυῆ.
3450 3341 3703 3398 κάκεῖνον
3724 3350 3777 3400 oi

2176 3417 2382 3485 κριταὶ,
2416 3421 2703 3484 κάκείνους
2734 3422 2832 3493 οὐχ
2861 3419 2962 3489 εἷς,
3008 3424 3145 3479 ἀλλὰ
3202 3428 3448 3485 πλεῖστοι
3505 3432 3765 3503 βασιλεῖς.

2176 3508 2351 3579 Εἴπερ
2378 3505 2471 3564 οῦν
2503 3514 2715 3584 κτίσμα
2753 3508 2844 3586 ἦν,
2886 3517 2980 3570 καὶ
3008 3516 3117 3571 τῶν
3152 3518 3399 3591 γενητῶν
3429 3527 3457 3580 6
3493 3526 3630 3591 Υἱὸς,
3653 3527 3765 3582 ἔδει

2175 3602 2405 3667 πολλοὺς
2429 3600 2571 3658 εἶναι
2590 3606 2875 3670 ποτοὺτους
2900 3608 3084 3676 Υίοῦς,
3106 3610 3193 3665 ἵνα
3225 3613 3320 3667 καὶ
3343 3614 3575 3681 πολλοὺς
3596 3619 3769 3672 τοιού-

2173 3710 2299 3758 τνυς
2330 3696 2611 3762 διακόνους
2640 3699 2738 3771 ἔχῃ
2759 3701 2787 3753 6
2815 3700 2971 3767 Θεὸς,
3000 3702 3255 3776 καθάπερ
3288 3710 3382 3760 καὶ
3422 3709 3653 3765 ἐπὶτῶν
3678 3713 3782 3766 ἄλ·-
3872 3729 3876 3733 ‘

2173 3784 2281 3840 λων
2312 3787 2514 3859 πλῆθός
2544 3791 2712 3845 ἔστιν.
2750 3792 2809 3845 Ei
2841 3792 2897 3845 δὲ
2927 3792 3089 3849 τοῦτο
3138 3797 3239 3850 οὐκ
3272 3797 3423 3852 ἐστιν
3457 3799 3608 3869 ἰδεῖν,
3635 3802 3784 3859 ἀλλὰ

2171 3877 2240 3932 τὰ
2273 3880 2372 3949 μὲν
2423 3882 2699 3952 κτίσματα
2726 3884 2921 3947 πολλὰ,
2975 3889 3001 3939 ό
3028 3887 3084 3940 δὲ
3114 3889 3287 3956 Λόγος
3319 3886 3399 3956 εἷς
3433 3894 3568 3957 ἐστι,
3597 3896 3683 3960 τίς
3715 3899 3781 3950 οὗ

2175 3973 2378 4044 συνορᾷ
2409 3972 2501 4027 καί
2520 3977 2585 4029 ὲκ
2616 3976 2845 4044 τούτων,
2875 3979 2957 4032 ὅτι
2987 3982 3014 4032 ὁ
3052 3980 3178 4044 Υίδς
3209 3963 3466 4055 διέστηκε
3500 3984 3610 4041 τῶν
3632 3990 3783 4063 ξάν-

2173 4082 2300 4131 των,
2334 4066 2428 4121 καὶ
2447 4068 2507 4121 οὐ
2561 4069 2700 4137 πρὸς
2750 4071 2818 4124 τὰ
2882 4073 3164 4142 κτίσματα
3213 4074 3311 4147 τὴν
3343 4076 3597 4142 ὲξίσωσιν
3625 4078 3774 4150 ἔχει,

2173 4157 2310 4211 ἀλλὰ
2356 4159 2494 4228 πρὸς
2543 4164 2634 4213 τὸν
2670 4161 2894 4231 Πατέρα
2946 4163 3046 4235 τὴν
3105 4166 3380 4237 ίδιότητα;
3422 4168 3584 4225 Ὅθεν
3648 4173 3779 4228 οὐδὲ

2173 4249 2360 4301 πολλοὶ
2399 4251 2584 4317 Λόγοι,
2634 4252 2771 4307 ἀλλὰ
2802 4254 2965 4324 μόνος
3008 4251 3090 4320 εἷς
3124 4256 3219 4310 τοῦ
3253 4259 3373 4322 ὲνδς
3407 4260 3624 4334 [ἰατρὸς
3663 4265 3780 4319 Λό-

2171 4356 2289 4407 γος,
2322 4342 2417 4394 καὶ
2447 4342 2543 4412 μία
2575 4342 2668 4397 τοῦ
2700 4344 2835 4397 Θεοῦ
2875 4344 3038 4400 εἰκών
3063 4348 3232 4402 ἐστιν.
3280 4344 3425 4403 Ἀλλ’
3452 4352 3584 4420 ίδοὺ,
3612 4357 3776 4426 φησὶ,

2174 4435 2270 4488 καὶ
2292 4435 2320 4486 6
2354 4435 2503 4506 ἥλιος
2541 4436 2701 4505 μόνος
2738 4432 2840 4502 εἷς,
2869 4438 3025 4511 καὶὴ
3061 4440 3134 4510 γῆ
3166 4441 3285 4502 μία.
3312 4440 3422 4496 Καὶ
3447 4445 3496 4497 oi
3531 4447 3777 4516 ἄφρονες

2176 4527 2511 4589 εἰπάτωσαν,
2539 4527 2623 4581 ὅτι
2653 4528 2752 4581 καὶ⁴
2781 4527 2926 4600 ὕδωρ
2960 4531 3041 4595 ἓν,
3080 4534 3172 4585 καὶ
3204 4533 3318 4605 πῦρ
3367 4533 3446 4603 ἓν,
3485 4536 3573 4590 ἵνα
3604 4539 3781 4593 ἀκού-

2178 4635 2345 4672 σωσιν
2367 4619 2448 4672 δτι
2477 4618 2587 4672 τῶν
2622 4624 2934 4689 γενομένων
2966 4623 3202 4680 ἕκαστον
3250 4624 3309 4679 ἓν
3350 4627 3452 4698 μέν
3480 4630 3598 4683 ἐστι
3626 4633 3779 4686 κατὰ

2172 4712 2270 4780 τὴν
2303 4709 2441 4763 ἰδίαν
2477 4711 2667 4765 οὐσίαν
2688 4751 2705 4774 ,
2744 4713 2882 4781 πρὸς
2918 4714 2977 4767 δὲ
3032 4716 3133 4786 τὴν
3160 4720 3616 4793 έγχειριζομένην
3643 4724 3774 4778 δια-

2171 4806 2358 4859 κονίαν
2407 4806 2504 4859 καὶ
2529 4805 2874 4876 λειτουργίαν
2907 4808 3009 4863 οὐκ
3064 4809 3212 4865 ἐστιν
3240 4813 3428 4869 ἱκανὸν
3459 4817 3555 4870 καὶ
3603 4818 3781 4888 μόνον

2172 4900 2484 4969 αὐτάρκως,
2520 4898 2636 4954 ἀλλ’
2660 4901 2896 4954 ἕκαστον
2946 4903 3057 4957 τῶν
3084 4905 3417 4977 γενομένων,
3452 4908 3647 4980 ὥσπερ
3672 4913 3780 4967 ἀλ-

2170 4988 2372 5060 λήλων,
2398 4988 2530 5043 ὄντα
2576 4990 2710 5063 μέλη
2767 4992 3158 5071 ἒνςκαθάπερ
3193 4995 3355 5065 σῶμα
3380 5037 3396 5063 ,
3437 4996 3530 5051 τὸν
3557 4999 3779 5071 κόσμον

2169 5081 2549 5140 ἀποτελοῦσιν.
2584 5083 2646 5138 Εἰ
2670 5085 2850 5139 τοίνυν
2874 5069 3023 5141 ὀὕτω
3046 5088 3140 5140 καὶ
3164 5088 3258 5142 τὸν
3287 5089 3415 5143 Υιὸν
3446 5069 3779 5162 ὑπολαμδά-

2172 5192 2354 5227 νουσιν
2384 5168 2545 5241 εἶναι,
2579 5174 2964 5247 βαλλέσθωσαν
3016 5180 3168 5250 παρὰ
3204 5181 3442 5245 πάντων,
3483 5186 3654 5255 μέρος
3691 5184 3778 5239 εἷ·-

2171 5284 2259 5319 ναι
2295 5266 2606 5335 νομίζοντες
2657 5270 2766 5322 τῶν
2800 5271 3022 5324 πάντων
3073 5272 3166 5325 τὸν
3212 5273 3409 5342 Λόγον,
3464 5277 3555 5330 καὶ
3595 5277 3776 5349 μέρος

2170 5359 2265 5429 οὐχ
2296 5359 2482 5413 ἱκανὸν
2509 5361 2640 5415 ἄνευ
2676 5362 2785 5416 τῶν
2812 5363 2989 5416 ἄλλων
3015 5364 3155 5434 πρὸς
3186 5364 3286 5434 τὴν
3321 5367 3773 5438 ὲγχειρισθεῖσαν
3854 5372 3859 5379 ’

2172 5448 2321 5519 αὐτῷ
2355 5451 2724 5522 λειτουργίαν.
2758 5444 2911 5504 Είδὲ
2960 5452 3120 5506 τοῦτο
3150 5455 3215 5508 ἐκ
3243 5456 3479 5526 φανεροῦ
3504 5457 3773 5523 δυσσεϐές

2172 5543 2339 5607 ἐστιν,
2399 5544 2816 5612 ἑπιγνὼτωσαν,
2869 5545 2950 5598 ὅτι
3001 5545 3079 5616 μὴ
3124 5546 3231 5600 τῶν
3282 5550 3527 5618 γενητῶν
3558 5553 3705 5604 ἐστιν
3738 5555 3771 5606 6

2131 5635 2145 5647 ‘
2178 5634 2366 5702 Λόγος,
2403 5635 2512 5687 τῶν
2544 5634 2601 5688 δὲ
2636 5636 2884 5707 γενητῶν
2932 5637 3290 5710 δημιουργός.
3356 5640 3499 5694 Ἀλλ’
3532 5642 3771 5712 εἰρήκα-

2174 5742 2283 5793 σιν,
2316 5728 2397 5780 ὃτι
2434 5725 2642 5798 κτίσμα
2673 5729 2812 5794 ἐστὶ,
2842 5728 3072 5785 καὶτῶν
3101 5732 3375 5802 γενητῶν,
3409 5732 3484 5799 ὡς
3516 5735 3571 5788 δὲ
3608 5737 3769 5807 παρᾶ

2170 5818 2500 5893 διδασκᾷλου
2552 5820 2645 5875 καὶ
2681 5820 2929 5892 τεχνίτου
2968 5823 3258 5897 μεμάθηκε
3290 5825 3349 5880 τὸ
3381 5826 3761 5898 δημιουργεῖν,
