4126 6416
420 357 515 424 381

1414 363 1784 425 PANOPLIA
1830 364 2289 428 DOGMATICA.
2330 394 2402 406 —
2442 371 2592 431 TIT.
2632 372 2736 431 Χί.

3579 374 3689 438 382

417 478 513 529 καὶ
541 473 718 536 οὓτως
751 474 1075 546 ὑπηρέτησε
1110 475 1187 545 τῷ
1241 473 1518 538 διδάξαντι
1556 477 1632 546 τῷ
1660 477 1802 548 θεῷ.
1826 475 1993 530 Ταῦτι

2125 487 2434 536 creatorem
2463 497 2584 537 esse
2614 483 2818 546 dicant,
2855 491 2914 537 ut
2942 483 3115 552 possit
3145 485 3308 540 etiam
3349 493 3522 540 artem
3551 487 3690 540 obli—

413 568 531 635 γὰρ
560 568 655 621 καὶ
690 567 974 637 Ἀστέριος
1002 568 1031 618 6
1066 569 1347 638 σοφιστής.
1377 567 1454 628 ὡς
1494 568 1682 636 μαθὼν
1716 569 2002 638 ἀρνεῖσθαι

411 659 509 710 τὸν
538 659 769 728 Κύριον,
801 659 1014 730 γράψαι
1042 661 1397 729 τετόλμηκεν,
1437 659 1500 714 οὐ
1535 660 1773 730 συνορῶν
1800 661 1898 728 τὴν
1939 661 2005 714 ὲκ

411 751 630 804 τούτων
661 749 911 817 ἀλογίαν.
959 752 1020 804 El
1050 751 1159 820 γὰρ
1196 751 1444 804 διδακτόν
1492 751 1696 804 ἔστιτὸ
1741 752 2005 821 δημιουρ-

408 845 557 912 γεῖν,
595 844 998 904 σκοπείτωσαν,
1052 845 1126 916 μή
1156 843 1249 897 καί¹
1277 843 1439 897 αὐτὸν
1469 844 1561 896 τὸν
1591 843 1726 898 Θεὸν
1765 843 1860 898 καὶ
1892 846 2003 897 Πα-

412 940 548 1006 τέρα
591 938 791 990 εἴπωσι
844 939 919 1006 μὴ
951 939 1133 1006 φύσει,
1181 937 1604 1008 ἁλλ’ὲπιστήμῃ
1662 937 2004 1007 δημιουργὸν

425 1026 575 1092 εἶναι,
633 1029 781 1082 ὥστε
816 1033 910 1084 καὶ
966 1031 1194 1084 δυνατὸν
1246 1029 1611 1099 μεταπίπτειν
1662 1029 1758 1082 ἀπ’
1809 1029 1998 1084 αὐτοῦ.

431 1123 682 1182 Ἔπειτα,
719 1123 768 1174 εί
803 1124 836 1192 ή
866 1124 1025 1190 σοφία
1055 1121 1149 1175 τοῦ
1183 1121 1320 1176 Θεοῦ
1368 1125 1430 1175 ὲκ
1458 1121 1804 1184 διδασκαλίας
1838 1123 2002 1190 ἐκτή-

422 1234 550 1270 σατο
581 1216 641 1268 τὸ
691 1215 1071 1285 δημιουργεῖν,
1105 1216 1225 1276 πῶς
1267 1215 1348 1268 ἔτι
1385 1215 1546 1282 σοφία
1601 1215 1720 1268 ἐστὶ
1767 1211 1999 1282 δεομένη

415 1306 799 1375 μαθημάτωνς
851 1307 916 1359 Τί
965 1307 1021 1358 δὲ
1055 1303 1124 1370 ἦν
1154 1307 1247 1360 καὶ
1277 1306 1385 1375 πρὸ
1416 1306 1510 1358 τοῦ
1544 1305 1777 1376 μαθείν;
1836 1305 2001 1372 σοφία

409 1397 526 1463 γὰρ
576 1392 782 1466 οὐλήν
823 1396 1119 1466 λειπομένη
1166 1395 1534 1458 διδασκαλίας.
1595 1395 1768 1447 Κενὸν
1811 1393 1918 1463 ἄρα
1945 1411 1998 1447 τι

411 1490 655 1556 πρᾶγμα
693 1483 783 1557 ἦν,
840 1491 935 1541 καί
967 1489 1068 1540 οὐκ
1102 1487 1251 1540 ἐστιν
1281 1484 1546 1555 οὐσιὼδης
1580 1484 1763 1554 σοφία,
1792 1485 1909 1538 ἀλλ’
1936 1486 2000 1538 ἐκ

412 1580 708 1647 πῳκοπῆς
733 1580 860 1646 ἔσχε
884 1578 942 1629 τὸ
972 1578 1142 1646 ὄνομα
1175 1577 1272 1644 τῆς
1309 1576 1519 1644 σοφίας.
1557 1576 1669 1629 Καὶ
1694 1576 1787 1629 ἐπὶ
1813 1575 2001 1629 τοσοῦ-

409 1688 506 1722 τον
535 1671 693 1722 ἔσται
731 1672 910 1737 σοφία,
967 1669 1072 1730 ἓως
1103 1668 1191 1728 ἂν,
1230 1669 1259 1719 δ
1286 1668 1600 1738 μεμάθηκε,
1634 1668 1895 1737 φυλάττῃ.
1933 1669 1998 1721 Ὅ

410 1767 526 1832 γὰρ
563 1750 638 1831 pi}
695 1762 855 1827 φύσει
892 1764 1017 1821 τινί,
1052 1761 1168 1819 ἀλλ’
1205 1761 1272 1812 ἐκ
1309 1759 1599 1828 μαθήσεως
1640 1761 1994 1827 προσγέγονε,

408 1854 643 1908 δυνατὸν
671 1857 764 1907 καὶ
786 1853 1093 1919 ἀπομαθεῖν
1123 1868 1276 1906 ποτε.
1313 1850 1554 1905 Τοιαῦτα
1573 1851 1630 1904 δὲ
1657 1850 1836 1918 λέγειν
1867 1852 1997 1921 περὶ

409 1949 505 2000 τοῦ
535 1948 713 2013 Λόγου
745 1947 838 1998 τοῦ
893 1945 1027 1998 Θεοῦ
1058 1947 1118 1998 οὐ
1168 1945 1531 2015 Χριστιανῶν,
1563 1945 1680 1997 ἀλλ’
1726 1945 1998 2015 Ἐλλήνων

408 2041 554 2094 ιστί.
589 2042 698 2094 Καὶ
729 2041 838 2109 γὰρ
854 2041 902 2091 εἰ
931 2041 992 2092 ὲκ
1025 2038 1379 2101 διδασκαλίας
1407 2039 1469 2091 τὸ
1503 2039 1860 2108 δημιουργεῖν
1887 2054 1996 2092 τινι

409 2132 793 2204 προσγίνεται,
852 2130 1046 2197 φθόνον
1097 2132 1190 2182 καί
1225 2129 1513 2184 ἀσθένειαν
1566 2130 1694 2198 περὶ
1722 2131 1815 2184 τὸν
1862 2129 1997 2182 Θεὸν

409 2226 736 2292 εἰσάγουσιν
764 2224 813 2275 οί
856 2224 1110 2290 ἄφρονεςο
1139 2221 1331 2290 φθόνον
1382 2221 1504 2290 μὲν,
1535 2221 1618 2274 ὅτι
1651 2223 1726 2290 μὴ
1767 2221 1996 2286 πολλοὺς

402 2319 771 2386 δημιουργεῖν
822 2315 1079 2380 ἐδίδαξεν,
1135 2313 1203 2366 ἵν’
1265 2313 1455 2382 ὥσπερ
1510 2314 1700 2366 πολλοὶ
1749 2313 1994 2380 ἄγγελοι,

404 2409 556 2461 οὕτω
593 2407 692 2459 καὶ
721 2405 910 2458 πολλοὶ
942 2404 1267 2472 δημιουργοί
1297 2403 1465 2458 αὑτοῦ
1513 2396 1647 2456 ὦσιν
1669 2419 1681 2430 ·
1708 2403 1996 2456 ἀσθένειαν

399 2502 480 2561 δὲ,
519 2500 610 2553 δτι
645 2499 722 2568 μὴ
757 2499 916 2566 μόνος
942 2497 1182 2565 ἠδυνήθη
1238 2496 1482 2565 ποιῆσαι,
1546 2491 1812 2562 συνεργοῦ
1847 2493 1924 2556 δὲ,
1961 2493 1994 2562 ή

401 2592 700 2663 ὑπουργοῦ
746 2590 938 2660 χρείαν
972 2589 1123 2658 ἔσχε,
1161 2589 1344 2643 καίτοι
1400 2587 1710 2656 δειχθείσης
1755 2587 1843 2638 καί
1894 2585 1996 2653 τῆς

397 2686 648 2754 γενητῆς
683 2683 920 2750 φύσεως,
955 2682 1188 2748 δυνατῆς
1236 2678 1402 2748 οὔσης
1433 2679 1680 2746 γίνεσθαι
1713 2679 1865 2746 παρὰ
1898 2677 1994 2746 μό-

395 2798 493 2833 νου
519 2777 622 2831 τοῦ
665 2776 829 2835 Θεοῦ,
860 2776 913 2828 ετ
940 2793 1002 2843 γε
1041 2776 1162 2826 κατ’
1186 2775 1385 2834 αὐτοὺς
1426 2777 1454 2826 6
1499 2774 1622 2836 Υίὸς
1667 2775 1891 2841 γενητὸς
1919 2772 1998 2825 ὢν

391 2869 651 2940 ἠδυνήθη
708 2868 858 2937 παρὰ
908 2869 1073 2935 μόνου
1112 2867 1206 2918 τοῦ
1237 2867 1378 2918 Θεοῦ
1411 2866 1686 2934 γενέσθαι.
1721 2865 1862 2919 Ἀλλ’
1905 2867 1995 2917 οὺ-

389 2967 548 3027 «Ἐξ-,τός
574 2963 766 3017 ὲστινό
793 2961 924 3020 Θεὸς
948 2960 1152 3027 ἐνδεὴς,
1180 2959 1254 3029 μὴ
1278 2961 1510 3026 γένοιτο.
1535 2959 1702 3020 Αὐτὸς
1726 2954 1993 3026 γὰρεῖπε,

391 3059 652 3125 11.1ἠρης
670 3056 812 3122 εἰμί.
833 3055 968 3107 Οὐδὲ
989 3055 1052 3105 ὲκ
1075 3051 1426 3114 διδασκαλίας
1447 3052 1578 3119 γέγο
1590 3069 1638 3104 δε
1660 3051 1992 3120 δημιουργὸς

2111 572 2264 628 visci.
2293 571 2562 628 Praeterea
2599 572 2644 628 si
2675 574 2942 642 sapientia
2995 573 3086 628 Dei
3123 575 3387 630 discendo
3438 588 3685 632 assecuta

2108 674 2211 728 est,
2251 674 2306 718 ut
2340 676 2670 734 procrearet,
2697 665 2975 734 quomodo
3004 666 3274 735 sapientia
3303 677 3409 732 est.
3442 683 3566 722 cum
3601 669 3688 722 in-

2110 755 2294 824 digeat
2322 757 2608 826 disciplina
2639 757 2662 810 ?
2690 757 2831 821 Quid
2865 772 3030 826 porro
3067 765 3185 810 erat
3215 769 3343 812 ante
3373 775 3534 825 quam
3570 761 3685 815 dis-

2103 845 2298 900 ceret?
2333 846 2610 916 Sapientia
2645 847 2790 900 enim
2819 845 2926 899 dici
2960 860 3070 898 non
3096 854 3329 914 poterat.
3359 862 3485 899 cum
3514 847 3688 902 scien-

2105 938 2185 1024 tia
2213 947 2274 994 et
2295 941 2490 1010 peritia
2525 948 2766 996 vacaret.
2801 939 2988 993 Inanis
3019 955 3150 1010 ergo
3183 955 3268 994 res
3291 948 3430 1002 erat,
3459 956 3561 995 nec
3597 957 3687 996 ve-

2102 1045 2166 1085 re
2200 1033 2494 1100 sapientia.
2527 1035 2621 1088 sed
2669 1047 2960 1102 progressu
3008 1031 3126 1100 ipso
3156 1031 3440 1100 sapientim
3473 1047 3678 1086 nomen

2103 1125 2406 1180 obtinebat.
2467 1126 2534 1180 Et
2581 1125 2770 1178 tandiu
2822 1125 2927 1178 erit
2965 1123 3252 1193 sapientia,
3305 1124 3547 1193 quandiu
3603 1123 3680 1188 id,

2103 1217 2251 1286 quod
2281 1215 2493 1276 didicit.
2530 1215 2898 1270 conservabit.
2949 1214 3102 1278 Quod
3147 1215 3293 1268 enim
3335 1230 3443 1268 non
3486 1223 3684 1269 natura

2104 1307 2328 1361 insitum
2351 1315 2454 1365 est.
2489 1306 2584 1361 sed
2614 1306 2862 1361 doctrina
2893 1317 3130 1375 partum.
3152 1306 3362 1361 dedisci
3391 1305 3683 1374 aliquando

2102 1408 2306 1469 potest.
2345 1398 2466 1452 Haec
2492 1408 2676 1452 autem
2709 1399 2777 1452 de
2820 1399 2911 1452 Dei
2944 1398 3122 1452 Verbo
3177 1397 3383 1459 dicere,
3418 1413 3526 1450 non
3559 1413 3682 1460 pro-

2100 1491 2245 1546 fecto
2282 1491 2746 1554 Christianorum,
2777 1491 2873 1544 sed
2919 1490 3202 1559 gentilium
3234 1499 3337 1544 est.
3388 1489 3602 1542 Etenim
3635 1489 3679 1543 si

2100 1581 2336 1637 facultas
2357 1582 2579 1637 creandi
2603 1582 2850 1636 doctrina
2871 1579 3174 1649 comparari
3199 1589 3386 1650 queat,
3415 1580 3678 1634 invidiam

2098 1672 2187 1727 vel
2245 1672 2414 1727 etiam
2475 1654 2904 1726 imbecillitatem
2957 1673 3122 1724 stulte
3166 1670 3222 1724 in
3285 1671 3454 1724 Deum
3514 1671 3672 1726 indu-

2100 1773 2270 1819 cunt:
2313 1763 2574 1818 invidiam
2615 1761 2858 1831 quidem.
2891 1761 3016 1828 quia
3060 1776 3168 1814 non
3194 1760 3398 1815 multos
3434 1760 3684 1815 docuerit

2100 1855 2320 1910 creandi
2352 1863 2552 1916 artem,
2583 1862 2644 1906 ut
2673 1851 3132 1921 quemadmodum
3165 1851 3320 1904 multi
3356 1851 3498 1905 circa
3532 1853 3680 1905 illum

2098 1955 2228 2002 sunt
2280 1945 2591 2016 archangeli
2647 1954 2703 1998 et
2762 1944 2962 2013 angeli,
3033 1942 3106 1997 ita
3177 1952 3232 1997 et
3275 1943 3428 1997 multi
3493 1955 3682 1996 essent

2097 2045 2378 2091 creatures
2411 2053 2424 2089 :
2463 2034 2890 2089 imbecillitatem
2925 2048 3075 2092 vero.
3109 2033 3235 2102 quia
3264 2049 3368 2086 non
3402 2033 3550 2086 solus
3593 2048 3682 2086 res

2099 2128 2336 2197 potuerit
2364 2127 2565 2190 facere,
2619 2127 2715 2180 sed
2749 2126 3001 2193 adiutore
3059 2135 3116 2179 et
3155 2124 3479 2179 administro
3541 2141 3678 2190 opus

2097 2217 2349 2271 habuerit
2393 2234 2407 2269 :
2462 2231 2772 2285 quanquam
2804 2214 3000 2268 lactant
3053 2223 3306 2267 naturam
3354 2231 3380 2265 ο
3426 2213 3541 2266 solo
3571 2214 3680 2266 Deo

2097 2309 2213 2363 fieri
2249 2325 2409 2378 posse
2443 2318 2727 2363 ostensum
2750 2308 2859 2376 jam
2888 2316 2992 2370 est,
3024 2305 3467 2375 quandoquidem
3510 2304 3680 2358 Filius

2096 2401 2213 2472 qui,
2250 2410 2308 2454 ut
2341 2408 2560 2468 putant.
2597 2410 2680 2452 est
2715 2398 2916 2460 factus.
2960 2413 2987 2450 a
3036 2396 3149 2450 Deo
3175 2397 3292 2450 solo
3332 2397 3507 2464 potuit
3539 2395 3676 2449 lii-ri.

2095 2493 2296 2550 Verum
2329 2493 2474 2546 nulla
2505 2507 2561 2546 re
2581 2501 2726 2545 certe
2759 2506 2897 2559 opus
2931 2491 3095 2542 habet
3127 2490 3269 2543 Deus
3304 2506 3316 2540 :
3355 2488 3516 2542 absit.
3551 2487 3674 2556 Ipse

2094 2585 2241 2640 enim
2293 2582 2470 2638 dixit:
2511 2581 2705 2634 Plenus
2733 2596 2851 2633 sunt
2875 2581 2945 2633 ⁸⁸..
2975 2578 3085 2634 Nec
3120 2579 3245 2632 item
3295 2578 3530 2631 \‘crbum
3567 2578 3679 2630 dis-

2094 2677 2268 2730 cendo
2314 2675 2492 2727 tactus
2539 2681 2625 2726 est
2667 2681 2934 2727 creator:
2991 2671 3084 2724 sed
3129 2685 3250 2723 cum
3299 2671 3367 2722 sit
3404 2670 3578 2738 imago
3625 2677 3681 2722 et

2095 2766 2362 2834 sapientia
2406 2765 2600 2828 Patris,
2653 2779 2714 2817 ea
2765 2779 2885 2832 qua:
2923 2772 3052 2815 sunt
3100 2761 3276 2815 Patris
3317 2761 3503 2814 etlicit.
3567 2759 3677 2814 Nec

2094 2859 2256 2912 etiam
2287 2857 2481 2912 Filium
2505 2855 2732 2915 creavit,
2762 2871 2944 2931 rerum
2967 2854 3228 2907 factarum
3257 2854 3668 2907 efﬁciendarum

2093 2966 2257 3002 causa
2275 2967 2287 3002 :
2308 2964 2542 3018 namque
2560 2947 2807 3016 quamvis
2831 2948 3059 2999 exsistat
3079 2943 3456 3022 Filium-Pater
3481 2944 3677 2996 nihili»-

2093 3043 2276 3095 minus
2297 3042 2428 3111 agit,
2454 3052 2512 3094 ut
2541 3041 2654 3109 ipse
2689 3039 2948 3092 Dominus
2968 3038 3052 3091 his
3081 3036 3258 3090 verbis
3291 3037 3484 3089 docet:
3519 3035 3681 3088 Pater

391 3159 418 3208 6
441 3153 652 3226 Λόγος,
689 3149 806 3202 ἀλλ’
834 3146 998 3200 είκὼν
1022 3147 1116 3200 καὶ
1152 3147 1314 3214 σοφία
1341 3144 1417 3196 ὢν
1446 3144 1542 3198 τοῦ
1573 3146 1779 3214 Πατρὸς
1806 3147 1874 3200 τὰ
1897 3145 1988 3198 τοῦ
2017 3154 2062 3212 c
2094 3149 2240 3186 ⁷⁷⁸⁸⁸⁸³
2271 3148 2430 3202 υεθκθ
2471 3132 2620 3184 "md"
2651 3139 2924 3198 ορεναίανο
2992 3138 3045 3226 εξ
3087 3145 3176 3196 εῡο
3220 3128 3461 3194 ⁰Ρε²’⁰ν¹ο
3521 3127 3678 3190 ρυυά

388 3243 618 3313 ila-apo;
662 3241 982 3309 ἐργάζεται.
1035 3238 1169 3291 οὐδὲ
1217 3238 1318 3305 τῆς
1351 3235 1460 3289 τῶν
1513 3237 1760 3306 γενητῶν
1807 3237 1993 3289 ἕνεκεν

387 3335 671 3402 ἐττασίας
703 3333 797 3384 τὸν
824 3332 952 3382 Υἱὸν
976 3329 1299 3395 πεποίηκεν.
1347 3329 1479 3403 Ἰδοὺ
1504 3330 1613 3398 γὰρ
1636 3328 1836 3382 καὶτοῦ
1863 3329 1992 3382 Υίοῦ

392 3430 578 3492 autne,
627 3423 800 3477 πάλιν
827 3421 1198 3492 ἐργαζόμενός
1227 3424 1378 3474 ἐστιν
1401 3422 1428 3472 6
1463 3419 1672 3488 Πατὴρ,
1707 3420 1784 3482 ὡς
1832 3419 1992 3482 αὐτὸς

396 3523 430 3572 6
457 3517 667 3588 Κῦριός
692 3533 862 3584 φησιν
887 3535 898 3546 ο
929 3514 990 3566 '0
1011 3513 1210 3580 Πατήρ
1231 3531 1350 3581 μου
1377 3514 1489 3578 ἕως
1519 3513 1648 3579 ᾶμτι
1667 3511 1990 3580 ἐργάζεται,

413 3609 582 3678 κάγὼ
605 3609 934 3678 ἐργάζομαι.
964 3610 1024 3660 Et
1057 3609 1113 3660 δὲ
1139 3607 1262 3662 καθ’
1288 3607 1436 3676 ὑμᾶς
1467 3608 1553 3659 διὰ
1582 3605 1743 3659 τοῦτο
1765 3610 1992 3674 γέγονεν

425 3706 458 3756 6
481 3703 626 3766 Τίὸς,
653 3703 729 3755 tu
757 3705 828 3756 τὰ
872 3700 989 3770 μετ’
1011 3701 1176 3754 αὑτὸν
1205 3700 1532 3770 ἐργάσηται,
1577 3699 1837 3766 φαίνεται
1867 3699 1926 3750 δὲ
1963 3701 1992 3752 6

420 3796 608 3868 Πατὴρ
633 3799 721 3850 καὶ
753 3800 896 3864 μετὰ
924 3795 1018 3846 τὸν
1050 3794 1175 3846 mw
1197 3791 1588 3862 ἐργαζόμενος,
1617 3791 1849 3860 περιττὴ
1867 3791 1991 3844 καθ’

409 3891 558 3957 ὑμᾶς
588 3891 731 3941 κατὰ
759 3887 922 3940 τοῦτο
949 3889 982 3957 ἠ
1014 3868 1106 3937 τοῦ
1134 3885 1382 3938 τοιούτου
1423 3883 1551 3937 Υἰοῦ
1583 3885 1826 3952 ποίησις.
1861 3882 1991 3935 Ἀλ-

399 3979 512 4041 λως
543 3996 600 4030 τε
635 3977 783 4031 διατί
820 3977 958 4036 ὅλως
992 3975 1164 4029 θέλων
1206 3975 1395 4028 κτίσαι
1425 3973 1584 4044 ζητεῖ
1607 3973 1700 4026 τὸν
1736 3978 1985 4043 μεσίτην,

395 4072 474 4134 ὡς
500 4071 606 4123 οὐκ
649 4069 949 4138 ἀρκοῦντος
981 4067 1078 4120 τοῦ
1124 4066 1472 4136 βουλήματος
1511 4066 1678 4118 αὑτοῦ
1714 4067 1990 4136 συστῆσαι

396 4162 534 4231 περὶ
558 4155 635 4214 ὧν
665 4160 731 4213 ἂν
762 4159 912 4227 αὐτῷ
937 4159 1120 4223 δοκεί;
1151 4159 1260 4212 Καὶ
1296 4157 1396 4226 μὲν
1416 4159 1472 4211 αί
1497 4159 1714 4228 Γραφαὶ
1743 4158 1986 4228 λέγουσι,

394 4253 612 4306 Πάντα
667 4252 788 4304 ὅσα
818 4251 1127 4318 ἠθέλησεν
1149 4250 1429 4316 ἐποίησε,
1465 4251 1581 4311 καὶ,
1631 4248 1716 4314 Τῷ
1750 4251 1989 4319 βουλή-

388 4363 541 4416 ματι
571 4343 766 4398 αὑτοῦ
791 4345 882 4408 τίς
899 4343 1314 4409 (tradantur;
1347 4342 1405 4393 Ei
1439 4342 1496 4394 δὲ
1513 4344 1607 4394 καὶ
1645 4343 1706 4394 τὸ
1742 4342 1989 4412 βούλημα

399 4440 575 4508 μόνον
605 4437 796 4488 ίκανόν
825 4437 975 4488 ἐστιν
1005 4432 1173 4486 αὑτοῦ
1205 4433 1340 4503 πρὸς
1365 4432 1464 4502 τήν
1497 4433 1607 4486 τῶν
1641 4434 1860 4486 πάντων
1891 4435 1987 4502 δηο

397 4530 712 4600 μουργίαν,
745 4527 976 4599 περιττή
1011 4527 1178 4581 πάλιν
1210 4525 1334 4578 καθ’
1367 4527 1516 4595 ὑμᾶς
1549 4527 1582 4596 ή
1617 4524 1714 4577 τοῦ
1762 4527 1986 4594 μεσίτου

396 4624 591 4692 χρεία.
629 4620 744 4673 Καὶ
773 4621 883 4690 γὰρ
942 4619 1042 4672 καὶ
1080 4619 1142 4670 τὸ
1181 4619 1539 4688 παράδειγμα
1602 4617 1664 4669 τὸ
1711 4619 1846 4687 περὶ
1893 4617 1988 4670 τοῦ

394 4713 717 4775 Μωῦσέως,
753 4711 964 4765 καὶτοῦ
1002 4709 1180 4781 ἡλίου,
1252 4713 1348 4763 καί
1386 4710 1490 4778 τῆς
1551 4710 1785 4778 σελήνης
1833 4711 1991 4780 ὑμῶν

395 4804 682 4856 δέδεικται
713 4804 932 4872 σαθρόν.
962 4805 1199 4857 Κάκείνο
1227 4803 1392 4856 πάλιν
1440 4802 1590 4870 ὑμᾶς
1621 4802 1887 4874 ἐντρίψει.
1926 4803 1990 4857 Ei

399 4896 586 4948 θέλων
617 4897 644 4948 6
671 4894 804 4957 Θεὸς
833 4895 933 4965 τὴν
963 4895 1203 4965 γενητὴν
1242 4895 1428 4947 κτίσαι
1487 4892 1672 4962 φύσιν,
1723 4897 1822 4947 καὶ
1859 4895 1990 4964 περὶ

398 4987 620 5056 ταύτης
645 4986 1083 5056 βουλευσάμενος
1109 4991 1354 5054 ἐπινοεῖ,
1395 4993 1492 5044 καὶ
1519 4993 1696 5056 κτίζει
1727 4994 1822 5046 τὸν
1862 4993 1993 5047 Υίὸν

403 5076 540 5130 καθ’
567 5077 736 5144 ὑμᾶς,
765 5078 852 5131 ἵνα
907 5078 976 5130 δι’
1000 5079 1167 5132 αὑτοῦ
1219 5081 1366 5150 ἡμᾶς
1403 5081 1794 5155 δημιουργήσῃ
1815 5101 1828 5114 ο
1863 5101 1991 5137 σκο-

399 5172 570 5221 πεῖτε
634 5171 812 5241 πόσην
867 5170 1126 5224 ἀσέϐειαν
1186 5172 1525 5242 φθέγγεσθαι
1580 5177 1979 5246 τετολμήκατε.

404 5262 640 5334 Πρῶτον
683 5262 806 5332 μὲν,
843 5264 926 5316 ὅτι
963 5263 1210 5332 φαίνεται
1255 5263 1462 5334 μᾶλλον
1500 5264 1663 5329 αὐτὸς
1697 5269 1726 5319 6
1751 5268 1878 5331 Υίὸς
1915 5268 1986 5322 δι’

404 5356 558 5425 ἡμᾶς
584 5353 848 5424 γεγονὼς,
885 5355 982 5407 καὶ
1018 5355 1116 5424 οὐχ
1157 5359 1321 5426 ήμεῖς
1367 5356 1438 5409 δι’
1465 5356 1651 5410 αὐτόν.
1678 5356 1754 5411 Οὐ
1785 5359 1892 5428 γὰρ
1919 5358 1988 5412 δι’

404 5446 570 5498 αὑτὸν
596 5445 957 5514 ικτίσθημεν,
1019 5445 1135 5498 ἀλλ’
1197 5446 1359 5506 αὐτὸς
1391 5445 1459 5498 δι’
1494 5448 1642 5517 ἡμᾶς
1665 5451 1987 5517 πεποίηται,

404 5535 547 5589 ὥστε
570 5538 734 5608 χάριν
765 5533 937 5588 αὑτὸν
965 5535 1096 5604 ἡμῖν
1126 5537 1328 5606 μᾶλλον
1355 5537 1523 5607 ἔχειν.
1579 5539 1676 5592 καί
1725 5538 1801 5608 μὴ
1827 5540 1983 5610 ἡμᾶς

399 5631 570 5704 αὐτῷ,
611 5629 769 5686 ὥσπε
779 5645 815 5697 ρ
849 5626 948 5677 καί
976 5629 1160 5698 ήγυνὴ
1179 5630 1257 5699 τῷ
1275 5628 1452 5700 ἀνδρί.
1474 5632 1557 5686 Οὐ
1582 5635 1692 5701 γὰρ
1712 5631 1987 5701 ἐκτίσθη,

455 5778 476 5810 ⁸
505 5776 668 5836 19.10.
716 5790 774 5835 ν,
813 5768 906 5820 17.
983 5768 1001 5798 ¹
1035 5767 1172 5824 Ρελι.
1198 5786 1347 5832 ωιτη,
1381 5769 1434 5823 5.
1513 5769 1533 5800 ³
1559 5767 1579 5822 ι
1609 5767 1735 5822 Cor.
1769 5783 1842 5834 XI,
1880 5769 1965 5826 Η.

2097 3223 2165 3286 εἰ,
2198 3233 2255 3277 ιιι
2301 3224 2527 3292 putatis,
2581 3223 2786 3276 idcirco
2818 3222 2991 3274 Filius
3022 3219 3196 3273 factus
3228 3229 3330 3282 est,
3375 3228 3434 3272 ut
3463 3234 3523 3272 ea
3558 3233 3677 3286 quae

2099 3325 2221 3383 post
2282 3316 2432 3370 illum
2486 3317 2777 3375 exsistunt,
2830 3314 3192 3378 produceret,
3234 3321 3286 3365 et
3341 3312 3458 3380 ipse
3495 3322 3676 3364 tamen

2097 3407 2254 3462 Pater
2305 3419 2426 3477 post
2462 3408 2670 3462 editum
2725 3407 2917 3460 Filium
2959 3418 3217 3475 operatur
3277 3423 3291 3459 :
3335 3420 3676 3474 supervacua

2095 3517 2226 3555 sane
2277 3511 2362 3555 est
2395 3501 2706 3568 huiusmodi
2765 3499 2886 3553 Filii
2941 3500 3270 3566 procucalio.
3348 3502 3672 3566 Quanquam

2095 3606 2218 3646 cum
2268 3593 2426 3646 vellet
2469 3608 2558 3645 res
2609 3606 2922 3660 procreare.
2979 3606 3078 3643 cur
3129 3591 3294 3642 medii
3349 3590 3676 3656 cujusquam

2095 3698 2319 3751 cperam
2355 3683 2672 3752 exquisivit.
2705 3698 2830 3734 cum
2866 3683 2985 3749 ejus
3022 3683 3296 3743 voluntas.
3336 3681 3402 3732 ad
3430 3695 3513 3740 ea.
3555 3695 3678 3747 quae

2095 3774 2168 3826 illi
2198 3773 2434 3840 placent,
2467 3773 2800 3826 conﬁcienda
2825 3773 2954 3824 satis
2983 3771 3099 3824 sit?
3140 3770 3226 3823 Sic
3251 3771 3400 3830 enim
3431 3770 3679 3836 Scriptu-

2097 3879 2170 3916 rae
2203 3871 2473 3916 testantur
2504 3862 2588 3915 bis
2627 3863 2806 3916 verbis
2840 3878 2854 3913 :
2891 3860 3104 3924 Omnia,
3131 3876 3453 3929 quaecunque
3487 3860 3672 3923 voluit,

2092 3957 2293 4024 fecit’.
2347 3965 2424 4020 ει,
2498 3954 2766 4010 Voluntati
2819 3953 2932 4020 ejus
2979 3955 3092 4021 quis
3134 3953 3374 4007 restitit?
3421 3949 3579 4016 Quod
3627 3949 3674 4005 si

2092 4049 2343 4102 voluntas
2380 4048 2501 4116 ejus
2537 4049 2673 4100 satis
2703 4055 2786 4099 est
2813 4047 2878 4098 ad
2914 4060 3097 4099 rerum
3130 4045 3377 4097 omnium
3420 4057 3676 4112 procrea-

2095 4140 2326 4202 tionem,
2361 4153 2425 4192 ex
2455 4136 2730 4190 sententia
2767 4135 3012 4204 ipsorum
3046 4135 3273 4188 alterius
3306 4149 3468 4200 opera
3505 4131 3664 4185 medii

2091 4244 2492 4300 supervacanea
2514 4238 2613 4284 est.
2631 4227 2762 4281 Nam
2786 4227 2967 4289 Musis.
2984 4227 3202 4290 etsolis,
3235 4236 3289 4280 et
3321 4227 3462 4278 luna:
3487 4239 3685 4278 exeat--

2092 4324 2264 4393 plum,
2301 4322 2448 4390 quod
2505 4319 2768 4381 aderunt.
2821 4318 3022 4372 nullius
3050 4334 3169 4372 esse
3197 4315 3459 4371 momenti
3493 4314 3680 4369 decla-

2094 4425 2270 4468 ratum
2295 4422 2399 4468 est.
2435 4412 2575 4476 lam,
2608 4420 2666 4465 ut
2701 4411 2802 4465 hoc
2827 4411 2990 4465 etiam
3023 4421 3347 4480 argumento
3379 4408 3673 4462 confuten-

2022 4499 2064 4551 Β
2095 4515 2203 4569 tur,
2237 4505 2283 4558 si
2305 4503 2447 4558 Deus
2481 4503 2669 4556 volens
2698 4518 2878 4556 rerum
2912 4501 3324 4555 universitatem
3363 4512 3674 4567 procreare.

2095 4598 2270 4665 deque
2303 4612 2366 4652 ea
2419 4612 2478 4651 re
2513 4595 2803 4649 consulens
2853 4593 3119 4662 excogitat
3159 4601 3214 4644 et
3263 4598 3414 4641 creat
3449 4587 3676 4652 Filium,

2089 4698 2149 4742 ut
2197 4687 2298 4756 ipsi
2357 4686 2566 4750 dicunt,
2602 4683 2820 4737 videant
2878 4692 3137 4750 quantam
3190 4680 3523 4749 impietatem
3562 4696 3671 4733 au-

2087 4781 2252 4835 deant
2307 4777 2684 4849 pronuntiare.
2763 4774 3003 4827 Primum
3065 4773 3282 4826 videtur
3334 4772 3450 4841 ipse
3500 4771 3678 4833 Filius

2087 4882 2314 4944 propter
2364 4886 2464 4924 nos
2497 4869 2672 4923 factus
2717 4883 2861 4930 esse,
2916 4883 3022 4920 non
3068 4879 3248 4919 autem
3299 4881 3400 4918 nos
3447 4878 3682 4936 promer

2092 4965 2266 5018 illum.
2301 4964 2424 5018 Non
2449 4962 2594 5016 enim
2624 4976 2724 5013 nos
2761 4967 2982 5028 propter
3022 4958 3199 5026 ipsum
3242 4957 3412 5011 creati
3445 4973 3659 5022 sumus,

2087 5045 2184 5111 sed
2220 5057 2336 5126 ipse
2368 5064 2588 5124 pr0pter
2625 5067 2722 5106 nos
2746 5051 2922 5106 factus
2949 5060 3053 5113 est.
3086 5060 3142 5104 ut
3169 5050 3326 5104 nobis
3361 5052 3541 5120 potius
3571 5053 3668 5106 ille-

2088 5148 2322 5218 gratiam
2371 5129 2591 5209 debeat,
2622 5159 2784 5212 quam
2846 5157 2946 5195 nos
2996 5140 3092 5205 illi,
3128 5141 3584 5210 quemadmodum
3615 5147 3672 5194 et

2088 5240 2284 5297 mulier
2303 5238 2438 5291 viro.
2475 5236 2595 5289 Non
2618 5237 2778 5298 enim,
2811 5234 3002 5302 inquit,
3033 5233 3114 5286 uir
3141 5243 3352 5302 propter
3373 5232 3664 5292 mulierem,

2084 5330 2174 5384 sed
2216 5329 2407 5382 mulier
2448 5336 2657 5394 propter
2699 5327 2870 5380 virum
2901 5324 2947 5378 ³.
3029 5323 3206 5388 Quare
3257 5323 3401 5376 sicut
3447 5321 3528 5373 vir
3584 5326 3667 5371 est

2091 5421 2270 5491 imago
2326 5429 2381 5474 et
2417 5419 2590 5490 gloria
2624 5417 2738 5479 Dei,
2776 5416 2972 5471 mulier
2998 5424 3180 5468 autem
3208 5422 3290 5466 cst
3336 5410 3507 5482 gloria
3538 5407 3663 5471 viri,

2088 5515 2161 5568 ita
2192 5530 2294 5569 nos
2348 5515 2530 5583 imago
2585 5511 2681 5566 Dei
2731 5519 2786 5564 et
2841 5508 3009 5579 gloria
3062 5507 3231 5576 ipsius
3277 5501 3402 5556 facti
3449 5513 3659 5560 sumus.

2093 5600 2269 5665 Filius
2299 5616 2480 5661 autem
2518 5604 2694 5674 imago
2723 5613 2930 5667 nostra,
2987 5610 3039 5655 et
3070 5599 3136 5652 ad
3169 5595 3390 5666 gloriam
3418 5603 3659 5648 nostram
