4058 6416
378 338 483 401 385

1334 334 1723 395 'PA'NOPLIA
1760 334 2229 398 DOGMATICA.
2267 360 2337 372 --
2374 336 2529 409 TlT.
2574 338 2682 399 XI.

3552 344 3667 403 2‘83

371 452 449 519 τῷ
493 447 707 517 (lupi;
742 446 839 499 καὶ
876 446 1112 516 γὰρκαὶ
1137 446 1203 496 ὀἶ
1253 443 1535 515 ἄνθρωποι
1567 446 1624 511 ἐξ
1656 445 1961 515 ἀνθρώπων

2080 458 2173 500 est
2196 447 2357 500 simul
2393 461 2516 501 esse
2545 463 2672 501 cum
2711 448 2909 504 Patre?
2939 450 3152 504 Etenim
3176 452 3267 505 lilii
3297 434 3411 520 post
3444 462 3666 524 tempus

376 543 526 616 μετὰ.
554 545 749 612 χρόνον
779 540 891 593 υίοὶ
920 540 1186 606 γίνονται.
1222 541 1331 590 Καὶ
1370 539 1397 589 6
1435 538 1533 606 μὲν
1560 540 1742 608 πατὴρ
1808 538 1967 607 τριά-

370 654 542 690 κοντα
566 634 731 705 τυχὸν
762 633 903 686 ἐτῶν
944 634 1113 697 ἐστιν,
1146 632 1173 683 6
1233 630 1289 682 δὲ
1352 628 1467 692 υίὸς
1500 629 1676 698 ἀρχὴν
1701 629 1813 698 ἔχει
1845 628 1966 680 τότε

372 730 688 799 γεννηθεὶς,
720 730 819 781 καὶ
843 727 982 789 ὅλως
1004 728 1114 787 πᾶς
1140 723 1253 786 υίὸς
1284 721 1575 792 ἀνθρώπου
1606 722 1706 774 οὐκ
1734 715 1803 791 ἦν
1830 720 1965 790 πρὶν

370 820 638 891 γεννηθῇ.
678 819 851 871 Πάλιν
888 818 945 870 δὲ
972 815 1351 886 ψιθυρίζουσι,
1387 813 1509 876 Πῶς
1543 814 1766 866 δύναται
1791 815 1817 864 6
1846 812 1969 875 Υἱὸς

373 915 551 982 Λόγος
577 910 759 978 sint;
792 912 878 983 ἥό
902 910 1074 977 Λόγος
1117 908 1281 963 εἰκὼν
1315 907 1407 962 τοῦ
1444 906 1614 972 Θεοῦ;
1658 905 1714 958 '0
1749 907 1857 975 γὰρ
1876 906 1970 956 ἀν-

379 1006 621 1078 Θρώπων
649 1004 810 1071 λόγος
840 1005 905 1056 ἐκ
931 1001 1210 1055 συλλαϐῶν
1240 999 1619 1068 συγκείμενος,
1647 996 1806 1065 μόνον
1824 995 1966 1063 ἐσή-

394 1115 523 1169 μανε
564 1096 628 1149 τὸ
665 1094 926 1165 βούλημα
983 1094 1075 1147 τοῦ
1131 1092 1484 1171 λαλήσαντος,
1519 1089 1612 1142 καὶ
1661 1087 1821 1147 εὐθὺς
1872 1087 1969 1137 πέ-

392 1205 589 1240 παυται
636 1189 732 1239 καὶ
802 1186 1119 1255 ἠφάνισται.
1182 1182 1410 1237 Ἐκεῖνοι
1463 1184 1561 1252 μὲν
1600 1175 1715 1243 οὖν,
1778 1176 1970 1247 ὥσπερ

382 1278 770 1347 ἐπιλαθόμενοι
795 1277 904 1331 τῶν
964 1275 1374 1345 προλεχθέντων
1427 1273 1545 1327 κατ’
1583 1270 1762 1325 αὐτῶν
1807 1270 1971 1339 ἐλέγ-

381 1389 520 1440 χων,
563 1372 730 1423 πάλιν
773 1367 1169 1434 διαλογίζονται
1211 1364 1460 1418 τοιαῦτα.
1493 1361 1556 1417 Ὀ
1610 1362 1665 1414 δὲ
1700 1361 1798 1430 τῆς
1831 1360 1967 1430 ἀλη-

383 1466 539 1524 Θείας
576 1462 735 1525 λόγος
800 1461 1019 1530 ἐλέγχει
1082 1459 1305 1520 τούτους
1346 1455 1518 1518 οὕτως
1550 1469 1565 1483 ⁸
1600 1455 1663 1508 El
1701 1454 1802 1524 μὲν
1840 1454 1970 1521 περὶ

383 1554 682 1624 ἀνθρώπου
713 1552 857 1615 τινὸς
919 1532 1254 1618 λογίζονται,
1286 1546 1649 1617 ἀνθρωπίνως
1717 1545 1815 1598 καὶ
1839 1544 1970 1613 περὶ

380 1646 476 1699 τοῦ
514 1648 677 1714 λόγου
708 1644 896 1709 αὑτοῦ,
930 1647 1022 1698 καὶ
1050 1643 1140 1696 τοῦ
1180 1642 1296 1695 υἱοῦ
1326 1639 1492 1694 αὑτοῦ
1541 1638 1970 1706 λογιζέσθωσαν.

380 1741 447 1793 Εἰ
476 1742 537 1794 δὲ
572 1741 701 1810 περὶ
722 1738 815 1792 τοῦ
849 1738 984 1791 Θεοῦ
1021 1736 1114 1791 τοῦ
1155 1737 1439 1800 κτίσαντος
1472 1736 1598 1799 τοὺς
1620 1734 1968 1805 ἀνθρώπους,

385 1832 593 1905 μηκέτι
633 1831 1029 1901 ἀνθρωπίνως,
1056 1831 1190 1884 ἀλλὰ
1222 1830 1399 1893 ἄλλως
1441 1830 1581 1901 ὑπὲρ
1609 1830 1711 1901 τὴν
1739 1830 1847 1883 τῶν
1874 1832 1970 1883 ἅν·

384 1928 625 1997 ῡρὼπων
665 1923 827 1992 φύσιν
846 1922 1289 1976 διανοείσθωσαν.
1337 1922 1551 1985 Ὀποῖος
1591 1922 1697 1991 γὰρ
1724 1922 1789 1974 ἂν
1832 1924 1916 1992 εἴη
1941 1923 1969 1974 6

381 2018 615 2086 γεννῶν,
648 2014 893 2068 τοιοῦτον
916 2016 1131 2085 ἀνάγκη
1168 2013 1342 2067 καὶτὸ
1370 2015 1617 2083 γέννημα
1648 2010 1811 2068 εἶναι.
1852 2014 1965 2068 Καὶ

379 2112 566 2170 ὁποῖος
599 2106 666 2160 ἂν
692 2108 778 2177 εἴη
805 2109 833 2159 6
859 2107 950 2159 τοῦ
996 2107 1154 2175 λόγου
1180 2107 1385 2178 πατὴρ,
1404 2107 1645 2168 τοιοῦτος
1675 2106 1740 2160 ἂν
1765 2108 1851 2175 εἴη
1875 2105 1969 2158 καὶ

378 2205 407 2255 ὁ
433 2201 598 2270 λόγος
644 2200 833 2254 αὑτοῦ,
875 2199 931 2252 ’0
962 2203 1059 2269 μὲν
1085 2199 1177 2252 οὖν
1209 2198 1496 2270 ἄνθρωπος
1524 2202 1580 2254 ἐν
1604 2200 1779 2270 χρόνῳ
1812 2200 1968 2267 γενό-

380 2311 571 2367 μενος,
606 2294 666 2344 ἐν
697 2293 875 2362 χρόνῳ
906 2294 999 2344 καὶ
1065 2292 1227 2355 αὐτὸς
1286 2293 1453 2361 γεννᾷ
1483 2292 1544 2344 τὸ
1590 2292 1804 2345 τέκνον.
1858 2291 1971 2344 Καὶ

379 2386 579 2455 ἐπειδὴ
602 2387 668 2438 ἐκ
698 2384 791 2436 τοῦ
826 2384 903 2453 μὴ
926 2383 1076 2445 ὄντος
1112 2383 1301 2451 γέγονε
1321 2423 1335 2447 ,
1384 2383 1474 2436 διὰ
1506 2382 1664 2436 τοῦτο
1688 2383 1781 2435 καὶ
1811 2384 1839 2437 6
1876 2381 1969 2433 λό·

378 2498 473 2550 γος
497 2477 674 2532 αὐτοῦ
706 2474 965 2537 παύεται,
998 2476 1091 2528 καὶ
1118 2476 1179 2528 οὐ
1212 2475 1386 2545 μένει.
1430 2475 1489 2528 '0
1523 2474 1580 2527 δέ
1612 2475 1746 2538 Θεὸς
1768 2474 1865 2544 οὐχ
1894 2473 1971 2537 ὡς

376 2568 674 2643 MM;
699 2570 815 2621 ἐστι
838 2584 852 2598 ·
882 2567 1040 2620 τοῦτο
1072 2567 1180 2638 γὰρ
1209 2562 1362 2620 εἶπεν
1392 2569 1426 2638 ἡ
1469 2567 1662 2638 Γραφή
1692 2583 1704 2596 ·
1748 2566 1863 2620 ἀλλ’
1894 2565 1971 2619 ὢν

373 2669 520 2731 ἐστι,
549 2662 755 2716 uide!
781 2663 919 2715 ἐστι.
944 2661 1043 2712 Διὰ
1068 2659 1230 2714 τοῦτο
1273 2660 1371 2712 καὶ
1420 2662 1447 2712 6
1497 2660 1670 2726 Λόγος
1701 2657 1867 2713 αὑτοῦ
1893 2657 1970 2711 ὢν

371 2755 522 2818 ἐστι,
558 2752 663 2807 καὶ
715 2751 904 2813 ὰῖδίως
950 2752 1067 2803 ἐστὶ
1101 2751 1239 2821 μετὰ
1263 2748 1359 2803 τοῦ
1414 2749 1654 2819 Πατρὸς,
1689 2748 1765 2813 ὡς
1797 2748 1978 2803 ἀπαύ-

369 2863 575 2916 γασμα
608 2844 812 2914 φωτός.
838 2844 953 2896 Καὶ
976 2844 1002 2895 6
1037 2842 1135 2911 μὲν
1199 2840 1309 2896 τῶν
1348 2841 1655 2911 ἀνθρώπων
1707 2841 1871 2910 λόγος
1909 2844 1973 2893 ἐκ

372 2932 674 2992 συλλαβῶν
696 2936 813 2985 ἐστι
847 2932 1228 3001 συγκείμενος,
1267 2930 1362 2984 καὶ
1421 2930 1547 2984 οὔτε
1612 2931 1701 3002 ζῇ,
1765 2931 1889 2984 οὔτε
1920 2948 1975 2983 τι

372 3029 622 3101 ἐνεργεῖ,
685 3024 824 3079 ἀλλὰ
854 3026 1015 3094 μόνον
1052 3024 1170 3076 ἐστὶ
1221 3024 1557 3093 σημαντικός
1614 3025 1713 3095 τῆς
1744 3022 1839 3076 τοῦ
1879 3025 1975 3077 λα·

372 3119 600 3181 λοῦντος
656 3116 924 3178 διανοίας,
990 3117 1084 3167 καὶ
1113 3114 1275 3184 μόνον
1325 3113 1539 3184 ἐξῆλθε,
1594 3118 1689 3169 καὶ
1720 3113 1965 3185 παρῆλθε

374 3214 584 3287 μηκέτι
608 3204 976 3279 φανούμενος,
1011 3206 1199 3276 ἐπειδὴ
1225 3206 1346 3259 οὐδὲ
1376 3202 1444 3277 ἦν
1467 3208 1604 3271 ὅλως
1639 3209 1769 3278 πρὶν
1804 3207 1973 3277 λαλη-

369 3308 564 3376 θῆναι.
592 3302 693 3355 Διὸ
718 3298 841 3353 οὔτε
875 3299 941 3367 ζῇ
964 3336 977 3361 ,
1006 3296 1129 3349 οὔτε
1151 3299 1388 3366 ἐνεργεῖ,
1413 3297 1537 3350 οὔτε
1571 3299 1707 3360 ὅλως
1757 3298 1973 3369 ἀνθρωο

367 3402 472 3463 πός
505 3400 665 3451 ἐστιν
708 3397 736 3446 6
760 3393 870 3446 τῶν
895 3392 1199 3460 ἀνθρώπων
1229 3392 1407 3459 λόγος.
1472 3392 1679 3462 Πάσχει
1710 3391 1765 3443 δὲ
1790 3391 1970 3455 τοῦτο,

370 3491 532 3546 καθὰ
557 3490 844 3560 προεῖπον,
880 3487 1069 3553 ἐπειδὴ
1096 3486 1190 3538 καὶ
1237 3487 1264 3538 6
1301 3485 1505 3554 γεννῶν
1533 3485 1721 3537 τοῦτον
1750 3483 1972 3552 ἄνθρωι

382 3599 494 3644 ποις
526 3584 596 3634 ἐκ
616 3581 710 3635 τοῦ
738 3580 822 3650 μὴ
847 3580 996 3641 ὄντος
1045 3578 1156 3647 ἔχει
1182 3578 1282 3648 τὴν
1316 3576 1500 3646 φύσιν.
1534 3578 1590 3629 Ὁ
1617 3576 1675 3629 δὲ
1706 3575 1799 3628 τοῦ
1836 3575 1972 3627 Θεοῦ

402 3676 602 3741 Λόγος,
627 3670 814 3744 061th;
858 3674 923 3727 ἂν
962 3690 1045 3735 τις
1073 3672 1240 3738 εἴποι,
1273 3675 1609 3741 προφορικός
1641 3672 1817 3733 ἐστιν,
1853 3669 1975 3721 οὐδὲ

402 3769 576 3838 ψόφος
592 3767 867 3837 ῥημάτων,
898 3766 1020 3818 οὐδὲ
1059 3766 1119 3817 τὸ
1150 3764 1456 3835 προστάξαι
1478 3764 1610 3815 Θεὸν
1645 3761 1803 3813 τοῦτό
1824 3764 1974 3812 ἐστιν

398 3863 545 3927 1’ἱὸ;,
581 3861 696 3913 ἀλλ’
717 3862 793 3923 ὡς
828 3861 966 3929 (prin,
1003 3860 1094 3909 καὶ
1125 3856 1469 3925 ἀπαύγασμα
1494 3856 1666 3917 οὕτως
1693 3856 1813 3906 ἐστὶ
1853 3857 1975 3920 γὲν-

382 3975 537 4028 νῃμα
554 3957 759 4007 τέλειον
788 3959 851 4006 ἐκ
877 3952 1107 4006 τελείου.
1126 3951 1216 4003 Διὸ
1247 3955 1339 4003 καὶ
1367 3950 1533 4004 είκὼν
1558 3950 1650 4001 τοῦ
1674 3948 1808 4001 Θεοῦ
1831 3951 1974 4013 ἐστι,

374 4056 474 4105 καὶ
509 4050 668 4114 Θεὸς.
695 4050 805 4103 Καὶ
826 4048 953 4109 Θεὸς
997 4046 1105 4116 γὰρ
1139 4040 1227 4117 ἦν,
1265 4045 1451 4115 φησιν,
1484 4045 1511 4096 ὁ
1544 4044 1715 4110 Λόγος
1739 4059 1753 4072 ·
1782 4042 1891 4094 Καὶ
1921 4042 1972 4094 οἱ

376 4146 483 4213 μὲν
514 4143 672 4211 λόγοι
705 4142 811 4193 τῶν
844 4139 1149 4209 ἁνῢρώπων
1176 4137 1329 4189 οὐδέν
1357 4138 1496 4189 εἰσιν
1540 4138 1619 4197 εἰς
1664 4137 1973 4206 ἐνέργειαν.

374 4239 469 4289 Διὸ
499 4238 601 4288 καὶ
643 4234 708 4285 οὐ
738 4232 1048 4299 διαλόγων,
1105 4229 1243 4281 ἀλλὰ
1296 4227 1383 4282 διὰ
1424 4226 1624 4296 χειρῶν
1690 4228 1978 4295 ἄνθρωπος

376 4329 716 4401 ἐργάζεται,
746 4327 829 4378 ὅτι
852 4318 1015 4377 αὗται
1043 4324 1141 4392 μὲν
1174 4321 1536 4392 ὑπάρχουσιν,
1577 4321 1604 4371 ὁ
1626 4320 1682 4371 δὲ
1704 4319 1858 4386 λόγος
1884 4319 1980 4369 αὺ-

374 4426 474 4478 τοῦ
501 4424 611 4491 οὐχ
641 4420 951 4486 ὑφίσταται.
1001 4416 1061 4470 ’0
1091 4416 1146 4468 δὲ
1183 4413 1275 4467 τοῦ
1309 4412 1446 4466 Θεοῦ
1494 4413 1687 4479 Λόγος,
1726 4411 1799 4475 ὡς
1826 4406 1981 4462 εἶπεν

2076 540 2330 594 homines
2362 555 2429 594 ex
2461 541 2776 596 hominibus
2814 543 2972 608 liunt;
3007 553 3061 596 et
3096 557 3242 607 cum,
3270 544 3422 596 verbi
3466 560 3660 608 causa,

2074 641 2231 701 pater
2289 631 2513 701 triginta
2576 649 2847 688 annorum
2891 644 2996 699 est,
3058 645 3189 689 tunc
3234 635 3377 687 [ilius
3445 639 3666 703 genitus

2074 724 2407 794 principium
2452 726 2636 792 habet;
2657 728 2952 797 nullusque
3011 731 3238 783 omnino
3263 732 3501 785 hominis
3528 733 3671 784 tilius

2038 873 2041 876 ,
2075 826 2192 870 erat
2224 830 2517 887 antequam
2556 821 2909 889 gigneretur?
2947 819 3297 891 Rursumque
3330 824 3572 893 garriunt
3601 824 3669 878 ad

2077 910 2223 963 hunc
2280 912 2502 965 modum
2535 929 2548 964 :
2580 913 2751 967 Filius
2786 914 3019 966 Verbum
3052 930 3170 967 esse
3203 955 3218 978 ,
3270 925 3365 969 aut
3424 916 3669 970 Verbum

2074 1002 2250 1071 imago
2309 1002 2438 1067 Dei,
2494 1010 2713 1072 quanio
2772 1008 2995 1058 verbum
3038 1008 3276 1061 hominis
3330 1024 3393 1061 ex
3448 1010 3670 1079 syllabis

2074 1103 2335 1147 constans
2391 1095 2567 1149 solum
2612 1097 2882 1165 loquentis
2914 1097 3300 1165 cogitationem
3336 1100 3567 1162 indicat,
3610 1110 3669 1154 et

2075 1184 2238 1239 simul
2305 1201 2371 1240 ac
2426 1188 2697 1256 prolatum
2744 1196 2844 1251 est,
2909 1188 3211 1257 dissipatur
3258 1197 3312 1243 et
3358 1190 3674 1244 evanescit?

2072 1276 2172 1331 Isti
2202 1278 2424 1347 quidem
2455 1294 2647 1333 earum
2677 1279 2971 1345 rationem,
2992 1280 3199 1348 quibus
3228 1290 3357 1334 ante
3388 1281 3668 1346 coniurati

2075 1377 2237 1430 sunt,
2299 1368 2476 1431 obliti,
2544 1370 2660 1423 haec
2708 1368 2912 1423 iterum
2960 1369 3213 1434 aﬂeruut,
3273 1372 3370 1426 sed
3425 1372 3670 1426 veritatis

2075 1460 2304 1514 verbum
2355 1474 2450 1513 eos
2475 1460 2671 1514 refellit
2703 1458 2808 1515 hoc
2841 1462 3003 1514 modo
3040 1477 3054 1515 :
3095 1462 3151 1515 Si
3175 1461 3241 1515 de
3265 1462 3489 1517 homine
3519 1478 3663 1531 quo-

2074 1552 2219 1622 piam
2246 1552 2546 1618 disserunt,
2576 1553 2816 1607 humano
2869 1569 3019 1607 more
3041 1554 3108 1607 de
3129 1555 3321 1616 verbo,
3346 1554 3525 1623 deque
3560 1554 3670 1607 lilio

2077 1645 2251 1714 ipsius
2295 1645 2613 1713 loquantur.
2677 1647 2776 1699 Sin
2803 1644 2871 1700 de
2931 1648 3064 1709 Deo,
3116 1650 3213 1715 qui
3246 1648 3502 1701 homines
3538 1662 3667 1716 pro-

2078 1738 2303 1803 creavit,
2357 1753 2469 1792 non
2532 1739 2794 1803 humana,
2836 1739 2929 1793 sed
2980 1739 3380 1795 excellentiore
3434 1740 3669 1809 quadam

2080 1831 2295 1885 ratione
2329 1829 2398 1885 de
2451 1830 2544 1885 illo
2585 1832 2845 1902 cogitent.
2897 1830 3084 1897 Qualis
3124 1832 3269 1886 enim
3318 1832 3533 1903 genitor
3562 1840 3669 1896 est,

2080 1925 2205 1978 talis
2231 1933 2316 1978 est
2349 1924 2513 1978 etiam
2565 1923 2656 1989 qui
2707 1923 2948 1994 gignitur
2978 1923 3311 1978 necessario.
3375 1925 3440 1977 Et
3493 1922 3674 1992 qualis

2079 2026 2165 2072 est
2219 2016 2372 2071 verbi
2427 2025 2621 2086 pater,
2673 2016 2780 2070 tale
2827 2017 3086 2071 nimirum
3120 2027 3211 2071 est
3247 2016 3469 2069 verbum
3525 2016 3671 2084 ejus.

2080 2111 2426 2180 Quapropter
2479 2110 2643 2163 homo
2699 2110 2752 2163 in
2812 2119 3057 2179 tempore
3127 2110 3363 2179 genitus,
3429 2109 3482 2162 in
3537 2116 3679 2163 tem-

2081 2218 2215 2273 pore
2264 2211 2319 2257 et
2383 2202 2500 2272 ipse
2559 2201 2730 2255 tilium
2795 2202 2987 2271 gignit.
3058 2201 3122 2255 Et
3177 2200 3439 2269 quoniam
3485 2216 3551 2254 ex
3589 2198 3675 2253 ni-

2083 2295 2197 2350 hilo
2228 2292 2406 2349 lactus
2430 2305 2512 2349 est
2541 2294 2728 2356 homo,
2788 2293 2993 2347 idcirco
3025 2294 3249 2365 verbum
3304 2293 3470 2347 etiam
3526 2291 3679 2345 illius

2078 2386 2134 2443 in
2187 2386 2419 2440 nihilum
2479 2384 2745 2454 redigitur
2810 2396 2866 2439 et
2922 2386 3203 2439 aboletur.
3273 2383 3415 2438 Deus
3465 2393 3673 2450 autem,

2083 2487 2146 2531 ut
2174 2475 2462 2545 Scriptura
2487 2484 2740 2537 testatur.
2767 2483 3000 2539 nonest,
3039 2477 3181 2529 sicut
3215 2474 3475 2529 homines
3517 2483 3670 2539 sunt,

2082 2569 2176 2624 sed
2204 2577 2287 2623 est
2314 2567 2423 2633 ille,
2456 2565 2549 2637 qui
2577 2576 2684 2633 est,
2716 2576 2773 2622 et
2803 2567 2893 2636 qui
2946 2580 3164 2635 semper
3184 2572 3269 2619 est
3298 2564 3339 2618 ⁸.
3386 2564 3575 2635 Itaque
3620 2572 3676 2621 et

2080 2659 2320 2716 Verbum
2346 2658 2472 2729 ejus
2504 2672 2633 2713 vero
2664 2666 2767 2724 est,
2794 2667 2850 2713 et
2880 2658 2949 2712 ab
2971 2657 3120 2711 omni
3183 2659 3491 2711 aeternitate
3546 2672 3675 2712 eum

2081 2752 2245 2808 Patre
2291 2763 2397 2818 est,
2433 2760 2691 2821 tanquam
2729 2750 2991 2820 splendor
3022 2749 3180 2804 lucis.
3198 2752 3376 2820 Atque
3395 2750 3677 2805 hominum

2081 2845 2305 2916 quidem
2348 2844 2576 2899 verbum
2616 2856 2691 2897 ex
2742 2841 2964 2912 syllabis
2998 2850 3235 2905 constat,
3283 2856 3463 2911 neque
3520 2840 3676 2904 vivit,

2082 2952 2264 3007 neque
2295 2936 2598 3006 quidquam
2624 2935 2761 3006 agit,
2793 2934 2888 2988 sed
2950 2942 3161 2988 tantum
3222 2934 3497 3003 loquentis
3554 2926 3684 2988 seni-

2086 3029 2315 3085 tentiam
2353 3027 2686 3098 explicat,et
2710 3027 2886 3081 solum
2946 3028 3080 3090 exit,
3144 3034 3201 3079 et
3262 3026 3524 3096 praeterit,
3580 3040 3682 3083 nec

1994 3143 2042 3206 ρ
2084 3121 2322 3191 amplius
2373 3129 2601 3190 apparet
2632 3135 2647 3172 :
2682 3120 2885 3189 quippe
2914 3120 3057 3187 quod
3102 3134 3207 3172 nec
3254 3128 3677 3187 eratantequam

2077 3216 2479 3270 enuntiaretur.
2540 3210 2717 3277 Quare
2747 3225 2849 3265 nec
2880 3210 3034 3274 vivit,
3070 3226 3169 3265 nec
3216 3212 3329 3280 agit
3361 3210 3679 3280 quidquam,

2080 3323 2184 3363 nec
2215 3306 2440 3362 omnino
2476 3304 2704 3360 verbum
2729 3302 2971 3357 hominis
3005 3303 3173 3357 homo
3195 3312 3299 3356 est.
3329 3304 3447 3356 Hoc
3496 3311 3679 3357 autem

2066 3396 2310 3463 'accidit,
2338 3406 2397 3452 ut
2434 3404 2561 3451 ante
2593 3395 2725 3457 dixi,
2756 3393 3013 3463 quouiam
3058 3403 3109 3448 et
3162 3394 3347 3458 homo,
3398 3394 3492 3464 qui
3556 3409 3680 3448 ver-

2078 3496 2207 3546 bum
2239 3491 2343 3545 boc
2368 3489 2529 3559 parit,
2562 3503 2627 3542 ex
2658 3486 2832 3541 nihilo
2856 3495 3107 3539 naturam
3134 3486 3321 3540 habet.
3342 3487 3410 3539 At
3436 3486 3525 3540 Dei
3548 3486 3684 3541 Ver-
3742 3509 3757 3516 -

2080 3584 2210 3637 bum
2238 3596 2371 3647 non,
2405 3581 2673 3649 utaliquis
2700 3581 2864 3642 dicat,
2883 3592 2979 3632 ore
3000 3577 3405 3646 pronuntiatur,
3435 3592 3537 3631 nec
3569 3578 3685 3634 edit

2082 3675 2230 3729 vocis
2254 3688 2472 3737 sonum,
2508 3686 2686 3741 neque
2721 3671 2865 3739 quod
2894 3669 3195 3724 mandatae
3232 3670 3477 3738 praecipit
3514 3670 3678 3732 Deus,

2083 3768 2136 3821 id
2189 3766 2357 3819 Filius
2390 3771 2492 3829 est,
2520 3763 2614 3817 sed
2644 3761 2718 3816 uti
2749 3762 2839 3816 lux
2867 3770 2920 3814 et
2945 3760 3220 3829 splendor,
3245 3764 3321 3814 sic
3350 3770 3430 3813 est
3455 3776 3683 3830 germen

2084 3863 2385 3929 perfectum
2433 3871 2501 3909 ex
2554 3854 2815 3924 perfecto.
2837 3854 3202 3918 Quamobrem
3236 3862 3292 3905 et
3323 3851 3464 3905 Deus
3500 3860 3603 3917 est,
3626 3860 3677 3907 et

2083 3934 2261 4019 imago
2288 3948 2400 4001 Dei.
2423 3946 2489 3999 Et
2516 3947 2651 3999 Deus
2674 3944 2840 4004 enim,
2866 3943 3064 4011 inquit,
3085 3955 3197 3996 erat
3228 3942 3468 3996 Verbum.
3489 3944 3565 3997 Ac
3585 3944 3679 3999 hoc

2085 4040 2527 4109 minumquidem
2558 4040 2723 4093 verba
2745 4054 2800 4091 re
2825 4038 2958 4090 nihil
2979 4047 3126 4090 sunt.
3150 4036 3536 4101 Quocircanon
3563 4051 3683 4089 ver-

2086 4135 2193 4199 bis,
2224 4134 2321 4187 St'd
2357 4132 2613 4186 manibus
2638 4143 2800 4201 agunt
2826 4131 3093 4183 homines.
3122 4133 3257 4195 Quia
3297 4146 3492 4183 manus
3531 4129 3682 4183 exsi-

2087 4234 2260 4297 stunt,
2293 4224 2459 4277 verba
2490 4232 2672 4275 autem
2696 4222 2829 4274 nihil
2869 4220 3073 4275 habent
3099 4220 3451 4273 ﬁrmamenti.
3484 4222 3553 4273 At
3584 4219 3679 4273 Dei

2094 4316 2351 4381 Verbum,
2402 4325 2460 4368 ut
2491 4313 2783 4382 Apostolus
2803 4312 2877 4364 ait
2904 4313 2945 4375 ',
3004 4313 3153 4377 vivit,
3184 4320 3238 4364 et
3266 4310 3452 4364 cllicax
3484 4319 3586 4374 est,
3625 4319 3683 4364 et

2092 4408 2486 4478 penetrabilius
2517 4407 2664 4459 omni
2694 4405 2869 4475 gladio
2906 4404 3156 4472 ancipiti,
3189 4412 3243 4457 et
3277 4404 3534 4471 pertingit
3591 4418 3684 4457 us-

374 4524 405 4571 6
440 4513 804 4577 ’Λπόστολος,
838 4512 947 4575 ζὼν
976 4512 1110 4571 ἐστι,
1148 4509 1241 4561 καὶ
1299 4506 1571 4577 ἐνεργὴς,
1611 4507 1703 4557 καὶ
1738 4504 1974 4573 τομώτε-

2089 4515 2198 4571 que
2238 4500 2303 4553 ad
2332 4498 2656 4552 divisionem
2691 4495 2862 4548 animi
2892 4504 2946 4547 et
2977 4494 3222 4562 spiritus.
3249 4494 3408 4547 Doce;
3429 4505 3484 4546 at
3510 4496 3683 4558 enim,

379 4628 478 4681 ρας
513 4610 664 4677 ὑπὲρ
696 4607 875 4656 πᾶσαν
912 4604 1188 4673 μάχαιραν
1249 4599 1526 4669 δίστομον,
1584 4598 1681 4650 καὶ
1742 4596 1980 4648 διικνού⁴

377 4720 556 4774 μενος
598 4701 729 4770 ἄχρι
764 4697 1031 4767 μερισμοῦ
1053 4694 1233 4765 ψυχῆς
1271 4693 1364 4746 καὶ
1405 4692 1687 4761 σώματος.
1723 4690 1981 4759 Ἔπρεπε

375 4804 525 4867 γὰρ,
549 4796 672 4856 ἑνὸς
696 4793 847 4856 ὄντος
880 4790 972 4843 τοῦ
991 4789 1152 4855 Θεοῦ,
1181 4789 1312 4857 μίαν
1340 4781 1483 4838 εἶναι
1520 4784 1615 4836 καὶ
1640 4782 1738 4851 τὴν
1768 4781 1979 4845 εἰκόνα,

377 4894 487 4945 καὶ
516 4890 622 4942 ’ἑνα
654 4887 747 4939 τὸν
772 4884 960 4938 τούτου
988 4885 1187 4950 Λόγον,
1217 4881 1311 4933 καὶ
1349 4880 1478 4948 μίαν
1507 4876 1604 4949 τὴν
1642 4875 1833 4929 τούτου
1898 4890 1987 4926 σο-

380 4988 554 5055 φξαν.
577 4981 671 5033 Διὸ
701 4980 793 5033 καὶ
820 4975 1089 5046 θαυμάζω
1126 4989 1266 5036 πως,
1326 4972 1443 5033 ἐνὸς
1479 4970 1633 5032 ὄντος
1660 4968 1753 5021 τοῦ
1818 4965 1982 5032 Θεοῦ,

376 5071 547 5132 οὗτοι
580 5074 724 5126 κατὰ
756 5071 851 5134 τὰς
893 5069 1026 5129 ἰδίας
1074 5064 1316 5126 ἐπινοίας
1367 5063 1570 5124 πολλὰς
1599 5062 1840 5125 εἰκόνας,
1883 5061 1985 5111 καὶ

380 5166 619 5233 σοφίας,
670 5162 765 5213 καὶ
789 5158 980 5226 λόγους
1005 5155 1329 5223 ἐπενόησαν.
1364 5152 1471 5203 Καὶ
1522 5151 1682 5204 ἄλλον
1711 5150 1809 5220 μὲν
1840 5144 1984 5202 εἶναι

379 5261 487 5311 τὸν
513 5255 647 5308 ἴδιον
678 5253 771 5304 καὶ
800 5250 961 5318 φύσει
1006 5245 1177 5313 Λόγον
1206 5242 1299 5296 τοῦ
1353 5242 1565 5311 Πατρός
1600 5240 1880 5309 λέγουσιν,
1924 5243 1983 5292 ἐν

380 5344 435 5420 ᾧ
474 5352 569 5403 καὶ
602 5350 695 5401 τὸν
737 5345 868 5398 ἴίον
916 5343 1215 5410 πεποίηκε’
1244 5322 1425 5391 τὸνδέ
1460 5334 1679 5403 ἀληθῶς
1713 5333 1840 5386 Υἱὸν
1866 5333 1987 5386 κατ’

385 5445 645 5497 ἐπίνοιαν
675 5434 936 5505 λέγεσθαι
959 5432 1151 5499 Λόγον,
1180 5431 1253 5493 ὡς
1285 5428 1551 5499 ἄμπελον,
1586 5429 1678 5479 καὶ
1709 5425 1853 5490 ὁδὸν,
1893 5425 1988 5477 καὶ

385 5536 595 5604 Θύραν,
623 5536 715 5587 καί
742 5529 907 5596 ξύλον
939 5524 1105 5593 ζωῆς.
1139 5524 1341 5591 Σοφίαν
1374 5539 1428 5576 τε
1474 5521 1703 5589 ὀνόματι
1726 5516 1990 5586 λέγεσθαι

387 5631 556 5684 αὐτόν
585 5646 777 5700 φασιν,
804 5621 984 5689 ἄλλην
1012 5636 1189 5686 μεντοι
1216 5614 1357 5670 εἶναι
1395 5617 1496 5686 τὴν
1550 5614 1686 5668 ίδῖαν
1725 5612 1820 5666 καὶ
1848 5611 1986 5680 ἀλη-

459 5776 477 5807 ¹
502 5779 578 5833 La
622 5780 675 5832 Δ.
718 5789 811 5836 ιιι,
848 5763 937 5818 Η.
1025 5759 1041 5787 ²
1068 5759 1228 5815 llebr.
1263 5776 1333 5826 tv,
1368 5758 1455 5812 1‘2.

2091 4602 2153 4646 ut
2180 4607 2303 4647 cum
2352 4598 2493 4642 unus
2537 4596 2683 4641 esset
2720 4587 2884 4651 Deus,
2923 4602 3029 4637 una
3062 4586 3189 4637 item
3227 4596 3376 4638 esset
3400 4586 3684 4655 imagth-

2097 4686 2235 4751 sius,
2271 4694 2326 4737 et
2365 4682 2599 4735 Verbum
2636 4694 2828 4741 unum,
2863 4688 2916 4731 et
2949 4692 3052 4729 una
3091 4677 3382 4745 sapientia.
3413 4677 3686 4742 Quamob-

2091 4794 2207 4833 rem
2258 4782 2446 4839 miror,
2491 4790 2589 4829 cur
2622 4772 2732 4837 isti,
2766 4786 2891 4825 cum
2929 4786 3071 4825 unus
3105 4772 3178 4823 sit
3209 4769 3375 4835 Deus,
3405 4772 3685 4841 opinionis

2091 4886 2277 4927 errore
2313 4868 2510 4922 multas
2536 4865 2640 4920 sibi
2673 4864 2958 4933 imagines,
2986 4874 3042 4919 et
3068 4863 3383 4933 sapientias,
3419 4876 3474 4918 et
3518 4867 3687 4921 verba

2094 4960 2480 5020 conﬁnxerint.
2511 4961 2687 5025 Atque
2716 4956 2863 5010 aliud
2899 4957 3120 5024 quidem
3158 4957 3467 5027 proprium,
3499 4968 3556 5011 et
3588 4974 3688 5011 na-

2098 5066 2219 5113 tura
2275 5054 2516 5109 Verbum
2553 5050 2750 5113 Patris,
2798 5065 2907 5118 quo
2944 5050 3137 5104 Filium
3175 5051 3338 5105 etiam
3378 5050 3528 5114 fecit,
3564 5064 3688 5105 esse

2094 5149 2305 5204 dicunt.
2367 5145 2502 5197 Nam
2553 5156 2683 5195 vere
2718 5139 2917 5194 Filium
2968 5143 3226 5211 opinione
3274 5142 3381 5196 dici
3422 5142 3693 5203 Verbum,

2096 5244 2240 5297 sicut
2291 5240 2453 5292 etiam
2494 5237 2640 5302 vitis,
2673 5246 2727 5290 et
2760 5236 2845 5289 via
2881 5236 3099 5297 dicitur,
3131 5248 3186 5288 et
3221 5234 3445 5295 ostium,
3481 5233 3686 5300 lignum

2097 5332 2247 5397 vitae,
2284 5340 2340 5385 et
2395 5331 2663 5399 sapientia
2700 5330 2923 5383 nemine
2982 5328 3271 5381 duntaxat.
3302 5323 3477 5376 Aliam
3538 5318 3687 5372 enim

2093 5441 2214 5483 esse
2248 5440 2429 5479 veram
2465 5424 2612 5478 illam
2640 5422 2817 5478 Patris
2846 5421 3192 5491 sapientiam.
3217 5434 3335 5487 qua:
3364 5427 3470 5467 non
3502 5409 3687 5481 genita

2095 5532 2221 5573 cum
2252 5518 2371 5586 ipso
2395 5515 2666 5578 consistit,
2689 5530 2794 5583 qua
2815 5512 3009 5567 Filium
3036 5512 3323 5567 t‘eciteum,
3350 5516 3511 5570 quem
3539 5496 3686 5569 quod

2092 5609 2238 5665 illius
2268 5618 2415 5663 esset
2445 5605 2729 5677 sapientiae
2790 5604 3087 5675 particeps,
3132 5598 3458 5669 sapientiam
3492 5589 3680 5646 nomi-
