4058 6408
437 325 542 388 387

1670 307 1772 371 ΕΙ]
1787 302 2064 370 ΙΗΧἮΙΙ
2103 309 2470 370 ZlGABENI

3617 325 3728 393 388

437 441 611 496 nevit.
643 437 771 492 Haec
804 435 882 492 illi
914 435 1042 490 dum
1076 431 1469 499 obloquuntur,
1507 441 1691 481 nonne
1717 427 1868 481 omni
1897 426 2015 501 odic

2135 425 2290 497 θινὴν
2319 427 2516 495 σοφίαν
2539 425 2633 481 τοῦ
2674 428 2914 501 Πατρδς,
2936 432 3039 502 τὴν
3070 433 3386 507 ἀγεννήτως
3433 444 3724 511 συνυπάρ-

437 547 570 589 sunt
598 533 742 603 digni
763 529 858 584 ?Si
879 529 1047 607 enim,
1071 535 1127 579 ut
1150 525 1250 593 ipsi
1278 529 1622 592 putant,non
1652 519 1779 588 quia
1803 520 2032 607 genitus

437 638 569 684 esta
591 627 768 686 Patre,
786 641 886 678 nec
928 603 1154 697 propter
1181 638 1437 681 essentia:
1461 619 1825 676 aeternitatem
1854 615 2032 688 Fiiius

438 733 545 784 est,
592 724 685 777 sed
729 724 1077 791 propteril'a.
1123 736 1243 790 qua:
1281 716 1541 787 loquendi
1588 714 1852 770 facultate
1884 728 2028 782 pra:—

437 816 548 870 dita
592 826 720 868 sunt
771 813 1006 868 Verbum
1031 822 1211 877 esl,et
1260 823 1481 882 propter
1522 810 1612 864 illa
1651 823 1772 876 qua:
1807 807 2028 877 sapien-

436 917 510 960 tia
544 916 673 961 sunt
711 920 926 970 ornata,
959 908 1228 976 sapientia
1261 905 1484 966 dicitur,
1515 915 1572 958 ut
1616 903 1793 956 virtus
1827 903 1897 955 ob
1934 901 2024 954 illa

435 984 556 1066 qua:
580 998 834 1053 virtutem
861 999 1064 1052 habent
1089 1017 1102 1050 :
1131 998 1301 1052 Filius
1329 997 1456 1051 item
1491 1003 1716 1050 vocatus
1743 1005 1822 1048 est
1856 1009 2023 1063 prop-

434 1099 517 1146 ter
550 1106 668 1155 nos,
703 1091 792 1160 qui
843 1107 872 1144 a
909 1106 966 1144 se
1000 1091 1095 1144 ﬁlii
1132 1089 1258 1144 facti
1314 1103 1527 1148 sumus.
1577 1098 1633 1143 et
1674 1095 1900 1156 propter
1935 1089 2024 1142 illa

432 1183 685 1247 fortasse,
739 1199 862 1253 quae
895 1192 1046 1243 sunt.
1084 1184 1270 1246 habet,
1311 1192 1369 1238 ut
1418 1184 1510 1237 sit.
1549 1183 1689 1249 Quid
1738 1183 1899 1254 igitur
1921 1183 2026 1238 erit

429 1275 595 1345 ipse?
628 1292 808 1344 neque
867 1277 1014 1330 enim
1046 1286 1130 1331 est
1183 1277 1377 1331 horum
1414 1276 1735 1346 quidquam,
1791 1285 1848 1330 et
1908 1277 2024 1331 haec

429 1379 560 1422 sunt
593 1369 863 1423 duntaxat
904 1370 1074 1438 ipsius
1106 1369 1350 1432 nomina,
1383 1370 1585 1439 quibus
1654 1380 1882 1439 propter
1921 1384 2022 1424 nos

428 1459 721 1512 decoratus
751 1468 856 1521 est,
888 1473 1012 1512 cum
1047 1460 1345 1514 exsistendi
1381 1462 1620 1529 Speciem
1673 1469 1886 1514 tantum
1923 1461 2022 1513 ha-

428 1547 576 1602 heat.
651 1549 852 1604 Verum
913 1551 1017 1604 ista
1095 1551 1362 1606 diabolica
1419 1561 1545 1616 est,
1606 1552 1691 1605 vel
1783 1552 2022 1607 deterior

421 1641 594 1695 etiam
651 1643 933 1710 cogitatio.
993 1645 1276 1711 Siquidem
1326 1644 1563 1698 Verbum
1623 1644 1718 1698 Dei
1789 1648 2017 1700 nomine

427 1745 646 1791 tantum
717 1737 1019 1806 epinantur
1052 1753 1195 1797 esse,
1228 1755 1352 1792 cum
1401 1754 1460 1794 se
1497 1735 1598 1809 ipsi
1635 1755 1764 1794 vere
1828 1750 2021 1810 putent

418 1829 714 1882 exsistere.
736 1829 866 1894 Quae
905 1846 1067 1898 porro
1097 1831 1386 1885 verborum
1452 1841 1698 1902 portenta
1735 1844 1862 1887 sunt
1890 1835 2014 1900 ista,

426 1929 490 1974 ut
525 1922 850 1990 sapientiam
898 1924 1086 1978 dicant
1121 1925 1285 1978 simul
1331 1941 1451 1984 esse
1493 1941 1618 1980 eum
1661 1927 1842 1993 Patre,
1876 1929 2018 1984 hanc

425 2019 609 2064 autem
642 2012 922 2068 Christum
959 2031 1080 2069 esse
1114 2027 1334 2087 negent,
1385 2019 1480 2072 sed
1513 2036 1636 2072 cum
1677 2021 1861 2075 multae
1907 2023 2019 2077 sint

420 2103 682 2168 virtutes,
732 2115 785 2160 et
865 2108 1134 2177 sapientia
1183 2120 1422 2175 creatae,
1479 2111 1762 2166 Christum
1826 2129 2016 2169 earum

428 2211 601 2250 unam
649 2210 899 2252 asseram
957 2217 1100 2266 esse,
1175 2217 1416 2270 eumque
1488 2220 1611 2257 cum
1685 2207 1909 2261 brut-his
1963 2217 2021 2263 et

422 2291 655 2347 locustis
711 2296 1071 2362 comparent?
1120 2295 1298 2359 Quid?
1353 2311 1540 2350 nonne
1625 2299 1788 2366 plane
1855 2301 2014 2365 vafri,

421 2392 788 2448 veteratores,
847 2387 1220 2456 malitiosique
1276 2397 1406 2443 sunt
1454 2390 1545 2459 qui
1602 2392 1893 2446 audientes
1914 2410 2017 2449 nos

421 2477 624 2544 dicere,
664 2481 900 2534 Verbum
951 2482 1112 2536 simul
1143 2499 1262 2537 esse
1305 2499 1427 2538 eum
1467 2485 1646 2550 Patre,
1679 2490 2016 2544 calumnian-

423 2580 532 2634 tur,
569 2583 646 2638 et,
678 2573 794 2625 Duo
823 2589 972 2641 ergo,
999 2576 1272 2643 inquiunt,
1295 2593 1404 2630 non
1436 2581 1614 2647 genita
1645 2584 2018 2638 consumitis?

419 2665 490 2715 At
537 2664 636 2731 ipsi
670 2664 921 2718 dicentes
965 2667 1134 2736 ipsius
1177 2671 1499 2734 sapientiam
1537 2687 1644 2724 non
1710 2691 1831 2728 esse
1862 2679 2018 2744 geni-

422 2768 532 2806 tam
565 2770 674 2807 non
702 2755 1152 2812 animadvertunt
1206 2759 1346 2811 idem
1374 2764 1822 2830 reprehensionis
1852 2770 2014 2822 telum

418 2854 610 2896 contra
668 2861 728 2899 se
786 2861 944 2914 posse
985 2853 1312 2919 retorqueri.
1380 2853 1594 2909 Etenim
1654 2859 1844 2915 isthtec
1899 2862 2019 2930 ipsa

424 2949 616 2987 eorum
653 2935 842 3004 opinio
874 2951 1057 2992 nonne
1087 2941 1250 3008 plane
1299 2943 1465 2998 stulta
1501 2952 1607 3009 es‘,
1669 2949 1796 3003 dum
1827 2953 2017 3008 dicunt

421 3041 532 3079 non
557 3030 790 3095 genitam
823 3033 1146 3099 sapientiam
1181 3036 1339 3090 simul
1365 3040 1718 3097 exsistcntem
1751 3062 1878 3102 cum
1909 3049 2018 3105 Deo

2133 535 2337 586 χουσαν
2363 521 2532 589 αὐτῷ,
2565 517 2678 596 ὲνῇ
2714 525 2810 576 καὶ
2843 525 2934 578 τὸν
2997 527 3127 580 Υίδν
3191 532 3428 601 ποιήσας
3460 533 3724 604 ὠνόμασε

2131 610 2272 662 κατὰ
2307 612 2602 680 μετουσίαν
2633 617 2851 684 ἐκείνης
2887 623 3085 686 σοφίαν
3113 621 3301 677 αὐτόν.
3335 625 3508 680 Τοῦτο
3538 629 3596 680 δὲ
3623 633 3723 682 καὶ

2134 703 2294 770 μόνον
2330 703 2722 775 φθεγξάμενοι,
2784 710 2901 774 πῶς
2945 712 3046 765 οῦκ
3095 714 3239 780 ἄξιοι
3266 718 3469 780 παντὸς
3523 721 3725 788 μίσους

2130 796 2307 862 εἰσίν;
2339 799 2399 851 Εἰ
2420 799 2548 870 γὰρ,
2581 801 2655 864 ὡς
2682 803 2836 855 αὐτοὶ
2861 803 3200 873 νομίζουσιν,
3267 810 3329 862 οὐ
3360 810 3451 864 διὰ
3509 813 3610 884 τὴν
3649 817 3722 868 ὲκ.

2131 889 2344 959 Harpe;
2405 893 2666 963 γέννησιν
2724 897 2820 948 καὶ
2876 897 2938 949 τὸ
2990 899 3163 953 ἀΐδιον
3229 905 3332 972 τῆς
3359 903 3549 968 οὐσίας
3587 908 3722 971 Υἱός

2128 982 2299 1045 ἐστιν,
2327 982 2462 1035 ἀλλὰ
2488 985 2576 1037 διὰ
2605 989 2672 1039 τὰ
2697 987 2890 1056 λογικᾶ
2919 992 3116 1059 Λόγος,
3146 995 3242 1046 καὶ
3275 996 3365 1049 διὰ
3391 998 3460 1051 τὰ
3490 1001 3722 1069 σοφιζόο

2129 1092 2272 1143 μενα
2299 1079 2482 1144 σοφίσ,
2517 1083 2613 1133 καὶ
2653 1082 2742 1134 διὰ
2776 1085 2842 1136 τὰ
2874 1085 3267 1156 δυναμούμενα
3296 1092 3530 1162 δύναμις
3560 1097 3724 1164 λέγε-

2126 1186 2240 1232 ται,
2276 1171 2494 1236 πάντως
2528 1191 2632 1227 που
2663 1179 2760 1229 καὶ
2791 1176 2880 1230 διὰ
2904 1180 3031 1244 τοὺς
3065 1183 3197 1254 παρ’
3229 1185 3402 1238 αὐτοῦ
3436 1189 3720 1244 υίοποιου-

2129 1264 2324 1331 μένους
2355 1264 2484 1328 Υἱὸς
2521 1267 2750 1339 ἐκλήθη,
2788 1273 2882 1323 καὶ¹
2915 1273 3057 1344 τάχα
3080 1275 3167 1328 διὰ
3207 1277 3276 1329 τὰ
3303 1277 3435 1331 ὄντα
3470 1281 3583 1351 ἔχει
3617 1286 3720 1337 καὶ

2124 1356 2185 1408 τὸ
2207 1351 2370 1414 εἶναι.
2405 1359 2470 1410 Τί
2491 1359 2584 1413 οῦν
2623 1363 2734 1432 ἄρα
2756 1365 2945 1418 λοιπόν
2971 1369 3123 1422 ἐστιν
3153 1370 3351 1439 αὐτός;
3393 1374 3562 1428 Οὐδὲν
3601 1377 3720 1446 γὰρ

2127 1446 2196 1500 ἂν
2226 1449 2309 1520 εἴη
2347 1455 2554 1506 τούτων
2588 1454 2772 1521 αὐτὸς,
2813 1459 2862 1509 εί
2896 1458 3140 1529 ὀνόματα
3175 1464 3337 1532 μόνον
3361 1467 3513 1520 ἐστὶν
3542 1469 3717 1523 αὐτοῦ

2125 1541 2324 1604 ταῦτα,
2365 1544 2460 1596 καὶ
2491 1545 2654 1612 μόνον
2685 1547 2777 1600 τοῦ
2804 1546 2943 1602 εἶναι
2977 1555 3284 1620 φαντασίαν
3313 1558 3426 1628 ἔχει
3450 1541 3710 1629 δι’ἡμᾶς,

2123 1632 2220 1685 καὶ
2268 1636 2384 1698 τοῖς
2437 1637 2668 1706 ὀνόμασι
2724 1641 2940 1706 τούτοις
2997 1646 3505 1720 καλλωπιζόμενος.
3544 1654 3712 1709 Ἀλλὰ

2126 1725 2288 1780 τοῦτο
2317 1728 2603 1810 διαϐολικῂ
2633 1733 2837 1801 μᾶλλόν
2881 1739 3032 1791 ἐστιν
3070 1740 3322 1806 ἀπόνοια,
3347 1744 3492 1814 τάχα
3521 1745 3579 1800 δὲ
3616 1751 3717 1802 καὶ

2129 1817 2336 1881 πλεῖον,
2373 1822 2455 1876 ὅτι
2485 1806 2686 1888 αὐτοὺς
2729 1829 2828 1896 μὲν
2863 1829 3083 1900 άληθῶς
3128 1806 3710 1902 ὑφεστάναίνϐέλουσι,

2125 1913 2219 1964 τὸν
2249 1913 2306 1966 δὲ
2369 1917 2468 1969 τοῦ
2502 1918 2641 1972 Θεοῦ
2670 1922 2847 1989 Λόγον
2879 1923 3106 1993 ὀνόματι
3167 1928 3330 1996 μόνον
3394 1932 3714 2000 νομίζουσιν

2126 1999 2286 2060 εἶναι.
2332 2010 2455 2073 Πῶς
2520 2013 2578 2065 δὲ
2609 2015 2672 2066 οὺ
2709 2016 3071 2086 τερατολογία
3133 2023 3317 2075 αὐτῶν
3351 2025 3444 2076 καὶ
3504 2025 3710 2092 ταῦτα,

2123 2098 2308 2164 λέγειν
2334 2103 2433 2172 μὲν
2466 2107 2661 2174 σοφίαν
2689 2110 3152 2180 συνυπάρχουσαν
3219 2115 3299 2186 τῷ
3362 2118 3564 2188 Πατρὶ,
3631 2121 3714 2191 μὴ

2123 2193 2306 2258 λέγειν
2333 2196 2390 2248 δὲ
2433 2197 2640 2267 ταύτην
2670 2201 2761 2251 τὸν
2802 2199 3061 2271 Χριστὸν,
3097 2206 3234 2260 ἀλλὰ
3287 2209 3491 2274 πολλὰς
3545 2213 3716 2268 δυνά-

2126 2305 2248 2357 μεις
2276 2291 2526 2354 κτιστὰς,
2554 2293 2647 2344 καὶ
2677 2296 2868 2362 σοφίαν
2901 2292 3065 2364 εἶναι,
3093 2299 3301 2355 τούτων
3329 2303 3385 2356 δὲ
3411 2306 3542 2373 μίαν
3566 2302 3715 2361 εἶναι

2122 2383 2213 2432 τὸν
2242 2382 2466 2450 Κύριον,
2499 2384 2589 2436 τὸν
2611 2387 2792 2457 καὶτῇ
2828 2390 3028 2460 κάμπη
3072 2394 3167 2444 καὶ
3215 2397 3281 2466 τῇ
3317 2399 3501 2468 άκρίδι
3529 2418 3718 2472 παρα-

2121 2474 2454 2545 ϐαλλόμενον
2481 2479 2612 2548 παρ’
2638 2481 2856 2546 αὺτῶν;
2920 2485 3043 2546 Πῶς
3078 2486 3135 2539 δὲ
3166 2489 3224 2540 οὐ
3256 2490 3580 2562 πανοῦργοι,
3625 2498 3717 2552 ὅτι

2123 2571 2255 2639 παρ’
2283 2575 2442 2639 ἡμῶν
2473 2571 2570 2641 μὲν
2600 2572 2892 2638 ἀκούοντες
2921 2579 3289 2652 συνυπάρχειν
3315 2583 3408 2636 τὸν
3433 2586 3611 2652 Λόγον
3631 2589 3717 2659 τῷ

2124 2665 2324 2734 lla-cpt,
2351 2667 2720 2732 γογγύζουσιν
2782 2670 2943 2732 εὐθὺς
2980 2671 3309 2741 φάσκοντες,
3368 2677 3584 2732 Οὐκοῦν
3614 2682 3718 2736 δύο

2123 2755 2399 2824 ἁγέννητα
2428 2757 2650 2826 λέγετες
2685 2763 2850 2815 Αὐτοὶ
2894 2765 2952 2817 δὲ
2984 2766 3238 2834 λέγοντες
3267 2769 3568 2842 ἀγέννητον
3608 2776 3718 2844 τὴν

2121 2849 2288 2900 αὐτοῦ
2320 2852 2533 2918 σοφίαν,
2568 2853 2665 2922 οὐχ
2691 2854 2859 2922 ὁρῶσι
2885 2858 3010 2908 κατ’
3041 2860 3220 2913 αὐτῶν
3271 2862 3607 2928 φθάνουσαν,
3645 2868 3719 2939 ἢν

2122 2942 2406 2994 αἰτιῶνται
2443 2945 2678 3011 ματαίαν
2713 2946 2944 3016 μέμψιν.
3000 2950 3108 3002 Καὶ
3140 2951 3249 3022 γάρ
3276 2955 3506 3026 κάκείνῃ
3541 2959 3715 3013 πάλιν

2124 3034 2366 3104 αὑτῶνή
2398 3035 2610 3090 διάνοια
2647 3037 2762 3100 πῶς
2813 3041 2874 3091 οὐ
2942 3043 3084 3095 πάνυ
3117 3046 3299 3115 μωρὰ,
3373 3048 3558 3116 λέγειν
3607 3054 3714 3123 τὴν

418 3133 543 3173 esse
577 3121 781 3174 Deum?
812 3123 1030 3192 Aliquid
1080 3129 1225 3180 enim
1271 3130 1433 3184 simul
1464 3149 1586 3188 esse
1625 3137 1846 3201 dicitur,
1903 3158 2009 3196 non

2123 3128 2422 3198 ἀγέννητον
2465 3131 2926 3203 συνυπάρχουσαν
2985 3135 3061 3200 τῷ
3095 3135 3214 3206 Θεῷ
3276 3140 3475 3208 σοφίαν
3541 3144 3717 3199 aur-1v

417 3213 547 3282 quia
579 3228 792 3275 secum,
848 3221 942 3270 sed
987 3221 1111 3286 quia
1144 3238 1267 3276 cum
1298 3225 1483 3293 aliquo
1518 3226 1608 3282 sit.
1645 3227 2012 3294 Quemadmo-

418 3305 550 3359 dum
607 3306 966 3377 Evangelistze
1015 3313 1082 3366 de
1125 3313 1355 3371 Domino
1407 3319 1619 3388 dicunt,
1664 3322 1836 3378 Simul
1893 3339 2012 3382 erat

419 3411 545 3450 cum
583 3397 893 3468 discipulis.
929 3407 1180 3472 nonquia
1213 3423 1397 3463 secum
1431 3413 1570 3479 ipse,
1601 3417 1696 3470 sed
1727 3419 1851 3485 quia
1884 3437 2007 3474 eum

419 3489 528 3544 illis
558 3502 694 3545 erat.
732 3491 844 3547 Nisi
879 3511 1008 3549 vero
1033 3502 1393 3568 compositum
1429 3519 1548 3558 esse
1574 3506 1742 3561 Deum
1771 3509 2003 3566 afﬁrma-

420 3584 623 3647 verint,
675 3585 986 3656 habereque
1035 3591 1382 3660 sapientiam,
1418 3612 1539 3665 qua:
1587 3614 1686 3652 nec
1712 3601 1824 3669 ipsa
1859 3605 2010 3673 geni-

420 3684 472 3726 ta
513 3674 604 3740 sit,
632 3690 960 3745 connexam,
997 3690 1051 3734 et
1085 3683 1452 3751 complentem
1488 3689 1657 3756 ipsius
1679 3697 2000 3762 essentiam,

419 3780 584 3833 quam
617 3768 836 3836 quidem
873 3772 1197 3840 sapientiam
1238 3779 1426 3831 mundi
1459 3780 1796 3839 ell'ectricem
1849 3786 2007 3842 indu-

417 3868 572 3918 cunt.
603 3869 663 3913 ut
693 3864 814 3931 ejus
844 3869 1276 3932 procreationem
1304 3873 1549 3927 adimant
1584 3876 1818 3942 Filio,et
1845 3878 2005 3937 Verbi

418 3964 486 4002 ac
511 3951 794 4021 sapientia:
827 3959 1128 4012 abutuntur
1166 3965 1411 4028 nomine,
1448 3966 1704 4036 aliudque
1734 3971 1838 4024 sibi
1875 3971 2007 4026 Ver-

417 4043 547 4097 bum
580 4054 634 4098 et
657 4049 980 4116 sapientiam
1026 4055 1424 4124 contingentes,
1477 4073 1668 4113 verum
1725 4062 1817 4116 Dei
1877 4065 2010 4119 Ver-

418 4134 554 4188 bum
609 4143 666 4190 et
719 4155 902 4192 veram
959 4159 1022 4195 ac
1072 4145 1244 4198 solam
1297 4145 1392 4200 Dei
1431 4148 1756 4217 sapientiam
1786 4165 2010 4222 negant,

419 4234 584 4294 atque
613 4227 685 4281 ita
747 4229 997 4286 homines
1046 4235 1196 4302 impii
1253 4236 1587 4294 Manichmos
1621 4241 1938 4300 imitantur.

939 4405 1021 4460 Ea:
1051 4413 1232 4462 eodem
1273 4411 1424 4466 libro.

488 4493 960 4561 Quemadmodum
985 4517 1108 4554 cum
1133 4505 1381 4560 audimus
1402 4506 1668 4564 Joannem
1691 4511 1963 4570 dicentem
1988 4535 2002 4571 :
2043 4483 2089 4538 Β

430 4587 651 4642 Verbum
714 4607 839 4645 caro
881 4594 1082 4662 factum
1122 4597 1265 4662 est',
1325 4615 1434 4657 non
1530 4602 1766 4657 Verbum
1829 4607 2005 4676 ipsum

423 4686 594 4732 totum
631 4696 854 4734 carnem
905 4682 1288 4754 intelligimus,
1326 4689 1419 4741 sed
1455 4705 1674 4745 carnem
1738 4693 2004 4763 induisse,

421 4779 584 4838 atque
643 4771 920 4828 hominem
972 4777 1176 4829 factum
1220 4794 1362 4840 esse,
1419 4792 1472 4835 et
1525 4799 1648 4836 cum
1708 4788 2002 4844 audimus:

421 4859 660 4914 Christus
695 4863 868 4930 factus
891 4877 964 4918 est
996 4867 1329 4922 maledictum
1359 4888 1455 4940 pro
1486 4875 1633 4927 nobis
1665 4878 1707 4940 ⁸,
1767 4887 1822 4931 et
1859 4898 1870 4932 :
1904 4880 2012 4945 Qui

418 4963 684 5006 vaccatum
719 4971 823 5008 non
862 4960 1019 5020 novit,
1046 4976 1139 5026 pro
1169 4963 1313 5016 nobis
1349 4976 1617 5030 peccatum
1647 4970 1764 5037 fecit
1798 4972 1835 5033 ³,
1895 4989 2006 5028 non

420 5053 591 5098 totum
642 5062 766 5102 esse
822 5050 1026 5106 factum
1067 5057 1528 5122 maledictionem,
1567 5073 1661 5116 aut
1721 5079 2006 5133 peceatum

416 5138 803 5210 intelligemus,
858 5145 952 5197 sed
1015 5149 1454 5204 maledictionem
1518 5165 1777 5220 nostram,
1817 5170 1872 5210 nt
1933 5161 2007 5215 ait

414 5233 740 5300 Apostolus,
787 5238 1115 5308 suscepisse,
1151 5251 1209 5294 ut
1257 5257 1359 5295 nos
1392 5259 1419 5296 a
1456 5246 1842 5302 maledic-tione
1872 5251 2006 5304 libe-

414 5333 580 5387 raret,
612 5336 831 5393 peccata
859 5343 989 5382 vero
1019 5340 1225 5395 nostra,
1273 5344 1330 5386 ut
1363 5333 1537 5402 inquit
1567 5337 1728 5390 Isaias
1749 5338 1789 5401 ‘,
1825 5342 2003 5408 ipsum

413 5417 628 5482 tulisse,
661 5433 854 5489 eaque,
885 5431 943 5472 ut
970 5421 1164 5477 Petrus
1202 5426 1339 5488 ait“,
1401 5427 1452 5480 in
1493 5445 1721 5498 corpore
1747 5447 1845 5485 suo
1877 5449 2006 5487 sus-

416 5510 608 5562 tulisse
653 5525 816 5579 super
866 5512 1070 5582 lignum
1110 5517 1235 5572 :sie
1297 5531 1420 5570 cum
1453 5522 1825 5576 audiverimus
1872 5524 2002 5579 illud

491 5695 507 5725 ¹
530 5694 682 5754 Joaa.
713 5715 750 5764 ζ,
785 5703 865 5758 Η.

953 5706 1167 5762 ’Gaial.
1199 5724 1278 5775 III,
1320 5710 1402 5765 l5.
1483 5713 1498 5741 ³
1536 5712 1574 5765 li
1609 5714 1732 5769 Cor.
1775 5734 1824 5781 γ,
1865 5717 1951 5772 Ἡ.

2030 5718 2050 5748 ⁸
2096 5719 2198 5775 lsa.
2233 5739 2353 5789 Lm,

2121 3216 2267 3273 εῖναι
2295 3220 2388 3274 τὸν
2413 3221 2581 3288 Θεόνς
2611 3224 2672 3277 τὸ
2719 3226 2830 3295 γὰρ
2865 3232 3215 3300 συνυπάρχον
3251 3233 3347 3304 οὐχ
3382 3236 3716 3308 έαυτῷ,τινὶ

2117 3312 2172 3365 δὲ
2208 3314 2547 3384 συνυπάρχει
2570 3357 2584 3381 ,
2615 3316 2688 3380 ὡς
2727 3321 2858 3389 περὶ
2891 3320 2988 3372 τοῦ
3015 3322 3222 3392 Κυρίου
3247 3324 3504 3393 λέγουσιν
3539 3333 3592 3383 oi
3614 3333 3710 3384 εὐ-

2119 3404 2472 3473 αγγελισταὶ,
2508 3408 2592 3459 ὅτι
2629 3409 2796 3479 συνῆν
2831 3413 2947 3475 τοῖς
2992 3413 3286 3482 μαθηταῖς.
3321 3420 3396 3470 Οὐ
3431 3422 3538 3490 γὰρ
3568 3421 3704 3475 ἑαυ-

2117 3497 2214 3566 τῷ,
2248 3497 2383 3550 ἀλλὰ
2407 3501 2518 3562 τοῖς
2547 3499 2822 3570 μαθηταῖς
2851 3505 3040 3575 συνῆν.
3081 3507 3138 3558 Εἰ
3180 3508 3256 3580 μὴ
3291 3509 3401 3580 ἄρα
3447 3511 3697 3567 σύνθετον

2123 3590 2334 3643 εἴποιεν
2369 3589 2462 3643 τὸν
2490 3591 2626 3645 Θεὸν
2659 3592 2854 3663 ἔχοντα
2909 3599 3442 3675 συμπεπλεγμένην,
3497 3605 3530 3676 ἦ
3565 3623 3707 3677 συμ-

2116 3682 2475 3754 πληρωτικὴν
2501 3685 2602 3754 τῆς
2630 3687 2819 3750 οὐσίας
2841 3691 3008 3743 αὐτοῦ
3044 3693 3144 3763 τὴν
3176 3697 3368 3763 σοφίαν
3401 3699 3713 3770 ἀγέννητον

2117 3774 2284 3828 οὖσαν
2319 3775 2414 3827 καὶ
2443 3776 2634 3845 αὐτὴν,
2662 3779 2852 3846 ἥντινα
2886 3782 2981 3832 καὶ
3034 3782 3373 3857 δημιουργὸν
3415 3791 3714 3859 είσάγουσι

2116 3865 2211 3918 τοῦ
2243 3867 2473 3937 κόσμου,
2512 3868 2598 3920 ἵνα
2645 3872 2738 3924 καὶ
2763 3871 2855 3922 τοῦ
2910 3873 3264 3946 δημιουργεῖν
3287 3880 3380 3932 τὸν
3409 3881 3538 3935 Υίὸν
3565 3887 3719 3954 ἀφέ-

2114 3956 2333 4012 λωνται.
2375 3962 2480 4014 Καὶ
2509 3961 2584 4028 τῷ
2611 3964 2711 4031 μὲν
2733 3965 2963 4034 ὀνόματι
2994 3967 3088 4020 τοῦ
3120 3971 3320 4037 Λόγου,
3351 3976 3444 4027 καὶ
3471 3977 3571 4045 τῆς
3620 3995 3718 4031 σο-

2116 4050 2247 4120 φίας
2283 4055 2695 4124 καταχρῶνται,
2727 4057 2892 4128 ἓτιρα
2922 4059 2978 4112 δὲ
3005 4062 3226 4127 ἑαυτοῖς
3257 4067 3709 4137 ἀναπλάττοντες

2115 4141 2409 4212 ἀρνοῦνται
2468 4145 2560 4199 τὸν
2593 4149 2848 4220 ἀληθινὸν
2889 4151 2984 4205 τοῦ
3022 4153 3160 4208 Θεοῦ
3209 4159 3405 4226 Λόγον,
3465 4163 3564 4215 καὶ
3605 4165 3716 4233 τὴν

2111 4235 2284 4298 ὅντως
2315 4239 2411 4291 καὶ
2449 4240 2621 4311 μόνην
2653 4244 2848 4311 σοφίαν
2880 4245 2976 4298 τοῦ
3032 4247 3196 4314 Θεοῦ,
3231 4253 3326 4305 καὶ
3361 4255 3718 4325 Μανιχαίους

2120 4329 2315 4383 λοιπὸν
2347 4330 2610 4402 ζηλοῦσιν
2636 4337 2688 4387 oi
2718 4336 2918 4392 ἄθλιοι.

2556 4429 2660 4482 Ἕκ
2698 4431 2804 4483 τοῦ
2837 4433 3030 4486 αὐτοῦ
3057 4437 3267 4503 λόγου.

2197 4513 2412 4586 Ὠσπερ
2477 4517 2734 4571 Ἰωάννου
2793 4523 3110 4592 ἀκούοντες,
3164 4527 3227 4580 '0
3267 4532 3463 4598 Λόγος
3538 4535 3714 4602 σὰρξ

2111 4602 2375 4672 ἐγένετο,
2407 4607 2508 4659 οὐκ
2539 4610 2703 4660 αὐτὸν
2736 4611 2856 4665 ὅλον
2895 4615 3075 4684 σάρκα
3102 4619 3332 4688 νοοῦμεν
3381 4624 3472 4675 τὸν
3498 4627 3709 4694 Λόγον,

2110 4698 2246 4752 ἀλλὰ
2280 4701 2460 4766 σάρκα
2490 4704 2870 4773 ὲνδυσάμενον,
2927 4713 3021 4761 καὶ
3056 4716 3348 4783 γενόμενον
3383 4719 3704 4788 ἄνθρωπον,

2110 4793 2402 4854 ἀκούοντές
2441 4813 2521 4861 τε,
2551 4799 2808 4867 Χριστὸς
2855 4802 3109 4873 γέγονεν
3142 4811 3294 4878 ὑπὲρ
3338 4812 3506 4880 ἡμῶν
3556 4835 3710 4870 κατ-

2109 4884 2244 4951 άρα,
2280 4889 2376 4938 καὶ
2409 4891 2514 4939 τάν
2572 4891 2658 4959 μὴ
2712 4897 2936 4960 γνόντα
3003 4899 3301 4968 ἁμαρτίαν
3338 4909 3493 4975 ὑπὲρ
3526 4909 3709 4976 ἡμῶν

2110 4978 2407 5044 ἁμαρτίαν
2436 4981 2752 5050 ἐποίησεν,
2785 4990 2882 5041 οὐκ
2906 4991 3038 5044 αὐτὸ
3086 4995 3244 5048 τοῦτο
3292 4999 3414 5052 ὅλον
3447 5004 3706 5071 κατάραν

2107 5070 2202 5118 καὶ
2242 5069 2520 5139 ἁμαρτίαν
2551 5077 2782 5145 νοοῦμεν
2825 5081 2988 5134 αὑτὸν
3026 5075 3384 5157 γεγενῆσθαι,
3453 5093 3568 5145 ἀλλ’
3609 5097 3699 5148 δτι

2106 5157 2205 5226 τὴν
2239 5160 2339 5222 μὲν
2361 5162 2480 5213 καθ’
2505 5164 2658 5232 ἡμῶν
2695 5170 2949 5240 κατάραν
2980 5177 3293 5244 ἀνεδέξατο,
3352 5182 3425 5244 ὡς
3465 5181 3620 5237 εἶπεν
3662 5192 3692 5239 ὁ

2117 5249 2463 5317 Ἀπόστολος,
2489 5257 2833 5329 ὲξαγοταάσας
2882 5266 3025 5334 ἡμᾶς
3054 5270 3115 5320 ὲκ
3143 5271 3244 5340 τῆς
3277 5277 3548 5344 κατάρας,
3592 5284 3698 5340 τας

2104 5338 2160 5390 δὲ
2193 5342 2465 5413 ἁμαρτίας
2496 5350 2676 5416 ἡμῶν,
2723 5354 2794 5415 ὡς
2832 5357 2930 5421 μὲν
2971 5356 3196 5422 Ἠταῖας
3229 5358 3404 5426 εἶπεν,
3439 5366 3684 5418 ἐϐάστα-

2107 5449 2231 5486 σεν·
2282 5437 2356 5498 ὡς
2414 5441 2469 5490 δὲ
2518 5443 2545 5493 ὁ
2597 5443 2797 5509 Πέτρος
2830 5443 3003 5511 εἶπεν,
3067 5454 3370 5523 ἀνήνεγκεν
3404 5459 3579 5520 αὑτάς
3612 5460 3690 5530 τῷ

2105 5525 2320 5596 σώματι
2352 5531 2442 5582 ἐπὶ
2473 5531 2567 5584 τοῦ
2593 5534 2751 5596 ξύλου
2775 5554 2788 5567 ο
2823 5538 2993 5603 οὕτως
3021 5543 3115 5595 ἐὰν
3134 5546 3459 5619 ἀκούσωμεν
3486 5554 3544 5605 ἐν
3566 5557 3688 5620 ταῖς

2518 5725 2578 5777 5I
2616 5727 2760 5781 Ριῖῖτ.
2796 5746 2855 5796 Il,
2889 5731 2977 5787 ἐξ.
