4058 6458
354 431 459 498 393

1324 424 1704 489 PANOPLIA
1745 418 2215 484 DOGMATICA.
2248 442 2314 456 -·
2352 418 2506 481 ΤῙΤ.
2550 419 2655 477 XL

3523 417 3634 480 394

349 543 635 615 σημαίνων
688 542 845 611 ελεγι
891 540 1098 612 ταύτην
1121 557 1135 571 ·
1186 539 1570 606 Καταϐἐῖηκα
1594 539 1662 594 ἐκ
1687 537 1796 592 τοῦ
1830 539 1933 591 οὐ·

2059 536 2318 589 ιουὶεεὶηιο
2348 535 2456 587 die.
2509 537 2636 587 ch
2671 542 2743 584 est
2775 531 2912 584 enim
2975 530 3214 584 voluntas
3276 529 3457 583 Patri:
3509 534 3631 591 mei.

336 635 559 707 ρανοῦ,
594 636 709 701 οὐχ
740 634 843 687 ἵνα
875 632 1029 686 ποιῶ
1066 631 1133 686 τό
1180 630 1414 699 θέλημα
1448 633 1516 684 τὸ
1564 630 1738 699 ἐμὸν,
1771 626 1935 685 ἀλλὰ

345 729 420 783 τό
445 727 681 795 θέλημα
713 725 825 780 τοῦ
857 724 1218 795 πέμψαντός
1259 740 1356 792 με,
1380 724 1483 778 ἵνα
1508 721 1633 779 πᾶν
1656 722 1689 777 ὃ
1713 719 1939 775 δέδωκέ

341 838 471 891 μοι,
520 818 611 888 μὴ
673 818 962 874 ἀπολέσω
996 817 1067 881 ἐξ
1126 815 1340 882 αὑτοῦ,
1384 815 1549 871 ἀλλὰ
1603 814 1937 881 ἀναστήσω

343 916 496 969 αὐτὸ
532 916 607 967 ἐν
634 911 709 981 τῇ
736 910 971 981 ἐσχάτῃ
999 910 1214 981 ἡμέρᾳ.
1244 909 1433 964 Τοῦτο
1456 908 1568 977 γὰρ
1595 907 1664 962 τὸ
1704 905 1939 976 θέλημα

347 1009 457 1063 τοῦ
495 1007 737 1073 Πατρός
766 1023 907 1074 μου,
965 1006 1066 1057 ἵνα
1101 1002 1221 1070 πᾶς
1270 1006 1303 1057 d
1336 1002 1574 1069 θεωρῶν
1632 1001 1741 1054 τὸν
1777 1001 1938 1064 Hor,

355 1101 449 1153 καὶ
476 1098 789 1152 πιστεύων
815 1100 903 1162 εἰς
941 1096 1153 1158 αὑτὸν,
1212 1094 1324 1163 ἔχῃ
1360 1091 1515 1163 ζωὴν
1546 1094 1807 1158 αἰώνιον,
1839 1090 1941 1145 καὶ

364 1193 470 1259 ἐγὼ
500 1193 844 1259 ἀναστήσω
879 1188 1075 1245 αὐτόν
1104 1188 1174 1241 ἐν
1225 1186 1298 1255 τῇ
1327 1185 1556 1255 ἐσχάτῃ
1584 1185 1793 1253 ἡμέρᾳ.
1833 1185 1941 1237 Καὶ

362 1286 554 1339 πάλιν·
596 1283 749 1351 Ἐγὼ
775 1281 903 1351 φῶς
924 1285 1013 1347 εις
1048 1280 1159 1334 τὸν
1202 1283 1439 1347 κόσμον
1482 1278 1778 1347 ἐλήλυθα,
1839 1277 1941 1329 ἵνα

351 1377 476 1444 πᾶς
500 1382 534 1432 ό
562 1378 870 1430 πιστεύων
896 1377 985 1439 εις
1016 1374 1122 1443 ἐμὲ
1148 1375 1217 1427 ἐν
1246 1371 1318 1441 τῇ
1347 1372 1567 1440 σκοτίᾳ
1609 1371 1697 1440 μὴ
1734 1369 1936 1440 μείνῃ.

352 1447 463 1524 Kal
497 1471 665 1524 πάλιν
698 1470 755 1522 ἐν
791 1469 869 1539 τῷ
924 1469 1070 1522 κατὰ
1107 1467 1365 1537 Ἰωάννην
1415 1466 1582 1535 φησιν
1609 1481 1624 1497 ο
1667 1464 1816 1533 Ἐγὼ
1852 1465 1941 1527 εις

349 1563 532 1618 τοῦτο
575 1561 922 1630 γεγένημαι,
949 1560 1044 1614 καὶ
1073 1560 1155 1623 εἰς
1181 1558 1370 1612 τοῦτο·
1419 1557 1821 1625 Ἐλήλυθαεὶς
1839 1557 1942 1610 τὸν

349 1658 617 1724 κόσμον,
694 1654 799 1708 ἵνα
852 1651 1222 1723 μαρτυρήσω
1289 1650 1365 1722 τῇ
1435 1651 1709 1718 ἀληθείᾳ.
1770 1650 1830 1702 '0
1883 1648 1941 1703 δὲ

363 1748 628 1816 Ἰωάννης
682 1747 927 1816 ἔγραψεν
957 1763 972 1778 ·
1011 1748 1115 1809 Εὶς
1139 1743 1320 1799 τοῦτο
1349 1743 1699 1813 ἐφανερώθη
1732 1745 1765 1798 ό
1808 1741 1944 1808 Υἱός

348 1838 464 1892 τοῦ
483 1837 666 1901 Θεοῦ,
690 1838 791 1891 ἵνα
816 1839 982 1906 λύσῃ
1014 1837 1088 1890 τὰ
1106 1839 1252 1906 ἔργα
1277 1834 1383 1889 τοῦ
1416 1834 1727 1889 διαϐόλου.
1754 1834 1855 1889 Διὰ
1882 1833 1944 1886 τὸ

356 1892 721 2001 μαρτυρῆσαι
752 1931 884 2001 ἄρα,
913 1892 1011 1983 καὶ
1036 1892 1195 1999 ὑπέρ.
1235 1929 1396 2000 ἡμῶν
1425 1927 1794 1993 ἀναδέξασθαι
1850 1927 1943 1982 θὰ-
1975 1892 2019 1947 Β

356 2043 545 2086 νατον,
574 2025 669 2078 καὶ
696 2024 783 2077 διὰ
837 2023 899 2076 τὸ
952 2024 1262 2094 ἀναστῆσαι
1317 2022 1444 2086 τοὺς
1470 2021 1812 2091 ἀνθρώπους,
1849 2020 1945 2075 καὶ

351 2118 519 2169 λῦσαι
545 2117 616 2170 τὰ
647 2116 787 2187 ἔργα
814 2114 909 2168 τοῦ
929 2114 1187 2170 διαϐόλου
1216 2113 1479 2186 ἐλήλυθεν
1513 2116 1541 2168 ό
1592 2114 1808 2184 Σωτήρ.
1837 2114 1947 2167 Καὶ

355 2209 502 2278 αὕτη
539 2210 751 2279 ἐστὶνή
782 2208 933 2262 αἰτία
961 2208 1059 2280 τῆς
1088 2209 1360 2280 ἐνσάρκου
1393 2209 1703 2280 παρουσίας
1756 2207 1943 2262 αὑτοῦ.

358 2302 579 2359 Ἄλλως
614 2300 724 2371 γὰρ
756 2301 1057 2363 ἀνάστασις
1087 2301 1189 2353 οὑκ
1224 2300 1292 2354 ἂν
1322 2302 1564 2369 ἐγένετο,
1627 2302 1677 2354 εἰ
1717 2299 1795 2371 μὴ
1847 2299 1945 2355 Θά-

358 2413 524 2458 νατος
559 2395 831 2462 ἐγεγόνει.
880 2393 1122 2456 Θάνατος
1165 2393 1223 2447 δὲ
1252 2393 1371 2459 πῶς
1404 2394 1673 2462 ἐγεγόνει,
1701 2396 1751 2447 ει
1786 2393 1860 2464 μὴ
1888 2394 1949 2446 τὸ

359 2488 723 2558 ἀποθνῆσκον
776 2490 1004 2556 ὲσχήκει
1067 2486 1266 2556 σῶμα;
1326 2486 1499 2540 Τοῦτο
1558 2486 1750 2556 μαθὼν
1813 2488 1947 2558 παρ’

356 2580 532 2635 αὖτοῦ
566 2581 664 2632 καὶ
690 2581 719 2631 ὁ
757 2579 1082 2642 Ἀπόστολος
1112 2578 1299 2647 ἔλεγεν
1320 2595 1334 2610 ·
1381 2578 1547 2633 Ἐπεὶ
1578 2574 1694 2635 οὗν
1714 2579 1787 2635 τὰ
1814 2595 1951 2634 παι-

356 2674 460 2726 δία
491 2672 899 2740 κεκοινώνηκε
925 2672 1179 2739 σαρκὸς,
1203 2672 1302 2727 καὶ
1340 2672 1610 2741 αἵματος,
1644 2671 1744 2726 καὶ
1767 2673 1952 2739 αὐτὸς

355 2766 810 2834 παραπλησίως
834 2766 1094 2835 μετέσχε
1112 2764 1230 2818 τῶν
1248 2763 1469 2831 αὐτῶν,
1484 2765 1587 2819 ἵνα
1607 2764 1706 2819 διὰ
1730 2764 1838 2821 τοῦ
1854 2769 1953 2820 θα-

354 2864 553 2916 νάτου
574 2859 933 2928 καταργήσῃ
953 2860 1061 2913 τὸν
1080 2861 1148 2912 τὸ
1168 2857 1387 2927 κράτος
1403 2859 1626 2927 ἔχοντα
1646 2860 1753 2913 τοῦ
1775 2860 1956 2913 θανά-

356 2973 489 3020 του,
504 2953 795 3008 τουτέστι
814 2954 919 3005 τὸν
938 2951 1244 3006 διάϐολον.
1269 2952 1329 3005 Εἰ
1351 2952 1407 3004 δὲ
1419 2951 1479 3004 οὐ
1498 2951 1565 3004 δι’
1583 2935 1798 3018 ἑαυτὸν,
1818 2954 1957 3008 ἀλλὰ

356 3048 424 3101 δι’
458 3047 617 3117 ἡμᾶς
636 3041 1024 3108 κτίζεται,οὐκ
1056 3042 1204 3094 ἐστιν
1232 3041 1343 3111 ἄρα
1370 3042 1535 3105 αὐτὸς
1562 3044 1796 3113 κτίσμα,
1819 3044 1957 3099 ἀλλὰ

360 3143 459 3209 τὴν
488 3137 660 3208 ἡμῶν
698 3135 1067 3205 ἐνδυσάμενος
1115 3136 1297 3206 σάρκα
1328 3135 1504 3190 ταῦτα
1531 3136 1707 3205 λέγει.
1742 3138 1959 3210 Ὥσπερ

2040 638 2097 683 ιιι
2148 628 2324 682 omnis
2356 628 2446 696 qui
2482 627 2617 681 videt
2643 624 2867 681 Filium.
2895 634 2945 678 et
2976 625 3140 678 credit
3176 625 3230 678 in
3278 640 3416 688 eum,
3442 625 3636 678 habent

2041 723 2204 774 vitam
2251 729 2524 780 teter-nam,
2567 729 2613 772 et
2645 734 2739 787 ego
2783 719 3027 772 suscitem
3080 733 3197 770 eum
3251 716 3306 770 in
3356 717 3637 772 nouissimo

2039 814 2124 867 die
2159 811 2286 866 ¹.Ει
2313 826 2529 865 rursum
2570 826 2583 862 :
2624 807 2758 879 Ego,
2816 809 3017 878 inquit,
3053 810 3168 862 veni
3226 809 3318 862 lus
3380 810 3433 862 in
3479 826 3636 862 mun—

2040 909 2188 970 dum,
2218 914 2275 959 ut
2300 906 2472 959 omnis
2515 905 2604 975 qui
2626 904 2789 957 credit
2812 904 2868 955 in
2902 919 2986 956 me
3012 918 3117 955 non
3152 913 3366 955 maneat
3400 903 3457 955 in
3491 912 3637 956 tene-

2042 1000 2150 1053 bris
2177 999 2217 1052 '.
2278 996 2345 1052 Et
2390 1012 2610 1051 rursum
2676 998 2729 1049 in
2789 994 3089 1065 Evangelio
3150 994 3430 1049 Joannis:
3499 993 3635 1066 Ego,

2041 1092 2239 1162 inquit,
2274 1092 2345 1145 ad
2376 1092 2474 1144 hoc
2506 1098 2667 1143 natus
2710 1105 2855 1152 sum,
2896 1099 2945 1142 et
2982 1088 3054 1141 ad
3080 1089 3174 1143 hoc
3203 1090 3337 1148 veni.
3371 1097 3429 1141 ut
3484 1090 3637 1141 testi-

2042 1186 2277 1240 monium
2329 1184 2628 1253 perhibeam
2661 1182 2940 1237 veritati‘.
2994 1180 3236 1237 Joannes
3261 1192 3442 1237 autem
3497 1186 3642 1235 scri-

2041 1280 2151 1350 psit
2198 1297 2212 1333 :
2253 1280 2540 1345 Proyiterea
2588 1281 2838 1347 apparuit
2871 1279 3042 1333 Filius
3101 1279 3216 1344 Dei,
3274 1289 3331 1332 ιιι
3392 1278 3639 1332 dissolvat

2046 1388 2206 1444 opera
2268 1373 2467 1427 diaboli
2505 1373 2547 1426 ‘.
2588 1372 2658 1428 Ut
2686 1373 3059 1429 testimonium
3101 1372 3266 1445 igitur
3302 1373 3636 1443 perhiberet.

2043 1474 2098 1519 et
2157 1475 2390 1520 mortem
2424 1481 2524 1535 pro
2580 1465 2739 1519 nobis
2806 1466 3036 1531 subiret,
3080 1476 3136 1519 et
3190 1466 3428 1521 solveret
3470 1481 3637 1535 opera

2045 1558 2281 1624 diaboli‘,
2310 1558 2460 1611 venit
2505 1558 2786 1612 Servator.
2842 1556 2967 1612 Haec
3024 1568 3109 1612 est
3159 1572 3323 1612 causa
3374 1559 3641 1612 adventus

2044 1653 2164 1721 ejus
2206 1652 2260 1705 in
2291 1664 2475 1705 carne.
2518 1650 2869 1705 Resurrectio
2900 1650 3048 1704 enim
3108 1664 3220 1704 non
3277 1650 3496 1715 fuisset,
3530 1650 3637 1703 nisi

2054 1743 2254 1798 fuisset
2300 1757 2471 1803 mors,
2496 1754 2599 1794 nec
2634 1754 2805 1805 mors,
2831 1738 2936 1794 nisi
2959 1754 3160 1809 corpus
3190 1741 3421 1796 mortale
3451 1756 3643 1795 susce-

2047 1835 2243 1905 pisset.
2292 1834 2350 1888 ld
2383 1834 2452 1886 ab
2512 1832 2635 1902 ipso
2669 1832 2938 1885 didicerat
2975 1833 3293 1902 Apostolus,
3342 1841 3644 1903 propterea

2050 1926 2189 1982 dixit
2218 1940 2234 1980 :
2281 1927 2543 1991 Quoniam
2583 1926 2731 1994 pueri
2746 1926 3031 1996 participe:
3063 1928 3409 1979 erantcarnis
3437 1936 3484 1979 et
3516 1942 3647 1979 san-

2050 2019 2244 2090 guinis,
2285 2028 2333 2072 et
2367 2020 2478 2088 ipse
2516 2018 2761 2072 similiter
2792 2018 2969 2072 carnis
3026 2025 3076 2072 et
3131 2018 3407 2088 sanguinis
3470 2019 3648 2085 parti-

2050 2130 2168 2183 ceps
2202 2114 2373 2184 factus
2405 2120 2501 2175 est,
2531 2121 2587 2165 ut
2621 2127 2715 2181 per
2765 2120 2985 2165 mortem
3038 2110 3329 2165 destrueret
3391 2128 3508 2164 eum
3555 2112 3648 2181 qui

2052 2205 2274 2259 habebat
2345 2205 2529 2257 mortis
2606 2204 2906 2274 imperium,
2993 2204 3047 2257 id
3120 2213 3219 2267 est,
3272 2203 3544 2258 diabolum
3602 2206 3647 2256 ⁸.

2054 2297 2209 2364 Quod
2228 2298 2270 2352 si
2304 2306 2534 2367 propter
2559 2312 2682 2361 nos,
2712 2312 2822 2351 non
2849 2305 3031 2352 autem
3061 2305 3287 2367 propter
3306 2312 3365 2351 se
3399 2307 3645 2364 creatur,

2056 2394 2172 2462 ipse
2200 2401 2418 2447 creatus
2450 2407 2558 2445 non
2590 2399 2695 2456 est,
2722 2391 2816 2445 sed
2848 2406 3069 2446 carnem
3103 2400 3347 2446 nostram
3406 2403 3649 2448 creatam

2057 2487 2285 2543 indutus
2328 2487 2443 2541 haec
2473 2487 2628 2541 dicit.
2664 2484 3135 2552 Quemadmodum
3161 2486 3306 2539 enim
3356 2485 3651 2538 infirmita-

2060 2587 2391 2642 tesnostras
2419 2578 2748 2649 suscipiens,
2779 2578 2983 2633 dicitur
3016 2578 3135 2649 ipse
3192 2577 3470 2645 inﬁrmus,
3521 2594 3648 2633 cum

2060 2684 2245 2731 tamen
2266 2672 2517 2728 inﬁrmus
2542 2682 2597 2728 et
2652 2672 2961 2728 imbecillus
3003 2687 3112 2727 non
3154 2673 3245 2739 sit,
3301 2673 3503 2742 quippe
3555 2660 3649 2742 qui

2059 2768 2237 2823 virtus
2267 2775 2351 2821 est
2378 2765 2494 2833 Dei,
2521 2774 2578 2820 et
2611 2774 2897 2836 peccatum
2932 2780 3031 2836 pro
3063 2765 3223 2820 nobis
3254 2766 3433 2820 factus
3467 2774 3570 2830 est,
3595 2776 3654 2820 et

2060 2859 2435 2921 maledictum,
2461 2873 2587 2913 cum
2622 2868 2802 2913 tamen
2834 2858 2954 2929 ipse
3006 2874 3119 2914 non
3164 2862 3492 2929 peccaverit,
3555 2862 3651 2914 sed

2059 2958 2283 3021 peccata
2314 2960 2369 3005 et
2384 2950 2792 3006 maledirtiones
2808 2963 3025 3009 nostras
3043 2953 3157 3024 ipse
3181 2955 3383 3017 tulerit,
3428 2954 3507 3008 sic
3538 2968 3653 3007 non

2062 3045 2119 3099 in
2138 3044 2321 3114 seipso
2331 3058 2525 3099 creans
2540 3045 2671 3100 dicit
2692 3064 2705 3100 :
2724 3045 3191 3116 Dominuscreavit
3207 3063 3308 3112 me,
3322 3062 3447 3102 cum
3468 3056 3653 3101 tamen

2054 3136 2184 3209 ipse
2212 3145 2432 3194 creatus
2462 3154 2572 3193 non
2596 3139 2690 3195 sit.

358 3235 466 3305 γὰρ
506 3232 621 3296 τὰς
668 3231 964 3293 ἀσθενείας
997 3230 1158 3300 ἡμῶν
1192 3230 1485 3301 δεχόμενος
1548 3230 1769 3301 λέγεται
1827 3235 1996 3299 αὐτὸς
2029 3233 2304 3302 ἀσθενεῖν,
2375 3237 2557 3291 καίτοι
2625 3233 2702 3304 μὴ
2750 3233 2996 3287 ἀσθενῶν
3029 3232 3214 3299 αὐτὸς,
3250 3234 3478 3306 δύναμις
3542 3235 3655 3305 γάρ

358 3329 473 3380 ἑστι
506 3323 616 3378 τοῦ
642 3321 808 3388 Θεοῦ,
866 3323 1114 3392 ἁμαρτία
1148 3339 1208 3374 τε
1258 3322 1397 3392 ὑπὲρ
1430 3323 1591 3393 ήμῶν
1619 3325 1835 3393 γέγονε,
1887 3327 1984 3381 καὶ
2021 3327 2261 3397 κατάρα,
2332 3329 2511 3383 καιτοι
2561 3327 2637 3399 μὴ
2670 3328 3001 3398 ἁμαρτήσας
3029 3328 3214 3395 αὐτὸς,
3270 3327 3386 3381 ἀλλ’
3417 3329 3500 3382 ὅτι
3555 3330 3655 3391 τὰς

357 3417 649 3489 ἁμαρτίας
680 3415 869 3487 ἡμῶν,
899 3416 995 3469 καὶ
1051 3415 1151 3485 τὴν
1181 3416 1432 3486 κατάραν
1466 3418 1771 3472 ἐϐάστασεν
1801 3419 1965 3485 αὑτός
1992 3437 2007 3452 θ
2050 3421 2225 3487 οὕτως
2246 3424 2398 3495 ἡμᾶς
2428 3422 2488 3476 ἐν
2515 3422 2700 3494 ἑαυτῷ
2721 3422 2927 3488 κτίζων
2963 3422 3115 3492 λέγει.
3143 3438 3156 3452 ⁸
3192 3424 3409 3493 Κύριος
3447 3414 3656 3477 ἐκτισέ

355 3530 459 3583 με,
488 3508 682 3563 καίτοι
712 3509 919 3577 κτίσμα
951 3508 1027 3577 μὴ
1056 3508 1131 3559 ὢν
1158 3510 1343 3573 αὐτός.

818 3602 921 3655 Ἐκ
955 3602 1062 3657 τοῦ
1086 3602 1275 3657 αὐτοῦ
1307 3608 1524 3673 Λοτου.

452 3696 525 3749 Et
552 3694 647 3762 ph
672 3698 739 3766 τῇ
774 3696 942 3763 φύσει
974 3694 1068 3747 καὶ
1120 3698 1184 3766 τῇ
1220 3696 1379 3766 οὐσίᾳ
1436 3695 1645 3766 κτίσμα
1698 3698 1731 3750 ὁ
1757 3696 1954 3767 Λόγος,

392 3790 489 3841 καὶ
523 3790 601 3857 μὴ
632 3787 856 3859 διαφορὰ
885 3783 954 3858 ἦν
976 3787 1069 3841 τοῦ
1102 3790 1445 3859 γεννήματος
1479 3789 1616 3860 πρὸς
1644 3790 1707 3843 τὸ
1724 3790 1956 3863 κτίσμα,

384 3881 485 3935 οὐκ
518 3881 587 3934 ἂν
614 3882 862 3951 ἐπήγαγε
919 3879 980 3932 τὸ
1027 3878 1231 3948 Γεννᾷ
1290 3897 1383 3948 με,
1435 3879 1556 3935 ἀλλ’
1603 3882 1832 3952 ἠρκεῖτο
1879 3882 1959 3953 τῷ

373 3976 639 4040 ἔκτισεν,
685 3976 763 4038 ὡς
811 3974 915 4044 τῆς
965 3974 1167 4038 λέξεως
1217 3973 1422 4045 ταύτης
1475 3976 1857 4045 σημαινούσης
1899 3976 1961 4028 τὸ

365 4068 698 4137 ἐγέννησεν
761 4066 859 4120 νῦν
907 4066 967 4120 δὲ
1022 4068 1299 4139 εἰρηκώς·
1338 4068 1587 4122 Ἕκτισέ
1631 4086 1709 4139 με
1760 4067 1963 4139 ἀρχὴν

363 4159 528 4215 ὁδῶν
561 4159 760 4214 αὑτοῦ
788 4161 878 4225 εἰς
916 4159 1063 4228 ἔργα
1089 4159 1301 4228 αὐτοῦ,
1327 4161 1608 4231 ἐπήγαγεν
1638 4161 1738 4233 οὐχ
1770 4162 1961 4226 ἁπλῶς

367 4255 429 4307 τὸ
463 4252 673 4321 Γεννᾷ
691 4270 792 4323 με,
815 4252 954 4306 ἀλλὰ
1004 4252 1146 4323 μετὰ
1204 4254 1532 4326 συμπλοκῆς
1557 4254 1673 4323 τοῦ,
1709 4255 1801 4323 δὲ,
1831 4273 1959 4311 aov-

369 4346 609 4417 δέσμου,
644 4345 726 4409 ὡς
783 4345 1229 4417 ἀσφαλιζόμενος
1263 4349 1320 4399 ὲν
1352 4345 1532 4417 τούτῳ
1572 4348 1673 4417 τὴν
1736 4348 1802 4400 ἐκ
1860 4347 1957 4401 τοῦ

366 4442 583 4495 ἔκτισε
644 4439 795 4504 λέξιν
864 4440 1077 4507 λέγων’
1133 4439 1256 4508 Πρὸ
1312 4439 1379 4492 δὲ
1422 4439 1668 4493 πάντων
1716 4438 1964 4504 ,βουνῶν

368 4530 564 4602 γεννᾷ
597 4549 697 4601 με.
724 4532 796 4584 Τὸ
822 4532 932 4604 γὰρ
970 4533 1135 4603 γεννᾷ
1165 4550 1232 4601 με
1261 4530 1339 4601 τῷ
1368 4510 1963 4599 ἕκτισίσυμπεπλεγ-

368 4628 553 4696 μένως
623 4626 1044 4697 ἐπιφερόμενον,
1114 4624 1244 4695 μίαν
1313 4626 1461 4677 ποιεῖ
1542 4625 1642 4694 τὴν
1678 4624 1960 4678 διάνοιαν’

367 4722 464 4771 καὶ
495 4718 803 4782 δείκνυσιν,
837 4719 919 4771 ὅτι
949 4718 1012 4771 τὸ
1048 4717 1146 4787 μὲν
1177 4717 1384 4773 ἔκτισε
1442 4716 1531 4770 διά
1562 4734 1615 4769 τι
1654 4717 1867 4788 εἴρηκε,
1906 4717 1965 4770 τὸ

365 4810 423 4864 δὲ
455 4809 651 4880 γεννᾷ
673 4828 752 4880 με
776 4813 883 4882 πρὸ
909 4809 1004 4864 τοῦ
1036 4810 1283 4865 ἐκτισέν
1304 4811 1499 4864 ἐστιν.
1533 4810 1717 4881 Ωσπερ
1751 4811 1858 4881 γὰρ
1883 4811 1963 4873 εἰς

368 4903 621 4972 ἔμπαλιν
652 4904 872 4971 εἰρήκει
922 4903 1142 4970 Κύριος
1191 4899 1377 4971 γεννᾷ
1420 4917 1519 4968 με,
1573 4899 1667 4953 καὶ
1699 4899 1958 4969 ἐπέφερε,

372 4997 499 5065 Πρό
534 4996 607 5048 δὲ
636 4995 881 5049 πάντων
903 4992 1155 5059 ⁴βουνῶν
1179 4991 1386 5047 ἐκτισέ
1412 5009 1511 5063 με,
1552 4993 1774 5055 πάντως
1832 5010 1967 5062 προ-

370 5091 571 5159 ηγεῖτο
599 5087 693 5139 τοῦ
722 5087 1021 5156 ἐγέννησε
1065 5086 1133 5140 τὸ
1171 5086 1450 5150 ἔκτισεν,
1502 5082 1675 5148 οὕτως
1722 5084 1963 5155 εἰρηκὼς

372 5183 602 5248 πρῑιτον
628 5178 893 5243 ἔκτισεν,
929 5174 1047 5232 εἶτα
1081 5176 1380 5247 ἐπαγαγών
1406 5194 1419 5208 ·
1456 5178 1575 5245 Πρὸ
1616 5175 1684 5229 δὲ
1718 5176 1965 5230 πάντων

366 5270 630 5337 ,Βουνῶν
659 5272 843 5340 γεννᾷ
872 5290 969 5340 με,
1023 5272 1083 5336 ἐξ
1117 5272 1366 5340 ἀνάγκης
1424 5270 1670 5323 δείκνυσι
1700 5271 1965 5340 προηγεῖ-

376 5361 507 5414 σθαι
529 5363 588 5414 τὸ
616 5365 875 5431 ἐγέννησε
911 5364 1002 5416 τοῦ
1034 5363 1240 5417 ἔκτισε.
1311 5362 1415 5416 Καὶ
1477 5361 1582 5430 γὰρ
1622 5363 1717 5414 καὶ
1747 5360 1922 5429 λέγων
1950 5376 1963 5388 ·

382 5456 505 5521 Πρὸ
545 5454 791 5509 πάντων
822 5454 1007 5527 γεννᾷ
1032 5473 1130 5525 με,
1161 5455 1323 5509 ἄλλον
1359 5452 1499 5507 εἶναι
1538 5453 1731 5506 ἑαυτὸν
1768 5451 1971 5522 σημαι-

377 5565 460 5599 νει
487 5548 603 5600 τῶν
634 5549 851 5602 πάντων
879 5566 893 5580 ’
923 5550 1064 5601 Ἀλλ’
1088 5552 1180 5602 ἐπὶ
1198 5550 1300 5620 μὲν
1328 5548 1420 5602 τοῦ
1453 5547 1635 5601 ἔκτισε
1662 5540 1837 5601 κεῖται
1870 5548 1971 5614 ἀρ-

379 5641 506 5709 χὴν
551 5639 734 5704 ὁδῶν,
778 5642 871 5694 ἐπὶ
903 5642 959 5694 δὲ
1004 5641 1098 5694 τοῦ
1141 5640 1444 5711 γεννᾷμε,
1488 5641 1549 5693 οὐ
1579 5643 1759 5694 κεῖται
1792 5639 1969 5711 ἀρχὴν

378 5734 550 5805 γεννᾷ
608 5750 700 5803 με,
749 5734 885 5788 ἀλλὰ
925 5735 1032 5805 πρὸ
1065 5736 1291 5790 πάντων
1343 5736 1509 5805 γεννᾷ
1543 5751 1632 5805 με.
1683 5733 1741 5789 Ὀ
1770 5734 1824 5785 δὲ
1857 5732 1965 5802 πρὸ

454 5871 473 5902 ¹
518 5870 680 5927 Joan.
716 5884 794 5933 vn,
823 5871 1014 5927 58-60,

708 5968 983 6027 Parnm“
1032 5970 1147 6029 (in.
1189 5970 1440 6032 CXXX.

2619 3606 2703 3661 Ex
2734 3608 2916 3662 eodem
2947 3608 3098 3665 libro.

2131 3700 2188 3756 Si
2223 3710 2417 3756 natura
2448 3712 2614 3772 atque
2643 3701 2885 3755 essentia
2917 3698 3156 3755 Verbum
3195 3711 3343 3757 esset
3389 3718 3475 3759 res
3528 3719 3657 3774 pro-

2060 3804 2265 3860 creata,
2300 3803 2354 3849 et
2388 3795 2533 3848 inter
2572 3809 2689 3848 rem
2760 3804 3105 3864 procreatam
3154 3804 3209 3850 et
3264 3794 3465 3850 Filium
3515 3798 3653 3851 nihil

2064 3886 2387 3952 interesset,
2416 3901 2527 3941 non
2559 3885 2864 3941 addidisset
2892 3885 3023 3939 illud
3062 3903 3077 3939 :
3130 3886 3308 3956 Gignit
3345 3904 3462 3954 me;
3486 3889 3581 3943 sed
3605 3899 3652 3942 ei

2063 3976 2263 4032 luisset
2313 3977 2451 4032 satis
2472 3976 2682 4032 dixisse
2717 3989 2731 4029 :
2764 3975 2976 4033 Creavit
3043 3993 3143 4035 me.
3199 3975 3483 4049 Siquidem
3537 3982 3659 4036 haec

2065 4085 2171 4125 vox
2240 4070 2407 4125 etiam
2489 4069 3268 4141 gignendi'signilicationem
3316 4072 3656 4128 contineret.

2066 4163 2226 4218 Nunc
2244 4172 2424 4218 autem
2445 4178 2569 4217 cum
2594 4162 2793 4217 dixerit
2826 4178 2840 4215 :
2871 4163 3083 4218 Creavit
3111 4180 3190 4217 me
3213 4164 3424 4218 initium
3449 4167 3660 4220 viarum

2070 4274 2295 4313 suarum
2335 4258 2407 4310 ad
2449 4274 2609 4328 Opera
2631 4275 2750 4322 sua,
2785 4259 2936 4314 addit
2971 4276 2984 4312 :
3024 4258 3201 4329 Gignit
3234 4275 3335 4313 me.
3361 4259 3549 4329 Neque
3605 4260 3659 4314 id

2066 4351 2417 4423 simpliciter,
2442 4353 2539 4407 sed
2566 4350 2633 4406 ad
2664 4353 3013 4407 muniendam
3053 4369 3240 4410 vocem
3270 4354 3416 4407 illam
3442 4370 3457 4407 :
3491 4353 3659 4409 Crea-

2067 4445 2162 4509 vit,
2209 4446 2311 4498 hoc
2351 4443 2518 4499 veluti
2580 4443 2858 4497 vinculum
2901 4444 3229 4499 subnectit:
3267 4445 3403 4499 Ante
3472 4462 3656 4501 omnes

2067 4536 2226 4590 colles
2254 4537 2419 4606 gignit
2447 4553 2548 4589 me.
2599 4535 2713 4589 Hoc
2736 4537 2880 4591 enim
2917 4553 2930 4588 :
2975 4534 3155 4607 Gignit
3214 4553 3316 4601 me,
3363 4553 3487 4593 cum
3541 4539 3657 4601 illo,

2069 4630 2275 4688 Creavit
2304 4646 2405 4696 me,
2428 4629 2720 4698 conjuncte
2748 4629 3013 4698 prolatam
3046 4629 3186 4683 hanc
3222 4630 3388 4685 habet
3449 4631 3661 4703 signiﬁ-

2067 4723 2363 4786 cationem,
2386 4732 2443 4777 ut
2479 4734 2532 4776 et
2565 4722 2797 4786 Creavit,
2827 4732 3047 4792 propter
3073 4723 3278 4792 aliquid
3302 4725 3512 4779 dictum
3564 4728 3658 4793 sit,

2068 4826 2125 4872 et
2169 4815 2370 4889 Gignit,
2402 4816 2839 4871 antecedatillud
2872 4833 2888 4870 :
2922 4815 3154 4871 Creavit.
3188 4815 3662 4883 Quemadmodum

2072 4909 2219 4963 enim
2246 4910 2288 4965 si
2322 4909 2595 4975 dixisset,
2641 4907 2817 4979 Gignit
2873 4926 2954 4962 me
2991 4926 3009 4963 :
3042 4910 3240 4965 deinde
3286 4912 3611 4982 subiecisset
3646 4935 3658 4968 :

2071 5000 2209 5054 Ante
2248 5017 2426 5055 omnes
2454 5000 2611 5054 colles
2642 5003 2831 5054 creavit
2864 5018 2965 5055 me.
2998 5002 3429 5073 intelligeremus
3480 4986 3662 5061 omni-

2068 5109 2161 5155 no,
2194 5093 2297 5147 hoc
2331 5092 2568 5157 Crcavit,
2604 5094 2704 5157 illi,
2746 5093 2947 5164 Gignil,
2975 5094 3340 5162 antecedere;
3391 5097 3472 5153 sic
3532 5113 3658 5154 cum

2068 5185 2271 5239 dixerit
2323 5185 2496 5253 prius,
2560 5184 2794 5249 Creavit,
2854 5185 3053 5240 deinde
3096 5185 3460 5254 adiunxerit:
3527 5189 3661 5241 Ante

2071 5293 2246 5329 omnes
2270 5274 2426 5331 colles
2446 5278 2611 5347 gignit
2645 5294 2744 5342 me,
2771 5277 2876 5332 hoc
2898 5276 3096 5348 Gignit,
3130 5278 3204 5332 illi
3263 5278 3473 5333 Creavit
3526 5294 3664 5347 prte—

2073 5366 2268 5419 ecdere
2298 5367 2611 5420 necessario
2641 5367 3071 5431 demonstratur,
3108 5365 3244 5422 Nam
3276 5384 3398 5422 eum
3458 5367 3605 5420 dicat
3642 5383 3657 5419 :

2081 5457 2432 5529 Antepmnes
2460 5460 2624 5530 gignit
2654 5477 2754 5524 me,
2791 5460 3064 5531 signiﬁcat
3093 5475 3151 5514 se
3180 5459 3324 5514 aliud
3358 5472 3659 5527 essequam

2081 5566 2271 5605 omnes
2306 5552 2435 5605 sint.
2461 5555 2664 5607 Atcum
2688 5552 2820 5608 dicit
2857 5572 2870 5605 :
2903 5549 3115 5606 Creavit
3139 5568 3240 5615 me,
3266 5547 3659 5620 subjicit:lni-

2079 5644 2444 5696 tiumviarum
2474 5661 2717 5698 suarum.
2773 5644 2926 5711 Quod
2989 5644 3064 5697 illi
3105 5643 3319 5714 :Gignit
3386 5657 3486 5707 me,
3546 5656 3662 5698 non

2076 5744 2160 5790 est
2194 5737 2532 5809 adjunctum,
2551 5739 2644 5793 sed
2672 5740 2852 5808 potius
2874 5738 3119 5792 additum
3142 5747 3260 5794 est:
3294 5737 3427 5791 Ante
3458 5746 3661 5793 omnes.

1124 5876 1143 5905 ³
1180 5873 1342 5930 Joan.
1376 5892 1475 5939 xu,
1506 5876 1592 5929 40.
1674 5878 1691 5907 ³
1718 5875 1876 5930 Ιιιειιι.
1942 5892 1954 5926 ι

2059 5892 2096 5945 t,
2130 5878 2195 5932 57
2296 5879 2317 5909 ⁵
2350 5876 2553 5932 Ιιοηιι.
2593 5894 2678 5944 ιιι,
2707 5880 2757 5933 8.
2836 5880 2858 5911 ⁸
2900 5878 3068 5934 llcbr.
3099 5895 3160 5948 ιι,
3199 5881 3282 5933 H.

3265 5973 3335 6035 l3
