4058 6450
437 338 550 401 399

1671 335 2062 401 EUTHYMII
2093 340 2426 404 ZIGABEN
2433 342 2461 402 Ι

3586 340 3702 410 400

435 453 608 509 Filius
667 451 931 508 liberator
984 466 1043 508 se
1071 465 1175 507 nec
1196 458 1444 507 creatum
1475 465 1581 508 nec
1633 450 1841 507 laetum
1877 465 1996 509 esse

2106 478 2312 548 νητῶν,
2360 477 2498 534 ἀλλὰ
2529 476 2684 546 ἴδιος,
2725 477 2823 532 καὶ
2866 475 3036 532 εἰκὼν
3072 480 3171 550 τῆς
3215 476 3308 532 τοῦ
3368 480 3583 549 Πατρὶς
3613 483 3710 536 οὐ·

432 547 530 604 sed
564 555 778 602 naturae
806 544 1006 610 Patris,
1033 543 1124 614 qui
1159 543 1486 599 sententiam
1523 543 1670 597 illam
1729 543 1885 600 initio
1920 552 2011 600 tu-

432 637 596 704 lerat,
644 637 909 707 solusque
953 645 1182 708 peccata
1214 635 1512 698 condonat,
1548 636 1830 706 proprium
1887 651 2011 692 esse

432 729 673 786 Verbum
705 739 762 785 et
791 731 1105 802 imaginem.
1141 730 1275 786 Cum
1311 733 1458 785 enim
1491 736 1546 784 in
1588 731 1767 786 Verbo
1799 729 2009 785 dictum

430 825 619 890 fuerit,
644 823 817 881 Terra
849 843 903 880 es
955 836 1005 880 et
1037 827 1090 880 in
1118 835 1314 880 terram
1341 827 1637 890 reverteris,
1679 825 1837 880 valde
1881 840 2011 880 con-

431 928 692 990 gruenter
714 934 812 989 per
842 919 988 974 idem
1033 921 1216 992 ipsum
1243 918 1492 976 Verbum
1549 929 1716 990 atque
1766 919 1824 974 iu
1888 917 2010 989 ipso

431 1011 658 1068 libertas
685 1021 742 1070 et
769 1012 969 1069 sclutio
1000 1013 1373 1070 damnationis
1404 1015 1542 1069 facta
1573 1022 1678 1069 est.

503 1104 714 1174 Atqui,
791 1105 1102 1176 inquiunt,
1168 1107 1383 1162 etiamsi
1461 1104 1715 1161 Salvator
1795 1113 2014 1160 creatus

421 1203 589 1256 esset,
627 1201 843 1264 poterat
879 1192 1030 1250 Deus
1068 1194 1453 1249 tantummodo
1489 1195 1696 1261 dicere,
1734 1203 1901 1267 atque
1937 1196 2014 1252 ita

420 1286 634 1340 sulvere
681 1285 1152 1340 maledictionem.
1204 1285 1276 1340 At
1324 1285 1491 1340 simili
1539 1285 1703 1340 modo
1753 1286 1888 1356 ipsis
1936 1285 2012 1342 ita

419 1377 639 1432 occurri
661 1376 887 1447 .posSit:
925 1375 1103 1430 Etiam
1136 1377 1257 1432 sine
1291 1377 1404 1432 ullo
1434 1377 1555 1447 ejus
1591 1379 1827 1433 adventu
1861 1388 2011 1448 pote-

416 1477 505 1523 rat
527 1468 673 1526 Deus
705 1470 1090 1525 tantummodo
1120 1470 1322 1536 dicere,
1353 1479 1519 1541 atque
1547 1471 1622 1526 ita
1648 1471 1860 1527 solvere
1889 1486 2009 1527 ma-

415 1560 792 1616 ledictionem.
833 1559 1036 1616 Verum
1078 1562 1357 1617 attendere
1382 1570 1600 1632 oportet
1636 1563 1766 1632 quid
1813 1563 1885 1619 sit
1911 1562 2011 1617 bo-

415 1649 660 1708 minibus
694 1652 849 1720 utile,
885 1668 995 1708 non
1037 1665 1222 1710 autem
1265 1654 1394 1725 quid
1436 1654 1490 1709 in
1539 1655 1796 1711 omnibus
1837 1656 1996 1726 possit

2111 1648 2244 1701 πᾶσι
2269 1648 2331 1702 τὸ
2359 1649 2586 1704 δυνατὸν
2619 1649 2713 1704 τοῦ
2737 1650 2873 1704 Θεοῦ
2907 1651 3244 1721 λογίζεσθαισ
3280 1653 3404 1707 ἐπεὶ

2115 577 2260 639 σίας,
2288 573 2386 629 τοῦ
2437 573 2531 628 καὶ
2579 572 2724 628 κατὰ
2770 573 2873 645 τὴν
2930 571 3105 644 ἀρχὴν
3147 573 3578 643 ἀποφηναμένου
3609 575 3710 630 καὶ

2111 668 2368 738 ἀφίεντος
2399 666 2563 736 μόνου
2588 668 2686 728 τὰς
2717 667 3017 736 ἁμαρτίας.
3057 664 3280 736 Ἐπειδὴ
3322 665 3434 736 γάρ
3480 666 3710 737 εἴρηται

2111 762 2172 814 ὲν
2202 762 2280 830 τῷ
2309 762 2490 832 Λόγῳ.
2521 760 2612 827 Γῆ
2658 756 2717 815 ετ
2772 761 2872 816 καὶ
2915 761 3005 826 εὶς
3035 758 3154 829 γῆν
3191 759 3532 827 ἀπολαύσῃ,
3568 761 3712 813 ἀκο-

2112 855 2320 918 λούθως
2352 854 2422 908 δι’
2456 852 2627 908 αὐτοῦ
2665 852 2760 906 τοῦ
2792 852 2973 922 Λόγου
3003 855 3098 906 καὶ
3143 853 3202 906 ἐν
3235 849 3388 920 αὑτῷ
3422 851 3456 916 ἡ
3485 848 3715 904 ἐλευθέρα

2112 947 2207 1019 ρία
2235 947 2330 1000 καὶ
2361 949 2392 1018 ἡ
2417 946 2575 1011 λύσις
2591 945 2692 1017 τῆς
2723 943 3112 1016 κατακρίσεως
3153 943 3470 1016 γεγένηται.

2201 1103 2350 1176 Ἀλλί
2388 1103 2656 1174 ἠδύνατο,
2704 1103 2877 1175 φασὶ,
2913 1103 3007 1158 καὶ
3060 1103 3364 1170 κτίσματος
3409 1101 3562 1164 ὄντος
3603 1097 3712 1154 τοῦ

2113 1184 2386 1257 Σωτῆρος,
2417 1187 2576 1258 μόνον
2605 1188 2781 1240 εἰπεῖν
2801 1188 2830 1240 6
2849 1187 2979 1252 Θεὸς
3010 1188 3106 1242 καὶ
3130 1187 3290 1244 λῦσαι
3311 1190 3411 1264 τὴν
3433 1189 3710 1262 κατάραν.

2113 1279 2188 1332 Τὸ
2213 1280 2344 1335 αὐτὸ
2367 1280 2410 1334 δ’
2435 1281 2502 1335 ἂν
2528 1282 2822 1337 ἀκούσαιεν
2848 1285 2942 1339 καὶ
2968 1285 3124 1339 αὐτοὶ
3147 1288 3278 1358 παρ’
3301 1286 3488 1359 ἑτέρου
3516 1287 3715 1356 λέγον-

2110 1387 2230 1434 τος·
2277 1369 2536 1425 Ἤδύνατο
2565 1373 2658 1428 καὶ
2695 1374 2817 1446 μηδ’
2845 1374 2983 1439 ὅλως
3026 1376 3466 1448 ἐπιδημήσαντος
3507 1377 3708 1441 αὑτοῦ,

2115 1463 2276 1533 μόνον
2313 1464 2488 1518 εἰπεῖν
2528 1466 2558 1519 6
2593 1465 2726 1530 Θεὸς
2761 1467 2856 1520 καὶ
2897 1466 3055 1522 λῦσαι
3087 1467 3190 1540 τὴν
3223 1468 3493 1542 κατάραν.
3538 1469 3713 1522 Ἀλλὰ

2113 1558 2334 1608 σκοπεῖν
2363 1555 2444 1609 δεῖ
2487 1556 2548 1610 τὸ
2567 1559 2680 1622 τοῖς
2721 1557 3030 1631 ἀνθρώποις
3072 1558 3386 1614 λυσιτελοῦν
3414 1560 3507 1613 καὶ
3533 1563 3611 1630 μὴ
3640 1561 3713 1614 ὲν

3569 1652 3714 1723 ἠδύ-

412 1742 583 1798 Deus.
626 1742 875 1814 Namque
897 1745 1061 1801 etiam
1083 1755 1214 1801 ante
1238 1746 1352 1802 Noe
1380 1763 1587 1815 arcam,
1621 1748 1874 1803 homines
1913 1748 1996 1818 qui

2112 1757 2240 1792 νατο
2266 1740 2359 1795 καὶ
2383 1742 2489 1814 πρὸ
2516 1743 2616 1814 τῆς
2636 1742 2760 1797 Νῶε
2790 1744 3027 1798 κιϐωτοῦ
3047 1746 3173 1810 τοὺς
3196 1746 3318 1799 τότε
3341 1745 3712 1816 παραϐάντας

411 1845 779 1905 peccaverant
817 1846 1028 1906 poterat
1070 1837 1418 1894 interimere:
1460 1849 1642 1894 tamen
1685 1839 1737 1895 id
1788 1840 2006 1896 nonnisi

409 1936 539 1997 post
584 1943 770 1984 arcam
817 1929 967 1986 fecit.
1013 1929 1235 1987 Poterat
1285 1947 1507 2003 quoque
1548 1932 1757 2002 absque
1798 1931 2003 2004 Moyse,

409 2020 761 2076 solummodo
779 2021 982 2091 dicere,
1002 2023 1380 2095 populumque
1398 2024 1631 2080 educere
1651 2039 1718 2079 ex
1736 2021 1970 2096 Egypto
1989 2041 2002 2077 :

407 2121 468 2167 at
499 2112 551 2167 id
591 2128 692 2184 per
726 2112 968 2186 Moysem
1001 2114 1130 2185 ﬁeri
1183 2115 1566 2172 conveniebat.
1611 2113 2003 2170 Poterat-item

409 2201 561 2259 Deus
593 2204 860 2276 populum
893 2206 1012 2262 sine
1035 2205 1318 2278 judicibus
1349 2220 1679 2262 conservare
1705 2224 1719 2263 :
1759 2219 1948 2261 verum
1972 2219 2005 2262 e

405 2310 466 2352 re
499 2297 695 2367 populi
746 2306 864 2354 erat
907 2298 1122 2370 judices
1162 2313 1263 2370 pro
1314 2308 1560 2369 tempore
1597 2299 1820 2355 habere.
1857 2295 2000 2366 Quin

403 2388 570 2443 etiam
599 2390 716 2460 ipse
753 2389 1008 2446 Salvator
1032 2401 1246 2462 poterat
1277 2391 1345 2446 ab
1383 2392 1542 2447 initio
1586 2393 1844 2450 advenire
1870 2411 1885 2460 ;
1917 2394 2001 2451 vel

407 2487 702 2550 postquam
730 2481 971 2548 advenit,
992 2491 1209 2554 poterat
1235 2497 1343 2537 non
1371 2483 1508 2538 tradi
1537 2481 1742 2538 Pilato:
1763 2493 1999 2540 attamen

401 2571 461 2626 in
505 2573 614 2628 line
654 2575 984 2630 saaculorum
1021 2574 1264 2640 advenit,
1309 2583 1363 2629 et
1397 2575 1660 2645 quazsitus
1691 2575 1847 2644 dixit,
1885 2573 1998 2646 Ego

400 2679 523 2717 sunt
565 2665 606 2718 ⁸.
640 2663 801 2731 Quod
830 2666 976 2720 enim
1014 2664 1106 2721 ille
1130 2664 1282 2731 facit,
1315 2666 1369 2721 id
1411 2666 1726 2722 hominibus
1760 2667 1996 2737 expedit,

401 2768 504 2808 nec
545 2753 705 2810 aliter
740 2755 860 2810 ﬁeri
909 2755 1130 2812 decuit:
1167 2756 1313 2828 quod
1365 2765 1548 2812 autem
1593 2767 1648 2812 et
1687 2758 1905 2830 expedit
1945 2769 2000 2816 et

400 2847 578 2913 decet,
616 2848 668 2904 id
705 2849 824 2920 ipse
845 2859 1002 2904 curat
1028 2859 1081 2906 ct
1107 2851 1372 2921 providet.
1408 2847 1564 2906 Venit
1592 2851 1776 2922 itaque
1800 2867 1911 2908 non
1938 2860 2000 2910 ut

398 2939 480 2995 illi
511 2940 948 3007 ministraretur,
988 2943 1083 2999 sed
1117 2951 1174 2998 ut
1206 2943 1322 3013 ipse
1350 2943 1690 2999 ministraret
1725 2951 1778 3010 ²,
1816 2954 1870 2999 ct
1896 2959 1997 3000 no-

397 3033 484 3091 bis
521 3035 838 3091 restitueret
869 3036 1127 3091 salutem.
1157 3036 1318 3092 Certe
1348 3036 1566 3093 tametsi
1598 3036 1769 3108 legem
1797 3053 1828 3092 e
1855 3037 1996 3094 caelo

2099 3049 2188 3087 ται
2214 3032 2509 3105 σωτηρίαν.
2559 3031 2774 3103 Ἀμέλει
2805 3033 3102 3104 δυνάμενος

2107 1831 2428 1903 ἀνθρώπους
2456 1834 2720 1890 ἀπολέσαι
2739 1852 2753 1866 ⁶
2778 1835 2914 1889 ἀλλὰ
2939 1833 3078 1906 μετὰ
3098 1835 3196 1908 τὴν
3221 1836 3454 1890 κιϐωτὸν
3476 1837 3712 1910 πεποίη-

2107 1942 2222 1978 κεν.
2278 1925 2538 1980 Ἢδύνατο
2566 1927 2662 1979 καὶ
2694 1926 2864 1998 χωρὶς
2900 1927 3145 1990 Μωσέως
3177 1929 3272 1982 καὶ
3309 1929 3469 1999 μόνον
3495 1931 3707 1994 εἰπεῖν,

2106 2017 2198 2069 καὶ
2223 2016 2512 2086 ἐξαγαγεῖν
2544 2017 2635 2070 τὸν
2671 2018 2798 2072 λαὸν
2827 2018 2886 2085 ἐξ
2913 2017 3221 2087 Αἰγύπτου·
3269 2019 3407 2073 ἀλλὰ
3432 2022 3708 2094 συνέφερε

2103 2107 2191 2162 διὰ
2224 2108 2767 2173 Μωσέως.Ἦδύνατο
2795 2109 2888 2162 καὶ
2920 2108 3088 2182 χωρὶς
3115 2109 3224 2163 τῶν
3261 2111 3463 2184 κριτῶν
3502 2112 3710 2178 σώζειν

2102 2199 2195 2254 τὸν
2220 2199 2346 2254 λαὸν
2372 2203 2400 2254 6
2423 2200 2554 2266 Θεός
2574 2218 2587 2231 ο
2619 2199 2756 2255 ἀλλὰ
2787 2201 3052 2273 συνέφερε
3080 2205 3195 2267 τοῖς
3221 2203 3374 2268 λαοῖς
3550 2204 3713 2260 κατὰ

2103 2293 2296 2365 καιρὸν
2334 2292 2643 2366 ἐγείρεσθαι
2681 2293 2874 2365 κριτὴν
2927 2297 3129 2359 αὐτοῖς.
3195 2295 3460 2350 Ἦδύνατο
3496 2296 3590 2350 καὶ
3636 2298 3712 2365 ἐξ

2101 2385 2275 2457 ἀρχῆς
2300 2387 2329 2438 6
2350 2385 2537 2459 Σωτὴρ
2563 2384 2935 2456 ἐπιδημῆσαι,
2965 2385 2998 2457 ἢ
3028 2385 3196 2441 ἐλθὼν
3223 2388 3297 2460 μὴ
3323 2388 3709 2461 παραδοθῆναι

2101 2476 2320 2548 Πιλάτῳ
2340 2493 2353 2506 ·
2377 2476 2514 2530 ἀλλὰ
2533 2479 2626 2531 καὶ
2657 2477 2748 2532 ἐπὶ
2922 2479 3203 2551 συντελείᾳ⁸
3222 2481 3330 2536 τῶν
3359 2482 3570 2536 αἰώνων
3599 2479 3710 2554 ἦλ-

2102 2568 2160 2622 θε
2180 2608 2195 2634 ,
2227 2568 2324 2622 καὶ
2359 2568 2689 2641 ζητούμενος
2720 2565 2872 2625 εἷπεν
2893 2589 2907 2603 ·
2954 2571 3101 2642 Ἐγώ
3128 2575 3244 2644 εἰμι
3267 2591 3282 2606 ο
3331 2574 3361 2627 δ
3397 2573 3504 2645 γὰρ
3528 2578 3706 2639 ποιεῖ,

2099 2659 2257 2716 τοῦτο
2304 2661 2398 2715 καὶ
2428 2661 2697 2733 συμφέρει
2735 2664 2847 2726 τοῖς
2876 2663 3219 2735 ἀνθρώποις,
3257 2667 3351 2720 καὶ
3384 2667 3558 2732 ἄλλως
3592 2670 3710 2724 οὐκ

2099 2751 2308 2826 ἔπρεπε
2341 2752 2630 2824 γενέσθαι·
2662 2755 2756 2808 καὶ
2784 2755 2921 2828 ὅπερ
2948 2756 3005 2809 δὲ
3035 2759 3305 2830 συμφέρει
3336 2761 3431 2813 καὶ
3465 2763 3704 2832 πρέπει,

2096 2845 2288 2901 τούτου
2308 2847 2402 2901 καὶ
2423 2846 2682 2918 πρόνοιαν
2699 2851 2955 2904 ποιεῖται.
2973 2844 3147 2903 *Ηλθε
3169 2850 3321 2919 γοῦν,
3345 2852 3442 2922 οὐχ
3463 2852 3551 2905 ἴνα
3579 2852 3709 2906 δια-

2098 2939 2301 3013 κονηθῇ
2322 2979 2336 3004 ,
2368 2938 2482 2994 ἀλλ’
2515 2940 2602 2995 ἵνα
2634 2941 2927 3012 διακονήσῃ
2950 2981 2964 3004 ,
2994 2943 3093 3006 ,καὶ
3119 2942 3218 3014 τὴν
3257 2943 3412 3015 ἡμῶν
3446 2943 3704 3018 ἐργάση-

3269 3035 3376 3088 ἀπὸ
3407 3035 3501 3088 τοῦ
3527 3036 3707 3108 οὐρα-

396 3137 612 3198 poterat
628 3128 941 3195 enuntiare,
961 3128 1097 3182 vidit
1122 3139 1302 3182 tamen
1351 3128 1669 3184 hominibus
1690 3130 1996 3185 conducere

2100 3124 2193 3179 νοῦ
2225 3125 2458 3197 λαλῆσαι
2489 3125 2582 3179 τὸν
2613 3125 2806 3197 νόμον,
2841 3121 2981 3180 εἶδεν
3003 3167 3017 3190 ,
3051 3128 3132 3181 ὅτι
3159 3127 3426 3182 λυσιτελεῖ
3449 3132 3561 3192 τοῖς
3596 3132 3701 3185 ἁν-

397 3233 518 3272 cam
551 3234 582 3273 e
609 3227 795 3274 monte
832 3217 966 3274 Sina
1005 3218 1277 3288 proferri:
1317 3222 1464 3290 quod
1505 3220 1725 3291 quidem
1772 3219 1900 3275 fecit
1941 3229 1999 3276 ut

395 3318 450 3364 et
493 3307 709 3379 Moyses
741 3319 934 3379 posset
970 3311 1290 3377 ascendere,
1341 3319 1396 3366 et
1427 3312 1524 3379 illi,
1564 3312 1730 3367 verba
1770 3311 1997 3383 propius

395 3402 707 3470 audiendo,
754 3401 972 3458 facilius
1010 3404 1317 3460 crederent.
1358 3405 1752 3462 Verumtamen
1791 3416 1996 3479 quanta

394 3509 520 3548 cum
564 3493 778 3549 ratione
805 3495 859 3549 id
901 3493 1103 3550 factum
1147 3495 1331 3560 fuerit,
1374 3513 1441 3552 ex
1475 3497 1560 3553 liis
1588 3499 1895 3569 perspicere
1932 3498 1996 3554 li-

394 3592 501 3637 cet.
548 3580 606 3637 Si
647 3582 791 3639 Dens
834 3599 940 3654 pro
983 3601 1082 3641 sua
1125 3586 1370 3657 potentia
1411 3587 1663 3654 dixisset,
1708 3589 1996 3660 solutaque

392 3682 538 3729 esset
568 3673 917 3729 maledictio:
968 3677 1320 3746 apparuisset
1359 3678 1580 3748 quidem
1619 3679 1866 3748 jubentis
1897 3697 1995 3752 po-

391 3775 587 3831 testas,
613 3767 848 3838 talisque
882 3765 1061 3824 l'actus
1083 3768 1280 3825 fuisset
1299 3770 1465 3826 homo
1492 3772 1671 3842 qualis
1695 3773 1797 3828 fuit
1819 3773 1990 3828 Adam

391 3863 524 3906 ante
558 3861 870 3922 peccaturo,
913 3855 1008 3924 qui
1063 3855 1324 3912 nimirum
1370 3857 1600 3926 gratiam
1646 3858 1990 3914 extrinsecus

389 3943 706 4013 acciperet,
750 3961 851 3998 nec
921 3961 1042 3999 eam
1110 3946 1329 4017 corpori
1383 3961 1688 4001 conuexam
1745 3948 1986 4004 haberet.

389 4034 687 4090 Enimvero
720 4050 848 4091 cum
877 4035 1192 4106 istiusmodi
1223 4044 1372 4092 esset
1412 4037 1608 4104 Adam,
1648 4037 1700 4091 in
1729 4039 1988 4108 paradiso

389 4135 476 4182 est
525 4117 866 4185 eollocatus:
905 4128 1019 4182 imo
1056 4143 1186 4182 vero
1233 4125 1376 4183 forte
1423 4128 1577 4200 pejor
1629 4127 1808 4185 factus
1869 4141 1984 4196 est,

391 4219 597 4290 quippe
638 4220 732 4289 qui
774 4235 1003 4289 peccare
1051 4220 1324 4275 didicerit.
1365 4217 1525 4287 Quod
1564 4221 1643 4285 si,
1693 4237 1816 4276 cum
1866 4223 1988 4277 talis

391 4310 607 4368 fuisset.
641 4313 962 4383 contigisset
992 4328 1212 4383 quoque
1255 4323 1314 4367 ut
1349 4329 1378 4368 a
1417 4322 1668 4383 serpente
1703 4313 1984 4384 decipere-

2099 3215 2337 3288 θρώποις
2360 3217 2469 3270 ἀπὸ
2496 3214 2591 3270 τοῦ
2619 3217 2751 3270 Σινᾶ
2783 3216 3036 3288 λαλῆσαι,
3062 3216 3159 3269 καὶ
3187 3216 3345 3270 τοῦτο
3365 3217 3697 3290 πεποίηκεν,

2099 3307 2186 3370 ἕνα
2219 3307 2314 3360 καὶ
2346 3307 2556 3378 Μωσῆς
2605 3306 2874 3377 ἀναϐῆναι
2907 3307 3130 3380 δυνηθῇ,
3163 3309 3408 3362 κάκεῖνοι
3599 3311 3700 3364 τὸν

2097 3398 2252 3470 λόγον
2275 3398 2506 3469 ἐγγύθεν
2530 3399 2841 3464 ἀκούοντες,
2863 3399 3061 3470 μᾶλλον
3087 3399 3374 3455 πιστεῦσαι
3396 3401 3687 3473 δυνηθῶσι.

2097 3491 2243 3564 Πλὴν
2291 3494 2384 3546 καὶ
2419 3492 2480 3546 τὺ
2513 3490 2732 3562 εὔλογον
2764 3492 2858 3546 τοῦ
2889 3492 3179 3564 γενομένου
3211 3493 3438 3565 θεωρεῖν
3477 3493 3682 3558 ἔξεστιν

2095 3582 2346 3637 ἐντεῦθεν
2365 3601 2377 3614 ·
2410 3583 2472 3637 El
2501 3582 2589 3637 διὰ
2610 3584 2671 3638 τὸ
2695 3583 2920 3638 δυνατὸν
2944 3585 3176 3656 εἰρήκει,
3209 3586 3302 3639 καὶ
3471 3582 3683 3663 ὶλέλυτο

2095 3674 2128 3746 ἡ
2157 3675 2398 3746 κατάραι
2428 3674 2522 3728 τοῦ
2561 3675 2660 3747 μὲν
2681 3675 3035 3740 κελεύσαντος
3060 3677 3094 3747 ἡ
3121 3675 3352 3747 δύναμις
3375 3675 3694 3730 ἐπεδείκνυ-

2093 3785 2173 3832 το,
2209 3770 2237 3822 ὁ
2275 3768 2457 3840 μέντοι
2487 3767 2774 3840 ἄνθρωπος
2802 3768 3043 3834 τοιοῦτος
3075 3770 3286 3838 ὲγίνετο
3306 3809 3322 3834 ,
3355 3764 3466 3833 οἷος
3493 3764 3563 3840 ἦν
3591 3771 3697 3824 καὶ

2090 3859 2119 3910 6
2147 3858 2320 3929 Ἀδὰμ
2489 3859 2597 3934 πρὸ
2616 3859 2718 3930 τῆς
2741 3859 3126 3931 παραϐάσεως,
3155 3859 3352 3925 ἔξωθεν
3375 3859 3558 3914 λαϐὼν
3584 3861 3697 3934 τὴν

2091 3951 2250 4022 χάριν
2271 3990 2286 4015 ,
2335 3950 2431 4004 καὶ
2484 3950 2558 4024 μὴ
2602 3952 3058 4025 συνηρμοσμένην
3091 3952 3233 4024 ἔχων
3266 3953 3437 4026 αὐτὴν
3464 3953 3545 4024 τῷ
3575 3954 3692 4007 σώ-

2094 4059 2252 4112 ματι·
2285 4042 2527 4107 τοιοῦτος
2553 4043 2661 4116 γὰρ
2691 4043 2764 4098 ὢν
2797 4049 2890 4100 καὶ
2920 4047 3042 4100 τότε
3077 4047 3286 4102 τέθειτο
3311 4047 3370 4101 ὲν
3400 4045 3478 4120 τῷ
3502 4064 3693 4120 παρα-

2088 4135 2249 4205 δείσῳ
2269 4151 2282 4164 ·
2324 4135 2464 4207 τάχα
2497 4137 2552 4189 δὲ
2588 4138 2681 4190 καὶ
2707 4137 2906 4210 χείρων
2933 4139 3142 4206 ἐγίνετο
3161 4180 3175 4202 ,
3203 4140 3285 4195 ὅτι
3458 4141 3552 4194 καὶ
3574 4157 3690 4195 πα-

2090 4227 2370 4300 ραϐαίνειν
2408 4229 2748 4300 μεμάθηκεν.
2811 4232 2904 4283 Ὧν
2952 4229 3129 4285 τοίνυν
3174 4230 3413 4296 τοιοῦτος
3439 4271 3455 4297 ,
3503 4234 3553 4286 εί
3584 4235 3686 4288 καὶ

2089 4321 2505 4392 παραπὲπειστο
2549 4321 2656 4375 ὑπὸ
2687 4323 2780 4375 τοῦ
2823 4323 3002 4393 ὄφεως
3021 4363 3035 4386 ,
3087 4323 3298 4393 ἐγίνετο
3327 4323 3491 4377 πάλιν
3521 4326 3688 4394 χρεία

393 4417 501 4472 tur,
541 4405 712 4461 Deum
745 4407 945 4462 iterum
978 4406 1175 4478 jubere
1214 4418 1268 4463 et
1296 4407 1736 4462 maledictionem
1770 4408 1980 4463 solvere

2097 4412 2385 4484 προστάξαι
2405 4413 2495 4468 τὸν
2519 4414 2650 4467 Θεὸν
2673 4414 2768 4468 καὶ
2787 4413 2946 4469 λῦσαι
2967 4415 3066 4485 τὴν
3088 4415 3334 4487 κατάραν
3354 4433 3366 4446 ·
3393 4417 3486 4470 καὶ
3506 4415 3686 4484 οὕτως

389 4515 528 4570 opus
561 4500 777 4569 fuisset,
813 4515 992 4572 eoque
1031 4502 1194 4558 modo
1227 4501 1437 4558 nullum
1478 4501 1640 4556 linem
1678 4511 1974 4558 consecuta

385 4603 533 4650 esset
562 4593 884 4660 necessitas,
939 4592 1301 4660 hominesque
1330 4587 1689 4642 l'llilllOllllllllS
1717 4589 1795 4638 rei
1823 4598 1980 4637 man-

391 4685 615 4752 sissent,
656 4700 720 4740 ac
763 4692 988 4755 peccato
1033 4681 1371 4737 serviissent.
1412 4677 1488 4732 ita
1536 4685 1720 4731 autem
1769 4687 1984 4742 semper

392 4777 700 4846 peccando,
739 4791 958 4844 semper
995 4776 1342 4831 contionante
1372 4786 1512 4841 opus
1541 4769 1885 4829 habuissent,
1919 4779 1984 4820 ac

391 4866 623 4936 proinde
650 4882 931 4936 nunquam
973 4866 1209 4921 fuissent
1237 4863 1474 4929 liberati,
1508 4876 1633 4916 cum
1666 4874 1735 4915 ex
1777 4873 1836 4913 se
1882 4857 1984 4912 toti

395 4957 507 5010 sint
540 4957 749 5024 carnei,
792 4967 956 5027 atque
989 4958 1058 5012 ob
1079 4956 1261 5012 carnis
1283 4954 1658 5008 inlirmitatcm
1693 4949 1799 5021 legi
1835 4963 1984 5004 sem-

393 5061 492 5116 per
531 5047 914 5102 succumbant.

592 5156 862 5212 Praeterea
901 5159 945 5212 si
980 5157 1149 5212 Filius
1179 5174 1266 5212 res
1297 5168 1478 5213 creata
1507 5163 1672 5219 esset,
1705 5154 1871 5208 homo
1913 5153 1988 5206 ni-

397 5251 700 5306 hilominus
734 5251 983 5307 mortalis
1025 5260 1355 5316 remaneret,
1384 5259 1572 5320 ulpote
1606 5248 1830 5302 minime
1856 5263 1986 5302 cum

397 5342 508 5400 Deo
533 5344 843 5414 copulatus.
873 5342 982 5399 Nec
1005 5345 1152 5399 enim
1185 5360 1272 5401 res
1305 5345 1490 5413 aliqua
1521 5352 1706 5398 creata
1737 5357 1825 5396 res
1851 5341 1987 5396 alias

395 5448 610 5493 creatas
647 5453 774 5493 cum
812 5435 923 5492 Deo
953 5447 1134 5507 potest
1161 5438 1515 5508 conjungere,
1560 5450 1686 5488 cum
1713 5434 1828 5504 ipsa
1855 5449 1988 5489 con-

393 5529 708 5600 jungentem
771 5531 1010 5601 aliquem
1077 5541 1307 5602 quaerat.
1372 5527 1560 5599 Neque
1615 5543 1746 5598 pars
1805 5526 1987 5596 aliqua

398 5632 593 5677 creaue
621 5631 832 5678 naturae
857 5624 1088 5680 salutem
1117 5624 1194 5678 illi
1226 5634 1413 5695 posset
1445 5621 1640 5678 afferre
1680 5658 1696 5685 ,
1861 5634 1987 5677 cum

497 5782 511 5810 ³
541 5783 702 5840 Joan.
735 5801 890 5848 xvm,
926 5790 978 5843 5.
1051 5788 1071 5820 ’
1108 5787 1295 5844 Matth.
1326 5802 1416 5848 xx.
1441 5786 1531 5843 28.

2082 4506 2162 4568 είς
2186 4503 2412 4576 ἄπειρον
2446 4503 2656 4575 ἐγίνετο
2689 4506 2722 4575 ἡ
2759 4505 2917 4577 χρεία
2938 4545 2952 4569 ,
2985 4506 3078 4558 καὶ
3107 4505 3260 4560 οὐδὲν
3292 4501 3455 4578 ἦττον
3499 4507 3548 4559 οἱ
3582 4507 3684 4561 ἄν·

2090 4591 2297 4662 θρωποι
2327 4591 2517 4662 ἔμενον
2547 4589 2838 4657 ὑπεύθυνοι
2865 4631 2878 4653 ,
2915 4590 3256 4654 δουλεύοντες
3283 4594 3348 4662 τῇ
3395 4593 3648 4665 ἁμαρτίᾳ⁵
3667 4610 3682 4625 ·

2088 4683 2177 4737 ἀεὶ
2207 4682 2264 4736 δὲ
2293 4683 2697 4755 ἁμαρτάνοντες
2716 4721 2730 4745 ,
2774 4683 2860 4735 ἀεὶ
2886 4681 3096 4738 ἐδέοντο
3120 4682 3215 4735 τοῦ
3244 4682 3686 4755 συγχωροῦντος,

2091 4777 2185 4830 καὶ
2211 4776 2466 4828 οὐδέποτε
2500 4775 2919 4846 ἠλευθεροῦντο,
3131 4775 3333 4847 σάρκες
3369 4775 3520 4840 ὄντες
3556 4780 3687 4832 καθ’

2091 4867 2318 4929 ἑαυτοὺς
2337 4907 2352 4932 ,
2400 4866 2494 4920 καὶ
2529 4865 2614 4920 ἀεὶ
2643 4865 2946 4938 ἡττώμενοι
2988 4865 3068 4939 τῷ
3099 4866 3250 4938 νόμῳ
3278 4866 3366 4920 διὰ
3391 4868 3491 4939 τὴν
3519 4868 3689 4924 ἀσθέ-

2088 4975 2237 5013 νειαν
2269 4957 2369 5028 τῆς
2396 4957 2622 5030 σαρκός.

2270 5159 2438 5213 Πάλιν
2467 5177 2525 5213 τε
2555 5161 2602 5212 εί
2632 5161 2838 5231 κτίσμα
2878 5155 2945 5232 ἦν
2982 5163 3009 5214 ὁ
3052 5161 3211 5226 Υἱὸς,
3270 5161 3460 5232 ἔμενεν
3504 5163 3532 5214 6
3583 5162 3686 5215 ἄν-

2083 5252 2298 5323 θρωπος
2355 5253 2506 5306 οὐδὲν
2549 5249 2712 5324 ἦττον
2753 5252 2966 5323 θνητὸς,
3017 5253 3090 5324 μὴ
3142 5254 3548 5325 συναπτόμενος
3596 5255 3684 5326 τῷ

2081 5343 2200 5414 Θεῴ
2239 5357 2255 5374 ⁶
2410 5346 2470 5398 οὺ
2518 5344 2627 5416 γὰρ
2652 5345 2860 5415 κτίσμα
2902 5346 3140 5416 συνῆπτε
3189 5346 3257 5400 τὰ
3290 5347 3566 5417 κτίσματα
3596 5349 3682 5419 τῷ

2079 5433 2198 5505 Θεῷ
2217 5478 2231 5502 ,
2257 5433 2453 5506 ζητοῦν
2481 5437 2574 5489 καὶ
2601 5436 2734 5488 αὐτὸ
2754 5435 2845 5488 τὸν
2874 5437 3213 5500 συνάπτοντα
3236 5455 3248 5466 ·
3270 5438 3392 5491 οὐδὲ
3419 5439 3480 5492 τὸ
3509 5439 3682 5512 μέρος

2081 5527 2177 5598 τῆς
2223 5529 2454 5590 κτίσεως
2489 5525 2732 5597 σωτηρία
2765 5525 2862 5596 τῆς
2893 5527 3126 5593 κτίσεως
3168 5529 3232 5583 ἂν
3262 5530 3348 5601 εἴη
3369 5571 3384 5596 ,
3419 5531 3679 5600 δεόμενον

2081 5619 2172 5673 καὶ
2197 5620 2326 5673 αὐτὸ
2353 5619 2645 5690 σωτηρίας.
2674 5618 2793 5674 Ἴνα
2824 5611 2916 5673 οὖν
2949 5619 3086 5693 μηδὲ
3118 5621 3279 5676 τοῦτο
3406 5620 3632 5690 γένηται
3659 5662 3676 5689 ,
