4058 6412
298 417 401 488 401

1295 414 1678 479 PANOPLIA
1734 415 2199 481 DOGMATICA.
2234 441 2299 453 -·
2333 418 2610 482 ΤΙΤ.ΧΙ.

3474 417 3579 485 402

281 533 498 602 πέμπει
526 526 620 582 τὸν
663 527 868 582 ἑαυτοῦ
920 526 1081 594 Υίδν,
1137 528 1233 582 καὶ
1280 529 1488 597 γίνεται
1524 527 1638 593 υίὸς
1674 527 1887 600 ἀνθρώ-

1998 522 2113 593 ipsa
2149 520 2325 580 salute
2353 540 2576 598 quoque
2620 523 2881 597 indigeat.
2925 525 3083 594 Quod
3131 541 3198 581 ne
3235 528 3406 592 ﬂeret,
3442 524 3587 581 Dens

281 641 425 685 που,
464 620 560 693 τὴν
610 619 840 692 κτιστὴν
895 619 1075 691 σάρκα
1125 617 1340 674 λαϐώνο
1400 620 1499 684 ἵν’,
1535 619 1726 691 ἐπειδὴ
1754 620 1889 674 πάν-

287 732 372 777 τες
408 714 547 767 εἰσιν
580 712 878 766 ὑπεύθυνοι
915 712 993 784 τῷ
1028 712 1278 784 θανάτῳ,
1314 710 1474 776 ἄλλος
1505 711 1583 766 ὢν
1613 712 1722 765 τῶν
1757 712 1889 767 πάν-

279 826 393 862 των
413 849 429 871 ,
463 807 625 869 αὐτὸς
656 806 801 878 ὑπὲρ
832 806 1050 859 πάντων
1088 806 1148 860 τὸ
1191 805 1321 860 ῐδιον
1353 806 1515 878 σῶμα
1550 804 1629 876 τῷ
1669 803 1885 875 θανάτῳ

281 899 636 972 προσενέγκῃ
656 940 672 964 ,
718 900 814 952 καὶ
842 896 1029 952 λοιπὸν
1048 937 1063 963 ,
1092 898 1169 963 ὡς
1200 898 1417 953 πάντων
1451 898 1519 952 δι’
1550 897 1716 951 αὐτοῦ
1752 899 1889 952 ἀπο-

280 990 582 1054 θανόντων,
602 992 630 1044 6
657 990 756 1061 μὲν
774 990 933 1059 λόγος
952 990 1052 1061 τῆς
1074 990 1401 1060 ἀποφάσεως
1430 988 1692 1062 πληρωθῇ
1735 990 1893 1060 (πάν-

289 1102 380 1147 τες
405 1085 515 1155 γάρ
547 1082 823 1136 ἀπέθανον
857 1084 915 1136 έν
948 1081 1191 1155 Χριστῷ)
1212 1102 1227 1118 ο
1378 1082 1580 1146 πάντες
1603 1082 1660 1136 δὲ
1690 1082 1758 1136 δι’
1790 1082 1889 1136 αὒ-

291 1176 383 1231 τοῦ
407 1174 677 1244 γένωνται
707 1174 891 1227 λοιπὸν
920 1173 1195 1246 ἐλεύθεροι
1225 1173 1324 1245 μὲν
1349 1173 1457 1229 ἀπὸ
1481 1174 1581 1245 τῆς
1616 1173 1891 1245 ἁμαρτίας

289 1268 379 1320 καὶ
403 1267 507 1337 τῆς
528 1267 602 1320 δι’
630 1266 800 1338 αὐτὴν
823 1266 1092 1338 κατάρας,
1116 1265 1332 1336 άληθῶς
1350 1265 1409 1320 δὲ
1549 1266 1889 1338 διαμείνωσιν

279 1360 462 1415 εἰσαεὶ
521 1359 859 1422 ἀναστάντες
910 1360 975 1412 ὲκ
1031 1357 1275 1431 νεκρῶν,
1307 1358 1401 1410 καὶ
1454 1357 1755 1413 ἀθανασίαν
1795 1356 1890 1411 καὶ

279 1450 607 1523 ἀφθαρσίαν
636 1450 1011 1520 ἐνδυσάμενοι.
1042 1449 1149 1504 Τοῦ
1184 1448 1295 1520 γάρ
1314 1448 1488 1518 Λόγου
1522 1448 1890 1520 ὲνδυσαμένου

277 1546 383 1614 τὴν
412 1545 622 1616 σάρκα,
638 1543 824 1607 καθὼς
844 1542 1105 1606 πολλάκις
1129 1541 1420 1607 δέδεικται,
1448 1541 1556 1594 πᾶν
1582 1539 1682 1611 μὲν
1703 1540 1889 1612 δῆγμα

276 1636 378 1692 τοῦ
407 1638 592 1706 ὄφεως
619 1636 686 1689 δι’
720 1634 843 1689 ὅλου
875 1632 1276 1687 κατεσϐέννυτο
1308 1632 1404 1685 ἀπ’
1430 1632 1628 1703 αὐτῆς·
1663 1631 1794 1685 εἴτι
1824 1634 1890 1685 ὲκ

275 1733 391 1787 τῶν
427 1729 716 1803 σαρκικῶν
744 1727 1061 1799 κινημάτων
1088 1723 1354 1795 ἀνεφύετο
1378 1725 1568 1789 κακὸν,
1600 1722 1889 1789 ὲξεκόπτε-

277 1840 341 1877 το
359 1864 375 1890 ,
404 1824 507 1877 καὶ
536 1822 892 1893 συνανῃρεῖτο
1015 1818 1228 1881 τούτοις
1259 1818 1288 1870 6
1314 1816 1419 1887 τῆς
1454 1815 1733 1888 ἁμαρτίας
1760 1815 1891 1869 ἀκό-

1994 615 2082 670 sui
2114 615 2289 686 ipsius
2318 615 2519 672 Filium
2544 618 2718 687 misit,
2754 618 2849 690 qui
2891 628 3075 675 creata
3104 634 3269 675 carne
3304 628 3586 688 assumpta

1995 705 2175 764 iactus
2223 718 2307 765 est
2362 709 2508 766 ﬁlius
2543 710 2804 779 hominis,
2847 720 2907 767 ut
2956 712 3221 783 quoniam
3269 726 3465 767 omnes
3512 712 3588 767 rei

1990 806 2183 854 essent
2213 800 2430 869 mortis,
2465 800 2557 857 ille
2585 801 2678 872 qui
2712 801 2854 857 alius
2882 810 2970 857 est
3017 802 3087 857 ab
3130 802 3412 867 omnibus,
3459 817 3589 872 pro-

1990 892 2170 961 prium
2203 907 2406 963 corpus
2436 909 2534 964 pro
2560 896 2817 949 omnibus
2853 896 3013 950 morti
3046 896 3288 961 oﬂ‘crret,
3320 906 3485 966 atque
3514 896 3587 948 ita

1992 985 2255 1041 omnibus
2288 987 2457 1043 veluti
2485 1002 2581 1058 per
2611 988 2791 1059 ipsum
2826 991 3082 1057 mortuis,
3118 1000 3171 1045 rt
3200 991 3469 1045 sententia
3493 990 3589 1045 ad-

1992 1095 2211 1134 versum
2281 1097 2383 1137 nos
2433 1082 2540 1137 lata
2590 1083 2962 1153 compleretur
3023 1085 3254 1154 (omnes
3316 1085 3459 1139 enim
3532 1083 3587 1137 in

1992 1171 2212 1228 Christo
2244 1174 2446 1230 mortui
2479 1178 2659 1246 sunt),
2701 1186 2754 1230 et
2784 1191 2975 1231 omnes
3013 1176 3270 1245 deinceps
3304 1191 3333 1229 a
3362 1185 3588 1248 peccato

1992 1269 2045 1314 et
2085 1262 2489 1330 maledictione,
2525 1279 2649 1334 qua:
2676 1282 2740 1319 ex
2779 1280 2846 1320 e0
2878 1276 3064 1320 secuta
3110 1275 3213 1331 est,
3260 1282 3355 1337 per
3406 1268 3589 1337 ipsum

1993 1352 2189 1408 tierent
2225 1355 2402 1419 liberi,
2442 1372 2677 1426 vereque
2708 1358 2762 1411 in
2804 1366 3128 1427 perpetuum
3178 1371 3586 1427 permanerent,

1993 1443 2412 1502 immortalitate
2461 1457 2516 1504 et
2542 1450 2975 1519 incorruptione,
3014 1460 3306 1521 postquam
3344 1466 3592 1507 resurre-

1992 1538 2223 1604 xissent,
2254 1540 2453 1595 induti.
2486 1540 2736 1613 Namque
2768 1552 3058 1613 postquam
3098 1544 3333 1599 Verbum
3365 1560 3591 1601 carnem

1992 1630 2193 1699 induit,
2224 1641 2283 1687 ut
2306 1649 2450 1705 saepe
2480 1633 2689 1689 dictum
2716 1642 2823 1701 εει,
2855 1635 2924 1689 ab
2944 1652 3005 1690 ea
3038 1638 3345 1692 exstinctus
3376 1638 3595 1708 penitus

1991 1735 2077 1780 est
2101 1727 2373 1795 serpentis
2409 1741 2651 1791 morsus,
2687 1738 2742 1781 et
2773 1726 3042 1798 quidquid
3080 1728 3210 1782 mali
3241 1728 3595 1784 exoriebatur

1990 1832 2055 1873 ex
2090 1818 2277 1873 carnis
2320 1818 2581 1883 motibus,
2622 1819 2914 1888 praecisum
2945 1820 3171 1874 omnino
3205 1828 3310 1887 est,
3339 1837 3406 1876 ac
3436 1822 3594 1877 deni-

282 1914 475 1977 λουθος
502 1912 756 1976 θάνατος,
782 1911 859 1975 ὠς
892 1909 1054 1974 αὐτὸς
1075 1912 1104 1964 ό
1137 1908 1344 1981 Κύριός
1373 1925 1539 1980 φησιν
1557 1926 1571 1940 ·
1611 1910 1889 1978 Ἔρχεται

1998 1926 2096 1981 que
2124 1910 2243 1981 ipsa
2274 1927 2424 1967 mors
2456 1912 2665 1983 peccati
2696 1927 2883 1969 comes
2910 1913 3015 1969 fuit
3042 1913 3208 1969 simul
3244 1914 3593 1985 interempta,

281 2011 317 2064 δ
371 2007 583 2077 ὄρχων
626 2003 735 2057 τοῦ
774 2003 1009 2073 κόσμου
1042 2001 1288 2066 τούτου,
1329 2000 1431 2056 καὶ
1481 1998 1665 2057 οὐδὲν
1724 2001 1887 2070 εὑρί-

278 2115 421 2153 σκει
541 2096 615 2150 ὲν
639 2094 790 2165 ἐμοί’
817 2095 933 2161 καὶ,
955 2094 1059 2159 Εἰς
1086 2091 1263 2147 τοῦτο
1288 2090 1401 2163 γὰρ
1425 2090 1789 2162 ἐφανερώθη,
1811 2088 1890 2155 ὡς

278 2188 531 2260 ἔγραψεν
561 2189 592 2240 6
635 2186 888 2256 Ἰωάννης
912 2227 926 2253 ,
969 2185 1071 2239 ἵνα
1095 2184 1262 2253 λύσῃ
1290 2183 1363 2239 τὰ
1385 2183 1531 2255 ἔργα
1563 2183 1669 2238 τοῦ
1699 2183 1889 2238 διαϐό-

277 2288 418 2339 λου.
443 2281 667 2336 Τούτων
698 2280 755 2334 δὲ
884 2278 1154 2333 λυθέντων
1176 2278 1286 2332 ἀπὸ
1310 2278 1409 2349 τῆς
1435 2276 1660 2350 σαρκὸς,
1686 2277 1889 2342 πάντες

279 2378 426 2432 οὕτω
488 2374 635 2429 κατά
665 2372 764 2445 τὴν
791 2370 1110 2441 συγγένειαν
1142 2370 1244 2441 τῆς
1276 2370 1483 2443 σαρκὸς
1510 2369 1891 2441 ἠλευθερώθη-

284 2489 408 2543 μεν,
436 2469 539 2524 καὶ
557 2468 745 2522 λοιπὸν
775 2466 1021 2539 συνήφθη
1030 2483 1129 2538 μεν
1150 2466 1246 2520 καί¹
1273 2468 1438 2537 ἡμεῖς
1463 2466 1542 2538 τῷ
1557 2467 1735 2538 Λόγῳ.
1757 2467 1892 2521 Συν-

280 2564 559 2634 αςρθέντες
591 2562 649 2615 δὲ
680 2560 760 2632 τῷ
813 2559 933 2631 Θεῷ
955 2602 969 2627 ,
1004 2558 1187 2612 οὐκέτι
1224 2559 1322 2630 μὲν
1354 2559 1447 2612 ἐπὶ
1482 2558 1587 2631 γῆς
1619 2559 1892 2631 άπομένο-

283 2674 388 2729 μεν
415 2694 434 2721 ,
567 2655 684 2711 ἀλλ’
714 2654 789 2719 ὡς
817 2653 982 2717 αὐτὸς
1006 2645 1185 2720 εἶπεν,
1211 2651 1347 2705 ὅπου
1384 2651 1547 2717 αὐτὸς
1567 2691 1582 2717 ,
1615 2651 1710 2706 καὶ
1729 2653 1892 2724 ἡμεῖς

282 2747 549 2820 ἐσόμεθα.

844 2841 967 2895 Ἔτι
998 2844 1085 2908 είς
1106 2842 1172 2896 τὸ
1211 2842 1381 2898 αὑτό.

379 2930 444 2985 Et
471 2930 662 2985 τοίνυν
683 2933 748 3003 τῇ
778 2933 939 3005 σοφίᾳ
980 2934 1012 3003 ἠ
1042 2934 1115 3005 γῆ
1162 2934 1579 3003 τεθεμελίωται.
1614 2936 1729 3002 πῶς
1753 2937 1781 2990 6
1809 2938 1898 2993 θε-

312 3022 522 3091 μελιῶν
546 3021 933 3089 θεμελιοῦται;
976 3025 1136 3077 Ἀλλά
1164 3027 1548 3097 παροιμιωδῶς
1574 3030 1723 3081 ἐστιν
1751 3030 1903 3101 είρη·

310 3111 466 3177 μένον
484 3110 582 3163 καὶ
602 3108 776 3164 τοῦτο·
801 3111 893 3164 καὶ
908 3109 989 3164 δεῖ
1007 3113 1099 3166 καὶ
1115 3112 1302 3166 τούτου
1315 3112 1405 3166 τὸν
1423 3112 1547 3167 νοῦν
1699 3114 1901 3185 ζητεῖν,

1990 2010 2051 2055 ιιι
2077 2000 2191 2071 ipse
2226 2000 2493 2058 Dominus
2534 2003 2849 2074 huiusmodi
2893 2005 3076 2061 verbis
3115 2005 3393 2062 declarat:
3439 2003 3595 2061 Venit

1990 2094 2231 2163 princeps
2249 2095 2408 2165 hujus
2441 2097 2649 2163 mundi,
2672 2107 2722 2152 et
2744 2098 2877 2153 nihil
2904 2100 2957 2153 in
2989 2115 3069 2153 me
3096 2100 3309 2169 invenit
3347 2103 3386 2155 ¹.
3409 2101 3503 2156 Et:
3528 2098 3595 2155 In

1991 2187 2089 2241 lioc
2121 2189 2264 2242 enim
2295 2191 2569 2259 apparuit,
2602 2191 2682 2246 uti
2704 2191 3211 2264 scripsitloannes,
3252 2202 3305 2247 ut
3336 2193 3597 2249 dissolvat

1992 2297 2150 2350 opera
2179 2281 2385 2337 diaboli
2430 2289 2473 2338 ³.
2504 2281 2601 2339 His
2635 2295 2822 2340 autem
2855 2301 3021 2341 carne
3063 2286 3367 2355 dissolutis,
3401 2302 3595 2344 omnes

1991 2384 2213 2445 propter
2241 2374 2424 2430 carnis
2446 2377 2832 2445 cognationem
2864 2377 3082 2434 liberati
3110 2396 3327 2447 sumus,
3358 2379 3591 2451 jamque

1994 2481 2097 2521 nos
2125 2465 2290 2521 etiam
2315 2482 2440 2522 cum
2480 2466 2663 2524 Verbo
2703 2469 2944 2539 copulati
2980 2468 3209 2527 fuimus.
3262 2469 3435 2528 Porro
3470 2488 3595 2528 cum

1993 2556 2107 2615 Deo
2134 2560 2437 2629 conjuncti,
2471 2577 2580 2617 non
2615 2563 2854 2633 amplius
2885 2563 2939 2619 in
2979 2572 3123 2619 terra
3153 2565 3592 2627 remanebimus,

1994 2652 2114 2719 sed,
2150 2661 2211 2709 ut
2249 2653 2366 2726 ipse
2399 2653 2540 2710 dixit
2582 2654 2628 2720 ³,
2668 2654 2759 2711 ubi
2790 2654 2880 2712 ille
2926 2656 3052 2724 erit,
3086 2672 3187 2713 nos
3215 2672 3435 2728 quoque
3484 2657 3597 2713 eri:

1994 2758 2142 2802 mus.

2518 2844 2586 2896 In
2623 2839 2862 2897 eumdem
2898 2844 3092 2896 locum.

2081 2938 2135 2994 Si
2201 2936 2364 3009 igitur
2425 2932 2693 3006 sapientia
2758 2941 2957 2985 terram
3011 2927 3276 2989 fundavit,
3322 2928 3415 2996 qui
3474 2922 3589 2979 licti

2008 3038 2184 3099 potest
2238 3038 2295 3082 ut
2358 3025 2406 3081 is
2463 3023 2555 3096 qui
2616 3022 2840 3086 fundat,
2905 3020 3209 3074 fundctur?
3265 3017 3465 3073 Verum
3537 3017 3591 3071 id

2006 3110 2169 3164 etiam
2200 3110 2474 3179 proverbii
2526 3110 2699 3165 instar
2742 3109 2949 3165 uictum
3003 3119 3120 3178 est,
3155 3109 3383 3180 ejusque
3431 3110 3589 3167 nobis

306 3201 386 3254 ἵνα
422 3199 816 3271 γινώσκωμεν,
854 3202 936 3255 ὅτι
964 3205 1029 3273 τῇ
1061 3203 1158 3274 μὲν
1186 3204 1348 3274 σοφίᾳ
1374 3205 1401 3256 ὁ
1431 3204 1621 3277 Πατὴρ
1650 3206 1896 3279 δημιουρ-

2008 3202 2299 3273 qumrenda
2333 3201 2657 3273 signiﬁcatio
2690 3213 2775 3259 est
2800 3243 2815 3267 ,
2853 3211 2912 3259 ut
2942 3219 3342 3274 cognoscamus
3370 3201 3587 3258 Patrem

300 3294 405 3356 γεῖ,
431 3293 531 3343 καὶ
557 3290 803 3360 θεμελιοῖ
825 3290 923 3362 τὴν
943 3291 1047 3361 γῆν
1068 3292 1148 3356 εἰς
1173 3292 1234 3345 τὸ
1256 3287 1393 3346 εἶναι
1418 3294 1641 3366 ἑδραίαν
1667 3296 1762 3349 καὶ
1788 3295 1904 3349 δια-

303 3385 494 3452 μένειν
524 3383 702 3453 αὐτήν
725 3398 740 3412 ·
770 3382 909 3454 αὑτὴ
937 3382 994 3435 δὲ
1034 3385 1067 3455 ἡ
1114 3383 1274 3454 σοφία
1302 3385 1647 3457 ἐθεμελιοῦτο
1824 3390 1906 3453 εἰς

302 3477 477 3543 ἡμεῖς,
503 3475 591 3529 ἵνα
613 3475 757 3547 ἀρχὴ
774 3475 867 3529 καὶ
882 3474 1131 3546 θεμέλιος
1153 3477 1251 3548 τῆς
1274 3478 1468 3549 καινῆς
1490 3479 1647 3551 ἡμῶν
1674 3480 1905 3545 κτίσεως

312 3568 413 3619 καὶ.
443 3566 836 3629 ἀνακαινίσεως
870 3565 1115 3636 γένηται.
1175 3567 1288 3621 Οὐκ
1320 3569 1508 3640 εἴρηκε
1536 3569 1667 3639 γοῦν
1697 3570 1817 3623 οὐδὲ
1847 3572 1904 3625 ἐν

328 3656 537 3718 τούτοις
560 3656 582 3721 ‘,
706 3658 824 3730 Πρὸ
853 3656 946 3711 τοῦ
966 3655 1160 3723 αίῶνος
1181 3658 1353 3729 Λόγον
1372 3661 1405 3731 ἦ
1427 3659 1556 3713 Υίόν
1587 3677 1655 3732 με
1673 3658 1905 3734 πεποίη-

340 3763 437 3798 κεν
456 3785 470 3808 ,
503 3747 581 3800 ἵνα
610 3748 674 3820 μὴ
699 3750 777 3813 ὡς
811 3749 985 3821 ἀρχὴν
1010 3750 1108 3822 ἔχῃ
1137 3750 1230 3804 τοῦ
1263 3752 1529 3805 ποιεῖσθαι
1549 3768 1563 3781 ο
1612 3751 1771 3806 τοῦτο
1795 3752 1904 3826 γὰρ

333 3840 437 3911 πρδ
464 3841 666 3896 πάντων
687 3845 771 3898 δεῖ
799 3844 1001 3915 ζητεῖν,
1034 3847 1082 3899 εί
1112 3845 1241 3910 Υίός
1267 3845 1403 3909 ἐστι,
1436 3845 1530 3899 καὶ⁴
1558 3846 1688 3918 περὶ
1709 3844 1902 3900 τούτου

318 3930 417 3993 τὶς
445 3929 489 3982 Γ
488 3931 667 4001 pagi;
700 3934 1129 4005 προηγουμένως
1161 3936 1405 4008 ὲρευνᾷν.
1452 3935 1623 3991 Τοῦτο
1793 3935 1901 4010 γάρ

305 4025 400 4078 καὶ
414 4024 527 4079 τῶν
542 4026 858 4081 ἀποστόλων
886 4028 911 4079 ὲ
918 4027 1269 4099 ρωτηθέντων
1288 4029 1315 4081 6
1336 4029 1542 4101 Πέτρος
1574 4029 1905 4101 ἀπεκρίνατο

304 4117 477 4184 λέγων
496 4136 511 4150 ·
536 4118 626 4174 Σὺ
654 4114 711 4172 εἷ
735 4121 767 4172 ό
799 4118 1073 4188 Χριστὸς,
1108 4123 1140 4174 ό
1174 4119 1304 4186 Υἱὸς
1329 4121 1434 4176 τοῦ
1458 4121 1605 4176 Θεοῦ
1636 4121 1743 4177 τοῦ
1765 4121 1903 4183 ζῶν-

302 4227 402 4274 τος
433 4224 452 4241 ο
631 4210 790 4264 τοῦτο
824 4212 932 4283 γὰρ
967 4214 1061 4266 καὶ
1088 4212 1117 4265 6
1149 4214 1332 4286 πατὴρ
1358 4214 1459 4284 τῆς
1502 4213 1790 4286 Ἀρειανῆς
1821 4215 1901 4269 ai-

306 4301 513 4369 ρέτεως
538 4302 599 4354 ὲν
630 4301 868 4373 πρώτοις
890 4301 1195 4375 ἠρώτησεν,
1242 4306 1310 4358 Εἰ
1345 4304 1477 4372 Υἱὸς
1503 4301 1560 4359 εἶ
1578 4306 1686 4360 τοῦ
1727 4306 1896 4360 Θεοῦ.

2007 3295 2275 3366 sapientia
2308 3308 2497 3349 creare
2530 3302 2585 3350 et
2615 3293 2845 3351 fundare
2873 3303 3103 3360 terram,
3140 3303 3200 3349 ut
3225 3294 3379 3349 ﬁrma
3402 3303 3454 3349 et
3478 3303 3590 3348 sta-

2008 3387 2133 3443 bilis
2192 3394 2508 3458 permaneat
2566 3405 2580 3442 :
2646 3386 2819 3456 ipsam
2872 3401 3003 3441 vero
3050 3387 3369 3456 sapientiam
3415 3388 3589 3441 nostri

2006 3494 2173 3535 causa
2196 3494 2319 3535 esse
2343 3478 2647 3546 fundatam,
2672 3488 2732 3533 ut
2755 3478 3005 3533 videlicet
3031 3487 3231 3533 nostra:
3254 3493 3409 3532 novae
3434 3494 3590 3533 creas

2008 3565 2173 3623 tionis
2222 3574 2277 3623 et
2321 3567 2697 3622 renovationis
2742 3566 3071 3637 principium
3108 3566 3260 3621 ﬁeret
3291 3575 3346 3621 et
3396 3566 3591 3621 funda-

2007 3666 2272 3713 mentum.
2302 3655 2442 3713 Hinc
2465 3673 2566 3713 nec
2599 3673 2664 3713 eo
2696 3657 2749 3711 in
2781 3659 2903 3713 loco
2937 3658 3047 3713 ait:
3084 3657 3223 3712 Ante
3258 3672 3432 3712 aevum
3465 3656 3590 3711 νιτ-

2007 3749 2136 3805 bum
2165 3748 2251 3804 vel
2289 3747 2491 3803 Filium
2538 3765 2626 3803 me
2672 3748 2834 3813 fecit,
2872 3765 2939 3804 ne
2977 3749 3137 3818 quasi
3191 3748 3440 3816 initium,
3481 3766 3590 3820 quo

2006 3840 2123 3895 ﬁeri
2150 3840 2434 3911 cmpisset,
2473 3841 2676 3896 habere
2702 3840 3033 3896 crederetur.
3077 3838 3323 3913 Namque
3369 3843 3422 3897 id
3463 3852 3589 3896 ante

2007 3931 2190 3989 omnia
2222 3931 2579 4003 quaerendum
2612 3941 2728 3999 est,
2759 3933 2806 3988 si
2858 3948 3053 4004 nempe
3099 3931 3269 3991 Filius
3320 3932 3434 4003 ipse
3468 3945 3585 3994 est,

2005 4038 2179 4094 eaque
2211 4024 2279 4079 de
2303 4039 2360 4078 re
2392 4022 2689 4093 Scriptura!
2721 4032 2848 4080 sunt
2870 4024 3140 4095 prazcipue
3171 4025 3499 4079 scrutandm.
3532 4023 3585 4077 Id

2006 4114 2151 4168 enim
2182 4130 2307 4169 cum
2350 4114 2821 4184 interrogarentur
2854 4122 2909 4169 et
2954 4113 3057 4183 ipsi
3090 4114 3357 4184 apostoli,
3390 4113 3589 4169 Petrus

2004 4207 2075 4261 ita
2100 4206 2410 4276 respondit:
2444 4204 2521 4260 Tu
2551 4223 2603 4262 es
2636 4206 2903 4273 Christus,
2931 4204 3110 4260 Filius
3145 4205 3243 4261 Dei
3278 4207 3492 4262 viventis
3539 4208 3580 4256 ⁵.

2003 4294 2149 4351 Idem
2206 4312 2336 4352 vero
2393 4305 2447 4352 et
2499 4296 2617 4366 ipse
2645 4306 2800 4367 pater
2846 4296 3065 4353 Arianae
3103 4296 3328 4352 haeresis
3378 4297 3431 4351 in
3479 4298 3589 4367 pri-

306 4395 462 4466 ᾜδει
493 4394 610 4467 γάρ
630 4434 646 4459 ,
676 4394 757 4449 ὅτι
780 4396 936 4450 τοῦτό
964 4398 1112 4453 ἐστιν
1139 4400 1173 4470 ἡ
1199 4397 1421 4470 ἀλήθεια
1450 4438 1463 4461 ,
1513 4398 1605 4452 καὶ
1626 4397 1687 4451 τὸ
1713 4397 1896 4470 κύριον

2004 4392 2107 4445 mis
2136 4399 2528 4461 percunctatus
2557 4400 2673 4458 est,
2698 4390 2758 4450 Si
2787 4389 2965 4445 Filius
2995 4390 3094 4445 Dei
3125 4408 3178 4445 es
3237 4391 3275 4445 ⁸.
3302 4388 3417 4446 Hoc
3442 4391 3585 4446 enim

301 4487 399 4558 τῆς
422 4487 671 4551 πίστεως
689 4487 843 4558 ἡμῶν
860 4506 871 4519 ·
893 4490 988 4542 καὶ
1004 4490 1105 4556 ὅτι,
1124 4489 1218 4543 ὲὰν
1239 4490 1338 4561 μὲν
1357 4489 1518 4553 αὐτὸς
1537 4484 1611 4565 ᾔό
1728 4487 1856 4552 Υξδς
1882 4531 1894 4553 .

299 4578 455 4641 τέλος
486 4577 603 4642 ἔξει
628 4579 661 4649 ἡ
687 4579 965 4653 διαόολικὴ
995 4582 1276 4654 τυραννίς·
1303 4582 1397 4637 ἐὰν
1423 4582 1477 4635 δὲ
1503 4582 1708 4654 κτίσμα
1732 4577 1789 4656 ᾖ,
1820 4578 1901 4648 εἷς

300 4668 420 4721 ἔστι
451 4669 552 4723 καὶ
591 4669 755 4736 αὐτὸς
798 4670 906 4723 τῶν
936 4672 1001 4724 ὲκ
1045 4671 1138 4725 τοῦ
1194 4672 1365 4745 Ἀδὰμ
1388 4672 1482 4727 τοῦ
1528 4673 1901 4744 ἀπατηθέντος

300 4762 442 4829 παρ’
474 4759 647 4813 αὐτοῦ
675 4799 692 4826 ,
871 4763 966 4817 καὶ
994 4764 1218 4836 οὐδεμία
1252 4766 1470 4838 φροντὶς
1508 4761 1576 4838 ἦν
1606 4764 1772 4837 αὐτῷ.
1803 4766 1900 4820 Διὰ

297 4852 466 4904 τοῦτο
494 4852 591 4905 καὶ
618 4853 668 4905 ol
697 4852 816 4906 τότε
847 4854 1088 4910 Ἰουδαῖοι
1116 4858 1482 4928 ἠγανάκτουν,
1510 4860 1589 4913 ὅτι
1636 4860 1665 4911 6
1693 4859 1898 4933 Κύριος

300 4941 436 4994 mu
453 4940 595 4994 Θεοῦ
623 4942 813 4998 ἑαυτὸν
834 4944 929 4999 καὶ
958 4946 1181 5018 Πατέρα
1204 4947 1333 5002 ίδιον
1357 4948 1545 5018 ἔλεγεν
1707 4948 1899 5004 ἑαυτοῦ

297 5027 447 5087 εἶναι
476 5034 574 5087 τὸν
603 5033 755 5091 Θεόν.
788 5036 849 5090 Ei
878 5038 987 5111 γὰρ
1021 5034 1090 5111 ἦν
1110 5039 1301 5094 ἑαυτὸν
1334 5039 1429 5094 ἕνα
1451 5039 1557 5094 τῶν
1582 5038 1900 5110 κτισμάτων

296 5124 550 5197 εἰρηκὼς
570 5166 584 5190 ,
625 5126 658 5199 ἦ
683 5128 764 5182 ὃτι
789 5129 1011 5202 Ποίημά
1038 5132 1156 5202 είμι
1177 5171 1191 5196 ,
1224 5132 1323 5187 οὐκ
1351 5130 1901 5201 ὲξενίζοντοοάκούον-

292 5236 430 5283 τες,
466 5219 593 5273 οὐδὲ
630 5219 979 5295 βλασφημίαν
1009 5224 1257 5295 ἐνόμιζον
1290 5222 1360 5277 τὰ
1390 5221 1614 5278 τοιαῦτα
1652 5225 1895 5296 ῥήματα,

294 5311 509 5375 σίδότες
546 5313 643 5368 καὶ
673 5314 922 5383 ἀγγέλων
950 5316 1248 5388 ἐπιδημίαν
1274 5316 1571 5389 γενομένην
1604 5317 1740 5389 πρὸς
1771 5317 1897 5380 τοὺς

298 5402 555 5474 πατέρας
576 5420 590 5433 ·
618 5403 732 5458 ἀλλ’
757 5404 947 5477 ἐπειδὴ
980 5406 1106 5461 Υίδν
1130 5406 1323 5462 ἑαυτὸν
1358 5406 1542 5476 ἔλεγεν
1565 5448 1584 5477 ,
1737 5405 1898 5461 ἐθεώ-

301 5510 440 5566 ρουν
472 5492 554 5566 μὴ
574 5492 875 5565 κτίσματος
905 5489 1046 5548 εἶναι
1073 5507 1136 5549 το
1159 5492 1400 5550 τοιοῦτον
1420 5493 1734 5568 γνώρισμα,
1761 5494 1898 5551 ἀλλὰ

300 5587 565 5661 θεότητος
591 5588 684 5643 καὶ
713 5588 934 5661 φύσεως
963 5588 1263 5663 πατρικῆς.

379 5861 392 5893 ¹
422 5859 581 5923 Joan.
616 5878 739 5930 xiv,
766 5859 861 5917 50.
941 5859 1003 5914 ²Ι
1033 5857 1192 5917 Joan.
1225 5878 1305 5931 Ill,
1340 5864 1393 5920 8.
1472 5865 1491 5897 ³
1522 5863 1681 5921 Joan.
1718 5881 1829 5932 xiv,
1863 5867 1915 5921 5.

2002 4482 2291 4537 veritatem
2321 4491 2375 4536 et
2406 4483 2743 4553 pracipuum
2774 4492 2975 4538 nostra:
3005 4482 3128 4538 ﬁdei
3172 4481 3586 4541 fundamentum

2002 4590 2124 4630 esse
2156 4590 2271 4631 non
2301 4575 2627 4646 ignorabat,
2660 4584 2747 4639 et,
2786 4574 2833 4631 si
2867 4574 2982 4644 ipse
3015 4585 3161 4629 esset
3192 4572 3388 4641 Filius,
3422 4573 3585 4627 tinem

2004 4666 2312 4721 habituram
2346 4680 2470 4721 esse
2501 4665 2828 4721 diabolicam
2864 4665 3207 4739 tyrannidem
3243 4685 3258 4722 :
3286 4668 3371 4720 sin
3404 4675 3586 4724 autent

2003 4769 2222 4815 creatus
2261 4767 2449 4827 esset,
2486 4775 2656 4814 unum
2714 4773 2935 4833 quoque
2989 4774 3115 4813 eum
3169 4774 3293 4815 esse
3332 4774 3401 4814 ει
3456 4759 3589 4814 Adae

2003 4853 2241 4923 posteris
2280 4867 2443 4925 quem
2479 4851 2611 4905 olim
2636 4850 2887 4921 decepit,
2930 4851 3270 4923 proindeque
3308 4851 3441 4905 nihil
3484 4852 3588 4907 hoc

2004 4945 2308 5000 curandum
2332 4959 2473 4999 esse.
2494 4942 2569 4996 Ea
2596 4942 2849 4998 similiter
2872 4942 2940 4997 de
2963 4958 3131 5003 causa
3146 4942 3319 4999 Judaﬂ
3342 4944 3590 5015 indigna-

2003 5036 2203 5090 bantur
2224 5075 2239 5100 ,
2276 5036 2423 5108 quod
2449 5033 2716 5089 Dominus
2747 5049 2807 5091 se
2836 5033 3035 5090 Filium
3062 5035 3192 5103 Dei,
3217 5045 3271 5091 ct
3296 5035 3464 5091 Deum
3501 5039 3589 5093 sui

2002 5129 2285 5200 proprium
2319 5126 2534 5184 Patrem
2564 5129 2792 5183 diceret.
2827 5126 2963 5182 Nam
2997 5128 3042 5184 si
3079 5145 3139 5185 se
3172 5145 3338 5185 unam
3372 5145 3403 5185 e
3434 5146 3589 5185 crea-

2004 5222 2072 5275 tis
2096 5218 2259 5274 rebus
2287 5220 2369 5275 vel
2398 5219 2601 5275 l'actum
2632 5235 2752 5275 esse
2800 5220 3060 5287 dixisset,
3119 5222 3257 5277 nihil
3313 5222 3436 5276 illos
3466 5236 3587 5290 per-

2004 5312 2321 5367 turbassent
2356 5311 2674 5383 bujusmodi
2697 5311 2893 5375 verba,
2926 5328 3027 5368 nec
3080 5313 3248 5383 impia
3280 5327 3403 5373 esse
3446 5311 3586 5380 judi-

2003 5414 2249 5469 cassent,
2286 5411 2479 5473 utpote
2510 5402 2712 5475 quibus
2743 5418 2850 5459 non
2878 5402 3080 5458 latebat
3101 5403 3326 5475 angelos
3359 5400 3489 5452 olim
3514 5397 3585 5451 ad

2000 5511 2135 5554 suos
2158 5503 2340 5566 patres
2373 5492 2694 5549 accessisse.
2724 5491 2924 5548 Verum
2954 5494 3084 5562 quia
3114 5506 3172 5546 se
3203 5488 3402 5544 Filium
3427 5487 3578 5543 dice-

2003 5589 2116 5653 bal,
2158 5588 2209 5641 id
2247 5602 2352 5640 non
2389 5587 2467 5640 rei
2514 5594 2733 5651 creata,
2766 5584 2861 5639 sed
2895 5584 3197 5639 divinitatis
3250 5596 3313 5636 ac
3344 5588 3585 5651 paterna:

2004 5690 2213 5736 natura:
2247 5690 2431 5733 notam
2464 5692 2587 5733 esse
2616 5675 3037 5746 perspiciebant.

1995 5868 2015 5899 ⁸
2053 5866 2241 5923 Mat'h.
2278 5882 2388 5930 xu,
2436 5865 2516 5918 l6.
2596 5866 2617 5897 ⁸
2652 5864 2841 5918 Matth.
2884 5879 2957 5926 ιν,
2990 5864 3043 5919 6.
