4058 6420
473 384 582 450 όθ3
1678 383 1781 447 EU
1794 380 2066 445 l‘HYtlill

2135 376 2493 461 moneam
3631 372 3737 438 tot

668 496 775 553 Par
813 496 1003 570 itaque
1023 501 1139 550 erat
1162 492 1397 547 Arianos
1429 490 1619 551 saltem
1646 490 2053 549 suum‘imitari
2084 493 2132 561 Α

2350 488 2499 542 Ἔδει
2524 486 2703 543 τοίνυν
2733 487 2860 552 τοὺς
2904 488 3246 561 ’Δρειανοὺς,
3289 486 3391 545 κᾶν
3416 486 3508 543 τὸν
3534 491 3747 561 πατέρα

469 600 680 663 patrem
698 588 1000 654 diabolum,
1016 586 1258 658 quidque
1281 585 1358 640 rei
1374 593 1520 641 esset
1538 583 1838 654 inquirere,
1863 585 1936 640 ita
1971 594 2051 649 ut,

2158 580 2364 637 ἑαυτῶν
2392 579 2484 635 τὸν
2511 579 2759 635 διάϐολον
2804 579 3175 652 μιμουμένους
3198 620 3217 646 ,
3246 578 3715 652 περιεργάζεσθαι
3734 598 3749 612 ’

470 685 520 739 si
551 683 779 739 dixisset
800 680 1040 752 quidem,
1083 677 1312 735 Verbum
1340 677 1425 734 vel
1454 676 1657 733 Filium
1677 691 1765 733 me
1782 675 2053 745 fundavit,

2156 673 2252 727 καὶ
2279 672 2329 725 εἰ
2365 671 2464 744 μὲν
2495 671 2685 743 εἴρηκε
2705 709 2721 737 ,
2748 670 2977 745 Λόγονῆ
3003 671 3131 726 Υίόν
3164 686 3231 742 με
3397 669 3752 742 ὲθεμελίωσε,

471 774 616 831 idem
652 774 916 830 sentirent
948 779 1113 842 atque
1138 784 1285 826 nunc
1301 769 1548 827 sentiunt
1572 789 1585 824 :
1612 778 1667 825 at
1700 768 1749 825 si
1793 784 1904 827 non
1938 769 2055 825 btec

2157 766 2411 836 φρονεῖν,
2463 763 2540 827 ὡς
2571 761 2861 834 φρονοῦσιν
2893 778 2907 793 ·
2953 763 3001 816 εί
3046 762 3103 817 δὲ
3152 762 3226 835 μὴ
3280 760 3456 827 οὕτως
3508 761 3703 834 εἴρηκε
3736 804 3752 829 ,

470 865 591 936 ejus
623 873 808 921 essent
835 864 1000 920 verba
1021 904 1037 930 ,
1068 878 1135 918 ea
1167 877 1388 934 quoque
1411 877 1535 933 quae
1577 877 1686 917 non
1719 870 1904 917 essent
1940 876 2053 916 non

2159 857 2234 930 μὴ
2261 856 2493 912 ἐπινοεῖν
2522 856 2732 919 ἑαυτοῖς
2890 853 2973 923 διὰ
3004 854 3078 925 μὴ
3111 853 3259 907 ὄντα.
3296 854 3370 906 Οὐ
3400 852 3508 925 γὰρ
3533 855 3753 926 εἴρηκε,

469 954 1037 1011 oomminiscerentur.
1090 955 1206 1009 Nec
1255 953 1401 1008 enim
1454 952 1624 1019 dixit,
1678 951 1819 1006 Ante
1876 966 2052 1006 aevum

2154 951 2269 1022 Πρὸ
2311 948 2405 1004 τοῦ
2439 948 2634 1013 αἰῶνος
2671 948 2845 1017 Λόγον
2876 946 2909 1020 ἢ
2938 946 3067 1001 Υἱόν
3099 963 3169 1016 με
3198 945 3559 1018 ὲθεμελίωσεν
3580 965 3593 978 ’
3632 946 3754 1001 ἀλλ’

468 1046 710 1103 Verbum
746 1046 830 1102 vel
868 1045 1068 1101 Filium
1102 1061 1190 1102 me
1214 1044 1499 1110 fundavit,
1533 1043 1627 1101 sed
1664 1051 1899 1109 tantum,
1931 1042 2054 1113 fun-

2155 1041 2376 1115 ἁπλῶς,
2421 1038 2780 1106 ἐθεμελίωσέ
2802 1056 2908 1109 με,
2944 1037 3031 1092 ἵνα
3062 1037 3210 1109 δείξῃ
3246 1037 3441 1103 πάλιν,
3492 1036 3756 1108 καθάπερ

466 1143 615 1197 davit
637 1158 747 1208 me,
807 1149 867 1195 ut
909 1140 1171 1195 nimirum
1230 1138 1530 1202 indicaret,
1583 1135 2051 1209 quemadmodum

2153 1131 2308 1191 εἷπον
2327 1174 2344 1202 ,
2373 1133 2455 1189 ὅτι
2484 1132 2546 1189 οὐ
2577 1132 2643 1187 δι’
2675 1132 2901 1198 ἑαυτὸν,
2929 1129 3020 1184 διὰ
3047 1128 3104 1182 δὲ
3129 1130 3255 1193 τοὺς
3288 1128 3754 1201 ἐποικοδομούμε-

463 1232 577 1306 jam
597 1230 917 1293 observavi,
939 1244 1047 1284 non
1077 1238 1297 1298 prepter
1327 1244 1408 1295 se,
1441 1228 1534 1282 sed
1563 1236 1782 1298 propter
1810 1227 1932 1283 illos
1957 1227 2053 1297 qui

2153 1244 2278 1292 νους
2486 1226 2574 1285 ἐπ’
2605 1225 2768 1281 αὑτὸν
2810 1220 3201 1297 παροιμιωδῶς
3230 1223 3325 1278 καὶ
3368 1221 3529 1276 τοῦτο
3573 1222 3753 1290 λέγει.

467 1338 633 1393 super
662 1322 841 1395 ipsum
862 1321 1202 1376 aediﬁcantur
1223 1320 1405 1387 ,‘lnec,
1436 1318 1713 1390 proverbii
1740 1318 1934 1386 instar,
1971 1319 2053 1375 lo-

2155 1316 2325 1377 Τοῦτο
2348 1316 2456 1389 γάρ
2482 1314 2639 1380 εἰδὼς
2678 1316 2774 1370 καὶ
2811 1318 2839 1369 ό
2879 1314 3199 1379 ’Λπὸστολος
3221 1314 3424 1387 γράφει
3455 1329 3471 1345 ·
3644 1314 3757 1367 Θε-

466 1424 652 1470 rutum
685 1427 826 1469 esse.
864 1410 919 1466 Id
943 1412 1145 1482 optime
1192 1411 1528 1482 intelligebat
1581 1410 1878 1482 Apostolus
1924 1425 2051 1465 cum

2156 1408 2366 1479 μέλιον
2386 1407 2495 1482 γὰρ
2521 1407 2717 1465 ἄλλον
2749 1406 2947 1474 οὐδεὶς
2972 1406 3223 1463 δύναται
3248 1405 3432 1462 θεῖναι
3456 1402 3616 1472 παρὰ
3638 1402 3758 1458 τὸν

465 1505 541 1563 ita
569 1504 791 1576 scripsit
832 1522 845 1558 :
893 1501 1322 1557 Fundamentum
1361 1499 1516 1556 aliud
1570 1517 1719 1555 nemo
1758 1508 1925 1571 potest
1955 1515 2052 1570 po-

2155 1502 2451 1573 κείμενον,
2485 1500 2553 1569 ὅς
2581 1500 2752 1556 ἐστιν
2786 1500 3029 1571 Ἰησοῦς
3055 1500 3331 1571 Χριστός.
3361 1499 3657 1565 Ἕκαστος
3679 1497 3756 1553 δὲ

466 1612 626 1660 nere,
657 1604 851 1666 prwter
891 1595 942 1648 id
981 1595 1118 1665 quod
1152 1594 1380 1665 positum
1427 1601 1540 1661 est,
1579 1592 1718 1662 quod
1770 1602 1845 1647 est
1891 1589 2049 1645 Iesus

2153 1593 2450 1661 βλεπέτω,
2503 1591 2631 1661 πῶς
2681 1591 3079 1663 ἐποικοδομεῖ.
3158 1658 3165 1665 ι
3292 1591 3532 1660 Ἀνάγκη
3562 1588 3620 1643 δὲ
3650 1589 3755 1644 τὸν

466 1686 731 1749 Christus.
785 1683 1150 1757 Unusquisque
1196 1694 1371 1738 autem
1438 1682 1609 1736 videat
1652 1681 1912 1752 quomodo
1954 1698 2048 1737 εα-

2154 1686 2403 1760 θεμέλιον
2436 1684 2676 1741 τοιοῦτον
2709 1681 2868 1751 εἶναι,
2899 1679 2988 1749 οἷα
3021 1684 3119 1741 καὶ
3146 1684 3218 1743 τὰ
3243 1683 3756 1757 ὲποικοδομούμενά

464 1775 787 1852 permit/teet
839 1779 879 1832 ί.
910 1774 1084 1833 Porro
1127 1789 1351 1830 necesse
1385 1782 1467 1831 est
1513 1783 1573 1829 ιιι
1597 1773 1704 1829 tale
1748 1775 1820 1831 sit
1850 1772 2047 1831 funda—

2152 1780 2319 1843 ἐστιν,
2350 1779 2437 1833 ἵνα
2464 1778 2557 1833 καὶ
2584 1777 3111 1850 συναρμολογεῖσθαι
3156 1776 3380 1850 δυνηθῇ.
3433 1777 3605 1846 Λόγος
3642 1777 3754 1848 μὲν

465 1880 712 1925 mentum
735 1868 917 1941 qualia
942 1876 1071 1923 sunt
1104 1881 1227 1938 quae
1256 1881 1424 1937 super
1451 1866 1631 1937 ipsum
1667 1866 2009 1923 aediﬁcantur
2029 1906 2044 1931 ,

2152 1864 2243 1927 οὖν
2271 1868 2347 1924 ὢν
2364 1910 2380 1926 .
2471 1868 2641 1938 Λόγος
2674 1869 2853 1928 ἐστὶν,
2880 1870 2982 1924 οὐκ
3012 1868 3125 1940 ἔχει
3149 1868 3424 1934 τοιούτους
3445 1908 3460 1935 ,
3488 1864 3599 1934 οἷός
3625 1870 3754 1922 ἐστι

464 1972 528 2017 ιιι
554 1961 698 2017 inter
724 1976 784 2018 se
824 1959 1041 2032 possint
1071 1967 1194 2031 apte
1238 1973 1560 2031 congruere.
1598 1958 1761 2028 Atqui
1802 1968 1859 2014 ut
1909 1956 2046 2014 Ver—

2152 1962 2246 2016 xa‘t
2271 1960 2433 2026 αὐτὸς
2455 1998 2476 2026 ,
2634 1961 2760 2024 τοὺς
2790 1961 3398 2035 συναρμολογουμένους
3427 1962 3574 2034 αὐτῷ
3593 1980 3607 1993 ·
3641 1979 3749 2034 μου

464 2053 636 2121 bum,
664 2052 1037 2124 tales,qualis
1285 2060 1339 2106 et
1382 2050 1497 2121 ipse
1538 2058 1658 2113 est,
1707 2051 1800 2120 qui
1860 2064 2046 2105 secum

2150 2054 2374 2126 νογενὴς
2404 2054 2513 2125 γάρ
2541 2054 2689 2109 ἐστιν
2708 2071 2720 2084 ’
2751 2051 3037 2125 ἄνθρωπος
3059 2053 3116 2109 δὲ
3164 2052 3457 2125 γενόμενος
3477 2052 3589 2125 ἔχει
3614 2054 3752 2116 τοὺς

465 2144 796 2207 conveniant
831 2143 1030 2198 habere
1082 2158 1191 2199 non
1232 2152 1452 2221 potest,
1510 2141 1751 2213 quippe,
1802 2157 1926 2197 cum
1977 2143 2049 2197 sit

2149 2145 2401 2217 ὁμοίους,
2444 2138 2519 2201 ὧν
2565 2147 2659 2201 καὶ
2699 2145 2798 2221 τὴν
2838 2146 3030 2217 ὁμοίαν
3073 2145 3361 2201 ἐνεδύσατο
3539 2146 3749 2217 σάρκα.

464 2234 798 2308 unigenitus.
834 2236 904 2288 At
934 2232 1110 2289 lactus
1140 2233 1305 2287 homo
1333 2232 1542 2287 similes
1581 2233 1779 2298 habet,
1805 2248 2045 2304 quorum

2150 2236 2359 2295 Οὐκοῦν
2377 2237 2519 2295 κατὰ
2536 2238 2597 2292 τὸ
2612 2237 2951 2315 ἀνθρώπινον
2969 2237 3334 2310 θεμελιοῢται,
3357 2238 3446 2293 ἴνα
3464 2237 3559 2293 καὶ
3581 2238 3752 2308 ἡμεῖς

463 2329 717 2385 videlicet
748 2327 981 2383 similem
1015 2340 1238 2380 carnem
1263 2323 1587 2395 assumpsit.
1620 2322 1811 2393 Itaque
1843 2339 2045 2380 secun-

2149 2330 2237 2389 ἐπ’
2258 2331 2420 2387 αὐτὸν
2448 2332 2523 2395 ὡς
2553 2330 2690 2387 λίθοι
2714 2331 2885 2403 τίμιοι
2904 2328 3381 2402 νὲποικοδομεῖσθαι
3400 2328 3749 2401 δυνηθῶμεν,

463 2424 593 2478 dum
627 2431 879 2477 naturam
920 2418 1218 2474 humanam
1246 2415 1545 2485 fundatur,
1588 2426 1647 2472 ut
1688 2423 1742 2472 et
1773 2432 1876 2473 nos
1919 2423 2046 2471 ta’n-

2150 2422 2243 2477 καὶ
2271 2421 2558 2496 γενώμεθα
2589 2422 2716 2487 ναὸς
2741 2422 2835 2481 τοῦ
2866 2423 2924 2479 ὲν
2949 2424 3082 2495 ἡμῖν
3266 2420 3543 2485 οἰκοῦντος
3582 2421 3750 2489 ἁγίου

463 2527 626 2584 quam
651 2512 858 2582 lapides
886 2509 1104 2583 pretiosi
1138 2523 1300 2580 super
1331 2508 1512 2579 ipsum
1562 2506 1820 2563 aediﬁcari
1862 2506 2043 2579 possi-

2151 2514 2486 2587 Πνεύματος.
2522 2515 2732 2586 Ὠσπερ
2759 2514 2816 2569 δὲ
2845 2514 3094 2588 θεμέλιος
3119 2514 3303 2579 αὐτὸς,
3336 2515 3496 2585 ἡμεῖς
3523 2512 3579 2567 δὲ
3600 2512 3753 2568 λίθοι

463 2620 589 2659 inus
614 2645 630 2670 ,
654 2611 709 2659 et
737 2601 999 2671 templum
1033 2601 1333 2657 eilieiamur
1356 2601 1528 2656 sancti
1569 2600 1812 2672 Spiritus
1852 2601 1909 2657 in
1946 2615 2048 2661 no-

2150 2605 2664 2678 ὲποικοδομούμενοι
2686 2608 2774 2660 ἐπ’
2805 2607 3000 2665 αὐτόν’
3036 2605 3212 2672 οὕτως
3245 2606 3407 2673 αὐτὸς
3437 2605 3600 2660 πάλιν
3631 2605 3752 2676 ἄμ-

462 2695 549 2752 bis
582 2694 897 2749 habitantis.
925 2692 1191 2748 Craterum
1224 2702 1283 2747 ut
1304 2693 1422 2762 ipse
1466 2692 1884 2748 luridamentum
1922 2699 2008 2748 est
2028 2733 2047 2763 ,

2152 2695 2312 2761 πελός
2334 2699 2501 2762 ἐστιν,
2532 2698 2692 2769 ἡμεῖς
2714 2698 2771 2751 δὲ
2792 2697 2869 2763 ὡς
2896 2697 3177 2772 κλήματα.
3307 2699 3652 2769 συνημμένα,
3679 2700 3751 2753 οὐ

463 2804 569 2844 nos
600 2797 781 2843 autem
810 2801 1004 2841 sumus
1041 2786 1134 2857 qui
1166 2802 1330 2858 super
1361 2786 1540 2857 ipsum
1563 2784 1902 2841 aediﬁcamur
1930 2804 1944 2839 :
1972 2784 2045 2840 ita

2151 2788 2293 2844 κατὰ
2333 2788 2432 2861 τὴν
2472 2788 2660 2844 οὐσίαν
2694 2788 2795 2861 τῆς
2828 2789 3080 2863 θεότητος
3102 2806 3115 2819 ⁸
3153 2789 3415 2846 ἀδύνατον
3440 2788 3547 2862 γὰρ
3581 2787 3753 2843 τοῦτό

463 2881 631 2936 etiam
655 2879 795 2936 idem
823 2877 939 2948 ipse
975 2878 1098 2933 vitis
1132 2886 1245 2941 est,
1290 2892 1389 2931 nos
1422 2885 1606 2932 autem
1650 2877 1817 2934 veluti
1847 2877 2049 2947 palmi-

2151 2896 2242 2949 γε·
2267 2879 2403 2938 ἀλλὰ
2434 2880 2594 2936 πάλιν
2616 2881 2757 2937 κατὰ
2789 2881 2849 2936 τὸ
2871 2880 3212 2955 ἀνθρώπινον
3235 2898 3249 2913 ο
3272 2881 3435 2953 ὅμοια
3464 2880 3572 2952 γὰρ
3599 2875 3753 2937 εἶναι

466 2982 548 3033 tes
575 2971 944 3039 cohaerentes,
981 2985 1089 3025 non
1130 2968 1351 3040 quidem
1390 2969 1693 3025 secundum
1746 2969 2046 3028 divinitatis

2149 2937 2231 3029 δεῖ
2262 2937 2329 3028 τὰ
2362 2972 2619 3047 κλήματα
2663 2976 2731 3047 τῇ
2776 2937 3035 3046 ἀμπέλῷο
3084 2972 3205 3028 ἐπεὶ
3239 2937 3333 3029 καὶ
3368 2937 3751 3046 ἡμεῖςιόμοιοι

462 3071 717 3118 naturam
742 3103 759 3129 ,
793 3076 917 3116 nam
952 3061 1057 3117 hoc
1082 3058 1195 3115 ﬁeri
1222 3060 1445 3133 nequit,
1488 3060 1580 3118 sed
1605 3061 1904 3118 secundum
1942 3077 2044 3117 na-

2152 3065 2295 3121 κατὰ
2338 3066 2438 3138 τὴν
2468 3065 2648 3140 σάρκα
2680 3066 3022 3139 τυγχάνομεν
3052 3065 3204 3132 ὄντες
3235 3062 3424 3122 αὑτοῦ.
3613 3063 3753 3119 ’Λλ-

466 3165 644 3213 turam
674 3154 972 3210 humanam
1023 3153 1268 3219 (necesse
1326 3154 1472 3209 enim
1528 3161 1612 3210 est
1661 3155 1789 3212 vitis
1837 3154 2045 3211 similes

2152 3158 2260 3223 λως
2271 3176 2329 3212 τε
2347 3156 2665 3232 ἀνθρώπινα
2684 3158 3015 3232 φρονοῦντας
3037 3160 3162 3223 τοὺς
3183 3158 3513 3231 αἱρετικοὺς,
3529 3155 3752 3228 ἀνθρω-

462 3262 587 3303 esse
611 3245 906 3317 palmites),
938 3244 1066 3315 quia
1100 3261 1201 3300 nos
1232 3244 1441 3302 scilicet
1472 3246 1771 3301 secundum
1822 3262 2045 3302 carnem

2154 3250 2329 3314 πίνοις
2351 3249 2755 3323 παραδείγμασι
2783 3238 3078 3322 διελέγχειν
3099 3251 3365 3323 προσήκει
3391 3248 3480 3303 διὰ
3501 3246 3611 3303 τῶν
3638 3250 3710 3302 αὐ
3734 3279 3746 3288 -

465 3338 676 3393 similes
702 3338 849 3392 illius
876 3352 1086 3401 sumus.
1122 3334 1395 3403 Quoniam
1451 3352 1584 3393 vero
1637 3337 1877 3392 hmrctici
1910 3337 2049 3394 nihil

2176 3340 2260 3395 πῶν
2284 3341 2476 3410 λόγων.
2540 3343 2655 3397 Οὐκ
2682 3327 2871 3416 εἴρηκε
2899 3343 3050 3413 γοῦν,
3083 3344 3168 3396 ὅτι
3202 3341 3464 3414 Θεμέλιόν
3668 3360 3741 3413 με
3774 3330 3778 3341 ’

463 3432 571 3487 nisi
606 3432 904 3486 humanum
935 3430 1184 3501 sapiunt,
1218 3431 1360 3484 haud
1392 3430 1489 3485 abs
1519 3445 1577 3484 re
1610 3428 1775 3484 fuerit
1808 3445 1901 3486 eos
1947 3431 2051 3484 hu-

2149 3434 2471 3507 πεποίηκεν,
2501 3436 2588 3490 ἵνα
2619 3435 2694 3507 μὴ
2714 3476 2729 3501 ,
2756 3434 2832 3500 ὡς
2873 3436 3176 3508 ποιήματος
3202 3436 3298 3490 καὶ
3323 3434 3495 3507 ἀρχὴν
3518 3434 3735 3505 ἕχοντος

463 3522 644 3578 manis
679 3523 946 3592 exemplis
976 3522 1166 3578 eodem
1195 3538 1258 3579 cx
1314 3523 1433 3578 loco
1464 3522 1801 3593 depromptis
1858 3521 2052 3578 confu-

2149 3525 2315 3581 αὐτοῦ
2344 3524 2440 3581 τοῦ
2467 3524 2740 3596 γίνεσθαι,
2776 3524 2878 3580 κᾶν
2912 3527 2970 3580 ὲν
3000 3525 3172 3597 τούτῳ
3200 3526 3471 3599 πρόφασιν
3495 3523 3726 3595 εὕρωσιν

460 3627 601 3675 tare.
640 3614 827 3685 itaque
855 3631 961 3671 non
999 3615 1157 3679 dixit,
1184 3613 1621 3673 Fundamentum
1654 3629 1747 3671 me
1786 3611 1943 3679 fecit,
1985 3629 2052 3675 ne

2148 3618 2499 3690 ἀναίσχυντον
2521 3617 2657 3690 πρὸς
2678 3618 2932 3672 ἀσέϐειαν
2956 3637 2969 3649 ·
2999 3618 3112 3673 ἀλλ’
3128 3621 3212 3674 ὅτι
3237 3612 3616 3688 Ἐθεμελίωσέ
3634 3632 3733 3685 με.

460 3708 588 3763 inde
613 3724 737 3765 eum
770 3724 882 3763 rem
920 3706 1117 3763 factam
1152 3723 1274 3763 esse
1319 3718 1483 3779 atque
1512 3717 1669 3765 ortus
1715 3706 2045 3778 principium

2152 3708 2225 3765 Τὸ
2250 3707 2306 3763 δὲ
2326 3707 2574 3779 θεμελιού
2583 3725 2742 3779 μενον
2768 3706 3111 3780 θεμελιοῦται
3142 3709 3240 3780 μὲν
3262 3708 3349 3763 διὰ
3368 3708 3494 3771 τοὺς
3514 3705 3745 3759 ἐπιϐαλ-

459 3801 721 3858 habuisse
770 3803 1029 3873 suspicati
1064 3802 1330 3866 bmretici,
1366 3803 1666 3874 impietatis
1707 3803 2047 3859 stabiliendae

2150 3800 2410 3871 λομένους
2440 3800 2525 3852 ἐπ’
2545 3799 2676 3853 αὐτὸ
2844 3798 3025 3864 λίθους
3047 3816 3059 3829 ’
3088 3800 3295 3868 γίνεται
3316 3800 3373 3853 δὲ
3398 3799 3497 3869 οὐχ
3525 3797 3742 3862 ἁπλῶς,

460 3891 807 3945 occasionem
840 3888 1181 3958 impudenter
1203 3888 1541 3957 arriperent;
1573 3888 1667 3945 sed
1692 3887 1828 3943 dixit
1856 3906 1867 3943 :
1895 3886 2043 3943 Fun-

2155 3887 2271 3944 ἀλλ’
2299 3888 2428 3943 ὅταν
2461 3886 2523 3955 ἐξ
2549 3886 2706 3960 ὅρους
2740 3885 3033 3959 μετενεχθῇ
3061 3886 3229 3951 λίθος,
3262 3886 3355 3940 καὶ
3382 3887 3459 3949 είς
3482 3885 3544 3938 τὸ
3573 3885 3747 3955 βάθος

470 3981 615 4037 davit
652 3996 751 4034 me.
786 3978 957 4032 Porro
1008 3979 1151 4049 quod
1210 3979 1500 4043 fundatur,
1563 3979 1832 4049 lapidibus
1881 3993 2045 4051 super

2156 3979 2258 4050 τῆς
2276 3978 2379 4050 γῆς
2399 3977 2691 4049 κατατεθῇ.
2709 3977 2821 4032 Καὶ
2842 3976 2946 4042 ἕως
2970 3977 3067 4048 μὲν
3093 3976 3150 4030 ὲν
3173 3973 3248 4047 τῷ
3264 3974 3381 4047 ὄρει
3401 3972 3547 4038 λίθος
3569 3976 3749 4041 ἐστὶν,

470 4072 648 4141 ipsum
683 4069 940 4139 proiectis
971 4068 1263 4133 fundatur,
1300 4070 1445 4140 quod
1473 4069 1695 4141 quidem
1717 4084 1825 4125 non
1848 4071 2045 4140 quovis

2157 4072 2307 4127 οὔπω
2326 4069 2722 4142 τεθεμελίωται
2740 4088 2754 4101 ·
2792 4068 3014 4125 ἐπειδὰν
3041 4068 3097 4121 δὲ
3121 4068 3153 4141 ἡ
3179 4067 3338 4140 χρεία
3361 4067 3588 4136 ἀπαιτῇ,
3650 4067 3756 4121 καὶ

468 4159 634 4217 modo
669 4157 948 4228 perﬁcitur
968 4198 982 4220 ,
1008 4155 1104 4211 sed
1129 4172 1250 4212 cum
1286 4157 1421 4228 lapis
1447 4173 1477 4212 e
1505 4167 1692 4212 monte
1726 4159 2044 4225 translatus,

2161 4161 2452 4234 μετενεχθῇ
2472 4204 2491 4233 ,
2660 4162 2754 4216 καὶ
2782 4159 3142 4233 περιϐάληται
3171 4159 3231 4213 τὸ
3277 4157 3439 4230 βάθος
3468 4157 3570 4228 τῆς
3598 4158 3709 4229 ,γῆς
3730 4175 3748 4190 ·

384 4286 395 4293 -
471 4250 529 4304 in
569 4248 695 4302 imis
727 4247 884 4301 terris
916 4247 1234 4303 collocatur.
1265 4245 1400 4307 Nam
1426 4246 1668 4318 quandiu
1700 4246 1839 4318 lapis
1881 4256 1965 4305 est

2155 4253 2276 4306 τότε
2301 4251 2521 4318 λοιπὸν,
2561 4254 2609 4305 εί
2637 4250 2791 4305 λάϐοι
2823 4251 3005 4323 φωνὴν
3035 4251 3063 4303 ὁ
3095 4249 3242 4315 λίθος
3262 4292 3277 4316 ,
3315 4249 3461 4303 εἴποι
3493 4249 3557 4303 ἀν
3577 4266 3589 4277 ·
3627 4247 3753 4300 Νῦν

469 4349 687 4403 monte,
724 4339 972 4394 nondum
1003 4340 1214 4411 positus
1233 4348 1317 4396 est
1346 4341 1402 4395 in
1433 4338 1871 4395 fundamentum.
1907 4338 2045 4396 Cum

2158 4341 2481 4416 ἐθεμελίωσέ
2502 4359 2588 4415 με,
2727 4345 2755 4398 ό
2771 4341 2829 4408 ἐξ
2847 4335 3117 4414 ὅρουςῶδε
3132 4339 3404 4412 μεταθείς.
3422 4337 3629 4394 Οὐκοῦν
3645 4338 3755 4409 ούχ

469 4447 601 4487 vero
630 4431 882 4504 exigente
924 4446 1124 4497 causa,
1178 4433 1473 4489 translatus
1523 4429 1721 4498 fuerit,
1776 4443 1831 4488 et
1892 4441 2049 4489 terra:

2157 4437 2186 4488 ό
2210 4433 2411 4511 Κύριος
2440 4435 2534 4491 καὶ
2565 4435 2653 4488 ὅτε
2682 4432 3070 4504 τεθεμελίωται
3090 4471 3104 4497 ,
3124 4429 3297 4504 ἀρχὴν
3326 4430 3436 4504 ἔχει
3469 4428 3563 4484 τοῦ
3603 4426 3754 4483 εἶναι

464 4521 736 4605 profundo
760 4532 1078 4594 coopertus,
1118 4532 1246 4580 tunc
1277 4525 1322 4581 si
1358 4541 1461 4580 vox
1481 4525 1644 4596 lapidi
1668 4524 1909 4590 daretur,
1932 4524 2050 4581 haec

2159 4522 2259 4600 (ἦν
2284 4525 2391 4599 γὰρ
2414 4525 2508 4584 καὶ
2536 4524 2642 4597 πρὸ
2669 4523 2858 4579 τούτου
2889 4523 3079 4594 Λόγος)
3096 4540 3109 4553 ·
3142 4523 3256 4577 ἀλλ’
3283 4522 3371 4576 ὅτε
3392 4523 3453 4576 τὸ
3476 4520 3754 4594 ἡμέτερον

466 4617 657 4686 utique
687 4623 871 4686 posset
896 4614 1110 4669 dicere:
1141 4612 1244 4681 Qui
1277 4631 1364 4671 me
1400 4617 1506 4672 huc
1538 4614 1860 4687 :transtulit,
1902 4630 2051 4671 nunc

2157 4617 2442 4672 ἐνεδύσατο
2470 4614 2650 4685 σῶμα,
2686 4614 2820 4687 ὅπερ
2844 4614 2910 4667 ὲκ
2937 4614 3159 4686 Μαρίας
3183 4613 3388 4683 τμηθὲν
3416 4611 3596 4678 ἐλαὸε,
3619 4611 3755 4673 τότε

465 4703 716 4775 fundavit
741 4719 844 4757 mc.
880 4702 1049 4774 Igitur
1074 4703 1190 4773 ipse
1216 4720 1437 4776 quoque
1463 4703 1759 4773 Dominus,
1789 4720 1898 4759 non
1920 4715 2051 4759 tunc

2157 4708 2341 4781 φησὶν,
2507 4707 2562 4759 Ἐ
2568 4704 2893 4775 θεμελίωσέ
2918 4721 3024 4775 με’
3062 4705 3174 4758 ἴσον
3202 4703 3280 4774 τῷ
3308 4702 3483 4757 εἰπεῖν
3502 4720 3517 4735 ·
3566 4700 3756 4770 Λόγον

464 4809 588 4849 esse
634 4794 829 4863 coepit,
880 4810 1003 4849 cum
1063 4793 1322 4851 fundatus
1381 4803 1465 4852 est
1515 4795 1827 4869 (siquidem
1893 4802 2051 4848 antea

2159 4799 2285 4852 ὗντα
2311 4815 2377 4869 με
2405 4794 2697 4869 περιέϐαλε
2727 4796 2900 4869 γηΐνῳ
2927 4794 3159 4868 σώματι.
3193 4794 3349 4849 Οὕτω
3372 4793 3477 4866 γάρ
3501 4791 3567 4845 δι’
3591 4794 3626 4864 ἡ
3637 4794 3761 4865 μᾶς

464 4892 584 4939 erat
614 4882 919 4954 Verbum),
955 4886 1048 4942 sed
1078 4897 1370 4960 postquam
1405 4895 1657 4943 nostrum
1696 4886 1874 4942 induit
1926 4901 2050 4941 cor-

2157 4886 2494 4960 θεμελιοῢται
2513 4927 2527 4952 ,
2557 4884 2627 4940 τὰ
2656 4886 2815 4958 ἡμῶν
2849 4885 3239 4957 ἀναδεχόμενος
3257 4924 3271 4948 ,
3317 4882 3406 4936 ἵνα
3431 4882 3592 4955 ἡμεῖς
3616 4920 3632 4946 ,
3670 4880 3759 4949 ὡς

465 4990 570 5046 pus
595 5015 610 5038 ,
640 4976 785 5045 quod
818 4993 884 5033 ex
904 4978 1078 5034 Maria
1113 4979 1389 5035 desectum
1423 4979 1665 5049 accepit,
1715 4986 1844 5033 tunc
1876 4976 2048 5044 dixit,

2158 4980 2437 5051 σύσσωμοι
2470 4976 3027 5053 συναρμολογούμενοι
3058 4974 3152 5029 καὶ
3179 4970 3522 5034 συνδεθέντες
3552 4972 3610 5024 ἐν
3646 4971 3760 5027 αὺ-

466 5065 738 5123 Fundavit
789 5087 867 5124 me
901 5088 919 5125 :
957 5072 1100 5145 quod
1136 5072 1275 5128 idem
1319 5081 1404 5129 est
1452 5088 1517 5128 ac
1564 5073 1610 5128 si
1640 5072 1843 5128 diceret
1876 5090 1890 5125 :
1921 5070 2003 5125 Mc
2031 5110 2045 5135 ,

2156 5073 2231 5146 τῷ
2349 5071 2544 5143 διάτῆς
2558 5068 2981 5143 ὁμοιῶσεωςτῆς
3003 5066 3226 5139 σαρκὸς,
3244 5066 3323 5129 εἰς
3343 5064 3512 5135 ἄνδρα
3531 5062 3758 5117 τέλειον

463 5160 558 5228 qui
592 5175 712 5213 sum
744 5159 983 5216 Verbum
1022 5181 1035 5216 :
1070 5171 1289 5219 terreno
1333 5177 1564 5233 corpore
1621 5161 1920 5234 cooperuit.
1956 5159 2048 5215 Sic

2153 5165 2608 5238 καταντήσαντες,
2644 5160 2901 5219 ἀθάνατοι
2933 5158 3028 5212 καὶ
3055 5157 3323 5229 ἄφθαρτοι
3344 5154 3753 5226 διαμείνωμεν.

469 5256 616 5314 enim
672 5254 779 5315 ille.
817 5257 908 5326 qui
969 5262 1155 5311 nostra
1194 5257 1446 5329 suscipit,
1507 5256 1682 5311 nostri
1734 5271 1900 5327 causa
1951 5253 2233 5319 fundatur,
2284 5261 2345 5307 ut
2393 5265 2516 5317 nos,
2566 5250 2658 5323 qui
2709 5248 2891 5305 simile
2954 5247 3220 5303 habemus
3270 5261 3497 5317 corpus,
3547 5246 3753 5299 carnis

470 5352 830 5411 sunilitudine
857 5352 910 5405 in
944 5350 1037 5407 illo
1068 5353 1238 5423 aptati
1299 5364 1352 5407 et
1382 5353 1646 5424 colligati,
1678 5352 1733 5407 in
1762 5353 1936 5406 virum
1993 5364 2072 5423 pel

2145 5359 2293 5405 ctum
2350 5363 2706 5405 occurramus
2737 5346 2784 5411 ⁸³,
2835 5344 3286 5412 ἰωωοτιηῐοειμιο
3337 5348 3390 5396 et
3424 5340 3746 5411 incorrupti

475 5463 817 5509 maneamus.

542 5545 717 5601 Nemo
761 5556 888 5597 vero
944 5540 1028 5594 bis
1081 5544 1243 5595 etiam
1291 5541 1547 5610 loquendi
1606 5542 1781 5597 modis
1829 5550 2052 5599 contur-

2229 5540 2303 5592 Tb
2344 5534 2423 5601 δὲ,
2480 5528 2601 5603 Πρὸ
2660 5530 2767 5587 τοῦ
2807 5527 3329 5599 αίῶγος,καὶ,”Πρὸ
3362 5527 3469 5584 τοῦ
3493 5536 3607 5598 τὴν
3627 5526 3754 5599 γῆν

476 5638 632 5693 betur
675 5653 687 5689 :
725 5638 859 5689 Ante
922 5650 1123 5703 (Erunt,
1159 5648 1205 5690 ct
1234 5676 1247 5699 ,
1287 5635 1607 5707 Priusquam
1652 5648 1854 5711 terram
1882 5640 1889 5646 ’
1913 5637 2054 5708 [ace-

2160 5630 2435 5701 ποιῆσαι,
2465 5630 2581 5695 καὶ,
2637 5626 2759 5697 Πρὸ
2795 5624 2901 5681 τοῦ
2936 5622 3043 5694 ὄρη
3094 5621 3488 5695 ἑδρασθῆναι,
3532 5621 3756 5693 μηδὲνει

551 5818 565 5847 ³
596 5818 617 5872 ι
645 5818 771 5875 Cur.
811 5821 1129 5889 m,ll,10.
1207 5825 1226 5856 ²
1260 5824 1460 5894 prcs.
1489 5838 1563 5887 tv,
1600 5821 1682 5875 15.
