4058 6398
426 288 532 352 407

1674 289 2056 350 EU'J‘UYMU
2101 290 2430 351 ZIGABEN
2439 291 2466 350 Ι

3602 289 3708 353 408

429 408 497 463 ad
523 420 628 463 nos
675 418 795 462 erat
829 416 1158 477 perventura
1189 408 1212 461 ?
1239 407 1380 462 Hinc
1410 406 1500 462 ille
1530 412 1584 462 in
1617 407 1848 478 judicio,
1884 423 2010 463 cum

2119 427 2280 464 νουσα
2303 427 2499 482 χαρις;
2525 410 2618 463 Διὸ
2646 409 2740 464 καὶ
2764 409 2824 463 ἑν
2850 410 2917 480 τῇ
2949 407 3128 479 κρίσει
3157 408 3286 464 ὅταν
3305 409 3538 475 ἕκαστος
3565 414 3708 467 κατά

433 499 810 570 unusquisque
843 513 940 567 pro
967 499 1080 553 suis
1113 497 1269 553 iactis
1293 500 1604 554 mercedem
1637 508 1720 554 est
1750 509 2011 570 acceptu-

433 607 551 653 rus,
579 589 723 645 dicet
754 607 769 643 :
815 588 1018 655 Venite,
1045 590 1305 642 benedicti
1338 587 1522 643 Patris
1559 590 1662 643 mei
1698 603 1715 641 :
1751 590 2013 658 possidete

431 693 686 750 paratum
737 681 877 734 vobis
934 695 1150 750 regnum
1215 695 1248 732 a
1307 680 1683 734 constitutione
1741 682 2009 735 mundi’.

433 773 721 842 Quomodo
770 773 951 844 igitur,
1002 771 1086 826 vel
1121 771 1178 826 in
1208 787 1340 840 quo.
1395 780 1691 843 antequam
1739 787 2009 840 essemus,

433 875 686 937 paratum
722 877 828 931 est,
855 864 960 920 nisi
996 865 1050 919 in
1089 863 1343 926 Domino.
1374 866 1466 934 qui
1526 874 1656 920 ante
1685 880 1863 921 aevum
1891 881 2011 920 eam

431 959 503 1011 ob
552 971 770 1012 causam
803 955 1067 1010 fundatus
1097 963 1205 1022 est,
1246 965 1307 1009 ut
1337 971 1436 1010 nos
1467 970 1634 1026 super
1661 955 1839 1026 ipsum
1890 966 2012 1011 tan-

431 1064 593 1120 quam
625 1047 874 1103 aediﬁcati
897 1089 912 1114 ,
967 1048 1094 1103 vitaz
1123 1058 1177 1103 et
1207 1046 1394 1118 gratias
1422 1062 1545 1117 qua
1593 1048 1664 1102 ab
1690 1047 1782 1102 illo
1812 1049 2010 1114 oritur,

427 1138 580 1194 velut
603 1138 711 1208 apti
741 1137 972 1208 lapides,
1025 1136 1324 1208 participes
1351 1138 1648 1194 essemus?
1676 1136 1867 1208 Itaque
1889 1140 2014 1210 jure

429 1231 627 1286 merito
686 1229 926 1284 Verbum
977 1229 1031 1283 in
1083 1239 1327 1284 nostram
1380 1229 1611 1285 veniens
1661 1223 1907 1294 carnem,
1957 1229 2013 1284 in

429 1338 606 1394 eaque
648 1323 984 1392 principium
1041 1323 1340 1377 viarum'in
1384 1338 1552 1393 opera
1603 1339 1702 1377 sua
1738 1331 2011 1387 creatum,

429 1422 533 1474 hac
561 1420 798 1482 ratione,
829 1429 888 1472 ut
914 1427 1033 1473 erat
1059 1419 1112 1472 in
1144 1416 1262 1487 ipso
1297 1418 1475 1473 Patris
1511 1418 1786 1482 voluntas,
1818 1417 2016 1472 funda-

428 1523 542 1575 tur,
593 1511 757 1566 sicuti
813 1518 1300 1564 commemoratuu‘.
1354 1517 1474 1574 est,
1527 1520 1658 1563 ante
1705 1524 1905 1575 aevum,
1960 1515 2016 1560 et

430 1612 724 1671 antequam
780 1607 925 1655 terra
979 1599 1152 1666 ﬂeret,
1203 1610 1260 1654 et
1321 1610 1535 1654 montes
1589 1600 2011 1666 collocarentur,

430 1698 721 1766 fontesque
789 1695 1180 1759 scaturirent',
1251 1709 1322 1749 ne
1370 1694 1619 1758 scilicet,
1659 1709 1784 1748 cum
1842 1703 2015 1758 terra,

2113 502 2214 572 τὴν
2250 502 2450 574 πρᾶξιν
2481 501 2881 574 ἀπολαμϐάνῃ,
2925 501 3124 571 φήσει·
3159 501 3339 557 Δεῦτε
3367 504 3424 557 οἱ
3454 505 3710 574 εὐλογη-

2107 594 2281 664 μένοι
2306 595 2413 648 τοῦ
2433 595 2664 661 Πατρός
2694 612 2838 662 μου,
2859 595 3365 661 κληρονομήσατε
3388 595 3504 662 τὴν·
3547 598 3706 663 ἡτοι-

2108 689 2433 756 μασμένην
2447 687 2592 757 ὑμῖν
2602 688 2934 752 βασιλείαν
2957 688 3076 744 ἀπὸ
3091 688 3435 756 καταϐολῆς
3448 690 3708 757 κόσμου.

2114 777 2239 842 Πῶς
2265 778 2382 845 οῦν,
2410 780 2442 850 ἢ
2474 782 2531 833 ὲν
2564 780 2670 833 τίνι
2694 781 2822 849 πρὶν
2850 779 2977 847 γενέ
2990 779 3114 834 σθαι
3142 781 3294 851 ἡμᾶς
3322 779 3630 850 ἡτοιμάσθη
3660 780 3712 834 εἰ

2117 869 2194 940 μὴ
2231 869 2288 920 ἐν
2319 869 2395 939 τῷ
2433 870 2622 940 Κυρίῳ
2656 869 2732 939 τῷ
2768 869 2874 941 πρὸ
2902 869 3102 932 αἰῶνος
3135 871 3219 934 εἰς
3249 869 3410 923 τοῦτο
3440 869 3711 939 Θεμελιωο

2114 960 2282 1024 οέντι,
2349 961 2416 1012 ἰν*
2469 963 2633 1030 ἡμεῖς
2691 960 2768 1024 ὡς
2829 960 2916 1014 ἐπ’
2969 961 3136 1015 αὐτὸν
3184 961 3713 1030 ἐποικοδομούμενοι

2119 1053 2519 1123 μεταλάϐωμεν
2561 1053 2636 1118 ὡς
2676 1053 2813 1108 λίθοι
2858 1053 3190 1124 εὐάρμοστοι
3239 1055 3337 1125 τῆς
3381 1053 3516 1124 παρ’
3560 1053 3716 1123 αὑτῴ

2123 1139 2272 1222 ζωῇς
2298 1163 2359 1199 τε
2395 1147 2490 1199 καὶ
2526 1145 2788 1217 χάριτοςς
2828 1145 3044 1200 Οὐκοῦν
3080 1145 3309 1210 εἰκότως
3351 1145 3655 1200 ἐπιϐαίνων
3688 1149 3718 1199 ό

2115 1237 2286 1304 Λόγος
2320 1237 2400 1298 εἰς
2430 1236 2528 1305 τὴν
2559 1239 2836 1308 ἡμετέραν
2871 1239 3085 1310 σάρκα,
3121 1237 3216 1291 καὶ
3249 1238 3309 1292 ὲν
3346 1237 3486 1308 αὐτῇ
3528 1238 3718 1302 κτιζό-

2119 1343 2300 1395 μενος,
2335 1327 2480 1398 ἀρχὴ
2503 1328 2638 1381 ὁδῶν
2671 1331 2752 1392 εἰς
2778 1327 2918 1401 ἔργα
2947 1329 3114 1383 αὐτοῦ
3139 1328 3492 1400 Θεμελιοῦται
3515 1328 3714 1395 οὕτως,

2115 1419 2306 1491 ῶσπερ
2338 1415 2405 1490 ἧν
2436 1421 2494 1473 ἐν
2518 1421 2666 1485 αύτῷ
2691 1422 2752 1475 τὸ
2777 1421 3026 1494 βούλημα
3052 1421 3148 1476 τοῦ
3185 1422 3420 1492 Πατρδς,
3456 1421 3716 1492 καθάπερ

2116 1513 2356 1584 εἴρηται,
2410 1515 2518 1586 πρδ
2574 1515 2671 1568 τοῦ
2725 1516 2944 1581 αἰῶνος,
3001 1516 3098 1571 καὶ¹
3148 1515 3255 1588 πρὸ
3302 1516 3398 1570 τοῦ
3455 1515 3557 1588 τὴν
3607 1517 3718 1585 γῆν

2115 1603 2394 1671 γενέσθαι,
2427 1608 2522 1658 καὶ
2553 1605 2660 1674 πρὸ
2694 1604 2786 1657 τοῦ
2815 1606 2916 1676 ὄρη
2949 1605 3307 1675 ἑδρασθῆναι.
3345 1606 3444 1660 καὶ
3475 1607 3585 1676 πρὸ
3610 1605 3716 1658 τοῦ

2116 1697 2214 1758 τὰς
2245 1696 2433 1765 πηγὰς
2463 1693 2770 1765 προελθεῖν.
2799 1695 2916 1748 Ἵνα
2939 1695 3097 1765 κᾶνή
3126 1696 3221 1766 γῆ,
3248 1695 3431 1749 καὶτὰ
3459 1695 3582 1765 ὄρη,
3614 1695 3719 1748 καὶ

428 1800 669 1856 montes,
695 1803 987 1858 rerumque
1010 1790 1392 1858 apparentium
1434 1789 1620 1857 ﬁgura:
1648 1788 1700 1841 in
1731 1788 1838 1841 line
1872 1802 2013 1856 prae-

2123 1789 2192 1842 τά
2225 1788 2480 1858 σχήματα
2510 1787 2622 1840 τῶν
2656 1789 3000 1857 φαινομένων
3040 1785 3292 1859 παρέλθῃ
3325 1789 3383 1841 ὲν
3416 1789 3494 1857 τῇ·
3517 1803 3718 1841 συντε-

429 1882 602 1937 sentis
635 1881 732 1936 xvi
766 1881 1154 1951 praeterierint,
1201 1896 1324 1942 nos.
1370 1880 1648 1946 similiter,
1682 1889 1742 1934 ut
1773 1880 1886 1944 illa,
1920 1897 2015 1934 ve-

428 1982 632 2028 tustate
679 1972 1118 2038 conﬁceremur;
1173 1972 1267 2027 sed
1301 1974 1486 2042 potius
1518 1981 1576 2025 ul
1610 1972 1775 2026 etiam
1821 1979 2012 2041 postea

424 2064 611 2118 vivere
661 2063 994 2130 valeremus,
1033 2072 1225 2134 utpote
1259 2063 1353 2134 qui
1393 2063 1552 2118 nobis
1580 2071 1711 2117 ante
1773 2077 1862 2118 res
1895 2062 2014 2116 illas

424 2167 788 2228 praeparatam
841 2157 897 2212 in
958 2158 1080 2228 ipso
1125 2155 1305 2213 Verbo
1358 2158 1659 2212 habeamus
1708 2159 2012 2212 secundum

423 2251 745 2304 electionem
794 2248 963 2305 vitam
1025 2258 1081 2304 et
1147 2248 1590 2304 benedictionem
1644 2247 2011 2318 spiritualem.

424 2341 518 2396 Sic
559 2342 705 2397 enim
765 2341 932 2396 vitam
976 2341 1204 2397 minime
1251 2341 1454 2396 ﬂuxam
1484 2340 1672 2396 licebit
1715 2340 2008 2411 consequi,

421 2445 845 2506 constanterque
883 2437 935 2490 ln
968 2435 1190 2492 Christo
1240 2436 1512 2501 vivemus,
1559 2435 1821 2506 quoniam
1883 2444 2014 2490 ante

420 2529 512 2581 illa
555 2528 740 2582 omnia
775 2528 884 2581 vita
943 2535 1131 2580 nostra
1185 2527 1238 2581 in
1273 2525 1496 2581 Christo
1533 2524 1663 2580 Jesu
1695 2524 1921 2580 fundata
1957 2533 2011 2579 et

419 2632 608 2690 parata
641 2620 828 2675 fuerit.
884 2618 997 2674 Nec
1030 2619 1176 2672 enim
1225 2620 1278 2672 in
1333 2618 1444 2672 aiio
1472 2632 1634 2687 quam
1669 2617 1722 2671 in
1779 2615 2013 2670 Domino

418 2714 512 2782 qui
538 2724 624 2768 est
657 2724 786 2767 ante
823 2712 1046 2777 saecula,
1084 2721 1138 2765 et
1189 2726 1288 2781 per
1315 2725 1475 2780 quem
1504 2708 1646 2762 facta
1677 2718 1807 2763 sunt
1837 2723 2013 2764 srecu-

417 2805 469 2859 la
495 2804 537 2867 ³,
574 2806 742 2859 vitam
782 2815 1027 2859 nostram
1081 2802 1296 2858 fundari
1340 2818 1440 2872 par
1471 2811 1611 2861 erat,
1646 2807 1726 2864 ut,
1767 2815 1890 2854 cum
1924 2800 2014 2854 illa

418 2900 474 2952 in
499 2899 620 2970 ipso
645 2899 811 2953 veluti
839 2909 1008 2965 esset,
1040 2913 1138 2953 nos
1172 2897 1336 2952 etiam
1366 2905 1586 2950 aeterna:
1619 2894 1744 2948 vita:
1771 2893 2015 2948 haeredes

417 3004 540 3044 esse
568 3005 876 3060 possemus.

2123 1879 2246 1950 λείᾳ
2290 1876 2388 1932 τοῦ
2437 1877 2656 1940 αἰῶνος,
2705 1879 2781 1948 μὴ
2821 1877 2944 1932 κατ’
2989 1878 3132 1932 αύτά
3177 1877 3581 1948 παλαιωθῶμεν
3617 1879 3718 1932 καὶ

2120 1973 2308 2042 ἡμεῖς,
2329 1969 2468 2026 ἀλλά
2489 1970 2816 2042 δυνηθῶμεν
2847 1969 2943 2023 καὶ
2969 1972 3110 2039 μετὰ
3138 1969 3311 2024 ταῦτα
3342 1971 3464 2040 ζῇν,
3495 1971 3718 2040 ἔχοντες

2117 2065 2219 2136 τὴν
2247 2065 2352 2136 πρὸ
2379 2066 2588 2118 τούτων
2612 2063 3032 2132 ὲτοιμασθεῖσαν
3049 2065 3179 2134 ἡμῖν
3203 2066 3261 2117 ἒν
3282 2063 3432 2133 αὐτῷ
3454 2063 3530 2134 τῷ
3553 2063 3719 2133 Λόγῳ

2118 2153 2238 2208 κατ’
2281 2154 2517 2226 ἐκλογὴν
2565 2155 2712 2227 ζωήν
2757 2173 2816 2208 τε
2859 2158 2952 2208 καὶ
3001 2155 3256 2224 εὐλογίαν
3303 2157 3718 2225 πνευματικήν.

2117 2245 2277 2301 Οὕτω
2296 2247 2408 2317 γὰρ
2423 2247 2767 2319 δυνησόμεθα
2788 2249 2864 2318 μὴ
2890 2247 3026 2319 πρὸς
3049 2247 3244 2314 καιρὸν
3261 2247 3405 2318 ἔχειν
3423 2246 3518 2318 τὴν
3539 2245 3723 2316 ζωὴν,

2119 2337 2260 2393 ἀλλὰ
2297 2341 2392 2394 καὶ
2430 2341 2571 2411 μετά
2602 2341 2773 2393 ταῦτα
2816 2340 3092 2411 διαμεῖναι
3126 2340 3331 2405 ζῶντες
3361 2342 3419 2394 ἑν
3465 2339 3724 2411 Χριστῷ.

2135 2425 2357 2500 Ἐπειδὴ
2401 2433 2494 2483 καὶ
2526 2431 2633 2500 πρὸ
2669 2430 2876 2484 τούτων
2906 2432 2939 2499 ἡ
2973 2429 3088 2499 ζωὴ
3124 2429 3281 2500 ἡμῶν
3307 2429 3679 2499 τεθεμελίωτο
3705 2470 3724 2497 ,

2124 2521 2220 2574 καί
2250 2520 2552 2592 ἡτοίμαστο
2575 2523 2634 2573 ὲν
2660 2521 2902 2593 Χριστῷ.
2928 2519 3064 2576 Ούδὲ
3091 2523 3200 2592 γάρ
3229 2522 3351 2578 οὐδὲ
3379 2525 3436 2575 ἐν
3463 2523 3608 2592 ἄλλῳ
3631 2521 3728 2576 θε-

2122 2615 2460 2686 μελιωθῆναι
2500 2615 2598 2686 τὴν
2637 2615 2785 2686 ζωὴν
2827 2615 2987 2686 ἡμῶν
3021 2615 3266 2686 ἔπρεπεν
3310 2615 3360 2667 εἰ
3404 2615 3479 2685 μὴ
3533 2617 3590 2668 ὲν
3632 2615 3728 2686 τῷ

2121 2707 2311 2780 Κυρίῳ
2345 2708 2422 2778 τῷ
2453 2709 2559 2780 πρὸ
2587 2708 2801 2763 αἰώνων
2832 2708 2968 2772 ὄντι,
3000 2707 3069 2761 δι’
3099 2701 3160 2760 οὗ
3190 2709 3282 2762 καὶ
3314 2710 3363 2761 οἰ
3393 2708 3589 2769 αἰῶνες
3620 2725 3726 2776 γε-

2119 2802 2360 2870 γόνασιν,
2390 2801 2460 2854 ἵν’
2483 2801 2558 2866 ὡς
2583 2803 2641 2856 ιν
2670 2802 2818 2872 αύτῷ
2847 2802 3018 2870 αὐτῆς
3045 2800 3234 2873 οὔσης,
3265 2800 3587 2873 δυνηθῶμεν
3619 2804 3726 2857 καὶ

2121 2893 2282 2964 ἡμεῖς
2317 2893 2535 2947 αίὼνιον
2572 2893 2982 2964 κληρονομῆσαι
3018 2892 3181 2962 ζωήν.

418 3081 675 3151 Ejusdem
695 3083 903 3138 exlibro
922 3084 1074 3136 tertio
1091 3084 1144 3136 in
1172 3083 1416 3148 Arianos,
1446 3084 1498 3135 in
1545 3099 1605 3135 ea
1633 3081 1787 3134 verba
1817 3067 1852 3135 :i
1873 3098 1888 3131 ι
1911 3079 2013 3150 Ego

2134 3080 2243 3134 Τοῦ
2273 3081 2460 3135 αὐτοῦ
2491 3082 2558 3134 ἐκ
2591 3080 2705 3154 τοῦ.
2725 3079 2876 3154 κατὰ
2922 3080 3244 3154 Ἀρειιινῶξ·
3271 3080 3476 3148 τρίτου
3500 3083 3721 3150 λόγου,

834 3165 882 3209 et
900 3155 1065 3209 Pater
1094 3171 1256 3207 unum
1292 3168 1474 3206 sumus
1509 3156 1550 3205 ⁸.
1590 3173 1608 3203 ι

488 3247 642 3303 illam
655 3247 854 3304 deinde
871 3245 1196 3302 sententiam
1212 3242 1424 3298 Domini
1444 3256 1669 3312 carpere
1682 3250 1963 3312 coeperunt
2001 3257 2017 3295 :

414 3339 531 3412 Ego
564 3341 617 3395 in
645 3340 829 3402 Patre,
867 3349 914 3393 et
941 3338 1104 3392 Pater
1134 3338 1190 3391 in
1220 3353 1300 3391 me
1320 3339 1362 3390 '.
1395 3335 1680 3402 Quomodo
1698 3341 1897 3405 potest,
1936 3335 2022 3389 in-

415 3435 634 3504 quiunt,
666 3434 757 3489 hic
783 3433 837 3487 in
857 3433 1113 3499 illoesse,
1145 3440 1238 3486 aut
1257 3431 1346 3485 ille
1359 3430 1428 3485 ab
1451 3431 1556 3485 hoc
1578 3427 2022 3498 comprehendi?

417 3525 709 3591 Quomodo
746 3534 928 3594 potest
950 3524 1135 3588 Pater,
1163 3522 1258 3593 qui
1299 3523 1477 3591 major
1503 3531 1606 3587 est,
1632 3521 1687 3575 in
1726 3519 1884 3585 Filio,
1924 3519 2019 3589 qui

420 3620 727 3684 miuorest,
762 3617 989 3672 inesse?
1018 3615 1242 3670 Scilicet
1289 3615 1488 3670 mirum
1551 3623 1656 3679 est,
1704 3613 1902 3668 Filium
1963 3612 2020 3666 in

419 3712 581 3767 Patre
611 3727 755 3778 esse,
809 3727 932 3766 cum
963 3711 1032 3766 de
1080 3710 1239 3766 nobis
1294 3709 1461 3764 etiam
1505 3708 1773 3780 scriptum
1819 3708 1892 3762 sit
1924 3706 2021 3762 :In

433 3821 530 3874 pso
585 3805 828 3869 vivimus,
880 3819 1148 3858 movemur
1185 3812 1232 3857 et
1268 3818 1451 3856 sumus
1494 3802 1538 3855 ⁸.
1600 3799 1794 3856 Merito
1837 3811 2020 3854 tamen

415 3897 526 3952 hoc
560 3897 668 3952 illis
699 3896 920 3961 accidit,
955 3913 1056 3967 pro
1087 3912 1252 3968 prava
1293 3897 1537 3967 ipsorum
1582 3903 1786 3955 mente,
1815 3895 2022 3964 quippe

411 3991 508 4061 qui
539 3988 713 4044 Deum
742 4003 864 4044 esse
881 4003 1084 4057 corpus
1124 3987 1464 4046 existiment.
1500 3999 1604 4040 nec
1643 3985 1734 4055 qui
1759 3985 1827 4040 sit
1858 3998 2022 4039 verus

414 4079 601 4148 Pater,
622 4091 715 4135 aut
744 4093 909 4135 verus
924 4072 1230 4143 Filius,aut
1261 4079 1350 4132 lux
1385 4076 1699 4140 invisibilis,
1723 4086 1819 4129 aut
1843 4076 2024 4145 Splen-

411 4179 513 4232 dor
526 4187 764 4230 aeternus
782 4173 954 4243 ipsius
973 4172 1282 4233 invisibilis,
1304 4180 1397 4225 aut
1413 4169 1654 4224 essentia
1676 4169 2020 4245 incorporea.

413 4280 471 4324 et
496 4266 1026 4333 formaineorporea.
1049 4264 1296 4334 etimago
1326 4263 1516 4333 ipsius,
1563 4259 2019 4315 animadvertant.

414 4362 533 4417 Non
567 4361 818 4425 enim,ut
848 4359 926 4411 illi
958 4357 1275 4427 opinantur,
1308 4357 1432 4426 quia
1466 4354 1670 4409 dictum
1715 4362 1801 4410 est
1839 4371 1852 4407 :
1910 4352 2023 4422 Ego

2291 3155 2380 3218 εἰς
2410 3157 2478 3206 τό
2519 3171 2536 3203 ι
2585 3152 2731 3222 Ἐγὼ
2760 3152 2858 3205 καὶ
2894 3155 2926 3207 ὀ
2960 3151 3165 3220 Πατὴρ
3198 3151 3266 3206 ἓν
3289 3154 3495 3222 ἐσμεν.
3533 3171 3553 3204 ι

2202 3247 2476 3316 Ἤρξαντο
2508 3247 2695 3299 λοιπὸν
2722 3246 3000 3316 διασύρειν
3031 3245 3092 3298 τὸ
3123 3245 3228 3298 ὑπὸ
3258 3245 3352 3298 τοῦ
3385 3244 3597 3314 Κυρίου
3630 3245 3719 3298 λε-

2123 3339 2356 3410 γόμενον
2376 3353 2392 3370 ο
2424 3337 2573 3407 Ἐγὼ
2589 3339 2659 3392 ἐν
2687 3338 2766 3404 τῷ
2788 3337 2993 3415 "arpi,
3028 3339 3129 3392 καί
3161 3340 3195 3392 ό
3228 3336 3434 3405 Πατὴρ
3461 3337 3533 3390 ἐν
3560 3336 3710 3406 ἐμοὶ,

2123 3431 2394 3500 λέγοντες,
2435 3431 2558 3494 Πῶς
2587 3432 2810 3486 δύναται
2843 3425 3001 3495 οὖτος
3030 3433 3088 3484 ἐν
3113 3429 3331 3498 ἐκείνῳ,
3369 3431 3617 3490 κάκεῖνος
3647 3432 3706 3481 ἐν

2123 3524 2298 3594 τούτῳ
2321 3527 2518 3594 χωρεῖν
2540 3540 2553 3589 ;
2585 3524 2655 3575 Ἦ
2679 3525 2795 3588 πῶς
2822 3524 2959 3588 ὅλως
2987 3523 3213 3578 δύναται
3237 3525 3266 3578 ό
3291 3524 3486 3594 Πατὴρ
3509 3522 3702 3592 μείζων

2124 3618 2202 3672 ῶν
2252 3621 2311 3672 ἐν
2339 3621 2416 3690 τῷ
2445 3620 2560 3692 Υίῷ
2600 3623 2846 3674 ἐλάττονι
2871 3621 2985 3674 am
3015 3620 3250 3690 χωρεῖν;
3285 3619 3479 3672 Καίτοι
3505 3617 3558 3670 τί
3584 3617 3714 3670 θαυ-

2128 3712 2354 3784 μαστὸν,
2378 3716 2429 3767 εί
2455 3713 2576 3776 Υίνις
2605 3715 2660 3766 ὲν
2686 3712 2764 3782 τῷ
2793 3712 2966 3782 Πατρί
2991 3729 3007 3778 ;
3037 3712 3173 3764 ὅπου
3198 3727 3260 3778 γε
3287 3711 3379 3764 καὶ
3402 3709 3530 3778 περὶ
3555 3709 3720 3777 ἡμῶν

2124 3805 2469 3876 γέγραπται’
2511 3806 2608 3858 Ἐν
2645 3805 2804 3870 αὐτῷ
2839 3807 2950 3874 γὰρ
2984 3803 3190 3872 ζῶμεν,
3230 3800 3329 3855 καὶ
3363 3801 3718 3868 κινούμεθα,

2125 3897 2224 3951 καί
2257 3896 2468 3967 ἐσμέν.
2511 3899 2787 3968 Πάσχουσι
2823 3898 2878 3950 δὲ
2911 3895 3070 3949 τοῦτο
3099 3895 3407 3957 ἀκολούθως
3442 3898 3507 3964 τῇ
3541 3911 3722 3948 κακο-

2125 3989 2243 4060 νοίᾳ
2282 3988 2517 4054 ἑαυτῶν,
2569 3989 2731 4059 σῶμα
2783 3989 3098 4058 νομίζοντες
3129 3982 3270 4040 εἷναι
3298 3987 3391 4038 τὸν
3419 3985 3574 4051 Θεὸν,
3617 3984 3717 4039 καὶ

2129 4084 2205 4152 μὴ
2245 4082 2513 4145 νοοῦντες,
2557 4082 2700 4152 μήτε
2741 4082 2824 4145 τίς
2855 4081 3004 4135 ἐστιν
3050 4078 3303 4148 ἀληθινὸς
3349 4077 3560 4148 Πατὴρ,
3613 4079 3717 4132 καὶ

2127 4173 2379 4246 ἀληθινὸς
2401 4175 2550 4240 Υἰὸς,
2583 4177 2718 4244 μήτε
2744 4175 2825 4238 τίς
2849 4176 2964 4226 ὲστι
2987 4173 3103 4242 φῶς
3131 4174 3387 4244 ἀόρατον,
3415 4171 3512 4224 καὶ
3540 4169 3714 4224 ἀΐδιον

2129 4271 2477 4342 ἀπαύγασμα
2505 4270 2668 4324 αὑτοῦ
2701 4270 2956 4343 ἀόρατον,
2990 4271 3130 4340 μήτε
3155 4270 3209 4321 τί
3239 4269 3389 4322 ἐστιν
3417 4265 3714 4336 ἀσώματος

2127 4362 2447 4425 ὑπόστασις.
2486 4363 2581 4415 καὶ
2611 4361 2902 4432 χαρακτὴρ
2935 4360 3250 4430 ἀσώματος,
3285 4360 3380 4412 καὶ
3409 4355 3578 4411 εἰκὼν
3606 4356 3714 4411 αύ-

413 4459 470 4510 in
499 4455 677 4516 Patre,
701 4463 750 4508 et
783 4453 940 4506 Pater
964 4453 1020 4504 in
1062 4467 1163 4510 me.
1194 4450 1266 4502 ita
1317 4457 1628 4503 commeant
1677 4449 1818 4502 inter
1848 4461 1929 4512 se,
1960 4455 2013 4500 ut

2124 4457 2246 4527 τῆς.
2278 4456 2353 4510 Ού
2383 4456 2493 4526 γὰρ
2518 4454 2593 4517 ὡς
2612 4455 2811 4507 ἐκεῖνοι
2842 4451 3156 4523 νομίζουσιν
3183 4448 3718 4521 ἀντεμσιὸαζόμενοι

411 4551 660 4606 videmus
681 4548 1021 4616 contingere,
1055 4560 1178 4598 cum
1201 4559 1327 4598 vasa
1351 4542 1533 4596 inania
1555 4541 1816 4609 vicissim,
1841 4557 2007 4597 unum

408 4660 476 4699 ex
502 4645 610 4696 alio
641 4641 942 4709 replentur.
962 4637 1212 4692 UtFilius
1237 4636 1288 4689 id
1309 4634 1456 4705 quod
1487 4635 1540 4688 in
1572 4634 1735 4690 Patre
1774 4651 2008 4691 vacuum

413 4745 519 4799 est,
549 4745 604 4790 et
648 4736 805 4788 Pater
845 4733 897 4787 id
925 4732 1068 4801 quod
1103 4733 1154 4784 iu
1190 4728 1328 4783 Filio
1365 4729 1608 4784 vicissim
1639 4738 1722 4785 est
1749 4744 2004 4792 vacuum,

409 4829 652 4898 impleat,
678 4835 729 4881 et
758 4835 954 4879 neuter
998 4839 1188 4878 eorum
1235 4815 1448 4893 plenus,
1515 4833 1678 4892 atque
1736 4822 2010 4893 perfectus

410 4923 501 4978 sit.
546 4919 658 4974 Hoc
694 4919 841 4972 enim
883 4928 967 4972 est
995 4931 1288 4985 corporum
1327 4917 1629 4985 proprium.
1663 4915 2010 4985 Quapropter

410 5013 529 5068 hac
551 5009 637 5065 vel
660 5009 839 5064 dicere
855 5008 1033 5063 scelus
1055 5019 1137 5062 est
1162 5007 1463 5075 impietatis
1509 5008 1746 5075 plenum.
1810 5008 2012 5062 Plenus

407 5103 557 5161 enim
598 5111 762 5169 atque
781 5100 1055 5168 perfectus
1085 5109 1168 5153 est
1189 5096 1369 5152 Pater.
1396 5097 1456 5150 Et
1480 5097 1656 5154 Filius
1702 5098 2014 5153 Divinitatis

409 5204 495 5251 est
522 5189 825 5262 pienitudo.
846 5187 1031 5257 Neque
1063 5187 1225 5252 Deus,
1261 5197 1320 5241 ut
1350 5203 1499 5252 vasa,
1533 5189 1578 5242 si
1599 5189 1651 5241 in
1686 5188 1790 5243 illis
1841 5197 2012 5253 esset,

411 5283 784 5344 conﬁrmaret.
805 5281 999 5334 eodem
1034 5279 1199 5333 modo
1234 5279 1521 5334 continuat
1569 5278 1791 5335 Filium.
1840 5280 2013 5334 Filius

412 5376 555 5431 enim
587 5385 670 5430 est
699 5373 876 5427 Patris
908 5373 1080 5427 virtus
1121 5383 1175 5426 et
1221 5373 1488 5442 sapientia
1510 5374 1548 5426 ⁷.
1570 5376 1646 5430 Ac
1665 5391 1754 5431 res
1793 5376 2012 5444 quidem

412 5477 738 5538 procreatae,
765 5475 1039 5536 quatenus
1072 5465 1367 5534 participes
1418 5467 1564 5521 illius
1598 5477 1748 5532 sunt,
1809 5468 2006 5537 spiritu

411 5571 613 5615 sancta:
641 5559 933 5628 liunt,ipse
956 5566 1139 5612 autem
1184 5555 1350 5612 Filius
1381 5575 1488 5612 non
1550 5565 1845 5630 particeps,
1908 5561 2004 5617 sed

485 5676 498 5705 ¹
529 5674 718 5749 lilatth.
759 5689 886 5749 μιν,
915 5673 982 5726 5i
1057 5676 1077 5705 ¹
1106 5676 1264 5730 Prov.
1289 5691 1408 5738 vm,
1441 5676 1632 5731 225425.
1709 5677 1728 5709 ³
1756 5677 1917 5734 licbr.
1950 5695 1985 5746 I,
2020 5680 2075 5736 2.
2154 5679 2351 5736 ‘Joau.
2382 5698 2434 5749 χ,
2457 5678 2544 5733 30.

407 5740 432 5777 ⁷
465 5745 489 5801 l
520 5745 644 5801 Cor.
689 5761 726 5812 ι,
757 5746 847 5796 2i.

2119 4553 2200 4615 εἰς
2245 4549 2508 4620 ἀλλήλους
2563 4549 2702 4600 εἰσὶν
2755 4549 2813 4599 ιν
2860 4547 2937 4616 τῷ
2988 4545 3244 4612 λέγεσθαι
3279 4559 3292 4573 ·
3333 4543 3482 4612 Ἐγὼ
3519 4543 3591 4595 ἐν
3632 4541 3718 4607 τῷ

2118 4643 2320 4710 Harp},
2351 4643 2449 4696 καὶ
2491 4644 2522 4695 ό
2570 4639 2776 4708 Πατὴρ
2822 4639 2892 4693 ἐν
2958 4639 3111 4707 ἐμοὶ,
3147 4637 3337 4709 ὥσπερ
3367 4639 3425 4690 ὲν
3462 4635 3716 4704 ἀγγείοις

2118 4738 2298 4799 κενοῖς
2333 4735 2391 4799 ἐξ
2421 4733 2664 4803 ἀλλήλων
2695 4733 3118 4804 πληρουμένοις,
3146 4730 3290 4785 ὥστε
3320 4731 3410 4784 τὸν
3454 4729 3552 4800 μὲν
3588 4729 3713 4781 ι’ἰὸν

2117 4825 2364 4898 πληροῦν
2386 4827 2446 4879 τὸ
2476 4825 2631 4878 κενὸν
2657 4825 2748 4878 τοῦ
2775 4826 3008 4896 Πατρὺς,
3030 4825 3124 4882 τὸν
3151 4823 3208 4877 δὲ
3228 4824 3447 4892 Πατέρα
3464 4819 3714 4890 πληροῦν

2114 4920 2176 4972 τὸ
2218 4917 2393 4972 κοῖλον
2437 4916 2534 4970 τοῦ
2578 4915 2732 4981 Υἰοῦ,
2771 4918 2866 4970 καὶ
2906 4917 3168 4986 ἑκάτερον
3221 4915 3408 4977 αὐτοῖς
3446 4913 3522 4983 μὴ
3562 4907 3710 4966 εἶναι

2111 5013 2298 5082 πλήρη
2321 5011 2415 5064 καὶ
2443 5010 2667 5064 τέλειον.
2693 5009 2972 5079 Σωμάτων
3001 5008 3110 5077 γὰρ
3155 5005 3286 5062 ίδιον
3307 5005 3468 5061 τοῦτό
3496 5021 3582 5073 γε.
3611 5005 3710 5058 Διὸ

2111 5107 2204 5158 καὶ
2243 5104 2304 5158 τὸ
2349 5102 2510 5174 μόνον
2541 5102 2716 5156 εἰπεῖν
2751 5099 2910 5154 τοῦτο
2947 5098 3234 5153 ἀνάπλεων
3269 5100 3387 5152 ἐστι
3422 5094 3707 5158 ἀσεϐείας.

2115 5198 2336 5268 Πλήρης
2354 5195 2461 5264 γὰρ
2492 5194 2586 5250 καὶ
2614 5192 2816 5256 τέλειός
2849 5194 2996 5246 ἐστιν
3017 5191 3270 5259 ὁΠατὴρ,
3299 5189 3397 5243 καὶ
3427 5187 3708 5259 πλήρωμα

2118 5289 2372 5361 Θεότητός
2405 5291 2553 5342 ἐστιν
2583 5287 2612 5340 ό
2647 5285 2796 5348 Υἰός.
2831 5283 2955 5337 Οὐδ’
2985 5283 3052 5337 αὖ
3087 5283 3250 5337 πάλιν
3279 5282 3472 5351 ὥσπερ
3499 5282 3560 5334 ὲν
3587 5282 3708 5346 τοῖς

2118 5384 2296 5451 ἀγίοις
2338 5381 2623 5452 γινόμενος
2661 5381 2690 5434 δ
2723 5378 2858 5439 Θεὸς
2903 5375 3232 5446 ἰνεδυνάμου
3270 5373 3490 5436 αὐτοὺς,
3525 5369 3710 5438 οὕτως

2116 5478 2232 5530 ἔστί
2263 5477 2354 5528 καὶ
2385 5477 2443 5527 tv
2475 5475 2553 5542 τῷ
2584 5471 2698 5540 Υἰῷ
2724 5488 2738 5502 ·
2769 5470 2932 5532 αὐτὸς
2967 5468 3076 5539 γάρ
3107 5470 3256 5520 ἐστιν
3290 5469 3322 5536 ἡ
3357 5464 3452 5519 τοῦ
3487 5465 3710 5535 Ηατρὸς

2113 5568 2344 5637 δύναμις
2375 5567 2470 5620 καὶ
2503 5564 2686 5634 σοφία.
2721 5559 2831 5614 Καὶ
2863 5564 2932 5613 τά
2964 5559 3064 5630 μὲν
3093 5562 3298 5631 γενητὰ
3332 5559 3537 5630 μετοχῇ
3572 5557 3707 5609 τού-

2646 5676 2667 5708 ⁸
2694 5675 2851 5731 Joan.
2878 5691 2966 5730 le
2991 5717 3006 5742 ,
3041 5675 3130 5729 10.
3218 5676 3238 5708 ⁸
3261 5674 3381 5730 Aet.
3428 5687 3560 5739 xvu,
3607 5670 3703 5727 28-
