4058 6404
310 329 415 393 409

1282 345 1660 407 PANOI’LIA
1704 348 2170 409 DOGMATlCA.
2208 374 2277 384 -··
2319 350 2470 411 TlT.
2516 351 2621 411 XI.

3478 348 3585 408 4M

300 462 395 498 του
430 444 487 497 ἐν
520 445 804 514 Πνεύματι
840 450 1125 518 ἁγιάζεται
1147 495 1161 516 ,
1190 457 1351 520 αὐτὸς
1384 458 1441 510 δὲ
1473 462 1500 513 6
1532 461 1658 523 Υἱὸς
1690 463 1744 514 ὲν
1777 479 1875 531 με-

1988 461 2259 531 pmprium
2285 471 2369 515 est
2400 460 2575 515 Patris
2608 476 2850 532 germen.
2882 459 3247 527 Quamobrem
3268 473 3388 511 eum
3419 455 3585 511 dixis-

302 538 494 608 τουσία
524 538 648 597 Υἱός
696 541 848 594 ἐστιν
872 585 885 601 .
918 544 1051 597 ἀλλὰ
1097 546 1341 618 γέννημα
1386 550 1478 603 τοῦ
1515 553 1722 623 Πατρὶς
1757 554 1887 607 ῐὸιόν

301 631 445 683 ἐστι.
475 628 569 681 Διὰ
598 630 761 683 τοῦτο
792 633 904 703 γὰρ
935 637 1027 687 καὶ
1058 639 1275 692 εἰκότως
1314 641 1554 710 εἰρηκὼς
1587 646 1849 715 πρότερον
1870 660 1887 676 ⁸

311 720 460 785 ἐγὼ
486 721 582 772 καί
616 725 649 774 ὁ
669 724 876 791 Πατὴρ
899 724 971 778 ’ἓν
1000 727 1208 795 ἐσμεν,
1244 731 1491 800 ἐπήγαγε
1518 749 1579 785 το
1602 751 1615 765 ·
1649 734 1796 804 Ἐγὼ
1823 737 1891 790 ἐν

300 810 381 876 τῷ
436 813 644 879 Πατρί,
679 817 775 867 καί
822 819 857 870 ό
897 820 1098 887 Πατὴρ
1122 821 1191 873 ἐν
1229 822 1380 891 ἐμοὶ,
1417 823 1504 878 ἵνα
1547 823 1625 896 τῷ
1657 825 1758 894 μὲν
1789 828 1888 897 τὴν

297 906 613 975 ταυτότητα
643 907 740 975 τῆς
776 909 1054 984 Θεότητος,
1086 914 1162 984 τῷ
1196 915 1251 969 δὲ
1282 916 1382 989 τὴν
1414 918 1643 989 ἑνότητα
1672 921 1769 988 τῆς
1800 922 1890 973 οὐ·

306 996 423 1057 σίας
458 997 633 1069 δείξῃ.
674 1001 771 1052 Ἐν
798 1004 905 1072 γάρ
936 1005 1092 1070 εἰσιν,
1124 1007 1223 1077 οὺχ
1256 1008 1332 1070 ὠς
1363 1009 1478 1071 ἑνὸς
1510 1010 1587 1072 είς
1622 1010 1714 1063 δύο
1748 1012 1887 1081 μέρη

312 1089 694 1158 διαιρεθέντος,
740 1095 833 1145 καί
863 1095 1031 1164 μηδὲν
1058 1096 1227 1150 ὄντων
1275 1101 1413 1169 πλὴν
1456 1102 1573 1164 ἐνὸς
1598 1141 1613 1162 ,
1665 1105 1784 1157 οὐδὲ
1814 1105 1888 1167 ὡς

314 1179 401 1231 τοῦ
420 1182 529 1231 ἐνὸν
568 1181 650 1244 δὶς
676 1183 1099 1252 όιομαζομένου,
1122 1188 1241 1240 οὐδὲ
1258 1188 1396 1241 ὥστε
1413 1191 1501 1242 τὸν
1521 1192 1585 1243 αὑ
1598 1192 1681 1244 τὸν
1701 1193 1889 1245 ἄλλοτε

307 1271 402 1340 μὲν
438 1272 683 1342 Πατέρα,
716 1273 902 1327 ἄλλοτε
932 1277 989 1328 δὲ
1021 1276 1147 1329 Υίὸν
1181 1278 1377 1331 ἑαυτοῦ
1407 1279 1654 1346 γίνεσθαι
1680 1297 1694 1312 ·
1728 1281 1890 1334 τοῦτο

299 1362 410 1430 γὰρ
438 1362 737 1426 Σασέλλιος
767 1366 1062 1437 φρονήσας,
1096 1368 1368 1438 αἱρετικδς
1396 1368 1588 1441 έκρίθη
1607 1387 1623 1401 ο
1647 1369 1783 1424 ἀλλὰ
1799 1369 1890 1422 δύο

300 1453 401 1524 μέν
428 1453 600 1516 είσιν,
632 1455 713 1507 ὅτι
743 1457 769 1508 ό
803 1457 991 1528 Πατὴρ
1042 1459 1232 1530 Πατήρ
1262 1461 1399 1525 ἔστι,
1424 1460 1519 1513 καὶ
1547 1460 1644 1529 οὐχ
1672 1461 1701 1513 6
1729 1460 1890 1524 αὐτὸς

298 1546 429 1608 Υίξς
490 1547 631 1609 ἐστι,
675 1548 772 1601 καὶ
808 1550 834 1602 6
871 1548 997 1613 Υἱὸς
1026 1550 1157 1615 Υίός
1199 1552 1339 1618 ἐστι,
1391 1554 1486 1607 καὶ
1519 1553 1616 1622 οὐχ
1659 1554 1686 1605 6
1731 1553 1891 1617 αὐτὸς

300 1638 504 1706 Πατήρ
558 1640 698 1692 ἐστι.
761 1640 879 1694 Μία
926 1640 984 1694 δὲ
1040 1644 1071 1711 ἡ
1130 1643 1312 1711 φύσις,
1367 1645 1447 1697 ὅτι
1492 1644 1590 1698 οὐκ
1634 1645 1891 1714 ἀνόμοιον

296 1730 357 1779 τὸ
389 1728 646 1798 γέννημα
671 1730 764 1781 τοῦ
792 1733 1173 1802 γεννήσαντος.
1200 1734 1375 1788 Είκὼν
1401 1736 1505 1807 γάρ
1529 1737 1677 1789 ἐστιν
1703 1736 1887 1797 αὑτοῦ,

1993 561 2077 606 set
2110 567 2121 601 :
2164 547 2274 618 Ego
2300 560 2347 603 et
2391 548 2554 603 Pater
2592 566 2753 602 unum
2789 566 2994 612 sumus,
3056 549 3249 602 merito
3302 546 3582 615 subjecit:

1994 639 2105 708 Ego
2128 642 2182 693 in
2207 641 2385 702 Patre.
2418 652 2465 694 et
2497 640 2661 694 Pater
2680 642 2735 692 in
2758 656 2855 694 me.
2890 637 2959 693 Ut
2992 636 3097 692 illis
3126 639 3307 692 verbis
3338 638 3581 690 eamdem

1992 732 2295 787 divinitatis
2341 733 2632 793 rationem,
2686 730 2769 784 his
2835 712 3277 800 conjunctionem
3332 730 3585 782 essentia:

1992 824 2310 879 declararet.
2346 823 2528 879 Unum
2566 825 2711 877 enim
2737 822 2892 883 dixit,
2928 837 3036 875 non
3069 831 3122 874 ut
3162 837 3327 872 unum
3356 819 3409 871 in
3445 819 3583 872 duas

1991 924 2173 986 partes
2206 925 2438 977 secetur,
2472 930 2593 984 qum
2642 913 2862 968 nonnisi
2919 928 3084 966 unum
3134 912 3241 965 sint
3270 951 3283 973 ,
3310 925 3488 976 neque
3523 917 3584 962 ut

1993 1024 2160 1062 unum
2190 1007 2271 1061 bis
2310 1007 2655 1070 nominetur;
2686 1020 2864 1073 neque
2911 1014 2971 1058 ut
3006 1020 3170 1057 unum
3198 1003 3360 1056 modo
3420 1001 3582 1054 Pater

1991 1097 2081 1157 sit,
2103 1097 2265 1151 modo
2283 1097 2450 1151 Filius
2476 1096 2597 1164 ejus
2616 1096 2726 1150 lial.
2756 1095 2844 1148 Sic
2865 1094 3009 1148 enim
3031 1093 3303 1148 Sabellius
3333 1097 3582 1145 sentiens

1985 1188 2260 1257 judicatus
2318 1198 2401 1242 est
2427 1188 2737 1241 hasreticus.
2763 1186 2868 1241 Sed
2897 1188 2967 1239 ita
3002 1186 3107 1239 duo
3153 1194 3302 1249 sunt,
3339 1184 3582 1237 utPater

1990 1278 2211 1344 quidem
2239 1278 2308 1330 sit
2344 1278 2524 1340 Pater,
2553 1292 2661 1329 non
2696 1287 2876 1329 autem
2898 1276 3037 1329 idem
3070 1274 3258 1329 Filius.
3293 1275 3358 1328 Et
3392 1274 3582 1336 Filius,

1989 1381 2099 1421 non
2136 1375 2318 1421 autem
2350 1366 2493 1421 idem
2533 1367 2713 1421 Pater.
2750 1366 2954 1420 Natura
2992 1380 3121 1419 vero
3174 1381 3278 1418 una
3303 1374 3406 1429 est,
3456 1363 3582 1432 quia

1990 1461 2207 1531 genitus
2235 1475 2343 1514 non
2372 1470 2457 1514 est
2485 1460 2714 1530 genitori
2746 1458 3052 1514 dissimilis.
3090 1458 3187 1511 Est
3221 1456 3367 1511 enim
3398 1458 3575 1524 imago

1992 1553 2131 1623 ejus.
2166 1552 2231 1607 Et
2260 1553 2465 1617 omnia,
2497 1567 2617 1621 qua:
2634 1550 2811 1606 Patris
2864 1558 3010 1614 sunt,
3053 1558 3184 1603 sunt
3234 1550 3398 1601 etiam
3434 1545 3579 1599 Filii.

1992 1645 2335 1716 Quapropter
2370 1644 2544 1699 Filius
2571 1659 2681 1698 non
2707 1653 2790 1698 est
2812 1642 2951 1697 alius
2979 1641 3142 1696 Deus.
3191 1638 3379 1709 Neque
3428 1639 3579 1691 enim

1993 1737 2337 1791 extrinsecus
2367 1735 2468 1789 iuit
2489 1736 2842 1804 excogitatus,
2878 1747 2984 1803 qua
3002 1733 3219 1803 quidem
3251 1742 3500 1791 externa,
3522 1739 3580 1783 et

297 1822 391 1874 καὶ
421 1820 614 1874 πάντα
640 1821 736 1875 τοῦ
766 1823 979 1895 Πατρὸς
1008 1825 1102 1877 τοῦ
1135 1826 1264 1878 Υίοῦ
1296 1829 1436 1882 ἐστι.
1462 1828 1551 1880 Διὸ
1577 1827 1695 1880 οὐδὲ
1732 1828 1885 1890 ἄλλος

1996 1828 2305 1899 peregrina,
2331 1837 2386 1882 et
2414 1826 2617 1881 aPatre
2650 1827 2827 1881 aliena
2852 1826 3139 1880 divinitate
3172 1823 3325 1877 multi
3355 1822 3584 1876 omnino

300 1913 428 1977 Θεὸς
462 1915 496 1966 6
525 1913 653 1976 Υίὺς
677 1954 692 1979 ,
721 1914 784 1967 οὐ
815 1914 923 1984 γὰρ
951 1915 1149 1980 ἔξωθεν
1184 1920 1448 1989 ἐπενοήθη
1471 1958 1486 1984 ,
1521 1921 1643 1972 ἐπεὶ
1672 1920 1888 1983 πάντως

297 2006 390 2056 καὶ
440 2004 657 2070 πολλοὶ,
704 2005 863 2076 ξένης
900 2008 1052 2077 παρὰ
1094 2008 1186 2061 τοῦ
1240 2010 1451 2080 Πατρός
1495 2011 1888 2080 ὲπινοουμένης

298 2097 582 2167 Θεότητος.
646 2096 708 2151 Ei
758 2101 866 2170 γὰρ
920 2101 1015 2153 καὶ
1069 2100 1257 2171 ἔτερόν
1302 2104 1451 2157 ἐστιν
1507 2102 1583 2167 ὡς
1639 2103 1888 2173 γέννημα

293 2190 321 2241 6
356 2188 516 2253 Υἱὸς,
536 2187 670 2241 ἀλλὰ
702 2189 897 2243 ταυτόν
924 2191 1073 2244 ἔστιν
1100 2192 1174 2255 ὠς
1191 2192 1323 2257 Θεὸς
1350 2194 1445 2247 καὶ
1472 2192 1531 2245 ἓν
1564 2194 1700 2245 εἰσιν
1726 2193 1886 2257 αὐτὸς

292 2281 388 2331 καὶ
416 2279 449 2330 6
480 2278 674 2351 Πατὴρ
704 2282 766 2351 τῇ
802 2280 1021 2351 ἰδιότητι
1080 2284 1173 2334 καὶ
1201 2284 1495 2353 οἰκειότητι
1521 2283 1620 2353 τῆς
1650 2283 1888 2353 φύσεως,

296 2373 391 2423 καὶ
424 2374 494 2441 τῇ
526 2372 816 2441 ταυτότητι
846 2374 944 2439 τῆς
979 2376 1105 2442 μιᾶς
1134 2373 1406 2445 θεότητος,
1433 2374 1622 2445 ὥσπερ
1648 2376 1880 2445 εἴρηται.

295 2466 405 2516 Καὶ
442 2464 556 2534 γὰρ
593 2466 688 2517 καὶ
717 2466 778 2517 τὸ
808 2464 1152 2537 ἀπαύγασμα
1186 2467 1303 2537 φῶς
1334 2469 1500 2531 ἔστιν,
1535 2467 1597 2521 οὐ
1633 2467 1888 2537 δεύτερον

290 2555 386 2609 τοῦ
428 2554 613 2626 ἡλίου,
654 2556 773 2610 οὐδὲ
814 2556 1000 2631 ἕτερον
1039 2560 1154 2628 φῶς
1179 2598 1195 2625 ,
1254 2559 1376 2613 οὐδὲ
1411 2561 1553 2615 κατὰ
1597 2561 1885 2629 μετουσίαν

292 2648 490 2712 αὑτοῦ,
546 2648 676 2703 ἀλλ’
720 2648 848 2702 ίδιον
893 2649 1057 2703 αὐτοῦ
1106 2650 1377 2722 γέννημα.
1427 2651 1500 2704 Τὸ
1549 2650 1606 2705 δδ
1647 2651 1886 2705 τοιοῦτον

291 2740 546 2809 γέννημα
579 2740 640 2803 ἐξ
669 2738 912 2809 ἀνάγκης
950 2741 1064 2793 ἐστὶ
1103 2742 1239 2810 φῶς,
1275 2743 1368 2794 καὶ¹
1398 2742 1498 2795 οὐκ
1530 2742 1594 2797 ἄν
1627 2758 1709 2805 τις
1739 2741 1885 2796 εῐποι

288 2834 384 2887 ὔύο
409 2833 572 2903 φῶτα
600 2827 742 2886 εἶναι
768 2832 964 2898 ταῦτα,
988 2833 1122 2887 ἀλλὰ
1148 2834 1242 2887 δύο
1262 2835 1384 2904 μὲν,
1415 2834 1566 2904 ἦλιον
1589 2834 1683 2888 καὶ
1708 2833 1886 2887 ἀπαύ-

292 2940 490 2992 γασμα
512 2964 529 2989 ,
560 2922 622 2975 ἓν
653 2922 710 2975 δὲ
736 2923 798 2975 τὸ
824 2923 885 2990 ἐξ
908 2923 1062 2992 ἡλίου
1098 2923 1211 2992 φῶς
1235 2963 1250 2986 ,
1285 2926 1341 2977 ἐν
1372 2923 1448 2992 τῷ
1486 2923 1884 2994 ἀπαυγάσματι

294 3017 607 3084 φωτίζοντα
623 3015 923 3085 πανταχοῦ.
948 3015 1104 3069 Οὕτω
1130 3019 1226 3071 καὶ⁸
1250 3018 1283 3087 ή
1306 3016 1400 3070 τοῦ
1423 3016 1555 3070 Υίοῦ
1578 3017 1767 3088 θεότης
1787 3016 1884 3071 τοῦ

293 3108 514 3179 Πατρός
548 3109 724 3162 ἐστιν.
757 3107 920 3162 Ὅθεν
952 3110 1046 3163 καὶ
1076 3110 1379 3180 ἀδιαίρετός
1407 3112 1556 3177 ἐστι,
1586 3113 1682 3166 καὶ
1708 3112 1884 3175 οὕτως

289 3196 364 3263 εἶς
420 3200 588 3262 Θεὸς,
624 3198 718 3251 καὶ
762 3201 863 3253 οὐκ
908 3200 1055 3253 ἔστιν
1102 3201 1261 3266 ἄλλος
1300 3203 1439 3275 πλὴν
1490 3202 1675 3258 αὐτοῦ.
1727 3202 1885 3257 Οὕτω

288 3294 419 3361 γοῦν
448 3291 514 3344 ἓν
549 3290 735 3345 αὐτῶν
767 3291 935 3344 ὄντων
954 3331 968 3355 ,
1000 3293 1093 3344 καὶ
1121 3294 1249 3361 μιᾶς
1274 3292 1439 3365 οὔσης
1471 3293 1569 3363 τῆς
1593 3293 1846 3365 θεότητος
1866 3334 1881 3360 .

284 3390 352 3438 τὰ
380 3384 532 3439 αὐτὰ
561 3383 785 3451 λέγεται
806 3384 937 3453 περὶ
957 3383 1052 3436 τοῦ
1082 3383 1233 3451 Υξοῦ,
1261 3386 1363 3440 ὅσα
1393 3386 1612 3455 λέγεται
1636 3388 1732 3439 καὶ
1755 3388 1885 3457 περὶ

284 3476 384 3529 το-ἷι
415 3476 655 3547 Πατρός,
685 3477 857 3545 χωρὶς
886 3474 980 3527 τοῦ
1011 3476 1262 3543 λέγεσθαι
1286 3479 1498 3548 Πατήρσ
1523 3478 1728 3532 Πάντα
1750 3480 1882 3547 τὰρ,

295 3567 469 3635 φησιν
500 3566 659 3629 αὐτὸς
694 3566 723 3617 6
758 3566 910 3630 Υἱός,
939 3565 1056 3619 ὅσα
1088 3565 1213 3634 ἔχει
1246 3569 1279 3620 ὀ
1312 3566 1517 3635 Πατὴρ
1545 3565 1660 3635 ἐμά
1691 3567 1884 3620 ἐστιν.

318 3658 385 3709 '0
410 3658 469 3709 ἃ
494 3658 688 3714 inde»
709 3658 782 3712 τὰ
806 3656 899 3710 τοῦ
925 3656 1139 3724 Πατρὺς
1164 3658 1429 3727 λεγόμενα
1460 3657 1546 3725 ἐφ’
1577 3657 1709 3710 Υίοῦ
1761 3656 1886 3726 ὅψε-

321 3767 415 3803 ται
466 3750 553 3804 καί
578 3745 719 3815 οὗτος
766 3753 858 3805 τὸν
894 3751 1113 3820 Πατέρα
1147 3752 1204 3803 έν
1250 3750 1327 3821 τῷ
1361 3750 1495 3819 Υίῴ.
1524 3749 1805 3818 Θεωρήσει
1830 3749 1885 3801 δὲ

312 3844 406 3897 καὶ
447 3840 533 3896 τὸν
574 3843 694 3897 Υίδν
745 3844 806 3897 ἐν
849 3842 927 3913 τῷ
972 3842 1151 3913 Πατρὶ
1193 3842 1322 3895 ὅταν
1367 3841 1437 3895 τὰ
1484 3841 1752 3909 λεγόμενα
1800 3841 1885 3907 ἐφ’

305 3935 433 3988 Υἱςῦ
472 3936 647 3989 ταῦτα
684 3934 916 4005 λέγηται
959 3935 1055 3989 κα)⁸
1102 3935 1193 3987 ἐπὶ
1228 3933 1462 4003 Πατρός.
1516 3932 1611 3985 -Ἐν
1655 3932 1765 4001 γὰρ
1806 3929 1886 4001 τῷ

296 4027 411 4097 1⁸ἱῷ
438 4029 475 4097 ἡ
503 4028 753 4097 πατρική
786 4026 1073 4095 θεωρεῖται
1110 4023 1320 4091 θεότης.
1352 4023 1523 4076 Τοῦτο
1551 4023 1608 4075 δὲ
1643 4023 1742 4075 καὶ⁸
1774 4021 1884 4075 ἀπὸ

291 4120 387 4173 τοῦ
422 4119 875 4190 παραδείγματος
902 4119 1001 4187 τῆς
1027 4118 1232 4179 είκόνος
1262 4114 1356 4169 τοῦ
1389 4114 1654 4184 βασιλέως
1685 4130 1885 4184 προσε-

291 4211 558 4281 χέστερόν
580 4227 667 4272 τις
694 4211 980 4263 κατανοεῖν
1009 4209 1321 4278 δυνήσεται.
1366 4206 1454 4260 Ἐν
1480 4209 1586 4277 γὰρ
1613 4208 1679 4277 τῇ
1711 4207 1883 4259 είκόνι

289 4306 384 4356 τοῦ
422 4300 697 4370 βασιλέως
723 4300 783 4352 τὸ
813 4295 953 4362 εἶδος
984 4299 1080 4352 καὶ
1108 4301 1139 4368 ἡ
1174 4297 1355 4369 μορφή
1388 4298 1505 4349 ἔστι
1530 4312 1544 4327 ·
1581 4297 1678 4349 καὶ
1711 4299 1770 4349 ὲν
1802 4294 1882 4365 τῷ

291 4397 511 4466 βασιλεῖ
531 4394 593 4447 δὲ
619 4392 679 4445 τὸ
704 4394 761 4444 ἐν
785 4394 848 4463 τῇ
872 4391 1042 4445 εικόνι
1070 4388 1210 4454 εἶδός
1231 4392 1401 4443 ἐστιν.
1437 4387 1884 4459 Ἀπαράλλακτος

1990 1928 2138 1974 sunt.
2167 1918 2424 1985 Quamvis
2468 1919 2616 1972 enim
2649 1917 2794 1971 aliud
2845 1917 2915 1970 sit
2945 1924 3215 1984 quatenus
3258 1914 3472 1985 genitus
3500 1923 3584 1966 est

1989 2009 2182 2074 Filius,
2206 2008 2348 2061 idem
2383 2017 2562 2061 tamen
2609 2016 2714 2069 est,
2741 2015 3011 2074 quatenus
3075 2006 3237 2058 Deus.
3275 2004 3339 2056 Et
3404 2018 3573 2054 unum

1988 2100 2295 2156 suntFilius
2312 2110 2362 2153 et
2381 2100 2560 2161 Pater,
2581 2098 2862 2167 quoniam,
2890 2095 3218 2157 utdiximus,
3237 2109 3342 2147 una
3364 2093 3582 2163 prepria

1989 2193 2287 2262 eademque
2302 2201 2516 2253 natura,
2542 2199 2596 2244 et
2620 2190 2877 2243 divinitas
2895 2198 2997 2242 est.
3027 2188 3306 2256 Siquidem
3328 2187 3582 2255 etsplcn-

1989 2286 2089 2340 dor
2114 2285 2204 2338 lux
2228 2293 2313 2338 est
2340 2298 2450 2337 non
2484 2282 2598 2338 sole
2624 2282 2947 2350 posteriore,
2984 2295 3163 2349 neque
3188 2280 3307 2333 luce
3329 2278 3582 2331 diversus

1992 2392 2020 2431 a
2053 2376 2187 2441 sole,
2226 2389 2404 2444 neque
2431 2373 2702 2443 particeps
2724 2372 2868 2426 illius
2898 2372 2993 2425 sed
3018 2371 3298 2441 pr0prium
3332 2383 3579 2440 germen.

1988 2468 2141 2535 Quod
2170 2469 2383 2538 quidem
2417 2482 2637 2538 germen
2662 2469 2884 2520 omnino
2911 2465 3002 2518 lux
3033 2474 3139 2527 est,
3184 2479 3361 2533 neque
3403 2463 3580 2516 lucem

1987 2561 2257 2631 duplicem
2284 2559 2377 2614 sed
2418 2574 2543 2613 cuin
2573 2560 2681 2612 duo
2713 2559 2843 2623 sint,
2874 2557 2956 2612 sol
2987 2566 3045 2611 et
3097 2555 3377 2626 splendor,
3410 2568 3573 2607 unam

1990 2662 2168 2708 tamen
2205 2667 2236 2707 e
2263 2652 2378 2707 solo
2405 2652 2583 2705 lucem
2617 2651 2842 2715 dixeris,
2873 2650 3163 2720 splendore
3216 2648 3581 2701 illustrantem

1988 2748 2193 2801 munia.
2225 2745 2313 2801 Sic
2330 2755 2382 2800 et
2411 2743 2531 2798 Filii
2554 2744 2814 2798 divinitas
2831 2743 3007 2797 Patris
3031 2750 3136 2805 est,
3172 2741 3403 2809 ideoque
3416 2738 3580 2793 dividi

1988 2856 2096 2895 non
2135 2846 2337 2908 potest.
2362 2836 2453 2893 Sic
2482 2853 2623 2892 unus
2650 2846 2733 2892 est
2759 2836 2923 2901 Deus,
2944 2843 2998 2889 et
3020 2850 3131 2890 non
3163 2844 3249 2891 est
3276 2834 3416 2888 alius
3449 2848 3586 2901 pra:-

1990 2938 2071 2984 ter
2112 2930 2278 2985 hunc.
2323 2931 2512 2999 Itaque
2538 2945 2662 2983 cum
2696 2944 2864 2983 unum
2897 2929 3028 2990 sint,
3064 2938 3256 2982 etuna
3292 2927 3362 2980 sit
3389 2940 3582 2979 eorum

1989 3022 2277 3087 divinitas,
2310 3036 2431 3092 quas
2460 3021 2720 3076 dicuntur
2742 3020 2809 3075 de
2829 3018 2990 3086 Filio,
3019 3019 3211 3073 eadem
3243 3016 3498 3071 dicuntur
3517 3015 3586 3067 de

1989 3116 2150 3171 Patre
2177 3123 2425 3183 excepto,
2450 3112 2597 3182 quod
2635 3112 2791 3166 Pater
2816 3112 2924 3175 hic,
2975 3109 3145 3164 F.lius
3178 3110 3266 3163 ille
3317 3106 3584 3161 duntaxat

1990 3206 2231 3261 dicitur:
2265 3206 2457 3258 Omnia
2484 3206 2642 3268 enim,
2671 3204 2851 3273 inquit
2880 3204 2996 3273 ipse
3042 3202 3231 3265 Filius,
3269 3216 3386 3270 qua:
3422 3198 3586 3252 Pater

1985 3300 2157 3361 habet,
2189 3314 2305 3352 mea
2324 3308 2445 3351 sunt
2498 3298 2532 3348 ί.
2566 3296 2684 3350 Jant
2711 3296 2804 3366 qui
2829 3295 2981 3350 audit
2999 3311 3060 3349 ca
3085 3310 3205 3364 qua:
3233 3292 3410 3348 Patris
3432 3300 3585 3350 sunt.

1987 3393 2055 3448 de
2081 3390 2218 3445 Filio
2238 3391 2369 3456 dici,
2395 3390 2602 3445 videbit
2634 3398 2690 3444 et
2722 3391 2837 3459 ipse
2853 3389 3070 3443 Patrem
3104 3389 3158 3442 in
3189 3384 3347 3440 Filio.
3374 3384 3582 3439 Etcum

1988 3483 2262 3553 intelliget
2290 3499 2352 3537 ea
2381 3498 2502 3552 qua:
2525 3484 2590 3536 de
2619 3481 2757 3535 Filio
2784 3482 3063 3545 dicuntur,
3114 3480 3182 3533 de
3214 3477 3377 3532 Patre
3418 3475 3583 3531 etiam

1989 3576 2117 3641 dici,
2148 3578 2343 3631 Filium
2378 3577 2432 3630 in
2464 3575 2626 3629 Patre
2653 3575 2944 3644 spectabit.
2978 3575 3035 3627 ln
3064 3572 3204 3626 Filio
3235 3572 3380 3624 enim
3402 3568 3584 3623 cerni-

1989 3679 2080 3724 tur
2109 3669 2371 3723 divinitas
2388 3667 2584 3721 Patris.
2602 3666 2712 3721 Hoc
2732 3677 2913 3720 autem
2942 3665 3106 3735 regiae
3121 3664 3374 3729 imaginis
3396 3676 3583 3715 exe-tu-

1987 3763 2081 3833 plo
2113 3761 2329 3815 facilius
2372 3760 2605 3830 intelligi
2634 3759 2857 3828 poterit.
2914 3756 2971 3810 In
3014 3758 3250 3826 imagine
3301 3756 3450 3809 enim
3499 3765 3584 3809 est

1986 3853 2219 3925 species,
2238 3860 2293 3906 et
2307 3852 2480 3906 forma
2501 3852 2665 3921 regis.
2680 3850 2747 3905 Et
2761 3851 2817 3904 in
2832 3851 2951 3920 ipso
2964 3864 3089 3920 rege
3105 3848 3317 3918 species
3331 3846 3586 3917 imaginis

1988 3957 2093 4004 est.
2112 3945 2385 4001 Constans
2399 3945 2545 4000 enim
2563 3953 2649 3999 est
2669 3944 2723 3997 in
2756 3943 2992 4013 imagine
3009 3944 3150 4012 regis
3171 3942 3492 3996 similitudo.
3512 3939 3585 3995 Ut

1986 4039 2081 4109 qui
2117 4039 2523 4107 contemplatur
2551 4037 2867 4107 imaginem,
2905 4036 2962 4089 in
3000 4035 3119 4105 ipsa
3193 4049 3375 4105 regem
3421 4049 3588 4104 agno-

1988 4141 2111 4188 scat
2147 4142 2203 4187 et
2239 4132 2438 4185 videat.
2479 4130 2548 4185 Et
2587 4145 2803 4185 rursum
2834 4128 2927 4199 qui
2965 4142 3147 4198 regem
3195 4129 3414 4199 aspicit,
3460 4144 3587 4182 etim

1985 4239 2127 4289 esse,
2154 4233 2436 4295 agnoscat,
2469 4223 2566 4293 qui
2599 4223 2655 4277 in
2686 4223 2926 4293 imagine
2958 4223 3320 4277 cernebatur.
3384 4220 3589 4288 Quam-

1985 4318 2179 4371 obrem
2208 4318 2280 4372 ob
2309 4325 2513 4372 certam
2541 4324 2597 4369 et
2618 4315 2756 4369 nihil
2783 4313 3133 4369 diﬂerentem
3160 4313 3583 4369 similitudinem

1986 4412 2036 4462 el
2068 4408 2163 4477 qui
2217 4418 2500 4477 persp-ctu
2552 4409 2793 4477 imagine
2837 4406 3077 4459 voluerit
3122 4420 3303 4475 regem
3350 4405 3580 4464 intueri.

286 4490 398 4558 γάρ
425 4491 584 4539 ἐστιν
610 4486 645 4556 ἡ
672 4486 730 4537 έν
748 4486 813 4555 τῇ
842 4484 1012 4538 εικόνι
1034 4482 1129 4536 τοῦ
1154 4481 1417 4552 βασιλέως
1434 4484 1710 4551 ὁμοιότης,
1738 4480 1881 4533 ὥστε

1988 4500 2219 4568 imagine
2237 4500 2442 4567 poterit
2487 4498 2561 4551 ita
2590 4497 2778 4552 dicere
2813 4515 2826 4549 :
2856 4494 2964 4563 Ego
2982 4502 3039 4549 et
3061 4510 3154 4548 rex
3184 4498 3352 4547 unum
3372 4508 3584 4547 smnus.

286 4583 379 4634 τὸν
410 4578 693 4648 ἐνορῶντα
722 4580 788 4645 τῇ
814 4578 984 4629 εἰκόνι
1003 4576 1137 4647 όρᾷν
1154 4576 1211 4628 ἑν
1236 4576 1373 4647 αὐτῇ
1403 4577 1494 4628 τὸν
1520 4574 1765 4644 βασιλέα,
1788 4576 1882 4627 καὶ

1988 4586 2099 4660 Ego
2122 4591 2271 4643 enim
2305 4589 2360 4641 in
2389 4588 2480 4641 illo
2500 4602 2648 4649 sum,
2677 4596 2731 4639 et
2751 4586 2842 4639 ille
2866 4585 2919 4637 in
2945 4600 3049 4639 me.
3078 4585 3142 4639 Et
3163 4585 3308 4653 quod
3329 4586 3509 4637 cernis
3530 4584 3585 4637 in

286 4677 380 4726 τὸν
414 4672 584 4727 πάλιν
609 4673 821 4741 ὁρωντα
860 4670 950 4723 τὸν
978 4670 1211 4740 βασιλέα
1239 4669 1647 4737 ἐπιγινώσκειν,
1671 4670 1753 4720 δτι
1788 4663 1884 4721 οὗ·

282 4768 380 4830 τός
429 4768 588 4818 ἐστιν
622 4766 651 4818 6
681 4765 739 4817 ὲν
780 4765 845 4834 τῇ
872 4763 1064 4817 εἰκόνι.
1110 4763 1206 4815 Ἐκ
1234 4761 1291 4814 δὲ
1334 4761 1430 4816 τοῦ
1468 4761 1541 4832 μὴ
1575 4760 1885 4814 διαλάττειν

278 4862 389 4932 τὴν
421 4859 729 4928 ὁμοιότητα
756 4858 832 4929 τῷ
861 4859 1070 4911 θέλοντι
1104 4857 1243 4925 μετὰ
1267 4858 1364 4929 τὴν
1392 4857 1576 4911 είκόνα
1602 4856 1882 4926 θεωρῆσαι

279 4956 381 5007 τὶν
412 4952 668 5023 βασιλέα,
699 4951 841 5004 εἴποι
876 4953 943 5006 ἂν
972 4952 1004 5022 ἡ
1036 4951 1204 5005 εἰκών
1225 4967 1240 4984 ·
1270 4949 1415 5019 Ἐγὼ
1442 4950 1537 5006 καὶ
1568 4950 1596 5002 6
1627 4950 1881 5021 βασιλεὺς

282 5048 348 5102 ἐν
373 5049 573 5115 ἐσμεν.
607 5047 747 5115 Ἐγὼ
766 5048 876 5117 γὰρ
897 5046 954 5098 ὲν
983 5044 1180 5115 ἐκείνῳ
1204 5044 1343 5114 εἰμὶ,
1372 5045 1625 5108 κάκεῖνος
1650 5047 1709 5098 ὲν
1733 5046 1882 5114 ἐμοὶ,

282 5142 386 5195 καὶ
420 5140 453 5194 ὃ
488 5139 627 5211 ὁρᾷς
660 5140 720 5194 iv
744 5138 890 5211 ἐμοὶ,
926 5137 1087 5192 τοῦτο
1116 5136 1178 5190 έν
1208 5136 1404 5208 έκείνῳ
1438 5136 1679 5207 βλέπεις.
1715 5138 1827 5192 Καὶ
1855 5136 1885 5191 ὃ

283 5234 560 5305 ἑώρακας
598 5233 657 5284 ὲν
687 5231 906 5302 ἐκείνῳ,
938 5229 1098 5289 τοῦτο
1127 5228 1349 5301 βλέπεις
1376 5230 1436 5284 ὲν
1468 5230 1615 5299 ἐμοί.
1657 5229 1718 5284 '0
1750 5230 1883 5298 γοῦν

280 5324 626 5395 προσκυνῶν
680 5323 781 5394 τὴν
839 5321 1029 5377 εικόνα
1115 5324 1173 5374 ὲν
1231 5321 1371 5393 αὐτῇ
1433 5322 1736 5391 προσκυνεῖ
1793 5321 1884 5375 τὸν

283 5417 544 5490 βασιλέα.
590 5413 657 5468 Ἦ
690 5414 803 5485 γὰρ
831 5414 1043 5468 ἐκείνου
1079 5414 1263 5486 μορφὴ
1287 5455 1301 5475 ,
1336 5414 1433 5467 καὶ
1463 5415 1528 5467 τὸ
1562 5409 1703 5475 εἶδός
1735 5415 1885 5468 ἐστιν

279 5512 319 5579 ἡ
364 5505 557 5562 εἰκών.
613 5506 768 5561 Ἐπεὶ
810 5504 993 5560 τοίνυν
1036 5507 1131 5559 καὶ
1168 5510 1197 5561 6
1240 5506 1367 5571 Υἱὸς
1411 5504 1597 5559 είκὼν⁸
1622 5508 1737 5559 ἐστι
1788 5506 1885 5559 τοῦ

286 5598 547 5672 Πατρός,
607 5599 669 5665 EE
718 5598 973 5669 ἀνάγκης
1024 5599 1143 5653 ἐστὶ
1204 5600 1385 5673 νοεῖν,
1441 5598 1523 5652 ὅτι
1579 5600 1613 5669 ἡ
1669 5599 1884 5668 θεότης,

283 5692 386 5747 καὶ
422 5691 676 5764 ήίδιότης
704 5690 804 5747 τοῦ
835 5691 1047 5762 Πατρδς
1074 5694 1136 5746 τὸ
1165 5688 1304 5746 εἶναι
1333 5692 1427 5747 τοῦ
1459 5692 1590 5746 Υίοῢ
1620 5694 1757 5758 ἐστι,
1790 5694 1885 5749 καὶ

363 5814 375 5846 ⁸
407 5811 563 5875 Joan.
609 5830 723 5881 xw,
770 5810 864 5867 i5.
935 5812 955 5842 ’
983 5811 1195 5885 Philipp
1232 5829 1291 5878 ιι,
1318 5812 1369 5865 6.

1986 4697 2098 4747 me,
2121 4682 2263 4737 idem
2299 4681 2440 4734 ineo
2463 4678 2795 4749 conspicies,
2818 4686 2874 4730 et
2898 4676 3043 4746 quod
3079 4677 3134 4729 in
3160 4676 3251 4729 illo
3284 4676 3583 4742 conspicis,

1988 4772 2136 4828 idem
2157 4786 2353 4827 cernes
2373 4770 2426 4824 in
2451 4785 2556 4824 me.
2575 4769 2676 4834 Qui
2697 4785 2827 4839 ergo
2849 4766 3369 4837 adoratimaginem,
3394 4766 3448 4819 in
3470 4766 3589 4836 ipsa

1983 4879 2167 4936 regem
2200 4865 2415 4919 adorat.
2436 4862 2571 4917 Nam
2612 4864 2733 4931 ejus
2755 4860 2963 4933 eliigies
2981 4869 3034 4916 et
3064 4859 3239 4915 forma
3268 4860 3447 4931 imago
3483 4871 3588 4915 est.

1982 4957 2253 5025 Quoniam
2296 4956 2461 5028 igitur
2478 4956 2653 5011 Filius
2679 4964 2766 5010 est
2794 4955 2973 5025 imago
3005 4955 3199 5019 Patris,
3235 4953 3591 5025 intelligimus

1982 5050 2304 5107 necessario
2330 5049 2677 5105 divinitatem
2708 5058 2764 5103 et
2823 5049 3213 5118 proprietatem
3249 5047 3425 5102 Patris
3465 5063 3589 5103 esse

1981 5144 2279 5200 essentiam
2295 5141 2441 5197 Filii.
2456 5143 2633 5213 Atque
2651 5140 2757 5197 hoc
2772 5140 2906 5196 illud
2922 5151 3004 5197 est
3016 5142 3160 5212 quod
3178 5141 3411 5198 eaverbs
3430 5142 3593 5212 signia

1984 5240 2152 5293 licent
2177 5252 2190 5291 :
2212 5234 2316 5301 Qui
2336 5236 2530 5289 cumis
2545 5238 2718 5306 [arma
2748 5234 2841 5289 Dei
2855 5244 2987 5289 esset
3012 5238 3055 5292 ³.
3095 5233 3268 5290 Porro
3284 5233 3589 5290 divinitatis

1982 5328 2160 5386 forma
2173 5343 2283 5384 non
2302 5342 2368 5383 ex
2384 5327 2544 5382 Patre
2557 5336 2666 5392 est,
2685 5326 2782 5381 sed
2798 5327 3100 5381 divEnitatis
3118 5327 3291 5381 Patris
3305 5325 3588 5395 plenitudo

1992 5430 2078 5477 est
2093 5421 2332 5477 essentia
2353 5419 2497 5485 Filii,
2523 5426 2580 5475 et
2595 5417 2834 5474 Verbum
2854 5420 2998 5474 Deus
3027 5429 3113 5473 est
3147 5418 3337 5472 Filius.
3377 5415 3585 5479 Quam-

1993 5515 2186 5570 obrem
2241 5513 2470 5584 aqualis
2504 5514 2778 5569 exsistens
2830 5528 2934 5566 non
2991 5512 3238 5580 rapinam
3287 5506 3585 5560 arbitratus

1995 5614 2097 5671 est,
2138 5621 2249 5661 esse
2278 5620 2335 5661 se
2368 5603 2629 5676 aqualem
2656 5604 2788 5659 Dea.
2828 5605 2893 5658 Et
2920 5604 3049 5673 quia
3074 5599 3196 5656 Filii
3247 5598 3503 5655 divinitas
3528 5602 3585 5651 et

1997 5697 2212 5767 species
2239 5712 2350 5752 non
2378 5697 2539 5764 alius,
2572 5696 2679 5751 nisi
2714 5694 2889 5750 Patris
2939 5703 3045 5757 est,
3099 5692 3221 5747 ideo
3251 5688 3387 5745 dixit
3414 5707 3430 5745 :
3468 5686 3582 5757 qu
