4058 6412
489 321 588 384 411

1763 303 2150 365 ΕυΤΗΥΜΙΙ
2189 304 2552 367 ΖΙΟΑΒΕΝΙ

3651 311 3758 376 ιιε

488 435 542 486 in
579 431 738 490 Putre
769 445 903 480 mm.
936 423 1024 478 Sic
1060 423 1193 476 Deus
1228 429 1340 474 crat
1373 421 1424 472 in
1455 417 1665 472 Christo
1701 419 1950 472 mundum
1988 433 2071 470 re-

2186 417 2333 470 τοῦτό
2379 420 2528 471 ἐστιν
2555 435 2568 449 ·
2602 420 2704 487 Ὃς
2756 420 2826 475 ἐν
2851 421 3055 492 μορφῇ
3102 423 3250 478 Θεοῦ
3289 423 3594 492 ὑπάρχων.
3642 425 3761 478 Οὐκ

491 522 777 575 concilians
836 520 1004 572 sibi‘.
1056 515 1341 583 Pmprium
1396 513 1540 566 enim
1585 511 1760 566 Patris
1815 511 2068 565 assentire

491 610 662 663 Filius
691 621 792 666 est.
826 606 879 660 in
920 620 1026 672 quo
1083 603 1318 656 tnundus
1357 602 1467 654 Deo
1519 601 1924 656 recmciliatur.
1979 598 2070 653 Sic

491 716 612 766 qua:
650 698 810 751 l-‘ilius
845 697 972 760 agit,
1005 694 1179 747 Patris
1227 703 1355 746 sunt
1383 707 1569 761 opera.
1619 693 1710 744 Sic
1755 693 1850 768 qui
1874 689 2064 744 Filium

493 794 660 857 videt,
689 793 902 844 Patrem
946 789 1111 840 videt.
1140 787 1197 839 ln
1232 795 1456 854 paterna
1484 785 1629 840 enim
1653 786 1939 840 divin‘tate
1983 785 2069 836 Fi-

491 884 598 938 lius
627 891 712 936 est
768 893 819 935 et
850 889 1143 948 spectatur.
1205 880 1271 934 Et
1297 888 1521 948 paterna
1565 894 1685 945 qua:
1713 878 1768 930 in
1797 879 1917 940 ipso
1945 891 2070 944 spe-

493 977 606 1029 cies
641 982 744 1031 cst.
780 972 832 1024 in
867 987 932 1023 eo
968 968 1183 1023 Patrem
1214 969 1472 1028 ostendit.
1505 980 1560 1022 et
1589 968 1667 1021 sic
1711 976 1796 1021 est
1818 967 1979 1021 Pater
2016 966 2069 1018 in

492 1067 651 1122 Filio.
687 1066 751 1118 Et
783 1063 1087 1132 proprietas
1105 1070 1266 1129 atque
1285 1059 1542 1115 divinitas
1575 1075 1640 1114 ex
1664 1057 1822 1111 Patre
1856 1058 1908 1111 in
1936 1058 2072 1111 Filio

491 1161 570 1214 sic
607 1157 843 1212 ostendit
871 1154 1066 1208 Filium
1112 1153 1166 1207 in
1191 1152 1370 1217 Patre,
1397 1162 1454 1206 ut
1484 1153 1550 1206 ab
1590 1167 1653 1204 eo
1686 1150 1927 1219 separari
1963 1165 2072 1202 non

492 1252 685 1319 possit.
731 1248 833 1315 Qui
874 1263 1004 1302 vero
1038 1248 1210 1312 audit,
1255 1256 1308 1300 et
1355 1245 1505 1300 videt
1536 1261 1597 1298 ea
1637 1260 1757 1313 quae
1815 1244 2074 1298 dicuntur

490 1345 558 1397 de
584 1343 766 1406 Patre,
799 1341 864 1395 de
889 1340 1026 1394 Filio
1059 1340 1186 1392 item
1217 1338 1343 1401 dici,
1372 1352 1482 1390 non
1510 1336 1655 1406 quod
1697 1353 1793 1406 per
1843 1336 2071 1406 gratiam

495 1435 572 1488 sit
619 1448 809 1487 eorum
849 1431 1146 1502 particeps,
1175 1440 1337 1499 atque
1369 1429 1441 1483 ita
1480 1429 1678 1482 habeat
1708 1428 1796 1480 illa
1829 1427 1986 1481 insita
2019 1429 2075 1480 in

495 1529 740 1582 essentia
777 1540 900 1588 sua,
929 1524 1022 1580 sed
1063 1523 1207 1592 quod
1239 1522 1411 1592 ipsius
1435 1520 1558 1576 Filii
1585 1520 1822 1576 essentia
1847 1520 1916 1574 sit
1947 1535 2075 1588 pro-

493 1621 674 1689 prium
699 1615 952 1674 essentia:
987 1624 1229 1685 paterna:
1253 1626 1478 1681 germen
1502 1610 1568 1674 is,
1615 1609 2075 1679 quemadmodum

493 1721 626 1768 ante
658 1711 792 1775 dixi,
829 1709 1086 1779 praeclare
1111 1705 1364 1777 intelligit
1410 1705 1618 1759 dictum
1653 1702 1785 1756 illud
1817 1720 1829 1755 :
1868 1700 1976 1770 Ego
2022 1702 2077 1753 in

2176 510 2239 562 ὲκ
2298 510 2496 578 μέρους
2548 511 2605 564 δὲ
2665 514 2696 581 ή
2751 513 2846 582 τῆς
2907 513 3164 584 Θεότητος
3223 515 3443 584 μορφὴ,
3506 513 3644 567 ἀλλὰ
3697 514 3762 566 τὸ

2177 599 2450 670 πλήρωμα
2498 602 2598 670 τῆς
2651 602 2743 656 τοῦ
2799 603 3013 682 Harpe;
3069 605 3322 674 θεότητος
3397 607 3516 658 ἐστι
3566 607 3625 658 τὸ
3681 602 3761 656 εἴ·

2177 711 2266 746 ναι
2297 694 2390 747 τοῦ
2425 694 2574 750 Υξοῧ.
2615 697 2724 750 Καὶ
2749 697 2867 758 ὅλος
2913 697 3046 760 Θεός
3077 699 3224 750 ἐστιν
3246 700 3273 751 ὁ
3302 698 3450 758 Υἱός.
3477 699 3574 752 Διὰ
3597 698 3756 751 τοῦτο

2177 786 2271 838 καὶ
2303 785 2392 839 ἴσα
2435 787 2552 854 Θεῴ
2590 787 2685 855 ὢν,
2732 792 2830 860 οὐχ
2885 791 3180 861 ἁρπαγμὸν
3217 790 3276 842 τὸ
3324 788 3464 843 εἶναι
3516 792 3606 844 [σα
3639 791 3763 860 Θεῴ

2178 877 2435 947 ἡγήσατο.
2469 880 2580 934 Καὶ
2620 881 2780 934 πάλιν
2829 883 3016 952 ἐπειδὴ
3069 882 3161 936 τδιῦ
3200 882 3330 934 Tia-3
3371 885 3402 952 ἠ
3445 881 3634 952 Θεότης
3661 887 3756 937 καὶ

2177 969 2238 1020 τὸ
2277 964 2414 1031 εἶδος
2452 970 2666 1032 οὐδενὸς
2715 970 2872 1024 ἄλλον
2915 970 3068 1041 ἢτοῦ
3121 973 3338 1040 Πατρός
3397 975 3542 1034 ἐστι,
3592 975 3760 1030 τοῦτο

2182 1058 2326 1110 ἐστιν
2352 1059 2500 1129 ὅπερ
2525 1057 2698 1125 εἶπεν,
2734 1061 2816 1114 ὅτι
2867 1062 3016 1131 Ἐγὼ
3046 1063 3116 1116 ἐν
3166 1062 3245 1127 τῷ
3272 1064 3476 1130 Πατρί.
3513 1064 3699 1127 Οὕτως
3734 1067 3765 1119 6

2180 1147 2310 1212 Θεὸς
2340 1146 2406 1220 ἦν
2438 1153 2494 1204 ἐν
2519 1153 2760 1222 Χριστῷ,
2796 1154 3002 1224 κόσμον
3035 1156 3216 1226 ἑαυτῷ
3244 1157 3653 1212 καταλλάσσων.
3687 1159 3766 1210 T6

2184 1240 2291 1311 γὰρ
2333 1243 2467 1296 ἴδιον
2494 1243 2592 1311 τῆς
2620 1245 2714 1298 τοῦ
2744 1247 2955 1314 Harpe;
2981 1247 3168 1311 οὐσίας
3201 1249 3350 1308 ἐστὶν
3383 1250 3412 1301 6
3439 1250 3586 1314 Υἱὸς,
3621 1252 3678 1304 ἐν
3721 1245 3766 1319 ᾧ

2182 1335 2424 1404 ήκτίσις
2483 1339 2621 1405 περ’-ς
2669 1339 2762 1390 τὸν
2807 1339 2940 1392 Θεὸν
2985 1340 3417 1410 κατηλλάσσετο.
3477 1344 3659 1407 Οὕτως
3728 1345 3766 1398 ἃ

2185 1428 2477 1494 ἐργάζεται
2526 1430 2551 1479 ὁ
2595 1428 2741 1496 Υἱὸς,
2770 1430 2864 1484 τοῦ
2899 1433 3112 1502 Πατρός
3144 1435 3292 1486 ἐστιν
3347 1435 3506 1503 ἔργα.
3543 1437 3615 1490 Τὸ
3649 1437 3764 1506 γὰρ

2184 1516 2322 1582 εἶδος
2352 1519 2448 1589 τῆς
2477 1520 2568 1573 τοῦ
2604 1523 2815 1593 Πετρδς
2870 1523 3122 1594 Θεότητός
3178 1528 3328 1580 ἐστιν
3370 1528 3398 1584 6
3430 1527 3580 1590 Υἱὸς,
3611 1529 3767 1592 ὅστις

2185 1612 2474 1680 ἐργάζεται
2507 1613 2576 1666 τὰ
2605 1615 2762 1684 ἔργα.
2794 1614 2953 1670 Οὕτω
2981 1617 3036 1670 δὲ
3067 1620 3094 1670 ό
3129 1618 3346 1687 βλέπων
3378 1621 3471 1674 τὸν
3507 1619 3634 1673 Υἱὸν
3661 1623 3768 1693 ὁρᾷ

2185 1704 2276 1758 τὸν
2316 1704 2562 1775 Πατέρα.
2598 1706 2686 1758 Ἐν
2707 1707 2817 1776 γὰρ
2841 1710 2909 1778 τῇ
2951 1707 3184 1780 πατρῴᾳ
3217 1710 3432 1778 θεότητί
3463 1711 3608 1779 ἐστι,
3666 1714 3768 1768 καὶ

497 1807 680 1870 Putre,
711 1817 755 1858 et
786 1805 945 1862 Pater
962 1804 1013 1856 in
1043 1819 1160 1866 me;
1193 1811 1247 1854 ct
1283 1801 1410 1854 illud
1442 1819 1454 1853 :
1488 1797 1596 1868 Ego
1634 1809 1681 1851 et
1715 1796 1875 1849 Pater
1916 1813 2078 1850 unum

2186 1797 2468 1869 θεωρεῖται
2499 1802 2526 1852 ὁ
2577 1800 2723 1864 Υἱός.
2771 1802 2883 1854 Καὶ
2911 1803 2972 1854 τὸ
2999 1803 3058 1857 ὲν
3109 1804 3259 1873 αὐτῷ
3315 1805 3586 1875 πατρικὸν
3619 1802 3768 1870 εἶδος

493 1913 696 1950 sumus.
735 1896 831 1950 Est
857 1895 1004 1948 enim
1041 1892 1230 1956 Filius,
1264 1891 1440 1961 qualis
1473 1890 1651 1955 Pater,
1681 1889 1940 1958 quoniam
1965 1904 2080 1941 om-

494 1991 606 2051 nia,
642 2005 760 2057 qua:
793 1988 971 2045 Patris
996 1999 1142 2049 sunt,
1172 1985 1356 2041 habet.
1384 1985 1564 2050 Quare
1589 1983 1750 2038 simul
1773 1984 1932 2040 etiam
1953 1997 2077 2036 cum

496 2078 658 2132 Patre
692 2076 1049 2145 significatur.
1076 2075 1267 2129 Nullus
1295 2075 1464 2138 enim,
1493 2074 1594 2126 nisi
1651 2073 1789 2127 ﬁlius
1832 2073 2078 2137 exsiSIat,

495 2181 705 2238 patrem
750 2170 1053 2238 appellarit.
1101 2167 1234 2222 Nam
1259 2169 1346 2237 qui
1384 2168 1551 2221 Deum
1583 2166 1896 2220 effectorem
1927 2165 2080 2231 dicit,

495 2280 608 2317 non
634 2279 696 2317 ea
731 2263 994 2318 continuo
1017 2277 1134 2331 qua:
1164 2263 1302 2316 facta
1342 2270 1495 2326 sunt,
1519 2261 1778 2315 ostendit.
1815 2259 1911 2314 Est
1931 2259 2078 2313 enim

499 2359 744 2422 t-tl‘vctor,
786 2368 842 2412 et
874 2357 1054 2427 Opifex
1083 2357 1246 2412 etiam
1276 2363 1568 2424 antequam
1606 2355 1691 2408 illa
1715 2356 1847 2410 sint.
1879 2353 1948 2408 At
1989 2351 2080 2422 qui

497 2450 712 2505 Patrem
764 2450 916 2513 dicit,
965 2450 1151 2504 statim
1198 2448 1468 2515 signiﬁcat
1496 2458 1550 2502 et
1586 2448 1881 2502 essentiam
1929 2445 2076 2500 Filii.

497 2543 678 2608 Quare
704 2544 796 2612 qui
828 2543 1000 2597 credit
1028 2542 1082 2596 in
1104 2541 1329 2604 Filium,
1355 2541 1518 2594 etiam
1551 2539 1603 2594 in
1635 2538 1850 2594 Patrem
1884 2539 2080 2594 credit.

494 2637 685 2691 Credit
709 2635 860 2689 enim
893 2636 948 2688 in
976 2633 1152 2688 Patris
1177 2633 1434 2690 essentia:
1462 2633 1877 2701 proprietatem.
1907 2632 2082 2699 Atque

497 2733 570 2784 ita
628 2746 736 2784 una
781 2738 867 2784 est
900 2730 1034 2783 ﬁdes
1063 2729 1115 2780 in
1148 2743 1318 2782 unum
1348 2726 1538 2784 Deum.
1573 2725 1640 2785 Et
1666 2726 1757 2794 qui
1787 2724 2000 2788 adorat,
2030 2731 2085 2780 et

495 2824 628 2876 colit
652 2821 871 2884 Filium,
904 2820 956 2875 in
994 2819 1128 2874 Filio
1151 2819 1369 2875 Patrem
1402 2820 1570 2874 ctiatn
1629 2817 1821 2878 adorat
1848 2825 1901 2872 et
1930 2815 2080 2872 colit.

496 2916 615 2971 Una
649 2916 795 2970 enim
829 2923 912 2969 est
933 2914 1283 2979 divinitas,et
1312 2911 1518 2967 idcirco
1536 2925 1675 2968 unus
1710 2920 1791 2964 est
1817 2910 2012 2973 honor,
2030 2916 2086 2966 et

499 3025 608 3062 una
640 3009 886 3062 adoratio
913 3007 964 3060 in
1002 3005 1160 3068 Filio,
1186 3013 1240 3059 et
1263 3019 1362 3074 per
1383 3003 1576 3058 Filium
1598 3001 1892 3056 exhibetur
1912 2998 2078 3055 Patri.

501 3102 566 3156 Et
589 3102 678 3170 qui
707 3103 785 3156 sic
803 3100 1055 3163 adorant,
1094 3113 1264 3151 unum
1307 3096 1499 3150 adorat
1529 3095 1722 3152 Deum.
1755 3093 1906 3150 Unus
1935 3093 2082 3148 enim

503 3195 644 3249 Deus
660 3203 764 3255 est,
783 3202 839 3246 et
857 3208 965 3246 non
987 3200 1072 3247 est
1088 3191 1228 3245 alius
1248 3199 1446 3259 praeter
1469 3189 1669 3256 ipsum.
1692 3188 1758 3242 Et
1781 3187 1942 3242 verba
1962 3186 2079 3240 illa:

501 3285 613 3355 Ego
631 3302 768 3347 sum,
794 3293 841 3338 et
870 3292 1058 3353 pra’ter
1085 3298 1162 3336 me
1185 3298 1287 3335 non
1318 3290 1394 3335 est
1417 3281 1555 3334 alius
1584 3280 1721 3333 Deus
1768 3281 1824 3342 ²;
1853 3287 1942 3336 et:
1970 3277 2082 3349 Ego

499 3378 702 3446 primus
728 3379 783 3441 ες
829 3384 886 3430 et
919 3374 1068 3445 :Ego
1099 3382 1214 3443 post
1244 3375 1354 3428 haec
1376 3371 1420 3439 ",
1452 3379 1603 3426 recte
1625 3370 1905 3425 dicuntur.
1938 3368 2084 3434 Deus

499 3471 648 3526 enim
691 3483 854 3534 unus,
885 3479 939 3524 et
985 3468 1155 3530 solus,
1211 3477 1266 3520 et
1315 3465 1523 3536 primus
1566 3472 1670 3519 est.
1731 3463 1844 3520 Nec
1889 3461 2086 3518 tollunt

497 3567 695 3620 Filium
728 3567 842 3620 haec
871 3565 1060 3618 verba.
1092 3562 1270 3617 Absit!
1308 3561 1404 3616 Est
1429 3560 1579 3616 enim
1602 3570 1657 3615 et
1683 3559 1798 3630 ipse
1829 3557 2002 3612 Filius
2028 3558 2083 3614 in

501 3677 632 3725 uno,
663 3670 715 3714 et
750 3658 887 3722 solo,
915 3667 968 3711 et
1004 3655 1202 3725 primo.
1243 3653 1314 3709 Ut
1360 3655 1452 3724 qui
1482 3654 1666 3718 unius,
1691 3661 1745 3708 et
1789 3651 1985 3718 solius,
2028 3659 2086 3712 et

497 3753 659 3822 primi
696 3751 846 3806 solus
878 3760 965 3804 εει
1001 3747 1266 3810 Verbum,
1290 3755 1346 3800 et
1379 3745 1672 3815 sapientia.
1701 3751 1758 3798 et
1802 3743 2079 3811 splendor.

499 3846 616 3899 Non
643 3845 804 3916 igitur
832 3851 891 3897 ut
920 3841 1142 3896 tollatur
1177 3839 1367 3905 Filius,
1404 3839 1520 3894 haec
1549 3838 1693 3894 dicta
1733 3847 1882 3904 sunt,
1907 3838 2002 3893 sed
2028 3845 2087 3892 ut

497 3940 844 3997 ostendatur,
881 3949 990 3988 non
1016 3948 1136 3988 esse
1179 3932 1370 3996 alium,
1424 3931 1601 4000 qualis
1649 3938 1734 3984 est
1783 3929 1967 3994 Pater,
2030 3940 2086 3986 et

497 4029 662 4103 quale
706 4038 791 4082 est
846 4023 1110 4079 Vrrbum.
1175 4021 1412 4084 Etenim,
1463 4022 1720 4089 quoniam
1777 4022 1868 4088 qti
1919 4020 2089 4078 falsos

500 4125 732 4184 adorant
751 4118 905 4178 deos,
936 4131 967 4170 a
1000 4130 1128 4169 vero
1147 4113 1256 4170 Deo
1292 4112 1596 4174 deeiscunt,
1632 4111 1774 4166 Deus
1803 4112 1897 4180 qui
1928 4112 2087 4166 beni-

501 4229 642 4284 guns
674 4219 779 4271 est,
805 4220 860 4263 et
895 4207 1147 4262 homines
1193 4213 1371 4268 curat.
1403 4217 1668 4256 revocans
1721 4210 1777 4256 et
1833 4211 2089 4260 avertens

501 4322 601 4364 eos
625 4306 692 4358 ab
705 4316 892 4357 errore
914 4317 932 4354 :
963 4299 1095 4368 Ego,
1123 4298 1318 4367 inquit,
1341 4296 1478 4351 Deus
1496 4295 1674 4359 solus;
1697 4304 1752 4348 et
1779 4312 1790 4348 :
1822 4293 1932 4362 Ego
1948 4310 2087 4361 sum,

505 4411 554 4461 et
585 4409 777 4467 praeter
807 4412 889 4450 me
933 4410 1037 4450 non
1071 4401 1145 4446 est
1189 4391 1357 4456 Deus,
1392 4398 1448 4444 et
1477 4390 1581 4445 alia
1623 4389 1913 4458 ejusmodi.
1957 4389 2090 4453 Quae

2182 1891 2455 1944 δείκνυσιν
2505 1893 2564 1944 ὲν
2604 1893 2755 1964 αὑτῷ
2794 1894 2884 1948 τὸν
2915 1895 3154 1967 Πατέρα.
3199 1897 3308 1958 Kal
3357 1897 3531 1957 οὕτως
3560 1901 3710 1954 ἐστὶν
3742 1903 3771 1952 6

2187 1983 2371 2052 Πατὴρ
2399 1985 2455 2036 ὲν
2480 1984 2558 2053 τῷ
2587 1984 2722 2054 Υἱῷ.
2761 1987 2870 2040 Kal
2903 1986 2935 2055 ἡ
2979 1988 3042 2040 ὲκ
3074 1987 3169 2040 τοῦ
3225 1988 3442 2060 Harpe;
3471 1989 3528 2044 δὲ
3561 1992 3621 2044 ὲν
3648 1991 3771 2061 1⁸ἰῷ

2185 2074 2381 2144 ἰδιότης
2408 2078 2502 2128 καὶ
2547 2075 2737 2147 Θεότης
2767 2077 3012 2131 δείκνυσι
3042 2079 3134 2134 τὸν
3190 2079 3321 2135 Υἱὸν
3355 2081 3412 2134 ὲν
3452 2082 3531 2150 τῷ
3565 2083 3770 2154 Πατρί,

2183 2165 2278 2217 καὶ
2334 2167 2422 2218 ἀεὶ
2471 2167 2780 2238 ἀδιαίρετον
2832 2169 3022 2223 αὑτοῦ.
3064 2171 3171 2224 Kal
3207 2173 3234 2228 ὁ
3274 2172 3491 2228 ἀκούων
3541 2174 3634 2240 δὲ,
3670 2176 3773 2229 καὶ

2185 2257 2401 2332 βλέπων
2437 2261 2505 2314 τὰ
2523 2260 2792 2330 λεγόμενα
2833 2262 2961 2332 περὶ
2986 2263 3081 2315 τοῦ
3117 2265 3352 2334 llas-96;,
3384 2265 3559 2320 ταῦτα
3605 2265 3773 2334 λεγό-

2185 2369 2324 2422 μενα
2372 2355 2500 2422 περὶ
2531 2354 2624 2407 τοῦ
2657 2355 2812 2420 Υίοῦ,
2848 2356 2909 2410 οὐ
2937 2359 3079 2410 κατὰ
3106 2359 3288 2428 χάριν,
3317 2360 3350 2430 ἢ
3385 2360 3622 2433 μετοχὴν
3643 2363 3775 2416 ἐπι-

2182 2446 2445 2515 γινόμενα
2469 2451 2534 2516 τῇ
2571 2448 2731 2518 οὐσίᾳ
2749 2448 2941 2514 αὐτοῦ,
2968 2449 3087 2503 ἀλλ’
3125 2451 3208 2505 ὅτι
3240 2451 3373 2505 αὐτὸ
3411 2452 3475 2507 τὸ
3502 2447 3645 2509 εἶναι
3672 2455 3775 2509 τοῦ

2184 2539 2340 2602 Υἱοῦ,
2395 2539 2526 2592 ἴδιον
2583 2541 2683 2608 τῆς
2718 2544 2994 2613 πατρικῆς
3055 2544 3246 2610 οὐσίας
3303 2547 3422 2600 ἐστὶ
3489 2547 3776 2617 γέννημα,

2183 2633 2366 2701 νοήσει
2427 2633 2605 2693 καλῶς
2643 2635 2703 2686 τὸ
2733 2635 3046 2710 εἰρημένον,
3101 2637 3244 2693 καθὰ
3275 2642 3539 2707 προεῖπον
3569 2657 3584 2671 ο
3628 2642 3780 2710 Ἐγὼ

2183 2723 2252 2780 ἐν
2273 2723 2351 2788 τῷ
2384 2725 2588 2792 Πατρὶ,
2607 2725 2705 2780 καὶ
2734 2709 2771 2780 ’ὁ
2801 2727 3003 2796 Πατὴρ
3021 2729 3258 2798 ἐνέμοίο
3288 2733 3400 2785 καί·
3419 2733 3586 2801 Ἐγὼ.
3616 2709 3720 2787 καὶ
3744 2738 3780 2790 ὁ

2184 2815 2390 2885 Πατὴρ
2415 2818 2484 2875 ἓν
2507 2820 2716 2888 ἐσμεν.
2761 2819 2919 2876 Ἐστι
2948 2821 3058 2894 γὰρ
3101 2823 3129 2878 6
3159 2824 3308 2890 Υἱὸς,
3349 2820 3461 2890 οἷος
3491 2829 3518 2879 ὁ
3557 2827 3779 2896 Πατὴρ,

2183 2909 2262 2980 τῷ
2293 2911 2470 2964 πάντα
2497 2913 2567 2966 τὰ
2605 2912 2699 2967 τοῦ
2738 2913 2952 2984 Πατρὸς
2980 2916 3148 2986 ἔχειν.
3199 2918 3293 2970 Atia
3336 2920 3432 2972 καὶ
3487 2921 3628 2990 μετὰ
3677 2922 3779 2975 τοῦ

2187 3006 2403 3076 Πατρός
2429 3007 2777 3076 σημαίνεται.
2814 3007 3037 3078 Πατέρα
3090 3010 3202 3080 γὰρ
3255 3011 3356 3064 οὐκ
3387 3011 3453 3065 ἄν
3482 3029 3567 3076 τις
3599 3015 3778 3080 εἴποι,

2111 3123 2157 3185 C
2193 3098 2266 3168 μὴ
2301 3098 2639 3168 ὑπάρχοντος
2673 3097 2828 3157 Υἱοῦ,
2877 3100 2936 3154 Ὀ
2989 3101 3172 3169 μέντοι
3200 3103 3432 3174 ποιητὴν
3462 3104 3639 3175 λέγων
3685 3109 3782 3162 τὸν

2189 3188 2320 3242 Θεὸν
2378 3189 2436 3242 οὐ
2464 3191 2683 3258 πάντως
2714 3191 2806 3244 καὶ
2843 3191 2909 3246 τὰ
2938 3193 3204 3260 γενόμενα
3229 3193 3398 3265 δηλοῖ.
3455 3197 3610 3250 Ἐστι
3665 3200 3781 3272 γὰρ

2190 3281 2284 3334 καὶ
2318 3281 2424 3352 πρὸ
2480 3281 2589 3336 τῶν
2627 3284 2950 3352 ποιημάτων
3002 3288 3261 3357 ποιητής.
3332 3288 3391 3342 '0
3429 3288 3490 3342 δὲ
3551 3293 3777 3364 Πατέρα

2191 3371 2364 3440 λέγων
2404 3373 2570 3436 εὐθὺς
2597 3375 2740 3444 μετὰ
2762 3373 2857 3428 τοῦ
2891 3376 3109 3444 Πατρὸς
3144 3379 3400 3448 σημαίνει
3431 3380 3524 3433 καὶ
3553 3383 3771 3453 τὴντοό

2191 3463 2321 3517 Υἱοῦ
2380 3463 2638 3535 ὕπαρξιν.
2696 3466 2797 3518 Διὰ
2824 3465 2988 3521 τοῦτο
3042 3470 3193 3522 καὶό
3247 3472 3522 3526 πιστεύων
3547 3473 3627 3536 εἰς
3665 3473 3764 3527 τὸν

2193 3555 2321 3609 Υἱὸν
2349 3559 2426 3620 εἰς
2475 3558 2568 3610 τὸν
2615 3559 2835 3630 Πατέρα
2886 3561 3159 3614 πιστεύει.
3201 3563 3310 3615 Καὶ
3336 3562 3480 3617 οὕτω
3503 3562 3593 3634 pla
3615 3566 3764 3618 ἔστιν

2192 3651 2226 3719 ἡ
2262 3651 2446 3714 πίστις
2472 3653 2552 3714 είς
2577 3652 2674 3706 ἕνα
2699 3652 2851 3706 Θεόν.
2889 3656 2996 3706 Καὶ
3023 3656 3049 3706 6
3083 3658 3410 3724 προσκυνῶν
3447 3659 3525 3716 δὲ.
3563 3659 3659 3711 καὶ
3689 3676 3777 3712 τιι

2196 3742 2313 3812 μῶν
2340 3743 2434 3797 τὸν
2477 3744 2617 3809 Υίὸν,
2647 3747 2704 3797 ἐν
2732 3744 2848 3816 Υἱῷ
2879 3750 3181 3816 προσκυνεί
3231 3751 3324 3801 καὶ
3367 3752 3503 3820 τιμᾷ
3540 3752 3635 3804 τὸν
3669 3752 3783 3804 [la-

2191 3834 2348 3903 τέρα.
2395 3834 2510 3888 Μία
2567 3836 2675 3906 γάρ
2711 3838 2860 3889 ἐστιν
2894 3839 2926 3906 ἡ
2960 3838 3153 3910 θεότης
3178 3880 3193 3905 ,
3235 3841 3334 3895 καὶ
3381 3841 3472 3894 διὰ
3493 3842 3657 3896 τοῦτο
3687 3843 3789 3910 μία

2191 3928 2350 3997 τιμὴ,
2381 3930 2475 3982 καὶ
2525 3929 2621 3998 μία
2669 3930 2789 3982 ἐστὶ
2839 3929 3216 3998 προσκύνησις
3269 3935 3329 3986 ὲν
3381 3933 3533 4002 Υίῷ,
3579 3936 3675 3987 καὶ
3713 3935 3786 3987 δι’

2193 4017 2363 4072 αὐτοῦ
2410 4019 2670 4089 γινομένη
2705 4019 2782 4089 τῷ
2821 4021 3023 4092 Πατρί.
3059 4024 3168 4076 Kal
3197 4025 3226 4075 6
3253 4025 3396 4076 οὕτω
3449 4026 3785 4092 προσκυνῶν

2196 4110 2295 4163 ἕνα
2337 4110 2471 4164 Θεὸν
2519 4114 2839 4180 προσκυνεῖ.
2896 4107 2988 4174 Εἷς
3037 4115 3148 4184 γὰρ
3205 4115 3338 4178 Θεός
3383 4117 3519 4178 ἐστι,
3554 4118 3645 4168 καὶ
3679 4119 3787 4169 οὐκ

2193 4201 2341 4255 ἐστιν
2369 4202 2526 4265 ἄλλος
2551 4203 2692 4274 πλὴν
2732 4203 2921 4258 αὑτοῦ.
2956 4207 3064 4260 Kal
3109 4207 3172 4260 τὸ
3209 4207 3356 4276 Ἐγώ
3382 4209 3518 4276 ειμι,
3555 4208 3655 4261 καὶ
3672 4211 3787 4264 οὐκ

2195 4291 2422 4350 eorum
2433 4291 2508 4356 ὴν
2535 4291 2681 4361 ἐμοῦ
2706 4293 2896 4361 ἄλλος
2921 4297 3087 4362 Θεόςο
3115 4297 3210 4350 καὶ
3239 4295 3322 4349 τόο
3359 4296 3509 4368 Ἐγὼ
3529 4297 3789 4366 πρῶτος,

2197 4384 2380 4438 καὶτὸ
2423 4385 2570 4454 Ἐγὼ
2613 4388 2763 4456 μετὰ
2804 4387 2994 4442 ταῦτα
3019 4389 3199 4453 καλῶς
3250 4390 3490 4458 λέγεται.
3528 4388 3625 4454 Εἷς
3671 4393 3793 4462 γὰρ

503 4494 725 4562 quidem
749 4490 931 4544 omnia
963 4485 1225 4556 loquitur,
1260 4493 1319 4537 ut
1342 4497 1403 4536 ea
1433 4497 1554 4550 qua:
1583 4497 1689 4535 non
1725 4491 1876 4544 sunt,
1903 4480 2081 4549 expel-

2192 4476 2324 4538 Θεὸς
2357 4479 2448 4532 καὶ
2480 4481 2662 4547 μόνος,
2693 4481 2787 4532 καὶ
2810 4479 3026 4549 πρῶτός
3050 4483 3222 4536 ἐστιν.
3247 4482 3360 4534 Οὐκ
3387 4483 3468 4543 είς
3498 4482 3794 4551 ἀναίρεσιν

505 4588 601 4649 lat,
635 4595 686 4639 et
715 4597 908 4637 omnes
938 4579 1190 4635 homines
1215 4577 1284 4631 ad
1309 4590 1367 4631 se
1398 4581 1696 4629 convertat.
1725 4577 1800 4627 Ac
1823 4575 2089 4642 quemad—

507 4681 729 4736 modum
769 4677 814 4732 si
854 4677 976 4746 quis
1006 4688 1132 4727 cum
1161 4671 1282 4726 dies
1307 4678 1475 4731 esset.
1503 4678 1559 4723 et
1597 4669 1676 4722 sol
1715 4668 2084 4731 illucesceret,

505 4777 712 4844 lignum
769 4769 1088 4837 simpliciter
1123 4766 1389 4834 pingeret,
1422 4775 1526 4814 nec
1561 4761 1668 4814 ulla
1717 4760 1858 4815 lucis
1903 4760 2092 4816 habita

512 4865 723 4922 ratione
769 4861 999 4924 diceret,
1037 4859 1303 4927 picturam
1333 4855 1482 4908 illam
1510 4867 1635 4908 esse
1681 4853 1820 4907 lueis
1849 4867 2092 4915 causam,

511 4954 593 5011 sol
639 4960 820 5006 autem
867 4966 926 5004 re
977 4956 1265 5018 perspecta
1311 4947 1618 5001 clamaret:
1651 4943 1782 5012 Ego,
1815 4945 2090 5012 inquiens,

510 5063 630 5107 sum
653 5048 752 5100 lux
778 5045 906 5106 diei,
938 5059 1041 5098 nec
1069 5041 1215 5095 aliud
1243 5040 1411 5094 ullum
1438 5049 1522 5095 est
1549 5039 1660 5094 diei
1687 5042 1869 5094 lumen
1899 5049 2095 5108 praeter

515 5152 722 5206 meum,
763 5137 809 5191 si
855 5137 933 5190 sol
962 5139 1036 5188 ita
1067 5135 1406 5202 loqueretur,
1443 5148 1556 5186 non
1593 5147 1659 5186 eo
1702 5140 1996 5202 spectaret,
2037 5141 2096 5186 ut

513 5231 860 5303 splendorem
917 5242 1099 5290 suum,
1148 5226 1244 5280 sed
1295 5234 1356 5278 ut
1390 5239 1634 5279 errorem
1679 5234 1737 5279 et
1781 5224 2075 5279 stultitiam

514 5326 682 5389 illius,
736 5321 826 5389 qui
865 5318 995 5389 ligni
1047 5317 1284 5387 speciem
1334 5317 1696 5386 depinxisset,
1753 5315 2094 5380 excluderet.

2191 4570 2250 4623 δὲ
2289 4569 2384 4623 τοῦ
2437 4569 2568 4623 Υἱοῦ
2612 4572 2760 4638 λέγει
2806 4573 3002 4636 ταῦτα,
3056 4573 3133 4642 μὴ
3192 4573 3404 4641 γένοιτο
3433 4591 3447 4606 ο
3513 4574 3630 4627 ἐστι
3675 4577 3794 4644 γὰρ

2195 4666 2291 4719 καὶ
2322 4665 2487 4727 αὐτὸς
2517 4667 2576 4718 ὲν
2602 4664 2681 4734 τῷ
2705 4665 2806 4728 ἑνὶ,
2843 4669 2941 4718 καὶ
2975 4665 3146 4736 μόνῳ.
3173 4667 3271 4720 καὶ
3317 4668 3549 4738 πρώτῳ,
3590 4667 3666 4730 ὡς
3691 4671 3797 4720 τοῦ

2196 4757 2316 4819 ἑνὸς
2345 4759 2438 4810 καὶ
2475 4757 2665 4826 μόνον,
2715 4755 2808 4810 καὶ
2837 4757 3058 4826 πρῶτον
3103 4757 3264 4828 μόνος
3320 4759 3516 4825 Λόγος,
3571 4758 3667 4810 καὶ
3701 4777 3804 4811 σοι

2197 4849 2317 4917 φία,
2345 4849 2439 4900 καὶ
2473 4847 2817 4918 ἀπαύγασμα
2867 4849 2942 4904 ὢν
2963 4867 2977 4881 ⁶
3003 4848 3204 4904 οὔκουν
3240 4850 3307 4904 δι’
3344 4849 3507 4904 αὑτὸν
3545 4852 3798 4922 εἴρηται,

2201 4941 2320 4993 ἀλλ’
2347 4940 2428 5003 εἰς
2455 4941 2737 5011 ἀναίρεσιν
2789 4943 2884 4995 τοῦ
2941 4943 3016 5011 μὴ
3046 4936 3187 4995 εἶναι
3215 4942 3423 5012 ἕτερον,
3460 4939 3575 5004 οἷός
3634 4945 3799 4998 ἐστιν

2197 5035 2227 5087 ό
2255 5033 2466 5102 Πατὴρ,
2518 5035 2613 5086 καὶ
2641 5035 2669 5086 6
2696 5034 2887 5087 τούτου
2918 5035 3112 5102 Λόγος.
3160 5035 3378 5105 Ἐπειδὴ
3400 5035 3508 5103 γὰρ
3536 5035 3590 5088 οἱ
3621 5052 3808 5101 προσ-

2189 5127 2439 5194 κείμενοι
2495 5130 2608 5190 τοῖς
2657 5127 3039 5197 ψευδωνύμοις
3113 5128 3262 5190 Θεοῖς
3320 5128 3653 5196 ἀφίστανται
3693 5130 3806 5183 τοῦ

2199 5219 2461 5289 ἀληθινοῦ
2485 5221 2646 5285 Θεοῦ,
2684 5221 2774 5274 διὰ
2801 5221 2958 5274 τοῦτο
2987 5220 3192 5289 ἀγαθὸς
3223 5221 3324 5281 ὢν.
3359 5225 3453 5275 καὶ
3490 5223 3809 5291 κηδόμενος

2207 5316 2316 5369 τῶν
2347 5317 2653 5386 ἀνθρώπων
2679 5317 2707 5369 6
2733 5317 2890 5381 θεὸς,
2943 5317 3388 5387 ἀνακαλούμενος
3418 5318 3546 5379 τοὺς
3582 5317 3812 5388 πλανη-

514 5419 594 5472 sic
626 5419 769 5471 Deus
795 5431 812 5468 :
842 5412 974 5482 Ego,
1005 5409 1202 5479 inquit,
1232 5425 1386 5475 sum;
1437 5420 1491 5464 et
1519 5429 1531 5464 :
1562 5409 1674 5480 Ego
1705 5408 2018 5472 Dentatus,
2052 5425 2079 5464 ε

2211 5408 2422 5470 Θέντας,
2455 5407 2620 5478 φησιν
2646 5422 2661 5436 ⁸
2709 5407 2858 5474 Ἐγὼ
2906 5409 3052 5484 Θεὸς
3072 5409 3284 5477 μόνος,
3319 5409 3415 5466 καὶ
3473 5406 3620 5476 Ἐγὼ
3645 5411 3806 5475 εἰμι,

513 5527 617 5577 non
650 5519 722 5562 est
771 5506 909 5561 alius
939 5513 1132 5574 praeter
1185 5518 1287 5567 me,
1314 5511 1372 5556 ut
1428 5500 1684 5556 homines
1730 5517 1759 5556 a
1793 5499 1946 5555 falsis
1979 5500 2099 5555 deis

2213 5499 2312 5552 καὶ
2345 5500 2516 5563 πλὴν
2547 5497 2696 5566 ἐμοῦ
2737 5499 2848 5550 οὐκ
2882 5500 3016 5552 ἐστι
3069 5497 3234 5563 Θεὸς,
3291 5501 3388 5550 καὶ
3429 5498 3527 5550 ὅσα
3563 5495 3810 5551 τοιαῦτα

520 5603 766 5660 colendis
795 5608 1069 5654 averteret
1118 5605 1175 5652 et
1235 5605 1514 5661 avocaret,
1559 5602 1621 5648 et
1663 5593 1732 5648 ad
1792 5607 1855 5648 se
1911 5608 2081 5647 veruu

2217 5592 2381 5660 ῥητὰ,
2417 5591 2504 5642 ἵνα
2555 5592 2622 5641 τὰ
2665 5588 2764 5657 μὲν
2801 5588 2875 5659 μὴ
2918 5588 3047 5644 ὄντα
3094 5589 3347 5661 διαϐάλῃ,
3403 5587 3713 5658 ἐπιστρέψῃ
3735 5587 3810 5640 δὲ

598 5741 613 5780 '~
645 5739 684 5791 ll
721 5739 848 5796 Cur.
876 5753 928 5800 v,
956 5737 1039 5798 ιι).
1117 5737 1136 5766 ⁸
1178 5733 1281 5789 lsa.
1325 5748 1468 5795 XLIV,
1504 5733 1558 5786 6.
1636 5731 1658 5763 ⁸
1683 5732 1814 5788 ibid.
1892 5732 1911 5762 ⁸
1945 5733 2074 5786 ibid.
