4058 6400
435 361 538 428 415

1691 357 2076 421 EUTHYMII
2115 356 2479 419 ZIGABENI

3530 376 3541 389 ·
3597 352 3703 416 416

435 474 615 542 imago
668 486 775 525 non
825 471 918 535 sit,
960 470 1150 525 sedne
1202 468 1589 540 proprietatem
1643 466 1862 535 quidem
1918 474 2012 520 aut

2115 462 2252 518 Θεοῦ
2276 480 2291 530 ;
2316 463 2448 535 περὶ
2483 460 2542 516 δι
2573 458 2762 527 αὐτοῦ,
2809 460 2894 515 ότι
2920 460 3081 530 μόνος
3121 456 3289 513 εἰκὼν
3316 458 3568 532 ἀληθινὴ,
3604 465 3702 517 καὶ

436 564 845 617 similitudinem
875 563 1050 617 Patris
1085 561 1249 615 ullam
1307 560 1510 613 habere
1560 557 1828 611 videatur.
1881 555 2014 622 Quae

437 656 581 708 enim
627 655 721 715 illi,
772 654 815 708 si
860 653 1258 709 commutabilis
1309 663 1410 713 est.
1450 668 1571 706 cum
1602 649 1762 706 Patre
1816 650 2013 705 simili-

440 744 609 797 tudo?
636 743 699 797 Et
727 743 926 797 Paulus
952 744 1180 798 docebat
1210 758 1397 797 eorum
1425 743 1643 806 similia,
1668 758 1788 811 quat
1813 742 2014 796 docue-

440 846 524 889 rat
566 835 836 897 Servator,
879 850 980 889 nec
1020 842 1201 888 tamen
1265 835 1316 889 ei
1361 834 1554 889 similis
1599 846 1717 887 erat
1754 836 2010 888 essentia.

439 928 718 995 Ejusmodi
758 936 883 981 sunt
934 927 1162 980 istorum
1203 942 1384 996 nugae.
1446 928 1515 980 At
1543 926 1711 980 Filius
1744 936 1795 979 et
1850 926 2011 980 Pater

436 1022 514 1073 s'c
546 1033 711 1071 unum
739 1026 885 1083 sunt,
917 1026 974 1070 ut
1004 1016 1201 1071 Fdium
1233 1032 1354 1070 cum
1378 1015 1554 1080 Patre,
1581 1026 1638 1070 et
1658 1016 2008 1087 splendorem

436 1125 559 1162 cum
587 1108 701 1163 sole
732 1124 900 1161 unum
946 1123 1069 1162 esse
1117 1108 1517 1178 cognoscimus.
1563 1106 1637 1159 Ex
1670 1124 1777 1175 quo
1830 1107 1905 1167 fit.
1955 1116 2015 1161 ut

435 1208 627 1268 agente
672 1198 813 1253 Filio
841 1198 1003 1252 Pater
1035 1208 1179 1269 agat,
1214 1210 1267 1252 et
1300 1200 1549 1252 veniente
1602 1200 1739 1252 Filio
1778 1202 1842 1252 ad
1891 1215 2014 1252 san-

435 1302 575 1356 ctos,
620 1291 778 1345 Pater
814 1292 868 1344 iu
899 1292 1038 1345 Filio
1078 1294 1282 1345 veniat.
1330 1293 1566 1361 lmagine
1595 1294 1738 1345 enim
1771 1292 2015 1345 cernitur

434 1380 617 1447 Pater,
640 1392 694 1435 et
726 1382 778 1434 in
804 1381 1094 1451 splendore
1119 1382 1210 1435 lux
1235 1391 1341 1436 est.
1372 1383 1738 1456 Quapmptcr,
1759 1388 1819 1434 ut
1850 1381 2011 1450 paulo

432 1481 561 1526 ante
586 1472 844 1535 diximus,
878 1471 1035 1525 Patre
1088 1474 1313 1542 gratiam
1360 1481 1412 1524 et
1471 1486 1660 1541 pacem
1724 1472 2009 1541 largiente,

432 1580 554 1617 eam
586 1564 811 1633 largitur
847 1563 1039 1629 Filius,
1066 1573 1124 1616 ut
1168 1564 1369 1618 Paulus
1396 1565 1449 1617 iu
1484 1563 1736 1618 omnibus
1758 1562 2012 1633 Epistolis

434 1657 550 1708 suis
595 1654 866 1724 signiﬁcat
913 1672 927 1708 :
966 1655 1154 1710 Gratia
1215 1657 1378 1719 vobis,
1423 1655 1698 1723 inquiens,
1742 1664 1793 1708 et
1844 1670 2009 1723 paxa

432 1747 543 1799 Deo
584 1745 750 1800 Patre
798 1759 971 1801 nostro
1018 1758 1064 1800 et
1104 1748 1327 1800 Domino
1375 1746 1504 1800 Jcsu
1552 1744 1757 1801 Christo
1788 1745 1829 1799 ¹.
1890 1745 2008 1801 Una

433 1837 581 1890 enim
618 1846 673 1891 et
698 1836 886 1891 eadem
928 1847 1010 1891 est
1042 1838 1211 1906 gratia
1244 1852 1273 1890 a
1309 1836 1466 1890 Patre
1510 1839 1563 1889 in
1604 1836 1764 1900 Filio,
1792 1846 1852 1890 ut
1901 1852 2008 1891 una
2042 1815 2083 1871 Β

434 1928 527 1980 lux
555 1938 638 1981 est
672 1928 803 1982 solis
833 1938 886 1982 et
921 1928 1243 1996 splendoris.
1279 1928 1516 1982 Rursum
1548 1929 1614 1983 ad
1649 1927 2006 1983 Thessaloni-

434 2032 628 2072 censcs
663 2018 932 2077 scribens.
978 2030 1231 2088 precatur
1278 2035 1294 2072 :
1348 2020 1484 2089 Ipse,
1534 2019 1814 2085 inquiens,
1869 2019 2007 2072 Deus

432 2118 628 2171 uoster,
675 2120 723 2163 et
780 2109 1031 2164 Dominus
1091 2121 1263 2164 uoster
1311 2110 1460 2164 Jesus
1510 2110 1749 2164 Christus
1817 2111 2009 2176 dirigat

430 2207 571 2258 viam
599 2214 833 2258 nostram
861 2206 931 2258 ad
966 2221 1052 2259 vos
1082 2205 1128 2261 '.
1164 2205 1222 2259 In
1251 2220 1359 2273 quo
1397 2202 1615 2272 quidem
1670 2203 1787 2255 loco
1838 2202 2013 2255 anim-

429 2299 826 2353 advertendum
909 2307 1016 2364 est,
1084 2298 1261 2367 ipsum
1318 2312 1424 2351 nou
1472 2295 1705 2350 dicere:
1743 2294 2009 2363 Dirigaut,

429 2387 550 2452 sed,
618 2387 852 2458 Dirigat,
898 2396 957 2441 ut
985 2403 1095 2441 non
1121 2396 1375 2456 tauquam
1418 2402 1446 2439 a
1475 2386 1690 2446 duobus
1735 2385 2006 2455 duplicem

428 2482 680 2549 gratiam,
730 2480 825 2534 sed
883 2490 940 2534 ut
984 2484 1053 2535 ab
1100 2495 1210 2534 uno
1252 2479 1481 2547 gratiam
1542 2493 1704 2531 unam
1750 2476 1869 2531 dari
1906 2477 2007 2529 dc-

430 2583 717 2628 monstret.
777 2574 1049 2639 Quoniam
1106 2571 1270 2625 Pater
1316 2571 1460 2625 illam
1506 2586 1606 2640 per
1650 2568 1845 2624 Filium
1891 2570 2005 2627 dat.

428 2663 564 2727 Quae
602 2666 761 2735 plane
794 2680 881 2718 res
907 2663 1083 2717 Patris
1118 2672 1173 2716 et
1205 2662 1326 2716 Filii
1361 2662 1566 2715 indicat
1613 2660 1901 2714 unitatem.

2118 558 2278 623 φύσει
2296 555 2392 609 τοῦ
2430 556 2646 624 Πατρός
2674 555 2846 608 ἐστιν.
2878 552 2940 606 Εἰ
2974 553 3085 624 γὰρ
3113 554 3209 606 καὶ
3236 555 3359 606 κατ’
3389 554 3576 609 εἰκόνα
3603 571 3701 623 γε-

2115 647 2373 717 γόναμεν,
2403 649 2497 699 καὶ
2522 645 2708 711 εἰκὼν,
2739 644 2836 698 καὶ
2875 643 3003 712 δόξα
3033 644 3169 698 Θεοῦ
3214 646 3695 716 ὲχρηματίσαμεν,

2113 739 2232 792 ἀλλ’
2270 739 2330 792 ού
2365 739 2433 791 δι’
2462 739 2692 801 ἑαυτοὺς
2742 737 2929 804 πάλιν,
2985 735 3075 789 διὰ
3100 737 3157 789 δὲ
3205 737 3307 807 τὴν
3335 739 3702 810 ἑνοικήσασαν

2114 831 2248 899 ἡμῖν
2284 830 2490 893 εἰκόνα,
2538 830 2631 882 καὶ
2668 827 2845 899 ἀληθῆ
2876 828 3034 893 δόξαν
3077 829 3173 881 τοῦ
3199 828 3358 893 Θεοῦ,
3391 830 3516 899 ἥτις
3549 829 3699 884 ἐστὶν

2114 921 2142 972 6
2180 920 2351 986 Λόγος
2388 918 2485 972 τοῦ
2528 918 2697 985 Θεοῦ,
2743 918 2863 971 όδι⁹
2918 919 3066 987 ἡμᾶς
3119 917 3350 985 ὕστερον
3402 918 3703 986 γενόμενος

2116 1008 2277 1078 σάρξ,
2306 1008 2513 1077 ταύτην
2541 1010 2643 1079 τῆς
2666 1009 2910 1079 κλήσεως
2935 1007 3132 1077 ἔχομεν
3153 1008 3251 1079 τὴν
3285 1009 3470 1080 χάριν.
3503 1010 3702 1078 Ἀνάγ-

2115 1120 2184 1171 κη
2219 1102 2274 1154 δὲ
2327 1100 2427 1173 τὴν
2447 1101 2712 1170 ὁμοίωσιν
2756 1102 2851 1155 καὶ
2885 1102 2981 1173 τὴν
3010 1103 3239 1171 ἑνότητα
3269 1104 3360 1154 ἐπ’
3392 1103 3565 1175 αὐτὴν
3595 1103 3700 1175 τὴν

2114 1192 2304 1246 οὐσίαν
2326 1191 2420 1244 τοῦ
2454 1190 2586 1245 Υἰοῦ
2624 1192 2837 1263 φέρειν.
2885 1194 2945 1247 Εί
2972 1193 3080 1263 γάρ
3117 1194 3192 1263 μὴ
3219 1193 3363 1247 οὕτω
3404 1211 3490 1258 τις
3516 1194 3692 1263 λέγει,

2115 1283 2237 1335 οὔτε
2263 1284 2422 1336 πλέον
2440 1300 2493 1336 τι
2532 1284 2643 1336 τῶν
2690 1283 2932 1351 γενητῶν
2975 1285 3114 1355 ἔχων
3144 1285 3468 1355 φανήσεται,
3501 1284 3698 1353 ὥσπερ

2115 1376 2351 1444 εἴρηται,
2383 1374 2506 1427 οὔτε
2529 1374 2622 1428 τοῦ
2653 1376 2766 1427 Πατ
2777 1375 2865 1445 ρδς
2888 1376 3073 1445 ὅμοιος
3092 1375 3269 1439 ἔσται,
3293 1375 3432 1429 ἀλλὰ
3459 1377 3570 1429 τῶν
3592 1376 3697 1429 τοῦ

2114 1465 2329 1533 Πατρος
2362 1466 2545 1535 ὅμοιος
2576 1465 2731 1519 ἔσται
2759 1466 3068 1535 δογμάτων,
3104 1465 3316 1520 καὶτοῦ
3349 1467 3559 1537 Πατρδς
3578 1466 3707 1520 δια·

2115 1558 2294 1627 φέρει.
2330 1556 2450 1609 Ὀτι
2489 1557 2589 1626 μὲν
2625 1557 2812 1628 Πατὴρ
2842 1559 3032 1629 Πατήρ
3064 1560 3206 1623 ἐστι,
3233 1558 3302 1611 τὰ
3339 1558 3397 1613 δὲ
3426 1558 3703 1629 δόγματα,

2115 1650 2210 1701 καὶ
2235 1649 2267 1719 η
2291 1648 2609 1701 διδασκαλία
2640 1649 2737 1702 τοῦ
2772 1649 2985 1720 Πατρός
3034 1653 3202 1703 ἐστιν.
3228 1652 3291 1703 Εἰ
3324 1650 3507 1704 τοίνυν
3553 1651 3706 1704 κατὰ

2115 1739 2185 1791 τὰ
2210 1737 2460 1807 δόγματα
2511 1740 2608 1793 καὶ
2634 1740 2736 1807 τὴν
2764 1739 3114 1794 διδασκαλίαν
3135 1740 3322 1810 ὅμοιός
3345 1743 3495 1795 ἐστιν
3519 1742 3547 1794 6
3570 1742 3706 1805 Υἱὸς

2111 1831 2205 1884 τοῦ
2245 1831 2476 1901 [ἰατρὸς.
2501 1833 2530 1884 6
2561 1831 2663 1902 μὲν
2698 1832 2891 1901 Πατὴρ
2924 1832 3047 1885 κατ’
3074 1833 3274 1896 αὐτοὺς
3324 1834 3547 1904 ὀνόματι
3579 1836 3704 1889 Πα-

2112 1924 2216 1991 τήρ
2242 1924 2414 1986 ἐστιν,
2449 1923 2478 1976 6
2503 1922 2561 1976 δὲ
2592 1922 2720 1986 Υἱὸς
2744 1924 2846 1976 οὐκ
2872 1924 3295 1991 ἀπαράλλακτος
3327 1925 3514 1990 εἰκὼν,
3547 1927 3699 1995 μᾶλ-

2113 2014 2204 2066 λον
2233 2012 2291 2066 δὲ
2348 2012 2474 2066 οὐδὲ
2502 2012 2642 2075 ὅλως
2675 2012 2936 2085 ἰδιότητα,
2968 2014 3280 2085 ἢὸμοίωσίν
3307 2033 3426 2069 τινα
3467 2015 3563 2068 τοῦ
3587 2017 3709 2070 Πα-

2114 2103 2240 2173 τρδς
2271 2102 2411 2173 ἔχων
2437 2104 2765 2173 φανήσεται.
2798 2104 2935 2157 Ποία
2955 2106 3063 2174 γὰρ
3088 2106 3347 2175 ὁμοίωσις
3376 2106 3470 2159 καὶ
3496 2106 3710 2178 ἰδιότης

2119 2196 2198 2265 τῷ
2224 2196 2735 2267 παρεξηλλαγμένῳ
2766 2195 2862 2249 τοῦ
2904 2197 3115 2268 Πατρός
3144 2215 3158 2264 ;
3206 2200 3322 2252 Kal
3347 2201 3458 2269 γὰρ
3487 2200 3514 2251 6
3547 2199 3708 2252 Παῦ-

2116 2289 2206 2351 λος
2236 2290 2399 2358 ὄμοια
2429 2288 2508 2360 τῷ
2542 2288 2723 2359 Πατρὶ
2752 2288 3041 2352 διδάσκων,
3096 2290 3195 2342 οὐκ
3249 2287 3317 2359 ἦν
3352 2290 3474 2344 κατ’
3508 2291 3711 2345 οὐσίαν

2114 2382 2297 2450 ὅμοιος
2327 2382 2497 2451 αὐτῷ.
2542 2382 2770 2436 Ἐκεῖνοι
2812 2382 2914 2452 μὲν
2943 2377 3039 2437 οὖν
3069 2384 3294 2435 τοιαῦτα
3324 2383 3661 2453 φλυαροῦσιν
3689 2401 3705 2415 ·

2112 2473 2140 2524 6
2164 2471 2220 2525 δὲ
2248 2473 2372 2534 Υἱὸς
2403 2474 2497 2525 καὶ
2521 2472 2551 2524 6
2594 2473 2786 2544 Πατὴρ
2808 2473 2984 2537 οὕτως
3022 2474 3165 2527 εἰσὶν
3188 2473 3267 2545 ἓν,
3286 2474 3361 2538 ὡς
3384 2475 3528 2527 ἐστιν
3548 2475 3713 2540 ἰδεῖν,

2115 2564 2213 2617 καὶ
2261 2566 2402 2616 νοεῖν
2440 2564 2567 2617 Υίὸν
2614 2565 2752 2633 πρὸς
2789 2566 3037 2637 Πατέρα,
3089 2567 3182 2619 καὶ
3235 2565 3297 2621 τὸ
3352 2566 3710 2636 ἀπαύγασμα

2115 2656 2252 2727 πρὸς
2304 2657 2394 2709 τὸν
2443 2657 2617 2726 ἥλιον.
2675 2658 2773 2711 Διὰ
2804 2660 2914 2729 γὰρ
2943 2659 3003 2712 τὸ
3033 2658 3206 2724 οὕτως
3236 2677 3376 2713 ειναι
3422 2659 3514 2712 τὸν
3544 2660 3706 2743 Υίὸν,

430 2755 797 2824 ἐργαζομένου
828 2754 923 2807 τοῦ
958 2754 1112 2817 Υἱοῦ,
1153 2756 1181 2807 6
1215 2753 1398 2823 Πατὴρ
1436 2749 1730 2821 ἐργάζεται
1758 2790 1773 2817 ,
1808 2751 1903 2803 καὶ
1948 2750 2245 2819 ἐρχομένου
2284 2748 2377 2801 τοῦ
2448 2748 2581 2803 Υίοῦ
2618 2751 2757 2821 πρὸς
2798 2752 2925 2817 τοὺς
2981 2752 3195 2821 ἁγίους,
3236 2751 3264 2803 6
3296 2751 3487 2821 Πατήρ
3551 2752 3711 2806 ἔστιν

429 2851 456 2900 6
490 2847 779 2916 ἐρχόμενος
804 2847 861 2898 ὲν
882 2846 960 2915 τῷ
983 2846 1119 2911 Υίῷ.
1154 2846 1243 2897 Ἐν
1268 2846 1375 2915 γὰρ
1419 2846 1485 2913 τῇ
1527 2846 1697 2895 εἰκόνι
1724 2843 2010 2911 θεωρεῖται
2049 2842 2078 2893 6
2149 2840 2361 2912 Πατὴρ,
2393 2843 2488 2896 καὶ
2536 2844 2594 2897 ὲν
2615 2842 2692 2914 τῷ
2736 2844 3139 2913 ἀπαυγάσματί
3184 2845 3302 2898 ἐστι
3344 2843 3406 2897 τὸ
3438 2844 3576 2913 φῶς.
3601 2846 3712 2899 Διά

428 2940 611 3006 τοῦτο,
638 2939 779 2992 καθὰ
818 2940 1002 3010 μικρῷ
1040 2940 1270 3010 πρόσθεν
1321 2939 1571 3009 εἴπομεν,
1633 2938 1866 3000 διδόντος
1915 2936 2008 2990 τοῦ
2050 2938 2262 3008 Πατρδς
2328 2938 2491 3008 χάριν
2522 2941 2618 2993 καὶ
2668 2941 2913 3011 εἰρήνην,
2983 2939 3189 3011 ταύτην
3219 2942 3249 2994 6
3300 2939 3427 3004 Υἰδς
3459 2939 3710 3007 δίδωσιν,

427 3029 504 3092 ὡς
540 3030 568 3081 6
600 3028 810 3090 Παῦλος
850 3028 1276 3098 ἐπισημαίνεται
1333 3027 1421 3079 διὰ
1480 3026 1662 3095 πάσης
1717 3026 2008 3096 ἐπιστολῆς
2065 3028 2317 3098 γράφων,
2372 3029 2556 3097 Χάρις
2615 3031 2760 3101 ὑμῖν
2809 3032 2909 3086 καί
2983 3033 3193 3101 εἰρήνη
3232 3032 3350 3087 ἀπὸ
3383 3032 3536 3088 Θεοῦ
3577 3038 3709 3088 Πα-

430 3124 569 3189 τρός
605 3120 794 3189 ἡμῶν,
863 3121 963 3174 καὶ
995 3121 1218 3189 Κυρίου
1255 3119 1462 3187 Ἰησοῦ
1499 3119 1780 3187 Χριστοῦ.
1806 3119 1921 3173 Μία
1978 3120 2087 3190 γὰρ
2119 3121 2274 3192 καὶὴ
2329 3122 2469 3193 αὑτὴ
2522 3125 2685 3195 χάρις
2731 3124 2853 3177 ἐστὶ
2903 3125 3058 3196 παρὰ
3092 3127 3307 3194 Πατρδς
3338 3127 3396 3179 ὲν
3451 3126 3590 3197 Υίῷ,
3616 3129 3699 3185 ὠ;

428 3216 577 3267 ἐστιν
604 3214 662 3267 ἓν
696 3215 755 3267 τὸ
786 3213 903 3282 φῶς
927 3214 1021 3266 τοῦ
1078 3215 1255 3283 ἡλίου,
1306 3212 1522 3266 καὶτοῦ
1578 3213 2036 3281 ἀπαυγάσματος.
2081 3215 2249 3269 Πάλιν
2289 3212 2383 3271 οὖν
2444 3218 2811 3287 ἐπευχόμενος
2852 3218 3314 3273 Θεσσαλονικεῦσι
3360 3220 3454 3273 καὶ
3498 3220 3700 3288 λέγων’

427 3310 622 3374 Αὐτὸς
651 3310 718 3361 δὲ
746 3313 777 3362 ό
810 3310 955 3375 Θεὸς
993 3309 1093 3363 καὶ
1139 3309 1343 3377 Πατὴρ
1394 3308 1564 3378 ἡμῶν
1623 3306 1725 3361 καί
1785 3311 1818 3362 ό
1865 3309 2083 3377 Κύριος
2117 3311 2287 3380 ἡμῶν
2354 3313 2596 3381 Ἰησοῦς
2621 3313 2875 3381 Χριστὸς
2930 3316 3359 3369 κατευθύναιεν
3389 3314 3503 3381 τὴν
3556 3316 3704 3369 όδύν

429 3403 600 3472 ἡμῶν
639 3405 789 3472 πρὸς
816 3404 993 3474 ὑμᾶς,
1034 3405 1134 3475 τὴν
1162 3406 1388 3473 ἑνότητα
1411 3403 1505 3457 τοῦ
1536 3403 1750 3473 Πατρδς
1780 3403 1876 3456 καὶ
1915 3403 2009 3456 τοῦ
2049 3406 2181 3460 Υίοῦ
2214 3408 2498 3477 ἐφύλαξεν.
2533 3408 2608 3463 Οὐ
2667 3408 2775 3479 γὰρ
2805 3404 2928 3462 εἷπε
2994 3408 3407 3471 κατευθύναιεν,
3433 3406 3507 3470 ὡς
3544 3410 3693 3475 παρά

427 3493 521 3547 δύο
542 3495 845 3562 διδομένης,
876 3496 1026 3563 παρὰ
1060 3494 1254 3547 τούτου
1306 3495 1400 3547 καὶ
1425 3493 1618 3547 τούτου
1680 3491 1877 3563 διπλῆς
1936 3493 2181 3565 χάριτος,
2232 3498 2369 3552 ἀλλὰ
2399 3500 2782 3563 κατευθύναι,
2838 3500 2925 3552 ἵνα
2986 3500 3157 3569 δείξῃ,
3200 3499 3281 3553 ὃτι
3322 3499 3350 3551 6
3386 3500 3563 3568 Πατὴρ
3595 3497 3687 3552 διὰ

429 3590 521 3642 τοῦ
552 3587 681 3641 Υἱοῦ
712 3588 895 3640 δίδωσι
918 3586 1144 3657 ταύτην.
1196 3589 1304 3641 Kal
1342 3590 1375 3657 ἡ
1415 3590 1561 3651 δόσις
1595 3584 1734 3657 αὕτη
1766 3586 2004 3642 δείκνυσι
2045 3592 2143 3661 τὴν
2172 3594 2403 3665 ἑνότητα
2432 3594 2527 3649 τοῦ
2564 3594 2778 3663 Πατρδς
2808 3593 3017 3647 καὶτοῦ
3042 3594 3197 3650 Υἰοῦ.

965 3678 1049 3733 Ea:
1084 3681 1261 3734 eodem
1295 3681 1447 3735 libro.

2572 3689 2674 3740 Ἐκ
2700 3686 2807 3742 τοῦ
2840 3686 3028 3741 αὑτοῦ
3058 3687 3270 3748 λόγου.

502 3775 703 3829 Beatus
727 3770 967 3827 Joannes
999 3771 1221 3826 brevius
1271 3780 1325 3825 et
1351 3772 1650 3842 perfectius
1690 3790 1850 3845 quam
1888 3791 2010 3842 nos,

436 3869 631 3921 horum
652 3866 938 3919 verborqu
992 3879 1211 3918 sensum
1265 3864 1598 3934 explanabit,
1646 3875 1703 3921 et
1738 3869 2016 3935 cohibebit

427 3959 679 4021 Arianos,
719 3972 786 4009 ne
815 3956 1045 4025 amplius
1098 3970 1157 4009 se
1203 3955 1360 4021 tales,
1422 3958 1598 4025 qualis
1662 3968 1746 4012 est
1800 3958 2011 4024 Filius,

426 4047 738 4115 cpinentur.
833 4045 1084 4113 Alioquin
1184 4045 1285 4115 ipsi
1373 4062 1593 4115 quoque
1674 4048 1807 4103 illud
1912 4066 2015 4103 au-

428 4138 625 4192 dient:
667 4137 750 4190 Tu
802 4151 862 4191 es
911 4137 1096 4202 homo,
1142 4144 1199 4191 et
1244 4151 1356 4190 non
1403 4136 1565 4191 Deus.
1600 4136 1667 4191 Et
1692 4140 1830 4205 noli,
1887 4154 2012 4194 eum

427 4244 633 4298 pauper
689 4226 787 4292 sis,
819 4237 1021 4280 tecum
1056 4226 1225 4280 divite
1276 4227 1354 4279 uti
1418 4228 1685 4297 :equalem
1732 4244 2014 4299 compara-

426 4337 509 4373 re.
535 4318 626 4373 Sic
658 4318 824 4388 igitur
863 4317 1100 4372 Joannes
1147 4318 1461 4373 scribitzln
1505 4321 1600 4374 hoc
1630 4324 2006 4391 cognoscimus,

426 4412 564 4479 quod
585 4412 639 4462 in
669 4411 781 4479 ipso
812 4424 1082 4463 manemus
1128 4419 1177 4464 et
1208 4411 1389 4478 ipsein
1422 4413 1592 4477 nobis,
1652 4416 1896 4484 quoniam
1946 4423 2011 4471 de

2206 3779 2263 3830 Ὁ
2288 3776 2554 3847 μακάριος
2592 3777 2846 3848 Ἰωάννης
2878 3781 2941 3830 ἐκ
2972 3776 3070 3846 τῆς
3100 3776 3387 3847 ἐπιστολῆς
3417 3778 3474 3831 ὲν
3493 3776 3705 3846 ὀλίγοις

2121 3871 2217 3925 καὶ
2237 3870 2563 3941 τελεώτερον
2609 3873 2811 3941 μᾶλλον
2841 3872 2999 3943 ἡμῶν
3026 3873 3189 3938 δείξει
3220 3872 3329 3927 τῶν
3373 3878 3707 3947 γεγραμμέ-

2120 3978 2227 4016 νων
2267 3964 2358 4015 τὸν
2387 3963 2532 4027 νοῦν,
2585 3966 2679 4016 καὶ
2729 3964 2934 4017 παύσει
2988 3964 3175 4019 λοιπὸν
3212 3967 3338 4029 τοὺς
3377 3967 3707 4038 Ἀρειανοὺς

2122 4057 2319 4125 μηκέτι
2365 4056 2608 4125 νομίζειν
2659 4057 2888 4120 ἑαυτοὺς
2930 4058 3150 4111 ἔσεσθαι
3189 4058 3264 4122 ὡς
3292 4061 3385 4113 τὸν
3418 4060 3569 4127 Υίδν,
3607 4062 3705 4116 ἵνα

2120 4146 2197 4216 μὴ
2243 4147 2338 4200 καὶ
2380 4148 2534 4201 αὐτοὶ
2581 4146 2890 4201 ἀκούσωσι·
2925 4148 3010 4202 Σὺ
3041 4145 3100 4203 εἷ
3123 4148 3440 4219 ἅνθρωπος
3479 4152 3577 4206 καί
3626 4156 3711 4210 οὐ

2119 4235 2282 4301 Θεὸς,
2307 4234 2405 4289 καὶ
2422 4236 2508 4305 μὴ
2529 4237 3053 4307 συμπαρεκτείνου
3075 4236 3266 4305 πένης
3283 4238 3370 4293 ὢν
3396 4241 3707 4307 πλουσίῳ.

2115 4328 2322 4399 Γράφει
2377 4329 2559 4383 τοίνυν
2590 4330 2619 4381 6
2660 4330 2912 4401 Ἰωάννης
2942 4330 3086 4384 οῦτω
3119 4330 3294 4400 λέγων
3319 4367 3339 4387 .
3370 4331 3477 4388 Ἕν
3505 4334 3715 4403 τούτῳ

2114 4420 2507 4491 γινώσκομεν,
2540 4421 2628 4476 ὅτι
2650 4421 2721 4476 ἐν
2749 4422 2911 4488 αὐτῷ
2961 4422 3246 4493 μένομεν,
3276 4425 3378 4479 καὶ
3403 4425 3587 4493 αὐτὸς
3628 4427 3714 4482 ἐν

427 4503 635 4571 Spiritu
656 4518 751 4555 suo
772 4502 915 4555 nobis
934 4502 1072 4555 dedit
1098 4502 1140 4555 ³.
1189 4506 1369 4567 Quare
1393 4513 1615 4574 propter
1634 4507 1859 4575 gratiam
1884 4506 2008 4577 Spi-

425 4595 564 4649 ritus
594 4595 754 4648 nobis
777 4594 1134 4662 impertitam,
1163 4602 1218 4648 et
1246 4611 1346 4649 nos
1384 4597 1437 4650 in
1472 4597 1590 4666 ipso
1645 4613 1931 4655 manemus
1953 4610 2008 4657 et

426 4684 624 4751 ipsein
650 4683 831 4738 nobis.
869 4682 935 4736 Et
962 4684 1219 4753 quoniam
1269 4683 1507 4754 Spiritus
1569 4686 1665 4742 Dei
1719 4698 1821 4754 est,
1853 4704 1919 4744 eo
1950 4689 2004 4743 in

2115 4706 2201 4753 τος
2234 4693 2395 4761 ἡμεῖς
2414 4708 2473 4745 τε
2502 4694 2561 4745 ὲν
2588 4692 2738 4763 αὐτῷ
2776 4694 3065 4763 γινόμεθα,
3107 4699 3202 4748 καὶ
3233 4697 3397 4761 αὐτὸς
3442 4700 3502 4751 ἑν
3533 4700 3707 4770 ἡμῖν.

424 4773 578 4827 nobis
616 4774 932 4837 exsistente,
970 4786 1071 4827 nos
1106 4773 1356 4843 itemqui
1426 4776 1577 4831 illum
1628 4777 1918 4841 habemus,
1947 4779 2003 4832 in

2115 4782 2220 4835 Kal
2248 4784 2439 4855 ἐπειδὴ
2476 4785 2538 4837 τὸ
2588 4784 2815 4855 Πνεῦμα
2857 4786 2952 4840 τοῦ
3007 4787 3146 4840 Θεοῦ
3184 4790 3327 4854 ἐστι,
3388 4790 3477 4844 διὰ
3527 4791 3711 4850 τοῦτο

425 4862 536 4916 Deo
596 4876 718 4916 esse
749 4861 1143 4915 existimamur.
1185 4861 1252 4917 Et
1280 4864 1359 4918 sic
1400 4874 1478 4919 est
1539 4865 1684 4920 Deus
1716 4867 1770 4919 in
1825 4868 2000 4933 nobis,

2115 4874 2299 4927 τούτου
2362 4876 2649 4944 γινομένου
2706 4880 2763 4931 ἐν
2817 4880 2971 4948 ἡμῖν,
3028 4880 3255 4944 εἰκότως
3312 4881 3529 4953 ἔχοντες
3596 4889 3712 4943 καὶ

425 4966 530 5003 non
560 4960 713 5005 ntest
740 4952 905 5006 Filius
936 4952 988 5005 in
1011 4952 1190 5008 Patre.
1210 4954 1328 5007 Non
1357 4955 1502 5010 enim
1526 4955 1697 5010 Filius
1728 4958 2002 5029 particeps

2115 4967 2271 5035 ἡμεῖς
2306 4967 2368 5018 τὸ
2395 4966 2641 5036 Πνεῦμα,
2673 4969 3011 5040 νομιζόμεθα
3039 4973 3099 5024 ἐν
3121 4974 3199 5039 τῷ
3245 4973 3365 5043 Θεῷ
3403 4972 3705 5040 γενέσθαι.

426 5042 685 5110 Spiritus,
715 5052 772 5095 ut
799 5057 899 5112 per
928 5043 1079 5097 illum
1112 5044 1168 5098 in
1198 5044 1359 5100 Patre
1393 5047 1485 5111 sit,
1534 5062 1712 5116 neque
1744 5050 1860 5118 ipse
1882 5051 2004 5120 Spio

2115 5056 2220 5109 Kal
2242 5055 2415 5120 οὕτως
2443 5059 2596 5112 ἐστὶν
2620 5062 2648 5114 6
2679 5061 2812 5125 Θεὸς
2835 5064 2894 5114 ὲν
2919 5064 3075 5133 ἡμῖν,
3108 5063 3209 5116 οὐκ
3232 5042 3343 5134 ἄρα
3380 5066 3455 5128 ὼς
3483 5066 3635 5118 ἐστιν
3675 5071 3709 5122 6

427 5140 586 5189 ritum
616 5136 834 5204 accipit,
867 5136 960 5190 sed
987 5136 1137 5191 illum
1178 5139 1362 5207 potius
1397 5140 1650 5195 omnibus
1693 5141 2000 5210 dilargitur.

2115 5144 2235 5207 Υἱὸς
2261 5147 2317 5197 ἐν
2338 5146 2416 5215 τῷ
2446 5148 2639 5219 Πατρί.
2677 5151 2752 5202 Ού
2780 5150 2887 5220 γὰρ
2922 5151 3017 5204 καὶ
3063 5152 3091 5203 6
3127 5151 3254 5215 Υίὸς
3291 5154 3534 5222 μετέχων
3570 5155 3706 5213 ἐστὶ

420 5224 531 5279 Nec
559 5223 794 5293 Spiritus
816 5225 1097 5296 eonjungit
1128 5224 1360 5282 Verbum
1395 5244 1519 5283 cum
1549 5229 1730 5294 Patre,
1762 5232 1855 5286 sed
1886 5233 2001 5302 ipse

2115 5236 2199 5292 τοῦ
2238 5238 2577 5307 Πνεύματος,
2635 5241 2722 5293 ἵνα
2766 5242 2864 5295 διά
2913 5242 3073 5297 τοῦτο
3123 5245 3220 5297 καὶ
3254 5248 3313 5297 ἐν
3375 5244 3453 5314 τῷ
3506 5245 3701 5315 Πατρὶ

422 5316 606 5385 potius
631 5332 660 5369 a
696 5315 874 5372 Verbo
900 5317 953 5372 id
986 5320 1205 5390 accipit.
1233 5322 1297 5375 Et
1325 5321 1496 5377 Filius
1528 5324 1745 5392 quidem
1764 5326 1817 5379 in
1838 5326 1999 5381 Patre

2115 5329 2357 5397 γένηται,
2414 5331 2537 5383 οὐδὲ
2569 5331 2864 5401 λαμϐάνων
2885 5334 3004 5386 ἐστὶ
3034 5332 3095 5386 τὸ
3120 5334 3366 5405 Πνεῦμα,
3393 5336 3530 5393 ἀλλὰ
3550 5339 3701 5405 μᾶλ-

421 5416 606 5474 est,ut
632 5407 865 5464 Verbum
898 5412 1205 5482 proprium,
1236 5423 1293 5467 et
1338 5414 1593 5479 splendor
1640 5414 1831 5483 ipsius.
1888 5413 1999 5469 Nos

2115 5421 2195 5473 λον
2221 5422 2383 5484 αὐτὸς
2414 5423 2526 5483 τοῖς
2554 5423 2688 5476 πᾶσι
2718 5422 2879 5476 τοῦτο
2901 5426 3259 5494 χορηγεί,καὶ
3285 5427 3346 5480 οὐ
3369 5426 3430 5480 τὸ
3461 5425 3697 5496 Πνεῦμα

420 5508 599 5554 autem
643 5502 762 5557 sine
817 5503 1046 5573 Spiritu,
1076 5515 1136 5557 ut
1182 5506 1457 5576 peregrini
1514 5515 1572 5561 et
1591 5506 1778 5571 alieni,
1837 5507 1998 5578 longe

2115 5513 2368 5566 συνάπτει
2420 5514 2513 5566 τὸν
2575 5513 2749 5581 Λόγον
2801 5515 2880 5585 τῷ
2926 5517 3138 5588 Πατρὶ,
3193 5518 3330 5572 ἀλλὰ
3392 5517 3592 5588 μᾶλλον
3619 5519 3693 5573 τὸ

421 5592 680 5647 absumus
707 5609 738 5647 a
764 5594 896 5660 Deo,
934 5595 1171 5665 Spiritus
1213 5604 1396 5651 autem
1445 5599 1833 5653 communione
1871 5614 1994 5653 cum

2115 5600 2331 5670 Πνεῦμα
2361 5602 2454 5656 διὰ
2475 5603 2570 5658 τοῦ
2608 5604 2785 5675 Λόγου
2823 5605 2986 5665 τοῦτο
3038 5608 3332 5680 λαμϐάνει.
3366 5612 3477 5667 Kal
3507 5610 3536 5663 6
3581 5608 3688 5681 μὲν

2112 4511 2279 4581 ἡμῖν,
2307 4511 2396 4565 ὅτι
2426 4512 2497 4566 ἐκ
2522 4512 2629 4567 τοῦ
2657 4515 3007 4583 Πνεύματος
3029 4514 3215 4568 αὐτοῦ
3241 4513 3502 4569 δέδωκεν
3526 4518 3710 4585 ἡμῖν.

2112 4604 2322 4657 Οὐκοῦν
2366 4604 2455 4658 διὰ
2496 4605 2597 4675 τὴν
2623 4604 2921 4675 δεδομένην
2952 4607 3087 4675 ἡμῖν
3113 4607 3276 4677 χάριν
3306 4607 3401 4661 τοῦ
3441 4607 3713 4678 Πνεύμα-

502 5726 517 5755 ⁸
552 5726 567 5777 l
600 5729 725 5784 Cor.
750 5749 787 5792 ι.
811 5735 845 5787 ’5
869 5744 921 5788 ct
954 5735 1077 5792 alibi
1111 5739 1331 5807 passim.
1411 5743 1429 5772 ²
1458 5739 1472 5793 l
1505 5738 1701 5797 Thess.
1738 5759 1818 5812 ιιι,
1858 5743 1944 5798 ll.

2115 5743 2274 5802 Joan.
2316 5762 2390 5811 tv,
2420 5748 2504 5803 l5.
