2029 3208
164 181 214 215 41⁵1

654 167 1094 212 ΡΑΝοΡιιΑἰωαΜΑΤΙεΑ.
1110 192 1145 199 -
1164 181 1238 212 TIT.
1257 181 1309 212 xr.

1745 183 1801 216 418

164 238 229 269 Υἱδς
244 237 274 264 ἐν
290 235 329 272 τῷ
345 236 436 273 “arpi
461 235 545 269 ἐστιν,
562 235 601 267 ὡς
622 235 708 270 Λόγος
722 235 788 267 ἴδιος
803 236 850 263 καὶ
865 235 956 263 ἀπαύ-

1008 234 1151 263 divinitate
1163 235 1327 270 copulamur
1343 244 1350 263 :
1364 239 1394 263 ut
1414 236 1487 271 quod
1516 236 1597 264 simul
1610 237 1636 265 in
1665 238 1756 275 Patre,
1772 239 1801 269 id

164 291 259 319 γασμα
274 281 374 314 αὐτοῦ,
390 282 474 317 ἡμεῖς
484 280 512 308 δὲ
526 282 610 316 χωρὶς
620 281 671 317 μὲν
683 281 730 308 τοῦ
749 281 852 316 Πατρός
870 281 954 315 ξένοι,

163 329 214 357 καὶ
231 327 341 364 μακράν
366 328 453 363 ἔσμεν
473 328 521 354 τοῦ
534 327 614 359 Θεοῦ,
633 328 665 363 τῇ
680 327 710 355 δι
731 327 778 354 τοῦ
794 327 955 362 Πνεύματος

165 376 271 411 μετοχῇ
292 374 488 409 συναπόμεθα
514 376 548 409 τῇ
570 374 689 409 θεότητι.
722 374 805 400 Ὥστε
834 373 866 401 τὸ
883 373 955 401 εἶναι

162 423 243 457 ἡμᾶς
267 423 296 448 ὲν
312 420 352 456 τῷ
370 420 459 456 Πατρὶ
487 419 524 456 μὴ
550 420 686 455 ἡμέτερον
710 418 792 453 εῖναι,
823 419 893 447 ἀλλὰ
908 419 954 447 τοῦ

164 466 328 501 Πνεύματος
352 465 398 493 τοῦ
419 466 449 491 ὲν
467 466 533 501 ἡμῖν
549 465 636 498 ὄντος,
653 465 700 492 καὶ
723 466 752 492 ιν
771 466 838 500 ἡμῖν
859 465 955 499 μένον-

164 521 221 545 τος,
235 512 289 544 ἕως
308 512 375 538 αὐτὸ
386 512 419 547 τῇ
434 510 565 546 ὁμολογίᾳ
578 510 751 546 φυλάττομεν
763 511 791 537 ἐν
809 511 886 546 ἡμῖν.
903 510 956 537 Λέ-

167 566 260 593 γοντος
271 556 302 583 δὲ
317 556 399 584 πάλιν
412 556 458 583 τοῦ
481 556 603 583 Ἰωάννου
614 564 622 571 ·
638 556 690 589 '0;-
714 556 753 583 ἂν
767 555 954 591 ὁμολογήσῃ,

168 605 210 631 ὅτι
219 604 344 638 Ἰησοῦς
357 604 442 631 ἐστιν
458 604 474 630 ό
491 603 557 636 Υιὸς
567 602 621 630 τοῦ
631 602 715 635 Θεοῦ,
727 604 743 630 d
753 602 825 635 Θεὸς
833 601 957 635 ὲναῠτῷ

162 650 263 684 μένει,
279 649 329 676 καὶ
342 649 433 681 αὐτὸς
457 649 491 675 ἐν
516 648 557 681 τῷ
585 649 657 682 Θεῷ,
673 649 738 676 ποια
757 648 896 684 ὁμοιότης,
908 648 955 675 καὶ

163 697 233 722 ποῖα
262 696 356 729 laden;
383 695 461 729 ἡμῶν
482 694 550 729 πρὸς
579 695 626 721 τὸν
648 694 732 727 Υιόν;
763 694 798 720 Ἣ
823 694 882 726 πῶς
905 694 956 721 οὐκ

164 741 326 776 ἐλέγχονται
347 741 511 775 πανταχόθεν
539 741 564 767 οἱ
582 739 739 775 “Λρειανοὶ,
759 740 806 766 καὶ
836 740 957 776 μάλιστα

164 787 244 821 παρὰ
260 787 307 812 τοῦ
328 786 462 817 Ἰωάννου,
478 787 519 813 ὅτι
542 785 631 818 ἄλλως
658 786 708 821 μὲν
727 786 801 814 ἔστιν
822 787 836 813 ό
848 786 912 819 Υἱὸς
927 787 956 814 ὲν

163 833 202 867 τῷ
218 832 318 866 Πιτρὶ,
337 832 423 863 ἄλλως
440 831 468 858 δὲ
488 832 567 866 ἡμεῖς
588 832 617 857 ἐν
636 831 712 867 αὺτῷ
731 832 883 867 γινόμεθα;
900 832 956 859 Καὶ

162 880 227 905 οὔτε
241 880 323 914 ἡμεῖς
345 880 381 909 ὡς
407 880 508 910 ἐκεῖνος
523 878 641 913 ὲσόμεθά
656 887 733 911 ποτε,
755 878 817 906 οὔτε
842 878 856 905 6
869 879 957 913 Λόγος

163 927 198 956 ὡς
213 927 297 960 ἡμεῖς
318 925 446 959 τυγχάνει
459 924 506 955 ὢν,
527 925 552 951 εὶ
580 924 617 960 μὴ
632 925 685 960 ἄρα
701 924 838 958 τολμῶσιν
865 924 903 956 ὡς
926 925 954 951 ιν

165 973 233 998 nisi
261 970 309 996 καὶ
325 970 371 996 νῦν
384 971 483 1000 εἰπεῖν,
500 970 540 995 ὅτι
557 970 571 995 6
590 969 653 1000 Υἱὸς
672 970 773 1004 μετοχῇ
800 968 848 996 τοῦ
869 968 955 995 Πνεύ-

164 1026 264 1051 ματος,
281 1017 328 1042 καὶ
345 1015 486 1050 βελτιώσει
504 1014 629 1050 πράξεως
642 1015 738 1049 γέγονε
754 1015 802 1042 καὶ
826 1014 907 1046 αὺτδς
924 1015 954 1040 ἐν

163 1064 203 1098 τῷ
229 1062 329 1097 Πατρί.
351 1061 431 1088 Ἀλλὰ
456 1062 504 1087 καὶ
528 1060 607 1087 τοῦτο
631 1060 712 1088 πάλιν
732 1060 866 1095 ὑπερλίαν
879 1060 954 1086 ἐστὶν

163 1109 276 1139 ἀσεϐὲς,
295 1108 347 1134 κᾶν
364 1107 432 1137 ὅλως
453 1108 490 1137 εἰς
507 1106 655 1142 ἐνθύμησιν
671 1106 773 1133 λαϐεῖν.
788 1107 873 1137 Αὑτδς
887 1106 952 1142 γὰρ,

162 1155 262 1190 ὥςπερ
276 1154 396 1188 εἴρηται,
412 1153 441 1178 τὸ
459 1152 570 1186 Πνεῦμα
586 1152 689 1183 δίδωσι,
718 1153 765 1179 καὶ
778 1152 829 1179 ὅσα
841 1152 898 1188 ἔχει
923 1152 955 1177 τὸ

164 1200 291 1234 Πνεῦμα,
305 1199 390 1225 ταῦτα
403 1207 439 1224 πα
445 1198 476 1231 ρὰ
486 1198 532 1224 τοῦ
541 1198 628 1231 Λόγου
638 1198 706 1232 ἔχει.
717 1198 820 1224 Οὐκοῦν
831 1199 845 1224 ό
859 1198 954 1233 Πατὴρ

162 1248 255 1280 λέγων
269 1245 334 1280 περὶ
349 1245 426 1279 ἡμῶν
442 1244 470 1270 τό
484 1252 492 1261 ·
509 1244 611 1277 Καθὼς
625 1244 678 1276 σὺ,
696 1244 802 1278 Πάτερ.
822 1244 857 1271 ἐν
878 1236 954 1279 ἐμοὶ,

163 1293 249 1327 κάγὼ
263 1292 299 1318 ἐν
315 1292 376 1324 σοὶ,
390 1292 441 1317 ἵνα
463 1291 512 1317 καὶ
529 1291 615 1318 αὐτοὶ
642 1291 676 1317 ἑν
689 1291 760 1326 ἡμῖν
777 1291 812 1317 ἐν
824 1288 911 1323 ὦσιν,
924 1291 954 1318 οὐ

162 1340 214 1374 τὴν
242 1340 398 1371 ταυτότητα
412 1339 486 1373 ἡμᾶς
516 1337 646 1373 μένοντας
672 1339 701 1364 ὲν
720 1337 794 1373 αὐτῷ
815 1338 887 1372 ἔχειν
905 1345 955 1372 ση-

164 1386 271 1421 μαίνει,
298 1384 366 1411 ἀλλὰ
384 1384 494 1416 ἁξίωσίς
510 1385 568 1410 ἐστι
594 1384 662 1417 πρὸς
678 1384 723 1410 τὸν
744 1384 864 1418 Πατέρα,
890 1384 927 1412 ὡς
942 1385 955 1410 ό

169 1432 302 1466 Ἰωάννης
317 1430 447 1465 ἔγραψεν,
465 1430 508 1456 ἵνα
521 1429 552 1456 τὺ
565 1429 677 1465 Πνεῦμα
692 1431 839 1466 χαρίσηται
854 1430 889 1456 δι’
904 1431 955 1456 αὑι-

163 1477 211 1504 τοῦ
234 1478 294 1508 τοῖς
309 1475 477 1508 πιστεύουσι,
495 1476 528 1502 δι’
547 1473 578 1503 οὗ
593 1477 640 1503 καὶ
654 1476 787 1511 δοκοῦμεν
803 1477 832 1502 ὲν
843 1476 881 1510 τῷ
897 1476 956 1511 Θεῷ

163 1522 302 1558 γίνεσθαι,
319 1522 366 1548 καὶ
384 1521 453 1547 κατὰ
469 1521 547 1548 τοῦτο
558 1522 740 1549 συνάπτεσθαι
760 1522 844 1557 αὐτῷ.
864 1522 955 1550 Ἐπει-

162 1571 194 1606 δὴ
211 1569 270 1604 γὰρ
282 1570 297 1595 ὁ
312 1569 399 1603 Λόγος
410 1570 483 1595 ἐστὶν
497 1570 525 1594 ἐν
537 1568 577 1603 τῷ
593 1569 692 1604 Πατρὶ,
706 1569 736 1595 τὸ
753 1568 781 1595 δὲ
797 1569 908 1603 Πνεῦμα
923 1569 956 1595 ὲκ
969 1583 991 1613 c

161 1617 210 1642 τοῦ
226 1616 319 1648 Αὔγου
333 1615 442 1645 δίδοται,
468 1614 540 1640 θέλει
555 1614 648 1641 λαὸεἶν
673 1615 748 1650 ἡμᾶς
773 1614 803 1641 τὸ
831 1615 955 1650 Πνεῦμα,

162 1663 218 1694 ινα,
236 1662 304 1688 ὅταν
322 1662 411 1687 ἐκεῖνο
434 1660 572 1695 λάϐωμεν,
587 1660 649 1687 τότε
672 1660 779 1695 ἔχοντες
794 1660 824 1687 τὸ
842 1661 956 1696 Πνεῦμα

162 1707 211 1734 τοῦ
242 1707 333 1740 Λόγου
352 1706 399 1732 τοῦ
427 1705 503 1736 ὗντος
527 1706 556 1732 ὲν
577 1705 616 1740 τῷ
638 1706 744 1741 Πατρὶ,
764 1705 885 1741 δόξωμεν
908 1707 956 1733 καὶ

165 1754 249 1788 ἡμεῖς
269 1753 314 1779 διὰ
330 1752 360 1778 τὸ
373 1752 485 1785 Πνεῦμα
506 1751 534 1778 ἒν
548 1751 675 1785 γενέσθαι
689 1752 717 1778 ὲν
736 1752 774 1786 τῷ
793 1753 882 1788 Λόγῳ,
909 1753 956 1779 καὶ

169 1798 204 1824 δι’
223 1797 316 1824 ἑαυτοῦ
331 1798 360 1823 ἐν
375 1797 412 1831 τῷ
425 1797 523 1831 “arpi.
538 1796 574 1822 Τὸ
584 1796 613 1823 δὲ
624 1796 711 1830 ἡμεῖς
727 1796 774 1823 ἐὰν
789 1796 867 1833 λέγῃ,
880 1797 956 1825 οὐδὲν

176 1843 273 1877 ἕτερον
286 1843 360 1870 πᾶλιν
375 1844 459 1874 ἐστὶν,
481 1843 495 1875 ἢ
509 1842 552 1869 ἵνα
567 1843 584 1877 ἠ
600 1843 728 1877 γινομένη
746 1843 858 1879 τοιαύτη
875 1841 956 1879 χάρις

180 1890 222 1919 εἰς
248 1888 307 1919 τοὺς
326 1888 451 1923 μαθητὰς
477 1888 645 1920 ἀδιάπτωτος
674 1888 721 1914 καὶ
751 1889 956 1924 ἀμεταμέλητος

176 1936 297 1970 γένηται·
312 1935 379 1970 ὅπερ
405 1937 418 1961 ό
440 1934 603 1967 ’Λπόστολος
619 1934 761 1969 γινώσκων
786 1935 862 1969 ἔλεγε
881 1943 889 1950 ·
908 1934 958 1968 Τις

170 1982 248 2017 ἡμᾶς
273 1984 396 2017 χωρίσει
422 1983 480 2009 ἀπὸ
508 1981 562 2016 τῆς
589 1982 709 2016 ἀγάπης
736 1982 789 2009 τοῦ
809 1981 958 2016 Χριστοῦ;

174 2030 389 2065 Ἀμεταμέλητα
415 2030 468 2063 γὰρ
494 2029 528 2055 τὰ
543 2029 701 2064 χαρίσματα
716 2028 764 2055 τοῦ
784 2028 863 2061 Θεοῦ,
880 2028 926 2055 καὶ
941 2029 958 2063 ή

167 2077 250 2111 χάρις
260 2076 313 2111 τῆς
329 2076 462 2109 κλήσεως.
482 2073 520 2100 Τὸ
545 2073 601 2109 γὰρ
615 2073 728 2108 Πνεῦμά
747 2074 806 2100 ὲστι
830 2073 860 2100 τὸ
872 2074 901 2100 ὲν
919 2074 959 2107 τῷ

167 2123 229 2157 Θεῷ
243 2123 393 2157 τυγχάνον,
423 2122 472 2148 καὶ
499 2121 547 2155 οὐχ
575 2121 656 2156 ἡμεῖς
675 2120 737 2147 καθ’
761 2120 888 2152 ἑαυτούς.
904 2120 960 2147 Καὶ

1006 289 1061 309 non
1077 281 1128 317 ipsi
1142 281 1230 313 nobis,
1247 282 1295 309 sed
1310 281 1422 317 Spiritui
1440 283 1466 309 in
1482 283 1560 311 nobis
1573 285 1715 313 exsistenli
1733 286 1799 314 etin

1007 327 1088 356 nobis
1097 328 1218 355 manenti
1228 332 1371 362 acceptum
1381 328 1543 357 referamus.
1557 329 1592 357 At
1605 337 1668 358 eum
1681 331 1802 360 Joannes

1007 374 1077 401 idem
1095 374 1167 401 dicat
1184 382 1191 401 :
1209 373 1261 405 Qui
1285 374 1424 408 conﬁtetur
1451 374 1540 402 Iesum
1562 384 1615 403 me
1629 376 1653 403 F
1656 378 1730 404 ilium
1740 378 1800 412 Dei,

1007 418 1077 446 Deus
1085 420 1112 446 in
1124 419 1182 454 ipso
1190 424 1287 451 manet.
1301 424 1325 447 et
1335 421 1390 454 ipse
1403 421 1430 447 in
1450 420 1503 448 Deo
1517 422 1524 436 ‘
1537 441 1545 453 ,
1570 430 1693 457 quaenam
1703 424 1802 451 simili-

1007 465 1084 497 tudo,
1094 471 1140 493 aut
1153 466 1292 501 aequalitas
1305 467 1382 494 nobis
1398 474 1459 494 cum
1471 466 1562 494 Filio?
1579 468 1675 496 Nonne
1701 470 1797 497 Ariani

1007 511 1139 546 undique,
1156 517 1183 540 et
1199 520 1213 540 a
1225 512 1330 541 Joanne
1344 513 1515 548 potissimum
1534 514 1668 542 confutati
1685 516 1798 543 tandem

1007 558 1229 586 animadvertunt
1248 559 1330 586 aliter
1355 567 1415 587 esse
1427 559 1525 587 Filium
1540 560 1567 587 in
1579 560 1670 593 Patre,
1680 565 1707 588 et
1721 561 1802 588 aliter

1006 611 1058 631 nos
1074 603 1101 631 in
1113 605 1181 639 ipso,
1198 610 1224 632 et
1234 612 1322 640 neque
1337 613 1388 633 nos
1406 613 1523 641 unquam
1545 610 1572 633 ut
1600 605 1717 633 Vcrbum
1730 606 1801 638 fore.

1007 657 1097 685 neque
1106 649 1225 678 Verbum
1239 656 1268 677 ut
1285 658 1335 678 nos
1349 650 1438 682 ?Nisi,
1447 655 1477 678 ut
1489 659 1582 678 eorum
1593 659 1651 678 mos
1661 657 1713 683 est,
1729 659 1802 679 nunc

1007 696 1088 723 etiam
1102 696 1223 723 audeant
1248 696 1340 724 dicere
1354 698 1549 725 communione
1563 697 1689 730 Spiritus,
1705 701 1733 724 et
1746 698 1802 723 vir-

1009 741 1075 768 tutis
1085 748 1231 777 progressu
1246 741 1343 769 Filium
1365 742 1447 770 etiam
1471 742 1561 777 ipsum
1577 743 1603 770 in
1626 743 1704 770 Patre
1729 751 1801 771 esse.

1009 786 1086 820 Quod
1102 787 1212 822 quidem
1231 788 1258 814 in
1276 788 1371 822 primis
1392 789 1506 824 impium
1520 793 1563 816 est
1577 789 1619 816 vel
1635 790 1764 825 cog’lare.
1778 790 1801 817 si

1008 833 1117 867 quidem
1133 833 1201 868 ipse,
1212 838 1241 861 ut
1253 833 1356 861 dictum
1368 839 1421 866 est,
1432 834 1562 869 Spiritum
1578 835 1681 867 tribuit,
1690 839 1801 870 etquod

1008 879 1093 907 habet
1112 880 1230 915 Spiritus
1261 879 1287 907 id
1303 880 1338 907 ab
1354 887 1387 907 eo
1406 881 1500 908 habet.
1531 880 1714 913 Quamobrem
1740 890 1804 909 cum

973 912 992 940 Β
1009 925 1138 953 Servator
1153 926 1187 953 de
1200 926 1280 953 nobis
1298 926 1364 953 dicit
1380 934 1386 952 :
1406 926 1482 953 Sicut
1497 931 1536 958 tu,
1550 926 1642 959 Pater,
1655 928 1682 953 in
1704 936 1755 959 me,
1779 932 1803 954 ει

1007 979 1053 1006 ego
1064 971 1091 998 in
1106 975 1141 1003 te,
1154 970 1223 997 sicet
1236 971 1286 1005 ipsi
1297 970 1406 997 innobis
1419 971 1473 997 sint
1491 971 1513 1004 ',
1527 978 1581 998 non
1599 972 1804 999 ostenditeatn'

1006 1018 1067 1045 dem
1082 1024 1133 1044 nos
1149 1024 1210 1044 cum
1224 1016 1291 1051 ipsis
1313 1016 1461 1043 essentiam
1477 1016 1587 1043 habere.
1619 1017 1673 1044 Sed
1692 1018 1802 1044 Patrem

1006 1062 1440 1098 Orat,quemadmodumJoannes
1454 1063 1560 1095 scribit,
1575 1067 1604 1089 ut
1624 1064 1802 1090 credentibus

1008 1107 1141 1143 Spiritum
1162 1115 1209 1143 per
1220 1115 1249 1135 se
1264 1108 1402 1143 largiatur.
1420 1115 1469 1142 per
1485 1116 1565 1143 quem
1575 1109 1602 1135 in
1626 1109 1681 1136 Deo
1692 1116 1762 1141 esse,
1776 1114 1804 1136 et

1007 1155 1112 1182 idcirco
1126 1162 1187 1182 curn
1206 1155 1266 1190 ipso
1281 1154 1409 1189 conjungi
1432 1155 1582 1182 videamur.
1609 1154 1714 1182 Etenim
1739 1155 1803 1189 quia

1006 1201 1126 1229 Verbum
1149 1200 1229 1228 estin
1251 1200 1333 1228 Patre
1346 1205 1373 1228 et
1398 1200 1517 1236 Spiritus
1528 1209 1576 1228 -ες
1595 1201 1683 1229 Verbo
1709 1202 1801 1233 datur.

1007 1247 1069 1273 vult
1084 1245 1255 1280 utSpiritum
1279 1245 1456 1280 accipiamus,
1474 1251 1503 1272 ut
1528 1251 1703 1281 posteaquam
1724 1254 1802 1274 acce-

1014 1293 1146 1327 perimus,
1157 1292 1291 1319 habentes
1301 1290 1435 1326 Spiritum
1446 1292 1526 1319 Verbi
1543 1292 1568 1319 in
1578 1291 1659 1319 Patre
1669 1293 1803 1320 exsisten-

1012 1338 1058 1370 tis,
1071 1337 1213 1365 videamur
1229 1342 1257 1365 et
1278 1345 1329 1365 nos
1340 1346 1390 1373 per
1412 1337 1543 1373 Spiritum
1569 1346 1630 1365 esse
1657 1346 1741 1365 unum
1776 1339 1802 1365 in

1010 1384 1110 1417 Verbo,
1126 1388 1154 1411 et
1169 1391 1217 1419 per
1232 1383 1353 1411 Verbum
1366 1385 1395 1411 in
1410 1383 1498 1412 Patre.
1528 1384 1595 1412 Illud
1605 1390 1707 1417 autem,
1735 1385 1803 1411 sicut

1014 1439 1060 1458 nos
1071 1431 1141 1458 nihil
1151 1430 1224 1458 aliud
1243 1430 1388 1466 signiﬁcat.
1403 1431 1456 1458 nisi
1470 1435 1498 1458 ut
1522 1439 1553 1458 ea
1569 1432 1654 1465 gratia
1686 1431 1803 1466 Spiritus

1008 1477 1035 1503 in
1051 1477 1200 1512 discipulos
1215 1477 1362 1505 distributa
1378 1485 1517 1512 nunquam
1529 1478 1647 1509 excidat,
1663 1485 1803 1511 nunquam

1006 1523 1152 1551 adimatur.
1168 1523 1196 1551 ld
1212 1524 1285 1559 quod
1301 1524 1451 1558 Apostolus
1476 1523 1563 1555 novit,
1587 1531 1649 1550 cum
1671 1523 1777 1550 diceret
1793 1531 1801 1550 :

1008 1568 1072 1601 Qui:
1083 1577 1128 1596 nos
1137 1569 1271 1603 separabit
1294 1577 1310 1595 a
1323 1569 1452 1596 chariton
1464 1568 1512 1595 Dei
1527 1569 1537 1584 ³
1547 1569 1558 1595 ?
1568 1568 1712 1603 Nunquam
1727 1569 1801 1595 enim

1009 1615 1125 1650 paenitet
1135 1614 1218 1642 Deum
1228 1622 1342 1643 munera
1352 1622 1400 1642 sua
1411 1614 1534 1649 largitum
1548 1621 1620 1647 esse,
1630 1619 1659 1641 et
1682 1614 1803 1641 vocalio-

1008 1662 1052 1689 nis
1063 1661 1177 1697 gratiam
1190 1661 1329 1689 tribuisse.
1342 1660 1462 1696 Spiritus
1477 1660 1550 1688 enim
1576 1664 1628 1693 est,
1645 1660 1691 1695 qui
1703 1661 1729 1687 in
1746 1659 1802 1687 Deo

1009 1708 1127 1741 exsistit,
1145 1716 1200 1735 non
1211 1714 1300 1735 autem
1310 1715 1360 1735 nos
1388 1715 1436 1742 per
1449 1715 1511 1735 nos.
1525 1707 1558 1734 Et
1571 1706 1800 1741 quemadmodum

1010 1755 1056 1782 ﬁlii
1065 1759 1095 1783 et
1110 1755 1146 1783 dii
1160 1754 1293 1782 elIicimur
1303 1755 1338 1781 ob
1348 1754 1467 1781 Verbum
1478 1753 1551 1788 quod
1566 1754 1592 1780 in
1607 1753 1686 1780 nobis
1698 1757 1750 1783 est.
1761 1754 1800 1779 sic

1009 1809 1058 1836 per
1069 1800 1201 1836 Spiritum
1211 1800 1237 1827 in
1255 1800 1333 1827 nobis
1346 1800 1536 1832 exsistentem,
1547 1800 1592 1833 qui
1607 1805 1648 1826 est
1659 1800 1686 1825 in
1699 1799 1798 1829 Verbo.

1009 1847 1083 1882 quod
1097 1851 1140 1874 est
1152 1848 1179 1873 in
1196 1846 1287 1877 Patre,
1298 1852 1384 1872 unum
1397 1845 1424 1872 in
1439 1845 1507 1872 Filio
1519 1850 1546 1872 et
1563 1845 1642 1871 Patre
1655 1846 1757 1872 erimus
1773 1850 1801 1871 et

1010 1892 1301 1920 esseetistimabimur.
1313 1891 1427 1924 Quando
1437 1891 1518 1925 igitur
1527 1890 1625 1925 aliquis
1641 1897 1689 1924 per
1701 1896 1801 1924 prcca-

1008 1943 1064 1966 tum
1077 1939 1186 1974 aliquod
1205 1938 1304 1966 excidit
1320 1946 1335 1964 a
1351 1938 1466 1972 Spiritu,
1480 1936 1504 1964 is
1515 1944 1568 1964 non
1588 1941 1630 1964 est
1643 1936 1760 1970 aliiplius
1773 1935 1800 1962 in

1007 1984 1294 2019 Deo,quandoquidem
1305 1983 1338 2010 ab
1351 1991 1383 2010 eo
1392 1984 1504 2010 recessit
1514 1982 1634 2017 Spiritus
1651 1986 1763 2009 sanctus
1775 1985 1802 2008 ct

1006 2032 1172 2062 consolator,
1198 2030 1247 2057 sed
1264 2031 1317 2056 erit
1332 2030 1359 2057 in
1386 2029 1433 2056 illo
1449 2029 1494 2056 cui
1521 2029 1641 2063 seipsum
1662 2027 1801 2062 peccando

1007 2075 1134 2109 anbjccit.
1144 2075 1378 2107 Quemadmodum
1391 2075 1464 2102 Sauli
1481 2074 1606 2109 contigit,
1615 2081 1630 2100 a
1646 2081 1700 2108 quo
1710 2080 1801 2100 reces-

1009 2121 1045 2148 sit
1066 2121 1186 2156 Spiritus
1213 2121 1269 2154 Dei,
1289 2126 1316 2148 et
1330 2121 1445 2148 vexabat
1470 2128 1533 2148 eum
1563 2120 1679 2155 spiritus
1702 2118 1801 2145 malus.

168 2169 267 2203 ὥςπερ
292 2168 346 2194 υἱοὶ
362 2170 408 2193 καὶ
442 2167 498 2193 θεοὶ
518 2166 563 2193 διὰ
588 2166 634 2192 τὸν
655 2166 685 2192 ὲν
717 2166 785 2200 ἡμῖν
801 2166 891 2199 λόγον,
907 2166 993 2197 οὕτως
1014 2166 1042 2192 ὲν
1060 2168 1099 2202 τῷ
1113 2167 1170 2201 Υιῴ
1186 2167 1234 2194 καὶ
1247 2168 1277 2193 ἐν
1291 2166 1331 2202 τῷ
1349 2167 1436 2201 Πατρῖ
1452 2165 1583 2200 ὶσόμιθα,
1608 2164 1655 2191 καὶ
1671 2162 1801 2198 νομισθη-

169 2214 277 2248 σόμεθα
298 2213 327 2239 ἓν
348 2212 531 2247 γεγενῆσθαι,
563 2211 607 2238 διὰ
632 2211 662 2237 τὸ
690 2211 719 2236 ὲν
740 2211 807 2245 ἡμῖν
835 2209 908 2237 ιῐναι
931 2211 961 2236 τὸ
982 2210 1105 2245 Πνεῦμα,
1130 2212 1226 2247 ὥσπερ
1251 2213 1324 2238 ἐστὶν
1350 2212 1378 2238 ιν
1403 2211 1442 2245 τῷ
1470 2211 1549 2244 Λόγῳ
1568 2209 1608 2244 τῷ
1627 2209 1685 2235 ὄντι
1700 2208 1729 2234 ὲν
1762 2208 1800 2241 τῷ

169 2260 271 2296 Πατρι.
286 2260 351 2285 Ὀτε
368 2258 432 2290 γρῦν
450 2259 579 2284 ἐκπίπτει
603 2265 647 2288 τις
663 2256 717 2283 ἀπὸ
741 2256 788 2282 τοῦ
804 2256 962 2290 Πνεύματος
986 2257 1031 2284 διὰ
1042 2266 1103 2284 τινα
1116 2258 1226 2289 κακίαν,
1245 2259 1294 2284 οὐκ
1311 2257 1351 2284 ἔτι
1367 2258 1396 2284 ὲν
1418 2256 1456 2291 τῷ
1470 2256 1529 2291 Θεῷ
1548 2257 1623 2282 ἐστιν
1650 2256 1755 2284 ἐκεῖνος
1786 2255 1800 2280 6

168 2307 276 2335 πεσὼν,
291 2306 335 2332 διὰ
348 2305 378 2331 τὸ
404 2305 557 2338 ἀποστῆναι
580 2303 628 2330 ἀπ’
652 2302 736 2329 αὐτοῦ
755 2302 786 2329 τὸ
798 2303 827 2329 ὲν
838 2302 876 2337 τῷ
898 2302 958 2337 Θεῷ
978 2303 1056 2337 ἅγιον
1065 2305 1111 2330 καὶ
1125 2304 1300 2337 παράκλητον
1315 2303 1445 2336 Πνεῦμα·
1460 2302 1518 2328 ἀλλ’
1534 2303 1562 2327 ἐν
1590 2301 1687 2335 ἐκείνῳ
1713 2301 1799 2334 ἔσται,

167 2353 189 2387 ᾧ
209 2353 309 2380 ἑαυτὸν
339 2350 470 2383 ὑπέταξεν
501 2349 678 2384 ἁμαρτάνων,
701 2349 739 2380 ὡς
757 2349 804 2375 ἐπὶ
837 2348 885 2375 τοῦ
906 2348 993 2375 Σαοὺλ
1012 2349 1132 2383 γέγονεν.
1160 2348 1278 2382 Ἀπέστη
1305 2348 1360 2383 γὰρ
1385 2347 1433 2373 ἀπ’
1459 2346 1541 2373 αὑτοῦ
1559 2346 1590 2372 τὸ
1617 2345 1731 2380 Πνεῦμα
1750 2344 1799 2371 τοῦ

168 2399 254 2431 Θεοῦ,
271 2399 319 2425 καὶ
331 2398 435 2424 ἐθλιϐεν
451 2396 533 2423 αὑτὸν
552 2395 662 2430 πνεῦμα
677 2395 806 2430 πονηρόν.

392 2446 442 2472 Ἐκ
455 2445 509 2471 τοῦ
521 2442 614 2471 αὐτοῦ
634 2443 738 2477 λόγου.

208 2491 273 2520 Πῶς
296 2490 407 2517 δύναται
428 2491 442 2516 6
460 2490 523 2519 Υἱὸς
543 2489 576 2515 ἐκ
599 2488 645 2515 τοῦ
671 2488 777 2524 Πατρὸς
798 2486 868 2515 εῖναι
879 2487 961 2522 φύσει

170 2540 219 2565 xz't
238 2539 331 2571 ὅμοιος
350 2537 425 2569 αὐτῷ
445 2536 505 2562 κατ’
521 2535 615 2561 οὐσίαν
629 2535 644 2561 6
656 2534 743 2568 λόγων
755 2542 762 2549 ·
789 2534 895 2568 Ἐδόθη
908 2542 961 2567 μοι

170 2586 260 2612 πᾶσα
271 2583 419 2614 ἐξουσιά;
438 2582 485 2607 καί
499 2590 505 2596 ·
521 2582 551 2608 '0
566 2580 660 2615 Πατὴρ
676 2580 770 2607 οὐδένα
779 2580 878 2615 κρίνει,
893 2578 960 2606 ἀλλὰ

169 2631 222 2664 τὴν
243 2630 336 2663 κρίσιν
352 2629 444 2655 πᾶσαν
455 2628 573 2654 δέδωκεν
586 2627 626 2661 τῷ
641 2626 712 2660 Υῑῷ;
733 2626 780 2652 καί
795 2632 802 2640 ·
824 2625 853 2652 '0
866 2626 959 2660 Πατὴρ

122 2706 125 2707 ν
170 2676 269 2711 ἀγαπᾷ
295 2675 340 2701 τὸν
366 2674 442 2706 Υἱὸν,
468 2673 514 2698 καὶ
539 2672 629 2699 πάντα
653 2671 769 2698 δέδωκεν
793 2672 822 2697 ὲν
838 2672 871 2706 τῇ
886 2671 960 2706 χειρὶ

168 2721 271 2754 αὐτοῖς
289 2720 336 2746 καὶ
352 2720 434 2745 πάλιν
445 2727 451 2734 ⁸
470 2717 572 2744 Πάντα
584 2725 634 2751 μοι
659 2716 809 2750 παρεδόθη
825 2716 883 2742 ὑπὸ
909 2715 962 2742 τοῦ

168 2768 289 2802 Πατρός
300 2774 373 2802 μου;
389 2765 437 2792 καὶ
451 2764 534 2792 πάλιν
549 2771 557 2779 ³
569 2762 634 2791 Πᾶν
652 2762 668 2789 ὃ
684 2762 795 2789 δέδωκέ
811 2770 863 2794 μοι
876 2762 892 2787 ό
907 2763 964 2787 Πα-

168 2814 227 2847 τὴρ
248 2813 323 2848 πρὸς
341 2811 397 2847 ἐμὲ
414 2809 493 2844 ἣξει.
513 2807 578 2835 Εἶτα
593 2807 776 2841 ἐπιλέγουσιν,
808 2806 840 2832 El
855 2803 900 2840 ἦν,
924 2805 962 2836 ὡς

206 2881 306 2910 'Jnan.
324 2889 362 2913 iv,
383 2880 429 2907 l5.
479 2879 489 2894 ¹
507 2877 587 2906 Joan.
605 2885 671 2909 xvu,
701 2876 746 2903 2i.

168 2926 204 2951 vr,
219 2919 262 2948 57.

797 2875 808 2890 ‘
818 2874 894 2901 Rom.
906 2881 964 2904 vm,

1283 2438 1324 2465 Ea:
1342 2438 1432 2464 eodem
1448 2436 1525 2463 libro.

1051 2484 1103 2518 Qui
1124 2484 1182 2512 ﬁeri
1197 2488 1297 2519 potest,
1319 2484 1419 2518 inquit,
1443 2487 1473 2510 ut
1491 2482 1577 2510 Filius
1593 2483 1629 2511 sit
1650 2489 1746 2512 natura
1767 2494 1801 2513 ex

1015 2532 1105 2562 Patre.
1117 2531 1158 2558 vel
1182 2530 1253 2557 Patri
1279 2530 1428 2557 secundum
1453 2533 1577 2556 naturam
1604 2529 1710 2562 similis,
1737 2538 1799 2558 cum

1014 2577 1073 2612 ipse
1098 2577 1192 2604 dicat:
1210 2575 1280 2602 Data
1299 2579 1337 2603 εει
1363 2575 1427 2602 mihi
1456 2576 1540 2602 omnis
1566 2580 1679 2609 potestas
1695 2576 1723 2608 λς
1752 2581 1799 2603 et:

1015 2625 1098 2651 Pater
1127 2623 1253 2650 neminem
1273 2622 1395 2656 judicat,
1410 2622 1454 2648 sed
1478 2630 1554 2649 omne
1577 2622 1708 2656 judicium
1731 2621 1801 2647 dedit

1014 2669 1080 2695 Filio
1096 2668 1106 2683 '
1123 2673 1169 2700 et,
1190 2667 1269 2694 Pater
1299 2666 1386 2701 diligit
1416 2665 1517 2693 Filium
1538 2671 1562 2693 et
1582 2666 1670 2692 omnia
1690 2664 1801 2690 tradidit

1013 2716 1041 2741 in
1070 2722 1151 2740 manu
1183 2713 1252 2747 eius.
1282 2712 1316 2739 Et
1343 2713 1464 2739 iterum:
1492 2711 1585 2739 Omnia
1614 2710 1676 2737 mihi
1700 2708 1799 2735 tradita

1015 2765 1076 2786 sunt
1102 2767 1117 2785 a
1149 2758 1230 2786 Patre
1247 2763 1369 2786 meo:et
1384 2766 1502 2785 rursus:
1528 2757 1609 2784 Omne
1640 2756 1708 2790 quod
1729 2755 1801 2782 dedit

1016 2805 1078 2832 mihi
1094 2804 1185 2835 Pater,
1203 2804 1238 2831 ad
1264 2812 1305 2830 me
1337 2804 1419 2830 veniet
1440 2803 1461 2830 ⁸.
1494 2801 1564 2829 Tum
1581 2802 1619 2829 ila
1636 2800 1801 2828 ratiocinan-

1699 2869 1709 2885 '
1720 2868 1798 2897 Joan.

1068 2872 1079 2888 ⁵
1094 2871 1189 2899 Matth.
1216 2880 1310 2905 xxrul,
1330 2873 1372 2899 l8.
1423 2872 1433 2887 ⁸
1446 2871 1525 2899 Joan.
1548 2879 1582 2905 v,
1599 2869 1645 2897 29..
