4058 6394
332 365 425 431 ιξι

1340 368 1712 432 PANOPLIA
1758 370 2215 435 DOGMATICA.
2258 398 2326 410 ·-
2358 373 2508 435 ἸῚΤ.
2536 376 2640 435 XI.

3505 375 3611 441 422

330 482 523 536 κείνων
546 481 799 548 ὲξετάζοι
823 488 1064 556 ῥήματα,
1098 484 1318 555 εὑρήσει
1347 485 1563 545 πάντως
1591 485 1673 547 είς
1697 484 1794 555 τὴν
1823 484 1920 537 αὗ-

2025 489 2260 543 clament
2285 506 2297 543 ι
2328 488 2439 543 Cur
2457 487 2728 552 Christus,
2750 487 2837 557 qui
2864 488 3029 543 homo
3054 497 3158 554 est,
3179 490 3417 558 seipsutn
3438 487 3607 544 Deum

328 574 428 645 τὴν
466 573 665 639 αὐτοὺς
708 579 1091 639 συναντῶντας
1130 578 1410 642 ἀπιστίαν,
1455 577 1551 629 καὶ
1593 578 1716 646 ἴσην
1750 576 1930 629 αὐτῶν

329 667 431 734 τῆς
463 666 719 729 ἀσεϐείας
762 668 863 737 τὴν
894 670 1119 738 τόλμαν,
1157 670 1250 721 καὶ
1294 669 1481 739 κοινὴν
1527 669 1709 722 αὐτῶν
1762 667 1931 725 οὖσαν

324 759 427 828 τὴν
459 758 594 826 πρὸς
623 760 775 828 ἡμᾶς
809 761 1010 830 μάχην.
1049 760 1293 813 Ἰουδαῖοι
1325 762 1548 831 μὲνγὰρ
1569 761 1784 829 ἔλεγονο
1805 761 1928 824 Πῶς

330 850 653 920 Ἄνθρωπος
683 850 782 917 ὢν,
810 852 1030 906 δύναται
1061 854 1191 916 Θεὸς
1216 851 1355 907 εἶναι
1385 872 1399 918 ς
1450 856 1717 926 ’Λρειανοί⁵
1733 855 1789 908 δι
1815 870 1827 883 ·
1865 855 1926 907 Ei

326 946 462 1007 θεὸς
505 941 578 1016 ἦν
614 946 865 1017 ἀληθινὸς
910 950 973 1001 ἐκ
1017 949 1104 1001 τοῦ
1150 948 1309 1011 Θεοῦ,
1362 950 1595 1019 ἠδύνατο
1641 950 1928 1013 ἅνθρωπος

335 1038 619 1101 γενέσθαις
656 1041 750 1092 καὶ
797 1040 1041 1093 Ἰουδαῖοι
1071 1041 1544 1105 ἐσκανδαλίζοντο,
1582 1042 1676 1094 καὶ
1711 1040 1927 1110 ἐχλεύα-

340 1129 424 1193 ζον
443 1130 723 1198 λέγοντες·
751 1134 862 1187 Οὐκ
884 1133 949 1187 ἂν
974 1128 1152 1199 οὗτος,
1172 1137 1219 1188 εί
1247 1128 1313 1207 ἦν
1336 1135 1420 1187 Υί“
1437 1153 1463 1198 ς
1484 1135 1643 1200 Θεοῦ,
1666 1135 1923 1206 ὑπέμεινε

336 1224 587 1289 σταυρόν.
636 1226 903 1294 Ἀρειανοὶ
942 1226 997 1278 δὲ
1043 1228 1125 1289 είς
1170 1228 1232 1279 τὸ
1275 1228 1608 1298 καταντικρὺ
1637 1229 1925 1299 στήκοντες

324 1314 514 1365 αὐτῶν
554 1318 858 1382 φάσκουσιν
886 1319 1016 1387 ἡμῖν
1040 1359 1053 1380 ,
1115 1321 1236 1381 Πῶς
1270 1319 1502 1388 τολμᾶτε
1536 1319 1713 1387 λέγειν
1751 1322 1921 1387 Λόγον

326 1405 466 1457 ἴδιον
501 1404 640 1460 εἶναι
668 1409 766 1475 τῆ*
797 1410 901 1466 τοῦ,
924 1412 1134 1481 Πατρὸς
1163 1413 1353 1473 οὐσίας
1383 1414 1474 1465 τὸν
1505 1414 1698 1481 ἔχοντα
1730 1413 1918 1482 σῶμα;

336 1491 479 1550 Εἶτα
517 1499 626 1549 τῶν
680 1500 949 1553 Ἰουδαίων
982 1502 1291 1571 ζητούντων
1324 1504 1645 1556 ἀποκτεῖναι
1678 1504 1767 1556 τὸν
1805 1504 1920 1556 Κύ-

330 1605 476 1658 ριον,
526 1590 611 1642 ὅτι
660 1591 879 1662 Πατέρα
920 1593 1012 1645 τὸν
1050 1593 1182 1646 Θεὸν
1222 1595 1407 1663 ἔλεγεν
1451 1595 1580 1647 ίδιον
1621 1589 1782 1659 εἶναι,
1824 1595 1919 1650 καὶ

326 1681 444 1733 ἴσον
471 1682 667 1735 ἑαυτὸν
690 1684 862 1736 ἐποίει
893 1685 1256 1755 ἐργαζόμενος
1280 1686 1315 1739 ά
1339 1688 1629 1755 ἐργάζεται
1658 1687 1683 1739 ὁ
1704 1688 1915 1759 Πατὴρ,

2033 583 2165 637 fecit
2200 583 2214 612 '
2251 584 2273 635 ?
2328 582 2413 636 his
2468 582 2615 636 enim
2648 588 2702 636 et
2734 581 3006 637 similibus
3054 582 3401 636 sermonibus
3432 581 3604 637 Judaei

2030 675 2164 730 olim
2214 674 2621 743 obstrepebaut,
2675 690 2798 728 cum
2839 674 2954 728 haec
2989 673 3262 733 viderent.
3293 689 3413 743 quae
3452 689 3602 729 nunc

2029 766 2214 820 Ariani
2270 766 2531 836 legentes,
2590 766 2785 818 nolunt
2838 766 3088 830 credere,
3122 764 3218 819 sed
3248 766 3314 819 ad
3350 765 3605 834 blasphe-

2030 861 2170 912 mias
2221 850 2425 927 delapsi
2490 867 2641 910 sunt.
2702 857 2915 925 Siquis
2981 857 3149 925 igitur
3193 856 3510 911 Judzeorum
3548 863 3606 909 et

2028 952 2352 1004 Arianorum
2410 950 2573 1003 verba
2612 950 2752 1002 inter
2784 964 2841 1002 se
2886 948 3015 1002 velit
3059 948 3332 1010 conferre,
3363 948 3410 1001 is
3446 947 3604 1003 facile

2026 1043 2323 1113 perspiciet
2346 1042 2468 1097 illos
2490 1044 2543 1095 in
2578 1043 2830 1096 eamdem
2852 1042 3078 1095 omnino
3109 1041 3484 1095 inﬁdelitatem
3520 1042 3605 1094 in-

2024 1151 2271 1200 currere,
2302 1150 2601 1206 paremque
2632 1149 2822 1189 eorum
2856 1134 3189 1204 impietatem
3214 1143 3266 1188 et
3293 1133 3601 1198 audaciam,

2024 1242 2087 1282 ac
2125 1243 2473 1281 communem
2509 1227 2621 1281 illis
2653 1234 2846 1281 contra
2879 1240 2980 1278 nos
3008 1238 3132 1279 esse
3171 1240 3430 1294 pugnam.
3462 1222 3600 1277 Nam

2021 1320 2195 1376 Judaei
2246 1322 2466 1390 quidem
2526 1322 2789 1375 aiebant:
2860 1318 2962 1385 Qui
3020 1319 3137 1372 ﬁeri
3170 1326 3351 1387 potest
3417 1326 3476 1371 ut
3511 1318 3601 1373 ille

2022 1414 2113 1484 qui
2149 1415 2311 1468 homo
2342 1427 2446 1475 εει,
2496 1414 2638 1467 Deus
2672 1414 2781 1467 sil?
2829 1412 3015 1466 Ariani
3044 1426 3173 1465 vero
3204 1429 3216 1464 :
3254 1412 3309 1464 Si
3337 1412 3478 1464 Deus
3510 1426 3598 1463 ve-

2022 1523 2115 1561 rus
2165 1516 2332 1561 estex
2392 1509 2519 1568 Deo,
2552 1523 2658 1575 quo
2696 1515 2854 1576 pacto
2894 1506 3070 1574 potuit
3102 1504 3216 1557 lieri
3246 1503 3411 1557 homo
3446 1502 3469 1554 ?
3499 1502 3600 1555 Ju-

2019 1600 2117 1655 dzei
2153 1609 2412 1670 praeterea
2451 1600 2767 1654 scandalum
2786 1598 3153 1669 patiebantur,
3178 1595 3603 1665 hujusmodique

2021 1692 2417 1747 cavillabantur
2447 1691 2630 1745 verbis
2665 1709 2677 1744 :
2718 1689 2776 1744 Si
2818 1688 2985 1744 Filius
3019 1687 3110 1743 Dei
3142 1696 3291 1743 esset
3321 1688 3445 1750 iste,
3476 1701 3603 1740 cru-

324 1772 539 1839 ἔμαθον
562 1772 614 1825 oi
637 1774 909 1843 'Apttavo't
932 1777 1111 1842 λέγειν
1137 1779 1227 1831 καὶ
1254 1779 1430 1842 αὐτοὶ,
1449 1779 1529 1831 ὅτι
1550 1778 1673 1833 οὔτε
1705 1780 1817 1843 ῐσος
1840 1780 1916 1851 τῷ

2025 1799 2139 1838 cem
2172 1799 2281 1837 non
2312 1784 2618 1838 tolerasset.
2641 1781 2719 1836 Ex
2751 1782 2977 1837 adversa
3041 1790 3225 1836 autem
3257 1788 3410 1850 parte
3440 1779 3602 1832 Aria-

327 1864 451 1932 Θεῷ
488 1865 662 1928 ἐστιν,
694 1865 816 1917 οὔτε
854 1862 1045 1938 Πατὴρ
1078 1870 1207 1932 ἴδιός
1232 1872 1344 1923 εστι
1381 1871 1472 1923 καὶ
1502 1871 1661 1940 φύσει
1692 1872 1785 1924 τοῦ
1815 1848 1920 1925 Λό-

2025 1873 2081 1925 ni
2113 1872 2228 1925 hrec
2258 1887 2358 1925 nos
2380 1874 2718 1939 interrogant
2770 1889 2783 1924 :
2817 1871 2997 1935 Quare
3044 1884 3361 1924 asseverare
3388 1868 3605 1923 audetis

329 1972 427 2017 γου
470 1957 500 2007 ὁ
532 1955 669 2019 Θεός
693 1975 707 1987 ⁶
764 1954 899 2012 ἀ).λά
931 1963 1055 2023 τοὺς
1091 1961 1157 2014 τὰ
1195 1961 1420 2014 τοιαῦτα
1456 1964 1784 2033 φρονοῦντας
1820 1964 1920 2035 ζη-

322 2048 518 2100 τοῦσιν
549 2043 891 2105 ἀποκτεῖναι.
919 2044 1088 2107 Πάλιν
1114 2071 1170 2107 τε
1198 2054 1304 2107 τῶν
1334 2053 1606 2109 Ἰουδαίων
1627 2056 1915 2124 λεγόντωνο

322 2142 450 2210 οὐχ
477 2137 659 2206 οὗτός
692 2144 863 2199 ἐστιν
902 2146 1134 2213 Ἰησοῦς
1152 2149 1185 2201 ό
1212 2148 1342 2213 Υἱὸς
1387 2148 1625 2217 Ἰωσὴφ,
1646 2145 1717 2205 οὗ
1743 2148 1919 2217 ἡμεῖς

327 2234 585 2302 οἴδαμεν
605 2237 710 2290 τὸν
736 2239 983 2307 πατέρα,
1002 2241 1102 2295 καὶ
1128 2240 1242 2306 τὴν
1262 2242 1517 2310 μητέρα;
1538 2242 1662 2303 Πῶς
1686 2237 1801 2297 οὖν
1820 2242 1921 2296 λέ-

326 2343 415 2393 γει
442 2344 456 2355 °
488 2330 645 2396 Πρὶν
694 2331 951 2401 Ἀϐραὰμ
983 2333 1257 2401 γενέσθαι
1286 2334 1399 2404 ἐγώ
1421 2338 1557 2404 ειμι,
1587 2334 1683 2387 καὶ
1707 2335 1775 2388 ἐκ
1808 2334 1914 2389 τοῦ

327 2421 600 2487 οὐρανοῦ
646 2424 1059 2492 καταϐέϐηκα;
1106 2426 1463 2497 ΟίἋρειανοὶ
1488 2425 1914 2480 ἐπακολουθοῦσι

327 2516 420 2565 καὶ
445 2514 607 2566 αὐτοὶ
634 2514 826 2580 ὲξῐσου
849 2516 1102 2586 λέγοντες
1124 2535 1138 2551 ο
1162 2519 1285 2581 Πῶς
1311 2518 1535 2573 δύναται
1562 2518 1729 2585 Λόγος
1749 2511 1912 2581 εἶναι,

327 2606 358 2675 ἢ
384 2606 524 2669 Θεὸς
546 2607 576 2657 ό
604 2607 946 2679 κοιμώμενος
977 2610 1051 2673 ὡς
1074 2610 1379 2679 ἄνθρωπος,
1428 2611 1524 2664 καὶ
1557 2610 1780 2669 κλαίων,
1819 2609 1915 2662 καὶ

325 2697 782 2767 πυνθανόμενος
827 2700 1151 2769 Ἀμφότεροι
1185 2700 1277 2754 οὖν
1306 2704 1368 2755 ὲκ
1398 2701 1505 2754 τῶν
1536 2699 1913 2769 ἀνθρωπίνων,

323 2779 400 2839 ὧν
434 2787 740 2857 ὑπέμεινεν
776 2792 803 2842 ὁ
838 2790 1029 2860 Σωτὴρ
1058 2791 1123 2843 δι’
1155 2794 1219 2861 ἢν
1254 2788 1365 2861 εἶχε
1400 2790 1597 2862 σάρκα,
1625 2788 1914 2859 ἀρνοῦνται

322 2878 426 2947 τὴν
454 2876 748 2949 ἁῖδιότητα
780 2884 873 2934 καὶ
907 2883 1133 2951 θεότητα
1168 2882 1260 2935 τοῦ
1292 2884 1490 2950 Λόγου.

2020 1962 2172 2017 illum
2227 1964 2506 2032 proprium
2553 1971 2763 2015 natura:
2807 1960 2987 2015 Patris
3026 1961 3263 2015 Verbum
3320 1974 3463 2023 esse,
3508 1959 3601 2027 qui

2032 2069 2230 2124 corpus
2264 2053 2410 2123 quod
2446 2054 2555 2122 pati
2587 2053 2763 2123 possit
2798 2050 3003 2106 habet?
3053 2050 3224 2105 Judaei
3254 2048 3383 2103 item
3419 2048 3603 2101 Domi-

2022 2162 2149 2199 num
2189 2147 2493 2199 necandum
2527 2145 2861 2215 quaerebant,
2898 2143 3041 2212 quod
3072 2142 3264 2207 Deum,
3293 2150 3451 2195 suum
3480 2153 3605 2195 esse

2017 2238 2232 2293 Patrem
2256 2239 2495 2303 diceret,
2522 2238 2682 2307 eique
2717 2252 2776 2291 se
2806 2251 2991 2306 parem
3029 2234 3257 2300 faceret,
3292 2248 3414 2288 cum
3446 2248 3507 2287 se
3538 2246 3603 2286 ea

2020 2344 2180 2399 agere
2232 2344 2351 2398 qua:
2384 2328 2471 2383 ille
2503 2329 2616 2399 agit
2650 2337 2961 2382 testaretur.
2997 2327 3197 2380 Eadem
3253 2339 3469 2395 quoque
3519 2332 3605 2378 est

2022 2420 2354 2473 Arianorum
2400 2420 2673 2483 doctrina,
2727 2419 2882 2472 illum
2931 2432 3133 2487 nempe
3182 2431 3364 2485 neque
3414 2431 3602 2485 parere

2021 2528 2143 2566 esse
2204 2512 2332 2575 Deo,
2393 2526 2573 2581 neque
2627 2510 2796 2565 Deum
2844 2510 3126 2580 preprium
3177 2523 3240 2561 ac
3297 2507 3603 2561 naturalem

2024 2604 2182 2659 Verbi
2215 2604 2431 2658 Patrem
2462 2620 2584 2657 esse
2632 2621 2645 2657 :
2698 2604 2830 2673 quin
2855 2603 3019 2657 etiam
3070 2602 3208 2665 illos,
3244 2600 3331 2670 qui
3368 2599 3439 2653 ita
3477 2615 3608 2652 sen-

2023 2695 2187 2757 tiunt,
2225 2696 2289 2749 ad
2315 2710 2506 2750 necem
2544 2696 2891 2765 perquirunt.
2941 2693 3168 2762 Insuper
3206 2693 3253 2745 is
3293 2700 3409 2747 erat
3437 2692 3602 2744 etiam

2022 2788 2332 2844 Judzeorum
2384 2804 2565 2843 sermo
2621 2806 2634 2843 :
2696 2788 2884 2843 Nonne
2929 2788 3010 2842 hic
3041 2798 3113 2842 est
3146 2785 3319 2840 Filius
3382 2785 3602 2852 Ioseph,

2026 2881 2176 2950 cujus
2223 2897 2316 2935 nos
2359 2892 2567 2950 patrem
2616 2890 2663 2935 et
2724 2895 2951 2935 matrem
3001 2879 3276 2933 nouimus?
3331 2879 3605 2943 Quomodo

321 2965 497 3042 igitur
549 2970 722 3037 dicit,
760 2968 1075 3043 Priusquam
1116 2976 1383 3029 Abraham
1446 2976 1613 3045 ﬁeret,
1650 2991 1741 3046 ego
1770 2991 1909 3037 sum,
1941 2984 1986 3027 et
2030 2975 2092 3028 de
2140 2976 2268 3029 (celo
2303 2975 2615 3028 descendi’.
2647 2974 2852 3029 Judaeis
2891 2971 3247 3028 consentiunt
3279 2970 3491 3030 Ariani,
3527 2975 3601 3019 at-

320 3081 428 3132 que
466 3064 576 3121 ista
612 3067 821 3132 pariter
839 3070 1175 3123 decantant:
1220 3070 1321 3137 Qui
1386 3071 1501 3124 fieri
1540 3081 1718 3139 potest
1752 3079 1811 3122 ut
1842 3068 1934 3122 ille
1973 3068 2044 3121 sit
2106 3068 2339 3122 Verbum
2402 3068 2489 3123 vel
2548 3070 2710 3133 Deus,
2742 3068 2834 3137 qui
2893 3066 3115 3129 dormit,
3153 3074 3213 3117 ut
3272 3063 3455 3123 homo,
3512 3063 3601 3127 qui

322 3159 412 3216 let
472 3171 529 3217 et
596 3162 934 3237 interrogat?
997 3166 1221 3219 Scilicet
1254 3167 1492 3235 utrique,
1531 3167 1803 3219 humanas
1834 3174 2055 3234 propter
2117 3164 2459 3226 aﬂ‘ectiones,
2520 3164 2723 3233 quibus
2780 3177 2878 3231 pro
2933 3162 3137 3228 carnis,
3180 3172 3344 3229 quam
3404 3154 3603 3216 induit,

320 3254 633 3310 conditioni
665 3270 725 3309 se
757 3258 993 3327 subjecit
1032 3257 1303 3323 Salvator,
1354 3248 1514 3313 Verbi
1548 3258 1935 3328 preprietatcm
1968 3265 2024 3311 et
2051 3256 2394 3312 divinitatem
2426 3256 2707 3326 rejiciunt.

336 3399 439 3453 Ἐκ
488 3397 607 3452 τοῦ
654 3398 846 3452 αὐτοῦ
894 3400 1010 3467 λότ

397 3469 575 3537 ἁγίας
599 3469 699 3522 καὶ
729 3470 895 3535 θείας
928 3470 1198 3538 Γραρῆς.
1233 3469 1323 3523 ὅτι
1364 3470 1593 3537 διπλῆν
1632 3467 1754 3523 οἶδε
1792 3472 1908 3536 τὴν

402 3538 533 3605 περὶ
587 3539 695 3591 τοῦ
746 3539 1019 3607 Σωτῆρος
1069 3539 1453 3608 ἐπαγγελίαν,
1510 3540 1625 3603 τὴν
1677 3540 1794 3606 μὲν
1832 3542 1912 3605 ὼς

414 3606 605 3677 dimov
629 3609 767 3662 Υίοῦ
800 3611 897 3663 καί
933 3609 1102 3669 Θεοῦ,
1130 3610 1246 3677 τὴν
1274 3611 1342 3663 δὲ
1369 3611 1450 3675 ὡς
1475 3610 1731 3677 ὕστερον
1765 3611 1912 3677 ἀλη-

425 3628 605 3685 ιιιριου
633 3628 653 3661 ι
672 3628 767 3662 ιου
800 3628 897 3663 και
933 3628 1102 3669 σπου,
1130 3628 1246 3677 την
1274 3628 1342 3663 οε
1369 3630 1450 3675 ως
1475 3628 1731 3678 υστερον
1765 3628 1884 3677 am

425 3680 537 3741 θως
566 3680 653 3732 καὶ
672 3680 921 3746 τελείως
952 3680 1558 3749 ἐνανθρωπήσαντος.

424 3790 623 3857 Σαφῶς
662 3795 847 3849 τοίνυν
896 3786 1053 3859 οὗτος
1107 3798 1199 3851 καὶ
1252 3797 1541 3867 χαρακτὴρ
1602 3795 1705 3864 τῆς
1758 3794 1923 3861 ἁγίας

349 3883 583 3949 Tmen;
606 3883 679 3945 ὡς
710 3881 973 3943 πολλάκις
994 3880 1247 3951 εἴπομεν,
1277 3880 1472 3950 διπλῆν
1502 3874 1642 3932 εἶναι
1671 3879 1770 3950 τὴν
1798 3880 1925 3949 περὶ

338 3967 431 4020 τοῦ
465 3968 719 4038 ἃυτῆρος
761 3969 1099 4038 ἐπαγγελίαν
1296 3970 1353 4021 ἐν
1397 3970 1568 4039 αὐτῇ·
1604 3968 1686 4022 δτι
1730 3987 1789 4022 τε
1833 3970 1924 4023 ἀεὶ

333 4058 469 4124 Θεὸς
488 4056 559 4131 ἦν
577 4064 673 4114 καὶ
697 4062 827 4126 Υἱός
861 4065 997 4126 ἐστι,
1029 4061 1200 4130 Λόγος
1225 4060 1301 4115 ὣν
1327 4062 1423 4116 καὶ
1452 4061 1794 4133 ἀπαύγασμα
1829 4065 1925 4117 καὶ

334 4149 500 4218 σοφία
526 4149 623 4202 τοῦ
659 4151 903 4223 Πατρός·
936 4152 1033 4205 καὶ
1056 4153 1139 4205 ὅτι
1171 4151 1428 4223 ὕστερον,
1462 4153 1530 4207 δι’
1556 4155 1706 4225 ἡμᾶς
1743 4155 1923 4225 σάρκα

332 4236 516 4293 λαϐὼν
546 4241 615 4292 ἐκ
646 4241 928 4313 Παρθένου
960 4234 1064 4312 τῆς
1093 4242 1358 4295 Θεοτόκου
1543 4244 1786 4315 Μαρίας,
1832 4246 1925 4299 άν-

333 4326 555 4397 Θρωπος
583 4329 797 4398 γέγονε.
833 4331 943 4385 Καὶ
965 4330 1079 4384 ἔστι
1103 4332 1202 4402 μὲν
1217 4331 1407 4385 τοῦτον
1436 4334 1615 4406 εὑρεῖν
1630 4333 1718 4386 διὰ
1741 4335 1923 4405 πάσης

329 4418 429 4488 τῆς
460 4417 829 4473 θεοπνεύστου
859 4421 1082 4493 Γραφῆς
1120 4423 1541 4493 σημαινόμενον,
1590 4424 1668 4488 ὡς
1699 4426 1861 4489 αὐτὸς
1894 4428 1923 4480 ό

1010 3418 1081 3454 ου
1141 3400 1274 3467 περὶ
1328 3401 1434 3454 τοῦ
1498 3401 1733 3453 σκοποῦ
1794 3400 1903 3465 τῆς

2025 3399 2096 3456 Et:
2126 3403 2303 3454 eodem
2327 3400 2482 3453 libro.
2502 3398 2713 3454 Sancta!
2772 3409 2822 3451 et
2850 3394 3042 3467 divina:
3073 3395 3363 3467 Scriptura:
3411 3408 3605 3460 propo-

2080 3481 2241 3523 situm
2273 3479 2481 3532 csse,ut
2546 3470 2825 3538 dupliciter
2881 3469 2943 3520 de
2998 3466 3275 3538 Servatore
3326 3464 3601 3538 loquatur,

2083 3552 2189 3593 tum
2217 3552 2271 3592 ut
2300 3542 2361 3593 de
2395 3531 2707 3602 sempiterno
2743 3538 2875 3592 Filio
2903 3546 2952 3591 et
2986 3536 3109 3599 Deo,
3142 3546 3249 3587 tum
3275 3544 3330 3586 ut
3368 3536 3431 3585 de
3487 3531 3599 3595 illo,

2080 3613 2169 3676 qui
2200 3622 2382 3679 postea
2422 3625 2540 3662 vere
2566 3609 2895 3677 perfecleque
2926 3607 3098 3675 [actus
3120 3607 3187 3658 sit
3219 3606 3394 3657 homo.

2084 3793 2186 3849 llic
2252 3792 2417 3863 igitur
2484 3805 2686 3860 sropus
2761 3799 2817 3845 et
2894 3788 3184 3844 character
3241 3795 3325 3841 est
3404 3794 3607 3839 sancta:

2027 3872 2340 3943 Scriptura},
2378 3879 2452 3931 uti
2480 3894 2620 3947 szepe
2647 3880 2908 3942 diximus,
2948 3898 3140 3950 nempe
3170 3888 3226 3935 ut
3257 3879 3366 3932 duo
3395 3879 3460 3933 de
3488 3878 3608 3933 Sal-

2023 3976 2213 4019 vatore
2263 3966 2628 4033 demonstret,
2694 3968 2845 4022 illum
2895 3971 3101 4024 scilicet
3158 3971 3325 4026 Deum
3391 3982 3608 4038 semper

2027 4054 2217 4124 fuisse,
2253 4069 2305 4112 et
2346 4057 2544 4113 Filium
2591 4075 2732 4126 esse,
2770 4063 2968 4131 quippe
3000 4078 3121 4115 cum
3156 4065 3227 4118 sit
3260 4063 3436 4118 Patris
3477 4057 3608 4114 Ver-

2026 4150 2153 4204 bum
2199 4151 2563 4222 splendorque
2617 4162 2669 4207 et
2715 4153 3013 4221 sapientia,
3072 4155 3358 4225 ipsumque
3417 4167 3603 4225 postea

2023 4252 2244 4311 prepter
2277 4258 2401 4306 nos,
2449 4259 2615 4299 carne
2662 4260 2725 4297 ex
2777 4238 2998 4316 Virgine
3043 4248 3270 4317 Dcipara
3305 4248 3472 4303 Maria
3515 4263 3605 4305 as-

2024 4343 2260 4404 sumpta,
2286 4335 2562 4389 hominem
2591 4336 2791 4393 factum
2823 4354 2967 4394 esse.
2999 4340 3182 4409 Atque
3210 4341 3355 4395 hunc
3380 4342 3599 4411 quidem

2023 4438 2247 4492 scopum
2297 4439 2395 4494 per
2434 4426 2743 4482 universam
2790 4428 3054 4483 divinitus
3100 4431 3419 4500 inspiratam
3454 4432 3603 4489 Scri-

333 4508 542 4581 Κύριος
582 4510 804 4581 εἴρηκεν
830 4529 844 4545 ι
887 4512 1205 4580 Ἐρευνᾶτε
1245 4513 1354 4579 τὰς
1394 4515 1661 4583 Γραφὰς,
1692 4515 1782 4569 ὅτι
1822 4517 1920 4569 αὐ-

2025 4525 2239 4583 pturam
2275 4516 2536 4571 inculcari
2565 4518 2968 4587 deprehendere
3000 4531 3107 4586 est,
3140 4524 3599 4591 quemadn‘iodutn

330 4599 429 4650 tui
450 4600 620 4652 εισιν
797 4602 856 4653 αι
891 4602 1308 4670 μαρτυροῦσαι
1352 4603 1486 4671 περὶ
1523 4603 1703 4671 ἐμοῦ’
1739 4604 1828 4659 ἵνα
1862 4604 1921 4657 δὲ

334 4692 434 4762 μὴ,
467 4692 651 4744 πάντα
673 4692 743 4745 τὰ
774 4694 913 4763 ῥητὰ
949 4695 1196 4762 συνάγων
1238 4738 1253 4763 ,
1390 4696 1559 4759 πολὺς
1583 4697 1640 4750 ὲν
1665 4695 1743 4766 τῷ
1782 4698 1920 4768 γρά-

333 4797 459 4847 φειν
491 4783 759 4852 γένωμαι,
790 4783 1149 4855 ἀρκεσοῶμεν
1180 4785 1256 4849 ὼς
1280 4785 1495 4839 πάντων
1526 4787 1917 4857 μνημονεῦσαι,

330 4872 426 4924 τοῦ
452 4873 554 4941 μὲν
601 4873 845 4927 Ἰωάννου
869 4876 1121 4943 λέγοντος
1142 4892 1154 4905 ·
1201 4876 1304 4929 Ἐν
1339 4876 1499 4945 ἀρχῇ
1529 4873 1609 4947 ἦν
1637 4881 1671 4931 ό
1706 4881 1916 4949 Λόγος,

330 4964 433 5017 καὶ
455 4966 493 5017 ό
526 4965 716 5033 Λόγος
742 4962 821 5036 ἦν
849 4966 999 5034 πρὸς
1025 4966 1132 5018 τὸν
1163 4966 1330 5031 Θεὸν,
1359 4969 1456 5021 καὶ
1484 4969 1626 5034 Θεὸς
1652 4965 1732 5040 ἦν
1757 4974 1790 5024 ό
1810 4972 1921 5025 Λό-

329 5068 437 5121 τος
461 5069 477 5084 ο
511 5054 693 5121 οὗτος
722 5051 801 5125 ἦν
826 5056 898 5109 ἐν
924 5053 1083 5123 ἀρχῇ
1112 5055 1262 5123 πρὸς
1288 5057 1396 5109 τόν
1419 5056 1586 5112 Θεόν.
1614 5058 1815 5115 Πάντα
1842 5060 1917 5114 δι’

329 5144 523 5199 αὐτοῦ
556 5144 814 5214 ἐγένετο,
844 5145 942 5200 καὶ
974 5146 1149 5213 χωρὶς
1181 5146 1367 5200 αὑτοῦ
1396 5147 1632 5215 ἐγένετο
1664 5147 1805 5204 οὐδὲ
1825 5151 1915 5205 ἓν.

331 5232 471 5289 εἶτα
503 5251 521 5267 ’
689 5238 797 5291 Kal
830 5239 863 5290 ό
893 5238 1083 5306 Λόγος
1111 5238 1268 5305 σὰρξ
1305 5236 1563 5306 ἐγένετο,
1608 5241 1703 5292 καὶ
1736 5239 1919 5309 ἐσκή-

328 5342 532 5381 νωσε-ν
563 5327 634 5381 ἐν
676 5328 853 5397 ἡμῖν,
895 5329 992 5382 καὶ
1036 5329 1407 5399 ἐθεασάμεθα
1442 5328 1558 5397 τὴν
1593 5328 1782 5393 δόξαν
1813 5334 1919 5385 αὑ-

328 5420 461 5483 τοῦ,
494 5418 686 5483 δόξαν
721 5420 805 5486 ὡς
836 5422 1206 5491 μονογενοῦς
1247 5421 1407 5488 παρὰ
1439 5422 1669 5487 Πατρός
1695 5438 1709 5453 ο
1738 5421 1833 5474 τοῦ
1860 5420 1916 5476 δὲ

332 5510 552 5563 Παύλου
609 5512 915 5582 γράφοντος
948 5528 962 5541 ·
1007 5514 1144 5579 Ὃς,
1180 5513 1249 5566 ἐν
1286 5510 1491 5580 μορφῇ
1534 5512 1680 5567 Θεοῦ
1728 5513 1918 5582 ὑπάρ-

331 5615 503 5667 χων,
572 5602 686 5669 οὐχ
758 5599 1073 5668 ἁρπαγμὸν
1132 5600 1405 5668 ἡγήσατο
1470 5600 1537 5655 τὸ
1596 5597 1747 5656 εἶναι
1812 5603 1918 5659 ἴσα

2023 4616 2252 4662 testatur
2282 4608 2395 4675 ipse
2430 4607 2695 4664 Dominus
2728 4610 2813 4664 his
2844 4611 3061 4666 verbis:
3094 4612 3420 4666 Scrutamim’
3455 4614 3602 4670 Scri-

2021 4708 2228 4766 pturus,
2254 4699 2377 4767 quia
2408 4698 2516 4753 illa:
2544 4708 2665 4751 sunt
2705 4716 2823 4769 qua:
2850 4701 3206 4754 testimonium
3234 4703 3501 4772 perhibent
3536 4707 3602 4761 de

2022 4804 2103 4840 me
2150 4788 2190 4840 ³.
2228 4786 2424 4841 Verum
2469 4806 2573 4849 ne,
2613 4790 2797 4843 omnia
2846 4790 2963 4845 loca
3007 4792 3345 4855 adducendo,
3397 4797 3602 4853 multus

2021 4877 2122 4931 hac
2156 4880 2208 4932 in
2242 4896 2295 4931 re
2323 4881 2595 4948 probanda
2627 4881 2829 4947 \idear,
2854 4898 2937 4947 ea,
2972 4898 3091 4953 qum
3122 4896 3445 4954 sequuntur,
3485 4895 3603 4945 vice

2020 4972 2265 5024 omnium
2293 4972 2484 5025 ali‘erre
2510 4973 2641 5027 satis
2668 4972 2850 5028 fuerit.
2880 4973 3004 5030 Παιο
3028 4976 3192 5047 igitur
3214 4986 3341 5031 sunt
3374 4976 3601 5036 Joannis

2021 5064 2180 5115 verba
2224 5083 2235 5116 :
2286 5062 2349 5115 In
2391 5064 2650 5133 principio
2681 5074 2794 5118 erat
2846 5064 3086 5131 Verbum,
3124 5076 3173 5121 et
3221 5065 3447 5123 Verbum
3486 5081 3600 5125 erat

2020 5157 2160 5224 apud
2193 5155 2378 5222 Deum,
2408 5166 2456 5208 et
2495 5156 2630 5210 Deus
2665 5167 2777 5210 erat
2815 5156 3080 5213 Verbum:
3107 5160 3202 5213 hoc
3229 5171 3343 5214 erat
3375 5164 3427 5215 in
3457 5166 3601 5232 ptin-

2020 5248 2157 5314 cipio
2191 5248 2333 5316 apud
2370 5247 2550 5302 Deum.
2587 5248 2777 5303 Omnia
2820 5267 2914 5320 per
2962 5254 3134 5321 ipsum
3172 5254 3317 5322 facta
3363 5266 3503 5319 sunt,
3547 5264 3597 5307 et

2019 5340 2129 5391 sine
2165 5340 2276 5407 ipso
2330 5340 2530 5408 factum
2571 5352 2647 5395 est
2682 5343 2812 5395 nihil
2861 5343 2901 5397 ⁸.
2939 5342 3141 5400 Deinde
3182 5363 3194 5397 :
3247 5344 3315 5398 Et
3375 5347 3597 5398 Verbum

2019 5447 2141 5483 caro
2177 5431 2379 5499 factum
2415 5442 2523 5497 est,
2570 5442 2619 5485 et
2666 5433 2925 5489 habitavit
2958 5437 3013 5489 in
3044 5437 3212 5500 nobis,
3262 5445 3311 5488 et
3366 5436 3594 5491 vidimus

2018 5523 2242 5593 gloriam
2292 5524 2428 5590 eius,
2483 5524 2709 5594 gloriam
2760 5529 2915 5597 quasi
2968 5529 3224 5597 unigeniti
3267 5544 3297 5579 a
3345 5526 3500 5581 Patre
3550 5529 3590 5579 ⁸.

2018 5611 2219 5668 Paulus
2254 5623 2433 5668 autem
2484 5615 2557 5669 ita
2602 5617 2828 5671 scribit:
2868 5618 2974 5684 Qui
3012 5635 3130 5674 cum
3178 5618 3232 5672 in
3278 5618 3452 5689 [arma
3493 5619 3592 5676 Dei

406 5782 423 5813 ⁸
458 5778 617 5835 Jaan.
655 5798 705 5843 ι,
745 5780 833 5834 55.
893 5782 911 5810 ‘
942 5777 1101 5833 Joan.
1139 5796 1210 5843 γι,
1241 5780 1346 5847 42;
1382 5794 1500 5843 νισι,
1525 5778 1612 5834 58.
1680 5779 1700 5811 ³
1728 5777 1920 5835 Joan.‘

2026 5781 2077 5837 9.
2139 5781 2161 5815 ⁸
2185 5780 2342 5838 Joan.
2371 5798 2410 5848 ι,
2446 5783 2558 5838 Ιι2.
2628 5782 2649 5815 ⁸
2671 5781 2803 5838 ibid.
2832 5783 2917 5839 M.
