4058 6398
468 345 576 411 423

1678 343 2054 406 EUTIIYMII
2118 340 2485 404 ZIGABENI

3642 340 3752 404 424

469 482 629 535 esset,
675 488 779 526 non
825 471 1068 542 rapinam
1099 471 1390 526 arbitratus
1432 480 1509 524 est
1549 488 1659 526 esse
1696 489 1751 527 se
1793 472 2047 543 wqualem

2170 464 2292 530 Θεῷ
2315 481 2331 496 ο
2377 465 2514 520 ἀλλ’
2541 463 2762 520 ἑαυτὸν
2789 465 3074 532 ἐκένωσεν,
3103 466 3348 538 μορφὴν
3376 467 3604 525 δούλου
3633 473 3748 524 λα-

473 563 604 631 Deo,
631 565 721 618 sed
749 566 1081 632 semetipsum
1101 565 1411 628 exinonivit,
1435 564 1608 632 forma
1643 565 1777 618 servi
1811 573 2046 634 accepta,

472 656 530 709 in
560 653 961 710 similitudinem
991 656 1260 708 hominum
1287 656 1484 724 factus,
1521 666 1570 709 et
1604 657 1778 726 ﬁgura
1808 657 2047 709 inventus

474 755 532 800 u:
579 748 750 800 homo.
798 744 1113 801 Humih’avit
1169 747 1540 814 semetipsum,
1587 748 1762 816 factus
1805 745 2046 800 obedietts

472 855 635 908 usque
676 839 746 892 ad
783 847 1020 903 mortem,
1065 850 1285 894 mortem
1329 849 1505 894 autem
1545 841 1714 893 crucis
1767 833 1804 891 ⁸.
1847 836 1921 890 Ex
1961 837 2048 892 his

473 943 656 998 porro,
692 930 738 984 si
783 930 908 998 quis
941 930 1130 986 eadem
1177 931 1387 985 ratione
1442 931 1752 985 universam
1805 928 2047 997 Scriptu-

473 1033 588 1070 ram
620 1017 951 1086 perlustrare
983 1020 1239 1085 voluerit,
1273 1021 1422 1076 clare
1447 1021 1709 1091 percipiet
1735 1036 1905 1091 quare
1937 1018 2046 1072 iui-

475 1112 551 1166 tio
577 1110 736 1166 Pater
761 1111 837 1165 illi
869 1111 1010 1165 dixit
1040 1129 1054 1165 :
1092 1109 1221 1164 Fiat
1255 1109 1349 1163 lux
1404 1110 1443 1175 ',
1475 1119 1550 1176 et,
1593 1109 1718 1165 Fiat
1745 1112 2056 1179 ﬁrmamen-

464 1213 587 1258 .tum
625 1207 674 1266 ²,
703 1211 776 1268 et,
819 1201 1108 1256 Faciamus
1135 1198 1413 1255 hominem
1464 1204 1484 1235 ’⁵
1510 1219 1525 1256 :
1556 1217 1656 1257 cur
1687 1202 1818 1256 item
1844 1217 1969 1256 eum
2002 1201 2057 1254 in

475 1293 582 1348 ﬁne
621 1294 947 1349 saeculorum
989 1294 1042 1347 in
1074 1293 1339 1348 mundum
1373 1293 1606 1356 miserit,
1644 1310 1756 1348 non
1799 1303 1860 1348 ut
1903 1309 2064 1347 mun-

473 1385 604 1440 dum
654 1385 948 1455 judicaret,
992 1384 1088 1440 sed
1129 1393 1190 1438 ut
1228 1384 1466 1437 mundus
1502 1399 1596 1453 per
1647 1384 1827 1454 ipsum
1877 1383 2062 1439 salvus

475 1476 629 1531 ﬁeret
661 1477 682 1508 '
722 1493 739 1531 :

676 1561 782 1629 Qui
809 1561 974 1632 igitur
1004 1560 1242 1615 divinam
1285 1559 1626 1630 Scripturam
1657 1561 1867 1629 legerit,
1894 1560 2065 1614 discat

478 1653 699 1722 quidem
740 1654 900 1708 verba
931 1667 997 1707 ex
1030 1653 1223 1708 Vetere
1245 1646 1618 1717 Testamento,
1657 1653 1750 1707 sed
1793 1669 1857 1706 ex
1888 1649 2065 1706 Evan-

477 1745 622 1814 gelio
683 1746 926 1800 attendat
979 1745 1270 1800 Dominum
1329 1746 1605 1801 hominem
1666 1744 1866 1800 factum
1923 1760 2064 1799 esse.

476 1837 638 1902 Nam,
683 1836 925 1901 Verbum,
955 1838 1152 1906 inquit,
1185 1855 1308 1892 caro
1344 1840 1546 1908 factum
1569 1848 1681 1901 est,
1718 1848 1766 1892 et
1805 1837 2064 1892 habitavit

477 1931 532 1981 in
558 1929 709 1981 nobis
765 1924 806 1983 ‘.
852 1927 1049 1993 Homo,
1088 1929 1334 1999 inquam,
1372 1928 1549 1984 factus
1575 1939 1676 1994 est,
1725 1944 1834 1982 non
1879 1937 2065 1982 autem

480 2019 533 2071 in
566 2017 844 2072 hominem
871 2020 1040 2073 venit.
1073 2017 1126 2074 Id
1167 2019 1312 2074 enim
1343 2021 1488 2074 scire
1519 2021 1682 2074 etiam
1713 2035 1936 2076 necesse
1961 2029 2064 2088 est,

477 2124 548 2165 ne
581 2108 723 2165 forte
754 2110 808 2164 in
844 2110 1159 2181 hujusmodi
1200 2113 1531 2167 sententiam
1573 2113 1922 2168 deﬂectcntes
1960 2113 2064 2167 im-

477 2199 574 2269 pii,
610 2199 830 2270 aliquos
867 2201 1164 2272 decipiant,
1197 2201 1386 2272 illique
1429 2203 1764 2268 existiment,
1791 2204 2059 2273 quemad-
2093 2181 2139 2240 Β

478 2291 700 2346 modum
734 2291 864 2346 olim
897 2291 1134 2348 Verbum
1171 2294 1226 2348 in
1256 2310 1701 2366 unumquemque
1746 2305 2064 2351 sanctorum

475 2384 792 2450 descendit,
826 2385 898 2440 ita
939 2387 1102 2440 etiam
1141 2387 1195 2440 in
1224 2388 1500 2444 hominem
1550 2389 1805 2457 venisse,
1835 2399 1892 2445 ut
1937 2405 2066 2445 eum

475 2484 729 2529 sanctum
777 2475 1044 2542 redderet,
1081 2485 1138 2532 et
1167 2477 1221 2532 in
1247 2478 1367 2548 ipso
1405 2487 1714 2549 appareret,
1751 2479 1830 2534 uti
1861 2479 1917 2534 in
1943 2479 2067 2533 aliis

476 2566 724 2637 contigit.
759 2565 816 2622 Si
848 2568 994 2622 enim
1041 2568 1116 2622 ita
1159 2585 1218 2624 se
1247 2585 1336 2625 res
1366 2571 1628 2638 haberet,
1670 2578 1725 2626 et
1753 2571 1808 2626 in
1846 2571 2068 2626 homine

479 2658 859 2713 tantummodo
889 2660 1270 2728 apparuisset:
1301 2661 1434 2715 nihil
1464 2678 1598 2720 sane
1625 2671 1771 2718 esset
1793 2663 1939 2732 quod
1969 2663 2066 2717 ad-

479 2750 827 2803 mirationem
856 2759 1038 2819 posset
1084 2767 1324 2818 movere,
1364 2769 1465 2807 nec
1507 2753 1600 2823 qui
1632 2769 1756 2808 eum
1991 2755 2069 2808 vi-

479 2839 702 2905 debant,
734 2840 1094 2910 obstupefacti
1131 2842 1434 2899 dixissent:
1458 2845 1740 2900 Undenam
1764 2846 1969 2923 istecst
2001 2847 2068 2902 ’ἲ

479 2938 555 2996 et,
580 2930 690 2983 Cur
707 2942 760 2983 tu
783 2930 946 2984 homo
962 2947 1086 2986 cum
1115 2932 1214 2998 sis,
1245 2933 1474 3003 teipsum
1510 2933 1646 2989 facis
1664 2935 1834 2990 Deum
1881 2935 2068 2989 '?Au-

479 3021 598 3076 dire
614 3021 881 3090 siquidem
914 3021 991 3074 illi
1018 3037 1449 3079 consueverant:
1476 3025 1697 3080 Factum
1727 3037 1810 3082 est
1830 3025 2064 3082 Verbum

482 3112 699 3166 Domini
741 3109 806 3166 ad
844 3113 1088 3184 singulos
1127 3117 1442 3186 prophetas.
1490 3116 1648 3174 Nunc
1699 3128 1876 3174 autem
1921 3131 2068 3190 post-

481 3217 647 3271 quam
701 3201 794 3254 Dei
840 3200 1101 3270 Vcrbum,
1149 3220 1246 3274 per
1295 3207 1441 3272 quod
1494 3207 1678 3261 omnia
1729 3207 1868 3263 facta
1918 3218 2065 3273 sunt,

480 3297 644 3351 etiam
683 3295 824 3350 ﬁlius
870 3296 1110 3352 hominis
1142 3299 1258 3353 fieri
1302 3315 1409 3354 non
1461 3302 1660 3366 renuit,
1693 3317 1857 3372 seque
1889 3302 2066 3372 ipsum

481 3387 813 3452 humiliavit,
840 3387 982 3442 servi
1012 3387 1189 3444 forma
1226 3402 1446 3461 accepta
1479 3411 1492 3445 :
1527 3393 1731 3448 idcirco
1758 3411 1888 3449 crux
1917 3394 2071 3449 Chri-

2167 553 2307 620 8ὼν,
2345 555 2415 609 ἐν
2440 555 2757 625 ὁμοιώματι
2782 556 3108 625 ἀνθρώπων
3129 561 3450 630 γενόμενος
3487 604 3504 632 ,
3645 561 3750 616 καὶ

2166 644 2430 718 σχήματι
2471 645 2732 716 εὑρεθεὶς
2783 649 2865 714 ὡς
2911 648 3242 718 ἅνθρωπος.
3314 652 3752 707 Ὲταπείνωσεν

2165 738 2404 804 ἑαυτὸν,
2443 740 2762 809 γενόμενος
2790 740 3060 806 ὑπήκοος
3098 741 3274 812 μέχρι
3321 743 3600 808 θανάτου,
3639 749 3752 801 θα-

2163 830 2348 886 νάτου
2373 832 2442 885 δὲ
2463 831 2756 902 σταυροῦ.
2805 833 2938 886 Ἀπὸ
2965 833 3168 889 τούτων
3197 836 3323 909 γὰρ,
3353 839 3418 909 τῇ
3446 838 3582 909 αὐτῇ
3625 839 3753 892 δια-

2164 925 2284 996 νοίᾳ.
2313 926 2660 996 διερχόμενός
2678 944 2760 989 τις
2794 928 2976 980 πᾶσαν
3005 928 3105 999 τὴν
3138 929 3382 999 Γραφὴν,
3403 930 3594 999 ὄψεται
3627 929 3754 994 πῶς

2163 1018 2222 1070 ἐν
2243 1019 2382 1088 ἀρχῇ
2423 1019 2520 1088 μὲν
2549 1013 2668 1071 εἷπε
2714 1017 2887 1089 τούτῳ
2919 1019 2948 1070 6
2993 1020 3183 1090 Πατήρ
3202 1037 3215 1049 ·
3245 1019 3565 1087 Γενηθήτω
3593 1021 3753 1090 φῶς,

2159 1109 2273 1173 καὶ,
2302 1110 2622 1178 Γενηθήτω
2654 1112 2978 1182 στερέωμα,
3006 1115 3119 1178 καὶ,
3157 1114 3513 1184 Ποιήσωμεν
3535 1117 3764 1186 ἅνθρω-

2163 1215 2282 1254 πον
2305 1220 2313 1231 ·
2347 1203 2440 1256 ἐπὶ
2462 1203 2520 1256 δὲ
2547 1205 2827 1276 συντελείᾳ
2851 1207 2958 1258 τῶν
2998 1207 3211 1261 αἰώνων
3237 1207 3557 1262 ἀπέστειλεν
3583 1209 3764 1267 αὑτὸν

2164 1293 2244 1356 είς
2271 1293 2362 1346 τὸν
2395 1295 2620 1366 κόσμον,
2659 1299 2758 1368 οὐχ
2803 1299 2889 1352 ἵνα
2923 1300 3084 1372 κρίνῃ
3110 1300 3201 1352 τὸν
3229 1301 3454 1372 κόσμον,
3501 1301 3616 1354 ἀλλ’
3661 1303 3760 1358 ἵνα

2167 1386 2312 1457 σωθῇ
2347 1387 2456 1458 (84)
2481 1389 2510 1441 6
2540 1390 2744 1460 κόσμος
2769 1390 2835 1443 δι’
2867 1391 3031 1444 αὑτοῦ
3055 1409 3067 1421 ·

2385 1557 2444 1611 '0
2486 1558 2666 1612 τοίνυν
2702 1561 3042 1630 ἐντυγχάνων
3087 1562 3152 1632 τῇ
3203 1559 3323 1633 θείᾳ
3368 1561 3596 1634 Γραφῇ,
3643 1561 3764 1614 ἀπὸ

2173 1645 2272 1720 μὲν
2299 1648 2406 1705 τῶν
2439 1649 2692 1702 Παλαιῶν
2721 1649 2790 1703 τὰ
2823 1651 2962 1722 ῥητὰ
2991 1649 3453 1721 καταμανθανέτω
3489 1688 3505 1712 ,
3646 1649 3766 1704 ἀπὸ

2168 1741 2226 1795 δὲ
2262 1739 2371 1793 τῶν
2415 1740 2763 1810 Εὑαγγελίων
2795 1740 3069 1812 θεωρείτω
3101 1742 3193 1794 τὸν
3223 1741 3426 1813 Κύριον
3462 1742 3764 1813 γενόμενον

2169 1833 2488 1906 ἄνθρωπονο
2536 1834 2598 1888 '0
2632 1833 2824 1903 Λόγος
2884 1835 3015 1905 γὰρ,
3067 1833 3240 1904 φησὶ,
3289 1834 3449 1902 σὰρξ
3491 1833 3759 1906 ἐγένετο,

2171 1926 2269 1979 καὶ
2301 1924 2658 1992 ἐσκήνωσεν
2680 1926 2751 1978 ἐν
2778 1925 2945 1995 ἡμῖν.
2979 1925 3300 1996 Ἀνθρωπος
3331 1925 3388 1978 δέ
3421 1925 3632 1996 γέγονε,
3659 1929 3766 1982 καὶ

2170 2016 2269 2069 οὐκ
2308 2019 2387 2080 είς
2429 2015 2714 2088 ἄνθρωπον
2753 2012 2884 2088 ἦλθε
2908 2032 2923 2047 °
2976 2016 3071 2071 καὶ
3104 2015 3261 2070 τοῦτο
3298 2017 3407 2090 γὰρ
3456 2017 3764 2086 ἀναγκαῖον

2171 2109 2397 2162 εἰδέναι·
2432 2111 2642 2182 μήποτε
2682 2111 2796 2174 καὶ,
2833 2111 2914 2174 εἰς
2944 2109 3104 2163 τοῦτο
3133 2111 3390 2175 πεσόντες
3423 2113 3473 2165 οἱ
3513 2111 3760 2179 ἀσεϐεῖς,

2168 2201 2491 2272 ἀπατήσωσί
2556 2220 2742 2267 τινας,
2794 2203 3038 2256 κάκεῖνοι
3089 2203 3388 2274 νομίσωσιν
3433 2245 3450 2270 ,
3632 2204 3761 2268 ὅτι,

2168 2293 2359 2366 ὥσπερ
2394 2296 2450 2347 ἐν
2488 2296 2600 2358 τοῖς
2635 2293 2946 2366 ἔμπροσθεν
2992 2294 3205 2366 χρόνοις
3247 2295 3327 2358 είς
3370 2294 3599 2347 ἕκαστον
3643 2294 3764 2352 τῶν

2169 2385 2339 2454 ἁγίων
2369 2384 2600 2452 ἐγίνετο,
2645 2384 2788 2440 οὕτω
2821 2386 2915 2439 καὶ
2958 2383 3053 2438 νῦν
3091 2385 3171 2448 είς
3221 2384 3510 2455 ἄνθρωπον
3552 2385 3763 2457 ἐπεδή-

2172 2493 2343 2548 μησεν
2375 2476 2403 2529 6
2440 2475 2612 2545 Λόγος
2639 2475 2882 2546 ἁγιάζων
2909 2476 3004 2530 καὶ
3032 2475 3244 2539 τοῦτον,
3283 2475 3377 2528 καὶ
3404 2474 3759 2546 φανερούμε-

2167 2586 2258 2633 νος
2279 2569 2470 2642 ὥσπερ
2491 2569 2586 2622 καὶ
2619 2571 2676 2622 ἐν
2707 2571 2818 2632 τοῖς
2860 2568 3059 2632 ἄλλοις.
3109 2568 3172 2620 Ei
3197 2567 3303 2638 γὰρ
3337 2565 3510 2630 οὕτως
3535 2562 3625 2638 ἦν,
3657 2569 3767 2623 καὶ

2172 2664 2332 2732 μόνον
2358 2662 2416 2715 ἐν
2433 2659 2704 2732 ἀνθρώπῳ
2728 2661 2916 2731 φανεὶς
2937 2655 3026 2730 ἦν,
3041 2659 3190 2714 οὐδὲν
3207 2654 3275 2730 ἦν
3300 2659 3602 2730 παράδοξον

2169 2751 2293 2806 οὔτε
2329 2755 2380 2806 oi
2418 2753 2654 2824 ὁρῶντες
2699 2750 2998 2817 ἑξενίζοντο
3025 2751 3310 2820 λέγοντες⁸
3357 2751 3610 2816 Ποταπὺς
3650 2752 3768 2824 ἄρα

2169 2845 2316 2899 ἐστὶν
2349 2838 2541 2911 οὗτος;
2589 2845 2706 2909 καὶ,
2755 2844 2858 2898 Διὰ
2896 2844 2951 2897 τί
2985 2845 3084 2909 σὺ,
3129 2843 3416 2915 ἄνθρωπος
3447 2843 3545 2909 ὢν,
3581 2849 3767 2910 ποιεῖς

2171 2935 2396 2992 σεαυτὸν
2425 2935 2600 3004 Θεόν;
2638 2932 2798 3008 Εἶχον
2837 2936 2947 3010 γὰρ
2985 2936 3084 3009 τὴν
3119 2935 3406 3010 συνήθειαν
3439 2936 3766 3003 ἀκούοντεςο

2170 3029 2281 3082 Καὶ
2310 3029 2527 3097 ἐγένετο
2551 3028 2722 3098 Λόγος
2745 3028 2950 3101 Κυρίου
2979 3030 3116 3101 πρὸς
3145 3031 3372 3084 ἕκαστον
3396 3029 3503 3082 τῶν
3537 3047 3766 3102 προφη-

2169 3121 2296 3176 τῶν.
2332 3120 2449 3174 Νῦν
2480 3121 2560 3187 δέ,
2600 3121 2788 3193 ἐπειδὴ
2813 3122 2842 3173 ὁ
2873 3120 2968 3174 τοῦ
2995 3121 3129 3174 Θεοῦ
3157 3122 3350 3190 Λόγος,
3375 3121 3442 3174 δι’
3468 3115 3531 3174 οὗ
3561 3124 3762 3192 γέγονε

2167 3213 2239 3267 τὰ
2282 3213 2479 3278 πάντα,
2518 3212 2779 3284 ὑπέμεινε
2820 3212 2914 3266 καὶ
2961 3212 3089 3266 Υἱδν
3137 3211 3426 3283 ἀνθρώπου
3474 3213 3758 3283 γενέσθαι,

2170 3305 2265 3358 καὶ
2296 3303 2658 3356 ἐταπείνωσεν
2690 3301 2906 3364 ἑαυτὸν,
2941 3301 3119 3354 λαϐὼν
3148 3301 3334 3356 δούλου
3385 3308 3632 3376 μορφήν·
3665 3308 3756 3362 διὰ

2168 3394 2328 3450 τοῦτο
2365 3395 2642 3459 Ἰουδαίοις
2669 3395 2767 3466 μὲν
2798 3394 3094 3449 σκάνδαλόν
3124 3396 3272 3449 ἐστιν
3304 3397 3334 3449 6
3374 3396 3470 3450 τοῦ
3512 3399 3748 3468 Χριστοῦ

482 3475 554 3532 sti
583 3474 784 3532 Judaeis
814 3484 898 3532 est
927 3479 1270 3548 scandalum,
1303 3482 1460 3538 nobis
1492 3493 1671 3538 autem
1696 3485 1949 3541 Christus
1975 3485 2063 3541 Dei

2173 3485 2424 3558 σταυρὸς,
2457 3487 2590 3556 ἡμῖν
2609 3484 2666 3538 δὲ
2694 3483 2929 3556 Χριστὸς
2955 3482 3090 3537 Θεοῦ
3119 3483 3348 3556 δύναμις
3373 3486 3468 3540 καὶ
3493 3485 3620 3539 Θεοῦ
3645 3503 3709 3541 σο
3728 3517 3742 3528 -

481 3567 656 3623 virtus
700 3576 754 3623 et
801 3568 893 3624 Dei
931 3571 1197 3640 sapientia
1227 3583 1311 3630 est
1372 3579 1414 3628 '.
1449 3574 1582 3630 Nam
1621 3575 1865 3643 Verbum,
1907 3587 1964 3633 ut
1993 3580 2063 3634 ait

2173 3579 2307 3650 φία·
2351 3578 2404 3630 '0
2437 3579 2628 3647 Λόγος
2660 3576 2769 3649 γὰρ
2793 3616 2808 3643 ,
2857 3575 2934 3640 ὡς
2972 3572 3126 3630 εἶπεν
3165 3577 3193 3629 6
3260 3577 3550 3648 Ἰωάννης,
3588 3577 3744 3646 σὰρξ

480 3658 757 3723 Joannes,
800 3677 923 3714 caro
975 3662 1177 3731 factum
1228 3675 1308 3720 est
1352 3663 1410 3720 “.
1479 3665 1762 3738 Siquidem
1811 3685 1930 3724 mos
1985 3679 2070 3726 est

482 3748 780 3821 Scriptura:
808 3769 978 3808 saeue
1017 3756 1290 3811 hominem
1333 3774 1551 3818 carnem
1597 3762 1890 3831 appellare.
1933 3761 2068 3817 llinc

481 3842 621 3907 apud
653 3839 856 3895 Joclcm
889 3846 1209 3914 prophetam
1239 3849 1439 3903 dicitur
1470 3867 1484 3902 :
1523 3850 1811 3920 Eﬂ'uudam
1847 3853 1909 3907 de
1941 3853 2067 3922 Spi-

482 3935 592 3987 ritu
624 3951 735 3988 meo
771 3937 824 3988 in
857 3953 1062 3990 omnem
1105 3954 1316 3992 carnem
1346 3935 1408 3995 ".
1451 3939 1583 3995 Item
1625 3941 1814 3998 Daniel
1844 3945 2067 4016 Astyagi

482 4023 621 4077 dixit
647 4043 660 4079 ε
698 4024 808 4094 Ego
831 4025 976 4078 idola
1005 4028 1318 4097 manufacta
1344 4046 1449 4083 non
1476 4029 1612 4094 colo,
1643 4033 1732 4085 sed
1783 4033 1948 4087 Deum
1991 4035 2070 4088 ri-

481 4123 712 4176 ventem,
755 4116 846 4184 qui
883 4115 1071 4169 caelum
1103 4130 1153 4170 et
1196 4129 1394 4172 terram
1435 4122 1652 4186 creavit,
1684 4133 1732 4176 et
1763 4125 1815 4176 in
1863 4141 2068 4180 omnem

469 4217 698 4271 cantem
739 4202 1073 4256 dominatum
1124 4204 1278 4258 habet
1304 4206 1366 4260 ".
1400 4205 1501 4262 llic
1535 4209 1703 4273 enim,
1746 4220 1804 4264 ut
1842 4222 1896 4266 et
1927 4209 2066 4281 Joel,

483 4290 767 4345 hominum
800 4308 972 4361 genus
1000 4295 1182 4349 carnis
1215 4296 1435 4350 nomine
1464 4298 1754 4369 signiﬁcat.

684 4379 822 4434 Olim
867 4382 1031 4452 igitur
1077 4384 1142 4437 ad
1183 4385 1428 4455 singulos
1473 4398 1692 4445 sanctos
1745 4390 1946 4447 factum
1985 4401 2068 4449 est

489 4468 747 4536 Verbum,
776 4486 1017 4542 eosque,
1055 4475 1148 4544 qui
1179 4477 1354 4546 ipsum
1391 4478 1551 4550 digne
1581 4493 1962 4552 susceperunt.
1985 4484 2066 4540 ef-

480 4561 609 4618 fecit
647 4573 866 4618 sanctos
897 4582 910 4617 :
949 4580 1046 4619 nec
1076 4576 1256 4622 tamen
1297 4584 1422 4624 cum
1458 4572 1532 4625 illi
1567 4589 1941 4642 nascerentur,
1977 4579 2062 4635 di-

478 4663 625 4709 ctum
673 4663 757 4709 est
804 4654 980 4723 ipsum
1037 4655 1316 4713 hominem
1358 4658 1560 4717 factum
1595 4680 1737 4732 esse,
1787 4682 1889 4723 nec
1939 4685 2064 4724 cum

477 4752 810 4811 paterentur,
843 4758 1064 4812 passum
1100 4760 1240 4815 esse.
1275 4749 1409 4803 Cum
1441 4761 1623 4808 autem
1664 4756 1716 4808 in
1752 4755 1859 4813 ﬁne
1891 4775 2064 4815 saecu-

478 4832 656 4885 lorum
689 4833 755 4886 ad
794 4835 1180 4890 destruendum
1216 4851 1498 4908 peccatum
1539 4860 1604 4898 ex
1653 4847 1820 4904 Maria
1863 4853 2061 4921 prodiit

2171 4832 2342 4929 μήσεν
2375 4853 2522 4918 ἅπαξ

479 4923 573 4992 (ita
597 4923 741 4976 enim
763 4922 905 4976 Patri
927 4926 1100 4980 visum
1122 4938 1205 4984 est
1222 4947 1382 4987 suum
1403 4937 1618 4992 mittere
1633 4937 1830 4996 Filium
1852 4942 2054 4998 factum

483 5032 549 5073 ex
570 5016 819 5078 muliere,
836 5013 1038 5068 factum
1058 5015 1158 5070 sub
1185 5015 1383 5085 lege“,
1406 5025 1534 5070 tunc
1553 5017 1757 5072 dictum
1769 5028 1852 5072 est
1877 5017 2053 5087 ipsum

483 5123 650 5164 carne
701 5117 980 5176 assumpta
1011 5107 1289 5161 hominem
1331 5106 1534 5162 factum
1567 5122 1709 5170 esse,
1757 5116 1920 5177 atque
1960 5123 2058 5177 pro

486 5204 640 5258 nobis
663 5203 716 5257 in
742 5217 803 5255 ea
831 5217 948 5256 esse
970 5216 1207 5270 passum,
1231 5209 1289 5254 ut
1321 5201 1391 5252 ait
1412 5199 1603 5254 Petrus
1629 5217 1641 5253 :
1665 5199 1875 5255 Christo
1895 5202 2060 5270 igitur

479 5313 576 5366 pro
604 5295 750 5349 nobis
777 5309 932 5362 passo
962 5295 1011 5346 iu
1031 5310 1187 5346 carne
1213 5293 1276 5357 ",
1309 5304 1366 5346 ut
1395 5292 1604 5346 scilicet
1635 5293 1854 5361 planum
1887 5294 2056 5357 ﬁeret,

481 5403 785 5456 mnnesque
849 5387 1194 5441 crederemus
1244 5400 1368 5438 cum
1433 5387 1644 5452 ipsum,
1694 5384 1786 5454 qui
1843 5401 2060 5454 semper

482 5479 625 5535 Deus
655 5482 776 5546 fuit,
808 5489 862 5535 et
897 5495 1014 5548 eos,
1047 5479 1114 5533 ad
1146 5495 1283 5548 quos
1317 5479 1568 5545 accessit,
1601 5487 1824 5532 sanctos
1852 5479 2050 5546 eﬂ‘ccit,

2169 3669 2407 3744 ἐγένετο
2427 3687 2441 3702 ο
2465 3670 2566 3740 τῆς
2596 3669 2634 3719 Γ
2641 3669 2818 3739 ραφῆς
2844 3666 2964 3731 ἔθος
2989 3668 3222 3739 ἐχούσης
3248 3668 3432 3739 λέγειν
3456 3671 3637 3741 σάρκα
3662 3669 3758 3724 τὸν

2168 3764 2474 3836 ἄνθρωπον,
2494 3761 2569 3826 ὡς
2596 3761 2685 3816 διὰ
2710 3761 2864 3834 Ἰωὴλ
2893 3759 2987 3814 τοῦ
3017 3762 3297 3832 προφήτου
3322 3763 3505 3834 φησίν·
3540 3761 3760 3832 Ἐκχεῶ

2168 3856 2288 3913 ἀπὸ
2318 3854 2425 3910 τοῦ
2461 3854 2810 3923 Πνεύματός
2838 3871 2958 3922 μου
2986 3852 3086 3906 ἐπὶ
3117 3853 3326 3908 πᾶσαν
3363 3853 3563 3922 σάρκα
3589 3871 3604 3885 ·
3660 3856 3762 3908 καὶ

2168 3949 2246 4013 ὡς
2437 3946 2636 4017 Δανιὴλ
2681 3946 2871 4016 εἴρηκε
2910 3945 2989 4017 τῷ
3035 3946 3308 4017 Ἀστυάγῃ
3328 3963 3340 3975 ⁸
3381 3949 3463 3999 Οὐ
3505 3946 3762 4017 σέϐομαι

2166 4041 2389 4096 εῑδωλα
2416 4039 2821 4109 χειροποίητα,
2864 4038 3028 4093 ἀλλὰ
3054 4038 3161 4092 τὸν
3204 4037 3391 4099 ζῶντα
3430 4039 3600 4105 Θεὸν,
3646 4041 3762 4094 τὸν

2167 4133 2463 4185 κτίσαντα
2496 4129 2603 4184 τὸν
2634 4131 2897 4197 οὐρανὸν
2927 4130 3028 4184 καὶ
3059 4129 3175 4198 τὴν
3209 4129 3356 4201 γῆν,
3401 4131 3500 4185 καί
3531 4131 3761 4201 ἔχοντα

2166 4219 2373 4287 πάσης
2403 4215 2633 4287 σαρκὸς
2661 4220 2908 4287 κυρείαν
2935 4236 2950 4250 ·
2985 4220 3165 4291 σάρκα
3205 4220 3316 4293 γὰρ
3350 4223 3447 4275 καὶ
3471 4215 3628 4286 οὗτος
3659 4226 3762 4278 καὶ

2179 4312 2334 4384 Ἰωὴλ
2360 4311 2423 4365 τὸ
2445 4309 2554 4364 τῶν
2583 4309 2679 4363 ἀνθ
2689 4310 2884 4382 ρώπων
2908 4311 3062 4380 γένος
3087 4311 3356 4380 λέγουσιν.

2359 4403 2537 4459 Πάλαι
2589 4405 2686 4475 μὲν
2721 4400 2813 4456 οὖν
2857 4403 2995 4474 πρὸς
3035 4403 3263 4456 ἕκαστον
3433 4403 3544 4458 τῶν
3579 4405 3763 4474 ἁγίων

2166 4490 2398 4560 ἐγίνετο,
2424 4493 2518 4546 καὶ
2544 4490 2737 4562 ἡγίαζε
2768 4490 2866 4560 μὲν
2895 4491 3021 4553 τοὺς
3047 4492 3286 4561 γνησίως
3308 4493 3634 4564 δεχομένους
3657 4497 3764 4549 αὺ-

2165 4583 2277 4637 τόνο
2298 4583 2422 4637 οὔτε
2443 4583 2520 4650 δὲ,
2560 4581 2916 4653 γεννωμένων
2939 4581 3184 4645 ἐκείνων,
3212 4583 3450 4655 εἴρηται,
3471 4587 3551 4640 ὅτι
3587 4587 3759 4652 αὐτὸς

2166 4677 2457 4747 γεγένηται
2506 4675 2810 4744 ἅνθρωπος,
2845 4673 2990 4738 οὔτε,
3029 4675 3348 4745 πασχόντων
3382 4678 3628 4742 ἐκείνων,
3677 4679 3762 4732 εἴ-

2171 4780 2363 4836 ρηταιο
2407 4763 2682 4818 Πέπονθεν
2714 4764 2898 4827 αὐτός.
2937 4766 3066 4818 Ὅτε
3105 4765 3162 4818 δὲ
3201 4768 3264 4819 ἐκ
3311 4768 3531 4838 Μαρίας
3557 4769 3762 4842 ἐπεδή-

2701 4855 2797 4906 ἐπὶ⁵
2824 4855 3105 4926 συντελείᾳ
3122 4855 3232 4908 τῶν
3265 4856 3478 4914 αἰώνων
3507 4861 3588 4922 είς
3618 4860 3754 4913 ἀθέ-

2165 4947 2320 5016 τησιν
2387 4945 2660 5018 ἁμαρτίας
2711 4943 2894 5016 (οὓτω
2959 4945 3070 5017 γὰρ
3124 4948 3428 5018 εὐδοκήσας
3477 4951 3508 5003 6
3558 4952 3764 5019 Πατὴρ

2163 5021 2380 5090 ἔπεμψε
2406 5023 2494 5073 τὸν
2520 5023 2716 5078 ἐαυτοῦ
2755 5025 2881 5079 Υίὸν
2908 5030 3199 5098 γενόμενον
3244 5033 3310 5086 ἐκ
3335 5033 3617 5100 γυναικὸς,
3653 5054 3761 5102 γε-

2163 5110 2387 5180 νόμενον
2416 5112 2521 5166 ὐπδ
2547 5115 2756 5184 νόμον),
2785 5117 2906 5170 τότε
2954 5120 3195 5190 εἴρηται,
3245 5125 3329 5177 ὅτι
3360 5125 3540 5194 σάρκα
3574 5143 3759 5196 προσ-

2163 5202 2346 5256 λαϐὼν
2381 5207 2675 5279 γεγένηται
2711 5210 3020 5280 ἄνθρωπος,
3049 5217 3142 5266 καὶ
3169 5219 3227 5268 ἐν
3271 5217 3446 5289 ταύτῃ
3479 5219 3760 5272 πέπονθεν

2163 5293 2304 5366 ὑπὲρ
2333 5297 2512 5367 ήμῶν,
2540 5299 2615 5361 ὡς
2650 5294 2803 5352 εἶπεν
2832 5303 2860 5352 6
2893 5303 3101 5373 Πέτρος
3126 5324 3140 5338 ο
3177 5309 3438 5374 Χριστοῦ
3477 5305 3593 5364 οὖν
3638 5329 3761 5366 πα-

2161 5387 2372 5454 θόντος
2406 5391 2560 5460 ὑπὲρ
2598 5391 2768 5460 ἡμῶν
2810 5397 3031 5461 σαρκί·
3081 5398 3165 5450 ἵνα
3221 5399 3430 5470 δειχθῇ,
3461 5404 3558 5454 καὶ
3609 5406 3754 5456 πάν-

2163 5497 2256 5547 τες
2304 5482 2711 5554 πιστεύσωμεν,
2741 5485 2846 5550 ὅτι,
2897 5489 2983 5540 ἀεὶ
3019 5487 3095 5542 ὢν
3147 5491 3300 5559 Θεὸς,
3345 5495 3440 5548 καὶ
3490 5495 3770 5563 ἁγιάζων,

552 5644 570 5716 ξ
606 5642 798 5711 Philip.
834 5657 898 5716 ιι,
933 5641 965 5696 6
996 5641 1048 5696 8.
1079 5711 1092 5716 _
1126 5641 1315 5716 {Gem
1355 5641 1480 5716 ιηῆ.
1555 5640 1575 5673 ³
1774 5641 1829 5698 6.
1903 5643 1924 5675 ⁸
1959 5641 2063 5716 ibid

2167 5641 2219 5716 67.
2260 5642 2318 5716 _'
2343 5641 2501 5716 Joan.
2527 5657 2613 5716 ιιι,
2649 5643 2736 5716 17,
2794 5647 2835 5716 7‘
2862 5643 3021 5700 Joan.
3055 5663 3091 5705 ι.
3133 5649 3220 5703 Η.
3297 5650 3317 5680 ⁷
3343 5648 3502 5703 Joan.
3535 5665 3650 5716 xu,
3684 5651 3740 5705 9.

482 5708 686 5762 'Jmlll.
744 5708 794 5772 ᾗ,
835 5713 922 5764 53.

486 5779 525 5806 ¹¹⁵
558 5779 640 5830 1P
677 5793 743 5831 tr.
779 5798 848 5842 tv,
889 5783 935 5832 Ι.

1025 5711 1250 5766 ’lCor.
1308 5728 1343 5774 ι,
1401 5710 1488 5763 24.
1601 5713 1643 5744 ⁸ο
1677 5709 1831 5767 Joun.
1887 5729 1923 5781 ι,
1975 5714 2062 5767 Η.

2170 5713 2208 5745 ¹¹
2249 5711 2391 5768 Joel.
2431 5727 2492 5778 Il,
2519 5713 2610 5768 28.
2715 5713 2758 5747 "
2786 5715 2920 5770 Dan.
2953 5733 3060 5783 xw,
3095 5719 3147 5772 4.
3247 5719 3290 5751 ¹³
3316 5719 3492 5774 Galat.
3551 5711 3645 5784 ιν,⁷
3682 5721 3739 5776 4.
