4058 6428
285 363 397 428 ίὲδ

1247 350 1628 414 PANOPLIA
1676 347 2142 412 DOGMATICA.
2167 373 2237 387 -
2265 347 2421 410 τῐΤ.
2464 346 2569 413 XI.

3508 347 3612 412 426

275 476 428 551 πρὸς
468 468 562 534 οὓς
592 467 850 535 ἐγένετο,
899 462 1218 534 διακοσμῶν
1256 478 1317 515 τε
1367 460 1508 516 κατὰ
1535 459 1597 514 τὸ
1641 456 1880 529 βούλημι

2007 453 2303 525 omniaque
2351 452 2514 525 juxta
2581 452 2765 514 Patris
2822 454 3159 514 voluntatem
3236 458 3611 536 administrat,

275 548 386 622 τοῦ
412 565 629 635 [ἰατρὸς
664 563 737 616 τὰ
763 562 971 626 πάντα,
1001 558 1234 630 ὕστερον
1260 556 1354 610 καὶ
1385 554 1453 609 δι’
1484 555 1635 625 ἡμᾶς
1668 552 1880 622 γέγονει

2007 558 2235 621 propter
2276 563 2378 606 nos
2410 548 2691 605 hominem
2726 561 2918 621 postea
2966 551 3173 609 factum
3221 555 3392 613 fuisse
3418 568 3605 631 atque,

271 658 601 728 ἄνθρωπος,
628 653 730 707 καὶ
761 651 1120 722 σωματικῶς,
1152 649 1229 713 ὥς
1264 665 1434 720 φησιν
1472 649 1502 703 ὁ
1547 644 1901 713 Ἀπόστολος,

273 748 616 820 κατῴκησεν
665 747 701 816 ἡ
730 745 927 816 θεότης
956 745 1016 796 ὲν
1065 742 1133 813 τῇ
1174 740 1384 810 σαρκί·
1428 740 1542 792 ίσον
1594 737 1674 810 τῷ
1705 738 1903 809 φάναι,

272 843 420 904 Θεὸς
459 838 563 905 ὣν,
619 838 757 891 [διον
812 837 941 908 ἔσχε
996 834 1182 906 σῶμα,
1224 835 1323 888 καὶ
1378 830 1558 904 τούτῳ
1613 830 1902 903 χρώμενος

272 934 535 1008 ὀργάνῳ,
576 932 809 1002 γέγονεν
840 932 1129 1002 ἄνθρωπος
1160 927 1230 981 δι’
1262 928 1434 1000 ἡμᾶς.

726 1025 844 1096 Τῆς
878 1023 1071 1093 αὐτῆς
1097 1024 1491 1088 ἀκολουθίας.

373 1120 479 1189 Τῆς
539 1117 751 1190 σαρκὸς
815 1113 1155 1184 πασχούσης,
1206 1112 1308 1165 οὐκ
1357 1107 1426 1183 ἦν
1485 1109 1643 1173 ἐκτὸς
1694 1108 1899 1181 ταύτης

687 1208 778 1261 διὰ
825 1205 985 1261 τοῦτο
1028 1207 1138 1275 γὰρ
1193 1202 1359 1257 αὐτοῦ
1408 1201 1630 1269 λέγεται
1685 1200 1782 1253 καὶ
1834 1200 1880 1254 τί

2007 1198 2264 1265 Verbum,
2307 1216 2427 1271 qua:
2457 1217 2621 1257 causa
2658 1212 2865 1259 estcur
2894 1205 3014 1275 ejus
3059 1221 3180 1261 esse
3220 1209 3404 1278 passio
3455 1210 3607 1267 dica-

298 1212 331 1262 ὁ
400 1210 572 1276 Λόγος
610 1223 630 1240 ·
687 1210 778 1261 διὰ
825 1210 985 1261 τοῦτο
1028 1210 1138 1275 γὰρ
1193 1210 1359 1257 αὑτοῦ
1408 1210 1630 1269 λέγεται
1685 1210 1782 1253 καὶ
1834 1214 1874 1253 τι

291 1288 497 1349 ταθεῖς’
533 1284 636 1339 καὶ
672 1284 870 1348 θεῖκῶς
902 1286 958 1338 δὲ
993 1286 1272 1349 ποιοῦντος
1310 1286 1475 1340 αὑτοῦ
1516 1287 1583 1342 τὰ
1609 1287 1746 1359 ἔργα
1776 1286 1874 1341 τοῦ

279 1379 528 1450 Πατρὺς,
561 1378 665 1431 οὐκ
690 1374 758 1450 ἦν
779 1378 976 1443 ἔξωθεν
1007 1378 1172 1432 αὑτοῦ
1198 1380 1232 1450 ἡ
1263 1379 1397 1451 σάρξ
1421 1396 1437 1412 ο
1467 1379 1582 1434 ἀλλ’
1623 1381 1681 1436 ἑν
1725 1382 1875 1455 αύτῷ

278 1470 361 1539 τῷ
388 1469 608 1539 σώματι
650 1470 820 1523 ταῦτα
845 1470 1005 1524 πάλιν
1043 1470 1071 1522 ὁ
1105 1469 1307 1543 Κύριος
1342 1470 1519 1526 ὲποίει
1540 1488 1554 1502 ⁶
1586 1471 1678 1527 διὰ
1714 1473 1876 1528 τοῦτο

282 1559 397 1631 γὰρ
426 1560 527 1611 καὶ
548 1556 839 1627 ἄνθρωπος
867 1554 1156 1626 γενόμενος
1186 1554 1373 1622 ἔλεγεν
1393 1570 1406 1584 ’
1440 1556 1511 1607 Ei
1531 1556 1602 1608 οὐ
1626 1554 1773 1608 ποιῶ
1806 1554 1882 1608 τὰ

279 1654 433 1721 ἔργα
462 1651 574 1706 τοῦ
604 1650 836 1718 Πατρός
876 1665 1018 1718 μου,
1055 1645 1143 1717 μὴ
1186 1644 1499 1701 πιστεύετέ
1520 1662 1623 1716 μοι
1661 1662 1675 1676 ·
1715 1647 1769 1701 εί
1809 1644 1880 1702 δὲ

281 1742 455 1809 ποιῶ,
496 1741 619 1795 κᾶν
654 1740 784 1811 ἐμοὶ
820 1740 907 1811 μὴ
949 1739 1308 1808 πιστεύητε,
1354 1738 1480 1805 τοῖς
1531 1739 1732 1811 ἔργοις
1783 1754 1880 1795 πι-

288 1837 560 1898 στεύετε,
588 1835 693 1889 ἵνα
721 1832 1053 1902 γινώσκητε
1087 1868 1102 1895 ,
1223 1830 1315 1885 ὅτι
1334 1830 1406 1887 ἐν
1432 1830 1562 1901 ἐμοὶ
1587 1833 1621 1886 ό
1649 1830 1876 1900 Πατὴρ,

288 1928 446 1997 κάγὼ
476 1927 555 1980 ἐν
584 1925 767 1992 αὐτῷ.
815 1925 1031 1995 ’Δμέλει
1075 1925 1164 1978 ὅτε
1201 1924 1359 1996 χρεία
1395 1924 1585 1994 γέγονε
1618 1923 1716 1995 τὴν
1745 1941 1878 1978 πεν-

287 2020 454 2090 θερὰν
474 2016 574 2071 τοῦ
605 2018 817 2089 Πέτρου
840 2015 1220 2084 πυρέσσουσαν
1258 2017 1489 2089 ἐγεῖραι,
1520 2014 1876 2087 ἀνθρωπίνως

289 2113 387 2184 μὲν
416 2112 657 2177 ἐξέτεινε
684 2110 781 2183 τὴν
810 2113 989 2182 χεῖρα,
1027 2108 1225 2175 θεῖκῶς
1258 2110 1315 2163 δὲ
1340 2105 1411 2183 ἦν
1439 2109 1629 2165 παύων
1664 2108 1765 2181 τὴν
1791 2108 1881 2164 νό-

288 2222 397 2258 σον.
424 2204 543 2259 Καὶ
574 2204 669 2256 ἐπὶ
695 2203 793 2275 μὲν
824 2201 919 2256 τοῦ
951 2203 1015 2257 ὲκ
1042 2202 1267 2275 γενετῆς
1419 2201 1621 2272 τυφλοῦ
1663 2199 1878 2275 ἀνθρώ-

288 2313 443 2349 πινον
477 2295 593 2349 ἀπὸ
633 2294 735 2365 τῆς
782 2294 985 2365 σαρκὸς
1023 2294 1175 2365 ἠφίει
1202 2294 1265 2347 τὸ
1304 2293 1548 2365 πτύσμα,
1592 2292 1789 2357 θεῖκῶς
1819 2292 1879 2347 δὲ

289 2391 412 2453 τοὺς
444 2386 769 2457 ὀφθαλμοὺς
793 2389 978 2459 ἦνοιγε
1019 2386 1109 2441 διὰ
1146 2385 1238 2441 τοῦ
1286 2386 1493 2459 πηλοῦ·
1537 2387 1629 2440 ἐπὶ
1676 2385 1735 2440 δὲ
1783 2385 1881 2441 τοῦ

288 2480 547 2551 Λαζάρου
570 2478 755 2550 φωνὴν
779 2479 897 2549 μὲν,
922 2478 999 2543 ὡς
1021 2478 1328 2551 ἄνθρωπος,
1345 2477 1693 2551 ἀνθρωπίνην
1707 2476 1878 2548 ἠφίει·

285 2573 484 2636 θεῖκῶς
510 2572 590 2637 δὲ,
623 2572 699 2634 ὡς
734 2571 886 2636 Θεὸς,
915 2571 1007 2624 τὸν
1034 2571 1285 2644 Λάζαρον
1309 2572 1529 2645 ἧγειρεν
1554 2572 1619 2624 ὲκ
1647 2570 1879 2643 νεκρῶν.

282 2667 474 2720 Ταῦτα
500 2666 561 2719 δὲ
596 2664 771 2728 οὕτως
802 2664 1015 2733 ἐγίνετο
1053 2697 1069 2723 .
1143 2739 1146 2743 ⁸
1198 2666 1293 2719 καὶ
1331 2664 1627 2730 ἐδείκνυτο,
1672 2662 1757 2718 ὅτι
1804 2660 1880 2737 μὴ

283 2758 565 2831 φαντασίᾳ
606 2757 744 2812 ἀλλὰ
780 2755 996 2829 ἀληθῶς
1034 2751 1105 2830 ἦν
1147 2757 1287 2829 ἔχων
1328 2757 1522 2830 σῶμασ
1568 2756 1778 2830 ἔπρεπε
1821 2756 1881 2811 δι

282 2854 371 2906 τὸν
404 2851 645 2924 Κύριον,
677 2849 1117 2922 ὲνδιδυσκόμενον
1144 2851 1494 2925 ἀνθρωπίνην
1520 2851 1721 2924 σάρκα,
1755 2851 1882 2904 ταύ-

286 2962 378 3014 την
429 2942 581 3014 μετά
629 2941 741 2995 τῶν
784 2940 928 2995 ἰδίων
982 2941 1171 2996 παθῶν
1220 2943 1391 3014 αὐτῆς
1432 2942 1559 3013 ὃλην
1722 2939 1876 2995 ὲνδύο

290 3036 516 3100 σαπθαι,
572 3035 692 3099 ἵνα,
744 3033 932 3107 ὥσπερ
980 3034 1109 3089 ἴδιον
1155 3034 1321 3089 αὐτοῦ
1377 3035 1607 3107 λέγομεν
1645 3031 1881 3090 εἶναιτὸ

291 3126 464 3197 σῶμα,
502 3124 653 3179 οὕτω
686 3125 781 3178 καὶ
811 3125 880 3179 τὰ
925 3123 1020 3178 τοῦ
1070 3124 1322 3197 σώματος
1360 3125 1507 3198 πάθη
1561 3126 1670 3179 ῐδια
1717 3126 1879 3198 μόνον

287 3218 444 3272 αὑτοῦ
482 3217 741 3287 λέγηται,
781 3214 829 3269 εί
870 3216 964 3269 καὶ
1005 3216 1079 3288 μὴ
1113 3218 1319 3287 ἥπτετο
1458 3218 1601 3272 κατὰ
1634 3218 1734 3289 τὴν
1763 3215 1880 3272 θεό-

284 3328 417 3378 τητα
452 3308 653 3364 αὐτοῦ.
688 3309 752 3361 Εἰ
790 3307 890 3378 μὲν
927 3303 1020 3361 οῦν
1044 3308 1232 3380 ἑτέρου
1260 3304 1328 3381 ἦν
1360 3308 1423 3363 τὸ
1452 3308 1632 3380 σῶμα,
1663 3309 1877 3366 ἐκείνου

283 3403 345 3456 ἀν
375 3402 600 3469 λέγοιτο
642 3399 739 3454 καὶ
771 3398 840 3453 τὰ
883 3400 1060 3471 πάθηο
1107 3401 1157 3453 εί
1199 3400 1258 3454 δὲ
1303 3398 1399 3454 τοῦ
1444 3400 1619 3469 Λόγου
1664 3402 1699 3473 ἡ
1741 3400 1879 3476 σὰρξ

287 3494 348 3562 (ὁ
376 3495 485 3563 γὰρ
511 3493 708 3563 Λόγος
736 3492 895 3562 σὰρξ
936 3491 1231 3562 ἐγένετο),
1269 3492 1483 3563 ἀνάγκη
1669 3494 1762 3547 καὶ⁸
1806 3493 1876 3548 τὰ

298 3585 397 3653 τῆς
446 3586 639 3654 σαρκὸς
690 3583 841 3655 πάθη
888 3583 1143 3653 λέγεσθαι
1176 3583 1367 3651 αὐτοῦ,
1412 3578 1474 3639 οὗ
1520 3584 1618 3639 xal
1659 3586 1694 3657 ἠ
1738 3584 1875 3658 σάρξ

313 3675 479 3727 ἔστιν.
508 3669 581 3729 03
606 3677 653 3730 δὲ
678 3677 903 3747 λέγεται
942 3677 1013 3732 τά
1043 3678 1215 3749 πάθη,
1249 3676 1339 3732 οἷά
1371 3679 1490 3733 ἐστι
1648 3674 1881 3746 μάλιστα

316 3764 378 3817 τὸ
402 3768 797 3841 κατακριθῆναι,
831 3769 898 3822 τὸ
930 3768 1360 3842 μαστιγωθῆναι,
1413 3769 1476 3822 τὸ
1518 3769 1699 3840 διψᾷν,
1729 3770 1822 3825 καὶ
1848 3772 1877 3824 ὁ

309 3862 546 3931 σταυρὸς,
569 3864 662 3916 καί
691 3864 721 3917 ὁ
758 3863 1021 3930 θάνατος,
1056 3863 1151 3917 καὶ
1191 3866 1248 3917 αι
1291 3863 1450 3918 ἀλλαι
1485 3863 1581 3918 τοῦ
1625 3864 1879 3935 σώματος

291 3951 588 4017 ἀσθένειαι,
632 3954 826 4008 τούτου
869 3954 965 4007 καὶ
1008 3954 1069 4007 τὸ
1116 3954 1451 4027 κατόρθωμα
1501 3955 1596 4009 καὶ
1638 3956 1671 4027 ἡ
1716 3956 1877 4028 χάρις

289 4046 417 4099 ἔστί.
450 4045 554 4099 Διά
588 4046 749 4101 τοῦτο
776 4047 957 4101 τοίνυν
978 4046 1289 4111 ἀκολούθως
1311 4049 1405 4101 καὶ
1435 4048 1752 4118 πρεπόντως
1775 4047 1876 4101 οὐκ

288 4137 465 4205 ἄλλου,
494 4137 634 4191 ἀλλὰ
661 4138 755 4191 τοῦ
794 4138 1005 4207 Κυρίου
1052 4137 1270 4207 λέγεται.
1310 4137 1380 4192 τά
1425 4138 1651 4192 τοιαῦτα
1683 4138 1831 4212 πάθη
1855 4154 1870 4168 ·

289 4228 365 4279 ἵνα
400 4230 498 4281 καὶ
530 4230 567 4298 ἠ
609 4228 771 4299 χάρις
805 4228 933 4299 παρ’
974 4226 1140 4281 αὑτοῦ
1168 4222 1203 4301 ᾗ
1235 4228 1329 4281 καὶ
1366 4228 1440 4299 μὴ
1481 4228 1643 4283 ἄλλου
1678 4227 1873 4299 λάτραι

290 4318 569 4390 γινώμεθα
613 4354 629 4378 .
772 4318 911 4373 ἀλλά
952 4319 1168 4390 ἀληθῶς
1208 4320 1514 4385 θεοσεϐεῖς,
1546 4320 1629 4375 ὅτι
1669 4322 1874 4393 μηδένα

288 4409 387 4464 τῶν
416 4410 703 4481 γενητῶν,
738 4412 871 4482 μηδὲ
911 4412 1089 4465 κοινόν
1124 4429 1247 4466 τινα
1280 4412 1590 4486 ἄνθρωπον,
1622 4412 1759 4468 ἀλλά
1780 4414 1871 4471 τὸν

289 4502 344 4556 ἐκ
368 4503 465 4556 τοῦ
500 4501 641 4556 Θεοῦ
673 4503 829 4572 φύσει
856 4504 951 4557 καὶ
977 4504 1230 4576 ἀληθινὸν
1258 4505 1389 4559 Υίδν
1557 4505 1746 4560 τοῦτον
1776 4507 1873 4563 καὶ

292 4594 577 4664 γενόμενον
618 4593 924 4667 ἄνθρωπον,
956 4597 1109 4651 οὐδὲν
1139 4593 1302 4671 ἦττον
1334 4598 1541 4672 Κύριον
1570 4600 1733 4656 αὑτὸν
1776 4601 1873 4658 καὶ

290 4684 411 4737 Θεὸν
443 4687 543 4737 καὶ
566 4685 794 4755 Σωτῆρα
822 4688 1249 4757 ὲπικαλούμεθα.

368 4769 545 4823 Τοῦτο
572 4768 632 4821 δὲ
673 4768 755 4832 τίς
790 4769 890 4823 οὐκ
921 4769 989 4824 ἂν
1038 4768 1412 4840 θαυμάσειενς
1466 4770 1499 4841 ἢ
1544 4789 1628 4835 τις
1671 4772 1772 4829 οὐκ
1817 4774 1885 4829 ἂν

300 4861 553 4916 σύνθοιτο
602 4860 744 4914 θεῖον
777 4860 992 4931 ἀληθῶς
1037 4858 1180 4915 εἶναι
1236 4862 1297 4915 τὸ
1349 4865 1622 4933 πρᾶγμας
1657 4866 1719 4919 Εί
1774 4866 1884 4937 γὰρ

299 4954 361 5006 τὰ
387 4955 494 5021 τῆς
526 4949 780 5022 θεότητος
818 4952 917 5007 τοῦ
948 4954 1126 5022 Λόγου
1159 4953 1299 5025 ἔργα
1329 4955 1405 5027 μὴ
1432 4955 1520 5011 διά
1567 4955 1663 5010 τοῦ
1692 4959 1883 5029 σῶμα·

297 5063 387 5109 τος
446 5044 699 5113 ἐγίνετο,
750 5045 852 5100 οὐκ
888 5038 974 5101 ἂν
1031 5046 1356 5120 ιθεοποιὴθη
1412 5048 1740 5121 ἄνθρωπος’
1790 5050 1885 5105 καὶ

298 5138 487 5199 siin),
527 5136 578 5189 εί
627 5138 695 5191 τὰ
725 5138 835 5191 ίδια
868 5140 969 5209 τῆς
1020 5139 1225 5210 σαρκὸς
1267 5142 1369 5195 οὐκ
1397 5143 1615 5209 ἐλέγετο
1660 5142 1756 5196 τοῦ
1786 5142 1886 5196 Λό-

296 5248 419 5299 γου,
474 5231 579 5285 οὐκ
621 5231 689 5286 ἂν
731 5232 1082 5304 ἠλευθερώθη
1133 5232 1418 5297 παντελῶς
1458 5235 1568 5288 ἀπὸ
1614 5234 1823 5291 τούτων
1856 5237 1886 5290 ὁ

298 5323 596 5395 ἄνθρωπος
619 5341 635 5355 -
676 5325 790 5379 ἀλλ’
815 5327 864 5379 εί
899 5327 1006 5397 ἄρα
1040 5329 1180 5399 πρὸς
1206 5326 1386 5396 ὀλίγον
1421 5326 1522 5398 μὲν
1552 5328 1883 5398 ἀνεπαύετο,

305 5417 468 5471 πάλιν
499 5418 560 5471 δὲ
608 5416 801 5489 ἔμενεν
850 5420 882 5489 ἡ
914 5421 1164 5490 ἁμαρτία
1206 5421 1267 5473 ὲν
1290 5420 1441 5491 αὐτῷ
1490 5422 1585 5475 καὶ
1617 5423 1651 5493 ἡ
1683 5423 1883 5493 φθορὰ,

301 5508 492 5579 ὥσπερ
526 5511 620 5563 ἐπὶ
665 5510 779 5564 τῶν
833 5511 1142 5583 ἔμπροσθεν
1189 5512 1495 5585 ἀνθρώπων
1527 5513 1742 5582 γέγονε,
1789 5517 1884 5568 καὶ

299 5602 462 5657 τοῦτο
509 5601 812 5659 δείκνυται.
866 5604 1056 5658 Πολλοὶ
1102 5605 1234 5675 γοῦν
1288 5604 1435 5675 ἀγιοι
1482 5607 1740 5676 γεγόνασι
1790 5607 1887 5662 καὶ

2009 652 2069 699 ιιι
2120 641 2368 714 loquitur
2394 640 2711 714 Apostolus,
2761 643 3104 701 divinitatem
3153 650 3515 719 corporaliter
3551 652 3608 707 in

2010 750 2178 791 carne
2224 734 2500 792 habitasse
2535 737 2577 802 ί,
2611 736 2759 807 quod
2817 736 2958 793 idem
3011 749 3095 796 cst
3147 756 3211 797 ac
3268 742 3317 798 si
3374 744 3604 811 diceret,

2008 827 2149 883 Cum
2181 824 2328 883 Deus
2369 837 2539 894 esset,
2574 829 2857 900 proprium
2910 832 3102 889 habuit
3133 849 3357 906 corpus,
3397 853 3509 909 quo
3545 850 3606 896 ιιι

2005 921 2374 976 instrumento
2405 931 2586 988 utens,
2619 921 2781 976 homo
2814 932 3040 993 pr0pter
3066 940 3167 982 nos
3196 924 3377 985 factus
3405 941 3513 987 est.

2478 1014 2554 1069 De
2596 1017 2777 1071 eodem
2804 1030 3138 1087 argumento.

2080 1108 2221 1163 [line
2273 1124 2400 1164 cum
2456 1125 2585 1165 caro
2631 1120 2931 1181 pateretur,
2954 1122 3105 1167 extra
3143 1130 3264 1169 eam
3316 1132 3427 1173 non
3486 1128 3607 1178 erat

2029 1307 2133 1350 tur.
2183 1293 2319 1347 Cum
2363 1293 2488 1346 item
2530 1292 2647 1363 ipse
2695 1288 2877 1346 Patris
2916 1290 3305 1361 opera'divine
3347 1294 3604 1350 eﬂiceret.

2024 1394 2177 1439 extra
2206 1386 2381 1454 ipsum
2419 1402 2526 1440 non
2553 1395 2669 1441 erat
2697 1401 2847 1449 caro,
2879 1386 2972 1441 sed
2997 1386 3049 1439 in
3086 1385 3203 1455 ipso
3234 1400 3463 1456 corpore
3492 1388 3607 1443 haec

2024 1475 2288 1531 eﬂiciehat
2320 1474 2602 1531 Dominus.
2636 1476 2842 1531 Idcirco
2883 1478 3027 1531 enim
3066 1476 3243 1534 factus
3286 1479 3451 1534 ltomo
3496 1482 3607 1535 aie-

2015 1560 2106 1615 bat
2134 1578 2148 1614 :
2180 1558 2237 1614 Si
2271 1560 2447 1613 Patris
2476 1561 2575 1613 mei
2600 1576 2755 1628 opera
2786 1576 2888 1613 non
2921 1561 3083 1631 facio,
3124 1560 3253 1614 mihi
3275 1562 3483 1615 credere
3506 1580 3603 1616 no-

2012 1650 2103 1705 lite
2135 1666 2154 1706 :
2188 1651 2236 1704 si
2272 1660 2447 1705 autem
2486 1650 2661 1721 facio,
2697 1652 2744 1704 si
2787 1651 2917 1704 milii
2943 1651 3153 1706 credere
3193 1653 3398 1720 nolitis,
3424 1655 3600 1723 operi-

2014 1744 2107 1798 bus
2132 1743 2320 1798 saltem
2344 1744 2561 1810 credite,
2591 1753 2648 1797 ut
2676 1744 3003 1814 cognoscatis
3036 1742 3253 1798 Patrem
3279 1746 3334 1798 in
3362 1761 3440 1798 me
3466 1760 3598 1807 esse,

2012 1846 2060 1893 et
2086 1854 2165 1892 me
2193 1838 2249 1891 in
2286 1837 2383 1892 illo
2431 1844 2473 1893 ‘.
2512 1836 2671 1892 Certe
2711 1852 2835 1892 cum
2880 1852 3018 1908 opus
3062 1835 3163 1893 fuit
3206 1853 3422 1893 socrum
3455 1837 3602 1893 Petri
3666 1876 3669 1879 ‹

2014 1929 2148 1986 febri
2198 1930 2534 1985 laborantem
2579 1943 2774 1984 curare
2825 1933 2870 1995 ³,
2904 1927 3148 1984 humano
3196 1930 3417 2000 quidem
3452 1946 3600 1987 more

2013 2042 2236 2087 manum
2275 2026 2537 2092 extendit,
2588 2030 2681 2082 sed
2719 2024 2974 2080 morbum
3013 2024 3276 2080 divinitus
3317 2023 3593 2094 repressit.

2013 2118 2275 2176 Similiter
2331 2132 2456 2173 cum
2497 2131 2700 2173 caecum
2746 2126 2934 2171 natum
2989 2116 3241 2184 sanavit,
3293 2117 3597 2169 humanum

2011 2218 2233 2279 sputum
2276 2224 2307 2264 e
2354 2223 2520 2265 carne
2563 2209 2764 2276 emisit,
2800 2208 2894 2264 sed
2924 2224 3020 2280 per
3049 2209 3223 2264 lutum
3256 2208 3447 2263 oculos
3480 2207 3600 2277 ejus

2009 2299 2192 2356 divine
2240 2302 2471 2371 aperuit.
2499 2299 2556 2355 In
2590 2300 2797 2355 Lazaro
2844 2315 3064 2372 quoque
3111 2317 3143 2356 a
3189 2298 3422 2357 mortuis
3448 2300 3598 2355 exci-

2010 2390 2176 2446 tando
2208 2391 2507 2446 humanam
2541 2390 2761 2462 quidem
2816 2406 3025 2457 vocem,
3064 2397 3123 2444 ut
3166 2390 3354 2455 homo,
3384 2389 3595 2444 edidit:

2009 2482 2101 2538 sed
2135 2481 2337 2547 divine,
2383 2489 2443 2537 ut
2485 2480 2650 2550 Deus,
2682 2479 2953 2535 Lazarum
2996 2480 3064 2534 ad
3099 2480 3264 2534 vitam
3298 2479 3596 2535 revocavit.

2010 2572 2136 2630 Haec
2162 2584 2347 2630 autem
2388 2573 2593 2630 idcirco
2644 2573 2719 2628 ita
2776 2573 2955 2643 palam
3008 2572 3224 2637 ﬁebant,
3284 2574 3430 2642 quod
3486 2587 3596 2626 non

2010 2666 2190 2736 specie
2234 2666 2329 2723 sed
2369 2680 2559 2721 revera
2597 2680 2798 2737 corpus
2831 2663 3077 2719 haberet.
3128 2662 3331 2734 Nempe
3371 2662 3599 2717 decebat

2012 2758 2332 2824 Dominum,
2383 2759 2680 2813 humanam
2732 2773 2953 2814 carnem
3013 2757 3370 2822 induentem,
3427 2763 3594 2809 totam

2006 2866 2126 2907 eam
2176 2867 2299 2906 eum
2342 2850 2580 2921 propriis
2616 2849 2998 2905 aﬂ‘ectionibus
3035 2848 3277 2908 induere,
3311 2856 3371 2900 ιιι
3402 2862 3562 2916 quem
3584 2876 3598 2885 -

2007 2941 2301 2997 admodum
2343 2942 2623 3013 proprium
2659 2940 2780 3011 ejus
2828 2955 2947 2995 esse
2988 2953 3190 3009 corpus
3232 2937 3488 3000 dicimus,
3521 2936 3594 2990 ita

2006 3033 2171 3090 etiam
2213 3039 2458 3104 corporis
2508 3032 2848 3099 ail‘ectiones,
2877 3031 3121 3102 ejusdem
3151 3029 3329 3084 solum
3365 3029 3589 3098 propri-,2

2005 3139 2128 3181 esse
2172 3125 2509 3191 dicerentur,
2539 3124 2753 3179 tametsi
2790 3122 2910 3192 ejus
2937 3136 3045 3176 non
3074 3119 3415 3190 attingebant
3458 3119 3597 3172 divi-

2007 3215 2253 3273 nitatem.
2282 3213 2470 3285 ltaque
2499 3214 2543 3270 si
2576 3214 2804 3270 alterius
2831 3220 2977 3269 esset
3002 3225 3225 3282 corpus,
3252 3210 3401 3264 illius
3428 3209 3592 3264 etiam

2005 3322 2127 3362 esse
2169 3306 2483 3362 affectiones
2525 3306 2880 3365 dicerentur:
2921 3305 3017 3360 sed
3070 3305 3115 3359 si
3157 3302 3316 3357 Verbi
3349 3316 3479 3356 caro
3512 3313 3593 3356 est

2008 3395 2265 3468 (Verbum
2299 3397 2444 3452 enim
2478 3412 2603 3453 caro
2625 3398 2831 3467 factum
2864 3404 2941 3451 est
2981 3394 2999 3424 ⁵
3030 3394 3073 3467 ),
3107 3408 3329 3449 necesse
3359 3400 3442 3448 est
3469 3407 3593 3446 car-

2008 3490 2093 3544 nis
2123 3488 2437 3545 aﬂ‘ectiones
2472 3491 2619 3546 illius
2641 3490 2753 3545 dici
2780 3491 2940 3560 cujus
2987 3489 3104 3559 ipsa
3132 3502 3260 3544 caro
3286 3495 3390 3542 est.
3424 3485 3595 3557 Cujus

2008 3594 2172 3651 porro
2222 3581 2482 3637 dicuntur
2519 3581 2859 3648 allectiones,
2892 3581 3082 3653 quales
3122 3582 3177 3636 in
3207 3580 3399 3652 primis
3430 3589 3593 3646 sunt,

2007 3674 2399 3741 condemnari,
2426 3673 2653 3745 ﬂagellis
2685 3675 2853 3740 caadi,
2889 3674 3066 3740 sitire,
3095 3674 3246 3730 cruci
3275 3672 3436 3743 adigi,
3473 3688 3593 3727 mo-

2007 3766 2076 3832 ri,
2108 3767 2337 3836 aliaeque
2374 3767 2624 3836 corporis
2666 3766 3036 3833 infirmitates,
3085 3766 3331 3834 ejusdem
3374 3779 3595 3836 quoque

2005 3866 2135 3912 sunt
2160 3866 2276 3912 tum
2308 3858 2566 3929 praeclare
2594 3867 2746 3926 gesta
2782 3866 2896 3912 tum
2939 3857 3133 3927 gratia.
3166 3856 3297 3911 Eam
3332 3856 3496 3926 igitur
3522 3853 3593 3910 ob

2004 3965 2119 4005 rem
2171 3958 2537 4022 congruenter
2586 3956 2641 4006 et
2681 3947 3068 4005 convenienter
3104 3948 3419 4018 hujusmodi
3455 3946 3590 4002 alle-

2006 4040 2215 4095 ctiones
2257 4054 2366 4095 non
2398 4039 2653 4105 alterius,
2686 4038 2781 4093 sed
2816 4036 3031 4092 Domini
3066 4052 3189 4093 esse
3218 4037 3496 4104 dicuntur,
3530 4045 3590 4093 ut

2003 4138 2060 4184 et
2085 4130 2259 4202 gratia
2289 4130 2359 4186 ab
2389 4131 2479 4186 illo
2515 4132 2619 4198 sit,
2661 4139 2717 4187 et
2756 4131 2959 4187 nullius
2991 4131 3165 4196 alius,
3196 4130 3292 4187 sed
3327 4124 3461 4186 vere"
3492 4129 3587 4185 Dei

2004 4221 2241 4277 cultores
2271 4236 2552 4287 essemus,
2583 4221 2783 4293 quippe
2814 4222 2908 4292 qui
2939 4222 3143 4276 nullam
3181 4237 3211 4277 e
3242 4222 3406 4278 rebus
3432 4221 3589 4276 factis

2004 4326 2108 4368 nec
2134 4313 2412 4383 vulgarem
2448 4314 2686 4383 aliquem
2721 4314 3019 4382 hominem,
3052 4314 3146 4368 sed
3176 4328 3364 4369 verum
3408 4323 3463 4369 et
3489 4329 3590 4367 na.

2005 4414 2125 4460 tura
2158 4419 2224 4461 ex
2264 4404 2374 4460 Deo
2420 4400 2665 4475 genitum
2713 4403 2912 4459 Filium
2952 4404 3292 4471 invocemus,
3323 4405 3416 4475 qui
3449 4404 3589 4459 idem

2004 4496 2223 4552 tametsi
2267 4495 2445 4551 lactus
2491 4504 2573 4551 est
2623 4496 2812 4559 homo,
2846 4496 3205 4551 nihilominus
3245 4505 3298 4551 et
3329 4496 3603 4551 Dominus.

2002 4595 2053 4643 et
2089 4586 2231 4643 Deus
2257 4596 2312 4641 et
2338 4585 2588 4641 Salvator
2616 4594 2719 4641 est.

2062 4768 2163 4825 Cui
2206 4785 2369 4841 porro
2414 4769 2468 4825 id
2497 4769 2820 4827 admirabile
2868 4783 2980 4825 non
3012 4767 3307 4835 videbitur,
3336 4767 3415 4823 vel
3443 4768 3570 4838 quis

1994 4876 2107 4917 rem
2146 4877 2270 4917 vere
2298 4861 2541 4918 divinam
2577 4877 2701 4919 esse
2733 4878 2842 4917 non
2876 4862 3253 4918 consenserit?
3287 4860 3401 4918 Nisi
3428 4862 3575 4917 enim

1993 4954 2299 5012 divinitatis
2349 4953 2720 5026 Verbiqopcra
2757 4970 2852 5027 per
2905 4969 3110 5025 corpus
3165 4964 3347 5009 essent
3405 4953 3573 5018 facta,

1993 5064 2275 5119 nunquam
2333 5048 2497 5103 homo
2561 5047 2783 5104 divinus
2827 5046 3059 5103 elIectus
3101 5046 3340 5102 fuisset:
3383 5056 3437 5102 et
3488 5046 3573 5101 vi-

1991 5141 2179 5197 cissim
2235 5142 2340 5198 nisi
2386 5156 2511 5212 qua:
2558 5141 2741 5197 carnis
2774 5141 2999 5211 propria
3046 5149 3196 5207 sunt,
3251 5138 3413 5195 Verbi
3454 5153 3577 5196 esse

1992 5233 2328 5297 dicerentur,
2387 5233 2457 5290 ab
2510 5233 2597 5291 his
2638 5235 2802 5289 homo
2850 5247 2961 5288 non
3004 5233 3222 5304 penitus
3273 5230 3470 5288 fuisset
3516 5229 3576 5283 li-

1991 5327 2239 5384 beratus.
2294 5327 2494 5383 Verum
2549 5328 2597 5384 si
2666 5326 2893 5399 aliquod
2956 5337 3169 5397 tempus
3238 5328 3572 5385 cessassent,

1992 5437 2189 5477 rursus
2245 5430 2430 5478 tamen
2482 5421 2535 5477 in
2571 5421 2793 5479 homine
2844 5425 3133 5492 peccatum
3186 5422 3240 5471 ct
3291 5412 3575 5483 corruptio

1992 5516 2369 5580 remansisset,
2427 5516 2505 5570 uti
2563 5522 2719 5569 antea
2768 5512 2993 5584 contigit
3051 5506 3411 5564 hominibus:
3470 5517 3572 5558 ne-

1990 5622 2097 5677 que
2129 5609 2180 5664 id
2212 5609 2444 5679 probatu
2475 5617 2561 5665 est
2603 5607 2840 5664 dillicile.
2878 5592 3031 5661 Multi
3080 5612 3276 5671 nempe
3314 5597 3487 5655 sancti
3518 5603 3573 5653 ct

374 5789 392 5821 ⁸
428 5785 644 5847 Coloss.
682 5802 745 5852 ιι,
778 5785 831 5841 9.
908 5790 929 5821 '
960 5786 1121 5846 Joan.
1153 5805 1209 5855 x,
1245 5792 1334 5858 57,
1358 5791 1450 5847 33.
1527 5793 1547 5827 ³
1578 5792 1771 5850 Matth.
1808 5807 1880 5850 vti

2007 5789 2046 5847 ι.
2121 5792 2142 5825 ⁸
2166 5790 2325 5850 loan.
2361 5807 2401 5859 t,
2429 5791 2517 5847 14.

690 5887 965 5949 ΡΑτιιοι..
1003 5889 1123 5952 Gtt.
1158 5889 1418 5954 CXXX.

3015 5880 3088 5946 ιι
