4058 6416
286 390 399 454 4‘29

1293 392 1673 457 PANOPLIA
1713 390 2182 454 DOGMATICA.
2208 417 2277 428 ·-
2307 389 2461 451 ΤΙΤ.
2498 390 2606 452 XI.

3467 391 3571 454 £30

286 528 492 603 σαρκὸς
524 527 634 583 ῐδια
686 526 855 597 φύσει
894 525 960 582 τά
1006 522 1153 599 πάθη
1208 526 1538 598 ἐπιγνωσθῇ.
1577 526 1668 597 Μὴ
1701 525 1877 581 τοίνυν

1985 537 2205 579 carnem
2247 536 2411 593 quam
2460 519 2637 575 induit
2686 519 2789 576 ista
2830 518 2908 574 illi
2939 520 3187 586 attribui,
3221 522 3352 592 quia
3379 539 3575 595 nempe

279 626 357 678 ἐκ
384 622 492 674 τῶν
522 618 891 692 ἀνθρωπίνων
939 636 1024 682 τις
1061 615 1530 682 σκανδαλιζέσθω,
1562 616 1698 671 ἀλλὰ
1744 616 1883 689 μᾶλ-

278 714 379 765 λον
408 710 747 780 γινωσκέτω,
792 710 870 774 ὼς
906 710 1003 782 τὴν
1046 709 1206 777 φύσιν
1234 708 1396 771 αὐτὸς
1448 708 1476 760 ὁ
1522 709 1694 777 Λόγος
1739 710 1883 763 ἀπα-

284 803 393 873 θής
425 804 562 862 ἐστι,
604 802 697 853 καὶ
729 802 883 872 ὅμως
1038 799 1107 853 δι’
1141 800 1205 871 ἣν
1241 799 1525 853 ἐνεδύσατο
1562 798 1760 870 σάρκα,
1797 800 1883 853 λέ-

283 910 448 961 γεται
515 892 640 962 περὶ
675 892 842 944 αὑτοῦ
887 890 1097 957 ταῦτα,
1150 892 1338 962 ἐπειδὴ
1382 891 1484 961 τῆς
1529 892 1626 962 μὲν
1675 890 1882 963 σαρκὸς

288 987 401 1039 ἴδια
434 983 632 1049 ταῦτα,
660 984 755 1038 τοῦ
783 985 839 1039 δὲ
875 985 1125 1056 Σωτῆρος
1152 984 1283 1039 ἴδιον
1310 985 1442 1039 αὐτὸ
1467 983 1529 1037 τὸ
1556 983 1734 1054 σῶμα.
1768 985 1882 1038 Καὶ

1689 1074 1882 1148 διαμέ-

298 1188 400 1231 νει,
435 1169 508 1240 μὴ
553 1169 932 1240 βλαπτόμενος
966 1168 1072 1222 ἀπὸ
1125 1169 1350 1232 τούτων,
1387 1168 1522 1222 ἀλλά
1560 1168 1759 1239 μᾶλλον
1790 1169 1880 1237 ἐξα

296 1260 574 1329 αφανίζων
600 1260 697 1313 καὶ
726 1259 1008 1314 ἀπολλύων
1025 1262 1182 1316 αὑτά’
1202 1261 1251 1314 οἱ
1274 1261 1329 1313 δὲ
1351 1260 1650 1331 ἄνθρωποι,
1804 1260 1883 1325 ὡς

284 1355 371 1416 εἰς
402 1354 499 1407 τὸν
542 1353 732 1423 ἀπαθῆ
785 1352 1133 1425 μεταϐάντων
1167 1353 1346 1407 αὐτῶν
1394 1352 1502 1405 τῶν
1556 1353 1742 1406 ⁸ι’·αθῶν
1786 1353 1883 1407 καὶ

285 1433 745 1502 ἀπηλειμμένων,
780 1433 1008 1494 ἀπαθεῖς
1033 1432 1127 1484 καὶ
1152 1429 1427 1502 ἐλεύθεροι
1460 1430 1663 1487 τούτων
1692 1429 1877 1482 λοιπὸν

284 1524 383 1576 καί
418 1523 575 1577 αὐτοὶ
606 1526 684 1587 εἰς
707 1526 831 1587 τοὺς
853 1522 1054 1586 αίῶνας
1083 1520 1380 1590 γίγνονται,
1414 1520 1599 1584 καθὼς
1642 1521 1879 1589 ἐδίδαξεν

282 1616 313 1667 ό
360 1614 620 1685 Ἰωάννης
660 1614 833 1684 λέγων
861 1632 875 1645 ·
917 1612 1028 1667 Καὶ
1059 1612 1293 1678 οἴδατε,
1335 1611 1423 1665 ὅτι
1467 1611 1701 1678 ἐκεῖνος
1734 1612 1878 1682 ἐφα-

282 1706 543 1772 νερώθη,
587 1706 689 1759 ἵνα
728 1705 836 1771 τὰς
885 1703 1173 1773 ἁμαρτίας
1368 1700 1539 1772 ἡμῶν
1576 1700 1689 1771 ἄρῃ
1714 1717 1728 1733 ο
1777 1702 1877 1755 καὶ

287 1798 551 1867 ἁμαρτία
578 1797 649 1850 ἐν
668 1795 829 1861 αὐτῷ
851 1797 963 1849 οὐκ
994 1795 1147 1849 ἐστι.
1182 1793 1384 1847 Τούτου
1421 1794 1478 1847 δὲ
1505 1791 1677 1856 οὕτως
1703 1793 1874 1859 ὄντος,

291 1889 384 1941 οὔκ
418 1889 714 1957 ἐγκαλέσει
738 1906 821 1953 τις
852 1888 1146 1961 αίρετικὺς,
1166 1886 1267 1941 Διά
1292 1887 1343 1940 τί
1369 1886 1707 1957 ἀνίσταταιή
1742 1884 1879 1957 σὰρξ

290 1984 449 2049 φύσει
476 1980 649 2052 θνητὴ
684 1980 1023 2051 τυγχάνουσα
1056 1995 1074 2042 ἶ

285 2074 374 2127 διὰ
406 2073 461 2125 τί
522 2073 600 2145 μὴ
652 2073 813 2127 πάλιν
864 2075 1025 2144 πεινᾷ
1069 2072 1164 2125 καὶ
1196 2070 1343 2142 διψᾷ,
1384 2071 1479 2124 καὶ
1526 2070 1747 2141 πάσχει,
1785 2070 1878 2124 καὶ

289 2166 440 2237 μένει
478 2165 689 2237 θνητή;
739 2164 833 2220 Ἐκ
858 2167 967 2237 γὰρ
999 2165 1099 2237 τῆς
1126 2164 1232 2235 γῆς
1259 2165 1473 2234 γέγονε,
1517 2166 1610 2218 καὶ
1636 2164 1696 2217 τὸ
1737 2164 1879 2218 κατὰ

287 2257 453 2327 φύσιν
490 2257 612 2320 πῶς
638 2256 704 2309 ἂν
746 2257 839 2310 ἀπ’
871 2257 1039 2327 αὐτῆς
1069 2256 1365 2316 παύσοιτο;
1403 2256 1717 2325 Δυναμένης
1755 2255 1877 2307 τότε

286 2348 384 2418 τῆς
425 2348 638 2418 σαρκὸς
664 2346 1059 2418 ἀποκρίνεσθαι
1239 2345 1374 2417 πρὸς
1416 2344 1507 2398 τὸν
1544 2344 1686 2397 οὕτω
1731 2345 1877 2411 φιλόη

284 2459 468 2494 νεικον
498 2439 806 2512 αἱρετικὸν*
835 2442 967 2510 Εἰμὶ
993 2439 1091 2510 μὲν
1116 2440 1181 2491 ὲκ
1206 2439 1309 2509 γῆς
1335 2437 1476 2492 κατά
1504 2437 1664 2507 φύσιν
1686 2435 1873 2507 θνητὴ,

284 2534 399 2589 ἀλλ’
455 2533 687 2604 ὕστερον
744 2532 836 2585 τοῦ
891 2532 1065 2599 Λόγου
1100 2531 1303 2600 γέγονα
1355 2529 1513 2602 σὰρξ,
1568 2529 1664 2582 καὶ
1714 2528 1876 2592 αὐτὸς

282 2625 557 2690 ἐϐάσταξέ
742 2642 842 2695 μου
873 2622 942 2678 τά
972 2623 1140 2696 πάθη,
1170 2622 1347 2677 καίτοι
1374 2621 1593 2691 ἀπαθὴς
1618 2619 1693 2673 ὢν
1715 2637 1728 2653 ·
1765 2618 1876 2688 ἐγὼ

278 2719 333 2772 δὲ
357 2718 566 2787 γέγονα
591 2715 797 2769 τούτων
827 2715 1087 2786 ἐλευθέρα
1113 2756 1127 2780 ,
1157 2714 1258 2768 οὐκ
1292 2714 1559 2785 άφιεμένη
1605 2711 1875 2765 δουλεύειν

280 2810 359 2861 ἔτι
390 2808 614 2872 τούτοις
649 2809 739 2863 διὰ
788 2806 878 2859 τὸν
918 2801 1366 2875 ἐλευθερώσαντά
1409 2817 1477 2873 με
1522 2798 1729 2872 Κύριον
1771 2798 1879 2853 ἀπὸ

280 2903 509 2955 τούτων.
544 2901 608 2955 El
636 2900 741 2974 γὰρ
773 2898 1046 2968 ἐγκαλεῖς,
1084 2897 1164 2949 ὅτι
1203 2896 1300 2966 τῆς
1326 2893 1467 2949 κατὰ
1501 2892 1661 2963 φύσιν
1700 2892 1876 2963 ἀπηλο

282 2993 451 3065 λάγην
484 2992 715 3063 φθορᾶς,
738 2991 839 3060 ὅρα
1012 2988 1084 3059 μὴ
1115 2986 1437 3056 ἐγκαλέσῃς,
1471 2986 1556 3038 ὅτι
1580 2983 1716 3038 ὁτοῦ
1738 2978 1873 3037 Θεοῦ

282 3087 450 3155 Δάτος
476 3086 581 3157 τὴν
615 3082 754 3154 ἐμὴν
776 3083 875 3152 τῆς
900 3081 1143 3143 δουλείας
1177 3078 1336 3132 ἔλαϐε
1367 3077 1601 3148 μορφήν.
1790 3076 1876 3139 Ὡς

301 1078 460 1141 abte;
498 1078 607 1148 μὲν
630 1077 850 1148 ἀπαθὴς
894 1077 991 1148 τὴν
1026 1076 1207 1145 φύσιν,
1253 1076 1329 1140 ὡς
1361 1076 1477 1130 ἔστι
1502 1116 1517 1138 ,

1988 616 2104 670 ham
2136 615 2321 669 carnis
2347 613 2564 684 prepria
2604 621 2733 667 sunt
2766 614 3056 682 ipsumque
3088 629 3291 683 corpus
3322 613 3574 669 Salvato-

1987 705 2064 759 ris
2105 714 2188 757 est
2233 703 2537 773 proprium.
2573 700 2841 768 Quocirca
2892 701 2983 756 ille
3027 702 3268 771 quidem,
3300 704 3463 758 nullis
3505 721 3574 759 ex

1989 804 2183 849 natura
2204 810 2302 849 sua
2328 794 2600 847 obnoxius
2617 793 3022 860 affectionibus,
3054 794 3217 848 sicuti
3246 804 3328 849 est
3355 811 3574 864 penna-

1987 896 2097 951 net,
2133 901 2233 940 nee
2264 886 2333 939 ab
2370 886 2456 939 his
2494 884 2727 950 lzeditur,
2761 887 2853 939 sed
2885 900 2979 939 cas
3006 887 3188 954 potius
3220 886 3361 941 delet
3394 898 3446 941 et
3478 904 3573 942 cx—

1989 978 2244 1035 terminat
2287 996 2300 1031 :
2361 978 2608 1031 homines
2662 985 2861 1040 autem,
2909 976 3042 1045 ipsis
3095 977 3473 1033 affectionibus
3516 982 3570 1032 in

1988 1071 2162 1136 illum,
2193 1071 2285 1140 qui
2316 1084 2503 1124 earum
2531 1084 2727 1139 expers
2756 1078 2859 1132 est,
2888 1069 3052 1124 veluti
3084 1070 3363 1125 translatis
3397 1083 3450 1125 et
3476 1074 3575 1127 de-

1990 1165 2133 1231 letis,
2169 1164 2237 1218 iis
2263 1171 2319 1218 et
2358 1162 2461 1231 ipsi
2504 1160 2662 1217 liberi
2711 1161 2913 1231 pariter
2955 1160 3010 1214 in
3055 1170 3376 1232 perpetuum
3410 1164 3568 1229 ﬁunt,

1989 1254 2450 1329 quemadmodum
2490 1254 2576 1312 his
2604 1252 2784 1308 verbis
2816 1250 3057 1306 Joannes
3088 1253 3246 1307 docet
3272 1271 3285 1307 :
3323 1252 3393 1305 Et
3422 1255 3571 1309 scitis

1989 1348 2129 1419 quod
2164 1346 2255 1401 ille
2282 1345 2554 1415 apparuit,
2577 1352 2636 1397 ut
2665 1352 2883 1412 peccata
2910 1352 3096 1398 nostra
3120 1344 3345 1407 tolleret,
3376 1356 3423 1400 et
3451 1364 3574 1416 pec-

1979 1439 2159 1482 catum
2176 1430 2229 1481 in
2254 1444 2314 1483 eo
2345 1445 2446 1483 non
2475 1439 2553 1484 est
2602 1431 2641 1482 ³.
2667 1430 2800 1496 Qua:
2827 1447 2952 1487 cum
2982 1433 3054 1486 ita
3084 1433 3400 1498 sint,nul|us
3426 1445 3576 1489 certe

1986 1522 2143 1577 locus
2187 1522 2440 1579 lueretieo
2482 1524 2811 1595 relinquitur
2840 1526 2947 1582 hoc
2995 1528 3156 1582 modo
3187 1530 3570 1586 obtrectandi:

1986 1614 2166 1681 Quare
2185 1629 2313 1670 caro
2329 1630 2451 1685 quae
2477 1626 2671 1672 natura
2695 1619 2943 1674 mortalis
2960 1626 3043 1674 est
3070 1619 3383 1675 reviviscit?
3415 1620 3572 1687 Quod

1986 1709 2031 1761 si
2064 1706 2359 1770 reviviscit,
2394 1722 2495 1761 cur
2526 1723 2634 1762 non
2676 1709 2873 1763 iterum
2901 1712 3078 1766 esurit
3112 1720 3166 1766 ct
3192 1711 3327 1776 sitit,
3356 1723 3408 1766 et
3430 1714 3575 1782 pati-

1985 1808 2093 1860 tur,
2124 1796 2481 1867 mortalisque
2505 1807 2689 1854 manet
2711 1814 2834 1854 cum
2856 1815 2920 1855 ex
2951 1811 3092 1855 terra
3119 1802 3191 1856 sit
3224 1801 3400 1857 facta?
3428 1802 3578 1869 Quo-

1986 1890 2149 1944 modo
2185 1905 2313 1946 vero
2362 1892 2511 1961 quod
2566 1892 2643 1945 illi
2692 1892 3056 1961 naturaleiest
3090 1893 3159 1947 ab
3188 1908 3250 1948 ea
3280 1895 3573 1949 discessit?

1239 1980 1304 2032 Ei.
1347 1978 1404 2031 δὲ
1448 1979 1543 2032 καὶ
1572 1978 1876 2040 ἀνίσταται,

1985 1979 2141 2036 Tunc
2166 1983 2311 2036 enim
2344 1997 2473 2037 caro
2507 1984 2573 2038 ad
2609 1982 2921 2052 hujusmodi
2954 1999 3220 2054 nugacem
3253 1985 3581 2045 haereticum.

1984 2086 2170 2144 posset
2204 2075 2537 2145 reSpondere
2566 2095 2578 2131 :
2612 2074 2723 2145 Ego
2762 2076 2981 2145 quidem
3030 2091 3095 2130 ex
3147 2086 3291 2131 terra
3327 2094 3445 2132 sum
3488 2092 3576 2132 se-

1983 2167 2225 2221 cundum
2265 2177 2519 2222 naturam
2566 2167 2835 2230 mortalis,
2864 2166 2958 2221 sed
3008 2175 3194 2236 postea
3241 2165 3403 2222 Verbi
3446 2183 3575 2225 caro

1984 2256 2125 2311 facta
2144 2271 2290 2319 sum,
2315 2256 2461 2326 quod
2482 2270 2634 2311 meas
2659 2254 2995 2319 aﬂ‘cctiones,
3022 2257 3236 2311 tametsi
3260 2272 3449 2311 earum
3473 2273 3573 2311 ex-

1984 2364 2127 2417 pers,
2164 2348 2423 2417 portavit,
2458 2347 2654 2418 hisque
2698 2349 2811 2416 ipsa
2856 2348 3023 2402 libera
3066 2348 3258 2403 cﬂ‘ecta
3295 2365 3441 2413 sum,
3475 2365 3576 2404 nec

1977 2440 2090 2507 jam
2138 2440 2400 2509 deinceps
2436 2440 2542 2494 illis
2592 2440 2773 2495 servio
2816 2439 2885 2493 ob
2928 2438 3219 2494 Dominum
3250 2438 3344 2509 qui
3383 2456 3470 2494 me
3504 2440 3573 2493 ali

1983 2532 2173 2586 iisdem
2206 2532 2474 2587 liberavit.
2498 2529 2633 2586 Nam
2665 2532 2709 2585 si
2738 2546 2822 2585 tne
2854 2531 3209 2601 reprehendis
3235 2530 3380 2600 quod
3412 2546 3441 2584 a
3474 2546 3573 2584 na-

1984 2626 2143 2679 turali
2185 2625 2536 2695 corruptionc
2583 2624 2779 2679 fuerim
2836 2623 3106 2679 liberata:
3138 2623 3261 2676 vide
3300 2637 3367 2675 ne
3405 2623 3569 2676 etiam

1982 2716 2370 2785 reprehendas,
2392 2717 2535 2785 quod
2558 2715 2653 2770 Dei
2686 2715 2920 2770 Verbum
2948 2729 3125 2769 meam
3156 2714 3432 2769 servitutis
3458 2714 3574 2768 for-

1982 2823 2124 2861 mam
2154 2808 2445 2877 acceperit.
2488 2806 2559 2862 Ut
2591 2808 2734 2863 enim
2771 2807 3057 2870 Dominus,
3090 2806 3280 2861 induto
3314 2823 3567 2877 corpore,

1982 2900 2148 2955 homo
2173 2912 2257 2955 est
2291 2901 2497 2965 factus;
2531 2901 2602 2955 ita
2638 2916 2739 2955 nos
2772 2900 3021 2955 homines
3043 2914 3139 2970 per
3156 2898 3315 2954 Verbi
3345 2914 3566 2954 carnem

1982 2991 2271 3061 assumpti,
2314 2992 2482 3046 divini
2528 2993 2598 3047 ab
2647 3006 2709 3047 eo
2752 2991 3038 3056 elﬁcimur,
3088 3001 3413 3061 aeternumque
3445 2992 3569 3044 vim:

1983 3080 2223 3137 haeredes
2272 3084 2324 3138 in
2358 3094 2637 3153 posterum
2671 3098 2884 3138 sumus.

281 3177 431 3251 γάρὸ
465 3173 1073 3248 Κύριος,ὲνδυσάμενος
1103 3172 1165 3224 τὸ
1192 3170 1370 3241 σῶμα,
1402 3170 1625 3239 γέγονεν
1656 3169 1960 3240 ἄνθρωπος,
1990 3170 2164 3238 οὕτως
2195 3176 2355 3246 ἡμεῖς
2388 3178 2438 3229 οἱ
2487 3176 2765 3248 ἄνθρωποι
2801 3175 2951 3246 παρά
2985 3174 3077 3229 τοῦ
3126 3175 3300 3243 Λόγου
3350 3192 3409 3228 τε
3452 3174 3569 3229 θεο-

281 3270 587 3342 ποιούμεθα

279 3459 374 3511 ἐὰν
432 3455 639 3525 ίδωμεν
700 3452 861 3506 αὑτὸν
902 3450 967 3504 δι’
999 3450 1230 3522 ὀργάνου
1288 3449 1384 3502 τοῦ
1442 3448 1570 3501 ἰδίου
1627 3446 1881 3519 σώματος

287 3545 482 3608 sane;
503 3542 811 3615 πράττοντά
861 3559 913 3594 τι
976 3540 1009 3612 ἢ
1059 3541 1306 3609 λέγοντα,
1355 3537 1739 3609 γινώσκωμεν,
1795 3539 1878 3593 ὅτι

303 3633 434 3694 83b;
452 3631 545 3696 ὼν,
573 3631 737 3685 ταῦτα
766 3629 1081 3703 ἐργάζεται·
1114 3630 1207 3684 καὶ
1233 3629 1414 3693 πάλιν,
1440 3627 1535 3681 ἐὰν
1568 3628 1765 3699 ἴδωμεν
1788 3628 1880 3682 αὑ-

314 3723 401 3777 τὸν
434 3722 766 3795 ἀνθρωπίνως
810 3722 1154 3794 λαλοῦντα,ἢ
1203 3721 1503 3792 πάσχοντα,
1549 3720 1624 3792 μὴ
1675 3719 1880 3789 ἀγνοῶ-

307 3835 424 3888 μεν,
451 3820 526 3871 ὅτι
564 3819 736 3891 σάρκα
766 3817 949 3890 φορῶν
991 3817 1212 3887 γέγονεν
1264 3816 1568 3888 ἄνθρωπος,
1620 3815 1713 3869 καὶ
1736 3812 1879 3868 οὕτω

298 3908 459 3963 ταῦτα
500 3912 640 3964 ποιεῖ
675 3911 771 3964 καὶ
801 3910 970 3963 λαλεῖ.
1017 3909 1277 3963 Ἐκάστου
1306 3908 1415 3979 γὰρ
1465 3908 1527 3960 τὸ
1560 3906 1689 3960 ίδιον
1716 3905 1879 3975 γινώ-

290 4018 522 4066 σκοντες,
549 4003 643 4054 καὶ
670 4003 955 4073 ἀμφότερα
982 3998 1041 4065 ἐξ
1064 3999 1181 4065 ἑνὸς
1207 4000 1557 4070 πραττόμενα
1586 3997 1876 4067 βλέποντες

286 4094 374 4145 καὶ
401 4094 673 4157 νοοῦντες,
698 4093 873 4165 ὀρθῶς
903 4091 1251 4162 πιστεύομεν,
1284 4092 1376 4144 καὶ
1398 4091 1498 4143 οὑκ
1524 4090 1589 4143 ἄν
1746 4106 1878 4145 ποτε

285 4182 767 4254 πλανηθησόμεθα.
813 4184 939 4236 Ἐὰν
978 4182 1035 4235 δέ
1085 4199 1188 4246 τις,
1240 4179 1436 4245 θεῖκῶς
1489 4180 1559 4234 τὰ
1591 4183 1744 4251 παρά
1782 4179 1875 4233 τοῦ

286 4274 454 4343 Λόγου
488 4275 753 4346 γινόμενα
784 4274 1016 4345 βλέπων,
1051 4274 1355 4345 ἀρνήσηται
1390 4272 1450 4325 τὺ
1496 4271 1734 4343 σῶμα,ἢ
1779 4272 1874 4325 καὶ

281 4368 341 4420 τὰ
378 4367 476 4420 τοῦ
520 4366 773 4437 σώματος
838 4367 946 4420 ἴδια
993 4366 1227 4437 βλέπων,
1282 4364 1590 4435 άρνήσηται
1638 4363 1737 4434 τὴν
1775 4362 1871 4415 τοῦ

282 4464 451 4533 Λόγου
634 4462 895 4534 ἔνσαρκον
925 4458 1245 4533 παρουσίαν,
1276 4460 1309 4529 ἢ
1350 4446 1414 4511 ὲκ
1457 4457 1567 4510 τῶν
1601 4457 1876 4527 ἀνθρωπί-

283 4576 382 4609 νων
412 4555 653 4608 ταπεινά
677 4556 801 4627 περὶ
827 4553 922 4608 τοῦ
942 4555 1112 4622 Λόγου
1138 4554 1381 4625 φρονήσῃ
1415 4592 1430 4618 ,
1558 4551 1586 4603 ὁ
1611 4550 1870 4615 τοιοῦτος,

280 4648 349 4711 ὡς
383 4649 490 4718 μὲν
533 4649 816 4711 Ἰουδαῐκὸς
848 4646 1089 4717 κάπηλος
1137 4646 1345 4717 μίσγων
1400 4645 1492 4698 τὸν
1521 4640 1663 4697 οἶνον
1694 4643 1869 4709 ὕδατι,

279 4737 581 4791 σκάνδαλον
632 4737 841 4806 νομίσει

282 4830 493 4901 μωρίαν
522 4829 788 4900 ἡγήσεται
813 4825 872 4880 τὸ
896 4828 1180 4899 κήρυγμα,
1211 4823 1300 4881 οἷα
1323 4827 1387 4899 δὴ
1420 4827 1514 4881 καὶ⁸
1539 4829 1589 4881 οἱ
1620 4827 1877 4901 θεομάχοι

295 4922 569 4993 ’Ᾱρειανοὶ
593 4920 910 4975 πεπόνθασι.
967 4921 1046 4974 Τά
1086 4919 1196 4993 γὰρ
1233 4920 1550 4993 ἀνθρώπινα
1588 4921 1879 4992 βλέποντες

283 5014 371 5067 τοῦ
411 5014 671 5085 Σωτῆρος
725 5014 982 5087 ἐνόμισαν
1010 5015 1174 5069 αὑτὸν
1222 5011 1362 5069 εἶναι
1399 5016 1629 5087 κτίσμα.
1663 5016 1877 5070 Οὐκοῦν

284 5107 385 5161 ἔδει
417 5107 516 5159 καὶ
548 5107 615 5159 τὰ
654 5105 811 5160 Οεῖκὶ
841 5105 1140 5176 βλέποντας
1188 5107 1387 5171 αὐτοὺς
1439 5106 1577 5179 ἔργα
1625 5107 1721 5161 τοῦ
1773 5108 1877 5161 Λό-

282 5215 377 5266 γου
416 5235 434 5258 ,
590 5197 928 5269 ἀρνήσασθαι
962 5190 1057 5251 τοῦ
1111 5196 1361 5268 σώματος
1392 5197 1558 5252 αὐτοῦ
1587 5198 1686 5269 τὴν
1718 5197 1876 5267 γένε-

286 5308 397 5354 σιν,
463 5289 561 5343 καὶ
608 5290 794 5343 λοιπὸν
852 5290 945 5345 καὶ⁸
986 5290 1314 5362 Μανιχαίοις
1364 5291 1594 5353 ἑαυτοὺς
1642 5306 1881 5359 συγκατ-

284 5382 405 5455 αριο
417 5386 561 5455 μεῖν.
594 5382 733 5436 Ἀλλ’
757 5385 954 5436 ἐκείνοι
987 5384 1087 5457 μὲν
1121 5382 1226 5437 κᾶν
1246 5383 1346 5455 ὀψέ
1373 5400 1504 5436 ποτε
1672 5382 1878 5452 μανθα-

284 5476 550 5541 νέτωσαν,
595 5476 677 5529 ὃτι
725 5475 947 5544 ὀΛόγος
1000 5475 1138 5548 σάρξ
1190 5476 1426 5545 ὲγένετσ
1458 5478 1619 5547 ἡμεῖς
1653 5475 1733 5541 δὲ,
1788 5475 1877 5530 τὸν

285 5569 485 5623 σκοπὸν
509 5569 610 5640 τῆς
650 5569 884 5632 πίστεως
929 5568 1159 5639 ἔχοντες,
1205 5567 1660 5640 ὲπιγινὼσκωμεν
1843 5567 1879 5621 ἀ

280 5660 617 5717 διανοοῦνται
647 5655 798 5716 οὗτοι
830 5661 1038 5729 κακῶς,
1067 5661 1234 5735 ὀρθὴν
1260 5662 1452 5732 ἔχοντα
1480 5662 1578 5733 τὴν
1615 5662 1877 5718 διάνοιαν.

367 5831 383 5862 ¹
418 5829 438 5885 1
468 5828 628 5887 Joan.
663 5843 751 5894 In,
782 5826 833 5881 5.
909 5828 928 5859 ¹
958 5826 1063 5883 lsa.
1093 5842 1131 5893 ι,
1160 5825 1252 5880 22.
1334 5828 1353 5859 ³
1387 5828 1406 5881 l
1443 5826 1565 5883 Cor.
1602 5845 1637 5895 I,
1666 5829 1755 5885 25.

788 3267 1227 3340 προσληφθέντες
1280 3265 1367 3319 διὰ
1412 3265 1511 3335 τῆς
1557 3264 1758 3337 σαρκὸς
1795 3263 1983 3329 αὐτοῦ,
2016 3269 2111 3321 καὶ
2142 3268 2329 3323 λοιπὸν
2358 3270 2502 3341 ζωὴν
2526 3268 2742 3323 αἰώνιον
2778 3268 3246 3343 κληρονομοῦμεν.

613 3359 805 3415 Ταῦτα
855 3359 1173 3427 ἀναγκαίως
1236 3355 1714 3428 προεξητάσαμεν,
1765 3357 1939 3433 hanc

2160 3360 2284 3419 llaec
2306 3363 2542 3431 primum
2560 3362 2862 3431 expendere
2889 3375 3115 3430 necesse
3152 3359 3274 3426 fuit,
3296 3370 3351 3414 ut
3377 3360 3421 3415 si
3461 3360 3567 3416 Do-

1974 3451 2183 3506 minum
2207 3452 2527 3517 viderimus,
2564 3452 2649 3507 sui
2681 3452 2927 3521 corporis
2955 3454 3339 3517 instrumento,
3360 3452 3562 3522 aliquid

1972 3541 2154 3598 divine
2177 3552 2424 3614 agentem
2444 3552 2536 3599 aut
2551 3545 2841 3606 dicentem,
2858 3543 3271 3599 meminerimus
3289 3559 3412 3600 eum
3436 3560 3560 3599 cum

1972 3630 2116 3688 Deus
2136 3633 2226 3698 sit,
2251 3633 2356 3689 ista
2374 3633 2603 3689 ellieere.
2637 3634 2691 3687 Si
2712 3648 2839 3687 vero
2869 3648 3058 3687 rursus
3091 3634 3343 3687 eumdem
3372 3632 3569 3687 videri-

1961 3768 1965 3775 .
1982 3740 2104 3779 mus
2119 3725 2359 3779 humano
2383 3741 2533 3781 more
2549 3727 2696 3796 loqui
2714 3735 2767 3780 et
2784 3727 3037 3794 pati,non
3055 3726 3371 3793 ignoremus
3386 3724 3559 3786 illum,

1977 3833 2144 3872 carne
2168 3818 2379 3883 induta,
2404 3816 2607 3873 factum
2643 3833 2764 3873 esse
2805 3817 3107 3879 hominem,
3150 3804 3337 3886 sicque
3373 3815 3462 3869 illa
3508 3827 3564 3871 et

1978 3924 2138 3978 agere
2161 3908 2397 3979 etloqui.
2421 3909 2477 3963 Si
2502 3909 2646 3963 enim
2679 3908 2827 3977 quod
2864 3909 3150 3978 utriusque
3177 3909 3453 3979 proprium
3478 3918 3563 3964 est

1978 3999 2458 4072 perceperimus,et
2471 4009 2701 4067 utraque
2712 3995 2783 4052 ab
2802 4010 2914 4051 uno
2929 3996 3015 4068 agi
3036 3998 3561 4057 consideraverimns

1978 4090 2500 4154 etintellexerimns,
2518 4099 2666 4145 recta
2678 4089 2925 4160 profecto
2941 4090 3045 4146 erit
3064 4090 3198 4148 ﬁdes
3227 4101 3434 4160 nostra,
3461 4108 3562 4148 nec

1979 4197 2217 4252 unquam
2238 4181 2481 4237 futurum
2506 4190 2674 4238 estut
2700 4197 2969 4238 erremus.
2992 4182 3059 4236 At
3077 4182 3123 4235 si
3155 4182 3300 4252 quis,
3336 4182 3421 4239 his
3439 4200 3563 4254 qua:

1974 4291 2006 4330 a
2027 4271 2208 4330 Verbo
2230 4274 2413 4328 divine
2437 4270 2576 4330 liunt
2599 4275 2933 4345 conspectis,
2957 4273 3077 4344 ejus
3100 4289 3299 4344 corpus
3328 4291 3562 4346 negave-

1981 4367 2058 4421 rit
2089 4384 2103 4420 :
2142 4365 2226 4422 vel
2261 4366 2306 4420 si
2338 4380 2402 4421 ea
2445 4381 2568 4436 qure
2592 4367 2840 4436 corporis
2886 4366 3104 4436 propria
3143 4377 3274 4420 sunt
3305 4366 3558 4433 intuitus.

1976 4473 2299 4530 corporeum
2530 4456 2685 4513 Verbi
2715 4458 3011 4514 adventum
3044 4474 3212 4513 ausus
3240 4458 3404 4513 fuerit
3435 4461 3557 4516 intl-

1975 4549 2132 4612 eiari,
2160 4559 2254 4605 aut
2280 4564 2345 4601 ex
2378 4548 2635 4603 humanis
2678 4549 2849 4618 gestis
2878 4549 3088 4617 abjecte
3131 4548 3197 4603 de
3227 4546 3404 4604 Verbo
3434 4567 3566 4605 scn-i

1975 4642 2128 4709 serit,
2152 4641 2241 4696 isti
2277 4656 2385 4695 non
2412 4657 2571 4697 secus
2593 4657 2657 4696 ac
2682 4640 2910 4697 Judaico
2934 4642 3190 4711 cauponi,
3220 4642 3404 4696 vinum
3430 4659 3553 4698 cum

1042 4736 1131 4789 τὸν
1168 4734 1418 4805 σταυρὸν,
1457 4735 1534 4796 ὡς
1564 4733 1621 4786 δὲ
1651 4734 1869 4805 Ἕλλην,

1980 4749 2120 4804 aqua
2154 4734 2406 4789 miscenti
2448 4736 2491 4798 ‘,
2516 4750 2647 4790 crux
2667 4734 2983 4789 scandalum
3010 4734 3130 4796 erit,
3154 4734 3402 4803 idemque
3428 4753 3557 4805 gen-

1969 4829 2049 4886 tili
2069 4826 2289 4891 similis,
2306 4823 2743 4894 praedicationem
2768 4824 3057 4881 stultitiam
3078 4839 3199 4879 esse
3214 4824 3461 4879 censebit
3512 4826 3555 4882 ’.

1967 4920 2115 4989 quod
2143 4919 2254 4990 jam
2281 4916 2375 4975 Dei
2401 4917 2655 4974 hostibus
2675 4916 2895 4973 Arianis
2920 4918 3142 4985 accidit,
3175 4917 3270 4987 qui
3294 4917 3561 4973 nimirum

1968 5016 2041 5071 ob
2088 5013 2361 5069 humanos
2412 5010 2712 5070 Salvatoris
2756 5019 2934 5078 actus,
2976 5020 3225 5068 creatum
3262 5027 3388 5067 eum
3436 5028 3561 5067 esse

1970 5105 2218 5161 arbitrati
2256 5113 2404 5161 sunt.
2443 5104 2645 5171 Quidni
2686 5104 2851 5175 igitur
2881 5103 3049 5159 etiam
3086 5104 3157 5160 ob
3189 5103 3376 5159 divina
3412 5104 3559 5159 illius

1968 5215 2154 5270 Opera,
2190 5202 2309 5267 ejus
2352 5198 2599 5269 corporis
2642 5198 3083 5269 procreationem
3123 5199 3442 5269 negaverint
3473 5212 3561 5252 se-

1966 5306 2135 5360 seque
2164 5291 2420 5361 deinceps
2457 5289 2775 5347 Maniehmis
2805 5288 3193 5360 adjunxerint?
3227 5281 3425 5344 Verum
3470 5285 3557 5339 vel

1966 5384 2157 5440 saltem
2180 5399 2305 5440 sero
2338 5384 2415 5439 illi
2441 5383 2658 5455 quidem
2676 5383 2894 5439 discant
2918 5381 3153 5438 Verbum
3186 5395 3407 5435 carnem
3433 5391 3556 5433 esse

1966 5476 2167 5533 factum
2202 5497 2215 5532 :
2254 5492 2356 5533 nos
2383 5486 2564 5533 autem
2601 5478 2723 5533 ﬁdei
2757 5491 2985 5547 scopum
3025 5476 3347 5538 retinentes,
3380 5486 3556 5541 agno-

1963 5585 2186 5629 scamus
2213 5585 2428 5635 eorum,
2453 5585 2575 5639 quae
2591 5570 2748 5650 male.
2750 5568 2825 5623 illi
2843 5567 3171 5637 intelligunt,
3202 5572 3406 5620 rectam
3431 5574 3554 5618 esse

1962 5662 2433 5735 signiﬁcationem.
2454 5660 2589 5718 Nam
2617 5661 2732 5716 haec
2761 5661 2927 5727 dicta,
2952 5657 3117 5711 Pater
3144 5654 3325 5725 diligit
3347 5652 3551 5708 Filium
