4058 6450
480 330 617 429 ἰπὶ

1710 362 2105 428 EUTHYMII
2160 366 2519 432 ZiGABENl

3707 377 3818 445 632

524 510 574 554 et
599 498 780 553 omnia
804 496 951 554 dedit
979 496 1033 554 in
1060 513 1222 553 manu
1251 494 1364 567 ejus
1419 493 1576 562 ';et,
1612 494 1809 551 Omnia
1844 496 1975 552 mihi
1997 506 2083 553 ινα

2216 494 2291 549 Τδ
2319 495 2449 568 γὰρ,
2482 496 2537 551 Ὀ
2564 499 2770 571 Πατηρ
2805 498 3012 573 ἀγαπᾷ
3046 501 3156 559 τὸν
3212 504 3373 573 Πόν,
3428 506 3530 562 καὶ
3610 507 3815 568 πάντα

522 592 637 644 dita
667 599 788 645 sunt
805 610 837 645 a
856 590 1019 645 Patre
1041 605 1152 644 mea
1193 590 1246 656 ’;
1270 597 1347 656 et,
1368 585 1726 657 Non-possum
1745 604 1840 659 ego
1858 604 1893 643 α
1912 590 2108 657 meipso

522 682 696 752 facere
735 684 1039 755 quidquam,
1062 681 1156 737 sed
1194 682 1331 735 sicut
1363 679 1548 748 audio,
1577 680 1764 751 judico
1806 689 1859 747 1,
1891 682 2110 754 aliaque

522 777 575 831 id
609 792 781 849 genus
798 791 1141 847 nequaquam
1168 774 1552 830 demonstrant
1581 771 1784 828 Filium
1808 774 2108 845 aliquando

520 870 623 925 ista
647 886 753 925 non
783 871 1059 926 habuisse.
1241 868 1345 936 Qui
1380 867 1528 922 enim
1568 867 1684 923 ﬁeri
1723 868 1918 939 possit,
1954 878 2107 925 utea

517 978 638 1031 quae
665 960 827 1017 Pater
856 962 1037 1026 habet,
1065 961 1155 1016 ille
1192 975 1304 1015 non
1336 974 1554 1031 semper
1581 959 1858 1029 habuerit,
1889 960 1983 1031 qui
2012 975 2106 1018 so-

518 1053 602 1109 lus
630 1061 825 1108 natura
854 1050 1095 1108 IVerbum
1137 1062 1194 1108 et
1241 1051 1523 1123 Sapientia
1565 1048 1746 1107 Patris
1777 1059 1866 1109 est
1895 1070 1910 1107 :
1943 1050 2106 1123 cujus

515 1149 643 1203 item
676 1147 791 1203 haec
823 1155 955 1203 sunt
979 1148 1178 1203 verba:
1212 1146 1408 1202 Omnia
1438 1161 1558 1218 quc
1588 1145 1743 1202 habet
1774 1144 1963 1207 Pater.
1988 1163 2106 1202 mea

511 1250 635 1295 sunt
668 1252 715 1309 δ,
739 1249 815 1306 ει,
841 1255 964 1310 qua:
1001 1255 1130 1295 mea
1170 1249 1321 1305 sunt,
1350 1234 1535 1297 Patris
1560 1242 1723 1296 etiam
1758 1246 1891 1295 sunt
1941 1238 2010 1292 ⁸7
2043 1237 2105 1295 Si

509 1328 657 1385 enim
685 1346 808 1403 quae
847 1329 1030 1388 Patris
1069 1338 1218 1397 sunt,
1263 1338 1392 1386 sunt
1429 1346 1649 1402 quoque
1689 1329 1842 1396 Filii,
1880 1331 2104 1401 haecque

511 1437 727 1493 semper
751 1420 915 1477 Pater
949 1423 1131 1490 habet,
1170 1423 1523 1494 perspicuum
1554 1437 1688 1479 sane
1737 1431 1844 1491 est,
1886 1438 1951 1478 ea
1981 1437 2104 1494 qua:

510 1512 684 1571 Filius
712 1515 894 1580 habet,
929 1530 1054 1570 cum
1086 1514 1275 1570 eadem
1305 1515 1417 1571 sint
1446 1513 1653 1581 Patris,
1677 1529 1893 1585 semper
1925 1514 1980 1568 in
2006 1513 2101 1569 illo

507 1619 650 1659 esse.
684 1603 802 1659 Non
834 1605 1002 1678 igitur
1031 1605 1136 1660 ista
1165 1606 1658 1670 commemorabat,
1690 1605 1852 1676 quasi
1887 1619 1952 1660 ea
1992 1603 2097 1658 ali-

507 1694 731 1764 quando
765 1710 872 1750 non
899 1695 1150 1749 habuerit
1182 1695 1317 1751 :sed
1348 1695 1495 1765 quod
1518 1693 1710 1761 Filius,
1745 1695 1837 1766 qui
1874 1710 1937 1749 ea
1974 1710 2098 1766 quae

507 1786 690 1852 habet,
728 1801 943 1857 semper
968 1787 1151 1850 habet,
1184 1786 1302 1857 ipsa
1334 1801 1366 1841 a
1397 1785 1557 1842 Patre
1583 1786 1762 1842 habet.

691 1878 771 1974 Ne
796 1880 921 1974 quis
949 1880 1096 1934 enim
1120 1879 1318 1936 Filium
1352 1878 1541 1974 omnia
1567 1879 1885 1974 quarhabct
1910 1878 2093 1947 Pater,
2127 1918 2169 1974 Β

2214 587 2475 645 δέδωκεν
2503 590 2574 646 έν·
2598 592 2674 663 τῇ
2701 594 2853 664 χειρὶ
2908 594 3123 651 αὐτοῦ·
3165 596 3260 652 καὶ
3309 597 3392 666 τὸ,
3448 598 3653 655 Πάντα
3705 620 3817 674 μοι

2214 681 2515 753 παρεδόθη
2542 684 2663 740 ὑπὸ
2685 685 2793 742 τοῦ
2817 689 3051 758 Πατρός
3089 707 3233 760 μου·
3272 691 3368 746 καὶ
3395 690 3478 758 τὸ,
3509 692 3592 748 Οὐ
3623 692 3815 750 δύνα-

2208 791 2318 843 μαι
2337 774 2454 846 ἐγὼ
2484 777 2680 833 ποιεῖν
2700 778 2802 836 ἀπ’
2822 779 3086 850 ἐμαυτοῦ
3118 782 3301 839 οὐδέν
3321 798 3338 816 ο
3450 804 3456 812 ·
3479 784 3640 841 ἀλλὰ
3662 793 3812 844 καθ-

2211 865 2295 976 ὰῖς
2337 867 2556 976 datatim,
2591 872 2797 976 aspirar
2833 874 2929 928 καὶ
2992 875 3092 929 ὅσα
3122 875 3355 932 τοιαῦτα
3392 876 3708 976 ἐπιΧρητὰ,
3743 879 3813 936 οὔ

2206 958 2268 1012 τὸ
2300 958 2376 1031 μὴ
2410 961 2703 1035 ἐσχηκέναι
2731 965 2864 1019 ποτὲ
2897 965 2991 1022 τὸν
3015 966 3145 1022 Υἰὸν
3178 968 3355 1025 ταῦτα
3378 958 3642 1027 δείκνῦσι.
3677 970 3814 1036 Πῶς

2205 1048 2316 1123 γὰρ
2336 1050 2374 1105 ἃ
2398 1050 2510 1123 ἔχει
2534 1055 2562 1106 ό
2594 1054 2810 1127 Πατὴρ,
2847 1056 2950 1110 οὐκ
2982 1052 3128 1130 εῖχεν
3186 1059 3371 1126 ἀϊδίως
3419 1061 3450 1115 6
3491 1061 3653 1133 μόνος
3680 1065 3813 1118 κατ’

2203 1139 2394 1196 οὐσίαν
2422 1141 2517 1195 τοῦ
2550 1143 2765 1217 Πατρός
2785 1146 2962 1215 Λόγος
2992 1148 3088 1202 καὶ
3108 1149 3301 1220 Σοφία,
3339 1152 3368 1205 6
3578 1154 3673 1206 καὶ
3718 1151 3815 1207 λέ-

2202 1247 2318 1300 γων
2337 1244 2352 1260 ·
2379 1232 2585 1288 Πάντα
2605 1233 2725 1289 ὅσα
2751 1235 2879 1305 ἔχει
2907 1240 2941 1293 ὁ
2966 1237 3190 1309 Πατὴρ,
3225 1240 3340 1311 ἐμά
3375 1241 3538 1296 ἐστι·
3566 1242 3685 1309 καὶ,
3733 1241 3813 1297 τὰ

2202 1322 2313 1394 ἐμὰ
2339 1323 2433 1377 τοῦ
2469 1325 2686 1400 Πατρός
2732 1327 2911 1395 tactv;
2953 1328 3017 1383 Ei
3044 1330 3153 1403 γὰρ
3197 1330 3268 1385 τὰ
3322 1331 3420 1386 τοῦ
3467 1330 3811 1405 Πατρδςτοῦ

2201 1416 2336 1471 Υἱοῦ
2366 1418 2643 1485 turmae!
2689 1418 2750 1474 δὲ
2793 1419 2968 1476 ταῦτα
3009 1421 3125 1493 ἔχει
3166 1424 3196 1477 6
3244 1424 3458 1497 Πατὴρ,
3642 1428 3814 1496 δῆλον

2199 1509 2282 1564 ὅτι
2315 1508 2351 1563 ἃ
2384 1509 2498 1581 ἔχει
2531 1512 2560 1564 6
2584 1510 2735 1579 Υἱὸς,
2776 1511 2953 1567 ταῦτα
2985 1514 3115 1570 ὄντα
3143 1514 3239 1570 τοῦ
3270 1516 3507 1589 Πατρδς,
3528 1516 3615 1571 ἀεί
3644 1517 3810 1571 ἐστιν

2199 1601 2258 1655 ἐν
2280 1600 2449 1673 αὐτῷ.
2486 1602 2561 1655 Οὐ
2606 1601 2694 1657 διὰ
2731 1603 2793 1656 τὸ
2828 1604 2905 1676 μὴ
2954 1605 3249 1677 ἐσχηκέναι
3298 1603 3395 1663 οὖν
3442 1625 3571 1662 ποτε
3620 1607 3810 1663 ταῦτα

2198 1692 2401 1762 ἔλεγεν·
2435 1693 2550 1749 ἀλλ’
2572 1695 2602 1749 6
2635 1695 2775 1767 έχων
2802 1698 2989 1762 ἀϊδίως
3024 1701 3054 1752 6
3076 1697 3208 1763 Υἱὸς
3247 1698 3284 1755 ἃ
3324 1699 3467 1772 ἔχει.
3640 1700 3807 1773 παρὰ

2194 1782 2291 1836 τοῦ
2320 1783 2535 1856 Ιιατρὸς
2567 1783 2703 1855 ἔχει.

2421 1878 2539 1931 Ἵνα
2588 1878 2699 1950 γὰρ
2746 1880 2819 1950 μή
2864 1896 2969 1948 τις,
3023 1880 3236 1952 βλέπων
3281 1882 3376 1937 τὸν
3426 1882 3557 1938 Υἱδν
3603 1882 3808 1955 ἔχοντα

503 1971 706 2029 habere
741 1971 1072 2042 intelligens,
1100 1986 1168 2028 ex
1192 1985 1409 2027 summa
1441 1969 1532 2025 illa
1568 1970 1949 2036 similitudine,
1972 1985 2083 2041 qua

2194 1968 2374 2022 πάντα
2437 1970 2537 2023 ὅσα
2589 1969 2702 2041 ἔχει
2752 1972 2783 2023 6
2833 1972 3044 2045 Πατὴρ,
3087 1976 3153 2028 ὲκ
3207 1974 3308 2046 τῆς
3370 1974 3806 2048 ἁπαραλλάκτου

500 2067 710 2138 absque
739 2067 849 2122 ulla
884 2075 967 2122 est
999 2064 1303 2121 diii‘erentia
1323 2106 1339 2133 ,
1374 2072 1431 2121 et
1453 2079 1521 2120 ex
1552 2064 1857 2131 identitate,
1899 2072 1957 2119 ut
1988 2064 2095 2122 hoc

498 2161 668 2215 verbo
711 2172 856 2228 utar,
897 2173 1090 2215 eorum
1128 2172 1254 2229 qua:
1288 2157 1471 2225 habet,
1511 2171 1580 2213 eo
1629 2155 1925 2227 impietatis
1964 2170 2092 2212 cum

500 2249 740 2307 Sabellio
778 2265 974 2306 errans
1001 2250 1303 2318 deveniret,
1330 2258 1388 2305 ut
1410 2249 1591 2321 ipsum
1614 2264 1738 2305 esse
1763 2247 1978 2304 Patrem
2003 2263 2090 2304 ar-

500 2343 835 2399 bitraretur:
870 2342 1077 2398 idcirco
1124 2340 1211 2397 his
1237 2349 1322 2397 est
1363 2357 1499 2398 usus
1533 2342 1787 2408 vocibus,
1830 2340 1974 2395 Data
2006 2350 2084 2396 est

496 2436 630 2491 mihi
679 2441 722 2504 ',
747 2435 923 2507 accepi
943 2445 986 2503 τ,
1018 2434 1222 2491 tradita
1245 2443 1368 2490 sunt
1392 2434 1521 2489 mihi
1545 2436 1591 2502 ⁸,
1616 2441 1675 2489 ιιι
1704 2433 1756 2489 id
1784 2433 1962 2489 solum
1993 2447 2082 2489 os.

494 2528 764 2595 tenderet,
809 2542 871 2583 se
893 2526 1160 2583 Videlicet
1198 2524 1416 2581 Patrem
1449 2541 1557 2581 non
1588 2540 1732 2591 esse,
1768 2525 1861 2581 sed
1908 2522 2087 2580 Patris

495 2614 738 2673 Verbum
773 2629 1151 2688 aeternumque
1174 2632 1301 2674 esse
1326 2614 1549 2683 Filium,
1572 2616 1665 2687 qui
1684 2616 1755 2673 ob
1775 2631 1930 2670 suam
1962 2614 2100 2685 qui--

492 2711 616 2766 dem
652 2726 775 2766 cum
812 2708 975 2766 Patre
1003 2710 1418 2766 similitudinem
1447 2723 1662 2778 semper
1685 2709 1847 2762 habet
1875 2721 1999 2777 quae
2019 2705 2089 2761 ab

493 2821 561 2861 eo
595 2805 791 2871 habet;
821 2806 948 2875 quia
977 2819 1109 2859 vero
1140 2802 1316 2858 Filius
1340 2803 1482 2857 idem
1511 2801 1629 2873 ipse
1658 2809 1761 2869 est,
1790 2800 1995 2855 idcirco
2020 2814 2086 2854 ex

493 2893 658 2952 Patre
700 2896 866 2950 habet
908 2908 1031 2967 quae
1079 2908 1296 2965 semper
1350 2892 1533 2947 habet.
1577 2890 1734 2958 Quod
1780 2889 1925 2946 enim
1970 2889 2086 2945 haec

494 2989 682 3056 verba,
714 2989 846 3042 data
885 2996 985 3054 est,
1022 2986 1226 3041 tradita
1270 2995 1414 3052 sunt,
1443 2985 1660 3054 aliaque
1697 2982 1919 3049 similia,
1956 2980 2083 3037 Filii

491 3082 833 3139 divinitatem
877 3095 984 3135 non
1015 3080 1286 3144 minuant,
1326 3078 1419 3133 sed
1455 3078 1638 3147 potius
1677 3090 1803 3133 eum
1833 3089 1959 3130 vere
1991 3073 2084 3129 Fi-

492 3175 626 3231 lium
650 3189 774 3231 esse
804 3181 1130 3245 argumento
1159 3171 1294 3239 sint,
1333 3186 1397 3226 ex
1433 3170 1626 3225 iisdem
1663 3169 1771 3225 illis
1797 3167 2082 3225 vocabulis

490 3267 620 3323 licet
637 3265 869 3321 discere.
888 3262 1023 3318 Nam
1046 3263 1092 3318 si
1113 3263 1297 3317 omnia
1326 3262 1404 3316 illi
1428 3262 1625 3317 tradita
1649 3269 1800 3323 sunt,
1836 3259 2078 3330 primum

2192 2060 2511 2133 ὁμοιότητος
2555 2062 2651 2115 καὶ
2697 2064 3028 2137 ταυτότητος
3209 2058 3286 2121 ὧν
3318 2065 3456 2138 ἔχει.
3499 2065 3808 2138 πλανηθεὶς

2191 2152 2334 2208 κατὰ
2361 2153 2653 2210 Σαϐέλλιον
2699 2155 2972 2231 ἀσεϐήσῃ,
3021 2159 3252 2231 νομίσας
3300 2158 3465 2214 αὑτὸν
3523 2155 3662 2214 εἶναι
3700 2160 3803 2215 τὶν

2191 2244 2435 2318 Πατέρα·
2474 2245 2566 2299 διὰ
2582 2245 2741 2301 τοῦτο
2782 2247 2868 2314 τὸ,
2903 2247 3246 2335 έδόθηεμοι,
3303 2250 3507 2317 καὶτὸ,
3544 2251 3800 2320 ἔλαϐον,

2191 2337 2288 2390 καὶ
2317 2336 2401 2402 τὸ,
2437 2336 2741 2408 παρεδόθη
2907 2356 3034 2409 μοι,
3066 2342 3289 2414 εῐρηκεν
3324 2343 3469 2415 ὑπὲρ
3502 2343 3598 2397 τοῦ
3629 2344 3802 2416 μόνον

2190 2427 2362 2496 δεῖξαι
2385 2431 2468 2484 ὅτι
2488 2430 2591 2484 οὐκ
2615 2430 2761 2487 ἐστιν
2785 2431 2948 2496 αὐτὸς
2977 2435 3006 2489 6
3038 2433 3249 2506 Πατὴρ,
3281 2435 3419 2490 ἀλλὰ
3459 2437 3553 2490 τοῦ
3576 2438 3803 2510 [ἰατρὸς

2191 2521 2221 2574 6
2248 2520 2441 2591 Λόγος,
2466 2522 2559 2577 καὶ
2604 2525 2633 2578 6
2654 2523 2827 2588 ἁῖδιος
2839 2524 2968 2589 Υἱός
2990 2527 3130 2591 ἐστι,
3162 2527 3253 2581 διὰ
3282 2529 3381 2599 μὲν
3406 2528 3507 2599 τὴν
3536 2529 3805 2603 ὁμοιότη-

2190 2629 2261 2666 τα
2286 2612 2382 2667 τοῦ
2417 2615 2633 2688 Πατρὺς
2659 2615 2799 2688 ἔχων
2831 2616 3021 2682 ἀϊδίως
3067 2617 3212 2692 ἅπερ
3252 2619 3363 2691 ἔχει
3416 2622 3547 2693 παρ’
3593 2621 3798 2676 αὑτοῦ·

2191 2704 2282 2759 διὰ
2311 2705 2368 2759 δὲ
2393 2706 2456 2760 τὸ
2479 2703 2619 2763 εἶναι
2652 2708 2817 2763 αὑτὸν
2845 2708 2974 2765 Υίδν
3009 2744 3029 2772 ,
3181 2713 3245 2765 ὲκ
3291 2711 3388 2765 τοῦ
3430 2713 3643 2785 Πατρδς
3674 2712 3801 2786 ἔχει

2193 2794 2339 2867 ᾇπερ
2366 2797 2552 2863 ἁῖόίως
2583 2797 2714 2871 ἔχει.
2738 2800 2863 2855 Ὅτι
2888 2800 2999 2875 γὰρ
3027 2803 3109 2867 τὸ,
3150 2801 3353 2872 ἐδόθη,
3397 2803 3494 2857 καὶ
3530 2802 3615 2870 τὸ,
3635 2819 3799 2873 παρ-

2189 2889 2390 2959 εδόθη,
2425 2892 2521 2945 καὶ⁵
2557 2892 2626 2947 τὰ
2663 2893 2827 2965 ὅμοια
2855 2893 3087 2961 τούτοις,
3129 2895 3232 2949 οὐκ
3276 2894 3492 2949 ἐλαττοῖ
3523 2896 3626 2969 τὴν
3666 2896 3797 2950 θεό-

2187 3000 2326 3055 τητα
2357 2983 2454 3037 τοῦ
2483 2983 2639 3050 Υίοῦ,
2657 2984 2795 3041 ἀλλὰ
2818 2986 2914 3041 καὶ
2940 2987 3141 3058 μᾶλλον
3169 2988 3441 3044 δείκνυσιν
3468 2988 3635 3046 αὑτὸν
3662 2990 3803 3064 ἁλη-

2190 3074 2300 3140 θῶς
2325 3075 2476 3143 Υίὸν,
2511 3074 2689 3141 ἔξεστι
2717 3077 2816 3132 καὶ
2855 3079 2952 3135 ἀπ’
2976 3078 3158 3133 αὐτῶν
3189 3079 3299 3134 τῶν
3326 3079 3508 3153 ῥητῶν
3687 3100 3799 3142 κα-

2187 3165 2476 3239 ταμαθεῖν.
2509 3167 2573 3221 Εί
2600 3167 2712 3242 γὰρ
2737 3169 2919 3224 πάντα
2939 3170 3090 3243 αὐτῷ
3116 3172 3411 3252 πςαρεδόθη·
3440 3173 3661 3244 πρῶτον
3686 3177 3797 3247 μὲν

2188 3259 2347 3322 ἄλλος
2367 3259 2485 3313 ἐστὶ
2515 3258 2625 3313 τῶν
2658 3262 2899 3329 πάντων,
2929 3257 3006 3319 ὧν
3045 3263 3370 3336 παρέλαϐεν·
3407 3265 3621 3331 ἔπειτα,
3643 3269 3789 3321 πάν-

486 3348 746 3418 sequitur
786 3360 916 3401 eum
969 3345 1138 3401 aiium
1174 3359 1300 3402 esse
1340 3345 1416 3400 ab
1462 3346 1726 3404 omnibus
1759 3328 1883 3419 quia
1933 3366 2083 3409 acce-

2190 3367 2284 3406 ἴων
2322 3347 2400 3403 ὢν
2453 3346 2817 3418 κληρονόμος,
2878 3347 3041 3417 μόνος
3085 3328 3284 3412 ό’Υίός
3318 3350 3437 3403 ἐστι
3489 3328 3782 3413 καὶ-ἴδιος

490 3444 588 3514 pit.
627 3441 857 3507 Deinde,
908 3454 1035 3496 cum
1083 3440 1335 3495 omnium
1373 3442 1448 3497 sit
1501 3442 1696 3505 haeres,
1747 3450 1901 3499 certe
1936 3444 2083 3502 solus

2190 3442 2296 3497 ιη’
2356 3442 2552 3496 οὐσίαν
2587 3441 2680 3495 τοῦ
2714 3440 2950 3511 Πατρός.
2987 3440 3052 3495 Et
3111 3442 3222 3514 γὰρ
3248 3437 3329 3505 εἷς
3370 3434 3440 3513 ἦν
3480 3441 3585 3494 τῶν
3618 3442 3768 3494 πάν-

491 3537 607 3606 ipse
641 3547 867 3606 quoque
934 3530 1109 3589 Filius
1155 3542 1212 3587 et
1244 3533 1501 3604 proprius
1549 3542 1634 3588 est
1684 3534 1864 3591 Patris
1902 3550 2083 3592 secuti.

2190 3553 2307 3603 nov,
2355 3536 2419 3591 οὐ
2472 3535 2695 3590 πάντων
2751 3531 2821 3607 ἦν
2885 3532 3053 3599 αὐτὸς
3109 3534 3470 3607 κληρονόμος.
3515 3531 3629 3585 Νῦν
3683 3531 3763 3598 δὲ,

491 3628 621 3681 dum
675 3635 955 3681 naturam.
993 3624 1052 3679 Si
1102 3625 1252 3681 enim
1287 3640 1318 3680 e
1365 3640 1595 3681 numero
1624 3627 1872 3680 omnium
1922 3637 2083 3695 esset1

2190 3629 2362 3686 πάντα
2392 3626 2692 3700 λαμὸάνων
2716 3626 2907 3694 αὐτὸς,
2937 3625 3099 3691 ἄλλος
3144 3627 3267 3679 ini.
3297 3627 3404 3680 τῶν
3434 3625 3646 3680 πάντων
3676 3625 3775 3677 καὶ

491 3735 600 3774 non
655 3719 905 3773 omnium
975 3715 1221 3789 proiecto
1276 3726 1426 3773 esset
1494 3718 1687 3773 haeres.
1745 3718 2095 3789 Quapropter

491 3816 616 3855 cum
651 3803 833 3858 omnia
866 3805 983 3874 ipse
1013 3804 1267 3875 accipiat,
1308 3806 1449 3861 alius
1480 3807 1669 3877 utique
1700 3808 1871 3863 estab
1893 3808 2071 3864 omni-

489 3892 591 3947 bus
613 3936 628 3960 ,
676 3893 938 3967 solusque
982 3904 1068 3952 est
1111 3897 1366 3966 proprius
1398 3896 1597 3954 Patris.
1633 3897 1787 3966 Quod
1825 3912 1956 3956 vero
1986 3901 2070 3957 bis

488 3985 670 4040 verbis
685 3986 813 4041 data
840 3994 1025 4053 est,et,
1046 3989 1246 4043 tradita
1278 3997 1421 4054 sunt,
1451 4002 1559 4043 non
1586 3991 1927 4061 signiﬁcetur
1943 4007 2070 4048 eum

490 4076 577 4131 his
606 4076 904 4146 aliquando
924 4078 1188 4146 caruisse,
1212 4095 1279 4136 ex
1302 4080 1467 4135 simili
1485 4081 1607 4137 loco
1623 4083 1936 4153 perspicere
1960 4099 2070 4140 ca-

486 4180 712 4240 teraque
744 4172 871 4226 inde
901 4170 1028 4226 licet
1058 4171 1382 4241 intelligere.
1606 4174 1700 4230 Ait
1722 4190 1919 4246 nempe
1947 4174 2070 4232 Sal-

485 4273 640 4319 vator
663 4265 778 4335 ipse
801 4284 815 4320 :
839 4262 997 4321 Sicut
1025 4263 1187 4321 Pater
1207 4267 1361 4322 habet
1386 4246 1552 4323 vitam
1572 4271 1627 4323 in
1652 4272 1929 4342 semetipso
1949 4312 1964 4336 ,
1992 4272 2070 4326 sic

484 4357 631 4411 dedit
664 4366 715 4411 et
736 4354 883 4413 Ft‘Iio
913 4358 1076 4412 vitam
1103 4357 1290 4414 habere
1320 4361 1375 4414 in
1413 4361 1749 4431 sentetipso'.
1773 4359 1907 4417 Nam
1942 4377 2066 4416 cum

482 4448 635 4512 dicit.
662 4448 828 4515 dedit,
862 4464 921 4505 se
952 4464 1062 4505 non
1095 4464 1219 4506 esse
1241 4448 1457 4507 Patrem
1483 4451 1724 4508 declarat
1757 4471 1772 4510 :
1802 4455 2069 4526 particula

482 4548 687 4603 autem,
726 4543 834 4607 sic,
860 4542 1140 4605 utitur,‘ut
1167 4544 1470 4599 naturalem
1499 4542 1623 4599 Filii
1653 4561 1777 4601 cum
1805 4545 1971 4602 Patre
1990 4547 2067 4603 si-

476 4632 841 4690 militudinem
874 4642 928 4689 et
947 4632 1331 4705 proprietatem
1358 4635 1647 4707 signiﬁcet.
1688 4635 1747 4691 Si
1778 4636 1942 4707 igitur
1966 4636 2069 4694 fuit

2190 4633 2266 4687 ότι
2295 4633 2439 4687 καὶὸ
2463 4632 2592 4697 Υἱὸς
2619 4626 2687 4704 ἦν
2713 4634 2804 4687 ὅτε
2826 4634 2933 4687 οὐκ
2960 4629 3125 4704 εἶχεν.
3172 4636 3258 4699 Ὠς

479 4723 771 4795 aliquando
802 4741 927 4780 eum
961 4724 1123 4781 Pater
1165 4741 1275 4782 non
1325 4727 1551 4783 haberet
1589 4742 1651 4784 ea
1702 4744 1827 4798 qua
1856 4729 2061 4787 habet:

480 4817 686 4871 nullum
721 4817 945 4872 dubium
975 4827 1058 4873 est
1093 4805 1226 4889 quin
1265 4820 1429 4874 etiam
1451 4818 1621 4874 fuerit
1653 4820 1946 4891 aliquando
1976 4820 2066 4878 Fi-

472 4906 605 4975 lius,
628 4922 759 4964 cum
788 4908 876 4963 illa
910 4922 1019 4963 non
1053 4907 1294 4966 haberet.
1327 4909 1463 4964 Nam
1492 4921 1563 4965 ut
1598 4907 1755 4965 Pater
1786 4911 1970 4979 habet,
1991 4912 2064 4967 ita

478 5008 533 5054 et
554 4998 746 5055 Filius.
771 4998 974 5056 Verum
1003 5005 1048 5056 si
1081 5004 1132 5057 id
1160 5004 1393 5073 impium
1419 5003 1568 5058 dictu
1592 5011 1697 5066 est,
1730 5017 1767 5058 ε
1786 5004 2064 5060 contrario

472 5098 659 5144 autem
691 5092 839 5160 pium
864 5102 946 5147 est
964 5093 1259 5160 ammare,
1287 5108 1507 5163 semper
1527 5090 1751 5149 Patrem
1779 5095 2059 5164 habuisse,

472 5197 546 5235 an
588 5197 695 5236 non
740 5182 1134 5254 perabsurdum
1169 5191 1274 5248 est,
1302 5183 1443 5240 Filio
1483 5196 1831 5253 asseverante
1870 5201 2064 5257 quem-

470 5273 770 5329 admodum
817 5272 979 5330 Pater
1011 5275 1183 5330 habet
1223 5275 1297 5329 ita
1331 5283 1386 5331 et
1432 5274 1630 5340 Filium
1675 5277 1896 5345 habere,
1939 5278 2063 5334 illos

448 5358 835 5423 nihilominus
860 5368 1190 5423 contendere
1225 5383 1336 5422 non
1381 5367 1457 5422 ita
1496 5370 1592 5425 sed
1629 5369 1791 5425 aliter
1817 5369 2061 5427 habere?

476 5457 674 5531 Utique
706 5456 954 5514 Verbum
994 5458 1168 5528 magis
1198 5457 1304 5512 ﬁde
1335 5458 1560 5530 dignum
1587 5468 1692 5526 est,
1721 5461 2062 5530 proindeque

446 5542 451 5549 “
474 5555 660 5609 omnia
690 5566 813 5625 quae
845 5568 904 5610 se
932 5569 963 5608 a
984 5551 1145 5607 Putre
1163 5552 1445 5623 accepisse
1463 5561 1720 5621 testatur,
1750 5569 1815 5610 ea
1842 5568 2061 5623 semper

2180 3719 2342 3791 μόνος
2396 3717 2530 3782 ῐδιος
2551 3717 2644 3772 τοῦ
2671 3718 2908 3788 Πατρός.
2936 3717 3060 3770 Ὅτι
3086 3716 3145 3769 δὲ
3172 3716 3332 3770 πάλιν
3355 3717 3433 3782 τὸ,
3460 3713 3668 3781 ἐδόθη,
3689 3719 3787 3768 καὶ

2179 3806 2487 3877 παρεδόθη
2512 3844 2530 3871 ,
2557 3843 2580 3867 ρ
2696 3804 2759 3859 οὐ
2792 3805 2854 3858 τό
2881 3820 3010 3858 ποτε
3040 3803 3117 3876 μὴ
3147 3803 3294 3877 ἔχειν
3323 3803 3486 3856 αὐτὸν
3516 3803 3786 3870 δείκνυσι,

2178 3895 2411 3950 δυνατὸν
2429 3895 2494 3948 ὲκ
2524 3893 2618 3948 τοῦ
2641 3894 2828 3967 ὁμοίου
2863 3894 3029 3968 ῥητοῦ
3063 3896 3158 3949 καὶ
3213 3894 3342 3968 περὶ
3396 3894 3619 3950 πάντων
3655 3913 3789 3952 συνο

2190 3985 2318 4043 ιδιῖν
2353 3984 2415 4039 τὸ
2440 3984 2699 4040 τοιοῦτον.
2734 3987 2873 4058 Φησὶ
2901 3987 3011 4058 γὰρ
3052 3985 3216 4052 αὐτὸς
3257 3988 3286 4041 6
3311 3986 3522 4060 Σωτήρ·
3553 3987 3794 4058 Ὥσπερ

2181 4079 2222 4132 ὁ
2250 4076 2454 4146 Πατὴρ
2502 4074 2656 4146 ζωὴν
2674 4078 2800 4147 ἔχει
2823 4079 2894 4132 ἐν
2922 4078 3135 4145 ἑαυτῷ,
3166 4079 3357 4146 οὕτως
3405 4078 3508 4133 καὶ
3562 4078 3647 4146 τῷ
3671 4081 3794 4148 ra;

2178 4167 2406 4224 δέδωκε
2433 4166 2586 4237 ζωὴν
2611 4171 2779 4238 ἔχειν
2800 4170 2871 4224 ἐν
2891 4170 3103 4238 ἐαυτῷ.
3291 4172 3387 4227 ‘Ex
3415 4172 3514 4243 μὲν
3544 4172 3658 4247 γὰρ
3684 4174 3793 4228 τοῦ

2185 4259 2388 4329 λέγειν,
2411 4259 2652 4325 δέδωκε,
2689 4262 2946 4334 σημαίνει
2999 4263 3192 4319 ἑαυτὸν
3228 4265 3304 4337 μὴ
3343 4261 3482 4320 εἶναι
3520 4265 3613 4319 τὸν
3667 4267 3799 4321 Πα-

2183 4352 2340 4425 τέρα·
2373 4353 2432 4405 ἐν
2460 4352 2517 4407 δὲ
2553 4352 2632 4424 τῷ
2655 4352 2858 4422 λέγειν,
2891 4354 3102 4421 οὕτως,
3123 4355 3369 4411 δείκνυσι
3400 4357 3498 4428 τὴν
3524 4357 3663 4428 πρὸς
3684 4359 3799 4414 τὸν

2182 4445 2410 4518 Πατέρα
2460 4444 2556 4500 τοῦ
2587 4445 2722 4500 Υίοῦ
2775 4447 3009 4519 φυσικὴν
3050 4449 3343 4521 ὁμοιότητα
3386 4452 3483 4505 κα)⁸
3515 4451 3791 4524 ἰδιότητα.

2184 4539 2249 4594 Ei
2274 4539 2375 4611 μὲν
2399 4535 2492 4594 οὖν
2521 4536 2589 4613 ἦν
2620 4558 2751 4594 ποτε
2808 4542 2897 4594 ὅτε
2931 4543 3031 4596 οὐκ
3065 4537 3211 4613 εἶχεν
3266 4544 3294 4596 6
3328 4543 3538 4616 Πατὴρ.
3591 4543 3794 4616 δῆλον,

3452 4635 3562 4708 γὰρ
3602 4639 3631 4691 6
3657 4639 3795 4692 Πα-

2183 4725 2307 4798 τὴρ,
2340 4722 2516 4789 οὕτως
2544 4724 2639 4779 καὶ
2662 4726 2692 4779 6
2721 4725 2850 4789 Υἱὸς
2876 4725 3008 4797 ἔχει.
3045 4727 3108 4779 Εἰ
3152 4727 3210 4780 δὲ
3254 4727 3449 4793 ἀσεϐὲς
3482 4728 3583 4799 μὲν
3616 4728 3802 4786 τοῦτο

2182 4815 2384 4884 λέγειν,
2422 4816 2644 4881 εὐσεϐὲς
2671 4816 2730 4871 δὲ
2761 4816 2962 4888 μᾶλλόν
2977 4819 3124 4872 ἐστιν
3151 4821 3348 4881 εἰπεῖν,
3384 4820 3465 4874 ὅτι
3491 4819 3578 4873 ἀεὶ
3602 4819 3726 4891 ἔχει
3765 4825 3804 4877 6

2182 4903 2396 4975 Πατήρ·
2452 4904 2569 4969 πῶς
2611 4905 2715 4960 οὐκ
2757 4905 2959 4962 ἄτοπον
3010 4906 3106 4961 τοῦ
3142 4906 3274 4962 Υἱοῦ
3334 4908 3609 4978 λέγοντος,
3669 4910 3791 4977 ὅτι,

2181 4993 2259 5059 ὡς
2281 4996 2311 5048 6
2332 4996 2524 5070 Πατὴρ
2543 4996 2678 5069 ἔχει,
2709 4997 2881 5062 οὕτως
2904 5000 2997 5054 καὶ
3025 5001 3053 5053 6
3082 5000 3211 5065 Υἱὸς
3250 5001 3386 5073 ἔχει,
3433 5000 3661 5065 τούτους
3696 5002 3800 5059 λέ-

2180 5104 2301 5158 γειν
2327 5089 2401 5161 μὴ
2433 5089 2605 5155 οὕτως
2624 5090 2796 5163 ἔχειν,
2832 5092 2948 5146 ἀλλ’
2976 5093 3151 5158 ἄλλως
3206 5093 3386 5165 εχειν;
3434 5092 3654 5149 Μᾶλλον
3689 5092 3809 5154 οὖν

2178 5169 2212 5234 6
2232 5179 2404 5249 Λόγος
2428 5182 2620 5247 πιστός
2645 5183 2782 5249 ἐστι,
2813 5185 2909 5238 καὶ
2934 5183 3133 5252 πάντα,
3187 5184 3224 5238 ἃ
3256 5184 3409 5253 λέγει
3467 5183 3807 5257 εἰληφέναι,

2174 5271 2272 5326 ἀεὶ
2305 5272 2462 5345 ἔχων,
2487 5274 2629 5330 αὐτὰ
2655 5274 2770 5347 ἔχει
2989 5277 3142 5350 παρὰ
3183 5275 3279 5331 τοῦ
3334 5279 3569 5350 Πατρός·
3622 5281 3733 5334 καὶ
3773 5286 3814 5338 ὁ

2186 5364 2286 5437 μὲν
2311 5365 2502 5439 Πατὴρ
2534 5367 2594 5422 οὐ
2624 5369 2775 5440 παρά
2816 5386 2983 5433 τινος,
3011 5371 3039 5422 6
3087 5368 3145 5424 δὲ
3170 5369 3300 5433 Υιὸς
3328 5368 3481 5441 παρὰ
3517 5366 3613 5423 τοῦ
3662 5370 3814 5427 Πα-

2178 5460 2310 5532 τρὸς
2331 5460 2466 5533 ἔχει.
2509 5461 2598 5526 Ὠς
2648 5462 2758 5535 γὰρ
2786 5462 2880 5516 καὶ
2930 5462 3022 5516 ἐπὶ
3083 5462 3176 5518 τοῦ
3237 5463 3697 5534 ἀπαυγάσματος,
3744 5470 3818 5523 εἰ

2182 5551 2314 5606 αὐτὸ
2335 5552 2398 5606 τὸ
2423 5551 2767 5624 ἀπαύγασμα
2821 5552 2991 5624 λέγοι·
3027 5556 3214 5611 Πάντα
3259 5557 3425 5610 τόπον
3449 5556 3652 5610 δέδωκέ
3690 5575 3816 5630 μοι

550 5689 566 5759 _‘
600 5685 762 5741 Joan.
792 5680 1003 5759 ιιιλξὶὸ.⁸
1038 5677 1297 5759 f_bla_lth.
1329 5677 1556 5759 xr_,_27.‘
1601 5674 1808 5759 fJoan.
1840 5676 2007 5759 γλξο.
2081 5698 2083 5707 ί

2193 5694 2284 5736 an.
2309 5696 2417 5751 tm,
2452 5680 2542 5737 15.
2614 5682 2639 5716 ⁸
2667 5679 2825 5739 toan.
2859 5694 2996 5749 nu,
3025 5681 3113 5737 10.
3190 5681 3212 5715 ⁸
3239 5682 3431 5742 lattb.
3467 5689 3819 5759 xxouB.

482 5755 503 5788 '
526 5754 692 5811 Juau.
729 5771 786 5821 ι,
816 5746 905 5809 18.
982 5753 1005 5786 ⁸
1035 5753 1232 5809 Matth.
1264 5765 1341 5820 xl,
1368 5748 1460 5805 27.
1536 5751 1557 5785 ⁹
1587 5746 1755 5807 Joan.
1791 5766 1843 5808 γ.
1876 5750 1965 5808 26.
