4058 6394
1742 235 1875 253 δερ-’ν
1939 242 1946 248 -

1340 346 1719 411 PANOPLIA
1758 344 2320 407 DOGMATICA.-—
2359 346 2490 405 TIT
2556 346 2658 406 Χῐ.

290 345 391 412 433

3476 337 3579 398 iiii

287 481 349 535 τὺ
380 477 497 550 φῶς
532 478 823 548 φωτίζειν·
853 481 945 535 καὶ
964 481 1065 536 οὐκ
1097 481 1193 537 ἀπ’
1228 482 1467 555 ἐμαυτοῦ
1498 483 1738 554 φωτίζω,
1769 483 1885 538 ἀλλ’

2001 474 2223 541 habens,
2252 489 2282 528 a
2316 472 2475 528 Patre
2513 472 2693 526 habet.
2737 468 2911 525 Porro
2952 468 3113 525 Pater
3161 466 3257 521 illa»
3297 482 3326 521 a
3361 466 3576 522 nemine

288 569 368 635 ὥς
397 569 457 623 τὸ
483 569 599 639 φῶς
636 570 912 641 βούλεται·
941 570 1098 626 τοῦτο
1134 572 1191 627 δέ
1219 572 1378 642 λέγον
1402 606 1421 632 ν
1573 574 1634 627 οὐ
1668 574 1740 627 τό
1758 592 1887 628 ποτε

294 664 368 736 μὴ
399 663 543 734 ἔχειν
570 664 736 718 ἑαυτὸ
764 664 1040 719 δείκνυσιν
1059 706 1074 731 ,
1123 666 1238 720 ἀλλ’
1267 668 1355 721 ὅτι
1398 666 1494 721 τοῦ
1549 668 1726 737 φωτὸς
1760 668 1888 724 ἴδιόν

290 755 432 825 ειμι,
464 755 559 809 καὶ
587 754 656 808 τὰ
709 756 925 810 ἐκείνου
961 757 1139 813 πάντα
1197 758 1307 828 ἐμά
1355 759 1525 813 ἐστιν.
1576 758 1761 824 Οὕτως
1792 760 1889 814 καὶ

290 843 458 897 πλέον
623 844 719 897 ἐπὶ
751 844 848 899 τοῦ
872 844 1005 899 Υἱοῦ
1040 848 1180 900 νοεῖν
1209 845 1408 913 ἔξεστι.
1439 846 1551 900 Καὶ
1572 846 1683 920 γάρ
1711 848 1891 903 πάντα

288 935 540 1001 δεδωκὼς
573 938 603 991 6
630 936 826 1009 Πατὴρ
856 936 933 1008 τῷ
963 938 1097 1010 Υῐῷ,
1144 939 1323 994 πάντα
1360 938 1523 994 πάλιν
1549 940 1578 993 6
1612 940 1803 1013 Πατὴρ
1832 942 1891 996 ἐν

296 1030 377 1101 τῷ
407 1028 527 1101 Υῖῷ
553 1029 695 1102 ἔχει·
720 1031 819 1084 καὶ
842 1031 936 1085 τοῦ
972 1030 1103 1085 Υἱοῦ
1148 1031 1206 1086 δὲ
1237 1030 1473 1104 ἔχοντος,
1528 1032 1691 1087 πάλιν
1718 1034 1747 1087 6
1778 1035 1892 1087 Πα-

304 1121 405 1191 τὴρ
446 1118 593 1173 αὑτά
620 1118 755 1190 ἔχει.
947 1122 1011 1175 Ἦ
1048 1119 1159 1194 γὰρ
1222 1120 1317 1174 τοῦ
1358 1121 1490 1176 Υἱοῦ
1545 1120 1737 1194 θεότης
1793 1120 1890 1176 τοῦ

308 1212 508 1283 Πατρδς
532 1210 731 1283 θεότης
760 1212 896 1266 ἐστι·
947 1213 1040 1268 καὶ
1089 1212 1263 1278 οὕτως
1298 1215 1327 1267 6
1356 1213 1548 1286 Πατὴρ
1577 1215 1635 1268 ἐν
1667 1214 1745 1286 τῷ
1778 1214 1891 1287 Υἱῷ

296 1304 405 1358 τῶν
435 1306 662 1359 πάντων
683 1305 783 1377 τὴν
817 1306 1068 1379 πρόνοιαν
1102 1308 1358 1360 ποιεῖται.

1996 571 2181 634 habet,
2214 570 2307 625 sed
2337 567 2508 621 Filius
2536 566 2697 620 habet
2736 582 2766 619 a
2792 564 2970 619 Patre.
3010 560 3145 617 Nam
3181 569 3241 616 ut
3273 558 3576 630 splendoris

1995 661 2245 733 exemplo
2279 668 2424 726 utar,
2456 659 2500 714 si
2527 659 2640 727 ipse
2673 657 2931 728 Splendor
2961 656 3034 710 ita
3054 655 3369 725 loqueretur
3400 673 3413 708 :
3447 651 3570 707 Om-

1995 771 2120 811 nem
2146 754 2328 809 locum
2363 750 2493 806 mihi
2528 750 2618 805 lux
2649 749 2714 804 ad
2744 747 3165 803 illuminandum
3196 745 3364 810 dedit,
3398 760 3578 814 neque

1994 861 2059 903 ex
2096 845 2304 916 meipso
2330 843 2599 907 illumino,
2629 840 2724 896 sed
2761 850 2821 895 ut
2850 839 2955 894 luci
2988 840 3204 910 placet:
3247 852 3382 892 sane
3426 836 3579 891 hisce

1994 939 2176 993 verbis
2221 952 2327 992 non
2375 934 2641 989 indicaret
2690 946 2749 985 se
2795 931 3087 1000 aliquando
3127 944 3236 983 non
3295 927 3576 1011 habuisse,

1996 1032 2090 1087 scd
2126 1030 2306 1100 potius
2345 1043 2408 1083 ea
2452 1034 2595 1082 esset
2620 1024 2889 1081 sententia
2924 1022 3079 1093 :Ego
3118 1022 3259 1077 lucis
3285 1038 3407 1078 sum
3444 1037 3576 1093 pro-

1997 1122 2169 1195 prius,
2202 1121 2431 1192 ejusque
2480 1117 2663 1174 omnia
2708 1131 2828 1170 mea
2866 1123 3012 1171 sunt.
3053 1112 3197 1169 Idem
3247 1116 3499 1170 similiter
3521 1125 3577 1171 et

1998 1216 2171 1270 multo
2204 1215 2377 1283 magis
2402 1213 2469 1268 de
2493 1212 2628 1267 Filio
2656 1210 3065 1280 intelligendum
3091 1217 3191 1264 est.
3217 1207 3410 1263 O'mnia
3432 1208 3576 1263 enim

2000 1305 2162 1361 Pater
2210 1305 2350 1359 Filio
2392 1305 2559 1368 dedit,
2605 1312 2660 1359 et
2708 1317 2902 1357 rursus
2947 1302 3089 1356 idem
3124 1300 3283 1355 Pater
3314 1300 3575 1355 omniain

294 1398 436 1456 Filio
468 1400 653 1456 habet.
686 1398 825 1456 Filio
856 1402 983 1455 item
1016 1401 1270 1464 habente,
1320 1401 1508 1457 eadem
1535 1416 1757 1473 quoque
1796 1400 1958 1458 Pater
1994 1401 2178 1456 habet.
2211 1399 2491 1471 Siquidem
2534 1399 2657 1454 Filii
2686 1397 2966 1462 divinitas,
2992 1396 3170 1453 Patris
3186 1406 3270 1452 est
3295 1397 3579 1461 divinitas,

292 1501 466 1563 atque
490 1492 567 1547 ita
594 1490 755 1548 Pater
778 1491 832 1546 in
870 1492 1007 1547 Filio
1047 1508 1134 1548 res
1165 1508 1357 1550 omnes
1386 1493 1725 1564 providentia
1748 1494 1885 1564 gerit
1920 1502 1974 1550 et
2003 1492 2369 1549 administrat.

502 1587 628 1642 Τῶν
659 1587 757 1659 μὲν
790 1583 883 1642 οὖν
912 1586 1169 1642 τοιούτων
1197 1588 1377 1661 ῥητῶν
1409 1581 1650 1653 τοιοῦτος
1679 1591 1709 1643 6
1740 1589 1884 1654 νοῦς·

294 1678 429 1749 περὶ
463 1677 525 1732 δέ
546 1677 659 1732 τῶν
680 1677 1037 1749 ἀνθρωπίνως
1049 1677 1359 1748 λεγομένων
1382 1677 1511 1749 περὶ
1524 1675 1618 1731 τοῢ
1777 1676 1890 1731 Σω-

294 1771 491 1842 τῆρος,
534 1771 634 1823 καὶ
672 1768 845 1823 ταῦτα
896 1768 1058 1824 πάλιν
1096 1768 1294 1840 εὐσεὸἦ
1338 1768 1441 1840 τὴν
1481 1766 1721 1822 διάνοιαν
1750 1765 1884 1838 ἔχει.

302 1862 397 1915 Διά
424 1861 597 1915 τοῦτο
614 1860 723 1934 γὰρ
742 1861 838 1914 καὶ

302 1955 407 2016 ενα,
436 1952 539 2005 ἐὰν
571 1951 893 2022 ἀκούσωμεν
925 1950 1311 2022 ἐπερωτῶντος
1338 1946 1526 2013 αὐτοῦ,
1580 1948 1685 2002 ποῦ
1706 1947 1890 2013 Λάζα-

305 2061 394 2115 ρος
413 2046 622 2108 κεῖται,
650 2044 745 2098 καὶ
769 2044 896 2098 ὅταν
928 2044 1009 2106 εις
1039 2042 1110 2097 τά
1153 2042 1295 2115 μέρη
1336 2041 1676 2111 Καισαρείας
1719 2038 1891 2095 ἐλθὼν

304 2132 645 2187 ⁶ιαινθάνεται
685 2166 703 2191 ,
839 2127 981 2182 Τίνα
1028 2141 1106 2196 με
1146 2126 1439 2192 λέγουσιν
1487 2125 1544 2175 οι
1595 2122 1894 2187 ἄνθρωποι

301 2221 495 2289 sirm;
523 2222 642 2286 καὶ,
674 2223 921 2285 Πόσους
941 2218 1111 2287 ἔχετε
1137 2217 1357 2285 αρτους
1373 2235 1394 2283 ;
1423 2216 1535 2279 καὶ,
1595 2215 1661 2271 Τί
1690 2215 1896 2271 θέλετε

301 2316 405 2368 ira
425 2311 670 2379 ποιήσω
690 2310 857 2381 {uti};
872 2308 1230 2379 γινώσκωμεν
1257 2308 1322 2360 ἐκ
1344 2307 1454 2361 τῶν
1482 2310 1896 2378 προειρημένων

301 2408 401 2477 τὴν
433 2404 613 2477 ὀρθὴν
639 2401 747 2457 τῶν
775 2400 957 2473 ῥητῶν
982 2399 1241 2463 διάνοιαν,
1276 2399 1370 2453 καὶ
1420 2397 1494 2469 μὴ
1527 2396 1897 2461 σκανδαλιζώ-

305 2497 449 2569 μεθα
474 2494 623 2549 κατά
680 2496 805 2556 τοὺς
857 2492 1259 2566 χριστομάχους
1301 2490 1629 2562 Ἀρειανούς.
1670 2490 1897 2561 Πρῶτον

306 2589 405 2658 μὲν
431 2582 533 2640 οὖν
710 2586 821 2647 τοῖς
851 2583 1110 2637 ἀσεϐοῦσι
1162 2582 1321 2637 τοῦτο
1362 2582 1573 2653 ῥητέον,
1618 2579 1780 2634 πόθεν
1807 2597 1899 2633 νο-

304 2680 564 2751 μεζωσιν
592 2677 808 2746 ἀγνοεῖν
834 2674 995 2729 αὐτόν
1018 2691 1034 2739 ;
1065 2675 1139 2728 Οὐ
1164 2674 1274 2746 γάρ
1296 2673 1326 2727 ὀ
1358 2671 1652 2745 ἐπερωτῶν
1678 2671 1899 2735 πάντως

300 2772 397 2824 καὶ
422 2768 646 2838 ἀγνοῶν
675 2766 954 2837 ἐπερωτᾷ·
975 2765 1091 2819 ἀλλ’
1117 2764 1295 2830 ἔξεστι
1319 2763 1411 2817 τὸν
1436 2763 1617 2817 εἰδότα
1641 2763 1737 2816 καὶ
1762 2764 1901 2833 ἐρω-

299 2864 400 2932 τᾷν
429 2896 449 2924 ,
601 2859 732 2930 περὶ
759 2851 833 2911 ὧν
863 2857 1173 2911 ἐπίσταται.
1219 2856 1436 2928 ’Δμέλει
1465 2854 1560 2908 καὶ
1582 2856 1612 2908 6
1648 2854 1901 2924 Ἰωάννης

301 2950 681 3025 sapam?)ch
711 2948 803 3003 τὸν
816 2948 1072 3020 Χριστὸν,
1089 2948 1332 3013 Πόσους
1355 2946 1772 3016 ἇρτουςέχετε,
1789 2940 1898 2998 οἶδε

307 3046 381 3117 μὴ
397 3041 732 3112 ἀγνοοῦντα,
752 3039 891 3094 ἀλλά
910 3039 1267 3108 γινώσκοντα·
1298 3038 1435 3109 φησὶ
1453 3037 1582 3110 γὰρ,
1622 3037 1803 3095 Τοῦτο
1830 3035 1900 3089 δὲ

302 3139 480 3207 ἕλετο
508 3131 805 3203 πειράζων
825 3132 933 3186 τὸν
955 3133 1278 3186 Φίλιππον·
1309 3130 1494 3196 αὐτὸς
1524 3130 1636 3200 γὰρ
1664 3129 1815 3199 ᾔδει,
1843 3128 1903 3182 τι

2209 1588 2338 1645 Haec
2374 1587 2539 1661 igitur
2572 1595 2657 1644 est
2700 1587 2921 1643 illorum
2944 1586 3233 1643 verborum
3288 1583 3574 1639 sententia.

1994 1671 2129 1749 Quae
2164 1682 2366 1752 pariter
2406 1681 2474 1737 de
2500 1679 2782 1735 Salvatore
2829 1678 3069 1732 humano
3105 1689 3257 1730 more
3301 1674 3577 1737 dicuntur,

1993 1789 2183 1829 eorum
2214 1787 2433 1844 quoque
2464 1772 2552 1843 pia
2583 1781 2667 1826 est
2696 1768 3044 1841 signiﬁcatio.
3080 1766 3287 1821 Idcirco
3317 1764 3461 1821 enim
3489 1766 3577 1822 illa

1009 1859 1461 1932 προεξητάσαμεν
1508 1858 1580 1913 τά
1626 1859 1858 1913 τοιαῦτα
1871 1898 1886 1923 ,

2001 1869 2145 1938 prius
2177 1866 2492 1923 examinare
2512 1864 2690 1920 visum
2723 1870 2826 1926 est,
2848 1869 2926 1928 ut,
2960 1860 3004 1916 si
3036 1860 3325 1915 Dominum
3346 1861 3579 1915 interro-

1993 1952 2210 2030 gantem
2260 1956 2619 2023 audierimus,
2651 1955 2742 2011 ubi
2783 1953 3024 2009 Lazarus
3048 1952 3263 2023 jaceat'
3293 1973 3306 2009 :
3332 1962 3386 2009 et
3426 1969 3572 2019 cum,

1993 2050 2093 2105 ubi
2120 2050 2175 2104 in
2207 2056 2389 2120 partes
2404 2046 2667 2103 Caesareae
2692 2046 2840 2101 venit
2865 2051 3266 2117 percunctatur,
3303 2045 3467 2112 Quem
3496 2062 3577 2099 me

1990 2126 2229 2179 nomines
2262 2142 2373 2181 esse
2410 2127 2671 2182 dicunt’?
2703 2136 2778 2192 et,
2819 2128 2961 2193 Quot
3009 2144 3169 2200 panes
3203 2129 3403 2181 habetis
3429 2130 3494 2181 ’?
3525 2138 3579 2183 et

1993 2219 2141 2286 Quid
2172 2218 2335 2274 vultis
2363 2230 2423 2274 ut
2458 2219 2656 2289 faciam
2689 2219 2831 2275 vobis
2859 2219 2883 2252 ⁸
2906 2221 2930 2275 ‘P
2954 2235 3022 2276 ex
3067 2220 3154 2276 his
3180 2235 3303 2289 qua;
3338 2219 3576 2288 explica-

1993 2313 2196 2377 vimus,
2230 2312 2337 2367 ista
2371 2312 2536 2367 etiam
2561 2320 2708 2367 recte
2741 2314 3022 2382 possimus
3059 2312 3381 2382 intelligere,
3411 2312 3577 2365 mini~

1995 2419 2212 2472 meque,
2244 2412 2304 2459 ut
2334 2402 2429 2459 Dei
2458 2403 2642 2460 hostes
2674 2404 2887 2469 Ariani,
2920 2406 3243 2461 scandalum
3279 2406 3573 2475 patiamur.

1996 2494 2182 2567 Itaque
2207 2496 2442 2566 primum
2488 2497 2559 2552 ab
2592 2498 2763 2566 impie
2800 2498 3159 2553 sentientibus
3189 2497 3576 2566 requirendum

1995 2595 2096 2653 est,
2128 2586 2399 2641 undenam
2428 2602 2553 2643 eum
2590 2587 2842 2658 ignorare
2872 2588 3250 2643 arbitrentur?
3279 2586 3396 2654 ‘Nec
3433 2588 3577 2642 enim

1996 2691 2143 2743 eum,
2171 2679 2266 2748 qui
2298 2678 2617 2749 interrogat,
2646 2694 2871 2735 necesse
2895 2689 2979 2736 est
3011 2680 3261 2750 ignorare
3287 2680 3353 2734 de
3381 2680 3580 2749 quibus

1997 2766 2337 2841 interrogat:
2371 2787 2560 2826 verum
2594 2771 2720 2827 licet
2750 2772 2913 2826 etiam
2952 2773 3214 2828 scientem
3252 2774 3432 2827 dehis
3460 2790 3583 2842 quze

1997 2864 2285 2931 cognoscit
2300 2863 2594 2918 sciscitari.
2612 2864 2774 2919 Certe
2800 2865 2917 2934 ipse
2939 2863 3176 2919 Joannes
3202 2866 3480 2921 Christum
3501 2869 3576 2919 iu-

1998 2961 2387 3024 terrogantem,
2438 2956 2577 3023 Quot
2617 2968 2778 3025 panes
2821 2956 3046 3023 habetis,
3096 2972 3203 3012 non
3252 2958 3581 3011 nescientem

1999 3045 2094 3102 sed
2143 3045 2404 3102 scientem
2444 3048 2713 3117 agnoscit,
2752 3048 2876 3102 hinc
2914 3049 3059 3102 enim
3090 3048 3166 3101 ait
3199 3067 3212 3102 :
3258 3047 3373 3100 Hoc
3407 3058 3583 3100 autem

1999 3136 2206 3194 dicebat
2239 3147 2448 3193 lentam
2497 3137 2807 3209 Philippum
2844 3155 2862 3193 :
2900 3139 3009 3208 ipse
3047 3138 3187 3191 enim
3220 3137 3417 3191 sciebat
3457 3136 3584 3205 quid

302 3228 527 3298 ἔμελλε
585 3223 802 3280 ποιεῖν.
863 3224 927 3277 El
988 3223 1046 3277 δὲ
1092 3222 1209 3294 ᾔδει
1247 3223 1386 3291 ὅπερ
1437 3222 1634 3285 ἐποίει,
1663 3223 1765 3275 οὐκ
1791 3221 1900 3294 ἄρα

2001 3238 2132 3285 esset
2162 3230 2401 3298 facturus
2428 3228 2471 3284 '.
2505 3228 2662 3296 Quod
2698 3230 2744 3285 si
2790 3238 3018 3284 noverat
3055 3229 3186 3299 quid
3223 3228 3446 3294 faceret,
3476 3244 3584 3281 non

304 3317 541 3387 ἀγνοῶν,
571 3315 716 3370 ἀλλὰ
734 3314 1017 3384 γινώσκων
1042 3314 1319 3384 ἐπερωτᾷ.
1513 3312 1646 3365 ’Δπδ
1683 3311 1742 3365 δέ
1773 3310 1899 3364 τού-

303 3428 401 3465 του
427 3412 525 3466 καὶ
566 3408 639 3463 τὰ
687 3410 852 3478 ὃμοια
891 3409 1027 3461 νοεῖν
1074 3406 1317 3471 ἔξεστιν,
1354 3405 1458 3469 ὅτι,
1492 3405 1620 3459 ὅταν
1648 3406 1829 3476 ἐρωτᾷ
1871 3407 1901 3458 6

310 3504 514 3573 Κύριος
544 3541 565 3567 ,
705 3500 808 3553 οὐκ
862 3497 1095 3567 ἀγνοῶν,
1124 3495 1227 3551 ποῦ
1253 3496 1501 3567 Λάζαρος
1550 3498 1750 3559 κεῖται,
1781 3495 1901 3549 οὐδὲ

320 3593 445 3645 τινα
466 3592 714 3659 λέγουσιν
762 3590 927 3645 αὐτὸν
974 3586 1113 3643 εῖναι
1166 3589 1218 3642 οἱ
1278 3587 1574 3661 ἄνθρωποι,
1626 3588 1899 3659 ἐπερωτᾷ,

336 3682 471 3735 ἀλλὰ
494 3681 759 3749 γινώσκων
783 3683 925 3752 ὅπερ
970 3679 1155 3752 ἠρώτα
1203 3679 1387 3743 αὐτὸς,
1422 3678 1579 3742 εἰδὼς
1614 3679 1669 3733 τι
1719 3679 1902 3750 μέλλει

340 3775 520 3827 ποιεῖν·
545 3777 630 3828 καὶ
662 3774 879 3844 ταχέως
912 3773 1009 3843 μὲν
1040 3773 1219 3827 αὐτῶν
1253 3771 1395 3826 οὕτω
1426 3771 1487 3827 τὸ
1520 3771 1681 3839 σοφὸν
1708 3771 1904 3827 ἐκϐάλ-

328 3865 485 3919 λεται.
517 3867 611 3919 ‘Av
636 3866 696 3918 δὲ
716 3863 1094 3934 φιλονεικῶσιν
1276 3863 1357 3917 ἐτι
1382 3862 1471 3917 διὰ
1514 3863 1575 3916 τὸ
1595 3864 1901 3935 ἐπερωτᾷν,

315 3956 681 4020 ἀκουέτωσαν,
717 3958 801 4010 ὅτι
827 3958 885 4009 ἐν
912 3956 1013 4026 μὲν
1051 3958 1119 4027 τῇ
1150 3955 1363 4026 θεότητι
1388 3957 1490 4009 οὐκ
1516 3955 1663 4009 ἐστιν
1688 3957 1902 4025 ἄγνοια,

311 4047 407 4117 τῆς
436 4047 497 4100 δέ
534 4046 743 4115 σαρκὸς
769 4044 901 4098 ἴδιόν
936 4045 1055 4098 ἐστι
1086 4044 1147 4098 τὸ
1194 4046 1429 4113 ἀγνοεῖν,
1462 4044 1715 4116 καθάπερ
1746 4045 1903 4118 εἴρη-

311 4156 418 4193 ται.
453 4138 571 4192 Καὶ
604 4138 686 4192 ὅτι
706 4136 861 4191 τοῦτο
880 4134 1078 4207 ἀληθές
1110 4137 1279 4201 ἐστιν,
1311 4137 1415 4207 ὅρα
1468 4137 1585 4201 πῶς
1630 4140 1662 4191 6
1699 4137 1905 4209 Κύριος

313 4234 340 4284 6
509 4229 939 4300 πυνθανόμενος,
967 4227 1070 4283 ποῦ
1087 4228 1334 4301 Λάζαρος
1362 4230 1567 4295 κεῖται,
1584 4230 1748 4294 αὐτὸς
1782 4227 1905 4283 εἷπε

315 4325 385 4392 μὴ
418 4321 640 4393 παρὼν,
681 4320 818 4374 ἀλλά
857 4321 954 4374 καὶ
1003 4320 1220 4392 μακρὰν
1244 4319 1341 4386 ὢν,
1366 4321 1616 4393 Λάζαρος
1640 4321 1901 4389 ἀπέθανε,

312 4414 403 4466 καὶ
430 4414 541 4467 ποῦ
595 4412 889 4467 ἀπέθανεν.
963 4412 1020 4466 ’0
1065 4412 1123 4465 δέ
1169 4414 1289 4466 κατ’
1315 4413 1515 4477 αὐτοὺς
1552 4412 1905 4484 νομιζόμενος

310 4505 550 4573 ἀγνοεῖν,
588 4504 749 4568 αὐτός
772 4506 917 4557 ἐστιν
956 4506 985 4557 6
1024 4504 1149 4567 τοὺς
1178 4504 1562 4575 διαλογισμοὺς
1592 4503 1701 4558 τῶν
1731 4504 1908 4576 μαθη-

2003 3327 2169 3397 igitur
2195 3325 2443 3381 nesciens
2475 3325 2569 3381 sed
2602 3324 2783 3380 sciens
2829 3322 3217 3393 interrogabat.
3254 3320 3370 3376 Hoc
3403 3329 3584 3375 autem

2002 3434 2069 3473 ex
2111 3418 2231 3473 loco
2282 3418 2387 3472 alia
2416 3431 2709 3486 possumus
2747 3415 3070 3485 intelligere.
3113 3415 3227 3469 Nec
3253 3412 3396 3467 enim
3430 3412 3586 3483 igua-

2001 3523 2132 3562 rans
2150 3507 2413 3561 Dominus
2433 3505 2825 3575 interrogabat,
2848 3503 3074 3558 ubinam
3097 3501 3302 3572 jaceret
3321 3499 3582 3563 Lazarus,

2008 3612 2207 3668 neque,
2221 3613 2382 3667 quem
2402 3599 2580 3666 ipsum
2601 3596 2852 3650 homines
2873 3593 3138 3659 dicerent,
3157 3593 3251 3649 sed
3272 3592 3376 3646 hoc
3404 3593 3583 3661 ipsum

2004 3688 2151 3757 quod
2179 3686 2549 3757 interrogabat
2573 3700 2932 3756 cognoscens,
2965 3684 3255 3754 sciensque
3280 3683 3410 3753 quid
3441 3692 3587 3737 esset

2007 3780 2256 3834 iacturas
2278 3797 2290 3832 :
2316 3787 2479 3847 atque
2512 3777 2586 3832 ita
2621 3776 2876 3831 facillime
3115 3784 3334 3830 acutum
3367 3773 3584 3827 illorum

2004 3871 2283 3940 sophisma
2315 3867 2566 3923 diluitur.
2601 3867 2759 3933 Quod
2786 3868 2834 3924 si
2866 3867 2919 3920 in
2947 3880 3034 3932 eo,
3063 3868 3210 3937 quod
3252 3867 3587 3936 interrogate

2002 3962 2224 4025 dicitur,
2242 3961 2412 4016 velint
2458 3961 2744 4025 insistere,
2795 3960 3023 4015 audiant
3070 3960 3273 4015 nullam
3306 3958 3587 4012 indivini--

2005 4064 2115 4110 tate
2161 4053 2522 4124 ignorantiam
2577 4052 2857 4119 esse,sed
2899 4051 3180 4121 proprium
3234 4066 3355 4105 esse
3408 4051 3590 4104 carnis

2006 4149 2297 4219 ignorare,
2362 4148 2442 4203 uti
2490 4147 2696 4202 dictum
2762 4154 2864 4200 est.
2916 4145 3073 4212 Quod
3124 4145 3352 4214 quidem
3398 4159 3586 4199 verum

2003 4260 2128 4301 esse
2156 4243 2560 4314 comperies,'si
2584 4244 2843 4299 observes
2874 4256 2983 4312 quo
3007 4250 3167 4311 pacto
3203 4240 3468 4297 Dominus
3496 4241 3590 4311 qui

2006 4335 2361 4405 interrogavit
2394 4335 2487 4389 ubi
2522 4335 2733 4405 jacet-et
2771 4332 3036 4397 Lazarus,
3069 4333 3185 4402 ipse
3214 4348 3320 4387 non
3351 4348 3591 4402 praesens

2007 4428 2102 4483 sed
2132 4426 2321 4497 procul
2360 4426 2560 4481 absens
2600 4423 2800 4479 dixerit
2841 4422 3107 4477 Lazarum
3142 4426 3589 4482 mortuum'esse.

2008 4531 2188 4587 quove
2219 4516 2275 4571 in
2297 4516 2420 4570 loco
2440 4523 2693 4569 mortuus
2714 4521 2878 4568 esset.
2907 4512 2973 4566 Et
2997 4527 3125 4566 vero
3156 4513 3245 4566 ille
3275 4513 3593 4582 ipse,quem

308 4598 417 4651 τῶν
459 4594 876 4668 προγινώσκων,
898 4596 992 4649 καὶ
1012 4594 1169 4659 εἰδὼς
1192 4596 1265 4649 τὰ
1305 4597 1364 4651 ἐν
1387 4597 1455 4667 τῇ
1494 4596 1727 4651 ἑκάστου
1773 4614 1900 4670 καρ-

2009 4609 2258 4680 ignarum
2277 4621 2400 4661 esse
2415 4608 2752 4671 existimant,
2774 4605 2820 4659 is
2837 4612 2921 4660 est
2955 4604 3049 4673 (μή
3077 4604 3439 4672 cogitationes
3457 4619 3595 4671 prae-

308 4688 417 4757 δίᾳ,
443 4690 543 4741 καὶ
571 4687 626 4739 τί
656 4689 802 4740 ἐστιν
828 4688 887 4740 ἐν
933 4686 1013 4758 τῷ
1042 4684 1337 4758 ἀνθρώπῳ·
1364 4687 1460 4741 καὶ
1483 4686 1546 4740 τό
1588 4704 1653 4756 γε
1699 4688 1900 4758 μεῖζον,

2012 4699 2194 4756 noscit
2233 4698 2649 4769 discipulorum,
2691 4706 2747 4752 et
2784 4712 2908 4767 quae
2950 4696 3005 4749 in
3050 4694 3393 4766 singulorum
3430 4696 3595 4751 corde

312 4778 482 4839 αὐτὸς
512 4776 673 4847 μόνος
702 4776 960 4845 γινώσκει
1010 4774 1102 4829 τὸν
1144 4776 1386 4848 Πατέρα,
1418 4778 1513 4832 καὶ
1545 4777 1711 4848 λέγει·
1762 4777 1910 4851 Ἐγὼ

310 4868 381 4920 ἐν
412 4865 497 4932 τῷ
526 4865 730 4935 Πατρὶ,
762 4868 858 4921 καὶ
893 4871 925 4922 ὀ
950 4866 1153 4937 Πατὴρ
1320 4868 1391 4923 ἐν
1413 4868 1571 4939 ἐμοί.
1666 4936 1669 4939 Α

512 5067 725 5123 Οὐκοῦν
746 5071 911 5124 παντὶ
936 5068 1096 5124 τοῦτο
1140 5070 1298 5142 δῆλόν
1327 5073 1495 5137 ἐστιν,
1542 5074 1626 5127 ὅτι
1663 5075 1762 5145 τῆς
1810 5075 1910 5145 μὲν

314 5161 524 5233 σαρκός
548 5164 666 5215 ἐστι
702 5162 763 5215 τὸ
783 5163 1020 5231 ἀγνοεῖν,
1065 5164 1228 5228 αὐτὸς
1273 5165 1330 5219 δὲ
1363 5166 1393 5217 6
1435 5166 1628 5234 Λόγος,
1738 5169 1911 5237 Λόγος

312 5255 453 5318 ἐστὶ,
486 5252 557 5305 τά
587 5253 768 5307 πάντα
808 5254 905 5308 καὶ
958 5254 1088 5325 πρὶν
1140 5255 1412 5323 γενέσεως
1458 5256 1735 5324 γινώσκει.
1773 5259 1911 5313 Οὑδέ

314 5345 425 5415 γὰρ
472 5384 489 5409 ,
633 5345 825 5415 ἐπειδὴ
863 5345 1090 5413 γέγονεν
1143 5347 1451 5419 ἄνθρωπος,
1501 5349 1776 5404 πέπαυται
1814 5351 1910 5404 τοῦ

316 5430 458 5489 εἶναι
484 5435 640 5499 Θεός·
668 5436 811 5499 οὐδὲ,
844 5437 1034 5508 ἐπειδὴ
1067 5437 1200 5501 Θεός
1224 5439 1363 5505 ἐστι,
1394 5438 1584 5508 φεύγει
1613 5441 1675 5493 τὸ
1698 5441 1912 5512 ἀνθρώ·

318 5545 497 5582 πινον·
540 5528 617 5598 μὴ
644 5529 886 5597 γένοιτοι
918 5530 1054 5584 ἀλλὰ
1087 5532 1284 5602 μᾶλλον
1322 5532 1454 5597 Θεὸς
1482 5532 1578 5598 ῶν,
1607 5535 1915 5608 προσελάμ-

320 5619 454 5674 ϐανε
624 5620 723 5691 τὴν
754 5622 957 5692 σάρκα,
983 5624 1077 5677 καὶ
1120 5627 1179 5678 ἐν
1204 5627 1370 5697 σοιρκῖ⁸
1401 5624 1477 5679 ὢν
1504 5625 1771 5681 ἐϐεοποὶει
1814 5628 1913 5700 τὴν

395 5769 412 5799 ¹
448 5763 609 5825 Joan.
637 5783 713 5835 ιι,
743 5765 840 5823 51.
913 5765 936 5798 ³
964 5762 1156 5819 Matth.
1189 5774 1302 5826 xw,
1326 5758 1414 5818 15.
1490 5759 1513 5793 ³
1542 5758 1711 5817 Marc.
1748 5778 1820 5829 νι,
1844 5764 1933 5819 58.

2010 4802 2294 4864 geruntur,
2325 4791 2567 4861 quidque
2606 4790 2677 4845 sit
2706 4790 2760 4844 in
2786 4788 3005 4844 homine
3033 4798 3289 4842 accurate
3316 4790 3505 4843 novit:
3539 4798 3598 4843 et

2010 4886 2155 4957 quod
2179 4885 2359 4955 majus
2384 4893 2489 4949 est,
2507 4883 2657 4938 solus
2678 4884 2793 4953 ipse
2819 4880 3031 4936 Patrem
3059 4881 3341 4951 cognoscit
3359 4889 3413 4937 et
3432 4882 3592 4937 dicit:

2015 4978 2126 5051 Ego
2156 4995 2213 5033 ιη
2242 4978 2428 5044 Patre,
2455 4986 2505 5031 et
2538 4975 2700 5030 Pater
2723 4976 2779 5028 in
2805 4992 2885 5029 me
2915 4984 2994 5028 est
3024 4978 3068 5030 ⁸.

2204 5067 2392 5138 Itaque
2417 5067 2673 5123 omnibus
2701 5066 3051 5136 perspicuum
3083 5073 3167 5120 est
3197 5064 3598 5134 ignorationem

2015 5166 2080 5219 ad
2108 5179 2327 5218 carnem
2353 5162 2645 5233 pertinere,
2681 5160 2859 5231 ipsum
2902 5168 3084 5214 autem
3114 5157 3375 5221 Verbum,
3403 5163 3598 5226 quate-

2017 5272 2121 5312 nus
2146 5255 2383 5311 Verbum
2413 5264 2519 5321 est,
2549 5254 2733 5309 omnia
2756 5253 2910 5323 prius
2949 5252 3125 5307 etiam
3148 5264 3313 5320 quam
3353 5248 3602 5302 oriantur

2018 5364 2369 5420 cognoscere.
2392 5347 2503 5402 Nec
2532 5347 2679 5401 enim
2699 5360 2765 5401 eo
2792 5340 2941 5416 'qnod
2967 5344 3131 5399 homo
3151 5342 3326 5396 factus
3351 5339 3440 5403 sit,
3462 5336 3605 5390 Deus

2018 5458 2139 5498 esse
2155 5442 2318 5497 desiit
2347 5459 2361 5495 :
2387 5454 2565 5511 neque
2587 5439 2717 5510 quia
2746 5438 2890 5494 Deus
2912 5448 3017 5504 est,
3040 5436 3093 5490 id
3123 5431 3272 5504 quod
3301 5431 3605 5483 humanum

2019 5545 2103 5590 est
2132 5535 2305 5604 fugit:
2336 5534 2514 5601 absit;
2545 5532 2640 5587 scd
2669 5532 2853 5601 potius
2871 5529 3012 5584 Deus
3037 5541 3161 5581 cum
3198 5527 3364 5583 esset,
3384 5533 3604 5573 carnem

2021 5627 2341 5700 assumpsit,
2376 5635 2429 5683 ct
2471 5641 2596 5682 cum
2644 5633 2790 5680 esset
2838 5623 2893 5675 iu
2936 5631 3123 5683 carne,
3168 5627 3390 5668 carnem
3431 5609 3607 5681 ipsam

2008 5763 2029 5794 ⁸
2055 5762 2243 5821 Matth.
2276 5784 2366 5835 xx,
2396 5766 2485 5823 52.
2567 5766 2586 5797 '
2617 5763 2776 5818 Joan.
2809 5778 2882 5828 vn,
2916 5762 2969 5816 6.
3050 5760 3069 5791 ⁸
3095 5758 3252 5814 Joan.
3291 5771 3402 5822 xiv,
3449 5757 3533 5813 10.
