4058 6402
483 319 592 380 435

1717 306 2099 368 EUTIIYMII
2143 304 2506 368 ZIGABENI

3648 302 3760 369 ‘36

483 429 726 483 divinam
755 425 1011 482 reddidit.
1037 424 1169 480 Nam
1192 421 1656 496 quemadmodum
1675 420 1730 475 in
1761 421 1876 491 ipsa
1903 419 2069 474 inter-

2175 423 2374 492 σάρκα.
2396 424 2506 476 Καὶ
2531 422 2638 494 γὰρ
2665 422 2856 492 ὥσπερ
2883 423 2941 474 ὲν
2969 421 3107 493 αὐτῇ
3133 419 3640 487 ὲπυνθάνετο,οὖτω
3661 422 3764 474 καὶ

485 522 732 593 rogabat,
789 520 862 575 ita
929 520 982 573 in
1015 519 1208 574 eadem
1238 526 1514 572 mortuum
1567 514 1848 576 excitavit,
1883 513 2065 569 omni-

484 618 696 685 busque
730 623 919 685 aperte
952 613 1214 667 indicavit
1251 627 1376 665 emn
1410 609 1504 679 qui
1555 606 1789 662 mortuis
1824 606 1990 661 vitam
2016 615 2069 660 et

484 709 721 762 animam
751 705 1008 768 restituit,
1063 703 1234 757 multo
1295 701 1467 772 magis
1494 717 1581 755 res
1603 714 1795 754 omnes
1824 697 2069 752 occultas

481 802 687 871 optime
726 814 908 852 nosse.
949 795 1167 852 Sciebat
1219 795 1384 866 igitur
1422 794 1512 849 ubi
1537 793 1753 863 jaceret
1802 791 2066 866 Lazarus,

483 897 576 948 sed
607 903 785 947 tamen
822 890 1134 944 sciscitatus
1164 896 1272 944 est.
1308 887 1362 941 Id
1393 895 1578 940 autem
1624 883 1754 939 fecit
1785 882 2069 938 sanctissi-

483 1002 630 1040 mum
673 984 766 1038 Dei
800 981 1058 1046 Verbum,
1091 981 1238 1051 quod
1270 979 1456 1036 omnia
1487 978 1659 1034 nostri
1701 992 1866 1032 causa
1897 976 2066 1031 susti-

487 1079 630 1142 nuit,
661 1091 784 1131 cum
821 1085 879 1129 ut
911 1075 1014 1130 hoc
1047 1073 1211 1129 modo
1250 1083 1494 1129 nostram
1534 1069 1902 1143 ignorantiam
1935 1084 2067 1140 por-

487 1183 632 1234 tans,
665 1168 828 1222 nobis
854 1167 1028 1224 solius
1057 1167 1170 1220 veri
1205 1166 1288 1219 sui
1329 1165 1507 1220 Patris
1555 1163 1930 1236 cognitionem
1965 1161 2070 1215 im-

480 1263 727 1332 pertiret,
761 1271 874 1316 tum
911 1268 1086 1314 utnos
1114 1259 1336 1314 doceret
1360 1258 1598 1328 seipsum
1627 1266 1852 1327 propter
1877 1269 1979 1310 nos
2001 1253 2069 1309 ad

477 1358 723 1408 omnium
776 1353 1006 1408 salutem
1059 1351 1288 1406 missum
1347 1365 1492 1414 esse,
1543 1363 1648 1418 qua
1697 1346 1869 1416 gratia
1919 1345 2069 1401 nulla

477 1457 629 1503 certe
659 1447 831 1516 major
859 1445 1030 1516 possit
1061 1459 1204 1498 esse.
1239 1446 1309 1498 At
1339 1444 1383 1496 si
1426 1441 1663 1496 Verbum
1698 1440 1848 1497 venit
1882 1447 1936 1492 ut
1972 1439 2070 1493 lto-

476 1541 690 1594 minum
745 1551 920 1611 genus
971 1535 1266 1590 redimeret
1296 1543 1460 1604 atque
1511 1539 1570 1586 ut
1598 1541 1821 1586 sanctos
1857 1529 1980 1584 illos
2014 1538 2070 1584 et

479 1631 696 1686 divinos
734 1630 995 1686 redderet
1023 1643 1150 1683 caro
1187 1625 1392 1681 factum
1428 1637 1533 1691 est,
1571 1625 1659 1680 cui
1691 1623 2070 1700 nondumqex—

480 1726 751 1797 ploratum
788 1732 878 1778 est
930 1736 993 1778 ea
1027 1737 1146 1788 quae
1175 1735 1298 1774 cum
1333 1733 1462 1772 caro
1490 1719 1692 1773 factum
1740 1725 1842 1779 est.
1878 1730 1939 1772 se
1977 1731 2067 1770 ac-

479 1818 690 1887 cepisse
727 1824 979 1880 testatur,
1019 1829 1130 1866 non
1183 1821 1410 1884 propter
1457 1811 1731 1881 seipsum,
1768 1809 1866 1863 sed
1934 1824 2066 1879 pro-

2175 517 2233 569 ὲν
2248 514 2387 586 αὔτῇ
2413 515 2504 569 τὸν
2525 515 2717 586 νεκρὸν
2739 517 2928 586 ἤγειρε
2948 529 2962 543 °
2994 513 3087 566 καὶ
3111 514 3276 567 πᾶσιν
3295 513 3496 578 ἔδειξεν
3519 515 3604 569 ὅτι
3624 515 3652 567 ὁ
3673 530 3768 574 νε-

2173 607 2339 676 κροὺς
2357 605 2640 670 ξωοποιῶν
2657 606 2751 657 καὶ
2771 603 2872 673 τὴν
2894 603 3072 676 ψυχὴν
3094 605 3154 657 ἀν
3164 603 3553 674 ακαλούμενος,
3579 603 3770 675 πολλῷ

2174 697 2380 769 μᾶλλον
2396 696 2464 750 τὰ
2495 695 2717 769 κρυπτὰ
2739 698 2960 751 πάντων
2995 697 3349 766 ἐπιγινώσκει
3382 699 3475 752 καὶ
3497 697 3774 768 ἐγίνωσκε

2174 792 2278 846 ποῦ
2300 793 2480 846 κεῖται
2502 790 2753 864 Λάζαρος
2771 807 2786 822 θ
2806 791 2918 844 ἀλλ’
2939 791 3269 845 ἐπυνθάνετο
3284 806 3298 821 ⁸
3328 790 3504 844 ἐποίει
3535 790 3644 862 γὰρ
3667 791 3776 844 καὶ

2173 885 2378 938 τοῦτοὸ
2401 885 2665 953 πανάγιος
2701 883 2795 938 τοῦ
2824 883 2962 936 Θεοῦ
2993 885 3190 952 Λόγος,
3228 885 3452 940 όπάντα
3497 884 3564 937 δι’
3609 885 3773 954 ἡμᾶς

2176 976 2500 1046 ὑπομείνας,
2536 976 2621 1028 ἵνα
2647 977 2740 1030 καὶ
2756 974 2898 1029 οὕτω
2917 975 3018 1047 τὴν
3037 978 3260 1044 ἄγνοιαν
3284 975 3441 1046 ἡμῶν
3461 974 3772 1046 βαστάξας,

2173 1068 2474 1140 χαρίσηται
2529 1067 2821 1137 γινώσκειν
2871 1071 2962 1122 τὸν
3035 1069 3195 1140 μόνον
3252 1068 3449 1141 ἑαυτοῦ
3505 1067 3778 1138 ἀληθινὸν

2173 1162 2396 1233 Πατέρα
2426 1164 2522 1215 καὶ
2550 1162 2743 1216 ἑαυτὸν
2773 1163 2865 1216 τὸν
2897 1162 2965 1216 δι’
2996 1163 3148 1233 ἡμᾶς
3183 1163 3280 1215 ἐπὶ
3335 1162 3581 1233 σωτηρίᾳ
3628 1163 3781 1214 πάν-

2170 1273 2281 1310 των
2311 1255 2708 1317 ἀποσταλέντα,
2743 1249 2811 1326 ἧς
2847 1254 3049 1325 μείζων
3083 1259 3183 1309 οὐκ
3213 1253 3281 1308 ἂν
3317 1254 3526 1324 γένοιτο
3571 1256 3771 1326 χάρις.

2171 1351 2326 1415 Είδὲ,
2347 1350 2436 1405 ἵνα
2459 1348 2711 1422 λυτρωθῇ
2738 1351 2796 1402 τὸ
2822 1350 2976 1418 γένος
3000 1350 3061 1402 τὸ
3086 1348 3456 1418 ἀνθρώπινον,
3481 1350 3773 1419 ἐπεδήμη-

2173 1461 2265 1498 σεν
2293 1445 2320 1496 ὁ
2348 1444 2521 1510 Λόγος
2542 1483 2557 1508 ,
2589 1443 2682 1496 καὶ
2719 1443 2807 1499 ἵνα
2839 1443 3035 1506 αὐτοὺς
3092 1441 3302 1515 ἁγιάσῃ
3345 1443 3439 1494 καὶ
3468 1441 3782 1514 θεοποιήσῃ

2174 1537 2398 1605 γέγονεν
2425 1537 2452 1589 ό
2480 1533 2654 1603 Λόγος
2682 1534 2842 1604 σὰρξ,
2871 1534 2980 1588 τίνι
3008 1534 3200 1587 λοιπὸν
3225 1533 3336 1586 οὐκ·
3356 1533 3476 1586 ἐστι
3503 1532 3778 1603 φανερὸν,

2171 1631 2254 1684 ὃτι
2288 1629 2462 1684 ταίτα
2503 1629 2650 1698 ἅπερ
2686 1627 2972 1696 εἰληφέναι
3012 1626 3191 1695 λέγει,
3227 1627 3316 1678 ὅτε
3355 1625 3546 1696 γέγονε
3590 1624 3779 1694 σὰρξ,

2172 1725 2233 1777 οὐ
2269 1723 2335 1777 δι’
2357 1723 2571 1788 ἑαυτὸν,
2603 1723 2743 1776 ἀλλὰ
2773 1722 2865 1775 διὰ
2895 1722 2994 1791 τὴν
3031 1721 3215 1790 σάρκα
3247 1719 3432 1788 λέγει;
3469 1719 3556 1771 Ἐν
3586 1713 3620 1792 ᾖ
3655 1721 3782 1787 γάρ

2171 1813 2264 1889 ἦν,
2303 1818 2502 1888 λέγων,
2541 1817 2749 1888 ταύτης
2789 1811 2858 1887 ἦν
2897 1817 2996 1870 καὶ
3039 1815 3108 1869 τά
3149 1814 3403 1884 διδόμενα
3446 1812 3778 1882 χαρίσματα

487 1917 615 1978 pter
666 1923 888 1964 carnem
946 1922 1006 1962 se
1057 1909 1336 1977 accepisse
1391 1903 1736 1977 signiﬁcare?
1787 1902 2070 1973 Siquidem

2172 1912 2241 1968 δι’
2267 1911 2436 1968 αὐτοῦ
2479 1911 2636 1980 παρά
2669 1909 2763 1962 τοῦ
2807 1908 3040 1979 Πατρός.
3081 1907 3220 1960 Τίνα
3258 1906 3314 1958 δὲ
3351 1900 3421 1974 ἦν
3454 1904 3491 1960 ἀ
3533 1906 3776 1974 ἠγεῖτο,

481 2000 667 2071 gratia:
689 2015 788 2072 per
817 1999 995 2072 ipsum
1027 2015 1059 2054 a
1089 2000 1252 2054 Patre
1282 1999 1421 2054 data:
1438 1997 1507 2053 ad
1541 1998 1685 2052 illam
1719 1995 2070 2068 pertinebant

2173 2005 2398 2076 ίδωμεν,
2437 2005 2532 2060 καὶ
2570 2003 2695 2057 τίνα
2735 1997 2803 2073 ἦν
2841 2003 2979 2066 ὅλως
3020 1992 3288 2070 διίλεγεν
3327 1999 3630 2069 εἰληφέναι,
3677 1998 3778 2055 ινα

481 2107 729 2159 carnem,
771 2092 826 2147 in
856 2107 964 2162 qua
1001 2091 1093 2146 ille
1139 2093 1254 2162 ipse
1285 2099 1407 2146 erat
1437 2091 1532 2159 qui
1569 2090 1672 2146 ista
1725 2086 2068 2160 loquebatur.

2172 2099 2280 2154 κᾶν
2323 2096 2498 2160 οὕτως
2549 2085 2912 2151 αἰσθάνεσθαι
2957 2093 3266 2164 δυνηθῶσιν
3315 2093 3537 2150 ἐκεῖνοι.
3583 2085 3772 2155 Δόξιν

486 2184 780 2242 Videamus
815 2194 1001 2240 autem
1039 2199 1294 2256 quaenam
1339 2184 1583 2254 petebat,
1616 2190 1672 2238 et
1692 2198 1815 2254 qua:
1847 2183 2070 2238 tandem

2172 2189 2355 2244 τοίνυν
2383 2191 2587 2259 ἠγεῖτο,
2617 2188 2710 2240 καὶ
2741 2186 2916 2256 ἐλεγεο
2950 2183 3156 2240 Πάντα
3179 2200 3284 2254 μοι
3310 2181 3633 2250 παρεδόθη,
3667 2183 3772 2233 καὶ

482 2274 573 2329 illa
649 2285 779 2330 sunt
863 2289 986 2343 quae
1041 2289 1102 2329 se
1175 2273 1692 2350 accepisse‘dixit,
1765 2282 1825 2328 ut
1877 2273 2070 2329 saltem

2175 2280 2319 2352 μετά
2352 2279 2449 2354 τὴν
2483 2281 2786 2336 ἀνάστασιν
2821 2277 3075 2344 ἐξουσίαν
3109 2276 3298 2350 πᾶσάν
3333 2290 3503 2344 φησιν
3539 2271 3773 2342 είληφέ-

481 2367 555 2421 ita
587 2364 660 2420 illi
693 2365 1038 2420 erubescant.
1059 2364 1299 2420 Gloriam
1328 2364 1493 2436 igitur
1514 2364 1737 2435 petebat
1765 2364 1780 2393 ⁸
1809 2401 1826 2429 ,
1859 2363 2070 2420 aiebat-

2173 2390 2284 2426 ναι.
2323 2371 2491 2425 Ἀλλά
2533 2372 2631 2425 καὶ
2673 2373 2805 2442 πρὶν
2847 2371 2999 2441 εἴπῃ,
3045 2367 3252 2424 Πάντα
3285 2383 3389 2436 μοι
3428 2363 3766 2434 παρεδόθη,

480 2475 606 2529 que,
633 2457 824 2514 Omnia
859 2459 986 2512 milii
1009 2458 1208 2512 tradita
1234 2458 1396 2512 sunt’
1427 2476 1440 2511 :
1492 2466 1615 2528 post
1645 2471 1799 2512 suam
1832 2457 1960 2512 item
1983 2471 2069 2510 re-

2174 2463 2397 2518 πάντων
2421 2457 2490 2531 ἦν
2515 2444 2740 2533 Κύριος.
2772 2461 2956 2515 Πάντα
2983 2460 3092 2530 γάρ
3106 2457 3174 2514 δι’
3201 2457 3370 2511 αὑτοῦ
3400 2457 3634 2524 ἐγένετο,
3663 2457 3772 2507 καὶ

480 2551 884 2606 surrecﬁonem
915 2565 976 2605 se
1004 2564 1222 2606 omnem
1250 2549 1534 2620 accepisse
1569 2557 1898 2620 petestatem
1922 2547 2070 2602 amr-

2173 2549 2254 2618 εἷς
2287 2554 2492 2624 Κύριος
2524 2549 2592 2625 ἦν
2619 2553 2686 2609 δι’
2709 2549 2770 2609 οὗ
2797 2553 2870 2613 τὰ
2893 2553 3095 2608 πάντα.
3125 2552 3237 2606 Καὶ
3265 2551 3426 2618 δόξαν
3463 2551 3562 2618 μὲν
3591 2543 3770 2616 εἶχεν,

480 2656 594 2699 mat
613 2643 656 2696 ³.
699 2643 866 2712 Atqui
879 2654 1174 2712 antequam
1191 2641 1332 2697 dixit
1351 2641 1560 2698 :Omnia
1578 2642 1704 2695 mihi
1719 2641 1915 2694 tradita
1927 2649 2070 2709 sunt,

2172 2642 2240 2720 ἦς
2266 2647 2470 2716 Κύριος
2495 2641 2564 2718 ἦν
2609 2647 2704 2701 καὶ
2734 2645 2904 2709 ἐστιν,
2930 2646 3006 2709 ὡς
3035 2647 3062 2700 ὀ
3095 2643 3307 2705 name;
3337 2658 3506 2712 φησιν
3533 2641 3628 2696 Ἐι
3653 2640 3774 2709 γὰρ

482 2735 728 2789 omnium
753 2743 871 2788 erat
893 2732 1179 2788 Dominus:
1202 2733 1406 2803 quippe
1426 2747 1550 2788 cum
1573 2731 1755 2786 omnia
1779 2747 1877 2800 per
1895 2730 2070 2800 ipsum

2174 2739 2474 2808 ἔγνωσαν,
2500 2739 2612 2793 οὐκ
2626 2739 2703 2792 ἂν
2733 2738 2840 2792 τὸν
2854 2739 3076 2806 Κύριον
3099 2736 3209 2804 τῆς
3243 2735 3431 2800 δόξης
3460 2733 3776 2800 ἐσταύρω-

481 2830 626 2882 facta
692 2827 800 2881 sint
827 2824 872 2890 ⁸,
912 2835 969 2880 et
1024 2841 1168 2880 unus
1226 2832 1375 2880 esset
1430 2824 1719 2885 Dominus,
1779 2837 1878 2891 per
1907 2839 2070 2895 quem

2173 2847 2318 2887 σαν.
2335 2825 2665 2901 Εῐχεγάρῆν
2681 2831 2868 2902 ἠγεῖτο
2888 2830 3066 2898 λόγων
3087 2845 3100 2858 ’
3122 2827 3203 2898 Τῇ
3222 2821 3423 2898 δόξῃῇ
3437 2821 3631 2894 εἶχον,
3652 2825 3774 2891 πρὸ

483 2920 666 2973 omnia
701 2919 745 2972 ⁸.
807 2917 1073 2974 Similiter
1104 2934 1228 2973 cum
1270 2918 1498 2990 gloriam
1533 2917 1859 2988 postularet,
1890 2917 2070 2972 Domi-

2174 2923 2284 2978 τοῦ
2313 2925 2422 2978 τὸν
2449 2924 2684 2994 κόσμον
2700 2921 2878 2987 εἶναι,
2907 2923 3069 2991 παρὰ
3083 2923 3204 2976 σοί.
3237 2923 3352 2974 Καὶ
3384 2919 3484 2990 τὴν
3513 2919 3777 2984 ἐξουσίαν

486 3027 592 3065 nus
621 3010 816 3081 utique
847 3010 1034 3082 gloriae
1069 3021 1122 3065 et
1155 3017 1276 3064 erat
1304 3018 1361 3065 et
1396 3017 1503 3074 est,
1537 3009 1612 3064 uti
1665 3009 1868 3064 Paulus
1906 3018 2070 3066 testa-

2173 3016 2254 3083 δὲ,
2286 3017 2358 3090 ἢν
2389 3016 2545 3086 ἔλεγε
2581 3015 2722 3087 μετά
2750 3015 2851 3086 τὴν
2883 3016 3186 3070 ἀνάστασιν
3218 3013 3526 3084 εἰληφέναι,
3555 3014 3774 3084 ταύτην

485 3115 574 3156 tur
607 3120 622 3158 :
650 3101 708 3158 Si
740 3103 880 3157 enim
904 3103 1287 3174 cognovissent,
1336 3118 1606 3174 nunquam
1640 3100 1927 3158 Dominum
1951 3103 2070 3174 gla-

2177 3109 2291 3184 εἷχε
2325 3111 2422 3166 καὶ
2457 3110 2566 3183 πρὸ
2597 3110 2694 3164 τοῦ
2727 3109 2942 3174 λαϐεῖν,
2981 3114 3078 3164 καὶ
3109 3109 3218 3180 πρὸ
3252 3109 3346 3177 τῆς
3380 3109 3770 3174 ἀναστάσεως.

482 3196 1047 3264 riwcruciﬁxissent".
1122 3195 1368 3252 Habebat
1413 3196 1686 3267 siquidem
1746 3211 1911 3267 quam
1969 3196 2075 3252 hu-

481 3288 726 3353 iusmodi
761 3289 1022 3358 poscebat
1055 3290 1267 3344 verbis:
1300 3289 1484 3343 Gloria
1517 3305 1676 3359 quant
1691 3291 1872 3352 habui,
1897 3290 2075 3358 prius-

485 3396 644 3450 quam
672 3383 900 3436 mundus
931 3393 1085 3445 esset,
1118 3384 1261 3451 apud
1284 3390 1332 3436 te
1367 3383 1410 3437 ⁷.
1471 3380 1810 3437 Potestatem
1845 3383 2071 3451 pariter,

485 3488 656 3541 quam
706 3485 830 3544 post
876 3475 1340 3528 resurrectionem
1373 3476 1654 3545 accepisse
1683 3475 1838 3540 dicit,
1882 3473 2075 3531 habuit

485 3566 652 3621 etiam
710 3569 1033 3637 priusquam
1088 3583 1208 3622 eam
1260 3568 1555 3639 acciperet,
1611 3583 1877 3638 suamque
1945 3577 2074 3626 ante

488 3662 970 3716 resurrectionem.
999 3661 1215 3716 Etenim
1243 3663 1360 3732 ipse
1386 3676 1486 3732 per
1507 3675 1567 3716 se
1598 3660 1778 3731 ipsum
1813 3660 2072 3718 Satanam

485 3756 564 3807 sic
595 3753 946 3823 increpabat:
980 3753 1174 3808 Recede
1202 3771 1235 3808 a
1273 3772 1372 3819 me,
1407 3755 1616 3808 Satana
1651 3754 1709 3820 °;
1759 3754 1878 3810 suis
1939 3755 2072 3810 item

484 3847 772 3916 discipulis
809 3856 1138 3916 potestatem
1169 3847 1436 3902 adversus
1481 3849 1632 3901 illum
1661 3847 1812 3902 dedit
1835 3851 1879 3914 °,
1947 3863 2073 3903 cum

485 3941 593 3994 illis
629 3939 870 3996 reversis
900 3941 1016 3995 ait:
1061 3938 1314 3995 Videbam
1345 3940 1612 3996 Satanam
1639 3943 1774 3996 sicut
1803 3942 1984 4013 fulgur
2007 3942 2074 3996 de

486 4036 612 4088 οωίο
657 4035 936 4087 cadentem
994 4033 1060 4086 ⁸⁸.
1094 4032 1295 4087 Verum
1332 4035 1532 4087 iterum
1585 4034 1897 4088 ostenditur
1940 4034 2072 4089 illud

481 4127 628 4195 quod
655 4126 936 4194 accepisse
968 4125 1120 4191 dicit,
1152 4126 1318 4180 etiam
1348 4125 1607 4180 habuisse
1635 4127 1952 4197 priusquam
1973 4142 2072 4182 ae-

483 4218 716 4288 ciperet.
751 4217 1035 4288 Siquidem
1063 4217 1344 4272 daemones
1369 4217 1644 4289 abigebat,
1703 4229 1754 4273 et
1785 4235 1906 4290 quae
1942 4219 2074 4291 liga-

484 4320 639 4364 t'erat
672 4311 922 4374 Satanas,
953 4309 1072 4379 ipse
1106 4308 1376 4371 solvebat.
1415 4319 1475 4363 ut
1507 4319 1656 4379 patet
1689 4310 1742 4363 in
1776 4311 1865 4366 illa
1895 4313 2070 4367 Abra-

485 4403 571 4456 ltae
599 4403 705 4456 ﬁlia
734 4401 800 4455 “.
851 4401 1077 4459 Peccata
1105 4401 1248 4457 idem
1304 4403 1657 4468 condonavit,
1688 4419 1811 4458 cum
1859 4405 2071 4474 paraly-

485 4496 600 4551 tico
666 4503 725 4550 et
783 4495 1006 4550 mulieri
1057 4511 1180 4565 qua
1226 4496 1400 4564 ipsius
1449 4495 1607 4549 unxit
1656 4494 1844 4566 pedes,
1888 4497 2061 4551 dixit:
2093 4476 2145 4536 D

480 4589 842 4648 Bemiuuutur
873 4589 966 4642 tibi
991 4597 1209 4658 peccata
1239 4588 1308 4644 ".
1340 4587 1567 4644 Mortuis
1605 4597 1872 4655 prmterea
1895 4588 2064 4644 vitam

482 4684 740 4746 reddidit,
765 4685 1050 4752 visumque
1070 4697 1212 4737 ceco
1236 4689 1366 4738 nato
1386 4680 1632 4736 restituit
1665 4700 1677 4734 :
1702 4698 1822 4750 quae
1842 4681 2068 4750 quidem

481 4777 665 4831 omnia
689 4775 872 4831 etlecit
894 4789 1003 4829 non
1041 4775 1381 4844 praestolatus
1408 4774 1583 4829 donec
1608 4790 1670 4828 ea
1704 4777 1898 4843 agendi
1918 4776 2066 4831 acci-

483 4879 639 4934 peret
703 4874 1064 4935 potestatem,
1134 4863 1232 4918 sed
1296 4875 1355 4918 ut
1417 4865 1733 4932 bujusniodi
1793 4875 2064 4934 potestate

478 4959 588 5027 jam
627 4956 903 5024 praeditus.
960 4953 1038 5007 Ex
1085 4955 1283 5024 quibus
1325 4955 1634 5009 dilucidum
1694 4966 1781 5010 est
1819 4972 1941 5025 qute
2006 4969 2066 5013 ut

485 5051 719 5101 Veritum
748 5049 963 5110 habuit.
995 5050 1184 5102 eadem
1213 5057 1270 5102 et
1298 5047 1502 5101 factum
1537 5047 1815 5103 hominem
1835 5059 1888 5104 et
1916 5061 2062 5117 post-

478 5157 642 5210 quam
702 5139 897 5195 revixit
953 5154 1014 5195 se
1063 5140 1343 5209 accepisse
1379 5141 1562 5195 dicere
1608 5158 1620 5193 :
1655 5156 1852 5210 nempe
1884 5153 1942 5196 ut
1974 5144 2066 5197 ho-

483 5233 663 5287 mines
697 5233 751 5286 in
813 5231 978 5287 terris
1011 5231 1259 5300 quidem,
1309 5241 1568 5302 tanquam
1619 5234 1818 5289 divina:
1851 5243 2063 5292 natura

481 5323 771 5396 participes
819 5338 914 5390 per
953 5321 1127 5392 ipsum
1161 5323 1362 5390 etleCti,
1421 5333 1748 5395 potestatem
1794 5326 2063 5384 adversus

480 5414 757 5473 deatttoncs
799 5424 1288 5483 consequerentur,
1323 5415 1376 5468 in
1408 5417 1563 5471 caelis
1593 5432 1739 5482 vero,
1795 5427 2054 5485 tanquam

1138 5596 1157 5626 ²
1195 5594 1325 5651 Luc.
1381 5613 1434 5660 κ,
1484 5597 1576 5651 ἳὲὶ.

1139 5665 1162 5694 ⁸
1196 5667 1381 5721 Matth.
1413 5683 1487 5732 tv,
1530 5669 1614 5723 10.

589 5600 604 5628 ¹
637 5599 794 5653 Joau.
826 5612 959 5657 xm,
993 5594 1042 5646 l.

481 5670 536 5720 8.
604 5671 622 5699 ⁷
653 5670 809 5722 .Ioan.
846 5682 974 5729 xvn,

483 5738 595 5792 Luc
656 5754 754 5804 \‘u,
793 5738 884 5791 48.

1689 5599 1707 5629 ³
1745 5599 1938 5656 Matth.
1969 5601 2268 5668 xxvut,18.

1716 5672 1734 5702 ⁹
1771 5673 1900 5728 Luc.
1933 5690 1982 5736 κ,
2035 5676 2120 5732 t9.

2175 3207 2352 3270 Δὺτὸς
2394 3207 2493 3276 μιν
2531 3205 2641 3274 γὰρ
2682 3205 2922 3274 ιπετίμα
2961 3203 3032 3256 δι’
3063 3203 3260 3258 ἑαυτοῦ
3303 3202 3501 3271 λέγων,
3531 3203 3772 3271 ’Υπαγε

2176 3299 2374 3353 ὀπίσω
2395 3316 2537 3368 μου,
2563 3295 2824 3354 Σατανᾶ.
2857 3298 2967 3350 Καὶ
2991 3300 3104 3359 τοῖς
3136 3296 3408 3366 μαθηταῖς
3434 3295 3618 3350 “ideo
3635 3296 3765 3352 κατ’

2175 3388 2344 3444 αὑτοῦ
2391 3389 2493 3462 τὴν
2542 3390 2818 3454 ἐξουσίαν,
2846 3391 2934 3441 ὅτε
2969 3389 3064 3441 καὶ
3095 3386 3758 3458 ὑποστρεψάνωΐιύεὕν

2173 3481 2362 3552 ἔλεγεν
2391 3481 2752 3549 ’Ἐθεώρουν
2781 3485 2889 3536 τόν
2918 3479 3196 3536 Σατανᾶν
3226 3481 3307 3546 ὡς
3337 3477 3650 3550 ἀστραπὴν
3677 3479 3746 3533 ἐκ

2174 3573 2282 3628 τοῦ
2313 3571 2576 3640 οὐρανοῦ
2610 3574 2900 3626 πεσόντα.
2942 3571 3105 3624 Ἀλλά
3140 3573 3234 3624 καὶ
3269 3573 3436 3626 πάλιν
3465 3571 3602 3641 ὅπερ
3630 3569 3754 3622 ιλι-

2173 3683 2273 3735 γσν
2305 3665 2616 3737 εἰληφέναι,
2649 3665 2809 3719 τοῦτο
2850 3666 2944 3718 καὶ
2985 3665 3092 3733 πρὸ
3126 3663 3220 3717 τοῦ
3258 3664 3445 3717 λαϐεῖν
3477 3662 3620 3734 ἔχων
3653 3663 3768 3716 Icto

2174 3778 2390 3815 κνυται.
2426 3758 2567 3822 Τούς
2606 3775 2665 3813 τε
2699 3758 2811 3830 γὰρ
2842 3759 3105 3825 δαίμονας
3145 3758 3450 3829 ἀπήλαυνε,
3483 3757 3581 3812 καὶ
3607 3755 3764 3830 ἅπερ

2173 3852 2240 3922 ἦν
2269 3853 2439 3921 δήσας
2467 3854 2495 3905 δ
2525 3853 2791 3915 Σατανᾶς,
2826 3852 3176 3917 ἔλυεναὺτὸς,
3203 3853 3280 3914 ὡς
3299 3854 3390 3905 ἐπὶ
3419 3854 3520 3920 τῆς
3559 3849 3770 3922 Ἀϐρα-

2177 3947 2369 4015 μιαίας
2405 3946 2677 4017 θυγατρὸς
2711 3946 2936 4016 ὶποίησε
2957 3985 2972 4011 ,
3006 3948 3102 4000 καὶ
3136 3946 3414 4016 ἁμαρτίας
3448 3945 3602 4015 ἠφίει
3627 3986 3642 4010 ,
3676 3945 3771 3997 λέ-

2175 4054 2289 4106 γων
2319 4037 2399 4106 τῷ
2439 4036 2838 4108 παραλυτικῷ,
2875 4039 2972 4090 καὶ
3004 4040 3070 4106 τῇ
3105 4039 3232 4100 τοὺς
3274 4038 3440 4100 πόδας
3482 4037 3770 4109 ἀλειψάσῃ

2175 4124 2428 4196 γυναικίο
2463 4127 2792 4196 Ἀφέωνταί
2825 4140 2925 4180 σοι
2957 4130 3018 4181 αι
3050 4128 3348 4197 ἁμαρτίαι.
3384 4129 3492 4181 Καὶ
3527 4130 3772 4198 νεκροὺς

2177 4219 2277 4290 μὲν
2293 4219 2519 4290 ἦγειρι,
2552 4216 2647 4272 τοῦ
2678 4218 2882 4288 τυφλοῦ
2913 4219 2971 4272 δὲ
3003 4221 3104 4290 τὴν
3134 4219 3354 4288 γένετιιν
3386 4220 3771 4291 ἀποκαθιστᾷ,

2175 4310 2540 4382 χαριζόμενος
2573 4309 2726 4381 αὐτῷ
2755 4311 2817 4364 τὸ
2849 4310 3092 4381 βλέπειν.
3127 4312 3240 4364 Καὶ
3271 4312 3448 4366 ταῦτα
3483 4311 3658 4364 ὶποίει
3695 4315 3770 4365 οὑ

2177 4404 2361 4474 μένων
2391 4404 2497 4468 ἓως
2530 4403 2700 4476 λάϐῃ,
2733 4405 2852 4458 ἀλλ’
2877 4405 3237 4476 ὲξνιυσιαστὴς
3269 4404 3366 4458 ὢν.
3408 4405 3498 4467 Ὠς
3535 4407 3597 4458 ἑκ
3631 4405 3776 4459 τού-

2171 4515 2282 4552 των
2305 4497 2463 4568 δῆλον
2491 4494 2654 4563 εἶναι,
2682 4499 2764 4551 ὄτι
2791 4497 2828 4552 a
2857 4492 2973 4568 εἷχε
3003 4498 3176 4566 Λόγος
3207 4497 3306 4563 ὢν,
3336 4498 3509 4552 ταῦτα
3540 4499 3636 4550 καὶ
3667 4516 3776 4566 γε-

2171 4591 2396 4661 νόμενος
2429 4590 2752 4660 ἄνθρωπος,
2785 4592 2878 4644 καὶ
2912 4592 3053 4661 μετά
3082 4591 3182 4662 τὴν
3212 4591 3510 4646 ἀνάστασιν
3543 4592 3777 4662 ἀνθρω-

2170 4683 2341 4748 πίνως
2371 4683 2651 4755 εἰληφέναι
2685 4669 2928 4751 λέγεται,
2965 4685 3051 4738 ἵνα
3087 4685 3154 4738 δι’
3187 4683 3351 4738 αὑτὸν
3385 4686 3433 4738 οἱ
3470 4683 3769 4753 ἄνθρωποι

2169 4779 2264 4829 ἐπὶ
2307 4776 2410 4847 μὲν
2443 4777 2541 4846 τῆς
2582 4775 2689 4846 γῆς
2725 4775 2802 4841 ὡς
2840 4781 3092 4831 κοινωνοὶ
3132 4779 3414 4848 γενόμενοι
3455 4777 3607 4838 θείας
3654 4778 3772 4846 φύς

2169 4887 2308 4933 σεως
2339 4870 2527 4925 λοιπὸν
2554 4868 2807 4935 ἐξουσίαν
2835 4870 3002 4941 ἔχωσι
3036 4870 3179 4924 κατά
3204 4871 3313 4922 τῶν
3344 4871 3619 4940 δαιμόνων
3644 4885 3658 4899 ·
3693 4874 3769 4925 ὲν

2167 4961 2228 5016 δὲ
2255 4963 2368 5024 ταῖς
2396 4962 2644 5032 οὐρανοῖς
2672 4962 2748 5024 ὼς
2777 4961 3236 5032 ἐλευθερωθέντες
3270 4960 3380 5014 ἀπὺ
3405 4961 3502 5030 τῆς
3534 4961 3766 5031 φθορᾶς

2170 5053 2405 5116 ἀίωνίως
2441 5053 2788 5122 βασιλεύωσι.
2823 5053 3071 5107 Καθόλου
3105 5055 3217 5124 γὰρ
3249 5054 3355 5124 χρὴ
3387 5053 3546 5105 τοῦτο
3578 5055 3765 5119 γινώ-

2172 5162 2345 5211 σκειν,
2386 5147 2470 5201 δτι
2512 5147 2668 5201 οὐδὲν
2709 5138 2786 5200 ὧν
2822 5147 2973 5215 λέγει
3017 5145 3320 5214 εἰληφέναι,
3357 5142 3435 5204 ὡς
3485 5145 3560 5211 μὴ
3606 5143 3762 5211 ἔχων

2170 5237 2361 5292 ἔλασαν
2379 5278 2394 5301 ,
2427 5239 2519 5292 ἵνα
2548 5240 2650 5310 τῆς
2682 5238 2885 5308 σαρκὸς
2914 5239 2973 5292 ἐν
3001 5237 3149 5308 αὐτῷ
3179 5234 3570 5306 λαμϐανούσης
3591 5274 3606 5298 ,
3641 5234 3768 5286 λοι-

2169 5328 2274 5382 πὸν
2310 5329 2367 5396 ἐξ
2403 5331 2618 5400 ἐκείνης
2659 5332 2754 5384 καὶ
2787 5330 2875 5398 ἀφ’
2899 5331 3050 5400 ἡμᾶς
3089 5330 3124 5400 η
3160 5329 3324 5400 χάρις
3360 5326 3619 5401 διαϐαίνῃ
3658 5327 3764 5398 βο-

2171 5421 2363 5485 Gaium.

2369 5605 2390 5634 ⁵
2423 5603 2583 5657 Joan.
2623 5619 2660 5667 ι,
2696 5602 2750 5657 5.
2849 5605 2872 5638 ³
2907 5601 2926 5654 1
2958 5601 3086 5655 Cor.
3111 5615 3228 5668 vni,
3265 5601 3320 5661 ϐ,

2240 5675 2281 5706 ¹⁰
2331 5674 2461 5730 ibuL
2506 5675 2590 5728 l8.
2703 5675 2742 5705 "
2773 5674 2904 5731 Luc.
2939 5690 3032 5740 χιι,
3073 5673 3158 5727 l6.

3422 5601 3443 5632 ‘
3475 5602 3495 5659 Ι
3525 5601 3652 5658 Cor.
3688 5619 3754 5671 It,

3275 5673 3320 5703 "
3349 5670 3538 5729 Matth.
3571 5691 3646 5741 Ix,
3682 5670 3754 5744 5‘,
