4058 6390
297 347 404 412 437

1287 336 1662 403 PANOPLIA
1701 323 2165 392 DOGMA'I'ICA.
2204 344 2278 358 -
2307 319 2457 380 Tl'l‘.
2496 315 2606 377 Χῐ.

3477 283 3585 371 4'38

295 459 659 530 corruptione
693 456 944 522 liberati,
977 463 1244 527 perpetuo
1275 465 1507 526 regnare
1538 444 1772 520 possint.
1805 439 1862 493 id
1908 437 2053 494 enim
2083 431 2386 508 generatim
2414 427 2698 530 sciendum
2729 435 2836 491 est,
2864 421 3232 530 nihil-eorum
3267 439 3398 530 qua:
3437 439 3597 482 acce-

301 561 450 632 pisse
469 518 797 624 dicit,quasi
840 569 904 608 ea
931 518 1047 607 non
1075 518 1303 606 haberet
1339 518 1616 616 accepisse
1646 554 1662 594 :
1695 547 1824 592 nam
1857 529 2128 593 Verbum,
2177 536 2364 601 utpote
2395 525 2562 592 Deus,
2591 523 2700 632 .illa
2751 535 2968 632 semper
3008 520 3218 632 habuit.
3267 518 3470 576 Verum
3491 534 3599 632 ’δε-

298 615 545 711 cundum
583 615 888 706 humanam
928 658 1178 703 naturam
1211 642 1491 714 accepisse
1511 629 1662 694 nunc
1705 628 1932 694 dicitur,
1957 632 2039 694 ut,
2067 635 2235 680 carne
2259 623 2313 678 in
2355 622 2474 693 ipso
2492 619 2817 691 accipiente,
2859 616 2988 672 inde
3020 617 3077 672 in
3109 617 3272 696 nobis
3324 633 3446 696 qua:
3475 615 3604 673 data

299 760 432 807 ιιιιιι
477 757 803 804 constanter
841 753 1248 818 permanerent.

618 842 736 910 Τῆς
768 839 963 910 αὐτῆς
997 840 1218 910 ὁμοίως
1254 832 1354 890 καὶ
1386 830 1596 891 ταῦτα.

367 938 537 1000 τίνος
559 937 620 991 δὲ
656 936 821 1006 χάριν
857 933 1145 1003 γινώσκων
1179 930 1384 998 ἔλεγεν,
1416 928 1499 982 ὅτι
1534 918 1677 992 οὐδὲ
1702 917 1735 975 ὁ
1769 912 1904 1006 Υἱὸς

311 1030 468 1088 οἶδεν·
491 1045 517 1094 ;
549 1005 761 1082 Οὐδένα
801 1026 912 1081 τῶν
942 1024 1152 1079 πιστῶν
1197 1021 1416 1093 ἀγνοεῖν
1460 1013 1640 1087 οἶμαι,
1681 1011 1766 1066 ὅτι
1813 1005 1906 1063 καὶ

319 1125 464 1179 τοῦτο
500 1120 660 1174 οὐδὲν
690 1113 854 1191 ἧττον
887 1117 978 1171 διὰ
1006 1116 1104 1188 τὴν
1139 1113 1320 1186 σάρκα
1353 1111 1429 1174 ὥς
1464 1106 1752 1177 ἄνθρωπος
1786 1098 1906 1153 ἕλε-

319 1237 426 1289 γεν.
473 1215 618 1270 Οὐδὲ
670 1213 782 1284 γὰρ
828 1211 986 1266 τοῦτο
1033 1208 1323 1278 ἐλάττωμα
1365 1202 1461 1257 τοῦ
1509 1201 1684 1267 Λόγου
1735 1193 1905 1289 ἐστὶν,

310 1283 449 1368 ἀλλὰ
497 1310 598 1380 τῆς
649 1283 1000 1377 ἀνθρωπίνης
1051 1298 1269 1372 φύσεώς
1317 1297 1470 1349 ἐστιν
1517 1291 1654 1346 ἴδιον
1705 1285 1801 1341 καὶ
1847 1283 1908 1380 16

308 1372 814 1472 ὰγνοεῖνίἊμέλίει
857 1372 1032 1461 λέγων
1068 1393 1125 1444 ὲν
1159 1388 1236 1458 τῷ
1287 1381 1626 1472 Εὕαγγελίῳ,
1651 1377 1779 1447 περ).
1813 1372 1908 1472 τοῑξ

311 1465 457 1549 κατὰ
506 1491 566 1545 τὸ
616 1465 962 1556 ἀνθρώπινον
1012 1480 1182 1536 αὑτοῦ
1212 1494 1224 1508 ·
1251 1477 1469 1543 Πάτερ,
1515 1470 1826 1540 ἐλήλυθεν
1871 1465 1908 1534 ἡ

309 1587 456 1655 ἔφη,
502 1581 778 1647 δόξασόν
815 1594 934 1632 σου
975 1575 1082 1630 τὸν
1129 1573 1290 1638 Υίόν,
1332 1568 1515 1638 δῆλον,
1554 1565 1636 1619 ὅτι
1679 1562 1774 1655 καὶ
1811 1558 1911 1629 τὴν

309 1677 410 1732 τοῦ
457 1676 667 1738 παντὸς
735 1671 921 1734 τέλους
964 1668 1114 1738 ὥραν
1152 1666 1227 1728 ὥς
1275 1663 1372 1734 μὲν
1413 1659 1586 1729 Λόγος
1625 1653 1910 1726 γινώσκει,

312 1775 390 1834 ὥς
438 1770 501 1824 δὲ
551 1769 840 1838 ἄνθρωπος
890 1763 1099 1830 ἀγνοεῖ.
1139 1757 1456 1829 Ἀνθρώπου
1507 1753 1618 1825 γὰρ
1672 1750 1805 1804 ίδιον
1852 1747 1914 1800 τὸ

313 1861 562 1930 ἀγνοεῖν,
602 1859 700 1912 καὶ
751 1856 987 1928 μάλιστα
1031 1850 1227 1918 ταῦτα.
1265 1847 1428 1902 Ἀλλὰ
1473 1845 1570 1901 καὶ
1617 1841 1774 1897 τοῦτο
1816 1839 1914 1909 τῆς

317 1948 742 2022 φιλανθρωπίας
771 1945 906 1999 ίδιον
933 1942 1027 1996 τοῦ
1058 1941 1336 2011 Σωτῆρος.
1369 1935 1592 2008 Ἐπειδὴ
1617 1935 1728 2004 γὰρ
1755 1931 1916 2000 γέγο-

315 2062 405 2096 νεν
445 2041 766 2110 ἄνθρωπος,
808 2038 910 2092 οὐκ
951 2035 1292 2106 ἐπῃσχύνετο
1330 2032 1418 2086 διὰ
1455 2029 1556 2103 τὴν
1598 2031 1778 2098 σάρκα
1816 2023 1914 2094 τὴν

315 2134 630 2205 ἀγνοοῦσαι)
664 2130 994 2198 εἰπεῖηοῦκ
1029 2126 1168 2192 οἶδα,
1206 2125 1292 2180 ἵνα
1323 2124 1498 2198 δείξῃ,
1531 2124 1614 2176 ὅτι
1649 2119 1806 2182 εἰδὼς
1839 2117 1915 2182 ὥς

314 2231 476 2294 Θεὸς,
510 2227 699 2296 ἀγνοεῖ
732 2224 1039 2296 σαρκικῶς.
1070 2223 1185 2276 Οὐκ
1217 2221 1407 2291 εἴρηκε
1437 2217 1588 2288 γοῦν,
1617 2213 1855 2269 ὃτιΟὺδὲ
1885 2215 1913 2265 6

317 2324 348 2376 1
369 2321 446 2383 ἰὸς
483 2317 580 2373 τοῦ
611 2316 771 2381 Θεοῦ,
804 2317 892 2370 ἵνα
927 2319 1002 2386 μὴ
1032 2317 1064 2384 ἡ
1101 2314 1294 2382 Θεότης
1324 2308 1594 2378 ἀγνοοῦσα
1627 2305 1912 2377 φαίνηται,

316 2413 440 2468 ἀλλ’
461 2409 838 2478 ἁπλῶς,οὺδὶ
868 2409 896 2462 6
927 2408 1074 2472 Υἱδς,
1097 2406 1185 2460 ἵνα
1215 2403 1310 2459 τοῦ
1339 2404 1396 2469 ἐξ
1428 2401 1732 2476 ἀνθρώπων
1760 2415 1915 2468 γενο-

319 2507 490 2578 μένου
527 2503 658 2558 Υίοῦ
691 2505 724 2573 ἡ
755 2503 947 2571 ἄγνοια
1060 2501 1159 2553 Διά
1184 2499 1344 2552 τοῦτο
1376 2498 1469 2551 καὶ
1500 2496 1626 2565 περὶ
1659 2491 1914 2562 ἀγγέλων

319 2599 497 2652 εἰπὼν
525 2597 628 2650 οὐκ
655 2593 880 2666 εἴρηκεν
898 2591 1302 2656 ὲπαναϐαίνων,
1328 2591 1411 2644 ὃτι
1442 2590 1578 2643 Οὐδὲ
1604 2587 1664 2640 τὸ
1692 2586 1916 2655 Πνεῦμα

315 2695 380 2747 τὸ
417 2691 582 2760 ἆγιον
603 2730 617 2750 ,
658 2688 772 2743 αλλ’
801 2687 1074 2754 ἐσιώπησε
1109 2685 1325 2746 δεικνὺς
1357 2687 1426 2736 τὰ
1459 2681 1554 2737 δύο
1589 2677 1798 2744 ταῦτα,
1832 2677 1915 2731 ὅτι

317 2787 369 2839 εἰ
400 2787 465 2838 τὸ
506 2783 736 2854 Πνεῦμα
770 2776 878 2833 οἶδε
902 2823 916 2846 ,
955 2778 1135 2850 πολλῷ
1175 2778 1376 2850 μᾶλλον
1408 2778 1434 2829 6
1467 2776 1638 2844 Λόγἰς
1741 2771 1915 2839 Λόγος

314 2876 453 2944 οἶδε,
493 2876 629 2947 παρ’
653 2871 714 2928 οὒ
747 2877 839 2927 καὶ
869 2875 929 2926 τδ
965 2873 1189 2943 Πνεῦμα
1216 2869 1520 2941 λαμϐάνει,
1552 2871 1645 2922 καὶ
1677 2870 1758 2923 ὃτι
1790 2867 1917 2939 περὶ

314 2975 411 3028 τοῦ
465 2970 795 3042 Πνεῦματος
846 2969 1130 3036 σιωπῂσας
1182 2965 1418 3034 φανερὸν
1462 2963 1786 3036 πεποίηκεν,
1834 2965 1916 3016 ὅτι

318 3068 454 3138 περὶ
511 3067 614 3136 τῆς
670 3060 1019 3132 ἀνθρωπίνης
1073 3055 1240 3110 αὑτοῦ
1292 3055 1640 3127 λειτουργίας
1691 3057 1916 3125 ἔλεγεν,

321 3161 481 3214 mea
518 3163 550 3213 ό
599 3155 755 3221 Υἱός.
799 3154 907 3214 lli,-
943 3153 997 3203 δὲ
1036 3149 1176 3214 πλὴν
1208 3150 1318 3203 τῶν
1355 3147 1649 3222 ’Δρειανῶν
1685 3166 1920 3219 συνομο-

317 3243 642 3322 ἷςγήσειεν,
668 3247 742 3310 ὼς
769 3247 797 3298 6
823 3249 912 3299 τὸν
941 3245 1159 3314 Πατέρα.
1188 3244 1475 3312 γινώσκων
1505 3242 1689 3312 πολλῴ
1721 3243 1922 3314 μᾶλλον

319 3343 428 3399 οἶδε
463 3345 563 3413 τῆς
598 3340 835 3401 κτίσεως
866 3337 926 3389 τὸ
955 3337 1098 3403 ὅλον,
1129 3341 1184 3388 ὲν
1214 3337 1272 3391 δὲ
1302 3335 1380 3407 τῷ
1411 3337 1518 3407 ὅλῳ
1548 3336 1643 3390 καὶ
1671 3336 1732 3387 τὸ
1765 3335 1923 3398 τέλος

320 3437 554 3505 ταύτης.
595 3434 704 3485 Καὶ
743 3431 790 3482 εἰ
827 3429 1060 3499 ὥρισται
1127 3431 1161 3500 ἡ
1201 3428 1321 3500 ὥρα
1355 3431 1448 3485 καὶ
1480 3432 1514 3499 ὴ
1552 3428 1739 3499 ἡμέρα
1775 3428 1924 3497 παρὰ

2118 868 2127 882 ι
2399 803 2484 859 Ex
2540 804 2714 860 eodem
2762 801 2871 856 loro
2909 809 2956 856 et
3005 804 3136 856 hwc.
3167 781 3190 804 ⁶

2078 901 2192 959 Cur
2232 908 2414 956 autem
2442 909 2778 969 (agitescens
2805 895 3027 962 dixerit,
3065 913 3129 950 ne
3164 892 3370 952 Filium
3393 899 3607 972 quidem

2008 1005 2202 1064 noue,
2263 990 2537 1048 neminem
2594 987 2835 1044 ﬁdelium
2901 987 3138 1043 arbitror
3203 986 3475 1060 ignorare.
3549 993 3606 1048 Id

2013 1088 2161 1145 enim
2191 1099 2411 1158 quoque
2440 1089 2660 1153 propter
2743 1093 2987 1146 carnem,
3062 1090 3123 1134 ut
3157 1080 3345 1150 homo,
3427 1081 3604 1151 dixit;

2011 1196 2076 1237 ea
2106 1193 2345 1249 namque
2376 1191 2435 1232 re
2463 1173 2647 1230 Verbo
2676 1172 2812 1228 nihil
2831 1172 3160 1240 detrahitur,
3189 1189 3312 1229 cum
3354 1175 3608 1233 humanae

2013 1282 2226 1328 natura:
2285 1269 2567 1340 proprium
2627 1267 2698 1322 sit
2793 1266 3030 1321 nescire.
3085 1266 3304 1336 Alioqui
3362 1283 3488 1325 cum
3551 1269 3608 1325 in

2014 1364 2309 1438 Evangelio
2339 1364 2407 1419 de
2439 1377 2499 1418 se
2532 1369 2592 1414 ut
2641 1361 2710 1416 de
2743 1359 2967 1416 homine
3014 1360 3161 1416 dicat
3199 1379 3213 1417 :
3247 1361 3436 1429 Pater,
3471 1367 3609 1420 venit

2012 1457 2164 1523 hora,
2184 1454 2421 1524 clari/ica
2446 1451 2642 1507 Filium
2673 1463 2821 1506 mum
2842 1453 3248 1523 ‘,perspicuum
3277 1465 3362 1512 est
3391 1473 3516 1512 eum
3557 1467 3614 1514 et

2015 1543 2208 1606 mundi
2265 1550 2389 1605 ﬁnis
2449 1549 2638 1604 horam
2690 1547 2767 1602 uti
2836 1545 3074 1602 Verbum
3134 1563 3491 1619 cognoscere,
3555 1560 3615 1605 ut

2023 1645 2309 1702 hominem
2353 1651 2534 1697 autem
2585 1642 2856 1709 ignorare.
2886 1637 3000 1694 lloc
3046 1641 3194 1694 enim
3223 1649 3307 1696 est
3375 1639 3614 1696 hominis

2026 1737 2336 1809 proprium,
2389 1745 2450 1790 ut
2485 1735 2720 1805 ignoret,
2747 1743 2804 1789 et
2871 1733 3108 1788 maxime
3169 1749 3258 1788 res
3318 1735 3610 1804 ejusmodi.

2018 1827 2138 1894 Quo
2170 1836 2355 1882 tamen
2389 1824 2509 1878 loco
2529 1835 2585 1879 et
2611 1822 2918 1878 Servatoris
2986 1821 3376 1894 benignitatem
3419 1839 3617 1894 agnos-

2018 1922 2227 1986 cimus,
2269 1920 2370 1996 qui.
2394 1933 2518 1973 cum
2547 1925 2694 1972 esset
2727 1916 2889 1970 etiam
2947 1916 3109 1970 homo
3139 1930 3250 1970 non
3279 1916 3500 1971 erubuit
3532 1916 3616 1973 di-

2017 2030 2162 2080 cere,
2219 2028 2280 2068 se
2312 2012 2549 2076 nescire,
2602 2019 2663 2064 ut
2695 2007 3021 2074 declararet,
3083 2023 3165 2076 se,
3221 2005 3471 2078 quamvis
3539 2010 3616 2063 uti

2016 2106 2162 2164 Deus
2193 2106 2380 2172 sciret,
2413 2113 2470 2160 ut
2503 2103 2784 2158 hominem
2813 2103 3086 2173 ignorare.
3108 2099 3228 2156 Non
3250 2103 3380 2157 dixit
3408 2111 3614 2164 autem.

2020 2201 2102 2256 Ne
2139 2199 2311 2256 Filius
2339 2197 2561 2269 quidem
2603 2195 2700 2252 Dei
2723 2194 2900 2261 novit,
2943 2210 3010 2250 ne
3043 2192 3300 2250 divinitas
3331 2195 3515 2267 ignara
3541 2197 3620 2250 vi-

2017 2294 2239 2351 deretur
2269 2312 2282 2348 :
2318 2291 2414 2347 sed
2455 2289 2800 2360 simpliciter,
2830 2285 2909 2342 Ne
2929 2285 3098 2342 Filius
3135 2286 3382 2356 quidem,
3411 2298 3470 2342 ut
3497 2287 3617 2343 Filii

2015 2403 2080 2442 ex
2117 2386 2344 2441 homine
2369 2383 2498 2438 facti
2529 2381 2892 2453 ignorantiam
2911 2395 3033 2436 esse
3078 2390 3371 2436 constaret.
3405 2381 3621 2437 idcirco

2018 2489 2073 2534 et
2107 2479 2175 2534 de
2200 2475 2407 2549 angelis
2428 2475 2708 2530 aﬂirmans
2727 2490 2835 2528 non
2864 2469 3111 2528 ascendit
3131 2487 3218 2539 eo,
3245 2481 3306 2528 ut
3325 2472 3550 2540 diceret,
3567 2484 3621 2531 et

2021 2573 2293 2642 Spiritum
2345 2581 2598 2626 sanctum
2639 2568 2879 2632 nescire,
2937 2568 3035 2622 sed
3091 2567 3283 2631 tacuit.
3341 2567 3456 2624 haec
3511 2568 3621 2622 du)

2018 2666 2350 2739 significans,
2383 2662 2621 2734 primum
2656 2662 2700 2716 si
2734 2660 2974 2732 Spiritus
3018 2660 3192 2723 novit,
3225 2660 3396 2716 multo
3451 2661 3621 2731 magis

2021 2761 2281 2825 Verbum,
2315 2766 2374 2812 ut
2412 2756 2647 2811 Verbum
2682 2769 2875 2817 nosse,
2899 2769 2931 2809 a
2983 2768 3093 2823 quo
3134 2751 3370 2822 Spiritus
3400 2754 3621 2824 accipit,

2021 2855 2220 2911 deinde
2250 2868 2372 2908 cum
2405 2851 2474 2906 de
2503 2849 2711 2919 Spiritu
2734 2848 2998 2914 siluisset,
3022 2849 3188 2904 verba
3211 2847 3320 2914 illa,
3346 2847 3423 2904 Ne
3451 2847 3623 2903 Filius

2031 2947 2281 3018 quidem,
2313 2943 2380 2999 de
2413 2941 2718 2997 ministerio
2753 2954 2854 2995 suo
2882 2941 3121 2997 humano
3162 2942 3392 2998 dixisse.
3427 2941 3624 2996 Nullus

2025 3049 2208 3096 autem
2242 3047 2347 3101 est,
2383 3034 2628 3108 exceptis
2693 3034 2937 3101 Arianis,
2997 3034 3090 3104 qui
3140 3049 3251 3090 non
3297 3037 3624 3091 confiteatur

2027 3149 2179 3200 eum,
2211 3131 2303 3202 qui
2345 3125 2562 3184 Patrem
2601 3128 2776 3192 novit,
2815 3127 2987 3182 multo
3016 3127 3185 3199 magis
3220 3143 3384 3183 nosse
3433 3145 3619 3183 rerum

2027 3233 2438 3296 procreatarum
2477 3217 2910 3283 universitatem,
2945 3219 2998 3271 in
3025 3233 3130 3287 qua
3179 3229 3236 3274 et
3268 3218 3444 3288 ipsius
3471 3221 3622 3278 orbis

2029 3317 2154 3373 ﬁnis
2205 3315 2543 3369 continetur.
2606 3309 2763 3377 Quod
2793 3310 2839 3364 si
2897 3308 3016 3365 dies
3056 3317 3112 3364 et
3169 3310 3301 3366 hora
3356 3312 3622 3382 praeﬁnita

2027 3420 2158 3464 esta
2193 3409 2374 3470 Patre,
2428 3405 2780 3474 perspicuum
2830 3413 2933 3467 est,
2967 3417 3086 3460 eam
3112 3420 3210 3474 per
3237 3404 3431 3461 Filium
3499 3423 3623 3462 esse

328 3525 426 3578 τοῦ
461 3522 698 3594 Πατρδς,
735 3521 894 3590 δῆλόν
926 3523 1095 3584 ἐστιν,
1130 3520 1213 3572 ὅτι
1247 3520 1338 3573 διὰ
1367 3520 1460 3572 τοῦ
1495 3519 1627 3573 Υίιιῦ
1660 3520 1917 3587 ὥρισται,

2027 3500 2368 3574 praeﬁnitam.
2418 3497 2575 3564 Quod
2619 3507 2806 3550 autem
2861 3512 2960 3566 per
3001 3513 3060 3552 se
3131 3499 3460 3568 przeiinitum
3515 3511 3621 3565 est,

347 3618 446 3666 καὶ
469 3611 598 3668 οἶδεν
622 3613 789 3676 αὐτὸς
817 3613 877 3666 τὸ
904 3610 1153 3666 διἀὑτοῦ
1183 3613 1421 3682 ὀρισθέν.
1449 3613 1618 3667 Οὐδὲν
1642 3613 1750 3686 γάρ
1775 3613 1924 3667 tam:

358 3707 386 3760 ὃ
416 3707 492 3777 μὴ
518 3707 597 3760 διὰ
622 3707 709 3760 τοῦ
746 3704 876 3759 Υίοῦ
909 3705 1100 3773 γέγονέ
1130 3722 1189 3757 τε
1221 3705 1316 3757 καὶ
1349 3703 1605 3776 ὥρισται.

421 3795 580 3852 Πάλιν
621 3815 703 3865 τε,
752 3797 802 3849 εἰ
847 3797 1029 3850 πάντα
1070 3797 1165 3849 τοῦ
1215 3797 1430 3867 [ἰατρὸς
1470 3797 1564 3850 τοῦ
1608 3796 1738 3850 Υἱοῦ
1782 3796 1924 3862 ἐστι,

341 3890 497 3943 τοῦτο
525 3891 637 3959 γὰρ
671 3889 838 3954 αὐτὸς
873 3889 1064 3960 εἴρηκε
1090 3927 1106 3953 ,
1136 3888 1230 3941 τοῦ
1263 3887 1320 3940 δὲ
1357 3889 1570 3960 Πατρός
1605 3891 1724 3942 ἐστι
1755 3890 1815 3942 τὸ
1849 3891 1926 3944 ει-

333 3987 483 4038 δέναι
515 3984 885 4056 τὴνςὴμέραν,
918 3983 1076 4053 δῆλόν
1107 3983 1277 4050 ἐστιν,
1311 3983 1392 4036 ὅτι
1425 3985 1518 4036 καὶ
1548 3985 1575 4036 6
1609 3983 1735 4046 Υίὸς
1761 3979 1924 4049 οἶδεν,

332 4079 467 4131 ίὸιον
502 4077 646 4147 ἔχων
678 4080 774 4129 καὶ
805 4076 967 4128 τοῦτο
1001 4077 1065 4128 ἐκ
1095 4075 1189 4128 τοῦ
1228 4075 1460 4148 Πατρός.
1497 4075 1608 4130 Καὶ
1645 4078 1844 4141 πάλιν,
1878 4078 1925 4128 εἰ

331 4173 359 4222 ὁ
394 4169 527 4231 Υἱὸς
563 4173 623 4220 ὲν
657 4168 734 4238 τῷ
770 4169 985 4238 Πατρὶ,
1018 4168 1113 4220 καὶ
1143 4167 1171 4218 6
1207 4169 1392 4240 Πατὴρ
1430 4170 1488 4222 ὲν
1521 4169 1598 4241 τῷ
1635 4170 1782 4243 Υίῷ,
1817 4165 1926 4224 οἶδε

332 4262 388 4315 δὲ
418 4263 449 4316 6
487 4261 682 4331 Πατὴρ
714 4260 813 4331 τὴν
841 4260 1058 4332 ἡμέραν
1089 4261 1183 4313 καὶ
1213 4259 1310 4331 τὴν
1342 4259 1524 4332 ὥραν,
1555 4265 1820 4333 φανερὸν,
1846 4263 1926 4317 ὅτι

332 4357 428 4408 καὶ
462 4355 493 4406 6
523 4353 654 4416 Υἱὸς
688 4355 746 4404 ὲν
776 4351 849 4422 τῷ
881 4352 1056 4423 Πατρὶ
1086 4350 1182 4418 ὣν,
1215 4353 1312 4405 καὶ
1341 4353 1496 4415 εἰδὼς
1528 4355 1596 4408 τὰ
1625 4357 1681 4408 ἐν
1712 4354 1788 4426 τῷ
1819 4358 1929 4410 Πα-

331 4449 423 4517 τρὶ
446 4487 464 4506 ,
497 4439 609 4497 οἶδε
639 4444 735 4496 καὶ
768 4442 930 4504 αὐτὸς
961 4440 1059 4513 τὴν
1087 4442 1303 4513 ἡμέραν
1334 4446 1426 4496 καὶ
1451 4442 1550 4514 τὴν
1577 4442 1749 4515 ὥραν.
1783 4444 1843 4498 Εἰ
1870 4445 1925 4498 δὲ

335 4539 433 4588 καὶ
465 4533 636 4588 είκών
669 4535 817 4590 ἐστιν
848 4531 1082 4604 ἀληθινὴ
1108 4533 1201 4586 τοῦ
1237 4535 1451 4606 [ἰατρὸς
1482 4537 1509 4588 6
1543 4535 1698 4601 Υίξς,
1729 4532 1839 4590 οἶδε
1869 4536 1926 4591 δὲ

333 4634 362 4679 ὁ
408 4626 608 4696 [ἰατὴρ
629 4666 642 4690 ,
673 4625 834 4694 δῆλον
863 4625 948 4677 ὅτι
981 4625 1076 4677 κα)⁸
1105 4626 1236 4695 περ)⁸
1264 4624 1359 4678 τοῦ
1394 4626 1592 4680 ειδέναι
1625 4627 1798 4695 ταῦτα
1828 4627 1928 4700 τὴν

332 4718 641 4787 ὁμοιότητα
675 4716 769 4768 τοῦ
810 4716 1022 4786 Πατρὸς
1057 4717 1085 4769 6
1128 4717 1248 4780 Υἱὸς
1282 4717 1418 4788 ἔχει.
1454 4718 1928 4790 Συναριθμοῦντες

2032 3595 2088 3649 id
2123 3595 2238 3664 ipse
2288 3590 2546 3645 nimirum
2585 3590 2762 3643 novit.
2796 3587 2941 3642 Nihil
3006 3590 3157 3646 enim
3209 3593 3354 3661 quod
3389 3609 3497 3648 non
3525 3611 3622 3664 per

2029 3687 2226 3742 Filium
2251 3684 2321 3739 sit
2344 3684 2548 3738 factum
2578 3692 2632 3736 et
2683 3679 3034 3752 praefinitum.

2103 3799 2368 3854 Praeterea
2393 3797 2440 3852 si
2465 3793 2648 3851 omnia
2679 3811 2799 3865 qua:
2817 3796 2994 3850 Patris
3038 3807 3189 3864 sunt,
3224 3799 3342 3854 Filii
3380 3811 3529 3866 sunt,
3565 3813 3624 3857 ut

2032 3895 2150 3965 ipse
2180 3889 2535 3956 dixit,l’atris
2553 3897 2854 3954 autemest,
2872 3889 3013 3945 scire
3041 3891 3184 3945 diem
3213 3891 3380 3953 illam,
3409 3897 3623 3966 perspi-

2031 4001 2197 4043 cuum
2235 3992 2342 4048 est,
2376 3998 2496 4038 eam
2525 3990 2583 4036 et
2623 3979 2821 4036 Filium
2863 3997 3049 4047 nosse,
3083 3999 3206 4038 cum
3241 3985 3294 4041 id
3317 3987 3478 4042 etiam
3500 4005 3624 4059 pro-

2030 4083 2209 4155 prium
2237 4080 2436 4136 habeat
2459 4093 2523 4133 ex
2543 4077 2728 4133 Patre.
2751 4077 2829 4132 Ad
2854 4078 3028 4133 haacsi
3048 4077 3217 4135 Filius
3248 4082 3302 4135 in
3324 4084 3485 4139 Patre
3514 4094 3620 4148 est,

2029 4189 2080 4231 et
2107 4173 2337 4229 Paterin
2367 4170 2524 4234 Filio,
2556 4171 2712 4227 novit
2736 4182 2919 4226 autem
2951 4172 3116 4227 Pater
3142 4174 3287 4229 diem
3320 4187 3375 4232 et
3407 4177 3619 4245 horam,

2027 4283 2142 4322 non
2165 4275 2249 4322 est
2273 4263 2652 4327 dubitandum,
2701 4265 2834 4334 quin
2868 4261 3041 4320 Filius
3065 4265 3118 4320 in
3138 4267 3301 4322 Patre
3326 4269 3618 4336 exsistens,

2031 4370 2088 4415 et
2114 4359 2300 4414 sciens
2333 4372 2455 4428 qua:
2493 4366 2622 4423 sunt
2677 4358 2730 4409 in
2763 4357 2947 4421 Patre,
2997 4357 3211 4412 noverit
3261 4362 3427 4414 etiam
3503 4362 3620 4430 ipse

2031 4451 2174 4506 diem
2225 4459 2281 4505 et
2323 4449 2536 4505 horam.
2589 4447 2833 4518 Denique
2883 4463 3010 4503 cum
3073 4465 3202 4504 vera
3264 4452 3447 4508 Patris
3481 4453 3619 4508 ima-

2032 4559 2100 4613 go
2147 4541 2219 4596 sit
2283 4539 2477 4606 Filius,
2533 4543 2682 4595 norit
2739 4550 2922 4596 autem
2966 4541 3146 4606 Pater,
3219 4552 3372 4612 patet
3398 4546 3454 4598 in
3517 4546 3622 4600 hoc

2031 4653 2250 4709 quoque
2287 4635 2482 4691 Filium
2546 4635 2694 4690 Patri
2746 4634 2980 4691 similem
3035 4650 3175 4690 esse.
3229 4636 3421 4691 Ariani
3483 4653 3616 4694 vero

2034 4731 2128 4785 Dei
2160 4727 2355 4783 Filium
2395 4727 2451 4780 in
2480 4741 2664 4781 rerum
2726 4735 3134 4796 procreatarum
3190 4741 3420 4782 numero
3447 4729 3620 4785 collo-

334 4811 392 4862 δὲ
425 4810 540 4870 τοῖς
575 4810 814 4878 γενητοῖς
845 4809 895 4859 oi
934 4807 1204 4878 Ἀρειανοὶ
1234 4810 1323 4862 τὸν
1353 4811 1478 4865 Υἱὸν
1505 4814 1598 4866 τοῦ
1630 4795 1768 4865 Θεοῧ
1801 4812 1918 4867 κατ’

2035 4833 2256 4887 cantes,
2329 4817 2596 4890 paulatim
2668 4795 3000 4872 meditantur
3055 4819 3329 4888 quomodo
3401 4819 3621 4876 Patrem

333 4903 525 4970 ὀλίγον
556 4898 652 4954 καὶ
686 4899 850 4952 αὑτὸν
884 4900 973 4953 τὸν
1008 4899 1226 4970 Πατέρα
1263 4900 1521 4956 ὀλὰττονα
1551 4905 1654 4973 τῆς
1689 4905 1923 4968 κτίσεως

337 4993 616 5064 μελετῶσι
659 4991 860 5058 λέγειν.
911 4993 972 5044 Εἰ
1016 4995 1126 5064 γὰρ
1168 4995 1196 5046 6
1240 4994 1460 5066 Πεπέρα
1500 4997 1782 5064 γινώσκων
1823 4998 1924 5051 οὐκ

332 5082 448 5137 οἷόε
486 5083 585 5153 τὴν
615 5085 850 5155 ἡμέραν,
883 5085 1004 5136 οὐδὲ
1039 5087 1136 5156 τὴν
1170 5087 1336 5158 ὥρκν,
1377 5089 1650 5160 φοϐοῦμαι
1687 5091 1764 5162 μὴ
1801 5091 1923 5160 μεί-

335 5175 451 5238 ζων
488 5175 674 5240 ἔσται,
710 5174 786 5237 ὥς
821 5174 888 5227 ἂν
924 5177 1121 5229 ἐκεῖνοι
1158 5179 1423 5246 μανέντες
1456 5182 1690 5248 εἴποιεν,
1727 5185 1760 5252 ἡ
1795 5183 1924 5254 περὶ

333 5269 438 5336 τῆς
470 5268 726 5334 κτίσεως,
756 5267 960 5338 μᾶλλον
985 5268 1039 5321 δὲ
1067 5272 1099 5341 ὴ
1132 5272 1258 5340 περὶ
1288 5274 1379 5325 τοῦ
1412 5271 1692 5338 ἐλάττονος
1723 5277 1925 5344 μέρους

332 5358 437 5426 τῆς
475 5355 701 5420 κτίσεως
740 5359 940 5428 γνῶσις
973 5359 1072 5428 τῆς
1106 5362 1237 5429 περὶ
1268 5360 1361 5412 τοῦ
1399 5361 1613 5433 [Ιατρός
1645 5355 1920 5430 γνώσεως.

342 5448 491 5502 Ἀλλ’
513 5451 613 5504 οὐκ
641 5450 860 5519 ἀγνοεῖιν
888 5449 1095 5517 ἔλεγεν,
1123 5454 1236 5508 οὐκ
1260 5451 1398 5521 οἶδα,
1431 5454 1566 5508 ἀλλὰ
1597 5457 1812 5519 δεικνὺς
1840 5459 1924 5512 ὅτι

331 5542 512 5610 σάρκα
533 5542 840 5611 ἀγνοοῦσαν
869 5543 1168 5600 ἐνεδύσατο.
1189 5545 1324 5598 Τότε
1349 5545 1478 5614 γοῦν
1501 5548 1762 5618 εἰρηκὼς,
1789 5551 1922 5606 Οὐδὲ

325 5636 355 5688 6
400 5637 517 5703 ι’ίὸς
551 5632 662 5690 οἶδε
685 5676 700 5701 ,
743 5633 846 5687 καὶ
880 5635 986 5688 τῶν
1021 5637 1160 5692 κατὰ
1193 5640 1284 5695 τὸν
1316 5639 1440 5694 Νῶε
1476 5641 1784 5714 ἀνθρώπων
1819 5645 1922 5717 τὴν

389 5815 594 5876 'Joan.
627 5828 776 5878 xvu,
824 5812 876 5867 ι.

2029 4916 2210 4986 ipsum
2248 4912 2415 4968 rebus
2472 4912 2772 4982 procreatis
2834 4911 3102 4966 minorem
3134 4915 3343 4978 dicant;
3376 4915 3420 4970 si
3474 4916 3620 4970 enim

2030 5008 2124 5077 qui
2169 5008 2389 5062 Patrem
2424 5005 2582 5060 novit
2612 5004 2756 5060 diem
2821 5015 2878 5060 et
2914 5005 3103 5060 horam
3166 5007 3311 5063 illam
3389 5010 3620 5080 ignorat,

2029 5117 2245 5164 vereor,
2275 5115 2346 5154 ne
2379 5097 2550 5169 major
2593 5097 2688 5163 sit,
2723 5106 2782 5151 ut
2819 5097 3155 5155 insanientes
3209 5102 3298 5154 isti
3352 5101 3618 5166 dicerent,

2029 5193 2292 5263 cognitio,
2324 5207 2447 5262 quae
2502 5190 2573 5246 ad
2630 5207 2717 5245 res
2752 5201 3087 5260 procreatas,
3158 5193 3272 5248 imo
3305 5209 3433 5248 vero
3494 5210 3619 5262 qua:

2037 5286 2102 5339 ad
2129 5284 2395 5337 minorem
2459 5295 2648 5335 earum
2696 5291 2928 5350 partem,
2957 5297 3121 5352 quam
3161 5297 3282 5350 quae
3308 5281 3374 5334 ad
3401 5279 3616 5335 Patrem

2037 5381 2332 5445 pertinent.
2363 5373 2632 5428 thcrum
2701 5387 2811 5426 non
2849 5373 3105 5443 ignorans
3134 5372 3287 5436 dixit,
3346 5370 3462 5426 Non
3513 5387 3616 5426 no-

2034 5466 2110 5529 vi,
2179 5464 2276 5518 sed
2327 5463 2598 5529 indicans,
2647 5476 2706 5516 se
2763 5473 2985 5519 carnem
3042 5464 3286 5534 ignaram
3346 5462 3614 5527 induisse,

2032 5557 2190 5621 dixit,
2236 5553 2316 5611 Ne
2350 5554 2521 5610 Filius
2573 5553 2795 5623 quidem
2847 5555 3017 5610 novit.
3047 5555 3114 5608 Et
3173 5555 3480 5624 hominum,
3524 5559 3619 5628 qui

2030 5658 2188 5706 crant
2267 5657 2512 5718 tempore
2577 5648 2714 5715 Noe,
2773 5646 3132 5719 ignorantiam
3179 5662 3617 5705 commemorans
