2029 3234
216 162 267 193 43)

836 162 1025 196 EUI‘HYMII
1045 165 1226 197 ZIGABENI

1790 170 1848 203 HO

215 219 308 246 statim
333 218 454 253 subiecit
471 228 479 247 :
501 218 614 254 Vigila“
629 220 722 255 igitur,
743 220 804 255 quia
816 220 931 253 nescitis,
948 228 1000 255 qua

1063 220 1164 255 ἱγνοιαν
1178 223 1314 258 παραθεὶς
1327 224 1409 258 εὐθὺς
1424 224 1549 261 ὶπήγαγε
1561 233 1567 241 ·
1582 225 1760 260 Γρηγορεῖτε
1772 224 1829 254 οὖν
1838 247 1848 259 ,

216 262 281 289 hora
313 261 440 290 Dominus
459 267 544 290 vester
565 267 687 290 venturus
703 264 738 290 sit
756 264 776 290 '.
814 264 847 291 Et
870 271 1001 297 rursum;

217 307 277 342 Qua
290 308 355 335 hora
370 317 421 336 non
438 309 539 344 putatis
549 308 633 336 Filius
649 310 763 337 homini:
777 310 859 336 ueniet
873 310 897 337 '.
923 308 1001 343 Quod

216 356 239 384 si
263 357 302 384 uti
316 357 385 385 Dens
398 357 558 392 ignorasset,
569 358 717 385 dicendum
729 362 803 386 erat:
816 357 932 393 Vigilate
950 358 1004 394 igi-

215 404 270 433 tur,
284 401 346 435 quia
353 401 453 432 nescio,
466 405 494 428 et
508 408 562 436 qua
585 401 653 429 hora
666 409 721 429 non
746 406 822 437 puto.
837 402 896 429 Non
910 406 1001 430 autem

216 444 252 471 ita
261 444 340 477 dixit,
358 445 416 477 sed,
438 444 507 477 Quia
523 446 628 472 nuc-itte
653 453 708 478 eos,
726 450 764 478 et,
780 445 839 478 Qua
853 446 918 473 hora
950 454 1003 473 non

216 492 325 524 putatis,
347 491 549 519 utostenderet
579 491 719 520 hominum
754 500 814 521 esse
859 494 1001 529 proprium

215 537 350 573 ignorare.
358 539 530 575 Quapropter
541 548 637 568 eorum
654 544 682 568 et
695 540 754 576 ipse
764 549 873 569 carnem
884 541 1003 570 similem

214 584 330 617 habens,
357 590 386 612 et
398 586 481 613 homo
494 585 584 613 factus
595 586 713 620 dicebat,
740 586 779 614 Ne
795 587 881 615 Filius
893 587 1003 622 quidem

213 630 300 658 novit.
316 630 381 658 Nam
391 636 418 659 et
432 632 466 659 de
480 632 538 659 Noe
555 640 608 659 non
622 632 700 665 dixit,
716 631 774 660 Non
791 633 928 668 cognovit,
944 633 1002 666 sed,

214 676 274 703 Non
315 683 514 712 cognoverunt,
553 679 636 705 donec
676 678 804 706 diluvium
829 680 896 708 venit
908 679 928 706 ³.
963 678 1004 707 liii

215 723 288 750 enim
305 732 359 752 non
377 725 588 760 cognoscebant,
607 724 666 760 ipse
692 729 783 753 autem
801 725 935 753 diluvium
962 725 1004 753 in-

216 768 323 796 ducens
345 771 538 806 cognoscebat.
569 770 754 803 Quamobrem
767 775 795 798 et
822 771 880 798 Noe
913 770 1001 799 dixit:

214 814 354 850 Ingredere
378 819 416 849 tu,
436 816 521 857 etﬁlii
534 816 572 842 tui
602 816 641 843 tui
669 816 697 843 in
722 825 814 844 arcam
827 816 849 844 ⁸.
874 816 902 844 Si
930 817 1003 845 enim

216 860 378 896 ignorasset,
417 869 471 889 non
510 861 682 897 praedixisset
711 860 769 889 Noe
787 871 793 889 :
811 861 927 898 Septimo
971 863 1003 890 ab

1059 267 1104 294 ὅτι
1118 269 1174 296 οὐκ
1190 269 1289 297 οιδατε
1303 271 1376 305 ποίᾳ
1390 270 1451 305 ὥρᾳ
1464 272 1481 298 ό
1496 271 1603 305 Κύριος
1616 270 1703 306 ὑμῶν
1715 272 1848 306 ἔρχεται.

1057 314 1113 340 Καὶ
1124 314 1206 342 πάλιν
1216 312 1272 351 ⁸*ῌ
1288 317 1324 343 οὐ
1335 315 1450 343 δοκεῖτε
1468 316 1555 350 mpod
1577 316 1645 350 Υἱὸς
1662 317 1716 344 τοῦ
1733 317 1850 351 ἀνθρώ-

1057 367 1116 386 που
1131 360 1258 394 ἔρχεται.
1271 362 1344 388 Ἔδει
1360 362 1401 394 δι,
1415 362 1493 398 ειπερ
1509 360 1544 398 ἦν
1561 363 1665 396 ἀγνοῶν
1681 363 1792 394 θεῖκῶς,
1809 364 1851 389 εί-

1057 405 1130 438 πεῖν,
1148 406 1313 443 Γρηγορεῖτε
1329 405 1388 441 οὖν,
1407 408 1449 435 ὅτι
1467 409 1518 435 οὐκ
1535 406 1606 441 οἶδα,
1626 409 1673 435 καὶ
1726 409 1757 435 οὺ
1774 408 1850 435 δοκῶ

1057 450 1127 487 ὥρᾳ.
1136 451 1194 479 Νῦν
1204 452 1232 479 δὲ
1241 453 1320 480 τοῦτο
1328 454 1378 489 μὲν
1385 454 1435 480 οὐκ
1443 453 1531 487 εἶπεν,
1541 453 1660 489 εἰρηκὼς
1667 454 1705 486 δὲ,
1714 454 1756 481 ὅτι
1767 463 1776 480 ‹
1789 454 1851 481 Οὐκ

1056 497 1145 524 οἴδατε
1160 498 1249 533 ὑμεῖς,
1266 509 1275 526 ι
1288 499 1345 532 καὶ,
1360 509 1370 526 ‹
1412 500 1442 526 οὺ
1459 500 1561 526 δοκεῖτε
1575 500 1647 535 ὥρᾳ,
1658 509 1667 526 ι
1681 499 1792 533 ἔδειξεν,
1807 500 1852 527 ὅτι

1057 543 1113 571 1τῶν
1124 544 1275 580 ἀνθρώπων
1290 546 1349 573 ἐστὶ
1360 548 1390 573 τδ
1404 547 1522 581 ἀγνοεῖν,
1537 546 1571 573 δι’
1578 545 1625 578 οὓς
1640 546 1688 573 καὶ
1703 546 1785 577 αὐτὸς
1799 545 1853 581 τὴν

1057 589 1153 624 ὁμοίαν
1169 591 1260 618 αὐτῶν
1275 591 1345 626 ἔχων
1360 592 1461 628 σάρκα,
1478 593 1524 620 καὶ
1540 592 1685 627 ἄνθρωπος
1699 593 1854 627 γενόμενος

1058 635 1161 670 ἔλεγεν,
1177 637 1219 663 ὅτι
1237 637 1314 665 οὐδὲ
1329 639 1346 665 d
1360 639 1426 671 Υιός
1442 638 1514 666 οἶδε.
1531 638 1587 665 Καὶ
1605 638 1659 673 γὰρ
1674 638 1721 664 καὶ
1737 638 1783 664 ἐπὶ
1799 637 1851 664 τοῦ

1057 682 1119 708 Νῶε
1134 682 1185 709 οὐκ
1199 680 1352 717 εἷπεν,οὒκ
1366 683 1451 717 ἔγνω,
1465 684 1522 711 ἀλλ’
1532 684 1582 710 οὐκ
1596 684 1717 717 ἔγνωσαν
1730 684 1782 714 ἕως
1795 681 1847 718 ἧλ-

1058 726 1104 754 θεν
1119 728 1133 754 6
1149 729 1351 764 κατακλυσμός.
1365 731 1397 757 0t
1415 730 1465 765 μὲν
1479 731 1533 765 γὰρ
1548 730 1599 756 οὐκ
1614 729 1775 764 ἐγίνωσκον,
1789 730 1804 755 6
1821 729 1854 756 δὲ

1057 774 1103 800 τὸν
1123 775 1317 811 κατακλυσμὸν
1334 776 1445 810 ἐπάγων
1463 776 1607 810 ἐγίνωσκε.
1631 776 1681 803 Διὰ
1699 775 1780 801 τοῦτο
1802 775 1855 801 καὶ

1056 819 1096 854 τῷ
1112 820 1172 847 Νῶε
1188 821 1299 856 εἴρηκεν
1309 830 1315 837 ·
1326 821 1464 855 Εἰσελθε,
1480 822 1521 849 σὺ
1536 823 1585 849 καὶ
1602 823 1628 850 οὶ
1644 822 1706 849 υίοί
1722 829 1781 848 σου
1806 822 1856 854 είς

1057 865 1116 900 τὴν
1133 867 1269 895 κιϐωτόν.
1285 867 1317 894 Et
1336 868 1390 902 γὰρ
1407 866 1441 903 ἦν
1458 868 1580 902 ἀγνοῶν,
1599 869 1648 894 οὐκ
1668 868 1700 894 ἂν
1719 868 1854 902 προέλεγε

215 907 275 934 hinc
295 908 336 935 die
348 908 471 935 inducam
497 908 612 942 pluviam
639 916 718 942 super
737 913 836 935 terram
850 908 871 935 '.
906 908 1007 942 Quem-

1063 912 1098 947 τῷ
1113 912 1185 944 Νῶε,
1198 913 1261 940 Ἔτι
1277 899 1468 948 τορὴῇιερῶν
1481 899 1558 940 ἐπετά
1572 913 1629 948 ἐγὼ
1644 899 1745 947 ἐπάγω
1759 913 1855 939 ὑετὸν

216 953 362 982 admodum
393 954 466 982 enim
507 954 588 982 homo
623 954 711 982 iactus
749 961 811 982 cum
844 954 1004 982 hominibus

217 1001 313 1033 esurit,
329 1006 353 1028 et
371 1001 438 1033 sitit,
450 1006 478 1029 et
505 1001 619 1036 patitur,
648 1001 687 1028 sic
698 1008 761 1027 cnm
788 1000 947 1028 hominibus
977 1006 1007 1028 ut

217 1047 300 1074 homo
315 1054 369 1074 non
386 1047 471 1075 novit.
482 1047 615 1075 Divinitas
629 1053 719 1075 autem
734 1047 761 1075 in
776 1047 857 1075 Patre
868 1048 1005 1076 exsistens

217 1097 246 1119 et
263 1091 381 1121 Verbum
398 1098 424 1121 et
443 1094 576 1129 sapientia
588 1093 675 1127 novit,
691 1099 719 1122 et
740 1094 808 1121 nihil
828 1093 945 1130 ignorat.
961 1093 1007 1122 Sic

218 1144 246 1167 et
263 1139 296 1168 de
310 1139 411 1168 Lazaro
421 1146 450 1168 ut
467 1141 549 1168 homo
565 1145 772 1177 percunctatur,
787 1141 834 1176 qui
852 1146 1008 1174 venerat,ut

218 1192 281 1214 eum
298 1185 325 1213 in
346 1186 427 1214 vitam
443 1190 594 1220 revocaret,
604 1187 706 1222 quique
719 1191 844 1219 noverat,
858 1187 929 1214 unde
941 1187 1002 1214 ani-

217 1240 290 1260 mam
304 1222 364 1268 eius
391 1232 503 1260 acciret.
515 1232 603 1268 Majus
615 1237 706 1261 autem
719 1237 761 1261 est
773 1233 855 1266 scire,
871 1233 917 1260 ubi
935 1238 1009 1261 esset

217 1278 308 1306 anima
321 1278 391 1314 ejus,
405 1286 486 1314 quam
508 1286 600 1312 nosse,
624 1279 670 1307 ubi
684 1279 802 1307 cadaver
825 1280 937 1315 iaceret.
970 1281 1008 1308 Ita

218 1325 370 1360 discipulos
385 1326 466 1353 etiam
485 1325 644 1361 interrogat,
660 1334 723 1353 cum
739 1326 859 1355 venisset
879 1327 906 1354 in
920 1333 1009 1362 partes

218 1371 362 1404 Caesarem,
378 1375 406 1400 et
420 1372 504 1400 sciret
519 1376 665 1406 antequam
690 1371 789 1399 Petrus
817 1373 1008 1407 responderet.

219 1418 288 1445 Nam
300 1418 322 1446 si
334 1426 376 1449 eaI
387 1417 420 1445 de
435 1417 535 1453 quibus
548 1417 679 1445 Dominus
688 1418 915 1453 percontabatur,
930 1417 1010 1445 Pater

220 1464 303 1492 Petro
318 1463 457 1494 revelavit.
472 1463 649 1499 perspicuum
660 1463 740 1491 estid
753 1472 801 1499 per
812 1463 911 1492 Filium
926 1464 1011 1492 fuisse

221 1511 322 1538 factum
338 1519 344 1538 :
359 1509 440 1538 Nemo
453 1510 521 1537 enim
540 1509 641 1537 Filium
661 1510 731 1537 novit
744 1511 795 1537 nisi
814 1509 907 1544 Pater,
927 1519 1012 1547 neque

221 1556 333 1584 Patrem
358 1556 496 1592 quicquam
525 1556 606 1589 novit,
636 1555 687 1582 nisi
715 1554 815 1588 Filius,
842 1562 866 1583 et
891 1557 936 1585 Cui
966 1566 1010 1584 νο-

223 1603 302 1632 luerit
322 1602 405 1630 Filius
432 1602 548 1630 reveiare
563 1602 583 1630 °.
615 1602 692 1635 Quod
719 1602 741 1630 si
775 1603 865 1631 Patris
896 1603 1012 1639 Filiique

223 1649 344 1684 cognitio
360 1657 409 1684 per
419 1648 519 1676 Filium
532 1648 572 1679 ﬁt,
589 1656 643 1676 non
665 1653 707 1676 est
723 1649 848 1681 dubium,
871 1649 937 1684 quin
953 1651 1012 1685 ipse

223 1695 356 1723 Dominus
370 1695 542 1730 interrogans
571 1694 647 1730 prius
665 1695 823 1730 patefecerit
837 1695 931 1726 Petro,
954 1703 1013 1730 quae

223 1750 238 1768 ιι
252 1740 332 1768 Patre
357 1743 509 1775 acceperat,
525 1739 622 1767 deinde
647 1743 737 1766 autem
763 1739 938 1776 interrogarit
961 1740 1012 1767 hu-

224 1795 308 1815 mano
328 1795 417 1819 more,
437 1791 466 1814 ut
486 1786 529 1814 hic
543 1786 626 1813 etiam
651 1785 809 1813 ostenderet
844 1793 874 1813 se
902 1786 949 1821 qui
985 1791 1016 1815 ut

224 1835 308 1862 homo
322 1834 481 1868 interrogat,
498 1836 528 1859 ut
541 1832 626 1859 Deum
646 1831 728 1865 scire,
748 1839 808 1866 qua:
833 1831 930 1860 Petrus
944 1838 1016 1860 esset

224 1887 419 1916 responsurus.
448 1879 568 1907 Noverat
597 1878 721 1914 profecto
739 1878 833 1911 Filius,
847 1879 1016 1913 quiPatrem

225 1927 420 1963 cognoscebat,
437 1933 490 1961 qua
503 1926 613 1958 quidem
625 1925 781 1961 cognitione
793 1931 844 1952 nec
860 1925 950 1960 majus
965 1933 1018 1952 nec

225 1974 375 2010 perfectius
397 1973 546 2008 quidquam
562 1978 623 1999 esse
648 1976 751 2006 potest.

262 2020 409 2056 Apostolus
419 2020 447 2046 in
459 2019 579 2047 secunda
591 2018 625 2046 ad
632 2018 790 2046 Corinthios
798 2017 916 2052 Epistola
928 2026 934 2045 :
947 2017 1018 2050 Scio,

226 2067 324 2102 inquit,
341 2066 472 2093 hominem
489 2065 517 2091 in
534 2064 640 2091 Christo
654 2068 715 2090 ante
725 2071 808 2090 annos
821 2064 1018 2098 (qutuardecim

225 2114 280 2140 sive
288 2113 315 2139 in
329 2119 436 2146 corpore
456 2111 554 2141 nescio,
571 2110 623 2136 sive
634 2113 708 2135 extra
716 2117 811 2142 corpus
819 2109 906 2135 nescio
918 2117 929 2142 ,'
947 2108 1017 2136 Deut

226 2160 276 2187 scit
292 2159 313 2186 ’.
331 2158 402 2191 Quid
429 2156 541 2184 dicitis?
555 2154 672 2182 Novitne
684 2154 830 2189 Apostolus
849 2162 909 2189 quae
933 2154 960 2182 in
985 2162 1017 2182 ea

227 2205 333 2233 visione
346 2203 383 2230 illi
406 2202 575 2234 acciderunt,
609 2200 734 2235 quamvis
755 2200 839 2232 dicat,
856 2200 965 2233 Nescio,
982 2208 1017 2227 an

1057 957 1107 984 ἐπὶ
1120 957 1178 991 τὴν
1192 957 1261 993 γῆν.
1271 958 1381 994 Ὠσπερ
1394 959 1448 994 γὰρ
1462 959 1605 995 ἄνθρωπος
1620 959 1766 993 γενόμενος
1781 958 1854 993 μετὰ

1058 1002 1210 1038 ἀνθρώπων
1224 1004 1320 1038 πεινᾷ,
1336 1004 1383 1030 καὶ
1397 1003 1479 1040 διψᾷ,
1495 1004 1543 1031 καὶ
1558 1004 1657 1039 πάσχει
1669 1024 1676 1035 ,
1694 1004 1855 1037 οὖτω,μετὰ

1060 1048 1109 1083 μὲν
1124 1047 1275 1083 ἀνθρώπων
1291 1049 1328 1080 ὡς
1345 1048 1489 1084 ἄνθρωπος
1505 1048 1555 1075 οὐκ
1572 1045 1642 1080 οἶδε,
1660 1048 1757 1079 θεῖκῶς
1775 1048 1802 1073 δὲ
1825 1050 1854 1074 ἐν

1058 1094 1098 1129 τῷ
1117 1094 1206 1130 Πιτρὶ
1225 1093 1263 1121 ὢν
1283 1094 1320 1126 ὼς
1341 1094 1428 1128 Λόγος
1448 1094 1495 1121 καὶ
1515 1094 1597 1128 σοφία
1618 1092 1683 1125 οἶδε,
1705 1094 1752 1120 καὶ
1774 1094 1855 1119 οὐδὲν

1059 1141 1133 1167 ἐστιν
1151 1140 1165 1167 δ
1185 1141 1288 1175 ἀγνοεῖ.
1305 1140 1384 1168 Οὕτω
1404 1141 1451 1167 καὶ
1470 1141 1536 1176 περὶ
1554 1141 1682 1175 Λαζάρου
1703 1140 1784 1166 πάλιν
1803 1140 1856 1166 ἀν-

1060 1187 1203 1223 Θρωπίνως
1221 1187 1387 1215 πυνθάνεται
1402 1189 1416 1214 6
1431 1187 1559 1214 ἀπελθὼν
1573 1188 1680 1222 ιγείραι
1695 1187 1786 1218 αὐτὸν,
1803 1186 1857 1213 καὶ

1061 1232 1139 1265 εἰδὼς
1154 1232 1237 1259 πόθεν
1251 1232 1448 1260 ἀνακαλέσεται
1461 1233 1511 1267 τὴν
1524 1231 1651 1267 Λαζάρου
1666 1232 1763 1267 ψυχήν.
1781 1232 1852 1257 Μεῖ-

1060 1279 1106 1312 ζον
1124 1279 1153 1306 δὲ
1171 1279 1202 1306 τὸ
1224 1279 1323 1306 εἰδέναι
1344 1279 1396 1305 ποῦ
1419 1278 1454 1315 ἦν
1476 1278 1582 1315 ἡψυχὴ
1611 1277 1658 1304 τοῦ
1683 1278 1783 1303 ειδέναι
1799 1277 1856 1303 ποῦ

1064 1324 1154 1352 ἔκειτο
1166 1325 1197 1351 τὸ
1212 1324 1302 1359 σῶμα.
1317 1324 1396 1351 Οὕτω
1411 1325 1458 1352 καὶ
1470 1324 1525 1352 τῶν
1541 1324 1671 1359 μαθητῶν
1685 1323 1858 1350 πυνθάνεται

1061 1371 1147 1398 ἐλθὼν
1168 1372 1209 1404 εἰς
1228 1371 1262 1398 τὰ
1285 1372 1357 1407 μέρη
1379 1371 1561 1406 Καισαρείας,
1580 1371 1681 1405 καίπερ
1703 1371 1782 1402 εἰδὼς
1806 1371 1859 1398 καὶ

1065 1418 1130 1453 πρὶν
1154 1418 1355 1453 ἀποκρίνασθαι
1378 1418 1423 1444 τὸν
1446 1418 1559 1453 Πέτρον.
1584 1417 1614 1444 Ei
1642 1417 1696 1452 γὰρ
1720 1418 1733 1443 ό
1759 1418 1860 1453 Πατὴρ

1062 1464 1222 1501 ἀπεκάλυψε
1236 1465 1275 1500 τῷ
1289 1460 1386 1500 Πέτρῳ
1400 1464 1464 1499 περὶ
1478 1461 1516 1491 ὧν
1529 1464 1543 1490 6
1560 1464 1661 1498 Κύριος
1676 1463 1859 1497 ἐπυνθάνετο,

1062 1511 1140 1545 δῆλόν
1153 1511 1237 1544 ἐστιν,
1251 1511 1293 1537 ὅτι
1307 1510 1352 1537 διὰ
1364 1510 1411 1538 τοῦ
1425 1510 1490 1536 Υίοῦ
1506 1510 1618 1544 γέγονεν
1633 1510 1648 1543 ἡ
1665 1510 1859 1544 ἀποκάλυψις.

1027 1572 1048 1600 c
1063 1556 1171 1590 Οὐδείς
1181 1557 1236 1592 γὰρ
1250 1555 1314 1584 οἶδε
1325 1556 1379 1583 τὸν
1392 1556 1461 1583 Υίὸν
1473 1556 1499 1582 ει
1514 1555 1556 1590 μὴ
1569 1557 1585 1583 ό
1594 1556 1706 1600 litui”),
1717 1556 1791 1582 οὺὸὲ
1804 1557 1860 1582 τὸν

1066 1605 1180 1639 Πατέρα
1188 1613 1231 1637 τις
1243 1602 1325 1631 οἶδεν
1334 1604 1359 1630 ει
1368 1603 1411 1638 μὴ
1421 1604 1437 1629 ὁ
1447 1603 1524 1636 Υἱὸς,
1535 1603 1585 1629 καί
1594 1599 1617 1635 ᾦ
1626 1602 1664 1629 ἂν
1674 1603 1747 1636 θέλῃ
1760 1604 1775 1629 ό
1791 1603 1860 1636 Υἱὸς

1064 1649 1270 1683 ἀποκαλύψαι.
1286 1648 1346 1675 Εἰδὲ
1363 1648 1397 1675 δι’
1410 1646 1502 1683 Υἱοῦῆ
1513 1656 1543 1675 τε
1558 1647 1604 1675 τοῦ
1624 1648 1729 1682 Πατρὸς
1747 1648 1794 1674 καὶ
1810 1648 1857 1675 τοῦ

1066 1695 1132 1722 Υῑοῦ
1156 1695 1257 1730 γνῶσις
1281 1693 1523 1726 ἀποκαλύπτεται,
1547 1694 1597 1721 οὐκ
1623 1694 1791 1728 ἀμφίὸολον,
1817 1694 1855 1725 ὡς

1067 1741 1147 1773 αὐτὸς
1161 1741 1176 1768 6
1191 1741 1395 1775 πυνθανόμενος
1410 1741 1512 1775 Κύριος
1527 1740 1663 1775 πρότερον
1678 1738 1851 1772 ἀποκαλύψας

1066 1786 1106 1822 τῷ
1120 1787 1216 1822 Πέτρῳ
1228 1787 1262 1814 τὰ
1276 1786 1351 1821 παρὰ
1365 1785 1410 1812 τοῦ
1427 1785 1535 1820 Πατρδς
1550 1784 1662 1819 ὕστερον
1678 1784 1854 1820 ἀνθρωπίνως

1067 1833 1248 1865 ὶπυνθάνετο,
1270 1832 1313 1859 ἵνα
1332 1832 1379 1858 καὶ
1398 1833 1426 1858 ὲν
1443 1830 1532 1866 τούτῳ
1549 1830 1622 1866 δείξῃ
1634 1852 1640 1863 ,
1660 1831 1700 1857 ὅτι
1718 1831 1860 1864 σαρκικῶς

1067 1879 1280 1914 πυνθανόμενος,
1299 1878 1355 1914 ᾔδει
1365 1878 1463 1909 θεῖκῶς
1473 1877 1490 1904 ἃ
1499 1877 1595 1912 ἔμελλε
1606 1878 1695 1910 λέγειν
1716 1878 1729 1902 6
1740 1876 1859 1912 Πέτρος.

1068 1924 1148 1954 Οῐδεν
1168 1926 1244 1961 ἄραὸ
1263 1926 1328 1957 Yth;
1349 1924 1551 1960 γινώσκωντδν
1570 1924 1668 1951 ἑαυτοῦ
1692 1922 1863 1959 Πατέρα,ἦς

1069 1973 1195 2007 γνώσεως
1209 1971 1271 1998 οὔτε
1287 1972 1389 2006 μεῖζον,
1401 1971 1463 1998 οὔτε
1475 1970 1642 2006 τελειότερον
1655 1970 1686 1996 ἄν
1700 1980 1727 1997 τι
1737 1971 1860 2005 γένοιτο.

1110 2019 1140 2045 '0
1168 2017 1328 2049 Ἀπόστολος
1354 2018 1382 2044 ἐν
1405 2018 1439 2052 τῇ
1465 2017 1579 2052 δευτέρα
1605 2017 1672 2051 πρὸς
1697 2016 1863 2051 Κορινθίους

1070 2064 1337 2098 Ἐπιστολῇζγράφων
1349 2060 1516 2097 φησὶνρῖδα
1529 2062 1687 2096 ἄνθρωπον
1699 2063 1732 2087 ἐν
1745 2061 1865 2095 Χριστῷ

1071 2111 1129 2145 πρὸ
1144 2109 1219 2137 ἐτῶν
1235 2109 1281 2142 ιδ’,
1297 2109 1358 2136 εἴτε
1371 2109 1406 2135 ὲν
1420 2108 1533 2143 σώματι
1547 2109 1602 2135 οὐχ
1616 2107 1691 2140 οἶδα,
1705 2109 1765 2134 εἴτε
1776 2108 1867 2140 ἐκτὸς

1071 2156 1126 2183 τοῦ
1148 2155 1285 2190 σώματος
1303 2155 1359 2182 οὐκ
1379 2154 1455 2182 οἶδα.
1482 2155 1508 2180 Ὀ
1528 2154 1599 2187 Θεὸς
1622 2152 1693 2181 οἶδε.
1717 2154 1749 2179 Τί
1773 2154 1868 2180 τοίννν

1072 2203 1159 2239 (pate;
1176 2201 1254 2230 Οἷδ.ν
1268 2202 1281 2228 6
1300 2201 1461 2232 ’Δπόστολος
1475 2201 1489 2227 ὃ
1500 2201 1633 2228 πέπονθεν
1645 2203 1673 2227 ὲν
1686 2203 1717 2235 τῇ
1735 2200 1868 2235 ὀπτασίᾳ,

228 2259 284 2280 non
303 2250 396 2278 novit?
419 2248 446 2277 Si
460 2255 521 2275 eum
535 2247 640 2283 negatis
654 2254 745 2279 nosse,
760 2247 861 2280 videte,
881 2253 927 2280 ne,
945 2254 1010 2275 erro

1073 2250 1125 2277 κᾶν
1136 2250 1214 2287 λέγῃ,
1228 2250 1285 2276 Οὔκ
1307 2247 1377 2282 οἶδα,
1399 2248 1416 2283 ἢ
1428 2248 1479 2274 οὐκ
1497 2247 1586 2281 οἷδεν;
1608 2249 1638 2274 Ei
1661 2248 1711 2282 μὲν
1732 2248 1780 2273 οὐκ
1798 2245 1868 2279 οἶδε,

230 2299 307 2327 ribus
321 2297 435 2329 assueti,
458 2298 485 2324 in
507 2295 644 2331 Phrygum
661 2294 830 2329 impietatem
850 2294 1018 2322 delabamini

228 2346 275 2382 qui
290 2350 347 2373 tum
361 2344 509 2380 prophetas
524 2346 580 2369 tum
602 2341 669 2368 alios
681 2340 762 2368 Verbi
778 2340 918 2367 ministros
934 2347 1018 2375 nega-

228 2393 296 2420 bant
305 2391 387 2423 scire,
402 2397 463 2425 quae
477 2389 519 2416 vel
540 2388 673 2419 iacerent,
688 2387 730 2414 vel
758 2387 933 2413 nuntiarent.
970 2386 1018 2413 Sin

228 2439 306 2466 novit
316 2437 420 2469 dicens,
438 2435 497 2463 Non
514 2434 588 2467 IlOVi,
601 2434 663 2468 quia
673 2432 813 2461 Christum
829 2432 857 2459 in
872 2440 902 2459 se
927 2432 1019 2459 omnia

229 2484 281 2512 sibi
303 2482 511 2518 patefacientem
531 2480 658 2511 habebat,
687 2486 780 2505 nonne
808 2485 856 2512 per
877 2478 1018 2505 Christum

230 2530 450 2566 impugnantium
469 2535 518 2555 cor
543 2533 607 2554 vere
630 2525 773 2555 evertitur,
789 2530 818 2552 et
843 2532 893 2559 per
908 2531 938 2552 se
954 2531 1021 2552 con-

230 2578 386 2608 demnatur,
403 2575 447 2610 qui
468 2581 529 2601 cum
544 2572 704 2607 Apostolum
715 2571 862 2603 dicentem,
875 2569 936 2597 Non
951 2570 1022 2602 novi,

230 2630 314 2651 nosse
327 2618 648 2652 concedant,Christum
675 2617 822 2648 dicentem,
854 2616 915 2643 Non
951 2615 1024 2646 novi,

231 2676 315 2698 nosse
341 2666 459 2703 negent?
478 2665 625 2700 Apostolus
645 2664 728 2699 igitur
756 2662 938 2698 patefaciente
970 2660 1024 2689 sibi

281 2750 290 2765 ¹
306 2747 400 2776 Matth.
420 2753 496 2779 utv,
511 2744 556 2771 42.
608 2744 619 2759 ¹
660 2743 725 2779 Luc.
745 2749 795 2771 xu.
810 2740 856 2779 40_.

234 2794 273 2819 χι,
298 2785 357 2818 ΤΗ
385 2783 451 2811 Luc.
477 2776 506 2814 ί,
544 2779 590 2807 ‘22.
628 2779 637 2795 ⁷
657 2778 677 2806 ll
692 2778 756 2805 Cor.
772 2784 821 2809 xu,
837 2776 866 2802 2.

910 2739 921 2754 ⁸
950 2737 1044 2766 Matth.
1071 2745 1144 2771 XXIV,
1169 2736 1214 2765 59.
1260 2735 1355 2763 ‘Gen.
1379 2741 1427 2768 vtt,
1455 2734 1481 2761 l.

1074 2297 1200 2322 σκοπεῖτε
1215 2295 1252 2330 μὴ
1267 2294 1446 2329 μανθάνοντες
1461 2293 1581 2327 πίπτειν,
1594 2294 1694 2328 πέσητε
1711 2294 1755 2319 καὶ
1770 2293 1809 2322 εις
1817 2292 1872 2328 τὴν

1073 2342 1190 2378 Φρυγῶν
1218 2339 1393 2375 παρανομίαν
1409 2340 1463 2366 τῶν
1481 2340 1613 2374 λεγόντων
1633 2339 1671 2374 μὴ
1689 2340 1788 2366 ειδέναι
1804 2340 1875 2371 τοὺς

1072 2386 1228 2423 προφήτας,
1244 2384 1312 2419 μηδὲ
1328 2384 1390 2415 τοὺς
1402 2383 1500 2415 ἄλλους
1513 2384 1577 2415 τοὺς
1590 2383 1806 2417 διακονήσαντας
1823 2383 1875 2409 τὸν

1071 2433 1167 2467 Λόγον,
1181 2432 1249 2467 μήτε
1258 2430 1278 2457 ἃ
1292 2431 1408 2463 ποιοῦσι,
1420 2430 1488 2465 μήτε
1499 2429 1562 2464 περὶ
1575 2429 1655 2456 τίνων
1671 2429 1871 2463 ἀπαγγέλλου-

1072 2487 1125 2506 σιν.
1137 2477 1166 2504 Et
1181 2477 1209 2503 δὲ
1226 2475 1292 2509 οἶδε,
1308 2476 1408 2511 λέγων,
1425 2475 1483 2503 Οὺκ
1499 2474 1558 2502 οἶδα
1576 2484 1584 2491 ·
1602 2473 1659 2510 εἷχε
1676 2475 1731 2510 γὰρ
1748 2474 1777 2501 ἑν
1794 2474 1877 2510 αὑτῷ

1072 2522 1117 2549 τὸν
1128 2520 1247 2556 Χριστὸν
1262 2520 1487 2547 ἀποκαλύπτοντα
1498 2519 1533 2546 τὰ
1547 2520 1635 2546 πάντα
1648 2528 1655 2535 ·
1669 2519 1726 2551 πῶς
1738 2519 1787 2545 οὐκ
1802 2519 1879 2553 ἀλη-

1074 2567 1129 2598 Θῶς
1155 2566 1363 2602 ἑξεστραμμένη
1376 2566 1430 2592 τῶν
1446 2566 1651 2601 χριστομάχων,
1669 2566 1716 2591 καὶ
1734 2565 1878 2601 αὐτοκρά-

1076 2613 1160 2647 τητός
1176 2612 1213 2648 (ί)
1230 2613 1305 2638 ἐστιν
1321 2612 1338 2646 ὴ
1351 2610 1461 2645 καρδία,
1471 2610 1512 2637 δτι
1525 2610 1572 2637 τὸν
1582 2611 1631 2645 μὲν
1649 2610 1813 2637 ’Λπόστολον
1829 2610 1879 2637 λέ-

1075 2668 1169 2694 γοντα,
1188 2659 1244 2685 Οὐκ
1260 2657 1331 2691 οἶδα,
1346 2657 1470 2692 λέγουσιν
1484 2656 1650 2690 είδὲναι,τδν
1660 2657 1687 2683 δὲ
1704 2656 1805 2692 Κύριον
1825 2655 1878 2682 λέ-

1530 2733 1626 2761 'lbid.
1655 2734 1683 2761 4.
1734 2733 1744 2749 ⁸
1774 2733 1876 2761 Matth.

266 2857 302 2887 (ι)
315 2857 382 2882 Edlt.
397 2856 513 2881 Albanas.
527 2852 695 2887 (tom._X\'_Vi,
709 2850 756 2884 col:
774 2848 820 2887 427i
890 2846 1010 2887 αντα-κατά

1063 2845 1094 2874 τός
1110 2845 1175 2870 ἐστιν
1185 2843 1266 2868 αὐτῶν
1276 2843 1291 2871 ἡ
1302 2850 1326 2867 κ.
1339 2843 1423 2868 Annon
1435 2848 1522 2868 revera
1534 2848 1666 2874 perventur
1679 2844 1701 2868 et
1716 2841 1880 2871 damnatione

235 2880 485 2921 per-ieidignissimut
495 2880 535 2913 ut
544 2884 586 2910 Dei
598 2883 703 2910 hostium
714 2880 810 2906 mu'mut
827 2880 877 2911 qui,
892 2883 944 2904 etc.
