2029 3198
145 155 196 188 ιιι

628 158 816 192 PANOPLIA
834 162 1067 197 DOGMATICA.
1089 179 1124 185 -
1140 166 1215 199 TlT.
1235 168 1289 199 XI.

1731 172 1783 205 ΗΞ

143 224 238 252 γοντα,
253 215 313 243 οὐκ
329 213 402 249 οἶδα,
428 216 538 251 λάγουσι
562 217 600 254 μὴ
619 218 737 252 είδέναις
768 219 798 246 '0
816 220 867 254 μὲν
891 218 940 246 οὖν

997 218 1061 249 Filio
1075 224 1162 257 novit,
1181 225 1246 259 quid
1259 225 1312 253 sibi
1334 226 1475 255 acciderit.
1489 226 1523 255 Et
1542 227 1602 256 idco
1616 228 1684 257 dicit
1699 239 1706 257 ε
1723 230 1784 258 Scio

150 262 326 295 ’Δπόστολος,
343 263 586 297 ἁποκαλύπτοντος
600 264 673 300 αὐτῷ
684 265 731 292 τοῦ
744 266 821 297 Υίοῦ.
839 265 910 294 οἶδεν
923 267 938 294 ὃ

143 309 276 337 πέπονθε.
292 310 345 336 Διὰ
361 310 443 337 τοῦτο
457 311 511 346 γάρ
529 319 612 347 φησιν
625 318 635 327 '
652 310 724 339 οῖδα
735 311 893 346 ἄνθρωπον
904 314 940 340 ἂν

144 356 270 392 Χριστῷ.
287 357 374 389 Εἰδὼς
392 357 421 385 δὲ
438 359 484 385 τὸν
497 358 651 395 ἄνθρωπον,
666 357 720 387 οἶδε
731 360 778 387 καὶ
794 359 851 391 πῶς
864 361 878 386 6
892 360 940 388 ἄν·

143 403 255 438 θρωπος
264 404 392 438 ἡρπάγη.
411 403 442 431 '0
450 404 479 430 δὲ
494 404 643 437 Ἐλισσαῖος
655 405 762 441 βλέπων
772 406 817 433 τὸν
835 406 938 439 Ἣλίαν,

145 447 201 476 οἰδε
227 449 277 476 καὶ
302 449 363 480 πῶς
381 449 533 485 ἀνελήφθη.
562 450 643 478 Ἀλλὰ
663 450 764 486 καίπερ
785 451 938 485 γινώσκων,

145 496 220 530 ὅμως
230 494 288 522 τῶν
301 495 368 522 υἱῶν
375 495 432 522 τῶν
441 495 589 531 προφητῶν
600 496 766 531 νομιζόντων
789 496 835 523 τὸν
845 496 940 523 Ἠλίαν

150 541 189 573 εις
197 540 227 567 ἓν
238 540 297 567 τῶν
308 540 394 575 ὀρέων
405 541 458 568 ὐπδ
470 541 518 568 τοῦ
537 541 694 576 Πνεύματος
705 541 843 577 ὲρῤίφθαι,
858 542 940 574 αὐτὸς

152 587 197 622 τὴν
208 587 260 622 μιν
275 587 365 623 ἀρχὴν
375 587 520 623 γινώσκων
535 588 549 615 ὃ
560 588 694 624 ἑώρακεν,
711 588 803 616 (me:
816 589 879 621 τοὺς
892 589 940 617 ἄν-

147 633 222 666 δρας,
243 634 415 669 βιαζομένων
430 634 459 661 δὲ
477 635 590 662 ἐκείνων
604 635 775 670 σεσιώπηκε,
793 635 842 662 καὶ
874 643 939 661 συν-

146 679 294 715 εχώρησεν
311 680 451 708 autem.
468 678 532 717 'Ap‘
546 681 593 708 οὖν
608 681 701 717 ιπειδὴ
718 680 941 716 σεσιώπηκε,οὐκ

146 727 321 760 ἒγὶνωσκενς
347 726 480 761 ιγίνωσκε
505 728 554 762 μὲν
574 726 630 760 οὖν,
653 728 712 755 ἀλλ’
732 728 771 759 ὡς
791 727 841 755 οὐκ
862 727 941 759 eloti);

145 774 360 809 συνεχώρησεν,
379 774 422 801 ἵνα
438 775 537 802 ἐκεῖνοι
555 775 712 807 πεισθέντες
733 775 832 810 μηκέτι
849 775 941 802 διστά-

148 828 216 846 αωσι
243 820 309 855 περὶ
333 820 382 855 τῆς
407 821 567 857 ἀναλήψεως
595 821 697 849 Ἦλίου.
719 822 825 850 Οὐκοῦν
850 821 941 857 πολλῷ

146 865 253 899 earo
267 866 282 892 ὁ
300 866 415 899 Παῦλος,
428 868 509 899 αὐτὸς
516 867 554 894 ὢν
564 868 579 895 ὀ
595 868 741 903 ἅρπαγεὶς,
753 866 807 896 οῐδε
821 869 869 896 καὶ
880 868 940 900 πῶς

147 912 278 946 ἡρπάγη.
295 913 352 939 Καὶ
367 913 421 949 γὰρ
444 913 538 946 Ἠλίας
553 915 697 948 ἐγίνωσκε,
714 917 763 941 καὶ
780 915 805 942 εί
821 915 941 943 ιπυνθά-
959 904 980 933 Β

147 958 209 985 νετό
225 967 282 991 τις,
299 957 376 985 εἶπεν
392 959 437 992 ἂν,
456 960 513 991 πῶς
529 960 678 995 ἀνελήφθη.
697 960 779 995 Λέγει
796 961 823 987 δὲ
838 961 914 996 ὅμως
929 960 944 987 ὀ

148 1004 268 1039 Παῦλος,
287 1006 343 1032 Οὐκ
359 1004 428 1039 οἴδα,
438 1006 484 1033 δύο
501 1005 602 1033 τούτων
616 1006 704 1042 χάριν.
720 1007 757 1038 ὥς
771 1015 804 1041 γε
821 1007 924 1042 νομίζω
934 1026 942 1039 ,

147 1051 207 1084 ἑνὸς
229 1052 281 1087 μὲν
296 1052 334 1084 ὡς
350 1053 431 1084 αὐτὸς
445 1051 533 1087 εἶπεν,
549 1053 593 1080 ἵνα
611 1054 648 1089 μὴ
662 1054 706 1080 διὰ
723 1053 774 1089 τὴν
789 1053 944 1089 ὑπερϐολὴν

147 1097 202 1124 τῶν
217 1098 423 1133 ἀποκαλύψεων
440 1099 535 1134 ἕτερόν
553 1108 594 1131 τις
611 1099 694 1127 αὑτὸν
710 1100 856 1135 λογίσηται
872 1100 944 1135 ὑπὲρ

146 1143 160 1170 δ
175 1144 274 1179 βλέπει
288 1152 296 1159 ·
310 1144 404 1179 ἑτέρου
417 1145 456 1178 δὲ,
472 1146 513 1172 ὅτι
529 1146 577 1173 τοῦ
592 1146 719 1181 Σωτῆρος
734 1147 871 1181 είπόντος,
886 1147 945 1173 Οὐκ

146 1188 217 1223 οἶδα,
233 1190 340 1225 ἔπρεπε
356 1191 403 1217 καὶ
420 1191 500 1218 αὑτὸν
515 1192 614 1225 εἰπεῖν,
628 1190 687 1219 Οὐκ
698 1191 768 1224 οἶδα,
783 1192 827 1220 ἵνα
836 1193 871 1225 μὴ
883 1192 946 1226 φαί-

149 1245 229 1271 νηται
245 1236 338 1269 δοῦλος
354 1236 392 1264 ὢν
412 1237 482 1272 ὑπὲρ
497 1237 542 1265 τὸν
557 1238 659 1275 Κύριον
674 1238 756 1265 αὐτοῦ
768 1259 775 1273 ,
795 1239 843 1266 καὶ
859 1239 945 1274 μαθη-

148 1281 196 1317 τὴς
212 1282 288 1318 ὑπὲρ
305 1283 351 1310 τιν
366 1283 537 1313 διδάσκαλον.

184 1329 295 1356 Οὐκοῦν
310 1330 324 1355 6
336 1329 376 1365 τῷ
390 1330 488 1364 Παύλῳ
502 1330 627 1364 δεδωκὼς
648 1331 749 1359 ειδέναι
767 1332 857 1368 πολλῷ
876 1332 944 1367 μᾶλ-

144 1376 192 1403 λον
216 1376 303 1408 αὐτὸς
314 1374 379 1403 οἵδε.
394 1378 473 1409 Τίνος
488 1378 538 1413 μὲν
553 1377 599 1405 οὖν
613 1378 694 1413 χάριν
714 1376 775 1405 εἷπε
791 1379 864 1411 τότε,
885 1379 943 1406 οὐκ

145 1419 216 1454 οἴδα,
226 1423 253 1449 εί
262 1422 344 1453 αΰτδς
352 1421 389 1453 ὡς
403 1423 542 1458 Δεσπότης
549 1421 620 1450 οἶδεν
633 1431 641 1455 ;
655 1423 698 1454 Ὠς
708 1423 736 1449 δὲ
747 1423 786 1449 διε
791 1423 945 1457 ρευνῶντας

146 1468 333 1504 στοχάζεσθαι
345 1469 411 1505 χρὴ,
426 1468 476 1504 τῆς
489 1470 505 1504 ἠ
510 1469 568 1504 μῶν
576 1469 659 1496 ἕνεκα
672 1469 852 1502 λυσιτελείας,
863 1469 901 1501 ὥς
912 1477 945 1504 γε

144 1516 265 1550 νομίζω,
291 1515 372 1541 τοῦτο
397 1516 542 1551 πεποίηκε.
558 1516 613 1543 Καὶ
635 1509 689 1551 γὰρ
704 1517 738 1543 τὰ
757 1516 808 1551 μὲν
828 1515 881 1551 πρδ
895 1515 945 1542 τοῦ

144 1563 243 1594 τέλους
276 1561 441 1589 ἀπαντῶντα
456 1561 618 1596 δεδήλωκεν,
635 1562 692 1594 ἴνα,
707 1561 745 1594 ὡς
759 1559 836 1590 εἶπεν
850 1562 943 1596 αὐτὸς,
960 1579 982 1611 c

149 1609 185 1644 μὴ
199 1608 386 1643 ξενισθῶμεν,
401 1609 552 1643 γινομένων
566 1609 655 1636 αὐτῶν
664 1628 672 1640 ,
688 1609 755 1636 ἀλλὰ
773 1610 820 1636 καὶ
834 1611 867 1637 ἑκ
880 1612 945 1637 τού-

147 1665 201 1683 των
219 1656 251 1682 τὸ
269 1656 342 1690 μετὰ
358 1655 445 1681 ταῦτα
459 1655 535 1687 τέλος
549 1656 758 1691 προσδοκῶμεν.
777 1657 844 1688 Περὶ
855 1656 883 1684 ὁὶ
896 1658 946 1693 τῆς

148 1704 257 1738 ἡμέρας
270 1703 319 1729 καὶ
332 1703 382 1736 τῆς
396 1702 469 1737 ὥραις
485 1703 535 1729 οὐκ
549 1703 666 1738 ἠθέλησε
681 1703 780 1735 θεῖκῶς
791 1705 889 1736 είπεΐν,
903 1705 945 1732 ὅτι

150 1746 226 1778 Οἶδα,
245 1748 313 1774 ἀλλὰ
330 1748 482 1781 σαρκικῶς,
497 1747 538 1774 ὅτι
551 1748 608 1775 θὺκ
622 1746 691 1780 οῖδα,
710 1749 752 1775 ἵνα
768 1749 868 1784 μηκέτι
896 1749 945 1776 ἑπ-

157 1794 327 1828 ερωτῇσωσιν
343 1794 437 1824 αὑτὸν,
457 1794 505 1820 καὶ
518 1793 638 1829 λοιπδνῆ
653 1794 690 1829 μὴ
704 1794 822 1829 εἰρηκὼς
837 1795 945 1830 λυπήσῃ

163 1839 226 1869 τοὺς
243 1840 397 1875 μαθητὰς,ἦ
412 1839 530 1875 εἰρηκὼς
545 1840 622 1875 παρὰ
635 1840 667 1867 τὸ
694 1840 834 1876 συμφέρον
853 1841 946 1873 αὐτοῖς

165 1886 211 1911 καὶ
229 1887 305 1913 πᾶσιν
319 1887 386 1921 ἡμῖν
404 1887 516 1921 ποιήσῃ.
533 1886 565 1913 ὀ
581 1885 636 1921 γὰρ
653 1886 686 1913 ἂν
697 1888 773 1922 ποιῇ,
786 1886 864 1915 τοῦτο
878 1887 948 1915 πάν-

159 1940 211 1963 τως
227 1932 292 1966 ὑπὲρ
308 1933 389 1967 ἡμῶν
406 1933 498 1964 ἐστιν,
517 1933 612 1969 ἐπειδὴ
627 1933 674 1959 καὶ
690 1933 724 1959 δι’
739 1933 813 1969 ἡμᾶς
830 1933 845 1960 6
861 1933 947 1967 Λόγος

155 1979 221 2013 σὰρξ
238 1980 361 2012 ἐγένετο.
380 1979 419 2006 Δι’
436 1979 512 2014 ἡμᾶς
527 1979 617 2006 τοίνυν
637 1977 733 2006 εἷπενθ
751 1980 828 2006 οὐδὲ
845 1981 862 2007 ό
880 1981 947 2012 Υἱὸς

151 2024 214 2053 οἶδε
225 2047 233 2058 ,
251 2027 301 2053 καὶ
316 2026 381 2052 οὕτε
398 2026 534 2061 ἐψεύσατο
550 2025 681 2061 ειρηκὼς,
695 2026 876 2062 ἀνθρωπίνως
892 2026 947 2062 γὰρ

150 2071 228 2099 εἶπεν
242 2073 281 2104 ὡς
295 2072 453 2107 ἄνθρωπος,
468 2072 526 2098 Οὐκ
539 2069 608 2104 οῖδα,
626 2071 689 2098 οὔτε
706 2072 798 2107 ἀφῆκε
812 2073 877 2104 τοὺς
893 2081 947 2107 μα-

150 2119 238 2154 θητὶς
265 2119 348 2146 αὑτὸν
375 2118 530 2153 βιάσασθαι.
557 2118 684 2154 Είρηκὼς
709 2118 774 2153 γὰρ,
791 2119 848 2146 Οὐκ
876 2116 946 2151 οἴδα,

151 2165 253 2200 ἔστησε
272 2164 410 2191 κάκείνων
427 2164 477 2200 τὴν
494 2164 640 2200 ἐρώτησιν.
663 2164 707 2190 ‘Ev
717 2164 783 2199 γοῦν
797 2166 857 2196 ταῖς
871 2165 946 2200 Πρά-

152 2210 209 2242 ξεσι
223 2209 281 2236 τῶν
292 2209 449 2237 ἀποστόλων
463 2210 521 2236 ἐστὶ
535 2210 740 2245 γεγραμμένον,
764 2210 804 2237 ὅτι
831 2210 947 2245 ἠρώτων

991 268 1125 297 hominem
1142 271 1171 298 in
1197 271 1310 300 Christo.
1328 271 1504 307 Coguoscens
1515 278 1607 301 autem
1632 275 1783 308 hominem.

992 314 1068 341 novit
1090 315 1172 343 etiam
1193 316 1331 351 quomodo
1354 322 1448 353 raptus
1483 318 1576 346 fuerit.
1618 319 1651 347 Et
1672 320 1786 348 Elisams

993 360 1145 395 suspiciens
1171 361 1269 394 Eliam,
1308 363 1375 390 vidit
1418 364 1556 398 quomodo
1585 370 1683 399 raptus
1721 366 1784 394 fuit.

992 406 1121 433 Attamen
1135 406 1161 434 id
1175 407 1267 435 sciens
1300 416 1362 435 cum
1401 408 1464 436 ﬁliis
1496 411 1708 444 prophetarum.
1738 411 1784 445 qui

992 452 1198 480 arbitrabantur
1227 452 1311 480 Eliam
1329 453 1357 480 in
1373 454 1493 489 aliquem
1507 461 1628 483 montem
1645 464 1660 483 a
1679 456 1784 492 Spiritu

993 498 1146 533 projectum
1160 506 1230 533 esse,
1256 500 1420 534 persuadere
1446 508 1500 528 non
1531 506 1633 536 posset,
1659 504 1724 537 quin
1754 504 1786 531 il-

992 543 1049 571 lum
1064 545 1178 571 omnino
1192 545 1291 572 vellent
1316 545 1466 580 inquirere,
1495 548 1588 580 tacuit,
1618 552 1645 575 et
1672 550 1785 583 acquie-

992 590 1033 618 vit
1047 597 1142 618 eorum
1156 591 1281 619 consilio.
1301 590 1370 619 Num
1404 592 1487 627 igitur
1512 593 1575 627 quia
1601 594 1698 627 tacuit,
1722 595 1784 623 ideo

994 644 1050 664 non
1062 636 1158 664 novit?
1173 637 1257 665 Norat
1286 637 1331 665 ille
1349 637 1470 672 quidem,
1499 639 1546 666 sed
1572 643 1700 673 tanquam
1728 648 1783 667 non

993 687 1101 717 nosset,
1118 683 1256 710 concessit
1283 688 1313 711 ut
1329 689 1495 718 quaererent,
1511 692 1547 711 ne
1561 686 1596 712 de
1625 689 1703 720 raptu
1718 685 1784 713 Elim

994 730 1111 765 amplius
1124 730 1303 765 ambigerem.
1321 729 1398 763 Quod
1422 731 1532 766 quidem
1550 732 1584 759 de
1615 732 1710 764 Paulo,
1736 733 1783 768 qui

995 775 1053 810 ipse
1071 779 1165 810 raptus
1178 775 1238 807 fuit.
1258 775 1345 803 multo
1357 775 1445 811 magis
1467 776 1645 803 asserendum
1660 781 1712 804 est.
1730 777 1786 804 No-

993 820 1034 848 vit
1059 821 1141 856 igitur
1152 822 1291 856 quomodo
1322 826 1416 857 raptus
1427 821 1490 849 fuit.
1509 821 1576 850 Nam
1593 827 1621 850 et
1648 821 1720 850 Elias
1733 831 1785 850 no-

994 866 1046 895 vit.
1065 867 1093 895 Si
1108 868 1169 902 quis
1179 872 1281 900 tamen,
1294 868 1429 902 quomodo
1453 872 1548 903 raptus
1564 869 1656 902 fuerit,
1672 869 1785 897 Paulum

996 913 1185 949 interrogaret.
1212 914 1318 941 duabus
1356 914 1390 941 de
1414 915 1515 947 causis,
1546 919 1575 942 ut
1601 923 1652 951 ego
1676 916 1786 951 quidem

995 959 1134 993 existimo,
1165 960 1224 987 Non
1243 960 1314 992 novi,
1331 961 1520 995 responderet.
1536 960 1658 988 Primum
1674 969 1709 989 ne
1724 963 1787 997 quis

997 1009 1111 1041 propter
1147 1005 1339 1033 excellentiam
1369 1006 1568 1033 revelationum
1600 1007 1713 1034 duceret
1746 1007 1787 1041 ip-

995 1058 1056 1078 sum
1090 1058 1150 1079 esse
1177 1059 1261 1086 supra
1287 1052 1313 1079 id
1339 1052 1413 1086 quod
1437 1052 1554 1080 videret.
1587 1053 1692 1080 Deinde
1722 1053 1787 1088 quia

996 1095 1143 1124 Servatore
1160 1102 1287 1133 negante.
1302 1105 1331 1126 se
1348 1106 1442 1132 nosse,
1460 1099 1577 1127 debebat
1589 1103 1617 1126 et
1633 1099 1721 1134 ipsum
1747 1099 1787 1126 di-

994 1150 1069 1176 cere,
1083 1143 1190 1175 Nescio,
1209 1151 1243 1171 ne
1266 1151 1328 1171 cum
1351 1147 1425 1171 esset
1448 1151 1545 1172 servus
1568 1149 1596 1172 et
1623 1144 1786 1180 discipulus,

996 1189 1111 1218 Domino
1122 1194 1151 1218 et
1167 1195 1336 1226 praeceptore
1351 1191 1440 1227 major
1458 1192 1608 1220 videretur.

1030 1334 1121 1368 Quare
1136 1334 1182 1369 qui
1206 1333 1291 1362 Paulo
1306 1335 1390 1366 dedit.
1403 1340 1433 1363 ut
1458 1335 1550 1368 sciret,
1585 1336 1672 1363 multo
1702 1335 1788 1372 magis

996 1379 1054 1414 ipse
1069 1379 1160 1406 uovitl‘
1172 1379 1227 1407 Cur
1238 1379 1321 1415 igitur
1333 1384 1398 1408 tunc
1415 1381 1534 1416 negavit,
1546 1389 1575 1409 se
1590 1389 1684 1414 nosse,
1698 1382 1743 1417 qui
1759 1387 1789 1409 ut

997 1426 1128 1453 Dominus
1153 1426 1247 1453 novit?
1277 1426 1381 1454 Nostrae
1396 1427 1527 1455 nimirum
1553 1428 1679 1455 utilitatis
1705 1436 1788 1455 causa

997 1472 1022 1499 id
1038 1472 1114 1505 fecit,
1127 1472 1150 1499 si
1170 1476 1260 1499 tamen
1283 1471 1350 1500 licet
1374 1473 1543 1509 vestigantes
1567 1473 1670 1509 aliquid
1697 1474 1788 1508 conji-

997 1526 1070 1546 cere.
1084 1519 1151 1546 Nam
1164 1523 1192 1546 et
1204 1523 1338 1546 eventura
1354 1524 1418 1546 ante
1432 1520 1528 1547 mundi
1553 1520 1635 1548 linem
1651 1520 1789 1556 signiﬁca-

998 1565 1049 1596 vit,
1066 1572 1102 1592 ne
1123 1572 1186 1591 cum
1209 1572 1240 1592 ea
1264 1564 1466 1600 contingerent,
1497 1573 1548 1593 nos
1575 1569 1604 1592 ut
1629 1565 1789 1600 peregrinos

996 1616 1024 1639 et
1040 1612 1230 1647 imprudentes
1256 1611 1454 1646 opprimerent,
1481 1611 1529 1639 sed
1547 1615 1577 1638 ut
1599 1619 1631 1638 ex
1650 1611 1712 1644 illis,
1728 1618 1789 1646 quae

997 1661 1060 1692 post
1086 1657 1170 1685 etiam
1195 1657 1286 1684 futura
1308 1662 1411 1691 essent,
1441 1662 1677 1693 exspectaremus.
1711 1657 1788 1684 Dicm

997 1708 1090 1731 autem
1107 1709 1135 1731 et
1152 1704 1248 1731 horam
1262 1703 1352 1731 noluit
1369 1706 1398 1730 ut
1421 1703 1495 1730 Deus
1517 1703 1609 1730 dicere
1636 1710 1666 1730 se
1693 1709 1787 1735 nosse,

997 1750 1045 1778 sed
1069 1755 1099 1777 ut
1116 1750 1198 1778 homo
1214 1757 1244 1777 se
1259 1749 1369 1785 negavit.
1387 1750 1468 1781 scire,
1483 1757 1518 1777 ne
1535 1750 1653 1784 amplius
1669 1749 1790 1776 interro-

997 1801 1103 1831 garent.
1119 1795 1164 1823 Sic
1177 1796 1260 1831 igitur
1274 1803 1331 1823 rem
1343 1797 1517 1831 temperavit,
1533 1803 1568 1822 ne
1585 1796 1607 1823 si
1623 1795 1665 1822 vel
1677 1796 1790 1822 omnino

998 1845 1111 1874 taceret,
1127 1841 1239 1868 tristitia
1253 1840 1402 1876 discipulos
1433 1839 1564 1872 alliceret,
1591 1840 1633 1866 vel
1658 1839 1680 1867 si
1708 1840 1790 1874 plane

997 1887 1174 1923 patefaceret.
1193 1891 1286 1923 ageret
1312 1890 1409 1914 contra
1424 1893 1505 1921 quam
1529 1890 1558 1913 et
1582 1886 1636 1913 illis
1649 1890 1676 1913 et
1709 1886 1790 1914 nobis

998 1935 1069 1960 foret
1082 1934 1161 1960 utile.
1184 1932 1321 1966 Quoniam
1348 1932 1431 1967 igitur
1447 1936 1561 1967 propter
1583 1939 1635 1959 nos
1668 1931 1788 1958 Verbqu

997 1987 1061 2006 caro
1076 1979 1177 2007 factum
1190 1983 1242 2010 est,
1257 1982 1369 2013 propter
1378 1985 1427 2005 nos
1443 1977 1525 2005 etiam
1547 1977 1633 2005 dixlt:
1649 1977 1687 2004 Nc
1703 1977 1789 2004 Filius

998 2025 1109 2061 quidem
1124 2025 1213 2052 novit.
1226 2024 1322 2059 Neque
1336 2024 1373 2051 ita
1401 2023 1496 2051 dicens
1512 2024 1644 2051 mentitus
1661 2028 1713 2050 est.
1731 2023 1790 2050 llu-

999 2080 1082 2100 mano
1099 2072 1172 2099 enitn
1186 2079 1274 2104 more,
1291 2074 1321 2098 ut
1341 2071 1433 2104 ltomo,
1452 2072 1562 2106 negavit
1595 2078 1625 2097 se
1641 2071 1722 2103 scire,
1739 2077 1790 2097 nec

999 2120 1140 2155 permisit,
1156 2123 1186 2146 ut
1204 2117 1330 2153 discipuli
1357 2125 1387 2145 se
1419 2118 1537 2153 amplius
1561 2123 1709 2153 urgerent;
1741 2125 1791 2145 ne-

999 2166 1089 2201 gando
1103 2165 1177 2192 enim
1208 2165 1329 2197 sescire,
1350 2163 1415 2191 fecit
1441 2164 1685 2200 interrogationem
1718 2164 1791 2198 ipso-

1000 2218 1062 2237 rum
1078 2209 1245 2237 consistere.
1261 2209 1308 2241 At_
1319 2208 1345 2235 in
1360 2215 1393 2235 eo
1405 2208 1486 2240 libro,
1500 2215 1554 2243 quo
1577 2215 1621 2235 res
1634 2209 1667 2234 ah
1679 2211 1791 2242 aposto-

152 2256 234 2282 αὑτὸν
257 2255 340 2282 πάλιν
359 2257 384 2281 οι
406 2256 537 2291 μαθηταὶ,
559 2256 624 2283 πότε
642 2257 673 2283 τδ
692 2256 768 2288 τέλος
791 2256 878 2287 ἔσται,
901 2257 945 2283 καὶ

1000 2257 1034 2283 lis
1050 2260 1132 2291 gestae
1145 2255 1331 2288 continentur,
1352 2254 1483 2289 scriptum
1506 2259 1557 2287 est,
1571 2254 1720 2289 discipulos
1738 2254 1790 2281 ite-

152 2301 219 2327 πότε
237 2301 391 2337 παραγίνῃ,
409 2302 455 2328 καὶ
470 2301 546 2328 εἶπεν
563 2303 654 2334 αὐτοῖς
671 2302 871 2338 φανερώτερον·
886 2303 948 2336 Οὺχ

151 2347 239 2382 ὑμῶν
256 2347 323 2374 ἐστι
336 2347 445 2381 γνῶναι
460 2348 593 2381 χρόνους
608 2348 627 2383 ἢ
642 2348 777 2383 καιροὺς,
792 2348 847 2381 οὒς
859 2349 876 2375 ό
891 2350 951 2376 Πα-

150 2394 208 2428 τὴρ
223 2393 310 2420 ἔθετο
326 2393 362 2420 ἐν
378 2392 416 2428 τῇ
436 2394 496 2428 ιδίᾳ
509 2394 646 2429 ἐξουσίᾳ.
666 2395 721 2422 Καὶ
734 2394 783 2421 οὐκ
799 2393 861 2421 sine
876 2396 948 2427 τότε,

152 2441 213 2467 Οὐκ
227 2437 301 2467 οἶδεν
314 2440 375 2467 οὐδὲ
391 2441 405 2467 ὁ
421 2440 500 2475 Υἱὸς,
519 2440 614 2476 ὥσπερ
630 2441 683 2476 πρὸ
696 2441 794 2468 τούτου
810 2441 949 2477 ἀνθρωπί-

153 2496 219 2518 νως.
241 2486 342 2514 Λοιπὸν
357 2488 412 2523 γὰρ
431 2485 466 2523 ἦν
488 2488 503 2522 ή
522 2488 590 2523 σὰρξ
611 2488 763 2521 ἀναστᾶσα,
781 2488 828 2515 καὶ
848 2487 949 2514 ἀποθε-

154 2534 229 2569 μένη
249 2534 300 2568 τὴν
316 2534 450 2569 νέκρωσιν
460 2554 467 2566 ,
485 2535 533 2562 καὶ
549 2534 741 2570 θεοποιηοεϊσα
753 2556 759 2568 ,
780 2535 828 2562 καὶ
842 2534 892 2561 οὐκ
906 2534 947 2561 ἔτι

153 2580 264 2616 ἔπρεπε
287 2580 428 2615 σαρκικῶς
447 2580 529 2607 αὐτὸν
546 2580 745 2616 ἀποκρίνασθαι
765 2582 948 2616 ἀνερχόμενον

153 2627 197 2656 εἰς
213 2626 279 2656 τοὺς
298 2624 442 2659 οὐρανοὺς,
459 2624 527 2651 ἀλλὰ
542 2625 635 2651 λοιπὸν
652 2624 750 2656 θεϊκῶς
768 2624 890 2658 διδάξαι,
905 2624 948 2650 ὅτι

149 2671 215 2704 οὐχ
231 2669 316 2705 ὑμῶν
329 2670 396 2697 ἐστι
407 2669 518 2704 γνῶναι
532 2671 660 2704 χρόνους
685 2670 704 2704 ἧ
719 2670 851 2704 καιροὺς,
865 2669 918 2702 οὒς
931 2671 948 2697 ὀ

153 2716 259 2752 Πατὴρ
276 2717 360 2745 ἔθετο
375 2717 411 2744 ὲν
424 2716 462 2751 τῇ
478 2716 535 2749 Ζδίᾳ
550 2717 687 2750 ἐξουσίᾳ.
700 2716 748 2748 Τίς
763 2716 792 2743 δὲ
804 2717 820 2752 ή
832 2717 948 2751 δύναμις

152 2763 203 2790 τοῦ
215 2764 320 2800 Harpe;
336 2764 352 2799 ἢ
367 2765 381 2790 ὁ
393 2763 513 2799 Χριστός
525 2771 532 2795 ;
548 2763 665 2799 Χριστὸς
677 2762 731 2798 γὰρ
743 2763 810 2790 Θεοῦ
834 2763 948 2798 δύναμις

152 2811 201 2838 καὶ
220 2810 286 2838 Θεοῦ
307 2811 403 2845 σοφία.

192 2901 271 2932 ⁸Δςι.
289 2908 309 2936 ι,
326 2899 355 2930 7.
398 2899 408 2914 ¹
423 2898 434 2926 l
448 2897 509 2926 Cor.
528 2906 546 2931 ι,
563 2898 607 2926 24.

1001 2310 1061 2329 rum
1090 2302 1286 2335 interrogasse,
1321 2300 1432 2335 quando
1457 2300 1519 2327 linis
1544 2304 1617 2327 esset
1646 2305 1789 2332 venturus,

999 2355 1119 2382 eumque
1134 2347 1234 2374 clarius
1247 2346 1299 2373 illis
1330 2346 1364 2373 ad
1377 2346 1451 2373 hunc
1465 2345 1576 2372 modum
1591 2345 1771 2379 respondisse
1781 2353 1790 2371 :

1003 2394 1065 2422 Non
1080 2399 1117 2421 est
1130 2398 1257 2425 uestrum,
1276 2401 1353 2420 nosse
1370 2397 1488 2425 tempora
1512 2392 1553 2419 vel
1574 2397 1716 2423 momenta,
1734 2399 1792 2426 quae
1808 2406 1812 2409 -

1002 2443 1084 2471 Pater
1103 2443 1189 2477 posuit
1212 2442 1240 2469 in
1253 2450 1302 2469 sua
1335 2445 1464 2475 potestate
1481 2440 1501 2467 ¹.
1525 2439 1584 2467 Νοιι
1612 2440 1681 2468 dixit
1707 2444 1792 2468 tunc:

1002 2486 1042 2514 Ne
1053 2486 1140 2514 Filius
1154 2485 1264 2521 quidem
1285 2484 1371 2517 novit,
1386 2489 1415 2511 ut
1433 2489 1513 2512 antea
1529 2485 1646 2517 dixerat,
1663 2489 1793 2521 tanquam

1004 2534 1098 2560 homo.
1114 2532 1175 2560 Jam
1210 2532 1282 2559 enim
1315 2536 1476 2559 surrexerat
1507 2539 1582 2564 caro,
1614 2531 1794 2567 depositaque

1004 2579 1170 2607 mortalitate
1185 2579 1278 2607 divina
1294 2584 1354 2607 erat
1380 2579 1501 2607 reddita.
1520 2579 1573 2606 Nec
1602 2579 1721 2613 amplius
1747 2580 1795 2606 de-

1003 2626 1093 2656 cebat.
1106 2629 1133 2652 ut
1149 2625 1205 2660 jam
1224 2625 1251 2652 in
1269 2625 1368 2652 malum
1385 2625 1474 2652 iturus
1488 2626 1679 2660 responderet,
1695 2629 1724 2651 ut
1742 2624 1791 2651 ho—

1004 2680 1060 2704 mo,
1070 2672 1118 2699 sed
1129 2671 1241 2699 doceret
1253 2675 1283 2699 ut
1299 2671 1380 2702 Deus.
1395 2670 1457 2698 Non
1465 2676 1636 2702 estvestrum,
1650 2671 1791 2705 inquiens,

1004 2727 1079 2746 nosse
1095 2722 1213 2752 tempora
1226 2717 1266 2745 vel
1281 2723 1424 2749 momenta,
1436 2726 1493 2752 qua:
1507 2717 1589 2744 Pater
1603 2716 1691 2752 posuit
1705 2716 1732 2742 in
1743 2724 1793 2743 sua

1003 2767 1142 2799 potestate.
1153 2763 1219 2797 Quae
1228 2768 1319 2791 autem
1331 2763 1419 2791 Patris
1435 2768 1567 2798 potestas,
1575 2762 1627 2789 nisi
1642 2761 1772 2789 Christus
1781 2761 1794 2788 2

1002 2810 1131 2838 Christus
1143 2810 1217 2838 enim
1246 2809 1294 2837 Dei
1326 2809 1414 2837 virtus
1441 2813 1467 2836 et
1481 2807 1615 2843 sapientia
1629 2807 1650 2834 ’.
