4058 6394
511 318 619 381 443

1747 322 2130 383 EUTHYMH
2171 322 2532 383 ZlGABE‘U

3660 315 3769 378 ιιι

584 429 804 486 Sciebat
831 431 1020 501 utique
1058 428 1253 494 Filius,
1285 430 1364 484 uti
1403 427 1662 486 Verbum.
1712 429 1804 484 Sic
1826 432 1972 484 enim
2005 430 2058 482 In

2257 429 2419 486 Οἶδεν
2443 435 2549 503 ἄρα
2578 432 2606 483 ὁ
2630 432 2756 494 Υἱδς
2786 431 2957 495 Λόγος
2991 430 3087 484 ὤν.
3123 428 3296 484 Τοῦτο
3318 431 3425 500 γὰρ
3447 430 3626 499 λέγων
3643 434 3774 502 ἐσή-

513 537 686 591 quens
702 520 1027 593 signiﬁcavit
1057 534 1114 574 se
1139 519 1415 585 scire,sed
1450 520 1514 574 ad
1544 536 1640 576 eos
1672 534 1782 576 non
1809 521 2088 589 pertinere

513 629 862 683 cognoscere,
885 623 938 667 ut
954 613 1169 666 etiamsi
1195 613 1474 667 daemones
1491 614 1727 682 speciem
1746 621 2091 668 assumerent

513 707 853 777 angelorum,
896 717 951 758 et
999 713 1333 761 conarentur
1387 704 1579 760 mundi
1609 706 1770 760 ﬁnem
1798 703 2090 760 denuntia-

517 815 595 861 re,
632 814 740 868 quo
771 798 1055 853 audientes
1105 798 1450 867 deciperent,
1494 814 1565 851 ne
1622 798 1726 852 illis
1754 798 2073 862 crederent,

516 906 637 943 cum
671 890 819 944 vocis
854 889 1076 942 Domini
1122 890 1496 944 testimonium
1553 889 1845 944 haberent.
1907 889 2086 954 Quan-

514 995 773 1050 quamne
822 980 1040 1049 expedit
1087 979 1304 1049 quidem
1365 980 1678 1035 hominibus
1711 981 1873 1034 ﬁnem
1935 979 2086 1034 illum

515 1085 698 1136 nosse,
741 1085 810 1126 ne
866 1085 933 1126 eo
984 1072 1199 1142 cognito
1249 1071 1585 1142 negligentes
1642 1073 1863 1128 interim
1927 1072 2078 1126 ﬁant.

525 1161 894 1227 Quamobrem
947 1171 1245 1231 utrumque
1296 1164 1481 1226 nobisa
1517 1165 1682 1219 ﬁnem
1745 1175 1860 1219 tum
1907 1163 2082 1226 orbis.

519 1262 634 1306 tum
665 1266 777 1305 suae
801 1251 1066 1320 cujusque
1103 1252 1229 1306 vita:
1268 1260 1457 1306 notum
1514 1268 1633 1307 esse
1694 1253 1892 1306 noluit.
1949 1251 2084 1316 Nam

520 1342 647 1396 etin
691 1343 1065 1397 universitatis
1101 1343 1210 1397 ﬁne
1265 1343 1604 1414 singulorum
1645 1344 1768 1400 ﬁnis
1831 1358 2086 1413 compre-

2195 541 2382 595 μανεν,
2419 525 2502 578 ὅτι
2523 525 2675 591 Ἐγὼ
2701 519 2839 589 οἶδα,
2865 522 2978 576 ἀλλ’
3013 521 3116 576 οὐκ
3154 522 3306 576 ἔστιν
3338 521 3496 591 ὑμῶν
3538 521 3768 590 γνῶναι,

2191 614 2279 668 ἵνα
2295 613 2398 668 κᾶν
2414 613 2488 677 ὡς
2515 614 2735 682 ἄγγελοι
2763 629 3008 683 μετασχη
3018 611 3352 682 ματεξωνται
3375 609 3654 679 δαίμονες,
3675 613 3774 665 καὶ

2190 706 2320 774 περὶ
2357 705 2457 774 τῆς
2499 704 2810 767 συντελείας
2855 703 3252 775 ἐπιχειρήσωσι
3296 702 3475 770 λέγειν
3526 704 3666 772 πρὸς
3708 703 3775 756 τὸ

2190 798 2471 868 πλανῆσαι
2507 799 2636 860 τοὺς
2683 798 3006 864 ἀκούοντας,
3057 796 3133 867 μὴ
3183 795 3511 865 πιστεύσητε
3546 797 3773 866 ἔχοντες

2191 890 2348 959 ὑμεῖς
2380 889 2512 961 παρ’
2543 889 2680 959 ἐμοῦ
2711 890 2810 960 τὴν
2843 889 3050 960 φωνήν.
3095 887 3306 950 Ἄλλως
3331 903 3389 940 τε
3417 887 3539 940 οὐδὲ
3561 888 3771 942 ειδέναι

2187 984 2304 1044 τοῖς
2334 979 2642 1052 ἀνθρώποις
2679 981 2742 1033 τὸ
2771 980 2923 1041 τέλος
2959 981 3265 1049 συμφέρει,
3308 980 3399 1032 ἵνα
3435 981 3510 1050 μὴ
3543 981 3772 1048 γνόντες

2185 1075 2607 1146 καταφρονηταὶ
2635 1073 2732 1127 τοῦ
2764 1074 2970 1142 μεταξὺ
2999 1073 3196 1143 χρόνου
3226 1072 3518 1139 γένωνται.
3561 1071 3772 1142 Ἀμφόο

2186 1185 2322 1239 τερα
2364 1167 2428 1239 δὴ
2467 1163 2562 1222 οὖν
2589 1167 2682 1220 καὶ
2723 1168 2784 1220 τὸ
2811 1165 3039 1219 καθόλου
3081 1163 3258 1226 τέλος,
3293 1163 3390 1216 καὶ
3433 1163 3496 1214 τὸ
3527 1162 3772 1216 ἑκάστου

2185 1257 2507 1326 ἀπέκρυψεν
2533 1256 2626 1324 ἀφ’
2654 1253 2810 1326 ήμῶν
2833 1254 2862 1307 ό
2895 1253 3092 1322 Λόγος.
3125 1251 3239 1306 Καὶ
3266 1250 3376 1319 γὰρ
3409 1251 3467 1304 ὲν
3492 1249 3571 1321 τῷ
3601 1251 3778 1304 καθό-

2186 1347 2279 1400 λου
2308 1348 2369 1400 τὸ
2395 1346 2630 1400 ἑκάστου
2661 1343 2810 1407 τέλος
2845 1343 2964 1397 ἐστὶ
2984 1382 2999 1406 ,
3036 1342 3130 1396 καὶ
3159 1342 3220 1394 ὲν
3244 1341 3322 1410 τῷ
3349 1341 3582 1393 ἑκάστου
3619 1338 3778 1392 τέλει

522 1433 800 1496 henditur,
832 1442 888 1486 et
913 1433 1248 1504 singulorum
1304 1437 1414 1488 ﬁne
1465 1435 1686 1504 cogitur
1706 1435 1829 1488 ﬁnis
1862 1434 2081 1490 univer-

2183 1439 2250 1492 τὸ
2279 1437 2506 1492 καθόλου
2540 1437 2860 1503 συνάγεται,
2895 1435 2983 1490 ἵνα
3015 1433 3213 1503 ἀδήλου
3252 1431 3417 1484 αὑτοῦ
3457 1430 3631 1494 ὄντος,
3674 1431 3777 1482 καὶ

521 1524 712 1590 sitatis,
744 1537 802 1580 ut
832 1541 953 1580 cum
981 1525 1222 1580 incertus
1254 1527 1345 1590 sit,
1386 1527 1627 1596 quotidie
1691 1528 1862 1598 magis
1893 1527 1948 1580 in
1978 1526 2084 1580 vir-

521 1616 652 1672 tutis
682 1617 862 1671 studio
894 1617 1262 1686 proﬁciamus.
1301 1617 1367 1672 Et
1393 1617 1520 1672 ideo
1574 1619 1831 1674 Servator
1880 1618 2081 1683 adjunv

497 1710 596 1786 ξεῑι
631 1725 644 1762 :
679 1707 911 1778 Vigilate
949 1710 1136 1779 igitur,
1168 1711 1292 1780 quia
1348 1712 1580 1776 nescitis,
1639 1729 1744 1782 qua
1773 1713 1902 1766 hora
1970 1711 2081 1766 Do-

2185 1531 2274 1586 ἀεὶ
2306 1529 2782 1599 προσδοκωμένου,
2811 1525 2937 1580 καθ’
2968 1525 3182 1596 ἡμέραν
3214 1524 3638 1592 προκόπτωμεν.
3667 1525 3777 1582 Δια

2184 1621 2342 1674 τοῦτο
2374 1621 2482 1688 γὰρ
2527 1620 2795 1687 ἐπέφερεν
2833 1619 2862 1670 ό
2891 1617 3081 1686 Σωτὴρ
3125 1614 3300 1683 λέγων
3343 1629 3360 1647 ο
3405 1610 3778 1681 Γρηγορεῖτε

2189 1708 2305 1769 οὖν
2334 1712 2424 1765 ὅτι
2450 1713 2560 1766 οὐκ
2585 1709 2784 1764 οἴδατε
2835 1707 2978 1761 οὐδὲ
3001 1701 3169 1778 ὑμεῖς
3199 1709 3343 1774 ποίᾳ
3373 1704 3563 1774 ἡμέρᾳ
3588 1706 3619 1754 ό
3654 1702 3780 1755 Κύ-

515 1799 686 1852 minus
710 1808 875 1853 vester
902 1811 1151 1856 venturus
1176 1804 1245 1854 sit
1280 1803 1318 1856 ¹.
1371 1802 1599 1872 Propter
1658 1804 1947 1858 utilitatem
2005 1819 2081 1858 er-

2185 1822 2315 1873 ριος
2350 1802 2515 1874 ὑμῶν
2543 1803 2801 1872 ἔρχεται.
2834 1801 2932 1854 Διὰ
2959 1801 3022 1853 τὸ
3049 1800 3329 1870 συμφέρον
3361 1799 3466 1868 ἄρα
3491 1796 3550 1848 τὸ
3575 1799 3641 1848 ὲκ
3671 1795 3777 1862 τῆς

511 1889 1008 1959 goproVenientem
1068 1906 1132 1944 ex
1175 1891 1275 1944 hac
1322 1891 1535 1946 inscitia
1584 1891 1654 1945 ita
1721 1891 1932 1947 locutus
1985 1899 2085 1945 est.

513 1981 631 2034 Jam
666 1997 790 2036 cum
827 1983 878 2034 in
918 1981 1170 2051 paradiso
1192 1980 1468 2061 .Domiuus
1519 1983 1602 2036 sic
1624 1981 1794 2038 Adam
1841 1982 2086 2036 interro-

509 2084 638 2143 get:
671 2075 863 2141 Adam,
899 2075 986 2127 ubi
1033 2089 1084 2128 es
1111 2074 1176 2128 ’ἲ
1213 2083 1268 2127 et
1313 2089 1376 2128 ex
1414 2074 1546 2129 Cain
1580 2083 1810 2143 quaret,
1869 2073 1961 2128 ubi
2017 2072 2090 2129 sit

509 2170 679 2223 frater
729 2170 866 2238 ejus,
906 2167 1038 2236 quid
1075 2166 1164 2220 hic
1231 2166 1473 2220 dicetis?
1543 2166 1751 2221 Eumne
1815 2167 2086 2237 ignorare,

509 2270 674 2330 atque
711 2260 834 2316 ideo
862 2261 941 2314 sic
976 2261 1325 2329 percontari?
1360 2261 1430 2313 At
1469 2258 1795 2314 Manichmos
1822 2259 1926 2314 huc
1966 2274 2085 2312 mo—

517 2353 590 2405 do
619 2366 714 2405 vos
742 2365 864 2404 esse
895 2349 1262 2405 declarabitis.
1291 2349 1492 2404 Eorum
1529 2350 1677 2405 enim
1711 2349 1934 2419 prepria
1973 2350 2088 2404 haec

514 2443 879 2497 estaudacia.
935 2442 1088 2507 Quod
1120 2442 1163 2496 si
1219 2451 1494 2505 verentes,
1549 2457 1618 2496 ne
1669 2451 1856 2512 aperte
1908 2439 2087 2494 Mani-

510 2536 643 2590 i-hazi
677 2533 1056 2598 nominemini,
1095 2533 1246 2588 vobis
1277 2531 1413 2601 ipsis
1448 2531 1557 2585 vim
1595 2530 1821 2597 aﬁertis,
1851 2541 1910 2586 ut
1941 2531 2088 2586 dica-

515 2629 606 2693 tis,
643 2635 1241 2698 eum.cogno,scentem
1306 2624 1643 2696 percontari,
1705 2624 1835 2693 quid
1897 2623 2088 2677 absur-

510 2720 640 2774 dum
700 2711 1029 2772 autneva
1054 2715 1762 2786 conspicitis,quamobrem
1798 2713 2083 2779 excidatis,

513 2812 554 2862 si
590 2809 777 2874 Filius,
819 2809 873 2862 in
915 2823 1022 2878 quo
1075 2817 1202 2861 tunc
1257 2805 1402 2861 Deus
1465 2805 1910 2875 percontabatur,
1972 2806 2086 2872 ipse

513 2917 657 2953 nunc
695 2915 914 2953 carnem
949 2897 1172 2952 indutus
1233 2907 1293 2951 ut
1325 2899 1488 2951 homo
1511 2897 1909 2968 percontatur?
1967 2896 2081 2952 Nisi

515 3003 573 3046 ut
600 3009 724 3047 cum
769 2991 1050 3047 Manicluei
1084 2991 1226 3058 sitis,
1280 2993 1754 3061 percontationem
1815 2991 1979 3045 etiam
2017 2990 2083 3044 il-

516 3089 620 3140 lam
650 3086 905 3155 carpatis,
938 3095 989 3139 et
1016 3085 1450 3149 calumniemini,
1487 3093 1547 3140 ut
1606 3085 1780 3140 solum
1812 3087 1868 3140 in
1923 3083 2084 3139 malis

511 3179 930 3250 cogitationibus
963 3179 1160 3233 vestris
1190 3194 1287 3232 vos
1313 3178 1573 3233 audacter
1621 3178 1844 3249 geratis.
1897 3175 1968 3232 At
2025 3177 2082 3232 in

510 3270 760 3323 omnibus
800 3269 1063 3323 confutati
1116 3285 1334 3324 rursum
1389 3269 1792 3325 tumultuamini
1862 3278 2085 3339 propter

513 3363 602 3416 illa
673 3365 861 3427 verba,
898 3380 1018 3430 qua:
1058 3379 1084 3416 a
1139 3363 1284 3418 Luca
1337 3365 1540 3434 scripta
1584 3373 1757 3418 sunt:
1807 3363 1875 3418 Et
1930 3364 2082 3417 λειω

510 3455 1117 3524 proﬁciebatsnpientia,
1143 3465 1191 3510 et
1215 3464 1395 3522 aetate,
1417 3470 1464 3511 et
1495 3458 1673 3526 gratia
1720 3459 1862 3526 apud
1915 3456 2080 3510 Deum

510 3557 557 3600 ct
582 3547 810 3600 homines
843 3547 883 3602 ⁸.
923 3548 1300 3604 Necessarium
1328 3551 1490 3620 igitur
1513 3563 1614 3617 est,
1647 3560 1700 3604 ut
1736 3565 1830 3604 vos
1886 3549 2080 3602 iteuum

511 3650 764 3707 tanquam
789 3641 1115 3696 Saddueaeos
1151 3653 1205 3697 et
1225 3643 1523 3697 l‘harisreos
1542 3644 1894 3713 interrogem,
1921 3639 2082 3695 Jesus

510 3732 762 3787 (lliristus
804 3733 967 3788 homo
1002 3743 1106 3801 est,
1131 3743 1191 3788 ut
1222 3735 1414 3803 reliqui
1441 3751 1631 3790 omnes
1689 3735 1960 3799 homines,
2012 3749 2080 3785 an

514 3821 654 3875 licus
672 3830 754 3875 est
785 3837 1009 3875 carnem
1043 3825 1284 3889 gerens?
1313 3825 1368 3878 Si
1408 3826 1571 3880 homo
1614 3825 1925 3880 communis
1975 3835 2077 3890 est,

512 3924 569 3968 ut
592 3915 773 3967 caeteri
807 3915 1078 3981 homines,
1111 3916 1380 3985 proﬁciat,
1417 3926 1473 3971 ut
1507 3919 1693 3979 homo,
1719 3935 1838 3986 qua:
1860 3918 2079 3986 quidem

510 4015 592 4058 est
623 4005 1025 4060 Samosatensis
1053 4009 1349 4074 sententia,
1403 4024 1564 4078 quam
1597 4025 1694 4064 vos
1744 4011 1876 4063 item
1915 4027 1972 4063 re
1999 4026 2083 4064 se-

507 4095 760 4165 quimini,
795 4097 920 4150 licet
945 4098 1227 4152 hominum
1275 4101 1434 4153 veriti
1490 4102 1556 4154 de
1596 4101 1750 4156 vobis
1797 4101 2082 4156 existima-

509 4188 739 4254 tionem,
766 4188 1142 4244 dissimuletis.
1164 4190 1256 4244 Sin
1291 4192 1434 4245 Deus
1479 4203 1561 4246 est
1592 4209 1812 4247 carnem
1864 4209 2078 4262 gerens,

505 4282 946 4349 quandoquidem
979 4282 1156 4336 ethoc
1193 4298 1379 4337 verum
1409 4295 1511 4347 est,
1538 4283 1665 4354 quid
1699 4287 1937 4355 proﬁcit,
1957 4305 2078 4344 cum

505 4385 573 4428 snt
602 4375 828 4442 aequalis
862 4375 997 4438 Deo,
1033 4386 1125 4430 aut
1155 4378 1428 4445 quomodo
1453 4389 1678 4449 augetur
1736 4378 1929 4447 Filius,
1985 4384 2077 4451 qui

2191 1898 2414 1968 ἀγνοίας
2442 1894 2601 1948 τοῦτο
2645 1893 2890 1963 εἴρηκεν.
2918 1892 3004 1945 Ἐν
3029 1889 3106 1961 τῷ
3131 1891 3440 1961 παραδείσῳ
3469 1886 3524 1940 δὲ
3556 1883 3776 1938 πυνθάσ

2191 1969 2336 2038 νεται
2362 1988 2389 2037 ὁ
2415 1983 2543 2046 Θεὸς
2573 2000 2665 2036 του
2694 1983 2865 2051 Ἀδὰμ
2889 1981 3062 2048 λέγων
3082 1993 3097 2008 ⁶
3137 1979 3343 2048 ’Δδὰμ,
3377 1976 3494 2030 ποῦ
3523 1970 3612 2040 si;
3650 1973 3778 2038 Ἐξ-

2190 2076 2371 2140 ετάζει
2395 2075 2448 2128 δὲ
2476 2075 2567 2127 καὶ
2583 2075 2671 2127 τὸν
2697 2075 2833 2128 Κάῖν
2861 2072 3035 2141 λέγων
3058 2088 3070 2101 ·
3102 2071 3229 2125 Ποῦ
3252 2073 3318 2124 Ἀ
3329 2073 3434 2123 ὄελ
3457 2067 3774 2136 όὰδελφός

2189 2184 2345 2231 σου;
2400 2169 2441 2219 Τ
2449 2169 2463 2219 ι
2517 2168 2695 2220 τοίνυν
2752 2166 2847 2219 καὶ
2894 2163 3022 2232 περὶ
3072 2163 3263 2216 τούτου
3312 2163 3491 2230 φατες
3540 2159 3602 2211 Εἰ
3657 2158 3771 2227 γὰρ

2187 2261 2404 2328 ἀγνοεῖν
2432 2259 2593 2312 αὑτὸν
2626 2255 2902 2328 νομίζετε,
2935 2255 3028 2309 καὶ
3059 2255 3145 2307 διὰ
3183 2253 3342 2306 τοῦτο
3373 2249 3774 2314 πυνθάνεσθαι,

2189 2351 2510 2422 Μανιχαιοις
2562 2349 2660 2418 μὲν
2703 2348 2804 2418 ἤδη
2841 2344 3240 2420 γπροσετέθητε.
3297 2341 3485 2395 Αὐτῶν
3540 2341 3650 2408 γὰρ
3710 2338 3777 2390 τὸ

2186 2445 2430 2499 τοιοῦτον
2457 2444 2731 2513 τόλμημα.
2757 2443 2821 2496 Εἰ
2847 2440 2903 2493 δὲ
2934 2438 3258 2508 φοϐούμενοι
3288 2434 3535 2506 φανερῶς
3567 2433 3779 2505 ὀνομα-

2189 2539 2382 2608 σθῆναι
2408 2539 2703 2605 Μανιχαῑοι
2731 2533 2983 2604 βιάζεσθε
3011 2533 3208 2594 αὐτοὺς
3239 2531 3436 2592 εἰπεῖν,
3476 2528 3557 2581 ὅτι
3597 2527 3737 2594 γινὼ
3758 2557 3772 2569 -

2189 2648 2333 2684 σκων
2378 2629 2730 2693 πὺνοάνεται,
2775 2627 2829 2679 τί
2873 2628 3096 2688 ἄτοπον,
3145 2623 3179 2693 ἢ
3230 2623 3282 2675 τί
3337 2623 3486 2688 ξένον
3527 2620 3771 2690 ὁρῶντες

2185 2723 2330 2777 οὕτω
2371 2720 2720 2784 πεπτώκατε,
2758 2719 2806 2772 εἰ
2834 2721 2861 2770 ὁ
2895 2719 3042 2782 Υἱὸς,
3069 2719 3127 2772 ὲν
3153 2711 3195 2785 ᾧ
3223 2716 3343 2768 τότε
3377 2713 3717 2767 ἐπυνθάνετο
3745 2715 3775 2766 ὁ

2185 2817 2315 2880 Θεὸς
2339 2854 2356 2880 ,
2395 2819 2421 2870 ό
2458 2815 2622 2876 αὐτὸς
2661 2813 2787 2874 Υἱὸς
2823 2812 2918 2865 καὶ
2952 2811 3046 2864 νῦν
3088 2809 3267 2880 σάρκα
3298 2806 3775 2878 περιϐαλλόμενος

2185 2909 2516 2964 πυνθάνεται
2566 2906 2642 2968 ὡς
2692 2905 3024 2976 ἄνθρωπος;
3080 2904 3142 2956 El
3193 2902 3270 2972 μὴ
3315 2902 3422 2972 ἄρα
3469 2901 3774 2969 Μανιχαῖοι

2182 3003 2464 3074 γενόμενοι
2491 2997 2806 3072 μέμφεσθαι
2830 2998 3082 3067 θελήσετε
3113 2999 3205 3049 καὶ
3233 2995 3330 3065 τὴν
3369 2993 3493 3045 τότε
3534 2992 3767 3060 γενομέ-

2107 3117 2153 3180 C
2185 3114 2282 3166 νην
2308 3096 2443 3166 πρὸς
2466 3095 2557 3146 τδν
2595 3091 2764 3159 ’Δδάμ
2787 3089 3078 3160 δρώτησιν,
3111 3089 3197 3141 ῐνα
3223 3088 3383 3158 μόνον
3407 3083 3768 3180 νεανιεόησθε

2187 3192 2247 3244 ὲν
2287 3191 2407 3252 ταῖς
2447 3187 2782 3247 κακονοιαις.
2820 3185 2928 3238 Καὶ
2975 3182 3084 3252 γὰρ
3116 3185 3172 3235 ἐν
3215 3181 3382 3234 πᾶσιν
3416 3178 3767 3250 ἐλεγχόμενοι

2189 3281 2467 3353 Οορυὸεῐτε
2508 3278 2669 3331 πάλιν
2709 3277 2798 3330 διὰ
2828 3278 2887 3331 τὸ
2921 3275 3214 3346 εἰρημένον
3241 3273 3395 3344 παρὰ
3428 3273 3522 3326 τοῦ
3550 3273 3760 3334 Actiaci.

2186 3376 2320 3444 Φησὶ
2352 3374 2460 3441 γάρ
2485 3392 2500 3404 ·
2533 3369 2905 3437 ΚαλἾησοῦς
2928 3369 3258 3434 προέκοπτε
3288 3365 3474 3434 σοφίᾳ
3621 3363 3755 3432 θυι-ν

2185 3467 2304 3533 κίᾳ,
2337 3466 2433 3518 καὶ
2465 3464 2654 3533 χάριτι
2690 3463 2850 3529 παρὰ
2883 3459 3022 3524 Θεῷ,
3051 3466 3148 3512 καὶ
3176 3445 3745 3526 ἀνθρώποιςεέἏναγτ

2186 3562 2341 3614 καῖον
2379 3557 2475 3613 οὖν
2509 3561 2624 3610 ἐστι
2659 3557 2824 3610 πάλιν
2864 3556 3060 3616 αὺτιὺς
3092 3553 3166 3616 ὼς
3195 3555 3320 3613 τοὺς
3365 3547 3747 3610 Σαδδουκαίους

2184 3655 2278 3706 καὶ
2304 3653 2634 3722 Φαρισαίους
2689 3651 2962 3718 ἐρωτῆσαι
2982 3664 2996 3679 ο
3044 3645 3249 3714 Ἰησοῦς
3286 3643 3523 3714 Χριστὸς
3550 3641 3758 3711 ἄνδρω-

2185 3749 2285 3809 πὸς
2311 3749 2483 3811 ἐστιν,
2511 3745 2587 3806 ὡς
2617 3745 2666 3795 οἱ
2691 3743 2840 3796 ἄλλοι
2869 3741 3066 3802 πάντες
3097 3739 3392 3808 ἄνθρωποι,
3426 3737 3462 3806 ἦ
3483 3735 3620 3801 Θεός
3649 3737 3763 3788 ἐστι

2187 3842 2365 3911 σάρκα
2416 3835 2635 3907 φορῶν;
2675 3836 2735 3888 Ei
2770 3833 2867 3904 μὲν
2921 3828 3013 3884 οὖν
3049 3832 3224 3893 κοινὸς
3282 3830 3572 3900 ἅνθρωπος
3623 3827 3765 3880 κατὰ

2184 3935 2310 3996 τοὺς
2337 3931 2527 3993 ἄλλους
2556 3927 2878 3998 ἀνθρώπους
2911 3927 3003 3977 καί
3034 3923 3193 3986 αὑτός
3228 3925 3396 3985 ἐστιν,
3426 3921 3566 3974 ἔστω
3601 3919 3767 3974 πάλιν

2181 4027 2257 4090 ὡς
2281 4025 2566 4096 ἄνθρωπος
2599 4023 2944 4093 προκόπτων.
2980 4017 3151 4070 Τοῦτο
3183 4017 3367 4084 μέντοι
3396 4012 3487 4067 τοῦ
3514 4014 3768 4080 Σαμοσά-

2183 4118 2322 4179 τέως
2351 4115 2468 4167 ἐστὶ
2501 4117 2561 4166 τδ
2595 4112 2851 4183 φρόνημα
2873 4150 2887 4174 ,
2919 4107 2948 4163 ὃ
2978 4111 3042 4179 τῇ
3077 4107 3176 4176 μὲν
3207 4107 3435 4176 δυνάμει
3470 4106 3565 4158 καὶ
3600 4105 3770 4174 ὑμεῖς

2185 4211 2455 4279 φρονεῖτε,
2481 4205 2558 4274 τῷ
2583 4205 2638 4258 δὲ
2673 4203 2895 4272 ὀνόματι
2926 4201 3084 4272 μόνον
3115 4199 3370 4270 ἀρνεῖσθε
3397 4197 3485 4252 διά
3507 4198 3633 4259 τοὺς
3662 4197 3771 4249 άνο

2187 4302 2457 4371 θρώπους.
2501 4300 2562 4352 El
2590 4297 2646 4352 δὲ
2676 4299 2807 4361 Θεός
2841 4297 2959 4350 ἐστι
2990 4294 3174 4367 σάρκα
3199 4293 3404 4364 φορῶν,
3438 4290 3630 4361 ἐπειδὴ
3668 4290 3776 4342 καὶ

2189 4393 2343 4446 τοῦτό
2360 4395 2509 4444 ἐστιν
2537 4387 2772 4458 ἀληθῶς.
2811 4385 2969 4438 ποίαν
2996 4383 3109 4456 ἔχει
3147 4381 3430 4453 προκοπὴν
3459 4383 3486 4434 ὁ
3519 4380 3606 4431 ἴσα
3638 4377 3776 4446 Θεῷ

504 4479 719 4534 semper
737 4475 818 4519 est
842 4466 896 4519 in
919 4466 1117 4521 Patre?
1137 4469 1190 4521 Si
1226 4469 1369 4523 enim
1389 4486 1605 4539 semper
1636 4472 1688 4524 in
1725 4472 1881 4527 Patre
1937 4476 2080 4528 exsi-

2186 4486 2485 4554 ὑπάρχωνς
2519 4483 2590 4536 Ἢ
2617 4453 2721 4535 ποῦ
2753 4475 2896 4550 εἶχεν
2923 4453 3174 4544 αὐξάνειν
3197 4478 3225 4529 ό
3257 4476 3402 4540 Υἱὸς,
3434 4476 3462 4526 ὁ
3487 4474 3572 4528 ἀεὶ
3598 4471 3672 4525 ὣν
3704 4475 3777 4526 ἐν

501 4567 649 4609 stens
680 4556 890 4627 proﬁcit
921 4568 975 4612 et
1005 4561 1222 4625 crescit,
1255 4561 1458 4632 aliquid
1488 4563 1744 4618 nimirum
1780 4574 1867 4619 est
1915 4581 2078 4635 supra

499 4649 742 4716 Patrem,
775 4651 841 4704 ad
871 4653 1017 4720 quod
1050 4652 1138 4706 ille
1188 4669 1443 4708 crescens
1489 4658 1796 4722 perveniat.
1870 4656 2076 4713 Deinde

500 4742 546 4795 si
583 4743 743 4796 homo
766 4743 945 4817 lactus
977 4747 1318 4816 proﬁciebat,
1348 4759 1467 4804 erat
1495 4759 1644 4815 ante,
1701 4769 1862 4822 quam
1912 4755 2075 4810 homo

503 4831 676 4900 ﬁeret,
703 4835 1074 4904 imperfectus.
1111 4837 1178 4894 Et
1231 4856 1361 4894 caro
1386 4843 1570 4910 potius
1618 4845 2076 4914 perfec'ioipsius

500 4925 601 4980 fuit
630 4943 792 4996 quam
827 4928 944 4998 ipse
965 4931 1163 4985 carnis.
1198 4931 1401 4986 Deinde
1429 4935 1472 4987 si
1505 4931 1744 4988 Verbum
1795 4939 2072 4992 exsistens

498 5020 732 5089 proﬁcit,
764 5024 892 5092 quid
924 5026 1101 5094 majus
1129 5028 1346 5095 assequi
1379 5037 1557 5097 potest
1610 5043 1772 5097 quam
1808 5039 1865 5084 ut
1897 5032 1966 5085 sit
1995 5031 2068 5095 id,

496 5115 640 5182 quod
669 5125 773 5178 est,
807 5115 1045 5172 Verbum
1077 5119 1356 5182 nimirum,
1389 5128 1443 5173 et
1473 5122 1766 5188 sapientia,
1793 5130 1848 5176 et
1875 5121 2069 5189 Filius,

493 5218 548 5262 et
574 5206 738 5272 Deus,
773 5208 930 5278 cujus
954 5210 996 5264 si
1026 5211 1150 5280 quis
1176 5222 1234 5264 ut
1258 5212 1392 5266 radii
1425 5212 1698 5282 particeps
1728 5214 1840 5269 ﬁeri
1867 5207 2070 5285 potest,

497 5303 540 5355 is
566 5301 709 5356 inter
742 5302 992 5356 homines
1017 5312 1102 5357 est
1129 5303 1585 5373 perfectissimus,
1618 5317 1671 5362 et
1697 5309 1920 5379 aequalis
1979 5327 2077 5366 an-

498 5395 634 5463 gelis
666 5395 765 5449 tit?
828 5394 1106 5465 Siquidem
1159 5409 1214 5452 et
1261 5399 1456 5469 Angeli
1504 5407 1560 5454 et
1605 5401 1954 5473 Arcbangeli,
2021 5413 2076 5460 et

499 5485 928 5550 Dominationes,
971 5499 1026 5542 et
1089 5505 1281 5544 omnes
1337 5489 1668 5558 Potestates,
1729 5505 1784 5550 et
1837 5495 2070 5563 Throni,

495 5575 655 5634 Verbi
688 5581 982 5651 participes
1051 5597 1338 5652 personam
1398 5586 1514 5655 ejus
1553 5601 1766 5657 semper
1819 5599 2068 5643 contem-

567 5751 583 5784 ¹
616 5751 804 5810 Matth.
843 5772 985 5811 sxw.
1013 5757 1099 5811 42.
1177 5759 1197 5790 ³
1237 5757 1372 5814 Gen.
1414 5776 1491 5826 Ill,
1527 5761 1580 5814 9.
1657 5762 1674 5792 ³
1711 5761 1840 5816 Luc.
1880 5776 1940 5827 ιι,
2120 5803 2125 5807 .

2181 4577 2260 4646 τῷ
2295 4575 2510 4646 Πατρί;
2546 4574 2609 4627 Εἰ
2644 4571 2754 4641 γὰρ
2781 4571 2870 4624 ἀεὶ
2902 4568 2976 4623 ὢν
3011 4572 3067 4621 ὲν
3104 4569 3184 4638 τῷ
3215 4568 3390 4636 Πατρὶ
3429 4564 3775 4634 προκόπτει,

2181 4671 2232 4722 τί
2262 4669 2370 4738 ἄρα
2407 4666 2555 4719 ἐστὶν
2589 4665 2848 4716 ἐπέκεινα
2893 4661 2986 4713 τοῦ
3037 4661 3272 4730 Πατρὸς,
3312 4658 3397 4711 ἵνα
3456 4658 3549 4710 ἐπὶ
3581 4654 3780 4725 τούτῳ

2184 4760 2480 4832 προκόψῃς
2530 4758 2785 4818 Ἔπειτα,
2831 4757 2881 4808 εἰ
2923 4755 3206 4825 ἄνθρωπος
3251 4753 3545 4822 γενόμενος
3621 4758 3780 4820 π’ρο-

2181 4856 2400 4917 έκοπτε,
2429 4850 2586 4921 δῆλον
2603 4851 2683 4903 ὅτι
2709 4849 2815 4920 πρὸ
2845 4848 2938 4902 τοῦ
2970 4848 3221 4915 γενέσθαι
3239 4845 3528 4916 ἄνθρωπος
3557 4845 3782 4915 ἀτελὴς

2179 4943 2267 5019 ἦν,
2303 4946 2393 4998 καὶ
2424 4943 2621 5016 μᾶλλον
2648 4945 2680 5010 ἡ
2708 4940 2843 5013 σὰρξ
2865 4940 3014 4994 αἰτία
3033 4940 3130 5009 τῆς
3156 4939 3485 5000 τελειώσεως
3511 4937 3780 5004 γέγονεν,

2179 5038 2212 5109 ἧ
2252 5037 2414 5098 αὐτὸς
2443 5037 2540 5107 τῆς
2581 5035 2804 5102 σαρκός.
2839 5032 3014 5084 Πάλιν
3047 5047 3129 5093 τε,
3159 5032 3210 5083 ει
3243 5029 3414 5096 Λόγος
3447 5027 3521 5080 ὢν
3553 5031 3781 5110 προκὸέ

2180 5147 2330 5193 πτει,
2349 5127 2401 5180 τι
2424 5127 2606 5197 μεῖζον
2637 5126 2751 5195 ἔχει
2778 5123 3033 5192 γενέσθαι
3062 5123 3262 5192 Λόγου,
3297 5126 3389 5176 καὶ
3417 5121 3631 5190 σοφίας.
3660 5124 3777 5175 καὶ

2178 5219 2309 5274 Υῑοῦ
2335 5259 2351 5285 ,
2381 5219 2474 5272 καὶ
2511 5217 2646 5272 Θεοῦ
2671 5259 2686 5282 ,
2716 5218 2814 5286 και
2841 5217 3163 5282 δυνάμεως;
3195 5214 3380 5268 Ταῦτα
3410 5215 3519 5284 γάρ
3550 5215 3703 5265 ἐστιν
3743 5217 3776 5270 ὀ

2175 5311 2366 5379 Λόγος,
2400 5305 2459 5366 οὗ
2491 5311 2542 5364 si
2564 5326 2645 5373 τις
2672 5307 2747 5371 ὡς
2775 5310 2994 5366 ἀκτῖνος
3028 5309 3319 5377 μετασχεῖν
3349 5322 3464 5368 πως
3497 5304 3772 5372 δύναται,

2171 5405 2198 5456 ὁ
2229 5400 2472 5463 τοιοῦτος
2503 5398 2816 5461 παντέλειος
2847 5397 2904 5449 ὲν
2944 5395 3274 5467 ἀνθρώποις,
3307 5397 3399 5450 καὶ
3435 5397 3546 5458 ῐσος
3580 5395 3766 5463 άγγά⁹

2171 5492 2282 5554 λοις
2310 5494 2540 5561 γίνεται,
2575 5491 2685 5544 Καὶ
2703 5489 2808 5559 γὰρ
2828 5490 2922 5543 καὶ
2946 5488 3223 5556 Ἄγγελοι,
3243 5489 3336 5540 καὶ
3364 5488 3418 5540 Ἀ
3431 5486 3766 5558 ρχάγγελοι,

2173 5586 2268 5638 καὶ
2297 5585 2634 5654 Κυριότητες
2653 5623 2666 5646 ,
2702 5582 2798 5637 καὶ
2829 5583 3002 5636 πᾶσαι
3032 5583 3087 5635 αἱ
3121 5582 3418 5653 Δυνάμεις,
3440 5583 3532 5635 καὶ
3551 5581 3757 5655 Θρόνοι
