4058 6416
300 339 405 401 445

1284 333 1659 397 PANOPLIA
1702 332 2159 401 DOGMATICA.
2204 341 2459 401 ~‘T1T.
2501 342 2609 404 XL

3474 343 3581 409 446

298 450 391 501 τοῦ
425 448 605 513 Λόγου
638 446 973 517 μετέχοντες
1004 444 1260 515 βλέπουσι
1290 445 1377 498 διὰ
1408 446 1607 509 παντὸς
1636 446 1696 498 τὸ
1726 444 1891 514 πρόσο

2018 449 2235 504 ilantnr.
2262 449 2551 516 Quomodo
2578 452 2744 521 igitur
2775 454 2868 523 qui
2892 454 3014 510 aliis
3029 454 3421 525 perfectionem
3445 469 3585 524 pra»

298 559 448 594 ωπον
484 541 675 595 αὐτοῦ.
714 540 839 602 Πῶς
874 535 969 593 οῦν
1017 540 1044 591 ὁ
1067 537 1249 603 ἄλλοις
1281 538 1379 609 τὴν
1409 540 1724 609 τελειότητα
1757 555 1896 606 παρ-

299 633 440 705 έχων
500 633 665 696 αὐτὸς
709 629 833 701 μετ’
895 630 1137 692 ἐκεί-ους
1185 631 1486 699 προκόπτει
1511 647 1539 699 ;¹
1565 628 1752 684 Ἀλλοι
1785 630 1896 699 γὰρ

299 728 393 780 καὶ
425 727 493 796 τῇ
521 724 850 796 ἀνθρωπίνῃ
894 722 1058 776 αὑτοῦ
1099 722 1310 790 γενέσει
1336 723 1683 793 διηκόνησαν,
1715 723 1812 777 καὶ
1836 721 1898 775 τδ

297 818 607 887 λεγόμενον
659 818 811 886 παρὰ
844 814 919 885 τῷ
951 816 1136 885 Λουκᾷ
1170 815 1307 883 μετὰ
1347 812 1449 885 τὴν
1483 814 1760 869 διακονίαν
1785 813 1898 868 τῶν

301 909 555 978 ἀγγέλων
587 910 827 979 εῐρηται.
864 906 984 970 Πῶς
1010 907 1102 961 οὖν
1133 909 1166 979 ἡ
1199 908 1359 977 σοφία
1391 909 1448 959 ὲν
1476 911 1638 977 σοφίᾳ
1666 907 1899 977 προέκο-

305 1020 439 1057 πτεν
469 1020 487 1063 ;
512 1001 585 1054 Ἦ
623 1000 740 1064 πῶς
771 1003 798 1052 6
827 1002 944 1064 τοῖς
978 1001 1161 1062 ἄλλοις
1189 1000 1286 1063 τὴν
1316 1000 1476 1071 χάριν
1505 1001 1682 1062 διδοὺς
1718 1003 1765 1068 (6
1791 1002 1901 1071 γὰρ

316 1094 533 1158 Παῦλος.
554 1094 647 1147 διὰ
680 1092 862 1164 πάσης
886 1093 1196 1163 ἐπιστολῆς
1224 1092 1295 1145 δι’
1326 1092 1493 1147 αὑτοῦ
1529 1092 1768 1147 δίδοσθαι
1798 1092 1901 1163 τὴν

319 1189 465 1258 χάριν
490 1185 785 1251 γινώσκων
816 1186 983 1255 φησίν
1008 1202 1021 1215 ·
1054 1185 1113 1239 Ἡ
1146 1184 1319 1255 χάρις
1344 1185 1450 1258 τοῦ
1478 1166 1702 1251 Κυρίου
1733 1184 1904 1252 ἡμῶν

328 1276 530 1343 Ἰησοῦ
572 1278 837 1345 Χριστοῦ
888 1278 1032 1347 μετὰ
1085 1276 1329 1330 πάντων
1382 1254 1598 1344 ὑμῶν),
1635 1277 1795 1340 αὐτὸς
1844 1279 1903 1331 ὲν

309 1369 496 1437 χάριτι
523 1368 867 1437 προέκοπτεν
894 1385 909 1433 ;
937 1369 1005 1420 Ἣ
1026 1368 1133 1436 γὰρ
1150 1366 1446 1436 ψεύδεσθαι
1470 1366 1559 1419 τὸν
1577 1365 1903 1420 Ἀπόστολον

306 1462 649 1527 λεγέτωσαν,
686 1459 719 1529 ἢ
765 1461 897 1529 μηδὲ
925 1460 1117 1526 σοφίαν
1148 1456 1287 1512 εἶναι
1318 1459 1493 1526 λέγειν
1516 1460 1606 1511 τὸν
1632 1459 1759 1512 Υἱὸν
1781 1458 1904 1511 τολ-

314 1555 604 1622 μάτωταν,
631 1553 663 1622 ἦ
690 1553 739 1604 εἰ
768 1557 929 1621 σοφία
951 1554 1086 1615 ἐστὶ,
1111 1551 1396 1622 προκοπὴν
1416 1553 1515 1605 οὐκ
1540 1552 1846 1621 ἐπεδέχετο.

386 1644 708 1715 Ἄνθρωποι
728 1646 826 1717 μὲν
853 1647 957 1718 γὰρ
983 1646 1256 1716 κτίσματα
1281 1648 1641 1716 τυγχάνοντες
1658 1645 1909 1701 ἐπεκτεί-

306 1734 503 1787 νεσθαὲ
556 1752 674 1799 πως
728 1737 822 1789 καὶ
878 1737 1207 1805 προκόπτειν
1260 1738 1319 1789 ὲν
1374 1738 1544 1807 ἀρετῇ
1624 1735 1905 1794 δύνανται.

320 1825 502 1895 Ἑνὼχ
545 1825 679 1892 γοῦν
728 1827 870 1880 οὕτω
914 1828 1205 1897 μετετέθη,
1242 1829 1334 1881 καὶ
1386 1828 1625 1897 Μωῦσῆς
1659 1827 1909 1895 αὐξάνων

312 1915 644 1976 ἐτελειοῦτο,
686 1915 869 1969 Ἰσαὰκ
899 1916 954 1970 δὲ
985 1919 1310 1988 προκόπτων
1332 1919 1547 1985 ἐγένετο
1575 1918 1768 1987 μέγας.
1800 1919 1911 1973 Καὶ

310 2007 341 2058 6
396 2006 733 2070 Ἀπὸστολος
778 2009 1188 2064 ὲπεκτείνεσθαι
1229 2010 1351 2064 καθ’
1390 2010 1606 2081 ἡμέραν
1647 2013 1760 2073 τοῖς
1810 2010 1909 2080 ἒμ-

315 2102 559 2169 προσόεν
603 2099 807 2169 ἔλεγεν.
860 2098 987 2172 Εἶχε
1029 2104 1137 2171 γὰρ
1190 2104 1422 2164 ἕκαστος
1470 2104 1572 2156 ποῦ
1616 2103 1910 2173 προκόψει,

316 2192 539 2261 βλέπων
569 2195 650 2257 εἰς
686 2195 777 2247 τὸν
814 2194 1123 2265 ἔμπροσθεν
1159 2194 1322 2249 αὐτοῦ
1356 2193 1590 2264 βαθμόν.
1634 2195 1693 2248 Ὀ
1726 2193 1782 2247 δὲ
1815 2194 1910 2248 τοῦ

314 2285 454 2338 θεοῦ
493 2286 626 2349 Υἱὸς
665 2288 823 2357 μόνος
855 2286 929 2340 ὢν
953 2328 967 2351 ,
1000 2289 1058 2341 ὲν
1087 2288 1163 2357 τῷ
1198 2288 1343 2358 μόνῳ
1387 2288 1562 2357 Πατρί
1594 2289 1744 2341 ἐστιν
1766 2325 1781 2352 ,
1818 2287 1911 2355 ἀφ’

315 2371 377 2432 οὗ
406 2377 535 2431 ςῦδὲ
566 2379 961 2445 ἐπεκτείνεται,
991 2380 1107 2433 ἀλλ’
1139 2382 1196 2432 ὲν
1231 2378 1380 2448 αὑτῷ
1414 2380 1592 2448 μένων
1618 2380 1772 2432 ἐστὶν
1802 2379 1912 2434 ἀεί.

342 2470 722 2542 Δνορωπενως
754 2468 846 2526 οῦν
877 2474 1093 2544 εἴρηται
1136 2471 1229 2525 καὶ
1263 2471 1502 2526 ἐνταῦθα
1537 2472 1873 2541 προκόπτειν
1893 2511 1913 2539 ,

318 2564 444 2615 ἐπεὶ
475 2564 574 2615 καὶ
607 2564 712 2615 τῶν
741 2564 1044 2636 ἀνθρώπων
1068 2565 1187 2618 ἐστὶ
1224 2565 1381 2619 πάλιν
1415 2565 1448 2635 ή
1491 2567 1765 2635 προνοπή.
1803 2566 1913 2619 Καὶ

314 2653 427 2723 γὰρ
463 2655 565 2706 καὶ
593 2653 622 2705 6
660 2656 1056 2724 εὑαγγελιστὴς
1111 2657 1249 2725 μετὰ
1283 2655 1545 2728 ἀκριϐοῦς
1584 2658 1911 2728 παρατηρή-

313 2765 454 2809 eam;
487 2747 691 2815 λέγων,
710 2752 778 2819 τῇ
807 2753 1057 2820 προκοπῇ
1090 2750 1292 2820 συνῆψε
1317 2750 1416 2822 τὴν
1442 2750 1661 2821 ἡλικίαν
1696 2768 1712 2780 ⁸
1740 2752 1914 2818 Λόγος

311 2840 368 2893 δὲ
405 2841 503 2893 καὶ
538 2841 674 2904 Θεδς
702 2840 887 2910 ἡλικίᾳ
918 2841 977 2893 οὐ
1016 2844 1379 2913 μεμέτρηται,
1415 2843 1553 2896 ἀλλὰ
1580 2843 1691 2896 τῶν
1726 2843 1916 2911 σωμά-

310 2949 423 2985 των
456 2968 469 2983 .
490 2932 509 2985 i
528 2934 601 2985 :‘w
629 2934 686 2985 ai
716 2933 946 3005 ἡλικίαι.
979 2933 1084 2986 Τοῦ
1115 2936 1368 3004 σώματος
1395 2936 1505 3007 ἄρα
1532 2938 1681 2991 ἐστὶν
1712 2939 1744 3006 ὴ
1773 2953 1913 3005 προ·

312 3024 485 3093 κοπή.
513 3022 697 3076 Αὑτοῦ
730 3025 837 3095 γὰρ
864 3026 1289 3096 προκόπτοντος,
1316 3027 1657 3095 προέκοπτεν
1681 3029 1739 3080 ἐν
1762 3028 1919 3097 αὺτῷ

1936 1788 1984 1848 Β

1954 1826 1984 1855 ν
2014 1827 2178 1882 modo
2212 1828 2515 1882 translatus
2545 1837 2653 1882 est.
2690 1826 2757 1882 Et
2791 1828 2971 1882 Moses
3026 1842 3289 1882 crescens
3337 1826 3596 1895 prolicie-

1998 539 2108 603 bet,
2139 540 2254 607 ipse
2277 551 2401 609 post
2432 543 2556 599 illos
2588 545 2873 613 prolieiat?
2893 546 3086 616 Angeli
3112 546 3260 601 enim
3289 555 3344 601 et
3376 546 3431 600 in
3457 555 3582 601 ortu

1996 630 2171 699 ipsius
2195 632 2437 687 humano
2464 635 2876 692 ministrabant.
2951 638 3021 693 Et
3050 639 3196 708 quod
3232 654 3263 693 α
3312 639 3454 693 Luca
3502 639 3588 692 di-

2000 732 2152 777 ctum
2185 734 2288 783 est,
2323 734 2449 794 post
2475 726 2791 796 angelorum
2843 729 3208 785 ministerium
3253 730 3379 784 fuit.
3429 728 3578 795 Quo-

2003 818 2166 867 modo
2201 814 2365 883 igitur
2412 816 2466 871 is
2524 816 2620 887 qui
2677 818 2795 888 ipsa
2850 818 3117 888 sapientia
3167 828 3271 881 est,
3324 819 3585 886 sapientia

2004 905 2368 974 proﬁciebat?
2396 908 2508 961 Aut
2540 908 2634 978 qui
2673 909 2905 979 gratiam
2930 910 3052 966 aliis
3116 909 3424 979 elargitur(
3457 924 3584 961 nam

2003 996 2205 1053 Paulus
2230 999 2448 1068 quidem
2482 999 2539 1053 in
2572 1000 2833 1054 omnibus
2881 999 3140 1069 Epistolis
3185 999 3302 1054 suis
3350 1000 3591 1069 gratiam

2003 1109 2101 1162 per
2132 1093 2311 1162 ipsum
2336 1092 2453 1147 dari
2490 1092 2649 1148 facile
2690 1095 2981 1162 agnoscit:
3025 1094 3238 1155 Gratia,
3303 1094 3585 1162 inquiens.

2006 1185 2220 1238 Domini
2285 1186 2453 1239 nostri
2513 1183 2637 1239 Iesu
2668 1185 2865 1241 Christi
2924 1202 3041 1239 cum
3093 1185 3334 1239 omnibus
3382 1184 3523 1238 vobis
3550 1183 3588 1249 ⁸)

2007 1276 2125 1344 ipse
2149 1278 2317 1347 gratia
2346 1278 2704 1347 proﬁciebat?
2732 1277 3018 1347 Autigitur
3043 1278 3365 1346 Apostolum
3392 1277 3586 1332 dicant

2005 1368 2141 1423 falsa
2173 1369 2478 1436 scripsisse,
2513 1377 2609 1424 aut
2637 1369 2956 1437 sapientiam
2981 1383 3103 1423 esse
3133 1367 3331 1422 Filium
3364 1376 3587 1437 negent:

2004 1469 2101 1514 aut
2131 1460 2172 1515 si
2213 1461 2481 1530 sapientia
2506 1471 2611 1525 est,
2666 1461 2880 1517 nullum
2929 1461 3234 1531 accipiebat
3285 1460 3594 1515 incremen-

2009 1558 2147 1604 tum.
3316 1534 3317 1537 η

2082 1642 2346 1700 Homines
2375 1643 2543 1709 enim,
2580 1645 2670 1714 qui
2694 1645 2865 1699 creati
2890 1653 3040 1709 sunt,
3104 1658 3377 1703 crescere.
3426 1652 3482 1696 et
3539 1642 3595 1695 in

2010 1737 2233 1795 virtutis
2262 1738 2444 1791 studio
2472 1736 2723 1806 pr0gredi
2746 1747 2995 1805 possunt.
3027 1737 3211 1791 Enoeh
3237 1736 3458 1804 quidem
3491 1735 3595 1787 hoc

2014 1920 2128 1975 bat.
2162 1920 2228 1973 Et
2260 1917 2427 1974 lsaias
2455 1919 2749 1990 proﬁciens
2801 1935 3031 1990 magnus
3062 1919 3293 1973 eﬂectus
3347 1928 3453 1973 est.
3535 1918 3602 1971 Et

2014 2013 2307 2083 Apostolus
2331 2011 2398 2066 ad
2430 2026 2493 2065 ea
2521 2011 2790 2082 quotidie,
2826 2026 2946 2080 qua:
2979 2021 3106 2065 ante
3160 2019 3309 2075 sunt,
3367 2018 3601 2071 conten:

2015 2105 2199 2163 debat.
2234 2103 2440 2161 llorum
2465 2103 2612 2157 enim
2649 2104 2848 2174 singuli
2881 2104 3185 2169 habebant,
3220 2118 3328 2172 quo
3376 2118 3603 2172 pragre-

2015 2197 2299 2259 derentur,
2334 2196 2649 2268 superiores
2679 2197 2881 2267 gradus
2908 2197 3213 2251 intuentes.
3256 2197 3326 2249 At
3368 2195 3463 2251 Dei
3510 2196 3602 2248 Fi-
3642 2217 3651 2225 -

2015 2289 2120 2343 lius
2151 2289 2303 2344 solus
2326 2288 2597 2343 exsistens
2619 2288 2673 2341 in
2698 2290 2816 2343 solo
2877 2288 3034 2343 Patre
3095 2298 3199 2350 est,
3254 2305 3283 2342 a
3333 2304 3444 2358 quo
3487 2303 3599 2340 non

2019 2380 2246 2436 ulterius
2293 2381 2633 2448 extenditur,
2693 2382 2790 2435 sed
2846 2382 2899 2435 in
2956 2382 3076 2450 ipso
3132 2396 3352 2450 semper
3392 2390 3599 2434 manet.

2019 2474 2271 2528 Humana
2304 2490 2436 2544 ergo
2470 2475 2681 2528 ratione
2705 2473 2912 2527 dictum
2944 2481 3048 2538 est,
3084 2470 3433 2527 Prolieiebat.
3466 2472 3603 2527 Nam

2019 2567 2308 2619 hominum
2379 2576 2465 2619 est
2523 2564 2800 2635 profectio
2860 2572 2913 2617 et
2978 2572 3356 2631 augmentum.
3419 2561 3603 2627 Quare

2016 2676 2209 2731 magna
2244 2677 2366 2714 cum
2392 2661 2781 2715 observatione
2805 2668 3025 2714 aetatem
3056 2657 3313 2726 adiunxit
3364 2672 3605 2726 evange-

2014 2752 2158 2817 lista,
2191 2752 2532 2818 Proﬁciebat,
2565 2754 2842 2823 inquiens,
2877 2753 3144 2821 sapientia
3175 2759 3230 2803 et
3262 2757 3440 2803 atate.
3467 2746 3602 2801 Ver-

2017 2847 2143 2900 bum
2204 2855 2389 2898 autem
2445 2854 2497 2897 et
2534 2844 2676 2897 Dens
2706 2842 2916 2895 nullam
2948 2841 3110 2895 habet
3142 2839 3321 2893 aetatis
3368 2851 3597 2889 mensu-

2018 2937 2567 2993 ram/Elatesenim
2613 2936 2677 2990 ad
2738 2951 2940 3006 corpus
3001 2933 3338 2988 referuntur.
3412 2933 3604 2998 itaque

2018 3031 2271 3101 corporis
2312 3039 2396 3084 est
2434 3031 2553 3084 haec
2584 3030 2911 3098 progressio.
2956 3030 3200 3095 (“.orpore
3255 3025 3400 3079 enim
3448 3038 3605 3079 cres-

315 3114 412 3166 κςιὶ
441 3114 477 3182 ἠ
503 3112 821 3185 φανέρωσις
855 3115 952 3185 τῆς
986 3115 1237 3186 θεότητος
1268 3118 1380 3179 τοῖς
1413 3116 1635 3185 ὁρῶσιν.
1679 3118 1830 3186 Ὄσῳ
1853 3118 1909 3170 δὲ

2019 3137 2181 3183 cente
2216 3125 2523 3180 divinitatis
2557 3122 2859 3177 declaratio
2889 3120 3205 3175 videntibus
3261 3117 3437 3185 major
3489 3112 3605 3168 elli-

316 3204 351 3273 ἠ
376 3202 577 3276 θεότης
610 3202 1055 3267 ἀπεκαλύπτετο,
1088 3205 1325 3276 τοσούτῳ
1359 3208 1527 3260 πλέον
1554 3209 1586 3277 ἡ
1622 3209 1781 3277 χάρις
1808 3208 1915 3276 ηὖ-

320 3297 481 3362 Eme
516 3297 595 3359 ὡς
629 3296 922 3366 ἀνθρώπου
964 3299 1116 3368 παρὰ
1151 3301 1313 3352 πᾶσιν
1348 3299 1916 3371 ἀνθρώποις.Παιδὶον

323 3386 562 3467 μὲνγὰρ
597 3386 961 3452 ἐϐαστάζετο,
994 3391 1122 3452 παῖς
1153 3391 1207 3443 δὲ
1238 3392 1528 3458 γενόμενος
1562 3394 1824 3461 ἐπέμενεν
1854 3397 1912 3447 ὲν

318 3472 401 3549 τῷ
424 3476 587 3548 ἱερῷ,
638 3479 737 3532 καὶ
771 3478 897 3542 τοὺς
938 3482 1118 3549 ἱερέας
1146 3482 1398 3551 ἀνέκρινε
1433 3484 1561 3551 περὶ
1596 3485 1687 3535 τοῦ
1723 3486 1912 3553 νόμου.

326 3560 477 3624 Et“
494 3560 676 3643 ελεγον
701 3571 761 3623 δὲ
796 3570 889 3622 τοῦ
921 3570 1172 3639 σώματος
1198 3573 1540 3637 αὑξάνοντος,
1576 3578 1668 3626 καὶ
1696 3576 1782 3627 τὸν
1812 3578 1916 3629 Λό-

341 3648 850 3747 γσνψὶῖιίροῦντος,
881 3664 1227 3733 ὁμολογεῖται
1265 3666 1451 3719 λοιπὸν
1492 3668 1642 3737 παρὰ
1674 3670 1774 3735 μὲν
1807 3669 1917 3721 Πέ-

349 3768 481 3823 τρου
510 3754 728 3824 πρῶτον,
765 3752 886 3808 εἶτα
921 3757 1015 3809 καὶ
1049 3758 1201 3828 παρᾶ
1233 3760 1450 3812 πάντων
1483 3760 1591 3814 τῶν
1626 3761 1913 3833 μαθητῶν,

344 3848 423 3900 ὅτι
458 3846 666 3918 ἀληθῶς
690 3848 830 3902 Θεοῦ
864 3849 989 3911 Υἱός
1021 3852 1186 3905 ἐστιν.
1223 3851 1285 3906 Ei
1320 3852 1424 3921 χρὴ
1456 3853 1515 3905 δὲ
1543 3853 1638 3906 καὶ
1676 3854 1916 3918 πιθανῶς

335 3937 581 4007 μετὰτοῦ
600 3938 835 4009 ἀληθοῦς
858 3942 1054 4005 εἰπεῖν,
1077 3942 1236 4005 αὐτὸς
1265 3946 1322 3999 ὲν
1350 3946 1527 4015 ἐαυτῷ
1556 3948 1915 4015 προέκοπτεν.

339 4028 411 4083 '1!
448 4032 645 4115 (rogata
697 4033 807 4101 γὰρ
837 4034 1231 4102 ᾠκοδόμησεν
1282 4036 1472 4106 ἑαυτῇ
1518 4038 1708 4105 οἷκον,
1740 4043 1835 4095 καὶ
1859 4044 1917 4095 ἐν

326 4124 494 4194 ἑαυτῇ
527 4126 864 4196 προκᾶπτειν
897 4127 985 4179 τὸν
1024 4123 1170 4181 οἷκον
1202 4131 1397 4182 ἐποίει.

394 4235 495 4297 Τίς
519 4234 577 4287 δέ
609 4239 760 4290 ἐστιν
792 4239 825 4308 ή
848 4237 1119 4308 λεγομένη
1144 4241 1417 4311 προκοπὴ,
1454 4242 1597 4294 καθὰ
1621 4244 1913 4313 προεῖπονς

336 4329 402 4383 Ἥ
450 4330 609 4401 παρὰ
648 4332 748 4400 τῆς
786 4332 979 4399 σοφίας
1019 4333 1413 4405 μεταδίδομένη
1456 4336 1568 4396 τοῖς
1608 4335 1918 4407 ἀνθρώποις

326 4422 671 4491 θεοποίησις,
707 4424 801 4477 καὶ
826 4424 1006 4495 χάρις,
1038 4422 1503 4494 ὲξαφανιζομένης
1535 4426 1593 4479 ἐν
1617 4425 1798 4487 αὐτοῖς
1819 4425 1918 4495 τῆς

2020 3219 2288 3274 cit-batur.
2317 3217 2539 3283 Quanto
2571 3227 2755 3270 autem
2783 3214 2957 3283 magis
2989 3212 3255 3266 divinitas
3285 3208 3599 3279 pateﬁebat,

2021 3320 2173 3366 tanto
2209 3310 2381 3380 magis
2408 3309 2582 3380 gratia
2619 3307 2941 3378 augebatur,
2971 3319 3169 3371 nempe
3200 3301 3443 3356 hominis
3488 3301 3598 3367 jam

2018 3402 2161 3472 apud
2193 3418 2387 3458 omnes
2445 3402 2718 3455 homines.
2751 3398 3025 3452 Puerulus
3059 3395 3205 3448 enim
3264 3392 3602 3465 gestabatur.

2020 3495 2164 3549 Puer
2192 3510 2323 3549 vero
2347 3494 2549 3548 mansit
2575 3494 2628 3547 in
2664 3492 2891 3559 templo,
2923 3499 2979 3544 ct
3039 3504 3164 3545 cum
3224 3484 3607 3541 sacerdotibus

2020 3591 2087 3644 de
2118 3590 2238 3658 lege
2272 3588 2610 3658 disputabat.
2681 3584 2947 3639 Paulatim
2991 3582 3254 3651 deinceps
3319 3586 3604 3631 crescente

2019 3696 2272 3749 corpore,
2308 3690 2363 3734 et
2384 3678 2618 3733 Verbum
2648 3677 3083 3738 demonstrante,
3113 3674 3307 3726 Petrus
3341 3672 3603 3739 primum,

2020 3773 2219 3828 deinde
2239 3770 2437 3841 reliqui
2474 3769 2728 3840 discipuli
2759 3782 2887 3821 eum
2916 3780 3046 3820 vere
3076 3764 3168 3817 Dei
3231 3764 3433 3817 Filiunt
3478 3776 3611 3813 eon-

2023 3868 2261 3921 ﬁtentur.
2296 3863 2459 3931 Quod
2512 3863 2557 3917 si
2619 3860 2902 3931 probabile
2946 3857 3154 3927 aliquid
3201 3871 3326 3911 cum
3374 3854 3608 3907 veritate

2020 3962 2374 4030 conjunclum
2407 3956 2702 4012 dicendum
2737 3964 2845 4017 est,
2883 3952 3077 4023 ipsein
3107 3952 3292 4019 seipso
3352 3946 3607 4017 proﬁcie—

2022 4055 2135 4108 bat.
2192 4050 2472 4120 Sapientia
2500 4051 2641 4103 enim
2682 4046 2965 4117 uadi/ienuit
3016 4043 3118 4098 sibi
3168 4043 3387 4095 domum
3440 4042 3502 4103 ²,
3557 4044 3615 4090 et

2025 4148 2079 4199 in
2126 4145 2305 4213 seipsa
2333 4142 2463 4196 fecit
2528 4142 2751 4196 domum
2805 4150 3157 4204 consurgere.

2094 4235 2352 4303 Quaenam
2371 4242 2554 4287 autem
2584 4242 2668 4287 est
2688 4234 2803 4286 haec
2837 4229 3178 4301 progressio,
3211 4223 3515 4281 secundum
3548 4236 3616 4275 ea

2023 4338 2144 4391 qua:
2171 4321 2411 4375 diximus
2431 4321 2452 4372 ?
2472 4319 2658 4374 Gratia
2680 4318 2891 4372 scilicet
2914 4324 2969 4369 et
2989 4313 3269 4369 deiﬁcatio
3298 4309 3617 4364 hominibus

2026 4430 2055 4467 a
2087 4413 2354 4483 sapientia
2386 4412 2688 4481 impertita,
2709 4410 2889 4463 deleto
2915 4408 2969 4461 in
3014 4407 3122 4460 illis
3146 4414 3369 4474 peccato
3414 4412 3470 4457 et
3496 4417 3619 4457 cor-

328 4488 612 4585 ἀααρτίας
647 4516 739 4568 καὶ
787 4488 1169 4585 τῆςτὲναύτοῖς
1205 4488 1411 4585 φθορᾶς
1433 4488 1575 4571 πατὰ
1601 4515 1699 4586 τὴν
1733 4488 1914 4584 ὁμοιό-

2032 4506 2314 4575 ruptione,
2339 4514 2563 4574 propter
2592 4504 2839 4572 ipsorum
2869 4514 2995 4555 cum
3025 4514 3195 4553 carne
3228 4493 3396 4551 Verbi
3423 4495 3617 4550 simili-

326 4626 467 4677 τητα
511 4609 611 4659 καὶ
664 4608 984 4676 συγγένειαν
1015 4609 1114 4678 τῆς
1149 4610 1347 4679 σαρκὸς
1387 4609 1483 4663 τοῦ
1512 4609 1710 4677 Λόγου.
1762 4608 1921 4662 Οὕτω

326 4702 442 4770 γὰρ
469 4700 799 4764 αὑξάνοντος
828 4704 884 4755 ὲν
909 4702 1093 4772 ἡλικίᾳ
1121 4702 1215 4756 τοῦ
1240 4701 1514 4772 σώματος,
1544 4700 1924 4755 συνεπεόίδοτο

328 4798 388 4848 ἐν
436 4794 587 4864 αὑτῷ
627 4796 661 4865 ἠ
708 4795 805 4862 τῆς
855 4796 1106 4867 θεότητος
1151 4796 1481 4866 φανέρωσις,
1522 4796 1616 4851 καὶ
1649 4795 1926 4849 ἐδείκνυτο

333 4889 489 4955 παρὰ
526 4888 718 4947 πᾶσιν,
748 4888 830 4940 ὅτι
858 4888 981 4951 ναὸς
1017 4887 1152 4940 Θεοῦ
1194 4889 1333 4951 ἐστι,
1369 4889 1466 4941 καὶ
1502 4886 1634 4950 Θεὸς
1662 4882 1728 4957 ἦν
1759 4889 1818 4940 ὲν
1842 4885 1924 4956 τῷ

331 4982 577 5050 σώματι.
640 4979 765 5033 Ἐὰν
811 4980 867 5033 δὲ
907 4981 1305 5049 φιλονεικῶσιν,
1348 4982 1430 5036 ὅτι
1473 4980 1680 5051 Ἰησοῦς
1720 4981 1927 5052 ἐκλήθη

331 5073 477 5143 σὰρξ
508 5074 823 5143 γενόμενος,
854 5076 946 5127 καὶ
975 5076 1053 5137 εἰς
1087 5074 1251 5128 αὐτὸν
1275 5074 1592 5145 ἀναφέρωσι
1618 5075 1679 5127 τὸ
1700 5075 1931 5144 λεγόμε-

2033 4600 2275 4654 tudinem
2307 4606 2361 4652 et
2389 4596 2793 4668 cognationem.
2839 4595 2971 4647 Dum
3012 4592 3177 4662 igitur
3213 4604 3418 4657 corpus
3461 4595 3624 4641 :rtate

2028 4700 2326 4753 cresceret.
2356 4690 2660 4760 augebatur
2710 4688 2766 4739 in
2798 4686 2917 4754 ipso
2945 4684 3255 4737 divinitatis
3299 4681 3629 4743 deelaratio,

2029 4802 2135 4855 qua
2171 4782 2576 4854 cognoscebant
2604 4794 2816 4841 omnes,
2849 4776 3026 4846 ipsum
3046 4790 3167 4829 esse
3202 4773 3462 4842 templum
3506 4772 3633 4838 Dei,

2029 4889 2086 4936 et
2138 4882 2306 4934 Deum
2335 4892 2455 4932 esse
2490 4876 2547 4929 in
2570 4888 2830 4943 corpore.
2859 4871 3017 4938 Quod
3057 4870 3102 4923 si
3138 4867 3484 4938 pertinacius
3531 4867 3628 4920 ob.-

2032 4972 2295 5036 stiterint,
2323 4971 2573 5025 dicentes
2606 4976 2861 5021 vocatum
2898 4980 3019 5019 esse
3046 4962 3260 5029 Jcsum,
3289 4976 3414 5016 cum
3453 4959 3641 5016 iactus

2033 5078 2123 5123 est
2166 5080 2317 5131 caro,
2373 5074 2429 5119 et
2495 5061 2628 5116 illud
2679 5059 2991 5131 proﬁciebat
3043 5058 3112 5112 ad
3170 5057 3324 5111 illum
3389 5055 3638 5110 dixerint

327 5183 427 5219 νον
479 5167 879 5234 προέκοπτεν,
933 5168 1303 5231 ἁκουέτωσαν,
1346 5169 1429 5220 ὅτι
1471 5167 1597 5219 οὐδὲ
1642 5166 1801 5219 τοῦτο
1840 5166 1914 5218 νῦε

2037 5176 2160 5218 esse
2191 5156 2569 5221 referendum,
2604 5155 2805 5216 sciant,
2837 5168 2908 5207 ne
2959 5153 3011 5207 id
3062 5152 3288 5223 quidem
3340 5158 3640 5221 paternam

330 5258 559 5311 ἐλαττοί
600 5256 662 5310 τὸ
703 5259 972 5328 πατρικὸν
1014 5258 1149 5326 φῶς.
1186 5258 1358 5311 Τοῦτο
1393 5258 1502 5327 γάρ
1539 5259 1689 5310 ἐστιν
1722 5258 1750 5310 6
1778 5256 1931 5319 Υἱός.

328 5351 587 5404 Δεξκνυσι
633 5352 687 5405 δὲ
736 5353 921 5414 πάλιν,
964 5351 1045 5404 ὅτι
1088 5352 1308 5418 γέγονεν
1347 5349 1638 5421 ἅνθρωπος
1671 5351 1698 5403 ὁ
1735 5349 1932 5417 Λόγος,

334 5446 437 5498 καὶ
460 5444 721 5515 ἀληθινὴν
744 5443 980 5515 ἑφόρεσε
1006 5443 1208 5513 σάρκα,
1233 5443 1329 5496 καὶ
1357 5442 1818 5513 ὦσπερεῖπομεν,
1848 5442 1931 5493 ὅτι

339 5536 512 5604 σαρκὶ
565 5536 842 5600 πέπονθε,
896 5533 995 5585 καὶ
1052 5533 1215 5603 σαρκὶ
1274 5532 1555 5595 ὲπείνασε,
1609 5530 1705 5584 καὶ
1765 5531 1933 5599 σαρκὶ

335 5630 631 5687 ἐκοπίασεν
651 5673 669 5699 ,
710 5630 861 5685 οὕτω
890 5627 989 5682 καὶ
1019 5627 1242 5690 εἰκότως
1277 5626 1345 5681 ἂν
1375 5625 1588 5694 λέγοιτο
1607 5665 1623 5691 ,
1655 5624 1738 5678 ὅτι
1765 5623 1933 5691 σαρκὶ

2037 5254 2220 5307 lucem
2256 5249 2605 5303 imminuere.
2637 5246 2734 5300 Est
2762 5250 2909 5300 enim
2941 5243 3137 5298 Filius.
3186 5244 3372 5312 anue
3421 5256 3478 5295 re
3515 5242 3639 5308 pla‘

2040 5363 2175 5403 num
2212 5346 2294 5409 ﬁt,
2327 5341 2568 5396 Verbum
2611 5356 2733 5395 esse
2759 5340 2964 5395 factum
2990 5340 3293 5399 hominem,
3341 5344 3398 5388 et
3445 5349 3638 5389 veram

2041 5453 2265 5496 carnem
2298 5445 2565 5507 gestasse.
2602 5433 2668 5489 Et
2698 5433 3170 5504 quemadmodum
3201 5427 3461 5489 dicimus,
3518 5425 3631 5481 Do-

2042 5533 2249 5587 minum
2274 5544 2441 5584 carne
2476 5543 2698 5599 passum
2738 5542 2884 5589 esse,
2916 5535 2973 5581 et
3015 5540 3180 5579 carne
3230 5520 3519 5585 esuriisse,
3579 5526 3643 5576 et

2041 5636 2210 5678 carne
2243 5619 2597 5693 defatigatum
2611 5633 2755 5685 esse,
2786 5617 2866 5673 sic
2884 5618 3049 5672 etiam
3061 5615 3191 5685 jure
3210 5612 3455 5668 dicemus
3474 5625 3653 5667 carne.

411 5804 608 5863 'Rom.
635 5818 753 5870 xw,
786 5796 996 5861 20125;
1032 5796 1075 5849 ll
1103 5795 1233 5851 Cor.
1273 5809 1388 5861 χιιι⁹
1440 5794 1523 5851 15.
1600 5795 1621 5825 ²
1654 5790 1817 5846 Prov.
1878 5805 1955 5855 ιι,
1986 5788 2036 5845 1.
