4058 6416
477 356 581 420 44⁸1
1741 340 2123 405 EUTHYMII

2162 341 2522 403 ZIGABENI
3502 382 3519 394 -
3665 353 3772 418 448

478 478 703 526 auctum
763 479 887 523 esse
960 472 1019 519 et
1076 459 1398 533 proiecisse.
1462 457 1582 514 Non
1644 458 1816 529 igitur
1880 454 2050 511 Verbi

2167 457 2529 526 προέκοπτεν.
2567 455 2697 510 Θῦτ*
2727 451 2822 512 οὖν
2851 457 2945 513 τοῦ
2990 460 3169 530 Λόγου
3202 464 3234 533 ὴ
3263 466 3541 537 προκοπὴ,
3575 468 3699 522 οὒτε
3734 473 3769 542 η

481 565 906 624 incrementum,
930 570 1112 625 neque
1144 568 1272 609 caro
1301 560 1421 607 erat
1445 550 1736 620 sapientia.
1768 550 2064 618 Quaprop-

482 663 591 721 ter,
634 661 699 707 ut
729 660 857 707 ante
877 649 1138 713 diximus,
1170 660 1283 700 non
1354 643 1473 712 ipsa
1512 657 1611 712 per
1664 656 1724 695 se
1768 640 2068 710 sapientia,

480 755 757 815 quatenus
788 741 1056 812 sapientia
1082 748 1188 803 est,
1230 735 1577 808 proﬁciebat.
1644 733 1752 788 Sed
1785 734 1932 803 quod
1964 733 2070 786 liu-

486 852 715 896 manum
745 844 885 902 erat,
929 834 985 888 in
1029 830 1300 902 sapientia
1353 826 1703 900 proﬁciebat.
1766 825 2069 881 Humanam

483 933 633 988 enim
729 939 985 984 naturam
1073 924 1343 996 paulatim
1418 920 1809 998 exsuperabat,
1925 919 2070 975 divi-

481 1039 722 1094 numque
780 1021 1160 1085 elﬁciebatur,
1221 1027 1278 1073 et
1338 1016 1643 1073 divinitatis
1728 1016 2071 1069 instrumen-

482 1130 597 1171 tum
643 1116 807 1171 liehat
865 1115 933 1169 ad
960 1114 1082 1183 ejus
1136 1111 1386 1167 actiones
1447 1116 1505 1166 et
1553 1109 1903 1180 splendorem
1938 1122 2063 1162 om-

478 1212 643 1265 nibus
712 1211 767 1263 in
853 1208 1022 1263 rebus
1090 1206 1452 1261 eﬁ‘erendum.
1527 1202 1897 1270 Quamobrem
1957 1216 2070 1255 non

477 1300 649 1355 dixit:
698 1298 936 1356 Verbum
984 1297 1323 1368 proﬁciebat,
1361 1295 1480 1362 sed,
1520 1292 1681 1349 Jesus
1726 1291 2070 1364 proﬁciebat,

478 1407 587 1461 quo
614 1391 834 1461 quidem
878 1392 1099 1444 nomine
1127 1389 1394 1442 Dominus
1432 1386 1609 1441 lactus
1643 1384 1808 1439 homo
1848 1391 2071 1437 vocatus

478 1495 584 1540 est.
644 1484 713 1539 Ut
744 1497 1097 1555 progressum
1157 1481 1309 1535 illum
1363 1480 1618 1534 humana:
1654 1486 1864 1532 naturae
1903 1474 2072 1531 fuisse

480 1586 721 1643 constet,
777 1574 1244 1645 quemadmodum
1281 1572 1543 1627 diximus.

549 1668 709 1724 Sicut
730 1683 861 1741 ergo
894 1675 1179 1722 crescente
1198 1680 1365 1720 carne
1395 1665 1597 1720 dicitur
1651 1662 1769 1733 ipse
1814 1674 2071 1717 crescere

474 1770 704 1833 propter
727 1760 979 1831 corporis
994 1760 1466 1829 coniunctionem,
1485 1758 1565 1812 sic
1596 1770 1659 1811 ea
1684 1770 1806 1825 quae
1825 1764 2070 1824 tempore

477 1856 670 1910 mortis
686 1864 981 1925 appetente
1000 1853 1278 1917 dicuntur,
1296 1862 1355 1905 ut
1375 1848 1607 1914 turbari,
1625 1859 1679 1903 et
1695 1851 1851 1911 ﬁere,
1868 1850 2064 1902 eodem

474 1962 640 2003 sensu
667 1956 795 2002 sunt
814 1946 1151 2017 accipienda.
1182 1945 1237 2000 Si
1257 1945 1419 2016 igitur
1440 1960 1504 1999 ex
1532 1944 1789 1997 humanis
1816 1939 2062 1995 aﬂ‘ectioo

475 2042 641 2096 nibus
675 2031 901 2094 humilia
936 2039 1264 2109 abiectaque
1297 2036 1573 2108 cogitandi
1597 2035 1665 2090 de
1687 2033 1801 2089 Deo
1831 2042 2063 2092 sumunt

473 2135 848 2197 occasionem,
913 2132 1052 2187 adeo
1116 2139 1179 2186 ut
1228 2131 1507 2185 hominem
1560 2130 1738 2200 ipsum
1800 2135 1977 2183 totum
2030 2140 2062 2182 e

476 2235 642 2289 terra,
680 2241 791 2279 non
827 2234 1008 2279 autem
1032 2239 1063 2279 e
1090 2224 1229 2279 cwlo
1272 2232 1481 2291 putem,
1514 2236 1614 2276 cur
1643 2237 1749 2274 non
1783 2220 1951 2275 etiam
1991 2233 2061 2274 ex

472 2316 679 2371 divinis
718 2317 983 2386 operibus
1012 2315 1068 2369 in
1094 2316 1259 2370 Patre
1313 2312 1553 2369 Verbum
1610 2322 1942 2384 agnoscunt,
2007 2320 2062 2366 et

476 2406 756 2476 propriam
813 2406 1115 2477 repudiarit
1165 2402 1548 2471 impietatem?
1608 2401 1848 2456 Possunt
1909 2399 2059 2454 enim

474 2503 918 2559 animadvertere
935 2503 1189 2558 eumdem
1221 2500 1469 2572 esse,qui
1495 2498 1678 2553 divina
1704 2512 1871 2568 opera
1901 2512 2060 2552 exse-

472 2593 679 2662 quitur,
728 2603 784 2649 et
814 2597 910 2664 qui
953 2609 1154 2665 corpus
1186 2592 1571 2647 aﬁ‘ectionibus
1617 2588 1920 2645 obnoxium
1966 2603 2060 2643 os-

474 2684 672 2748 tendit,
703 2685 833 2739 dum
860 2686 1155 2753 permittit,
1197 2685 1377 2754 ipsum
1410 2683 1693 2751 lugere,et
1732 2679 1967 2746 esurire,
2004 2687 2060 2734 et

473 2776 527 2831 id
548 2791 721 2847 genus
755 2778 860 2830 alia
896 2778 1128 2847 perpeti.
1159 2775 1237 2830 Ex
1267 2777 1353 2831 his
1380 2776 1530 2830 enim
1557 2774 1818 2828 omnibus
1875 2772 2062 2828 decla-

473 2871 618 2925 ravit
668 2884 749 2933 se,
781 2885 906 2924 cum
942 2869 1088 2925 Deus
1116 2870 1187 2925 sit
1215 2868 1553 2939 impatibilis,
1590 2881 1811 2923 carnem
1856 2866 2060 2937 patibi-

476 2963 581 3016 lem
623 2963 959 3029 suscepisse.
1004 2964 1081 3018 Ex
1123 2962 1388 3034 operibus
1448 2970 1632 3016 autem
1687 2960 1951 3026 ostendit,
1997 2974 2060 3016 se

477 3051 571 3106 Dei
609 3049 850 3106 Verbum
918 3053 1202 3106 hominem
1261 3065 1386 3105 esse
1445 3050 1647 3103 factum
1682 3065 1698 3104 :
1736 3048 1851 3102 Etsi
1904 3048 2057 3114 mihi,

476 3144 758 3213 inquiens,
793 3161 896 3199 non
914 3146 1152 3211 creditis,
1194 3143 1441 3214 operibus
1494 3141 1710 3208 credite,
1752 3149 1810 3195 ut
1842 3157 2060 3212 cognos-
2087 3176 2132 3235 α

475 3236 633 3300 catis,
664 3253 747 3290 me
773 3253 883 3290 esse
905 3238 959 3290 in
985 3236 1168 3299 Patre,
1193 3244 1242 3289 et
1262 3235 1482 3289 Patrem
1512 3236 1568 3288 in
1598 3250 1679 3288 me
1700 3236 1740 3287 ‘.
1758 3232 2063 3288 Audientes

478 3330 704 3397 quidem
771 3330 925 3382 illum
983 3329 1258 3383 dicentem
1288 3347 1300 3381 :
1350 3327 1463 3398 Ego
1501 3335 1549 3381 et
1585 3325 1752 3383 Pater
1779 3342 1943 3380 unum
1976 3341 2063 3379 su-

478 3438 595 3476 mus
624 3462 637 3486 ,
672 3422 694 3453 ²
741 3431 903 3476 Onam
945 3436 1012 3475 ex
1047 3422 1381 3492 proprietate
1412 3421 1591 3475 Patris
1622 3434 1723 3490 per
1765 3421 2062 3474 essentiam

479 3510 798 3581 perspicere
859 3510 1207 3565 divinitatem
1264 3509 1604 3579 oportebat;
1639 3509 1923 3563 audientes
1968 3524 2065 3561 au-

479 3617 589 3657 tem
651 3617 776 3657 eum
812 3601 1052 3669 ﬂevisse,
1083 3612 1137 3657 et
1178 3603 1387 3672 reliqua
1411 3603 1656 3672 ejusdem
1690 3605 1904 3673 generis
1937 3617 2065 3672 per-

480 3695 692 3761 tulisse,
717 3712 779 3751 ea
821 3697 980 3749 fateri
1039 3711 1164 3751 esse
1209 3696 1460 3766 corporis
1513 3696 1751 3751 maxime
1814 3696 2061 3766 proliria.

478 3788 796 3862 Legitimam
865 3792 1013 3843 enim
1053 3792 1125 3843 ita
1146 3789 1421 3860 cogitandi
1460 3803 1681 3842 causam
1714 3788 1941 3853 habent,
1996 3796 2057 3842 ut

480 3899 546 3936 ea
579 3882 802 3952 quidem
845 3884 914 3935 de
952 3882 1079 3948 Deo,
1108 3883 1223 3935 hinc
1256 3862 1439 3936 autem
1477 3890 1701 3952 propter
1754 3882 2060 3936 humanum

480 3973 658 4043 ipsius
685 3986 887 4042 corpus
917 3973 1121 4042 scripta
1151 3973 1284 4027 sint.
1327 3972 1504 4026 Homo
1524 3982 1710 4027 autem
1748 3971 1927 4027 factus
1956 3982 2060 4036 est,

480 4076 537 4119 et
576 4066 691 4120 ham
721 4074 982 4134 tanquam
1014 4067 1083 4119 ab
1128 4066 1349 4119 homine
1369 4065 1632 4119 dicuntur
1666 4073 1722 4119 et
1778 4064 1936 4128 ﬁunt,
2004 4071 2063 4116 ut

481 4158 566 4211 lue
605 4172 822 4226 quoque
862 4159 1043 4211 carnis
1082 4156 1400 4211 aﬁeetiones
1440 4157 1597 4211 nobis
1643 4157 1881 4214 leviores
1949 4155 2065 4210 elli-

483 4250 722 4315 ciantur,
754 4259 811 4303 et
843 4264 941 4304 nos
983 4250 1184 4304 abillis
1219 4250 1375 4304 liberi
1406 4252 1598 4304 simus.
1623 4250 1741 4305 Jam
1777 4250 2062 4318 Dominus,

482 4341 574 4409 qui
596 4353 811 4411 semper
846 4341 899 4393 in
925 4340 1085 4394 Patre
1117 4350 1223 4409 est,
1261 4356 1372 4395 non
1434 4352 1725 4412 antequam
1768 4339 1912 4396 hanc
1963 4358 2061 4396 vo-

481 4448 603 4488 cem
634 4436 937 4499 emitteret,
964 4449 1070 4490 nec
1141 4444 1501 4505 posteaquam
1565 4436 1714 4490 illam
1765 4437 1974 4501 emisit,
2032 4452 2062 4489 a

483 4526 642 4583 Patre
670 4528 976 4599 dcrelinqui
1005 4531 1204 4598 potuit.
1244 4526 1432 4598 Neque
1465 4529 1545 4584 fas
1581 4539 1665 4583 est
1696 4530 1900 4595 dicere,
1957 4530 2063 4584 Do-
2096 4529 2139 4584 D

484 4622 694 4676 minum
730 4622 907 4693 ipsum
938 4622 1280 4687 formidasse,
1338 4637 1500 4692 quem
1552 4622 1750 4677 inferni
1798 4626 2061 4679 custodes

484 4725 791 4769 metuentes
826 4714 1101 4768 infernum
1135 4715 1488 4779 dimiserunt,
1526 4724 1753 4783 propter
1788 4730 1953 4784 quem
2008 4724 2065 4769 et

486 4816 850 4862 monumenta
911 4816 1098 4877 aperta
1156 4816 1309 4873 sn'nt,
1354 4818 1408 4861 et
1453 4808 1622 4860 multa
1654 4811 1897 4877 ';corpora
1941 4823 2069 4862 san-

487 4911 704 4957 ctorum
738 4912 1123 4956 surrexerunt.
1148 4900 1289 4956 Ecce
1324 4902 1470 4956 enim
1525 4901 1742 4955 dicente
1778 4900 2006 4955 Domino
2046 4917 2061 4954 :

485 4994 593 5047 Cur
633 4993 958 5064 dereliquisti
990 5010 1072 5046 me
1104 4993 1166 5046 "i
1198 4992 1359 5047 Pater
1376 5007 1435 5047 se
1457 5000 1510 5047 et
1539 5008 1755 5063 semper
1780 5003 1981 5048 ettunc
2007 4994 2059 5046 in

486 5083 605 5153 ipso
660 5084 828 5137 fuisse
868 5084 1127 5137 declarat.
1167 5083 1303 5137 Nam
1331 5093 1383 5137 et
1404 5092 1546 5138 terra
1582 5080 1869 5137 Dominum
1898 5096 2059 5136 suum

486 5178 797 5246 loquentem
845 5190 1148 5246 agnoscens
1195 5178 1381 5229 statim
1445 5175 1692 5229 tremuit.
1758 5173 1824 5227 Et
1876 5176 2060 5230 velum

485 5274 717 5327 scissum
769 5281 870 5333 est,
898 5283 950 5325 et
974 5273 1051 5324 sol
1104 5272 1283 5325 radios
1311 5284 1443 5324 suos
1475 5270 1739 5334 contexit,
1782 5279 1838 5325 et
1894 5279 2062 5340 petrae

485 5366 780 5421 confracta:
816 5374 977 5429 sunt;
1006 5373 1060 5417 et
1093 5364 1236 5432 quod
1272 5363 1656 5417 admirandum
1694 5371 1799 5428 est,
1829 5362 1902 5416 illi
1937 5363 2061 5431 ipsi,

485 5459 577 5528 qui
600 5460 829 5514 aderant
874 5468 928 5511 et
956 5471 1079 5511 cum
1099 5466 1227 5510 ante
1279 5463 1631 5525 negaverant,
1685 5455 1801 5509 haec
1839 5454 2060 5523 conspi-

485 5551 593 5606 cati
639 5567 765 5606 vere
791 5552 939 5605 hunc
972 5563 1093 5605 esse
1131 5546 1226 5603 Dei
1276 5548 1469 5603 Filium
1497 5548 1847 5601 conﬁtentur.

562 5815 578 5846 '
609 5815 765 5871 Joan.
802 5834 854 5881 χ,
878 5820 969 5873 '58.
1050 5821 1070 5853 ³
1094 5819 1230 5875 Ibid.
1254 5818 1344 5873 30.
1423 5816 1443 5847 ³
1469 5815 1661 5871 Matth.
1690 5829 1832 5887 nrt,
1862 5817 1950 5873 46.

2176 548 2316 617 σὰρξ
2359 544 2429 620 ἦν
2465 551 2649 619 σοφία,
2691 550 2827 606 ἀλλά
2868 551 2972 622 τῆς
3023 554 3215 621 σοφίας
3260 556 3419 627 σῶμα
3459 558 3686 628 γέγονεν
3735 565 3773 633 ἡ

2175 641 2331 710 σάρξ.
2369 641 2467 695 Διὰ
2498 641 2658 695 τοῦτο
2686 642 2761 705 ὡς
2788 644 3150 715 προείπομεν,
3182 647 3282 716 οὐχ
3314 649 3347 719 ὴ
3384 651 3571 718 σοφία,
3675 670 3770 707 σο-

2174 735 2275 805 φία
2315 735 2487 801 ἐστὶν,
2536 736 2675 807 αὐτὴ
2720 736 2841 790 καθ’
2877 738 3081 811 ἑαυτὴν
3114 742 3480 809 προέκοπτεν,
3531 744 3669 798 ἀλλά
3711 746 3779 801 τδ

2174 826 2514 898 ἀνθρώπινον
2550 830 2610 883 ὲν
2637 831 2702 900 τῇ
2738 830 2906 904 σοφίᾳ
2934 832 3297 903 προέκοπτεν,
3328 836 3777 907 ὑπεραναδαῖνον

2175 920 2301 973 κατ’
2334 920 2516 988 ὀλίγον
2544 921 2643 992 τὴν
2670 921 3023 994 ἀνθρωπίνην
3052 924 3215 995 φύσιν
3235 966 3250 991 ,
3284 926 3382 981 καὶ
3410 926 3778 1001 θεοποιοῦμε-

2172 1028 2286 1077 νον,
2310 1012 2410 1066 καὶ
2436 1012 2668 1085 ὄργανον
2692 1015 2863 1085 αὐτῆς
2885 1016 3180 1087 γενόμενον
3202 1019 3338 1089 πρὸς
3361 1019 3458 1092 τὴν
3484 1022 3781 1095 ἐνέργειαν

2171 1103 2272 1172 τῆς
2290 1103 2563 1193 θεότητος,
2596 1107 2688 1159 καὶ
2714 1105 2815 1177 τὴν
2831 1106 3098 1181 ἐλλαμψιν
3122 1110 3294 1193 αὐτῆς
3316 1101 3591 1183 φαῖνονῖν
3613 1116 3778 1171 πᾶσι.

2174 1194 2267 1248 Διὸ
2311 1194 2432 1248 οὐδὲ
2466 1190 2644 1262 εἶπεν,
2673 1196 2736 1251 ’0
2764 1199 2936 1267 Λόγος
2962 1190 3324 1272 προέκοπτεν,
3349 1204 3505 1271 ἀλλὰ,
3537 1206 3783 1276 Ἰησοῦς,

2173 1286 2310 1358 ὅπερ
2335 1287 2507 1358 δνομα
2525 1290 2815 1357 γενόμενος
2840 1292 3130 1364 ἄνθρωπος
3154 1296 3182 1348 6
3208 1294 3411 1366 Κύριος
3438 1297 3674 1368 ἐκλήθη,
3696 1298 3785 1362 ὡς

2174 1373 2317 1433 εἶναι
2346 1377 2444 1449 τῆς
2469 1380 2819 1453 ἀνθρωπίνης
2852 1384 3070 1455 φύσεως
3096 1387 3197 1459 τὴν
3228 1390 3536 1461 προκοπήν.
3582 1390 3785 1455 Οὕτως

2174 1474 2234 1526 ἐν
2260 1475 2373 1536 τοῖς
2401 1473 2713 1544 ἔμπροσθεν
2734 1475 2987 1549 εἴπομεν.

2255 1655 2468 1709 Οὐκοῦν
2498 1656 2690 1728 ὥσπερ
2737 1663 3158 1732 προκοπτούσης
3186 1662 3287 1734 τῆς
3311 1665 3515 1735 σαρκὸς
3551 1666 3785 1736 λέγεται

2174 1746 2341 1811 αὐτὸς
2368 1747 2702 1818 προκόπτειν
2745 1749 2831 1805 διὰ
2859 1752 2960 1821 τὴν
3011 1753 3151 1825 πρὸς
3189 1757 3252 1808 τὸ
3306 1756 3467 1827 σῶμα
3503 1759 3779 1832 ἰδιότητα,

2099 1839 2140 1895 Β
2170 1838 2314 1892 οὕτω
2332 1840 2429 1894 καὶ
2453 1840 2523 1894 τὰ
2558 1842 2708 1912 παρά
2748 1842 2839 1896 τὸν
2864 1844 3054 1915 καιρὸν
3085 1845 3179 1900 τοῦ
3211 1847 3445 1902 θανάτου
3470 1850 3781 1923 λεγόμενα,

2165 1930 2229 1984 τὸ
2258 1930 2592 2002 πραχθῆναι,
2633 1934 2696 1988 τὸ
2720 1934 2978 2005 κλαῦσαι,
3018 1937 3127 2010 χρὴ
3171 1938 3476 2009 λαμϐάνειν
3513 1948 3581 2017 τῇ
3623 1948 3777 2020 αὐτῇ

2165 2021 2394 2092 διανοίᾳ.
2413 2022 2690 2089 Είπεροῦν
2720 2027 2783 2079 ὲκ
2807 2027 2918 2081 τῶν
2942 2029 3301 2100 ἀνθρωπίνων
3330 2038 3778 2105 προφασίζονται

2164 2112 2233 2167 τὰ
2257 2114 2491 2168 ταπεινά
2525 2120 2668 2170 νοεῖν
2696 2119 2826 2187 περὶ
2856 2117 2951 2172 τοῦ
2978 2119 3112 2173 Υἱοῦ
3151 2122 3244 2175 τοῦ
3273 2122 3433 2190 Θεοῦ,
3472 2129 3681 2198 μᾶλλον
3711 2130 3777 2183 δὲ

2163 2203 2453 2274 ἄνθρωπον
2506 2207 2667 2262 αὐτὸν
2725 2208 2845 2261 ὅλον
2881 2209 2948 2262 ἐκ
3000 2211 3127 2279 γῆς,
3161 2213 3252 2267 καὶ
3293 2214 3395 2268 οῦκ
3440 2216 3499 2284 ἐξ
3529 2218 3777 2289 οὐρανοῦ

2164 2295 2470 2365 νομίζουσι,
2500 2296 2647 2351 διατί
2703 2299 2781 2370 μὴ
2813 2301 2906 2353 καὶ
2963 2303 3027 2354 ἐκ
3055 2303 3163 2356 τῶν
3194 2304 3394 2359 θεῖκῶν
3421 2307 3600 2380 ἔργων
3628 2310 3770 2365 ἐπι-

2162 2391 2492 2458 γινώσκουσι
2536 2391 2629 2443 τὸν
2675 2393 2733 2445 ὲν
2788 2391 2867 2463 τῷ
2925 2393 3103 2465 Πατρὶ
3148 2396 3342 2464 Λόγον,
3423 2401 3520 2453 καὶ
3574 2401 3776 2457 λοιπὸν

2163 2481 2457 2551 ἀρνοῦνται
2510 2482 2611 2554 τὴν
2648 2484 2783 2538 ίδίαν
2823 2486 3126 2553 ἀσέϐειαν;
3165 2489 3383 2554 Ἔξεστι
3412 2493 3521 2564 γάρ
3574 2495 3774 2562 αὐτοῖς

2162 2574 2320 2645 ὸρᾷν,
2388 2575 2506 2637 πῶς
2548 2576 2711 2639 αὑτός
2765 2578 2915 2631 ἐστιν
2947 2579 2975 2631 6
3035 2582 3129 2633 καὶ
3181 2584 3248 2634 τὰ
3284 2582 3566 2657 Θεοπρεπῆ
3620 2588 3776 2659 ἔργα

2163 2666 2360 2731 ποιῶν,
2390 2668 2418 2721 6
2435 2668 2603 2732 αὐτός
2634 2670 2781 2723 ἐστιν
2803 2671 2831 2722 6
2856 2671 2951 2723 καὶ
2975 2672 3037 2725 τὸ
3079 2673 3238 2744 σῶμα
3264 2676 3510 2748 παθητὸν
3538 2680 3768 2748 δεικνὺς

2162 2758 2221 2811 ἒν
2245 2758 2321 2829 τῷ
2358 2760 2576 2826 ἀφιέναι
2627 2760 2838 2815 κλαίειν
2883 2765 2980 2817 καὶ
3024 2768 3216 2837 πεινᾷν
3250 2769 3403 2835 αὐτὸ,
3431 2773 3528 2824 καὶ
3551 2772 3622 2826 τά
3655 2775 3775 2830 ἴδια

2162 2849 2256 2903 τοῦ
2293 2851 2547 2921 σώματος
2585 2854 2641 2906 ἐν
2681 2856 2832 2920 αὐτῷ
2865 2857 3173 2925 φαίνεσθαι.
3218 2861 3314 2914 Ἐκ
3349 2863 3451 2933 μὲν
3497 2864 3612 2936 γάρ
3651 2869 3773 2923 τῶν

2161 2943 2422 2997 τοιούτων
2438 2945 2701 3017 ἐγνώριζε
2733 2949 2923 3014 πᾶσιν,
2966 2950 3048 3003 ὅτι
3077 2951 3208 3015 Θεὸς
3226 2952 3301 3006 ὢν
3335 2955 3557 3021 ἀπαθὴς
3581 2959 3773 3031 σάρκα

2164 3032 2415 3105 παθητὴν
2443 3035 2667 3089 ἔλαϐεν⁸
2705 3038 2769 3091 ὲκ
2801 3038 2858 3092 δὲ
2898 3057 3006 3093 των
3037 3042 3213 3115 ἔργων
3252 3045 3529 3100 ἐδείκνυεν
3557 3050 3765 3108 ἑαυτὸν

2164 3126 2338 3195 Λόγον
2360 3127 2489 3181 ὄντα
2527 3128 2685 3197 Θεοῦ,
2733 3131 2829 3184 καὶ
2870 3131 3101 3204 ὕστερον
3149 3137 3444 3208 γενόμενον
3472 3143 3771 3215 ἄνθρωπον

2165 3218 2339 3286 λέγων
2366 3235 2380 3250 ’
2408 3218 2534 3273 Κᾶν
2562 3221 2692 3290 ἐμοὶ
2721 3223 2808 3292 μὴ
2842 3228 3167 3294 πιστεύητε
3193 3229 3579 3299 ἀνθρώπινον
3603 3254 3768 3306 περιρ

2164 3310 2535 3378 ϐεϐλημένον
2566 3311 2759 3382 σῶμα,
2792 3314 2954 3369 ἀλλὰ
2981 3316 3098 3371 κᾶν
3130 3320 3257 3387 τοῖς
3290 3322 3491 3392 ἔργοις
3520 3332 3759 3385 πιστεύ-

2163 3414 2337 3463 σατε,
2361 3401 2461 3455 ἵνα
2487 3401 2696 3469 γνῶτε,
2742 3405 2832 3457 ὅτι
2858 3406 2973 3475 ἐγὼ
3003 3408 3073 3461 ἐν
3116 3408 3195 3475 τῷ
3220 3416 3427 3482 Πατρὶ,
3455 3418 3547 3469 καὶ
3572 3422 3611 3472 d
3631 3423 3752 3473 Πα-

2165 3491 2279 3561 τήρ
2327 3492 2399 3546 ἐν
2422 3493 2574 3563 ἐμοί.
2630 3495 2778 3549 Ἔδει
2810 3497 2889 3567 δὲ,
2929 3500 3010 3554 ὅτι
3040 3502 3343 3567 ἀκούοντας
3397 3508 3490 3576 μὲν
3525 3510 3745 3575 αὐτοὺς,

2183 3582 2337 3651 Ἐγὼ
2370 3584 2471 3636 καὶ
2502 3588 2534 3638 ό
2578 3587 2782 3655 Πατὴρ
2811 3588 2881 3643 ἓν
2908 3590 3116 3661 ἐσμεν,
3164 3596 3294 3663 μίαν
3333 3600 3466 3667 όρᾷν
3499 3599 3597 3670 τὴν
3638 3602 3755 3656 θεό-

2165 3691 2304 3744 τητα
2324 3676 2465 3728 κατά
2498 3676 2559 3729 τὸ
2595 3678 2724 3732 ἴδιον
2752 3680 2853 3750 τῆς
2884 3683 3069 3746 οὐσίας
3104 3685 3197 3739 τοῦ
3233 3689 3443 3758 Πατρός
3478 3709 3493 3724 ο
3533 3694 3762 3751 ἀκούον-

2164 3784 2263 3832 τας
2282 3769 2339 3822 δὲ
2365 3768 2725 3860 τδᾷἕκλαυσε
2749 3813 2764 3837 ,
2803 3777 2898 3829 καὶ
2921 3776 2988 3830 τά
3014 3778 3198 3847 ὅμοια,
3226 3783 3403 3838 ταῦτα
3436 3786 3531 3839 τοῦ
3575 3790 3769 3860 σώμα-

2164 3875 2255 3921 τος
2285 3859 2391 3912 ίδια
2435 3858 2617 3926 λέγειν
2680 3863 2940 3931 μάλιστα,
2999 3869 3081 3923 ὅτι
3135 3872 3196 3925 ὲν
3252 3875 3498 3945 ἐκατέρῳ
3549 3858 3770 3936 τούτων

2166 3951 2356 4042 ἔχουσι
2413 3954 2516 4024 τὴν
2549 3956 2807 4025 ἀφορμὴν
2840 3957 3084 4030 εὔλογον,
3120 3963 3200 4018 ὅτι
3253 3967 3322 4021 τὰ
3371 3968 3471 4037 μὲν
3508 3970 3585 4033 ὡς
3633 3974 3772 4042 περὶ

2165 4041 2304 4095 Θεοῦ
2329 4045 2657 4113 γέγραπται,
2677 4047 2744 4100 τά
2771 4048 2827 4101 δὲ
2859 4051 2947 4105 διὰ
2985 4054 3044 4106 τὸ
3067 4055 3410 4127 ἀνθρώπινον
3446 4062 3615 4116 αὐτοῦ
3649 4041 3771 4117 acii-

2168 4150 2245 4205 μα
2298 4134 2537 4204 λέγεται.
2579 4138 2731 4192 Ἐπεὶ
2788 4143 2885 4194 καὶ
2945 4143 3237 4216 ἄνθρωπος
3269 4154 3483 4219 γέγονε,
3548 4156 3645 4207 καὶ
3685 4156 3775 4221 ὡς

2168 4228 2322 4295 παρά
2375 4229 2668 4301 ἀνθρώπου
2721 4236 2968 4303 γίνεται,
3016 4241 3113 4293 καὶ
3170 4242 3389 4312 λέγεται
3424 4248 3632 4315 ταῦτα,
3676 4252 3776 4305 ἵνα

2166 4321 2341 4377 ταῦτα
2391 4323 2461 4378 τὰ
2501 4325 2806 4398 παθήματα
2850 4332 2945 4402 τῆς
3000 4335 3202 4405 σαρκὸς
3257 4341 3521 4409 κουφίσα;
3572 4344 3777 4410 αὐτοῖς

2168 4411 2463 4485 ἐλευθέραν
2517 4417 2699 4473 αὐτῶν
2735 4421 2944 4495 ταύτην
2978 4432 3389 4502 κατασκευάσῃ.
3436 4435 3600 4488 Ὅθεν
3634 4439 3775 4492 οὐδὲ

2167 4504 2658 4573 ὲγκαταλείπεσθαι
2695 4511 2918 4568 δύναται
2974 4521 3126 4588 παρὰ
3174 4521 3269 4575 τοῦ
3316 4524 3531 4595 Πατρὺς
3579 4532 3607 4581 6
3647 4532 3779 4584 Κύ-

2173 4616 2309 4669 ριος,
2359 4603 2416 4655 ἐν
2455 4602 2632 4673 ἑαυτῷ
2656 4602 2733 4657 ὣν
2785 4606 2873 4659 ἀεὶ
2918 4610 3012 4661 καὶ
3061 4612 3167 4681 πρὸ
3190 4614 3283 4665 τοῦ
3311 4618 3488 4668 εἰπεῖν
3519 4622 3614 4670 καὶ
3664 4621 3776 4676 ὅτε

2166 4691 2372 4763 ταύτην
2401 4693 2554 4763 ἠφίει
2581 4695 2680 4763 τὴν
2700 4699 2901 4767 φωνήν.
2934 4698 3077 4754 Ἀλλ’
3109 4704 3232 4757 οὐδὲ
3250 4706 3409 4776 θέμις
3439 4711 3619 4762 εἰπεῖν
3644 4715 3770 4766 πά-

2166 4783 2251 4837 λιν
2272 4784 2477 4855 ἃιλιᾷν
2505 4786 2598 4840 τὸν
2629 4787 2854 4859 Κύριον,
2885 4790 2946 4845 ὃν
2996 4795 3046 4847 oi
3079 4795 3317 4866 πυλωροὶ
3339 4798 3432 4852 τοῦ
3458 4798 3587 4870 ᾅδου
3619 4806 3775 4857 πτύ-

2168 4871 2357 4939 ﬁas-rec
2392 4873 2677 4946 ἐξαφῆκαν
2709 4878 2803 4933 τὸν
2847 4880 3002 4952 ᾅδην.
3062 4887 3173 4939 Καὶ
3218 4889 3287 4940 τὰ
3337 4891 3440 4959 μὲν
3488 4894 3777 4962 μνήματα

2164 4967 2392 5038 ἀνέῳγε,
2421 4969 2592 5024 πολλά
2627 4971 2683 5025 δὲ
2719 4974 2945 5043 σώματα
2992 4978 3103 5030 τῶν
3134 4980 3302 5047 ἁγίων
3349 4983 3573 5056 ἀνέστη.
3617 4988 3772 5045 Ἰδοὺ

2164 5058 2414 5127 λέγοντος
2434 5061 2621 5130 αὐτοῦ,
2664 5061 2839 5118 Ἰνατί
2866 5084 2944 5135 με
2977 5068 3441 5139 ἐγκατέλειπες;
3474 5075 3774 5135 ἐδείκνυεν

2160 5152 2190 5202 6
2235 5153 2442 5243 Πατὴρ,
2507 5153 2584 5243 ὡς
2631 5156 2717 5207 ἀεὶ
2758 5158 2853 5209 καὶ
2896 5159 3017 5211 τότε
3069 5156 3137 5231 ἦν
3170 5164 3338 5232 αὐτῷ.
3410 5166 3476 5217 Ἢ
3528 5168 3637 5238 γὰρ
3677 5172 3772 5243 γῆ

2163 5241 2506 5309 γινώσκουσα
2535 5242 2630 5297 τὸν
2674 5246 2938 5301 λαλοῦντα
2995 5252 3282 5324 Δεσπότην
3319 5256 3481 5319 εὐθὺς
3520 5241 3764 5331 ἔτρεμε,

2165 5337 2259 5387 καὶ
2316 5336 2378 5387 τὺ
2427 5340 2830 5409 καταπέτασμα
2886 5343 3153 5412 ἐσχίζετο,
3191 5350 3217 5400 ὁ
3262 5349 3412 5417 ἥλιός
3458 5367 3516 5403 τε
3580 5355 3767 5425 ἐκρύ-

2165 5442 2357 5493 πτετο,
2412 5430 2505 5482 καὶ
2575 5431 2633 5482 αί
2700 5433 2894 5502 πέτραι
2936 5434 3348 5506 διερρήγνυντο.
3412 5442 3522 5496 Καὶ
3580 5446 3641 5499 τό
3685 5463 3758 5508 γε

2170 5518 2506 5588 θαυμαστὸν,
2547 5522 2629 5573 ὅτι
2670 5523 2719 5575 oi
2775 5525 2896 5577 τότε
2940 5530 3225 5598 παρόντες,
3279 5535 3373 5586 καὶ
3422 5512 3760 5606 ἀρνούμενοι

2168 5611 2330 5664 αὑτὸν
2373 5615 2663 5683 πρότερον,
2723 5613 2949 5687 ὕστερον
2992 5621 3165 5675 ταῦτα
3220 5624 3510 5693 βλέποντες
3556 5633 3754 5699 ὁμολο-

2169 5703 2359 5771 γοῦσιν
2383 5702 2598 5774 ἀληθῶς
2624 5707 2811 5760 τοῦτον
2834 5705 2972 5764 εἶναι
3002 5712 3137 5767 Θεοῦ
3174 5715 3317 5772 Υἱόν.
