4058 6426
327 357 436 418 ιω

1290 352 1669 414 ΡΛΝΟΡΙᾸΛ
1711 352 2177 416 DOGMATICA.
2215 377 2279 390 -
2318 354 2469 417 TIT.
2502 354 2607 417 Χῐ.

3492 360 3596 427 ίξθ

393 465 530 536 Περὶ
564 464 623 519 δὲ
651 461 749 519 τοῦ
790 463 976 533 λέγειν
1022 460 1187 517 αὐτόν
1212 477 1226 494 ·
1268 464 1337 518 Et
1370 463 1657 530 δυνατὸν,
1690 465 1915 531 παρελ-

2088 462 2210 520 Jam
2237 466 2381 535 quod
2406 466 2647 536 pertinet
2674 464 2744 522 ad
2775 464 2869 523 illa
2896 467 3061 524 verba
3094 485 3108 523 :
3146 467 3205 524 Si
3231 470 3348 540 fieri
3395 485 3593 541 potest,

318 565 470 621 θέτω
496 560 567 615 τὸ
596 559 916 625 ποτήριον,
962 554 1287 627 μαθέτωσαν
1335 556 1503 619 πῶςό
1541 555 1714 609 ταῦτα
1750 557 1908 624 είρη⁴

318 656 435 721 κὼς
470 654 718 724 ἐπετίμα
749 651 830 723 τῷ
852 653 1045 722 Πέτρῳ
1068 652 1244 722 λέγων
1266 667 1281 681 '
1306 650 1389 706 Οὐ
1418 649 1666 719 φρονεῖς
1684 648 1759 703 τὰ
1801 646 1909 701 τοῦ

317 749 497 807 Θεοῦ.
535 746 736 800 Ἠθελε
768 745 875 815 7&9
900 745 929 798 δ
957 746 1279 815 παρῃτεῖτο,
1310 744 1404 796 καὶ
1426 740 1513 794 διά
1537 739 1694 793 τοῦτο
1730 735 1798 811 ἦν
1823 737 1911 791 tit-

318 845 451 898 θὼν.
501 839 777 908 Ἐπετίμα
805 840 906 909 μὲν
947 832 1041 891 οὖν
1072 837 1152 909 τῷ
1189 836 1381 907 Πέτρῳ
1445 833 1521 897 ὡς
1560 831 1713 898 Θεὸς,
1763 847 1907 900 παρο

318 936 510 1008 ῃτεῖτο
533 932 594 985 δὲ
644 932 737 983 τὸν
776 928 1010 983 θάνατον
1044 928 1120 991 ὡς
1151 928 1462 996 ἄνθρωπος.
1500 919 1627 994 Εἶχε
1675 922 1782 993 γὰρ
1803 923 1910 976 δει-

320 1027 530 1080 λιιῖισαν
568 1023 674 1094 τὴν
714 1022 919 1091 σάρκα,
972 1016 1039 1072 δι’
1064 1019 1134 1091 ἢν
1170 1016 1438 1087 συνεκέρα
1489 1015 1550 1069 τὸ
1588 1014 1785 1069 ἑαυτοῦ
1825 1012 1910 1066 θέ-

334 1119 477 1188 truta
499 1117 568 1185 τῇ
601 1113 925 1183 ἀνθρωπίνῃ
978 1110 1250 1182 ἀσθενείᾳ,
1283 1109 1371 1163 ἵνα
1408 1108 1502 1162 καὶ⁵
1559 1107 1719 1161 τοῦτο
1747 1106 1909 1160 πάλιν

336 1206 626 1271 ἀςανίσας,
664 1200 964 1275 θαρῤαλέον
984 1201 1073 1253 τὸν
1112 1200 1401 1271 ἄνθρωπον
1444 1199 1593 1270 πρὸς
1619 1198 1711 1252 τὸν
1747 1198 1911 1252 θάνα-

328 1317 417 1351 τον
478 1294 896 1366 κατασκευάσῃ.
968 1292 1099 1346 Ἰδοὺ
1157 1292 1268 1359 γὰρ
1326 1293 1559 1362 πρᾶγμα
1608 1287 1912 1361 παράδοξον

324 1389 572 1459 ἀληθῶς.
630 1389 729 1441 ⁸ον
757 1385 898 1440 κατά
917 1384 1119 1438 δειλίαν
1134 1382 1721 1452 λαλοῦντανομίξουσιν
1736 1382 1914 1450 οίχρι-

326 1487 625 1554 στομάχονι,
668 1475 824 1542 οὗτος
861 1480 927 1549 τῇ
958 1476 1293 1547 νομιζομένῃ
1345 1476 1518 1544 δειλίᾳ
1569 1474 1912 1544 θαρραλέους

322 1578 454 1638 τοὺς
482 1571 809 1644 ἀνθρώπους
864 1571 959 1622 καὶ
990 1567 1229 1639 ἀφόϐους
1258 1566 1683 1630 κατασκευάζει.
1715 1567 1775 1619 Ol
1803 1566 1912 1633 γὰρ

327 1669 598 1739 μακάριοι
644 1661 936 1716 ἀπόστολοι
994 1661 1114 1730 μετ’
1145 1660 1330 1723 αὐτὸν,
1368 1658 1462 1712 καὶ
1491 1660 1542 1711 οί
1576 1658 1728 1713 ἄλλοι
1766 1658 1913 1725 ἅγιοι

324 1761 620 1831 μάρτυρες
671 1755 847 1819 οὕτως
882 1757 945 1808 lx
988 1753 1098 1806 τῶν
1136 1751 1391 1807 τοιούτων
1420 1752 1615 1820 φωνῶν
1646 1751 1915 1822 κατεφρό-

326 1871 458 1906 νουν
489 1850 587 1903 τοῦ
630 1848 878 1912 Θανάτου,
907 1846 983 1910 ὡς
1025 1845 1225 1915 μᾶλλον
1254 1844 1496 1914 νομίζειν
1521 1844 1602 1907 είς
1643 1845 1743 1914 τὴν
1768 1843 1914 1914 ζωὴν

331 1945 715 2017 μεταϐαίνειν,
737 1942 768 2011 ἢ
789 1942 1017 1995 θάνατον
1041 1939 1353 2009 ὑπομένειν.
1383 1938 1504 2001 Πῶς
1530 1934 1625 1992 οὖν
1654 1938 1758 1992 οὐκ
1791 1938 1916 1993 ἀτο-

333 2057 433 2093 πον
468 2038 581 2091 τῶν
614 2037 712 2107 μὲν
759 2032 1105 2105 θεραπόντων
1134 2031 1225 2084 τοῦ
1257 2032 1433 2100 Λόγου
1467 2029 1768 2101 θαυμάζειν
1817 2030 1917 2101 τὴν

332 2131 591 2200 ἀ·.δρίαν,
617 2126 780 2179 αὐτὸν
811 2126 867 2178 δὲ
898 2124 988 2177 τὸν
1014 2124 1185 2190 Λόγον
1217 2123 1396 2191 λέγειν
1428 2139 1487 2176 τε
1516 2122 1742 2192 δειλιᾷν,
1764 2121 1832 2173 δι’
1856 2120 1917 2173 δν

336 2225 588 2277 κάκεῖνοι
632 2219 861 2274 Θανάτου
916 2217 1375 2287 κατεφρόνησαν;
1421 2216 1524 2268 Ἐκ
1571 2214 1627 2268 δὲ
1652 2214 1755 2285 τῆς
1806 2211 1917 2266 τῶν

331 2314 513 2380 ἁγίων
561 2309 870 2381 μαρτυρίας
922 2308 1404 2379 καρτερικωτάτης
1447 2305 1778 2375 προθέσεως,
1826 2304 1918 2357 καὶ

330 2406 566 2476 ἀνδρίας
608 2403 905 2468 δείκνυται,
976 2401 1051 2464 ὡς
1099 2402 1201 2455 οὐκ
1243 2396 1312 2471 ἦν
1355 2398 1610 2470 ὴθεότης
1639 2396 1914 2459 δειλιῶσα,

329 2500 477 2555 ἀλλά
521 2498 623 2568 τὴν
654 2495 814 2566 ἡμῶν
859 2494 1061 2548 δειλίαν
1093 2489 1162 2565 ἦν
1194 2490 1599 2563 ἀφαιρούμενος
1634 2492 1661 2543 ὁ
1692 2489 1913 2560 Σωτήρ.

343 2593 431 2646 '0;
465 2592 579 2660 γὰρ
613 2589 830 2658 θανάτῳ
853 2587 943 2639 τὸν
968 2587 1195 2640 θάνατον
1224 2585 1563 2653 κατήργησε,
1594 2582 1687 2635 καὶ
1709 2580 1920 2651 ἀνθρω-

333 2686 512 2744 πίνως
554 2681 733 2733 πάντα
767 2680 835 2732 τὰ
886 2675 1227 2746 ἀνθρώπινα,
1268 2672 1411 2726 οὕτω
1469 2674 1564 2725 καὶ
1601 2673 1917 2743 τῇνομιςο-

2012 564 2309 613 transuta
2349 574 2431 613 me
2488 560 2631 613 calix
2663 562 2706 629 ',
2775 561 3237 627 animadvertant,
3296 569 3596 634 quomodo,

2009 649 2103 718 qui
2132 650 2417 715 hazcdixit,
2453 650 2676 706 Petrum
2709 652 3090 722 increpuerit,
3154 654 3274 710 Non
3304 659 3474 726 capis,
3507 659 3597 712 in.

2010 742 2228 810 quiens.
2266 758 2383 812 qua
2412 743 2509 798 Dei
2537 753 2662 798 sunt
2691 746 2736 799 ⁸.
2783 744 3033 801 tVolebat
3049 749 3332 818 suscipere
3350 749 3423 816 id,
3449 752 3596 822 quod

2010 835 2426 905 deprecabatur,
2478 846 2536 893 et
2566 837 2773 893 idcirco
2794 848 3041 894 venerat.
3071 840 3379 911 lncrepavit
3427 844 3593 916 igitur

2011 927 2230 983 Petrum
2282 938 2345 985 ut
2374 930 2537 999 Deus,
2576 930 2904 1001 deprecatus
2935 940 3020 989 est
3070 942 3301 989 mortem
3324 945 3384 990 ut
3405 937 3592 993 homo.

2012 1018 2259 1077 Habebat
2290 1022 2435 1076 enim
2456 1038 2674 1078 carnem
2712 1025 2983 1094 pavidam,
3020 1035 3242 1094 propter
3262 1043 3425 1097 quam
3465 1046 3590 1085 cum

2013 1108 2249 1167 humana
2272 1112 2642 1169 imbecillitate
2669 1100 3006 1171 voluntatem
3035 1131 3185 1171 suam
3209 1119 3509 1187 conjunxit,
3530 1131 3593 1174 ut

2014 1202 2156 1258 hanc
2178 1205 2309 1258 item
2343 1204 2686 1260 aﬂ‘ectionem
2752 1206 3016 1269 aboleret.
3075 1208 3460 1279 hominemque
3515 1212 3584 1266 ad

2014 1294 2377 1364 appetendam
2406 1304 2642 1351 mortem
2670 1306 2958 1352 strenuum
3016 1305 3070 1352 et
3098 1296 3291 1353 fortem
3330 1299 3591 1356 ediceret.

2013 1386 2251 1442 Attende
2274 1386 2420 1442 enim
2462 1402 2575 1443 rem
2599 1403 2798 1443 novam
2871 1398 2929 1443 et
2951 1388 3354 1445 admirabilem.
3418 1392 3590 1459 Quem

2016 1479 2203 1534 timide
2230 1479 2376 1549 loqui
2410 1489 2605 1550 putant
2632 1481 2722 1536 isti
2769 1480 2976 1553 Christi
3000 1482 3208 1548 hostes,
3233 1483 3282 1537 is
3343 1499 3405 1539 ea
3476 1486 3594 1555 ipsa

2014 1571 2327 1636 aﬂ'ectione,
2356 1588 2520 1642 quam
2546 1573 2649 1643 ipsi
2684 1574 3034 1628 formidinem
3091 1576 3430 1640 existimant,
3478 1577 3580 1631 ho-

2015 1660 2193 1717 mines
2271 1663 2540 1718 audentes
2604 1673 2660 1718 et
2727 1663 3030 1734 impavidos
3087 1666 3394 1739 copstituit.
3456 1666 3591 1722 Nam

2016 1752 2160 1809 beati
2190 1762 2311 1823 post
2363 1754 2514 1808 illum
2571 1754 2801 1823 apostoli
2861 1764 2916 1810 et
2954 1756 3046 1810 alii
3102 1757 3277 1812 sancti
3331 1768 3596 1829 martyres

2017 1855 2240 1916 propter
2297 1845 2397 1902 has
2454 1860 2617 1900 voces
2666 1848 2804 1902 adeo
2841 1858 3069 1903 mortem
3124 1859 3595 1920 contempserunt,

2019 1945 2204 2007 utper
2232 1951 2350 1991 eam
2407 1951 2467 1992 se
2532 1937 2706 2008 magis
2750 1938 2817 1991 ad
2883 1939 3048 1992 vitam
3117 1940 3371 2003 transire,
3427 1957 3592 2011 quam

2017 2040 2247 2085 mortem
2275 2029 2458 2085 subire
2492 2030 2888 2084 existimarent.
2922 2029 3093 2095 Quam
3138 2032 3436 2088 absurdum
3497 2035 3597 2103 igi-

2019 2132 2107 2176 tur
2171 2129 2273 2187 est,
2337 2136 2461 2176 cum
2521 2119 2683 2177 Verbi
2757 2122 3132 2178 ministrorum
3213 2124 3592 2184 fortitudinem

2016 2213 2323 2281 admireris,
2359 2214 2594 2270 Verbum
2635 2213 2808 2284 ipsum
2842 2216 3088 2270 timidum
3141 2216 3345 2284 dicere,
3372 2232 3596 2291 propter

2016 2307 2163 2378 quod
2194 2306 2271 2360 illi
2294 2315 2523 2361 mortem
2553 2320 2661 2361 non
2696 2306 2996 2362 timuerunt
3029 2309 3042 2362 Ξ
3075 2308 3153 2363 Ex
3176 2309 3476 2367 fortissimo
3496 2312 3599 2384 igi-

2020 2412 2110 2455 tur
2178 2408 2497 2455 sanctorum
2557 2406 2862 2469 martyrum
2912 2402 3192 2471 proposito
3281 2404 3593 2475 virtuteque

2017 2499 2232 2548 conSIat
2282 2490 2622 2547 divinitatem
2660 2490 2881 2547 minime
2939 2490 3284 2559 formidasse,
3343 2495 3437 2550 sed
3482 2496 3598 2551 ιον-

2021 2586 2278 2641 midinem
2313 2595 2554 2640 nostram
2586 2583 2932 2640 Servatorem
2966 2586 3288 2643 abstulisse.
3317 2589 3595 2655 Quemad-

2019 2678 2239 2732 modum
2266 2679 2413 2732 enim
2441 2684 2615 2731 morte
2635 2691 2734 2746 sua
2788 2685 3018 2732 mortem
3064 2678 3354 2750 destruxit,
3387 2690 3444 2737 et
3490 2681 3595 2737 hu-

326 2777 481 2849 μένῃ
507 2772 684 2843 δειλίᾳ
709 2771 805 2842 τὴν
831 2769 987 2841 ἡμῶν
1009 2768 1215 2823 δειλίαν
1232 2768 1515 2838 ἀφῃρεῖτο,
1531 2766 1625 2820 καὶ
1653 2764 1916 2836 πεποίηκε

2021 2770 2281 2824 manitate
2310 2782 2410 2823 sua
2437 2768 2675 2836 reliquas
2701 2768 2968 2823 humanas
2999 2769 3343 2838 aﬂcctiones,
3400 2773 3483 2828 sic
3537 2783 3593 2829 et

328 2873 543 2943 μηκέτι
610 2866 897 2935 φοϐεῖσθαι
949 2863 1078 2924 τοὺς
1140 2858 1461 2933 ἀνθρώπους
1521 2857 1613 2911 τὸν
1662 2856 1916 2912 θάνατον.

2021 2861 2127 2916 hoc
2149 2861 2240 2931 qui
2267 2869 2446 2916 metus
2502 2860 2731 2925 dicitur,
2792 2870 3002 2916 metum
3062 2872 3312 2919 nostrum
3352 2866 3593 2929 sustulit,

328 2967 569 3032 Ἔλεγεν
619 2960 714 3015 οὖν
770 2958 964 3020 ταῦτα,
1010 2957 1106 3010 καὶ
1151 2955 1271 3026 ἀμα
1309 2953 1503 3008 ἐποίει.
1554 2951 1916 3023 ’Δνθρώπινον

2022 2954 2333 3023 effecitque,
2372 2968 2440 3008 ne
2469 2952 2719 3007 homines
2758 2954 2993 3023 amplius
3053 2964 3285 3012 mortem
3318 2958 3596 3012 extimes-

326 3055 431 3123 μὲν
467 3052 579 3122 7&9
632 3045 703 3120 ἦν
734 3050 793 3100 τὸ
834 3043 1419 3114 λέγειν’Παρελθέτω
1456 3043 1525 3098 τὸ
1578 3042 1871 3111 ποτήριον
1900 3058 1916 3075 ο

2026 3056 2235 3102 cerent.
2270 3045 2413 3099 Dixit
2444 3046 2537 3100 ille
2567 3047 2813 3115 quidem,
2850 3054 2906 3100 et
2935 3046 3066 3101 fecit
3088 3047 3225 3102 haec.
3258 3047 3394 3102 Nam
3452 3050 3597 3104 sicut

322 3146 421 3200 καί
450 3160 466 3176 ο
515 3142 713 3199 'Iratf
761 3157 840 3209 με
889 3139 1351 3209 ἐγκατέλειπεα
1388 3136 1583 3200 θεῖκῶς
1613 3135 1673 3190 δὲ
1708 3138 1737 3189 ό
1761 3135 1916 3198 αὐτὸς

2024 3135 2262 3191 hominis
2290 3136 2394 3190 fuit
2423 3137 2603 3192 dicere
2636 3154 2647 3189 :
2686 3137 2949 3190 Transeat
2988 3137 3174 3202 calix;
3216 3148 3272 3193 et
3311 3157 3325 3194 :
3367 3139 3474 3195 Cur
3506 3141 3591 3194 de-

327 3235 512 3287 ἐποίεε
558 3232 654 3285 τὸν
688 3230 846 3300 ἥλιον
881 3227 1178 3293 ἐκλείπειν,
1222 3227 1317 3280 καὶ
1347 3226 1475 3289 τοὺς
1505 3224 1734 3297 νεκροὺς
1769 3223 1915 3294 δγεί-

2022 3229 2281 3301 reliquisti
2318 3228 2431 3283 me?
2450 3230 2529 3283 sic
2563 3228 2658 3283 Dei
2685 3228 3035 3295 fuiteﬂieere,
3062 3241 3119 3286 ut
3158 3234 3241 3288 sol
3293 3233 3410 3302 ipse
3467 3234 3601 3288 deti—

330 3328 551 3398 ρεσθαι.
589 3324 764 3377 Πάλιν
791 3337 849 3374 τε
878 3321 1050 3389 λέγων
1077 3319 1435 3391 ἀνθρωπίνως
1460 3334 1473 3349 °
1504 3318 1638 3373 Νῦν
1670 3317 1709 3385 ἡ
1743 3316 1915 3387 ψυχή

2019 3336 2188 3388 ceret,
2210 3333 2266 3379 et
2293 3324 2490 3379 mortui
2521 3323 2763 3379 redirent
2792 3324 2844 3377 in
2877 3330 3065 3386 vitam.
3097 3326 3267 3395 thui
3320 3327 3476 3386 dixit.
3524 3337 3589 3381 ut

324 3438 443 3490 μου
458 3417 838 3485 ιετάρακται,
869 3414 1020 3481 ἔλεγε
1044 3412 1242 3476 θεῖκῶς
1267 3429 1284 3446 ο
1307 3409 1628 3477 Ἐ’ξουσίαν
1650 3412 1770 3481 ἔχω
1801 3409 1916 3480 τὴν

2022 3420 2226 3477 homo:
2284 3422 2481 3475 Anima
2512 3435 2625 3474 mea
2651 3419 2861 3474 turbata
2909 3431 2986 3475 est
3025 3420 3067 3485 ³,
3118 3421 3260 3476 idem
3313 3423 3391 3476 uti
3459 3422 3601 3475 Deus

333 3509 544 3579 ψυχήν
580 3523 714 3577 μου
746 3505 959 3570 θεῖναι,
987 3502 1085 3556 καί
1128 3501 1319 3556 πάλιν
1344 3502 1641 3567 ἐξουσίαν
1668 3502 1788 3570 ἔχω
1809 3504 1916 3554 λα·-

2019 3513 2196 3568 ιίὶιὶῑι
2234 3512 2549 3568 Potestatem
2585 3511 2752 3565 habeo
2767 3513 2990 3581 ponendi
3039 3512 3274 3566 animam
3322 3531 3513 3570 meam.
3552 3529 3599 3566 et

347 3600 474 3653 δεῖν
496 3598 706 3666 αὐτήν.
746 3598 821 3650 Τὸ
854 3597 953 3665 μὲν
1003 3595 1114 3666 γάρ
1139 3593 1504 3666 ταράττεσθαι
1552 3593 1751 3663 σαρκὸς
1785 3592 1916 3646 ίδιον

2020 3614 2333 3674 potestatem
2359 3604 2524 3658 habeo
2551 3607 2745 3657 iterum
2780 3607 3079 3658 assumendi
3105 3621 3221 3657 eam
3250 3606 3297 3657 ⁸.
3372 3605 3601 3659 Turbati

359 3684 450 3761 ἦν,
472 3688 533 3743 ab
552 3689 607 3744 ἃ
639 3689 895 3756 ίξουσίαν
926 3687 1081 3759 ἔχειν
1109 3685 1283 3739 θεῖναι
1339 3688 1433 3740 καὶ
1455 3684 1643 3738 λαϐεῖν
1680 3684 1769 3736 ὅτε
1791 3682 1916 3753 βού-

2021 3694 2169 3747 enim
2194 3701 2278 3748 est
2311 3692 2590 3762 proprium
2607 3691 2813 3748 carnis.
2847 3691 3057 3746 Habere
3125 3702 3333 3757 autem,
3374 3695 3594 3762 quando

358 3785 503 3838 λεται
525 3784 614 3857 τὴν
638 3785 843 3853 ψυχὴν,
887 3782 987 3835 οὐκ
1040 3780 1157 3834 ἐστι
1211 3779 1373 3834 τοῦτο
1427 3777 1558 3832 ἴδιον
1605 3774 1916 3848 ἀνθρώπου,

2030 3785 2166 3851 vult,
2243 3783 2477 3856 ponendi
2560 3783 2921 3855 sumendique
2970 3785 3213 3841 animam
3257 3795 3601 3857 potestatem,

348 3879 481 3932 ἀλλά
508 3878 604 3949 τῆς
632 3877 733 3930 τοῦ
756 3876 933 3945 Λόγου
958 3873 1241 3944 δυνάμεώς
1262 3874 1432 3930 ἐστιν.
1459 3872 1784 3941 Ἀνθρωπος
1811 3870 1916 3940 γάρ

2025 3894 2135 3935 non
2181 3888 2265 3934 est
2292 3879 2526 3948 amplius
2551 3878 2789 3934 hominis
2834 3877 3135 3949 proprium,
3195 3879 3289 3934 sed
3330 3880 3398 3935 ad
3440 3880 3602 3936 Verbi

338 3972 400 4023 οὐ
424 3970 546 4022 κατ’
588 3969 731 4023 ιδίαν
761 3967 1032 4031 ἐξουσίαν,
1073 3965 1188 4020 ἀλλ’
1229 3966 1443 4037 ἀνάγκῃ
1471 3963 1689 4034 φύσεως
1726 3964 1916 4034 καὶμὴ

2022 3973 2326 4045 potentiam
2358 3973 2614 4043 pertinet.
2668 3973 2841 4030 Homo
2863 3974 3011 4027 enim
3041 3988 3153 4029 non
3187 3983 3463 4044 potestate
3480 3991 3601 4041 sua,

337 4063 510 4117 θέλων
535 4061 898 4130 ἀποθνήσκει.
933 4059 993 4113 '0
1014 4058 1073 4112 δι
1110 4057 1312 4129 Κύριος
1343 4059 1607 4119 ἀθάνατος
1649 4056 1748 4124 ὢν,
1785 4055 1916 4126 σάρ-

2026 4068 2123 4123 sed
2148 4076 2362 4122 natura
2386 4067 2716 4122 necessitate
2731 4067 2896 4122 etiam
2932 4067 3131 4122 nolens
3182 4067 3439 4123 moritur.
3498 4068 3603 4120 Dn-

333 4174 409 4208 κα
437 4154 498 4207 δὲ
528 4152 736 4223 θνητὴν
768 4151 930 4221 ἔχων,
969 4150 1059 4203 ἐπ’
1092 4151 1341 4217 ἐξουσίας
1372 4147 1517 4222 εἶχεν
1543 4151 1618 4213 ὡς
1640 4149 1774 4213 Θεὸς
1806 4150 1916 4203 ἀπὸ

2024 4160 2206 4214 minus
2220 4157 2535 4226 antem,qni
2566 4158 2888 4214 immortalis
2915 4170 3024 4221 est,
3047 4169 3333 4215 etcarnem
3358 4164 3605 4230 gestabat

333 4247 431 4301 τοῦ
470 4246 731 4314 σώματος
758 4242 1122 4314 χωρισθῆναι,
1180 4244 1277 4297 καὶ
1309 4242 1466 4297 τοῦτο
1524 4242 1690 4296 πάλιν
1715 4242 1916 4297 ἀναλα-

2024 4251 2336 4314 mortalem,
2365 4260 2427 4306 ut
2454 4248 2598 4306 Deus
2630 4258 2954 4320 potestatem
2985 4251 3246 4316 habebat.
3274 4263 3331 4308 ut
3364 4269 3443 4319 se,
3474 4270 3600 4310 cum

335 4340 454 4393 δεῖν
476 4340 572 4392 ὅτε
600 4338 876 4409 βούλεται.
905 4337 1154 4405 Ἔπρεπε
1194 4338 1304 4406 γὰρ
1352 4336 1600 4406 φθαρτὴν
1626 4334 1791 4390 οὖσαν
1820 4335 1916 4406 τὴν

2026 4341 2214 4404 vellet,
2245 4351 2302 4395 et
2324 4356 2356 4396 a
2378 4356 2607 4411 corpore
2640 4352 2944 4410 separaret,
2972 4353 3027 4398 et
3044 4358 3246 4413 corpus
3276 4346 3474 4399 iterum
3503 4362 3599 4401 sn-

336 4438 525 4503 σάρκα
553 4430 754 4501 μηκέτι
806 4431 946 4484 κατά
994 4431 1094 4502 τὴν
1142 4431 1344 4501 ἑαυτῆς
1374 4428 1539 4498 φύσιν
1575 4428 1760 4501 μένειν
1792 4428 1916 4499 θνη-

2029 4441 2228 4488 meret.
2286 4431 2793 4497 Decebatenim,ut
2834 4449 2963 4489 caro
2992 4436 3242 4490 mortalis
3296 4446 3351 4491 et
3411 4438 3605 4493 interi-

336 4500 466 4594 τὴν,
501 4500 638 4575 ἀλλά
661 4523 750 4576 διά
780 4523 873 4575 τὸν
901 4500 1262 4592 ἐνδυσάμενον
1301 4500 1478 4593 αὐτὴν
1502 4500 1680 4589 Λόγον
1709 4519 1916 4591 ἀφθαρ-

2028 4524 2108 4580 tui
2132 4525 2493 4579 obnoxianon
2512 4524 2623 4593 jam
2653 4540 2717 4578 ex
2747 4533 2943 4580 natura
2999 4540 3098 4579 sua
3158 4536 3411 4583 maneret
3454 4544 3603 4584 mor-

335 4633 435 4670 τον
459 4616 765 4686 διαμένειν.
802 4615 887 4678 Ὠς
912 4616 1023 4686 7&9
1050 4616 1211 4679 αὐτὸς
1234 4615 1525 4685 γενόμενος
1570 4617 1630 4667 ὲν
1650 4612 1729 4683 τῷ
1757 4615 1792 4684 ἡ
1802 4615 1916 4683 μῶν

2029 4614 2174 4679 talis,
2222 4615 2316 4670 sed
2352 4624 2573 4685 propter
2606 4616 2868 4679 Verbum,
2888 4620 3037 4685 quod
3083 4618 3231 4673 illam
3293 4634 3609 4690 assumpse-

340 4709 568 4779 σώματι
589 4709 656 4761 τά
686 4708 843 4778 ἡμῶν
871 4710 1205 4779 ἐμιμήσατο,
1233 4707 1406 4771 οὕτως
1438 4708 1603 4777 ἡμεῖς
1635 4706 1916 4777 δεξάμενοι

2028 4718 2136 4774 rat,
2186 4708 2510 4763 immortalis
2530 4706 2725 4762 effecta
2768 4706 2979 4760 nullum
3032 4707 3270 4777 amplius
3313 4709 3600 4765 interitum

339 4800 539 4855 τοῦτον
554 4802 653 4869 τῆς
684 4801 810 4872 παρ’
840 4801 1049 4854 ἐκείνου
1082 4798 1572 4870 μεταλαμϐάνομεν
1599 4798 1921 4862 ἀθανασίας.

340 4895 546 4961 Μάτην
588 4895 767 4946 τοίνυν
818 4893 1273 4957 σκανδαλίζεσθαι
1333 4890 1783 4961 προσποιοῦνται,
1839 4893 1924 4946 ὃτι

346 4988 481 5056 περὶ
510 4982 604 5037 τοῦ
638 4985 811 5052 Λόγου
838 4985 1147 5056 γέγραπται
1181 5000 1194 5011 ο
1216 4983 1543 5054 Ἐταράχθη
1575 4984 1677 5039 καί
1705 4986 1926 5038 Eadm)-

340 5095 488 5136 σεν.
568 5078 812 5133 Ἐοίκασι
882 5078 990 5147 γὰρ
1057 5077 1194 5149 μηδὲ
1263 5076 1616 5147 ἀνθρωπίνην
1666 5077 1926 5146 αἴσθησιν

345 5169 521 5241 εχειν,
548 5170 872 5237 ἀγνοοῦντες
899 5169 998 5240 τὴν
1038 5170 1147 5223 τῶν
1177 5168 1483 5239 ἀνθρώπιον
1507 5168 1670 5238 φύσιν
1732 5168 1828 5223 καὶ
1858 5168 1925 5222 τὰ

346 5263 559 5317 τούτοιν
614 5263 739 5318 ἴδια.
783 5261 1003 5316 Μᾶλλον
1048 5264 1155 5330 γάρ
1195 5261 1305 5314 ἔδει
1365 5260 1691 5331 θαυμάζειν,
1754 5261 1841 5314 ὅτι
1869 5262 1928 5314 ἑν

345 5356 576 5409 τοιαῦτα
612 5354 902 5427 πασχούσῃ
926 5354 1091 5424 σαρκὶ
1128 5349 1198 5426 ἦν
1232 5355 1260 5407 ό
1284 5353 1479 5422 Λόγος,
1521 5354 1614 5406 καὶ
1640 5353 1767 5407 οὒτε
1789 5352 1928 5407 ἐκώ-

344 5447 475 5503 λυσε
516 5449 642 5513 τοὺς
672 5447 1149 5511 επιϐουλεύοντας,
1196 5445 1321 5500 οὔτε
1363 5445 1595 5512 ἐξεδίκει
1639 5446 1786 5500 κατά
1815 5446 1925 5499 τῶν

346 5542 735 5612 ἀναιρούντων,
771 5539 981 5609 καίπερ
1014 5538 1339 5609 δυνάμενος,
1384 5539 1413 5591 ὁ
1441 5536 1635 5602 ἀλλους
1675 5538 1927 5601 κωλύσας

345 5635 654 5704 ἀποθανεῖν,
685 5636 785 5691 καὶ
812 5631 1185 5697 ἀποθανόντας
1223 5632 1446 5704 ἐγείρας
1464 5633 1529 5687 ὲκ
1556 5631 1667 5688 τῶν
1695 5631 1928 5704 νεκρῶν,

2035 4803 2290 4859 sentiret.
2349 4799 2504 4855 Sicut
2539 4801 2690 4855 enim
2741 4813 2970 4869 corpore
3029 4810 3221 4856 nostro
3248 4816 3370 4871 qua:
3419 4813 3606 4857 nostra

2029 4904 2182 4961 sunt,
2225 4895 2565 4958 imitabatur,
2589 4894 2670 4949 sic
2690 4908 2792 4948 nos
2827 4893 3009 4963 ipsum
3034 4893 3406 4965 suscipientes
3448 4897 3515 4951 ab
3544 4912 3610 4951 eo

2028 4988 2296 5044 sumimus
2334 4987 2818 5042 immortalitatem.
2862 4986 3046 5055 Itaque
3069 4985 3273 5042 frustra
3304 5003 3365 5042 se
3419 4988 3611 5044 dicunt

2030 5083 2257 5146 oll‘endi,
2316 5095 2438 5137 cum
2465 5081 2699 5135 audiunt
2743 5081 2811 5135 de
2840 5078 3020 5136 Verbo
3044 5080 3137 5135 illa
3186 5080 3293 5135 dici
3354 5100 3367 5135 :
3417 5082 3611 5136 Anima

2032 5175 2253 5231 turbata
2308 5184 2412 5238 est,
2450 5173 2619 5228 flevit.
2675 5172 2946 5227 Videntur
2973 5174 3120 5229 enim
3168 5172 3409 5230 humano
3448 5189 3610 5229 sensu

2027 5282 2241 5331 carere,
2256 5274 2310 5321 et
2338 5275 2589 5320 naturam
2629 5265 2935 5321 hominum
2986 5274 3041 5320 et
3063 5264 3380 5320 aﬂectiones
3420 5280 3611 5320 eorum

2028 5363 2300 5432 ignorare.
2351 5358 2525 5431 Magis
2553 5374 2649 5413 eos
2703 5359 2961 5414 admirari
3012 5360 3314 5424 oportebat,
3372 5357 3609 5413 Verbum

2033 5454 2090 5507 in
2135 5468 2324 5517 carne,
2364 5468 2488 5521 qua:
2540 5451 2671 5506 talia
2739 5452 2968 5520 patitur.
3016 5464 3162 5513 esse,
3236 5463 3339 5502 nec
3386 5448 3615 5505 insidias

2034 5555 2314 5601 struentes
2361 5544 2706 5605 cohibuisse,
2771 5558 2954 5613 neque
3008 5542 3389 5596 interfectores
3440 5540 3613 5594 ultum

2037 5651 2185 5705 esse,
2216 5653 2346 5692 cum
2367 5646 2549 5693 tamen
2568 5619 2783 5708 posset,
2837 5634 3042 5705 quippe
3065 5632 3209 5703 quod
3238 5630 3376 5686 alios
3397 5646 3429 5687 a
3466 5648 3618 5687 mor-

407 5805 423 5839 '
455 5804 650 5862 Matth.
679 5814 838 5865 nn,
877 5796 966 5855 39.
1042 5798 1063 5830 ³
1098 5795 1288 5852 Matth.
1324 5810 1439 5863 xvr,
1468 5793 1562 5850 23.
1638 5795 1658 5827 ³
1684 5791 1841 5853 Joan.
1868 5810 1916 5848 ιι

2019 5794 2084 5850 l7.
2154 5794 2316 5849 ηοω.
2354 5808 2409 5860 κ,
2442 5793 2531 5849 18.
