4058 6416
486 335 591 398 45:5

1748 321 2133 388 EUTHYMII
2179 319 2550 382 ZIGABENI

3652 305 3756 369 όῖὶϐ

483 446 647 498 Sitate
698 450 754 498 et
784 441 992 498 invitus
1018 448 1100 495 est
1127 440 1329 495 bonus.
1362 436 1566 509 Ecquis
1591 445 1778 493 autem
1837 433 1920 490 illi
1973 446 2073 488 ne-

2187 430 2258 492 είς
2310 430 2552 500 ἑκάτερα
2592 428 2695 501 τὴν
2743 427 2917 499 ῥοπὴν
2976 424 3113 495 ἔχει,
3144 422 3241 478 καὶ
3271 419 3500 491 λογικῆς
3538 418 3755 489 φύσεώς

485 536 799 590 cessitatem
832 535 1058 604 injecit?
1089 534 1244 599 Quod
1272 534 1315 590 si
1340 532 1807 589 absurdissimum
1845 537 1954 592 est,
2004 526 2062 582 in

491 629 601 681 lleo
633 644 756 683 esse
810 628 1197 683 necessitatem
1242 627 1451 691 dicere,
1482 635 1538 682 et
1588 632 1879 696 propterea
1927 634 2067 676 con-

488 720 753 774 ﬁtendum
823 728 928 784 est,
958 735 1082 775 esse
1143 731 1337 775 natura
1383 719 1612 781 bonum,
1660 715 1832 772 multo
1890 711 2065 783 magis

486 820 540 862 et
569 810 750 864 verius
775 810 1071 866 dicendum
1098 821 1203 875 est,
1236 827 1364 865 eum
1414 820 1633 873 natura,
1691 824 1802 863 non
1864 806 2065 862 volun-

489 915 600 960 tate
640 922 759 961 esse
787 908 906 961 Filii
940 907 1179 961 Patrem.
1204 906 1340 960 Illud
1372 914 1634 975 praeterea
1661 903 1819 961 nobis
1835 916 2068 971 respon-

487 998 682 1065 deant;
713 1000 835 1052 volo
867 1000 1014 1053 enim
1046 1014 1274 1068 eospro
1303 998 1532 1053 audacia
1563 998 1803 1067 ipsorum
1833 997 2071 1050 interro-

488 1105 638 1157 gare,
692 1105 813 1158 qua:
856 1090 1083 1159 quidem
1120 1090 1477 1160 interrogatio
1509 1089 1641 1143 licet
1687 1087 1914 1143 liberior
1962 1085 2066 1151 sit,

484 1179 551 1231 al
593 1178 849 1248 pietatem
902 1188 1083 1233 tamen
1111 1180 1395 1249 spectabit.
1421 1178 1701 1247 Propitius
1730 1186 1872 1242 esto,
1900 1177 2067 1240 Deus,

2166 523 2287 576 ἐστι
2312 522 2373 576 τδ
2401 522 2573 586 πάθος
2601 522 2761 575 τοῦτο
2783 538 2799 551 ο
2833 522 2881 574 εί
2912 518 2969 572 δὲ
3006 518 3093 572 διὰ
3118 517 3180 570 τὸ
3210 516 3274 569 ὲκ
3311 512 3522 567 τούτων
3551 512 3755 566 ἄτοπον

2172 613 2275 666 οὐκ
2331 613 2398 666 ὲκ
2451 612 2762 684 βουλήσεως
2822 610 3124 682 οἰκτίρμων
3171 606 3268 661 καὶ
3320 603 3526 673 ἀγαθός
3580 604 3754 667 ἐστιν,

2165 704 2513 761 άκουέτωσαν
2548 705 2691 776 ᾇπερ
2722 705 3011 772 είρήκασιν
3043 698 3199 754 αὐτοί
3221 716 3234 729 ⁸
3266 696 3477 751 Οὐκοῦν
3505 693 3751 765 ἀνάγκῃ,

2168 798 2264 851 καὶ
2300 798 2373 868 μὴ
2406 798 2577 851 θέλων
2631 796 2833 866 ἀγαθός
2883 795 3019 849 εστι.
3057 793 3168 846 Καὶ
3192 790 3274 852 τίς
3304 790 3333 842 ό
3366 791 3463 859 τὴν
3496 787 3743 856 ἀνάγκην

2170 890 2442 945 ἐπιϐαλὼν
2473 889 2621 960 αὐτῷ
2648 907 2664 955 ς
2708 890 2768 942 Εί
2797 888 2856 941 δὲ
2888 887 3083 955 ἄλογόν
3118 888 3231 936 ἐστι
3261 882 3441 950 λέγειν
3492 881 3585 933 ἐπὶ
3616 876 3755 931 Θεοῦ

2170 984 2442 1053 ἀνάγκην,
2482 982 2579 1035 καὶ
2608 981 2696 1035 διὰ
2728 978 2887 1034 τοῦτο
2914 978 3074 1048 φύσει
3108 976 3314 1044 ἀγαθός
3354 976 3524 1034 ἐστιν,
3552 971 3640 1040 εἴη
3685 971 3755 1023 ἂν

2169 1074 2351 1144 πολλῷ
2378 1074 2578 1145 μᾶλλον
2632 1075 2726 1125 καὶ
2755 1070 3118 1141 ἀληθέστερον
3159 1067 3253 1121 τοῦ
3285 1065 3414 1118 Υίοῦ
3448 1067 3630 1133 φύσει,
3655 1063 3757 1117 καὶ

2169 1168 2271 1222 οὐκ
2296 1169 2361 1221 ὲκ
2390 1167 2699 1238 βουλήσεως
2757 1163 2971 1233 Πατήρ.
3014 1162 3345 1214 Εἰπάτωσαν
3394 1159 3452 1212 δὲ
3484 1160 3621 1228 ήμῑν
3657 1158 3761 1211 καὶ

486 1269 880 1339 Respondeant
912 1272 1096 1342 igitur,
1125 1281 1307 1325 utrum
1342 1271 1504 1325 Pater
1534 1272 1652 1340 ipse
1690 1270 1841 1341 prius
1869 1284 2073 1324 consu-

2187 1260 2329 1315 τοῦτο
2353 1261 2540 1316 πάλιν.
2565 1259 2705 1330 Πρὸς
2728 1258 2835 1327 γὰρ
2856 1258 2959 1325 τὴν
2982 1254 3376 1324 ἀναισχυντίαν
3405 1252 3589 1305 αὐτῶν
3618 1250 3764 1319 ἐρώ-

486 1361 678 1424 luerit,
743 1363 942 1418 deinde
1003 1363 1273 1427 voluerit,
1330 1372 1453 1432 post
1503 1372 1686 1417 autem
1748 1361 1943 1425 fuerit,
2000 1376 2070 1415 an

2187 1370 2337 1422 ιησιν
2396 1354 2583 1415 αὐτοῖς
2642 1351 2873 1417 ἐπάγειν
2913 1348 2993 1401 ἔτι
3041 1346 3307 1417 βούλομαι
3342 1344 3764 1414 τολμηροτέραν

486 1455 804 1524 priusquam
834 1456 1173 1510 consuluerit
1216 1455 1308 1510 sit.
1336 1456 1566 1525 Oportet
1596 1456 1763 1517 enim.
1792 1464 1848 1509 ut
1867 1456 2071 1510 cumde

2187 1446 2300 1516 μιν,
2331 1445 2636 1516 βλέπουσαν
2688 1444 2744 1497 δὲ
2776 1444 2927 1511 ὅμως
2979 1442 3056 1504 είς
3106 1437 3416 1492 εὐσέϐειαν.
3459 1437 3762 1504 Ὶλάσθητι,

498 1544 676 1600 Verbo
713 1546 836 1601 talia
891 1547 1129 1602 audeant
1166 1548 1340 1617 loqui,
1378 1546 1581 1602 similia
1636 1548 1768 1602 item
1803 1547 1873 1602 de
1913 1540 2074 1601 Patre

2187 1537 2445 1589 Δέσποτα.
2486 1535 2545 1588 '0
2579 1533 2771 1603 Πατὴρ
2797 1531 2955 1593 αὐτὸς
2985 1527 3424 1601 βουλευσάμενος
3465 1527 3765 1597 πρότερον,

490 1635 735 1701 audiant,
795 1644 855 1688 ut
886 1636 1082 1701 sciant,
1135 1634 1296 1689 istam
1342 1635 1587 1705 ipsorum
1616 1635 1973 1705 petulantiam
2006 1638 2073 1690 ad

2187 1623 2302 1681 εἶτα
2331 1627 2585 1695 θελήσας,
2621 1624 2792 1687 οὕτως
2841 1621 3103 1692 ὑπάρχει,
3164 1619 3197 1691 ἢ
3232 1620 3324 1673 καὶ
3358 1617 3464 1687 πρὸ
3508 1619 3603 1670 τοῦ
3630 1618 3769 1688 βου-

493 1727 708 1779 Patrem
758 1741 977 1795 quoque
1027 1726 1343 1795 pervenire.
1404 1724 1463 1780 Si
1512 1727 1778 1794 dixerint,
1804 1734 1860 1782 et
1892 1728 2072 1797 ipsum

2187 1720 2516 1783 >.εύσασθαι;
2552 1718 2658 1789 χρὴ
2695 1715 2803 1788 γὰρ
2862 1714 2992 1786 περὶ
3020 1712 3112 1767 τοῦ
3164 1713 3341 1780 Λόγου
3372 1710 3602 1765 τοιαῦτα
3636 1711 3771 1763 τολο

490 1818 706 1872 Patrem
760 1785 827 1871 ex
871 1785 1278 1874 consultatione
1327 1826 1384 1874 et
1418 1819 1698 1875 voluntate
1749 1834 1893 1882 esse,
1937 1819 2069 1890 quid

2187 1812 2397 1881 μῶντας
2461 1810 2694 1875 αὐτοὺς,
2760 1808 2988 1862 τοιαῦτα
3050 1804 3147 1858 καὶ
3202 1802 3332 1873 περὶ
3393 1800 3487 1854 τοῦ
3552 1798 3775 1869 [ἰατρὸς

490 1922 609 1966 erat
637 1922 930 1981 antequam
980 1915 1278 1981 consuluit,
1319 1925 1413 1969 aut
1453 1917 1585 1986 quid
1618 1918 1856 1988 amplius
1881 1916 2073 1973 habuit

490 2013 844 2075 posteaquam
913 2006 1234 2063 consuluit?
1288 2006 1447 2075 Quod
1516 2009 1560 2063 si
1593 2008 1864 2079 ejusmodi
1898 2009 2075 2065 inter-

493 2096 703 2165 rogatio
752 2098 991 2154 absurda
1034 2111 1141 2166 est,
1168 2110 1224 2156 et
1261 2102 1455 2172 nequit
1486 2101 1815 2168 consistere,
1867 2112 1925 2158 et
1957 2103 2074 2159 haec

493 2188 681 2244 dicere
726 2193 953 2246 omnino
992 2193 1150 2249 nefas
1177 2203 1281 2262 est,
1310 2210 1437 2250 cum
1469 2196 1606 2251 satis
1631 2195 1725 2262 sit,
1755 2195 1810 2251 id
1845 2211 1944 2251 nos
1972 2212 2073 2251 au-

494 2279 633 2346 dire,
661 2291 714 2337 et
742 2285 903 2350 scire,
939 2295 995 2341 et
1032 2286 1347 2359 intelligere
1379 2288 1447 2343 de
1479 2286 1611 2351 Deo,
1662 2303 1861 2359 nempe
1892 2289 2072 2359 ipsum

496 2388 617 2428 esse
648 2375 820 2439 illum,
860 2378 955 2448 qui
1004 2391 1114 2445 est,
1149 2395 1331 2436 nonne
1357 2380 1657 2436 absurdum
1685 2390 1771 2435 est
1801 2382 1964 2436 etiam
2008 2382 2077 2438 de

494 2463 678 2522 Verbo
717 2469 811 2523 Dei
849 2471 929 2525 sic
955 2470 1218 2542 cogitare,
1251 2478 1308 2526 et
1329 2472 1617 2527 consilium
1644 2476 1694 2527 ei
1744 2486 1809 2528 ac
1831 2472 2079 2528 volunta-

496 2567 605 2612 tem
641 2563 1026 2631 anteponere?
1058 2562 1204 2617 Satis
1224 2563 1372 2617 enim
1397 2571 1483 2621 est
1513 2565 1643 2618 item
1694 2563 1762 2620 de
1796 2563 1977 2623 Verbo
2010 2564 2078 2619 il-

496 2649 588 2705 lud
622 2653 788 2717 scire,
822 2662 879 2707 et
912 2653 1239 2723 intelligere.
1276 2669 1473 2724 nempe
1505 2656 1685 2725 ipsum
1709 2671 1821 2710 non
1855 2671 1919 2712 ex
1947 2672 2080 2713 con-

442 2786 455 2801 ,
498 2741 792 2797 sultatione
843 2754 897 2799 et
961 2745 1244 2800 voluntate
1304 2745 1475 2800 Deum
1527 2761 1672 2811 esse,
1730 2747 1826 2802 sed
1880 2757 2079 2803 natura

500 2833 782 2902 proprium
858 2848 984 2892 esse
1039 2835 1277 2892 Verbum
1347 2836 1546 2893 Patris.
1620 2838 1778 2905 Quod
1857 2838 2077 2909 quidem

501 2922 746 2981 Verbum
782 2942 907 2982 cum
942 2928 1018 2983 sit
1048 2928 1342 2985 consilium
1388 2938 1444 2986 et
1491 2930 1745 2986 voluntas
1794 2929 1972 2987 Patris
2002 2933 2083 3002 ip-

500 3020 645 3086 s'us,
705 3022 977 3089 quomodo
1027 3031 1209 3095 potest
1257 3024 1493 3079 consilio
1550 3034 1607 3079 et
1636 3024 1920 3081 voluntate
1959 3026 2081 3097 eius

501 3110 701 3182 gigni?
751 3113 899 3177 nisi,
950 3125 1011 3169 ut
1060 3124 1189 3171 ante
1255 3115 1407 3178 dixi,
1461 3115 1703 3172 Verbum
1750 3117 1898 3189 gigni
1981 3117 2150 3187 ρει-0

501 3206 741 3274 seipsum
798 3213 894 3261 aut
941 3220 1039 3277 per
1084 3208 1321 3263 alterum
1372 3207 1611 3266 Verbum
1673 3217 1927 3265 asserant
1978 3210 2082 3266 ho-

503 3299 681 3354 mines
710 3300 909 3356 insani.
949 3300 1106 3368 Quod
1130 3302 1174 3357 si
1196 3302 1578 3371 eontlnxerint,
1609 3312 1666 3358 et
1692 3303 1925 3361 alterum
1951 3303 2079 3360 illud

504 3390 648 3461 gigni
672 3407 888 3448 rursum
907 3408 1005 3465 per
1030 3394 1247 3465 aliquod
1260 3395 1407 3451 aliud
1446 3396 1684 3453 Verbum
1711 3411 1937 3455 necesse
1956 3396 2080 3454 erit.

504 3485 683 3553 Atque
702 3484 773 3539 ita
792 3486 1079 3558 multiceps
1094 3487 1386 3558 impiorum
1401 3488 1631 3544 haeresis
1646 3489 2086 3558 deprehendetur

507 3578 672 3631 stulte
703 3583 757 3631 tn
786 3578 1105 3634 immensam
1128 3582 1356 3636 deorum
1382 3581 1793 3637 multitudinem
1821 3581 2085 3646 incidere.

506 3665 636 3719 dum
667 3664 864 3720 Filium
893 3676 1135 3723 creatum
1158 3676 1213 3723 et
1237 3683 1303 3723 ex
1324 3669 1498 3723 nihilo
1518 3668 1725 3724 factum
1759 3686 1905 3741 esse,
1934 3671 2088 3729 novis

510 3769 729 3815 utentes
773 3760 1018 3826 vocibus,
1082 3763 1261 3830 eique
1291 3762 1581 3817 consilium
1630 3772 1687 3818 et
1745 3764 2087 3820 voluntatem

508 3857 891 3917 praeponentes
906 3858 1175 3904 conantur
1186 3851 1498 3908 ostendere.
1514 3849 1709 3908 Nonne
1731 3851 1960 3924 impium
1983 3860 2089 3920 est,

510 3955 574 3994 ea
601 3955 722 4010 quae
751 3955 931 3995 rerum
965 3952 1378 4012 procreatarum
1403 3954 1554 4009 sunt,
1594 3945 1649 4000 in
1677 3955 2090 4016 procuratorem

514 4030 835 4101 transferre?
853 4032 1052 4089 Nonne
1072 4033 1397 4091 detestabile
1412 4043 1471 4092 et
1494 4036 1893 4093 exsecrandum
1916 4046 2001 4094 est
2016 4037 2097 4092 di-

511 4138 660 4188 cere.
690 4124 978 4180 consilium
1026 4136 1083 4181 et
1106 4126 1442 4183 voluntatem
1477 4142 1601 4183 esse
1616 4136 1745 4183 ante
1766 4127 2004 4185 Verbum
2039 4129 2097 4185 in

512 4215 671 4271 Patre
694 4215 718 4270 τ
740 4213 798 4269 Si
820 4217 965 4271 enim
1001 4217 1251 4273 voluntas
1282 4200 1354 4273 in.
1388 4217 1551 4275 Patre
1611 4221 1891 4290 prmcedit,
1950 4220 2097 4279 haud

513 4322 641 4363 vera
659 4307 896 4378 loquitur
910 4307 1238 4380 Filius,Ego,
1250 4310 1522 4381 inquiens,
1536 4312 1590 4367 in
1604 4312 1787 4380 Patre,
1801 4322 1895 4371 aut
1912 4316 2103 4372 etiam-

514 4401 558 4454 si
584 4401 697 4472 ipse
725 4417 940 4473 quoque
982 4402 1037 4457 in
1069 4402 1224 4457 Patre
1252 4411 1358 4471 est,
1380 4405 1653 4476 posterior
1698 4415 1882 4463 tamen
1911 4409 2101 4466 existi-

514 4493 772 4557 mabitur,
814 4510 937 4550 cum
980 4495 1233 4552 voluntas
1259 4499 1315 4551 in
1346 4512 1453 4568 qua
1501 4498 1687 4555 omnia
1737 4499 1876 4556 facta
1938 4490 2092 4571 sunt,

512 4585 835 4652 antecedat,
884 4594 940 4641 et
1000 4588 1117 4657 ipse
1149 4598 1313 4658 post,
1375 4599 1435 4644 ut
1484 4605 1582 4646 vos
1641 4593 1888 4663 putatis,
1937 4597 2099 4660 exsi-

514 4682 661 4734 stat.
694 4678 844 4734 Licet
889 4679 1036 4734 enim
1090 4681 1263 4751 gloria
1298 4691 1536 4753 praestet,
1568 4694 1753 4740 tamen
1799 4702 1971 4743 unum
1991 4688 2099 4745 erit

512 4769 668 4824 exiis
696 4784 812 4838 quae
838 4769 1116 4825 voluntate
1145 4770 1286 4826 facta
1321 4781 1471 4829 sunt.
1503 4775 1573 4829 At
1608 4774 1863 4833 homines
1901 4778 2100 4835 nefarii

517 4862 734 4925 nolunt,
766 4861 1005 4916 Verbum
1044 4872 1101 4918 et
1156 4867 1449 4921 consilium
1490 4867 1682 4925 vivens
1725 4884 1848 4926 esse
1881 4869 2097 4939 Filium,

516 4952 611 5005 sed
639 4951 987 5021 prudentiam
1004 4961 1060 5007 et
1090 4954 1379 5011 consilium
1407 4964 1464 5011 et
1494 4957 1916 5027 sapientiam,ut
1942 4961 2101 5016 habi-

517 5062 606 5107 tus
630 5052 916 5119 quosdam.
936 5054 1027 5122 qui
1051 5053 1231 5111 inesse
1273 5055 1576 5126 abesseque
1601 5057 1834 5127 possint,
1860 5059 2104 5115 humano

521 5165 676 5205 more
745 5150 858 5205 Deo
911 5151 1181 5207 inhaerere
1228 5153 1747 5225 comminiscuntur,
1813 5166 1869 5214 et
1919 5161 2105 5217 omnia

520 5262 763 5319 movent,
785 5264 843 5308 et
870 5253 1146 5311 Valentini
1197 5257 1477 5313 notionem
1529 5268 1586 5313 et
1610 5259 1947 5317 voluntatem
1984 5262 2106 5320 ideo

523 5365 867 5427 praeponam,
894 5365 955 5411 ut
984 5357 1180 5413 Filium
1209 5376 1238 5414 a
1257 5362 1422 5415 Patre
1444 5360 1707 5430 dividant,
1739 5379 1975 5436 cumque
1996 5384 2105 5425 non

523 5460 801 5529 preprium
826 5460 1008 5516 Patris
1041 5458 1300 5526 Verbum,
1334 5461 1429 5517 sed
1481 5472 1726 5517 creatum
1762 5479 1882 5521 esse
1900 5466 2105 5526 dicant.

523 5561 820 5630 Apostolus
868 5571 1050 5615 autem
1078 5575 1189 5615 non
1247 5562 1566 5631 voluntatis,
1598 5562 1693 5618 sed
1725 5566 1980 5621 essentiae
2013 5584 2110 5639 pa-

525 5668 697 5714 terna:
723 5662 1004 5732 preprinm
1056 5661 1405 5732 splendorem
1464 5672 1519 5719 et
1542 5663 1772 5735 ﬁguram
1814 5665 2110 5725 Dominum

528 5769 650 5811 esse
675 5761 960 5828 praedicm,
1003 5762 1243 5831 Quicum
1259 5766 1349 5835 sit,
1370 5764 1893 5839 inquiens,splemlor
1905 5768 2112 5842 glorias,

2176 1900 2419 1967 ἀκούειν,
2450 1900 2537 1953 ἴνα
2563 1898 2791 1967 γνῶσιν,
2818 1898 2899 1950 ὅτι
2936 1899 2969 1964 ή
2988 1894 3216 1962 τοιαύτη
3249 1890 3431 1947 αὐτῶν
3460 1892 3775 1962 προπέτεια

2175 1996 2270 2051 καὶ
2308 1996 2390 2056 είς
2440 1993 2602 2046 αὑτὸν
2629 1993 2722 2046 τὸν
2771 1990 2989 2061 Πατέρα
3019 1989 3235 2059 φθάνει.
3277 1986 3407 2039 Ἐὰν
3438 1985 3537 2054 μὲν
3568 1984 3661 2037 οὖν
3687 1985 3769 2036 el-

2177 2103 2380 2147 πωσιν.
2442 2085 2525 2139 ὅτι
2552 2085 2648 2137 καὶ
2681 2082 2841 2144 αὐτὸς
2871 2083 2935 2134 ὲκ
2961 2080 3292 2151 βουλήσεως,
3325 2079 3379 2132 τί
3428 2073 3496 2149 ἦν
3523 2078 3630 2149 πρὸ
3662 2076 3765 2130 τοῦ

2178 2176 2597 2251 βουλεύσασθαι,
2654 2177 2689 2249 ἦ
2718 2175 2769 2228 τί
2801 2175 2961 2228 πλέον
3004 2174 3188 2244 ἔσχεν,
3232 2173 3306 2237 ὡς
3361 2172 3518 2241 ὑμεῖς
3550 2170 3769 2237 λέγετε,

2181 2273 2320 2346 μετά
2340 2273 2403 2325 τὸ
2438 2269 2830 2342 βουλεύσασθαι
2857 2284 2873 2334 ;
2908 2267 2974 2322 Ei
3005 2268 3061 2320 δὲ
3112 2266 3311 2327 ἄτοπος
3342 2262 3434 2315 καὶ
3461 2258 3776 2322 ἀσύστατός

2178 2366 2329 2418 ἐστιν
2354 2365 2389 2433 ή
2416 2361 2641 2429 τοιαύτη
2669 2360 2958 2431 ἐρώτησις,
2978 2358 3074 2412 καὶ
3103 2358 3163 2413 οὐ
3189 2357 3349 2426 Θέμις
3373 2355 3511 2418 ὅλως
3534 2351 3781 2407 τοιαῦτα

2178 2458 2362 2526 λέγειν
2406 2457 2589 2525 (ἀρκεῖ
2618 2453 2725 2524 γάρ
2764 2451 2865 2507 καλ⁵
2904 2449 3065 2524 μόνον
3101 2449 3402 2510 ἀκούοντας
3452 2446 3601 2517 ἡμᾶς
3634 2446 3782 2516 περὶ

2180 2549 2316 2605 Θεοῦ
2346 2550 2569 2612 ειδέναι,
2615 2547 2712 2600 καὶ
2735 2546 2903 2609 νοεῖν,
2947 2545 3031 2598 ὃτι
3063 2543 3226 2604 αὐτός
3249 2543 3395 2594 ἔστιν
3431 2540 3460 2593 ὁ
3490 2536 3611 2608 ὣν),
3647 2537 3780 2601 πῶς

2178 2642 2281 2698 οὐκ
2306 2640 2497 2709 ἄλογον
2526 2639 2593 2692 ἀν
2622 2638 2708 2709 εἴη
2736 2635 2833 2689 καὶ
2863 2634 2992 2706 περὶ
3024 2633 3119 2686 τοῦ
3146 2630 3281 2685 Θεοῦ
3316 2632 3493 2699 Λόγου
3536 2627 3780 2682 τοιαῦτα

2182 2731 2555 2803 ἐνθυμεῖσθαι,
2590 2731 2686 2785 καὶ
2725 2728 2977 2800 βούλησιν
3030 2728 3123 2781 καὶ
3169 2724 3388 2796 θέλησιν
3456 2722 3778 2794 προϐάλλε-

2185 2824 2353 2892 σθαι;
2448 2823 2637 2896 ’Δρκεῖ
2690 2822 2801 2893 γὰρ
2848 2819 2978 2891 περὶ
3033 2816 3129 2873 τοῦ
3183 2816 3358 2884 Λόγου
3409 2816 3607 2869 είέέναι
3672 2815 3779 2867 καὶ

2183 2918 2348 2984 νοεῖν,
2375 2916 2456 2971 ὅτι
2481 2915 2509 2968 ό
2541 2912 2617 2987 μὴ
2645 2913 2711 2968 hc
2746 2911 3057 2983 βουλήσεως
3076 2908 3338 2981 ὑπάρχων
3365 2907 3497 2971 Θεὸς
3551 2906 3613 2959 ού
3638 2905 3777 2977 βου-

2182 3000 2363 3080 λήσει,
2422 3006 2558 3061 ἀλλά
2617 3006 2778 3077 φύσει
2818 3003 2909 3057 τὸν
2940 3002 3071 3056 ἴδιον
3106 3001 3219 3073 ἔχει
3268 3000 3461 3068 Λόγον.
3511 2998 3637 3062 Πῶς
3676 2999 3775 3053 οὖν

2185 3099 2354 3173 βουλὴ
2400 3098 2497 3154 καὶ
2555 3096 2768 3169 θέλημα
2819 3093 2915 3147 τοῦ
2970 3094 3183 3163 Πατρδς
3224 3092 3490 3164 ὑπάρχων
3539 3092 3567 3144 ὁ
3596 3089 3774 3159 Λόγος

2182 3196 2408 3251 δύναται
2434 3191 2686 3264 γίνεσθαι
2716 3190 2815 3243 καὶ
2855 3187 3018 3251 αὐτὸς
3048 3187 3350 3258 βουλήματι
3380 3186 3476 3238 καὶ
3505 3184 3767 3255 θελήσεις

2183 3288 2340 3354 ἐκτὸς
2367 3286 2415 3340 εί
2444 3284 2541 3356 μὴ,
2567 3282 2710 3337 καθά
2739 3282 3023 3352 προεῖπον,
3056 3278 3314 3349 μανέντες
3346 3276 3508 3331 πάλιν
3532 3275 3765 3329 εἴπωσιν

2184 3380 2349 3436 αὐτὸν
2370 3378 2437 3433 δι’
2460 3374 2657 3433 ἑαυτοῦ
2683 3372 2989 3444 γεγονέναι,
3014 3370 3047 3442 ἢ
3079 3371 3147 3424 δι’
3173 3370 3360 3442 ἑτέρου
3388 3368 3551 3431 τινός.
3598 3365 3759 3419 Ἆλλά

2185 3474 2292 3529 κᾶν
2322 3471 2691 3535 πλάσσωνται,
2712 3467 2931 3528 πάντως
2977 3464 3226 3527 κάκεῖνος
3250 3462 3339 3516 διά
3368 3475 3508 3523 τινος
3528 3457 3750 3528 γίνεται.

2188 3566 2298 3621 Καὶ
2336 3565 2524 3620 λοιπον
2548 3562 2721 3624 οὕτως
2768 3555 3231 3627 ἐπιλογιζομένων
3276 3554 3456 3627 ήμῶν,
3506 3550 3599 3607 καὶ
3628 3551 3757 3605 ἀνα-

2188 3659 2486 3732 κρινόντων
2524 3656 2623 3728 τὴν
2659 3654 2955 3724 ἀλήθειαν,
3012 3650 3329 3720 εὑρίσκεται
3364 3648 3472 3701 τῶν
3524 3644 3703 3699 ἀθέων
3732 3644 3767 3712 ή

2190 3738 2561 3814 πολυκέφαλος
2590 3742 2805 3814 αἵρεσις
2843 3742 2924 3803 είς
2958 3738 3324 3810 πολυθεότητα
3374 3737 3652 3789 πίπτουσα
3681 3734 3777 3788 καὶ

2191 3838 2430 3908 ἄμετρον
2484 3835 2700 3906 μανίαν,
2731 3835 2788 3886 ἐν
2821 3828 2853 3907 ᾖ
2886 3832 3096 3902 κτίσμα
3127 3833 3221 3886 καὶ
3260 3831 3321 3896 ἐξ
3343 3830 3444 3885 οὐκ
3475 3829 3649 3883 ὄντων
3688 3827 3781 3881 θέ-

2192 3914 2375 3993 λοντες
2408 3924 2549 3983 εῖναι
2583 3927 2674 3980 τὸν
2716 3925 2862 3991 Υἰδν,
2906 3925 3111 3995 ἑτέρως
3146 3924 3213 3977 τὰ
3244 3922 3385 3977 αύτά
3420 3921 3780 3994 σημαίνουσι,

2197 4019 2456 4092 βούλησιν
2498 4017 2595 4073 καὶ
2645 4016 2864 4086 θέλησιν
2912 4015 3364 4087 προϐαλλόμενοι.
3400 4014 3526 4076 Πῶς
3556 4007 3653 4066 οὖν
3677 4012 3787 4065 οὐκ

2197 4111 2392 4175 ἀσεϐὲς
2418 4113 2487 4165 τά
2519 4110 2628 4163 τῶν
2660 4106 2904 4180 γενητῶν
2958 4108 3054 4162 επὶ
3095 4107 3188 4161 τδν
3217 4105 3571 4179 Δημιουργόν
3606 4120 3784 4176 μετα-

2200 4205 2419 4275 φέρειν;
2457 4203 2529 4256 Ἢ
2558 4200 2675 4264 πῶς
2706 4201 2768 4255 ού
2801 4200 3125 4272 βλάσφημον
3163 4198 3350 4268 λέγειν
3379 4197 3640 4270 βούλησιν
3671 4197 3792 4268 πρὸ

2199 4296 2293 4352 τοῦ
2337 4296 2509 4365 Λόγου
2552 4287 2693 4348 εἶναι
2750 4294 2807 4347 ὲν
2837 4292 2915 4364 τῷ
2944 4290 3151 4363 Πατρί;
3198 4291 3264 4347 El
3310 4290 3419 4362 γάρ
3453 4291 3796 4363 προηγεῖται

2204 4390 2461 4461 βούλησις
2494 4389 2552 4442 ὲν
2583 4387 2659 4457 τῷ
2690 4385 2888 4457 Πατρὶ,
2920 4385 3021 4439 οὐκ
3057 4384 3313 4455 ἀληθεύει
3340 4384 3518 4454 λέγων
3546 4387 3573 4438 ὁ
3602 4383 3742 4448 Υίός
3770 4394 3792 4413 ο

2128 4456 2177 4516 ο
2204 4456 2458 4555 ’Ἐγὼ-ὲν
2481 4478 2563 4546 τῷ
2603 4456 2915 4549 ΠατριξἯ
2940 4479 2989 4532 εί
3032 4479 3131 4531 καὶ
3185 4478 3348 4542 αὐτὸς
3380 4479 3439 4531 ἐν
3477 4478 3566 4559 ⁸τῷ
3603 4478 3797 4550 Πατρί

2198 4577 2367 4641 ἐστιν,
2401 4574 2535 4628 ἀλλά
2555 4573 2805 4644 δεύτερον
2834 4571 3239 4645 λογισθήσεται,
3271 4569 3442 4643 οὔσης
3467 4570 3797 4642 βουλήσεως

2198 4668 2306 4742 πρὸ
2338 4666 2527 4735 αὑτοῦ,
2560 4666 2619 4719 έν
2672 4660 2707 4740 ᾗ
2747 4663 2925 4720 πάντα
2949 4665 3161 4734 γέγονε,
3218 4666 3313 4718 καὶ
3368 4665 3531 4729 αὐτὸς
3563 4663 3799 4736 ὑπέστη

2198 4759 2323 4814 καθ’
2354 4758 2522 4829 ὑμᾶς.
2553 4755 2670 4810 Κᾶν
2691 4756 2799 4825 γάρ
2826 4758 2893 4827 τῇ
2918 4756 3047 4828 δόξῃ
3076 4755 3330 4828 διαφέρῃ,
3364 4754 3482 4810 ἀλλ’
3504 4756 3660 4811 οὐδὲν
3678 4752 3803 4830 ἦτα

2198 4854 2289 4908 τόν
2315 4834 2462 4907 ἐστιν
2492 4844 2571 4915 εἷς
2596 4849 2705 4905 τῶν
2730 4851 2794 4904 ἐκ
2838 4850 3147 4923 βουλήσεως
3180 4851 3506 4921 γινομένων.
3558 4852 3703 4906 Ἀλλ’
3746 4856 3805 4910 οἱ

2199 4942 2415 5007 ἀσεϐεῖς
2442 4942 2503 4997 ού
2534 4943 2755 4996 θέλουσι
2779 4941 2876 5013 μὲν
2909 4942 3084 5011 Λόγον
3131 4944 3227 4997 καὶ
3259 4941 3460 5015 βουλὴν
3488 4942 3675 5007 ζῶσαν
3711 4942 3807 5001 εῖ-

2202 5053 2290 5091 ναι
2317 5034 2409 5090 τὸν
2431 5034 2581 5101 Υιὸν,
2608 5034 2736 5107 περὶ
2759 5034 2817 5088 δὲ
2842 5034 2933 5088 τὸν
2953 5033 3090 5089 Θεὸν
3110 5035 3418 5107 φρόνησινρ
3453 5035 3548 5088 καὶ
3585 5034 3808 5110 βούλη-

2206 5143 2312 5194 σιν,
2376 5124 2473 5180 καὶ
2503 5125 2715 5197 σοφίαν,
2771 5125 2846 5189 ὡς
2894 5125 3007 5193 ἕξιν
3043 5124 3466 5194 συμϐαίνουσαν,
3502 5126 3595 5178 καὶ
3646 5124 3805 5179 ἀπο-

2207 5215 2611 5287 συμϐαίνουσαν
2650 5214 3010 5285 ἀνθρωπίνως
3067 5214 3317 5286 γίνεσθαι
3378 5213 3804 5286 μυθολογοῦσι,

2208 5310 2303 5364 καὶ
2335 5309 2513 5363 πάντα
2545 5306 2780 5374 κινοῦσι,
2813 5307 2907 5360 καὶ
2927 5306 3025 5379 τήν
3055 5306 3414 5360 Οὐαλεντίνου
3448 5305 3663 5361 ἔννοιαν
3695 5311 3808 5363 καὶ

2209 5399 2427 5472 θέλησιν
2474 5397 2897 5469 προϐάλλονται,
2956 5398 3044 5453 ἴνα
3112 5397 3276 5467 μόνον
3323 5397 3657 5467 διαστήσωσι
3697 5399 3805 5453 τὸν

2211 5490 2339 5544 Υίὸν
2362 5489 2470 5545 ἀπὸ
2497 5487 2593 5544 τοῦ
2634 5488 2869 5560 Πατρὺς,
2924 5488 3021 5548 καὶ
3051 5486 3128 5559 μὴ
3177 5488 3410 5544 εἴπωσιν
3460 5488 3593 5544 ἴδιον
3623 5489 3805 5545 αὐτὸν

2208 5581 2305 5637 τοῦ
2342 5581 2554 5653 [ἰατρὸς
2598 5575 2739 5635 εἶναι
2772 5581 2981 5650 Λόγον,
3012 5581 3149 5636 ἀλλὰ
3200 5582 3405 5652 κτίσμα
3437 5597 3455 5613 ·
3490 5583 3585 5635 καὶ
3623 5583 3737 5654 γὰρ
3772 5586 3806 5638 ὁ

2225 5672 2552 5737 ’Λπόστολος
2603 5674 2665 5727 ού
2700 5674 3030 5746 βουλήσεως,
3085 5672 3202 5727 ἀλλ’
3240 5674 3415 5744 αὐτῆς
3446 5674 3546 5745 τῆς
3600 5674 3803 5741 οὐσίας

2214 5769 2315 5839 τῆς
2349 5766 2626 5839 πατρικῆς
2663 5768 2793 5825 ἴδιον
2826 5768 3169 5840 ἀπαύγασμα
3221 5769 3314 5823 καὶ
3346 5767 3673 5840 χαρακτῆρα
3703 5769 3806 5825 τὸν
