4058 6398
396 437 488 500 ibi

1384 448 1761 507 PANOPLIA
1808 446 2263 509 DUGMATICA.
2311 472 2374 480 ·-
2410 447 2558 507 Τιτ.
2592 448 2691 506 XI.

3557 444 3657 511 462

645 577 839 632 εἴπατε
866 578 1050 633 λοιπὸν
1079 580 1255 652 ὑμεῖς,
1289 583 1406 647 πῶς
1430 586 1530 639 οὐκ
1560 586 1861 658 ἀρέσκεσθε
1884 588 1975 659 τῷ,

2088 584 2269 640 ierunt
2309 586 2578 641 rationem
2631 586 2835 640 nullius
2870 600 2990 640 esse
3032 580 3455 655 probabilitatis.
3492 586 3663 641 (lacteo

401 684 418 713 ι
448 666 509 717 ἐκ
539 664 639 733 τῆς
671 665 886 731 ούσίας,
919 687 939 719 ι
964 669 1188 741 ὀνόματι
1209 687 1224 736 ;
1249 670 1420 725 Τοῦτο
1450 673 1559 746 γὰρ
1589 675 1804 747 πρῶτον
1828 678 1987 745 ςὶιναγ⁴

395 758 546 807 καῖον
576 757 866 829 ἀνακρῖναι
886 775 900 788 ·
937 760 1113 814 καίτοι
1145 761 1240 814 καὶ
1284 763 1443 834 ὑμεῖς
1482 766 1759 838 ἐγράψατε
1794 768 1858 821 ὲκ
1890 768 1984 823 τοῦ

396 845 609 917 iiut-pb;
645 848 1008 921 γεγεννῆσθαι
1173 851 1264 906 τὸν
1285 853 1453 922 Υίόν;
1482 855 1546 908 Εἰ
1595 857 1694 927 μὲν
1745 852 1837 910 οῦν
1895 858 1985 911 τὸν

396 938 1017 1011 Πατέραόνομάζοντες,
1043 942 1077 1014 ἢ
1112 943 1193 1010 τὸ,
1226 964 1245 996 ι
1276 945 1429 1011 Θεὸς,
1464 967 1493 999 »ι
1518 946 1692 1019 ὄνομα
1714 947 1984 1017 λέγοντες,

408 1031 509 1082 οὐκ
539 1030 729 1084 οὐσίαν
757 1032 1072 1103 σημαίνετε,
1102 1036 1221 1090 οὐδὲ
1247 1038 1407 1093 αὑτὸν
1436 1039 1526 1094 τὸν
1554 1029 1684 1094 ὄντα
1702 1040 1836 1115 ὅπερ
1869 1043 1987 1095 ἐστὶ

412 1124 535 1176 κατ’
562 1122 750 1178 οὐσίαν
771 1128 963 1193 νοεῖτε,
997 1127 1114 1183 ἀλλ’
1151 1130 1337 1202 ἕτερόν
1383 1148 1433 1184 τι
1467 1131 1595 1202 περὶ
1629 1132 1823 1198 αὑτὸν,
1862 1132 1896 1205 ἢ
1927 1132 1989 1187 τὸ

410 1213 541 1282 γοῦν
576 1217 780 1288 χεῖρον,
811 1218 899 1273 ῐνα
927 1220 1003 1291 μὴ
1032 1222 1163 1293 παρ’
1207 1215 1343 1293 ἒμοῦ
1367 1220 1626 1294 λέγηται,
1661 1222 1752 1278 διὰ
1783 1224 1987 1280 τούτων

362 1317 370 1349 ε
403 1307 700 1378 σημαίνετε
726 1345 742 1370 .
868 1302 974 1364 ἔδει
994 1309 1067 1383 μὴ
1083 1310 1312 1384 γράφειν
1329 1313 1470 1383 ὑμᾶς
1487 1314 1550 1368 ὲκ
1568 1312 1660 1368 τοῦ
1677 1314 1889 1389 Πατρὸς
1898 1316 1988 1370 τὸν

361 1398 548 1463 .Υίὺν,
589 1398 707 1453 ἀλλ’
753 1396 821 1454 ὲκ
868 1400 975 1456 τῶν
1017 1406 1144 1485 περὶ
1172 1405 1333 1458 αὑτὸν
1362 1404 1395 1476 ἢ
1427 1405 1535 1459 τῶν
1582 1404 1640 1461 ὲν
1686 1407 1836 1479 αὐτῷ
1858 1426 1869 1438 ·
1900 1392 1987 1463 ἵνα

393 1489 692 1558 φεύγοντες
713 1490 895 1562 λέγειν
917 1492 1135 1567 ἀληθῶς
1164 1490 1385 1570 Πατέρα
1419 1498 1511 1552 τὸν
1533 1499 1666 1553 Θεὸν
1689 1540 1703 1563 ,
1734 1499 1986 1555 σύνθετον

389 1581 449 1633 δὲ
483 1582 577 1635 τὸν
609 1580 835 1647 ἁπλοῦν,
888 1586 982 1639 καὶ
1039 1588 1366 1660 σωματικῶς
1411 1591 1573 1644 αὑτὸν
1618 1591 1980 1659 ἐπινοοῦντες,

390 1675 715 1746 καινοτέρας
739 1674 1087 1749 βλασφημίας
1111 1675 1404 1753 ἐφευρεταὶ⁷
1438 1683 1691 1755 γένησθε.
1737 1680 1893 1737 Οὕτω
1924 1684 1982 1737 δὲ

388 1766 660 1833 νοοῦντες,
694 1770 755 1834 ἐξ
773 1770 1021 1843 ἀνάγκης
1050 1774 1143 1828 καὶ
1166 1772 1259 1829 τὸν
1284 1776 1474 1845 Λόγον,
1509 1774 1603 1829 καὶ
1633 1776 1695 1830 τὸ
1719 1776 1865 1842 Υἱὸς,
1882 1777 1983 1830 ούκ

388 1876 452 1911 ου
461 1876 585 1914 σιαν
628 1898 646 1926 ,

2087 692 2207 730 rum
2254 677 2576 745 respondete
2606 676 2782 739 nobis,
2811 692 2910 731 cur
2943 676 3100 732 vobis
3128 678 3236 731 hoc
3262 674 3469 731 dictum
3489 717 3503 741 ,
3540 695 3559 729 ι
3598 693 3661 731 ex

2088 767 2417 829 substantia,
2460 786 2478 818 ι
2516 767 2739 823 minime
2762 767 2985 832 placet?
3013 766 3072 821 id
3103 766 3247 821 enim
3275 767 3456 838 primo
3488 768 3663 837 inqui-

2087 858 2316 913 rendum
2348 868 2431 914 est
2462 878 2476 914 :
2520 859 2670 929 atqui
2708 875 2804 914 vos
2836 859 2937 929 ipsi
2967 858 3264 928 scripsisns
3288 875 3353 914 ex
3394 856 3557 914 Patre
3582 875 3667 930 ge-

2088 950 2263 1005 nitum
2302 948 2501 1005 Filium
2534 950 2707 1007 esse?
2756 950 2811 1005 Si
2842 950 3008 1020 igitur
3055 966 3177 1005 cum
3219 948 3436 1006 Patrem
3486 952 3665 1006 nomi-

2090 1041 2255 1108 natis,
2300 1053 2394 1097 aut
2427 1044 2569 1097 hanc
2597 1056 2807 1107 vocem,
2844 1060 2864 1093 ι
2891 1042 3034 1098 Deus
3056 1061 3101 1107 ι,
3129 1038 3523 1112 pronuntiatis,
3551 1046 3665 1097 non

2090 1134 2451 1189 'substantiam
2483 1133 2829 1205 significatis,
2874 1126 3055 1205 neque
3086 1133 3265 1205 ipsum
3301 1135 3395 1205 qut
3428 1132 3664 1199 ex'si‘Stit,

2090 1235 2149 1279 ut
2175 1236 2255 1281 est
2288 1227 2589 1281 secundum
2625 1226 2991 1281 substantiam
3021 1222 3356 1296 intelligitis;
3388 1225 3482 1280 sed
3515 1225 3664 1278 aliud

2084 1320 2235 1375 circa
2268 1318 2470 1389 ipsum,
2503 1327 2597 1373 aut
2622 1316 2827 1387 aliquid
2858 1316 3033 1387 pejus,
3062 1315 3209 1386 quod
3243 1324 3275 1370 a
3313 1321 3401 1370 me
3446 1315 3660 1369 dictum

2091 1411 2279 1476 nolim,
2306 1425 2404 1481 per
2441 1408 2557 1465 haec
2592 1406 2848 1464 indicatis
2882 1426 2895 1461 :
2939 1407 3095 1462 ‘vobis
3139 1410 3270 1477 ergo
3305 1407 3661 1461 scribendum

2089 1518 2197 1558 non
2232 1501 2353 1568 fuit,
2379 1516 2443 1556 ex
2469 1499 2629 1555 Patre
2652 1495 2851 1553 Filium
2882 1513 3043 1563 esse;
3072 1498 3245 1552 sed‘ex
3274 1497 3341 1551 iis
3370 1512 3491 1566 qua:
3518 1497 3664 1552 circa

2087 1596 2267 1666 ipsum
2310 1594 2391 1649 vel
2445 1594 2500 1648 in
2537 1593 2656 1662 ipso
2713 1592 2878 1645 sunt:
2934 1599 2992 1644 nt
3050 1590 3177 1644 hinc
3228 1590 3460 1643 vitantes
3495 1589 3663 1642 Deum

2088 1696 2214 1745 Vere
2250 1687 2466 1765 Patrem
2508 1684 2711 1751 dicere,
2735 1692 2973 1755 eumque
3012 1685 3103 1754 qui
3142 1699 3269 1739 vere
3299 1682 3529 1752 simplex
3557 1692 3663 1747 est,

2080 1774 2445 1851 compesitum
2500 1774 2939 1850 corporcurntIue
2998 1774 3408 1845 intelligentes,
3472 1787 3661 1827 recen-

800 1852 915 1916 ἀλλ’
960 1862 1133 1937 ὄνομα
1166 1864 1324 1936 μόνον
1355 1869 1625 1937 νομίζετε,
1667 1868 1759 1921 καὶ
1796 1868 1975 1947 λοιπὸν

2082 1860 2240 1928 tioris
2281 1862 2633 1941 blasphemiae
2688 1870 3003 1924 inventores
3042 1867 3259 1921 essetis.
3312 1864 3660 1943 Cumporro

388 1950 553 2022 ἄχρις
584 1949 864 2035 ὀνομάτων
891 1950 1043 2027 ἔχετε
1072 1957 1170 2030 τὴν
1194 1959 1403 2013 ἑαυτῶν
1436 1961 1735 2030 φαντασίαν
1753 1978 1767 1991 ·
1824 1963 1916 2015 καὶ
1945 1961 1975 2015 ἃ

2082 1966 2162 2021 sic
2199 1953 2534 2035 intelligetis,
2574 1968 2797 2017 necesse
2837 1960 2920 2017 est
2964 1966 3024 2015 dt
3064 1958 3305 2013 Verbum
3345 1969 3397 2011 et
3437 1955 3659 2019 Filium,

385 2041 602 2110 λέγετε,
656 2044 758 2099 οὐκ
811 2026 951 2100 εἶναι
990 2026 1295 2115 πιστεύετε,
1333 2026 1468 2105 ἄλλα
1529 2052 1604 2122 μὴ
1648 2048 1785 2106 εἶναι
1834 2071 1970 2124 φρο-

389 2151 559 2188 νειτε.

581 2405 755 2462 τοῦτο
790 2406 850 2464 δὲ
897 2406 1270 2464 Σαδδουκαίων
1312 2410 1512 2481 μᾶλλον
1554 2411 1651 2464 καὶ
1693 2410 1802 2465 τῶν
1848 2412 1973 2483 παρ’

388 2498 620 2572 Ἕλλησι
654 2498 953 2570 λεχθέντων
986 2484 1158 2555 ἀθέων
1326 2504 1444 2556 ἐστὶ
1478 2504 1539 2556 τὸ
1565 2504 1842 2576 τόλμημα.
1883 2505 1975 2559 Διὸ

383 2594 507 2648 οὐδὲ
532 2595 635 2666 τὴν
666 2593 845 2649 κτίσιν
875 2593 1037 2648 αὑτοῦ
1087 2594 1180 2649 τοῦ
1224 2594 1375 2661 ὄντος
1414 2595 1551 2650 Θεοῦ
1588 2597 1976 2671 δημιούργημα

385 2681 528 2738 εἶναι
565 2686 769 2754 φήσετε
791 2702 804 2714 ο
838 2682 894 2738 εἴ
909 2701 977 2752 γε
1003 2685 1064 2738 τὸ
1092 2686 1283 2757 Πατὴρ
1307 2687 1402 2740 καὶ
1426 2678 1646 2750 τόΘεδς
1676 2689 1775 2742 οὐκ
1807 2688 1973 2760 αὐτὴν

381 2776 486 2847 τὴν
511 2775 609 2829 τοῦ
652 2775 808 2839 ὄντος
846 2776 1033 2829 οὐσίαν
1083 2777 1440 2847 σημαίνουσιν
1463 2820 1477 2844 ,
1515 2778 1633 2833 ἀλλ’
1668 2779 1857 2850 ἔτερόν
1897 2798 1972 2845 τι,

382 2869 524 2939 ὅπερ
552 2869 716 2938 ὑμεῖς
744 2865 1137 2922 ἀναπλάττετε.
1186 2868 1345 2922 Ἀλλὰ
1374 2868 1531 2924 τοῦτο
1568 2870 1829 2935 δυσσεϐὲς
1880 2873 1976 2926 καὶ

381 2957 508 3013 λίαν
540 2958 795 3030 ἀπρεπές
819 2957 935 3013 ἐστι
959 2959 1054 3013 καὶ
1088 2956 1246 3030 μόνον
1274 2957 1648 3031 ἐνθυμεῖσθαι.
1674 2964 1738 3015 Et
1768 2963 1827 3017 δὲ
1847 2964 1974 3017 ὅταν

379 3042 663 3120 ἀκούομεν
713 3066 728 3082 ·
880 3062 900 3103 ‘t
954 3046 1094 3119 Ἐγώ
1123 3053 1237 3122 εἰμι
1264 3042 1294 3105 ό
1317 3051 1422 3106 ὥν·
1463 3071 1481 3103 ι
1521 3053 1636 3117 καὶ,
1667 3072 1685 3104 ι
1708 3040 1795 3108 Ἕν
1831 3056 1973 3127 ἀρχῇ

378 3141 649 3211 ἐποίησεν
700 3132 731 3192 ὗ
778 3134 910 3204 Θεδς
939 3140 1031 3195 τὸν
1077 3142 1305 3213 οὐρανὸν
1359 3142 1455 3197 καὶ
1482 3142 1580 3215 τὴν
1632 3143 1769 3214 γῆν·
1798 3164 1815 3196 ι
1858 3146 1973 3210 καὶ,

384 3228 652 3299 σ’Δκοοε,
703 3231 917 3303 Ἰσραὴλ
949 3268 966 3295 ,

379 3319 462 3388 εἷς
487 3326 645 3378 ἐστι·
690 3341 708 3375 ι
739 3324 853 3389 καὶ,
887 3340 905 3375 ι
941 3322 1079 3378 Τάδε
1111 3324 1259 3393 λέγει
1290 3327 1493 3399 Κύριος
1518 3330 1967 3400 παντοκράτωρ»

379 3416 481 3487 οὐχ
503 3416 699 3487 ἔτερόν
720 3432 771 3467 τι
795 3413 909 3468 ἀλλ’
934 3416 1104 3488 αὐτὴν
1127 3416 1225 3487 τὴν
1250 3417 1426 3489 ἁπλῆν
1453 3419 1548 3473 καὶ
1576 3420 1853 3492 μακαρίαν
1878 3422 1972 3473 καὶ

384 3506 773 3578 ικατάληπτον
794 3506 886 3561 τοῦ
910 3506 1060 3571 ὄντος
1080 3509 1268 3562 οὐσίαν
1297 3509 1524 3580 νοοῦμεν
1543 3526 1557 3541 ·
1586 3509 1688 3564 κᾶν
1714 3510 1822 3581 γὰρ
1851 3511 1975 3565 ἀδυ-

395 3598 564 3661 νάτως
613 3597 829 3667 ἔχωμεν
875 3596 1220 3661 καταλαϐεῖν,
1268 3598 1297 3650 ὅ
1347 3614 1399 3649 τι
1455 3597 1585 3651 ποτε
1640 3599 1822 3664 ἐστιν,
1857 3600 1973 3654 ἀλλ’

407 3686 672 3753 ἀκούοντες
700 3690 781 3752 τὸ,
817 3688 1027 3759 Πατὴρ,
1058 3684 1150 3741 καὶ
1182 3688 1242 3741 τὸ
1266 3731 1279 3755 ,
1314 3683 1466 3755 Θεὸς,
1495 3688 1588 3742 καὶ
1621 3690 1681 3742 τὸ
1700 3728 1715 3753 ,
1770 3692 1973 3745 Παντο-

404 3778 631 3851 κράτωρ,
656 3776 758 3849 ούχ
789 3777 975 3849 ἔτερόν
1005 3795 1081 3845 τι,
1116 3777 1229 3831 ἀλλ’
1253 3777 1421 3849 αὐτὴν
1450 3778 1546 3850 τὴν
1575 3779 1668 3832 τοῦ
1709 3781 1861 3845 ὄντος
1884 3784 1975 3835 ού-

393 3870 510 3923 σίαν
536 3866 945 3943 σημαινομένην
975 3869 1225 3941 νοοῦμεν.
1258 3872 1531 3942 Είρήκατε
1564 3872 1620 3925 δὲ
1662 3873 1757 3927 καὶ
1815 3874 1974 3944 ὑμεῖς

382 3961 449 4012 ἐκ
487 3958 584 4013 τοῦ
615 3958 755 4013 Θεοῦ
780 3957 874 4013 τὸν
922 3958 1049 4013 Υἱὸν
1075 3999 1091 4024 ,
1126 3958 1367 4031 δηλονότι
1398 3961 1462 4014 ὲκ
1648 3962 1752 4032 τῆς
1782 3963 1971 4027 οὐσίας

377 4051 475 4105 τοῦ
501 4048 721 4122 Πατρδς
746 4050 909 4107 αὐτὸν
936 4053 1214 4123 εἰρήκατε.
1248 4053 1467 4125 Ἐπειδὴ
1487 4052 1543 4107 δὲ
1570 4055 1663 4108 καὶ
1684 4053 1791 4125 πρὸ
1814 4054 1969 4125 ὑμῶν

377 4143 638 4213 λέγουσιν
661 4142 718 4198 αἱ
738 4144 956 4216 Γραφαὶ
983 4142 1075 4219 τόν
1101 4145 1307 4217 Κύριον
1335 4146 1464 4199 Υίδν
1494 4145 1589 4199 τοῦ
1623 4146 1856 4219 Πατρὸς,
1877 4147 1973 4200 καὶ

374 4234 489 4307 πρὸ
510 4233 719 4299 αὐτῶν,
754 4234 914 4298 αὐτὸς
953 4230 981 4288 ὁ
1024 4216 1214 4306 ΪῘατὴρ
1240 4232 1494 4305 εἴρηκεν·
1534 4254 1553 4286 ι
1606 4216 1776 4299 Οὗτός
1824 4237 1972 4289 ἐστιν

374 4328 406 4380 ὁ
438 4327 576 4389 Υίός
605 4342 708 4396 μου
740 4327 769 4379 ὁ
797 4326 1081 4396 ἀγαπητός
1105 4345 1117 4355 ·
1146 4346 1166 4379 ι
1203 4328 1329 4391 lib;
1353 4327 1410 4381 δὲ
1438 4326 1589 4381 οὐδὲν
1615 4327 1801 4400 ἕτερόν
1823 4330 1971 4382 ἐστιν

2082 2074 2191 2114 ηοη
2230 2055 2591 2112 subStantiam
2625 2052 2719 2109 sed
2747 2066 2958 2106 merum
2992 2060 3188 2105 nomen
3218 2046 3568 2108 esistimetis,
3594 2060 3659 2099 ac

2079 2150 2298 2205 demum
2334 2146 2556 2201 nomine
2607 2153 2788 2206 tenus,
2834 2154 3069 2197 vestram
3115 2138 3398 2195 retineatis
3446 2135 3659 2207 Opinio-

2080 2256 2239 2295 nem:
2280 2253 2344 2294 ac
2380 2251 2501 2308 qum
2547 2234 2730 2290 dicitis
2768 2233 2918 2288 nullo
2964 2234 3128 2288 modo
3152 2244 3272 2286 esse
3302 2236 3357 2284 et
3384 2237 3658 2296 nusquam

2077 2342 2293 2387 exstare
2335 2328 2603 2384 sentiatis.

2275 2421 2400 2477 Haec
2428 2419 2877 2482 Sadducteorum,
2912 2418 3023 2470 imo
3052 2416 3236 2486 potius
3275 2420 3467 2468 eurum
3508 2410 3657 2479 quia

2077 2512 2279 2568 Graacis
2303 2511 2451 2565 athei
2477 2516 2764 2569 vocantur,
2806 2504 3036 2561 scelesta
3089 2510 3172 2557 est
3225 2500 3433 2570 opinio.
3479 2498 3657 2564 Atque

2079 2603 2206 2657 hinc
2259 2602 2527 2671 reliquum
2561 2607 2647 2653 est
2678 2607 2738 2652 ut
2771 2604 3055 2652 creaturas
3089 2594 3183 2649 Dei
3230 2593 3345 2646 veri
3375 2589 3651 2660 opiﬁcium

2076 2711 2196 2752 esse
2248 2694 2459 2748 inﬁcias
2493 2693 2653 2757 eatis,
2686 2689 2955 2760 siquidem
3008 2688 3123 2741 haec
3150 2682 3437 2746 vocabula,
3474 2680 3657 2741 Pater,

2075 2798 2150 2854 et,
2185 2786 2350 2851 Deus,
2372 2800 2478 2840 non
2515 2786 2687 2854 ipsam
2713 2780 3030 2836 exslstentis
3055 2776 3418 2834 substantiam
3443 2771 3621 2839 signiti
3639 2803 3655 2812 -

2075 2887 2238 2943 cant,
2282 2877 2377 2932 sed
2437 2858 2585 2930 aliud
2643 2873 2924 2944 quidpiam
2992 2870 3138 2940 quod
3197 2867 3496 2922 commenti
3560 2878 3657 2917 vos

2075 2968 2228 3026 estis.
2266 2962 2371 3024 Sed
2401 2968 2505 3023 hoc
2534 2967 2618 3022 vel
2653 2966 2830 3021 solum
2864 2964 3127 3035 cogitate,
3156 2960 3385 3029 impium
3426 2972 3656 3027 prorsus

2076 3070 2239 3133 atque
2262 3061 2640 3132 turpissimum
2674 3068 2780 3114 est.
2824 3053 2922 3112 Sin
2975 3058 3156 3111 autein
3190 3062 3314 3109 cum
3351 3050 3605 3105 audimus
3640 3066 3653 3101 :

2081 3175 2100 3207 ε
2139 3154 2251 3225 Ego
2295 3169 2416 3209 sum
2457 3153 2548 3223 qui
2602 3162 2722 3207 sum
2782 3152 2833 3215 ¹;
2876 3171 2892 3201 ι
2934 3157 3017 3212 ct,
3060 3166 3078 3198 ι
3119 3146 3173 3201 ln
3220 3143 3488 3216 principio
3529 3142 3659 3196 fecit

1156 3232 1361 3306 Κύριος
1390 3236 1418 3289 ό
1445 3228 1579 3299 Θεός
1630 3252 1725 3289 σου
1769 3236 1974 3309 Κύριος

2079 3246 2215 3301 Deus
2240 3246 2437 3301 coelum
2465 3253 2516 3298 et
2551 3246 2751 3297 terram
2796 3244 2817 3274 '
2853 3257 2866 3306 ;
2910 3252 2929 3292 θ
2958 3250 3030 3305 et,
3072 3252 3091 3291 ι
3126 3237 3287 3301 Audi,
3330 3234 3519 3295 Israel,
3550 3231 3656 3287 Do-

2075 3335 2258 3389 minus
2287 3334 2429 3387 Dcus
2454 3342 2580 3387 tuus
2608 3330 2872 3385 Dominus
2899 3342 3041 3383 unus
3074 3337 3160 3382 est
3192 3327 3212 3358 ³
3263 3342 3277 3391 ;
3316 3342 3334 3377 ›
3381 3333 3455 3388 ct,
3483 3341 3500 3373 ι
3529 3320 3655 3376 Ηωε

2074 3421 2485 3479 dicitDomluus
2516 3422 2864 3490 multipotens
2904 3417 2925 3449 ⁸
2948 3435 2999 3483 ;»
3030 3431 3137 3470 non
3173 3414 3322 3470 aliud
3346 3415 3449 3469 nisi
3476 3413 3653 3481 ipsam

2076 3512 2400 3583 simplicem,
2435 3511 2681 3571 beatam,
2716 3507 3329 3577 incomprehensibilem
3369 3504 3487 3573 ejus
3510 3543 3524 3566 ,
3558 3503 3652 3572 qui

2074 3610 2176 3663 est,
2210 3597 2571 3655 substantiam
2604 3596 3002 3666 intelligimus;
3037 3594 3291 3663 quamvis
3325 3594 3472 3646 enim
3493 3591 3654 3659 quid-

2076 3706 2201 3745 nam
2237 3690 2330 3744 ille
2360 3688 2428 3743 sit
2457 3687 2917 3757 comprehendere
2978 3696 3315 3753 uequeaums
3340 3721 3356 3745 ,
3409 3688 3648 3734 attamen

2074 3796 2198 3837 cum
2234 3780 2334 3834 has
2360 3793 2521 3833 voces
2552 3776 2828 3840 audimus,
2860 3774 3041 3840 Pater,
3066 3773 3233 3839 Deus,
3268 3771 3649 3842 Omnipotens,

2076 3871 2212 3925 nihil
2242 3869 2387 3924 aliud
2410 3882 2573 3939 quam
2602 3866 2741 3937 ejus,
2767 3866 2861 3936 qui
2890 3875 2993 3928 est,
3020 3866 3384 3919 substantiam
3418 3862 3649 3917 indicari

2073 3961 2434 4031 concipimus.
2462 3957 2688 4014 Dixistis
2726 3971 2823 4012 vos
2861 3958 3026 4011 etiam
3053 3970 3121 4011 ex
3149 3954 3260 4011 Deo
3281 3954 3478 4009 Filium
3505 3970 3648 4019 esse,

2076 4065 2139 4105 ac
2160 4056 2557 4120 consequenter
2604 4063 2672 4102 ex
2704 4047 2879 4102 Patris
2906 4046 3212 4103 substantia
3268 4047 3451 4115 ipsum
3483 4059 3604 4100 esse
3632 4061 3649 4104 :
3718 4062 3719 4065 ‘

2074 4156 2199 4197 cum
2243 4154 2376 4209 ergo
2406 4148 2461 4195 et
2508 4148 2635 4194 ante
2665 4154 2765 4194 vos
2793 4138 3095 4208 Scriptura:
3120 4136 3309 4191 dicant
3357 4135 3650 4189 Dominum

2072 4246 2196 4287 esse
2220 4230 2401 4286 Patris
2426 4228 2649 4294 Filium,
2672 4238 2726 4285 et
2754 4239 2879 4284 ante
2906 4228 3216 4299 Scripturas
3237 4226 3403 4281 Pater
3431 4226 3648 4289 dixerit,

2079 4344 2099 4376 ι
2139 4324 2237 4381 Hic
2264 4328 2349 4381 est
2397 4322 2569 4381 Filius
2606 4338 2763 4380 meus
2786 4324 3022 4379 dilectus
3057 4324 3080 4358 ⁸
3124 4341 3139 4389 ;
3183 4343 3202 4375 ι
3244 4321 3418 4378 Filius
3467 4329 3651 4377 autem

372 4419 410 4487 ἢ
436 4415 504 4469 τὺ
536 4415 606 4467 ὲκ
625 4412 719 4468 τοῦ
742 4414 953 4487 Πατρὺς
978 4417 1226 4489 γέννημα
1244 4430 1260 4447 ⁸
1292 4417 1409 4482 πῶς
1458 4420 1520 4471 οὐ
1558 4417 1839 4486 φαίνονται
1868 4437 1971 4475 κα-

2079 4414 2205 4472 nihil
2231 4414 2377 4471 aiiud
2421 4418 2493 4472 sit
2524 4432 2688 4487 quam
2719 4412 2900 4474 Patris
2930 4414 3107 4483 fetus;
3143 4430 3275 4487 qua,
3312 4430 3522 4488 quasso,
3559 4428 3651 4467 ra-

373 4511 491 4577 λῶς
524 4511 812 4585 εἰρηκότες
836 4510 887 4564 οἱ
919 4511 1166 4581 Πατέρες
1195 4513 1259 4565 ὲκ
1282 4509 1382 4581 τῆς
1414 4506 1599 4574 οὐσίας
1628 4510 1722 4565 τοῦ
1764 4510 1977 4582 Πατρὸς

376 4603 477 4657 τὸν
526 4602 681 4668 Υῐὺν,
739 4603 1087 4672 λογισάμενοι
1141 4601 1339 4656 ταυτὸν
1391 4596 1529 4656 εἶναι
1574 4601 1634 4655 τὸ

376 4694 587 4766 ὀρθῶς,
605 4695 670 4748 ὲκ
695 4692 791 4747 τοῦ
824 4690 981 4759 Θεοῦ,
1000 4694 1093 4746 καὶ
1119 4688 1179 4747 τὺ
1202 4690 1394 4757 εἰπεῖν,
1426 4695 1491 4747 ὲκ
1518 4695 1618 4764 τῆς
1647 4694 1861 4757 οὐσίας;
1894 4692 1975 4747 Τὰ

382 4785 489 4857 μὲν
519 4785 631 4856 γὰρ
656 4786 932 4856 κτίσματα
962 4785 1167 4850 πάντα,
1212 4784 1315 4839 κᾶν
1356 4786 1420 4839 ἐκ
1450 4785 1543 4838 τοῦ
1579 4784 1712 4839 Θεοῦ
1750 4785 1974 4856 λέγηται

379 4876 759 4946 γεγενῆσθαι,
800 4876 915 4931 ἀλλ’
949 4878 1046 4948 οὐχ
1073 4877 1149 4941 ὡς
1186 4878 1215 4930 ὀ
1252 4876 1382 4940 Υἱός
1406 4878 1543 4930 εἰσιν
1576 4879 1641 4929 ἐκ
1676 4876 1769 4930 τοῦ
1798 4876 1933 4931 Θεοῦ
1954 4894 1968 4908 ·

376 4970 447 5022 οὐ
479 4968 592 5037 γὰρ
623 4969 961 5039 γεννήματα,
1017 4968 1153 5022 ἀλλὰ
1183 4970 1464 5039 ποιήματά
1504 4969 1613 5022 νείσι
1642 4969 1740 5039 τὴν
1786 4968 1967 5037 φύσιν.

385 5078 407 5112 ι
435 5060 525 5113 Ἑν
546 5059 688 5130 ἀρχῇ
720 5058 852 5126 γοῦν
872 5061 902 5112 ό
925 5059 1057 5123 Θεὸς
1090 5079 1108 5111 ι
1125 5060 1226 5112 οὐκ
1246 5044 1557 5130 ἐγέννησεν,
1575 5059 1690 5113 ἀλλ’
1708 5078 1727 5112 ί
1749 5060 1971 5130 ἐποίησε

377 5152 478 5205 τὸν
503 5152 734 5221 οὐρανὸν
758 5152 854 5206 καὶ
900 5152 1000 5222 τὴν
1029 5153 1154 5222 γῆν,
1198 5153 1293 5206 καὶ
1320 5151 1497 5205 πάντα
1519 5150 1586 5205 τὰ
1614 5154 1671 5204 ὲν
1703 5151 1913 5217 αὐτοῖς,
1946 5172 1967 5205 ι

380 5242 626 5315 εἴρηται.
814 5244 926 5298 Καὶ
953 5245 1049 5314 οὐχ
1077 5247 1106 5297 ὁ
1129 5245 1354 5313 γεννῶν,
1387 5244 1500 5297 ἀλλ’
1536 5264 1554 5294 ι
1595 5247 1624 5297 ὁ
1646 5247 1813 5299 ποιῶν
1844 5246 1972 5310 τοὺς

376 5336 655 5405 ἀγγέλους
680 5336 845 5390 αὐτοῦ
872 5336 1178 5408 πνεύματα,
1207 5338 1299 5390 καὶ
1334 5338 1458 5401 τοὺς
1500 5339 1845 5410 λειτουργοὺς
1869 5341 1971 5392 αύ-

377 5425 480 5479 τοῦ
504 5426 679 5498 πυρὺς
702 5426 898 5497 φλόγα.
932 5446 951 5479 ›
979 5426 1117 5480 Είδὲ
1149 5430 1177 5480 ὁ
1215 5427 1537 5491 ’Ἀπόστολος
1564 5431 1800 5499 εἴρηκεν,
1828 5450 1843 5480 ι
1876 5426 1972 5494 Εἷς

378 5518 541 5583 Θεὸς,
571 5519 630 5584 ἐξ
655 5511 718 5577 οὗ
751 5520 820 5573 τὰ
854 5518 1052 5579 πάντα,
1084 5534 1101 5568 ι
1130 5517 1245 5570 ἀλλ’
1270 5518 1331 5569 οὐ
1358 5516 1448 5570 τόν
1470 5518 1596 5570 Υίὸν
1626 5520 1971 5590 συναριθμῶν

378 5612 499 5673 τοῖς
531 5610 687 5673 πᾶσι,
722 5611 881 5675 τοῦτό
914 5624 1079 5681 φησιν
1103 5627 1114 5639 ·
1148 5609 1262 5663 ἀλλ’
1315 5610 1503 5679 ἐπειδὴ
1551 5610 1660 5663 τῶν
1702 5610 1971 5680 Ἐλλήνων

2073 4507 2223 4562 tione
2251 4505 2440 4566 Patres
2469 4521 2578 4561 non
2602 4518 2750 4562 recte
2778 4508 2947 4563 locuti
2973 4506 3324 4571 videbuntur,
3369 4502 3461 4560 ubi
3493 4503 3649 4557 dixe-

1806 4600 1977 4654 εἰπεῖν
1999 4592 2044 4650 D
2075 4595 2184 4651 rint
2213 4594 2411 4649 Filium
2444 4608 2567 4651 esse
2602 4612 2668 4651 ex
2706 4598 3016 4653 substantia
3048 4596 3226 4651 Patris
3250 4637 3264 4657 ,
3302 4597 3405 4649 rati
3442 4596 3652 4651 scilicet

2074 4686 2217 4741 idem
2249 4701 2369 4742 esse
2401 4689 2613 4742 sincera
2638 4696 2818 4743 mente
2843 4688 3048 4751 dicere,
3081 4703 3142 4742 ex
3178 4686 3308 4745 Deo.
3356 4686 3421 4741 ac
3444 4687 3646 4749 dicere,

2074 4793 2136 4833 ex
2168 4781 2513 4836 substantia?
2549 4778 2682 4836 Nam
2716 4793 2981 4838 creatura:
3032 4796 3243 4848 omnes,
3278 4783 3531 4852 quamvis
3582 4801 3650 4840 ex

2078 4868 2188 4924 Deo
2247 4873 2525 4929 exstitisse
2574 4872 2847 4940 dicantur,
2884 4874 2979 4928 sed
3029 4890 3137 4929 non
3183 4875 3648 4944 quemadmodum

2076 4960 2268 5020 Filius.
2301 4981 2364 5041 ex
2396 4963 2505 5019 Deo
2533 4974 2661 5020 sunt
2685 4965 2809 5031 illae,
2836 4982 2944 5021 non
2976 4966 3120 5021 enim
3158 4978 3245 5023 res
3273 4967 3502 5038 genum,
3554 4971 3649 5025 sed

2076 5054 2247 5115 factae,
2272 5065 2465 5111 natura
2485 5072 2583 5112 sua
2605 5066 2752 5113 sunt.
2784 5076 2804 5109 ί
2820 5057 2873 5112 In
2895 5057 3160 5129 principio
3181 5080 3200 5110 ι
3222 5060 3387 5131 igitur
3415 5058 3641 5128 «Deus,»

2078 5156 2180 5200 non
2218 5148 2422 5216 genuit,
2454 5149 2547 5204 sed
2588 5168 2606 5201 ι
2641 5146 2770 5206 fecit
2790 5150 2990 5205 malum
3022 5161 3075 5205 et
3101 5160 3332 5217 terram,
3368 5160 3423 5208 et
3463 5155 3644 5207 omnia

2076 5252 2196 5305 ιμιεε
2229 5240 2282 5292 in
2314 5240 2392 5296 eis
2422 5250 2550 5296 sunt
2604 5248 2656 5306 ⁸,
2697 5258 2715 5294 ι
2758 5253 2816 5298 ut
2850 5244 3112 5313 scriptum
3137 5254 3238 5300 est.
3271 5243 3380 5301 Nec
3406 5258 3534 5299 vero
3564 5246 3647 5298 di-

2074 5331 2235 5391 citur,
2272 5334 2364 5401 qui
2399 5332 2590 5404 gignit,
2623 5334 2716 5390 sed
2758 5354 2775 5386 ι
2822 5337 2913 5405 qui
2943 5335 3072 5391 facit
3105 5338 3323 5406 angelos
3366 5350 3495 5390 suos
3538 5335 3646 5403 spi-

2073 5422 2231 5487 tints,
2264 5430 2319 5477 et
2345 5424 2628 5480 ministros
2663 5438 2792 5481 suos
2824 5425 3099 5482 ﬂammam
3133 5429 3274 5497 ignis
3329 5431 3374 5477 ⁷.
3411 5444 3427 5475 ι
3489 5422 3643 5489 0³³οά

2074 5515 2115 5569 si
2155 5517 2445 5586 Apestotus
2477 5519 2632 5583 dixit,
2664 5522 2851 5576 «U'nus
2875 5521 3014 5575 Deus
3048 5535 3144 5589 per
3164 5530 3322 5589 quem
3344 5519 3524 5569 o’nmia
3560 5517 3638 5577 ⁸,»

2074 5620 2180 5662 non
2210 5618 2274 5663 eo
2309 5624 2441 5667 sane
2474 5612 2604 5668 illud
2646 5614 2802 5668 dixit.
2836 5615 2978 5684 quod
3001 5608 3197 5667 Filium
3224 5610 3445 5673 reliquis
3468 5604 3643 5662 omini-

466 5806 484 5837 ¹
524 5802 697 5859 Exod.
738 5819 821 5862 ιιι,
861 5803 945 5857 Η.
1020 5801 1206 5858 'Cen.
1254 5803 1377 5869 1,Ι.
1455 5803 1475 5835 ³
1504 5800 1663 5858 Deut.
1691 5819 1765 5867 ιἰ,
1800 5804 1854 5859 4.
1930 5803 1949 5836 ⁸

2079 5822 2112 5859 ι.
2148 5820 2282 5872 xm,
2327 5806 2377 5861 ί.
2453 5806 2473 5837 ⁸
2502 5804 2692 5859 Matth.
2723 5817 2805 5869 tu,
2837 5803 2926 5859 17.
3004 5803 3023 5833 ⁸
3049 5800 3187 5858 Gen.
3228 5821 3269 5866 ι,
3307 5806 3359 5862 1.
3436 5805 3455 5837 ⁷
3491 5796 3637 5855 Psal.

393 5890 514 5941 cm,
547 5877 599 5930 ι.
676 5876 698 5907 ⁸
727 5875 743 5929 ι
772 5875 901 5930 Cor.
939 5888 1057 5940 vni,
1083 5873 1136 5928 6.
