4058 6408
474 407 580 469 463

475 555 574 608 l;us
609 562 1038 608 annumeraret:
1080 552 1172 607 sed
1210 549 1469 620 quoniam
1517 548 1670 602 multi
1721 564 1784 601 ex
1841 547 2048 601 Graecis

473 645 790 700 existimant
824 644 1068 707 fortuito,
1095 654 1148 698 et
1171 659 1234 696 ex
1265 652 1577 697 atomorum
1816 639 2036 707 compli-

472 738 706 802 catione,
752 751 814 790 ac
843 751 904 790 ex
949 733 1283 789 similar-ibus
1317 732 1563 804 partibus
1609 737 1804 800 Sponte
1856 744 2040 784 rerum

473 837 723 883 naturam
757 827 1028 882 coaluisse
1053 866 1068 892 ,
1117 840 1294 895 neque
1337 835 1616 880 auctorem
1679 822 1899 876 habere.
1937 819 2041 874 Alii

471 929 649 974 autem
678 919 747 974 ab
773 919 956 989 aliqua
979 934 1146 974 causa
1183 933 1282 972 nec
1313 925 1488 971 tamen
1527 931 1620 985 per
1650 914 1888 968 Verbum
1921 927 2042 966 eam

468 1009 744 1066 conditam
778 1008 1135 1063 arbitrantur.
1179 1005 1423 1075 Quisque
1461 1013 1641 1058 autem
1670 1018 1736 1056 ex
1772 999 2042 1054 haereticis

469 1101 735 1156 arbitratu
759 1115 860 1156 suo
889 1115 975 1157 res
1000 1097 1437 1154 comminiscitur
1459 1103 1511 1150 et
1533 1095 1599 1149 de
1631 1107 1813 1149 rerum
1847 1100 2042 1145 natura

469 1193 765 1248 fabulatur.
826 1191 1170 1262 Quapropter
1216 1205 1285 1245 ex
1365 1189 1690 1244 necessitate
1749 1183 2044 1254 Apostolus

466 1288 604 1342 dixit
637 1329 652 1353 ,
690 1312 710 1338 ς
741 1302 806 1342 ex
835 1285 944 1341 Deo
999 1284 1014 1313 ‘
1044 1323 1060 1348 ,
1099 1303 1117 1336 ι
1143 1292 1204 1339 ιιι
1231 1281 1493 1339 factorem
1525 1290 1713 1334 notum
1746 1278 1968 1342 faceret,
1989 1287 2043 1334 et

467 1379 713 1434 omnium
741 1378 1072 1434 creationem
1097 1392 1164 1432 ex
1190 1375 1313 1446 ejus
1331 1375 1609 1430 voluntate
1639 1371 1839 1428 factam
1864 1372 2042 1428 deela-

468 1481 631 1528 raret.
679 1470 873 1526 Statim
901 1485 1029 1540 ergo
1057 1467 1252 1524 infert:
1290 1487 1309 1522 ι
1333 1467 1400 1522 Ει
1429 1483 1572 1522 unus
1597 1465 1860 1520 Dominus
1883 1463 2045 1519 Iesus

469 1563 746 1627 Christus,
767 1577 864 1632 per
889 1576 1049 1632 quem
1084 1560 1271 1616 omnia
1311 1563 1366 1624 ί,
1407 1578 1426 1611 ι
1473 1567 1533 1613 ut
1569 1574 1634 1612 ex
1669 1558 1923 1612 omnibus
1955 1554 2047 1609 Fi-

471 1654 606 1708 lium
631 1652 944 1722 exciperet;
975 1665 1098 1720 qua;
1121 1648 1266 1705 enim
1287 1647 1381 1702 Dei
1411 1661 1533 1703 esse
1556 1645 1832 1708 dicuntur,
1861 1643 2044 1698 omnia

472 1760 567 1814 per
600 1741 799 1798 Filium
829 1741 968 1798 facta
993 1748 1121 1796 sunt
1154 1758 1168 1795 :
1205 1753 1306 1795 nec
1341 1739 1456 1792 ﬁeri
1487 1745 1660 1807 potest
1703 1745 1917 1790 creatas
1958 1749 2048 1790 res

1712 391 2033 455 EUTIIYM
2049 391 2101 448 ll
2145 389 2313 448 ZIGA
2328 385 2497 445 BEN!

2053 541 2118 594 ¹Α
2146 527 2191 577 οἱ
2242 525 2339 593 μὲν
2377 521 2652 592 νομίζουσι
2713 518 2851 572 κατὰ
2904 517 3071 588 τύχην
3118 515 3208 568 καὶ
3259 513 3317 579 ἐξ

3619 373 3726 434 4H

3507 512 3728 582 ἀτόμων

2149 617 2484 687 συμπλοκῆς,
2519 615 2609 666 καὶ
2641 611 2978 684 ὁμοιομερῶς
3013 611 3074 662 ἐκ
3098 609 3433 680 ταυτομάτου
3471 605 3732 659 συνεστάη

2145 728 2231 762 ναι
2281 709 2376 780 τὴν
2426 707 2621 772 κτίσιν,
2675 706 2769 759 καὶ
2807 706 2881 775 μὴ
2917 704 3058 774 ἔχειν
3101 702 3190 755 τὸν
3227 703 3430 754 αἴτιονο
3479 700 3528 752 οἱ
3584 699 3641 752 δὲ
3672 699 3731 764 ἐξ

2143 802 2314 856 αἰτίου
2345 801 2442 872 μὲν
2482 799 2650 869 αὐτὴν
2678 796 2978 866 γεγονέναι,
3007 795 3068 847 οὐ
3103 795 3208 866 μὴν
3246 794 3337 846 καὶ
3381 791 3468 845 διὰ
3499 790 3594 843 τοῦ
3630 791 3732 844 Λό-

2142 909 2271 962 γουο
2304 889 2412 944 τῶν
2460 890 2517 944 δὲ
2550 887 2842 961 αἱρετικῶν
2877 888 3128 948 ἕκαστος,
3189 885 3264 940 ὡς
3323 873 3590 951 ἤοέλησεν
3634 883 3734 935 ἀν-

2140 983 2431 1046 επλάσατο,
2470 983 2564 1034 καὶ
2609 979 2864 1051 περὶτῆς
2914 977 3144 1037 κτίσεως
3181 975 3497 1045 μυθολογεῖ·
3540 971 3732 1024 τούτου

2140 1076 2301 1150 χάριν
2335 1076 2364 1127 ὁ
2406 1071 2728 1133 Ἀπόστολος
2771 1069 3081 1138 ἀναγκαίως
3138 1067 3426 1137 συνείρηκε
3474 1065 3569 1130 τὸ,
3611 1083 3628 1114 ι
3669 1065 3736 1116 ἐκ

2140 1169 2235 1222 τοῦ
2260 1165 2395 1221 Θεοῦ
2421 1183 2434 1198 ’
2473 1185 2491 1217 ι
2525 1165 2612 1218 ἵνα
2645 1162 2850 1216 καὶτὸν
2877 1159 3106 1232 ποιητὴν
3121 1158 3386 1230 γνωρίσῃ,
3418 1157 3513 1209 καὶ
3542 1156 3641 1226 τὴν
3670 1157 3740 1209 ἑκ

2140 1259 2232 1314 τοῦ
2269 1257 2607 1330 βουλήματος
2629 1254 2794 1307 αὐτοῦ
2825 1253 2934 1307 τῶν
2971 1253 3184 1306 πάντων
3211 1248 3573 1320 δημιουργίαν
3603 1251 3738 1302 ἀπο-

2141 1352 2291 1424 δείξῃ
2309 1367 2321 1380 ·
2351 1350 2511 1413 εὐθὺς
2536 1346 2668 1417 γοῦν
2690 1345 2962 1417 ἐπιφέρει,
2989 1364 3005 1394 ι
3032 1343 3141 1396 Καὶ
3174 1335 3254 1405 εἷς
3281 1341 3486 1413 Κύριος
3523 1339 3736 1407 Ἰησοῦς

2141 1443 2398 1517 Χριστὸς,
2433 1443 2500 1496 δι’
2526 1433 2587 1495 οῦ
2613 1439 2682 1494 τὰ
2715 1439 2914 1502 πάντα,
2957 1457 2974 1488 ι
3011 1436 3096 1489 ἵνα
3137 1435 3243 1488 τῶν
3296 1433 3512 1486 πάντων
3563 1431 3738 1503 ἐξάρῃ

2143 1537 2234 1592 τὸν
2260 1535 2387 1590 Υίόν
2407 1552 2420 1565 ο
2445 1534 2512 1588 τὰ
2544 1533 2652 1604 γὰρ
2683 1531 2778 1586 τοῦ
2811 1528 2945 1583 Θεοῦ
2978 1529 3247 1599 λεγόμενα
3273 1568 3288 1592 ,
3337 1525 3514 1578 πάντα
3559 1524 3738 1577 ταῦτα

2144 1630 2209 1683 δι’
2243 1627 2373 1682 Υίοῦ
2397 1627 2618 1696 γέγονε·
2649 1623 2742 1678 καὶ
2776 1624 2874 1694 οὐχ
2909 1619 3018 1675 οἷόν
3059 1638 3118 1673 τε
3163 1619 3291 1690 μίαν
3470 1615 3614 1686 ἔχειν
3664 1615 3736 1669 τὰ

2145 1719 2620 1792 δημιουργούμενα
2647 1715 2726 1786 τῷ
2753 1712 3172 1787 δημιουργοῦντι
3201 1712 3301 1782 τὴν
3347 1709 3558 1780 γένεσιν
3586 1725 3600 1739 ·
3639 1709 3737 1762 καὶ

468 1836 736 1901 eamdem,
765 1851 926 1906 quam
962 1840 1284 1895 creatorem,
1307 1831 1505 1886 habere
1527 1829 1929 1900 generationem
1954 1844 1968 1893 ;
1996 1835 2049 1882 et

2153 1813 2236 1867 ἵνα
2263 1812 2344 1874 τὸ,
2386 1831 2402 1862 ι
2446 1813 2510 1864 ὲκ
2549 1807 2640 1862 τοῦ
2673 1807 2829 1872 Θεοῦ,
2869 1826 2885 1857 ι
2915 1805 3208 1874 λεγόμενον
3235 1795 3356 1866 ὧδε,
3413 1800 3588 1864 ἄλλως
3639 1801 3736 1854 ἐπὶ

471 1940 528 1983 ut
550 1887 946 1989 doceretjillud,
974 1944 993 1978 ι
1016 1940 1078 1981 ex
1110 1924 1240 1990 Deo,
1263 1942 1282 1976 ι
1303 1922 1446 1992 quod
1471 1922 1560 1976 hic
1587 1921 1806 1986 dicitur,
1827 1919 1933 1975 alia
1966 1935 2049 1974 ra-

2153 1902 2256 1958 τῶν
2279 1901 2599 1972 ποιημάτιον
2628 1898 2758 1951 αὐτὸ

471 2021 618 2075 tione
664 2019 731 2074 de
773 2017 1035 2088 opiﬁciis,
1069 2017 1174 2071 alia
1205 2014 1272 2070 de
1298 2013 1446 2074 Filio
1480 2013 1725 2082 intelligi.
1762 2010 1896 2066 Nam
1960 2012 2049 2068 hic

469 2112 670 2182 proles,
706 2110 796 2165 illa
850 2125 998 2174 vero,
1030 2107 1242 2179 opiﬁcia
1290 2116 1437 2164 sunt.
1495 2104 1727 2176 Ideoque
1762 2104 1931 2159 Filius
1964 2114 2048 2160 est

472 2202 724 2271 proprius
777 2199 1098 2256 substantia:
1143 2197 1306 2265 fetus,
1365 2198 1452 2252 illa
1495 2207 1714 2262 autem,
1752 2196 2046 2252 voluntatis

471 2303 756 2349 creaturas.

661 2385 788 2442 l-ltec
837 2401 960 2441 cum
997 2386 1113 2455 ipsa
1157 2385 1399 2458 synodus
1455 2384 1932 2450 animadverteret,
1984 2398 2048 2440 ac

472 2489 815 2549 perspectum
851 2479 1076 2535 haberet
1095 2478 1340 2549 ejusdem
1366 2476 1618 2533 vocabuli
1647 2477 1894 2532 diversas
1927 2489 2050 2532 esse

472 2570 926 2639 signiﬁcationes;
987 2584 1052 2623 ne
1109 2568 1333 2638 quidam
1389 2567 1803 2637 suspicarentur
1849 2565 2047 2620 Filium

473 2660 664 2716 Deiex
701 2658 812 2716 Deo
853 2659 963 2714 diei
1011 2659 1233 2729 perinde
1275 2667 1439 2727 atque
1489 2667 1794 2723 creaturas,
1849 2657 2049 2712 clarius

473 2751 764 2820 scripsere,
781 2747 980 2804 Filium
1002 2763 1070 2804 ex
1099 2749 1406 2803 substantia
1435 2747 1528 2800 Dei
1551 2763 1709 2804 esse:
1745 2748 1872 2803 hinc
1894 2764 2049 2802 nam-

473 2859 580 2913 que
612 2858 739 2898 vere
791 2857 1113 2913 germanum
1156 2841 1334 2896 Patris
1362 2855 1483 2895 esse
1519 2840 1717 2894 Filium
1754 2841 2047 2896 indicatur.

470 2934 554 2988 Ex
581 2949 646 2988 eo
665 2943 844 2988 autem
863 2934 1006 3003 quod
1031 2931 1580 3001 simpliciterdieitur,
1608 2951 1626 2983 ‹
1650 2946 1714 2984 ex
1736 2930 1868 2997 Deo,
1904 2952 1920 2984 ι
1954 2948 2050 2987 vo-

464 3019 647 3071 luntas
683 3018 946 3070 creatoris
968 3015 1022 3069 in
1045 3014 1285 3068 creando
1317 3013 1680 3082 signiﬁcatur.
1711 3010 1840 3070 Sed.
1865 3013 2040 3074 aiunt,

464 3111 583 3164 haec
611 3107 815 3178 scripta
838 3122 947 3161 non
980 3114 1128 3169 sunt,
1169 3120 1433 3176 vocesque
1468 3104 1606 3170 illas,
1639 3103 1784 3173 quod
1819 3104 1872 3156 in
1902 3103 2048 3157 Scri-

464 3201 643 3272 pturis
672 3214 781 3254 non
813 3199 1137 3264 habeantur,
1181 3198 1482 3268 reiicimus.
1523 3194 1627 3249 Sed
1675 3196 1816 3250 hanc
1853 3194 1926 3248 illi
1959 3210 2048 3248 ea-

2942 1893 3304 1967 σημαίνεσθαι
3341 1890 3548 1962 διδάξῃ,
3588 1890 3621 1962 ἢ
3659 1891 3738 1954 ῶς

2150 1994 2243 2048 ἐπὶ
2272 1991 2402 2045 Υξοῦ
2432 1990 2725 2060 λεγόμενον
2749 1989 2970 2040 νοεῖται.
3017 1987 3074 2039 'O
3112 1984 3211 2055 μὲν
3233 1984 3343 2054 γὰρ
3363 1982 3629 2053 γέννημα,
3665 1979 3738 2033 τά

2149 2085 2205 2139 δὲ
2241 2082 2521 2155 ποιήματά
2543 2083 2682 2134 ἐστι.
2713 2080 2803 2132 Διὸ
2831 2078 2923 2131 καὶ
2944 2079 2972 2129 ὁ
2999 2075 3096 2148 μὲν
3115 2074 3238 2138 Υἱὸς
3264 2074 3394 2126 [διον
3419 2072 3516 2143 τῆς
3547 2071 3737 2135 οὐσίας

2149 2177 2416 2247 γέννημα,
2445 2177 2511 2227 τὰ
2543 2173 2598 2226 δὲ
2635 2171 2973 2242 βουλήματος
3083 2233 3093 2245 ⁸
3144 2165 3620 2237 δημιουργήματα.

2343 2383 2528 2438 Ταῦτα
2585 2382 2735 2452 καὶὴ
2791 2378 3005 2441 σύνοδος
3060 2372 3365 2447 συνορῶσα,
3421 2372 3515 2427 καὶ
3557 2371 3738 2426 εἰδυῖα

2147 2479 2250 2551 τὴν
2280 2478 2344 2532 ὲκ
2373 2476 2470 2546 τῆς
2496 2471 2811 2546 ὁμωνυμίας
2839 2468 3130 2540 διαφορίαν
3172 2504 3189 2530 ,
3338 2464 3478 2536 ὑπὲρ
3523 2461 3617 2518 τοῦ
3655 2463 3735 2534 μή

2149 2587 2302 2633 τινας
2341 2571 2586 2622 ὑπονοεῖν
2620 2563 2759 2618 κατὰ
2807 2563 2909 2634 τὴν
2941 2561 3118 2614 κτίσιν
3147 2557 3290 2612 οὕτω
3341 2555 3595 2624 λέγεσθαι
3640 2556 3740 2608 καὶ

2148 2661 2240 2716 τὸν
2274 2660 2398 2712 Υίὸν
2445 2659 2509 2710 ἐκ
2565 2655 2657 2709 τοῦ
2709 2652 2867 2718 Θεοῦ,
2901 2651 3220 2721 λευκότερον
3247 2648 3490 2721 ἔγραψαν
3539 2649 3606 2700 ὲκ
3637 2648 3741 2716 τῆς

2147 2752 2336 2816 οὐσίας
2369 2751 2461 2804 τὸν
2487 2749 2633 2804 Υίόν.
2666 2748 2760 2799 Ἐκ
2789 2746 2884 2815 μὲν
2911 2745 3018 2815 γὰρ
3059 2741 3247 2794 τούτου
3266 2739 3326 2792 τὺ
3355 2739 3576 2810 γνήσιον
3603 2735 3742 2806 ἀλη-

2151 2846 2258 2910 θῶς
2287 2843 2419 2898 Υίοῦ
2471 2841 2610 2914 πρὸς
2642 2839 2733 2893 τὸν
2776 2837 2996 2906 Πατέρα
3032 2830 3392 2902 γνωρίζεται·
3449 2831 3514 2882 ὲκ
3549 2828 3609 2881 δὲ
3642 2827 3740 2880 τοῦ

2149 2935 2398 3004 λέγεσθαι
2414 2930 2600 2994 ἁπλῶς
2616 2948 2634 2980 ι
2645 2929 2708 2982 ὲκ
2721 2924 2811 2980 τοῦ
2828 2923 2982 2989 Θεοῦ,
2996 2941 3014 2974 ι
3035 2922 3095 2975 τὸ
3113 2920 3358 2992 βούλημα
3371 2918 3468 2989 τῆς
3478 2917 3746 2987 δημιουρ-

2156 3009 2282 3076 γίας
2311 3009 2405 3062 τοῦ
2443 3009 2720 3073 κτίζοντος
2763 3008 3110 3078 σημαίνεται.
3147 3007 3286 3059 Ἀλλ’
3321 3008 3383 3066 οὐ
3431 3009 3752 3078 γέγραπται

2155 3101 2351 3166 ταῦτα,
2387 3102 2575 3168 φασὶν,
2613 3101 2707 3154 καὶ
2737 3101 2811 3164 ὠς
2852 3099 3140 3168 ἀγράφους
3177 3098 3278 3163 τὰς
3330 3099 3517 3168 φωνὰς
3542 3099 3746 3153 ἐκϐάλ-

2154 3193 2342 3262 λομεν.
2388 3193 2552 3246 Ἀλλὰ
2585 3193 2678 3246 καὶ
2725 3190 2887 3245 τοῦτο
2923 3192 3092 3266 πάλιν,
3131 3190 3410 3262 πρόφασίς
3449 3193 3602 3245 ἐστιν
3649 3194 3749 3245 αὐ-

464 3260 802 3343 νὶὶιειίοηοιη
823 3260 1293 3358 impudentissime
1316 3286 1618 3356 proferunt.
1639 3284 1692 3338 Si
1715 3284 1860 3339 enim
1890 3284 2049 3338 verba

2157 3260 2267 3349 toi;
2293 3287 2766 3357 ἀναίσχυντος.Ἐί
2792 3285 2900 3356 γὰρ
2931 3260 3204 3354 ἔκὸλητὲα
3255 3284 3534 3354 νομίζουσι
3563 3285 3632 3338 τὰ
3664 3284 3745 3355 μὴ

462 3399 578 3438 non
609 3383 812 3454 scripta
853 3389 1049 3452 putant
1095 3381 1409 3451 rejieienda,
1439 3394 1609 3451 quare
1653 3380 1782 3433 Ario
1815 3394 1922 3432 non
1949 3379 2052 3432 ob-

467 3476 700 3538 sistunt,
726 3474 814 3544 qui
845 3482 924 3528 tot
944 3474 1392 3527 sententiolarum
1412 3488 1531 3541 quae
1554 3473 1606 3525 in
1625 3471 1921 3541 Scripturis
1944 3485 2051 3522 non

466 3566 736 3620 habentur
761 3564 1044 3619 colluviem
1069 3564 1426 3634 excogitavit:
1458 3564 1646 3633 quales
1669 3572 1816 3624 sunt,
1848 3560 1921 3614 Ex
1941 3574 2052 3612 non

466 3656 848 3721 exstantibus;
898 3666 970 3719 et,
1003 3656 1117 3710 Non
1167 3665 1283 3710 erat
1323 3656 1492 3711 Filius
1529 3668 1817 3723 antequam
1863 3655 2054 3723 gigne-

467 3761 661 3812 retur;
695 3757 768 3811 et,
804 3747 928 3801 Erat
966 3757 1186 3816 tempus
1211 3763 1318 3816 quo
1345 3747 1462 3803 Non
1489 3757 1642 3814 erat;
1674 3756 1754 3809 et,
1782 3745 2052 3800 Mntabilis

465 3849 587 3907 est;
623 3851 698 3906 et,
735 3831 1030 3894 lneﬂ‘abilis
1057 3849 1114 3894 et
1136 3839 1426 3895 invisibilis
1463 3847 1550 3894 est
1581 3839 1740 3894 Pater
1769 3837 1940 3899 Filio;
1973 3845 2046 3898 et,

469 3932 639 3987 Filius
690 3947 803 3987 non
843 3933 1006 3986 .novit
1060 3931 1212 3987 suam
1261 3932 1645 3992 substantiam,
1694 3941 1748 3985 et
1782 3932 2056 3998 quaslibet

466 4019 599 4074 alias
627 4021 748 4088 ejus
775 4020 1094 4086 sententias,
1112 4036 1248 4089 quas
1279 4020 1337 4074 in
1371 4019 1601 4074 ridicula
1635 4029 1692 4074 et
1717 4019 1884 4089 impia
1909 4020 2056 4074 Tha-

467 4109 534 4162 lia
563 4125 662 4164 sua
683 4110 928 4164 evomuit
945 4109 1088 4173 ,imo
1117 4110 1298 4178 potius
1317 4124 1411 4163 eas
1437 4109 1513 4164 illi
1542 4119 1911 4180 propugnant,
1936 4129 2056 4180 quae

467 4216 632 4256 causa
665 4200 773 4254 illis
831 4208 911 4256 est
946 4207 1009 4254 ut
1055 4215 1180 4254 cum
1210 4199 1464 4255 Patribus
1494 4202 1657 4256 etiam
1691 4200 1805 4256 suis
1865 4202 2058 4257 decer-

472 4297 605 4344 tent.
639 4288 747 4342 Aut
792 4303 911 4353 cur,
942 4304 1066 4344 cum
1097 4289 1150 4344 in
1177 4288 1472 4354 Encaeniis,
1507 4299 1566 4345 ut
1607 4300 1824 4356 vocant,
1869 4293 2048 4348 verbis

470 4395 535 4435 ex
555 4378 834 4450 Scriptura
856 4383 967 4435 'non
985 4379 1288 4450 desumptis
1315 4381 1396 4436 usi
1425 4382 1656 4437 Aeacius
1675 4393 1729 4438 et
1755 4382 2042 4448 Eusebius,

471 4470 708 4526 dixerint
740 4472 1167 4542 primogenitum
1198 4483 1459 4529 creatura:
1490 4489 1612 4530 esse
1659 4475 1779 4530 sine
1812 4475 2054 4530 dissimi-

2155 3381 2538 3450 γεγραμμένα,
2586 3380 2674 3432 διά
2701 3379 2753 3430 τί
2802 3377 2910 3429 τῶν
2965 3379 3094 3446 περὶ
3123 3377 3345 3446 Ἀρειον
3377 3375 3439 3440 ὲξ
3475 3377 3737 3443 ἀγράφων

2155 3473 2557 3542 ὲπινοησάντων
2602 3470 2853 3524 τοσοῦτον
2886 3468 3166 3537 ῥηματίων
3211 3469 3490 3538 συρφετὸν,
3523 3466 3602 3524 τὸ.
3637 3465 3730 3531 Ἐξ

2155 3565 2256 3617 οὐκ
2305 3564 2498 3624 ὄντων,
2536 3563 2630 3616 καὶ
2665 3563 2747 3621 τὸ.
2787 3561 2900 3614 Οὐκ
2928 3556 2994 3631 ἦν
3030 3561 3058 3612 ό
3113 3559 3240 3622 rte;
3292 3562 3422 3629 πρὶν
3465 3557 3694 3627 γεννηθῇ
3717 3572 3734 3589 ⁸

2157 3656 2271 3718 καὶ,
2304 3652 2412 3708 Ἦν
2445 3672 2596 3716 ποτε,
2635 3655 2721 3706 ὅτε
2754 3653 2855 3706 οὐκ
2891 3647 2958 3722 ἦν
2982 3667 2995 3680 ·
3033 3649 3415 3718 καὶ,Τρεπτός
3438 3650 3553 3702 ἐστι
3576 3664 3590 3678 ·
3627 3649 3748 3713 καὶ,

2159 3749 2430 3820 "apparo;
2462 3747 2555 3800 καὶ
2583 3745 2814 3816 ἀόρατος
2845 3743 2872 3795 ὁ
2896 3727 3083 3810 Πατὴρ
3103 3748 3180 3810 τῷ
3201 3741 3315 3811 Υίῷ
3336 3757 3349 3771 ·
3379 3741 3495 3805 καὶ,
3528 3740 3586 3792 '0
3623 3740 3754 3802 Υἱὸς

2157 3841 2257 3893 οὐκ
2305 3834 2445 3892 οἶδεν
2499 3836 2621 3890 οὐδὲ
2669 3835 2771 3905 τὴν
2811 3834 3012 3890 ἑαυτοῦ
3054 3833 3245 3887 οὐσίαν
3280 3848 3294 3864 ·
3325 3832 3416 3885 καὶ
3450 3831 3551 3884 ὅσα
3588 3831 3652 3882 ἐν
3683 3833 3756 3901 τῇ

2156 3929 2350 3999 γελοίῳ
2392 3911 2492 3982 καί
2533 3927 2726 3981 ἀσεεεῖ
2754 3926 2928 3997 Θαλία
2971 3923 3170 3978 ἑαυτοῦ
3225 3921 3438 3992 φρονῶν
3476 3922 3758 3991 ἐξήμεσεν

2160 4023 2377 4092 Ἄρειος
2425 4018 2525 4072 οὐκ
2573 4019 2987 4088 ἀντειρήκασιν,
3029 4015 3167 4068 ἀλλά
3218 4014 3311 4066 καὶ
3361 4013 3563 4082 μᾶλλον
3607 4012 3757 4081 ὑπὲρ

2155 4111 2336 4166 αὐτῶν
2371 4109 2748 4176 ἀγωνίζονται,
2777 4109 2872 4162 καὶ
2896 4109 2986 4162 διὰ
3022 4107 3194 4161 ταῦτα
3238 4104 3373 4176 πρὸς
3406 4103 3532 4166 τοὺς
3574 4104 3758 4156 [Ιατέ-

2161 4216 2262 4271 ρας
2293 4199 2506 4252 ἑαυτῶν
2542 4197 2924 4268 διαμάχονται.
2953 4198 3024 4251 Ἢ
3060 4196 3176 4260 πῶς
3209 4198 3269 4249 ὲν
3293 4197 3402 4258 τοῖς
3432 4195 3758 4263 λεγομένοις

2166 4291 2514 4359 Ἐγκαινίοις,
2556 4289 2825 4357 ἀγράφοις
2874 4288 3210 4361 χρησάμενοι
3277 4286 3484 4352 λέξεσιν
3525 4285 3574 4337 οι
3623 4283 3759 4350 περὶ

2167 4383 2419 4436 ’Λκάκιον
2453 4381 2546 4434 καὶ
2583 4379 2859 4446 Εὐσέϐιον,
2893 4379 2985 4434 καὶ
3029 4379 3276 4440 εἰπόντες
3328 4375 3515 4438 οὐσίας
3561 4375 3761 4427 τεκαὶ

2167 4472 2469 4542 δυνάμεως,
2501 4474 2599 4526 καὶ
2641 4471 2859 4542 βουλῆς,
2888 4471 2985 4526 καὶ
3013 4469 3172 4539 δόξης
3219 4468 3643 4538 ἀπαράλλακτον
3674 4469 3759 4520 εί-

474 4561 706 4617 litudine
737 4562 1028 4635 imaginem
1063 4564 1406 4632 substantiae,
1436 4566 1715 4635 potentiae,
1740 4566 1961 4622 consilii
2004 4572 2049 4621 et

2168 4561 2296 4615 κόνα
2325 4562 2417 4614 τόν
2444 4560 2784 4631 πρωτότοκον
2814 4561 2914 4629 τῆς
2955 4559 3206 4624 κτίσεως,
3238 4559 3575 4628 γογγύζουσι
3609 4559 3758 4613 κατά

472 4654 678 4724 gloriae,
711 4653 972 4732 adversus
1024 4656 1211 4712 Patres
1257 4657 1367 4726 jam
1425 4658 1868 4721 obmurmurant,
1914 4659 2049 4728 quod

2167 4653 2274 4706 τῶν
2304 4654 2585 4723 Πατέρων,
2616 4653 2692 4714 ὡς
2719 4653 2989 4722 ἀγράφων
3019 4653 3199 4708 αὐτῶν
3253 4654 3758 4722 μνημονευσάντων

472 4747 765 4802 verborum
812 4761 934 4817 quae
983 4748 1037 4802 iu
1073 4746 1353 4818 Scriptura
1388 4765 1501 4804 non
1553 4761 1772 4806 exstant
1821 4753 2057 4806 mentio-

2167 4743 2386 4810 λέξεων,
2416 4745 2510 4799 καὶ
2538 4744 2731 4808 οὐσίας
2773 4744 3302 4816 μνημονευσάντωνς
3346 4745 3498 4800 Ἔδει
3528 4747 3636 4815 γὰρ
3664 4747 3762 4798 αὐ-

472 4855 598 4894 nem
631 4841 950 4904 fecerint,et
970 4842 1288 4897 substantiae
1335 4856 1520 4898 vocem
1569 4845 1929 4914 usurparint?
1960 4845 2049 4900 Pal

2166 4836 2292 4896 τοὺς
2321 4835 2355 4907 ἢ
2393 4835 2514 4889 καθ’
2556 4836 2767 4890 ἑαυτῶν
2811 4835 3128 4905 γογγύζειν,
3161 4837 3195 4909 ἢ
3225 4837 3392 4908 μηδὲν
3420 4836 3549 4899 τοὺς
3576 4837 3760 4889 Πατέ-

473 4927 577 4986 fuit
613 4931 758 4985 enim
797 4945 893 4986 eos
926 4940 1020 4985 aut
1067 4941 1256 4987 contra
1303 4947 1360 4990 se
1399 4933 1548 5003 ipsos
1615 4937 2056 5006 obmurmurare,

472 5029 568 5074 aut
600 5019 733 5074 nihil
769 5019 952 5075 Patres
981 5021 1281 5077 criminari.

551 5106 608 5162 Si
642 5108 807 5179 igitur
851 5110 1070 5180 quidam
1105 5112 1194 5166 alii
1243 5128 1310 5169 ex
1365 5115 1555 5185 synodi
1598 5117 1776 5174 verbis
1815 5121 2058 5176 occasio-

474 5216 601 5257 nem
645 5202 972 5272 arriperent,
1026 5204 1266 5274 suspicio
1299 5215 1443 5261 esset
1489 5221 1584 5262 eos
1635 5209 1717 5264 vel
1754 5211 2058 5282 ignorantia

475 5295 563 5350 vel
600 5293 862 5364 religione
893 5295 945 5350 id
991 5294 1213 5364 facere;
1243 5311 1425 5368 neque
1459 5313 1588 5354 vero
1633 5300 1725 5357 hic
1750 5317 1933 5359 sermo
1959 5304 2059 5358 ha-

475 5387 638 5444 betur
675 5386 743 5441 de
797 5383 1028 5456 Georgio
1073 5385 1415 5460 cappadoce,
1443 5391 1538 5460 qui
1591 5391 1919 5450 Alexandria
1967 5410 2058 5450 ex-

479 5489 632 5535 actus
669 5487 774 5541 est,
804 5477 922 5534 viro
972 5479 1064 5549 Qui
1101 5493 1204 5534 nec
1256 5495 1322 5535 ex
1352 5483 1626 5552 praeterita
1671 5483 1794 5541 vitae
1843 5489 2057 5544 ratione

479 5571 913 5636 commendatur,
948 5587 1052 5628 nec
1089 5573 1200 5628 ullo
1241 5575 1403 5630 modo
1431 5576 1774 5634 Christianus
1799 5590 1924 5636 est:
1959 5583 2055 5638 sed

481 5671 702 5732 propter
730 5663 1213 5733 opportunitatem,
1245 5664 1539 5724 Christiani
1578 5683 1774 5726 nomen
1803 5671 2056 5729 simulate

557 5837 576 5870 ⁸
613 5838 632 5892 ι
674 5837 795 5896 Cor.
834 5858 949 5908 νηι,
986 5846 1036 5898 6.
1114 5847 1133 5878 ⁸
1174 5847 1303 5902 ibid.

2171 4941 2270 4993 ρας
2294 4926 2594 4981 αἰτιᾶσθαι.

2246 5125 2308 5180 Εἰ
2369 5127 2467 5197 μὲν
2498 5127 2596 5183 οὖν
2640 5127 2793 5184 ἄλλοι
2845 5131 2991 5193 τινὲς
3034 5131 3465 5203 ὲπροφασίζοντο
3500 5135 3600 5196 τὰς
3648 5133 3758 5202 τῆς

2168 5217 2388 5270 συνόδου
2445 5217 2642 5283 λέξεις,
2697 5219 2962 5284 ἡδύναντό
3010 5237 3128 5286 πως
3177 5222 3468 5293 ἢάγνοίας
3511 5223 3545 5295 ἢ
3593 5225 3762 5278 εὐλα-

2166 5307 2323 5372 ϐείας
2361 5308 2620 5365 ὑπόνοιαν
2667 5309 2814 5380 ἔχειν
2841 5327 2856 5342 ν
2903 5312 2998 5364 καὶ
3034 5315 3163 5385 περὶ
3200 5315 3300 5385 μὲν
3350 5315 3626 5387 Γιωργίου
3657 5316 3758 5370 τοῦ

2168 5401 2539 5466 Καππάδοκος
2588 5400 2684 5456 τοῦ
2739 5402 3100 5472 ὲκῦληθέντος
3164 5407 3275 5460 ἀπὸ
3339 5408 3438 5475 τῆς
3501 5409 3759 5474 ’Δλεξαν-

2165 5493 2349 5566 δρείας
2379 5493 2534 5563 λόγος
2558 5493 2733 5558 οὐδείς
2763 5511 2780 5529 ο
2817 5494 3108 5566 ἀνθρώπου
3150 5499 3288 5569 μήτε
3315 5500 3393 5567 ἑκ,
3415 5503 3759 5571 προάγοντος

2167 5585 2284 5657 βίου
2318 5585 2421 5658 τὴν
2465 5587 2774 5658 μαρτυρίαν
2809 5587 3046 5658 ἔχοντος,
3076 5593 3213 5660 μήτε
3249 5591 3389 5656 ὅλως
3419 5594 3758 5664 Χριστιανοῦ

2167 5677 2547 5748 τυγχάνοντος,
2576 5679 2712 5734 ἀλλὰ
2740 5681 2900 5751 μόνον
2927 5673 3362 5753 ὑποκριναμένου
3398 5684 3487 5740 διὰ
3513 5689 3602 5741 τὸν
3634 5706 3759 5740 κτι-
