4058 6464
399 497 500 561 415

404 631 494 703 ρον

397 721 708 778 εὐσέϐειαν·
742 723 826 777 διὸ
859 723 980 777 οὐδὲ
1015 722 1286 794 μέμψαιτο
1322 725 1387 778 ἄν
1415 741 1498 787 τις
1533 724 1696 777 αὐτὸν
1731 725 1977 788 εἰκότως,

398 815 657 870 πταίοντα
678 818 806 887 περὶ
827 816 928 887 τὴν
951 815 1152 879 πίστιν,
1175 815 1457 887 ἄνθρωπον
1483 817 1619 887 μήτε
1646 817 1822 870 εἰδότα
1851 818 1978 888 περὶ

392 902 467 962 ὧν
497 909 668 977 λέγει,
703 910 840 980 μήτε
874 909 1000 980 περὶ
1031 901 1105 961 ὧν
1159 907 1583 971 διαϐεϐαιοῦται,
1638 909 1773 962 ἀλλὰ
1818 911 1970 971 πᾶσι,

394 1001 539 1054 κατὰ
579 1001 643 1054 τὺ
676 1000 1080 1071 γεγραμμένον,
1137 999 1214 1062 ὠς
1253 1000 1460 1068 κέπφον
1675 999 1972 1053 ἐπακολου-

395 1092 594 1146 θοῦντα
618 1109 631 1122 ⁸
669 1091 920 1156 ’Δκάκιος
947 1091 1003 1144 δὲ
1038 1091 1130 1144 καὶ
1162 1090 1410 1158 Εὐδόξιος
1435 1129 1449 1151 ,
1487 1091 1580 1144 καὶ
1612 1091 1973 1160 Πατρόφιλος,

398 1184 568 1238 ταῦτα
592 1183 864 1252 λέγοντες,
896 1181 1013 1246 πῶς
1040 1183 1140 1236 οὐκ
1167 1181 1307 1249 ἄξιοι
1331 1181 1510 1252 πάσης
1540 1181 1647 1235 εἰσὶ
1688 1181 1974 1251 καταγνώ-

403 1284 572 1332 σεως;
608 1267 913 1339 Γράφοντες
1093 1266 1200 1336 γὰρ
1238 1266 1460 1336 ἄγραφα
1502 1267 1596 1318 καὶ
1642 1265 1794 1338 αὐτο)
1816 1306 1833 1331 ,
1876 1269 1971 1320 καὶ

393 1359 798 1429 ἀποδεξάμενοι
817 1358 1075 1423 πολλάκις
1093 1360 1170 1423 ὡς
1191 1357 1354 1412 καλὸν
1379 1355 1440 1410 τὸ
1453 1358 1550 1429 τῆς
1573 1357 1766 1423 οὐσίας
1777 1359 1969 1431 δνομια,

398 1446 640 1515 μάλιστα
672 1447 766 1498 καὶ
795 1445 885 1500 διὰ
911 1447 1008 1519 τὴν
1033 1447 1322 1519 επιστολὴν
1349 1447 1608 1501 Εὐσεὸίου
1629 1490 1645 1515 ,
1684 1449 1968 1504 αἰτιῶνται

393 1537 490 1589 νῦν
523 1539 648 1600 τοὺς
676 1537 781 1608 πρὸ
810 1538 1006 1600 αὐτῶν,
1046 1538 1120 1602 ὡς
1153 1539 1430 1603 τοιαύταις
1465 1540 1846 1612 χρησαμένους
1879 1541 1969 1594 λέ-

391 1631 564 1691 ξεσιν.
618 1627 775 1681 Ἀλλὰ
809 1631 901 1682 καὶ
932 1629 1174 1693 εἰπόντες
1217 1629 1372 1683 αὐτοί
1406 1629 1538 1683 Θεὸν
1569 1631 1635 1684 ὲκ
1677 1630 1810 1685 Θεοῦ
1830 1671 1844 1693 ,
1877 1631 1970 1684 καὶ

387 1721 567 1788 Λόγον
600 1721 800 1784 ζῶντα,
859 1721 958 1790 τῆς
1011 1721 1199 1785 οὐσίας
1253 1721 1345 1775 τοῦ
1402 1723 1616 1794 Πατρός
1664 1723 1972 1794 ἀπαράλλα-

389 1829 523 1865 κτον
681 1812 864 1866 εἰκόνα
883 1813 972 1866 τὸν
992 1812 1138 1878 Υἰόν,
1159 1812 1522 1883 κατηγοροῦσι
1544 1813 1652 1868 τῶν
1682 1817 1739 1868 ὲν
1767 1817 1815 1868 Ν
1821 1815 1971 1886 ικαίᾳ

386 1905 658 1957 εἰπόντων
695 1943 710 1968 ,
853 1906 918 1957 ὲκ
943 1905 1043 1973 τῆς
1064 1904 1269 1968 οὐσίας,
1295 1907 1386 1958 καὶ
1415 1905 1696 1976 όμοούσιον
1730 1907 1820 1960 τὸν
1849 1924 1968 1975 γενι

1353 502 1730 566 PANOPLIA
1767 501 2232 566 DOGMATiCA.
2273 525 2340 536 -·-
2377 500 2528 574 ΤίΤ.
2572 502 2679 565 XI.

674 628 738 683 τὺ
779 629 954 702 τινομα
979 670 995 695 ,
1045 630 1136 685 καὶ
1178 630 1444 701 πορισμὸν
1501 632 1850 702 ἡγησαμένου
1883 633 1966 704 τὴι

2081 631 2335 701 sumpsit,
2375 643 2425 688 et
2449 633 2968 704 pietatemqumstus
3011 633 3128 689 loco
3157 633 3367 691 habuit.
3400 633 3650 706 Quapro-

3547 510 3658 576 ωδ·

2081 734 2200 794 pter
2229 740 2388 780 nemo
2417 740 2540 780 eum
2569 725 2692 795 jure
2713 727 2975 797 arguerit,
3012 726 3155 796 quod
3190 727 3335 782 circa
3381 729 3538 783 tidem
3577 732 3655 784 la-

2081 817 2261 881 batur,
2295 817 2591 880 hominem,
2616 817 2707 887 qui
2741 832 2915 886 neque
2943 819 3090 871 novit
3113 833 3236 888 quae
3267 820 3426 885 dicit,
3461 835 3562 874 nec
3587 820 3654 874 de

2079 907 2280 976 quibus
2336 906 2591 973 alIirmat,
2628 907 2720 962 sed
2769 922 2982 972 omnes,
3042 908 3121 963 uti
3173 909 3435 977 scriptum
3468 918 3555 965 est
3599 915 3648 975 ι,
3723 969 3727 972 ,

2080 1000 2249 1054 veluti
2277 999 2426 1054 larus
2449 999 2774 1069 insequitur.
2811 998 2946 1054 Cum
2973 1008 3151 1054 autem
3176 1002 3430 1067 Aeacius,
3465 1000 3650 1056 Eudo-

2081 1092 2205 1147 xius
2230 1101 2285 1146 et
2313 1089 2661 1160 Patrophilus
2692 1091 2807 1145 haec
2829 1090 3033 1156 dicant,
3067 1093 3342 1162 quomodo
3371 1107 3477 1146 non
3499 1093 3645 1147 omni

2075 1183 2425 1240 damnatione
2457 1183 2609 1254 digni
2640 1183 2804 1240 sunt?
2831 1181 2987 1249 Nam,
3017 1199 3140 1238 cum
3185 1183 3288 1252 ipsi
3338 1198 3557 1253 quoque
3581 1197 3645 1238 ea

2069 1264 2387 1331 scripserint
2420 1280 2540 1332 qua:
2564 1265 2615 1316 in
2647 1264 2945 1333 Scripturis
2971 1282 3076 1320 non
3104 1268 3475 1352 habenturnet
3497 1288 3638 1341 saepe

2067 1352 2386 1407 substantia:
2419 1369 2616 1408 nomen
2649 1363 2708 1408 ut
2739 1371 2957 1422 sanum,
2993 1357 3226 1411 maxime
3261 1369 3482 1430 propter
3531 1360 3638 1415 Eu-

2067 1443 2204 1499 sebii
2229 1444 2538 1513 epistolam,
2574 1445 2898 1514 receperint,
2925 1445 3162 1514 majores
3182 1448 3313 1503 suos
3359 1465 3503 1505 nunc
3529 1453 3638 1504 cri-

2068 1535 2366 1602 minantur,
2425 1537 2568 1606 quod
2609 1537 2922 1606 huiusmodi
2989 1539 3098 1591 sint
3153 1539 3236 1592 usi
3267 1540 3465 1594 verbis.
3525 1541 3636 1597 imo

2067 1641 2192 1682 cum
2213 1628 2312 1695 ipsi
2341 1642 2558 1696 quoque
2591 1625 3041 1682 dixerintFilium
3069 1646 3190 1684 esse
3219 1629 3388 1685 Deum
3413 1648 3478 1686 ex
3506 1632 3634 1695 Dea,

2067 1733 2131 1773 ac
2165 1715 2398 1773 Verbum
2428 1719 2634 1781 vivens,
2667 1719 2984 1774 substantiae
3018 1719 3194 1775 Patris
3226 1723 3514 1793 imaginem
3543 1740 3638 1794 per
3673 1728 3678 1730 ’

2066 1809 2247 1864 omnia
2272 1810 2527 1877 similem,
2555 1809 2667 1880 jam
2725 1811 2972 1867 Nicamos
3006 1811 3194 1869 Patres
3252 1815 3634 1878 criminantur,

2065 1900 2208 1968 quod
2237 1901 2501 1968 dixerint,
2530 1918 2594 1957 ex
2649 1903 2982 1969 substantia,
3021 1921 3083 1960 ac
3115 1905 3634 1961 consubstantialem

389 1994 626 2065 νηθέντα
649 1994 726 2065 τῷ
751 1997 1123 2066 γεγεννηκότι.
1151 1997 1216 2049 Τί
1237 1997 1294 2050 δὲ
1324 1996 1632 2066 θαυμαστὸν
1659 1999 1707 2051 εἰ
1731 2001 1840 2062 τοῖς
1864 1997 1966 2070 πρὸ

2065 2005 2184 2045 esse
2210 1991 2440 2060 genitori
2466 1993 2726 2062 genitum.
2771 1992 2911 2058 Quid
2964 1995 3160 2047 mirum
3197 2004 3375 2049 autem
3422 1997 3464 2050 si
3510 2013 3633 2051 cum

387 2085 574 2140 αὐτῶν
610 2087 704 2140 καὶ
735 2091 848 2153 τοῖς
880 2090 1030 2152 ἰδίοις
1064 2091 1300 2160 πατράσι
1328 2091 1717 2163 διαμάχονται,
1744 2091 1877 2142 ὅπου
1906 2107 1970 2158 γε

388 2181 486 2232 καὶ
515 2181 671 2234 αὐτοὶ
694 2183 906 2245 ἑαυτοῖς
937 2181 1356 2252 ἐναντιούμενοι,
1372 2186 1482 2248 τοῖς
1513 2183 1719 2237 ἑαυτῶν
1745 2181 1973 2250 ιιτροσκό⁴

390 2286 650 2334 πτουσιν;
691 2270 998 2340 Ἐκθέμενοι
1045 2271 1152 2342 γὰρ
1178 2274 1234 2326 ὲν
1264 2275 1374 2336 τοῖς
1399 2271 1709 2342 λεγομένοις
1757 2271 1972 2338 Ἐγκαι-

387 2360 526 2423 νίοις
550 2363 608 2413 ὲν
646 2361 943 2432 Ἀντιοχείᾳ
972 2365 1069 2432 τῆς
1098 2363 1284 2426 οὐσίας
1320 2363 1416 2416 τοῦ
1464 2362 1675 2434 Πατρὸς
1726 2360 1971 2432 ἀπαράλ-

388 2451 589 2504 λακτον
623 2453 804 2506 εἰκόνα
837 2450 974 2507 εἶναι
1004 2454 1094 2506 τὸν
1121 2455 1262 2518 Υἱὸν,
1281 2455 1577 2526 ὀμόσαντες
1606 2472 1663 2508 τε
1832 2451 1972 2507 οὕτω

389 2546 632 2614 φρονεῖν,
654 2545 746 2597 καὶ
769 2545 1259 2616 ἀναθεματίσαντες
1284 2546 1604 2610 τοὺςᾶλλως
1623 2544 1968 2616 φρονοῦντας,

385 2634 526 2688 ἀλλὰ
559 2634 671 2706 γὰρ
705 2635 798 2687 καὶ
829 2637 886 2687 ἐν
912 2637 978 2705 τῇ
1025 2636 1268 2708 Ἰσαυρίᾳ
1296 2637 1601 2707 γράψαντες
1624 2654 1637 2666 ·
1671 2637 1746 2689 υύ
1779 2635 1972 2704 φεύγο-

389 2742 492 2796 μεν
519 2725 620 2796 τὴν
645 2726 953 2779 ὲκτεθεῖσαν
977 2725 1298 2798 αὐθεντικὴν
1322 2728 1501 2780 πίστιν
1524 2731 1582 2782 ὲν
1606 2729 1717 2791 τοῖς
1757 2729 1946 2796 Ἐγκαι

386 2819 523 2882 rion;
542 2821 655 2881 τοῖς
682 2818 823 2872 κατὰ
856 2820 1183 2890 Ἀντιόχειαν
1221 2821 1311 2886 (ἐν
1331 2821 1512 2884 αὐτοῖς
1539 2819 1594 2873 δὲ
1759 2820 1971 2891 ἐγράφη

383 2910 447 2962 τὸ
472 2913 578 2980 τῆς
608 2909 792 2974 οὐσίας
822 2911 1054 2982 ὄνομα),
1093 2909 1278 2981 ὥσπερ
1321 2910 1700 2980 ἐπιλαθόμενοι
1745 2910 1968 2974 τούτων,

386 3002 511 3070 μετ’
545 3001 731 3070 ὀλίγον
765 3003 822 3055 ὲν
851 3005 916 3074 τῇ
962 3002 1381 3074 αὐτῇκΊσαυρίᾳ
1406 3003 1663 3056 τάναντία
1705 3003 1968 3074 ἔγραψαν,

380 3095 661 3162 λέγοντες·
686 3094 759 3146 Τὸ
781 3093 1063 3164 όμοούσιον
1089 3096 1181 3148 καὶ
1201 3095 1261 3148 τὸ
1287 3094 1620 3164 ὁμοιοούσιον
1773 3094 1970 3148 ἐκϐάλ-

380 3187 574 3256 λομεν,
610 3185 687 3248 ὠς
711 3185 986 3256 ἀλλότριον
1007 3185 1112 3240 τῶν
1138 3185 1366 3256 Γραφῶν
1386 3203 1398 3215 ·
1439 3186 1532 3238 καὶ
1561 3186 1622 3238 τὸ
1653 3186 1750 3255 τῆς
1784 3186 1970 3250 οὐσίας

378 3279 554 3346 ὄνομα
610 3274 1003 3347 περιαιροῦμεν
1028 3317 1043 3342 ,
1093 3277 1168 3340 ὡς
1203 3277 1278 3348 μὴ
1311 3277 1557 3348 κείμενον
1587 3278 1644 3330 ὲν
1690 3279 1806 3340 ταῖς
1830 3279 1969 3348 Γρα-

381 3371 528 3436 φαῖς.

583 3458 680 3521 Τίς
717 3454 811 3512 οὖν
848 3457 928 3512 ἔτι
955 3459 1079 3522 τοὺς
1112 3461 1382 3524 τοιούτους
1427 3462 1783 3530 Χριστιανοὺς
1830 3461 1970 3532 ἡγή-

391 3563 571 3610 σεται;
608 3546 680 3598 Ἢ
714 3546 840 3600 ποία
871 3547 1055 3610 πίστις
1084 3549 1230 3620 παρὰ
1260 3549 1488 3614 τούτοις,
1526 3550 1654 3620 παρ’
1680 3545 1760 3613 οἷς
1790 3550 1850 3603 οὐ
1877 3549 1967 3602 λό-

402 3654 512 3704 γος,
537 3639 598 3690 οὐ
628 3638 870 3709 γράμμα
919 3638 1155 3710 βέϐαιον,
1201 3639 1336 3694 ἀλλὰ
1385 3642 1561 3695 πάντα
1603 3641 1742 3694 κατὰ
1781 3641 1968 3711 καιρὸν

409 3726 712 3782 ἀλλάσσεται
743 3730 834 3782 καί
869 3730 1261 3799 μεταὸάλλεται
1312 3745 1328 3792 ;
1479 3732 1542 3784 Εἰ
1562 3731 1689 3802 γὰρ,
1722 3725 1767 3785 ὦ
1810 3729 1968 3786 Ἀκάο

401 3830 478 3865 κιε
499 3815 589 3868 καὶ
633 3816 873 3880 Εὐδόξιε,
911 3817 972 3870 οὐ
1001 3818 1229 3886 φεύγετε
1270 3819 1368 3890 τὴν
1407 3818 1715 3874 ὲκτεθείσαν
1756 3821 1813 3872 ὲν
1855 3823 1968 3884 τοῖς

405 3907 725 3974 Ἑγκαινίοις
766 3908 969 3971 πίστιν,
1015 3911 1074 3962 ἐν
1107 3910 1242 3982 αὐτῇ
1275 3911 1331 3964 δὲ
1383 3912 1712 3981 γέγραπται,
1769 3913 1968 3978 Οὐσίας

383 3995 804 4066 ἀπαράλλακτος
851 3997 1015 4050 εἰκὼν
1044 4000 1072 4051 ὁ
1113 3999 1272 4064 Υἱός·
1320 4000 1436 4064 πῶς
1489 4004 1547 4055 ἐν
1594 4005 1660 4072 τῇ
1727 4004 1968 4075 Ἰσαυρίᾳ

383 4089 646 4159 γράφετε,
691 4089 1051 4160 Ἐκὸάλλομεν
1074 4090 1138 4144 τὸ
1165 4091 1449 4162 όμοούσιον
1487 4113 1500 4160 ;
1645 4095 1706 4146 Εἰ
1741 4094 1848 4165 γὰρ
1869 4095 1966 4149 οὐκ

380 4180 497 4231 ἔστι
534 4180 656 4232 κατ’
687 4181 874 4234 οὐσίαν
901 4181 1084 4251 ὅμοιος
1103 4183 1131 4234 ό
1161 4183 1288 4246 Υἱὸς
1307 4181 1385 4252 τῷ
1418 4184 1612 4255 Πατρί,
1647 4184 1760 4247 πῶς
1789 4187 1962 4257 ἁπαρο

378 4269 648 4334 άλλακτος
676 4272 776 4342 τῆς
796 4273 988 4335 οὐσίας
1027 4272 1188 4327 εἰκών
1216 4276 1363 4328 ἐστιν
1391 4293 1406 4334 ;
1453 4277 1516 4331 Εἰ
1553 4276 1608 4329 δὲ
1641 4278 1963 4347 μετέγνωτε,

376 4364 694 4434 γράψαντες
721 4366 800 4428 τὸ,
831 4367 930 4436 τῆς
962 4366 1149 4430 οὐσίας
1179 4367 1596 4437 ἀπαράλλακτος
1627 4368 1815 4424 εἰκὼνο
1850 4370 1965 4434 πῶς

376 4454 805 4524 ἀναϐεματίζετε
831 4457 958 4519 τοὺς
990 4457 1240 4526 ἀνόμοιον
1267 4453 1406 4512 εἶναι
1440 4457 1694 4526 λέγοντας
1875 4460 1966 4516 τὸν

377 4542 546 4605 Υἱόν;
584 4543 645 4596 Εἰ
691 4544 798 4615 γὰρ
841 4545 938 4613 οὐχ
971 4546 1153 4615 ὅμοιος
1187 4548 1306 4600 κατ’
1349 4548 1569 4613 οὐσίαν,
1611 4550 1828 4614 πάντως
1871 4551 1964 4604 ἀν-

377 4630 570 4700 όμοιός
593 4633 732 4686 ἐστι.
766 4634 838 4686 Τὸ
861 4633 917 4685 δὲ
949 4634 1200 4705 ἀνόμοιον
1227 4638 1326 4690 οὐκ
1361 4637 1426 4691 ἂν
1472 4638 1557 4708 εἴη
1595 4639 1776 4693 εἰκών.
1812 4642 1875 4694 Εἰ
1903 4641 1962 4695 δὲ

377 4722 523 4777 οὔτω
543 4723 668 4776 καθ’
698 4725 841 4794 ὑμᾶς
874 4726 1041 4790 ἐστιν,
1068 4728 1167 4780 οὐκ
1197 4728 1306 4800 ἄρα
1345 4729 1373 4780 ό
1406 4730 1497 4782 τὸν
1542 4729 1669 4782 Υἱὸν
1707 4725 1968 4802 ἑωρακὼς

378 4811 595 4882 ἑώρακε
621 4812 716 4867 τὸν
742 4815 982 4884 Πατέρα,
1010 4815 1266 4886 πλείστης
1293 4818 1425 4889 ὅσης
1466 4816 1630 4889 οὔσης
1672 4817 1956 4891 διαφορᾶς·

383 4906 586 4975 μᾶλλον
616 4906 674 4959 δὲ
704 4906 766 4960 τὸ
796 4907 914 4961 ὅλον
943 4907 1093 4972 ὄντος
1118 4910 1307 4964 τούτου
1348 4913 1484 4983 πρὸς
1513 4913 1720 4965 ἐκεῖνον
1866 4914 1961 4968 ἀν-

377 4998 590 5067 ομοίου.
621 4995 693 5050 Τὸ
740 4997 794 5051 δὲ
829 4999 1080 5070 ἀνόμοιον
1107 5002 1203 5072 οὐχ
1229 4997 1338 5056 οἷόν
1382 5021 1439 5056 τε
1471 5005 1652 5074 ὅμοιον
1685 5004 1956 5072 λέγεσθαι.

378 5089 519 5159 Ποία
539 5088 717 5141 τοίνυν
752 5094 966 5162 μηχανῇ
997 5093 1056 5145 τὸ
1076 5093 1325 5163 ἀνόμοιον
1344 5093 1528 5164 ὅμοιον
1549 5094 1756 5162 λέγετε,
1786 5097 1878 5149 καὶ
1901 5095 1960 5148 τὸ

378 5180 567 5248 ὅμοιον
598 5178 850 5249 ἀνόμοιον
874 5184 1120 5250 φρονεῖτε
1138 5222 1152 5244 ,
1196 5181 1291 5234 καὶ
1329 5181 1684 5252 ὑποκρίνεσθε
1713 5182 1959 5249 λέγοντες

380 5269 564 5322 εἰκόνα
588 5265 726 5323 εἶναι
753 5269 848 5324 τοῦ
878 5271 1089 5343 Πατρός
1131 5271 1222 5324 τὸν
1255 5272 1416 5336 Υἰόν;
1451 5273 1514 5324 Εἰ
1553 5273 1659 5344 γὰρ
1701 5274 1799 5326 οὐκ
1843 5273 1957 5327 ἐστι

379 5363 502 5414 κατ’
523 5361 711 5413 οὐσίαν
737 5362 922 5432 ὅμοιος
955 5364 982 5414 ὀ
1018 5363 1142 5426 Υἱὸς
1163 5363 1253 5417 τοῦ
1283 5363 1529 5434 Πατρὸς,
1578 5363 1752 5418 λείπει
1791 5383 1842 5418 τι
1889 5369 1955 5437 τῇ

376 5451 570 5517 εἰκόνι,
589 5453 682 5506 καὶ
697 5455 799 5507 οὐκ
821 5453 935 5506 ἔστι
968 5455 1179 5524 πλήρης
1211 5453 1394 5518 εἰκὼν,
1419 5455 1539 5510 οὐδὲ
1557 5455 1756 5508 τέλειον
1779 5457 1956 5510 ἀπαύ-

377 5561 586 5615 γασμα.
629 5547 751 5610 Πῶς
774 5545 868 5600 οἷν
897 5544 1295 5614 ἀναγινώσκετε
1329 5547 1408 5611 τὸ,
1455 5567 1472 5597 ι
1524 5549 1611 5600 Ἐν
1646 5548 1794 5620 αὐτῷ
1821 5567 1954 5603 κατ-

377 5639 516 5689 οικεῖ
547 5639 652 5690 πᾶν
684 5639 744 5691 τὸ
794 5638 1063 5710 πλήρωμα
1096 5641 1197 5709 τῆς
1237 5641 1487 5711 Θεότητος
1535 5643 1888 5712 σωματικῶς·
1931 5665 1948 5696 ι

381 5730 491 5792 καὶ,
516 5749 532 5778 ι
559 5729 652 5782 Ἐκ
672 5730 766 5783 τοῦ
799 5729 1156 5802 πληρώματος
1184 5733 1345 5785 αὐτφῦ
1370 5735 1522 5801 ἡμεῖς
1549 5734 1748 5800 πάντες
1768 5735 1952 5790 ἐλάϐο-

468 5885 481 5914 ‘
519 5886 673 5938 i‘rtw.
713 5902 807 5949 ut,
840 5885 926 5939 9.2.

2066 2083 2390 2152 majoribus,
2423 2093 2475 2137 et
2508 2099 2631 2138 cum
2667 2085 2916 2154 patribus
2949 2085 3065 2140 suis
3089 2094 3371 2155 pugnant,
3403 2087 3492 2140 ubi
3531 2088 3631 2155 ipsi

2067 2190 2252 2230 secum
2285 2185 2603 2231 concertant
2647 2177 2700 2231 in
2744 2193 2909 2247 seque
2943 2178 3088 2247 ipsos
3115 2177 3466 2248 impingunt?
3496 2178 3631 2232 Cum

2064 2264 2208 2318 enim
2240 2265 2540 2321 Antiochia:
2567 2265 2620 2320 in
2655 2265 2947 2332 Encamiis,
2987 2275 3043 2320 ut
3089 2276 3316 2330 vocant,
3361 2268 3635 2322 declaras-

2065 2367 2186 2412 scnt
2220 2357 2417 2412 Filium
2446 2374 2566 2413 esse
2593 2358 2912 2414 substantia:
2949 2356 3127 2412 Patris
3188 2358 3305 2413 sine
3337 2357 3443 2412 ulla
3473 2359 3634 2413 dissi-

2067 2448 2372 2504 militudine
2397 2447 2713 2518 imaginem,
2756 2448 3145 2519 jurassentque
3175 2463 3233 2504 sc
3283 2449 3354 2504 ita
3407 2449 3630 2511 sentire,

2066 2556 2132 2595 ac
2165 2555 2262 2596 eos
2293 2541 2386 2610 qui
2410 2540 2566 2594 aliter
2589 2540 2852 2595 sentirent
2875 2539 3220 2595 anathemate
3257 2540 3627 2603 damnassent,

2067 2630 2177 2684 imo
2197 2631 2248 2684 in
2275 2631 2480 2686 Isauria
2515 2632 2902 2699 scripsissent:
2935 2629 3050 2684 Non
3089 2630 3389 2702 refugimus
3407 2633 3633 2686 authen-

2066 2723 2226 2776 ticam
2262 2722 2418 2776 [idem
2481 2724 2535 2777 in
2583 2722 2853 2778 Encaeuiis
2900 2711 3203 2778 Antiochia:
3245 2723 3443 2778 editam
3493 2723 3635 2793 (illic

2063 2822 2244 2867 autem
2263 2813 2583 2868 substantia:
2602 2829 2796 2867 nomen
2814 2813 3076 2883 scriptum
3100 2811 3234 2882 est),
3257 2813 3419 2866 veluti
3444 2828 3631 2866 eorum

2067 2902 2438 2969 immemores,
2469 2904 2629 2973 paulo
2651 2913 2771 2973 post
2797 2904 2985 2974 inipsa
3005 2904 3214 2959 lsauria
3245 2903 3312 2959 iis
3342 2905 3635 2959 adversan-

2065 2993 2136 3048 tia
2156 2995 2552 3072 eonscripsere,
2580 2997 2807 3058 scilicet,
2862 2995 3147 3067 ὀμοούσιον
3191 3005 3245 3050 ει
3281 2994 3632 3066 ὁμοιοούσιον,

2065 3087 2168 3140 hoc
2191 3096 2293 3152 est,
2344 3089 2810 3144 consubstantiale
2860 3097 2916 3143 et
2965 3089 3272 3144 substantia
3307 3088 3504 3152 simile,
3543 3097 3634 3142 ut—

2065 3186 2190 3246 pote
2217 3193 2248 3231 a
2299 3178 2597 3249 Scripturis
2631 3181 2829 3246 aliena,
2883 3180 3180 3248 rejicimus,
3231 3189 3283 3234 et
3313 3179 3633 3233 substantia!

2062 3285 2260 3323 nomen
2285 3269 2350 3323 de
2373 3270 2551 3325 medio
2579 3271 2818 3326 tollimus
2843 3312 2856 3338 ,
2881 3271 3080 3341 quippe
3098 3286 3221 3326 cum
3251 3271 3304 3324 in
3338 3269 3634 3341 Scripturis

1998 3401 2039 3454 η
2063 3377 2170 3415 non
2199 3363 2503 3431 reperiatur

2257 3452 2392 3519 Quis
2436 3453 2602 3524 igitur
2653 3454 2798 3508 viros
2844 3453 3158 3524 ltujusmodi
3210 3454 3436 3508 ulterius
3477 3453 3632 3508 Chri-

2065 3546 2272 3599 stianos
2304 3546 2671 3600 existimabit?
2717 3545 2824 3600 Aut
2862 3561 2984 3614 quae
3013 3545 3167 3610 tides,
3199 3544 3338 3614 apud
3366 3561 3503 3615 quos
3537 3560 3638 3598 nec

2060 3638 2250 3701 verba,
2284 3653 2382 3692 ncc
2416 3638 2619 3706 scripta
2651 3639 2803 3691 tirma
2850 3645 3000 3700 sunt,
3028 3638 3122 3692 sed
3154 3639 3336 3692 omnia
3371 3653 3465 3706 pro
3497 3645 3634 3690 tem-

2060 3728 2212 3796 poris
2253 3727 2464 3782 ratione
2503 3735 2789 3782 mutantur
2810 3737 2862 3781 et
2895 3727 3276 3781 invertuntur?
3307 3727 3362 3779 Si
3390 3727 3559 3789 enim,
3600 3743 3634 3779 o

2060 3816 2220 3870 Aeaci
2264 3827 2317 3869 et
2349 3815 2580 3880 Eudoxi,
2612 3832 2718 3869 non
2754 3816 3005 3886 refugitis
3032 3817 3333 3885 expositam
3367 3815 3420 3868 in
3445 3815 3634 3871 Enear-

2061 3909 2170 3964 nin's
2197 3908 2378 3971 ﬁdem,
2411 3909 2463 3961 in
2496 3923 2670 3977 caque
2700 3909 2963 3977 scriptum
3002 3917 3105 3968 est.
3130 3907 3326 3961 Filium
3352 3924 3474 3963 esse
3496 3909 3630 3963 sub-

2063 4003 2274 4057 stantia:
2297 4000 2472 4056 Patris
2509 4001 2628 4057 sinc
2681 4001 3043 4071 discrepantia
3086 4001 3376 4071 imaginem
3401 4041 3414 4065 ,
3447 4017 3546 4056 cur
3577 4000 3630 4054 in

2062 4093 2268 4148 Isauria
2296 4093 2558 4154 scribitis,
2599 4093 2876 4161 rejicimus
2930 4091 3255 4162 όμοούσιονῖ
3312 4089 3368 4145 Si
3396 4107 3634 4162 namque

2063 4184 2232 4238 Filius
2260 4183 2562 4239 secundum
2588 4183 2949 4238 substantiam
2977 4181 3124 4236 Patri
3171 4182 3368 4238 similis
3389 4198 3497 4235 non
3530 4193 3630 4246 est,

2059 4276 2151 4343 qui
2183 4275 2504 4330 substantiae
2535 4275 2712 4345 imago
2741 4274 2846 4328 erit
2885 4274 3002 4327 sine
3047 4272 3451 4342 discrepantia?
3477 4273 3630 4340 Quod

2059 4365 2102 4419 si
2129 4381 2224 4418 vos
2249 4365 2502 4435 paenituit
2537 4365 2846 4434 scripsisse,
2872 4381 2994 4418 cum
3023 4380 3147 4418 esse
3173 4364 3292 4418 sine
3318 4365 3634 4433 discrepan-

2060 4458 2131 4510 tia
2168 4456 2486 4510 substantiae
2514 4457 2830 4524 imaginem,
2855 4471 2952 4510 cur
2991 4457 3340 4510 anathemate
3362 4456 3635 4511 damnatis

2057 4562 2151 4600 eos
2182 4547 2273 4615 qui
2320 4547 2510 4599 dicunt
2560 4545 2757 4598 Filium
2809 4560 2931 4600 esse
2979 4543 3127 4599 Patri
3159 4545 3530 4599 dissimilem?
3575 4545 3633 4600 Si

2059 4638 2204 4692 cnim
2233 4637 2426 4691 sitnilis
2456 4652 2562 4690 non
2593 4645 2677 4689 cst
2711 4635 3013 4690 secundum
3043 4635 3406 4690 substantiam
3433 4677 3446 4700 ,
3475 4637 3635 4705 plane

2058 4729 2342 4785 dissimilis
2367 4737 2468 4782 est.
2502 4727 2655 4794 Quod
2681 4727 3161 4783 autem‘dissimilc
3197 4735 3314 4791 est,
3351 4744 3631 4798 nunquam

2059 4819 2240 4889 imago
2268 4818 2449 4873 fuerit.
2489 4818 2608 4882 Sin,
2642 4819 2718 4873 uti
2772 4832 2870 4873 vos
2893 4817 3095 4885 dicitis,
3120 4818 3190 4873 ita
3226 4833 3283 4873 sc
3307 4834 3396 4874 res
3446 4820 3630 4888 habet,

2059 4927 2247 4967 verum
2288 4927 2418 4984 ergo
2457 4926 2566 4964 non
2591 4911 2798 4981 estqui
2851 4910 2986 4964 vidit
3009 4909 3244 4974 Filium,
3285 4910 3494 4966 Patrem
3548 4914 3634 4968 νίς

2059 5004 2228 5070 disse,
2264 5018 2389 5058 cum
2421 5004 2588 5057 multa
2624 5003 2764 5058 inter
2802 5010 3096 5073 utrumque
3137 5006 3210 5058 sit
3241 5004 3629 5075 discrepantia,

2060 5097 2172 5152 imo
2191 5096 2374 5166 p0tius
2406 5096 2496 5150 hic
2525 5095 2596 5151 sit
2625 5095 2701 5150 illi
2734 5096 2960 5150 omnino
2993 5096 3299 5152 dissimilis.
3333 5096 3487 5163 Quod
3533 5114 3634 5153 au-

2060 5196 2165 5242 tem
2221 5185 2488 5241 dissimile
2541 5194 2645 5252 est,
2681 5186 2859 5242 simile
2891 5202 3172 5256 nunquam
3219 5187 3457 5242 dicatur.
3511 5186 3630 5253 Quo

2062 5287 2220 5347 pacto
2247 5277 2411 5349 igitur
2441 5277 2706 5333 dissimile
2728 5278 2909 5334 dicitis
2933 5279 3134 5346 simile,
3169 5290 3220 5333 ct
3245 5279 3424 5334 simile
3462 5279 3625 5332 dissi-

2057 5368 2184 5423 mile
2213 5369 2562 5432 existimatis,
2587 5384 2652 5423 ac
2676 5369 3023 5425 simulatione
3059 5370 3141 5424 usi
3171 5369 3353 5424 dicitis
3374 5409 3388 5433 ,
3427 5366 3652 5420 Fil’nm-

2056 5472 2178 5512 esse
2203 5456 2383 5512 Patris
2411 5458 2747 5529 imaginem?
2792 5459 2848 5513 Si
2881 5461 3025 5515 enim
3047 5459 3227 5513 Filius
3269 5473 3372 5510 non
3421 5466 3503 5509 est
3543 5472 3627 5509 sc—

2055 5549 2296 5604 cundum
2334 5551 2695 5606 substantiam
2741 5552 2918 5607 Patris
2971 5551 3189 5614 similis,
3238 5548 3440 5620 aliquid
3495 5561 3626 5599 sane

2058 5642 2277 5712 imagini
2308 5642 2508 5707 deﬁcit,
2539 5657 2713 5712 neque
2739 5651 2822 5696 est
2861 5642 3016 5711 plena
3054 5641 3254 5710 imago,
3305 5652 3410 5691 non
3449 5632 3624 5704 perfe-

2058 5741 2178 5788 ctus
2213 5734 2486 5804 splendor.
2518 5733 2628 5787 Cur
2654 5735 2835 5802 itaque
2871 5733 2973 5786 hoc
3004 5731 3182 5798 legitis
3213 5748 3224 5782 :
3259 5748 3275 5778 ι
3311 5729 3370 5782 In
3399 5727 3516 5796 ipso
3542 5722 3624 5774 iu-
