4058 6442
303 437 403 504 469

1297 442 1676 508 PANOPLIA
1710 442 2173 506 DOGMATICA.
2221 469 2290 482 -
2327 446 2476 509 TlT.
2521 447 2608 508 XI

3375 380 3400 421 ἱ

3507 448 3574 512 4E
3586 452 3646 516 θ’·

383 555 524 612 Ἀλλ’
586 555 842 631 ἀσαφὴς,
909 557 1096 629 ¹φασὶν,
1157 557 1309 612 tactv
1371 559 1503 630 ἡμῖν
1557 559 1666 612 τῶν
1724 557 1904 630 τοιού-

2080 557 2210 624 Sed,
2263 557 2439 625 aiunt,
2492 561 2724 617 obscura
2778 563 2939 620 nobis
2999 571 3084 620 est
3145 562 3346 619 horum
3386 561 3630 634 verbo--

305 668 410 707 τω
459 649 670 715 λέξεων
715 652 754 722 ἡ
797 652 1030 708 διάνοια.
1064 651 1181 707 Καὶ
1231 651 1391 706 τοῦτο
1435 652 1544 722 γὰρ
1600 650 1902 721 προεφασί-

319 763 493 811 uno,
519 746 784 815 λέγοντες
807 787 822 811 ,
850 749 966 811 ὅτι,
1011 747 1086 819 μὴ
1129 747 1412 819 δυνάμενοι
1445 744 1771 816 καταλαϐεῖν
1803 743 1900 812 τὴν

318 837 612 909 ἑρμηνείαν
660 838 878 904 αὐτῶν,
937 840 1270 912 ἐκϐάλλομεν
1300 837 1504 902 ταύτας
1553 837 1650 901 τὰς
1708 834 1901 900 λέξεις-

319 930 486 983 Τοῦτο
517 929 578 984 δὲ
605 930 658 982 εί
691 929 914 1001 ἀληθῶς
946 930 1130 1000 ἔλεγον
1153 971 1168 995 ,
1193 930 1294 984 οὐκ
1331 929 1439 983 ἔδει
1476 928 1654 999 λέγειν
1683 927 1899 999 αὐτοὺς,

329 1018 704 1090 Ἐκεάλλομεν
735 1019 974 1084 ταύτας-
1007 1021 1121 1076 ἀλλ’
1161 1021 1347 1091 ἠξίουν
1526 1018 1718 1092 μαθεῖν
1752 1016 1902 1090 παρά

317 1111 421 1174 τῶν
442 1111 857 1184 ἐπισταμένων,
883 1113 1009 1166 ἐπεὶ
1037 1111 1309 1182 ὀφείλουσι
1340 1128 1426 1180 γε,
1451 1111 1546 1166 καὶ
1574 1111 1717 1182 ἅπερ
1742 1109 1807 1164 ἂν
1845 1109 1904 1164 ἐν

328 1205 436 1264 ταῖς
460 1201 643 1265 θείαις
670 1203 914 1274 Γραιραὶς
941 1201 1015 1276 μὴ
1044 1204 1305 1275 νοήσωσιν
1333 1202 1631 1268 ἐκϐάλλειν,
1653 1202 1746 1255 καὶ
1768 1217 1902 1273 κατ-

308 1295 539 1374 ιηγορεῖν
590 1295 720 1357 τοὺς
775 1293 1090 1364 γράψαντας
1309 1293 1471 1349 αὐτὰ.
1532 1291 1692 1346 Ἀλλὰ
1747 1291 1904 1346 τοῦτο

305 1379 527 1455 ’μᾶλλον
561 1383 879 1454 αίρετικῶν,
908 1387 1002 1440 καὶ
1029 1387 1127 1456 οὐχ
1153 1383 1310 1456 ἡμῶν
1330 1384 1439 1438 τῶν
1475 1381 1819 1454 Χριστιανῶν
1845 1381 1906 1436 τὸ

317 1477 601 1546 τόλμημα.
638 1477 707 1528 Ἀ
740 1476 848 1548 γὰρ
868 1477 1168 1548 ἀγνοοῦμεν
1201 1479 1260 1530 ἐν
1291 1479 1403 1540 τοῖς
1420 1476 1618 1544 λογίοις
1637 1517 1652 1544 ,
1679 1476 1777 1529 οὐκ
1809 1477 1904 1529 ὲκη

318 1567 619 1638 ϐάλλομεν,
647 1567 784 1623 ἀλλὰ
811 1569 1080 1640 ζητοῦμεν
1108 1567 1202 1632 οὓς
1224 1568 1572 1638 ἀπεκάλυψεν
1731 1569 1760 1620 ό
1791 1566 1905 1621 Κύ-

320 1677 458 1731 ριος,
489 1661 587 1713 καὶ
616 1661 746 1730 παρ’
780 1659 958 1714 αὐτῶν
981 1659 1270 1731 μανθάνειν
1295 1660 1573 1733 ἀξιοῦμεν.
1605 1658 1821 1728 Ἐπειδὴ
1848 1657 1906 1713 δὲ

319 1749 417 1803 καὶ
455 1749 606 1803 οὕτω
635 1749 1060 1820 προφασίζονται
1083 1750 1182 1821 τὴν
1206 1749 1474 1819 ἀσάφειαν
1506 1747 1614 1802 τῶν
1647 1747 1905 1802 τοιούτων

317 1841 523 1906 λέξεων
547 1883 562 1908 ,
600 1840 1035 1912 όμολογείτωσαν
1071 1839 1202 1912 γοῦν
1226 1840 1294 1894 τὰ
1319 1840 1476 1904 εὐθὺς
1514 1840 1904 1912 ἐπιφερόμενα,

2009 665 2129 704 rum
2183 652 2480 708 sententia.
2520 651 2593 708 Ea
2626 655 2770 710 enim
2821 653 2923 712 fuit
2964 656 3140 712 futilis
3190 656 3496 712 hominum
3521 672 3620 712 ex-

2015 736 2230 792 cusatio
2265 751 2279 790 :
2313 753 2438 794 cum
2474 753 2583 814 non
2608 740 2884 809 possimus
2937 740 3230 796 verborum
3264 739 3605 809 interpreta-

2017 827 2219 882 tionem
2247 830 2487 900 assequi,
2517 829 2606 885 illa
2638 831 2941 902 rejicimus.
2970 831 3037 886 At
3073 831 3119 886 si
3153 831 3372 886 sincero
3399 830 3602 900 [caque-

2018 929 2206 976 reutur
2244 922 2448 991 animo,
2480 937 2588 977 non
2617 921 2822 978 dictum
2861 922 3124 992 oportuit,
3157 919 3247 976 illa
3272 921 3602 990 rejicimus;

2012 1011 2108 1069 sed
2332 1013 2658 1069 sciscitaturi
2692 1025 2848 1069 erant
2875 1022 2935 1070 ut
2966 1031 2994 1068 a
3031 1014 3220 1084 peritis
3248 999 3599 1070 ediscerent}

2015 1105 2220 1176 alioqui
2260 1106 2509 1177 rejiciant
2541 1106 2804 1179 quidquid
2825 1107 2878 1161 in
2903 1107 3203 1177 Scripturis
3257 1106 3456 1162 divinis
3482 1122 3589 1163 non

2015 1196 2342 1268 intelligunt,
2374 1213 2578 1271 eosque
2609 1201 2700 1272 qui
2761 1200 2854 1256 illa
2887 1198 3156 1270 scripsere
3209 1197 3587 1253 criminentur.

2017 1289 2120 1345 Sed
2150 1290 2520 1346 haereticorum
2552 1293 2731 1363 potius
2764 1307 2929 1363 quam
2971 1299 3221 1346 nostrum
3243 1289 3586 1346 Christiano-
3613 1305 3616 1307 λ

2015 1399 2136 1440 rum
2178 1381 2342 1438 fuerit
2371 1384 2598 1440 audacia
2641 1384 2933 1456 ejusmodi.
2980 1384 3113 1450 Qum
3154 1383 3300 1438 enim
3335 1383 3387 1438 in
3417 1385 3589 1440 sacris

2013 1475 2246 1545 eloquiis
2274 1491 2382 1530 non
2425 1475 2798 1549 intelligimus,
2829 1493 2935 1531 non
2980 1476 3102 1531 ideo
3131 1475 3434 1546 rejicimus,
3495 1476 3586 1531 sed

2014 1568 2082 1623 ab
2118 1567 2184 1622 iis
2211 1568 2532 1638 quaerimus,
2575 1569 2644 1624 ab
2675 1570 2742 1624 iis
2768 1569 3013 1625 ediscere
3047 1567 3414 1638 postulamus,
3467 1567 3589 1638 qui-

2013 1662 2116 1716 bus
2140 1659 2403 1717 Dominus
2435 1660 2710 1716 revelavit.
2741 1660 2959 1725 Verum,
2983 1658 3110 1729 quia
3143 1674 3262 1714 eam
3295 1659 3586 1713 verborum

2011 1756 2398 1812 obscuritatem
2431 1761 2755 1824 praetexunt,
2791 1751 3066 1808 fateantur
3088 1767 3218 1824 ergo
3243 1767 3364 1822 quae
3404 1752 3588 1807 statim

2013 1847 2343 1911 inferuntur,
2404 1855 2458 1902 et
2515 1846 2861 1914 anathemate
2899 1847 3158 1903 damnent
3199 1861 3294 1900 eos
3323 1845 3418 1915 qui
3465 1861 3590 1901 sen-

318 1934 413 1990 καὶ
435 1932 988 2004 άναθεματιζέτωσαν
1009 1933 1136 1998 τοὺς
1158 1930 1510 2004 φρονοῦντας,
1536 1931 1595 1999 ἐξ
1613 1933 1714 1984 οὐκ
1736 1930 1905 1984 ὄντων

2016 1939 2171 2001 Iiunt,
2192 1955 2258 1994 ex
2282 1955 2390 1994 non
2425 1939 2767 1995 exstantibus
2792 1954 2913 1996 esse
2941 1937 3163 2006 Filium,
3189 1948 3242 1992 et
3281 1951 3389 1992 non
3418 1935 3588 1994 fuisse

321 2023 460 2080 εἶναι
493 2026 586 2080 τὸν
620 2026 772 2090 Υίδν,
822 2027 936 2090 καὶ,
968 2026 1082 2080 Οὐκ
1106 2021 1175 2096 ἦν
1221 2023 1349 2098 πρὶν
1379 2025 1649 2094 γεννηθῇ,
1689 2022 1784 2077 καὶ
1823 2022 1906 2076 ὅτι

322 2119 532 2188 κτίσμα
563 2117 662 2170 καὶ
704 2117 916 2188 ποίημά
955 2119 1103 2171 ἐστιν
1134 2118 1162 2170 ὁ
1200 2116 1294 2172 τοῦ
1341 2116 1474 2173 Θεοῦ
1519 2114 1692 2185 Λόγος
1719 2133 1732 2146 ·
1788 2114 1903 2182 καὶ,

325 2210 577 2280 Τρεπτός
609 2209 728 2263 ἐστι
910 2211 977 2280 τῇ
1008 2207 1200 2278 φύσει·
1243 2208 1370 2272 καὶ,
1411 2207 1498 2274 Ἐξ
1538 2207 1727 2278 ἐτέρας
1769 2207 1904 2262 ὑπο-

327 2301 574 2366 στάσεως
595 2319 610 2330 ·
640 2300 733 2354 καὶ
761 2300 898 2364 ὅλως
921 2298 1462 2371 ἀναθεματιζέτωσαν
1487 2316 1586 2370 την
1626 2297 1906 2372 Ἀρειανὴν

327 2395 563 2463 αἰρεσιν,
590 2391 691 2462 τὴν
715 2389 1052 2462 ὲφευροῢσαν
1073 2390 1169 2462 τὴν
1199 2388 1451 2462 τοιαύτην
1635 2385 1907 2444 άσέὗειαν.

327 2485 435 2536 Καὶ
471 2481 664 2536 λοιπὸν
713 2482 788 2553 μὴ
825 2481 1152 2551 λεγέτωσαν,
1193 2479 1555 2552 Ἐκὸάλλομεν
1591 2478 1688 2544 τὰς
1712 2478 1906 2547 λέξεις,

326 2573 439 2626 ἀλλ’
467 2574 553 2628 ὃτι
575 2571 743 2624 Οὖπω
772 2569 997 2641 νοοῦμεν
1025 2569 1192 2633 αὐτάς
1211 2585 1224 2597 ·
1249 2569 1337 2624 ἵνα
1363 2567 1506 2623 οὕτω
1528 2567 1759 2638 πιθανήν
1786 2584 1910 2621 τινα

325 2666 605 2736 πρόφασιν
632 2663 796 2733 ἔχωσι
828 2663 922 2717 τοῦ
942 2659 1325 2733 παραιτεῖσθαι
1356 2659 1578 2723 ταύτας.
1608 2653 1682 2712 Εὖ
1711 2659 1766 2712 δὲ
1789 2653 1907 2714 οἶδα

325 2756 419 2810 καὶ
451 2754 782 2824 πέπεισμαι,
819 2753 910 2806 καὶ
938 2753 1090 2806 αὐτοὶ
1123 2752 1180 2805 δὲ
1212 2749 1367 2804 τοῦτο
1413 2749 1795 2820 γινώσκουσιν,
1826 2750 1908 2803 ὅτι

321 2846 500 2902 ταῦτα
551 2844 651 2900 ἐὰν
716 2843 1113 2916 ὁμολογήσωσι,
1172 2844 1264 2906 καὶ
1317 2842 1752 2914 ἀναθεματίσωσι
1810 2843 1908 2914 τὴν

335 2936 626 3009 Ἀρειανὴν
657 2935 894 3006 αἵρεσιν,
927 2935 1026 2988 οὐκ
1046 2921 1371 3006 ἀρνήσονται
1395 2931 1651 2996 κάκείνας
1683 2930 1782 2996 τὰς
1810 2933 1909 3002 τῆς

325 3031 546 3084 συνόδου
582 3027 778 3093 λέξεις.
807 3027 904 3081 Διὰ
928 3027 1086 3080 τοῦτο
1111 3024 1220 3097 γὰρ
1248 3025 1342 3078 καὶ
1371 3027 1419 3078 οἱ
1449 3023 1689 3096 Πατὲρες
1709 3065 1724 3090 ,
1755 3025 1908 3097 εἰρηο

323 3125 481 3186 κότες
507 3123 576 3174 ἐκ
601 3121 701 3192 τῆς
731 3120 918 3184 οὐρίας
940 3118 1196 3191 γεννητὸν
1223 3117 1314 3171 τὸν
1347 3117 1478 3170 Υίὸν
1522 3117 1803 3188 όμοούσιον
1831 3117 1910 3190 τῷ

325 3214 524 3283 Πατρὶ,
558 3211 725 3272 εὐθὺς
744 3210 1023 3278 ἐπήγαγον
1045 3223 1059 3238 ·
1094 3207 1220 3271 τοὺς
1246 3205 1304 3270 δὲ
1342 3204 1598 3274 λέγοντας
1629 3203 1698 3258 τὰ
1729 3219 1907 3274 προει-

2012 2042 2302 2102 antequam
2338 2033 2670 2103 gigneretur,
2721 2041 2777 2087 et
2828 2040 3139 2087 creaturam
3193 2030 3587 2100 opiﬁciumque

2011 2140 2133 2186 esse
2168 2125 2258 2180 Dei
2307 2123 2594 2184 Verbum:
2641 2138 2836 2184 natura
2887 2128 3152 2183 mutabile
3213 2142 3358 2193 esse,
3427 2135 3482 2182 et
3516 2141 3580 2181 ex

2011 2217 2116 2279 alia
2145 2217 2448 2278 substantia
2476 2237 2490 2286 ;
2518 2217 2848 2288 demumque
2892 2217 3151 2272 Arianam
3184 2217 3446 2272 damnent
3477 2216 3584 2270 ha:-

2011 2312 2177 2369 resim
2219 2327 2340 2382 quae
2379 2310 2694 2382 huiusmodi
2742 2310 3071 2378 impietatem
3128 2307 3476 2380 excogitavit.
3509 2305 3586 2364 Ne

2011 2405 2196 2464 dicant
2217 2402 2491 2472 deinceps,
2527 2399 2604 2455 Ea
2639 2399 2798 2455 verba
2835 2399 3107 2471 rejicimus
3136 2416 3151 2468 ;
3189 2398 3302 2465 sed,
3333 2397 3582 2452 Nondum

2013 2498 2103 2552 illa
2135 2494 2523 2566 intelligimus;
2559 2501 2620 2547 ut
2667 2492 2746 2547 sic
2779 2491 3126 2547 verisimilem
3181 2506 3242 2546 ea
3298 2491 3586 2546 recusandi

2012 2600 2231 2642 causam
2262 2582 2508 2638 afferant.
2539 2580 2713 2646 Probe
2765 2581 2880 2654 scio
2921 2589 3102 2635 autem
3149 2594 3213 2636 ac
3243 2579 3586 2649 exploratum

2015 2679 2208 2743 habeo,
2244 2677 2388 2748 quod
2430 2675 2533 2747 ipsi
2588 2689 2804 2745 quoque
2831 2689 2937 2727 non
2987 2673 3260 2743 ignorant,
3295 2687 3390 2728 eos
3411 2674 3456 2727 si
3487 2673 3585 2727 ista

2015 2771 2376 2827 conﬁteantur
2403 2776 2457 2823 et
2496 2767 2754 2821 Arianam
2787 2763 3019 2818 haeresin
3068 2763 3412 2816 anathemate
3435 2761 3588 2815 dam—

2016 2872 2165 2930 nent,
2199 2861 2392 2933 synodi
2441 2859 2605 2915 verba
2663 2872 2771 2912 non
2829 2865 3143 2925 negaturos.
3202 2852 3410 2908 ldeirco
3442 2853 3586 2907 enim
3653 2846 3656 2848 ’

2014 2956 2204 3012 Patres
2227 2970 2353 3011 cum
2384 2953 2655 3009 dixissent
2683 2965 2750 3005 ex
2775 2947 3085 3003 substantia
3133 2943 3314 3000 Patris
3344 2944 3586 3016 genitum

2016 3048 2211 3102 Filium
2241 3061 2363 3100 esse
2391 3043 2540 3097 Patri
2572 3039 3116 3103 consubstantialem,
3168 3037 3351 3092 statim
3391 3036 3595 3092 intule--

2017 3149 2144 3196 runt
2174 3158 2187 3194 :
2215 3138 2323 3193 Eos
2355 3146 2534 3192 autem
2558 3135 2650 3206 qui
2675 3132 2927 3206 praedicta
2953 3131 3044 3185 illa
3071 3129 3293 3184 Arianae
3315 3127 3589 3182 haereseos

2014 3231 2182 3286 verba
2231 3229 2441 3290 dicunt,
2481 3225 2823 3281 anathemate
2874 3223 3200 3282 damnamus
3235 3237 3250 3285 ;
3312 3228 3375 3274 ut
3406 3225 3590 3273 osten-

322 3306 574 3380 ρημένα,
610 3305 758 3377 ἅπερ
795 3305 916 3357 ἐστὶ
943 3303 1042 3371 τῆς
1082 3301 1369 3373 ’Δρειανῆς
1401 3301 1687 3371 αἱρέσεως,
1721 3299 2220 3370 ἀναθεματίζομεν.

883 3400 981 3453 Ἐκ
1002 3397 1109 3467 τῆς
1137 3397 1348 3466 αὐτῆς.

2654 3396 2736 3451 Ea:
2759 3395 2963 3452 eadem.

403 3502 550 3571 Πρὸς
568 3502 628 3556 δὲ
651 3500 782 3564 τοὺς
796 3498 1228 3568 ἀποδεχομένους
1247 3499 1320 3550 τὰ
1341 3496 1437 3567 μὲν
1453 3496 1587 3553 ἄλλα
1608 3497 1788 3551 πάντα
1803 3497 1910 3550 τῶν

2090 3495 2251 3553 Viros
2277 3505 2458 3553 autem
2487 3498 2580 3568 qui
2608 3499 2711 3552 alia
2741 3497 2954 3566 quidem
2972 3495 3154 3550 omnia
3172 3493 3365 3550 Nicaeae
3385 3498 3586 3563 scripta

340 3597 400 3646 ὶν
426 3593 631 3664 Nimia
664 3591 1022 3658 γραφέντων,
1050 3587 1183 3657 περὶ
1207 3587 1262 3640 δὲ
1307 3588 1467 3656 μόνον
1519 3587 1583 3640 τδ
1622 3587 1910 3654 ὁμοούσιον

353 3680 930 3753 ἀμφιϐάλλοντας,χρὴ
960 3681 1031 3749 μὴ
1056 3681 1130 3742 ὡς
1153 3679 1290 3750 πρὸς
1323 3679 1551 3749 ἐχθροὺς
1581 3680 1908 3734 διακεῖσθαι’

353 3780 443 3831 καὶ
469 3779 566 3845 γάρ
588 3778 684 3832 καὶ
705 3777 875 3846 ἡμεῖς
895 3776 997 3843 οὐχ
1013 3772 1087 3835 ὡς
1106 3772 1245 3842 πρὸς
1263 3772 1699 3841 Ἀρειομανίτας,
1715 3770 1825 3826 οὐδ’
1837 3773 1910 3835 ὡς

341 3859 670 3928 μαχομένους
700 3857 836 3928 πρὸς
866 3857 992 3920 τοὺς
1019 3855 1266 3925 Πατέρας
1297 3851 1646 3922 ἐνιστάμεθα,
1689 3850 1802 3905 ἀλλ’
1837 3849 1912 3910 ὡς

332 3948 545 4015 ἀδελφοὶ
580 3944 719 4015 πρὸς
744 3943 1004 4012 ἀδελφοὺς
1035 3941 1396 4012 διαλεγόμεθα
1421 3983 1436 4005 ,
1467 3942 1564 4014 τὴν
1607 3939 1776 4010 αὐτὴν
1812 3937 1912 4009 μὲν

328 4041 458 4108 ἡμῖν
485 4037 728 4090 διάνοιαν
754 4035 997 4104 ἔχοντας,
1029 4033 1158 4105 περὶ
1180 4033 1236 4086 δὲ
1256 4031 1317 4085 τὸ
1349 4032 1518 4102 ὄνομα
1549 4031 1706 4102 μόνον
1731 4029 1914 4083 διστά-

325 4127 544 4190 ζοντας.
575 4125 690 4178 Καὶ
711 4123 821 4195 γὰρ
844 4121 1230 4194 ὁμολογοῦντες
1255 4121 1320 4174 ὲκ
1350 4121 1448 4191 τῆς
1471 4120 1660 4183 οὐσίας
1683 4117 1778 4171 τοῦ
1807 4119 1914 4170 Ila-

323 4217 456 4286 τρὸς
482 4211 647 4278 εἷναι,
682 4212 776 4266 καὶ
802 4213 876 4282 μὴ
911 4209 970 4277 ἐξ
1017 4208 1207 4283 ἐτέρας
1241 4208 1592 4270 ὑποστάσεως
1637 4206 1728 4260 τὸν
1759 4205 1910 4268 Υἱὸν,

325 4307 536 4376 κτίσμα
573 4321 631 4356 τε
659 4303 732 4374 μὴ
757 4299 918 4367 εἷναι,
949 4301 1084 4372 μηδὲ
1118 4301 1329 4371 ποίημα
1359 4297 1523 4351 αὐτὸν
1542 4339 1556 4362 ,
1600 4295 1736 4350 ἀλλὰ
1777 4296 1909 4364 γνή-

327 4415 442 4450 σιον
466 4397 565 4450 καὶ
592 4396 749 4464 φύσει
777 4394 1018 4465 γέννημα
1043 4391 1227 4456 ἀΐδίως
1256 4407 1315 4444 τε
1486 4389 1648 4441 αὐτὸν
1675 4389 1913 4440 συνεῖναι

327 4491 405 4560 τῷ
431 4490 614 4558 [la-.91
643 4489 812 4556 Λόγον
851 4487 980 4540 ὄντα
1013 4486 1106 4538 καὶ
1149 4484 1349 4553 Σοφίαν
1370 4525 1384 4548 ,
1425 4483 1485 4535 οὐ
1526 4482 1742 4554 μακράν
1777 4482 1914 4533 εἰσιν

326 4581 694 4645 ἀποδέξασθαι
719 4580 811 4633 καὶ
831 4578 928 4649 τὴν
956 4577 1048 4630 τοῦ
1218 4576 1501 4647 ὀμοουσίου
1527 4572 1692 4638 λέξιν.
1727 4571 1914 4624 Τοιοῦ-

2018 3589 2311 3661 recipiunt,
2342 3591 2408 3645 de
2447 3591 2567 3646 solo
2592 3599 2772 3646 autem
2803 3586 3294 3645 consubsmutialis
3322 3585 3586 3642 vocabulo

2019 3682 2320 3752 ambigunt,
2355 3696 2462 3736 non
2498 3690 2558 3736 ut
2583 3683 2838 3736 inimicos
2867 3684 3102 3750 spectari
3133 3694 3228 3745 par
3271 3688 3373 3734 est.
3402 3678 3586 3747 Neque

2019 3767 2162 3823 enim
2207 3769 2355 3825 velut
2386 3770 2780 3836 Ariomanitas,
2837 3779 2928 3823 aut
2959 3767 3183 3822 Patrum
3211 3769 3583 3828 adversarios,

2014 3854 2264 3908 homines
2317 3853 2666 3924 aggredimur
2699 3871 2714 3918 ;
2753 3855 2846 3909 sed
2900 3853 3244 3922 disputamus
3287 3853 3451 3906 veluti
3480 3852 3585 3906 ira-

2015 3951 2123 3998 tres
2151 3957 2276 3997 cum
2302 3941 2583 4008 fratribus,
2636 3943 2728 4011 qui
2773 3941 2961 3996 eadem
2999 3957 3104 4011 qua
3143 3955 3242 3995 nos
3283 3948 3410 3995 sunt
3464 3955 3585 3994 sen-

2013 4035 2202 4100 tentia,
2227 4034 2344 4088 solo
2373 4033 2592 4088 nomine
2623 4032 2675 4086 in
2713 4031 3138 4088 controversiam
3177 4032 3428 4086 adducto.
3448 4028 3586 4084 Cum

2013 4128 2159 4183 enim
2191 4126 2556 4182 conﬁteantur
2589 4140 2656 4179 ex
2705 4124 3013 4179 substantia
3072 4123 3248 4178 Patris
3293 4135 3345 4176 et
3382 4138 3485 4175 non
3521 4139 3588 4176 ex

2013 4219 2119 4274 alia
2141 4218 2440 4274 substantia
2466 4231 2585 4273 esse
2617 4213 2834 4282 Filium,
2867 4232 2966 4271 nec
3004 4227 3308 4270 creaturam
3360 4215 3442 4268 vel
3474 4215 3589 4282 Opi-

2014 4311 2198 4367 ﬁcium
2262 4309 2415 4364 illum
2458 4324 2580 4365 esse
2616 4326 2630 4362 :
2666 4308 2784 4370 sed
2838 4309 3128 4378 genuinam
3179 4306 3589 4374 naturalemque

2013 4405 2246 4475 prolem,
2281 4415 2334 4457 et
2357 4402 2425 4456 ab
2454 4411 2654 4456 teterno
2679 4416 2784 4455 una
2813 4416 2936 4456 cum
2963 4398 3125 4454 Patre
3153 4396 3391 4453 Verbum
3415 4409 3467 4452 et
3491 4395 3590 4450 Sa-

2014 4497 2275 4568 pientiam
2304 4493 2589 4559 exsistere,
2643 4508 2752 4548 non
2783 4493 2940 4562 longe
2971 4491 3170 4545 absunt
3214 4505 3244 4544 a
3283 4489 3589 4559 recipienda

2015 4585 2500 4642 consubstantialis
2529 4598 2680 4640 voce.
2703 4583 2852 4637 Talis
2874 4590 2959 4636 est
2987 4581 3222 4636 Basilius
3245 4581 3476 4650 Ancyrae
3497 4579 3587 4648 qui

327 4691 422 4736 τος
444 4673 500 4726 δέ
529 4675 645 4725 ἐστι
677 4671 951 4734 Βασίλειος
981 4671 1009 4722 ὁ
1042 4669 1150 4721 ἀπὸ
1191 4667 1496 4741 Ἀγκύρας,
1528 4665 1742 4739 γράψας
1789 4664 1910 4734 περὶ

2017 4678 2083 4733 de
2105 4679 2209 4733 ﬁde
2229 4678 2482 4747 scripsit.
2513 4675 2672 4739 Nam,
2701 4676 2746 4732 si
2774 4674 2969 4732 similis
3003 4680 3212 4726 tantum
3264 4671 3478 4725 dicatur
3509 4685 3593 4725 se-

332 4766 597 4827 πίστεως.
625 4762 697 4816 Τὸ
722 4763 819 4834 μὲν
849 4761 957 4832 γὰρ
978 4762 1159 4832 ὅμοιον
1192 4760 1348 4831 μόνον
1378 4758 1558 4827 λέγειν
1583 4757 1702 4811 κατ’
1730 4756 1910 4808 οὐσίαν

2020 4771 2259 4825 cundum
2295 4767 2682 4834 substantiam,
2714 4767 2764 4821 id
2795 4781 2902 4820 non
2950 4763 3090 4818 idem
3127 4778 3354 4833 prorsus
3385 4759 3593 4831 signiﬁ-

333 4858 394 4910 οὐ
423 4857 640 4918 πάντως
672 4855 924 4926 σημαίνει
949 4853 1044 4906 καὶ
1067 4854 1128 4905 τὸ
1156 4855 1221 4905 ὲκ
1245 4853 1340 4923 τῆς
1366 4851 1572 4914 οὐσίας,
1608 4849 1666 4915 ἐξ
1699 4843 1759 4902 οὗ
1785 4847 1910 4918 μᾶλ-

2021 4871 2292 4931 catatque
2320 4861 2450 4915 illud
2485 4875 2588 4915 :es
2622 4857 2959 4923 substantia;
3023 4871 3132 4927 quo
3180 4855 3350 4910 verbo
3395 4856 3594 4925 magis.

336 4949 450 5011 λον,
476 4949 553 5010 ὠς
586 4948 678 5000 καὶ
723 4945 878 4999 αὐτοὶ
924 4947 1199 5017 εἰρήκασι,
1250 4941 1570 5012 σημαίνεται
1602 4941 1661 4994 τὺ
1698 4941 1910 5012 γνήσιον

2021 4963 2080 5009 ut
2112 4953 2212 5025 ipsi
2239 4955 2444 5018 dixere,
2478 4949 2654 5006 Patris
2685 4964 3000 5022 germanum
3034 4945 3231 5002 Filium
3264 4948 3439 5017 ipsum
3477 4963 3598 5003 esse

334 5039 431 5093 τοῦ
481 5037 613 5092 Υἱοῦ
663 5039 797 5112 πρὸς
852 5038 944 5090 τὸν
992 5035 1227 5106 Πατέρα.
1275 5034 1384 5086 Καὶ
1434 5034 1542 5104 γὰρ
1601 5033 1918 5103 κασσίτερος

334 5133 518 5204 ὅμοιός
706 5133 822 5182 ἐστι
876 5129 1032 5198 μόνον
1083 5125 1160 5196 τῷ
1211 5125 1470 5202 ῥιργύρῳ,
1512 5125 1606 5176 καὶ
1655 5123 1816 5185 λύκος
1841 5122 1920 5191 τῷ

337 5223 482 5287 κυνὶ,
519 5221 615 5275 καὶ
634 5219 833 5290 χαλκὸς
858 5215 1127 5288 χρυσίζων
1156 5213 1233 5286 τῷ
1264 5211 1504 5284 άληοινῷ
1543 5211 1730 5283 χρυσῷ
1748 5253 1761 5277 ,
1794 5210 1919 5264 οὔτε

336 5315 392 5368 δὲ
430 5313 756 5384 κασσίτερος
782 5313 848 5363 ὲκ
869 5308 961 5362 τοῦ
986 5307 1227 5380 ἀργύρου
1261 5306 1553 5376 τυγχάνει,
1602 5304 1727 5356 οὔτε
1759 5304 1920 5368 λύκος

337 5406 411 5470 ὡς
450 5406 564 5468 υἱὸς
611 5403 707 5456 τοῦ
753 5401 914 5464 κυνὸς
944 5399 1008 5453 ἂν
1047 5396 1350 5470 νομισθείη.
1386 5397 1604 5466 Ἐπειδὴ
1643 5395 1699 5448 δὲ
1739 5395 1832 5447 καὶ
1859 5398 1922 5450 ὲκ

341 5499 432 5568 τῆς
454 5497 644 5560 οὐσίας
694 5495 792 5547 καὶ
826 5491 1158 5563 όμοιοούσιον
1342 5487 1503 5542 αὑτὸν
1550 5488 1802 5557 εἰρήκασι
1829 5528 1841 5551 ,
1871 5486 1922 5539 τί

339 5589 522 5660 ἕτερον
571 5585 934 5656 σημαίνουσιν
979 5583 1043 5635 ὲκ
1086 5581 1290 5634 τούτων
1321 5579 1353 5650 ἢ
1381 5579 1441 5631 τὸ
1467 5577 1783 5649 ὁμοούσιον;
1813 5579 1924 5631 Καὶ

340 5681 444 5750 γὰρ
463 5678 657 5746 ὥσπερ
697 5677 727 5727 ό
753 5673 926 5741 λέγων
959 5671 1116 5743 μόνον
1144 5669 1477 5741 ὁμοιοούσιον
1501 5668 1560 5721 οὐ
1591 5667 1808 5730 πάντως
1830 5669 1924 5721 καὶ

339 5775 397 5825 τὸ
426 5774 490 5827 ὲκ
521 5771 627 5839 τῆς
657 5766 848 5829 οὐσίας
870 5762 1149 5836 γνωρίζει,
1175 5762 1348 5826 οὕτως
1373 5764 1402 5814 ὁ
1434 5760 1608 5830 λέγων
1643 5759 1924 5831 όμοούσιον

341 5865 690 5935 ἀμφοτέρων,
744 5857 834 5912 τοῦ
882 5875 937 5909 τε
977 5856 1310 5936 ὀμοιοουσίου
1356 5854 1448 5907 καὶ
1482 5855 1575 5907 τοῦ
1609 5855 1670 5906 ἐκ
1705 5853 1802 5923 τῆς
1837 5855 1925 5907 ού-

2021 5048 2378 5118 signilicatur.
2420 5043 2554 5098 Nam
2583 5053 2836 5098 stannum
2868 5049 2950 5096 est
2989 5051 3214 5111 argento
3250 5041 3449 5106 simile,
3497 5057 3590 5096 ca-

2021 5139 2106 5194 nis
2132 5138 2282 5207 lupo,
2323 5135 2694 5191 aurichalcum
2734 5148 2863 5187 vero
2908 5146 3066 5195 auro,
3098 5146 3200 5186 nec
3241 5141 3420 5188 tamen
3449 5139 3599 5183 stan-

2024 5246 2152 5284 num
2184 5245 2248 5283 ex
2286 5238 2510 5300 argento
2537 5235 2642 5291 cst,
2683 5241 2787 5283 nec
2831 5225 2993 5298 lupus
3037 5224 3191 5280 canis
3231 5225 3375 5279 lilius
3409 5222 3597 5276 haberi

2024 5331 2220 5392 potest.
2252 5319 2702 5390 Quandoquidem
2758 5331 2938 5374 autem
2975 5327 3029 5372 et
3081 5335 3146 5371 ex
3183 5316 3510 5373 substantia.
3544 5323 3600 5368 et

2025 5413 2344 5469 substantia:
2387 5411 2622 5466 similem
2651 5426 2775 5465 eum
2808 5425 2930 5465 esse
2977 5410 3251 5472 dixerunt,
3289 5407 3417 5478 quid
3451 5405 3596 5458 aliud

2027 5508 2111 5561 his
2145 5506 2456 5576 signiﬁcant
2503 5519 2667 5573 quam
2698 5519 2821 5558 eum
2871 5517 2993 5558 esse
3039 5495 3600 5555 consubstantialem?

2026 5599 2261 5663 Etenim,
2294 5598 2436 5653 sicut
2463 5598 2556 5667 qui
2579 5596 2708 5652 dicit
2733 5604 2960 5656 tantum,
2993 5591 3310 5644 substantiae
3341 5587 3594 5650 similem,

2029 5707 2135 5746 non
2167 5705 2389 5760 prorsus
2419 5687 2623 5743 indicat
2670 5701 2795 5741 eum
2845 5700 2909 5738 ex
2960 5678 3261 5736 substantia
3313 5693 3474 5742 esse;
3520 5677 3601 5730 sic

2027 5783 2119 5854 qui
2159 5783 2312 5848 dicit,
2339 5779 2881 5838 consubstantialem,
2911 5772 3197 5840 utriusque
3223 5769 3353 5823 dicti
3377 5779 3596 5824 senten-

2030 5876 2158 5928 tiam
2216 5869 2611 5941 complectitur,
2669 5876 2745 5934 et,
2789 5862 3107 5920 substantia:
3173 5860 3391 5920 similis.
3426 5869 3496 5923 et,
3531 5875 3596 5912 ex
