4058 6412
507 424 607 493 ιιι

510 672 642 711 num
675 670 797 712 esse
828 665 1157 718 creaturam,
1188 664 1241 710 ct
1287 664 1486 725 negant
1540 658 1782 727 genitum
1814 674 1937 712 esse
1985 656 2079 714 Fi-

511 747 671 814 lium,
696 762 760 802 ex
796 746 1048 802 humanis
1104 747 1368 818 exemplis
1426 747 1518 801 lilii
1550 763 1613 801 ac
1656 749 1824 818 patris
1853 767 1951 803 sua
1981 748 2078 804 atl-

510 852 728 893 versum
765 837 888 892 illos
927 846 1247 907 argumenta
1277 838 1506 892 mutuati
1573 849 1722 906 sunt,
1769 840 1870 895 hac
1902 850 2080 896 tamen

507 926 845 995 exceptione,
874 923 1018 993 quod
1053 922 1195 980 Deus
1224 940 1331 980 non
1352 926 1439 987 .sit
1474 936 1533 982 ut
1557 927 1740 995 homo,
1771 943 1946 999 neque
1975 929 2080 985 bu-

506 1019 654 1074 mani
881 1027 1072 1090 partus
1105 1019 1296 1076 similis
1350 1020 1422 1075 sit
1474 1019 1595 1076 Filii
1642 1025 1937 1094 generatio,
1986 1025 2081 1081 sed

508 1109 633 1165 talis
658 1107 728 1162 sit
750 1108 933 1178 qualis
959 1108 1069 1165 Deo
1094 1110 1369 1178 convenit,
1402 1119 1457 1166 et
1490 1127 1519 1165 a
1543 1113 1702 1168 nobis
1729 1114 1954 1185 intelligi
1983 1115 2079 1171 de-

444 1220 447 1225 ·
505 1199 616 1254 bet.
646 1197 781 1253 Nam
818 1211 872 1257 ct
891 1198 1108 1256 Patrem
1142 1199 1345 1257 fontem
1393 1205 1674 1274 sapientia:
1711 1208 1895 1262 dixere
1918 1217 2082 1278 atque

507 1291 651 1355 \‘itzu,
676 1288 873 1345 Filium
894 1306 1021 1346 vero
1051 1291 1392 1361 splendorem
1425 1303 1642 1351 αξιοι-ηε
1683 1296 1841 1364 lucis,
1867 1297 2079 1368 ipsum-

504 1396 611 1449 que
634 1396 754 1435 esse
781 1379 947 1436 fontis
979 1393 1215 1451 partum,
1241 1384 1333 1455 qui
1370 1385 1439 1439 ait
1466 1404 1478 1441 :
1504 1404 1521 1437 ι
1548 1385 1660 1457 Ego
1692 1403 1812 1442 sum
1844 1389 1953 1444 vita
1988 1394 2004 1424 ί
2026 1409 2075 1454 ,ι

504 1485 580 1539 et,
609 1494 626 1524 ι
653 1472 765 1543 Ego
801 1471 1077 1544 Sapientia
1106 1476 1291 1531 habito
1321 1476 1374 1532 in
1402 1478 1631 1535 consilio
1687 1477 1766 1535 ⁸.»
1800 1479 1969 1537 Porro
1997 1481 2080 1537 lu-

505 1567 587 1621 cis
608 1567 977 1637 Splendorcm,
1008 1565 1176 1623 fontis
1220 1578 1459 1639 partum,
1489 1568 1668 1626 Patris
1698 1569 1920 1638 Filium,
1942 1588 2081 1644 quo-

508 1658 673 1711 modo
702 1667 827 1729 apte
877 1659 1264 1724 nominaveris,
1323 1662 1467 1727 nisi,
1520 1664 2082 1723 consubstantialem?

506 1746 740 1818 Ergone,
765 1766 888 1804 cum
907 1750 1191 1806 hominum
1219 1754 1399 1824 proles
1443 1756 1687 1825 ejusdem
1717 1758 1789 1813 sit
1822 1758 2078 1815 substan-

507 1841 615 1906 tize,
651 1856 844 1896 cavere
866 1852 1096 1911 oportet,
1124 1858 1191 1900 ne
1247 1844 1295 1901 is
1335 1847 1429 1915 qui
1477 1846 1649 1903 Filius
1694 1849 1915 1917 dicitur,
1944 1864 2078 1906 con-

505 1933 880 1991 substantialis
911 1946 966 1990 et
1008 1937 1122 2008 ipse
1167 1938 1502 2006 nominetur,
1545 1951 1606 1997 ut
1637 1942 1918 1998 hominum
1946 1959 2075 2016 pro-

506 2026 584 2080 les
616 2044 629 2080 :
668 2025 810 2081 absit
840 2027 852 2079 l
886 2042 1229 2098 nequaquam
1277 2045 1337 2085 se
1383 2030 1457 2086 ita
1494 2046 1582 2087 res
1608 2029 1791 2089 habet.
1831 2032 1934 2089 Sed
1971 2035 2077 2090 hoc

501 2114 661 2170 facile
693 2115 953 2183 solvitur;
999 2115 1169 2173 Filius
1198 2121 1397 2192 quippe
1445 2119 1684 2178 Verbum
1717 2132 1773 2179 et
1801 2122 2074 2195 Sapientia

502 2218 586 2262 est
614 2204 815 2273 Patris,
849 2209 1051 2277 quibus
1111 2208 1289 2267 Patris
1334 2213 1735 2282 generationem
1767 2214 2073 2285 impassibi-

502 2298 607 2354 lem
634 2307 688 2353 ct
725 2297 1012 2355 indivisam
1038 2315 1159 2356 esse
1186 2301 1544 2371 significatur.
1595 2301 1729 2359 Nam
1778 2320 1847 2360 ne
1898 2305 2070 2360 homi-

501 2406 632 2443 num
659 2390 876 2460 quidem
899 2391 1122 2446 verbum
1170 2407 1299 2462 pars
1330 2408 1517 2449 eorum
1566 2403 1670 2460 est,
1717 2411 1894 2466 neque
1948 2411 2071 2451 cum

499 2481 737 2550 quadam
762 2481 1018 2552 passione
1052 2483 1121 2537 ab
1142 2482 1248 2539 illis
1274 2484 1550 2553 procedit;
1587 2485 1784 2539 nedum
1829 2484 1921 2540 Dei
1949 2485 2071 2540 Ver-

503 2574 656 2639 bum.
684 2576 830 2647 quod
862 2575 1059 2631 Filium
1098 2592 1221 2634 esse
1262 2593 1423 2633 suum
1465 2575 1627 2633 Pater
1661 2577 1976 2635 declaravit.
2003 2573 2081 2629 Ne

501 2675 685 2722 autem
716 2666 990 2737 quispiam
1019 2668 1247 2723 audiens
1286 2667 1578 2734 duntaxat,
1602 2665 1867 2732 Verbum,
1893 2666 2081 2721 existi-

506 2766 616 2813 met
636 2755 908 2825 ejusmodi
935 2757 1065 2810 illud
1097 2772 1219 2812 esse
1260 2758 1422 2826 quale
1446 2766 1529 2812 est
1573 2758 1896 2824 humanum,
1925 2772 2079 2813 nem-

504 2863 573 2918 pe
595 2846 714 2903 sine
737 2846 1077 2915 substantia;
1110 2846 1204 2901 sed
1244 2863 1406 2916 quem
1445 2847 1615 2912 audit,
1648 2847 1846 2903 Filium
1866 2890 1881 2913 ,
1911 2865 2080 2919 agno-

504 2947 622 2995 scat
654 2952 775 2993 esse
813 2934 1045 2992 Verbum
1075 2938 1285 3004 vivens,
1319 2948 1371 2992 et
1401 2936 1733 3008 Sapientiam
1776 2940 2078 2995 substantia

504 3030 807 3100 prteditam.

689 3208 910 3277 Deinde,
934 3210 1391 3280 quemadmodum
1419 3211 1510 3266 ubi
1547 3227 1670 3266 eum
1707 3213 1911 3282 prolem
1943 3214 2077 3269 dici-
2105 3230 2146 3286 ο

499 3317 644 3366 inus,
681 3301 785 3357 hoc
808 3317 919 3357 non
946 3303 1186 3357 humano
1240 3316 1394 3358 more
1437 3302 1792 3373 intelligimus
1820 3321 1834 3367 ;
1866 3313 1919 3358 et
1950 3319 2076 3359 cum

502 3391 717 3447 Patrem
747 3407 870 3449 esse
899 3393 1070 3450 Deum
1104 3392 1474 3463 agnoscimus,
1518 3410 1626 3449 nou
1672 3396 1978 3465 corporalia
2009 3396 2078 3453 dc

497 3484 593 3538 illo
614 3485 921 3556 cogitamus
948 3504 961 3539 :
992 3485 1085 3541 sed
1119 3485 1249 3539 dum
1300 3484 1389 3540 illa
1420 3486 1675 3542 audimus
1692 3488 1933 3557 exempla
1970 3489 2075 3544 ltu-

491 3576 842 3647 jusmodique
876 3577 1060 3641 verba,
1085 3592 1146 3631 ea
1199 3587 1379 3631 tamen
1447 3580 1766 3647 congruenti
1796 3580 1957 3634 modo
2008 3582 2076 3635 de

501 3662 609 3715 Deo
637 3663 1010 3734 intelligimus,
1037 3681 1145 3720 non
1169 3667 1314 3721 enim
1358 3666 1499 3722 Deus
1526 3677 1586 3722 ut
1614 3668 1776 3723 homo
1799 3686 1813 3734 ;
1846 3670 1925 3724 sic
1948 3686 2072 3723 cum

495 3754 1016 3808 consubstantialem
1061 3755 1337 3818 audimus,
1365 3770 1582 3809 omnem
1631 3770 1855 3810 sensum
1895 3766 2073 3811 trans-

496 3846 727 3903 cendere
774 3846 1056 3908 tlebetnus.
1082 3855 1136 3901 et
1164 3846 1318 3915 juxta
1346 3844 1699 3900 Proverbiunt
1746 3845 1794 3909 ⁸,
1825 3847 2073 3915 ειιίιίιιιίιν

493 3936 614 3995 liter
636 3937 938 4008 intelligere
966 3954 1089 4005 qua:
1152 3948 1500 4007 apponuntur
1531 3938 1722 4004 nobis;
1777 3946 1835 3991 ut
1870 3954 2071 4007 cogno-

491 4040 734 4091 scantus,
765 4043 871 4081 nun
903 4027 1203 4093 voluntate,
1245 4026 1338 4082 scd
1377 4043 1563 4082 revera
1591 4010 1716 4081 eum
1752 4027 1951 4081 Filium
2002 4045 2067 4083 cx

488 4114 652 4172 Patre
672 4133 990 4185 germanum
1015 4134 1160 4181 esse,
1191 4118 1348 4185 quasi
1412 4133 1477 4172 ex
1523 4117 1669 4172 fonte
1694 4119 1880 4183 vitam,
1920 4129 1975 4173 ct
2003 4135 2065 4174 ex

491 4208 612 4266 lucc
631 4208 996 4278 splendorem.
1043 4208 1262 4278 Alioqui
1321 4225 1419 4265 cur
1471 4211 1593 4265 illas
1640 4226 1821 4278 voces,
1866 4212 2065 4281 proles,

492 4299 657 4364 lilius,
720 4315 824 4352 mm
902 4299 1300 4369 corporaliter,
1356 4302 1825 4358 consubstantiale
1883 4313 2066 4358 autem

487 4389 645 4458 quasi
675 4390 740 4445 de
768 4389 1108 4460 corporibus,
1139 4391 1525 4462 intelligimus:
1557 4408 1681 4449 cum
1719 4396 2064 4466 potissimum

486 4497 593 4536 non
631 4482 696 4538 de
724 4483 832 4537 alio
860 4492 1022 4553 atque
1048 4483 1155 4539 alio
1212 4485 1326 4541 lnec
1372 4485 1642 4554 dicantur,
1678 4489 1771 4544 sed
1823 4490 1891 4545 de
1931 4502 2062 4559 quo,
2118 4518 2123 4523 ι

486 4572 687 4642 proles,
741 4572 808 4628 tle
863 4574 1075 4638 eodem,
1139 4578 1627 4641 consubstantiale,
1682 4580 1889 4636 dictum
1952 4580 2065 4637 sit?

484 4664 696 4735 Parque
746 4676 830 4722 est
887 4667 1136 4725 eamdem
1203 4669 1531 4723 sententiam
1600 4671 1889 4741 utriusque
1931 4673 2061 4728 dicti

481 4755 627 4810 circa
660 4755 999 4812 Salvatorem
1023 4759 1280 4826 retinere,
1324 4775 1501 4831 neque
1526 4777 1716 4817 vocem
1741 4764 1913 4826 illam,
1935 4780 2063 4833 pro-

481 4846 582 4910 les,
606 4858 781 4916 recte;
805 4849 955 4904 illam
1005 4859 1209 4917 autem,
1242 4853 1751 4921 consubstantialis,
1794 4856 1953 4912 aliter
1978 4857 2060 4911 in-

481 4939 767 5008 terpretari
800 4958 816 5006 ;
848 4956 1187 5011 consequens
1214 4944 1360 4997 enim
1381 4954 1469 4999 est
1493 4960 1614 5009 vos,
1638 4960 1762 5000 cum
1794 4963 1857 5002 ea
1879 4957 2061 5004 mente

479 5029 665 5086 dicitis
688 5028 885 5086 Filium
926 5029 1104 5089 Patris
1148 5033 1383 5089 Verbum
1430 5045 1483 5089 et
1531 5036 1866 5105 Sapientiam
1914 5055 2056 5105 esse,

478 5121 747 5176 diversam
783 5120 849 5175 de
873 5121 960 5176 liis
992 5122 1195 5179 habere
1245 5125 1592 5189 sententiam,
1627 5135 1681 5180 et
1736 5128 1843 5182 alio
1896 5133 2057 5184 molo

486 5213 738 5278 Verbum,
760 5213 865 5269 alio
896 5211 1227 5282 Sapientiam
1258 5217 1574 5286 inteliigcrc.
1596 5219 1664 5271 At
1693 5220 1830 5273 sicut
1861 5222 2055 5277 absur-

479 5306 608 5361 tluut
637 5305 768 5360 illud
816 5316 900 5362 cst
929 5326 942 5362 :
977 5324 1214 5380 namque
1237 5309 1410 5366 Filius
1467 5322 1553 5366 est
1581 5311 1815 5368 Verbum
1846 5325 1899 5370 et
1956 5313 2055 5369 Sa-

479 5398 677 5468 pientia
711 5396 907 5465 Patris,
941 5416 1193 5472 unusque
1224 5412 1307 5456 est
1327 5419 1392 5456 ex
1422 5402 1583 5459 Patre
1634 5404 1795 5470 fetus,
1852 5416 1905 5461 et
1938 5408 2055 5476 ejus

478 5492 796 5547 substantite
818 5493 1072 5563 praprius
1102 5510 1116 5559 ;
1151 5493 1221 5547 ita
1250 5510 1357 5550 una
1380 5496 1677 5567 eademque
1727 5499 2050 5570 signiﬁcatio

479 5594 557 5637 est
598 5585 763 5654 prolis
792 5595 846 5642 et
870 5585 1389 5643 consubstantialis:
1447 5598 1495 5642 ct
1523 5589 1613 5659 qui
1648 5599 1831 5645 censet
1852 5587 2050 5642 Filium

479 5691 595 5729 esse
625 5677 814 5741 fetum,
848 5680 891 5736 is
938 5688 1081 5735 recte
1133 5679 1297 5734 sentit
1325 5696 1448 5733 eum
1515 5696 1634 5735 ess!
1690 5681 2053 5736 consubstan-

478 5767 678 5821 .lalt'm.

555 5878 571 5907 ‘
605 5872 761 5929 ἔνευε.
793 5896 898 5943 xw,
926 5882 976 5935 6.

1668 454 1685 465 ο
1745 420 2128 484 EU'I‘IIYMII
2168 422 2498 485 ZIGABEN
2504 421 2535 485 Ι

510 560 837 620 substantia.
867 562 1174 633 lterumque
1205 561 1327 619 illos
1354 564 1592 635 aggressi
1621 566 1714 635 qui
1743 564 2080 622 dicuntVer-
2112 572 2155 625 A
2188 551 2308 615 σίας
2363 588 2379 611 ο

1059 5886 1077 5914 ²
1108 5884 1268 5938 Prov.
1313 5900 1431 5949 ma,
1473 5884 1553 5935 l2.
1637 5884 1656 5913 ³
1692 5886 1848 5940 l'rnr.
1886 5901 2042 5951 xuii,
2075 5886 2120 5941 l.

3657 415 3767 482 ΠΩ

2540 549 2792 620 σημαίνει
2824 550 2922 623 τὴν
2951 548 3213 605 διάνοιαν.
3265 546 3373 604 Καὶ
3428 548 3585 604 αὐτοὶ
3628 550 3758 620 γοῦν

2185 641 2523 714 ἐνιστάμενοι
2555 638 2716 695 πάλιν
2750 642 2885 713 πρὸς
2920 643 3047 706 τοὺς
3077 642 3282 713 κτίσμα
3321 642 3581 712 λέγοντας
3617 638 3761 699 εἶναι

2183 737 2275 789 τὸν
2298 737 2490 805 Λόγον,
2518 734 2709 808 καὶμὴ
2732 734 2984 799 θέλοντας
3014 732 3179 789 αὐτὸν
3200 718 3422 807 γνήσιον
3445 734 3575 789 Υίδν
3595 730 3758 801 εἶναι,

2181 826 2241 894 ἐξ
2292 826 2648 899 ἀνθρωπίνων
2705 825 3166 898 παραδειγμάτων
3217 825 3337 881 υίοῦ
3405 826 3500 881 καὶ
3549 828 3761 899 πατρὸς

2182 921 2434 992 εἰλήφασι
2478 919 2578 984 τὰς
2611 920 2732 973 κατ’
2766 918 2947 972 αὐτῶν
2988 919 3329 985 ἀποδείξεις,
3370 917 3763 992 ὲξαιρουμὲνου

2181 1013 2373 1069 τούτου
2402 1053 2421 1079 ,
2562 1013 2644 1066 δτι
2681 1010 2756 1084 μὴ
2774 1011 2851 1076 ὡς
2872 1010 3159 1084 ἄνθρωπός
3191 1013 3341 1065 ἐστιν
3368 1014 3398 1067 6
3424 1012 3580 1077 Θεὸς,
3625 1011 3767 1083 μηδὲ

2180 1106 2257 1170 ὡς
2280 1103 2591 1177 ἀνθρωπίνη
2619 1102 2773 1175 γονὴ,
2801 1103 2976 1168 οὕτως
2993 1104 3188 1176 εστὶνή
3209 1104 3302 1158 τοῦ
3322 1104 3457 1159 Υίοῦ
3484 1106 3767 1177 γέννησις,

2181 1195 2389 1261 ἀλλ’ὡς
2416 1197 2451 1268 ὴ
2479 1195 2599 1269 Θεῷ
2618 1197 2926 1270 πρέπουσα,
2953 1198 3047 1250 καὶ
3075 1198 3222 1269 ἡμᾶς
3252 1197 3567 1270 ἁρμόζουσα
3596 1200 3767 1253 νοεῖν.

2181 1291 2293 1345 Καὶ
2321 1289 2431 1363 γάρ
2451 1291 2546 1345 καὶ
2575 1291 2757 1361 πηγὴν
2793 1290 3050 1363 εἰρήκασι
3080 1290 3174 1343 τὸν
3198 1290 3423 1362 Πατέρα
3444 1293 3544 1363 τῆς
3568 1290 3771 1361 σοφίας

2181 1384 2397 1456 καὶτῆς
2425 1383 2592 1454 ζωῆς,
2620 1383 2712 1435 τὸν
2738 1380 2794 1436 δὲ
2819 1382 2947 1437 Υίὸν
2968 1382 3313 1454 ἀπαύγασμα
3346 1383 3525 1453 φωτὸς
3563 1382 3770 1452 ἀϊδίου,

2182 1478 2277 1530 ναὶ
2306 1476 2468 1530 αὑτὸν
2497 1471 2635 1529 εἶναι
2662 1475 2722 1528 τὸ
2762 1476 2826 1528 ἐκ
2851 1474 2949 1546 τῆς
2996 1475 3180 1545 πηγῆς
3212 1476 3459 1547 γέννημα
3500 1475 3769 1544 Hymen

2186 1588 2205 1620 ι
2247 1567 2389 1638 Ἐγώ
2419 1570 2533 1639 εἰμι
2717 1568 2750 1638 ἡ
2777 1564 2910 1639 ζωὴ,
2939 1586 2956 1617 ι
2983 1568 3096 1632 καὶ,
3119 1586 3137 1618 ι
3175 1565 3315 1635 Ἐγὼ
3344 1568 3377 1638 ἡ
3409 1566 3579 1636 Σοφία
3631 1582 3778 1621 κατ-
3802 1624 3809 1633 δ

2179 1661 2467 1731 εσκήνωσα
2519 1658 2735 1731 βουλήν.
2777 1677 2795 1711 ο
2858 1657 2933 1712 Τὸ
2965 1657 3021 1711 δὲ
3065 1659 3128 1712 ὲκ
3179 1659 3354 1728 φωτὸς
3399 1660 3773 1731 ἀπαύγασμα,

2180 1753 2274 1807 καὶ
2302 1753 2366 1807 ἐκ
2390 1751 2571 1822 πηγῆς
2600 1750 2868 1821 γέννημα,
2901 1749 2996 1803 καὶ
3030 1751 3093 1803 ἐκ
3117 1751 3332 1822 Πατρὸς
3354 1750 3504 1816 Υίδν,
3539 1751 3665 1815 πῶς
3708 1750 3778 1805 ἀν

2178 1864 2263 1910 τις
2300 1845 2648 1918 ἁρμοζόντως
2692 1842 3014 1914 ὀνομάσειεν
3060 1841 3441 1913 ἢόμοοῦσιονς
3495 1838 3623 1914 Ἆρ’
3675 1837 3779 1896 οὖν

2182 1936 2259 2008 μὴ
2287 1978 2299 1999 ,
2332 1934 2521 2006 ἐπειδὴ
2566 1933 2634 1988 τὰ
2678 1931 2739 1999 ἐξ
2784 1932 3086 2006 ἀνθρώπων
3131 1934 3448 2004 γεννήματα
3501 1932 3779 2004 όμοούσιά

2112 2001 2155 2065 Β
2180 2001 2347 2094 ἐστιν,
2379 2001 2722 2082 εὐλαθεῖσθαι
2757 2025 2840 2079 δεῖ
2869 2001 2942 2098 μὴ
2968 2025 3062 2079 καὶ
3091 2027 3121 2079 6
3141 2001 3291 2088 Υἱὸς,
3306 2001 3602 2096 λεγόμενος
3623 2027 3774 2096 ὁμου

2180 2119 2381 2186 ούσιος,
2408 2118 2692 2190 νομισθείη
2708 2120 2803 2172 καὶ
2824 2117 2983 2182 αὐτὸς
3012 2116 3090 2182 ὡς
3118 2116 3458 2188 ἀνθρώπινον
3482 2117 3768 2189 γέννημας

2184 2213 2258 2283 μὴ
2286 2211 2525 2280 γένοιτοέ
2562 2194 2669 2264 οὐκ.
2695 2210 2841 2264 ἔστιν
2859 2210 3051 2275 οὕτως.
3095 2209 3255 2263 Ἀλλά
3288 2211 3380 2264 καὶ
3406 2211 3626 2281 ταχείαν
3648 2209 3775 2280 ἔχει

2178 2304 2278 2373 τὴν
2303 2303 2457 2357 λύσιν
2479 2302 2671 2357 τοῦτο·
2695 2302 2864 2373 Λόγος
2892 2302 3002 2373 γάρ
3035 2304 3151 2356 ἐστι
3185 2302 3280 2355 καὶ
3310 2302 3483 2371 Σοφία
3521 2301 3615 2355 τοῦ
3646 2302 3776 2357 Πα-

2180 2412 2307 2466 τρος
2334 2397 2362 2448 6
2389 2395 2515 2459 Υἱός
2539 2412 2552 2425 ·
2581 2394 2642 2459 ἐξ
2666 2386 2740 2449 ὧν
2772 2394 2833 2447 τὺ
2871 2392 3078 2456 ἀπαθὲς
3114 2393 3209 2447 καὶ
3233 2392 3296 2447 τὸ
3320 2392 3620 2465 ἀμέριστον
3665 2392 3777 2463 τῆς

2181 2488 2246 2539 ἐκ
2273 2485 2366 2540 τοῦ
2389 2485 2600 2557 [ἰατρὸς
2625 2487 2932 2558 γεννήσεως
2950 2484 3293 2557 γνωρίζεται.
3322 2485 3494 2554 Λόγος
3509 2484 3618 2558 γὰρ
3639 2487 3775 2540 οὐδὲ

2177 2575 2205 2627 ό
2379 2573 2488 2627 τῶν
2515 2574 2818 2647 ἀνθρώπιον
2845 2570 3014 2645 μέρος
3034 2573 3202 2639 ἔστὶν,
3241 2571 3360 2626 οὐδὲ
3412 2570 3556 2626 κατά
3591 2570 3777 2635 πάθος

2180 2667 2241 2732 ἐξ
2266 2665 2446 2721 αὐτῶν
2499 2667 2848 2739 προέρχεται,
2897 2666 3031 2737 μήτι
3068 2682 3130 2732 γε
3164 2666 3193 2718 ὁ
3233 2663 3329 2717 τοῦ
3356 2663 3524 2730 Θεοῦ,
3546 2663 3607 2718 δν
3633 2663 3776 2718 Υίὸν

2180 2754 2533 2813 εἶναιὲαυτοῦ
2563 2760 2591 2812 6
2622 2758 2814 2832 Πατὴρ
2845 2758 3144 2830 ἐδήλωσεν·
3190 2758 3279 2812 ἵνα
3328 2756 3403 2828 μὴ
3451 2755 3616 2810 πάλιν
3657 2772 3770 2822 τις,

2179 2848 2393 2903 ἀκούων
2439 2850 2618 2921 μόνον,
2658 2850 2852 2919 Λόγον,
2894 2852 3092 2923 νομίσῃ
3142 2849 3381 2905 τοιοῦτον
3437 2844 3598 2914 εἶναι,
3650 2843 3772 2913 οἷός

2179 2941 2329 2994 ἐστιν
2358 2943 2388 2995 6
2415 2940 2524 2996 τῶν
2557 2942 2881 3015 ἀνθρώπων,
2931 2942 3302 3006 ἀνυπόστατος
3320 2958 3333 2972 ⁶
3363 2941 3481 2995 ἀλλ’
3521 2941 3765 3007 ἀκούων,

2178 3032 2260 3085 ὅτι
2282 3031 2409 3097 Υἱός
2434 3034 2571 3099 ἐστι,
2591 3032 2831 3107 γινώσκῃ
2984 3032 3171 3088 τοῦτον
3199 3028 3338 3087 εἶναι
3365 3032 3544 3099 ζῶντα
3563 3033 3760 3103 Λόγον,

2180 3123 2275 3176 καὶ
2299 3124 2537 3178 ὲνούσιον
2571 3126 2788 3196 Σοφίαν.

2367 3220 2615 3282 Ἔπειτα,
2647 3219 2836 3291 ὥσπερ
2869 3220 2930 3273 τὸ
2959 3220 3203 3290 γέννημα
3237 3218 3509 3287 λέγοντες,
3533 3216 3637 3271 οὐκ
3666 3218 3757 3272 ἀν-

2177 3314 2466 3386 θρωπίνως
2486 3313 2735 3386 νοοῦμεν,
2770 3315 2863 3369 καὶ
2895 3315 3114 3386 Πατέρα
3145 3313 3236 3368 τδν
3280 3312 3414 3367 Θεὸν
3441 3312 3658 3377 εἰδότες,
3688 3314 3747 3366 οὐ

2179 3407 2495 3478 σωματικήν
2547 3424 2670 3461 τινα
2726 3407 2856 3480 περὶ
2909 3405 3073 3461 αὐτοῦ
3128 3405 3480 3478 λαμδάνομεν
3507 3404 3735 3458 ἔννοιανο

2174 3496 2311 3550 ἀλλά
2350 3496 2420 3550 τὰ
2457 3497 2557 3567 μὲν
2590 3496 3011 3569 παραδείγματα
3038 3498 3131 3551 καλ⁵
3160 3497 3261 3557 τὰς
3284 3497 3528 3560 τοιαύτας
3567 3493 3734 3559 λέξεις

2175 3578 2470 3658 ἀκούομεν,
2501 3587 2850 3660 ἁρμοζόντως
2865 3588 2921 3641 δὲ
2951 3589 3079 3659 περὶ
3105 3588 3241 3641 Θεοῦ
3269 3588 3496 3660 νοοῦμεν
3513 3605 3525 3619 ·
3554 3588 3616 3641 οὺ
3640 3585 3742 3657 γὰρ

2173 3678 2249 3742 ὡς
2272 3677 2559 3750 ἄνθρωπος
2598 3679 2627 3732 6
2660 3678 2826 3743 Θεός*
2860 3676 3033 3742 οὕτως
3084 3678 3193 3751 ἄρα
3236 3680 3331 3733 καὶ
3360 3680 3423 3732 τὸ
3471 3679 3752 3749 ὁμοοὺσιον

2174 3769 2485 3837 ἀκούοντες,
2538 3769 2889 3841 ὑπερϐαίνειν
2920 3768 3209 3839 ὀφείλομεν
3266 3770 3449 3824 πᾶσαν
3478 3769 3754 3841 αἴσθησιν,

2174 3863 2268 3917 καὶ
2299 3863 2437 3917 κατά
2459 3864 2558 3935 τὴν
2584 3862 2892 3935 Παροιμίαν
2932 3897 2949 3924 ,
3085 3860 3291 3932 νοητῶς
3324 3863 3463 3915 νοεῖν
3494 3861 3563 3914 τὰ
3586 3878 3761 3934 παρα-

2172 3957 2429 4027 τιθέμενα
2456 3957 2588 4027 ἡμῖν
2610 3974 2622 3986 ·
2655 3955 2797 4009 ὥστε
2833 3954 3017 4027 μέντοι
3046 3953 3355 4023 γινώσκειν,
3379 3953 3462 4007 ὅτι
3497 3954 3569 4024 μὴ
3595 3952 3761 4023 θελή-

2173 4066 2275 4114 σει,
2307 4047 2445 4103 ἀλλά
2477 4047 2693 4119 ἀληθῶς
2718 4047 2846 4111 Υίὸς
2877 4049 3026 4101 ἐστιν
3065 4047 3131 4099 ἐκ
3160 4044 3377 4119 Πατρδς
3402 4045 3625 4114 γνήσιος
3644 4085 3659 4107 ,
3680 4042 3764 4106 ὡς

2169 4143 2235 4195 ἐκ
2255 4140 2436 4211 πηγῆς
2464 4139 2602 4211 ζωὴ,
2634 4139 2730 4194 καὶ
2750 4139 2926 4210 φωτὸς
2956 4137 3319 4209 ἀπαύγασμα.
3356 4136 3426 4189 Ἦ
3471 4135 3560 4189 διά
3600 4134 3655 4188 τί
3695 4133 3765 4189 τὺ

2170 4234 2291 4303 μὲν,
2319 4232 2586 4303 γέννημα,
2614 4232 2706 4285 καὶ
2727 4231 2806 4295 τὸ,
2827 4229 2974 4295 Υἱὸς,
2992 4230 3053 4285 οὐ
3085 4226 3434 4300 σωματικῶς,
3452 4226 3513 4280 τὸ
3540 4226 3597 4280 δὲ
3623 4228 3766 4297 ὀμο-

2166 4322 2367 4389 ούσιον,
2401 4322 2477 4387 ὡς
2510 4323 2603 4376 ἐπὶ
2635 4323 2901 4393 σωμάτων
2929 4318 3322 4391 διανοούμεθα,
3362 4320 3457 4373 καὶ
3493 4316 3763 4389 μάλιστα,

2164 4418 2247 4470 ὃτι
2272 4417 2333 4469 οὗ
2368 4417 2497 4486 περὶ
2530 4414 2691 4471 ἄλλον
2718 4413 2810 4468 καὶ
2831 4410 2990 4470 ἄλλον
3024 4413 3143 4466 ἐστὶ
3170 4412 3238 4468 τὰ
3282 4411 3572 4483 λεγόμενα,
3612 4409 3766 4467 ἀλλά

2166 4510 2293 4580 περὶ
2318 4502 2377 4562 οὗ
2406 4509 2467 4562 τὸ
2517 4508 2785 4578 γέννημα,
2839 4506 2966 4577 περὶ
2996 4504 3186 4560 τούτου
3235 4506 3325 4558 καὶ
3354 4503 3414 4557 τὸ
3462 4502 3763 4574 ὁμοοὺσιον

2163 4597 2396 4669 ὲλέχθη;
2433 4598 2543 4651 Καὶ
2569 4596 2769 4668 πρέπει
2797 4597 2894 4667 τὴν
2930 4595 3101 4667 αὐτὴν
3146 4595 3384 4649 διάνοιαν
3422 4593 3765 4665 ἀμφοτέρων

2160 4688 2270 4744 τῶν
2293 4688 2490 4754 λέξεων
2516 4688 2610 4739 ἐπὶ
2642 4685 2736 4740 τοῦ
2798 4685 3052 4757 Σωτῆρος
3085 4684 3390 4750 διασώζειν,
3433 4684 3526 4739 καὶ
3564 4684 3639 4755 μὴ
3692 4684 3766 4738 τὸ

2164 4782 2263 4851 μὲν
2295 4780 2542 4850 γέννημα
2720 4760 2895 4842 καλῶς
2926 4776 3339 4847 ἑξηγεῖσθαι,τδ
3370 4776 3426 4829 δὲ
3462 4774 3764 4847 ὁμοοῦσιον

2159 4873 2365 4936 ἄλλως·
2426 4872 2551 4924 ἐπεὶ
2603 4870 2896 4924 ἀκόλουθόν
2952 4871 3121 4935 ἐστιν,
3176 4869 3320 4923 οὕτω
3366 4866 3765 4939 διακειμένους

2160 4966 2304 5035 ὑμᾶς
2334 4964 2426 5017 καὶ
2459 4963 2715 5032 λέγοντας
2739 4963 2910 5031 Λόγον
2936 4962 3030 5015 καὶ
3051 4960 3249 5031 Σοφίαν
3280 4959 3377 5015 τοῦ
3411 4957 3625 5030 Πατρὸς
3653 4958 3764 5012 τὸν
3864 4962 3875 4973 '

2159 5057 2310 5119 Υἰὺν,
2341 5056 2600 5126 διάφορον
2627 5056 2771 5125 ἔχειν
2800 5054 2895 5108 καὶ
2921 5052 3051 5125 περὶ
3092 5053 3300 5106 τούτων
3333 5053 3432 5123 τὴν
3476 5051 3757 5115 διάνοιαν,

2158 5152 2252 5204 καὶ
2284 5149 2456 5213 ἄλλως
2499 5149 2599 5219 μὲν
2638 5149 2729 5202 τὸν
2763 5148 2934 5217 Λόγον
2967 5150 3108 5200 νοεῖν
3129 5187 3143 5211 ,
3189 5146 3392 5215 ἑτέρως
3433 5145 3487 5197 δὲ
3521 5143 3619 5215 τὴν
3649 5143 3759 5197 Σο-

2159 5242 2305 5310 ιίεαν.
2348 5242 2487 5295 Ἀλλ’
2511 5241 2700 5311 ὥσπερ
2722 5242 2919 5296 ἄτοπον
2947 5238 3107 5293 τοῦτο
3130 5252 3144 5267 ⁸
3176 5239 3347 5306 Λόγος
3382 5237 3488 5308 γὰρ
3520 5237 3618 5288 καὶ
3652 5235 3757 5289 Σο-

2161 5334 2257 5401 φία
2281 5332 2374 5386 τοῦ
2393 5334 2607 5404 Πατρός
2635 5334 2784 5386 ἐστιν
2805 5334 2834 5386 6
2862 5331 2990 5395 Υἱὸς
3009 5372 3023 5394 ,
3058 5330 3152 5384 καὶ
3188 5330 3246 5381 Ξν
3277 5330 3393 5381 ἐστι
3434 5327 3495 5379 τὸ
3526 5328 3592 5378 ἐκ
3633 5326 3756 5378 Πα-

2156 5426 2280 5495 τρὶς
2300 5426 2568 5497 γέννημα,
2601 5423 2694 5477 καὶ
2725 5423 2853 5477 ίδιον
2880 5424 2979 5495 τῆς
3012 5422 3200 5484 οὐσίας
3228 5417 3392 5473 αὑτοῦ
3420 5435 3433 5448 ·
3464 5417 3638 5481 οὓτως
3665 5412 3751 5480 ei;

2155 5518 2300 5569 ἐστιν
2330 5519 2357 5571 6
2382 5515 2504 5579 νοῦς
2677 5514 2771 5570 τοῦ
2798 5516 3135 5586 γεννήματος
3166 5512 3259 5566 καὶ
3288 5509 3382 5562 τοῦ
3419 5509 3705 5579 ὀμοουσίου
3730 5526 3747 5541 ο

2155 5608 2248 5661 κεί
2275 5611 2303 5661 6
2328 5610 2539 5679 φρονῶν
2560 5611 2807 5679 γέννημα
2837 5607 2927 5660 τὸν
2963 5605 3088 5660 Υἱίιν
3134 5604 3318 5679 φρονεῖ
3349 5599 3537 5655 τοῦτον
3569 5599 3748 5673 ὀρθῶς

2156 5701 2249 5753 καὶ
2269 5700 2571 5772 ὁμοούσιον.
