4058 6450
288 430 398 498 4⁸13

486 572 756 644 Δύτάρκη
785 573 886 644 μὲν
919 569 1013 628 οὖν
1032 570 1204 626 ταῦτα
1229 571 1420 638 δεῖξαι,
1451 568 1560 622 τῶν
1588 566 1890 637 ἀγαπητῶν
1915 570 1952 620 Α

1271 436 1644 499 PANOPLIA
1686 435 2153 500 DOGMATICA.
2182 461 2250 472 -
2289 435 2438 499 ΤΙΤ,
2483 434 2586 498 XI.

3434 433 3500 497 ιι
3509 431 3542 496 4

2164 571 2230 628 Et
2256 572 2388 630 satis
2411 571 2629 643 quidem
2671 574 2785 629 hazc
2816 579 2947 628 sunt
2976 570 3044 627 ad
3076 569 3542 639 comprobandum

291 664 390 733 τὴν
411 663 658 716 διάνοιαν
691 662 768 734 μὴ
803 662 1111 733 ἀλλοτρίαν,
1151 660 1286 731 μηδέ
1327 657 1543 730 μακρὰν
1587 652 1752 709 οὖσαν
1793 654 1881 709 τοῦ

1980 667 2292 722 lilectorum
2343 664 2670 721 sententiam
2713 678 2820 718 non
2866 663 3122 725 alienam,
3171 677 3346 732 neque
3387 661 3546 732 longe

289 756 602 829 ὁμοουσξου.
645 754 872 825 Ἐπειδὴ
903 755 982 819 δὲ,
1005 754 1081 817 ὡς
1109 752 1261 807 αὐτοί
1296 768 1428 820 φασι
1471 750 1598 821 (τὴν
1627 749 1734 820 γὰρ
1771 750 1881 802 ἐπι-

1980 773 2087 815 esse
2124 775 2152 814 a
2181 756 2654 814 consubstantiali.
2689 756 2956 824 Quoniam
2985 763 3188 821 autem,
3234 766 3290 808 ut
3318 755 3421 823 ipsi
3463 753 3549 808 di-

289 849 487 920 στολὴν
518 847 622 901 οὐκ
652 846 814 917 ἔσχον
852 845 996 917 ἐγὼ)
1019 889 1033 906 ,
1055 846 1106 898 οἱ
1145 845 1238 899 τὸν
1275 840 1593 912 Σαμοσατέα
1629 839 1888 908 κατακρί-

286 958 483 1005 ναντες
514 939 814 993 ἐπίσκοποι
837 939 1142 1010 γράφοντες
1177 937 1429 1008 εἰρήκασι
1473 933 1547 1004 μὴ
1575 927 1714 987 εἶναι
1755 933 1886 1001 ὁμο-

284 1033 470 1087 ούσιον
489 1022 596 1101 ςδν
629 1031 761 1084 Υίδν
800 1029 880 1100 τῷ
910 1029 1087 1100 Πατρὶ
1113 1065 1129 1090 ,
1266 1027 1359 1082 καλ⁸
1375 1025 1562 1080 λοιπὸν
1590 1023 1764 1085 αὐτοὶ,
1785 1021 1889 1076 ’διὰ

286 1123 386 1194 τὴν
446 1121 594 1194 πρὸς
631 1123 761 1184 τοὺς
789 1121 1078 1192 εἰρηκότας
1129 1117 1416 1172 εὐλάϐειάν
1460 1133 1521 1170 τε
1575 1117 1670 1170 καὶ
1701 1116 1883 1186 τιμὴν,

297 1214 434 1268 οὕτω
464 1213 606 1284 περὶ
652 1212 752 1284 τὴν
783 1212 932 1276 λέξιν
981 1209 1313 1264 διάκεινται·
1359 1208 1523 1262 καλὸν
1559 1213 1677 1280 μετ’
1709 1209 1886 1263 αὐτῶν

299 1306 413 1376 μετ’
441 1303 744 1367 εὐλαϐείας
771 1303 865 1357 καὶ
901 1301 1027 1373 περὶ
1067 1299 1257 1355 τούτου
1300 1299 1715 1369 διασκέψασθαι.
1757 1301 1867 1368 Συγ

293 1395 521 1467 κρούειν
556 1394 660 1465 μὲν
685 1393 794 1466 γὰρ
823 1394 1044 1456 τούτους
1201 1391 1337 1463 πρὸς
1355 1391 1595 1454 ἐκείνους
1614 1391 1882 1462 ἀπρεπές·

293 1488 501 1550 πάντες
529 1485 644 1555 γάρ
685 1487 792 1538 είσι
837 1483 1108 1556 Πατέρες·
1150 1481 1445 1554 διακρίνειν
1488 1482 1544 1535 δὲ
1573 1482 1755 1544 πάλιν,
1810 1483 1886 1547 ὡς

289 1573 440 1631 οὗτοι
471 1577 577 1648 μὲν
623 1575 841 1639 καλῶς,
869 1577 1066 1628 ἐκεῖνοι
1113 1573 1171 1628 δὲ
1223 1572 1530 1628 τούναντίον
1579 1575 1882 1646 εἰρήκασιν,

288 1669 390 1738 οὐχ
431 1669 614 1720 ὅσιον·
665 1669 716 1720 οἱ
752 1667 952 1730 πάντες
981 1665 1089 1737 γάρ
1137 1663 1510 1735 ἐκοιμήθησαν
1544 1665 1601 1716 ἐν
1642 1666 1880 1738 Χριστῷ.

290 1760 367 1813 Οὐ
413 1759 527 1830 χρὴ
553 1759 614 1811 δέ
651 1759 974 1829 φιλονεικεῖν
996 1799 1010 1823 ,
1065 1756 1185 1810 οὑδέ
1230 1755 1339 1808 τῶν
1390 1755 1749 1809 συνελθόντων
1791 1757 1883 1811 τὸν

289 1853 533 1922 ἀριθμὸν
552 1853 910 1924 συμϐάλλειν,
928 1851 1015 1904 ἵνα
1040 1852 1114 1922 μὴ
1137 1851 1369 1904 δοκῶσιν
1389 1853 1436 1904 οἱ
1587 1845 1886 1915 τριακόσιοι

291 1933 750 2016 πὼς-ἐλάττονας
784 1931 1171 2002 ἐπικρύπτειν·
1203 1927 1310 1980 οὐδ’
1331 1927 1398 1979 ἂν
1438 1926 1600 1978 πάλιν
1631 1929 1723 1980 τὸν
1755 1926 1884 1997 χρό⁴
1919 1951 1961 2006 Β
1989 1934 2262 1988 metienda

291 2038 381 2076 νον
410 2014 749 2094 άναμξτρεῖν
772 2062 789 2087 ,
820 2019 907 2072 ἵνα
932 2019 1005 2090 μὴ
1029 2017 1259 2072 δοκῶσιν
1280 2018 1330 2071 οῑ
1359 2014 1720 2088 προλαϐόντες
1742 2016 1888 2086 ἀφα-

294 2111 462 2175 νίζειν
494 2111 629 2173 τοὺς
678 2109 818 2181 μετὰ
853 2108 1022 2162 ταῦτα
1042 2109 1386 2181 γενομένους.
1425 2112 1489 2164 Ol
1517 2109 1718 2172 πάντες
1753 2107 1883 2179 γὰρ,

295 2201 437 2256 καθά
476 2200 829 2273 προείρηται,
858 2201 1101 2272 Πατέρες
1123 2201 1230 2254 εἰσί
1249 2219 1262 2232 ·
1313 2203 1407 2256 καὶ
1433 2203 1581 2273 ὅμως
1608 2201 1729 2255 οὐδὲ
1759 2202 1806 2255 oi
1841 2206 1884 2254 τ’

288 2288 553 2361 νεώτερόν
737 2308 789 2344 τι
816 2292 1182 2363 φρονήσαντες
1213 2292 1456 2364 ἔγραψαν
1477 2334 1491 2358 ,
1523 2292 1644 2346 οὐδὲ
1672 2293 1885 2355 ἑαυτοῖς

297 2383 823 2454 καταθαρσήσαντες
849 2426 862 2449 ,
923 2384 1187 2456 ἀγράφων
1241 2385 1581 2457 προέστησαν
1641 2383 1839 2449 λέξεων
1865 2399 1880 2414 ο

294 2473 423 2527 ma
448 2474 518 2526 ἐκ
548 2473 815 2545 Πατέρων
847 2473 1157 2546 ὁρμώμενοι
1181 2475 1273 2528 καὶ
1299 2475 1472 2538 αὐτοὶ,
1514 2475 1627 2536 τοῖς
1661 2471 1884 2526 ἐκείνων

292 2568 598 2639 ἐχρήσαντο
625 2567 854 2638 ῥήμασι.
882 2564 1144 2620 Διονύσιοι
1176 2565 1284 2637 γὰρ
1317 2564 1410 2619 δύο
1450 2566 1735 2634 γεγόνασιν
1785 2563 1885 2636 ἐμ-

289 2657 528 2730 προσθεν
554 2655 696 2710 πολὺ
725 2654 835 2709 τῶν
873 2655 1242 2726 ἐϐδομήκοντα
1400 2655 1508 2707 τῶν
1545 2653 1882 2707 καθελόντων

285 2749 374 2802 τὸν
403 2742 777 2819 Σαμοσατὲα·
809 2747 1012 2801 τούτων
1043 2748 1070 2800 6
1100 2745 1199 2817 μὲν
1230 2745 1332 2815 τῆς
1371 2743 1586 2816 Ῥώμης
1606 2785 1619 2808 ,
1645 2747 1674 2797 6
1699 2744 1755 2797 δέ
1783 2743 1882 2814 τῆς

296 2839 718 2912 Ἀλεξανδρείας
739 2835 808 2910 ἦν
830 2840 1145 2902 ἐπίσκοπος.
1182 2837 1342 2892 Ἀλλά
1361 2855 1521 2891 τινων
1553 2835 1881 2906 αἰτιασαμέ-

283 2951 386 2986 νων
411 2931 572 3003 παρὰ
591 2930 675 3002 τῷ
697 2931 981 3001 ἐπισκόπῳ
1003 2929 1224 3000 Ῥώμης
1247 2928 1338 2982 τὸν
1353 2929 1452 2999 τῆς
1480 2927 1883 2998 Ἀλεξανδρείας

282 3025 617 3084 ἐπίσκοπον,
644 3022 722 3086 ὡς
747 3020 972 3090 λέγοντα
1000 3021 1209 3092 ποίημα
1225 3063 1239 3086 ,
1270 3020 1364 3074 καὶ
1389 3018 1463 3091 μὴ
1482 3019 1766 3090 ὁμοούσιον
1790 3019 1882 3071 τὸν

282 3117 404 3170 Τίον
437 3115 521 3186 τῷ
541 3115 752 3184 Πατρὶ,
783 3115 816 3183 ή
845 3114 941 3184 μὲν
976 3114 1116 3168 κατὰ
1167 3113 1386 3184 Ῥώμην
1424 3112 1641 3175 σύνοδος
1677 3110 1882 3180 ἠγανά-

284 3223 482 3279 κτησεν
506 3223 522 3235 ·
557 3207 589 3258 ὁ
613 3203 673 3257 δὲ
692 3203 791 3274 τῆς
818 3203 1034 3275 Ῥώμης
1060 3205 1358 3268 ἐπίσκοπος
1385 3202 1483 3275 τὴν
1506 3203 1721 3257 πάντων
1748 3200 1882 3270 γνώ-

287 3320 387 3373 μην
414 3301 632 3372 γράφει
666 3297 803 3368 πρὸς
829 3297 920 3351 τὸν
945 3296 1476 3368 ὁμώνυμονέαυτοῦ.

1972 861 2105 906 cunt
2139 851 2303 921 (nam
2349 849 2578 919 epistola
2616 863 2780 920 penes
2814 862 2901 902 me
2933 861 3038 900 non
3068 844 3213 914 fuit),
3235 843 3326 914 qui
3355 842 3546 897 Samo-

1972 954 2244 1000 satensem
2314 943 2646 998 damnarunt
2715 939 2956 1012 episcopi
3016 939 3220 1009 scripto
3279 935 3548 992 tradidere

1973 1035 2170 1092 Filium
2205 1035 2300 1090 Dei
2335 1050 2443 1089 non
2469 1049 2590 1090 esse
2616 1031 2761 1087 Patri
2788 1029 3331 1094 consubstantialem,
3361 1043 3425 1083 ac
3455 1028 3550 1082 de-

1978 1144 2126 1183 mum
2157 1127 2280 1197 ipsi,
2318 1125 2536 1196 pietatis
2565 1123 2900 1192 honorisque
2925 1138 3090 1176 causa
3123 1136 3250 1190 erga
3281 1119 3428 1173 viros
3454 1117 3549 1188 qui

1977 1221 2090 1274 hac
2128 1219 2399 1283 dixerunt,
2430 1217 2510 1274 sic
2557 1231 2655 1286 pro
2686 1230 2749 1270 ea
2787 1230 2917 1269 voce
2959 1222 3086 1268 sunt
3121 1211 3332 1277 allecti,
3367 1224 3548 1279 operae

1973 1309 2200 1378 pretium
2233 1307 2396 1362 fuerit
2423 1309 2509 1377 pie
2531 1322 2653 1361 cum
2685 1305 2818 1375 ipsis
2853 1321 2914 1359 ea
2942 1303 3006 1358 de
3029 1319 3084 1357 re
3109 1303 3394 1358 disserere.
3426 1298 3547 1354 Non

1973 1402 2126 1455 deret
2152 1401 2351 1471 quippe
2381 1401 2504 1454 illos
2537 1415 2660 1453 cum
2687 1399 2772 1452 his
2790 1397 3161 1452 committere:
3191 1410 3380 1450 omnes
3401 1394 3545 1449 enim

1976 1489 2160 1546 Patres
2180 1499 2338 1553 sunt;
2368 1505 2543 1560 neque
2560 1496 2810 1544 sanctum
2829 1495 2973 1542 esset
2993 1485 3219 1540 delinire
3239 1485 3340 1539 hos
3357 1484 3550 1554 probe,
3633 1523 3636 1526 .

1977 1581 2097 1636 Illos
2107 1580 2247 1634 male
2259 1580 2471 1634 locut0s
2485 1593 2632 1633 esse:
2649 1591 2841 1631 omnes
2855 1575 3050 1646 quippe
3063 1574 3115 1630 in
3129 1572 3347 1627 Christo
3359 1571 3554 1627 obdor-

1978 1673 2230 1727 mierunt.
2250 1669 2668 1740 Disceptandum
2688 1681 2852 1736 porro
2867 1680 2973 1719 non
2993 1673 3277 1732 est,neque
3293 1675 3553 1716 numerus

1977 1759 2342 1816 conferendas
2376 1757 2621 1812 virorum
2663 1756 2756 1824 qui
2787 1753 2963 1809 coaeti
2995 1761 3143 1818 sunt,
3173 1767 3240 1806 ne
3272 1751 3556 1805 videantur

1979 1851 2204 1908 trecenti
2257 1849 2336 1905 illi
2383 1848 2668 1920 pauciores
2715 1845 3033 1906 obscurare,
3092 1855 3269 1912 neque
3312 1847 3556 1909 tempora

2469 1938 2619 1994 sunt,
2653 1944 2721 1981 ne
2746 1930 2835 1996 qui
2865 1942 3192 1997 praecessere
3220 1931 3557 1998 subsequen-

1987 2027 2067 2070 tes
2090 2029 2446 2075 exauctorare
2480 2030 2753 2092 putentur.
2787 2023 2990 2078 Omnes
3036 2022 3179 2078 enim
3207 2063 3222 2092 ,
3255 2021 3335 2076 uti
3391 2037 3554 2091 snpra

1985 2107 2189 2163 dictum
2218 2118 2321 2174 est,
2361 2108 2550 2167 Patres
2585 2120 2745 2177 sunt;
2773 2126 2952 2181 neque
2994 2119 3175 2164 tamen
3207 2107 3437 2164 trecenti
3478 2106 3553 2162 illi

1985 2200 2222 2269 aliquam
2259 2217 2452 2256 novam
2478 2202 2749 2272 scripsere
2794 2201 3119 2258 sententiam
3153 2219 3166 2266 ;
3201 2215 3398 2271 neque,
3447 2199 3552 2254 sibi

1985 2293 2118 2362 ipsis
2147 2294 2362 2358 conﬁsi,
2408 2294 2589 2348 verbis
2616 2309 2724 2349 non
2756 2301 2913 2349 antea
2965 2293 3184 2363 scriptis
3226 2291 3552 2362 patrocinati

1983 2395 2146 2451 sunt;
2180 2386 2274 2440 sed
2303 2385 2552 2454 exemplo
2596 2383 2820 2439 Patrum
2866 2385 3094 2450 incitati,
3139 2399 3329 2439 eorum
3387 2383 3553 2438 verba

1983 2487 2336 2547 usurparunt.
2375 2477 2472 2532 Diu
2509 2493 2741 2549 namque
2763 2486 2888 2532 ante
2927 2477 3048 2532 illos
3080 2476 3424 2545 septuaginta
3455 2475 3550 2544 qui

1985 2565 2426 2624 Samosatensem
2460 2569 2851 2638 deposuerunt,
2876 2567 2983 2619 duo
2999 2566 3238 2636 Dionysii
3272 2565 3552 2633 exstitere,

1982 2671 2214 2726 quorum
2241 2657 2375 2712 alter
2403 2656 2627 2723 Romae,
2682 2657 2816 2710 alter
2864 2641 3207 2710 Alexandria:
3261 2656 3552 2726 episcopus

1981 2757 2120 2804 erat.
2144 2747 2278 2804 Cum
2318 2758 2498 2804 autem
2527 2749 2746 2819 quidam
2782 2748 2847 2802 ad
2877 2747 3182 2802 Romanum
3212 2751 3549 2818 episcopum,

1980 2841 2408 2896 Alexandrinum
2442 2841 2783 2902 detulissent,
2809 2840 2950 2910 quod
2976 2838 3172 2892 Filium
3214 2855 3327 2895 rem
3354 2838 3550 2894 factam

1980 2942 2036 2987 et
2065 2929 2215 2985 Patri
2244 2947 2349 2986 non
2388 2931 2905 2986 consubstantialem
2935 2929 3228 2983 afﬁrmaret
3253 2970 3268 2994 ,
3311 2931 3554 3001 synodus

1982 3021 2169 3078 Romm
2198 3032 2386 3078 coacta
2422 3038 2535 3077 rem
2567 3023 2787 3094 indigne
2822 3022 2942 3076 tulit
2971 3041 2985 3086 ;
3035 3023 3316 3078 Romanus
3368 3034 3550 3078 autem

1980 3117 2268 3186 episcopus
2293 3115 2536 3168 omnium
2563 3115 2886 3168 sententiam
2910 3115 3186 3183 rescripsit
3209 3115 3273 3168 ad
3297 3115 3550 3182 gettlilem

1982 3225 2164 3264 suum.
2195 3209 2381 3264 Atille
2425 3208 2518 3290 sui.
2539 3207 2805 3278 purgandi
2845 3223 3012 3262 causa
3057 3209 3255 3261 librum
3301 3209 3407 3262 edit
3450 3209 3554 3263 hoc

1609 3297 1873 3388 Κάκεῖνος
1905 3331 1948 3388 C
1978 3300 2153 3366 titulo,
2179 3299 2440 3356 Elenchus
2463 3309 2512 3354 et
2540 3300 2821 3370 Apologia,
2850 3311 2903 3357 et
2931 3299 3017 3354 his
3045 3299 3227 3356 verbis
3252 3299 3318 3355 ad
3347 3298 3552 3354 Roma-

283 3392 492 3457 λοιπὺν,
549 3387 1029 3460 ἀπολογούμενος,
1082 3389 1145 3442 τὸ
1199 3388 1297 3458 μὲν
1334 3387 1538 3459 βιϐλίον
1580 3385 1877 3459 ἐπιγράφει

1981 3407 2108 3445 num
2127 3392 2346 3463 scripsit
2379 3391 2696 3462 episcopum
2726 3408 2740 3444 :

297 3486 590 3555 'EJé-rzov
615 3482 719 3537 καί
767 3481 1132 3548 Ἀπολογίας.
1186 3480 1394 3550 Γράφει
1423 3479 1479 3533 δὲ
1519 3478 1692 3532 ταῦτα
1740 3477 1875 3555 προς
1905 3479 2137 3533 ἐκεῖνον.

601 3590 620 3622 ι
653 3569 768 3624 Καὶ
795 3570 863 3623 δι’
894 3567 1059 3636 ἄλλης
1102 3564 1391 3635 ἐπιστολῆς
1447 3561 1682 3632 ἔγραψα,
1713 3559 1772 3612 ἐν
1794 3553 1873 3622 οἷς

306 3663 504 3734 ῇλεγξα
527 3665 660 3718 ιιιιῖιό
697 3661 1065 3735 προφέρουσιν
1094 3657 1343 3727 ἔγκλημα
1382 3655 1504 3710 κατ’
1534 3650 1690 3722 ἐμοῦ,
1741 3648 1874 3718 ψεῦ-

312 3759 397 3820 δος
419 3757 492 3820 ὃν,
519 3756 588 3820 ὡς
615 3758 674 3811 οὐ
702 3757 955 3825 λέγοντος
984 3753 1076 3806 τὸν
1140 3750 1374 3822 Χριστὸν
1405 3743 1690 3817 ὁμοούσιον
1735 3737 1874 3795 εἷναι

305 3850 378 3920 τῷ
569 3851 633 3903 Εἰ
655 3849 768 3922 γὰρ
795 3848 888 3902 καὶ
909 3846 970 3900 τὸ
986 3846 1154 3914 ὄνομα
1175 3841 1332 3896 τοῦτό
1372 3855 1514 3909 φημι
1541 3835 1616 3908 μὴ
1645 3832 1876 3905 εὑρηκέ-

294 3963 398 4006 ναε,
435 3945 558 4015 μηδ’
583 3941 955 4014 ἀνεγνωκέναι
984 3955 1085 3990 που
1109 3936 1215 3989 τῶν
1262 3933 1433 4002 ἁγίων
1459 3926 1713 4001 Γραφῶν,
1739 3923 1878 3980 άλλά

288 4055 349 4104 γε
374 4037 442 4088 τά
465 4030 876 4106 ἐπιχειρήματά
904 4046 1004 4099 μου
1027 4025 1094 4080 τὰ
1117 4026 1261 4096 ἑξῆς,
1285 4024 1320 4078 ἃ
1356 4021 1748 4090 σεσιωπήκασι,
1777 4016 1877 4086 τῆς

287 4128 524 4190 διανοίας
557 4126 765 4195 ταύτης
823 4123 922 4176 οὐκ
966 4119 1179 4192 ἀπᾴδει.
1231 4115 1340 4170 Καὶ
1400 4113 1509 4184 γὰρ
1670 4107 1879 4180 ἀνθρω-

287 4221 447 4274 πείαν
470 4220 641 4288 γονὴν
694 4215 1032 4286 παρεθέμην,
1083 4211 1238 4282 δῆλον
1281 4209 1354 4272 ὡς
1404 4202 1569 4260 οὖσαν
1621 4201 1874 4272 ὁμογενῆ,

288 4317 468 4385 φήσας
501 4312 723 4372 πάντως
777 4308 905 4372 τοὺς
960 4305 1136 4376 γονεῖς
1167 4302 1322 4374 μόνον
1472 4297 1691 4366 ἐτέρους
1738 4289 1878 4346 εἶναι

290 4404 391 4457 τῶν
423 4404 660 4462 τέκνων,
683 4400 764 4452 ὅτι
795 4397 870 4470 μὴ
901 4395 1056 4449 αὐτοὶ
1082 4389 1189 4446 εἷεν
1218 4391 1287 4444 τὰ
1317 4387 1560 4456 τέκναοῆ
1593 4385 1733 4456 μήτε
1782 4399 1878 4450 γο-

287 4499 396 4560 νεῖς
422 4495 730 4562 ἀναγκαῖον
752 4489 1018 4562 ὑπάρχειν
1046 4482 1204 4548 εἶναι,
1242 4483 1378 4554 μήτε
1408 4479 1592 4534 τέκνα.
1637 4477 1750 4531 Καὶ
1779 4475 1879 4544 τὴν

291 4590 390 4659 μὲν
424 4583 737 4654 ἐπιστολὴν,
790 4581 865 4645 ὡς
915 4579 1190 4650 προεῖπον,
1240 4573 1328 4628 διὰ
1379 4571 1478 4634 τὰς
1530 4567 1878 4639 περιστάσεις

286 4679 390 4733 οὐκ
417 4679 531 4746 ξχω
562 4672 914 4745 προκομίσαι·
939 4672 987 4723 εί
1028 4667 1072 4722 δ’
1102 4662 1214 4730 οὖν,
1250 4663 1391 4718 αὐτά
1550 4676 1632 4713 σοι
1657 4657 1726 4710 τά
1757 4656 1878 4709 τότε

2155 3584 2175 3618 ι
2199 3565 2255 3619 ln
2279 3565 2382 3619 alia
2410 3564 2534 3619 item
2569 3563 2793 3634 epistola
2820 3577 2881 3616 ea
2910 3577 2984 3616 εει
3002 3561 3124 3631 ipsi,
3149 3561 3345 3631 quibus
3365 3561 3552 3617 crimi-

1974 3659 2248 3713 nationem
2296 3655 2732 3711 adversariorum
2775 3655 2969 3722 repuli,
3010 3655 3433 3724 mendacemque
3461 3670 3552 3710 os-

1975 3751 2118 3808 tendi
2142 3765 2248 3820 qua
2273 3748 2487 3803 aiebant
2513 3761 2596 3801 me
2620 3745 2894 3800 Christum
2918 3761 3113 3815 negare
3140 3761 3261 3800 esse
3286 3745 3390 3799 Deo
3415 3761 3549 3799 con-

1975 3839 2403 3898 substantialem.
2437 3835 2674 3892 Tametsi
2711 3835 2856 3891 enim
2913 3835 3082 3890 fateor
3119 3852 3204 3889 me
3249 3838 3351 3890 hoc
3392 3850 3550 3890 voca-

1975 3933 2161 3988 bulum
2208 3945 2476 4000 nusquam
2520 3927 2922 3998 Scripturarum
2969 3943 3246 3982 sacrarum
3290 3929 3371 3982 vel
3403 3929 3552 3983 inve-

1976 4025 2124 4079 nisse
2157 4023 2240 4078 vel
2267 4023 2484 4092 legisse,
2525 4030 2761 4076 attamen
2793 4029 3106 4089 argumenta
3134 4034 3249 4072 mea
3281 4036 3399 4088 quae
3423 4019 3553 4074 sub-

1978 4126 2303 4188 sequuntur,
2325 4130 2554 4187 quaeque
2599 4114 2687 4170 isti
2725 4121 3030 4177 tacuerunt,
3057 4111 3126 4165 ab
3153 4113 3253 4164 hac
3285 4112 3550 4165 sententia

1980 4225 2086 4264 non
2119 4209 2451 4277 discrepant.
2477 4205 2688 4260 Etenim
2724 4205 3016 4259 humanam
3047 4201 3250 4271 prolem
3285 4202 3336 4254 in
3364 4216 3549 4254 exrm-

1979 4302 2126 4372 plnm
2155 4300 2334 4367 attuli,
2374 4313 2537 4370 quam
2566 4305 2713 4368 patet
2756 4296 2998 4366 ejusdem
3049 4308 3171 4350 esse
3234 4293 3446 4364 generis
3489 4307 3553 4348 ac

1981 4395 2300 4466 genitorem.
2360 4391 2588 4462 Dixique
2625 4405 2810 4444 revera
2855 4389 2906 4442 in
2938 4389 3041 4443 hoc
3094 4387 3268 4443 solum
3303 4394 3554 4456 parentes

1981 4487 2197 4542 diﬂ‘errc
2221 4501 2249 4540 a
2275 4484 2419 4549 ﬁliis,
2449 4483 2595 4552 quod
2631 4483 2733 4552 ipsi
2766 4497 2874 4536 non
2915 4482 3024 4535 sint
3050 4481 3143 4534 ﬁlii
3173 4498 3184 4533 :
3216 4478 3418 4547 alioqui
3455 4493 3551 4531 ne-

1982 4595 2135 4635 cesse
2188 4577 2304 4632 fore
2333 4591 2508 4646 neque
2552 4583 2803 4644 parentes
2860 4573 3141 4634 exsistere,
3186 4584 3361 4640 neque
3393 4569 3551 4623 lilios.

1982 4671 2280 4741 Epistolam
2315 4677 2518 4731 autem,
2545 4675 2604 4720 ut
2634 4675 2756 4720 ante
2779 4664 2910 4726 dixi,
2935 4663 3004 4716 ob
3029 4671 3344 4740 praesentem
3372 4675 3552 4714 rerum

293 4773 541 4842 ῥήματα,
574 4767 770 4839 μᾶλλον
800 4765 858 4818 δέ
885 4761 982 4818 καὶ
1012 4760 1194 4831 πάσης
1215 4754 1504 4825 ἀνέπεμψα
1535 4752 1597 4806 τὸ
1622 4749 1880 4842 ἀντίγρα-

1983 4762 2348 4820 conditionem
2403 4774 2565 4830 penes
2613 4771 2835 4811 menon
2888 4754 3079 4808 habeo.
3136 4750 3389 4821 Alioquin
3436 4749 3552 4820 ipsa

449 4838 592 4930 ὃπερ
650 4857 743 4910 ἐὰν
776 4854 1086 4925 εὖπορήσω,
1127 4849 1355 4920 ποιήσω.
1397 4841 1524 4899 Οἶδα
1571 4843 1628 4897 δέ
1657 4842 1754 4896 καὶ
1787 4838 1882 4910 μέ-

297 4970 515 5023 μνημαι
549 4947 772 5001 πλείονα
818 4941 1077 5015 προσθεὶς
1124 4939 1230 4994 τῶν
1281 4937 1554 5006 συγγενῶν
1599 4932 1879 5005 ὁμοιώμα-

522 5037 634 5091 Kal
664 5034 772 5106 γὰρ
810 5033 905 5087 καὶ
953 5029 1117 5101 φυτὸν
1151 5030 1323 5091 εἷπον,
1358 5027 1465 5081 ἀπὸ
1500 5025 1812 5096 σπέρματος
1843 5021 1876 5094 ἢ

296 5133 406 5184 ἀπὸ
438 5129 597 5201 ῥίζης
620 5125 862 5190 ἀνελθὸν,
884 5124 1070 5191 ἕτερον
1103 5117 1239 5175 εἶναι
1271 5119 1365 5172 τοῦ
1403 5119 1522 5172 ὅθεν
1557 5117 1879 5186 ἐϐλάστησε,

295 5225 388 5276 καὶ
423 5221 645 5285 πάντως
679 5218 871 5288 ἐκείνῳ
891 5217 1225 5286 καθέστηκεν
1277 5211 1511 5285 ὁμοφυές
1531 5229 1546 5243 '
1580 5212 1674 5263 καὶ
1716 5227 1881 5263 ποτα-

300 5317 400 5388 μδν
421 5315 532 5370 ἀπὸ
561 5313 746 5384 πηγῆς
776 5311 988 5383 ῥέοντα,
1013 5308 1196 5380 ἓτερον
1227 5305 1323 5360 καὶ
1370 5304 1552 5375 σχῆμα
1589 5303 1682 5355 καὶ
1713 5302 1882 5370 ὄνομα

303 5407 713 5479 μετειληφέναι·
750 5406 886 5474 μήτε
909 5401 1018 5472 γάρ
1043 5400 1140 5470 τὴν
1195 5399 1376 5470 πηγὴν
1427 5395 1692 5464 ποταμὸν,
1746 5395 1880 5463 μήτε

301 5503 389 5557 τον
422 5499 667 5571 ποταμὸν
709 5494 892 5565 πηγὴν
928 5492 1198 5562 λέγεσθαι,
1255 5491 1350 5544 καὶ
1391 5489 1675 5560 ἀμφότερα
1709 5486 1883 5557 ὑπάρ-

304 5612 434 5663 χειν·
462 5593 559 5647 καὶ
585 5592 688 5660 τὴν
724 5589 825 5659 μὲν
849 5586 1029 5654 πηγὴν
1051 5583 1212 5637 οἱονεὶ
1241 5582 1462 5652 Πατέρα
1513 5577 1669 5637 εἶναι.
1707 5578 1880 5633 τὸνδέ

304 5681 545 5753 ποταμὸν
595 5675 743 5732 εἶναι
775 5672 840 5725 τὸ
870 5673 934 5724 ἐκ
979 5671 1078 5740 τῆς
1122 5667 1304 5739 πηγῆς
1355 5664 1717 5736 γεννώμενον,
1869 5678 1887 5710 ι

309 5772 535 5845 Εἴρηκεν
662 5769 694 5821 6
730 5765 1047 5823 ἐπίσκοπος.

1984 4856 2080 4911 tibi
2111 4870 2234 4925 qua:
2283 4862 2411 4907 tunc
2460 4851 2652 4920 scripsi
2707 4847 2892 4914 verba,
2945 4847 3055 4900 imo
3102 4845 3267 4900 totius
3311 4845 3554 4914 epistolae

1983 4946 2258 5015 exemplar
2293 4942 2586 4998 misissent.
2619 4941 2936 5008 mittamque
2965 4931 3016 4994 si
3037 4937 3254 5008 quando
3280 4938 3413 4992 mihi
3436 4937 3555 5008 ejus

1984 5039 2139 5108 copia
2174 5034 2354 5090 fuerit.
2387 5033 2512 5088 Scio
2532 5042 2706 5086 autem
2737 5041 2898 5098 atque
2925 5030 3146 5084 memini
3175 5045 3260 5082 me
3292 5030 3555 5099 plurimas

1983 5147 2048 5186 ex
2083 5131 2242 5185 rebus
2265 5129 2402 5182 inter
2423 5142 2479 5180 se
2501 5127 2749 5196 cognatis
2770 5123 3151 5178 similitudines
3179 5123 3552 5192 conglobasse.

1985 5221 2193 5275 Etenim
2229 5220 2487 5289 plantam,
2519 5216 2632 5272 sive
2648 5231 2710 5270 ex
2735 5214 2963 5280 semine,
2988 5213 3099 5268 sive
3127 5229 3192 5269 ex
3221 5215 3402 5269 radice
3431 5229 3552 5268 suc-

1985 5319 2340 5370 crescentem,
2389 5309 2550 5362 aliam
2587 5323 2708 5364 esse
2734 5305 2848 5359 dixi
2881 5306 2948 5359 ab
2973 5320 3039 5359 eo
3077 5304 3221 5358 unde
3251 5303 3551 5372 pullulavit,

1988 5403 2204 5459 tametsi
2234 5401 2477 5472 ejusdem
2511 5402 2739 5469 prorsus‘
2771 5407 2854 5453 est
2882 5405 3091 5450 natura;
3119 5414 3132 5449 :
3168 5393 3499 5460 ﬂuviumque
3523 5406 3551 5444 a

1989 5495 2134 5550 fonte
2165 5494 2443 5556 ﬂuentem,
2475 5492 2636 5546 aliam
2673 5489 2901 5543 formam
2937 5495 2990 5542 et
3027 5499 3221 5539 nomen
3259 5483 3503 5550 accipere
3537 5499 3550 5534 :

1990 5605 2162 5657 neque
2185 5587 2328 5639 enim
2355 5594 2448 5639 aut
2481 5583 2676 5636 fontem
2707 5580 2952 5638 ﬂuvium.
2982 5586 3076 5632 aut
3105 5573 3326 5628 ﬂuvium
3351 5573 3554 5626 fontem

1982 5673 2112 5738 dici,
2153 5669 2246 5726 sed
2295 5678 2588 5737 utrumque
2633 5667 2937 5721 exsistere:
2972 5678 3035 5718 ac
3079 5663 3280 5718 fontem
3331 5661 3549 5729 quidem

1985 5763 2140 5833 quasi
2184 5769 2388 5831 patrem
2431 5772 2572 5823 esse,
2613 5755 2834 5810 ﬂuvium
2883 5769 3034 5818 vero,
3069 5764 3266 5821 aquam
3297 5766 3360 5806 ex
3403 5751 3552 5807 fonte

1987 5864 2315 5908 manentem.
2345 5870 2364 5904 ι
2398 5848 2668 5905 llaclcnus
2697 5848 2984 5916 cpisc0pus
3014 5843 3118 5898 ille.
