4058 6478
1718 398 2107 460 EUTIIYMII
2147 390 2511 456 ZlGABENI
3659 388 3786 456 ὅτε

2358 526 2531 597 Εἴπερ
2553 521 2648 580 οὖν
2674 523 2949 596 μέμφεταί
2981 540 3067 587 τις
3092 524 3206 587 τοῖς
3249 523 3307 576 ὲν
3338 519 3538 592 Ntxgiq.
3561 525 3786 575 συνελ-

498 406 613 475 475

703 538 758 595 Si
785 540 911 611 quis
938 538 1103 609 igitur
1122 552 1217 605 eos
1243 536 1337 608 qui
1366 535 1558 595 Nicaea
1587 546 1959 595 convenerunt
1972 551 2067 591 ει·-
2094 545 2141 597 Α

500 633 633 701 guit,
661 632 803 701 quod
839 612 1033 701 praeter
1060 629 1331 700 majorum
1366 629 1581 691 decreta
1609 631 1857 701 quedam
1882 639 2068 700 protu-

2174 620 2377 683 θοῦσιν,
2404 618 2480 683 ὡς
2508 620 2752 689 είρηκόσι
2782 614 2932 687 παρὰ
2978 616 3048 669 τὰ
3076 614 3302 682 δόξαντα
3496 617 3616 676 τοῖς
3661 613 3788 684 πρὸ

501 724 685 786 ierint,
728 721 773 777 is
807 721 931 790 jure
975 719 1315 790 septuaginta
1353 719 1639 789 episcopos
1688 720 2067 790 reprehendat,

2174 710 2375 773 αὐτῶν,
2404 709 2433 759 6
2460 710 2621 771 αὐτὸς
2649 708 2914 779 μέμψαιτ’
2953 707 3020 760 ἂν
3049 705 3275 768 εἰκότως
3314 704 3411 758 καὶ
3450 706 3561 768 τοῖς
3609 704 3789 756 ἑϐδο-

500 813 647 885 quod
677 811 941 882 majorum
966 825 1193 865 suorum
1217 810 1435 865 decreta
1462 824 1571 865 non
1601 810 1893 879 servarint.
1912 808 2068 863 Prius

2178 803 2444 872 μήκοντα,
2473 802 2555 853 ὅτι
2591 802 2667 871 μὴ
2687 799 2756 852 τὰ
2793 797 2899 851 τῶν
2941 798 3044 871 πρὸ
3085 797 3265 851 αὐτῶν
3326 796 3627 865 ἐφύλαξαν·
3667 793 3794 868 πρὸ

500 903 699 975 quippe
728 909 883 956 erant
910 901 1072 954 ambo
1101 898 1367 971 Dionysii,
1398 908 1561 970 atque
1593 901 1627 954 ii
1661 900 1753 971 qui
1779 908 1910 955 tunc
1930 908 2068 955 tem-

2175 893 2356 947 αὐτῶν
2386 893 2445 946 δὲ
2472 889 2611 963 ἦσαν
2640 893 2690 945 οἱ
2720 891 3005 956 Διονύσιοι,
3057 891 3149 945 καὶ
3180 892 3229 943 οἱ
3269 891 3327 942 ὲν
3363 887 3552 960 Ῥώμῃ
3578 888 3651 940 τὸ
3681 904 3793 957 τη-

500 993 649 1060 poris
682 990 867 1048 Roma
898 1000 1266 1047 convenerant
1304 992 1566 1061 episcopi.
1594 990 1697 1045 Sed
1735 1001 1959 1046 neutros
1988 989 2068 1046 fas

2174 984 2404 1041 νικαῦτα
2430 985 2771 1048 συνελθόντες
2831 985 3140 1038 ἐπίσκοποι.
3187 982 3325 1045 Ἀλλ’
3358 980 3480 1034 οὔτε
3517 979 3793 1042 τούτους,

497 1094 582 1149 est
626 1082 885 1153 culpare:
918 1096 1110 1136 omnes
1156 1082 1358 1151 quippe
1409 1098 1497 1136 res
1543 1081 1742 1137 Christi
1784 1082 2068 1155 curabant,

2175 1076 2300 1131 οὔτε
2329 1077 2570 1140 ἐκείνους
2613 1077 2758 1158 ὅσιον
2797 1074 3163 1129 αἰτιάσασθαι·
3193 1074 3388 1136 πάντες
3438 1072 3550 1143 γὰρ
3602 1069 3798 1141 ἐπρέ-

497 1188 689 1243 onmes
722 1173 895 1243 studia
918 1188 1015 1228 sua
1040 1173 1429 1227 convertebant
1471 1174 1734 1229 adversus
1765 1174 2068 1240 hazretieos,

2180 1167 2371 1220 σόευον
2408 1166 2476 1219 τὰ
2510 1162 2769 1236 Χριστοῦ,
2799 1165 2893 1226 καὶ
2949 1164 3149 1226 πάντες
3203 1160 3437 1232 σπουδὴν
3494 1160 3799 1229 ἐσχήκασι

497 1275 550 1317 et
580 1263 672 1317 alii
703 1263 1167 1328 Samosatensem,
1195 1264 1288 1317 alii
1323 1264 1581 1318 Ariauam
1611 1267 1939 1319 damnarunt
1967 1266 2068 1318 Irm-

2181 1257 2321 1310 κατὰ
2358 1254 2466 1320 τῷν
2489 1255 2802 1327 αἱρετικῶν,
2843 1256 2938 1319 καὶ
2965 1255 3015 1307 οἱ
3045 1255 3142 1325 μὲν
3191 1252 3282 1306 τὸν
3328 1251 3699 1321 Σαμοσατὲα,
3744 1250 3800 1301 cl

499 1355 668 1423 resin.
699 1353 865 1408 [lecte
895 1363 1075 1407 autem
1108 1368 1171 1407 ac
1210 1353 1381 1422 probe
1416 1355 1634 1423 utrique
1665 1355 1954 1424 scripsere,
1989 1364 2068 1407 at-

2180 1347 2237 1400 δὲ
2268 1347 2367 1418 τὴν
2414 1347 2696 1416 Ἀρειανὴν
2729 1346 2938 1421 αἰρεσιν
2959 1342 3306 1413 κατέκριναν.
3354 1340 3559 1411 Ὀρθῶς
3591 1339 3663 1391 δὲ
3694 1339 3801 1391 καὶ

497 1461 606 1514 que
648 1454 1014 1516 congruenter
1041 1445 1108 1498 ad
1146 1443 1482 1514 propositum
1519 1455 1919 1513 argumentum.
1985 1445 2068 1499 Et-

2181 1430 2325 1491 οὗτοι
2378 1440 2640 1503 κάκεῖνοι,
2692 1438 2786 1489 καὶ
2834 1435 3014 1500 καλῶς
3059 1435 3195 1506 πρὸς
3249 1432 3345 1503 τὴν
3396 1430 3801 1501 ὑποκειμένην

498 1540 646 1590 enim
666 1536 1126 1608 quemadmodum
1163 1535 1353 1607 beatus
1372 1536 1667 1605 Apostolus
1697 1537 1763 1592 ad
1801 1536 2068 1592 Romanos

2185 1528 2439 1582 ὑπόθεσιν
2466 1528 2797 1599 γεγράφασι.
2830 1527 2940 1581 Καὶ
2991 1525 3179 1597 ὥσπερ
3208 1526 3236 1578 6
3284 1525 3557 1595 μακᾴριος
3612 1524 3674 1573 Ἀ
3691 1520 3798 1573 πὸ-

502 1632 587 1683 tris
618 1629 796 1683 verbis
831 1628 1079 1697 scripsit:
1113 1647 1131 1678 ι
1164 1626 1269 1680 Lex
1305 1627 1605 1705 spiritualis
1637 1637 1720 1682 est
1762 1630 1803 1694 ¹;
1828 1648 1845 1679 ρ
1867 1626 2068 1695 ethei

2186 1616 2389 1685 στολος,
2442 1618 2730 1689 Ῥωμαίοις
2762 1618 2858 1688 μὲν
2888 1616 3249 1678 ἐπιστέλλων,
3284 1615 3489 1683 ἔλεγεν·
3528 1631 3547 1663 ι
3589 1614 3668 1664 '0
3692 1608 3798 1663 ’νὸ-

502 1726 693 1779 sancta
709 1727 764 1773 et
778 1718 1089 1772 mandatum
1106 1727 1296 1772 sanetu
1306 1702 1379 1784 m,
1393 1727 1447 1771 et
1462 1717 1671 1786 justum
1689 1728 1741 1770 et
1761 1718 1963 1772 bonum
2001 1719 2043 1783 ';
2059 1738 2068 1770 ι

2186 1728 2286 1793 μος
2320 1709 2689 1793 πνευματικός
2737 1710 2854 1761 ἐστι
2885 1725 2898 1738 ·
2936 1727 2956 1759 ι
2991 1708 3106 1770 καὶ,
3170 1724 3188 1755 ι
3234 1706 3292 1758 '0
3345 1705 3505 1776 νόμος
3555 1702 3797 1770 ἆγιος,›

503 1819 559 1862 et
591 1810 757 1879 paulo
794 1817 936 1879 post,
976 1828 993 1860 ι
1028 1807 1161 1869 Nam
1197 1809 1341 1879 quod
1381 1808 1714 1878 impossibile
1747 1822 1864 1865 erat
1892 1811 1993 1880 legi
2030 1811 2068 1863 ir

2184 1804 2301 1869 καὶ,
2332 1821 2349 1853 ι
2395 1803 2458 1855 Ἦ
2486 1802 2674 1873 ἐντολὴ
2722 1801 2870 1870 ἁγία,
2907 1801 3002 1854 καὶ
3026 1799 3230 1863 δικαία,
3264 1799 3358 1851 καὶ
3398 1795 3604 1867 ἀγαθίγ
3626 1815 3649 1845 ι
3696 1797 3801 1880 καὶ

504 1877 615 1970 quo
644 1877 1021 1961 infirmahatur
1073 1900 1123 1966 ³;
1147 1920 1165 1951 ι
1198 1877 1266 1955 ad
1306 1877 1561 1956 Hebraeos
1590 1910 1793 1966 autem,
1816 1920 1835 1952 ι
1865 1877 2068 1965 Nullan

2187 1894 2306 1965 μετ’
2339 1893 2537 1961 ὀλίγον·
2595 1911 2615 1944 ί
2648 1892 2721 1946 Τὸ
2774 1891 2883 1964 γὰρ
2938 1888 3196 1944 ἀδύνατον
3250 1886 3345 1939 τοῦ
3405 1886 3595 1955 νόμου,
3660 1888 3725 1936 ἐν

506 1989 732 2059 perfecit
944 1990 1029 2045 lex
1071 1992 1128 2056 ‘;
1157 2010 1174 2043 ι
1223 1991 1287 2047 ad
1336 1989 1580 2057 Galatas,
1643 2009 1662 2043 ι
1692 1988 1749 2059 lu
1780 1990 1897 2060 lege
1926 2004 2068 2045 ηοω(

2184 1984 2455 2054 ἠσθένειή
2502 1983 2774 2056 Ἐὅραίοις
2820 1983 2877 2038 δὲ
2917 1982 3174 2054 ἐγραφεν·
3210 1999 3229 2031 ι
3279 1980 3338 2032 ’0
3371 1979 3534 2051 νόμος
3581 1977 3799 2031 οὐδένα

503 2080 900 2151 justifieabitur
949 2081 1006 2146 ';
1051 2098 1069 2131 ι
1119 2081 1186 2143 ad
1233 2078 1579 2139 Ttmotheum
1621 2090 1833 2149 autem,
1885 2098 1903 2132 ι
1934 2079 2068 2135 Bon:

2181 2074 2553 2128 τετελείωκεοι
2602 2073 2699 2126 καὶ
2746 2071 3014 2139 Γαλάταις
3047 2070 3166 2143 μὲν,
3227 2085 3246 2118 ι
3299 2066 3388 2118 Ἐν
3414 2066 3567 2134 voti-'9
3595 2063 3801 2126 οὐδεὶς

505 2178 590 2227 est
618 2170 735 2233 lex,
757 2169 803 2231 si
832 2170 957 2237 quis
979 2184 1043 2229 ea
1066 2169 1304 2239 legitime
1334 2178 1519 2241 utatur
1564 2170 1585 2200 ⁸
1606 2186 1620 2234 ;
1645 2189 1665 2222 ι
1704 2185 1878 2239 neque
1903 2178 2068 2224 tamet

2182 2163 2505 2218 8txatoﬁmt'
2534 2182 2553 2239 ν
2603 2161 2855 2234 Τιμοθέῳ
2911 2160 2987 2224 δὲ,
3020 2161 3102 2213 ὅτι
3138 2179 3155 2210 ι
3193 2156 3373 2219 Καλὸς
3395 2157 3424 2210 6
3453 2156 3653 2225 νόμος,
3696 2155 3797 2206 ὲάν

505 2261 632 2332 quis
669 2272 920 2327 sanctum
966 2261 1142 2317 virum
1189 2263 1511 2327 criminatus
1544 2263 1709 2333 fuerit
1736 2262 1913 2332 quasi
1953 2277 2068 2317 euu-

2185 2272 2268 2318 τις
2294 2252 2445 2324 αι’)τῷ
2493 2252 2740 2324 νομίμως
2776 2252 2992 2322 χρῆται·
3023 2270 3043 2303 t
3082 2251 3175 2304 καὶ
3212 2249 3313 2307 οὐκ
3371 2246 3436 2300 ἄν
3466 2264 3552 2319 τις
3593 2245 3797 2304 αἰτιά-

507 2346 677 2419 traria
715 2355 770 2400 et
805 2347 1102 2418 pugnantia
1148 2350 1382 2416 scribat;
1424 2351 1518 2409 sed
1563 2351 1746 2419 potius
1782 2351 2068 2407 admiratus

2185 2363 2340 2415 σαιτο
2364 2344 2455 2398 τὸν
2476 2344 2631 2413 ἅγιον
2823 2343 2898 2406 ὡς
2930 2341 3149 2398 ἐναντία
3193 2340 3287 2393 καὶ
3310 2336 3596 2409 μαχόμενα
3636 2337 3795 2415 γρά-

508 2436 689 2499 fuerit,
720 2437 885 2506 quod,
919 2445 977 2491 ut
1002 2437 1234 2511 singulis
1259 2447 1688 2505 consentaneum
1714 2448 1852 2519 erat,
1874 2440 2068 2507 scribe

2185 2437 2525 2515 φοντα,ἀλλὰ
2554 2436 2649 2490 καὶ
2681 2434 2879 2508 μᾶλλον
2905 2433 3235 2504 θαυμάσειεν
3257 2428 3608 2503 ἁρμοζόντως
3646 2430 3796 2500 πρὸς

511 2535 612 2591 ret,
643 2534 700 2591 ut
730 2524 956 2579 Romani
994 2533 1049 2585 et
1086 2525 1177 2579 alii
1205 2540 1272 2587 ex
1299 2525 1477 2580 littera
1515 2525 1822 2583 ediscerent
1863 2539 1983 2593 sese
2017 2538 2068 2582 at

2186 2533 2451 2593 ἑκάστους
2474 2528 2878 2591 ἐπιστέλλοντα,
2924 2527 3013 2581 ἴνα
3066 2528 3115 2580 οί
3149 2525 3247 2596 μὲν
3280 2525 3541 2593 Ῥωμαῖοι
3596 2522 3708 2577 καὶ
3738 2522 3793 2574 οἱ

516 2617 775 2690 Spiritum
809 2625 1125 2674 convertere
1151 2632 1165 2682 ;
1203 2613 1412 2701 Hebraei
1446 2630 1577 2675 vero
1601 2628 1656 2679 et
1687 2616 1890 2685 Galata:
1918 2618 2068 2679 doce-

2186 2625 2335 2681 ἄλλοι
2364 2622 2606 2696 μάθωσιν
2636 2620 2744 2675 ἀπὸ
2794 2618 2887 2677 τοῦ
2942 2620 3266 2692 γράμματος
3311 2613 3673 2689 ἐπιστρέφειν
3706 2616 3790 2679 εἰς

512 2720 720 2775 rentur,
770 2725 876 2763 non
903 2710 958 2763 in
1000 2712 1192 2781 legem,
1225 2710 1317 2767 sed
1350 2709 1404 2762 in
1447 2706 1737 2769 Dominum
1776 2709 1871 2779 qui
1914 2708 2068 2787 legen‘

2185 2717 2247 2770 τὸ
2268 2715 2511 2787 Πνεῦμα·
2544 2716 2592 2768 el
2624 2714 2683 2767 δὲ
2725 2712 2969 2784 Ἑϐραῖοι
2996 2713 3091 2765 καὶ
3146 2711 3383 2765 Γαλάται
3417 2708 3791 2775 παιδευθῶσι,

512 2801 679 2862 dedit,
704 2814 859 2871 spem
887 2800 1121 2854 habere:
1144 2800 1218 2864 ita
1241 2814 1460 2871 quoque
1483 2801 1584 2857 etsi
1612 2800 1899 2868 ambarum
1925 2786 2068 2869 svnoi

2190 2807 2266 2879 μὴ
2299 2809 2376 2870 είς
2403 2786 2496 2859 τὸν
2532 2806 2717 2877 νόμον,
2746 2804 2860 2858 ἀλλ’
2898 2804 2976 2867 είς
3008 2804 3098 2858 τδν
3128 2803 3332 2875 Κύριον
3363 2800 3457 2855 τὸν
3502 2799 3789 2853 δεδωκότα

510 2890 705 2944 dorum
757 2888 947 2949 Patres
995 2892 1208 2945 diverse
1255 2891 1323 2945 de
1370 2890 1822 2946 consubstantiali
1858 2891 2060 2945 mentio

2186 2900 2277 2952 τὸν
2307 2900 2470 2970 νόμον
2525 2897 2669 2969 ἔχειν
2700 2896 2799 2962 τὰς
2839 2896 3059 2960 ἐλπίδας
3089 2912 3103 2925 ⁶
3142 2894 3311 2957 οὕτως
3361 2894 3411 2945 εἰ
3444 2891 3787 2965 ᾴμφοτέρων

512 2995 635 3051 nem
680 2977 925 3045 fecerint,
967 2980 1274 3035 nullatenus
1324 2988 1505 3034 tamen
1552 2982 1621 3035 ab
1670 2982 1778 3038 illis
1817 2980 2068 3047 dissidert

2184 2993 2291 3057 τῶν
2322 2992 2554 3046 συνόδων
2575 2991 2625 3044 οἱ
2655 2989 2895 3060 Πατέρες
2912 2987 3183 3058 διαφόρως
3211 2983 3624 3059 ἐμνημόνευσαν
3653 2984 3780 3054 περὶ

510 3069 795 3137 debemus,
817 3071 909 3124 sed
925 3070 1140 3123 illorum
1158 3072 1490 3140 perscrutari
1505 3072 1860 3139 sententiam,
1878 3078 1933 3126 et
1957 3080 2068 3126 tunc

2184 3084 2279 3139 τοῦ
2305 3083 2613 3155 όμοουσίου,
2631 3082 2692 3135 οὐ
2720 3081 2827 3152 χρὴ
2850 3081 3066 3142 πάντως
3085 3080 3231 3148 ἡμᾶς
3253 3075 3609 3147 διαφέρεσθαι
3640 3075 3777 3147 πρὸς

511 3162 698 3217 ambas
719 3164 861 3217 inter
890 3177 949 3218 se
983 3161 1221 3232 synodos
1250 3162 1562 3217 consentire
1591 3163 2062 3231 deprehendemus

2185 3173 2399 3237 αὐτοὺς,
2440 3171 2577 3225 ἀλλὰ
2607 3170 2705 3240 τὴν
2724 3168 2963 3223 διάνοιαν
2988 3166 3167 3220 αὐτῶν
3192 3166 3444 3237 ὲρευνᾷν,
3481 3164 3577 3217 καὶ
3638 3164 3772 3217 πάν-

494 3248 599 3316 Qui
621 3250 765 3307 enim
786 3252 1222 3311 Samosatensem
1243 3252 1567 3319 deposuere,
1592 3249 1781 3301 dixere
1806 3247 2068 3301 tzhristuu

2194 3264 2299 3309 τως
2323 3249 2631 3318 εὑρήσομεν
2648 3249 2974 3319 ἀμφοτέρων
2997 3248 3108 3301 τῶν
3133 3250 3369 3305 συνόδων
3390 3252 3492 3321 τὴν
3519 3254 3777 3322 ὁμόνοιαν

496 3352 607 3391 non
633 3352 754 3392 esse
785 3338 1307 3393 consubstantialem
1339 3355 1352 3391 :
1392 3352 1568 3406 neque
1620 3338 1764 3391 enim
1799 3333 1968 3388 Filius
2011 3335 2068 3387 il:

2191 3339 2254 3392 Ol
2288 3340 2388 3410 μὲν
2417 3341 2525 3409 γὰρ
2572 3341 2662 3394 τδν
2694 3341 3020 3411 Σαμοσατέα
3049 3342 3371 3408 καθελόντες
3409 3330 3661 3416 είρήκασι
3690 3348 3768 3423 μὴ

496 3447 557 3486 se
589 3432 758 3487 habet
780 3442 1030 3502 respectu
1059 3431 1234 3486 Patris
1255 3431 1492 3499 qualiter
1525 3429 1613 3484 ille
1635 3428 1929 3499 cogitabat.
1969 3427 2068 3494 Qui

2186 3426 2326 3495 εἶναι
2352 3431 2442 3484 τὸν
2484 3431 2720 3501 Χριστὸν
2746 3432 3033 3502 ὁμοούσιον
3053 3449 3067 3464 ·
3098 3436 3197 3488 οὐκ
3230 3435 3348 3494 ἐστι
3384 3437 3490 3507 γὰρ
3531 3435 3695 3499 οὕτως
3726 3439 3755 3488 ὁ

495 3533 683 3577 autem
739 3522 997 3587 Arianam
1038 3523 1271 3595 heresin
1324 3522 1671 3578 anathemate
1721 3508 2074 3595 damnarunt,

493 3630 616 3669 cum
664 3613 813 3671 Pauli
862 3615 1212 3671 calliditatem
1252 3612 1787 3683 animadvertissent,
1821 3620 1879 3668 et
1929 3613 2077 3686 engi-

494 3714 674 3765 tarent
721 3722 830 3761 non
878 3708 947 3761 ita
981 3707 1047 3761 de
1094 3707 1453 3777 incorporeis,
1480 3714 1538 3761 et
1574 3692 1807 3779 maxime
1841 3703 1907 3758 de
1934 3704 2067 3769 Deo,

492 3800 1113 3856 consubstantialitatem
1165 3798 1540 3869 accipiendam
1585 3812 1731 3863 esse,
1779 3811 2078 3868 agnoscen—

493 3903 682 3962 tesque
750 3892 985 3948 Verbum
1042 3909 1152 3948 non
1202 3903 1532 3956 creaturam,
1591 3890 1685 3959 sed
1746 3890 1952 3961 prolem
2008 3902 2074 3943 ex

496 3985 795 4039 substantia
849 4000 1010 4052 esse;
1070 3984 1200 4039 item
1261 3984 1441 4039 Patris
1505 3986 1892 4050 substantiam,
1949 3983 2076 4038 Filii

489 4076 842 4145 principium,
876 4078 1118 4135 radicem
1149 4087 1205 4132 ct
1236 4077 1437 4132 fontem
1463 4094 1608 4141 esse,
1640 4092 1765 4132 cum
1799 4076 1928 4131 item
1971 4074 2074 4130 sibi

488 4164 741 4221 faverent
798 4166 1033 4236 Dionysii
1097 4165 1385 4234 exempla,
1439 4165 1608 4220 fontis
1669 4165 1879 4219 scilicet
1948 4178 2074 4229 vox,

488 4261 545 4304 et
582 4254 1063 4310 consubstantialis
1091 4254 1372 4319 defensio,
1425 4265 1478 4313 et
1506 4265 1632 4321 ante
1675 4258 1776 4312 ista
1816 4273 1918 4313 vox
1949 4256 2070 4313 Sal-

488 4342 696 4394 vatoris
751 4342 910 4396 inde:
961 4343 1218 4408 unitatis,
1267 4362 1286 4395 ι
1323 4343 1436 4415 Ego
1480 4354 1529 4398 et
1575 4343 1737 4401 Pater
1767 4361 1936 4399 unum
1972 4361 2063 4400 su-~

488 4447 613 4485 mus
650 4433 669 4461 ⁷
691 4472 705 4497 ,
735 4450 753 4482 ι
789 4441 870 4500 et,
902 4452 920 4483 ι
946 4432 1047 4499 Qui
1079 4435 1212 4488 vidit
1238 4451 1322 4490 me
1358 4437 1563 4490 viditet
1589 4434 1805 4491 Patrem
1842 4435 1893 4490 δε
1919 4454 1941 4489 ι
1982 4452 2066 4502 ea,

489 4520 737 4591 inquam,
790 4525 854 4576 de
903 4539 1092 4589 causa,
1116 4525 1239 4595 jure
1263 4535 1317 4581 et
1356 4527 1458 4597 ipsi
1481 4525 1678 4581 Filium
1704 4528 2068 4585 consubstan-

446 4576 670 4691 ztialetn
699 4613 975 4670 dixerunt.
1007 4614 1073 4668 Et
1104 4617 1268 4679 sicut,
1294 4628 1353 4670 ut
1374 4576 1543 4686 supra
1568 4619 1703 4683 dixi,
1739 4633 1899 4672 nemo
1922 4617 2068 4685 Apo-

458 4704 686 4773 ,stolum
721 4707 1021 4776 eulpaverit
1048 4708 1193 4777 quod
1231 4708 1297 4762 de
1320 4709 1435 4779 lege.
1463 4707 1725 4763 Romanis
1756 4708 1859 4761 hoc
1884 4709 2065 4772 modo,

445 4795 728 4885 lilehraeis
760 4798 866 4853 alio
892 4800 1308 4869 scripserit,.si,c
1345 4816 1445 4854 nec
1486 4801 1770 4869 praesentis
1807 4799 2066 4867 temporis

448 4890 734 4981 {homines
780 4891 992 4959 priscos
1046 4892 1139 4945 illo
1184 4891 1453 4945 criminati
1500 4890 1723 4952 fuerint,
1767 4889 1811 4944 si
1871 4904 2064 4944 eorum

485 4979 833 5039 cons‘dcrent
864 4981 1399 5050 interpretationem;
1428 4996 1604 5050 neque
1621 4980 1785 5049 prisci
1817 4988 2065 5049 posteros

484 5071 935 5145 reprehenderint
958 5073 1001 5125 si
1025 5073 1310 5127 advertant
1330 5085 1436 5141 qua
1467 5072 1732 5125 sententia
1755 5078 1938 5138 etquo
1961 5085 2063 5123 usu

483 5167 557 5225 ita
587 5163 654 5218 de
689 5161 918 5216 Domino
945 5164 1304 5233 scripserunt.
1336 5162 1548 5217 Etenim
1570 5172 1802 5235 utraque
1822 5160 2065 5230 synodus

483 5272 551 5311 ex
593 5253 832 5323 legitima
874 5268 1040 5309 causa
1085 5254 1189 5311 hoc
1232 5254 1394 5310 modo
1443 5253 1569 5321 alia,
1598 5253 1708 5308 alio
1751 5252 1857 5307 alia
1884 5252 2064 5306 locuta

481 5354 584 5400 est.
634 5345 771 5399 Cum
821 5343 967 5398 enim
1015 5342 1423 5399 Samosatensis
1465 5342 1663 5398 Filium
1698 5342 1925 5401 sentiret
1953 5355 2061 5394 non

481 5450 603 5490 esse
629 5442 755 5489 ante
787 5433 1035 5501 Mariam,
1066 5437 1159 5489 sed
1191 5438 1260 5489 ab
1284 5435 1373 5491 illa
1406 5436 1619 5491 initium
1641 5434 1936 5492 exsistendi
1968 5446 2062 5487 ac-

482 5527 711 5598 cepisse,
750 5527 954 5599 ideirco
982 5527 1225 5597 episcopi
1266 5536 1397 5582 tunc
1423 5530 1733 5605 congregati
1778 5528 1930 5581 illum
1970 5524 2064 5579 dc-

566 5715 584 5748 ¹
616 5717 774 5773 Rom.
822 5733 917 5783 vn,
973 5717 1060 5773 Μ.
1158 5719 1178 5749 ³
1213 5717 1343 5776 ibid.
1405 5719 1488 5774 ιε.

1593 5721 1611 5753 ³
1655 5721 1812 5774 ηοω.
1844 5732 1962 5784 vm,
1988 5716 2041 5771 5.

489 5783 513 5817 τ
547 5784 701 5841 Joan.
737 5804 792 5853 ιι,
821 5786 918 5858 50,
988 5789 1008 5820 ⁸
1037 5787 1192 5845 Joan.
1223 5806 1330 5855 xxv,
1363 5790 1410 5843 9.

2149 5714 2171 5747 ⁸
2202 5712 2366 5770 Hebr.
2417 5729 2513 5781 vn,
2578 5714 2665 5769 l9.

2184 3525 2313 3588 Υίὸς
2340 3526 2478 3596 πρὸς
2514 3526 2608 3580 τὸν
2643 3525 2885 3596 Πατέρα,
2918 3525 2995 3588 ὡς
3041 3526 3248 3588 ἐκεῖνος
3289 3526 3463 3581 ὲνόεν
3493 3528 3540 3580 ei
3575 3525 3634 3579 δὲ
3656 3526 3752 3597 τὴν

2194 3617 2482 3688 Ἀρειανὴν
2534 3616 2748 3688 αἵρεσιν
2792 3616 3321 3686 ἀναθεματίσαντες,
3393 3618 3764 3688 θεωρήσαντες

2181 3709 2284 3778 τὴν
2336 3707 2679 3779 πανουργίαν
2720 3705 2816 3759 τοῦ
2859 3707 3095 3772 Παύλου,
3143 3708 3240 3761 καὶ
3290 3709 3644 3778 λογισάμενοι
3697 3709 3773 3779 μὴ

2183 3797 2358 3860 οὕτως
2400 3799 2493 3851 καὶ
2550 3798 2646 3850 ἐπὶ
2693 3797 2801 3850 τῶν
2853 3799 3183 3867 ἀσωμάτων,
3238 3800 3332 3854 καὶ
3386 3800 3626 3868 μάλιστα
3679 3802 3775 3853 ἐπὶ

2178 3887 2315 3943 Θεοῦ
2341 3891 2404 3941 τδ
2442 3888 2728 3955 όβούσιον
2774 3888 3156 3958 σημαίνεσθαι,
3190 3891 3558 3959 γινώσκοντές
3597 3910 3659 3946 τε
3692 3893 3777 3964 μὴ

2179 3979 2404 4049 κτίσμα,
2446 3980 2561 4032 ἀλλ’
2594 3984 2658 4035 ὲκ
2696 3978 2797 4048 τῆς
2834 3981 3024 4044 οὐσίας
3072 3983 3321 4053 γέννημα
3365 3979 3505 4045 εἶναι
3536 3986 3631 4037 τὸν
3660 3986 3776 4038 A6-

2178 4090 2298 4141 γον,
2320 4073 2417 4127 καὶ
2440 4074 2537 4143 τὴν
2555 4074 2744 4137 οὐσίαν
2769 4074 2863 4128 τοῦ
2889 4075 3096 4146 [ἰατρὸς
3115 4076 3313 4145 ἀρχὴν,
3341 4077 3437 4130 καὶ
3460 4076 3643 4147 ῥίζαν,
3669 4080 3774 4133 καὶ

2178 4164 2363 4233 πηγὴν
2394 4158 2535 4217 εἶναι
2577 4163 2673 4217 τοῦ
2719 4164 2872 4228 Υίοῦ,
2903 4165 3118 4234 ἔχοντες
3168 4167 3225 4218 δὲ
3260 4167 3352 4218 καὶ
3392 4168 3463 4218 τὰ
3494 4167 3606 4219 τῶν
3637 4169 3779 4238 περὶ

2179 4249 2455 4309 Διονύσιον
2479 4252 2913 4323 παραδείγματα,
2936 4255 3034 4326 τὴν
3059 4256 3239 4327 πηγὴν
3268 4260 3360 4311 καὶ
3393 4258 3489 4330 τὴν
3512 4260 3645 4330 περὶ
3674 4260 3780 4313 τοῦ

2107 4323 2151 4377 D
2182 4340 2467 4413 ὁμοουσίου
2489 4342 2805 4411 ἀπολογίαν,
2857 4345 2964 4416 πρὸ
2990 4323 3048 4399 δὲ
3093 4323 3300 4403 τούτων
3332 4323 3553 4421 τὴν,τοῦ
3584 4323 3781 4423 έωτῆ-

2182 4448 2274 4503 ρος
2302 4433 2508 4502 ένοειδῆ
2543 4435 2747 4505 φωνήψ
2775 4454 2794 4488 ι
2836 4436 2977 4505 Ἐγὼ
3001 4439 3094 4491 καὶ
3153 4441 3181 4492 6
3214 4440 3404 4512 Πατὴρ
3444 4441 3502 4495 ἓν
3540 4443 3776 4513 ἐσμενσι

2182 4522 2295 4588 καὶ,
2325 4542 2345 4575 ι
2380 4524 2437 4577 Ὀ
2462 4523 2722 4595 ἑωρακὼς
2748 4525 2850 4596 ἐμὲ
2878 4526 3089 4599 ἑώρακε
3125 4529 3215 4583 τὸν
3242 4532 3481 4603 Πατέρα·
3522 4552 3541 4583 ι
3577 4533 3782 4588 τούτο)

2179 4615 2362 4669 ἕνεκεν
2416 4615 2639 4678 εἰκότως
2694 4618 2949 4686 εἰρήκασι
3003 4619 3095 4671 καὶ
3147 4621 3302 4673 αὐτοὶ
3340 4622 3630 4692 ὁμοούσιον
3678 4626 3785 4679 τὸν

2180 4705 2326 4760 Υίόν.
2363 4707 2471 4759 Καὶ
2489 4705 2698 4776 ὥσπερ,
2747 4707 2889 4761 καθὰ
2916 4713 3197 4780 προεῖπον,
3233 4713 3333 4766 οὐκ
3379 4713 3445 4768 ἄν
3479 4732 3564 4778 τις
3592 4717 3784 4769 αἰτιά-

2152 4814 2330 4851 ·σαιτο
2351 4796 2443 4857 τὸν
2486 4795 2826 4862 ’Λπόστολον,
2862 4800 2911 4852 εί
2958 4802 3084 4873 περὶ
3119 4801 3213 4854 τοῦ
3247 4804 3414 4873 νόμου
3473 4805 3783 4875 Ῥωμαίοις

2179 4889 2278 4959 μὲν
2304 4887 2498 4953 οὕτως,
2528 4888 2804 4959 ,Ἑϐραίοις
2859 4891 2918 4944 δὲ
2966 4891 3142 4956 οὕτως
3186 4894 3416 4967 ἔγραψε
3482 4897 3573 4949 τὸν
3603 4897 3780 4951 αὑτὸν

2174 4980 2374 5052 τρόπον
2399 4978 2520 5033 οὔτε
2551 4982 2599 5034 oi
2630 4980 2725 5037 νῦν
2754 4986 2868 5046 τοῖς
2910 4985 3199 5058 προτέροις
3242 4988 3620 5055 ὲγκαλέσαιεν,
3650 4990 3781 5060 βλέ-

2176 5089 2366 5136 ποντες
2393 5073 2572 5126 αὐτῶν
2598 5073 2695 5145 τὴν
2744 5076 3057 5148 ἑρμηνείαν·
3082 5077 3208 5133 οὕτε
3240 5082 3290 5133 0i
3338 5080 3597 5152 πρότεροι
3640 5083 3780 5147 τοὺς

2181 5166 2302 5235 μετ’
2329 5165 2527 5229 αὐτοὺς
2578 5165 2983 5237 μέμψαιντ’ἃν,
3035 5169 3271 5241 ὁρῶντες
3319 5170 3418 5243 τὴν
3471 5173 3777 5242 ἑρμηνείαν

2173 5255 2373 5319 αὐτῶν,
2404 5258 2498 5310 καὶ
2530 5257 2629 5329 τὴν
2680 5259 2870 5329 χρείαν
2902 5259 2972 5313 δι’
3008 5260 3076 5332 ἢν
3121 5263 3295 5327 οὕτως
3345 5244 3607 5335 ἔγραψαν,
3639 5267 3775 5338 περὶ

2173 5348 2267 5403 τοῦ
2297 5349 2524 5420 Κυρίου.
2555 5350 2665 5411 Καὶ
2713 5350 2826 5423 γὰρ
2856 5351 2952 5406 καὶ
2988 5354 3089 5425 τὴν
3144 5357 3327 5410 αἰτίαν
3383 5356 3592 5426 ἑκάστη
3636 5358 3771 5411 σύν-

2173 5438 2290 5503 οδος
2311 5440 2421 5509 (id)
2460 5440 2678 5510 εὖλογον
2705 5441 2839 5512 ἔχει,
2871 5442 2938 5496 δι’
2971 5445 3120 5517 ἢν·οί
3147 5447 3246 5517 μὲν
3280 5446 3472 5511 οὕτως,
3512 5449 3563 5501 οί
3591 5448 3647 5501 δὲ
3679 5448 3774 5501 οὖ-

2172 5549 2279 5595 τως
2309 5532 2610 5603 εἰρήκασιν.
2651 5532 2870 5604 Ἐπειδὴ
2928 5535 3038 5607 γὰρ
3081 5538 3109 5589 6
3160 5537 3512 5608 Σαμοσατεὺς
3546 5540 3771 5609 ἐφρόνει

2768 5718 2787 5750 ⁸
2828 5717 3001 5774 Galat.
3056 5738 3143 5788 tu,
3183 5722 3230 5777 l.
3332 5720 3396 5776 “I
3442 5720 3583 5783 Tim.
3634 5738 3671 5787 ι,
3702 5721 3756 5780 8.
