4058 6482
3643 426 3760 491 48ὓ

2090 595 2133 647 Α
2164 580 2343 651 ἡμεῖς,
2376 576 2489 629 ἀλλ’
2527 569 2765 634 εὐσεϐῶς
2799 570 2867 623 τὰ
2900 566 3027 638 παρ’
3059 563 3237 620 αὐτῶν
3292 559 3593 633 δεχώμεθα,
3642 559 3762 623 ἓως

2167 673 2398 744 μάλιστα
2433 667 2530 738 την
2565 662 2797 735 σπουδὴν
2818 657 2962 732 εἶχον
2991 661 3067 722 εἰς
3098 656 3399 712 εὐσέϐειαν.

491 441 597 525 479
1723 448 2093 512 summa

2197 441 2511 506 IGABENI

486 625 703 682 quoque
749 607 790 663 si
829 622 894 661 ex
953 603 1210 659 Pati-ibus
1253 600 1345 655 alii
1386 598 1495 654 alio
1531 597 1695 652 modo
1731 596 1797 650 de
1831 594 2064 650 consub-

487 699 726 756 stantiali
759 696 920 752 loculi
954 703 1116 759 sunt,
1155 707 1223 746 ne
1255 689 1651 746 contendamus
1681 705 1695 742 :
1729 689 1822 742 sed
1853 687 1938 756 pie
1971 701 2060 740 eo-

489 808 609 846 rum
645 791 786 846 dicta
819 787 1186 856 excipiamus,
1244 781 1377 837 dum
1431 780 1672 836 maxime
1723 787 1836 835 toto
1887 778 2067 835 studio

489 884 674 956 pietati
706 895 924 952 operam
965 873 1256 932 dederunt.

675 971 913 1041 lgnatins
967 978 1134 1034 certe,
1182 968 1274 1038 qui
1309 975 1432 1038 post
1465 964 1741 1036 apostolos
1767 963 2070 1018 Antiochia:

489 1065 778 1133 episcopus
829 1060 1164 1116 constitutus
1197 1067 1315 1122 est,
1370 1059 1596 1126 ipseque
1628 1064 1834 1124 martyr
1863 1052 2068 1107 Christi

508 1159 613 1221 ’uit,
643 1156 710 1208 de
742 1153 968 1208 Domino
996 1149 1262 1211 scribens,
1287 1147 1425 1202 dixit
1477 1166 1491 1204 :
1609 1166 1628 1197 ι
1655 1144 1807 1200 Unus
1829 1145 2072 1197 medicus

508 1160 613 1221 ’uit,
643 1160 710 1208 de
742 1160 968 1208 Domino
996 1160 1262 1211 scribens,
1287 1160 1425 1202 amt
1477 1166 1491 1204 :
1609 1166 1628 1197 ι
1657 1160 1807 1200 unus
1829 1160 2069 1197 medicus

479 1160 575 1316 rest
605 1245 843 1301 carnalis
885 1251 939 1298 et
979 1242 1303 1312 spiritualis,
1332 1239 1506 1294 factus
1547 1249 1735 1294 etnon
1763 1238 1976 1302 factus,
2017 1237 2069 1289 in

478 1319 715 1393 fhominc
748 1335 889 1390 Dens
914 1375 927 1397 ,
966 1335 1019 1386 in
1057 1341 1230 1386 morte
1260 1330 1367 1384 vita
1398 1345 1522 1384 vera
1549 1369 1564 1395 ,
1594 1339 1648 1383 et
1693 1344 1760 1382 ex
1802 1327 1970 1380 Maria
2019 1335 2072 1380 et

483 1410 561 1482 {ex
595 1429 720 1480 Deo.
768 1444 786 1476 ι
826 1423 1058 1488 Quidam
1093 1429 1272 1474 autem
1307 1426 1429 1487 post
1471 1417 1736 1487 lgnatium
1766 1424 1820 1469 et
1854 1416 1952 1484 ipsi
2007 1431 2072 1468 ex

2371 973 2627 1043 Ἰγνάτιος
2660 964 2754 1022 οὖν
2787 1000 2806 1027 ο
2952 968 2981 1020 6
3014 964 3154 1036 μετὰ
3177 964 3306 1027 τοὺς
3343 961 3678 1023 ἀποστόλους
3701 962 3774 1014 ἐν

2181 1066 2479 1136 Ἀντιοχείᾳ.
2523 1059 2882 1123 κατασταθεὶς
2932 1058 3251 1118 ἐπίσκοπος,
3296 1055 3389 1108 καί
3420 1054 3631 1124 μάρτυς
3661 1051 3774 1107 τοῦ

2170 1157 2403 1230 Χριστοῦ
2433 1155 2742 1224 γενόμενος,
2772 1150 2998 1222 γράφων
3053 1148 3183 1216 περὶ
3211 1145 3302 1198 τοῦ
3339 1145 3570 1216 Κυρίου,
3601 1145 3776 1214 εῐρηο

2171 1269 2284 1304 κεν·
2327 1269 2345 1300 ι
2381 1243 2472 1311 Εἷς
2529 1246 2708 1318 ἰατρός
2760 1246 2898 1308 ἐστι,
2947 1240 3203 1310 σαρκικὸς
3237 1238 3331 1290 καὶ
3363 1234 3773 1306 πνευματικὸς,

2171 1341 2396 1412 γενητὸς
2428 1340 2521 1393 καὶ
2544 1337 2806 1406 ἀγένητος
2837 1375 2854 1400 ,
3003 1333 3063 1384 ὲν
3087 1329 3360 1399 ἀνθρώπῳ
3385 1327 3538 1390 Θεὸς,
3570 1330 3630 1381 έν
3663 1327 3778 1380 θα-

481 1420 561 1530 :cx
595 1429 720 1480 Deo.
768 1444 786 1476 ι
826 1423 1058 1488 Quidam
1093 1429 1272 1474 autem
1307 1426 1429 1487 post
1471 1420 1736 1487 lgnatium
1766 1424 1820 1469 et
1854 1420 1952 1484 ipsi
2007 1431 2072 1468 ex
2172 1436 2316 1504 νάτφ
2349 1433 2462 1503 ζωὴ
2490 1429 2739 1500 ἀληθινή,
2760 1428 2856 1480 καὶ
2885 1426 2950 1478 ὲκ
2977 1424 3197 1495 Μαρίας
3222 1423 3316 1476 καὶ
3339 1423 3402 1474 ἐκ
3434 1420 3592 1474 Θεοῦ.
3617 1439 3640 1472 ι
3665 1421 3776 1474 Τι-

482 1509 774 1587 Ῠιιιςιείειιήε
809 1517 1008 1570 nostris
1036 1515 1318 1569 scribunt:
1346 1533 1364 1564 ι
1390 1512 1568 1568 Unum
1598 1526 1704 1564 non
1739 1509 1939 1564 factum
1969 1519 2072 1575 est,

2191 1527 2260 1589 θὲς
2287 1525 2344 1578 δὲ
2371 1525 2465 1576 καὶ
2506 1521 2614 1574 τῶν
2649 1517 2786 1590 μετὰ
2845 1516 3104 1584 Ἰγνάτιον
3134 1511 3439 1566 διδάσκαλοι
3478 1513 3572 1565 καὶ
3601 1511 3780 1564 αὐτοὶ

500 1611 708 1664 Scilicet
748 1607 907 1661 Pater
939 1625 952 1659 :
985 1615 1038 1659 et
1075 1620 1215 1657 unus
1250 1620 1317 1657 ex
1369 1605 1488 1672 ipso
1536 1599 1707 1654 Filius
1758 1614 2072 1668 germanus,

2191 1619 2494 1689 γράφουσιν·
2520 1632 2537 1664 ι
2565 1613 2659 1666 Ἓν
2686 1611 2746 1662 τὸ
2773 1609 3035 1678 ἀγένητον
3197 1607 3226 1656 ὀ
3259 1603 3468 1675 Πατὴρ,
3499 1605 3594 1656 καὶ
3620 1599 3717 1666 εἷς
3747 1605 3780 1657 ό

503 1702 681 1770 proles
705 1714 852 1764 vera,
879 1696 1112 1750 Verbum
1147 1706 1200 1749 et
1228 1694 1504 1763 Sapientia
1535 1691 1734 1746 Patris.
1765 1710 1782 1742 ι
1807 1689 1862 1743 Si
1893 1691 2078 1758 itaque

2191 1711 2236 1774 εξ
2256 1707 2418 1762 αὐτοῦ
2445 1703 2573 1767 Υίός
2592 1704 2834 1773 γνήσιος,
2869 1699 3115 1768 γέννημα
3156 1694 3430 1766 ἀληθινὸν,
3465 1695 3638 1762 Λόγος
3672 1694 3783 1746 καὶ

506 1793 614 1846 illis
641 1791 800 1844 etiam
833 1790 1208 1852 adversamur,
1235 1787 1307 1840 sit
1333 1787 1489 1840 nobis
1512 1785 1798 1838 adversum
1843 1783 2078 1852 synodos

2191 1801 2348 1868 Empta
2390 1797 2484 1850 τοῦ
2515 1794 2777 1866 Πατρός.»
2816 1793 2880 1844 Εἰ
2915 1791 3016 1860 μὲν
3075 1785 3168 1842 οὖν
3225 1788 3318 1840 καὶ
3365 1785 3501 1858 πρὸς
3535 1785 3781 1848 τούτους

506 1898 723 1953 quoque
749 1889 1045 1936 certamen.
1093 1877 1252 1944 Quod
1286 1878 1329 1931 si
1367 1878 1518 1945 gnari
1549 1889 1740 1929 eorum
1775 1874 1828 1926 in
1859 1872 2080 1926 Christo

2191 1890 2435 1952 ἐναντίως
2489 1886 2828 1958 διακείμεθα,
2864 1883 3002 1936 ἔστω
3057 1880 3152 1934 καὶ
3212 1879 3355 1949 πρὸς»
3377 1879 3474 1941 τὰς
3508 1877 3782 1940 συνόδους

507 1978 664 2039 fidei,
701 1988 1023 2046 persuasum
1068 1972 1330 2025 habemus
1362 1968 1579 2022 beatum
1613 1965 1777 2020 etiam
1812 1963 2078 2034 lgnatium

2191 1985 2361 2057 ήμῖνή
2395 1982 2562 2052 μάχη.
2599 1981 2662 2032 Εἰ
2699 1978 2775 2041 δὲ,
2823 1976 2922 2047 τὴν
2967 1977 3026 2027 ὲν
3066 1972 3287 2045 Χριστῷ
3342 1970 3523 2023 πίστιν
3578 1969 3778 2022 αὐτῶν

506 2081 654 2124 recte
683 2071 987 2137 scripsisse.
1021 2083 1145 2121 cum
1183 2067 1332 2120 illiilli
1367 2066 1549 2120 carnis
1572 2078 1738 2118 causa
1771 2061 1970 2115 factum
2002 2058 2087 2113 di-

2191 2055 2555 2142 γινώσκοντες,
2589 2064 2950 2136 πεπείσμεθα,
2980 2065 3062 2115 ὃτι
3093 2061 3186 2114 καὶ
3213 2063 3242 2111 ὀ
3270 2059 3539 2130 μακάριος
3582 2055 3780 2121 Ἰγνά-

512 2163 588 2216 xit
634 2159 906 2230 (Christus
938 2158 1084 2212 enim
1115 2172 1246 2212 caro
1273 2156 1449 2210 factus
1473 2156 1603 2224 est),
1630 2164 1685 2209 et
1717 2152 2085 2215 non-factum,

2191 2182 2293 2228 τιος
2331 2163 2506 2235 ὀρθῶς
2544 2161 2769 2232 ἔγραψε,
2815 2157 3039 2228 γενητὸν
3093 2151 3255 2206 αὐτὸν
3303 2151 3478 2218 λέγων
3518 2146 3608 2199 διὰ
3666 2145 3785 2215 τὴν

511 2255 641 2322 quia
669 2267 780 2305 non
822 2266 888 2304 ex
914 2249 1146 2320 opiﬁciis
1169 2259 1222 2305 et
1270 2249 1433 2304 rebus
1466 2247 1622 2302 factis
1645 2256 1761 2311 est,
1789 2245 1882 2301 sed
1916 2243 2087 2298 Filius

511 2360 576 2396 ex
594 2342 754 2397 Patre
782 2357 795 2393 :
826 2358 924 2396 nec
955 2343 1272 2412 ignoramus
1293 2356 1387 2396 eos
1412 2357 1505 2411 qut
1531 2355 1696 2394 unum
1723 2348 2086 2400 non-tactum,

519 2437 728 2492 scilicet
945 2433 1153 2488 Patrem
1187 2435 1394 2498 dixere,
1423 2447 1526 2486 non
1558 2432 1717 2490 auasi
1759 2430 1988 2486 Verbum
2019 2429 2090 2484 sit

514 2541 602 2577 res
639 2524 776 2578 facta
806 2535 898 2578 aut
922 2526 1200 2594 opilicium
1230 2526 1302 2579 ita
1333 2524 1662 2594 scripsisse;
1693 2524 1786 2578 sed
1815 2523 1944 2592 quia
1971 2523 2090 2577 nul—

513 2615 621 2668 lam
662 2615 820 2669 Pater
855 2616 1049 2671 habeat
1078 2632 1340 2682 causam;
1392 2615 1502 2669 imo
1561 2617 1776 2685 potius,
1812 2615 1942 2684 quia
1977 2615 2091 2682 ipse

515 2711 736 2779 quidem
769 2710 928 2764 Pater
962 2712 1032 2765 sit
1053 2711 1363 2780 Sapientia:
1385 2749 1400 2773 ,
1439 2710 1652 2778 opificia
1683 2720 1865 2764 autem
1907 2709 2089 2762 omnia

517 2803 570 2854 in
601 2802 868 2870 sapientia
901 2801 1121 2867 fecerit;
1151 2818 1251 2855 cur
1281 2817 1390 2856 non
1418 2804 1580 2857 etiam
1605 2801 1816 2865 Patres,
1844 2815 1968 2856 cum
1997 2816 2093 2856 eos

517 2893 611 2959 qui
637 2890 1078 2946 Samosatcnsem
1107 2892 1430 2960 deposuere,
1455 2902 1569 2945 tum
1595 2905 1690 2945 eos
1719 2891 1812 2960 qui
1834 2891 2090 2944 Arianam

519 2983 772 3036 lia-resilit
805 2982 1028 3037 infamia
1059 2991 1354 3048 notarunt,
1385 2983 1440 3037 in
1477 2999 1648 3039 unum
1685 2983 1902 3053 pietatis
1933 2993 2092 3036 tuen-

518 3075 601 3128 dis:
621 3075 863 3129 studium
891 3075 1300 3144 conjungimus,
1326 3076 1437 3130 imo
1457 3090 1828 3146 segregamus,
1851 3083 1905 3129 et
1924 3091 2092 3144 quare

519 3182 628 3220 non
661 3167 840 3237 potius
869 3165 936 3221 de
974 3167 1083 3221 illis
1113 3176 1256 3221 recte
1280 3167 1551 3222 sentimus
1585 3185 1600 3222 :
1629 3166 2092 3237 quandoquidem,

521 3259 600 3311 nti
625 3259 736 3326 jam
785 3259 934 3322 dixi,
988 3260 1198 3327 priores
1243 3259 1322 3314 illi
1356 3259 1536 3314 solum
1569 3258 1969 3314 Samosater’isis
1999 3274 2086 3312 so-

520 3351 768 3419 phisma.
798 3359 851 3404 et
896 3351 1016 3420 ejus
1046 3352 1551 3421 interpretationem
1582 3360 1923 3421 spectantes,
1955 3351 2095 3405 scri-

529 3453 688 3507 psere
716 3455 822 3492 non
852 3455 975 3494 esse
1001 3439 1282 3496 Christum
1305 3441 1860 3496 consubstantialem:
1889 3441 1944 3494 hi
1972 3455 2099 3495 vero

527 3529 694 3583 verba
739 3545 873 3584 sane
913 3530 1273 3600 intelligentes
1297 3573 1313 3598 ,
1363 3532 1551 3587 dixere
1587 3532 1781 3586 Filium
1811 3547 1934 3589 csse
1966 3546 2096 3588 con-

529 3621 979 3676 substantialem?
1010 3621 1273 3692 Equidem
1314 3639 1438 3679 cum
1476 3625 1568 3678 tali
1603 3625 1670 3680 de
1697 3625 1800 3694 piis
1828 3625 1937 3680 illis
1969 3639 2097 3695 erga

528 3711 804 3766 Christum
830 3712 963 3766 viris
984 3713 1085 3768 sim
1112 3715 1403 3778 sententia,
1429 3715 1544 3769 haec
1565 3715 1754 3784 paucis
1774 3714 2098 3785 conscripsi.

529 3803 683 3870 Quod
714 3803 760 3857 si
794 3805 1057 3875 epistolae.
1091 3821 1258 3874 quam
1292 3806 1417 3862 illos
1443 3807 1732 3876 scripsisse
1758 3807 1968 3871 dicunt,
2003 3807 2102 3860 mi-

531 3894 584 3946 lii
608 3895 762 3963 c0pia
788 3893 1001 3961 fuisset,
1029 3897 1284 3952 existimo
1307 3897 1492 3966 plures
1518 3897 1991 3966 deprehensurum
2017 3911 2102 3951 me

530 3987 700 4041 fuisse
735 4002 950 4051 causas,
982 4003 1080 4041 cur
1115 3990 1254 4043 beati
1294 3990 1370 4043 illi
1400 3991 1474 4044 ita
1505 3991 1749 4046 scribere
1773 3989 1948 4045 coacti
1969 3989 2099 4044 sint.

2119 3411 2160 3464 (Σ

2185 2256 2404 2327 σάρκα(
2430 2257 2459 2308 6
2487 2254 2596 2324 γὰρ
2626 2250 2858 2323 Χριστός
2894 2248 3032 2320 σάρξ
3071 2245 3310 2315 ἐγένετο)
3341 2261 3352 2273 ι
3386 2240 3650 2308 ἀγένητον
3691 2236 3782 2301 δὲ,

2181 2348 2263 2401 ὅτι
2299 2349 2374 2417 μὴ
2400 2345 2508 2399 τῶν
2535 2345 2854 2415 ποιημάτων
2885 2345 2978 2396 καὶ
3005 2337 3245 2410 γενητῶν
3301 2336 3469 2398 ἐστιν,
3500 2329 3614 2383 ἀλλ’
3638 2327 3788 2391 Υἱὸς

2183 2442 2248 2494 ὲκ
2280 2440 2511 2512 Πατρός.
2543 2439 2659 2491 Οὐκ
2690 2435 2992 2505 ἀγνοοῦμεν
3042 2432 3118 2496 δὲ,
3147 2432 3228 2482 ὅτι
3257 2427 3352 2482 καὶ
3399 2428 3449 2478 οἱ
3479 2423 3785 2494 εἰρηκότες

2184 2539 2242 2592 έν
2263 2536 2324 2589 τό
2347 2535 2610 2604 ἀγένητον
2768 2528 2860 2582 τόν
2891 2526 3110 2598 Πατέρα
3140 2523 3411 2590 λέγοντες,
3443 2519 3540 2587 οὐχ
3560 2518 3638 2578 ὡς
3667 2533 3777 2583 γε.

2183 2628 2344 2699 νητοῦ
2376 2627 2469 2680 καὶ
2501 2626 2806 2694 ποιήματος
2852 2619 3002 2681 ὄντος
3055 2615 3151 2668 τοῦ
3182 2615 3357 2680 Λόγου
3396 2611 3570 2673 οὕτως
3604 2610 3785 2677 ἐγρα-

2183 2720 2312 2789 ψαν,
2347 2717 2458 2770 ἀλλ’
2481 2717 2562 2768 ὅτι
2613 2713 2688 2784 μὴ
2737 2711 2847 2782 ἔχει
3031 2706 3122 2760 τὸν
3176 2705 3367 2758 αἴτιον·
3419 2702 3513 2756 κα⁸ι
3567 2702 3783 2770 μᾶλλον

2185 2811 2350 2874 αὐτὸς
2377 2807 2566 2878 Πατὴρ
2636 2805 2736 2876 μέν
2769 2803 2885 2856 ἐστι
2924 2802 3022 2871 τῆς
3068 2800 3288 2868 Σοφίας,
3347 2795 3415 2848 τὰ
3470 2795 3529 2848 δὲ
3561 2793 3779 2862 γενητὰ

2186 2905 2364 2959 πάντα
2385 2903 2443 2954 ἐν
2472 2898 2632 2968 σοφίᾳ.
2667 2895 2955 2965 πεποίηκε·
3007 2892 3095 2945 διὰ
3149 2891 3201 2944 τί
3237 2890 3311 2960 μὴ
3363 2887 3458 2940 καὶ
3643 2885 3779 2946 τοὺς

2185 2995 2454 3065 Πατέρας,
2495 2991 2622 3052 τούς
2664 3006 2724 3042 τε
2783 2968 2874 3040 τὸν
2917 2982 3233 3055 Σαμοσατέα
3291 2979 3641 3042 καθελόντας,
3676 2976 3779 3030 καὶ

2184 3089 2284 3160 τὴν
2329 3083 2609 3155 Ἀρειανὴν
2635 3081 2846 3153 αἵρεσιν
2873 3076 3346 3148 στηλιτεύσαντας,
3379 3073 3458 3136 εἰς
3488 3070 3774 3123 εὐσέϐειαν

2188 3180 2508 3248 συνάγομεν,
2542 3174 2677 3228 ἀλλὰ
2705 3171 3084 3238 διαστέλλομεν
3111 3167 3214 3220 ἀνὰ
3251 3166 3412 3234 μέσον
3446 3161 3646 3226 αὐτῶν,
3678 3163 3771 3214 καὶ

2186 3269 2248 3322 οὐ
2289 3268 2489 3339 μᾶλλον
2550 3262 2726 3335 ὀρθῶς
2782 3261 2910 3330 ’περὶ⁵
2941 3257 3118 3312 αὐτῶν
3153 3255 3494 3327 φρονοῦμεν;
3529 3255 3612 3305 ὅτι
3666 3252 3767 3304 κάο

2186 3363 2376 3425 κεῖνοι,
2407 3357 2658 3426 καθάπερ
2688 3351 2859 3419 εἷπον,
2892 3351 3026 3423 πρὸς
3063 3350 3126 3403 τὸ
3159 3350 3400 3418 σόφισμα
3438 3345 3530 3398 τοῦ
3584 3345 3759 3412 Σαμοο

2191 3453 2414 3517 σατέως,
2471 3450 2565 3504 καὶ
2615 3449 2713 3520 τὴν
2770 3444 3067 3518 ἑρμηνείαν
3134 3440 3300 3495 αὑτοῦ
3368 3440 3465 3507 τὴν
3527 3437 3758 3488 διάνοιαν

2190 3527 2421 3615 ἔχοντες,
2450 3541 2716 3613 ἔγραψαν,
2741 3541 2856 3592 Οὐκ
2887 3537 3033 3590 ἐστιν
3062 3533 3368 3605 ὀμοούσιοςο
3403 3530 3489 3584 xui.
3506 3523 3648 3581 οὗτοι
3680 3527 3755 3589 δὲ,

2189 3636 2370 3699 καλῶς
2399 3635 2710 3704 νοήσαντες,
2733 3632 3019 3702 εἰρήκασιν
3043 3623 3328 3697 ὀμοούσιον
3351 3619 3488 3675 εἶναι
3511 3619 3598 3672 τὸν
3614 3618 3765 3671 Υἱόν.

2190 3727 2300 3780 Καὶ
2323 3727 2434 3796 γὰρ
2465 3722 2620 3792 κάγὼ
2660 3719 2883 3774 τοιαῦτα
2914 3718 3013 3789 μὲν
3060 3717 3197 3770 νοῶν
3395 3712 3521 3782 περὶ
3562 3708 3670 3762 τῶν
3696 3710 3776 3760 εύ-

2193 3819 2492 3872 σεσούντων
2525 3818 2606 3878 είς
2636 3813 2727 3866 τόν
2774 3811 3006 3877 Χριστόν
3053 3811 3118 3862 δι’
3157 3809 3351 3875 ὀλίγων
3378 3805 3611 3874 ἔγραψα·
3645 3804 3695 3853 εἰ
3724 3801 3778 3852 δὲ

2191 3909 2411 3964 δυνατόν
2434 3905 2502 3980 ἦν
2534 3905 2834 3978 εὐπορῆσαι
2866 3903 2959 3956 καὶ
2979 3903 3077 3972 τῆς
3103 3899 3408 3968 ἐπιστολῆς,
3444 3896 3512 3964 ἢν
3529 3895 3780 3962 λέγουσιν

2194 4003 2435 4064 ἐκείνους
2613 3997 2968 4069 γεγραφέναι,
2992 3992 3234 4065 ήγοῦμαι
3281 3989 3501 4051 πλείους
3550 3985 3786 4055 εὑρεθή-

531 4079 635 4140 Par
660 4092 745 4135 est
770 4083 916 4136 enim
951 4082 1215 4152 decetque
1245 4097 1345 4135 nos
1385 4082 1460 4134 ita
1485 4080 1721 4145 sentire,
1761 4080 2093 4149 probumque

2197 4095 2384 4149 σεσθαι
2432 4093 2530 4156 τὰς
2571 4091 2890 4162 προφάσεις,
2942 4088 3009 4141 δι’
3051 4085 3115 4149 ἃς
3172 4081 3598 4154 ἡναγκάσθησαν
3635 4078 3785 4130 οὕτω

531 4189 659 4242 erga
705 4173 893 4229 Patres
934 4176 1178 4229 animum
1206 4187 1456 4236 servare,
1487 4171 1532 4227 si
1569 4179 1749 4226 tamen
1779 4173 1949 4241 spurii
1993 4187 2093 4226 non

2195 4186 2404 4257 γράψαι
2429 4185 2479 4236 oi
2511 4183 2768 4254 μακάριοι
2801 4181 3017 4233 ἐκεῖνοι.
3053 4179 3142 4228 Δεῖ
3169 4175 3278 4246 γὰρ
3333 4173 3482 4243 ἡμᾶς
3512 4170 3606 4223 καὶ
3647 4169 3788 4242 πρέ·

533 4277 756 4328 sumus,
791 4273 843 4317 et
870 4264 916 4319 si
945 4264 1014 4318 ab
1041 4263 1148 4319 illis
1177 4263 1500 4317 traditiones
1525 4262 1854 4333 pietatisque
1895 4263 2104 4319 doctri-

534 4372 660 4411 nam
694 4364 956 4411 tenemus.

493 4624 517 4724 ἒ

533 4713 951 4783 credamusque.
992 4713 1106 4782 Age
1139 4726 1269 4766 vero
1301 4727 1520 4767 rursum
1551 4728 1676 4767 cum
1710 4713 1819 4769 illis
1848 4729 1963 4769 rem
1994 4715 2109 4785 pla-

532 4807 653 4860 cide
679 4816 733 4860 et
766 4805 910 4860 bono
944 4805 1130 4858 animo
1159 4802 1524 4873 inquiramus,
1553 4805 1730 4872 deque
1757 4820 1921 4873 supra
1943 4805 2108 4863 dictis

535 4898 866 4950 mentionem
926 4895 1437 4951 faciamuszannon
1502 4909 1690 4951 revera
1741 4897 2107 4954 demonstrari

533 4986 707 5054 possit
756 4985 1041 5054 episcopos
1062 4983 1252 5039 Nicaeae
1271 4993 1628 5053 congregatos
1659 4993 1806 5038 recte
1828 4985 2110 5040 sensisse?

537 5076 595 5131 Si
635 5075 865 5131 Verbum
901 5084 984 5130 est
1019 5091 1107 5129 res
1139 5075 1279 5130 facta
1300 5115 1317 5140 ,
1362 5084 1416 5129 et
1444 5075 1683 5128 alienum
1711 5091 1742 5128 a
1777 5074 1955 5130 Patris
1977 5077 2109 5132 sub-

534 5169 756 5233 stantia,
781 5168 854 5222 ita
875 5175 934 5221 ut
955 5184 986 5222 a
1015 5166 1170 5224 Patre
1187 5176 1518 5238 segregetur,
1544 5167 1656 5220 imo
1680 5181 1744 5221 ea
1765 5168 2109 5236 separatione

535 5275 660 5331 quae
689 5275 720 5314 a
753 5260 1068 5314 diversitate
1095 5267 1305 5314 natura:
1338 5259 1717 5328 proﬁciscatur
1737 5297 1750 5320 ,
1783 5257 1931 5314 Patri
1959 5269 2108 5316 certe

535 5351 1000 5411 consubstantiale
1027 5366 1371 5421 nequaquam
1405 5351 1598 5413 fuerit;
1629 5351 1723 5405 sed
1753 5352 1934 5420 potius
1958 5353 2109 5422 ejus-

534 5446 657 5500 dem
688 5452 916 5507 naturzr,
954 5442 1110 5512 cujus
1143 5455 1229 5497 res
1264 5441 1442 5506 factm,
1474 5441 1575 5496 etsi
1611 5441 1720 5495 illis
1751 5441 1924 5510 gratia
1957 5450 2101 5496 ante-

534 5540 712 5594 cellat.
743 5535 898 5603 Quod
923 5536 970 5589 si
997 5535 1353 5591 coaliteamur
1373 5551 1498 5590 eum
1530 5550 1636 5588 non
1659 5548 1783 5590 esse
1807 5533 2106 5604 opificium,

535 5632 628 5686 sed
665 5631 951 5699 genuinam
979 5643 1046 5682 ex
1093 5625 1271 5680 Patris
1322 5626 1627 5681 substantia
1656 5625 1884 5696 prolem,
1909 5641 2108 5681 conse-

535 5734 708 5790 quens
739 5735 870 5774 sane
901 5718 1065 5773 fuerit
1093 5734 1218 5773 eum
1250 5717 1666 5786 inseparabilem
1701 5733 1825 5772 esse
1857 5732 1888 5772 a
1925 5715 2106 5781 Patre,

537 5825 662 5864 cum
721 5812 792 5865 sit
818 5809 1062 5879 ejusdem
1100 5819 1307 5862 natum
1332 5849 1347 5874 ,
1401 5817 1587 5875 utpote
1636 5808 1703 5860 ab
1740 5809 1832 5862 illo
1869 5810 2105 5880 grtiitus.

539 5899 686 5956 Talis
718 5911 895 5956 autem
919 5915 1041 5954 cum
1078 5899 1179 5964 sit,
1212 5899 1333 5966 jure
1361 5896 1840 5953 consubstantialis
1870 5899 2106 5955 dicatur.

719 4620 902 4676 Talem
936 4620 1098 4690 igitur
1119 4619 1342 4674 Patrum
1372 4619 1543 4676 fuisse
1571 4630 1807 4676 mentem
1835 4623 2106 4690 dicamus,
2135 4648 2178 4702 ι)

2198 4297 2289 4332 πει
2320 4275 2542 4332 τοιαῦτα
2569 4277 2804 4347 φρονεῖν,
2825 4271 3078 4342 τοιαύτην
3105 4287 3163 4322 τε
3194 4265 3385 4329 σώζειν
3414 4263 3624 4334 ἀγαθὴν
3656 4277 3790 4315 συν-

2199 4371 2405 4440 είδησιν
2438 4367 2572 4441 πρὸς
2612 4369 2738 4430 τοὺς
2766 4365 3033 4434 Πατέρας,
3081 4361 3196 4428 εἴγε
3236 4359 3309 4429 μὴ
3334 4357 3476 4409 νόθοι
3514 4353 3790 4424 τυγχάνο-

2205 4476 2321 4530 μεν,
2344 4459 2458 4512 ἀλλ’
2488 4458 2547 4523 ἐξ
2571 4455 2750 4510 αὐτῶν
2777 4453 2971 4524 ἔχομεν
3020 4450 3119 4513 τὰς
3146 4447 3494 4520 παραδόσεις.
3529 4445 3623 4496 καὶ
3653 4444 3787 4514 παρ’

2202 4551 2380 4604 αὐτῶν
2405 4548 2504 4620 τὴν
2526 4547 2625 4617 τῆς
2646 4543 2926 4605 εὐσεϐείας
2954 4539 3323 4594 διδασκαλίαν.

2383 4633 2620 4704 Τοιαύτη
2657 4631 2756 4702 μὲν
2780 4626 2873 4684 οὖν
2904 4631 2938 4700 ή
2971 4628 3181 4682 διάνοια
3204 4625 3314 4678 τῶν
3339 4624 3597 4694 Πατέρων
3631 4621 3789 4687 λεγέ-

2203 4727 2316 4783 σθω
2345 4727 2439 4780 καὶ
2469 4721 2825 4777 πιστευέσθω.
2858 4719 2996 4790 Φέρε
3021 4717 3078 4771 δὲ
3108 4717 3204 4771 καὶ
3259 4717 3375 4786 μετ’
3414 4711 3596 4766 αὐτῶν
3620 4711 3794 4764 πάλιν

2203 4817 2546 4886 ἐξετάσωμεν
2598 4814 2661 4866 τὸ
2692 4815 2924 4884 πρᾶγμα
2974 4809 3183 4880 πράως,
3238 4806 3334 4861 καὶ
3373 4804 3511 4876 μετὰ
3550 4802 3799 4872 συνειδή-
3829 4800 3831 4803 ’

2206 4927 2343 4974 σεως
2367 4907 2595 4979 ἀγαθῆς,
2629 4903 3099 4977 μνημονεύσαντες
3255 4899 3349 4952 καὶ
3387 4896 3494 4951 τῶν
3528 4911 3796 4965 προειρηο

2209 5001 2405 5071 μένων·
2442 4999 2490 5051 εί
2519 4999 2597 5068 μὴ
2641 4994 2718 5068 τῷ
2737 4995 2850 5048 δντι
2877 4993 3181 5046 δείκνυνται
3209 4987 3390 5050 καλῶς
3419 4986 3801 5056 φρονήσαντες

2205 5093 2256 5143 οἱ
2315 5093 2373 5142 ἐν
2423 5093 2492 5161 τῇ
2546 5087 2753 5159 Νικαίᾳ
2804 5084 3148 5146 συνελθόντες
3211 5081 3521 5134 ἐπίσκοποι.
3570 5078 3634 5129 El
3691 5076 3801 5144 μὲν

2208 5185 2420 5255 ποίημά
2447 5187 2597 5236 ἐστιν
2628 5185 2657 5236 6
2692 5180 2884 5250 Λόγος,
2919 5179 3015 5232 καὶ
3064 5175 3344 5245 ἀλλότριος
3395 5171 3498 5240 τῆς
3527 5167 3621 5222 τοῦ
3677 5169 3800 5220 Πα-

2208 5274 2335 5346 τρός
2366 5273 2570 5338 οὐσίας,
2601 5270 2743 5325 ὥστε
2767 5271 2862 5324 καὶ
2881 5263 3209 5340 χωρίζεσθαι
3235 5259 3399 5316 αὑτὸν
3427 5257 3536 5312 άπό
3555 5255 3650 5310 τοῦ
3675 5257 3799 5310 Πα-

2207 5365 2336 5439 τρός
2365 5364 2442 5435 τῷ
2474 5365 2757 5443 έτεροφυεῖ
2814 5357 3098 5431 χωρισμῷ,
3131 5357 3230 5409 οὐκ
3279 5354 3347 5407 ἂν
3384 5351 3471 5422 εἴη
3505 5349 3800 5421 ὀμοούσιος

2208 5457 2286 5528 τῷ
2313 5457 2508 5526 Πατρὶ,
2539 5442 2684 5507 ma
2733 5451 2930 5522 μᾶλλον
2962 5446 3225 5518 ὁμογενὴς
3388 5446 3451 5513 τῇ
3481 5442 3640 5509 φύσει
3678 5443 3798 5502 ’τοᾶ

2212 5550 2497 5619 ποιήμασι,
2528 5545 2632 5598 κᾶν
2668 5540 2980 5612 ὑπερϐάλλῃ
3001 5542 3068 5610 τῇ
3097 5538 3300 5608 χάριτιο
3339 5537 3387 5588 εί
3413 5535 3471 5587 δὲ
3500 5531 3799 5602 ὁμολογοῦ-

2217 5659 2313 5712 μεν
2346 5640 2422 5710 μὴ
2478 5634 2615 5690 εἶναι
2651 5633 2814 5688 αὐτόν
2871 5633 3100 5702 ποίημα,
3149 5629 3286 5684 ἀλλὰ
3337 5628 3559 5698 γνήσιον
3593 5626 3659 5676 ὲκ
3692 5624 3799 5692 τῆς

2213 5732 2398 5795 οὐσίας
2428 5728 2522 5783 τοῦ
2577 5725 2788 5797 Πατρός
2838 5725 3103 5794 γέννημα,
3144 5719 3434 5775 ἀκόλουθον
3489 5717 3555 5770 ἂν
3585 5716 3670 5784 εἴη
3699 5716 3797 5767 καὶ

2215 5823 2514 5893 ἀχώριστον
2549 5818 2709 5871 αὑτὸν
2741 5812 2876 5868 εἶναι
2903 5816 2995 5868 τοῦ
3022 5811 3253 5885 Πατρός,
3288 5810 3498 5880 ὀμοφυῆ
3546 5808 3675 5861 ὄντα
3703 5806 3794 5858 διὰ

2216 5914 2274 5968 τὸ
2306 5915 2361 5979 ἐξ
2399 5912 2560 5966 αὒτοῦ
2589 5908 2976 5979 γεγεννῆσθαι,
3024 5895 3272 5967 Τοιοῦτος
3320 5903 3375 5957 δὲ
3415 5903 3510 5967 ὢν,
3567 5898 3793 5960 εἰκότως
