4058 6480
284 392 386 457 (Si

1289 414 1661 477 PANOPLIA
1708 420 2170 484 DOGMATlCA.
2208 452 2276 463 --
2313 429 2464 490 TlT.
2504 430 2607 488 XI.

3461 436 3565 499 45-9.

290 540 386 590 καὶ
419 537 717 608 ὸμοούσιος
741 542 808 595 ἂν
825 542 1051 612 λέγοιτο.
1076 547 1304 602 Ἔπειτα
1325 552 1373 602 εί
1401 550 1473 622 μὴ
1503 552 1565 605 ἐκ
1599 554 1878 623 μετουσίας

1995 543 2195 599 Dein-.lc
2230 546 2272 600 si
2301 562 2404 599 non
2442 563 2503 601 ex
2539 551 2949 621 participatione
2978 557 3146 616 Filius
3175 573 3277 631 est,
3309 568 3403 621 sed
3436 572 3567 624 sub.

287 630 439 683 ἐστὶν
468 631 673 696 ὁΥἱός,
716 632 854 687 ἀλλὰ
894 638 957 705 τῇ
985 636 1140 709 οὐσίᾳ
1187 639 1357 708 Λόγος
1407 642 1523 695 ἐστὶ
1585 644 1675 694 καὶ
1722 643 1886 709 Σοφία

288 723 385 777 τοῦ
424 723 664 795 [ἰατρὸς.
689 728 723 796 ἡ
759 727 816 778 δὲ
855 728 1013 780 οὐσία
1046 726 1184 799 αὕτη
1212 729 1311 801 τῆς
1347 732 1535 797 οὐσίας
1564 732 1663 802 τῆς
1688 749 1855 803 πατρι

288 818 395 886 xi};
447 819 566 870 ἐστι
593 818 842 890 γέννημα
874 822 968 874 καὶ
994 822 1244 894 ὁμοιότης
1272 824 1460 895 αὐτῆς,
1496 824 1684 897 ὥσπερ
1709 826 1803 878 καὶ
1825 825 1885 879 τό

290 912 646 981 ἀπαύγασμα
670 912 765 965 τοῦ
789 912 983 983 φωτός·
1016 913 1159 982 λέγει
1186 915 1242 968 δὲ
1271 919 1299 969 6
1320 917 1466 983 Υἱὸς,
1503 937 1521 969 ι
1570 918 1709 989 Ἐγὼ
1741 920 1832 973 καὶ
1855 921 1883 973 6

292 1003 490 1072 Πατὴρ
520 1003 581 1055 ἓν
613 1003 839 1074 ὲσμεν,ι
878 1006 989 1069 καὶ,
1028 1025 1046 1056 ι
1105 1004 1163 1058 ’0
1202 1008 1299 1078 ἐμὲ
1328 1009 1587 1079 ἑωρακὼς
1775 1010 1880 1064 ἑώ-

294 1113 431 1166 ρακε
456 1094 549 1147 τὸν
582 1094 859 1167 Πατέρα-ι
894 1096 1009 1159 πῶς
1043 1097 1121 1150 δεῖ
1144 1102 1281 1151 νοεῖν
1310 1099 1511 1165 ταύτας
1534 1101 1632 1165 τὰς
1666 1103 1875 1171 φωνάς

290 1186 331 1255 ἦ
376 1185 687 1249 πῶςαὺτάς
743 1186 1201 1259 ἐκλαμϐάνοντες,
1249 1192 1493 1260 σώσομεν
1549 1191 1610 1245 τό
1644 1192 1702 1245 ἓν
1742 1191 1879 1249 εἶναι

296 1273 389 1324 τόν
426 1273 649 1343 Πατέρα
687 1272 783 1324 καὶ
819 1272 911 1324 τὸν
950 1270 1109 1336 ritis;
1151 1272 1213 1323 Et
1241 1272 1339 1341 μὲν
1366 1269 1458 1324 οὑν
1486 1276 1552 1343 τῇ
1597 1275 1891 1348 συμφωνίᾳ.

296 1363 405 1415 τῶν
428 1364 744 1433 δογμάτων,
789 1364 879 1416 καὶ
913 1362 990 1433 τῷ
1025 1364 1099 1436 μὴ
1151 1362 1436 1433 διαφωνεῖν
1470 1364 1606 1437 πρὸς
1645 1366 1736 1420 τὸν
1779 1368 1889 1421 Πα-

286 1455 453 1524 τέρα,
492 1455 570 1518 ὡς
627 1458 676 1508 ol.
737 1456 1003 1526 Ἀρειανοὶ
1044 1455 1280 1524 λέγουσι,
1334 1456 1535 1525 φαῦλος
1583 1459 1611 1510 6
1650 1456 1889 1523 τοιοῦτος

285 1545 441 1609 νοῦς.
482 1547 595 1600 Καὶ
644 1545 753 1616 γὰρ
808 1547 901 1599 καὶ
924 1548 972 1599 οί
1000 1545 1143 1615 ἅγιοι
1170 1589 1184 1611 ,
1327 1549 1419 1600 καὶ
1453 1547 1651 1618 μᾶλλόν
1680 1566 1742 1616 γε
1788 1551 1887 1618 ἄγ-

283 1639 442 1706 γελοι
487 1641 585 1692 καὶ
607 1638 956 1709 ἀρχάγγελοι,
989 1638 1087 1709 τὴν
1111 1639 1364 1711 τοιαύτην
1411 1640 1592 1711 ἔχουσι
1623 1641 1758 1712 πρὸς
1796 1640 1887 1695 τόν

281 1730 426 1784 Θεὸν
476 1730 822 1801 συμφωνίαν,
856 1731 949 1783 καὶ
982 1730 1205 1800 οὐδεμία
1247 1734 1376 1802 παρ’
1406 1733 1584 1795 αὐτοῖς
1614 1734 1728 1785 ἐστι
1767 1733 1885 1786 δια-

282 1820 492 1887 φωνία.
551 1820 613 1873 '0
671 1818 779 1891 γάρ
808 1820 1153 1888 διαφωνήσας
1187 1820 1429 1885 διάϐολος
1468 1821 1749 1893 ὲθεωρήθη
1795 1822 1885 1875 πί-

1992 636 2191 690 stantia
2231 638 2344 706 ipsa
2394 639 2627 694 Verbum
2659 652 2737 697 est
2785 655 2837 699 et
2886 645 3159 718 Sapientia
3206 653 3565 717 Patris:ha-e

1988 738 2169 781 autem
2210 729 2509 784 substantia
2531 773 2545 796 ,
2599 741 2834 801 paternae
2879 741 3197 797 substantia:
3228 747 3368 803 fetus
3396 764 3478 806 est
3511 769 3563 808 vt

1985 825 2104 892 ejus
2140 825 2459 893 similitudo,
2489 830 2648 884 Vrluti
2686 832 2941 901 splendor
2963 848 3046 892 est
3075 842 3374 899 similitudo
3402 848 3558 916 lui-is,

1987 915 2260 986 Filiusque
2288 919 2457 975 dicit:
2494 940 2511 972 ι
2544 921 2655 994 Ego
2700 937 2753 979 et
2792 925 2950 982 Pater
2984 946 3150 988 unum
3203 953 3395 995 sumus
3442 944 3454 972 ¹
3485 960 3497 1007 ;

1982 1021 2035 1065 et
2063 1031 2075 1064 :
2118 1031 2136 1063 ι
2172 1011 2275 1078 Qui
2303 1014 2435 1068 vidit
2462 1031 2569 1082 me,
2603 1017 2732 1072 vidit
2760 1030 2811 1073 et
2840 1018 3054 1078 Patrem
3108 1026 3163 1093 ';
3203 1047 3222 1080 ι
3283 1039 3556 1100 quomodo

1983 1102 2064 1158 ha:
2088 1120 2247 1160 voces
2277 1106 2633 1179 intelligendas
2655 1112 2822 1167 sunt?
2846 1124 2938 1169 aut
2965 1133 3070 1186 qua
3102 1134 3277 1176 mente
3303 1140 3394 1179 cas
3419 1129 3558 1181 acci-

1980 1196 2208 1265 pientes,
2230 1195 2445 1253 Patrem
2469 1212 2520 1256 et
2542 1201 2735 1258 Filium
2757 1221 2923 1260 unum
2945 1225 3064 1263 esse
3086 1213 3392 1270 tuebimur?
3415 1217 3547 1273 Nam

1982 1295 2029 1351 si
2064 1296 2131 1350 ob
2154 1295 2465 1365 dogmatum
2497 1309 2826 1350 consensum
2857 1335 2872 1358 ,
2902 1306 2954 1348 et
2982 1298 3127 1364 quod
3160 1295 3319 1350 Pater
3358 1314 3387 1350 a
3421 1296 3560 1349 Filio

1984 1402 2091 1441 non
2125 1385 2432 1451 dissentiat,
2463 1395 2520 1439 ut
2545 1388 2733 1441 dicunt
2760 1386 2970 1449 Ariani,
2998 1402 3163 1454 prava
3186 1402 3318 1443 sane
3342 1396 3425 1440 est
3450 1388 3563 1439 haec

1984 1473 2319 1543 intelligendi
2354 1475 2513 1528 ratio.
2574 1474 2782 1528 Etenim
2815 1477 3030 1540 sancti,
3082 1484 3135 1528 et
3178 1476 3348 1529 multo
3390 1476 3563 1542 magis

1980 1566 2155 1636 angeli
2187 1575 2240 1620 et
2267 1567 2576 1638 archangeli
2605 1607 2620 1632 ,
2665 1566 2978 1635 hujusmodi
3020 1568 3224 1621 habent
3274 1582 3399 1621 cum
3452 1566 3562 1621 Deu

1979 1672 2332 1723 consensum,
2365 1672 2466 1713 nec
2497 1658 2604 1711 ulla
2629 1659 2768 1727 apud
2797 1659 2945 1727 ipsos
2977 1668 3059 1715 est
3088 1659 3396 1725 dissensio;
3435 1676 3559 1712 nam

1977 1752 2069 1817 qui
2104 1749 2313 1804 discors
2342 1748 2443 1803 fuit
2468 1749 2753 1814 diabolus,
2785 1764 2816 1803 e
2851 1750 2993 1804 cmlo
3033 1751 3228 1805 radere
3266 1751 3417 1805 visus
3454 1760 3559 1813 est,

1977 1846 2036 1891 ut
2064 1839 2141 1892 ait
2168 1840 2453 1894 Dominus.
2488 1838 2545 1893 Si
2578 1855 2706 1909 ergo
2739 1841 2809 1894 ob
2837 1857 3167 1896 consensum
3199 1840 3361 1896 Pater
3388 1852 3442 1895 et
3472 1841 3561 1895 Fi-

285 1926 440 1963 πτων
474 1911 544 1964 ὲκ
582 1910 688 1965 τῶν
714 1911 979 1983 οὐρανῶν,
1026 1911 1101 1976 ὡς
1146 1908 1297 1965 εἶπεν
1343 1915 1371 1965 6
1421 1913 1640 1984 Κύριος.
1674 1915 1878 1969 Οὐκοῦν

1976 1929 2082 1984 lius
2113 1946 2279 1985 unum
2318 1938 2484 1996 sunt,
2539 1931 2702 1985 etiam
2747 1931 2961 1999 epiticia
3011 1946 3133 2000 quae
3173 1933 3244 1985 ita
3295 1949 3417 1987 cum
3450 1932 3559 1987 Deo

285 2003 335 2053 εἰ
362 2001 456 2054 διὰ
490 2002 592 2074 τὴν
627 2005 944 2073 συμφωνίαν
976 2005 1033 2058 ἓν
1067 2006 1213 2058 ἐστιν
1236 2008 1263 2059 6
1292 2005 1477 2077 Πατὴρ
1534 2006 1678 2059 καὶὸ
1732 2005 1880 2074 Υἱὸς,

284 2094 371 2163 εἰη
403 2092 475 2147 ἂν
505 2094 602 2146 καὶ
634 2095 742 2146 τῶν
767 2095 1010 2168 γενητῶν
1048 2097 1114 2149 τὰ
1146 2097 1537 2167 συμφωνοῦντα
1565 2098 1708 2151 οὕτω
1748 2101 1882 2171 πρὸς

281 2184 377 2235 τὸν
414 2182 581 2247 Θεὸν,
619 2184 713 2237 καὶ
743 2184 884 2238 εἴποι
924 2186 990 2240 ἂν
1028 2188 1275 2250 ἕκαστος’
1321 2206 1339 2239 ι
1385 2186 1525 2256 Ἐγὼ
1575 2189 1667 2242 καὶ
1713 2192 1741 2242 6
1772 2190 1881 2244 Πα·

282 2274 387 2344 τὴρ
422 2274 487 2325 ἓν
545 2276 735 2344 ἐσμεν.
763 2295 781 2329 ι
842 2278 904 2329 Εἰ
944 2277 999 2329 δὲ
1052 2278 1212 2330 τοῦτο
1271 2279 1489 2333 ἄτοπον·
1535 2279 1732 2333 ἄτοπον
1772 2282 1881 2353 γάρ

283 2366 435 2414 ἐστιν
466 2363 711 2434 ἀληθῶς·
738 2364 949 2435 ἀνάγκη
980 2366 1163 2419 λοιπὸν
1213 2367 1355 2421 κατὰ
1387 2368 1482 2438 τὴν
1515 2369 1701 2423 οὐσίαν
1742 2374 1881 2427 νοεῖν

281 2453 374 2504 καὶ
402 2452 513 2522 τὴν
547 2452 681 2504 Υἱοῦ
715 2453 809 2505 καὶ
872 2454 1079 2523 Πατρὸς
1118 2454 1361 2522 ἑνότητα.
1392 2455 1473 2508 Τὰ
1525 2456 1623 2525 μὲν
1644 2457 1749 2527 γὰρ
1785 2473 1880 2525 γε-

281 2543 419 2613 νητὰ
462 2541 572 2595 κᾶν
605 2544 926 2612 συμφωνίαν
958 2543 1056 2616 ἔχῃ
1090 2546 1225 2615 πρὸς
1250 2545 1340 2598 τὸν
1382 2548 1739 2617 πεποιηκότα,
1764 2549 1878 2601 ἀλλ’

279 2635 333 2685 ἐν
356 2633 585 2702 κινήσει
637 2635 733 2687 καὶ
801 2636 1061 2706 μετουσία
1108 2634 1204 2687 καὶ
1253 2635 1329 2705 νῷ
1386 2637 1591 2708 ταύτην
1623 2638 1756 2708 ἔχει,
1785 2640 1880 2709 tvo

280 2743 385 2797 περ
586 2727 616 2779 6
674 2726 750 2797 μὴ
792 2726 1029 2794 φυλάξας
1066 2727 1388 2798 ὲκὸἐὸληται
1449 2729 1559 2783 τῶν
1609 2729 1875 2801 οὐρανῶνο

286 2817 345 2870 'O
375 2818 438 2870 δὲ
472 2816 609 2879 Υἱὸς
648 2818 715 2869 ὲκ
774 2816 874 2886 τῆς
918 2818 1104 2881 οὐσίας
1158 2818 1233 2871 ὢν
1280 2819 1559 2891 γέννημα,
1611 2821 1767 2891 οὐσίᾳ
1819 2821 1878 2876 ἓν

274 2911 426 2961 ἐστιν
617 2908 781 2970 αὐτὸς
808 2909 899 2961 καὶ
918 2911 947 2961 6
972 2912 1235 2980 γεννήσας
1270 2909 1432 2963 αὐτόν
1462 2911 1673 2982 Πατήρ.

463 2994 574 3047 Διὰ
604 2994 768 3048 τοῦτο
798 2996 905 3066 γὰρ
962 3000 1057 3050 καὶ
1102 2998 1164 3050 τὸ
1215 2999 1396 3061 ίσάςον
1446 2998 1557 3069 ἔχει
1617 3000 1754 3070 πρὸς
1787 2998 1878 3055 τὸν

272 3088 497 3161 Πατέρα
522 3088 654 3149 ταῖς
687 3088 941 3140 ὲνοειδέσι
967 3091 1192 3158 φωναῖς,
1222 3090 1317 3143 καὶ
1338 3090 1405 3144 τὰ
1436 3092 1528 3144 ἐπὶ
1551 3091 1645 3144 τοῦ
1665 3092 1878 3162 Πατρὸς

272 3179 575 3250 λεγόμενα,
599 3177 779 3231 ταῦτα
840 3180 936 3232 καὶ
954 3180 1047 3233 ἐπὶ
1086 3180 1217 3235 Υίοῦ
1249 3182 1496 3249 λέγουσιν
1536 3183 1592 3235 αἱ
1640 3184 1875 3254 Γραφαὶ,

274 3273 439 3346 χωρὶς
472 3271 647 3344 μόνον
834 3270 927 3325 τοῦ
982 3270 1235 3341 λέγεσθαι
1260 3273 1418 3327 αὐτὸν
1439 3274 1675 3345 Πατέρα.
1707 3274 1879 3338 Αὐτὸς

1975 2021 2346 2088 consentient,
2380 2036 2548 2075 unum
2582 2034 2707 2073 cum
2737 2018 3041 2074 eo'fuerint
3062 2062 3076 2085 ,
3108 2035 3343 2090 quorum
3382 2023 3557 2091 quod-

1973 2126 2076 2179 que
2101 2111 2280 2165 dicere
2309 2111 2480 2180 possit
2508 2129 2520 2162 :
2554 2128 2571 2160 ι
2605 2108 2714 2178 Ego
2745 2118 2797 2163 et
2841 2109 3001 2164 Pater
3053 2127 3221 2164 unum
3278 2128 3491 2167 smnus.
3532 2132 3548 2163 ι

1973 2203 2127 2270 Quod
2160 2204 2205 2257 si
2233 2203 2528 2256 absurdum
2567 2204 2667 2257 hoc
2704 2204 2815 2264 sit,
2847 2213 2905 2256 ut
2935 2220 3122 2257 revera
3153 2213 3276 2269 est,
3329 2220 3555 2260 necesse

1972 2296 2189 2350 demum
2224 2293 2386 2348 fuerit
2416 2293 2536 2347 Filii
2581 2303 2634 2347 et
2695 2293 2870 2347 Patris
2917 2294 3179 2347 unitatem
3252 2294 3550 2348 secundum

1971 2384 2332 2439 substantiam
2358 2383 2679 2453 intelligere.
2705 2380 2813 2437 Res
2842 2380 3000 2436 facta:
3029 2385 3171 2440 enim
3198 2386 3553 2452 quantumvis

1969 2490 2093 2530 cum
2127 2476 2319 2545 opiﬁce
2347 2490 2448 2531 suo
2470 2488 2798 2530 consensum
2829 2475 3063 2529 habeant
3095 2493 3108 2529 :
3143 2486 3289 2528 mutu
3318 2483 3548 2538 tantum,

1968 2567 2416 2636 participatione,
2450 2576 2503 2620 et
2534 2576 2713 2621 mente
2755 2582 2880 2620 eum
2921 2566 3159 2630 habent,
3216 2583 3378 2635 quem
3422 2584 3546 2622 cum

1968 2656 2058 2711 ille
2087 2672 2195 2709 non
2227 2664 2521 2719 servasset,
2548 2655 2754 2724 eiectus
2778 2654 3011 2708 ex‘cmlo
3034 2666 3135 2709 est.
3165 2654 3334 2711 Filius
3363 2666 3541 2711 autem

1966 2762 2092 2803 cum
2128 2748 2197 2801 sit
2227 2762 2293 2802 ex
2329 2746 2635 2800 substantia
2664 2746 2825 2812 fetus,
2848 2746 3157 2801 substantia
3184 2763 3402 2817 quoque
3433 2748 3548 2818 ipse

1965 2848 2038 2905 et,
2067 2837 2161 2911 qui
2189 2837 2376 2909 genuit
2408 2851 2558 2901 cum,
2592 2836 2752 2891 Pater
2783 2853 2954 2891 unum
2986 2847 3136 2892 sunt.

2177 2988 2544 3057 Quamobrem
2582 2990 2811 3046 vocibus
2864 2990 3126 3044 unitatem
3177 2990 3547 3047 indicantibus

1963 3083 2326 3159 aequalitatem
2365 3097 2489 3137 cum
2517 3081 2679 3136 Patre
2715 3082 2920 3136 habere
2949 3082 3182 3144 dicitur,
3219 3090 3274 3135 et
3316 3082 3443 3136 hinc
3487 3083 3547 3136 tit

1964 3188 2024 3233 ut
2063 3192 2183 3246 qiiae
2415 3176 2482 3230 de
2512 3170 2672 3229 Patre
2709 3170 2969 3228 dicuntur
2995 3212 3010 3237 ,
3061 3171 3250 3225 eadem
3292 3172 3359 3226 de
3406 3170 3544 3225 Filio

1966 3268 2261 3338 Scriptum
2287 3275 2535 3322 asserant
2562 3283 2575 3318 :
2600 3280 2663 3319 ea
2693 3272 2875 3318 tamen
2900 3262 3222 3332 exceptione
3274 3262 3420 3332 quod
3454 3262 3544 3316 ille

272 3366 377 3436 γάρ
409 3360 577 3417 εἶπεν
601 3364 632 3415 6
669 3361 818 3426 Υίόςο
860 3381 879 3414 ι
916 3362 1123 3431 Πάντα,
1171 3365 1271 3418 ὅσα
1305 3365 1415 3435 ἔχει
1451 3368 1480 3419 6
1525 3366 1731 3437 Πατὴρ,
1769 3365 1878 3437 ἐμά

1970 3361 2121 3416 Pater
2141 3360 2378 3414 dicatur.
2432 3356 2554 3427 Ipse
2582 3358 2729 3411 enim
2756 3356 2930 3413 Filius
2955 3356 3031 3411 ait
3056 3373 3070 3412 :
3113 3375 3131 3408 ι
3165 3354 3360 3411 Omnia
3393 3373 3543 3426 qua:-

271 3458 444 3509 ἰστιΊ
476 3453 565 3527 τῷ
589 3470 652 3507 τε
682 3454 864 3523 Πατρὶ
893 3453 1066 3522 ἐλεγεο
1114 3473 1131 3505 ι
1164 3456 1346 3509 Πάντα
1381 3455 1450 3509 τὰ
1501 3456 1608 3525 ἐμὰ
1645 3457 1715 3509 σά
1738 3458 1875 3520 ἐστι,

273 3563 370 3598 και
388 3546 462 3599 τὰ
485 3546 556 3598 σὰ
585 3546 719 3615 ἐμά·
737 3564 755 3595 ι
793 3539 905 3597 οἷον
936 3546 1016 3610 τὸ,
1045 3545 1203 3621 Θεός.
1242 3567 1260 3597 ι
1285 3546 1417 3610 Θεὸς
1437 3566 1454 3598 ι
1488 3546 1597 3617 γὰρ
1772 3566 1790 3599 ι
1809 3543 1878 3618 ἦν

285 3637 318 3685 6
352 3636 564 3704 λόγος»
595 3638 679 3700 τὸ,
716 3637 1146 3708 Παντοκράτωρ·
1186 3657 1203 3688 ι
1246 3638 1377 3691 Τάδε
1408 3638 1553 3706 λέγει
1602 3640 1630 3691 6
1654 3638 1750 3702 ὢν,
1784 3638 1879 3691 καὶ

296 3727 325 3777 6
357 3721 448 3795 ἦν,
481 3729 923 3800 καὶὸὲρχόμενος
949 3730 978 3782 6
1006 3727 1458 3800 Παντοκράτωροι
1478 3730 1538 3782 τὸ
1566 3726 1700 3783 εἶναι
1740 3729 1875 3798 φῶς·

300 3832 321 3863 α
363 3815 499 3883 Ἐγώ
526 3818 694 3887 εἰμι,ι
729 3817 886 3889 φησι,
918 3836 938 3868 ο
972 3818 1033 3870 16
1060 3819 1194 3887 φῶςσ
1224 3837 1243 3871 ι
1285 3818 1345 3871 τὸ
1372 3819 1760 3889 δημιουργικὸν
1789 3820 1873 3875 ατ-

284 3923 420 3960 τιον*
475 3929 492 3961 ι
525 3911 717 3964 Πάντα
777 3910 887 3981 γὰρ
947 3910 1015 3962 δι’
1046 3910 1210 3964 αὐτοῦ
1272 3911 1507 3981 ἐγένετοο
1552 3931 1569 3963 ι
1618 3913 1729 3973 καὶ,
1760 3931 1777 3963 ι
1811 3913 1878 3966 ’Δ

279 3997 465 4066 βλέπω
497 3999 593 4051 τὸν
636 3999 860 4071 Πατέρα
894 3998 1172 4066 ποιοῦντα,
1204 4001 1380 4055 ταῦτα
1411 4001 1564 4070 κάγὼ
1590 4001 1779 4056 ποιῶ-ι
1814 4001 1878 4055 τὸ

275 4084 417 4141 εἶναι
444 4089 639 4143 ἀΐδιον·
681 4110 700 4142 ι
743 4091 817 4143 Ἦ
861 4106 919 4142 τε
960 4108 979 4141 ι
1012 4091 1120 4161 γὰρ
1164 4109 1183 4142 ι
1212 4092 1379 4156 ἀΐδιος
1437 4092 1600 4146 αὐτοῦ
1653 4092 1879 4163 δύναμις

273 4182 371 4232 καὶ
396 4180 622 4252 Θειότης
653 4221 670 4245 ,
805 4200 824 4234 ι
862 4181 977 4247 καὶ,
1013 4200 1031 4234 ι
1055 4182 1143 4235 Ἐν
1168 4182 1309 4254 ἀρχῇ
1348 4178 1416 4254 ἦν
1440 4186 1468 4237 6
1493 4184 1719 4252 Λόγος,ι
1754 4184 1873 4248 καὶ,

278 4292 299 4324 σ
342 4269 457 4325 Ἦν
487 4274 551 4326 τὸ
580 4272 698 4342 φῶς
725 4273 786 4327 τὸ
813 4275 1092 4346 ἀληθινὸν,
1132 4275 1160 4328 ὃ
1190 4275 1414 4345 φωτίζει
1460 4276 1640 4331 πάντα
1666 4276 1878 4347 ἄνθρω-

272 4379 381 4415 πον
410 4362 715 4433 ἐρχόμενον
760 4365 840 4428 είς
892 4363 985 4416 τὸν
1024 4363 1246 4433 κόσμοψ
1274 4382 1292 4414 ι
1342 4363 1404 4415 τὸ
1452 4360 1590 4416 εἶναι
1650 4366 1872 4434 Κύριος·

277 4471 297 4503 ι
342 4451 590 4521 Ἐὗρεξε
637 4450 746 4522 γὰρ
770 4451 974 4523 Κύριος
1002 4451 1142 4504 θεῖον
1187 4452 1280 4505 καὶ
1305 4451 1416 4522 πῦρ
1440 4452 1589 4523 παρὰ
1612 4454 1835 4525 Κυρίου⁸
1852 4473 1871 4506 ι

272 4544 373 4597 καὶ
397 4546 431 4596 6
476 4542 579 4613 μὲν
610 4543 800 4614 Πατήρ
833 4558 1016 4613 φησιν·
1055 4563 1074 4595 ι
1098 4542 1240 4612 Ἐγὼ
1264 4542 1520 4614 Κύριος.»
1550 4544 1665 4607 καὶ,
1684 4561 1704 4595 ι
1733 4544 1875 4599 Τάδε

270 4633 430 4699 λέγει
464 4631 675 4702 Κύριος
713 4633 743 4684 6
768 4632 902 4697 Θεὸς
1097 4635 1127 4686 6
1176 4634 1622 4705 παντοκράτωρ»
1663 4635 1791 4706 περὶ
1818 4634 1878 4688 66

1961 3468 2177 3523 cunque
2208 3453 2372 3507 habet
2399 3450 2581 3513 Pater,
2613 3464 2732 3504 mea
2762 3458 2892 3505 sunt
2932 3453 2952 3483 ³
2980 3466 2995 3515 ;
3029 3468 3048 3500 ι
3080 3448 3342 3518 Patrique
3369 3450 3537 3505 dixit:

1966 3561 1985 3595 ι
2014 3543 2206 3598 Omnia
2235 3558 2354 3597 mea
2375 3584 2391 3608 ,
2420 3551 2510 3596 tua
2545 3549 2707 3604 sunt,
2740 3552 2794 3595 et
2820 3549 2910 3594 tua
2932 3554 3053 3592 mea
3091 3542 3133 3593 ⁵.
3169 3558 3188 3590 ι
3218 3538 3539 3608 Huiusmodi

1959 3643 2043 3689 est
2068 3634 2235 3699 illud,
2267 3632 2408 3687 Deus
2435 3650 2450 3686 :
2477 3647 2601 3685 nam
2626 3671 2640 3693 ,
2674 3648 2692 3680 ι
2728 3630 2873 3684 Deus
2906 3639 3022 3682 erat
3054 3627 3290 3681 Verbum
3345 3628 3401 3692 ⁸;
3440 3648 3456 3679 ι
3486 3640 3541 3683 et

1962 3723 2113 3786 illud,
2144 3721 2541 3792 Omnipotens:
2574 3739 2593 3772 ι
2631 3719 2758 3775 Haec
2784 3720 2917 3775 dicit
2944 3720 3038 3789 qui
3069 3730 3173 3782 est,
3198 3728 3253 3772 et
3277 3720 3368 3787 qui
3401 3729 3536 3781 erat,

1956 3823 2013 3868 et
2055 3813 2149 3883 qui
2183 3822 2448 3867 venturus
2477 3819 2561 3866 est
2612 3809 2970 3879 Omnipotens
3010 3814 3031 3845 ⁸
3065 3825 3125 3873 ;»
3191 3819 3246 3859 et
3289 3809 3434 3876 quod
3466 3814 3539 3861 set

1959 3905 2051 3959 lux
2086 3921 2099 3957 :
2138 3921 2157 3955 ι
2188 3902 2299 3974 Ego
2319 3916 2463 3969 sum,
2495 3922 2513 3953 ι
2550 3901 2747 3971 inquit,
2785 3919 2801 3951 ι
2834 3888 2928 3954 lu!
2954 3898 2972 3927 ⁷
3008 3916 3024 3964 ;
3059 3916 3077 3949 ι
3108 3899 3253 3967 quod
3287 3900 3358 3952 sit
3385 3913 3538 3952 crea-

1960 3995 2063 4049 trix
2087 4008 2275 4057 causa,
2292 3990 2677 4055 nam,cOmnia
2700 4007 2796 4062 per
2818 3991 2997 4060 ipsum
3017 3989 3158 4045 facta
3184 3999 3313 4045 sunt
3343 3994 3364 4025 ⁸
3381 4029 3396 4055 ,
3421 4008 3439 4041 ι
3461 3999 3534 4052 et,

1965 4104 1982 4138 ι
2005 4085 2138 4153 Quae
2157 4086 2314 4141 video
2334 4084 2552 4140 Patrem
2577 4083 2882 4146 iacientem,
2904 4084 3021 4138 haec
3050 4090 3106 4138 et
3132 4097 3232 4152 ego
3256 4082 3396 4138 facio
3428 4085 3449 4116 '
3474 4101 3488 4149 ;
3513 4102 3531 4133 ι

1959 4177 2106 4247 quod
2160 4177 2232 4233 sit
2291 4185 2527 4232 aeternus
2557 4189 2572 4230 :
2605 4194 2623 4227 ι
2661 4174 3001 4245 Sempiterna
3032 4194 3051 4227 ι
3081 4175 3227 4229 enim
3264 4193 3281 4225 ι
3321 4190 3537 4244 quoque

1959 4267 2080 4337 ejus
2103 4269 2276 4323 virtus
2307 4277 2362 4323 et
2394 4266 2652 4322 divinitas
2676 4266 2741 4330 ⁸ο,
2775 4285 2794 4318 ι
2854 4276 2928 4330 et,
2975 4285 2992 4318 ι
3028 4266 3086 4321 In
3124 4266 3393 4335 principio
3423 4276 3542 4321 erat

1964 4359 2200 4415 Verbum
2225 4364 2301 4427 “;
2341 4378 2361 4413 ι
2394 4366 2469 4426 et,
2502 4376 2521 4411 ι
2549 4357 2680 4411 Erat
2709 4357 2802 4412 lux
2831 4374 2956 4411 vera
2982 4374 3104 4426 quae
3134 4359 3405 4412 illuminat
3425 4374 3543 4411 om-

1964 4466 2085 4506 nem
2118 4450 2393 4506 hominem
2422 4451 2731 4505 venientem
2763 4447 2818 4501 in
2847 4449 3107 4501 mundum
3133 4448 3175 4477 ¹²
3203 4465 3217 4510 ;
3256 4466 3273 4498 ι
3301 4449 3446 4517 quod
3471 4453 3543 4503 sit

1963 4538 2229 4595 Dominus
2265 4557 2278 4570 -
2322 4556 2341 4589 ι
2368 4537 2512 4591 Pluit
2538 4536 2684 4590 enim
2718 4534 2984 4589 Dominus
3014 4536 3194 4602 ignem
3222 4544 3276 4587 et
3308 4537 3544 4604 sulphur

1964 4646 1994 4685 ιι
2047 4629 2281 4685 Domino
2312 4627 2353 4658 ⁸³
2377 4644 2445 4697 λλ
2482 4635 2536 4681 et
2561 4625 2722 4681 Pater
2760 4626 2979 4695 quidem
3014 4626 3091 4679 ait
3124 4644 3137 4679 :
3173 4644 3194 4676 ί
3223 4625 3333 4696 Ego
3360 4626 3543 4681 Domi-

272 4723 375 4776 τοῦ
424 4722 562 4775 Υἱοῦ
608 4725 637 4775 6
687 4723 900 4788 Παῦλός
950 4740 1135 4795 φησιν·
1198 4745 1217 4777 ι
1263 4723 1360 4789 Εἷς
1406 4726 1611 4798 Κύριος
1670 4724 1876 4798 Ἰησοῦς

1970 4738 2069 4778 nus
2097 4723 2140 4753 ¹⁵
2162 4762 2178 4789 ,
2211 4741 2231 4773 ι
2267 4728 2350 4787 et,
2401 4738 2421 4771 ι
2449 4718 2577 4775 Haec
2606 4719 2739 4775 dicit
2787 4718 3050 4772 Dominus
3099 4716 3239 4772 Deus
3287 4718 3542 4788 omnipo-

274 4811 543 4883 Χριστός,
578 4812 645 4865 δι’
676 4804 739 4865 οὗ
763 4812 834 4866 τὰ
878 4813 1109 4868 πάντα.»
1149 4815 1262 4869 Καὶ
1314 4814 1392 4887 τῷ
1447 4817 1544 4886 μὲν
1577 4818 1752 4888 Πατρὶ
1776 4817 1879 4872 λει-

274 4905 615 4978 τουργοῦσιν
642 4904 885 4973 ἄγγελοι·
909 4907 939 4959 6
969 4904 1027 4958 δὲ
1061 4905 1191 4969 Υἱός
1218 4909 1599 4978 προσκυνεῖται
1627 4910 1752 4979 παρ’
1781 4908 1878 4961 αὑ-

277 4993 414 5047 τῶψ
452 5012 472 5044 ι
510 4994 621 5046 Καὶ
655 4994 1197 5065 προσκυνησάτωσαν
1228 4994 1376 5065 αὐτῷ
1409 4997 1610 5061 πάντες
1657 4996 1878 5067 ἄγγελοι

276 5081 479 5136 Θεοῖλι
519 5082 755 5150 Λέγεται
778 5082 839 5135 δὲ
876 5079 1018 5137 εἶναι
1211 5084 1306 5138 καὶ
1363 5085 1566 5156 Κύριος
1609 5087 1875 5156 ἀγγέλων*

286 5192 307 5225 ι
343 5174 647 5244 Διηκόνουν
686 5192 705 5225 ι
745 5172 856 5243 γὰρ
887 5192 905 5225 ι
949 5172 1101 5243 αὐτῷ
1135 5175 1184 5227 oi
1213 5174 1484 5243 ἄγγελον»
1523 5177 1635 5240 καὶ,
1664 5196 1681 5226 ι
1715 5178 1877 5229 Ἀπο-

281 5265 469 5318 στελεῖ
496 5266 527 5317 6
558 5264 690 5328 Υἱὸς
720 5263 816 5317 τοῦ
845 5263 1132 5337 ἀνθρώπου
1176 5267 1302 5329 τοὺς
1343 5265 1606 5334 ἀγγέλους
1638 5266 1822 5320 αὐτοῦ·
1852 5284 1872 5320 ι

273 5357 337 5410 16
360 5357 633 5427 τιμᾶσθαι
665 5356 745 5421 ὡς
766 5356 858 5410 τὸν
882 5355 1122 5427 Πατέρα·
1160 5376 1178 5408 ι
1205 5358 1319 5410 Ἵνα
1355 5376 1373 5408 ι
1409 5358 1539 5428 γὰρ,
1559 5359 1711 5428 φησὶ,
1752 5374 1773 5409 ι
1799 5375 1881 5411 τι-

285 5442 437 5511 μῶσι
464 5443 558 5497 τόν
581 5442 736 5506 Υίόν,
773 5441 956 5506 καθὼς
984 5443 1183 5513 τιμῶσι
1214 5444 1306 5498 τὸν
1348 5445 1619 5518 Πατέρα»
1658 5446 1718 5499 τό
1739 5443 1878 5501 εἶναι

284 5532 380 5587 εσα
412 5533 559 5605 Θειῖν
596 5551 617 5587 ι
639 5534 758 5603 οὐχ
946 5534 1238 5605 ἁρπαγμόν
1272 5537 1512 5607 ἡγήσατο
1536 5535 1597 5590 16
1627 5532 1762 5593 εἶναι
1789 5541 1878 5594 ἶσα

344 5648 362 5682 ⁸
392 5641 562 5701 Joan.
606 5662 663 5705 ι.
695 5643 791 5698 30.
890 5646 913 5677 '
940 5642 1100 5699 Joan.
1129 5660 1244 5710 xw,
1293 5644 1347 5700 9.

269 5787 366 5840 9.4.
451 5786 497 5817 “
526 5786 775 5840 Malarh.
810 5799 894 5847 ιιι,
926 5782 981 5836 6.
1061 5782 1102 5816 ¹⁸
1129 5783 1264 5840 Gen.
1298 5800 1423 5845 xvn.
1456 5786 1505 5839 l.

272 5873 427 5918 xxiv.
451 5857 544 5913 3|.
628 5856 675 5885 ’°
715 5852 878 5908 Joan.
911 5868 965 5918 ν,
995 5850 1088 5907 23.

1074 6094 1105 6108 η

1452 5642 1659 5699 'Joan.
1710 5661 1822 5701 xvr.
1874 5646 1957 5700 l5.

267 5725 290 5753 τ
322 5716 487 5771 Joan.
523 5730 647 5775 vni,
692 5715 779 5768 12.
856 5714 877 5745 ⁸
910 5712 1068 5768 Joan.
1105 5728 1146 5767 ι.
1169 5716 1227 5769 3.
1315 5714 1336 5746 ‘
1368 5712 1526 5770 Joan.
1550 5730 1605 5776 ν,
1636 5715 1723 5769 l9.
1818 5715 1861 5748 "

269 5787 366 5840 9.4.
451 5786 497 5817 “
526 5786 775 5840 Malarh.
810 5799 894 5847 ιιι,
926 5782 1013 5851 6.,
1061 5782 1102 5816 ¹⁸
1129 5783 1264 5840 Gen.
1298 5800 1423 5845 xvn.
1456 5786 1505 5839 l.
1610 5786 1654 5816 ¹⁶
1684 5781 1705 5837 l
1736 5782 1863 5841 Cor.

1975 5732 2046 5770 ιιι.
2088 5732 2124 5777 ι.
2157 5717 2250 5771 20.

1970 5802 2015 5851 it,
2047 5786 2100 5841 ϐ.
2180 5788 2221 5818 ¹⁷

1966 4820 2191 4879 tens";
2225 4831 2244 4865 ι
2270 4811 2338 4866 de
2374 4808 2513 4866 Filio
2544 4818 2726 4865 autem
2796 4807 2975 4878 inquit
3007 4806 3212 4865 Paulus
3262 4828 3275 4863 :
3334 4827 3352 4860 ι
3390 4810 3544 4865 Unus

1967 4903 2235 4961 Dominus
2261 4902 2421 4959 Iesus
2446 4903 2717 4967 Christus,
2749 4916 2846 4971 per
2877 4916 3038 4971 quem
3070 4900 3256 4955 omnia
3277 4900 3344 4956 ¹⁶.
3381 4920 3399 4952 ι
3437 4901 3543 4957 Pa-

1966 4993 2036 5048 tri
2069 4992 2382 5048 ministrant
2415 4990 2591 5063 angeli
2619 5033 2634 5057 ,
2666 4989 2839 5045 Filius
2870 4998 3051 5044 autem
3084 4992 3151 5044 ab
3182 4990 3317 5060 ipsis
3348 4991 3547 5048 adora-

1966 5092 2093 5139 tnr:
2126 5102 2145 5135 ι
2176 5082 2243 5138 Et
2271 5084 2498 5139 adorent
2522 5097 2645 5136 eum
2675 5096 2866 5137 omnes
2895 5082 3072 5154 angeli
3107 5081 3204 5137 Dei
3229 5083 3294 5137 ".
3329 5101 3349 5135 ι
3403 5083 3543 5141 υἱοί·

1969 5183 2057 5228 tur
2090 5174 2253 5229 etiam
2287 5188 2410 5230 esse
2447 5173 2713 5229 Dominus
2744 5171 3084 5243 angelorum,
3126 5187 3273 5242 nam,
3310 5192 3329 5226 ι
3354 5175 3544 5245 Angeli

1969 5265 2356 5320 ministrabant
2409 5265 2461 5320 ei
2484 5264 2569 5329 ¹⁸;
2611 5282 2631 5316 ι
2665 5271 2760 5331 et,
2827 5283 2845 5316 ι
2879 5263 3055 5321 Mittet
3087 5265 3261 5321 Filius
3305 5266 3546 5320 hominis

1967 5355 2187 5424 angelos
2248 5350 2492 5418 suos";
2530 5371 2549 5405 ι
2584 5354 2730 5424 quod
2790 5356 3089 5410 honoretur
3145 5356 3288 5412 sicut
3334 5355 3535 5408 Pater:

1973 5463 1993 5496 ι
2024 5443 2093 5499 Ut
2126 5463 2145 5496 ι
2169 5484 2184 5510 ,
2220 5444 2413 5514 inquit,
2451 5461 2471 5495 ι
2502 5444 2860 5499 honoriﬁcent
2892 5444 3113 5510 Filium,
3147 5446 3288 5499 sicut
3319 5444 3463 5495 houo
3498 5441 3512 5492 i

1970 5538 2131 5590 licant
2175 5533 2389 5590 Patrem
2411 5531 2477 5593 '°.
2518 5553 2537 5586 ι
2601 5534 2758 5602 Quod
2793 5535 2864 5591 sit
2896 5537 3122 5606 aequalis
3173 5534 3280 5587 Deo
3315 5549 3329 5585 :
3371 5550 3388 5582 ε
3421 5528 3540 5582 Νοιι

2065 5647 2085 5677 ⁴
2124 5644 2283 5701 Joan.
2336 5663 2466 5709 xvn,
2504 5647 2592 5702 10.
2689 5646 2709 5679 ⁸
2743 5644 2901 5701 Joan.
2942 5660 2978 5704 I.
3010 5644 3061 5695 1.
3159 5640 3179 5670 ⁸
3220 5641 3387 5709 Apoc.
3420 5652 3458 5699 ι,
3488 5635 3545 5688 8.

2346 5718 2383 5747 "
2408 5706 2569 5771 Joan.
2611 5732 2652 5783 ι,
2685 5717 2735 5769 l.
2804 5716 2877 5783 7"
2910 5713 3041 5766 ibid.
3067 5710 3128 5783 9._
3152 5779 3164 5783 _
3197 5706 3241 5738 ³³
3266 5707 3403 5783 O91};
3437 5719 3550 5783 ιιῖε.

2180 5788 2221 5818 ¹⁷
2259 5785 2423 5842 llcbr.
2459 5801 2498 5854 ι,
2529 5786 2583 5841 6.
2638 5771 2651 5783 ’
2688 5784 2729 5818 ⁸⁸
2768 5782 2960 5840 Matth.
2997 5795 3071 5844 Iv,
3113 5779 3194 5832 lt.
3291 5776 3334 5807 "
3358 5771 3551 5827 Matth.
