4058 6466
531 458 642 522 4&3

532 593 777 660 rapinam
813 587 1104 641 arbitratus
1134 595 1216 637 est
1243 600 1362 637 esse
1396 601 1454 637 se
1503 580 1767 652 aequalem
1817 580 1926 636 Deo
1967 585 1979 613 ¹

527 682 671 750 quod
692 680 761 734 sit
781 695 842 732 ex
867 693 993 732 vero
1016 677 1231 739 veritas,
1247 691 1312 730 ex
1334 675 1547 729 vivente
1567 677 1696 740 vita,
1721 686 1779 730 ut
1799 675 1892 743 qui
1917 688 2103 728 revera

527 788 595 826 ex
624 771 796 825 Patris
829 770 974 823 fonte
997 768 1368 823 emanaverit:
1399 768 1544 837 quod
1578 766 1748 820 Filius
1781 765 2014 819 vivilicet
2047 772 2104 820 et

428 891 434 896 -
529 861 753 916 suscitet
799 867 1047 912 mortuos
1082 859 1224 911 sicut
1254 855 1445 923 Pater,
1486 857 1561 910 ita
1595 856 1740 909 enim
1798 855 1996 925 legitur
2045 855 2101 908 in

530 953 836 1021 Evangelio.
869 950 934 1004 Et
959 951 1024 1004 de
1058 947 1217 1003 Patre
1241 949 1458 1019 quidem
1491 948 1754 1018 scriptum
1785 955 1868 1001 est
1896 965 1909 1000 :
1946 963 1964 997 ‹
2007 945 2104 1000 Do-

529 1047 712 1101 minus
734 1044 879 1098 Deus
901 1053 1052 1109 tuus,
1078 1057 1221 1096 unus
1245 1039 1508 1094 Dominus
1532 1049 1615 1094 est
1652 1042 1673 1072 ²
1710 1055 1724 1104 ;
1752 1057 1770 1091 ι
1792 1047 1881 1093 et:
1919 1057 1937 1088 ε
1959 1036 2103 1093 Deus

528 1137 753 1188 deorum
791 1131 1054 1186 Dominus
1080 1130 1296 1184 locutus
1319 1137 1422 1195 est,
1440 1137 1496 1183 et
1517 1128 1728 1183 vocavit
1750 1137 1948 1182 terram
1985 1127 2006 1159 ³
2031 1144 2046 1194 ;
2079 1146 2099 1180 ι

528 1223 597 1276 de
623 1223 761 1278 Filio
784 1232 987 1296 autem,
1025 1241 1042 1272 ‹
1070 1220 1210 1276 Deus
1233 1219 1499 1276 Dominus
1513 1230 1566 1274 et
1587 1220 1765 1274 illuxit
1791 1219 1951 1275 nobis
2003 1223 2050 1281 ⁸,
2079 1237 2098 1270 ι

529 1325 604 1378 et,
642 1335 660 1366 ι
688 1314 968 1369 Videbitur
994 1312 1136 1367 Deus
1163 1313 1388 1368 deorum
1418 1313 1470 1365 in
1504 1310 1636 1365 Sion
1681 1311 1724 1364 ⁸.
1755 1329 1772 1363 ι
1797 1308 1862 1363 Ει
1885 1323 2106 1364 rursum

531 1405 600 1460 de
633 1405 743 1459 Deo
772 1405 989 1475 quidem
1022 1403 1098 1457 ait
1128 1401 1296 1458 Isaias
1325 1421 1338 1454 :
1373 1421 1390 1452 ι
1417 1401 1550 1467 Quis
1583 1401 1760 1464 Deus,
1804 1407 1863 1454 ut
1895 1411 1973 1461 tu,
2002 1393 2106 1452 tol-

533 1498 654 1552 lens
688 1495 1037 1566 iniquitates,
1072 1503 1125 1548 et
1155 1509 1420 1564 superans
1447 1492 1742 1562 injustitias
1792 1487 1858 1545 °?
1887 1511 1903 1542 ι
1935 1490 2108 1545 Filius

532 1602 664 1641 vero
712 1586 961 1650 dicebat,
1007 1585 1207 1655 quibus
1258 1583 1460 1653 placuit
1511 1584 1611 1653 ipsi
1647 1600 1660 1635 :
1693 1601 1712 1634 ι
1748 1581 2110 1638 Dimittuntur

536 1677 635 1731 tibi
667 1685 888 1746 peccata
916 1684 1008 1729 tua
1051 1674 1072 1706 '
1105 1693 1118 1728 :
1161 1693 1179 1725 ι
1208 1689 1318 1743 quo
1354 1683 1592 1742 tempore
1622 1671 1825 1728 Iudaeis
1855 1689 2108 1728 murmu-

538 1767 823 1834 rantibus,
863 1780 1026 1837 opere
1077 1766 1225 1820 illam
1277 1764 1658 1820 remissionem
1707 1763 2107 1834 cemprobavit,

539 1858 728 1912 dicens
783 1856 1082 1927 paralytico
1111 1874 1123 1910 :
1160 1875 1178 1906 ι
1205 1855 1413 1926 Surge,
1445 1855 1571 1910 tolle
1610 1854 1898 1924 grabatum
1929 1866 2110 1921 tuum,

1743 417 2156 508 'EU'l‘llYMll
2201 444 2559 505 ZlGABEN-l

3697 444 3805 508 484

2020 598 2033 630 :
2076 600 2096 634 ι
2136 589 2177 640 Α
2219 581 2388 651 Θεῷη
2419 580 2479 633 τὸ
2504 576 2640 635 εἶναι
2667 579 2726 645 ἐξ
2758 579 3014 653 ἀληθινοῦ
3042 579 3321 651 ἀλήθειαν,
3352 579 3444 634 καὶ
3501 583 3565 634 ἐκ
3595 582 3809 646 ζῶντος

3334 670 3429 725 τοῦ
3464 673 3704 744 Πατρός,
3746 674 3809 724 τὸ
3885 693 3902 707 ι

2219 671 2385 742 ζωὴν,
2419 671 2494 735 ὡς
2549 670 2656 724 ἀπὸ
2699 674 2882 742 πηγῆς
2930 671 3100 735 ὅντως
3209 681 3226 690 “

2218 763 2499 826 ζωοποιεῖν
2527 761 2619 817 τὸν
2651 762 2777 816 Υίὸν
2811 762 2905 816 καὶ
2926 763 3160 834 ἐγείρειν
3187 765 3314 826 τοὺς
3343 764 3567 834 νεκροὺς
3607 763 3812 834 ὥσπερ

2218 845 2248 907 ὁ
2280 854 2502 926 Πατήρ·
2544 853 2686 910 οὕτω
2721 855 2831 927 γὰρ
2887 856 2945 908 ἐν
2993 855 3068 926 τῷ
3102 855 3420 926 Εὕαγγελίῳ
3466 855 3810 926 γέγραπται.

2217 933 2330 1021 Καὶ
2359 944 2486 1017 περὶ
2539 945 2638 1016 μὲν
2669 945 2764 998 τοῦ
2822 944 3036 1016 Πατρός
3084 945 3412 1019 γέγραπται·
3469 965 3489 998 ι
3538 946 3760 1015 Κύριος
3790 948 3818 998 ὁ

2221 1033 2354 1100 Θεός
2384 1052 2498 1100 σου,
2534 1036 2738 1107 Κύριος
2785 1030 2865 1100 εἷς
2897 1038 3033 1090 ἐστι·
3061 1055 3080 1088 ι
3129 1035 3241 1101 καὶ,
3293 1055 3313 1088 ι
3351 1028 3482 1100 Θεὸς
3515 1036 3661 1089 θεῶν
3697 1036 3818 1090 Κύ-

2223 1129 2339 1202 ριος
2367 1125 2615 1198 ἐλάλησε,
2665 1123 2757 1181 καὶ
2791 1125 3018 1181 ἐκάλεσε
3077 1125 3176 1197 τὴν
3202 1116 3326 1196 γῆν·
3359 1145 3376 1178 ι
3425 1125 3551 1203 περί
3592 1123 3660 1177 δὲ
3723 1124 3820 1178 τοῦ

2221 1215 2353 1271 Υίοῦ
2402 1214 2531 1282 Θεὸς
2584 1218 2810 1290 Κύριος,
2871 1217 2985 1284 καὶ,
3027 1235 3046 1268 ι
3083 1217 3379 1287 Ἐπέφανεν
3428 1207 3582 1288 ἡμίν,
3633 1236 3654 1268 ι
3701 1217 3819 1281 καὶ,

2227 1327 2248 1362 ι
2281 1307 2605 1380 Ὀφθήσεται
2651 1309 2838 1373 ὁΘεός
2894 1309 3004 1362 τῶν
3039 1308 3178 1362 Θεῶν
3235 1311 3295 1362 ἐν
3348 1307 3517 1360 Σιών·
3555 1327 3573 1358 ι
3650 1307 3823 1360 πάλιν

2218 1417 2278 1453 τε
2459 1397 2585 1473 περὶ
2621 1398 2720 1471 μὲν
2750 1398 2844 1453 τοῦ
2893 1398 3029 1454 Θεοῦ
3062 1403 3226 1472 φησιν
3275 1402 3304 1453 6
3346 1399 3594 1462 Ἡσαΐας·
3663 1418 3686 1450 ι
3726 1400 3823 1463 Τίς

2219 1491 2369 1558 Θεὸς,
2395 1491 2586 1563 ὥσπερ
2623 1493 2716 1559 σὺ,
2758 1491 2990 1563 ἐξαίρων
3027 1491 3279 1563 ἀνομίας,
3313 1489 3407 1545 καὶ
3462 1490 3824 1564 ὑπερϐαίνων

2217 1583 2466 1650 ἀδικίας;
2509 1602 2528 1635 ι
2565 1585 2594 1636 6
2629 1583 2686 1636 δὲ
2727 1580 2858 1648 Υἱός
2886 1581 3073 1651 ἔλεγεν
3103 1576 3185 1646 οἷς
3236 1581 3448 1653 ἤθελεν·
3494 1600 3513 1634 ι
3565 1580 3824 1650 Ἀφέων-

2218 1675 2308 1728 ταί
2342 1691 2434 1728 σου
2464 1675 2521 1727 αἰ
2571 1674 2836 1746 ἁμαρτίαι
2886 1686 2907 1705 ⁶
3050 1691 3072 1726 ι
3107 1673 3195 1727 ὅτε
3240 1673 3333 1727 καὶ
3379 1673 3487 1727 τῶν
3535 1673 3824 1728 Ἰουδαίων

2219 1763 2614 1833 γογγυζόντων,
2645 1764 2793 1836 ἔργῳ
2823 1762 2925 1835 τὴν
2977 1763 3172 1832 ἄφεσιν
3208 1763 3469 1831 ἐδείκνυε,
3522 1763 3714 1833 λέγων
3749 1764 3824 1836 τῷ

2220 1856 2592 1927 παραλυτικῷ·
2631 1875 2649 1907 ι
2688 1841 2960 1927 Ἔγειραι,
2991 1851 3123 1927 ἆρον
3175 1856 3272 1912 τὸν
3329 1855 3654 1926 κράὸϐατόν
3703 1874 3818 1921 σου,

535 1956 590 2000 et
617 1945 750 2000 vade
777 1945 832 1999 in
867 1945 1087 2000 domum
1129 1954 1280 2000 tuam
1327 1945 1371 1998 '.
1407 1962 1426 1996 ι
1479 1943 1552 1998 De
1578 1944 1688 1998 Deo
1719 1960 1940 2014 quoque
1971 1945 2108 1999 dixit

2222 1950 2312 2002 καὶ
2358 1948 2536 2017 ὕπαγε
2573 1951 2654 2014 εἰς
2685 1949 2776 2004 τὸν
2808 1946 2954 2004 οἶκόν
2989 1968 3104 2005 σου.
3141 1970 3159 2003 ι
3225 1938 3336 2006 Καὶ
3377 1938 3510 2024 περὶ
3545 1951 3660 2024 μὲν
3723 1951 3818 2004 τοῦ

539 2035 782 2090 Paulus:
815 2053 833 2086 ι
865 2033 996 2105 Regi
1028 2034 1350 2089 saeculorum
1392 2037 1414 2068 ⁸
1446 2051 1460 2101 ;
1498 2053 1516 2086 ι
1548 2034 1616 2115 de
1641 2034 1778 2090 Filio
1800 2046 1980 2090 autem
2008 2035 2112 2090 Da-

539 2123 629 2177 vid
654 2123 880 2177 cecinit:
914 2142 932 2173 ‹
958 2122 1198 2176 Attollite
1229 2130 1435 2192 portas,
1463 2123 1758 2193 principes,
1794 2134 2026 2190 vestras,
2059 2133 2114 2179 et

538 2213 860 2276 elevamini,
902 2221 1070 2282 portae
1113 2213 1436 2277 teteruales,
1482 2222 1536 2268 et
1563 2214 1811 2269 introibit
1853 2215 1966 2271 Rex
1995 2216 2113 2287 glo-

541 2303 731 2368 rize”;
767 2323 784 2354 ι
821 2303 1004 2358 Daniel
1039 2320 1170 2358 vero
1199 2304 1314 2359 haec
1349 2305 1593 2359 audivit:
1625 2325 1642 2357 ι
1675 2305 1920 2376 Regnum
1970 2307 2111 2374 ejus,

541 2408 765 2461 regnum
797 2396 1186 2466 sempiternum
1211 2394 1253 2426 “
1277 2439 1292 2462 ,
1325 2415 1344 2449 ι
1389 2407 1477 2463 et,
1516 2417 1534 2448 ι
1568 2398 1815 2468 Regnum
1851 2399 1970 2468 ejus
2005 2416 2111 2453 non

539 2489 920 2556 eorrumpetur
945 2491 1007 2540 ι’.
1045 2507 1063 2538 ι
1105 2487 1330 2542 Demum
1363 2503 1704 2560 quaecunque
1739 2491 1806 2545 de
1836 2488 1998 2545 Patre
2028 2492 2115 2546 di-

539 2583 626 2630 cta
655 2579 940 2646 repereris,
980 2588 1060 2632 tot
1091 2587 1350 2651 tantaque
1379 2582 1445 2634 de
1471 2579 1610 2636 Filio
1640 2581 1784 2636 dicta
1811 2582 2116 2651 deprehen-

541 2667 659 2733 des,
685 2683 747 2721 ea
777 2668 952 2722 solum
987 2671 1327 2738 exceptione,
1352 2672 1497 2742 quod
1524 2671 1638 2741 ipse
1665 2687 1775 2727 non
1820 2675 1892 2728 sit
1933 2672 2115 2742 Pater,

544 2766 605 2812 ut
630 2759 833 2814 dictum
863 2762 1111 2830 superius
1142 2772 1243 2817 est.

617 2955 705 3008 50.
746 2953 802 3009 Si
827 2956 953 3025 quis
991 2955 1160 3026 igitur
1201 2957 1347 3012 aliud
1382 2958 1711 3030 principium
1739 2969 1794 3014 et
1823 2960 1990 3015 alium
2016 2959 2118 3018 Pa-

544 3055 684 3101 trem
717 3048 1007 3118 excogitel,
1037 3063 1104 3104 eo
1139 3049 1286 3118 quod
1331 3049 1562 3119 aequalia
1596 3049 1706 3106 sint
1755 3065 1878 3120 qua:
1919 3051 2118 3108 dicun-

545 3149 658 3202 tur,
706 3139 959 3195 insanum
1003 3149 1154 3196 certe
1203 3141 1337 3197 illud
1396 3152 1786 3197 commentum.
1831 3143 1887 3198 Si
1933 3154 2117 3201 autem

543 3230 677 3300 quia
704 3230 873 3287 Filius
903 3248 969 3286 ex
995 3232 1154 3288 Patre
1181 3243 1286 3300 est,
1314 3235 1500 3288 omnia
1529 3250 1652 3304 qua:
1674 3233 1854 3290 Patris
1881 3248 2010 3292 sunt
2037 3237 2120 3307 (ut

545 3325 602 3377 in
633 3325 869 3394 imagine
901 3336 956 3381 et
986 3327 1321 3397 charactere)
1353 3325 1476 3381 Filii
1510 3335 1640 3382 sunt
1684 3343 1702 3382 :
1747 3343 1908 3399 aequo
1935 3329 2117 3384 animo

2222 3318 2387 3388 κτῆρι
2415 3315 2508 3370 τοῦ
2556 3314 2685 3369 Υίοῦ
2744 3317 2881 3379 ἐστι,
2932 3313 3274 3398 λογισώμεθα

545 3418 873 3488 cogitemus,
903 3435 1030 3473 num
1057 3420 1362 3474 substantia
1391 3420 1568 3475 aliena
1597 3436 1630 3475 a
1654 3419 1834 3476 Patris
1863 3420 2122 3476 substan-

546 3508 641 3574 tia,
697 3509 1004 3565 istiusmodi
1049 3525 1234 3565 rerum
1282 3525 1452 3582 capax
1491 3511 1564 3567 sit
1597 3527 1612 3564 :
1643 3520 1700 3566 et
1743 3512 1823 3576 si,
1857 3513 1949 3582 qui
1997 3513 2123 3568 talis

546 3608 651 3661 est,
679 3600 906 3654 diversze
929 3611 1156 3664 natura},
1180 3613 1232 3655 et
1257 3602 1447 3656 aliena:
1475 3601 1793 3657 substantia:
1819 3603 1908 3667 sit,
1935 3611 1989 3657 et
2011 3618 2121 3658 nou

547 3690 731 3758 potius
769 3689 918 3744 Patri
952 3691 1456 3747 consubstantialis.
1495 3692 1810 3748 Cavendum
1855 3693 2021 3756 enim,
2056 3705 2124 3748 ne

544 3796 668 3849 qua:
686 3780 860 3837 Patris
882 3783 1094 3852 propria
1132 3792 1260 3838 sunt
1292 3782 1676 3838 transferentes
1702 3783 1768 3838 ad
1791 3782 1945 3848 illud,
1979 3783 2126 3852 quod

545 3874 595 3926 ci
643 3875 948 3930 substantia
1001 3875 1271 3931 dissimile
1314 3884 1418 3942 est,
1449 3884 1505 3930 et
1537 3891 1606 3931 ne
1644 3876 1702 3930 i-n
1734 3890 1800 3930 eo
1827 3877 1924 3944 qui
1963 3874 2127 3930 dissi-

548 3961 696 4017 milis
728 3972 946 4030 natura,
974 3974 1028 4019 et
1054 3965 1268 4020 alienus
1297 3967 1602 4022 substantia
1639 3978 1743 4033 est,
1775 3967 1954 4024 Patris
1983 3970 2124 4024 divi~

546 4053 773 4108 nitatem
812 4055 1194 4125 designantes,
1234 4067 1550 4114 extraneum
1595 4059 1754 4113 aliam
1803 4061 2125 4119 inducamus

544 4146 936 4210 substantiam,
978 4147 1520 4228 prima‘substanuaa
1549 4151 1939 4217 proprietatum
1972 4155 2128 4224 Capa-

545 4249 712 4289 cem:
754 4235 1070 4303 pudoreque
1119 4233 1418 4289 adiciantur
1460 4235 1530 4288 ab
1561 4236 1684 4304 ipso
1731 4235 1848 4291 Deo
1887 4237 2122 4306 dicente,

552 4344 575 4376 ι
601 4323 838 4378 Gloriam
868 4338 1046 4377 meam
1073 4323 1230 4378 alteri
1260 4339 1368 4378 non
1400 4323 1653 4390 dabo",i
1673 4335 1732 4380 et
1759 4326 2122 4396 deprehenda-

550 4430 675 4468 mur
720 4415 956 4468 alienum
1004 4413 1270 4480 adorare,
1300 4416 1542 4483 talesque
1578 4416 1899 4486 habeamur,
1932 4423 2123 4488 quales

550 4505 682 4558 olim
703 4503 852 4560 fuere
869 4503 1063 4572 Judaei,
1080 4505 1172 4576 qui
1196 4505 1414 4562 aiebant
1512 4518 1530 4556 ε
1627 4526 1648 4560 ι
1673 4507 1851 4575 Quare
1867 4520 1946 4578 tu,
1961 4513 2128 4568 homo

555 4610 683 4650 cum
710 4597 807 4662 sis,
842 4595 975 4651 iacis
1006 4595 1238 4666 teipsum
1271 4595 1444 4651 Deum
1474 4596 1559 4652 “1’
1587 4618 1608 4652 ι
1651 4605 1776 4655 cum
1805 4601 1884 4656 illi
1911 4618 1975 4657 ea
2004 4617 2126 4673 quc

2219 2039 2354 2093 Θεοῦ
2384 2039 2568 2109 ἔλεγεν
2761 2029 3054 2105 ὁΠαῦλος·
3116 2062 3134 2094 ι
3194 2029 3286 2112 Τῷ
3331 2043 3389 2097 δὲ
3442 2043 3673 2112 βασιλεῖ
3713 2044 3821 2096 τῶν

2220 2130 2450 2186 αἰώνων·
2487 2151 2505 2184 ι
2559 2131 2684 2203 περὶ
2737 2131 2793 2184 δὲ
2828 2133 2918 2184 τοῦ
2972 2132 3101 2186 Υίοῦ
3146 2135 3174 2186 6
3207 2134 3305 2204 μὲν
3345 2134 3510 2187 Δαϐὶδ
3553 2135 3818 2204 ἔψαλλεν

2224 2242 2242 2274 ι
2285 2225 2485 2296 ’Ἄρατε
2518 2223 2712 2290 πύλας,
2745 2227 2795 2278 οί
2818 2225 3096 2295 ἄρχοντες,
3149 2223 3302 2294 ὑμῶν
3349 2261 3368 2285 ,
3500 2229 3596 2280 καὶ
3645 2227 3822 2298 ἐπάρ-

2219 2314 2371 2386 θητε,
2395 2316 2558 2370 πύλαι
2589 2316 2816 2381 αἰώνιοι,
2848 2317 2943 2370 καὶ
2968 2316 3334 2371 εἰσελεύσεται
3361 2321 3390 2371 6
3413 2318 3686 2388 βασιλεὺς
3719 2322 3821 2390 τῆς

2218 2408 2428 2480 δόξηςοι
2469 2413 2497 2462 6
2529 2409 2585 2462 δέ
2617 2410 2816 2479 Δανιὴλ
2845 2410 3095 2480 ἦκουσεν⁹
3157 2428 3174 2461 ι
3214 2410 3279 2462 Ἦ
3337 2410 3585 2478 βασιλεία
3648 2411 3818 2465 αὕτοῦ

2221 2499 2464 2570 βασιλεία
2492 2499 2759 2565 αἰώνιος,›
2789 2499 2902 2564 καὶ,
2931 2518 2950 2552 ι
2999 2499 3066 2553 Ἥ
3101 2499 3348 2570 βασιλεία
3367 2499 3546 2575 αὐτοῦ
3590 2501 3664 2552 οὐ
3703 2501 3817 2554 δια-

2220 2591 2576 2664 φθαρήσεται.
2603 2610 2622 2644 ι
2667 2591 2775 2644 Καὶ
2804 2591 2942 2655 ὅλως
2961 2591 3062 2644 ὅσα
3091 2589 3156 2644 ἂν
3187 2589 3366 2662 εὕροις
3400 2592 3529 2660 περὶ
3565 2591 3671 2644 τοῦ
3708 2593 3815 2644 Πα-

2220 2682 2348 2752 τρὸς
2385 2680 2674 2752 λεγόμενα,
2697 2680 2936 2736 τοσαῦτα.
2965 2680 3030 2735 ἂν
3063 2680 3245 2752 εὕροις
3276 2680 3370 2735 καὶ
3401 2683 3532 2752 περὶ
3563 2681 3670 2734 τοῦ
3689 2682 3816 2736 1·ίοῦ

2220 2769 2508 2840 λεγόμενα,
2536 2771 2703 2844 χωρὶς
2733 2771 2892 2844 μόνου
2917 2771 3011 2826 τοῦ
3045 2770 3183 2828 εἶναι
3219 2772 3381 2826 αὑτὸν
3415 2772 3669 2845 Πατέρα,
3721 2791 3816 2828 κα·

2223 2863 2400 2932 θάπερ
2427 2863 2661 2934 εἴρηται.

2297 2955 2384 3009 50.
2409 2955 2471 3006 Εἰ
2495 2955 2592 3024 μὲν
2623 2955 2718 3008 οὑν
2771 2953 2937 3024 ἄλλην
2971 2954 3145 3024 ἀρχὴν
3193 2953 3506 3024 ἐνθυμεῖταί
3549 2971 3664 3020 τις,
3722 2957 3813 3008 καὶ

2221 3045 2380 3099 ἄλλον
2412 3043 2634 3116 Πατέρα
2659 3044 2744 3098 διὰ
2763 3045 2823 3098 τὸ
2856 3043 3038 3109 ἰσάζον
3063 3045 3172 3100 τῶν
3213 3045 3542 3116 λεγομένων,
3583 3048 3809 3116 μανικὸν

2219 3136 2281 3191 τὸ
2305 3136 2615 3208 ἐνθύμημα
2643 3137 2692 3188 εί
2718 3135 2773 3188 δὲ
2801 3136 2891 3189 διὰ
2943 3136 3005 3190 τὸ
3040 3138 3103 3190 ἐκ
3143 3134 3237 3190 τοῦ
3293 3137 3506 3207 Πατρὸς
3535 3131 3680 3190 εἰναι
3718 3137 3806 3190 τὸν

2223 3229 2370 3292 Υίὺν,
2396 3229 2576 3282 πάντα
2597 3227 2665 3280 τὰ
2692 3224 2784 3280 τοῦ
2825 3227 3058 3299 Πατρός,
3113 3225 3190 3292 ὡς
3229 3229 3288 3282 ἐν
3315 3228 3482 3280 εἰκόνι
3513 3229 3608 3283 καὶ
3630 3247 3797 3300 χαρα-

3459 3317 3714 3388 εὺμενῶς,
3743 3317 3792 3369 εἰ

2224 3410 2348 3480 ξένη
2379 3410 2536 3463 οὐσία
2563 3411 2660 3481 τῆς
2682 3409 2775 3462 τοῦ
2806 3403 3018 3480 Πατρδς
3047 3407 3232 3471 οὐσίας
3257 3408 3478 3482 δεκτικὴ
3495 3408 3595 3461 τῶν
3619 3407 3782 3460 τοιού-
3882 3477 3900 3492 ⁸

2220 3521 2328 3558 των
2356 3503 2491 3557 ἐστί·
2533 3504 2628 3556 καὶ
2666 3504 2714 3555 εἰ
2745 3502 2774 3555 6
2791 3501 3028 3565 τοιοῦτος
3051 3502 3346 3573 ἐτεροφυὴς
3379 3503 3471 3556 καὶ
3489 3498 3779 3571 ἀλλοτριού-
3804 3516 3814 3527 ν
3843 3492 3852 3500 ’

2225 3595 2338 3658 σιός
2508 3595 2644 3657 ἐστι,
2696 3593 2791 3647 καὶ
2835 3593 2934 3662 οὐχ
2979 3592 3260 3663 όμοούσιος
3303 3592 3384 3663 τῷ
3412 3591 3786 3663 Πατρί.Εὺλα-

2223 3689 2416 3760 6ητέον
2449 3688 2557 3758 γὰρ
2580 3686 2654 3757 μὴ
2681 3685 2750 3740 τὰ
2782 3682 2875 3738 τοῦ
2907 3683 3121 3755 Πατρός
3152 3683 3260 3738 ῐδια
3295 3685 3684 3755 μεταφέροντες
3709 3683 3798 3735 ἐπὶ

2221 3779 2282 3831 τὸ
2323 3777 2725 3847 ἀνομοιοούσιον
2747 3773 2914 3844 αὐτῷ,
2940 3775 3033 3828 καὶ
3083 3776 3141 3827 ἐν
3164 3775 3536 3844 ἀνομοιογενεῑ
3572 3775 3668 3826 καὶ
3712 3771 3802 3826 ἀλ-

2223 3868 2570 3941 λοτριοουσίῳ
2610 3865 3099 3939 χαρακτηρίζοντες
3149 3864 3250 3936 τὴν
3292 3853 3384 3916 τοῦ
3600 3863 3808 3933 Πατρός

2225 3960 2476 4031 θεότητα.
2508 3959 2664 4028 ξένην
2699 3958 2796 4028 μὲν
2819 3956 2984 4026 ἄλλην
3022 3953 3323 4026 εἰσάξωμεν
3373 3955 3588 4021 οὐσίαν,
3627 3953 3807 4006 δεκτι-

2226 4053 2328 4123 κὴν
2354 4051 2463 4105 τῶν
2499 4053 2599 4122 τῆς
2630 4048 2853 4120 πρώτης
2885 4047 3070 4109 οὐσίας
3103 4043 3427 4116 ἰδιωμάτων,
3449 4044 3810 4118 ἐντραπῶμεν

2225 4144 2282 4198 δέ
2312 4145 2400 4196 ὑπ’
2433 4141 2598 4196 αὐτοῦ
2620 4140 2714 4194 τοῦ
2747 4140 2880 4194 Θεοῦ
2951 4139 3221 4209 λέγοντοςο
3289 4156 3307 4188 ι
3347 4137 3460 4209 Τὴν
3508 4137 3671 4200 δόξαν
3711 4153 3809 4207 μου

2227 4236 2398 4308 ἑτέρῳ
2421 4235 2480 4288 οὺ
2508 4232 2682 4287 δώσω·
2718 4251 2736 4284 ι
2776 4231 2870 4286 καὶ
2897 4230 3210 4303 εὕρεθῶμεν
3261 4226 3706 4300 προσκυνοῦντες
3738 4226 3813 4296 τῷ

2228 4327 2512 4398 ἀλλοτρίῳ,
2543 4325 2638 4380 καὶ
2666 4323 3012 4396 πμισθῶμεν
3063 4317 3202 4376 εἶναι
3251 4317 3502 4384 τοιοῦτοι,
3534 4313 3640 4372 οἷοι
3673 4316 3815 4390 ἦσαν

2227 4419 2276 4472 οἱ
2308 4418 2426 4472 τότε
2469 4418 2712 4472 Ἰουδαῖοι
2765 4416 3033 4484 λέγοντες·
3090 4431 3109 4464 ι
3152 4410 3252 4464 Διὰ
3304 4410 3358 4464 τί
3393 4412 3482 4476 σὺ,
3525 4409 3816 4481 ἄνθρωπος

2225 4510 2324 4575 ὢν,
2363 4511 2535 4573 ποιεῖς
2576 4507 2799 4568 σεαυτὸν
3022 4504 3186 4570 Θεόν;
3225 4521 3244 4554 ι
3293 4503 3382 4556 ὅτε
3435 4503 3550 4566 καὶ,
3597 4502 3674 4555 τὰ
3725 4500 3815 4554 τοῦ

2228 4600 2542 4672 Πνεύματος
2607 4598 3033 4671 μεταφέροντες,
3087 4595 3472 4666 ἐὸλασφήμουν
3535 4593 3815 4662 λέγοντες,

559 4681 796 4750 Spiritus
841 4691 996 4738 erant
1043 4681 1155 4738 alio
1207 4684 1635 4750 transferentes,
1688 4688 2117 4760 blasphemarenl

2227 4691 2309 4746 ὅτι
2351 4712 2370 4745 ι
2424 4693 2512 4746 Ἐν
2539 4691 2864 4755 Βεελζεῦοὺλ
2893 4688 3144 4744 ἐκϐάλλει
3172 4688 3242 4743 τὰ
3291 4687 3560 4758 δαιμόνια.
3592 4704 3611 4736 ι
3654 4686 3731 4739 Εἰ
3766 4684 3820 4738 δὲ

557 4773 647 4828 his
684 4773 907 4828 verbis:
947 4791 969 4824 ι
1009 4772 1067 4827 In
1099 4773 1468 4838 Beelzebulem
1499 4777 1650 4847 ejieit
1687 4780 1952 4837 daemonia
1994 4776 2056 4838 ³⁸.
2100 4804 2117 4838 ι

2227 4785 2387 4841 τοῦτο
2425 4782 2692 4854 ἀπρεπὲς,
2722 4783 2900 4854 δῆλον,
2928 4781 3011 4834 ὅτι

554 4857 710 4925 Quod
742 4861 788 4914 si
837 4860 970 4912 illud
1010 4857 1332 4912 indecorum
1364 4868 1448 4912 est
1471 4896 1486 4922 ,
1515 4865 1663 4910 certe
1695 4873 1808 4914 non
1845 4859 2130 4916 dissimilis

554 4950 876 5006 substantia:
907 4948 1068 5004 fuerit
1101 4947 1292 5011 Filius,
1328 4952 1421 5006 sed
1447 4950 1934 5008 consubstantialis
1961 4952 2127 5007 Patri.

556 5037 767 5095 Etenim
813 5039 861 5094 si
894 5054 1017 5109 quae
1059 5039 1237 5096 Patris
1280 5051 1427 5106 sunt,
1465 5042 1789 5097 naturaliter
1826 5041 1950 5096 Filii
1980 5051 2128 5107 sunt,

557 5131 780 5201 ipseque
805 5129 979 5197 Filius
1023 5147 1092 5187 ex
1123 5131 1284 5187 Patre
1319 5141 1425 5197 est,
1473 5140 1528 5186 et
1555 5141 1778 5200 propter
1815 5131 2129 5202 huiusmodi

558 5224 826 5277 unitatem
861 5222 1164 5279 divinitatis
1190 5232 1246 5278 et
1275 5231 1513 5289 naturae,
1551 5224 1666 5293 ipse
1693 5233 1746 5280 et
1770 5224 1930 5279 Pater
1959 5241 2130 5280 unum

555 5323 725 5380 sunt,
755 5322 810 5370 et
835 5315 932 5385 qui
963 5315 1095 5369 vidit
1125 5315 1321 5370 Filium
1351 5314 1484 5370 vidit
1510 5324 1564 5369 et
1593 5314 1808 5370 Patrem
1828 5355 1842 5380 ,
1880 5317 2072 5371 merito
2099 5331 2129 5368 a

554 5405 814 5462 Patribns
853 5407 1033 5462 dictus
1077 5414 1162 5461 est
1195 5406 1677 5469 consubstantialis
1717 5427 1729 5461 :
1783 5399 1960 5476 neque
1985 5407 2130 5461 enim

556 5496 651 5566 qui
699 5498 924 5554 alterius
975 5507 1120 5554 esset
1177 5496 1513 5558 substantiae,
1567 5497 1693 5550 talia
1757 5497 1956 5551 habere
2001 5510 2128 5565 pos-

556 5599 660 5644 set.

631 5733 648 5766 ¹
682 5731 916 5802 Philipp.
949 5749 1010 5797 ιι,
1044 5727 1094 5788 6.
1173 5733 1195 5765 ⁸
1228 5731 1388 5789 Deut.
1417 5746 1492 5798 vr,
1524 5727 1578 5784 ι.
1620 5729 1677 5802 4³
1709 5730 1851 5786 Psal.
1886 5749 2030 5797 χιιι,
2072 5735 2122 5789 1.

3186 4780 3287 4834 οὐκ
3310 4775 3726 4848 ἀνομοιοούσιος
3757 4776 3818 4829 ἂν

2229 4863 2315 4935 εἰη
2354 4864 2550 4930 ὁΥίὸς,
2573 4864 2709 4920 ἀλλὰ
2733 4863 3015 4934 όμοούσιος
3055 4862 3134 4932 τῷ
3163 4863 3360 4934 Πατρί·
3396 4863 3489 4916 καί⁸
3529 4861 3637 4934 γὰρ
3673 4865 3731 4917 εἰ
3760 4864 3826 4917 τὰ

2231 4952 2325 5006 τοῦ
2355 4953 2566 5022 Πατρὸς
2596 4953 2840 5022 φυσικῶς
2865 4952 2958 5006 τοῦ
2989 4952 3120 5006 Υἱοῦ
3153 4953 3322 5020 ἐστιν,
3355 4953 3518 5016 αὐτός
3543 4970 3604 5005 τε
3639 4957 3668 5008 6
3697 4955 3825 5018 Υἱὸς

2230 5043 2296 5097 ἐκ
2326 5041 2418 5096 τοῦ
2444 5043 2655 5115 Πατρός
2706 5045 2844 5108 ἐστι,
2879 5044 2977 5096 καὶ
3037 5043 3124 5097 διὰ
3160 5043 3259 5114 τὴν
3288 5043 3546 5116 τοιαρτην
3590 5046 3824 5115 ἑνότητα

2229 5137 2330 5204 τῆς
2362 5112 2612 5204 Θεότητος
2642 5134 2855 5203 καὶτῆς
2880 5133 3093 5201 φύσεως
3117 5112 3280 5197 αὐτος
3311 5112 3459 5190 καίό
3501 5112 3711 5206 ’Πατὴρ
3743 5112 3822 5186 *ἓν

2231 5227 2359 5286 εἰσι,
2384 5226 2479 5279 καὶ
2520 5227 2548 5279 6
2609 5223 2870 5296 ἑωρακὼς
2896 5224 2987 5277 τὸν
3018 5223 3148 5277 Υίὸν
3193 5224 3403 5296 ἑώρακε
3444 5225 3535 5278 τὸν
3572 5223 3820 5296 Πατέρα,

2230 5316 2452 5379 εἰκότως
2479 5316 2670 5388 ἐλέχθη
2701 5316 2849 5387 παρὰ
2869 5315 2976 5370 τῶν
2996 5316 3256 5387 Πατέρων
3289 5317 3589 5388 όμοούσιο;’
3613 5317 3676 5370 οὺ
3713 5317 3822 5386 γὰρ

2231 5409 2564 5479 ἐτεροουσίου
2587 5407 2656 5463 τὰ
2678 5407 2900 5465 τοιαῦτα
2925 5407 3068 5479 ἔχειν
3101 5409 3240 5464 ἐστί.

2216 5737 2236 5767 ⁵
2263 5736 2407 5792 Psal.
2445 5741 2612 5804 cxvii,
2641 5735 2737 5793 27.
2841 5735 2863 5767 ³
2895 5733 3041 5790 Psal.
3072 5748 3300 5800 Lxxxtu,
3335 5733 3388 5789 8.
3455 5735 3506 5804 _'
3538 5733 3640 5788 Isa.
3672 5745 3832 5804 ηιμ,

559 5801 660 5873 25;
727 5805 746 5835 "
777 5800 964 5857 Matth.
997 5820 1070 5867 ix,
1100 5805 1154 5860 5.
1233 5805 1253 5836 ⁸
1288 5803 1450 5858 Marc.
1491 5817 1548 5868 ιι,
1574 5800 1677 5873 Η.-
1739 5803 1806 5857 ’l
1840 5803 1984 5858 Tim.
2019 5805 2112 5866 1.!

2260 5805 2305 5838 “
2329 5808 2468 5862 Psal.
2497 5800 2655 5873 xxiii,
2688 5807 2739 5861 7.
2817 5807 2862 5838 "
2900 5805 3034 5860 Dan.
3063 5821 3149 5871 ιιι,
3179 5803 3305 5860 100.
3381 5805 3424 5836 ⁸⁸
3450 5802 3582 5858 Dan.
3608 5817 3703 5867 vtl,
3737 5801 3830 5853 Η.

563 5871 607 5901 ’⁸
644 5870 743 5925 lsa.
774 5889 901 5942 xui,
931 5875 983 5930 8.

1066 5875 1108 5906 “
1136 5876 1293 5931 Joan.
1326 5891 1378 5941 x,
1407 5873 1497 5928 '55.
1583 5873 1626 5904 ¹⁸
1659 5869 1791 5929 Luc.
1825 5889 1904 5940 xu,
1940 5873 2018 5930 15.
