4058 6398
240 397 330 461 4‘35
1240 401 1615 464 PANOI‘LM
1666 405 2127 470 DOGMATICA.
2166 430 2233 441 -
2275 405 2424 466 Tl'l‘.
2465 408 2571 467 Χῐ.

3432 412 3539 473 486

304 508 469 564 Πάλιν
504 527 567 565 τε
610 512 687 578 εί,
738 512 878 568 καθὰ
916 514 1268 586 προείπομεν,
1300 516 1400 569 οὒκ
1443 517 1508 569 ὲκ
1544 516 1832 585 μετουσίας

2019 514 2251 568 Rursum
2300 513 2366 574 si.
2406 524 2570 583 prout
2618 527 2783 583 supra
2816 512 3072 579 diximus,
3119 530 3227 569 non
3267 531 3333 571 ex
3366 523 3538 587 parti-

248 607 375 661 ἔστὶν
412 606 443 659 ὁ
477 605 619 667 Υἱός
646 623 663 640 ο
697 607 835 660 ἀλλὰ
868 607 935 660 τὰ
963 607 1064 676 μὲν
1093 608 1298 677 γενητὰ
1333 608 1511 661 πάντα
1549 608 1612 660 ὲκ
1653 623 1845 675 μετου-

156 688 166 700 ’
255 701 355 762 σίας
382 698 499 769 ἔχει
534 697 640 767 τὴν
666 699 820 768 παρὰ
851 698 984 751 Θεοῦ
1009 700 1192 768 χάριν,
1225 698 1386 762 αὐτὸς
1411 699 1467 751 δὲ
1501 697 1598 751 τοῦ
1631 697 1844 767 Harpe;

258 792 397 861 σοφία
422 791 521 845 καὶ
555 792 740 857 Λόγος
772 792 945 854 ἐστὶν,
974 784 1036 843 οὗ
1071 790 1289 860 μετέχει
1317 790 1386 844 τὰ
1414 790 1595 844 πάντα
1614 806 1628 820 ·
1660 790 1838 860 δῆλον,

252 887 323 938 ὅτι
347 884 507 945 ai:ch
531 881 612 935 ὢν
643 882 705 934 τὸ
729 882 975 935 θεοποιδν
997 885 1091 936 καὶ
1115 883 1441 951 φωτιστικδν
1464 881 1570 963 τοῦ
1601 883 1841 950 Πατρὸς,

250 978 302 1029 ιν
327 968 369 1043 ᾧ
390 975 458 1027 τᾶ
490 976 684 1026 πάντα
724 973 1056 1027 θεοποιεῖται
1089 974 1183 1027 καὶ
1226 974 1593 1039 ζωοποιεῖται,
1623 975 1724 1027 οὐκ
1755 974 1845 1026 ἁλε-

1950 606 2224 676 οῖριιιίοηο
2255 604 2324 660 sit
2367 603 2575 660 Filius:
2607 605 2703 660 sed
2742 607 2958 677 epificia
2996 607 3217 676 quidem
3260 610 3443 665 omnia
3471 628 3539 664 ex

1949 698 2370 769 participatione
2417 698 2509 752 Dei
2541 698 2769 768 gratiam
2810 700 3066 761 habeant.
3106 703 3225 770 ipse
3274 718 3403 757 vero
3434 702 3537 755 Pa-

1951 788 2051 843 tris
2106 787 2378 857 sapientia
2426 796 2482 841 et
2521 787 2755 842 Verbum
2802 792 2893 853 sit,
2950 790 3170 859 quicum
3221 792 3536 847 communia

1949 880 2113 935 habet
2142 882 2325 935 omnia
2354 898 2368 935 :
2402 890 2550 935 certe
2577 895 2701 934 cum
2736 882 2807 935 sit
2840 883 2955 951 ipse
2994 882 3044 935 id
3075 898 3184 952 quo
3220 884 3377 939 Pater
3412 885 3563 939 dei-.

1944 976 2069 1031 ﬂeat
2102 985 2158 1030 et
2186 976 2476 1040 illuminat,
2512 975 2567 1028 in
2596 989 2706 1043 quo
2745 974 2959 1028 scilicet
2993 974 3177 1031 anni:
3209 976 3542 1031 deiﬁcantnr

250 1064 612 1136 λοτριοούσιύς
644 1066 765 1117 ἔστι
786 1063 883 1117 τοῦ
914 1065 1148 1136 Πατρὸς,
1172 1065 1288 1117 ἀλλ’
1305 1064 1613 1134 ὀμοούσιος.
1638 1065 1832 1117 Τούτου

1940 1075 1996 1121 et
2048 1066 2414 1130 viviﬁcantnr,
2445 1082 2554 1120 non
2589 1066 2783 1120 alienae
2817 1081 2847 1119 a
2887 1067 3048 1121 Patre
3075 1068 3393 1121 substantiae
3426 1077 3531 1134 est,

255 1160 349 1227 γὰρ
372 1156 924 1225 μεταλαμϐάνοντες,
950 1156 1042 1210 τοῦ
1074 1156 1285 1227 Πατρδς
1320 1157 1642 1226 μετέχομεν,
1672 1156 1760 1209 διὰ
1782 1155 1832 1208 τί

1940 1158 2038 1215 sed
2095 1158 2603 1213 cinnsubstantialis.
2675 1157 2844 1229 llujus
2914 1158 3060 1212 enim
3100 1160 3535 1229 participatione

257 1250 333 1303 τοῦ
362 1249 585 1319 llatpr
611 1246 754 1302 εἶναι
781 1249 911 1301 [διον
941 1248 1031 1301 τὸν
1053 1248 1427 1316 Λόγον.Ὀθεν
1448 1250 1497 1301 εί
1524 1244 1592 1317 ἦν
1620 1250 1685 1300 ὲκ
1718 1264 1844 1317 μετ-

245 1342 419 1399 ουπίας
457 1344 560 1393 καὶ
613 1342 795 1405 αὐτὸς,
828 1342 923 1394 καὶ
961 1341 1034 1411 μὴ
1066 1342 1123 1407 ἐξ
1152 1340 1318 1394 αὑτοῦ
1345 1340 1609 1409 οὺσιὼδης
1643 1340 1836 1409 θεότης

1941 1249 2121 1304 Patris
2153 1249 2445 1319 participes
2476 1249 2759 1313 efficimur,
2800 1265 2866 1304 eo
2908 1251 3053 1318 quod
3092 1251 3208 1319 ipse
3247 1250 3531 1320 proprium

1935 1340 2141 1394 Patris
2171 1340 2242 1393 sit
2274 1339 2535 1393 Verbum.
2577 1340 2732 1393 Unde
2782 1340 2825 1392 si
2887 1340 3005 1409 ipse
3052 1356 3270 1410 quoque
3303 1356 3368 1395 ex
3402 1357 3529 1408 par-7

243 1436 327 1486 καὶ
362 1432 534 1486 εἰκῶν
568 1434 663 1485 τοῦ
700 1433 934 1505 Πατρδς,
957 1434 1054 1485 οὐκ
1084 1433 1151 1487 ἂν
1182 1432 1497 1503 ἑθεοποίησε
1548 1431 1832 1485 θεοποιού-

1940 1431 2250 1500 ticipatione
2274 1441 2439 1488 esset.
2470 1442 2526 1485 et
2552 1448 2658 1487 non
2691 1449 2758 1485 ex
2810 1448 2869 1485 se
2914 1433 3290 1487 substantialis
3318 1433 3523 1487 divini.

242 1543 400 1593 μενος
432 1526 532 1577 καὶ
573 1524 760 1587 αύτός.
788 1525 898 1577 Καὶ
926 1525 1022 1594 τὴν
1049 1525 1233 1577 αίτίαν
1267 1524 1323 1578 δὲ
1363 1526 1532 1593 ὅμως,
1566 1524 1633 1578 δι’
1658 1526 1723 1594 ἦν
1754 1542 1835 1576 τι-

242 1636 341 1682 νες,
375 1615 455 1679 ὡς
484 1618 735 1683 λέγεται,
777 1615 1167 1687 παραιτοῦνται
1207 1615 1269 1670 τὸ
1306 1615 1610 1687 ὁμοούσιον,
1645 1616 1827 1682 ἐξετά-

233 1713 416 1766 σωμεν
451 1698 695 1768 ἀληθῶς,
738 1698 810 1767 μὴ
832 1699 941 1770 ἄρα
965 1699 1162 1768 μᾶλλον
1192 1701 1256 1752 ὲκ
1302 1701 1503 1771 ταύτης
1548 1703 1830 1771 ὁμοούσιος

235 1791 507 1844 δείκνυται
542 1792 572 1842 ὸ
602 1790 730 1852 Υἱὸς
762 1790 841 1860 τῷ
866 1792 1064 1863 Πατρί.
1111 1793 1248 1845 Φασὶ
1293 1793 1490 1857 τοίνυν,
1544 1795 1618 1859 ὡς
1671 1796 1829 1866 ὑμεῖς

239 1883 540 1952 ἐγράψατε,
573 1882 646 1951 μὴ
676 1885 872 1951 χρῆναι
920 1882 1094 1950 λέγειν
1128 1884 1408 1954 ὁμοούσιον
1448 1886 1538 1941 τὸν
1582 1887 1710 1941 Υίὸν
1750 1886 1829 1957 τῷ

1933 1535 2014 1578 tas
2044 1534 2100 1578 et
2155 1522 2333 1593 imago
2368 1524 2564 1587 Patris,
2617 1540 2723 1577 non
2768 1523 3049 1578 deiﬁcaret
3096 1524 3251 1587 alios,
3301 1540 3424 1577 cum
3476 1534 3535 1579 et

1927 1614 2044 1685 ipse
2082 1612 2366 1668 deiﬁcatus
2425 1625 2590 1667 esset.
2624 1614 2856 1668 Causam
2907 1624 3092 1669 tamen
3134 1629 3230 1667 cur
3284 1616 3529 1682 quidanv

1952 1700 2011 1742 ut
2045 1689 2239 1757 fertur,
2270 1694 2734 1750 consubstantiale
2767 1710 3043 1767 respuant,
3076 1701 3289 1757 sincere
3320 1705 3530 1760 exami~

1950 1798 2165 1849 nemus,
2203 1800 2269 1838 an
2307 1800 2415 1840 non
2457 1787 2630 1857 magis
2655 1804 2721 1842 ex
2752 1790 2845 1842 illa
2872 1791 2985 1859 ipsa
3021 1792 3191 1849 Filius
3216 1794 3362 1851 Patri
3397 1813 3530 1852 eon-

1950 1877 2329 1932 subslantialis
2358 1880 2695 1933 ostendatur.
2726 1881 2894 1935 Aiunt
2945 1884 3128 1953 igitur,
3167 1896 3223 1939 ut
3252 1904 3345 1943 vos
3390 1889 3528 1944 scri—

241 1971 431 2040 Πατρὶ,
462 1971 551 2022 ὅτι
575 1972 603 2022 ὁ
629 1970 802 2037 λέγων
827 1972 1108 2040 ὁμοούσιον
1144 1975 1270 2045 τρία
1301 1976 1469 2044 λέγει,
1500 1976 1687 2031 οὐσίαν
1709 1978 1830 2031 τινὰ

1948 1969 2159 2037 psistis,
2191 1967 2389 2023 Filium
2420 1967 2566 2024 Patri
2602 1973 3123 2029 consubstantialem
3156 1977 3262 2031 dici
3298 1980 3523 2035 minime

243 2061 757 2129 προῦπτκειμένην,
826 2062 922 2113 καὶ
988 2064 1111 2127 τοὺς
1162 2066 1226 2117 ὲκ
1289 2066 1493 2137 ταύτης
1545 2070 1827 2138 γεννωμέ-

241 2167 355 2213 νους
564 2151 882 2221 ὁμοουσίους
937 2148 1099 2207 εἶναι·
1156 2155 1250 2208 καὶ
1303 2158 1660 2226 ἐπιλέγουσιν·
1705 2161 1829 2215 Ἐὰν

241 2237 323 2293 οὖν
364 2243 395 2294 ὁ
426 2240 564 2304 Tib;
619 2241 902 2311 ὀμοούσιος
946 2239 980 2318 ᾖ
1034 2244 1111 2315 τῷ
1167 2246 1377 2316 Πατρὶ,
1430 2250 1641 2322 ἀνάγκη
1698 2269 1832 2324 προ-

245 2331 563 2384 ῦποκεῖσθαι
591 2332 770 2397 αὐτῶν
799 2333 1002 2400 οὐσίαν,
1022 2335 1080 2401 ἐξ
1103 2331 1169 2407 ἦς
1196 2340 1289 2391 καὶ
1318 2341 1702 2413 ἐγεννήθησαν,
1737 2345 1829 2398 καὶ

247 2421 312 2492 μὴ
339 2419 484 2477 εἶναι
509 2423 602 2475 τὸν
628 2426 724 2493 μὲν
761 2426 997 2497 Πατέρα,
1044 2429 1137 2480 τὸν
1166 2430 1223 2482 δὲ
1257 2430 1402 2494 Υίὸν,
1437 2432 1552 2485 ἀλλ’
1586 2435 1828 2504 ἀμφοτέ-

247 2531 363 2587 ρους
395 2514 686 2583 ἀδελφούς.
724 2514 911 2571 Ταῦτα
939 2518 987 2569 εί
1035 2519 1131 2570 καὶ
1180 2520 1446 2589 Ἑλλήνων
1472 2523 1609 2575 εἰσὶν
1655 2526 1828 2595 ἑρμη-

245 2607 394 2666 νεῖαι,
434 2604 531 2656 καὶ
564 2604 666 2656 οὐκ
691 2605 962 2667 ἀναγκαῖα
995 2608 1126 2676 ἡμῖν
1180 2608 1248 2661 τὰ
1288 2610 1417 2681 παρ’
1442 2610 1684 2666 ἐκείνων*
1714 2613 1828 2666 ἀλλ’

246 2694 438 2763 ίδωμεν
465 2692 542 2746 τὰ
587 2694 854 2764 εἰρημένα
910 2694 978 2748 τὰ
1006 2696 1281 2765 ὁμοούσια,
1340 2698 1410 2751 τὰ
1459 2701 1523 2753 ἐκ
1561 2700 1661 2768 τῆς
1697 2719 1830 2772 προ-

240 2784 539 2855 νοουμένης
711 2784 900 2848 οὐσίας
922 2785 1148 2855 ἀδελφὰ,
1184 2786 1412 2859 πότερον
1446 2791 1652 2844 ἑαυτῶν
1692 2794 1829 2846 εἰσιν

238 2876 520 2947 ὁμοούσια,
559 2874 592 2944 ἦ
638 2874 738 2943 τῆς
767 2874 956 2939 οὐσίας
986 2875 1045 2940 ἐξ
1075 2874 1143 2948 ἧς
1206 2878 1299 2931 καὶ
1353 2880 1739 2952 ἐγεννήθησαν⁸
1776 2883 1827 2935 εί

239 2970 331 3038 μὲν
353 2968 465 3038 γὰρ
502 2964 740 3029 ἑαυτῶν,
770 2966 1083 3038 ἑτεροούσια
1127 2970 1220 3021 καὶ
1242 2968 1468 3040 ἀνόμοια
1492 2972 1642 3025 ἔσται
1692 2971 1829 3043 πρὸς

236 3059 326 3129 τὴν
352 3058 711 3126 γεννήσασαν
760 3056 902 3108 αὐτὰ
960 3057 1165 3110 οὐσίαν·
1226 3059 1529 3115 ἀντίκειται
1586 3062 1695 3132 γὰρ
1748 3064 1827 3134 τῷ

237 3150 503 3221 opacitate)
526 3149 593 3201 τὸ
620 3146 981 3219 ὲτεροούσιον·
1030 3151 1079 3202 εί
1115 3150 1171 3204 δὲ
1199 3152 1297 3222 τῆς
1324 3154 1662 3225 γεννησάσης
1688 3154 1828 3209 αὐτὰ

239 3244 416 3307 οὐσίας
434 3242 596 3296 ἐστὶν
639 3241 867 3293 ἕκαστον
890 3241 1191 3311 ὁμοούσιον,
1231 3244 1408 3313 δῆλον,
1437 3247 1518 3298 ὅτι
1678 3247 1739 3300 τὸ
1766 3246 1829 3301 ἐκ

1947 2059 2168 2125 debere,
2206 2060 2335 2129 quia
2364 2061 2456 2129 qui
2486 2062 2619 2116 dicit
2645 2064 3189 2133 consubstantialem,
3220 2070 3323 2123 tria
3366 2072 3519 2137 dicit,

1948 2152 2309 2207 substantiam
2336 2153 2593 2223 aliquam,
2622 2171 2743 2224 qum
2782 2157 2932 2226 prius
2972 2159 3270 2228 subiaceat,
3321 2174 3376 2217 et
3426 2178 3522 2218 eos

1946 2240 2041 2310 qui
2072 2256 2135 2294 ex
2168 2242 2261 2295 illa
2287 2244 2449 2311 geniti
2476 2253 2605 2297 sunt
2635 2260 2755 2299 esse
2781 2248 3273 2305 eonsubstantiales
3312 2269 3325 2305 :
3359 2263 3523 2323 atque

1950 2332 2077 2386 hinc
2105 2333 2437 2389 concludunt
2464 2350 2476 2385 :
2510 2333 2565 2389 Si
2596 2352 2726 2405 ergo
2752 2335 2921 2394 Filius
2970 2340 3042 2393 sit
3086 2340 3236 2395 Patri
3276 2347 3519 2399 consub-

1947 2425 2238 2492 stantialis,
2281 2438 2503 2481 necesse
2536 2437 2619 2481 est
2658 2430 2817 2497 prius.
2843 2431 3127 2501 subjacere
3158 2450 3348 2488 eorum
3386 2439 3521 2491 sub-

1947 2516 2205 2570 stantiam
2234 2532 2301 2570 ex
2334 2532 2441 2586 qua
2475 2519 2639 2587 geniti
2674 2521 2803 2584 siut,
2834 2534 2885 2575 et
2918 2539 3024 2577 non
3062 2539 3185 2579 esse
3217 2527 3368 2581 illum
3414 2528 3517 2581 Pa-

1947 2618 2105 2670 trem,
2137 2607 2282 2662 hunc
2302 2607 2521 2675 Filium,
2554 2612 2648 2665 sed
2680 2613 2870 2667 ambos
2905 2614 3121 2669 fratres.
3156 2616 3277 2671 Hinc
3302 2622 3515 2673 tametsi

1945 2700 2292 2755 ethnicorum
2321 2711 2449 2756 sunt
2477 2704 2885 2773 explicationes,
2922 2722 3130 2775 nosque
3160 2709 3295 2763 nihil
3326 2726 3514 2764 eorum

1944 2806 2168 2862 egemus
2200 2795 2504 2849 ratiociniis
2539 2810 2552 2846 :
2592 2796 2950 2853 nihilominus
2999 2800 3281 2855 videamus
3330 2812 3514 2856 utrum

1946 2883 2035 2937 illa
2069 2886 2577 2951 consulnstantialia,
2608 2903 2730 2956 quae
2762 2905 2886 2943 cum
2927 2904 2993 2944 ex
3040 2893 3191 2961 prius
3244 2894 3516 2950 intellecta

1945 2975 2252 3030 substantia
2294 2975 2424 3041 sint,
2464 2976 2659 3033 fratres
2701 2980 2977 3044 dicuntur,
3028 2983 3131 3037 sibi
3182 2996 3393 3052 mutuo,
3444 3004 3515 3042 an

1943 3066 2266 3123 substantiae
2285 3081 2351 3121 ex
2377 3083 2484 3137 qua
2524 3078 2640 3123 orta
2674 3080 2833 3135 sunt,
2868 3074 2973 3127 sint
3002 3076 3511 3131 consubstantiatia.

1944 3157 2002 3213 Si
2036 3158 2184 3212 enim
2232 3160 2333 3214 sibi
2375 3169 2605 3226 mutuo;
2641 3161 2865 3217 diversae.
2905 3179 3036 3235 ergo
3077 3168 3417 3234 substantiae,
3451 3186 3518 3224 ac

1942 3249 2229 3304 dissimilia
2262 3260 2422 3305 erunt
2446 3252 2764 3307 substantia:
2796 3269 2825 3307 a
2849 3270 2955 3324 qua
2978 3265 3155 3310 ortam
3195 3258 3466 3313 duxerunt
3495 3278 3512 3311 :

239 3352 368 3397 τινος
394 3331 749 3403 γεννώμενον
776 3332 1058 3401 ὀμοούσιόν
1111 3335 1227 3385 ἐστι
1258 3335 1337 3406 τῷ
1362 3338 1699 3407 γεννήσαντι·
1736 3341 1829 3391 καὶ

1944 3342 2237 3411 opponitur
2272 3343 2416 3397 enim
2449 3346 2922 3410 consubstantiali,
2956 3348 3100 3416 quod
3131 3359 3305 3404 estex
3331 3350 3512 3405 diver—

239 3425 415 3481 οῢκὲτι
450 3425 561 3505 χρὴ
590 3424 780 3494 ζητεῖν
802 3427 951 3493 τρεῖς
982 3425 1188 3488 ούσίας,
1225 3427 1359 3480 ἀλλὰ
1424 3429 1583 3498 μόνον
1626 3429 1826 3498 ζητεῖν,

244 3518 291 3568 εί
311 3518 426 3569 τόδε
456 3515 665 3585 ἀληθὲς
687 3516 753 3566 ὲκ
780 3514 934 3567 τοῦδέ
966 3517 1101 3568 ἐστι.
1147 3516 1263 3569 Κᾶν
1285 3517 1393 3588 γὰρ
1426 3520 1604 3590 συμϐῇ
1640 3519 1712 3590 μὴ
1751 3517 1829 3572 εἷ-

256 3624 341 3657 ναι
366 3606 455 3657 b'io
476 3606 761 3674 ἀδελφοὺς,
794 3603 929 3657 ἀλλὰ
962 3605 1055 3658 καὶ
1090 3606 1250 3676 μόνον
1275 3608 1370 3661 ἕνα
1400 3608 1458 3671 ἐξ
1479 3608 1690 3679 ἐκείνης
1732 3610 1831 3675 τῆς

265 3696 444 3757 οὐσίας
487 3695 757 3765 γενέσθαι,
805 3696 867 3748 οὐ
898 3694 988 3748 διὰ
1033 3696 1095 3749 τὸ
1125 3697 1201 3768 μὴ
1259 3692 1395 3751 εἶναι
1442 3698 1647 3770 ἕτερον,
1679 3699 1832 3752 ἁλλο-

262 3788 546 3858 τριοούσιος
749 3788 816 3842 ἂν
851 3788 1066 3859 λεχθείη
1123 3792 1152 3842 ὁ
1197 3790 1495 3860 γεννηθείς·
1556 3791 1692 3845 ἀλλὰ
1737 3794 1831 3846 καὶ

252 3879 405 3948 μόνος
428 3878 526 3944 ὢν,
550 3880 639 3949 εῖη
674 3880 742 3933 ἂν
767 3880 862 3933 καὶ
894 3880 1057 3943 αὐτὸς
1078 3880 1361 3951 ὀμοούσιος
1383 3882 1463 3952 τῷ
1488 3884 1829 3953 γεννήσαντι.

260 3968 405 4021 Ἐπεὶ
422 3969 477 4022 τί
502 3968 572 4021 ἂν
594 3969 846 4038 εῐποιμεν
868 3969 993 4041 περὶ
1027 3971 1125 4040 τῆς
1306 3972 1574 4044 θυγατρὸς
1597 3973 1690 4026 τοῦ
1733 3976 1830 4027 Ἰε-

242 4058 398 4127 φθάε,
422 4060 510 4111 ὅτι
551 4059 849 4129 μονογενὴς
873 4055 961 4129 ἦν·
995 4078 1012 4108 ι
1036 4059 1137 4113 Καὶ
1162 4061 1261 4113 οὐκ
1284 4056 1375 4132 ἦν,
1400 4081 1422 4113 ι
1444 4063 1627 4132 φησιν,
1660 4082 1679 4113 ι
1705 4062 1833 4116 ἄλλο

235 4149 426 4204 τεκνον
447 4147 626 4218 αὐτῷ,
656 4164 674 4199 ι
716 4146 813 4200 καὶ
842 4147 974 4215 περὶ
1018 4147 1110 4201 τοῦ
1156 4148 1277 4203 υίοῦ
1310 4150 1367 4203 δὲ
1401 4151 1504 4220 τῆς
1542 4153 1739 4223 χήρας,
1774 4151 1835 4206 ὃν

233 4242 462 4320 ἧγειρεν
502 4242 571 4293 ὲκ
601 4239 814 4311 νεκρῶν
833 4241 861 4293 ὁ
885 4239 1110 4310 Κύριος,
1142 4240 1225 4295 ὅτι
1251 4242 1347 4295 καὶ
1370 4243 1532 4305 αὐτὸς
1555 4245 1657 4297 οὐκ
1683 4240 1833 4313 εἶχεν

232 4331 492 4399 ἀδελφὸν,
522 4330 664 4384 ἀλλὰ
697 4329 993 4400 μονογενὴς
1020 4327 1091 4400 ἦν
1114 4346 1128 4363 ⁶
1164 4328 1276 4402 ἆρα
1305 4333 1406 4386 οὐκ
1446 4328 1515 4404 ἧν
1543 4335 1830 4404 ὁμοούσιος

230 4422 467 4485 ἕκαστος
535 4419 718 4474 αὐτῶν
774 4420 853 4491 τῷ
914 4422 1268 4491 γεννήσαντι;
1325 4422 1423 4476 καὶ
1492 4423 1601 4494 μὴν
1655 4420 1832 4493 ἦσαν,

226 4515 401 4568 τέκνα
433 4512 549 4581 γὰρ
581 4508 758 4583 ἦσαν’
791 4511 884 4566 καὶ
929 4512 1089 4567 τοῦτο
1116 4512 1324 4568 τέκνων
1372 4514 1503 4566 ῐδιόν
1550 4514 1667 4566 ἐστι
1698 4514 1835 4584 πρὸς

227 4606 458 4671 γονέας.
502 4604 665 4657 Οὕτω
718 4603 939 4657 καὶτὸν
988 4603 1082 4657 τοῦ
1131 4604 1269 4657 Θεοῦ
1317 4604 1447 4659 Υίὺν
1500 4604 1565 4657 ἐκ
1594 4605 1693 4673 τῆς
1743 4605 1836 4656 οὐ-

228 4694 360 4757 σίας
417 4694 670 4756 εἰπόντες
706 4695 755 4747 0!
808 4694 1072 4763 Πατέρες,
1128 4694 1356 4756 εἰκότως
1408 4693 1503 4746 καὶ
1551 4694 1835 4763 ὀμοούσιον

224 4787 524 4855 εἰρήκασι.
574 4785 808 4839 Ἕπεται
860 4784 918 4837 δὲ
957 4784 1165 4844 τούτοις
1224 4784 1360 4855 μηδὲ
1397 4783 1498 4852 τὴν
1545 4784 1721 4837 κτίσιν
1772 4784 1835 4836 ὲκ

223 4875 326 4929 τοῦ
362 4878 445 4947 μὴ
478 4876 631 4940 ὄντος
685 4877 993 4944 γεγονέναι.
1028 4878 1092 4930 0i
1141 4876 1252 4946 γὰρ
1285 4876 1429 4929 κατὰ
1478 4876 1650 4940 πάθος
1705 4892 1834 4943 γεν-

226 4969 441 5031 νῶντες
471 4967 775 5038 ἄνθρωποι,
809 4968 971 5022 αὐτοὶ
1022 4969 1118 5022 καὶ
1146 4968 1246 5039 τὴν
1292 4969 1665 5038 ὑποκειμένην
1701 4967 1835 5037 ῦλην

222 5059 591 5129 ἐργάζονται,
622 5060 718 5112 καὶ
748 5058 925 5123 ἄλλως
951 5060 1051 5113 οὐκ
1072 5060 1139 5114 ἂν
1166 5059 1419 5115 δύναιντο
1451 5061 1630 5114 ποιεῖν
1655 5077 1669 5091 ·
1703 5060 1752 5113 εί
1778 5059 1835 5112 δὲ

217 5151 287 5204 τὺ
320 5150 546 5215 κτίζειν
576 5151 677 5204 οὐκ
696 5150 1058 5222 ἀνθρωπίνως
1083 5151 1314 5222 νοοῦμεν
1335 5153 1431 5206 επὶ
1459 5152 1622 5216 Θεοῦ,
1652 5152 1835 5223 πολλῷ

225 5244 446 5314 μᾶλλον
469 5242 593 5296 οὐδὲ
624 5241 686 5296 ab
717 5246 916 5314 γεννᾷν
947 5244 1307 5316 ἀνθρωπίνως
1339 5245 1541 5315 πρέπει
1568 5247 1710 5299 νοεῖν
1739 5246 1835 5298 ἐπὶ

218 5335 393 5399 θεοῦ,
436 5335 563 5389 οὐδὲ
614 5334 675 5389 τὸ
708 5336 999 5406 ὁμοούσιον
1058 5338 1390 5408 σωματικῶς
1441 5337 1831 5409 ἐκλαμϐάνειν,

225 5426 351 5480 ἀλλ’
387 5427 702 5497 ἀναχωρεῖν
731 5426 813 5481 δεῖ
861 5428 972 5481 ἀπὸ
999 5427 1107 5481 τῶν
1165 5428 1433 5498 γενητῶν,
1490 5430 1587 5483 καὶ
1641 5429 1833 5481 ἀποτι-

225 5516 429 5583 οέντας
463 5521 619 5574 κάτω
670 5536 773 5573 που
804 5519 904 5581 τὰς
940 5520 1293 5591 ἀνθρωπίνας
1339 5520 1555 5584 είκόνας
1598 5520 1694 5573 καὶ
1728 5520 1835 5575 πά·-

229 5627 328 5675 em;
372 5610 569 5676 ἁπλῶς
603 5613 703 5675 τὰς
733 5610 1038 5681 αίσθήσεις,
1071 5612 1283 5668 ἀνιέναι
1335 5614 1430 5668 ἐπὶ
1462 5614 1556 5669 τδν
1596 5612 1819 5685 Πατέρα

309 5816 328 5847 ⁸
361 5814 493 5870 Jud.
522 5831 594 5877 ιι,
630 5814 711 5869 δι.
811 5814 830 5845 ⁸
860 5811 993 5870 Luc.
1029 5830 1125 5879 νιι,
1155 5813 1241 5869 l2.

1945 3436 2005 3488 ea
2055 3435 2378 3489 substantia.
2414 3436 2571 3502 Quod
2616 3438 2660 3490 si
2708 3447 2999 3508 utrumque
3048 3442 3521 3497 consubstantiale

1900 3598 1908 3603 _
1943 3526 2016 3582 sit
2069 3527 2388 3582 substantia;
2420 3543 2450 3581 a
2498 3544 2603 3597 qua
2640 3538 2816 3584 ortum
2852 3531 3042 3592 duxit.
3080 3532 3218 3585 nam
3272 3533 3321 3587 id
3374 3545 3519 3589 certe

1944 3619 2087 3686 quod
2117 3634 2181 3671 ex
2219 3618 2326 3671 alio
2358 3619 2603 3672 nascitur
2628 3620 2676 3674 ei
2709 3622 2799 3690 qui
2831 3637 2889 3676 se
2929 3625 3116 3691 genuit
3147 3633 3229 3677 est
3276 3625 3517 3679 consub-

1944 3708 2227 3771 stantiale;
2258 3722 2365 3762 non
2389 3709 2526 3761 ultra
2554 3718 2678 3763 sunt
2704 3712 3007 3780 quaerendas
3031 3720 3141 3767 tres
3162 3714 3512 3768 substantiae:

1944 3795 2040 3850 sed
2080 3790 2133 3849 id
2160 3796 2336 3850 solum
2372 3797 2832 3867 investigandum,
2876 3817 3004 3854 num
3042 3802 3143 3855 hoc
3174 3818 3299 3857 vere
3328 3818 3391 3858 ex
3423 3805 3517 3858 illo

1944 3885 2035 3940 sit.
2069 3883 2203 3939 Nam
2245 3887 2345 3941 etsi
2378 3886 2656 3958 contingat
2690 3902 2795 3942 non
2832 3904 2953 3944 esse
2982 3893 3120 3947 duos
3151 3893 3348 3948 fratres
3374 3936 3387 3958 ,
3422 3894 3517 3948 sed

1942 3979 2167 4033 unicum
2195 3993 2260 4033 ex
2296 3979 2385 4033 illa
2418 3980 2720 4034 substantia
2754 3992 2933 4036 ortum
2971 3999 3091 4038 csse
3122 4002 3135 4036 :
3168 3998 3233 4037 eo
3262 3985 3407 4054 quod
3437 3983 3517 4037 al-

1942 4083 2026 4130 ter
2057 4086 2163 4125 non
2192 4071 2283 4133 sit,
2316 4085 2658 4140 nequaquam
2692 4074 2783 4140 qui
2816 4082 2974 4127 natus
2999 4083 3103 4133 est.
3137 4074 3364 4128 diversae
3389 4077 3520 4127 sul)-

1938 4151 2157 4208 stantia:
2210 4152 2461 4215 dicatur;
2507 4150 2626 4215 sed,
2670 4150 2798 4203 licet
2872 4147 3019 4203 solus
3075 4146 3165 4213 sit,
3199 4148 3305 4201 erit
3352 4156 3527 4199 tamen

1941 4250 2000 4295 et
2030 4241 2146 4311 ipse
2176 4240 2226 4294 ei
2278 4241 2370 4310 qui
2423 4256 2483 4296 se
2522 4240 2712 4309 genuit
2756 4238 3260 4294 consubstantialis.
3313 4237 3532 4306 Alioqui

1935 4330 2065 4400 quid
2093 4332 2394 4385 dixerimus
2421 4330 2490 4384 de
2512 4330 2618 4382 filia
2636 4326 2897 4397 Jephthe,
2918 4344 3043 4395 qua:
3066 4326 3343 4396 unigenita
3376 4337 3526 4379 erat:

1943 4437 1961 4470 ι
2008 4421 2220 4481 Ει,ηοιι
2262 4421 2514 4484 habebat,
2553 4440 2571 4471 ι
2636 4420 2732 4485 ait,
2762 4438 2780 4470 ι
2821 4420 2959 4473 alios
3002 4418 3200 4473 liberos
3236 4417 3289 4482 ³;
3327 4436 3344 4467 ι
3379 4426 3434 4469 et
3464 4417 3533 4469 de

1937 4512 2049 4565 filio
2089 4511 2266 4566 viduae
2312 4527 2475 4580 quem
2514 4510 2775 4564 Dominus
2822 4525 2887 4564 ex
2944 4510 3177 4563 mortuis
3222 4506 3527 4570 suscitavit,

1934 4606 2110 4674 quiet
2150 4604 2267 4673 ipse
2327 4602 2551 4658 fratrem
2595 4618 2707 4659 non
2764 4602 3020 4669 habebat,
3067 4600 3164 4655 sed
3215 4598 3530 4667 unigenitus

1933 4696 2093 4750 erat'
2123 4711 2138 4747 :
2171 4710 2238 4747 an
2278 4703 2511 4763 uterque
2557 4694 2603 4747 ei
2639 4694 2731 4763 qui
2758 4708 2818 4747 se
2854 4700 3120 4762 genuerat
3170 4691 3531 4743 consubstan-

1934 4780 2078 4839 tialis
2135 4796 2243 4835 non
2278 4781 2437 4835 erat?
2471 4782 2638 4835 Erant
2690 4781 2870 4851 plane,
2924 4795 3049 4833 nam
3112 4778 3269 4834 liberi
3320 4788 3525 4832 erant:

1933 4865 2094 4940 idque
2123 4871 2403 4940 proprium
2438 4872 2629 4927 liberis
2663 4880 2749 4926 est
2789 4886 2919 4942 erga
2955 4881 3210 4941 parentes
3240 4886 3393 4925 suos.
3431 4870 3470 4925 S
3493 4887 3525 4927 c

1932 4979 2056 5019 cum
2087 4962 2273 5019 Patres
2302 4966 2392 5019 Dei
2440 4966 2638 5020 Filium
2674 4982 2736 5022 ex
2771 4966 2891 5036 ejus
2922 4967 3227 5021 substantia
3258 4966 3523 5032 dixerint,

1934 5058 2130 5112 merito
2178 5066 2235 5111 et
2290 5058 2809 5113 consubstantialem
2842 5058 3122 5113 dixerunt.
3161 5058 3301 5112 llinc
3341 5069 3524 5113 autem

1933 5147 2218 5218 sequitur,
2280 5164 2459 5217 neque
2516 5159 2727 5205 creatas
2785 5165 2872 5206 res
2924 5166 2987 5204 ex
3050 5166 3157 5205 non
3222 5152 3525 5206 exsistente

1934 5241 2105 5296 factas
2156 5256 2300 5299 esse.
2362 5242 2626 5298 llomines
2696 5242 2845 5298 enim
2920 5243 3024 5312 ipsi
3074 5243 3167 5313 qui
3227 5258 3350 5296 cum
3399 5256 3524 5310 pas-

1934 5335 2087 5397 sione
2119 5334 2302 5403 aliqua
2354 5336 2603 5405 gignunt,
2637 5336 2689 5388 in
2742 5336 3064 5405 snbjacente
3112 5334 3338 5389 materia
3387 5345 3523 5400 ope«

1935 5438 2152 5491 rantur,
2181 5440 2285 5480 nec
2318 5425 2477 5480 aliter
2503 5426 2800 5496 quidquam
2829 5426 3010 5483 facere
3040 5424 3335 5495 potuerint.
3364 5420 3518 5487 Quod

1933 5517 1981 5573 si
2023 5518 2247 5573 creandi
2288 5518 2510 5573 modum
2562 5518 2616 5573 in
2656 5517 2767 5575 Deo
2799 5533 2911 5574 non
2952 5518 3195 5572 humano
3244 5527 3398 5567 more
3438 5512 3520 5564 in-

1937 5609 2257 5682 telligimus,
2287 5609 2460 5668 multo
2501 5610 2682 5667 minus
2715 5608 2970 5682 gignendi
3020 5608 3075 5662 in
3122 5606 3243 5676 ipso
3306 5602 3515 5657 inteltio
3597 5622 3605 5629 -
