4058 6404
471 393 480 400 ’
513 396 616 460 467

1753 377 2142 440 ΕυΤΗΥΜΠ
2174 378 2530 439 ZlGABENl

3679 373 3792 436 LE8

513 521 640 579 gere
667 505 902 563 humano
930 517 1093 560 more
1111 500 1397 560 debemus.
1425 511 1603 566 neque
1633 509 1900 564 corporeo
1931 491 2092 546 modo

2201 493 2274 562 μὴ
2304 490 2557 560 λάθωμεν
2594 486 2958 558 ἀφαιροῦντες
2989 486 3082 539 τὸν
3122 486 3251 538 Υίὶν
3275 485 3382 540 ἀπὸ
3414 485 3505 539 τοῦ
3544 485 3787 556 Πατρδς,

515 595 983 652 eonsubstantiale
1029 593 1297 662 accipere.
1350 589 1454 644 Sed
1506 587 1873 643 recedendum
1933 584 2095 638 nobis

2204 587 2298 637 καὶ
2338 582 2720 653 προστιθέντες
2750 584 2863 644 τοῖς
2887 581 3081 634 ἑαυτοῦ
3119 581 3401 649 κτίσμασι.

516 698 601 744 est
627 704 657 743 a
685 687 849 743 rebus
900 685 1075 747 factis,
1113 699 1176 737 ac
1206 681 1470 751 depositis
1504 678 1758 733 humanis
1805 676 2156 744 imaginibus,
2212 675 2578 744 omnibusque
2615 673 2845 727 omnino
2891 671 3162 735 sensibus,
3212 671 3280 726 ad
3327 670 3547 727 Patrem
3587 685 3792 727 ascen-

516 786 668 848 dere,
701 798 768 838 ne
812 782 968 836 inscii
1001 780 1195 834 Filium
1229 794 1258 832 a
1303 778 1461 832 Patre
1497 776 1830 831 auferamus.
1865 788 2102 844 eumque
2133 773 2296 828 rebus
2324 789 2355 827 a
2389 786 2450 825 se
2483 772 2682 825 creatis
2721 769 3102 840 adiungamus.

591 873 827 928 Rursum
876 873 921 929 si
979 871 1198 926 Patrem
1252 880 1311 925 et
1363 869 1560 923 Filium
1600 867 1945 926 confitentes,
1991 867 2098 919 duo

513 958 822 1029 principia,
877 971 974 1014 aut
1017 959 1157 1015 duos
1223 958 1362 1012 Deos
1415 957 1679 1020 dicimus,
1737 955 2095 1022 quemadmo-

509 1059 637 1107 dum
672 1051 916 1107 Marcion
951 1061 1006 1105 et
1037 1051 1390 1115 Valentinus;
1421 1059 1516 1104 aut
1544 1047 1766 1112 Filium,
1793 1051 2088 1118 quemdam

510 1148 680 1200 alium
709 1144 1014 1198 divinitatis
1039 1143 1262 1197 modum
1292 1143 1513 1208 habere,
1557 1151 1611 1196 et
1659 1157 1767 1196 non
1799 1158 1921 1199 esse
1953 1144 2091 1200 ima-

514 1239 692 1306 ginem
724 1245 779 1290 et
819 1234 1046 1304 ﬁguram
1077 1233 1280 1297 Patris,
1316 1233 1458 1303 quod
1486 1249 1552 1288 ex
1585 1234 1704 1303 ipso
1734 1234 1949 1304 genitus
1977 1236 2048 1291 sit
2076 1255 2090 1268 ο

515 1339 636 1381 esto
664 1327 986 1391 dissimilis;
1018 1342 1142 1380 nam
1174 1326 1366 1380 alienae
1396 1327 1536 1379 inter
1583 1341 1643 1380 se
1687 1337 1918 1396 prorsus
1967 1338 2092 1381 sunt

435 1431 438 1436 ‘
515 1418 823 1473 istiusmodi
859 1417 1201 1472 substantiae.
1233 1415 1388 1482 Quod
1430 1416 1474 1471 si
1523 1431 1687 1470 unam
1744 1418 2092 1487 agnoscimus

511 1519 567 1564 et
595 1510 768 1564 solam
804 1507 984 1562 Patris
1016 1508 1386 1576 divinitatem,
1435 1508 1710 1579 bujusque
1753 1507 1985 1564 Verbum
2036 1524 2091 1564 et

516 1598 850 1671 Sapientiam
877 1599 1079 1654 Filium
1120 1615 1264 1667 esse,
1293 1609 1346 1654 et
1376 1600 1478 1655 hoc
1501 1599 1804 1664 credentes,
1839 1601 1979 1655 duos
2005 1608 2089 1654 ta-

512 1706 637 1744 men
675 1689 816 1746 Deos
847 1691 1074 1745 minime
1102 1690 1340 1745 dicimus
1364 1731 1379 1755 ,
1413 1691 1785 1760 unitatemque
1810 1691 1932 1746 Filii
1964 1707 2088 1748 cum

513 1780 675 1836 Patre
721 1799 828 1836 non
881 1783 1146 1839 doctrinas
1196 1783 1582 1846 similitudine,
1639 1784 1733 1837 sed
1785 1785 2084 1839 secundum

512 1871 897 1936 substantiam,
929 1882 982 1927 et
1023 1888 1211 1928 revera
1254 1873 1554 1928 consistere
1588 1875 1852 1928 scutimus
1879 1915 1895 1932 .
1926 1873 2000 1928 ita
2030 1884 2086 1927 ut
2123 1848 2162 1901 Β

509 1971 794 2032 propterea
823 1979 930 2016 non
960 1963 1099 2019 duos
1129 1964 1289 2027 Deos,
1323 1963 1417 2018 sed
1458 1979 1626 2018 unum
1657 1965 1924 2028 dicamus,
1965 1980 2091 2019 cum

511 2068 621 2106 una
660 2052 733 2108 sit
760 2053 972 2121 species
999 2053 1325 2118 divinitatis,
1378 2066 1438 2108 ut
1483 2064 1565 2110 est
1597 2055 1687 2109 lux
1717 2065 1773 2110 et
1805 2056 2089 2126 splendor;

510 2143 600 2198 illa
629 2144 772 2198 enim
811 2145 1136 2214 patriarchae
1163 2143 1332 2200 Jacob
1355 2146 1470 2200 visa
1498 2155 1599 2211 est,
1636 2147 1820 2217 aitque
1851 2146 2093 2218 Scriptu-

509 2249 569 2288 ra
599 2253 612 2288 :
655 2253 674 2286 ‹
709 2233 874 2290 Ortus
911 2244 994 2290 est
1019 2243 1200 2289 autem
1239 2235 1312 2289 illi
1355 2237 1437 2290 sol
1463 2277 1477 2300 ,
1510 2245 1800 2306 postquam
1840 2237 2092 2291 transivit

509 2326 720 2394 species
754 2325 848 2380 Dei
899 2327 936 2381 '.
967 2347 986 2378 ι
1016 2325 1128 2382 Hoc
1153 2343 1276 2381 cum
1311 2327 1556 2383 riderent
1583 2330 1756 2383 sancti
1789 2330 2089 2399 prophetae,

507 2431 575 2470 ac
601 2416 964 2486 intelligerent
992 2416 1281 2484 cnjusnam
1330 2419 1401 2472 sit
1449 2419 1537 2473 ille
1566 2416 1742 2479 Filius
1782 2431 1835 2474 et
1885 2422 2087 2490 imago,

507 2506 723 2561 aiebant
751 2524 764 2559 :
791 2525 808 2556 ι
833 2505 1058 2560 Factum
1089 2518 1173 2561 est
1197 2507 1433 2561 Verbum
1454 2507 1668 2562 Domini
1697 2509 1764 2562 ad
1786 2523 1873 2563 me
1972 2511 2023 2574 ²,
2062 2528 2081 2560 ι

507 2610 746 2666 eumque
785 2594 998 2650 Patrem
1037 2596 1089 2649 in
1122 2611 1187 2650 eo
1227 2599 1405 2652 visum
1437 2599 1846 2669 revelatumquc
1888 2613 2090 2670 cogno-

507 2693 740 2746 scerent,
771 2685 994 2739 lidentcr
1022 2684 1305 2740 dicebant:
1333 2704 1352 2736 ι
1379 2687 1540 2741 Visus
1563 2697 1644 2743 est
1667 2689 1798 2742 mihi
1828 2689 1967 2743 Deus
1997 2704 2090 2758 pa-

511 2782 655 2828 trum
682 2783 1022 2838 nostrorum,
1045 2772 1185 2829 Deus
1206 2774 1463 2838 Abraam,
1481 2785 1536 2830 et
1560 2776 1709 2832 Isaac
1729 2786 1784 2831 et
1797 2776 1965 2832 Jacob
2002 2779 2044 2834 ³.
2063 2799 2081 2830 ι

509 2861 646 2915 Cum
680 2860 844 2930 igitur
877 2861 948 2914 ita
977 2876 1034 2916 se
1061 2877 1148 2916 res
1176 2862 1388 2927 habeat,
1422 2880 1521 2919 cur
1550 2881 1672 2920 eum
1704 2869 1796 2936 qui
1835 2883 1977 2922 unus
2005 2877 2088 2922 est

507 2964 634 3004 cum
665 2948 846 3011 Patre,
881 2959 936 3003 et
969 2949 1094 3005 talis
1121 2961 1344 3020 apparet
1373 2954 1549 3021 qualis
1571 2963 1653 3009 est
1676 2954 1856 3022 Pater,
1889 2972 2083 3011 secun-

506 3040 636 3096 dum
672 3040 1083 3096 similitudinem
1123 3051 1287 3111 atque
1328 3059 1491 3098 unam
1534 3046 1898 3112 divinitatem,
1929 3063 2085 3103 vere-

509 3146 634 3185 mur
663 3130 847 3186 dicere
901 3132 1468 3188 consubstantialem?
1504 3133 1559 3188 Si
1592 3137 1736 3190 enim
1765 3177 1780 3201 ,
1817 3140 2084 3206 quemad-

509 3220 734 3275 modum
769 3221 968 3290 szepius
1002 3222 1206 3277 dictum
1240 3235 1323 3277 est
1347 3264 1362 3287 ,
1398 3226 1599 3280 nullam
1631 3228 1790 3282 habet
1825 3239 1882 3282 ut
1915 3227 2086 3284 Filius
2121 3235 2161 3289 C

511 3312 898 3382 proprietatem
926 3313 1406 3369 sintilitudinemve
1433 3332 1555 3370 cum
1582 3329 1804 3387 paterna
1831 3321 2086 3376 substan-

510 3403 608 3466 tia,
644 3417 706 3458 ea
741 3417 874 3457 voce
904 3403 982 3456 uti
1032 3412 1177 3458 recte
1207 3419 1475 3459 veremur.
1511 3406 1606 3460 Sin
1651 3418 1830 3464 autem
1867 3411 1958 3467 ille
2000 3420 2087 3468 est

509 3484 685 3542 Patris
715 3488 933 3558 prepria
961 3490 1042 3546 vis
1073 3490 1431 3544 illuminatrix
1465 3501 1519 3546 et
1548 3494 1803 3557 creatrix,
1835 3495 1955 3550 sine
1985 3509 2093 3565 qua

507 3593 606 3630 nec
635 3589 808 3645 creat,
840 3596 941 3635 nec
973 3584 1325 3653 cognoscitur
1359 3585 1567 3651 (omnia
1601 3587 1744 3641 enim
1779 3603 1876 3658 per
1910 3588 2090 3659 ipsum

505 3677 558 3719 et
593 3667 645 3720 in
679 3669 797 3738 ipso
819 3672 1174 3745 consistunt),
1210 3690 1311 3730 cur
1340 3692 1456 3732 rem
1491 3677 1853 3749 intelligentcs
1882 3718 1898 3739 ,
1931 3695 2090 3734 recu-

503 3775 694 3816 samus
722 3777 912 3820 vocem
950 3765 1002 3821 ld
1034 3767 1430 3838 signiﬁcantem
1461 3771 1748 3841 proferre?
1775 3772 1916 3839 Quid
1941 3775 2088 3829 enim

503 3859 591 3906 est
629 3851 876 3921 ejusdem
907 3866 1118 3914 natura:
1145 3875 1268 3916 esse
1306 3863 1465 3931 cujus
1492 3861 1672 3927 Pater,
1705 3865 1810 3920 nisi
1845 3881 1967 3922 esse
2013 3868 2091 3922 illi

507 3944 1014 4002 eonsubstantialc?
1040 3947 1160 4005 Non
1182 3954 1327 4006 enim
1356 3952 1597 4008 alienum
1632 3953 1776 4011 Deus
1801 3958 1964 4011 veluti
1990 3959 2094 4012 mi—

508 4034 684 4089 nistro
739 4051 906 4108 egens
956 4036 1159 4096 Filium
1224 4046 1568 4114 assumpsit;
1643 4062 1823 4116 neque
1874 4049 2093 4118 opiﬁcia

509 4123 761 4182 Creatori
791 4137 922 4184 sunt
950 4129 1216 4201 dignitate
1247 4137 1424 4203 paria,
1459 4147 1520 4188 nt
1544 4137 1768 4206 perinde
1801 4138 1890 4193 illa
1929 4150 2093 4210 atque

507 4215 626 4284 ipse
653 4217 1012 4288 honorantur,
1036 4232 1151 4290 aut,
1171 4235 1228 4279 ut
1257 4228 1558 4296 putandum
1585 4229 1676 4295 sit,
1705 4245 1768 4285 ea
1796 4241 1848 4287 et
1877 4231 2090 4288 Patrem

511 4315 680 4361 unum
713 4324 854 4365 esse.
889 4313 1146 4384 Alioquin
1177 4319 1322 4372 auslt
1351 4321 1474 4387 qu?s
1502 4321 1614 4376 haec
1636 4322 1894 4390 dividere,
1924 4341 1988 4380 ac
2010 4326 2093 4380 di-

509 4413 633 4455 cere
659 4401 829 4458 solem
871 4413 926 4460 et
961 4407 1302 4476 splendorem
1339 4413 1449 4466 duo
1474 4428 1598 4468 esse
1633 4414 1862 4484 Iumina,
1891 4425 1987 4472 aut
2009 4418 2092 4473 di-

507 4505 721 4547 versam
755 4495 995 4568 aliquam
1034 4501 1419 4567 substantiam,
1461 4515 1554 4560 aut
1583 4508 1928 4578 splendorem
1962 4511 2093 4568 solis

506 4584 761 4643 accidens
793 4603 939 4654 esse,
978 4600 1033 4647 et
1075 4608 1184 4648 non
1234 4595 1539 4665 simplicem
1587 4614 1652 4655 ac
1705 4617 1904 4671 purum
1958 4603 2092 4662 solis

507 4687 758 4747 partum;
803 4683 875 4738 ita
923 4693 978 4739 ut
1027 4685 1138 4742 duo
1177 4689 1393 4754 quidem
1433 4692 1542 4750 sint
1590 4695 1671 4750 sol
1705 4708 1760 4751 et
1811 4698 2088 4766 splendor,

507 4784 616 4825 una
663 4780 843 4829 tamen
882 4776 996 4841 lux,
1029 4794 1095 4833 eo
1121 4782 1266 4850 quod
1317 4783 1409 4838 ille
1451 4801 1481 4840 a
1525 4787 1640 4842 sole
1690 4788 1918 4844 oriatur.
1950 4789 2091 4846 Cum

509 4859 825 4929 huiusmodi
854 4869 956 4930 sit,
985 4870 1094 4925 imo
1121 4875 1294 4943 magis
1323 4876 1707 4946 inseparabilis
1741 4892 1935 4938 natura
1967 4884 2089 4940 Filii

505 4966 538 5006 a
581 4950 762 5020 Patre,
810 4967 860 5013 et
904 4975 1028 5016 cum
1074 4963 1331 5022 divinitas
1361 4967 1502 5023 Filio
1533 4986 1640 5024 non
1671 4973 1966 5038 acciderit,
1998 4977 2091 5030 seel

505 5055 728 5116 paterna
759 5050 1015 5110 divinitas
1053 5055 1126 5109 in
1151 5057 1291 5113 Filio
1335 5060 1445 5120 sit:
1491 5061 1565 5115 ita
1613 5070 1672 5116 ut
1706 5063 1800 5132 qui
1829 5065 1973 5120 videt
2005 5065 2096 5121 Fi-

505 5140 663 5202 lium,
699 5140 753 5194 in
784 5141 900 5211 ipso
925 5143 1140 5203 Patrem
1167 5151 1367 5215 videat,
1395 5143 1494 5208 cur
1525 5156 1619 5224 qui
1647 5155 1958 5226 huiusmodi
1985 5169 2090 5222 est,

505 5245 617 5288 non
649 5233 866 5289 dicatur
897 5240 1424 5299 consubstantialis‘!

710 5407 808 5465 Sat
835 5410 1056 5480 quidem
1083 5413 1200 5469 haec
1225 5426 1398 5483 sunt,
1434 5437 1556 5490 quze
1592 5424 1745 5479 vobis
1781 5427 2047 5481 suadeant
2074 5471 2088 5493 ,

506 5502 569 5550 ut
599 5512 707 5553 non
757 5503 1026 5558 accusetis
1051 5519 1146 5560 eos
1175 5507 1267 5575 qui
1310 5509 1497 5566 dixere
1539 5512 1730 5570 Filium
1777 5533 1899 5570 esse
1943 5518 2090 5574 Patri

505 5593 1050 5651 mnsubstantialem.
1084 5595 1338 5655 Attamen
1386 5596 1558 5672 ipsam
1609 5610 2092 5667 consubstantialis

2279 864 2388 915 Kal
2441 863 2617 925 ἄλλως
2665 861 2744 924 δὲ,
2795 864 2845 913 εἰ
2897 863 2998 931 μὲν
3035 862 3252 926 Πατέρα
3289 865 3384 916 καὶ
3429 860 3554 914 Υίδν
3594 861 3798 931 ὁμολοο

2197 957 2444 1026 γοῦντες,
2503 956 2596 1010 δύο
2645 955 2797 1020 τινὰς
2853 956 3046 1027 ἀρχὰς,
3089 957 3251 1028 ἢδύο
3281 957 3482 1022 Θεοὺς,
3541 957 3804 1027 καθάπερ

2198 1048 2464 1118 Μαρκίων
2518 1047 2611 1101 καὶ
2664 1047 3033 1110 υύαλεντῖνος,
3078 1047 3334 1119 λέγομεν,
3376 1049 3409 1118 ἢ
3447 1049 3638 1119 ἕτερόν
3667 1066 3803 1103 τινα

2199 1140 2398 1208 τρόπον
2451 1137 2704 1207 θεότητος
2735 1137 2878 1208 ἔχειν
2923 1138 3013 1190 τὸν
3041 1139 3191 1203 Υἱὺν,
3224 1139 3317 1192 καὶ
3367 1140 3443 1210 μὴ
3469 1141 3656 1194 εἰκόνα
3699 1142 3803 1194 καὶ

2200 1227 2528 1299 χαρακτῆρα
2551 1227 2642 1280 τοῦ
2679 1227 2891 1298 Πατρὸς
2913 1223 3052 1283 εἶναι
3089 1229 3181 1281 τὸν
3209 1228 3358 1292 Υίὸν,
3382 1229 3471 1282 διὰ
3502 1231 3562 1282 τὸ
3589 1230 3650 1295 ἑξ
3690 1232 3799 1282 αύ-

2198 1317 2292 1372 106
2323 1319 2643 1386 πεφυκέναι·
2672 1317 2812 1372 ἔστω
2844 1319 3116 1391 ἀνόμοιος·
3167 1320 3314 1384 ξέναι
3373 1321 3482 1391 γάρ
3513 1322 3620 1374 εἰσι
3653 1340 3800 1375 παν-

2198 1410 2436 1464 τάπασιν
2469 1410 2712 1481 ἀλλήλων
2737 1412 2792 1463 αἱ
2813 1411 3058 1466 τοιαῦται
3082 1412 3281 1464 οὐσίαι·
3319 1414 3368 1465 εί
3403 1413 3462 1465 δὲ
3493 1413 3622 1483 μίαν
3651 1413 3800 1467 οἴδα-

2206 1518 2304 1570 μεν
2342 1502 2438 1554 καὶ
2469 1495 2636 1573 μόνην
2670 1501 2898 1572 θεότητα
2943 1502 3043 1573 τὴν
3089 1501 3183 1556 τοῦ
3215 1503 3450 1572 Πατρὸς,
3480 1503 3670 1557 τούτου
3734 1521 3796 1556 τε

2203 1591 2374 1660 Λόγον
2403 1594 2494 1646 καὶ
2528 1593 2728 1662 Σοφίαν
2763 1589 2902 1646 εἶναι
2927 1594 3018 1646 τὸν
3049 1593 3197 1658 Υἱδν,
3227 1594 3320 1646 καὶ
3347 1593 3490 1646 οὕτω
3517 1594 3799 1647 πιστεύον-

2201 1695 2295 1744 τες
2321 1682 2382 1734 οὐ
2419 1681 2653 1752 λέγομεν
2676 1681 2770 1736 δύο
2800 1681 3000 1747 Θεοὺς,
3033 1683 3133 1753 τήν
3165 1700 3224 1734 τε
3256 1683 3486 1753 ἑνότητα
3527 1683 3620 1736 τοῦ
3656 1685 3794 1736 Tios

2203 1773 2339 1844 πρὸς
2385 1774 2479 1827 τὸν
2531 1774 2752 1846 Πατέρα
2801 1774 2898 1844 οὐχ
2931 1773 3189 1844 ὁμοιώσει
3224 1773 3591 1838 διδασκαλίας,
3653 1775 3795 1829 ἀλλὰ

2202 1863 2346 1918 κατὰ
2369 1865 2467 1934 τὴν
2488 1865 2676 1920 οὐσίαν
2707 1866 2801 1918 καὶ
2856 1865 3084 1937 ἀληθείᾳ
3297 1864 3620 1936 φρονοῦμεν·
3648 1866 3793 1920 ὥστε

2202 1952 2290 2006 διὰ
2317 1953 2478 2006 τοῦτο
2511 1953 2584 2025 μὴ
2605 1953 2784 2022 λέγειν
2811 1955 2906 2009 δύο
2935 1956 3103 2018 Θεοὺς
3122 1995 3136 2020 ,
3191 1955 3304 2009 ἀλλ’
3333 1956 3428 2010 ἕνα
3455 1955 3610 2022 Θεὸν,
3671 1959 3794 2018 ἑνὸς

2203 2042 2355 2106 ὄντος
2377 2043 2550 2107 εἴδους
2573 2043 2842 2116 θεότητος,
2872 2048 2948 2110 ὠς
2981 2045 3098 2099 ἐστι
3147 2046 3208 2100 16
3245 2047 3361 2116 φῶς
3399 2048 3579 2101 καὶτὸ
3612 2050 3793 2102 ἀπαύ-

2203 2153 2394 2206 γασμα
2413 2151 2428 2167 ⁸
2457 2135 2615 2190 τοῦτο
2639 2137 2749 2208 γὰρ
2778 2137 2934 2210 ὤφθη
2966 2138 3042 2209 τῷ
3098 2141 3412 2213 πατριάρχῃ
3449 2140 3663 2205 Ἰακὼϐ,
3697 2144 3792 2195 καί

2205 2245 2369 2298 φησιν
2395 2230 2428 2298 ἡ
2456 2228 2668 2299 Γραφή·
2705 2249 2723 2281 ι
2766 2231 3025 2284 Ἀνέτειλε
3053 2232 3110 2285 δὲ
3166 2233 3316 2303 αὐτῷ
3346 2235 3375 2286 6
3401 2233 3571 2302 ἥλιος,
3624 2235 3793 2305 ἡνίκα

2205 2319 2452 2390 παρῆλθε
2481 2320 2543 2373 τὸ
2595 2317 2737 2385 εἶδος
2783 2321 2875 2374 τοῦ
2908 2322 3096 2376 Θεοῦ-ι
3137 2325 3231 2378 καὶ
3445 2325 3604 2378 τοῦτο
3651 2325 3790 2380 θεω-

2209 2409 2426 2479 ροῦντες
2447 2413 2496 2464 0i.
2531 2411 2674 2480 ἆγιοι
2705 2412 2982 2484 προφῆται
3015 2414 3108 2468 καὶ
3134 2413 3401 2479 νοοῦντες,
3436 2415 3581 2478 τίνος
3636 2417 3790 2469 ἐστὶν

2206 2503 2332 2566 mg
2383 2504 2477 2556 καὶ
2527 2503 2709 2570 εἰκὼν,
2766 2504 2971 2574 ἔλεγον·
3009 2524 3027 2555 ι
3077 2506 3324 2574 Ἐγένετο
3383 2507 3554 2575 Λόγος
3581 2508 3788 2580 Κυρίου

2205 2592 2342 2664 πρὸς
2369 2593 2490 2664 μέ.»
2523 2593 2882 2659 Γινώσκοντες
3037 2595 3128 2648 τὸν
3155 2597 3214 2648 ἑν
3241 2595 3392 2666 αὐτῷ
3417 2596 3790 2667 θεωρούμενον

2205 2684 2300 2739 καὶ
2357 2685 2876 2764 ἀποκαλυπτόμενον
2951 2688 3201 2758 Πατέρα,
3269 2688 3534 2760 ἐθάρρουν
3590 2691 3784 2742 εἰπεῖν·
3847 2703 3858 2711 ·

2211 2796 2230 2829 ι
2271 2777 2445 2849 Ὠφθη
2497 2777 2585 2848 μοι
2630 2781 2659 2833 6
2708 2780 2840 2844 Θεὸς
2889 2780 2998 2834 τῶν
3052 2781 3302 2848 πατέρων
3351 2781 3531 2851 ήμῶν,
3571 2783 3602 2834 6
3655 2782 3789 2847 Θεὸς

2220 2870 2488 2941 Ἀϐραὰμ,
2517 2871 2609 2924 καὶ
2822 2873 3006 2927 Ἰσαὰκ
3059 2874 3153 2926 καὶ
3210 2872 3456 2926 Ἰακώϐ.»
3495 2874 3701 2928 Τούτου
3733 2875 3789 2928 δὲ

2203 2958 2376 3025 οὕτως
2403 2961 2575 3026 ὄντος,
2604 2961 2692 3015 διὰ
2724 2962 2777 3014 τί
2826 2963 2918 3015 τὸν
2969 2963 3063 3016 Eva
3094 2963 3228 3016 ὄντα
3281 2961 3418 3034 πρὸς
3442 2963 3536 3017 τὸν
3568 2965 3792 3035 Πατέρα

2207 3054 2303 3108 καὶ
2328 3055 2672 3126 φαινόμενον.
2731 3054 2808 3118 ὼς
2856 3054 3002 3107 ἔστιν
3046 3057 3074 3109 6
3111 3054 3302 3126 Πατὴρ
3336 3093 3354 3119 ,
3523 3057 3668 3110 κατὰ
3695 3057 3792 3126 τὴν

2207 3147 2497 3218 ὁμοιότητα
2550 3147 2645 3199 καὶ
2703 3146 2829 3217 μίαν
2878 3145 3124 3216 θεότητα,
3183 3143 3562 3216 εὑλαόούμεθα
3618 3149 3794 3200 εἰπεῖν

2206 3237 2516 3307 ὁμοούσιον;
2541 3221 2603 3290 Ei
2631 3237 2727 3308 μὲν
2750 3237 2878 3309 γὰρ,
2912 3237 3101 3307 ὥσπερ
3135 3237 3348 3308 εἴρηται
3371 3237 3654 3301 πολλάκις,
3697 3239 3794 3292 οὐκ

2209 3326 2322 3396 ἔχει
2347 3325 2445 3396 τὴν
2478 3325 2717 3397 ἰδιότητα
2739 3327 2837 3398 τῆς
2872 3326 3144 3398 πατρικῆς
3186 3327 3396 3392 οὐσίας,
3423 3329 3543 3382 οὐδὲ
3565 3329 3662 3399 τὴν
3684 3331 3782 3398 ἑμ-

2210 3416 2434 3486 φέρειαν
2465 3417 2542 3480 ὼς
2591 3415 2742 3478 Υἱὸς,
2786 3416 2968 3480 καλῶς
3027 3415 3422 3486 εὐλαϐούμεθα·
3467 3417 3590 3470 εἰδὲ
3616 3416 3775 3469 τοῦτό

2200 3497 2318 3550 ἑστι
2347 3499 2408 3551 τὸ
2437 3500 2764 3567 φωτιστικὸν
2792 3499 2889 3554 καὶ
2940 3500 3334 3572 δημιουργικὸν
3375 3499 3439 3553 τὸ
3494 3497 3774 3551 ἰδιαίτατον

2196 3590 2290 3644 τοῦ
2317 3591 2549 3664 Πατρὸς,
2585 3585 2646 3645 οὗ
2672 3592 2802 3646 ἄνευ
2837 3592 2961 3646 οὕτε
3004 3592 3345 3664 δημιουργεῖ,
3377 3591 3501 3646 οὔτε
3523 3586 3784 3659 γινώσκε-

2197 3699 2286 3735 ται
2320 3681 2538 3752 (πάντα
2577 3683 2686 3754 γὰρ
2718 3685 2785 3737 δι’
2815 3683 2980 3737 αὐτοῦ
3030 3685 3125 3737 καὶ
3152 3687 3209 3738 ἑν
3237 3683 3389 3753 αὑτῷ
3421 3683 3746 3753 συνέστηκε)
3773 3695 3786 3708 ·

2196 3773 2286 3828 διὰ
2315 3774 2386 3837 τί,
2411 3774 2473 3827 τὸ
2497 3777 2732 3846 πρᾶγμα
2751 3774 3018 3840 νοοῦντες,
3060 3773 3476 3846 παραιτούμεθα
3505 3772 3606 3843 τὴν
3634 3771 3796 3824 τοῦτο

2201 3865 2574 3936 σημαίνουσαν
2633 3866 2778 3933 λέξιν
2833 3869 3044 3931 ειπεῖν;
3109 3867 3174 3920 Τί
3201 3872 3309 3938 γάρ
3346 3867 3466 3918 ἐστι
3513 3864 3578 3917 16
3615 3863 3797 3928 οὕτως

2197 3956 2436 4024 όμοφυὲς
2463 3955 2542 4026 τῷ
2570 3957 2744 4028 Πατρὶ
2777 3956 2810 4027 ἢ
2837 3956 3124 4028 ὁμοούσιον
3149 3955 3348 4023 αὐτοῦς
3383 3956 3458 4009 Οὐ
3488 3955 3598 4025 γὰρ
3635 3954 3800 4007 ἀλλό-

2198 4064 2350 4118 τριον
2376 4047 2452 4111 ὼς
2477 4048 2754 4118 ὐπουργοῢ
2786 4049 3040 4119 δεόμενος
3073 4048 3443 4121 προσελάϐετο
3479 4050 3507 4100 6
3539 4046 3679 4109 Θεὸς
3703 4047 3799 4098 τὸν

2200 4139 2350 4202 Υίὸν,
2381 4139 2503 4192 οὐδὲ
2534 4139 2603 4192 τὰ
2631 4142 2912 4212 ποιήματα
2940 4139 3120 4206 ίσάξια
3157 4140 3251 4194 τοῦ
3303 4140 3608 4202 κτίσαντος,
3649 4139 3798 4192 ὥστε

2197 4232 2463 4302 τιμᾶσθαι
2491 4232 2664 4286 ταῦτα
2693 4234 2770 4297 ὡς
2799 4235 3025 4295 ἐκεῖνον,
3087 4233 3122 4304 ἢ
3181 4232 3445 4304 νομίζειν,
3492 4232 3574 4283 ὅτι
3621 4230 3797 4284 ταῦτα

2199 4320 2294 4373 καὶ
2321 4321 2349 4373 ό
2371 4321 2561 4394 Πατὴρ
2586 4321 2647 4376 ἓν
2677 4324 2835 4376 εἰσιν.
2870 4323 2940 4375 Ἦ
2967 4322 3296 4394 τολμησάτω
3328 4338 3412 4385 τις
3439 4321 3655 4380 διελεῖν,
3699 4321 3796 4373 καὶ

2199 4413 2393 4476 εἰπεῖν,
2424 4413 2518 4466 δύο
2551 4413 2707 4482 φῶτα
2735 4411 2871 4468 εἶναι
2899 4412 2991 4467 16v
3019 4412 3173 4484 ἥλιον
3201 4412 3295 4466 καὶ
3327 4412 3388 4467 τὸ
3418 4411 3792 4483 ἀπαύγασμα,

2201 4504 2232 4574 ἢ
2263 4505 2458 4577 ἑτέραν
2489 4505 2612 4559 τινὰ
2634 4499 2775 4558 εἶναι
2822 4505 3032 4569 οὐσίαν,
3061 4504 3095 4576 ἢ
3147 4505 3230 4558 ὅτι
3265 4502 3682 4574 ἑπισυμϐέὸηκε
3733 4503 3795 4556 τὸ

2198 4598 2560 4668 ἀπαύγασμα,
2587 4600 2682 4652 καὶ
2707 4599 2781 4671 μὴ
2813 4596 3022 4653 ἁπλοῦν
3062 4592 3202 4652 εἶναι
3242 4599 3339 4652 καὶ
3393 4595 3635 4666 καθαρὸν
3665 4595 3794 4666 γέν-

2197 4707 2346 4759 νημα
2378 4691 2443 4742 ἑκ
2461 4689 2556 4743 τοῦ
2588 4689 2741 4760 ἡλίου
2788 4689 2967 4744 τοῦτο·
3014 4691 3158 4745 ὥστε
3185 4689 3277 4743 δύο
3331 4689 3431 4760 μὲν
3471 4684 3611 4743 εἶναι
3640 4689 3798 4759 ἥλιον

2198 4778 2293 4834 καὶ
2323 4779 2688 4851 ἀπαύγασμα,
2715 4780 2774 4834 ἓν
2799 4781 2857 4834 δὲ
2899 4781 2963 4835 τὸ
2996 4781 3134 4852 φῶς,
3200 4780 3290 4835 διὰ
3319 4781 3383 4835 τὸ
3409 4782 3472 4834 ἑκ
3510 4781 3608 4834 τοι)
3638 4780 3798 4851 ἡλίου

2197 4869 2336 4926 εῖναι
2363 4869 2522 4925 τοῦτο
2550 4871 2818 4944 γέννημα.
2851 4873 3122 4944 Τοιαύτης
3156 4873 3214 4927 δὲ
3240 4871 3410 4946 οὔσης
3437 4873 3532 4930 καὶ
3588 4872 3800 4942 μᾶλλον

2192 4961 2500 5034 ἀδιαιρέτου
2531 4962 2632 5033 τῆς
2677 4963 2892 5032 φύσεως
2948 4963 3043 5018 τοῦ
3080 4963 3211 5018 Υίοῦ
3394 4963 3534 5035 πρὸς
3552 4962 3648 5017 τὸν
3680 4963 3801 5017 Πα-

2191 5057 2346 5129 τέρα,
2387 5057 2483 5109 καὶ
2519 5056 2618 5110 οὐκ
2640 5057 3026 5128 ἑπισυμὸάσης
3075 5057 3176 5128 τῆς
3217 5055 3472 5127 θεότητος
3525 5053 3602 5122 τῷ
3651 5053 3817 5124 Υἱῷ(

2192 5151 2330 5205 ἀλλὰ
2351 5150 2453 5220 τῆς
2481 5151 2759 5222 πατρικῆς
2785 5150 3038 5221 θεότητος
3071 5149 3238 5221 οὔσης
3287 5150 3345 5202 ἑν
3374 5146 3454 5217 τῷ
3479 5146 3615 5217 Υίῷ,
3645 5146 3799 5200 ὥστε

2191 5241 2282 5294 τὸν
2304 5242 2586 5315 ἑωρακότα
2607 5243 2698 5294 τὸν
2721 5242 2848 5294 Υίέιν
2884 5243 3017 5314 ὁρᾷν
3050 5243 3108 5295 ἑν
3142 5241 3290 5312 αὐτῷ
3315 5240 3408 5293 τὸν
3440 5239 3687 5311 Πατέρα,
3702 5237 3800 5291 διὰ

2193 5334 2244 5387 τί
2277 5336 2306 5387 ὁ
2331 5334 2570 5398 τοιοῦτος
2603 5334 2678 5405 μὴ
2701 5333 2766 5387 ἂν
2794 5333 3004 5402 λέγοιτο
3037 5334 3354 5404 ὀμοούσιοςς

2391 5427 2548 5478 Ἐστι
2605 5425 2703 5496 μὲν
2904 5421 2998 5478 οὖν
3031 5424 3193 5479 ἱκανὰ
3255 5427 3348 5479 καὶ
3394 5423 3568 5478 ταῦτα
3599 5425 3798 5476 πεῖσαι

2195 5518 2358 5588 ὑμᾶς,
2397 5517 2472 5590 μὴ
2499 5521 2826 5589 κατηγορεῖν
2873 5517 2984 5570 τῶν
3018 5518 3340 5588 εἰρηκότων,
3370 5515 3658 5586 ὀμοούσιον
3714 5511 3804 5569 εἱσ-

2193 5627 2280 5663 ναι
2311 5610 2404 5662 τὸν
2437 5608 2566 5662 Υἱδν
2598 5609 2679 5680 τῷ
2709 5610 2904 5680 Πατρί·
2942 5610 3036 5664 καὶ
3079 5609 3251 5681 αὐτὴν
3279 5609 3336 5663 δὲ
3360 5609 3509 5680 ὅμως
3537 5607 3638 5679 τὴν
3692 5605 3799 5662 τώ

587 5776 606 5808 ⁸
643 5777 781 5834 Gen.
809 5798 975 5851 xxxn,
1009 5786 1097 5842 5t.
1177 5790 1196 5820 ’
1228 5791 1330 5844 lsa.
1366 5806 1586 5854 xxxrni,
1618 5791 1647 5843 4
1676 5809 1689 5856 ;
1722 5789 1832 5847 Jcr.
1865 5805 1904 5859 l,
1934 5790 1986 5846 2.
2016 5793 2091 5858 4,—

2217 5802 2326 5852 etc.
2401 5795 2421 5828 ⁸
2459 5795 2630 5852 Exod.
2660 5811 2746 5863 tu,
2779 5796 2859 5853 l9.
