4058 6438
447 405 546 467 ιρι

1695 395 2071 457 EUTlll’Mli
2116 397 2472 459 ZIGABENI

3603 401 3700 461 ΗΣ

444 517 617 567 tiones
644 511 959 573 retinenle=,
991 517 1142 562 orate
1178 516 1236 559 ut
1267 505 1379 575 iam
1415 513 1592 560 cesset
1645 494 1824 558 omnis
1885 516 2021 555 cun-

2156 508 2226 576 βη
2261 508 2393 561 ποτὲ
2423 507 2696 579 παύσηται
2730 510 2880 563 πᾶσα
2906 509 2966 561 λο
2997 509 3096 562 πον
3123 507 3237 576 ἔρις
3271 511 3366 562 καὶ
3391 510 3574 579 ζῆλος,
3603 513 3712 564 τῶν

446 605 616 661 teutio
645 614 698 659 et
730 603 898 667 zelus,
938 599 1431 666 haereticorumque
1451 596 1658 659 insanzn
1681 593 2020 664 quaestiones

446 704 500 749 et
547 712 652 749 una
709 696 888 749 omnis
970 690 1264 745 verborum
1321 687 1602 741 contentio
1668 685 2019 746 damnentur,

451 797 618 856 utque
653 785 858 840 nefaria
899 793 953 836 et
1019 780 1368 850 sanguinaria
1416 778 1740 831 Arianorum
1803 773 2023 828 haeresis

445 877 748 938 aboleatur,
783 875 838 926 in
875 874 1118 925 omnium
1143 885 1272 923 vero
1302 869 1560 922 cordibus
1583 867 1788 920 veritas
1807 864 2025 919 eluceat

449 971 522 1022 ita
549 976 610 1022 ut
639 979 829 1020 omnes
875 963 1074 1030 ubique
1109 960 1254 1014 idem
1295 959 1521 1022 dicant,
1564 957 1706 1011 idem
1759 956 2019 1012 sentiant:

447 1076 509 1115 ac
543 1059 688 1112 nulla
715 1057 974 1124 deinceps
1015 1053 1208 1106 relicta
1271 1052 1471 1105 Ariana
1532 1048 1894 1119 blasphemia,
1935 1062 2026 1117 per

452 1153 762 1206 universam
824 1147 1124 1201 Ecclesiam
1189 1143 1422 1206 dicatur,
1465 1149 1628 1211 atque
1661 1141 1717 1194 in
1773 1139 2028 1194 confesso

451 1243 721 1297 habeatur
755 1239 882 1293 illud
917 1255 930 1291 :
967 1256 984 1287 ε
1026 1238 1178 1292 Unus
1207 1234 1488 1295 Dominus.
1525 1249 1628 1286 una
1663 1231 1817 1295 ﬁdes,
1860 1246 2028 1285 unum

448 1334 719 1404 baptisma
778 1332 822 1395 ',
867 1347 886 1380 ι
929 1329 982 1381 in
1012 1328 1226 1382 Christo
1255 1325 1640 1380 JesuDomiuo
1662 1333 1876 1390 nostro,
1939 1325 2032 1378 cui

446 1425 614 1496 gloria
637 1433 694 1478 et
719 1421 1012 1491 imperium
1067 1419 1122 1473 in
1171 1420 1371 1473 saecula
1430 1417 1779 1470 saeculorum.
1837 1416 2032 1468 Amen.

449 1539 697 1607 Ejusdem
738 1535 985 1607 adversus
1041 1532 1276 1607 Ariona;
1320 1546 1415 1607 pro
1475 1529 1729 1607 Dionysio
1795 1531 2037 1598 episcopo

901 1599 1271 1656 Alexandriw'
1289 1599 1551 1669 apologia.

519 1699 689 1753 Judaei
717 1697 871 1759 olim,
902 1709 1028 1749 cum
1063 1709 1128 1748 ex
1151 1703 1261 1746 tam
1289 1691 1474 1746 multis
1491 1691 1657 1745 rebus
1679 1689 2036 1756 admirandis,

448 1807 585 1860 quas
636 1790 900 1844 Dominus
944 1786 1199 1849 faciebat,
1261 1793 1620 1852 agnoscerent
1679 1782 1855 1852 ipsum
1909 1797 2033 1837 esse

2132 615 2191 650 τε
2219 600 2520 670 αἱρετικῶν
2546 602 2601 654 αἱ
2628 603 2814 672 μωραὶ
2846 601 3107 670 ζητήσεις
3143 602 3590 670 καταγνωθῶσι,
3618 605 3710 656 καὶ

2137 691 2285 742 πᾶσα
2319 691 2626 760 λογομαχία
2647 707 2660 720 ⁸
2699 691 2794 744 καὶ
2824 692 2857 762 ή
2894 691 2992 760 μὲν
3031 690 3351 759 δυσώνυμος
3383 692 3475 743 καὶ
3510 689 3714 760 ἀνθρω-

2137 781 2397 844 ποκτόνος
2428 781 2538 834 τῶν
2582 781 2875 852 Ἀρειανῶν
2902 782 3113 851 αἵρεσις
3148 778 3554 849 ἐξιφανισθείη,
3581 781 3716 832 ἁνα-

2135 873 2372 944 λάμψειε
2401 874 2458 928 δὲ
2487 874 2705 926 πάντων
2736 876 2793 926 ἐν
2820 876 2937 936 ταῖς
2968 874 3221 942 καρδίαις
3254 874 3286 942 ἡ
3311 871 3558 937 ἀλήθεια,
3578 869 3719 923 ὥστε

2138 959 2349 1026 πάντας
2403 964 2678 1034 πανταχοῦ
2738 965 2797 1016 τὸ
2859 965 2991 1018 αὐτὸ
3043 965 3244 1031 λέγειν,
3313 964 3407 1014 καὶ
3472 961 3532 1013 τὸ
3590 963 3723 1013 αὑτό

2151 1058 2366 1125 φρονεῖν
2387 1073 2398 1084 ·
2437 1057 2708 1126 μηδεμιᾶς
2735 1056 2790 1109 δὲ
2819 1056 2896 1108 ἔτι
2928 1055 3395 1126 περιλειπομένης
3438 1053 3727 1122 Ἀρειανῆς

2140 1148 2515 1218 βλασφημίας,
2541 1150 2636 1202 καὶ
2662 1148 2884 1218 λέγηται
2910 1152 3004 1203 καὶ
3030 1148 3358 1219 ὁμολογῆται
3381 1146 3523 1198 κατὰ
3548 1147 3732 1197 πᾶσαν

2153 1240 2476 1311 Ἐκκλησίαν
2500 1257 2508 1268 ·
2537 1235 2660 1298 «lii;
2697 1239 2924 1310 Κύριος,
2948 1240 3046 1306 μία
3068 1241 3270 1302 πίστις,
3296 1238 3352 1289 ἓν
3377 1238 3688 1306 βάπτισμα,
3709 1254 3726 1284 ι

2140 1334 2198 1384 ἐν
2219 1310 2440 1401 Χριστῷ
2483 1331 2658 1401 Ἰησοῦ
2690 1332 2770 1401 τῷ
2807 1333 2996 1402 Κυρίῳ
3026 1331 3207 1400 ἡμῶν,
3349 1331 3382 1397 ἡ
3450 1310 3579 1391 δόξα
3632 1327 3736 1379 καὶ

2150 1425 2210 1475 τὸ
2254 1425 2457 1490 κράτος
2487 1425 2567 1486 εἰς
2597 1425 2722 1485 τοὺς
2767 1424 2970 1484 αἰῶνας
3005 1422 3112 1476 τῶν
3150 1420 3382 1474 αἰώνων.
3426 1421 3620 1490 Ἀμήν.

2155 1539 2264 1594 Τοῦ
2303 1540 2490 1594 αὑτοῦ
2524 1543 2676 1594 κατὰ
2721 1540 3040 1609 Ἀρειανῶν
3070 1539 3391 1609 ἀπολογίη,
3422 1537 3576 1603 ὑπὲρ
3601 1539 3739 1589 Δεο-

2287 1613 2504 1664 νινσίου
2560 1607 3037 1679 ἀρχιεπὶσκόπου
3103 1607 3584 1674 Ἀλεξανδρείας.

2216 1701 2280 1757 Oi
2321 1702 2488 1756 πάλαι
2532 1703 2777 1756 Ἰουδαῖοι
2819 1701 3059 1754 τοσαῦτα
3091 1701 3183 1755 τοῦ
3237 1701 3447 1769 Κυρίου
3495 1716 3739 1768 πεποιη-

2150 1797 2306 1858 κότος
2335 1794 2494 1865 ἔργα,
2524 1796 2590 1848 δι’
2635 1789 2710 1848 ὧν
2746 1795 3042 1863 ἐγνώριζον
3087 1794 3252 1847 αὑτὸν
3282 1788 3423 1847 εἶναι
3465 1793 3560 1844 τὸν
3590 1789 3738 1861 X9:-

449 1885 730 1939 Christum
768 1880 964 1935 Filium
1013 1878 1114 1934 Dei
1161 1877 1415 1940 viventis,
1451 1876 1520 1931 ab
1563 1891 1630 1930 eo
1694 1875 2038 1944 reprehensi.

2156 1888 2275 1940 στὸν
2294 1889 2387 1942 τὸν
2421 1889 2547 1940 Υἰὸν
2569 1887 2662 1940 τοῦ
2681 1887 2812 1941 Θεοῦ
2837 1888 2930 1940 τοῦ
2959 1887 3182 1951 ζῶντος,
3210 1885 3563 1953 ἐλεγχόμενοι
3596 1883 3738 1951 παρ’

450 1991 550 2030 nec
589 1972 1107 2044 reprehensionibus
1156 1969 1303 2024 illius
1350 1968 1596 2022 valentes
1619 1967 1913 2033 obsistere,
1971 1982 2038 2021 eo

450 2066 857 2138 confugiebant,
894 2074 955 2118 ut
990 2062 1240 2118 dicerent
1294 2060 1499 2115 habere
1533 2075 1591 2114 se
1631 2068 1836 2130 patrem
1872 2059 2040 2114 Abra-

455 2163 602 2225 ham,
631 2168 685 2215 et
714 2157 833 2228 ejus
870 2156 1194 2211 auctoritate
1218 2152 1627 2222 improbitatem
1659 2167 1814 2205 suam
1851 2160 2035 2216 tegere

454 2253 819 2306 conabantur.
853 2248 1056 2303 Verum
1089 2246 1545 2318 quemadmodum
1575 2260 1638 2299 ea
1687 2262 1744 2298 re
1779 2245 1916 2298 nihil
1958 2245 2036 2298 illi

457 2343 840 2413 proficiebant,
875 2343 954 2396 sic
985 2340 1072 2394 isti
1101 2354 1270 2404 nunc,
1311 2338 1404 2408 qui
1446 2347 1702 2406 tanquam
1744 2336 1914 2390 Judaei
1967 2337 2034 2390 ad

455 2436 768 2508 Dionysium
801 2433 1143 2505 confugiunt,
1188 2446 1298 2487 non
1339 2429 1623 2487 evitahuut
1666 2430 1936 2494 eamdem,
1984 2430 2038 2482 in

454 2546 618 2600 quam
670 2529 746 2583 illi
800 2527 1138 2590 inciderunt,
1195 2522 1737 2578 condemnationem.
1805 2519 1937 2590 Nam
1982 2529 2036 2573 et

454 2598 576 2677 illos
599 2620 882 2680 Dominus.
911 2619 982 2671 ob
1003 2633 1066 2671 ea
1090 2631 1209 2685 quae
1231 2623 1421 2670 contra
1441 2614 1612 2682 legem
1649 2598 2035 2672 admittebant,

457 2710 834 2782 reprehendit,
889 2707 1022 2772 Hoc,
1047 2706 1322 2775 inquiens,
1350 2703 1623 2756 Abraham
1653 2718 1753 2753 non
1782 2701 1926 2769 fecit.
1974 2700 2040 2753 Et

457 2807 590 2856 istos
661 2798 858 2868 impios
945 2807 1107 2864 atque
1187 2793 1480 2846 mendaces
1578 2789 1768 2844 eadem
1852 2803 2043 2843 rursus

459 2893 660 2946 veritas
692 2888 1083 2960 reprehendet,
1109 2885 1414 2954 Dionysius,
1446 2883 1722 2952 inquiens,
1750 2883 2043 2954 episcopus

462 2999 641 3053 neque
671 2982 917 3053 probavit
943 2978 1270 3035 sententiam
1344 2977 1484 3041 Arii,
1529 2991 1707 3044 neque
1756 2975 2042 3028 veritatem

461 3076 759 3146 ignoravit.
818 3075 988 3128 Aiunt
1026 3071 1191 3142 igitur
1243 3069 1490 3124 veritatis
1560 3067 1789 3132 inimici,
1819 3061 2041 3122 beatum

461 3165 773 3238 Dionysium
795 3165 850 3217 in
880 3161 1108 3233 epistola
1138 3158 1370 3229 quadam
1401 3157 1689 3227 scripsisse
1718 3156 1809 3210 Dei
1839 3154 2042 3210 Filium

2147 1977 2336 2045 αὑτοῦ,
2372 1978 2468 2032 καὶ
2501 1979 2577 2048 μὴ
2624 1978 2912 2046 δυνάμενοι
2949 1975 3084 2046 πρὸς
3108 1979 3236 2039 τοὺς
3281 1974 3542 2044 ἐλέγχους
3573 1976 3737 2026 ἀντι·

2150 2070 2394 2136 ϐλέπειν,
2423 2071 2501 2132 εἰς
2532 2073 2621 2122 τὸν
2657 2069 3007 2138 πατριάρχην
3036 2067 3378 2135 κατέδραμον
3429 2064 3695 2130 λέγοντες
3719 2081 3731 2092 ·

2157 2162 2358 2232 Ἡμεῖς
2383 2161 2608 2229 πατέρα
2637 2160 2855 2230 ἔχομεν
2882 2160 2988 2212 τὸν
3027 2160 3301 2226 Ἀϐραὰμ,
3325 2155 3636 2226 νομίζοντες
3681 2159 3740 2208 ἐν

2147 2257 2322 2326 τούτῳ
2356 2254 2618 2308 δύνασθαι
2661 2255 2758 2321 τὴν
2803 2253 3030 2315 ἀλογίαν
3060 2250 3270 2304 ἑαυτῶν
3302 2247 3740 2302 ἐπικαλύπτεεν.

2160 2351 2302 2405 Ἀλλ’
2330 2349 2455 2403 οὔτε
2487 2351 2685 2402 ἐκεῖνοι
2714 2346 2876 2400 τοῦτο
2897 2336 3146 2415 λέγοντες
3170 2344 3392 2415 ὢνησάν
3419 2361 3491 2408 τι,
3524 2341 3646 2396 οὔτε
3689 2345 3741 2398 οἰ

2148 2445 2242 2499 νῦν
2300 2442 2548 2498 Ἰουδαῖοι
2597 2440 2877 2494 Διονύσιον
2931 2438 3311 2508 ὀνομάζοντες,
3355 2437 3582 2507 φεύγειν
3628 2439 3744 2507 τὴν

2149 2537 2340 2607 ὁμοίαν
2368 2537 2599 2597 ἐκείνοις
2630 2533 2813 2586 αἰτίαν
2845 2533 3194 2602 δυνήσονται.
3236 2532 3348 2586 Καὶ
3379 2531 3488 2598 γὰρ
3539 2533 3742 2584 κάκεί-

2149 2643 2281 2689 νοις,
2315 2627 2400 2694 ἐφ’
2434 2618 2514 2687 οἷς
2542 2625 2916 2695 παρηνόμουν,
2946 2623 3174 2695 ἧλεγξεν
3207 2625 3234 2678 ὀ
3261 2624 3465 2694 Κύριος
3497 2624 3684 2690 λέγων
3721 2637 3738 2653 ο

2155 2715 2334 2768 Τοῦτο
2376 2715 2627 2782 Ἀϐραὰμ
2657 2716 2769 2766 οὐκ
2793 2714 2929 2766 ἐποί
2939 2730 3070 2779 “crs,
3099 2715 3194 2766 καὶ
3216 2715 3438 2776 τούτους
3464 2713 3744 2767 ἀσεϐοῦν-

2149 2823 2247 2869 τας
2277 2805 2372 2858 καὶ
2399 2804 2767 2876 ψευδομένους
2807 2807 2841 2875 η
2878 2806 3018 2874 αὑτὴ
3049 2806 3213 2858 πάλιν
3245 2805 3476 2874 ἀλήθεια
3520 2804 3744 2872 διελέγ-

2151 2914 2258 2966 χει,
2316 2895 2399 2947 ὅτι
2454 2896 2522 2947 τὰ
2584 2895 2796 2964 Ἀρείου
2854 2894 3135 2956 Διονύσιος
3170 2895 3197 2944 ὀ
3247 2893 3549 2954 ἐπίσκοπος
3605 2890 3741 2942 οὕτε

2152 2987 2478 3058 ἐφρόνησεν,
2511 2985 2636 3039 οὔτε
2673 2985 2771 3056 τὴν
2818 2986 3080 3055 ἀλήθειαν
3120 2984 3378 3054 ἠγνόησε.
3421 2983 3594 3035 Φασὶν
3641 2981 3740 3036 οὖν

2153 3078 2204 3129 οἰ
2235 3077 2418 3146 ἐχθροὶ
2472 3076 2568 3145 τῆς
2621 3076 2881 3144 ἀληθείας
2915 3076 2972 3129 ἐν
3025 3073 3287 3144 ἐπιστολῇ
3320 3074 3408 3126 τὸν
3452 3074 3738 3144 μακάριον

2154 3167 2428 3220 Διονύσιον
2475 3169 2754 3238 εἰρηκέναι
2807 3167 3014 3236 ποίημα
3045 3167 3141 3220 καὶ
3176 3168 3426 3236 γέννημα
3461 3162 3606 3218 εἰναι
3644 3165 3736 3217 τὸν

463 3262 694 3323 factum,
759 3267 816 3312 et
890 3263 1137 3310 creatum
1209 3265 1351 3317 esse,
1434 3263 1613 3318 neque
1672 3256 1866 3302 natura
1925 3262 2044 3303 esse

2160 3263 2281 3314 Υἰὸν
2317 3261 2408 3314 τοῦ
2440 3229 2598 3323 Θεοῦ,
2639 3261 2774 3331 μήτε
2806 3260 2862 3311 δὲ
2891 3229 3052 3328 τρύσει
3080 3229 3230 3324 ῐδιον,
3263 3229 3400 3311 ἀλλὰ
3427 3258 3580 3324 ξένον
3609 3255 3732 3310 κατ’

469 3350 772 3420 proprium,
807 3347 902 3402 sed
957 3361 984 3398 a
1048 3343 1202 3398 Paris
1249 3343 1485 3397 essentia
1555 3339 1817 3404 alienum,
1875 3339 2049 3392 instar

467 3441 748 3513 agricolae,
783 3448 880 3492 aut
903 3438 1125 3491 navium
1158 3433 1532 3497 labricatoris,
1556 3433 1598 3487 si
1635 3433 1725 3487 ille
1755 3449 1880 3488 cum
1919 3433 2046 3496 vite,

473 3535 565 3588 hic
592 3548 715 3587 cum
749 3529 967 3600 navigio
1008 3538 1375 3597 comparetur.
1416 3525 1654 3590 Etenim,
1689 3527 1813 3596 quia
1870 3525 2049 3579 factus

470 3637 574 3692 est,
598 3625 911 3696 priusquam
935 3621 1107 3681 ﬁeret,
1132 3636 1238 3675 nou
1262 3620 1450 3675 fuisse.
1474 3619 1588 3674 Hoc
1611 3635 1733 3672 eum
1768 3617 2052 3687 Dionysius

474 3718 853 3779 intellexisset,
927 3713 1294 3768 sollicitudine
1369 3712 1514 3766 enim
1575 3709 1935 3772 adiciebatur,
1994 3719 2054 3762 ut

474 3815 636 3873 hanc,
667 3809 748 3863 sic
795 3807 931 3861 alias
986 3804 1253 3875 plurimas
1311 3801 1531 3872 scripsit
1576 3801 1860 3871 epistolas,
1916 3816 2052 3870 quas

474 3904 690 3971 quidem
718 3897 979 3969 epistolas
1012 3897 1190 3964 legere
1224 3895 1533 3965 oportebat,
1569 3903 1630 3948 ut
1662 3908 1728 3948 ex
1767 3892 2044 3953 omnibus,

474 4011 584 4050 non
616 4001 798 4048 autem
832 4005 898 4044 ex
936 4003 1048 4044 una
1071 3987 1183 4042 sola
1202 3985 1338 4041 (ich
1373 3985 1609 4041 hominis
1647 3990 2053 4056 agnosceretur.

479 4088 608 4140 Nam
639 4095 694 4140 et
721 4083 942 4137 navium
991 4079 1358 4140 l‘abrieatoris,
1401 4077 1492 4146 qui
1556 4077 1806 4130 triremes
1854 4074 2052 4127 multas

477 4174 851 4234 exaedificavit,
913 4187 1001 4224 ars
1055 4184 1162 4223 nou
1216 4183 1280 4222 ex
1343 4183 1470 4227 una,
1534 4166 1630 4220 sed
1685 4179 1747 4218 ex
1800 4163 2056 4218 omnibus

480 4264 802 4337 perSpicitur
844 4269 897 4313 et
935 4257 1235 4328 iudicatur.
1291 4255 1348 4309 Si
1398 4255 1561 4325 igitur
1591 4269 1656 4307 eo
1707 4253 1956 4315 consilio,
1999 4261 2057 4305 ut

471 4359 635 4412 tidem
674 4369 824 4408 suam
858 4359 1178 4421 exponeret,
1206 4363 1364 4418 quam
1401 4347 1490 4401 isti
1519 4347 1728 4411 dicunt,
1765 4344 2050 4415 epistolam

479 4448 716 4519 scripsit,
740 4456 831 4499 aut
849 4444 1020 4498 solam
1045 4442 1184 4496 hanc
1207 4441 1444 4511 scripsit,
1475 4442 1750 4494 hominem
1774 4445 2050 4500 accusent,

2154 3353 2340 3406 οὐσίαν
2403 3353 2566 3406 αὑτὸν
2610 3347 2750 3406 εἰναι
2803 3349 2897 3404 τοῦ
2953 3350 3202 3421 Ματρὸς,
3250 3349 3439 3417 ῶσπερ
3499 3351 3648 3401 ἐστὶν
3702 3350 3729 3400 ό

2155 3447 2398 3516 γεωργὸς
2431 3447 2563 3513 πρὶς
2595 3445 2691 3514 τὴν
2725 3445 2989 3513 ἄμπελον,
3024 3442 3118 3494 καὶ
3139 3445 3165 3494 ὁ
3186 3442 3466 3510 ναυπηγὸς
3506 3441 3634 3506 πρὸς
3662 3441 3720 3491 τὸ

2158 3538 2384 3604 σκάφος.
2421 3534 2522 3588 Καὶ
2554 3537 2663 3604 γὰρ
2693 3534 2764 3595 ὡς
2794 3533 3005 3603 ποίημα
3029 3534 3159 3602 πρὶν
3179 3533 3426 3601 γένηται,
3449 3532 3527 3584 ναὶ
3553 3530 3715 3597 Expa-

2153 3630 2273 3699 ψεν,
2314 3627 2688 3697 ὁμολογοῦμεν
2721 3626 2816 3678 καὶ
2852 3627 3008 3695 ἡμεῖς
3043 3622 3183 3678 εἷναι
3216 3623 3474 3691 τοιαύτην
3511 3625 3718 3673 immo-

2154 3723 2253 3785 λὴν
2286 3718 2475 3773 αὐτοῦ.
2528 3718 2669 3770 Ἀλλ’
2702 3717 2892 3786 ὥσπερ
2928 3719 3133 3786 ταύτην
3161 3716 3423 3784 ἔγραψεν,
3455 3713 3602 3766 οὕτω
3637 3713 3729 3764 καὶ

2157 3815 2349 3881 ἐτέρας
2382 3809 2639 3870 πλείστας
2672 3807 2960 3868 ἐπιστολὰς
2986 3807 3217 3876 ἔγραψε,
3244 3809 3337 3861 καὶ
3367 3806 3448 3859 δεῖ
3473 3806 3568 3858 καὶ
3597 3805 3734 3858 ταύ-

2155 3920 2274 3965 ταις
2301 3905 2544 3971 ἐντυχεῖν
2578 3903 2797 3964 αὑτοὺς,
2844 3900 2931 3953 ἵνα
2973 3901 3036 3952 ἐκ
3072 3900 3286 3963 πασῶν,
3320 3901 3414 3950 καὶ
3451 3897 3528 3968 μὴ
3572 3900 3738 3967 μόνον

2157 3999 2220 4047 εκ
2248 3997 2346 4065 τῆς
2373 3995 2500 4063 μιᾶς
2535 3993 2566 4061 ἡ
2604 3992 2782 4052 πίστις
2811 3991 3086 4062 γνωρισθῇ
3125 3989 3219 4043 τοῦ
3246 3989 3458 4060 ἀνδρός.
3485 3990 3600 4042 Καὶ
3627 3991 3741 4060 γὰρ

2159 4089 2253 4140 καὶ
2304 4085 2588 4155 ναυπηγοῦ
2641 4085 2840 4148 πολλὰς
2887 4077 3143 4154 τριήρεις
3194 4084 3743 4144 κατασκευάσαντος,

2157 4179 2255 4231 οὒκ
2289 4181 2352 4231 ἐκ
2379 4177 2533 4246 μιᾶς,
2554 4175 2671 4228 ἀλλ’
2693 4178 2756 4228 ἐκ
2784 4176 2973 4228 πασῶν
2998 4177 3031 4244 ἠ
3057 4173 3248 4226 τούτου
3279 4173 3438 4243 τέχνη
3464 4173 3744 4242 κρίνεται.

2159 4270 2223 4323 Εἰ
2258 4268 2356 4338 μὲν
2402 4263 2497 4321 οὖν
2526 4267 2713 4330 ἁπλῶς
2755 4266 2830 4329 ῶς
2862 4267 3044 4319 πίστιν
3087 4265 3435 4334 ἐκτιθέμενος
3466 4265 3745 4334 ἔγραψεν,

2158 4363 2226 4434 ἢν
2270 4361 2523 4428 λέγουσιν
2572 4358 2889 4428 ἐπιστολὴν,
2939 4359 2990 4410 εί
3033 4359 3200 4428 μόνην
3249 4358 3454 4421 ταύτην
3499 4356 3748 4427 ἔγραψε,

2163 4449 2644 4520 κατηγορείτωσαν
2673 4449 2748 4510 ώς
2780 4445 3062 4516 βούλονται
3083 4460 3096 4473 '
3126 4446 3433 4515 κατηγορία
3463 4446 3573 4514 γὰρ
3605 4445 3749 4513 ἁλη-

480 4550 539 4593 ut
564 4539 781 4601 volunt;
814 4531 1086 4604 ejusmodi
1116 4531 1262 4585 enim
1309 4529 1497 4601 opinio
1556 4545 1684 4583 vere
1736 4537 1820 4582 est
1871 4541 2044 4597 repre-

2165 4546 2271 4609 θῶς
2308 4545 2368 4596 τὸ
2399 4541 2640 4596 τοιοῦτον
2674 4540 2953 4609 φρόνημα.
3002 4540 3066 4591 Εἰ
3100 4538 3156 4590 δὲ
3192 4537 3387 4606 καιροῦ
3432 4540 3525 4588 καὶ
3563 4553 3752 4604 προσ-

475 4627 791 4684 ηιιοηοεηόο.
840 4623 938 4678 Sin
978 4621 1192 4676 occasio
1233 4623 1494 4689 temporis
1530 4629 1581 4674 et
1610 4624 1868 4689 personae;
1899 4617 2059 4671 traxit

479 4724 547 4776 ad
607 4720 740 4774 illud
799 4717 1172 4791 scribendmn,
1237 4723 1292 4768 et
1319 4715 1453 4767 alias
1517 4729 1735 4769 rursum
1802 4713 2060 4781 epistolas

481 4812 723 4881 scripsit,
753 4808 952 4878 quibus
974 4809 1094 4874 ejus
1119 4806 1366 4859 criminis
1393 4805 1763 4874 suspicionem
1791 4803 2059 4867 diluebat,

488 4901 616 4971 quid
642 4900 837 4953 mirum
870 4895 1129 4951 videtur?
1160 4895 1226 4949 Et
1255 4895 1494 4964 agricola
1533 4910 1633 4964 pro
1655 4894 1770 4965 agri
1802 4895 2064 4963 qualitate

482 5007 632 5048 nunc
669 4993 827 5054 hanc,
877 5003 1023 5041 nunc
1051 4988 1195 5039 illam
1240 4989 1491 5039 arborem
1539 4995 1716 5050 curat,
1754 5000 1856 5039 nec
1903 4986 1973 5039 ob
2007 4985 2062 5039 id

484 5083 735 5150 cuiquam
798 5077 1299 5148 reprehendendus,
1357 5077 1450 5130 sed
1524 5077 1708 5145 potius
1760 5076 1831 5132 ob
1888 5084 2061 5130 artem

484 5171 836 5241 multiplicem
872 5169 1228 5224 admirandus
1257 5167 1622 5223 existimatur.

556 5373 614 5426 ln
684 5364 986 5436 superioris
1055 5363 1234 5434 Libya:
1287 5363 1570 5432 Pentapoli
1636 5373 1767 5418 tunc
1822 5361 2064 5432 episcOpi

485 5463 704 5536 quidam
740 5456 1029 5528 opiniones
1081 5456 1298 5509 Sabellii
1362 5457 1676 5519 tuebantur,
1741 5464 1798 5508 et
1833 5453 2065 5506 fallaciis

487 5553 602 5608 suis
635 5558 841 5604 tantum
881 5544 1195 5606 effecerant,
1228 5553 1287 5598 ut
1348 5561 1516 5615 prOpc
1559 5546 1669 5612 jam
1714 5544 1768 5596 iu
1827 5541 2068 5595 ecclesiis

492 5644 585 5696 Dei
614 5641 782 5696 Filius
822 5637 1054 5707 amplius
1095 5651 1205 5690 non
1262 5635 1671 5704 prmdicarctur.
1724 5632 1878 5695 Quod
1943 5645 2067 5683 eum

493 5735 774 5804 Dionysius
809 5731 1129 5801 accepisset,
1179 5731 1434 5799 quoniam
1477 5738 1529 5783 ct
1589 5743 1774 5782 earum
1814 5725 2070 5781 ecclesia-

565 5851 580 5880 ³
612 5847 817 5916 Ephcs.
848 5862 921 5911 tv,
955 5847 1006 5899 5.

2162 4637 2313 4689 ώπου
2365 4635 2637 4704 πρόφασις
2693 4631 2946 4682 εἵλκυσεν
3001 4630 3162 4681 αὑτὸν
3215 4628 3440 4680 τοιαῦτα
3501 4626 3749 4697 γράψαι,

2164 4726 2370 4797 ἔγραψε
2402 4725 2457 4777 δέ
2495 4723 2659 4776 πάλιν
2690 4726 2783 4774 καὶ
2829 4721 2998 4784 ἄλλας
3033 4721 3325 4783 ἐπιστολὰς
3355 4719 3627 4786 ἀπολογοῦ
3640 4737 3752 4788 με-

2163 4833 2252 4877 νος
2286 4816 2412 4884 περὶ
2461 4809 2537 4869 ὧν
2567 4813 2918 4883 ὑπωπτεύθη,
2971 4815 3023 4864 τί
3069 4816 3292 4879 καινόν;
3330 4814 3439 4866 Καὶ
3483 4813 3592 4882 γὰρ
3645 4815 3754 4867 καὶ

2165 4906 2410 4977 γεωργὸς
2455 4905 2564 4958 τῶν
2597 4907 2777 4957 αὐτῶν
2820 4905 3055 4975 δένδρων
3103 4905 3292 4957 ἄλλοτε
3338 4905 3514 4966 ἄλλως
3543 4907 3757 4973 ἐπιμε-

2166 5004 2338 5052 λεῖται
2371 5000 2462 5053 διὰ
2500 4999 2598 5069 τὴν
2641 4999 3009 5068 ὑποκειμένην
3041 5000 3138 5068 τῆς
3170 4999 3272 5067 γῆς
3313 4997 3595 5066 ποιότητα,
3623 5001 3756 5058 exat

2167 5092 2228 5143 σὺ
2266 5091 2355 5143 διὰ
2390 5092 2551 5143 τοῦτο
2609 5091 2870 5161 μέμψαιτ’
2930 5090 2994 5142 ἄν
3031 5107 3109 5152 τις
3146 5089 3312 5158 αὐτῷ,
3360 5090 3494 5142 ἀλλὰ
3535 5089 3755 5158 μᾶλλον

2171 5186 2357 5258 μαθὼν
2388 5186 2485 5256 τὴν
2520 5185 2701 5238 αἰτίαν
2738 5186 3010 5255 θαυμάσει
3055 5187 3114 5235 τὸ
3164 5182 3409 5236 ποικίλον
3443 5185 3540 5251 τῆς
3571 5183 3753 5236 αὑτοῦ

2170 5281 2504 5350 ἐπιστήμης.

2253 5373 2340 5426 Ἐν
2375 5374 2711 5425 Πενταπόλει
2745 5372 2842 5440 τῆς
2885 5371 2996 5424 ἄνω
3030 5371 3236 5438 Λιϐύης
3265 5367 3573 5437 τηνικαῦτά
3599 5385 3753 5432 τινες

2172 5465 2280 5516 τῶν
2311 5465 2625 5516 ἐπισκόπων
2650 5464 2953 5531 ἐφρόνησαν
2983 5470 3050 5515 τὰ
3091 5462 3402 5525 Σαῦελλίου,
3431 5458 3523 5511 καὶ
3553 5460 3752 5513 τοσοῦ-

2175 5575 2264 5609 τον
2297 5557 2527 5626 ἴσχυσαν
2561 5559 2678 5617 ταῖς
2710 5554 3044 5617 κακονοίαις,
3079 5555 3154 5616 ώς
3183 5554 3365 5620 ὀλίγου
3391 5553 3501 5604 δεῖν
3541 5553 3752 5619 μηκέτι

2178 5653 2232 5700 ὲν
2268 5652 2386 5710 ταῖς
2419 5647 2742 5716 ἐκκλησίαις
2787 5645 3151 5715 κηρύττεσθαι
3184 5649 3274 5698 τὸν
3300 5645 3428 5699 Υἰόν
3458 5644 3551 5696 τοῦ
3579 5642 3753 5702 Θεοῦ,

2173 5741 2345 5793 Teia-.0
2379 5739 2566 5811 μαθὼν
2608 5738 2902 5805 Διονύσιος,
2946 5741 3108 5804 αὐτὸς
3150 5739 3256 5808 γὰρ
3307 5734 3417 5808 εἶχε
3452 5737 3550 5804 τὴν
3591 5738 3754 5806 μέρει
