4058 6398
420 380 524 443 697

1381 385 1753 445 PANOPLIA
1800 385 2258 447 DUGMATICA.
2307 416 2375 429 —
2412 389 2559 449 TlT.
2601 389 2707 449 Χί.

3574 382 3681 447 498

417 494 733 564 λεγομένων
761 494 1055 562 σημασίαν,
1089 498 1179 548 καὶ
1208 498 1234 547 6
1261 496 1325 548 τὰ
1354 493 1669 565 ἀνθρώπινα
1700 493 1791 547 τοῦ
1820 494 1991 559 Λόγου

2106 495 2440 553 humanitate
2471 499 2590 567 ejus
2622 497 2963 552 divinitatem
2995 512 3102 549 non
3130 495 3362 565 ignoret,
3405 501 3457 547 ct
3492 493 3583 563 qui
3612 492 3679 549 de

417 586 670 658 γράφων,
701 583 807 640 οἶδε
834 586 928 639 καὶ
960 587 1025 640 τὰ
1058 590 1182 658 περὶ
1212 589 1309 656 τῆς
1346 588 1596 655 Εεότητος
1623 584 1808 640 αὑτοῦ.
1854 584 1909 637 Ὀ
1940 584 1997 637 δὲ

417 679 549 748 περὶ
587 681 685 748 τῆς
732 678 984 750 θεότητος
1021 677 1381 749 ἐξηγούμενος
1417 678 1516 731 οὐκ
1550 678 1734 743 ἀγνοεῖ
1766 677 1845 737 ζτὰ
1884 673 1997 725 ίδια

416 774 521 841 τῆς
568 771 833 841 ἒνσάρκου
904 772 1204 840 παρουσίας
1242 770 1403 822 αὐτοῦ
1430 811 1442 833 ,
1490 769 1606 821 ἀλλ’
1637 754 1878 818 ἕκαστον
1922 765 1997 826 ὡς

420 864 751 934 ἐπιστήμων
786 864 882 916 καὶ
920 863 1141 930 δόκιμος
1171 861 1505 931 τραπεζίτης
1535 859 1827 927 διακρίνων
1848 896 1862 919 ,
1898 856 1997 925 τὴν

416 955 704 1009 εὐσέϐειαν
740 956 1204 1025 βαδιεῖται.”οταν
1230 954 1359 1022 γοῦν
1380 953 1540 1006 αὑτὸν
1565 952 1821 1005 κλαίοντα
1841 951 1994 1023 λέγῃ,

415 1041 583 1110 οἶδεν,
610 1047 693 1098 δτι
722 1046 1011 1115 ἄνθρωπος
1032 1046 1323 1113 γενόμενος
1352 1047 1379 1097 6
1409 1043 1635 1112 Κύριος,
1669 1042 1909 1095 δείκνυσι
1937 1041 1998 1095 τὸ

420 1136 521 1204 μιν
555 1136 767 1190 κλαίειν
796 1134 1109 1207 ἀνθρώπου,
1146 1135 1351 1204 ἐγείρει
1382 1134 1437 1187 δὲ
1468 1133 1720 1201 Λάζαρον
1743 1132 1816 1194 ὼς
1843 1131 1993 1194 Θεός.

418 1228 531 1279 Καὶ
573 1226 850 1281 πεινῶντα
901 1227 1019 1296 μὲν,
1065 1226 1161 1280 καὶ
1198 1224 1437 1295 διψῶντα
1491 1221 1599 1278 οίδε
1648 1224 1995 1293 σωματικῶς,

422 1318 620 1380 eam;
651 1318 707 1371 δὲ
743 1319 1076 1388 χορτάζοντα
1107 1318 1216 1371 ἀπὸ
1246 1318 1405 1370 πέντε
1435 1318 1618 1387 ἄρτων
1648 1333 1994 1385 πεντακισχι-

2103 590 2203 643 hac
2230 590 2490 658 disputat,
2512 604 2572 643 ea
2590 604 2711 659 quae
2728 587 2900 658 ipsius
2923 588 2976 642 in
2992 601 3154 641 carne
3172 586 3442 640 adventus
3459 582 3677 655 propria

2100 691 2249 743 sunt,
2286 684 2441 743 sciat,
2477 690 2531 736 et
2556 682 2610 735 in
2644 692 2875 749 utroque
2917 689 3173 749 tanquam
3204 677 3414 748 peritus
3467 685 3522 730 et
3549 688 3675 744 pro-

2101 772 2260 825 batus
2293 772 2488 842 aliquis
2545 770 2943 824 nummularius
2971 768 3180 839 judicio
3211 782 3311 822 suo
3361 778 3679 837 germanam

2101 864 2358 934 pietatem
2419 863 2665 933 explorat
2708 874 2762 918 et
2814 864 3079 935 agnoscit.
3120 863 3302 928 Quare
3345 874 3474 914 cum
3524 858 3678 912 illum

2102 955 2325 1009 ﬂentem
2352 955 2597 1018 adducit,
2663 954 2810 1009 novit
2843 971 2966 1008 eum
3022 962 3080 1007 ut
3120 952 3397 1007 hominem
3430 949 3580 1011 flere,
3622 956 3683 1002 ut

2103 1046 2270 1100 Deum
2322 1057 2503 1102 tamen
2540 1063 2799 1101 revocare
2852 1045 3117 1101 Lazarum
3181 1045 3234 1098 in
3260 1044 3447 1099 vitam.
3506 1040 3680 1109 Quem

2101 1138 2437 1194 humanitate
2454 1139 2667 1194 esurire
2694 1138 2956 1208 sitireque
2995 1135 3397 1197 animadvertit,
3426 1134 3679 1190 eumdem

2101 1230 2393 1286 divinitate
2423 1232 2571 1287 videt
2597 1234 2836 1303 quinque
2871 1231 3102 1301 panibus
3121 1230 3362 1299 quinque
3390 1225 3677 1281 hominum

2102 1324 2266 1379 millia
2294 1339 2560 1380 saturare.
2611 1324 2767 1390 Quod
2835 1325 2891 1379 in
2920 1331 3273 1378 monumento
3328 1320 3564 1391 positum
3615 1327 3676 1371 ut

418 1410 586 1474 λίους.
620 1409 732 1463 Καὶ
762 1410 1015 1479 κείμενον
1046 1409 1145 1479 μὶν
1171 1406 1312 1463 οἶδεν
1344 1412 1400 1463 ὲν
1436 1409 1708 1479 μνημείῳ,
1738 1407 1810 1470 ὡς
1840 1407 1997 1476 σῶμα

2106 1432 2297 1484 corpus
2352 1417 2653 1471 humanum
2719 1415 2936 1485 aspicit,
2979 1414 3032 1468 id
3086 1421 3147 1467 ut
3192 1411 3285 1466 Dei
3343 1425 3544 1479 corpus
3600 1410 3683 1462 in—

420 1502 781 1570 ἁνθρώπινον,
816 1502 1165 1571 ἐγειρόμενον
1194 1501 1249 1554 δὲ
1281 1502 1353 1564 ὼς
1383 1497 1518 1552 Θεοῦ
1552 1499 1714 1566 σῶμα
1744 1498 1873 1568 παρ’
1902 1500 1997 1551 αὐ-

417 1593 514 1645 τοῦ
551 1593 644 1646 τοῦ
672 1595 867 1661 Λόγου,
901 1585 961 1646 οῦ
992 1595 1087 1647 καὶ
1116 1595 1341 1662 γέγονεν
1374 1592 1531 1664 σάρξ.

501 1686 561 1738 Ὀ
590 1687 687 1756 μὲν
715 1687 960 1755 γεωργὸς
994 1687 1142 1750 ξένος
1174 1687 1288 1739 ἐστὶ
1316 1688 1435 1740 κατ’
1464 1686 1652 1740 οὐσίαν
1684 1687 1780 1757 τῆς
1817 1684 1997 1751 ἀμπέ-

419 1777 534 1840 λου,
586 1778 655 1829 τὰ
706 1777 762 1830 δὲ
815 1778 1071 1846 κλήματα
1122 1777 1379 1847 ὀμοούσια
1425 1780 1519 1833 καὶ
1571 1777 1846 1847 συγγενῆ,
1899 1776 1994 1829 καὶ

418 1868 702 1937 ἀδιαίρετα
746 1867 846 1935 τῆς
868 1868 1113 1937 ἀμπέλου
1144 1860 1494 1937 τυγχᾶνουσι,
1528 1867 1621 1921 καὶ
1657 1869 1787 1937 μίαν
1814 1868 1995 1937 ἔχουσι

422 1964 518 2011 καὶ
543 1960 641 2028 τὴν
667 1959 838 2028 αὐτὴν
868 1960 1085 2027 γένεσιν
1111 1960 1250 2013 αὑτά
1277 1976 1334 2012 τε
1364 1960 1457 2013 καὶ
1485 1961 1518 2029 ἡ
1549 1958 1808 2030 ἄμπελος.
1841 1958 1999 2011 Ἔστι

421 2053 503 2117 δὲ,
552 2052 627 2115 ὡς
679 2048 833 2104 εἶπεν
876 2057 905 2105 ὁ
952 2050 1177 2122 Κύριος,
1224 2048 1386 2114 αὐτὸς
1440 2052 1475 2122 ἡ
1519 2049 1781 2119 ἄμπελος,
1838 2051 1999 2119 ἡμεῖς

420 2143 492 2194 τὰ
526 2143 801 2213 κλήματα.
827 2142 889 2195 Et
918 2142 1018 2213 μὲν
1043 2142 1136 2196 οὖν
1164 2141 1449 2212 ὁμοούσιος
1476 2144 1608 2212 ἡμῖν
1630 2145 1779 2195 ἐστιν
1802 2145 1829 2193 6
1852 2142 1996 2205 Υἱὸς,

422 2238 517 2289 καὶ
562 2237 658 2305 τὴν
691 2236 863 2306 αὐτὴν
915 2237 1046 2305 ἡμῖν
1076 2235 1185 2304 ἔχει
1235 2233 1466 2302 γένεσιν,
1500 2233 1642 2286 ιστω
1670 2234 1811 2288 κατὰ
1843 2233 2001 2285 τοῦτο

421 2327 517 2379 καὶ
544 2325 572 2378 6
600 2325 725 2387 Tib;
755 2324 1034 2394 ἀλλότριος
1064 2322 1181 2375 κατ’
1208 2322 1393 2375 οὐσίαν
1419 2319 1513 2373 τοῦ
1546 2321 1781 2391 Πατρὶς,
1813 2320 2000 2390 ὥσπερ

421 2421 518 2471 καὶ
574 2420 607 2487 ἡ
662 2416 907 2487 ἄμπελος
959 2415 1053 2468 τοῦ
1110 2414 1392 2485 γεωργοῦ⁶
1448 2416 1495 2467 εί
1552 2413 1609 2467 δὲ
1671 2413 1801 2467 ἄλλο
1854 2415 2000 2466 ἐστὶν

422 2513 452 2564 6
487 2510 616 2572 Υἱὸς
648 2509 775 2579 παρ’
804 2510 832 2561 ὃ
863 2511 1031 2576 ἐσμεν
1067 2510 1244 2578 ἡμεῖς,
1279 2509 1530 2569 κάκεῖνος
1564 2506 1664 2573 μὲν
1694 2506 1868 2571 Λόγος
1904 2506 1998 2559 τοῦ

424 2602 674 2671 Πατρος,
710 2604 871 2671 ἡμεῖς
901 2600 957 2654 δὲ
985 2603 1046 2654 ὲκ
1080 2601 1182 2669 γῆς
1208 2598 1535 2668 γεγόναμεν,
1570 2599 1665 2651 καὶ
1697 2599 1791 2650 τοῦ
1832 2596 2001 2666 ’Λδάμ

421 2699 593 2764 ισμεν
624 2696 855 2763 ἔκγονοι,
891 2696 991 2748 οὐκ
1013 2694 1215 2763 ὀφείλει
1247 2693 1308 2745 τὸ
1342 2692 1502 2763 ῥητὸν
1538 2694 1618 2754 είς
1648 2691 1747 2761 τὴν
1771 2690 2001 2761 θεότητα

421 2787 797 2859 ἀναφέρεσθαι
826 2786 917 2839 τοῦ
963 2784 1224 2855 Χριστοῦ,
1266 2785 1399 2837 ἀλλὰ
1447 2782 1632 2836 λοιπὸν
1665 2783 1745 2844 είς
1783 2783 1881 2854 τὴν
1912 2784 2003 2835 ἄν·

421 2880 708 2951 ορωπίνην
741 2877 907 2932 αὐτοῦ
944 2880 1269 2946 παρουσίαν.
1322 2876 1476 2929 Ἐπεὶ
1511 2876 1601 2927 καὶ
1640 2873 1818 2937 οὕτως
1852 2875 2004 2943 εἴρη-

420 2991 517 3027 κεν
540 2974 570 3024 6
594 2974 785 3043 Σωτήρ
807 2988 821 3001 ·
858 2971 1006 3039 Ἐγὼ
1024 2970 1060 3037 ἡ
1089 2971 1379 3038 ἄμπελος,
1410 2966 1578 3036 ἡμεῖς
1603 2970 1674 3020 τὰ
1706 2966 2003 3035 κλήματα,

418 3070 455 3121 ό
486 3067 697 3134 Πατὴρ
733 3070 765 3119 ό
801 3065 1075 3133 γεωργός.
1130 3064 1322 3129 Ἡμεῖς
1357 3060 1465 3130 γὰρ
1492 3058 1582 3113 τοῦ
1618 3059 1822 3125 Κυρίου
1865 3060 2004 3111 κατᾶ

2101 1508 2292 1580 telligit
2324 1508 2622 1563 excitatum
2650 1504 2718 1561 ab
2744 1504 2863 1577 ipso
2902 1501 3103 1570 Verbo,
3126 1502 3286 1573 cujus
3311 1511 3396 1557 est
3421 1501 3511 1554 illa
3530 1516 3680 1554 caro.

2170 1694 2418 1764 Agricola
2452 1691 2672 1763 quidem
2705 1706 2733 1746 a
2759 1691 2869 1746 vite
2888 1689 3141 1745 diversus
3168 1698 3253 1745 est
3276 1686 3547 1752 essentia;
3572 1686 3687 1757 pal-

2107 1785 2267 1839 mites
2318 1793 2498 1839 antem
2523 1784 2712 1838 eadem
2761 1783 3001 1837 essentia
3046 1797 3171 1837 cum
3231 1781 3342 1836 vite
3404 1771 3682 1849 conjuncti

2103 1887 2249 1941 sunt,
2266 1888 2321 1931 et
2350 1877 2417 1931 ab
2452 1892 2513 1930 ea
2543 1875 2786 1945 separari
2806 1890 2914 1927 non
2944 1884 3191 1943 possunt,
3226 1882 3281 1928 et
3306 1873 3557 1927 eumdem
3583 1874 3687 1926 ha-

2100 1969 2228 2021 bent
2256 1978 2434 2020 ortum
2466 1981 2588 2019 cum
2621 1966 2736 2035 ipsa
2774 1965 2903 2019 vite.
2936 1963 3215 2026 Dominus,
3251 1971 3310 2016 ut
3332 1973 3562 2032 ipsemet
3585 1965 3683 2026 ait,

2100 2056 2229 2111 vitis
2257 2065 2361 2120 est,
2423 2071 2524 2111 nos
2552 2062 2767 2110 fautem
2816 2053 3089 2123 palmites,
3132 2054 3175 2107 si
3233 2053 3398 2122 igitur
3437 2053 3684 2121 ejusdem

2068 2148 2071 2151 ’
2100 2147 2351 2202 essentia;
2379 2145 2662 2200 nobiscum
2700 2154 2782 2199 est
2808 2142 2995 2207 Filius,
3024 2153 3077 2198 et
3113 2144 3367 2198 eumdem
3400 2144 3686 2197 nobiscum

2100 2248 2282 2292 ortum
2308 2237 2490 2301 habet,
2542 2239 2615 2292 sit
2678 2238 2748 2292 ob
2781 2237 2833 2291 id
2876 2237 3041 2291 etiam
3113 2235 3282 2290 Filius
3331 2235 3399 2290 ab
3451 2236 3685 2289 essentia

2103 2329 2283 2383 Patris
2309 2331 2544 2392 alienus,
2580 2338 2640 2384 ut
2689 2329 2817 2384 vitis
2868 2329 2938 2383 ab
2979 2328 3234 2400 agricola.
3289 2328 3382 2381 Sin
3425 2327 3572 2381 aliud
3603 2336 3688 2380 est

2101 2420 2293 2482 Filius,
2364 2436 2526 2491 quam
2602 2436 2702 2476 nos
2774 2436 2986 2485 sumus,
3065 2429 3230 2490 atque
3294 2418 3385 2474 ille
3463 2418 3684 2488 quidem

2102 2512 2340 2567 Verbum
2390 2522 2474 2567 est
2518 2511 2719 2577 Patris,
2766 2527 2868 2565 nos
2905 2522 3086 2565 autem
3136 2520 3196 2564 ut
3263 2508 3356 2563 lilii
3441 2509 3610 2563 Adam
3655 2525 3685 2560 e

2104 2605 2403 2659 terrafacti
2434 2620 2645 2669 sumus,
2714 2606 2920 2659 dictum
2956 2602 3089 2657 illud
3157 2603 3221 2656 ad
3272 2600 3476 2655 Christi
3549 2601 3688 2654 divi-

2104 2700 2330 2753 nitatem
2357 2696 2710 2751 rel‘erendum
2741 2712 2851 2751 uon
2887 2708 2990 2759 est,
3036 2695 3130 2750 sed
3162 2696 3227 2749 ad
3291 2694 3413 2763 ejus
3437 2691 3690 2746 humani-

2105 2802 2293 2853 tatem.
2315 2805 2422 2861 quo
2452 2790 2668 2859 quidem
2702 2798 2752 2843 et
2779 2793 2893 2858 ipse
2921 2789 3178 2842 Dominus
3233 2796 3528 2858 spectans:
3570 2784 3686 2857 Ego

2111 2898 2248 2944 sunt,
2284 2882 2478 2948 inquit,
2533 2882 2656 2935 vitis
2709 2890 2757 2933 et
2810 2896 2901 2934 vos
2963 2880 3228 2949 palmites,
3300 2880 3461 2932 Pater
3510 2889 3689 2930 autem

2105 2973 2339 3043 agricola
2368 2974 2410 3025 ⁸.
2457 2972 2565 3027 Nos
2580 2971 2727 3025 enim
2766 2969 2998 3023 Domino
3022 2977 3247 3041 propter
3278 2967 3682 3023 humanitatem

2107 3068 2224 3135 ejus
2271 3064 2595 3137 cognatione
2638 3063 2918 3133 conjuncti
2954 3078 3166 3117 sumus.
3229 3061 3596 3127 Quamobrem
3637 3067 3693 3113 et

418 3161 482 3213 τὸ
512 3156 857 3229 ἀνθρώπινον
887 3154 1051 3208 αὑτοῦ
1072 3153 1355 3221 συγγενεῖς
1385 3152 1572 3221 ἐσμεν,
1607 3151 1702 3203 καὶ
1728 3148 1891 3211 αὐτὸς
1916 3148 2004 3202 διὰ

2109 3158 2223 3227 ipse
2250 3175 2263 3211 :
2298 3157 2564 3222 Narrabo,
2588 3156 2786 3225 inquit,
2812 3172 2999 3208 nomen
3031 3163 3180 3208 tuum
3206 3152 3458 3222 fratribus
3496 3152 3621 3206 meis
3645 3153 3690 3205 ’.

416 3252 582 3306 τοῦτο
612 3247 733 3303 εἷπε
756 3263 770 3277 ·
812 3248 1171 3316 διηγήσομαι
1209 3245 1276 3298 τὸ
1309 3245 1495 3314 ὄνομά
1523 3258 1643 3298 σου
1679 3243 1803 3309 τοῖς
1832 3242 2008 3297 ἁδελ-

417 3346 559 3416 ,:ch
579 3361 721 3413 μου.
762 3342 821 3395 Ὀ
851 3341 905 3394 δὲ
936 3339 1121 3411 Πατὴρ
1145 3341 1172 3393 6
1192 3338 1433 3408 γεωργός
1457 3354 1470 3368 ·
1501 3336 1662 3400 αὐτὸς
1690 3335 1798 3407 γὰρ
1825 3335 2011 3408 είργά-

422 3455 558 3492 σατο
602 3435 694 3489 διὰ
746 3434 843 3486 τοῦ
895 3433 1070 3501 Λόγου
1126 3430 1223 3501 τὴν
1274 3429 1553 3499 ἄμπελον,
1604 3428 1726 3498 ἡτις
1774 3428 1892 3479 ἐστὶ
1947 3427 2008 3480 τὸ

426 3528 709 3600 κυριακὸν
751 3527 931 3596 σῶμα.
964 3520 1091 3594 Ἀρ*
1125 3522 1218 3577 οῦν
1258 3522 1332 3585 ὡς
1365 3522 1414 3574 οί
1448 3520 1806 3590 χριστομᾶχοι
1844 3517 2008 3590 θρυλ-

436 3621 580 3673 ialm
612 3619 891 3681 Διονύσιος
919 3618 987 3670 τὰ
1020 3615 1336 3687 ἀνθρώπινα
1359 3613 1453 3667 τοῦ
1486 3610 1724 3684 Χριστοῦ
1757 3611 2005 3682 γράφων,

448 3714 534 3763 καὶ
558 3714 729 3781 λέγων
758 3710 922 3775 οὕτω,
942 3707 1157 3779 ποίημα
1186 3705 1351 3761 αὑτὸν
1383 3706 1413 3777 ἡ
1440 3706 1535 3759 ενα
1566 3705 1676 3758 τῶν
1704 3702 2008 3772 ἀνθρώπων

439 3805 609 3873 ἔλεγεν
638 3800 814 3865 εῖνοις
842 3800 937 3854 καὶ
962 3802 1071 3871 μὴν
1097 3800 1194 3870 οὐχ
1216 3798 1386 3861 οὕτως
1409 3797 1647 3868 ἔγραψεν
1676 3797 1735 3851 ὲν
1759 3797 1880 3859 ταῖς
1910 3795 2005 3850 ἄλ-

430 3898 541 3962 λαις
582 3896 934 3959 ἐπιστολαῖς,
978 3893 1114 3947 ἀλλὰ
1146 3893 1241 3944 καὶ
1269 3892 1444 3961 ὀρθῶς
1480 3890 1691 3960 φρονῶν
1730 3890 1788 3941 ὲν
1816 3890 2006 3952 αὑταῖς

426 3994 697 4059 φαίνεται,
736 3989 831 4042 καὶ
862 3986 1083 4039 δύναται
1106 3983 1175 4038 δι’
1205 3983 1385 4036 αὐτῶν
1413 3983 1607 4054 βοῆσαι
1640 3984 1781 4037 κατὰ
1802 3982 2006 4035 τούτων

424 4085 622 4151 λέγων,
644 4082 761 4135 Οὐκ
791 4080 908 4149 εἰμὶ
939 4077 1036 4148 τῆς
1064 4077 1231 4144 αὐτῆς
1262 4076 1441 4147 δόξης.
1471 4068 1517 4130 ὦ
1550 4074 1827 4146 θεομάχοι,
1863 4075 1922 4129 οὗ
1951 4076 2006 4128 δὲ

426 4180 492 4231 τὰ
526 4176 773 4246 ἡμέτερα
796 4172 1068 4242 πρόφασιν
1109 4168 1305 4240 Ἀρείῳ
1331 4172 1600 4239 ταρέσχεν
1625 4170 1701 4232 είς
1729 4168 2002 4232 ἀσέϐειαν,

423 4269 563 4323 ἀλλὰ
601 4265 739 4336 πρὸς
800 4264 1092 4334 Ἀμμωνᾶν
1123 4265 1216 4315 καὶ
1254 4260 1576 4332 Εὐφράνορα
1625 4260 1712 4315 διὰ
1741 4260 1866 4323 τοὺς
1904 4278 2000 4314 σα-

425 4359 773 4423 εελλίζοντας
807 4358 1054 4429 γράφων,
1084 4355 1361 4426 ἐμνήσθην
1390 4353 1591 4409 καὶτοῦ
1622 4354 1891 4426 γεωργοῦ,
1914 4355 2007 4407 καὶ

424 4455 525 4522 τῆς
553 4450 820 4522 ἀμπέλου,
849 4450 942 4503 καὶ
966 4448 1072 4501 τῶν
1098 4447 1354 4501 τοιούτων
1378 4445 1552 4501 ἄλλων
1579 4447 1861 4517 ῥημάτων,
1895 4444 2001 4512 ἵνα,

427 4518 496 4599 τά
528 4518 845 4613 ἀνθρώπινα
882 4540 974 4594 τοῦ
1011 4539 1244 4610 Χριστοῦ
1272 4537 1473 4606 δείξας,
1502 4536 1676 4591 πείσω
1719 4536 1794 4608 μὴ
1823 4536 2004 4604 λέγειν
2036 4518 2081 4575 Ῑ)

428 4634 664 4699 ἐκείνους
686 4636 766 4688 ὅτι
786 4634 813 4685 6
846 4634 1034 4701 Πατήρ
1053 4633 1198 4684 ἐστιν
1229 4628 1559 4699 ὀγενόμενος
1592 4627 1894 4697 ἄνθρωπος.
1923 4626 2012 4690 Ὠς

431 4730 538 4798 γὰρ
568 4731 595 4782 6
626 4728 871 4797 γεωργὸς
904 4728 1004 4781 οὐκ
1035 4727 1181 4779 ἔστιν
1214 4729 1270 4778 ἐν
1300 4726 1367 4795 τῇ
1407 4723 1656 4793 ἀμπέλῳ,
1693 4722 1864 4785 οὕτως
1910 4722 2013 4775 οὐκ

433 4824 579 4875 ἐστιν
600 4825 656 4875 ὲν
678 4820 754 4891 τῷ
776 4819 988 4888 σώματι
1016 4818 1303 4888 γενόμενος
1319 4819 1346 4868 6
1376 4814 1588 4888 Πατὴρ,
1624 4814 1738 4868 ἀλλ’
1760 4817 1787 4868 6
1817 4814 2007 4882 Λόγος.

434 4916 538 4967 Καὶ
556 4914 759 4983 ὀΛὸγος
777 4916 832 4964 ἐν
852 4915 916 4983 τῇ
930 4909 1161 4981 ἀμπέλῳ
1177 4910 1465 4978 γενόμενος
1476 4907 1762 4979 ἄνθρωπος
1778 4906 2008 4977 ὲκλὴθηο

430 5007 671 5075 ἄμπελος
698 5003 755 5058 δὲ
782 5002 983 5074 ὲκλὴθη
1015 5005 1042 5056 6
1072 5002 1199 5063 Υίὸς
1233 5000 1320 5055 διὰ
1350 5000 1449 5071 τὴν
1470 5000 1600 5071 πρὸς
1636 4997 1703 5054 τὰ
1734 5000 2006 5070 κλήματα,

434 5098 577 5167 ἆπερ
638 5096 802 5166 ἐσμὲν
847 5096 1027 5165 ἡμεῖς,
1074 5091 1393 5163 σωματικὴν
1439 5091 1780 5159 συγγένειαν.
1826 5087 2011 5160 Ταύτῃ

435 5189 530 5256 μὲν
556 5186 651 5241 οὖν
672 5189 737 5259 τῇ
771 5185 979 5256 διανοίᾳ
1007 5183 1106 5254 τὴν
1132 5183 1267 5254 πρὸς
1297 5181 1642 5252 Εὐφράνορα,
1667 5180 1759 5232 καὶ
1786 5178 2013 5247 Ἀμμω-

434 5284 527 5335 νᾶν
564 5280 782 5350 ἔγραψα
814 5276 1123 5347 ἐπιστολὴν,
1154 5274 1289 5346 πρὸς
1321 5274 1375 5329 δὲ
1414 5276 1513 5342 τὴν
1538 5271 1694 5342 ὑμῶν
1732 5270 2011 5325 ἀναίδειαν

433 5377 526 5436 τὰς
556 5375 752 5444 ἐτέρας
783 5370 1068 5431 ἐπιστολὰς
1097 5371 1194 5431 τὰς
1224 5367 1351 5436 παρ’
1386 5364 1855 5441 ὲμοῦλγραφείσας
1880 5365 2011 5418 ἁνα-

430 5466 637 5536 τίθημι,
678 5465 767 5519 ἵνα
798 5464 893 5517 καὶ
926 5464 1058 5531 περὶ
1090 5462 1189 5532 τῆς
1235 5460 1543 5528 ἐπιστολῆς,
1605 5453 1673 5531 ἦς
1707 5457 2005 5529 θρυλλεῖτε,

434 5560 635 5626 γνῶσιν
660 5559 710 5611 οἱ
743 5556 997 5627 φρόνιμοι
1024 5552 1123 5623 τὴν
1151 5555 1210 5607 ὲν
1240 5553 1418 5614 αὐτοῖς
1447 5548 1761 5616 ἀπολογίαν,
1789 5550 1882 5602 καὶ
1907 5549 2003 5618 τῆς

429 5652 483 5702 ὲν
515 5648 735 5720 Χριστῷ
775 5648 1009 5710 πίστεως
1039 5646 1136 5716 τὴν
1168 5644 1334 5715 ὀρθήν
1370 5660 1469 5712 μου
1504 5642 1785 5715 φρόνησιν.

490 5846 505 5876 ⁸
538 5845 695 5902 Joan.
730 5857 814 5909 κν,
848 5842 898 5896 5.
976 5844 994 5874 ³
1021 5841 1158 5896 Psal.
1197 5856 1286 5899 ιι,
1321 5838 1407 5891 ‘23.

2109 3252 2270 3305 Pater
2290 3262 2473 3305 autem
2508 3249 2739 3321 agricola
2780 3258 2884 3313 est,
2934 3248 3027 3318 qui
3064 3264 3159 3319 per
3189 3246 3430 3301 Verbum
3498 3246 3692 3309 vitem,

2110 3349 2213 3401 hoc
2247 3355 2351 3412 est,
2390 3345 2603 3400 Domini
2637 3360 2839 3415 corpus
2890 3343 3020 3398 fecit
3048 3354 3102 3399 et
3133 3344 3325 3397 coluit.
3360 3341 3480 3397 Non
3527 3342 3693 3411 igitur

2108 3456 2172 3495 eo
2207 3455 2393 3504 sensu,
2428 3454 2535 3509 quo
2568 3440 2867 3509 praedicant
2890 3439 3080 3495 hostes
3109 3437 3340 3498 Christi,
3406 3435 3694 3506 Dionysius

2108 3536 2359 3590 scribens
2388 3549 2453 3589 ea
2483 3549 2605 3604 qua
2629 3535 2695 3587 ad
2727 3532 2944 3587 Domini
2970 3530 3694 3601 pertinent'humanitatem,

2107 3629 2263 3693 dixit,
2328 3636 2445 3681 tum
2524 3640 2650 3680 esse
2708 3625 2937 3685 factum,
3003 3634 3167 3692 atque
3216 3637 3385 3675 unum
3451 3635 3574 3674 esse
3627 3634 3692 3672 ex

2107 3721 2439 3777 hominibus.
2469 3719 2624 3785 Quod
2675 3735 2738 3772 ex
2776 3718 2895 3772 aliis
2915 3718 3036 3785 ejus
3066 3716 3312 3785 epistolis
3371 3711 3542 3766 multo
3580 3711 3693 3765 cla.

2107 3818 2221 3873 rius
2248 3822 2426 3887 potest
2458 3811 2706 3883 intelligi,
2739 3812 2791 3864 in
2829 3811 3031 3879 quibus
3081 3818 3191 3860 tam
3257 3814 3447 3874 aperte
3508 3803 3694 3857 decla-

2110 3910 2269 3972 ravit,
2306 3922 2366 3964 se
2413 3915 2563 3962 recte
2594 3903 2822 3964 sentire,
2854 3912 2912 3956 ιιι
2932 3897 3343 3955 adversusillos
3372 3896 3517 3951 clara
3558 3910 3695 3950 voce

2107 4004 2291 4059 dicere
2343 4001 2594 4057 videatur
2630 4015 2646 4053 :
2680 3996 2795 4069 Ego
2842 3993 3171 4051 sententiam
3260 3999 3495 4045 vestram
3581 4000 3695 4071 non

2110 4093 2303 4163 probo,
2340 4092 2435 4147 Dei
2468 4092 2675 4154 hostes,
2701 4102 2879 4157 neque
2900 4085 3100 4154 scripta
3130 4091 3315 4139 nostra
3348 4079 3691 4136 occasionem

2110 4185 2258 4248 Ario,
2291 4192 2350 4238 ut
2381 4182 2547 4253 impie
2572 4180 2819 4241 sentiret,
2843 4178 3215 4247 prebuerunt.
3249 4168 3355 4227 Sed
3383 4171 3448 4225 ad
3474 4173 3705 4224 Ammo-

2106 4294 2232 4333 nam
2268 4285 2320 4331 et
2359 4273 2775 4345 Euphranorem
2799 4269 3070 4330 scribens.
3108 4278 3168 4322 ut
3191 4281 3288 4322 eos
3345 4264 3437 4335 qui
3472 4258 3692 4318 Sabellii

2106 4368 2350 4438 partibus
2372 4364 2657 4425 favebant.
2692 4362 3093 4431 impugnarem,
3124 4355 3375 4427 agricola:
3406 4364 3461 4409 et
3484 4352 3609 4406 vitis
3641 4363 3696 4406 et

2107 4458 2365 4515 similium
2387 4456 2675 4511 verborum
2692 4453 3026 4507 mentionem
3047 4451 3165 4503 feci:
3192 4466 3299 4517 quo
3318 4450 3693 4501 demonstrata

2110 4547 2314 4604 Christi
2375 4545 2715 4600 humanitate
2745 4543 3125 4614 persuaderem
3192 4541 3293 4593 illis
3350 4554 3421 4594 ne
3482 4536 3699 4591 Patrem

2115 4640 2316 4693 factum
2364 4652 2482 4691 esse
2527 4635 2826 4698 hominem,
2871 4633 3180 4687 crederent.
3220 4629 3691 4696 Quemadmodum

2114 4730 2259 4784 enim
2276 4726 2509 4798 agricola
2529 4740 2636 4779 non
2657 4735 2740 4779 est
2767 4726 2819 4777 in
2846 4722 2971 4787 vite,
2994 4723 3069 4777 sic
3092 4738 3189 4776 nec
3208 4723 3369 4774 Pater
3386 4728 3471 4774 est
3495 4719 3550 4773 in
3574 4734 3696 4772 cor-

2113 4836 2245 4891 pore
2261 4820 2435 4873 factus
2451 4819 2634 4880 homo.
2653 4816 2751 4872 sed
2770 4812 3032 4869 Verbum.
3052 4812 3206 4881 Quod
3222 4811 3442 4881 quidem
3458 4811 3700 4867 Verbum

2115 4914 2168 4966 iu
2205 4914 2313 4965 vite
2340 4910 2543 4965 factum
2578 4910 2739 4962 homo
2777 4920 3003 4963 vocmus
3030 4916 3134 4961 est.
3182 4907 3351 4961 Filius
3376 4920 3504 4978 ergo
3538 4918 3701 4959 voca-

2116 5014 2202 5058 tus
2254 5014 2335 5055 est
2388 5002 2514 5056 vitis
2553 5010 2773 5071 propter
2816 5016 3135 5069 corpoream
3169 5000 3701 5071 cognationent,qua

2115 5112 2238 5151 cum
2300 5094 2639 5165 palmitibus,
2682 5094 2910 5164 quinos
2981 5110 3191 5159 sumus,
3251 5093 3539 5148 devinctus
3592 5100 3697 5143 est.

2114 5186 2203 5244 Sic
2231 5204 2331 5258 ego
2363 5188 2510 5243 sensi
2543 5189 2597 5242 in
2633 5188 2888 5257 epistola,
2947 5203 3111 5257 quam
3164 5187 3231 5240 ad
3281 5185 3694 5255 Euphranorem

2115 5290 2170 5336 et
2225 5284 2551 5335 Amuionam
2587 5281 2804 5351 scripsi.
2837 5280 2971 5334 Nam
3018 5280 3165 5351 quod
3206 5280 3271 5335 ad
3306 5272 3694 5347 impudentiam

2118 5384 2355 5427 vestram
2400 5372 2621 5437 attinet,
2664 5381 2892 5429 exteras
2949 5389 3099 5429 meas
3137 5370 3433 5444 proferam,
3495 5372 3554 5420 ut
3618 5376 3688 5418 ex

2113 5463 2204 5524 iis,
2239 5463 2517 5531 quomodo
2563 5479 2790 5534 purgem
2844 5479 2931 5518 me
2984 5464 3036 5517 in
3080 5478 3146 5517 en
3193 5460 3336 5529 quod
3380 5464 3568 5511 contra
3603 5464 3695 5505 me

2108 5564 2333 5625 propter
2359 5554 2504 5609 illam
2526 5555 2809 5625 epistolam
2829 5554 3164 5625 divulgastis,
3192 5549 3484 5610 prudentes
3518 5539 3691 5598 homi‘

2110 5662 2207 5699 nes
2264 5646 2567 5717 intelligant
2610 5656 2665 5699 et
2701 5654 2902 5700 rectam
2962 5659 3137 5699 meam
3170 5639 3291 5695 ﬁdei
3320 5639 3374 5693 in
3411 5634 3693 5691 Christum

2118 5738 2439 5793 sententiam
2495 5745 2813 5810 agnoscaet.
