4058 6416
369 419 479 487 499

1645 427 2029 489 EUTHYMII
2069 415 2437 490 z‘tGABENI

3523 429 3630 492 500

365 542 499 596 Item
523 541 770 593 adversm
805 540 1029 616 Aricinos
1061 541 1524 616 “Eunomianos.
1577 543 1758 614 Magni
1785 544 1939 599 Basi-

2050 543 2355 616 'Etc_xatd
2399 540 2712 616 Ἀρειον-ὥν
2745 558 2806 594 τε
2830 541 2936 616 ειαί
2966 541 3355 616 Εὑνομιᾳνῶν
3387 545 3493 616 τοῦ
3523 565 3630 616 μεν

858 610 918 665 lii
926 653 940 674 .
971 629 1034 666 ex
1057 614 1226 681 primo
1251 612 1405 671 libro.

435 803 568 860 Rem
590 806 961 875 expendentes
995 807 1328 870 invenimus,
1367 823 1468 863 nos
1513 807 1940 878 ingenitinotio-

361 914 486 950 tum
514 899 731 969 assequi
750 915 859 953 non
888 914 952 953 ex
991 914 1056 953 ea
1080 900 1404 970 quaestione,
1433 917 1537 970 qua
1565 900 1698 971 quid
1725 902 1816 964 sit,
1843 899 1938 954 sed

359 1007 423 1044 cx
452 991 562 1053 illa.
594 1006 698 1060 qua
729 993 1003 1061 quomodo
1039 992 1133 1057 sit,
1165 993 1504 1062 indagamus.
1538 993 1766 1047 Animus
1793 993 1940 1046 enim

359 1093 549 1138 noster
564 1086 877 1153 exquirens,
904 1094 1088 1138 utrum
1111 1083 1273 1151 Deus,
1300 1087 1391 1155 qui
1424 1101 1585 1155 supra
1632 1086 1818 1140 omnia
1835 1095 1937 1152 est,

360 1175 594 1244 :liquam
635 1191 798 1246 supra
848 1193 907 1231 se
942 1193 1164 1231 causam
1213 1177 1431 1244 haheat,
1459 1193 1584 1234 cum
1631 1179 1941 1248 excogitare

361 1266 565 1320 nullam
603 1269 796 1336 possit,
845 1268 980 1324 illud
1044 1269 1217 1339 ipsius
1273 1272 1400 1327 vita:
1460 1272 1789 1341 principium
1828 1288 1940 1326 non

363 1360 571 1415 habens
601 1361 904 1432 ingenitum
937 1363 1192 1432 appellat.
1250 1364 1490 1418 Utenim
1548 1382 1671 1420 cum
1719 1367 1786 1421 de
1845 1368 1942 1421 ho-

361 1452 603 1506 minibus
632 1453 916 1519 loquentes
960 1453 1108 1509 hunc
1165 1471 1232 1509 ex
1289 1455 1380 1511 illo
1433 1467 1618 1511 natum
1675 1458 1936 1524 dicimus,

361 1561 468 1598 non
503 1545 633 1615 quid
679 1546 771 1600 ille
807 1547 899 1611 sit,
937 1548 1032 1602 sed
1066 1548 1210 1602 unde
1249 1559 1404 1602 ortus
1435 1549 1527 1614 sit,
1587 1551 1936 1620 exponimus,

360 1637 437 1691 sic
480 1653 606 1691 cum
645 1637 946 1708 ingenitum
1007 1655 1268 1696 vocamus
1318 1641 1489 1695 Deum
1517 1683 1532 1708 ,
1573 1658 1637 1696 ex
1674 1659 1808 1698 voce
1832 1659 1941 1698 non

360 1729 489 1795 quid
550 1727 696 1785 Deus
745 1731 835 1796 sit,
863 1731 959 1786 sed
1000 1747 1124 1786 eum
1175 1733 1377 1788 anullo
1399 1748 1518 1789 esse
1564 1735 1935 1790 declaramus.

362 1820 453 1874 Sic
484 1830 667 1877 autem
706 1823 754 1878 id
788 1823 930 1894 quod
951 1822 1072 1879 dico
1098 1823 1313 1894 planius
1347 1825 1459 1879 ﬁet.
1494 1825 1671 1881 Lucas
1699 1843 1935 1898 evange-

362 1913 482 1969 lista
527 1914 623 1970 Dei
656 1925 711 1972 et
743 1916 1053 1973 Servatoris
1105 1919 1280 1973 nostri
1327 1919 1453 1974 Jesu
1490 1920 1692 1975 Christi
1743 1938 1940 1992 genea-

359 2008 552 2078 logiam
608 2010 789 2064 carnis
840 2026 1146 2081 exponens,
1180 2013 1328 2068 etab
1379 2014 1585 2068 ultimis
1615 2016 1679 2069 ad
1733 2017 1938 2085 primos

361 2099 715 2169 progrediens
744 2100 962 2154 initium
998 2103 1231 2174 sumpsit
1271 2118 1299 2157 a
1333 2101 1559 2173 Joseph,
1593 2115 1647 2159 et
1674 2106 1821 2160 hunc
1856 2108 1936 2161 Eli

358 2192 532 2246 ﬁlium
574 2193 785 2257 dicens,
841 2193 921 2248 Eli
948 2203 1131 2249 autem
1169 2194 1338 2249 ﬁlium
1367 2195 1628 2261 Matthan,
1661 2207 1824 2266 atque
1866 2198 1934 2251 ita

357 2282 617 2352 deinceps
658 2283 902 2354 singulos
951 2299 1244 2340 recensens
1262 2285 1328 2339 ad
1363 2285 1532 2340 Adam
1567 2288 1936 2343 narrationem

359 2373 606 2428 deduxit.
663 2374 767 2430 Sed
800 2391 922 2430 cum
961 2376 1026 2430 ad
1058 2391 1346 2446 supremos
1377 2378 1738 2445 pervenisset,
1775 2378 1936 2444 Selii,

359 2465 633 2534 inquiens,
661 2481 726 2522 ex
760 2468 952 2530 Adam.
974 2468 1146 2523 Adam
1181 2477 1366 2523 autem
1401 2484 1469 2523 ex
1504 2469 1635 2535 Deo,
1667 2467 1798 2524 fecit
1831 2487 1936 2525 nu-

361 2557 608 2612 merandi
652 2558 843 2613 ﬁnem.
893 2559 1082 2630 Neque
1125 2576 1255 2615 vero
1305 2561 1357 2614 in
1391 2576 1452 2614 ea
1485 2563 1754 2630 cujusque
1784 2571 1938 2617 ortus

360 2651 726 2720 explicatione
758 2662 983 2706 naturas
1031 2666 1220 2706 eorum
1254 2667 1391 2721 quos
1438 2662 1808 2716 recensuerat,
1847 2668 1938 2706 os-

361 2741 558 2807 tendit,
613 2739 710 2796 sed
759 2741 1051 2809 conjuncta
1098 2743 1392 2814 principia,
1435 2758 1500 2796 ex
1548 2760 1656 2812 quo
1707 2744 1939 2813 quisque

356 2839 519 2891 natus
575 2841 720 2886 esset
775 2835 1047 2901 exposuit.
1102 2834 1570 2900 Quemadmodum
1621 2836 1786 2906 igitur
1846 2837 1938 2890 ille

357 2925 519 2990 dixit,
552 2924 724 2980 Adam
759 2941 823 2980 ex
881 2925 1012 2990 Deo,
1055 2927 1128 2982 ita
1170 2936 1386 2982 nosmet
1421 2929 1464 2983 si
1501 2943 1531 2982 a
1562 2929 1721 2985 nobis
1743 2929 1936 2998 exqui-

356 3032 567 3081 ramus,
623 3015 768 3072 Deus
804 3028 986 3072 autem
1033 3036 1095 3074 ex
1126 3020 1286 3088 quo?
1333 3035 1516 3074 nonne
1568 3021 1623 3078 in
1667 3019 1936 3089 cujusque

361 3108 690 3177 cOgitatione
753 3124 1069 3183 promptum
1138 3112 1269 3167 illud
1321 3115 1449 3179 erit,
1509 3129 1577 3167 ex
1628 3113 1826 3168 nullo?
1859 3113 1933 3166 Ex

361 3199 512 3255 nullo
544 3209 728 3256 autem
767 3201 896 3270 quid
935 3203 1080 3256 aliud
1114 3202 1410 3272 significat,
1449 3203 1554 3258 nisi
1593 3219 1702 3258 non
1734 3204 1936 3258 habere
1961 3223 2006 3288 ρ

361 3293 717 3362 principium,
750 3304 806 3349 et
833 3310 941 3349 non
977 3294 1180 3348 habere
1211 3295 1567 3364 principium,
1605 3294 1736 3363 quid
1766 3294 1934 3358 aliud,

361 3383 464 3436 nisi
498 3384 802 3456 ingenitum
834 3387 998 3440 esse?
1053 3385 1123 3441 Ut
1155 3385 1322 3456 igitur
1352 3385 1404 3440 in
1443 3383 1780 3451 hominibus,
1813 3402 1935 3441 cum

366 3474 456 3527 hic
505 3489 570 3528 ex
616 3475 709 3528 illo
753 3487 912 3530 natus
959 3476 1258 3538 diceretur,
1295 3493 1404 3530 non
1455 3492 1644 3531 eorum
1701 3479 1937 3532 essentia

360 3566 770 3631 declarahatur,
822 3570 903 3623 sic
933 3585 1056 3624 cum
1105 3568 1172 3625 de
1197 3569 1440 3625 omnium
1486 3569 1596 3625 Deo
1636 3570 1936 3641 ingenitum

361 3658 617 3725 dicimus,
647 3661 788 3730 quod
819 3661 1049 3732 perinde
1080 3671 1164 3718 est
1193 3677 1254 3720 ac
1282 3663 1326 3720 si
1361 3679 1423 3718 ex
1456 3663 1607 3718 nullo
1633 3662 1937 3729 diceretur,

358 3767 465 3804 non
494 3752 614 3820 ejus
641 3755 937 3808 essentiam
953 3756 1317 3822 ostendimus;
1343 3757 1452 3826 jam
1472 3756 1563 3826 qui
1596 3756 1649 3810 in
1676 3757 1938 3825 principio

358 3860 562 3909 carere,
618 3847 915 3901 essentiam
964 3863 1086 3904 esse
1135 3849 1289 3915 dicit,
1341 3850 1592 3916 similiter
1621 3850 1772 3914 facit,
1805 3851 1937 3906 utsi

360 3935 484 4005 quis
528 3937 894 4012 interrogatus
920 3955 1170 4012 qurenam
1203 3941 1274 3995 sit
1301 3941 1468 3996 Adam
1509 3943 1748 3996 essentia
1777 3951 1938 4011 atque

361 4035 580 4090 natura,
651 4027 984 4095 respondeat
1033 4043 1142 4082 non
1195 4045 1262 4083 ex
1308 4028 1550 4083 hominis
1616 4038 1670 4083 et
1720 4029 1938 4084 feminae

361 4117 746 4173 commistione
773 4129 958 4174 natum
985 4135 1128 4184 esse,
1164 4120 1259 4175 sed
1288 4136 1446 4174 manu
1476 4121 1664 4176 divina
1725 4123 1932 4176 forma-

363 4220 504 4264 tum.
564 4208 724 4264 Tunc
777 4212 925 4265 enim
981 4211 1092 4275 ille,
1156 4213 1248 4282 qui
1312 4213 1669 4284 interrogavit
1728 4232 1740 4268 :
1813 4214 1932 4268 Non

363 4316 572 4376 quaero,
603 4302 835 4371 inquiet,
880 4304 1152 4373 quomodo
1206 4305 1496 4370 exstiterit,
1528 4307 1624 4361 sed
1652 4323 1772 4376 quae
1807 4307 1937 4362 sub-

359 4397 507 4458 jccta
543 4393 715 4462 ipsius
745 4397 972 4450 materia
1005 4396 1190 4458 fuerit,
1221 4397 1368 4466 quod
1402 4398 1632 4452 multum
1667 4400 1842 4463 abest,
1877 4412 1935 4452 ut

360 4501 427 4537 ‹·ς
475 4487 835 4556 responsione
887 4498 977 4542 tua
1029 4489 1284 4560 colligere
1325 4489 1552 4543 valeam.
1598 4491 1744 4544 ldem
1779 4490 1936 4544 nobis

2116 611 2306 686 γάλον
2329 613 2652 686 Βασίλειον
2669 613 2734 664 ἐκ
2753 611 2858 686 τορῦ
2881 613 3116 679 πρώτου
3135 614 3322 683 λόγον
3345 614 3465 670 τῶν
3481 611 3632 686 πρὸς

2115 685 2417 758 Εὑνόμιοτ
2445 681 2897 750 ἀντιρῤητικῶν.

2117 815 2463 887 Εὑρίσκομεν
2490 818 2856 886 λογιζόμενοι,
2879 819 2962 874 ὅτι
2982 820 3081 872 οὐκ
3112 821 3169 870 ὲν
3191 823 3256 891 τῇ
3279 820 3373 874 τοῦ
3405 823 3457 874 τί
3483 823 3631 875 ὲστν

2045 909 2398 978 ἀνερευνήσει
2429 911 2461 980 ἡ
2501 910 2596 962 τοῦ
2633 911 2926 981 ἀγεννήτου
2961 913 3090 980 ἡμῖν
3112 911 3289 966 ἔννοια
3312 915 3629 978 ὑποπίπτει,

2043 999 2180 1053 ἀλλά
2235 1000 2434 1068 μᾶλλον
2467 1004 2524 1054 ὲν
2561 1005 2626 1072 τῇ
2672 1001 2765 1054 τοῦ
2796 1003 2930 1072 ὅπερ
2974 1004 3140 1058 ἐστίν.
3189 1005 3487 1068 Ἐξετάζων
3520 1006 3632 1073 γὰρ

2041 1091 2198 1160 ἡμῶν
2228 1094 2254 1144 6
2278 1092 2423 1156 νοῦς,
2445 1094 2493 1145 εί
2514 1095 2541 1146 6
2570 1095 2664 1145 ἐπὶ
2686 1094 2904 1147 πάντων
2925 1094 3055 1155 Θεὸς
3081 1095 3277 1149 ἑαυτοῦ
3298 1113 3420 1148 τινα
3449 1095 3631 1149 αἰτίαν

2042 1184 2446 1254 ὑπερκειμένην
2477 1185 2610 1254 εχει,
2645 1181 2765 1239 εἶτα
2795 1188 2855 1238 οὐ
2892 1187 3188 1253 δυνάμενος
3213 1189 3448 1240 ἐπινοεῖν
3476 1189 3629 1240 οὐδε-

2045 1274 2194 1342 μίαν,
2225 1275 2285 1327 τὸ
2317 1276 2552 1345 ἄναρχον
2584 1277 2684 1345 τῆς
2717 1277 2881 1330 αὑτοῦ
2913 1278 3082 1346 ζωῆςς
3116 1279 3408 1348 ἀγέννητον
3459 1294 3632 1347 προσ-

2039 1365 2358 1433 ηγόρευσεν.
2385 1367 2474 1430 Ὠς
2495 1367 2601 1436 γάρ
2619 1369 2675 1419 ὲν
2697 1370 2805 1431 τοῖς
2831 1369 3085 1439 περὶτῶν
3106 1370 3203 1422 ἀνθ
3212 1371 3410 1439 ρώπων
3425 1369 3628 1437 λόγοις,

2042 1453 2171 1504 ὅταν
2205 1453 2474 1523 λέγωμεν,
2512 1455 2592 1508 ὅτι
2621 1457 2646 1506 6
2676 1455 2826 1510 δεῖνα
2855 1459 2918 1510 ἐκ
2943 1457 3096 1510 τοῦδε
3123 1459 3367 1526 γέγονεν,
3398 1462 3459 1510 οὐ
3488 1460 3548 1511 τὸ
3575 1459 3629 1510 τί

2040 1545 2186 1598 ἐστιν
2224 1547 2477 1610 ἑκάστου,
2509 1546 2644 1600 ἀλλά
2663 1547 2722 1600 τὸ
2743 1548 2865 1603 ὅθεν
2892 1550 3080 1616 γέγονε
3106 1549 3464 1618 διηγούμεθα,
3486 1551 3628 1602 οὕτω

2041 1639 2134 1690 καὶ
2179 1639 2236 1690 ὲν
2275 1639 2388 1701 τοῖς
2429 1640 2559 1708 περὶ
2575 1638 2720 1701 ,Θεοῦ
2769 1641 2801 1709 ἠ
2841 1641 3134 1711 ἀγέννητος
3173 1643 3323 1710 φωνὴ
3353 1642 3411 1693 οὐ
3452 1643 3510 1694 τὸ
3553 1643 3628 1702 τί,

2042 1730 2176 1782 ἀλλὰ
2204 1730 2262 1781 τὸ
2291 1729 2608 1799 μηδαμόθεν
2635 1731 2799 1784 αὑτοῦ
2825 1734 3099 1800 σημαίνει.
3130 1733 3342 1786 Οὑτωσὶ
3371 1733 3413 1786 δ’
3441 1732 3508 1786 ἂν
3537 1750 3633 1785 σα-

2043 1825 2324 1891 φέστερον,
2359 1823 2386 1876 6
2413 1823 2575 1892 λέγω,
2615 1829 2846 1893 γένοιτο.
2884 1825 2944 1879 '0
2984 1825 3372 1895 εὐαγγελιστὴς
3403 1826 3627 1887 Λουκᾶς

2039 1913 2137 1983 τὴν
2172 1914 2313 1968 κατά
2348 1915 2524 1985 σάρκα
2553 1917 2906 1986 γενεαλογίαν
2943 1917 3036 1972 τοῦ
3072 1918 3208 1971 Θεοῦ
3248 1918 3342 1972 καὶ
3373 1919 3633 1988 Σωτῆρος

2039 2007 2198 2078 ἡμῶν
2266 2006 2440 2079 Ἰησοῦ
2496 2007 2729 2078 Χριστοῦ
2781 2010 3162 2078 ἐκτιθέμενος,
3217 2012 3309 2063 καὶ
3365 2011 3474 2063 ἀπὸ
3523 2010 3633 2061 τῶν

2039 2097 2363 2155 τελευταίων
2401 2101 2492 2153 ἐπὶ
2541 2103 2665 2164 τοὺς
2704 2102 2958 2172 πρώτους
3014 2102 3386 2167 ἀναποδίζων,
3427 2103 3634 2172 ἤρξατο

2044 2191 2142 2260 μὲν
2175 2191 2280 2244 ἀπὸ
2312 2191 2406 2245 τοῦ
2448 2191 2666 2262 Ἰωσὴφ,
2693 2193 2863 2246 εἰπὼν
2890 2193 2946 2246 δὲ
2975 2194 3165 2247 τοῦτον
3200 2195 3297 2264 μὲν
3336 2192 3429 2246 τοῦ
3483 2193 3629 2254 Ἠλὶ,

2039 2281 2130 2333 τὸν
2173 2283 2230 2335 δὲ
2262 2282 2355 2335 τοῦ
2402 2283 2649 2348 Ματθᾶν,
2691 2285 2788 2336 καὶ
2832 2283 2974 2337 οῦτω
3020 2285 3160 2338 κατά
3195 2284 3452 2336 ἀνάλυσιν
3495 2283 3632 2352 πρὸς

2043 2375 2134 2428 τὸν
2189 2375 2356 2444 Ἀδὰμ
2394 2377 2494 2444 τὴν
2531 2376 2794 2446 ἐξήγησιν
2831 2377 3140 2445 ἐπανάγων,
3177 2370 3297 2430 εἶτα
3328 2376 3499 2429 ἐλθὼν
3536 2377 3631 2427 ἐπὶ

2041 2467 2168 2528 τοὺς
2203 2465 2338 2531 ἀνω,
2372 2468 2465 2519 καὶ
2499 2466 2694 2530 εἰπὼν,
2731 2469 2812 2520 ὅτι
2845 2470 2871 2521 6
2901 2469 3008 2536 Σὴθ
3046 2471 3108 2520 ὲκ
3140 2468 3233 2520 τοῦ
3281 2467 3472 2534 Ἀδάμ,
3507 2471 3534 2520 6
3569 2468 3634 2519 δὲ

2043 2558 2189 2628 ἁδὰμ
2216 2560 2280 2612 ἑκ
2320 2559 2412 2611 τοῦ
2443 2558 2578 2612 Θεοῦ
2601 2599 2616 2623 ,
2657 2559 2892 2613 ἐνταῦθα
2927 2561 3028 2629 τῆς
3054 2561 3367 2621 ἀναϐάσεως
3401 2560 3592 2627 Εληξεν
3614 2601 3630 2623 ,

2039 2649 2159 2718 οὐχὶ
2183 2649 2280 2710 τὰς
2305 2649 2494 2711 οὐσίας
2515 2650 2621 2702 τῶν
2643 2652 2754 2720 άπη
2763 2650 2852 2722 ριθ
2862 2669 2936 2720 μη
2951 2651 3127 2720 μένων
3155 2651 3328 2722 δηλῶν
3352 2653 3406 2704 ὲν
3428 2656 3493 2723 τῇ
3516 2653 3635 2722 διη-

2037 2739 2201 2808 γήσει
2229 2738 2328 2805 τῆς
2358 2738 2591 2791 ἑκάστου
2621 2739 2906 2806 γενέσεως,
2938 2742 3074 2794 ἀλλά
3103 2741 3201 2805 τάς
3228 2745 3514 2812 προσεχεῖς
3535 2743 3638 2810 ἀρ-

2044 2831 2181 2900 χὰς,
2219 2829 2311 2897 ἀφ’
2344 2825 2411 2901 ἦς
2447 2830 2673 2894 ἕκαστος
2713 2833 2956 2900 γέγονεν,
3001 2834 3373 2903 ἐκτιθέμενος.
3414 2834 3636 2902 Ὠσπερ

2043 2916 2139 2973 οῦν
2161 2922 2366 2984 ἐκεῖνος
2393 2917 2566 2986 εἶπεν,
2593 2921 2674 2975 ὅτι
2699 2921 2870 2991 Ἀδὰμ
2895 2924 2958 2976 ὲκ
2980 2922 3074 2975 τοῦ
3099 2921 3254 2984 Θεοῦ,
3277 2922 3448 2983 οῦτως
3470 2924 3636 2990 ἡμεῖς

2040 3013 2262 3075 ἑαυτοὺς
2316 3013 2702 3082 ὲρωτήσωμεν,
2761 3014 2819 3066 ’0
2859 3014 2913 3066 δὲ
2963 3013 3095 3077 Θεὸς
3139 3015 3202 3066 ὲκ
3252 3013 3432 3078 τίνος;
3479 3009 3638 3084 Ἀρι

2042 3104 2165 3172 οὐχὶ
2216 3106 2510 3174 πρόχειρόν
2557 3106 2704 3158 ἐστιν
2753 3108 2810 3159 ὲν
2862 3108 2926 3175 τῇ
2987 3107 3213 3159 ἑκάστου
3269 3105 3502 3176 διανοίᾳ,
3549 3106 3637 3162 ὅτι

2040 3199 2097 3265 ἐξ
2130 3199 2370 3265 οὐδενόςς
2406 3198 2479 3256 T6
2511 3198 2568 3251 δὲ
2604 3198 2662 3264 ἐξ
2697 3198 2910 3262 οὐδενὸς
2941 3199 3000 3252 τὸ
3028 3199 3264 3270 ἄναρχον
3294 3201 3408 3252 ὲστι
3439 3199 3600 3267 δηλον

2037 3291 2119 3344 ότι
2137 3304 2154 3322 ⁶
2187 3290 2248 3344 τὸ
2278 3290 2335 3344 δὲ
2367 3291 2602 3360 ἄναρχον
2629 3290 2688 3342 τὸ
2714 3290 3027 3362 ἀγέννητον,
3072 3290 3157 3355 Ὠς
3181 3287 3271 3345 οῦν
3302 3292 3393 3344 ἰπὶ
3419 3291 3630 3362 ἀνθρώ-

2041 3400 2158 3437 πων
2209 3383 2308 3436 οὐκ
2340 3378 2408 3453 ἦν
2429 3383 2587 3436 οὐσία
2619 3383 2676 3436 τὸ
2726 3383 2790 3437 ἐκ
2817 3400 2979 3447 τινος,
3021 3382 3191 3447 οὕτως
3231 3383 3352 3437 οὐδὲ
3400 3383 3495 3437 ἐπὶ
3533 3384 3624 3437 τοῦ

2039 3475 2176 3529 Θεοῦ
2201 3476 2311 3530 τῶν
2337 3475 2473 3529 ὅλων
2493 3473 2682 3528 οὐσίαν
2712 3475 2858 3527 ἐστὶν
2877 3476 3050 3528 εἰπεῖν
3076 3475 3136 3527 τὸ
3157 3476 3620 3544 ἀγέννητον,ὅπερ

2042 3568 2158 3621 ῐσον
2193 3569 2308 3620 ἐστὶ
2342 3566 2421 3637 τῷ
2450 3568 2509 3633 ἐξ
2542 3565 2777 3630 οὐδενός.
2819 3565 2878 3619 Ὀ
2903 3567 2959 3619 δὲ
2989 3566 3049 3619 τὸ
3075 3567 3312 3639 ἄναρχον
3342 3567 3528 3621 οὐσίαν
3552 3562 3629 3618 εἲ-

2038 3675 2126 3713 ναι
2153 3659 2742 3732 λέγων-παραπλήσιον
2772 3661 2934 3724 ποιεῖ,
2966 3658 3155 3730 ὥσπερ
3189 3660 3254 3715 ἂν
3287 3661 3340 3714 ετ
3371 3661 3455 3724 τίς
3489 3663 3635 3730 ἔρω-

2036 3752 2284 3820 τώμενος
2319 3750 2401 3815 τίς
2443 3753 2478 3822 ἡ
2521 3751 2613 3808 τοῦ
2673 3752 2846 3822 Ἀδάμ
2890 3752 3068 3814 οὐσία,
3113 3752 3209 3805 καὶ
3255 3753 3344 3814 τίς
3385 3753 3420 3823 ἡ
3466 3753 3639 3820 φύσις

2039 3841 2223 3912 αὑτῷς
2272 3841 2332 3895 Ὀ
2365 3842 2422 3893 δὲ
2452 3842 2801 3912 ἀποκρίνοιτο
2833 3842 2892 3894 τὸ
2929 3841 3003 3911 μὴ
3040 3843 3102 3893 ἐκ
3134 3841 3479 3910 συνδυασμοῦ
3531 3843 3638 3896 ἁν-

2037 3933 2164 4002 δρὺς
2208 3932 2303 3987 καὶ
2340 3932 2618 4000 γυναικὸς,
2670 3931 2783 3984 ἀλλ’
2837 3932 2902 3984 ὲκ
2945 3932 3041 4002 τῆς
3091 3930 3242 3994 θείας
3283 3931 3463 4003 χειρὸς
3514 3934 3640 3989 δια-

2041 4024 2371 4094 πλασθῆναι.
2415 4021 2555 4075 Ἀλλ’
2581 4024 2701 4092 οὐχὶ
2728 4022 2926 4092 τρόπον
2949 4025 3045 4092 τῆς
3079 4023 3428 4088 ὑποστάσεως
3454 4025 3634 4094 ζητῶ,

2040 4114 2268 4183 φήσειεν
2303 4111 2370 4165 ἄν
2396 4129 2504 4176 τις,
2538 4110 2654 4165 ἀλλ’
2691 4109 2858 4163 αὐτοῦ
2896 4112 2988 4163 τοῦ
3023 4109 3311 4180 ἀνθρώπου
3344 4111 3402 4164 τὸ
3444 4113 3636 4165 ὑλικὸν

2041 4202 2406 4270 ὑποκείμενον
2430 4241 2444 4265 ,
2481 4199 2510 4252 ὃ
2541 4200 2736 4252 πολλοῦ
2767 4199 2872 4252 δέω
2907 4199 3203 4270 μανθάνειν
3237 4200 3323 4253 διὰ
3355 4199 3455 4267 τῆς
3489 4201 3638 4252 ἀπο-

2037 4295 2288 4363 κρίσεως.
2339 4292 2508 4347 Τοῦτο
2542 4292 2599 4345 δὲ
2635 4293 2728 4346 καὶ
2767 4293 2898 4362 ἡμῖν
2949 4291 3236 4361 συμϐαίνει
3293 4294 3356 4344 ὲκ
3399 4280 3493 4362 τῆς
3535 4293 3635 4346 τοῦ

2043 4387 2344 4453 ἀγεννήτου
2391 4385 2576 4457 φωνῆς
2622 4385 2681 4438 τὸ
2731 4385 2848 4447 πῶς
2892 4385 2986 4439 τοῦ
3037 4385 3171 4437 Θεοῦ
3217 4385 3416 4454 μᾶλλον
3459 4386 3490 4456 ἦ
3537 4389 3640 4440 αὐ-

2042 4477 2141 4544 τὴν
2166 4476 2263 4547 τὴν
2288 4477 2446 4546 φύσιν
2469 4475 2901 4546 διδασκομένοις.
2937 4475 3081 4543 Ἐγὼ
3113 4475 3210 4545 μὲν
3241 4476 3351 4546 γὰρ
3383 4477 3515 4546 ὁρῶ,
3550 4478 3638 4537 ὅτι

359 4595 427 4631 ex
478 4579 580 4633 hac
628 4592 763 4634 voce
802 4580 1070 4649 ingenitus
1097 4622 1111 4646 ,
1156 4580 1446 4652 contingit.
1498 4581 1575 4638 Ex
1609 4599 1670 4636 ea
1702 4599 1937 4652 namque

2044 4570 2235 4640 ὥσπερ
2260 4571 2372 4626 τοῖς
2400 4569 2792 4639 ἐπερχομένοις
2817 4568 2976 4621 αίῶσι
3005 4568 3100 4639 τὴν
3125 4569 3362 4621 διάνοιαν
3389 4570 3642 4625 ἐπεκτεί-

359 4671 632 4736 quomodo
660 4672 731 4728 sit
759 4673 963 4742 potius,
999 4689 1159 4742 quam
1217 4673 1334 4742 ejus
1377 4683 1628 4729 naturam
1661 4675 1940 4729 discimus.

366 4763 534 4818 Video
583 4764 732 4821 enim
779 4780 905 4827 nos,
937 4766 1402 4835 quemadmodum
1451 4766 1496 4819 si
1523 4767 1725 4820 mentis
1772 4767 1943 4821 aciem

360 4852 426 4905 ad
460 4860 685 4906 ventura
716 4854 912 4908 saecula
952 4854 1272 4922 dirigamus,
1310 4854 1476 4907 vitam
1519 4869 1638 4922 qua:
1664 4855 1811 4908 nullo
1842 4855 1945 4908 ﬁne

360 4943 645 4996 terminata
674 4943 764 5007 sit,
793 4943 1056 4997 inﬁnitam
1076 4944 1331 5010 dicimus,
1366 4943 1439 4997 ita
1461 4944 1504 4997 si
1533 4944 1860 5013 cogitatione
1879 4947 1944 5000 ad

363 5035 648 5104 superiora
671 5035 865 5090 saecula
894 5037 1346 5100 conscendamus,
1373 5046 1427 5090 et
1455 5035 1782 5090 inﬁnitatem
1817 5037 1940 5091 vitae

365 5127 461 5182 Dei
497 5139 756 5198 tanquam
791 5129 1118 5186 immensum
1151 5129 1427 5199 quoddam
1464 5127 1687 5199 pelagus
1723 5130 1942 5183 intuen-

365 5231 470 5284 tes,
502 5218 715 5272 nullum
741 5218 1093 5290 principium,
1117 5234 1184 5274 ex
1212 5234 1320 5290 quo
1349 5233 1470 5272 esse
1501 5217 1757 5286 coeperit,
1789 5232 1945 5286 repe-

364 5316 474 5369 rire
516 5317 812 5386 possimus,
841 5315 937 5370 sed
993 5317 1086 5370 Dei
1121 5315 1286 5369 vitam
1325 5317 1482 5368 ultra
1513 5329 1676 5384 quam
1724 5313 1947 5384 cogitari

365 5411 560 5475 pessit,
591 5424 807 5480 semper
844 5409 1202 5464 excedentem
1245 5406 1772 5470 animadvertamus,
1816 5404 1948 5459 illud

366 5504 537 5568 ipsius
568 5503 691 5556 vitae
750 5502 1022 5572 principio
1051 5514 1254 5555 vacans
1285 5498 1591 5570 ingenitum
1641 5496 1944 5567 appellare.

365 5592 440 5652 lia
473 5594 616 5649 enim
649 5595 877 5670 ingeniti
910 5595 994 5648 vis
1026 5603 1132 5660 est,
1170 5601 1231 5648 ut
1256 5607 1323 5648 ex
1375 5591 1526 5648 nullo
1555 5590 1825 5662 signiﬁcet
1855 5591 1948 5645 ha-

366 5684 499 5747 bere
530 5686 857 5760 principium
884 5685 1209 5745 exsistendi.

2047 4681 2230 4728 νοντες
2252 4705 2264 4725 ,
2307 4663 2668 4732 ἀτελεύτητον
2702 4663 2934 4733 λέγομεν
2969 4663 3061 4716 τὸν
3096 4663 3269 4715 οὐδενὶ
3304 4662 3498 4732 πέρατι
3532 4663 3635 4733 τὴν

2049 4756 2195 4825 ζωὴν
2246 4754 2585 4823 ὁριζόμενον,
2631 4751 2772 4807 οὕτω
2815 4754 2908 4806 καὶ
2939 4756 3018 4808 εἰς
3047 4754 3105 4806 τὸ
3131 4754 3249 4818 ⁵ὀὶνω
3277 4753 3386 4806 τῶν
3419 4752 3636 4806 αἰώνων

2045 4842 2157 4912 τοῖς
2188 4847 2466 4915 λογισμοῖς
2492 4844 2894 4907 ἀναϐαίνοντες,
2924 4845 3021 4898 καὶ
3053 4840 3164 4895 οἷον
3203 4841 3281 4905 είς
3312 4860 3364 4895 τι
3397 4844 3636 4911 πέλαγος

2047 4940 2245 5012 ἀχανὲς
2271 4940 2362 4991 ἐπὶ
2382 4939 2441 4994 τὸ
2465 4939 2698 5010 ἄπειρον
2703 4938 2817 5008 ’τῆς
2847 4936 2939 4990 τοῦ
2971 4934 3104 4990 Θεοῦ
3139 4936 3283 5004 ζωῆς
3309 4935 3639 4989 διακόπτον-

2045 5047 2158 5099 τες,
2189 5030 2309 5086 οὐδὲ
2343 5031 2471 5098 μιᾶς
2496 5031 2693 5102 ἀρχῆς,
2719 5029 2813 5098 ἀφ’
2839 5023 2906 5100 ἧς
2939 5028 3153 5096 γέγονε,
3181 5027 3442 5082 λαϐέσθαι
3471 5028 3637 5082 δυνάο

2051 5141 2222 5194 μενοι,
2254 5123 2388 5176 ἀλλά
2414 5121 2506 5175 τοῦ
2544 5124 2832 5192 νοουμένου
2872 5119 3142 5191 ἐξωτέραν
3176 5120 3282 5186 ἀεὶ,
3321 5120 3416 5173 καὶ
3463 5122 3636 5190 ὑπερ-

2048 5215 2423 5268 εκπίπτουσαν
2469 5214 2562 5267 τοῦ
2611 5213 2746 5265 Θεοῦ
2799 5212 2898 5282 τὴν
2935 5211 3078 5281 ζωὴν
3114 5210 3438 5276 ἐννοοῦντες,
3474 5213 3636 5270 τοῦτο

2048 5306 2109 5360 τὸ
2134 5309 2369 5379 ἄναρχον
2391 5309 2487 5375 τῆς
2509 5305 2655 5374 ζωῆς
2676 5304 2968 5374 ἀγέννητον
2989 5304 3454 5374 προσειρὴκαμεν.
3479 5304 3630 5375 Αὕτη

2049 5402 2159 5471 γάρ
2190 5401 2282 5455 τοῦ
2323 5400 2616 5470 ἀγεννήτου
2658 5399 2692 5468 ἡ
2733 5397 2943 5464 ἔννοια,
2977 5396 3036 5448 τὸ
3071 5395 3145 5468 μὴ
3183 5396 3325 5468 ἔχειν
3361 5397 3630 5466 ἑτέρωθεν

2048 5491 2146 5563 τὴν
2187 5493 2360 5565 ἀρχὴν
2389 5491 2483 5545 τοῦ
2514 5488 2654 5546 εἷναι
2684 5489 2850 5561 δηλοῖ.
