4058 6422
1437 307 1825 373 PANOPLIA
1851 306 2313 372 DOGMATICA.
2339 335 2411 347 -
2439 309 2589 373 ΤΙΤ.
2626 312 2739 374 XI.
3620 317 3731 382 5jg‘

906 427 1009 484 Ἐκ
1041 422 1148 483 τοῦ
1174 425 1368 481 αὐτοῦ
1400 427 1613 494 λόγου.

2670 426 2751 481 Ea:
2791 428 2973 482 eodem
3035 428 3193 484 libro.

539 523 684 580 Ἀλλ’
723 526 753 578 ὁ
787 522 1057 593 Εὐνόμιος
1116 523 1178 576 τὸ
1244 522 1344 592 μὲν
1398 519 1496 574 τοῦ
1560 517 1773 590 Πατρδς
1821 515 1915 569 καὶ
1947 512 2035 567 τοῦ

2208 517 2408 573 Verum
2437 521 2740 577 Eunomius
2777 522 2954 579 Patris
2988 533 3044 579 et
3072 523 3192 579 Filii
3236 539 3443 581 nomen
3502 527 3724 583 silentio

457 617 591 672 Υίοῦ
650 616 824 685 ὄνομα
884 616 1109 687 σιωπᾷ,
1174 614 1363 677 ἁπλῶς
1422 615 1479 669 δὲ
1550 614 1680 681 περὶ
1740 611 2035 679 ἀγεννήτου

2134 614 2527 684 praetermittit,
2555 631 2619 672 ac
2654 617 2984 686 simpliciter
3035 622 3101 675 de
3124 621 3373 690 ingenito
3440 632 3495 676 et
3537 625 3724 693 genito

456 712 552 762 καὶ
632 707 897 780 γεννητοῦ
941 708 1285 776 διαλέγεται,
1352 708 1449 761 καὶ⁸
1503 707 1570 761 τὰ
1619 706 1723 773 τῆς
1774 703 2035 773 σωτηρίοι

2134 706 2376 762 disserit.
2407 705 2549 772 Quin
2578 718 2633 763 et
2655 709 2940 766 occultatis
2975 712 3271 768 salutifera:
3309 713 3436 769 ﬁdei
3491 714 3728 769 nomini-

460 807 703 869 πίστεως
755 806 1004 874 ὀνόματα
1064 803 1367 874 κρύπτων,
1417 801 1552 871 ψιλὰ
1587 799 1926 871 παραδίδωσι
1949 797 2035 866 τῆς

2134 798 2258 863 bus,
2286 799 2642 869 blasphemia:
2676 802 2925 873 dogmata
2954 804 3097 859 nuda
3124 807 3307 868 tradit,
3342 817 3423 874 ut,
3450 807 3727 863 denudata

460 900 821 969 βλασφημίας
878 898 947 952 τά
1011 897 1295 966 δόγματα·
1353 896 1446 951 ἴνα
1516 894 1618 966 τῆς
1683 892 1941 955 ἀσεϐείας
1991 892 2035 943 ἐι

2138 890 2195 943 in
2231 891 2365 963 ipsis
2396 891 2883 961 rebusimpietate,
2917 909 2981 951 ac
3006 896 3208 951 deinde
3239 897 3386 952 facto
3449 897 3517 952 ad
3542 913 3730 968 perso-

458 993 577 1053 τοῖς
652 989 949 1059 πράγμασι
1002 987 1412 1058 γυμνωθείσης,
1476 981 1594 1039 εἶτα
1663 983 1764 1053 τῆς
1819 980 2035 1052 μεταὸά·

2140 1001 2240 1039 nas
2275 985 2529 1049 transitu,
2563 985 2815 1041 videatur
2839 987 2952 1057 ipse
2988 988 3126 1043 nihil
3157 990 3362 1045 dixisse
3394 990 3733 1060 blaSphemi,

462 1096 608 1140 σεως
666 1081 762 1134 ἐπὶ
833 1080 903 1132 τὰ
986 1080 1258 1152 πρόσωπα
1334 1076 1669 1148 γενομένης,
1730 1076 1897 1137 αὐτὸς
1959 1074 2035 1142 με¹

2144 1076 2237 1132 sed
2276 1078 2539 1133 orationis
2569 1079 2712 1134 serie
2741 1078 3143 1149 blaSphemiam
3173 1083 3561 1138 concinnatam
3628 1085 3728 1139 ha-

467 1166 636 1235 μηδὲν
657 1165 783 1237 δόξῃ
812 1166 1093 1235 δύσφημον
1120 1165 1417 1236 εἰρηκέναι,
1445 1169 1513 1236 τῇ
1543 1166 1597 1218 δὲ
1620 1164 1714 1217 τοῦ
1737 1166 1892 1233 λόγου
1920 1166 2035 1217 ἁκο·

2148 1160 2288 1214 beat.
2320 1162 2596 1231 lugenitus
2627 1171 2807 1218 autem
2833 1178 2955 1219 cum
2979 1165 3068 1230 sit,
3095 1166 3291 1235 inquit,
3315 1167 3505 1239 cﬂ’ugit
3535 1170 3719 1238 utique

462 1256 653 1326 λουθίᾳ
680 1255 1192 1326 κατεσκευασμένην
1216 1256 1313 1328 ἔχῃ
1339 1255 1437 1326 τὴν
1462 1255 1826 1325 βλασφημίαν.
1864 1254 2035 1322 Ἀγέν⁴

2146 1264 2359 1304 omnem
2401 1254 2860 1320 comparationem
2903 1269 2966 1308 ac
2998 1258 3430 1312 communionem
3463 1273 3583 1313 cum
3626 1276 3719 1329 ge-

466 1362 624 1416 νητος
653 1345 711 1397 δὲ
735 1343 831 1406 ὣν,
860 1345 1043 1415 φησὶν,
1076 1345 1304 1413 ἐκφύγοι
1328 1344 1394 1400 ἂν
1426 1346 1608 1398 πᾶσαν
1640 1345 1924 1416 σύγκρισιν
1952 1344 2035 1397 καῒ

2148 1341 2278 1395 uito.
2320 1339 2437 1395 Non
2477 1343 2650 1397 dixit:
2686 1342 2847 1399 Pater
2886 1354 2940 1399 et
2972 1344 3174 1412 Filius,
3205 1348 3321 1413 sed,
3356 1347 3634 1420 ingenitus
3664 1362 3719 1405 et

467 1438 749 1489 κοινωνίαν
781 1437 879 1508 τὴν
911 1437 1047 1507 πρὸς
1076 1437 1136 1490 τὸ
1166 1438 1443 1507 γεννητόν.
1477 1438 1590 1492 Οὐκ
1618 1436 1788 1502 εἶπεν,
1819 1439 1898 1491 ὅτι
1932 1439 2035 1492 Πα-

2146 1431 2382 1499 genitus.
2415 1432 2547 1487 Tale
2578 1443 2661 1489 est
2692 1434 2859 1505 igitur
2891 1450 3060 1489 unum
3082 1475 3099 1503 ,
3128 1439 3269 1505 quod
3300 1439 3366 1494 ab
3405 1454 3471 1495 eo
3501 1445 3719 1513 excogi-

464 1528 569 1598 τὴρ
595 1530 688 1581 καὶ
717 1529 843 1591 Υἱός
865 1545 878 1559 ’
906 1529 1043 1593 ἀλλ’,
1062 1530 1381 1599 Ἀγέννητος
1411 1530 1505 1582 καὶ
1535 1532 1815 1602 γεννητός.
1945 1531 2035 1585 Ἕν

2147 1529 2314 1576 talum
2340 1532 2424 1579 est
2453 1542 2467 1577 ι
2503 1524 2731 1580 alterum
2763 1540 2893 1581 vero
2917 1527 3077 1595 quale
3117 1529 3189 1582 sit
3234 1530 3597 1587 considerate.
3631 1534 3717 1587 Iu-

469 1620 567 1689 μὲν
596 1620 659 1689 δὴ
690 1620 854 1674 αὑτοῦ
886 1621 1042 1674 τοῦτο
1068 1622 1308 1675 τοιοῦτον
1342 1623 1709 1694 κακούργημα
1773 1622 1958 1692 ἕτερον
1987 1623 2035 1676 δὲ

2145 1619 2359 1688 genitus
2386 1632 2514 1674 vero
2543 1636 2666 1674 cum
2702 1621 2796 1689 sit,
2831 1622 3038 1693 inquit,
3071 1639 3349 1694 nunquam
3383 1642 3512 1681 sane
3546 1629 3719 1682 admi-

468 1714 649 1779 ποῖον,
700 1716 973 1767 σκοπεῖτε.
1034 1712 1354 1783 Ἀγέννητος
1384 1714 1439 1766 δὲ
1483 1713 1579 1778 ὢν,
1613 1717 1796 1784 φησὶν,
1837 1714 1936 1768 οὐκ
1978 1714 2035 1767 ἄν

2145 1710 2279 1763 serit
2321 1710 2723 1780 generationem
2765 1728 2779 1766 :
2824 1722 2877 1765 et
2926 1714 3235 1784 suhjuugit,
3283 1716 3419 1772 adeo
3464 1725 3520 1770 ut
3565 1733 3717 1773 suam

468 1821 598 1856 ποτε
629 1805 882 1876 πρόσοιτο
915 1806 1162 1875 γέννησιν
1185 1818 1198 1835 ⁶
1232 1805 1325 1857 καὶ
1352 1806 1565 1873 ἐπάγει,
1604 1806 1739 1859 ὥστε
1774 1806 1873 1875 τῆς
1907 1805 2035 1869 ἰδίας

2148 1801 2316 1867 ipsius
2344 1812 2593 1856 naturam
2621 1804 2984 1857 communicet
3017 1820 3138 1859 cum
3169 1808 3369 1875 genito.
3398 1807 3551 1874 Illud,
3584 1827 3718 1863 nun-

469 1895 787 1965 μεταδοῦναι
819 1895 895 1965 τῷ
920 1895 1244 1966 γεννωμένῳ
1272 1896 1507 1965 φύσεως.
1541 1896 1635 1959 Τὸ,
1658 1898 1769 1948 οὐκ
1800 1895 1878 1949 ἄν
1900 1908 2035 1948 ποτε

2146 1909 2302 1961 quant
2335 1909 2461 1947 sane
2491 1894 2765 1947 admiserit
2805 1900 3215 1963 generationem,
3257 1899 3366 1953 duo
3391 1899 3666 1970 signiﬁcat
3700 1918 3714 1955 :

456 317 555 382 δεδι

466 1988 748 2055 πρόσοιτο
787 1985 1098 2055 γέννησιν,
1129 1988 1219 2040 δύο
1261 1989 1546 2058 σημαίνει⁹
1589 1986 1646 2039 ἓν
1687 1988 1819 2057 μὲν,
1851 1987 1930 2040 δτι
1974 1990 2039 2058 τῇ

469 2080 576 2150 ἰδία
604 2078 767 2131 αύτοῦ
802 2078 959 2146 φύσει
994 2081 1094 2133 οὐκ
1124 2081 1422 2151 ἐφαρμόζει
1598 2079 1845 2150 γέννησις
1874 2078 2042 2151 (ἁδύ-

464 2189 619 2223 νατον
652 2170 759 2240 γὰρ
809 2171 913 2222 ὑπὸ
948 2171 1200 2242 γέννησιν
1242 2171 1415 2224 ἐλθεῖν
1458 2170 1557 2241 τὴν
1602 2170 1896 2241 ἀγέννητον
1940 2170 2041 2239 φύ-

465 2264 591 2330 σιν)
615 2278 629 2290 ·
668 2263 855 2332 ἓτερον
886 2261 963 2324 δὲ,
1001 2262 1081 2313 ὅτι
1120 2262 1377 2331 γεννῆσαι
1412 2262 1473 2314 οὐ
1676 2258 2042 2326 καταδέχεται.

460 2348 631 2415 Οὗτος
664 2353 762 2423 μὲν
791 2348 885 2405 οὖν
913 2352 1054 2406 κατὰ
1080 2354 1140 2406 τὸ
1168 2352 1418 2425 δεύτερον
1452 2353 1848 2423 σημαινόμενον
1879 2355 2043 2425 ἐχρή-

462 2464 594 2500 σατο
632 2449 697 2515 τῇ
732 2448 882 2516 φωνῇ
906 2464 920 2476 ο
959 2445 1294 2517 συναρπάζει
1327 2445 1383 2498 δὲ
1416 2445 1544 2508 τοὺς
1574 2446 1802 2509 πολλοὺς
1835 2447 1898 2500 ἐκ
1942 2448 2041 2518 τῆς

462 2538 732 2608 προτέρας
774 2536 1002 2601 ἐννοίας.
1048 2537 1200 2589 Ἐπεὶ
1231 2538 1312 2589 ὅτι
1350 2553 1412 2605 γε
1440 2536 1600 2591 τοῦτό
1638 2540 1751 2592 ἐστι
1782 2541 1842 2592 τὸ
1873 2558 2041 2594 κατα-

459 2630 874 2699 σκευαζόμενον,
940 2628 1127 2697 σαφῶς
1181 2627 1241 2681 τὸ
1293 2630 1687 2702 ἐπιφερόμενον
1747 2632 2034 2686 δείκνυσιν.

458 2720 644 2773 Εὲπὼν
678 2721 786 2791 γὰρ
828 2721 931 2785 ὅτι,
963 2724 1083 2774 Οὐκ
1112 2720 1190 2773 ἄν
1218 2736 1363 2775 ποτε
1391 2725 1678 2791 πρόσοιτο
1717 2725 2031 2794 γέννησιν,

456 2813 764 2882 επήγαγεν·
814 2810 969 2865 ὥστε
998 2810 1107 2879 τῆς
1144 2811 1297 2878 ιδίας
1319 2814 1683 2882 μεταδοῦναι
1718 2815 1796 2882 τῷ
1826 2835 2041 2886 γεννω-

448 2904 616 2974 μένῳ
655 2905 912 2972 φύσεως.
951 2905 1030 2976 Τῇ
1070 2903 1180 2975 γὰρ
1221 2906 1449 2977 δευτέρα
1661 2909 1841 2980 ἐννοίᾳ
1883 2909 2040 2963 τοῦτό

452 2996 607 3046 ἐστιν
645 2994 969 3047 ἀκόλουθον·
1016 2996 1097 3048 ὅτι
1140 2996 1198 3048 οὐ
1237 2997 1592 3068 καταδέχεται
1632 3000 1887 3067 γενέσθαι
1924 3002 2038 3055 Πα-

449 3086 581 3155 τὴρ,
625 3087 714 3138 ῖνα
754 3086 827 3157 μὴ
876 3086 1088 3158 μεταδῷ
1122 3088 1223 3158 τῆς
1276 3088 1411 3151 ίδίας
1461 3088 1675 3159 φύσεως
1718 3091 1795 3162 τῷ
1839 3108 2038 3159 γεννω-

2144 2000 2351 2047 unum,
2396 1986 2537 2055 quod
2584 1987 2814 2056 propriae
2846 1987 3013 2055 ipsius
3050 1999 3256 2043 naturae
3302 2007 3407 2046 non
3456 1994 3707 2059 congruit

2144 2077 2426 2147 generatio
2466 2077 2705 2148 (quippe
2748 2078 2861 2133 ﬁeri
2891 2095 2994 2134 non
3032 2092 3209 2149 potest
3240 2091 3297 2136 ut
3332 2095 3527 2139 natura
3557 2086 3710 2155 inge-

2144 2170 2252 2223 nita
2286 2170 2615 2241 generetur)
2646 2188 2660 2224 :
2699 2170 2953 2239 alterum,
2981 2174 3123 2243 quod
3152 2190 3416 2243 generare
3451 2193 3554 2233 non
3589 2192 3713 2233 sus-

2145 2263 2298 2317 tinet.
2332 2262 2431 2318 Hic
2457 2264 2677 2333 quidem
2723 2264 2825 2319 hac
2854 2278 2985 2321 voce
3029 2270 3323 2322 secundum
3357 2271 3710 2338 posteriorem

2140 2368 2356 2407 sensum
2399 2370 2529 2409 usus
2569 2364 2692 2411 est:
2736 2356 2830 2411 sed
2863 2372 2929 2412 ex
2961 2359 3140 2428 priore
3181 2376 3339 2415 sensu
3385 2364 3570 2433 vulgus
3613 2364 3711 2417 ho-

2142 2444 2346 2498 minum
2373 2444 2423 2498 in
2451 2459 2606 2499 suam
2633 2447 2957 2503 sententiam
2986 2449 3168 2504 trahit.
3194 2451 3404 2507 Etenim
3429 2456 3571 2523 quod
3605 2455 3708 2509 hoc

2140 2534 2210 2589 sit
2238 2536 2381 2605 quod
2425 2537 2710 2601 astruitur,
2756 2537 3040 2593 manifeste
3073 2550 3218 2609 patet
3259 2558 3323 2597 ex
3364 2559 3427 2597 eo
3457 2544 3597 2612 quod
3632 2546 3711 2597 iu-

2143 2626 2336 2682 fertur.
2605 2627 2741 2683 Nam
2792 2639 3140 2700 posteaquam
3189 2633 3327 2687 dixit
3366 2654 3379 2689 :
3418 2612 3712 2705 ‘Nunquam

2139 2737 2267 2775 sane
2310 2723 2580 2777 admiserit
2622 2725 3046 2793 generationem,
3093 2727 3391 2796 subjunxit,
3457 2732 3590 2784 adeo
3652 2742 3705 2783 ut

2139 2830 2288 2866 suam
2317 2814 2483 2882 ipsius
2528 2823 2775 2868 naturam
2813 2818 3158 2870 communicet
3199 2835 3315 2871 cum
3362 2822 3557 2889 genito.
3593 2821 3707 2875 Hoc

2141 2922 2373 2977 namque
2415 2908 2594 2962 sensui
2628 2909 2915 2978 posteriori
2947 2910 3235 2974 convenit,
3280 2912 3551 2982 siquidem
3604 2931 3711 2969 non

2138 2998 2367 3052 sustinet
2400 2996 2563 3052 Pater
2587 2998 2727 3064 ﬁeri,
2759 3008 2817 3053 ut
2849 3013 2914 3055 ne
2944 3015 3067 3054 cum
3094 3001 3279 3070 genito
3311 3011 3561 3057 naturam
3589 3020 3714 3073 pro-

2139 3089 2311 3158 priam
2347 3091 2740 3146 communicet.
2779 3090 3059 3161 lmpietate
3089 3094 3189 3149 hac
3232 3110 3350 3164 quae
3389 3096 3558 3164 possit
3593 3111 3714 3153 esse

452 3176 627 3247 μένῳ.
672 3177 770 3241 Τίς
798 3178 862 3231 ἂν
894 3178 1101 3247 γένοιτο
1134 3178 1233 3250 τῆς
1264 3179 1519 3244 ἀσεϐείας
1554 3181 1755 3253 ταύτης
1788 3185 2035 3253 χαλεπω-

2140 3182 2536 3251 perniciosior?
2570 3184 2691 3252 quis
2738 3200 2974 3253 unquam
3018 3193 3217 3241 tantam
3266 3186 3605 3257 iniquitatem
3634 3188 3711 3247 lo-

448 3268 624 3339 τέρα;
680 3268 763 3331 τίς
805 3268 1033 3339 ἐλάλησε
1083 3268 1352 3341 τοσαύτην
1399 3271 1613 3326 ἀδικίαν
1663 3275 1742 3336 εἰς
1792 3274 1851 3327 τὸ
1903 3274 2036 3344 ὕψος

450 3361 620 3425 ποτέ;

671 3448 814 3518 Ἐγὼ
857 3451 958 3521 μὲν
998 3450 1106 3522 γὰρ
1151 3450 1441 3524 φοϐοῦμαι,
1491 3456 1564 3525 μὴ
1600 3456 1694 3509 καὶ
1734 3458 1929 3527 ἡμεῖς,
1974 3460 2034 3510 ἐν

453 3546 525 3617 τῷ
555 3545 659 3609 τὰς
693 3545 980 3616 ἀλλοτρίας
1013 3546 1411 3616 ἀναλαμϐάνειν
1442 3547 1789 3619 βλασφημίας
1822 3551 1908 3603 διὰ
1938 3550 2032 3604 τοῦ

469 3641 743 3709 στόματος,
794 3637 1106 3707 μολύνωμεν
1147 3638 1352 3691 ἐαυτῶν
1389 3639 1484 3711 τὴν
1513 3640 1772 3705 διάνοιαν,
1807 3643 1900 3695 καὶ
1936 3644 2034 3712 τῆς

469 3729 831 3802 κατακρίσεως
876 3731 1059 3794 αὐτοῖς
1111 3732 1422 3803 κοινωνήσω
1430 3749 1547 3802 μεν.
1767 3734 2031 3805 Παραμυ-

460 3822 619 3875 θεῖται
656 3822 715 3875 δέ
767 3838 834 3892 με
884 3822 944 3875 τὸ
988 3822 1045 3875 ἐν
1093 3824 1205 3885 τοῖς
1256 3824 1629 3892 Εὑαγγελίοις,
1681 3825 1762 3878 ὅτι
1824 3827 1916 3879 καὶ
1972 3826 2033 3879 τὸ

453 3913 675 3983 Πνεῦμα
708 3914 769 3965 τὺ
802 3913 955 3981 ἆγιον
986 3913 1084 3985 τὴν
1113 3914 1221 3967 τῶν
1278 3914 1546 3969 Ἰουδαίων
1580 3918 1657 3980 είς
1698 3918 1789 3970 τὸν
1829 3917 2031 3989 Κύριον

452 4005 803 4074 βλασφημίαν
845 4004 1116 4076 ἔγγραφον
1158 4008 1268 4069 τοῖς
1310 4007 1446 4077 μετὰ
1486 4006 1662 4062 ταῦτα
1695 4008 2029 4080 παραδοῦναι

446 4096 509 4146 οὔ
540 4095 915 4165 παρῃτήσατο,
959 4095 1181 4148 ἐκείνων
1208 4095 1517 4165 στηλιτεῦον
1550 4100 1629 4161 είς
1663 4098 1876 4152 ἅπαντα
1912 4101 2031 4169 χρό-

446 4204 538 4239 νον
570 4187 671 4256 τὴν
698 4186 1065 4257 βλασφημίαν,
1094 4187 1214 4257 οὐχὶ
1244 4190 1311 4258 τῇ
1354 4189 1608 4259 ἀχράντῳ
1632 4189 1758 4261 δόξῃ
1795 4190 1889 4243 τοῦ
1920 4193 2032 4244 Μο-

447 4276 703 4345 νογενοῦς
745 4276 1202 4349 προστριϐόμενόν
1240 4295 1361 4332 τινα
1408 4279 1779 4350 βλασφημίαν.
1964 4282 2026 4342 Εἰ

446 4370 629 4423 τοίνυν
653 4371 751 4423 οὐκ
773 4370 837 4423 ἄν
860 4386 987 4423 ποτε
1017 4369 1269 4441 πρόσοιτο
1295 4370 1567 4442 γέννησιν,
1597 4371 1737 4425 ὥστε
1762 4374 1860 4444 τῆς
1892 4374 2030 4438 ἰδίας

451 4461 773 4529 μεταδοῦναι
819 4461 898 4533 τῷ
949 4460 1272 4531 γεννωμένῳ
1328 4461 1567 4530 φύσεως,
1607 4463 1707 4515 οὐκ
1762 4464 1877 4517 ἐστι
1926 4467 2024 4535 μέν

448 4552 638 4622 Πατὴρ
681 4554 707 4604 ὁ
741 4553 905 4617 Θεὸς,
941 4555 1041 4608 οὐκ
1072 4554 1186 4607 ἐστι
1217 4554 1273 4607 δέ
1332 4565 1346 4579 ⁸

448 4650 661 4716 αφεῖναι
700 4647 886 4709 ἀτελὲς
913 4646 974 4698 τὸ
1006 4645 1343 4717 βλάσφημον.
1394 4645 1450 4697 Ὀ
1500 4645 1594 4715 μὲν
1628 4643 1738 4714 γὰρ
1774 4644 1835 4697 οὐ
1864 4660 2034 4717 προσ-

450 4742 621 4810 ήκατο
640 4739 922 4807 γέννησινθ
952 4740 981 4791 ὁ
1012 4737 1067 4790 δέ
1099 4738 1159 4790 ού
1190 4736 1452 4807 μετέλαϐε
1485 4736 1585 4806 τῆς
1616 4736 1712 4788 τοῦ
1736 4737 2034 4805 γεννήσαν-

455 4848 539 4894 τος
577 4832 809 4899 φύσεως.
857 4828 989 4883 Εἶτα
1032 4830 1430 4897 ἐπαγωνίζεται
1473 4829 1636 4891 αὐτὸς
1686 4827 1866 4898 ἐαυτῷ
1913 4845 2037 4880 και-

456 4923 546 4994 νὴν
725 4923 824 4992 τῆς
867 4922 1213 4993 βλασφημίας
1246 4923 1344 4991 τὴν
1395 4920 1749 4993 παραμυθίαν
1783 4920 2035 4977 ἐπινοῶν.

454 5017 510 5068 οὐ
544 5015 623 5085 τῷ
664 5018 835 5067 εἰπεῖν
876 5031 927 5067 τι
971 5014 1261 5085 μετανοίας
1302 5014 1582 5084 ἐχόμενον,
1612 5012 1749 5065 ἀλλὰ
1782 5014 1893 5075 τοῖς
1921 5011 2039 5064 δευ-

454 5106 627 5174 τέροις
666 5103 980 5174 φιλονεικῶν
1027 5104 1342 5173 ἀποκρύψαι
1394 5102 1459 5155 τὰ
1501 5102 1799 5172 φθάσαντα.
1836 5100 1900 5154 Τί
1931 5101 2040 5170 γὰρ

455 5197 719 5265 ὑπέμεινε
752 5194 1084 5264 φθέγξασθαι
1110 5213 1123 5260 ς

524 5287 682 5340 ΕΥΝ.
737 5286 993 5355 Ἐκφύγοι
1025 5305 1083 5340 τε
1133 5287 1199 5341 ἂν
1242 5289 1421 5341 πᾶσαν
1472 5287 1757 5361 σύγκρισιν
1799 5288 1893 5340 καὶ
1923 5305 2039 5342 κοι-

455 5378 651 5432 νωνίαν
679 5379 775 5448 τὴν
816 5378 951 5449 πρὸς
989 5380 1049 5433 τὸ
1080 5380 1363 5449 γεννητόν.

527 5472 676 5524 ΒΑΣ.
720 5472 783 5523 Εἰ
828 5471 885 5523 δέ
922 5472 996 5542 μὴ
1034 5471 1323 5544 σύγκρισίς
1356 5472 1472 5524 ἐστι
1517 5471 1593 5543 τῷ
1633 5471 1747 5543 Υἱῷ
1785 5474 1920 5546 πρὸς
1952 5472 2043 5528 τὸν

457 5564 701 5635 Πατέρα,
742 5563 874 5633 μηδὲ
927 5564 1179 5618 κοινωνία
1217 5565 1353 5636 πρὸς
1386 5563 1476 5617 τὸν
1510 5566 1881 5637 γεννήσαντα,
1913 5566 2042 5636 ψευ-

456 5657 566 5720 δεῖς
594 5658 695 5727 μὲν
728 5658 775 5709 oi
809 5655 1111 5720 ἀπόστολοι,
1143 5657 1315 5727 ψευδῆ
1349 5657 1406 5710 δέ
1439 5658 1507 5713 τὰ
1532 5658 1837 5727 Εύαγγέλια
1860 5677 1873 5690 ⁸
1908 5662 2041 5733 αὐτή

460 5768 518 5803 τε
546 5752 579 5819 ἡ
762 5748 982 5819 ἀλήθεια
1002 5796 1013 5817 ,
1043 5752 1071 5802 ὁ
1102 5749 1304 5820 Κύριος
1343 5750 1499 5820 ἡμῶν
1539 5751 1747 5822 Ἰησοῦς
1788 5753 2039 5825 Χριστός.

2138 3285 2293 3329 cutus
2323 3284 2407 3330 est
2435 3276 2485 3329 in
2523 3274 2938 3330 celsitudinem?

2349 3452 2459 3521 Ego
2505 3453 2751 3521 equidem
2809 3467 3018 3519 vereor,
3073 3468 3138 3508 ne
3188 3469 3286 3509 nos
3329 3470 3543 3525 quoque
3583 3457 3707 3512 dum

2088 3622 2091 3627 φ
2135 3547 2339 3601 alienas
2360 3547 2726 3617 blaSphemias
2747 3562 2842 3602 ore
2868 3550 3184 3617 repetimus,
3209 3558 3441 3604 mentem
3465 3564 3705 3605 nostram

2133 3637 2469 3708 polluamus,
2525 3646 2687 3705 atque
2738 3637 3217 3693 condemnationis
3260 3654 3445 3693 eorum
3506 3642 3705 3695 liatnus

2133 3730 2445 3800 participes.
2492 3730 2596 3783 Sed
2651 3729 2975 3784 consolatur
3006 3744 3092 3784 me
3142 3730 3271 3784 illud
3318 3732 3369 3784 in
3406 3732 3706 3799 Evangeliis

2134 3821 2447 3891 proditum,
2501 3819 2643 3887 quod
2698 3820 2934 3889 Spiritus
2979 3833 3200 3876 sancws
3240 3836 3449 3891 quoque
3494 3822 3706 3877 Judan-

2133 3927 2251 3966 rum
2303 3912 2353 3964 in
2395 3909 2679 3964 Dominum
2725 3910 3116 3979 blaSphemiam
3166 3911 3422 3980 scriptam
3477 3916 3707 3981 posteris

2134 4003 2348 4057 tradere
2389 4017 2495 4054 nou
2544 4002 2902 4069 abstinuerit,
2956 4001 3170 4057 illorum
3206 4001 3597 4072 blasphemiam
3650 4007 3699 4057 in

2132 4108 2295 4148 omne
2323 4102 2534 4160 tempus
2561 4093 2631 4146 ita
2667 4103 2883 4157 notans,
2921 4104 2979 4147 ut
3015 4092 3213 4147 nullam
3246 4103 3420 4146 lamen
3454 4094 3705 4147 inconta-

2132 4186 2348 4239 miuatte
2400 4182 2672 4252 Uuigenili
2714 4182 2978 4249 maiestati
3035 4182 3423 4252 blasphemiam
3474 4181 3701 4236 aiiriect.

2132 4277 2318 4347 Itaque
2352 4276 2397 4330 si
2447 4287 2721 4343 nunquam
2775 4274 3182 4344 generationem
3230 4274 3532 4339 admiserit,
3568 4277 3703 4328 adeo

2132 4382 2185 4424 ut
2222 4368 2451 4440 propriae
2484 4375 2688 4421 naturae
2722 4365 3038 4434 participem
3070 4364 3233 4421 faciat
3275 4367 3514 4434 genitum
3542 4405 3558 4432 ,
3597 4382 3698 4421 non

2131 4459 2450 4527 estquidem
2484 4455 2646 4509 Pater
2679 4453 2838 4517 Deus,
2868 4468 2977 4507 non
3017 4462 3099 4508 est
3126 4454 3325 4519 etiam;
3354 4454 3448 4508 sed
3476 4462 3699 4524 praestat

1478 4553 1592 4607 ἀλλ’
1628 4554 1849 4622 ἄμεινον
1888 4559 2021 4627 ἡμῖν

2134 4568 2187 4607 ιιι
2230 4548 2625 4618 blasphemiam
2676 4545 3049 4616 imperfectam
3103 4544 3492 4614 relinquamus.
3546 4547 3695 4601 Alter

2126 4644 2343 4713 quidem
2376 4660 2479 4698 nun
2509 4644 2731 4698 admisit
2760 4643 3165 4713 generationem
3193 4657 3206 4695 :
3235 4643 3371 4697 alter
3398 4656 3526 4696 vero
3554 4641 3699 4709 geni-

2128 4735 2263 4788 toris
2297 4743 2548 4788 naluram
2580 4749 2684 4787 non
2717 4732 3085 4803 participavit.
3128 4731 3329 4812 Deinde
3361 4733 3476 4799 ipse
3508 4745 3695 4784 secum

2129 4835 2319 4891 certat,
2346 4841 2536 4880 novant
2568 4825 2915 4895 blasphemiae
2943 4825 3334 4895 mitigationem
3360 4824 3694 4893 excogitaus,
3739 4814 3745 4821 ’

2128 4932 2234 4971 non
2285 4918 2425 4987 quod
2470 4918 2764 4987 quidquam
2824 4919 2971 4972 dicat
3015 4918 3157 4987 quod
3203 4919 3269 4970 ad
3325 4917 3697 4986 paenitentiam

2131 5009 2417 5077 pertineat,
2469 5010 2562 5065 sed
2599 5012 2740 5078 quod
2790 5012 3183 5081 posterioribus
3216 5010 3395 5080 priora
3440 5025 3707 5082 superare

2131 5112 2375 5157 conetur.
2410 5103 2548 5169 Quid
2580 5105 2723 5160 enim
2756 5105 3001 5174 proferre
3033 5120 3197 5161 ausus
3228 5107 3350 5161 est?

2202 5290 2333 5346 Eun.
2376 5288 2745 5358 Eii'ugeritque
2779 5289 2966 5358 utique
2993 5304 3208 5344 omnem
3241 5291 3701 5359 comparationem

2134 5400 2195 5439 ac
2220 5382 2763 5438 communicationem
2796 5395 2919 5434 cum
2951 5382 3153 5449 genito.

2206 5475 2328 5530 Bas.
2372 5477 2439 5529 At
2481 5473 2584 5529 nisi
2618 5473 2954 5543 comparatio
2982 5474 3053 5527 sit
3083 5472 3206 5527 Filii
3242 5489 3362 5527 cum
3389 5472 3568 5536 Patre,
3601 5471 3701 5525 nisi

2136 5568 2207 5622 sit
2257 5565 2678 5621 communicatio
2734 5580 2858 5619 cmn
2914 5564 3194 5632 genitore,
3241 5565 3528 5617 mendaces
3579 5572 3705 5617 sunt

2135 5658 2384 5729 apostoli,
2421 5658 2699 5711 mendacia
2753 5655 3041 5725 Evangelia
3068 5694 3084 5720 ,
3120 5654 3234 5721 ipsa
3274 5655 3437 5707 etiam
3481 5654 3701 5710 veritas.

2137 5751 2399 5809 Dominus
2452 5759 2636 5806 noster
2682 5748 2841 5805 Jesus
2882 5748 3151 5805 Christus.
3208 5746 3315 5802 Sed
3359 5764 3460 5816 ego
3507 5747 3709 5802 iterum
