4058 6398
319 263 423 326 503
1532 264 1920 328 EUTHYMII

1971 263 2327 328 ZIGABENI
3211 301 3216 310 -
3471 264 3573 323 5οι

320 399 517 452 horreo
569 393 994 461 blasphemiam,
1026 405 1187 462 quam
1231 391 1427 460 cuique
1473 389 1628 443 facile
1683 397 1765 443 est
1806 389 1891 443 iu-

2004 385 2143 436 ’Δλλ’
2169 383 2278 452 ἐγὼ
2311 381 2407 453 μὲν
2435 381 2594 435 πάλιν
2634 383 2849 452 φρίσσω
2876 381 2974 453 τὴν
3003 381 3385 456 βλασφημίαν·
3414 387 3569 439 παντὶ

320 490 580 558 telligere.
620 486 753 541 Nam
781 488 824 540 si
863 486 1057 540 nullam
1092 485 1254 539 habet
1284 485 1742 554 comparationem
1768 499 1888 538 cum

1993 473 2050 526 δὲ
2081 471 2306 526 συνιδεῖν
2341 472 2539 542 ῥᾴδιον.
2577 473 2640 526 Εἰ
2677 473 2784 541 γὰρ
2822 473 3090 545 μηδεμίαν
3133 476 3420 546 σύγκρισιν
3463 477 3576 547 ἔχει

320 581 502 645 Patre,
543 579 816 649 quomodo
857 578 1070 632 diccbat
1114 574 1409 645 Philippo:
1445 574 1615 630 Tanto
1661 587 1892 643 tempore

1993 565 2128 635 πρὸς
2167 562 2256 616 τὸν
2286 563 2527 635 Πατέρα,
2563 564 2680 627 πῶς
2718 564 2872 632 ἔλεγε
2923 565 3002 636 τῷ
3029 567 3280 638 Φιλίππῳ
3304 585 3316 597 ·
3361 570 3579 624 Τοσοῦ-

321 665 580 719 vobiscum
630 679 769 726 sum,
828 673 874 716 et
927 679 1030 715 non
1069 663 1244 715 vidisti
1285 677 1404 726 me,
1453 659 1691 730 Philippe
1814 659 1890 714 ‘?

1992 674 2100 711 τον
2127 657 2350 726 χρόνον
2378 657 2507 726 μεθ’
2542 655 2705 724 ὑμῶν
2741 659 2880 725 εἰμι,
2916 660 3014 712 καὶ
3051 661 3163 728 οὐχ
3193 660 3456 728 ἑώρακάς
3477 680 3576 730 με.

321 765 408 819 et,
439 755 540 821 Qui
586 755 719 808 videt
762 771 875 818 me,
910 755 1044 808 videt
1085 769 1203 808 eum
1228 754 1320 824 qui
1367 755 1509 808 misit
1535 771 1616 808 me
1659 748 1679 775 ²
1706 753 1729 807 ?
1756 752 1888 807 Nam

1993 751 2291 812 Φίλιππε;
2333 749 2460 810 καὶ,
2516 747 2577 800 '0
2626 745 2859 816 θεωρῶν
2904 748 3010 818 ἐμὲ
3054 750 3260 818 θεωρεῖ
3291 750 3398 804 τὸν
3435 752 3581 822 πέμ-

321 865 443 902 eum
471 850 560 918 qui
589 863 685 902 nec
707 847 1164 918 comparationem
1188 845 1416 916 suscipit
1444 862 1543 902 nec
1567 847 1732 903 ullam
1766 861 1888 902 cum

1991 837 2194 909 ψαντά
2217 854 2334 909 μεὶ
2363 839 2467 892 Τὸν
2490 840 2598 910 γὰρ
2637 841 2772 911 μήτε
2950 840 3238 912 σύγκρισιν
3269 843 3582 914 ὲπιδεχὸμε·

321 938 458 995 Ὲιιίο
488 941 917 996 communionem
957 940 1155 1006 habet,
1185 939 1459 1008 quomodo
1490 941 1545 994 in
1583 941 1761 1010 seipso
1795 939 1889 993 Fi-

1991 949 2102 994 vov,
2154 932 2287 1003 μήτε
2335 932 2618 986 κοινωνίαν
2665 932 2785 986 τινὰ
2831 933 2966 1004 πρὸς
3015 934 3178 989 αὐτὸν
3218 935 3578 1006 κεκτημένον,

323 1032 427 1086 lius
468 1031 753 1087 ostendere
800 1029 1098 1099 potuisset?
1140 1027 1251 1084 Nec
1298 1029 1444 1084 enim
1493 1044 1591 1098 per
1633 1029 1893 1086 dissimile

1993 1024 2111 1087 πῶς
2144 1023 2209 1076 ἂν
2254 1022 2452 1087 ἔδειξεν
2491 1026 2548 1076 ὲν
2591 1023 2769 1094 ἐαυτῷ
2815 1026 2844 1077 ὁ
2876 1026 3042 1090 Υίός;
3089 1027 3164 1078 Οὐ
3206 1027 3315 1098 γὰρ
3351 1028 3440 1080 διὰ
3483 1028 3581 1082 τοῦ

323 1135 416 1178 aut
447 1123 683 1178 alienum
726 1120 1107 1190 comprehendi
1149 1129 1328 1192 potest
1374 1121 1520 1192 quod
1566 1123 1888 1192 ignoratur:

1992 1115 2247 1187 ἀνομοίου
2284 1117 2376 1168 καὶ
2410 1116 2691 1187 ἀλλοτρίου
2727 1117 3074 1188 καταληπτόν
3108 1120 3225 1172 ἐστι
3255 1120 3315 1172 τὸ
3347 1121 3580 1189 ἀγνοού-

324 1215 416 1270 sed
444 1230 511 1270 ex
535 1214 676 1269 amni
704 1211 861 1268 aliine
887 1213 1025 1269 solet
1052 1214 1328 1284 cognosci.
1375 1212 1467 1269 Sic
1512 1214 1566 1268 iu
1596 1214 1775 1283 sigillo
1810 1215 1892 1269 in-

1997 1225 2183 1279 μενον·
2221 1207 2357 1260 ἀλλά
2394 1207 2472 1277 τῷ
2509 1207 2697 1279 οἰκείῳ
2738 1211 2951 1279 πέφυκε
2992 1211 3053 1265 τὸ
3088 1213 3286 1264 οίκειον
3326 1214 3583 1282 ἐπιγινώ-

322 1307 552 1378 spicitur
588 1303 704 1376 ejus
725 1305 820 1376 qui
856 1321 914 1360 se
940 1305 1214 1375 impressit
1239 1303 1462 1376 efﬁgies,
1490 1316 1546 1362 et
1577 1322 1673 1375 per
1699 1307 1892 1374 imagi-

1996 1300 2241 1354 σκεσθαι.
2297 1299 2482 1364 Οὕτως
2530 1301 2589 1352 ὲν
2637 1301 2736 1372 μὲν
2769 1301 2847 1372 τῷ
3032 1302 3520 1372 ἀποσφραγίσματι
3552 1305 3583 1358 ὁ

324 1416 444 1456 nem
493 1399 773 1471 exemplar
811 1401 1180 1470 cognoscitur,
1223 1400 1270 1454 si
1308 1399 1562 1454 videlicet
1609 1415 1892 1468 compare-

1993 1389 2086 1442 τοῦ
2116 1388 2463 1452 τυπώσαντος
2502 1390 2790 1462 χαρακτὴρ
2829 1390 3164 1463 καθορᾶται·
3193 1392 3260 1445 δι’
3290 1393 3497 1456 εἰκόνος
3523 1393 3583 1446 δὲ

323 1509 445 1548 ιιιυε
475 1508 573 1548 nos
599 1508 718 1549 eam
743 1507 862 1547 ouae
893 1493 945 1547 in
979 1501 1210 1548 utroaue
1240 1502 1325 1547 est
1353 1491 1715 1548 identitatem.

1994 1484 2027 1551 ἡ
2055 1481 2256 1549 γνῶσις
2279 1480 2372 1534 τοῦ
2400 1481 2708 1552 ἀρχετύπου
2732 1483 2940 1551 γίνεται
2957 1521 2971 1546 ,
3003 1485 3403 1555 συγκρινόντων
3425 1484 3583 1555 ἡμῶν

976 1566 1027 1630 4η
1992 1572 2232 1645 δηλονότι
2265 1572 2362 1644 τὴν
2391 1575 2446 1626 ὲν
2474 1574 2723 1644 ἐκατέρῳ
2751 1573 3078 1646 ταύτότητα.

525 1666 704 1731 Quare
733 1665 834 1718 hac
869 1679 974 1718 uua
1010 1664 1338 1734 blasphemia
1377 1680 1533 1720 voces
1567 1679 1755 1720 omnes
1776 1681 1896 1736 quze
1928 1672 1968 1726 Β

2197 1667 2361 1720 ’Ὥστε
2387 1666 2474 1720 διὰ
2501 1669 2632 1737 μιᾶς
2655 1668 2860 1738 ταύτης
2888 1666 3236 1739 βλασφημίας
3257 1669 3436 1732 πάσας
3461 1665 3583 1720 ἀθε-

326 1774 352 1811 a
396 1759 600 1825 Spiritu
635 1768 826 1812 sancto
853 1757 916 1810 ad
958 1757 1411 1829 gloriﬁcationem
1463 1757 1735 1828 Unigvniti
1781 1767 1894 1811 tra-

1993 1761 2203 1814 τεῖσθαι
2235 1760 2334 1822 τὰς
2377 1759 2562 1828 φωνὰς
2593 1758 2691 1822 τὰς
2734 1760 2884 1827 παρά
2920 1757 3014 1812 τοῦ
3062 1759 3220 1832 ἁγίου
3265 1760 3585 1831 Πνεύματος

326 1849 448 1902 dita:
467 1859 612 1910 sunt,
637 1848 1013 1918 reprobantur.
1034 1848 1332 1918 thuidem
1347 1848 1696 1918 Evangelium
1714 1849 1892 1915 docet,

1996 1853 2077 1916 είς
2121 1851 2220 1923 τὴν
2269 1849 2362 1903 τοῦ
2408 1850 2746 1918 Μονογενοῦς
2797 1849 3104 1918 δοξολογίαν
3145 1834 3546 1922 οιαραδοθείσας

326 1941 466 2008 quod
495 1937 648 1992 Hunc
683 1939 846 1993 Pater
875 1940 1100 2009 signavit
1309 1939 1447 1994 Deus
1495 1946 1515 1976 ³
1557 1957 1570 1993 :
1609 1940 1898 2009 Apostolus

1999 1942 2094 1998 τοῦ
2128 1943 2227 2013 μὲν
2262 1941 2596 2010 Εὐαγγελίου
2625 1939 2969 2004 διδάσκοντος
3003 1942 3105 2005 ὃτι,
3149 1943 3370 1998 Τοῦτον
3396 1946 3430 1997 ὁ
3467 1947 3586 1996 Πα-

327 2045 453 2083 vero
497 2029 570 2084 ait
608 2047 621 2083 :
658 2029 762 2095 Qui
785 2041 860 2084 est
900 2030 1073 2099 imago
1119 2030 1214 2082 Dei
1258 2029 1531 2084 invisibilis
1575 2027 1627 2085 ⁸.
1677 2030 1897 2101 Imago,

1998 2034 2108 2104 τὴρ
2139 2034 2509 2104 ἐσφράγισεν
2539 2037 2570 2087 ὁ
2600 2032 2779 2099 Θεός·
2830 2031 2925 2085 τοῦ
2967 2033 3025 2086 δὲ
3083 2033 3440 2088 ’Δποστόλουο
3478 2037 3588 2103 ’ος

327 2136 429 2175 uon
461 2121 776 2186 iuauimata,
819 2137 998 2190 neque
1033 2136 1191 2174 tuanu
1222 2121 1522 2185 elaborata,
1558 2138 1733 2193 neque
1761 2125 1898 2180 artis

1998 2129 2169 2182 ἐστιν
2213 2126 2392 2181 εἰκὼν
2440 2125 2548 2180 τοῦ
2590 2123 2740 2179 Θεοῦ
2794 2124 2900 2179 τοῦ
2933 2124 3210 2193 ἀοράτου.
3261 2126 3439 2180 Είκὼν
3484 2131 3588 2183 οὐκ

324 2224 417 2267 aut
443 2215 716 2268 industria:
742 2229 876 2282 opus
902 2232 915 2268 :
946 2214 1038 2268 sed
1082 2214 1260 2283 imago
1293 2215 1435 2281 viva,
1466 2216 1573 2272 imo
1602 2231 1751 2279 vero,
1782 2218 1896 2288 ipsa

1998 2219 2225 2290 ἄψυχος,
2249 2219 2371 2272 οὐδὲ
2394 2217 2760 2288 χειρόκμητος
2802 2253 2818 2278 ,
2946 2216 3068 2269 οὐδὲ
3087 2216 3284 2288 τέχνης
3305 2217 3465 2288 ἔργον
3490 2223 3586 2273 καὶ

325 2317 421 2370 per
436 2317 492 2356 se
512 2304 639 2367 vita,
659 2318 760 2357 non
791 2305 839 2356 in
862 2303 1042 2373 figura:
1060 2304 1432 2369 similitudine,
1459 2307 1553 2360 sed
1574 2321 1694 2376 quae
1710 2308 1760 2360 iu
1782 2308 1896 2378 ipsa

1998 2311 2258 2375 ἐπινοίας·
2290 2309 2426 2364 ἀλλὰ
2455 2307 2618 2361 εἰκὼν
2648 2306 2818 2372 ζῶσα,
2845 2307 3048 2377 μᾶλλον
3073 2308 3129 2361 δὲ
3155 2309 3422 2365 αὐτοοῦσα
3448 2309 3584 2382 ζωὴ,

327 2394 627 2448 substantia
643 2394 1047 2448 similitudinem
1068 2394 1898 2468 dissimilitudiniscujuscunque

1996 2401 2098 2455 οὐκ
2127 2403 2184 2454 ὲν
2220 2403 2496 2472 σχήματος
2519 2397 2817 2470 ὁμοιότητι,
2848 2397 2962 2452 ἀλλ’
3005 2402 3062 2451 ὲν
3090 2399 3228 2471 αὐτῇ
3253 2404 3317 2471 τῇ
3345 2402 3503 2472 οὐσίᾳ
3525 2403 3588 2455 τὸ

323 2493 595 2550 expertem
643 2499 856 2554 semper
901 2485 1116 2539 retinet.
1145 2484 1256 2555 Ego
1284 2486 1429 2542 enim
1455 2487 1608 2554 illud,
1637 2493 1691 2543 in
1722 2494 1898 2559 forma

1999 2492 2416 2564 ἀπαράλλακτον
2588 2490 2675 2544 ἀεὶ
2696 2487 3051 2554 διασώζουσα.
3094 2491 3233 2559 Ἐγὼ
3254 2493 3362 2563 γὰρ
3385 2494 3478 2546 καὶ
3501 2493 3581 2550 τὸ.

329 2577 420 2628 Dei
445 2593 550 2630 esse
585 2577 604 2607 ³
627 2617 642 2639 ,
672 2577 810 2630 idem
843 2575 1022 2630 valere
1055 2576 1201 2642 dico,
1237 2579 1380 2646 quod
1419 2581 1541 2646 hoc,
1564 2581 1620 2633 in
1651 2583 1896 2636 substan-

1995 2585 2067 2638 ἐν
2103 2583 2305 2654 μορφῇ
2355 2582 2503 2638 Θεοῦ
2549 2580 2877 2651 ὑπάρχειν,
2925 2571 3036 2636 ἴσον
3080 2584 3339 2638 δύνασθαι
3373 2584 3472 2654 τῷ,
3515 2585 3587 2638 ἐν

325 2671 401 2722 tia
444 2670 536 2724 Dei
566 2686 696 2723 esse.
723 2669 877 2724 Sicut
911 2670 1054 2724 enim
1089 2669 1246 2734 illud,
1283 2670 1509 2738 formam
1552 2675 1898 2741 assumpsisse

1998 2679 2180 2744 οὐσίᾳ
2210 2675 2356 2731 Θεοῦ
2383 2673 2695 2744 ὑπάρχειν,
2744 2674 2910 2745 φημί.
2957 2674 3042 2737 Ὠς
3073 2675 3180 2744 γὰρ
3223 2676 3303 2737 τὸ,
3339 2677 3587 2744 μορφὴν

323 2761 454 2813 servi
506 2762 556 2820 ⁸.
589 2761 866 2828 signiﬁcat
891 2759 1178 2814 Dominum
1229 2770 1473 2815 nostrum
1504 2763 1555 2816 iu
1593 2765 1894 2819 substantia

1997 2767 2388 2837 ἀνειληφέναι
2413 2766 2662 2827 δούλου,
2713 2765 2770 2818 ἐν
2804 2767 2869 2836 τῇ
2904 2765 3062 2837 οὐσίᾳ
3102 2767 3200 2837 τῆς
3227 2767 3584 2839 ἀνορωπότη-

327 2853 574 2903 humanae
628 2861 833 2906 natura:
894 2863 1077 2904 natum
1124 2868 1286 2905 esse:
1337 2854 1410 2907 ita
1465 2855 1627 2908 etiam
1684 2857 1807 2920 hoc,
1844 2859 1896 2912 in

1997 2883 2090 2930 τος
2133 2863 2223 2915 τὸν
2259 2859 2462 2929 Κύριον
2499 2857 2656 2928 ἡμῶν
2702 2858 3064 2927 γεγεννῆσθαι
3104 2860 3391 2928 σημαίνει·
3443 2859 3588 2914 οὕτω

328 2947 501 3012 [arma
527 2942 624 2995 Dei
649 2961 780 3008 esse,
818 2959 1040 3012 prorsus
1068 2943 1263 2997 divina:
1305 2941 1620 2996 substantia:
1651 2944 1892 3010 pr0prie-
1919 2985 1930 3035 '

2020 2955 2046 3005 ὲ
2080 2951 2174 3004 καὶ
2209 2951 2292 3014 τὸ,
2316 2951 2386 3002 ὲν
2567 2945 2768 3018 μορφῇ
2799 2947 2946 3002 Θεοῦ
2971 2945 3285 3014 ὑπάρχειν,
3313 2946 3413 3016 τῆς
3438 2944 3621 3013 θείας.

327 3046 492 3089 tatem
518 3035 760 3088 exhibet.
793 3033 898 3099 Qui
924 3035 1050 3087 vidit
1088 3050 1188 3097 me,
1217 3032 1409 3102 inquit,
1451 3032 1580 3084 vidit
1611 3029 1817 3083 Patrem
1847 3032 1896 3089 ⁷.
1924 3029 1929 3034 ’

1989 3043 2178 3106 οὐσίας
2210 3042 2508 3115 παρίστησι
2539 3039 2756 3103 πάντως
2782 3039 2881 3110 τὴν
2920 3038 3178 3108 ἰδιότητα.
3216 3037 3272 3088 ’0
3311 3033 3588 3103 ἑωρακὼς

328 3126 423 3180 llic
447 3135 626 3180 autem
653 3126 882 3180 alienum
909 3141 938 3179 ιι
982 3126 1141 3180 Patre
1173 3124 1530 3193 Unigeuitum
1568 3124 1791 3188 faciens,
1834 3137 1898 3178 ac

1989 3133 2116 3201 ἐμὲ,
2146 3131 2330 3203 φησιν,
2363 3129 2583 3198 ἑώρακε
2605 3131 2711 3182 τὸν
2737 3126 2989 3195 Πατέρα.
3013 3122 3180 3188 Οὗτος
3201 3125 3258 3178 δὲ
3285 3121 3585 3193 ἀλλοτριῶν

325 3233 551 3287 prorsus
599 3219 914 3273 rescindeus
948 3217 1016 3270 ab
1067 3217 1184 3284 ejus
1230 3215 1516 3279 societate,
1571 3214 1898 3284 cognitionis

1990 3224 2086 3278 τοῦ
2120 3223 2332 3293 Πατρὸς
2361 3222 2452 3275 τὸν
2477 3220 2778 3288 Μονογενῆ,
2812 3219 2906 3272 καὶ
2947 3216 3228 3278 παντελῶς
3272 3213 3586 3283 ἀποσχίζων

324 3325 610 3364 ascensum
639 3309 732 3380 qui
781 3324 878 3380 per
910 3309 1084 3379 ipsum
1135 3309 1213 3374 tit,
1262 3317 1521 3376 quantum
1556 3307 1608 3360 in
1647 3307 1762 3376 ipso
1792 3315 1896 3372 est,

1993 3317 2093 3388 τῆς
2137 3315 2276 3387 πρὸς
2313 3313 2476 3367 αὐτὸν
2516 3310 2818 3373 κοινωνίας,
2859 3310 2955 3380 τὴν
2993 3307 3246 3362 διἀὐτοῦ
3286 3310 3584 3376 γενομένην

325 3403 616 3460 abscindit.
657 3403 992 3470 Qua’cunque
1040 3401 1193 3455 habet
1239 3401 1420 3468 Pater,
1474 3417 1586 3454 mea
1621 3409 1764 3465 sunt,
1817 3400 1900 3454 in-

1994 3412 2094 3480 τῆς
2120 3406 2374 3477 γνώσεως
2406 3404 2610 3468 ἄνοδον,
2645 3402 2705 3455 τὸ
2734 3403 2856 3455 ὅσον
2902 3402 2988 3454 ἐπ’
3031 3397 3180 3468 αὐτῷ
3224 3433 3239 3457 ,
3397 3396 3575 3450 διακόσ

325 3497 441 3563 quit
471 3494 727 3547 Dominus
769 3489 814 3547 '.
846 3495 916 3546 At
950 3490 1248 3546 Eunomins
1300 3492 1733 3546 communionem
1775 3489 1897 3545 nul-

1996 3516 2141 3554 πτει.
2174 3495 2378 3550 Πάντα
2409 3494 2526 3548 ὅσα
2556 3495 2679 3563 ἔχει
2716 3495 2748 3546 o'
2774 3489 2998 3558 Πατὴρ,
3035 3488 3151 3558 ἐμά
3185 3488 3375 3551 ἐστιν,
3410 3488 3440 3539 ὁ
3470 3485 3576 3538 Κύ-

324 3589 428 3640 lam
459 3603 577 3641 esse
611 3589 686 3640 ait
721 3586 865 3640 Patri
894 3602 1015 3639 cum
1048 3599 1112 3638 eo
1146 3585 1234 3654 qui
1269 3600 1332 3639 ex
1369 3586 1484 3653 ipso
1514 3594 1618 3640 est.
1642 3583 1726 3648 Et,
1752 3581 1896 3639 Sicut

1999 3590 2111 3662 ριός
2136 3606 2317 3661 φησιν.
2349 3588 2611 3658 Εὐνόμιος
2643 3586 2700 3639 δὲ
2736 3583 2992 3655 οὐδεμίαν
3028 3581 3177 3650 λέγει
3201 3578 3484 3634 κοινωνίαν
3508 3571 3584 3628 εἶ-

331 3680 492 3733 l’ater
523 3680 578 3732 in
617 3680 783 3746 seipse
817 3679 974 3733 vitam
997 3677 1176 3742 habet,
1201 3678 1276 3731 sic
1307 3677 1447 3730 dedit
1477 3686 1526 3730 et
1569 3675 1714 3729 Filio
1737 3677 1895 3730 vitam

1996 3702 2085 3738 ναι
2111 3682 2186 3752 τῷ
2213 3681 2389 3751 Πατρὶ
2423 3680 2559 3750 πρὸς
2591 3679 2680 3732 τὸν
2710 3679 2768 3744 ἐξ
2795 3675 2980 3730 αὐτοῦ.
3003 3675 3136 3737 Καὶ,
3159 3675 3385 3740 Ὥσπερ
3413 3674 3446 3725 ὁ
3472 3673 3588 3723 Ila.-

325 3772 516 3824 habere
541 3769 594 3823 in
626 3770 902 3838 semetipsa
961 3765 1004 3825 ’.
1042 3767 1154 3822 Hoc
1186 3783 1374 3822 sumus
1399 3767 1465 3822 ab
1502 3767 1616 3836 ipso
1671 3767 1897 3820 Domino

1995 3775 2108 3844 τὴρ
2138 3772 2292 3842 ζωὴν
2323 3773 2447 3842 ἔχει
2476 3772 2545 3826 ὲν
2577 3768 2790 3834 ἑαυτῷ,
2822 3767 3012 3832 οὕτως
3033 3766 3217 3820 ἔδωκε
3246 3765 3339 3818 καὶ
3367 3761 3446 3827 τῷ
3474 3760 3586 3826 Υἱῷ

323 3864 546 3915 υιΙιιιΊῘζ
597 3862 665 3915 ab
711 3860 976 3915 Eunonuio
1031 3874 1161 3914 vero
1210 3859 1375 3928 quid?
1412 3857 1654 3928 Nempe,
1696 3857 1894 3910 nullam

1996 3866 2151 3936 ζωὴν
2181 3867 2345 3936 ἔχειν
2374 3867 2444 3919 ἐν
2464 3863 2677 3928 ἐαυτῷ.
2711 3860 2882 3914 Τοῦτο
2913 3859 3040 3930 παρ’
3072 3856 3239 3911 αὐτοῦ
3268 3854 3587 3924 δεδιδάγμε-

323 3971 442 4008 esse
486 3953 953 4022 comparationem
1008 3951 1174 4020 geniti
1218 3966 1343 4005 cum
1390 3949 1652 4020 genitore.
1690 3948 1757 4002 Et
1791 3962 1900 4002 uno

1997 3959 2065 4012 θα
2089 3958 2183 4012 τοῦ
2225 3959 2426 4030 Κυρίου
2447 3974 2459 3986 ο
2498 3955 2646 4026 παρά
2669 3955 2724 4006 δὲ
2754 3951 3017 4020 Εὐνομίου
3043 3951 3093 4003 τί
3120 3967 3134 4014 ;
3189 3946 3473 4018 Μηδεμίαν
3501 3940 3586 3998 εῖ-

323 4049 510 4111 νυτ1ιο,
551 4057 606 4099 ιιι
638 4045 894 4116 imaginis
925 4045 1191 4098 rationem
1228 4045 1328 4097 hac
1355 4042 1515 4097 unica
1569 4056 1704 4096 voce
1739 4041 1895 4103 tollit,

1997 4069 2086 4105 ναι
2125 4051 2412 4120 σύγκρισιν
2453 4047 2529 4118 τῷ
2570 4045 2884 4116 γεννηθέντι
2921 4044 3057 4115 πρὸς
3096 4043 3185 4095 τὸν
3223 4041 3584 4109 γεννήσαντα.

325 4140 395 4190 ita
435 4136 780 4207 splendorem
825 4149 888 4188 ac
937 4132 1310 4188 characterem
1341 4145 1462 4185 esse
1509 4129 1826 4184 substantia:
1857 4127 1899 4157 ‘°

1998 4144 2109 4198 Kal.
2135 4141 2492 4207 ἁπαξαπλῶς,
2517 4140 2606 4194 διὰ
2645 4140 2774 4209 μιᾶς
2799 4137 3007 4206 ταύτης
3034 4133 3218 4203 φωνῆς
3243 4133 3459 4202 ἀναιρεῖ
3488 4131 3592 4200 μὲν

327 4239 507 4299 negat.
559 4225 745 4297 Neque
790 4225 934 4280 enim
983 4223 1096 4278 ﬁeri
1145 4231 1341 4289 potest,
1380 4231 1438 4277 ut
1487 4221 1772 4292 imaginem
1821 4223 1900 4276 in—

1996 4236 2089 4290 τὸν
2119 4238 2216 4307 τῆς
2253 4235 2460 4298 εἰκόνος
2494 4233 2673 4301 λόγον,
2706 4229 2890 4284 ἀθετεῖ
2909 4228 2967 4281 δὲ
2998 4227 3060 4280 τὸ
3081 4224 3422 4294 ἀπαύγασμα
3447 4217 3592 4275 εἶναι

329 4323 538 4390 tellégas
563 4319 679 4386 ejus
703 4316 794 4386 qui
827 4313 1028 4370 nullam
1065 4314 1228 4368 habet
1266 4315 1757 4383 comparationem,
1806 4330 1894 4368 ne-

1998 4328 2092 4383 καὶ
2119 4305 2444 4398 δίαρακτῆρα
2461 4324 2562 4394 τῆς
2591 4321 2963 4383 ὑποστάσεως.
2993 4315 3132 4371 Οὖτε
3162 4316 3271 4386 γὰρ
3296 4312 3480 4366 εἰκόνα
3500 4311 3593 4364 δυο

326 4429 452 4481 qne,
480 4422 537 4468 ut
572 4410 828 4480 Splendor
857 4407 930 4462 sit
951 4405 1068 4474 ejus
1099 4405 1192 4476 qui
1225 4406 1427 4461 nullam
1465 4408 1900 4463 communionem

1998 4421 2157 4475 νατλν
2188 4419 2283 4473 τού
2321 4418 2656 4488 ἀσυγκρίτου
2684 4413 2942 4477 νοεῖσθαι,
2983 4409 3109 4465 οὐτε
3139 4407 3480 4476 ἀπαύγασμα
3512 4400 3592 4458 εἶ-

325 4504 620 4558 secundum
642 4511 894 4557 naturam
925 4499 1110 4554 habet.
1157 4499 1428 4553 Cancrum
1457 4499 1510 4553 in
1549 4499 1738 4553 eodem
1767 4499 1900 4553 arti-

1998 4534 2085 4573 ναι
2131 4515 2226 4569 τοῦ
2266 4513 2631 4582 ἀκοινωνήτου
2685 4506 2828 4562 κατὰ
2871 4505 2971 4576 τὴν
3007 4502 3186 4573 φύσιν.
3233 4498 3324 4569 Τῷ
3355 4497 3411 4550 δὲ
3441 4495 3593 4566 αὐτῷ

327 4597 437 4651 ﬁcii
479 4609 680 4665 genere
709 4612 896 4651 rursus
919 4597 1186 4668 persistit,
1213 4595 1338 4649 dum
1366 4593 1443 4648 ait
1476 4607 1580 4646 non
1611 4606 1732 4647 esse
1755 4607 1903 4647 C0lll-

2000 4610 2128 4664 εῖδει
2168 4607 2331 4663 πάλιν
2365 4604 2462 4658 τοῦ
2495 4602 2869 4674 τεχνάσματος
2904 4596 3176 4668 ἐπιμένει,
3200 4591 3278 4663 τῷ
3309 4590 3594 4659 ἀγεννήτῳ

325 4689 662 4758 parationem
696 4687 920 4757 ingeniti
951 4703 1073 4742 cum
1110 4686 1329 4758 genito:
1386 4700 1492 4738 non
1543 4681 1744 4746 Patris,
1779 4698 1900 4736 cum

1999 4700 2174 4768 λέγων
2214 4698 2290 4768 μὴ
2324 4693 2466 4750 εἶναι
2511 4692 2646 4763 πρὸς
2693 4689 2756 4742 τὸ
2797 4687 3055 4758 γεννητὸν
3099 4684 3419 4754 σύγκρισιν·
3471 4680 3595 4750 οὐχὶ

327 4797 394 4836 eo
422 4783 511 4852 qui
555 4797 621 4836 ex
665 4782 784 4852 ipso
817 4790 920 4847 est,
955 4792 1012 4836 ut
1045 4779 1325 4850 quam‘his
1355 4779 1578 4834 vocibus
1609 4777 1784 4831 inesse
1809 4792 1903 4843 0p-

1999 4793 2078 4864 τῷ
2104 4791 2280 4862 Πατρὶ⁵
2317 4788 2454 4860 πρὸς
2487 4787 2578 4839 τὸν
2605 4783 2666 4848 ἐξ
2697 4781 2884 4844 αὐτοῦ,
2920 4781 3006 4833 ἴνα
3033 4779 3210 4849 ἤνπερ
3236 4776 3301 4829 ἂν
3327 4777 3448 4838 ταῖς
3475 4791 3590 4842 φωρ

326 4875 652 4942 positionem
688 4873 1011 4938 ostenderit,
1039 4887 1156 4924 eam
1193 4872 1246 4925 iu
1278 4872 1450 4941 ipsam
1476 4868 1657 4923 Patris
1695 4877 1748 4921 et
1784 4865 1903 4922 Filii

2001 4888 2120 4948 ναῖς
2151 4882 2378 4944 ταύταις
2401 4878 2755 4949 ὑπάρχουσαν
2783 4872 3059 4927 ἀντίθεσιν
3083 4869 3346 4938 ἐπιδείξῃ,
3386 4865 3594 4936 ταύτην

327 4966 689 5021 διιῦδῑεηηίδιυ
717 4963 1030 5016 ι”θηείθτθι·
2003 4979 2086 5029 ἐπ’
2112 4973 2285 5043 αὐτῆς
2324 4973 2422 5032 τῆς
2453 4969 2641 5032 οὐσίας
2671 4966 2766 5020 τοῦ
2808 4963 3017 5034 Πατρὸς
3053 4962 3143 5014 καὶ
3179 4959 3273 5012 τοῦ
3303 4957 3433 5010 Υἱοῦ
3465 4973 3597 5026 μετ-

2002 5083 2222 5134 ενεγκῃ.

843 5133 926 5189 Ea:
981 5134 1161 5189 eodem
1209 5135 1364 5190 libro.
2442 5132 2445 5141 “

2002 5083 2222 5134 “dm.
2442 5129 2548 5184 Ἐκ
2575 5125 2688 5182 τοῦ
2719 5123 2908 5182 αὑτοῦ
2941 5123 3153 5192 λόγου.

381 5229 593 5286 Ordine
661 5244 810 5291 vero,
860 5230 1076 5298 inquit,
1151 5239 1207 5282 et
1284 5226 1548 5298 temporis
1618 5240 1889 5298 praeroga-

2083 5225 2250 5291 Τάξει
2273 5225 2351 5287 δὲ,
2371 5226 2528 5291 φησι,
2553 5221 2774 5280 καὶτοῖς
2798 5220 2860 5270 ἐκ
2889 5220 3082 5287 χρῦνου
3101 5209 3414 5298 πρεσϐείοις
3445 5208 3471 5259 ὁ
3496 5205 3599 5274 μὲν

317 5325 461 5392 tiva,
519 5325 607 5380 ille
657 5325 868 5395 primus
937 5334 1054 5387 est,
1107 5324 1196 5377 hic
1250 5295 1546 5379 secundus.
1600 5295 1740 5389 Quid
1800 5295 1894 5374 ne-

2005 5320 2118 5372 ἔστι
2142 5318 2378 5385 πρῶτος,
2399 5317 2425 5368 ὁ
2452 5316 2506 5368 δὲ
2534 5313 2805 5380 δεύτερος.
2832 5309 2927 5371 Τίς
2955 5308 2988 5379 ἡ
3011 5305 3225 5398 ἀνάγκη
3259 5295 3447 5398 ἐφ’-ων
3465 5299 3604 5398 ἐγοό

316 5434 467 5475 cesse
506 5429 590 5474 est
622 5435 688 5475 ea
719 5434 959 5489 quorum
1009 5415 1320 5471 communis
1379 5425 1464 5472 est
1513 5414 1784 5475 essentia,
1841 5424 1898 5469 et

2005 5411 2096 5464 σία
2121 5409 2296 5479 κοινὴ,
2321 5407 2478 5474 τάξει
2506 5422 2567 5460 τε
2613 5399 3019 5471 ὐποῦεὸλῆσθαι
3043 5395 3237 5460 ταῦτα,
3269 5393 3379 5447 καῖ
3404 5393 3601 5462 χρόνου

317 5515 495 5568 ordini
534 5514 752 5584 subjici,
805 5523 1012 5567 etesse
1071 5521 1315 5579 tempore
1368 5507 1716 5580 posteriora?
1774 5506 1890 5561 Non

2002 5498 2142 5556 εἶναι
2172 5503 2433 5574 δεύτερας
2466 5500 2541 5554 υύ
2557 5499 2664 5569 γὰρ
2680 5494 2906 5552 suum
2932 5493 2996 5563 τῇ
3014 5487 3210 5545 ἑαυτοῦ
3235 5485 3406 5542 εἰκόνι
3433 5483 3602 5552 ἀχρύ-

398 5727 413 5757 ¹
442 5726 600 5779 Juau.
635 5741 746 5785 xw,
780 5727 831 5779 9.
910 5726 1112 5781 ’Juan.
1142 5743 1239 5789 xu,
1274 5726 1364 5782 45.
1445 5725 1464 5757 ³
1495 5721 1653 5780 Joan.
1695 5738 1764 5783 Vl,
1806 5721 1895 5774 27.
1973 5720 1994 5752 ⁸

2016 5719 2228 5776 Cnloss.
2265 5735 2307 5782 ι.
2335 5717 2413 5773 l5.
2489 5716 2510 5747 ⁸
2544 5713 2784 5780 Philipp.
2839 5723 2898 5769 ιι,
2931 5707 2984 5762 6.
3048 5706 3070 5739 ο
3095 5701 3232 5760 ibid.
3269 5701 3322 5755 7.
3397 5698 3416 5730 '
3445 5696 3601 5754 Joan.

324 5794 516 5862 ιιν,9.
595 5795 614 5823 ⁸
644 5793 800 5847 Joan.
839 5811 972 5862 xvu,
1016 5797 1079 5853 iO
1152 5800 1170 5829 '
1199 5798 1355 5852 Joau.
1408 5811 1461 5864 ν,
1495 5795 1584 5850 ‘26.
1669 5792 1712 5825 ¹⁶
1747 5792 1916 5848 Hebr.
1949 5808 1985 5857 ι,
2021 5792 2073 5846 5.
