4058 6414
315 381 407 444 5‘35

1299 382 1675 446 PANOPLIA
1723 385 2179 450 DOGMATICA.
2221 409 2292 422 -
2322 387 2474 449 ΤΙΤ.
2504 388 2606 450 Χῐ.

3472 396 3577 462 506

313 517 400 562 νως
427 498 846 571 ἀπαυγασθείσῃ
872 498 961 552 τὸν
999 497 1133 552 Θεὸν
1163 500 1272 554 τῶν
1321 501 1457 554 ὅλων
1487 501 1564 574 μὴ
1625 504 1682 569 ἐξ
1714 504 1880 556 ἀϊδίου

1987 506 2130 560 enim
2168 507 2284 562 ﬂeri
2329 517 2531 579 potest,
2591 521 2650 564 ut
2689 509 3077 568 universorum
3114 512 3262 570 Deus
3308 528 3442 569 cum
3475 530 3576 571 sua

312 594 567 656 συνεῖναι,
609 596 704 646 καὶ
764 593 839 661 μὴ
900 593 1094 663 χρόνον
1135 596 1328 664 μόιον,
1392 600 1488 649 καὶ
1548 596 1762 650 αῑώνων
1822 597 1879 650 δὲ

1987 597 2156 665 ipsius
2185 600 2422 670 imagine
2446 616 2568 670 quae
2599 602 2738 656 citra
2773 603 3040 672 temporis
3072 604 3450 660 accessionem
3507 607 3570 660 il-

312 687 506 736 πάντων
524 685 781 738 ἐπέκεινα
805 686 904 753 τὴν
927 687 1224 752 συνάφειαν
1255 687 1422 757 ἔχειν.
1453 689 1551 743 Διά
1576 689 1735 744 τοῦτο
1768 692 1878 760 γὰρ

1987 691 2207 746 lustrata
2233 702 2340 755 est,
2371 694 2442 746 ab
2479 703 2688 748 aeterno
2715 709 2824 748 non
2873 695 2966 762 sit,
3022 703 3080 750 et
3113 696 3562 766 conjunctionom

310 776 637 845 ἀπαύγασμα
662 778 901 846 εἴρηται,
937 779 1022 831 ἵνα
1057 780 1116 831 τὸ
1150 782 1502 849 συνημμένον
1557 783 1866 852 νοήσωμεν,

309 873 386 922 καὶ
415 872 698 942 χαρακτὴρ
731 872 828 935 τῆς
858 872 1070 925 ὐτ;οστά
1083 891 1234 937 ῖεως,
1270 874 1358 926 ἵνα
1381 875 1439 927 τὸ
1460 875 1748 944 ὁμοοὺσιον
1785 878 1874 927 ἐκ-

310 965 673 1033 μανθάνωμεν.
693 962 859 1016 Ἀλλά
877 971 969 1017 καὶ
987 967 1139 1028 τάξις
1174 967 1206 1035 ὴ
1238 969 1335 1034 μὲν
1359 968 1566 1036 φυσική
1592 966 1675 1027 τίς
1696 969 1866 1028 ἐστιν,

309 1058 334 1125 ἡ
362 1056 412 1109 δὲ
433 1055 555 1110 κατ’
588 1056 960 1124 ἐπιτήδευσιν.
1001 1057 1209 1126 Φυσικὴ
1245 1056 1366 1124 μὲν,
1423 1057 1557 1127 ὼςὴ
1591 1057 1700 1110 τῶν
1747 1075 1868 1110 κτι-

315 1145 519 1216 σμάτων
555 1143 699 1196 κατά
733 1143 858 1204 τοὺς
901 1142 1328 1211 δημιουργικοὺς
1355 1142 1545 1208 λόγους
1587 1143 1873 1211 διαταχθεί-

323 1250 376 1288 tta
405 1267 422 1291 ν
573 1238 667 1284 καὶ
694 1231 770 1294 ὡς
793 1233 827 1301 ἡ
859 1231 966 1282 τῶν
992 1231 1316 1302 ἀριθμητῶν
1488 1232 1660 1295 θέσις,
1693 1233 1784 1285 καὶ
1807 1232 1884 1294 ὼς

317 1327 346 1398 ἠ
379 1325 484 1379 τῶν
517 1325 710 1376 αἰτίων
744 1325 883 1395 πρὸς
911 1325 980 1377 τὰ
1011 1325 1228 1379 αἰτιατὰ
1262 1325 1469 1396 σχέσις,
1505 1325 1715 1378 ἐκείνου
1751 1343 1883 1396 προ-

313 1414 770 1486 διωμολογημένου
801 1414 896 1466 τοῦ
923 1415 1019 1467 καὶ
1054 1415 1154 1486 τῆς
1195 1417 1412 1484 φύσεως
1445 1417 1619 1486 αὐτῆς
1650 1418 1884 1488 ποιητὴν

313 1505 435 1564 εἶναι
464 1507 559 1560 καὶ
590 1506 924 1576 δημιουργὸν
962 1506 1056 1560 τὸν
1085 1505 1217 1560 Θεόν
1240 1524 1254 1536 ·
1319 1508 1781 1578 ὲπιτετηδευμένη
1829 1508 1885 1562 δὲ

313 1601 394 1654 καὶ
417 1597 660 1670 τεχνικὴ,
689 1599 766 1662 ὡς
807 1599 842 1668 ἡ
872 1600 930 1651 ὲν
957 1601 1071 1663 τοῖς
1100 1601 1608 1669 κατασκευάσμασι,
1645 1601 1740 1653 καὶ
1781 1617 1886 1670 μα-

313 1690 524 1761 Θήμασι,
562 1689 658 1742 καὶ
695 1687 992 1758 ἀξιώμασι,
1039 1689 1134 1742 καὶ
1161 1688 1403 1761 ἀριθμῷ,
1447 1691 1685 1753 καὶτοῖς
1711 1691 1888 1743 τοιού-

1978 800 2086 837 non
2117 784 2315 839 habeat
2356 799 2462 838 non
2512 785 2688 839 solum
2733 787 2874 840 ultra
2938 799 3202 857 tempora,
3247 788 3342 842 sed
3401 789 3569 843 etiam

1983 874 2126 926 ultra
2155 874 2336 926 omnia
2364 876 2579 929 saecula.
2609 875 2742 930 Nam
2776 877 2986 932 idcirco
3048 877 3311 947 splendor
3349 880 3362 910 ¹
3421 878 3570 932 dici-

1981 975 2090 1027 tur,
2122 977 2175 1020 ut
2203 968 2648 1036 coniunctionem
2687 969 3060 1039 intelligamus
3096 987 3109 1023 :
3145 979 3199 1025 et
3225 971 3396 1040 ligura
3432 971 3565 1025 sub-

1973 1059 2190 1112 stantiae
2223 1059 2265 1126 ',
2299 1068 2359 1112 ut
2386 1060 3015 1115 consubstantialitatem
3033 1059 3435 1130 perdiscamus.
3461 1060 3570 1115 Sed

1991 1155 2043 1196 et
2083 1147 2216 1197 ordo
2245 1146 2384 1198 alius
2408 1151 2675 1200 naturalis
2707 1156 2812 1212 est,
2845 1147 2983 1200 alius
3022 1146 3341 1200 artiﬁcialis.
3391 1147 3559 1202 Natu-

1988 1238 2117 1291 ralis
2137 1238 2374 1307 quidem,
2399 1252 2456 1292 ut
2477 1249 2873 1302 creaturarum,
2891 1239 2980 1308 qui
3009 1253 3074 1293 ex
3099 1239 3320 1294 creandi
3353 1240 3563 1294 ratione

1986 1329 2275 1397 dispositus
2303 1339 2405 1392 est,
2438 1339 2492 1383 et
2521 1331 2661 1383 sicut
2681 1330 3092 1385 numerabiliqu
3117 1331 3334 1399 positio,
3355 1341 3408 1384 et
3427 1345 3560 1384 catt-

1986 1435 2168 1473 sarum
2205 1420 2272 1473 ad
2306 1421 2567 1489 producta
2594 1421 2850 1488 habitus;
2880 1437 3004 1476 cum
3056 1436 3144 1478 res
3191 1423 3436 1477 confessa
3467 1425 3562 1486 sit,

1987 1511 2155 1564 Deum
2184 1511 2346 1565 etiam
2388 1511 2556 1580 ipsius
2585 1523 2794 1567 natura:
2822 1513 3157 1568 conditorem
3192 1529 3313 1569 esse
3346 1525 3400 1568 et
3443 1516 3558 1581 opi-

1990 1601 2166 1656 licctu.
2201 1602 2554 1671 Excogitatus
2790 1619 2918 1659 vero
2940 1613 2995 1659 et
3019 1605 3342 1668 artiﬁcialis,
3371 1617 3425 1657 ut
3454 1605 3562 1671 ille,

1986 1692 2076 1760 qui
2112 1692 2539 1763 deprehenditur
2588 1693 2642 1748 in
2689 1695 3120 1763 probationibus,
3154 1695 3205 1749 in
3239 1696 3562 1766 disciplinis,

310 1797 429 1844 τοις.
459 1779 677 1832 Τούτων
713 1779 894 1832 τοίνυν
920 1780 982 1832 τὸ
1020 1781 1286 1851 πρότερον
1309 1782 1767 1853 ἀποκρυψάμενος
1798 1777 1881 1837 οῦ-

1990 1784 2042 1837 in
2074 1784 2464 1854 dignitatibus,
2497 1785 2553 1839 in
2589 1801 2818 1840 numero
2863 1795 2918 1840 et
2962 1787 3186 1855 reliquis
3231 1788 3563 1857 huiusmodi.

311 1890 410 1936 τος,
432 1871 527 1924 τοῦ
561 1871 816 1943 δευτέρου
840 1872 1015 1934 εἴδους
1043 1873 1144 1942 τῆς
1170 1870 1376 1936 τάξεως
1407 1873 1749 1945 ἐπεμνήσθη,
1789 1873 1884 1928 καί

312 1983 448 2038 φησι,
481 1965 555 2036 μὴ
595 1967 793 2035 χρῆναι
833 1965 1014 2030 λέγειν
1054 1963 1148 2015 ἐπὶ
1183 1963 1319 2016 Θεοῦ
1363 1964 1533 2030 τάξιν,
1582 1966 1816 2038 ἐπείπερ
1851 1967 1884 2038 ἡ

311 2061 447 2125 τάξις
484 2057 715 2126 δευτέρα
751 2057 870 2108 ἐστὶ
908 2055 1002 2109 τοῦ
1046 2055 1351 2121 τάττοντος.
1409 2058 1616 2111 Ἐκεῖνο
1655 2057 1714 2111 δὲ
1755 2057 1788 2128 ἢ
1822 2057 1884 2110 οὐ

314 2150 554 2213 συνεῖδεν,
609 2150 644 2219 ἢ
703 2147 844 2200 ἑκὼν
879 2147 1257 2218 ἀπεκρύψατο,
1313 2139 1395 2201 ὅτι
1429 2148 1544 2200 ἔστι
1587 2166 1640 2201 τι
1679 2147 1887 2212 τάξεως

311 2239 455 2303 εἶδος,
501 2240 601 2293 οὐκ
650 2243 715 2292 ἐκ
756 2240 854 2310 τῆς
896 2237 1208 2310 παρ’ήμῶν
1232 2239 1434 2303 θέσεως
1476 2240 1883 2308 συνιστάμενον,

309 2334 410 2385 ἀλλ’
437 2334 574 2402 αὐτῇ
597 2333 664 2402 τῇ
700 2330 852 2384 κατὰ-
866 2330 1028 2400 φύσιν
1052 2331 1343 2403 ἀκολουθίᾳ
1366 2331 1680 2401 συμϐαῖνον,
1704 2332 1780 2394 ὼς
1807 2331 1886 2402 τῷ

309 2425 432 2494 πυρὶ
459 2423 593 2497 πρὸς
623 2425 684 2476 τὸ
709 2441 826 2491 φως
861 2425 978 2475 ἐστι
1009 2422 1070 2476 τὸ
1095 2421 1157 2488 ἐξ
1184 2422 1371 2477 αὐτοῦ.
1407 2425 1496 2476 Ἐν
1530 2423 1740 2488 τούτοις
1771 2423 1879 2494 γάρ

308 2514 561 2583 πρότερον
599 2513 660 2565 τὸ
696 2513 869 2565 αίτιον
910 2512 1160 2583 λέγομεν,
1209 2513 1460 2585 δεύτερον
1499 2514 1559 2566 δὲ
1601 2514 1661 2567 τὸ
1690 2514 1750 2578 ἐξ
1783 2515 1881 2566 αὐ-

305 2601 389 2653 τοῦ
455 2615 470 2629 ·
640 2601 701 2653 οὐ
755 2600 1085 2673 διαστήματι
1142 2603 1466 2674 χωρίζοντες
1505 2606 1600 2658 ἀπ’
1636 2605 1881 2674 ἀλλήλων

304 2691 488 2751 ταῦτα,
521 2690 658 2745 ἀλλά
701 2691 778 2762 τῷ
809 2693 1054 2765 λογισμῷ
1086 2694 1180 2748 τοῦ
1209 2695 1454 2749 αἰτιατοῦ
1498 2696 1883 2767 προεπινοοῦν-

300 2803 386 2847 τες
411 2785 474 2837 τὸ
503 2784 696 2838 αἴτιον.
733 2784 856 2848 Πῶς
895 2781 989 2839 οὖν
1020 2784 1240 2854 εὔλογον
1270 2785 1552 2857 ἀρνεῖσθαι
1577 2787 1676 2858 τὴν
1703 2787 1878 2854 τάξιν,

297 2879 376 2946 ἐρ’
401 2870 476 2930 ὧν
503 2877 622 2928 ἐστι
657 2877 920 2947 πρότερον
951 2878 1044 2931 καὶ
1065 2877 1339 2948 δεύτερον,
1371 2879 1432 2931 οὐ
1450 2879 1590 2932 κατὰ
1615 2878 1713 2950 τὴν
1739 2880 1881 2950 ἡμε-

294 2968 454 3040 τέραν
487 2966 658 3028 θέσιν,
694 2966 809 3019 ἀλλ’
834 2969 899 3020 ὲκ
928 2969 1028 3037 τῆς
1057 2968 1198 3021 κατά
1234 2968 1397 3038 φύσιν
1429 2970 1611 3033 αὐτοῖς
1645 2971 1882 3042 ἐνυπαρ-

292 3061 491 3130 χούσης
521 3058 877 3124 ἀκολουθίαςς
910 3060 1066 3123 Τίνος
1103 3057 1196 3113 οὖν
1231 3060 1416 3114 ἕνεκεν
1446 3061 1632 3114 ἀθετεῖ
1658 3061 1758 3133 τὴν
1785 3063 1884 3116 τά·

293 3153 368 3216 ξίν
395 3153 488 3204 ἐπὶ
509 3151 648 3204 Θεοῦ
673 3151 1077 3221 λαμϐάνεσθαι;
1107 3154 1371 3221 Ἥγεῖται,
1391 3155 1440 3206 εί

297 3239 565 3313 μηδαμῶς
613 3240 789 3304 ἄλλως
840 3242 901 3295 τὸ
953 3243 1219 3314 πρότερον
1272 3244 1364 3296 ἐπὶ
1425 3242 1560 3296 Θεοῦ
1619 3244 1880 3311 νοεῖσθαι,

291 3335 614 3405 λειπόμενον
656 3334 819 3400 ἕξειν,
858 3337 981 3388 κατ’
1015 3336 1186 3406 αὐτὴν
1215 3335 1313 3407 τὴν
1347 3336 1535 3390 οὐσίαν
1582 3337 1681 3408 τὴν
1715 3338 1884 3410 ὑπερ-

291 3429 417 3500 οχῆν
468 3426 904 3482 ἐπιδείκνυσθαι.
1094 3427 1288 3498 Ἡμεῖς
1314 3427 1391 3492 δὲ,
1449 3428 1588 3482 κατά
1643 3429 1741 3499 μὲν
1782 3429 1881 3501 τὴν

292 3522 396 3573 τῶν
460 3521 654 3575 αἰτίων
719 3520 856 3591 πρὸς
915 3519 983 3574 τὰ
1049 3518 1108 3584 ἐξ
1168 3519 1348 3574 αὐτῶν
1416 3520 1620 3590 σχέσιν,
1684 3538 1882 3594 προτε-

304 3611 486 3678 τέπιθαι
507 3611 600 3664 τοῦ
636 3611 770 3664 Υίοῦ
789 3611 881 3665 τὸν
911 3610 1134 3681 Πατέρα
1163 3609 1343 3681 φαμέν
1365 3626 1378 3640 ⁸
1415 3611 1557 3665 κατά
1578 3611 1634 3664 δὲ
1655 3611 1756 3682 τὴν
1782 3612 1905 3682 τῆς,

317 3699 515 3766 φύσεως
545 3700 825 3772 διαφορὰν,
876 3701 1080 3766 οὐκέτι,
1133 3700 1254 3755 οὐδὲ
1299 3700 1440 3754 κατά
1485 3701 1583 3772 τὴν
1621 3702 1716 3755 τοῦ
1750 3703 1880 3773 χρό-

316 3808 402 3842 νου
446 3792 742 3866 ὑπεροχήν·
797 3792 830 3864 ἢ
891 3792 1032 3846 οὓτω
1073 3809 1136 3862 γε
1193 3796 1286 3848 καὶ
1333 3793 1464 3849 αὐτὸ
1504 3829 1518 3853 ,
1665 3794 1726 3848 τὸ
1766 3796 1880 3848 Πα-

303 3884 430 3954 τέρα
479 3881 618 3939 εἶναι
676 3886 767 3938 τὸν
809 3885 963 3951 Θεὸν,
1023 3886 1381 3957 ἀθετήσομεν,
1431 3887 1530 3957 τῆς
1587 3885 1726 3940 κατά
1777 3886 1878 3959 τὴν

292 3979 474 4032 οὐσίαν
531 3979 944 4050 ἀλλοτριότητος
986 3978 1084 4050 τὴν
1132 3978 1367 4051 φυσικὴν
1417 3980 1711 4049 συνάφειαν
1754 3978 1880 4033 ἀθε-

288 4070 508 4134 τοὺσης.

488 4162 646 4215 Ἑπεὶ
679 4163 861 4231 μέντοι
898 4162 1261 4235 ἀφορίσασθαι
1288 4164 1418 4234 ἡμῖν
1444 4162 1537 4217 τοῦ
1558 4162 1751 4235 χρόνου
1779 4164 1879 4232 τὴν

285 4255 451 4322 φύσιν
497 4257 524 4307 ὁ
566 4254 727 4322 σοφὸς
765 4255 832 4307 τά
863 4255 1040 4308 πάντα
1071 4257 1342 4328 προήχθη,
1374 4257 1467 4311 καὶ
1653 4256 1886 4312 ἐνταῦθα

1992 1876 2291 1930 Eunomius
2326 1877 2514 1947 itaque
2545 1879 2738 1934 horum
2789 1881 2973 1949 priore
3001 1881 3300 1945 occultato,
3352 1881 3422 1934 de
3473 1894 3564 1933 se-

1987 1967 2166 2021 cundo
2197 1967 2404 2022 ordinis
2437 1984 2635 2040 genere
2662 1969 2786 2024 fecit
2820 1971 3147 2024 mentionem
3175 1987 3190 2036 ;
3239 1971 3422 2038 aitque
3455 1985 3564 2025 non

1987 2069 2238 2127 oportere
2268 2059 2450 2114 dicere
2481 2059 2535 2112 in
2564 2060 2674 2114 Deo
2701 2059 2948 2113 ordinem
2979 2073 3124 2125 esse,
3155 2058 3411 2128 quoniam
3429 2061 3566 2113 ordo

1987 2150 2278 2203 ordinante
2305 2151 2576 2218 posterior
2619 2157 2723 2206 est.
2769 2149 2900 2204 Illud
2934 2166 3063 2206 vero
3084 2161 3176 2204 aut
3207 2165 3310 2205 non
3349 2151 3561 2205 intelle-

1986 2239 2088 2305 xit,
2127 2247 2219 2292 aut
2253 2239 2396 2294 ultro
2425 2240 2684 2302 occuluit,
2706 2241 2976 2310 quoddam
3002 2240 3210 2295 ordinis
3235 2255 3356 2295 esse
3372 2256 3562 2310 genus,

1988 2345 2094 2385 non
2131 2340 2316 2384 nostra
2351 2332 2709 2385 constitutum
2759 2332 3122 2394 ordinatione,
3160 2335 3254 2386 sed
3312 2333 3428 2401 ipsa
3465 2348 3560 2385 ne-

1990 2421 2326 2477 cessitudine
2385 2422 2618 2478 naturali
2671 2422 3016 2488 contingens,
3059 2436 3166 2489 quo
3193 2437 3254 2476 se
3285 2424 3446 2476 modo
3475 2423 3567 2476 ha-

1989 2513 2120 2566 bent
2149 2512 2289 2582 ignis
2317 2520 2372 2566 et
2405 2512 2520 2577 lux,
2545 2527 2666 2580 qua:
2699 2527 2766 2566 ex
2793 2514 2908 2582 ipso
2931 2523 3033 2566 est.
3075 2513 3208 2566 Nam
3254 2513 3305 2565 in
3347 2514 3412 2567 iis
3441 2527 3565 2564 cau-

1987 2619 2102 2658 sam
2139 2606 2375 2674 priorem
2404 2619 2524 2659 esse
2567 2606 2798 2660 dicimus
2826 2625 2840 2660 :
2880 2606 3152 2674 posterius
3181 2620 3310 2658 vero
3343 2606 3392 2660 id
3415 2605 3565 2675 quod

1987 2697 2056 2750 ab
2079 2696 2191 2764 ipsa
2227 2705 2330 2760 est,
2370 2710 2476 2748 non
2533 2695 2818 2750 intervallo
2847 2697 2960 2750 limo
3009 2711 3038 2749 a
3074 2710 3131 2750 se
3162 2695 3391 2749 invicem
3431 2697 3561 2750 diri-

1988 2795 2216 2850 mentes,
2255 2786 2349 2840 sed
2374 2785 2702 2854 cogitatione
2750 2799 2971 2839 causam
3029 2796 3155 2838 ante
3202 2783 3451 2840 eﬂ'ectum
3483 2786 3566 2839 in-

1990 2875 2312 2946 telligentes.
2340 2877 2590 2942 Quonam
2634 2876 2802 2944 igitur
2857 2885 3015 2943 pacto
3050 2876 3244 2930 rationi
3275 2886 3565 2930 consenta-

1989 2985 2148 3024 neum
2188 2968 2374 3034 l'uerit,
2400 2968 2646 3022 ordinem
2677 2968 2728 3022 in
2771 2967 2840 3022 iis
2880 2983 3098 3037 negare,
3138 2967 3192 3021 in
3237 2968 3434 3034 quibus
3482 2975 3565 3021 est

1985 3064 2138 3132 prius
2163 3071 2220 3118 et
2261 3062 2549 3130 posterius,
2583 3075 2688 3115 non
2725 3076 2790 3115 ex
2821 3071 3010 3114 nostra
3047 3059 3424 3129 dispositione,
3467 3060 3563 3111 sed

1595 3155 1881 3220 ἐπιδείξειε

1988 3168 2055 3206 ex
2091 3152 2326 3206 naturali
2363 3153 2594 3220 quadam
2626 3166 2804 3204 rerum
2841 3150 3276 3205 consecutione?
3316 3149 3427 3204 Cur
3466 3150 3564 3218 igi-

1990 3253 2077 3298 tur
2110 3243 2317 3298 fastidit
2345 3243 2592 3298 ordiuem
2641 3243 2694 3296 in
2724 3244 2834 3296 Deo
2857 3242 3186 3296 admittere?
3225 3241 3561 3304 Arbitratur,

1986 3337 2031 3392 si
2060 3336 2363 3391 ostenderit
2391 3351 2494 3390 non
2531 3335 2691 3390 aliter
2717 3335 2866 3404 prius
2908 3334 2963 3388 in
3006 3335 3114 3389 Deo
3151 3335 3397 3404 intelligi,
3435 3335 3562 3388 reli-

1985 3443 2152 3498 quum
2186 3442 2246 3482 se
2281 3428 2614 3490 habiturum,
2651 3426 2703 3480 in
2741 3428 2852 3496 ipsa
2874 3428 3084 3482 scilicet
3101 3425 3398 3482 substantia
3426 3441 3564 3495 prae-

1985 3521 2242 3575 stantiam
2273 3520 2661 3578 demonstrari.
2687 3517 2795 3573 Nos
2827 3530 3030 3578 autem,
3064 3532 3162 3588 pro
3203 3518 3390 3573 habitu
3427 3533 3562 3571 catt-

1985 3627 2169 3668 sarum
2201 3612 2268 3667 ad
2295 3627 2359 3666 ea
2386 3627 2508 3681 quae
2544 3627 2609 3665 ex
2654 3609 2787 3678 ipsis
2818 3622 2965 3672 sunt,
3011 3609 3220 3663 Patrem
3255 3607 3390 3663 Filio
3423 3623 3563 3678 pra!-

1995 3705 2118 3772 poni
2156 3705 2387 3758 dicimus
2421 3722 2433 3757 :
2462 3713 2514 3756 at
2546 3718 2676 3757 vero
2703 3704 2998 3756 secundum
3039 3711 3243 3755 natura:
3272 3701 3559 3755 diversita-

1987 3806 2116 3860 tem,
2143 3811 2246 3848 non
2284 3796 2430 3858 item,
2459 3811 2632 3864 neque
2649 3795 2944 3850 secundum
2969 3794 3224 3862 temporis
3244 3806 3556 3848 excessum:

1983 3888 2219 3958 alioquin
2254 3887 2356 3940 hoc
2391 3897 2550 3957 pacto
2598 3887 2762 3941 etiam
2793 3883 2960 3939 Deum
3004 3883 3218 3937 Patrem
3252 3896 3370 3937 esse
3398 3895 3558 3951 nega-

1984 3981 2200 4047 bimus;
2263 3995 2389 4034 cum
2445 3979 2703 4033 alienatio
2733 3993 2852 4047 qua:
2883 3979 2935 4032 in
2969 3975 3206 4031 essentia
3241 3975 3509 4043 reperitur
3541 4013 3555 4037 ,

1984 4072 2422 4145 coniunctionem
2457 4070 2758 4127 naturalem
2794 4069 3027 4124 aboleat.

2173 4164 2279 4218 Sed
2307 4163 2560 4233 quoniam
2586 4163 2692 4217 huc
2721 4161 2809 4215 ille
2840 4160 2892 4214 in
2917 4157 3168 4215 omnibus
3190 4158 3407 4227 sapiens
3439 4171 3558 4226 pro-

1989 4270 2212 4327 gressus
2240 4264 2347 4319 est,
2386 4255 2544 4309 nobis
2576 4261 2632 4307 ut
2653 4253 2904 4307 deﬁniret
2928 4251 3184 4321 temporis
3204 4257 3473 4311 naturam,
3501 4258 3558 4302 et

281 4347 457 4400 αὐτοῦ
504 4347 566 4400 τὸ
616 4347 833 4417 βέϐαιον
870 4347 963 4400 καὶ
990 4349 1464 4420 περιεσκεμμένον
1501 4349 1598 4417 τῆς
1643 4349 1881 4414 διανοίας

1987 4351 2066 4405 hic
2102 4364 2264 4420 qttam
2303 4347 2481 4413 ﬁrma,
2517 4363 2678 4418 quam
2719 4347 3112 4414 circumspecta
3138 4343 3207 4397 sit
3243 4355 3397 4396 mers
3417 4341 3554 4411 ejus,

283 4438 514 4508 ἴδωμεν.
563 4439 770 4509 Χρόνον
795 4439 974 4492 τοίνυν
1019 4435 1157 4491 εἷναί
1185 4457 1319 4510 φησι
1349 4441 1510 4495 ποιάν
1525 4457 1647 4494 τινα
1667 4441 1881 4512 κίνησιν

1987 4442 2278 4496 videamus.
2309 4438 2546 4511 Tempus
2562 4453 2690 4508 ergo
2717 4449 2924 4492 certum
2959 4435 3247 4506 quemdam
3278 4432 3553 4489 stellarum

282 4532 576 4603 ἀστέρων·
611 4531 759 4602 ἡλίου
799 4532 1042 4604 δηλονότι
1087 4532 1182 4586 καὶ
1227 4532 1460 4604 σελήνης
1507 4533 1603 4587 καὶ
1639 4533 1748 4586 τῶν
1777 4533 1886 4587 λοι-

286 4622 432 4686 πῶν,
475 4625 618 4689 ὅσοις
666 4626 784 4679 καθ’
814 4623 985 4679 ἑαυτά
1179 4625 1442 4680 κινεῖσθαι
1474 4625 1706 4696 δύναμίς
1739 4628 1876 4683 ἐστι.

285 4714 364 4766 Τὸ
405 4715 585 4768 τοίνυν
619 4718 726 4770 ἀπὸ
761 4717 1027 4785 γενέσεως
1065 4715 1295 4790 οὐρανοῦ
1326 4715 1418 4768 καὶ
1449 4715 1554 4786 γῆς
1591 4717 1752 4787 μέχρι
1779 4715 1879 4786 τῆς

289 4801 575 4870 ποιήσεως
601 4817 710 4854 των
736 4803 982 4873 ἀστέρων
1013 4803 1287 4873 διάστημα
1313 4819 1366 4856 τι
1393 4821 1522 4856 ποτε
1557 4804 1664 4878 ἄρα
1691 4799 1830 4860 εἶναι
1858 4809 1888 4861 ὁ

287 4888 474 4954 δεινὸς
500 4891 568 4944 τά
599 4891 849 4963 μετέωρα
878 4888 1030 4956 οὗτος
1056 4895 1448 4963 ἀποφανεῖται;
1488 4895 1686 4964 Σαφῶς
1719 4896 1829 4968 γὰρ
1859 4897 1888 4950 ὁ

287 4981 388 5050 τὴν
421 4983 780 5052 κοσμογονίαν
953 4987 1016 5056 τῇ
1040 4985 1267 5056 δυνάμει
1297 4987 1390 5040 τοῦ
1425 4987 1740 5058 Πνεύματος
1760 4983 1890 5042 ’ἀνα-

287 5074 516 5143 γράψας
561 5077 622 5146 τῇ
660 5076 896 5148 τετάρτῃ
922 5078 1103 5150 ἡμέρᾳ
1133 5080 1258 5142 τοὺς
1285 5079 1558 5150 μεγάλους
1587 5081 1886 5151 φωστῆρας

283 5166 384 5216 καὶ
453 5168 578 5229 τοῦς
630 5167 850 5232 λοιποὺς
895 5170 1130 5240 ἀστέρας
1176 5171 1505 5241 γεγενῆσθαί
1543 5189 1697 5242 φησι.
1745 5173 1886 5244 Χρό-

354 5272 378 5284 ρ
471 5253 496 5287 '7
617 5258 629 5274 ν
715 5254 740 5274 ‘l'
867 5259 925 5290 ε,
1841 5265 1853 5280 σ

283 5271 374 5316 νο,
437 5273 532 5310 οδν
579 5275 677 5310 ουκ
713 5275 800 5329 ην,
850 5278 923 5323 ως
967 5259 1164 5324 ἔοικεν,
1209 5263 1266 5314 ὲν
1309 5265 1429 5326 ταῖς
1468 5263 1700 5316 κατόπιν
1749 5267 1882 5335 ἡμε-

287 5361 414 5414 ραις
435 5365 451 5378 ·
485 5349 544 5402 οὗ
575 5353 683 5420 γάρ
711 5350 983 5403 ὲκινοῦντό
1012 5370 1098 5404 πω
1119 5355 1167 5406 oi
1192 5353 1437 5425 ἀστέρες.
1605 5353 1728 5418 Πῶς
1749 5354 1881 5427 γὰρ,

283 5436 343 5487 οῖ
384 5455 452 5506 γε
485 5442 606 5510 μηδ’
638 5440 984 5509 ἐγεγόνεισαν
1015 5445 1113 5515 τὴν
1142 5446 1318 5516 ἀρχὴν
1354 5463 1368 5508 ;
1541 5448 1650 5500 Καὶ
1696 5449 1878 5515 πάλιν,

282 5526 375 5580 ὅτε
434 5532 690 5603 ἐπολέμει
737 5537 851 5597 τοῖς
912 5534 1282 5600 Γαϐαωνίταις
1335 5538 1363 5590 ὁ
1410 5537 1507 5590 τοῦ
1559 5539 1717 5610 Ναυῆ
1776 5533 1882 5612 ’Iq-

284 5621 438 5689 ϐοῦς,
477 5626 664 5697 ἐπειδὴ
702 5626 956 5697 ἀκίνητος
1000 5631 1028 5681 ὁ
1069 5629 1218 5698 ἥλιος
1249 5630 1432 5700 ἔμεινε
1608 5633 1684 5704 τῷ
1715 5652 1879 5705 προσ-

366 5813 380 5840 ¹
417 5821 589 5880 Hebr.
632 5837 676 5891 ι,
708 5820 766 5876 3.
842 5823 863 5854 ²
889 5820 1028 5879 Ibid.
1103 5820 1124 5853 ³
1154 5818 1293 5876 Gen.
1324 5833 1365 5887 ι,
1413 5815 1600 5872 14-19.
1690 5815 1704 5840 ‘

1980 4547 2184 4590 motum
2219 4548 2340 4589 esse
2361 4533 2514 4597 dicit,
2556 4531 2686 4586 solis
2707 4529 2958 4584 videlicet
2987 4539 3041 4583 et
3067 4528 3205 4582 luna:
3230 4542 3294 4580 ac
3326 4526 3557 4594 reliqua-

1987 4643 2126 4687 rum,
2165 4623 2363 4695 quibus
2405 4624 2546 4678 inest
2602 4637 2712 4692 qua
2759 4635 2860 4691 per
2911 4635 2969 4674 se
3005 4626 3344 4674 moveantur.
3387 4614 3558 4669 luter-

1987 4720 2183 4772 vallum
2227 4720 2392 4787 igitur
2421 4716 2564 4786 quod
2598 4716 2664 4768 ab
2690 4715 2900 4782 origine
2927 4711 3120 4767 cceliet
3139 4718 3299 4764 terra:
3333 4706 3398 4760 ad
3423 4706 3554 4760 stel-

1986 4805 2159 4860 larum
2182 4803 2365 4873 usque
2389 4800 2720 4856 creationem
2770 4797 3097 4859 intercessit,
3143 4796 3400 4862 quidnam
3440 4805 3558 4844 csse

1989 4897 2241 4950 decernet
2268 4891 2500 4946 eximius
2530 4889 2618 4944 ille
2645 4904 2826 4944 rerum
2871 4885 3181 4941 sublimium
3213 4881 3560 4955 speculator?

1990 4987 2122 5040 Nam
2157 4983 2243 5054 qui
2275 4982 2458 5038 mundi
2478 4981 2806 5037 creationem
2829 4979 3030 5032 virtute
3064 4976 3298 5048 Spiritus
3323 4973 3564 5029 conscri-

1993 5077 2121 5150 psit,
2151 5089 2345 5146 magna
2394 5073 2482 5130 illa
2530 5071 2822 5126 luminaria
2872 5079 2928 5126 et
2978 5069 3219 5139 reliquas
3259 5068 3444 5122 stellas
3477 5066 3564 5120 die

1991 5177 2190 5239 quarta
2233 5168 2528 5238 productas
2561 5180 2682 5221 esse
2711 5163 2996 5234 perspicue
3031 5170 3218 5217 narrat
3247 5163 3290 5216 ³.
3330 5157 3564 5227 Tempus

1994 5262 2178 5331 igitur,
2221 5267 2279 5313 ut
2325 5259 2513 5328 liquet,
2565 5257 2620 5311 in
2677 5256 2949 5325 prioribus
2999 5254 3193 5309 diebus
3223 5261 3561 5319 nequaquam

1995 5363 2156 5407 erat:
2199 5349 2460 5420 siquidem
2509 5349 2744 5402 nondum
2782 5345 3142 5403 movebantur
3194 5339 3384 5396 stellae.
3419 5337 3562 5402 Quo-

1999 5445 2156 5501 n:odo
2185 5444 2330 5497 enim
2369 5440 2419 5496 id
2453 5439 2572 5495 ﬁeri
2599 5439 2887 5510 potuisset,
2925 5452 3046 5492 cum
3085 5450 3151 5488 ne
3188 5431 3416 5486 condita:
3445 5425 3566 5494 qui-

1995 5539 2118 5594 dem
2159 5536 2386 5590 l’uissent
2409 5532 2605 5588 initio?
2637 5531 2702 5586 Et
2724 5530 2945 5594 iterum,
2977 5541 3100 5582 cum
3119 5521 3277 5578 Jesus
3307 5517 3450 5571 Nave
3471 5513 3568 5565 ad-

1999 5645 2181 5682 versus
2213 5625 2546 5682 Gabaonitas
2584 5631 2866 5694 pugnaret,
2899 5618 3150 5688 quoniam
3185 5610 3267 5668 sol
3299 5611 3566 5678 [πίεσθΡιο
