4058 6412
477 346 582 410 5οῚ

1687 337 2072 402 EUTHYMII
2111 336 2475 400 ZIGABENI

3636 337 3745 404 508

476 487 677 557 ligatus
702 485 963 545 manebat
991 482 1298 549 immobilis,
1326 497 1392 538 ac
1416 481 1541 540 luna
1569 482 1625 539 in
1650 482 1770 540 loco
1795 483 1974 538 stabat
2007 483 2049 548 ',

2174 483 2388 553 τάγματι
2418 477 2693 548 πεδηθεὶς,
2736 478 2830 532 καὶ
2867 479 2901 548 ἡ
2943 474 3139 548 σελήνη
3170 477 3309 532 κατά
3336 475 3521 548 χώραν
3562 478 3745 548 εἱστή-

481 588 697 644 tempus
724 586 853 631 tunc
878 590 982 630 non
1016 575 1173 631 erat?
1203 574 1489 641 Quodnam
1519 574 1686 643 igitur
1734 589 1929 630 nomen
1975 572 2051 627 illi

2174 592 2260 637 ιει,
2315 573 2504 643 χρόνος
2547 572 2648 625 οὐκ
2698 567 2766 642 ἦν
2817 570 3156 640 τηνικαῦτα;
3216 569 3281 622 Τί
3338 571 3518 622 ἐκεῖνο
3545 565 3640 624 οὖν
3682 570 3747 622 τὸ

478 667 588 721 diei
616 666 790 736 spatio
817 666 1204 734 imponemus?
1261 680 1424 735 quam
1477 665 1818 736 excogitabis
1868 664 2056 735 appel-

478 757 735 813 lationem
779 757 1048 813 TEtenim
1099 758 1143 812 si
1193 757 1453 829 temporis
1508 757 1779 813 deiecerat
1826 766 2053 825 natura,

2151 668 2426 737 διάστημα
2468 666 2570 736 τῆς
2600 665 2812 736 ἡμέρας
2867 663 3146 734 sinuatis-2v;
3194 663 3316 715 τίνα
3366 661 3746 733 προσηγορίαν

2154 761 2500 829 ὲπινοήσεις;
2543 759 2608 810 Εἰ
2645 756 2756 826 γὰρ
2795 758 2828 826 ἠ
2863 755 2962 809 τοῦ

3129 755 3322 825 χρόνου
3363 753 3526 822 φύσις
3555 754 3749 806 ἐπιλε-

480 865 652 904 aevum
702 851 885 921 utique
928 852 977 904 ei
1021 849 1304 905 successit.
1340 850 1409 903 At
1449 864 1620 904 aevum
1659 849 1911 918 exiguam
1946 848 2054 904 diei

2174 849 2351 910 ιοίπει,
2383 845 2517 900 αἰὼν
2549 844 2869 914 ἀντεισῆλθε
2902 843 3176 913 δηλονότι.
3222 841 3404 895 Αίῶνα
3446 842 3504 895 δὲ
3547 842 3749 913 μικρὸν

477 949 682 1007 partem

479 1046 586 1087 non
611 1031 874 1099 superat?
912 1029 1040 1095 Sed,
1076 1046 1196 1100 qua:
1228 1031 1393 1085 multa
1431 1041 1516 1085 est
1548 1031 1665 1099 ejus
1695 1031 1939 1096 solertia,
1965 1046 2059 1100 pu-

478 1130 599 1175 tare
642 1119 880 1187 videtur,
907 1121 1049 1175 diem
1095 1135 1162 1174 ac
1209 1130 1424 1175 noctem
1452 1121 1567 1175 lieri
1595 1122 1845 1190 quapiam
1880 1119 2061 1174 stella-

478 1229 596 1267 rnm
648 1215 889 1268 motione
934 1213 1001 1268 ad
1046 1213 1366 1283 qualitatem
1400 1214 1726 1282 pertinente,
1754 1219 1917 1281 atque
1963 1212 2063 1266 has

476 1318 602 1360 esse
626 1306 885 1374 temporis
908 1315 1121 1374 partes:
1145 1304 1286 1358 unde
1310 1313 1521 1374 tempus
1550 1302 1744 1359 statuit
1769 1303 2060 1371 quemdam

479 1408 605 1451 csse
662 1396 941 1451 stellarum
1000 1404 1202 1450 motum
1236 1394 1497 1463 qualitate
1542 1395 1861 1464 praeditum,
1895 1409 1965 1449 ne
2007 1394 2061 1449 id

480 1487 702 1554 quidem
749 1489 895 1555 quod
940 1487 1073 1542 dicit
1109 1486 1435 1557 intelligens.
1490 1485 1607 1542 Non
1662 1487 1806 1541 enim
1858 1495 2062 1541 motum

483 1580 743 1649 qualitate
770 1578 1054 1647 praeditum
1075 1615 1094 1643 ,
1127 1578 1221 1633 sed
1253 1578 1551 1648 quantitate
1582 1578 1860 1641 donatum,
1895 1579 1943 1632 si
1981 1585 2064 1631 ta-

486 1686 609 1727 men
637 1672 708 1726 ita
737 1671 883 1740 loqui
914 1670 994 1725 fas
1018 1679 1124 1737 est,
1140 1670 1321 1726 dicere
1344 1671 1516 1741 magis
1535 1669 1910 1725 conveniebat.
1934 1669 2067 1736 Quis

487 1766 630 1819 enim
677 1765 757 1825 sic
800 1765 1022 1818 omnino
1055 1778 1187 1833 puer
1227 1771 1314 1818 est
1362 1772 1564 1831 mente,
1601 1770 1663 1817 ut
1689 1763 1898 1833 ignoret
1926 1762 2065 1828 dies,

946 939 1236 1008 appellare,
1290 954 1451 1008 quem
1513 940 1798 995 dementiae
1845 943 2060 994 modum

2174 940 2373 1009 ἡμέρας
2415 939 2580 1008 μέρος
2608 934 3040 1008 προσαγορεύειν
3070 934 3192 988 τίνα
3218 933 3316 1003 τῆς
3351 933 3537 995 ἀνοίας
3577 933 3752 1003 ὑπερ-

2161 1029 2325 1100 ϐολὴν
2357 1028 2681 1093 ἀπολείπεις
2726 1027 2866 1080 Ἀλλ’
2897 1026 3075 1081 ἔοικεν
3118 1028 3183 1079 ὲκ
3227 1025 3434 1094 πολλῆς
3462 1025 3751 1095 ἀγχινοίας

2161 1121 2375 1192 ἡμέραν
2407 1120 2506 1189 μὲν
2530 1120 2625 1173 καὶ
2649 1119 2822 1172 νύκτα
2846 1121 2904 1172 ὲν
2924 1121 2990 1189 τῇ
3026 1121 3154 1190 ποιᾷ
3182 1117 3292 1171 τῶν
3319 1118 3562 1189 ἀστέρων
3591 1120 3754 1188 κινή-

2164 1230 2249 1267 σει
2299 1212 2544 1283 νομίζειν
2576 1211 2849 1281 γίνεσθαι,
2894 1210 3071 1264 ταῦτα
3111 1210 3168 1263 δὲ
3216 1206 3357 1263 εἶναι
3402 1209 3497 1262 τοῦ
3547 1211 3752 1282 χρόνου

2166 1306 2307 1376 μέρη
2331 1320 2344 1333 ⁸
2371 1303 2496 1358 ὅθεν
2530 1303 2622 1357 τὸν
2661 1302 2852 1374 χρόνον
2886 1302 3046 1356 ποιάν
3082 1317 3204 1355 τινα
3237 1301 3455 1370 κίνησιν
3498 1301 3752 1372 ἀστέρων

2164 1397 2513 1467 ἀπεφήνατο,
2562 1395 2685 1449 οὐδὲ
2728 1395 2860 1448 αὐτὸ
2897 1393 3059 1447 τοῦτο
3092 1394 3272 1457 συνεὶς
3313 1393 3342 1446 ὅ
3380 1410 3434 1446 τι
3464 1392 3632 1461 λέγει.
3670 1394 3750 1445 Οὐ

2170 1491 2281 1561 γὰρ
2319 1489 2502 1553 ποιὰν,
2537 1488 2651 1543 ἀλλ’
2682 1490 2841 1560 εἴπερ
2876 1488 3009 1559 ἄρα.
3056 1487 3251 1559 ποσὴν,
3297 1486 3500 1558 μᾶλλον
3681 1478 3756 1553 ἦν

2166 1582 2346 1635 εἰπεῖν
2373 1580 2725 1650 οἰκειότερον.
2768 1578 2927 1632 Ἀλλά
2969 1578 3056 1641 τίς
3102 1576 3247 1631 οὕτω
3292 1580 3423 1640 παῖς
3468 1576 3753 1638 παντελῶς

2163 1674 2264 1745 τὴν
2278 1674 2540 1739 διάνοιαν,
2558 1673 2699 1727 ὥστε
2724 1673 2962 1741 ἀγνοεῖν,
2991 1672 3073 1723 ὅτι
3101 1670 3308 1741 ἡμέραι
3332 1670 3453 1741 μὲν,
3470 1670 3564 1723 καὶ
3582 1663 3749 1740 ὧραι,

2166 1767 2259 1819 καὶ
2284 1767 2474 1837 μῆνες,
2503 1766 2598 1819 καὶ
2622 1765 2878 1827 ἐνιαυτοὶ,
2910 1764 3082 1836 μέτρα
3109 1763 3203 1816 τοῦ
3220 1762 3416 1832 χρόνου
3561 1762 3707 1816 εἰσὶν
3733 1802 3749 1825 ,

486 1854 676 1917 horas,
706 1867 938 1919 menses,
969 1867 1162 1917 annos,
1184 1852 1444 1922 temporis
1474 1866 1777 1917 mensuras,
1811 1866 1917 1906 non
1946 1852 2068 1922 p'ar-

2174 1856 2287 1926 m‘ax}
2318 1855 2460 1927 μέρη
2481 1872 2497 1920 ;
2531 1854 2737 1926 Χρόνος
2760 1854 2818 1908 δέ
2832 1854 2948 1905 ἐστι
2970 1852 3030 1906 τὸ
3056 1850 3659 1923 συμπαρεκτεινόμενον
3680 1854 3749 1922 τῇ

486 1955 571 2001 tes
609 1944 1035 2014 esseiTempus
1078 1953 1259 1999 autem
1310 1944 1547 2012 spatium
1582 1951 1689 2007 est,
1721 1941 1864 2012 quod
1915 1957 2069 2013 teque

485 2036 793 2092 extenditur
822 2047 984 2104 atque
1014 2034 1125 2104 ipsa
1146 2033 1330 2089 mundi
1351 2034 1672 2089 constitutio
1695 2052 1710 2090 :
1735 2048 1843 2104 quo
1864 2042 2069 2088 motum

484 2141 703 2180 omnem
736 2125 848 2180 sive
889 2125 1188 2188 stellarum,
1223 2125 1336 2179 sive
1370 2123 1709 2188 animalium,
1743 2124 1857 2178 sive
1889 2124 2071 2191 cujus-

489 2230 703 2284 cunque
732 2216 809 2271 rei
833 2229 954 2284 quae
975 2224 1242 2279 movetur,
1271 2214 1628 2278 admetimur,
1656 2221 1817 2282 prout
1838 2212 2070 2268 dicimus

490 2308 635 2362 aliud
675 2307 781 2362 alio
824 2308 1060 2362 velocius
1099 2316 1193 2361 aut
1235 2306 1441 2362 tardius
1479 2320 1643 2362 esse:
1676 2304 1914 2361 velocius
1948 2302 2072 2373 qui-

490 2402 633 2462 dem,
664 2401 715 2455 id
738 2401 881 2470 quod
906 2400 1115 2454 minore
1145 2408 1383 2468 tempore
1412 2398 1529 2468 plus
1555 2396 1823 2468 percurrit
1862 2395 2021 2465 spatii
2051 2410 2068 2462 ;

492 2491 698 2546 tardius
722 2507 870 2555 vero,
887 2492 1031 2560 quod
1061 2491 1239 2545 minus
1267 2489 1511 2559 longiore
1536 2499 1781 2559 tempore
1801 2497 2066 2543 movetur.

492 2580 790 2636 Ennomius
820 2597 947 2637 vero
976 2583 1228 2652 quoniam
1264 2583 1316 2636 in
1372 2592 1612 2651 tempore
1636 2580 1804 2635 stella:
1847 2588 2070 2633 moven-

496 2683 604 2739 tur,
635 2675 888 2742 temporis
917 2676 1060 2741 ipsas
1082 2688 1202 2729 esse
1226 2673 1447 2740 opitlces
1482 2669 2073 2741 pronuntiat.Proinde

493 2780 558 2817 ex
592 2764 978 2831 sapientissimi
1016 2764 1158 2819 illius
1197 2764 1489 2826 sententia,
1528 2764 1783 2832 quoniam
1831 2760 2078 2815 scarabei

495 2870 711 2925 quoque
747 2857 799 2910 in
832 2865 1072 2926 tempore
1105 2866 1410 2921 moventur,
1451 2855 1844 2910 conatituamus
1869 2862 2076 2919 tempus

499 2947 661 3001 talem
703 2942 989 3017 quamdain
1033 2950 1324 3003 motionem
1360 2961 1483 3002 esse
1527 2948 1952 2999 scarabeorum:
1987 2953 2074 2998 et-

497 3039 640 3093 enim
675 3042 817 3108 quod
845 3040 1005 3102 dixit,
1042 3041 1094 3095 id
1146 3041 1215 3095 ab
1250 3040 1353 3093 hoc
1385 3037 1516 3092 nihil
1561 3033 1764 3101 dili'ert,
1797 3034 2071 3089 nominum

499 3130 757 3200 dignitate
783 3141 1025 3202 excepta.

1057 3282 1141 3337 Ea:
1172 3282 1350 3336 eodem
1378 3280 1534 3334 libro.

573 3375 743 3448 Maius
770 3374 857 3429 vel
886 3373 1138 3428 essentia:
1168 3373 1403 3435 ratione,
1441 3371 1526 3426 vel
1556 3369 1776 3427 virtutis
1807 3371 2076 3426 excellen-

500 3469 601 3532 tia,
637 3468 723 3523 vel
762 3466 1078 3535 praestantia
1134 3458 1443 3535 dignitatis,
1468 3463 1556 3517 vel
1584 3464 1747 3518 molis
1822 3463 2082 3533 amplitu-

498 3562 628 3618 dine
663 3559 887 3615 dicitur.
913 3558 1288 3626 Amplitudine
1322 3558 1482 3612 molis
1533 3558 1707 3628 majus
1753 3559 1841 3612 hic
1875 3557 2080 3612 intelli-

497 3652 551 3721 gi
587 3665 696 3705 non
728 3657 927 3719 potest.
957 3647 1092 3714 Quis
1119 3649 1263 3702 enim
1299 3664 1361 3702 ea
1393 3664 1512 3713 qua:
1542 3649 1690 3702 nulla
1748 3647 2079 3719 magnitudi-

497 3757 567 3794 ne
598 3749 728 3795 sunt
760 3737 1199 3807 circumscripta,
1228 3739 1313 3793 vel
1344 3741 1526 3809 potius
1560 3756 1681 3810 quae
1734 3741 1931 3794 molem
1970 3755 2077 3793 non

501 3830 701 3884 habent
729 3832 977 3894 omnino,
1048 3839 1104 3882 et
1157 3827 1463 3897 quantitate
1513 3828 1879 3884 dimetiatur!
1944 3828 2078 3895 Quis

499 3935 715 3975 rursum
773 3935 959 3974 eorum
989 3919 1368 3973 excellentiam
1417 3929 1676 3991 agnoscat
1726 3920 1836 3973 ullo
1894 3920 2076 3984 modo,

499 4026 621 4081 qua:
644 4011 850 4064 nullam
880 4009 1637 4064 admittantdimensionem?
1699 4006 1820 4062 Jam
1877 4008 1923 4062 si
1982 4009 2075 4063 Dei

500 4104 661 4159 sedes
693 4101 978 4172 dignitatis
1000 4112 1083 4154 εει
1112 4115 1338 4163 nomen,
1364 4101 1540 4155 sessio
1565 4101 1630 4155 ad
1660 4100 1940 4154 dexteram
1975 4098 2078 4154 Pa-

502 4193 602 4247 tris
624 4189 764 4244 Filio
793 4189 1015 4243 deﬁnita
1041 4190 1168 4257 quid
1205 4192 1356 4243 aliud
1408 4190 1701 4261 signiﬁcat.
1754 4190 1856 4244 nisi
1888 4208 2076 4261 parem

501 4290 557 4335 et
589 4280 850 4349 aequalem
884 4279 1164 4349 dignitatis
1192 4281 1436 4334 statum?
1504 4281 1870 4335 Denuntiatur
1929 4282 2075 4335 enim

499 4381 556 4427 et
584 4372 849 4426 Dominus
875 4370 928 4423 in
957 4369 1126 4440 gloria
1153 4371 1337 4425 Patris
1388 4388 1506 4427 esse
1529 4382 1814 4427 venturus.
1877 4370 2074 4428 Filium

2172 1947 2434 2001 συστάσει
2485 1946 2580 2001 τοῦ
2635 1946 2847 2016 κόσμου
2876 1945 3185 2015 διάστημα’
3233 1937 3277 2011 ᾧ
3325 1945 3474 1997 πᾶσα
3499 1959 3755 2013 παραμε-

2167 2043 2380 2111 τρεῖται
2414 2040 2645 2110 κίνησις,
2679 2039 2791 2092 εἴτε
2817 2037 3082 2108 ἀστέρων,
3111 2038 3221 2090 εἴτε
3248 2034 3424 2101 ζώων,
3458 2037 3568 2088 εἴτε
3601 2037 3752 2089 οὐτι-

2169 2130 2358 2185 νοσοῦν
2540 2130 2651 2184 τῶν
2697 2132 3056 2201 κινουμένων,
3085 2129 3222 2183 καθὸ
3246 2128 3476 2199 λέγομεν
3516 2127 3751 2197 ταχύτε-

2174 2238 2267 2293 ρον
2299 2222 2333 2292 ἢ
2374 2220 2701 2293 βραδύτερον
2730 2221 2916 2292 ἕτερον
2947 2220 3133 2291 ἑτέρου
3153 2237 3166 2249 ·
3213 2219 3511 2289 ταχύτερον
3554 2217 3654 2288 μὲν
3692 2217 3755 2270 τὸ

2174 2313 2233 2367 ὲν
2267 2312 2509 2366 ἐλάττονι
2529 2312 2706 2384 χρόνῳ
2741 2312 2922 2366 πλεῖον
2953 2311 3228 2382 διάστημα
3250 2309 3594 2380 μεταϐαῖνον,
3627 2309 3757 2380 βρα-

2173 2402 2396 2475 δύτερον
2428 2403 2487 2456 δὲ
2518 2402 2580 2456 τὸ
2616 2403 2839 2457 ἔλαττον
2880 2404 2938 2457 ὲν
2973 2401 3175 2456 πλείονι
3203 2400 3380 2472 χρόνῳ
3413 2400 3751 2470 κινούμενον.

2186 2493 2246 2546 Ὃ
2274 2493 2350 2559 δὲ,
2390 2476 2577 2564 suae),
2611 2495 2670 2546 έν
2688 2494 2866 2564 χρόνῳ
2893 2495 2943 2546 οί
2980 2492 3208 2561 ἀστέρες
3239 2490 3536 2553 κινοῦνται,
3562 2491 3755 2561 χρόνου

2175 2585 2376 2648 αὐτοὺς
2408 2581 2546 2638 εῖναι
2580 2585 2945 2657 δημιουργοὺς
2978 2582 3354 2652 ἀποφαίνεται.
3545 2582 3757 2634 Obicon

2175 2675 2320 2730 κατά
2338 2678 2431 2731 τὸν
2452 2675 2548 2729 τοῦ
2585 2677 2901 2746 σοφωτάτου
2927 2676 3101 2743 λόγον,
3143 2674 3332 2744 ἐπειδὴ
3364 2674 3458 2728 καὶ
3491 2674 3758 2745 κάνθαροι

2181 2768 2239 2821 ἐν
2261 2768 2437 2839 χρόνῳ
2461 2768 2754 2831 κινοῦνται,
2775 2765 3087 2838 ὁρισώμεθα
3111 2767 3202 2819 τὸν
3224 2766 3412 2836 χρόνον
3434 2760 3575 2818 εἶναι
3599 2768 3760 2819 ποιάν

2178 2876 2300 2913 τινα
2337 2859 2627 2931 κανθάρων
2671 2861 2916 2929 κίνησιν·
2952 2857 3105 2911 οὐδὲν
3137 2856 3246 2925 γὰρ
3277 2856 3468 2909 τούτου
3515 2858 3577 2910 τὸ
3628 2862 3759 2930 παρ’

2179 2950 2345 3004 αὑτοῦ
2404 2949 2597 3021 λεχθὲν
2644 2950 2913 3021 διαφέρει,
2964 2946 3103 3019 πλὴν
3135 2947 3235 3018 τῆς
3282 2948 3619 3020 σεμνότητος
3652 2951 3761 3003 τῶν

2177 3041 2479 3113 ὀνομάτων.

2614 3278 2717 3332 Ἐκ
2756 3274 2865 3331 τοῦ
2898 3274 3088 3329 αὑτοῦ
3117 3277 3332 3343 λόγου.

2251 3372 2325 3425 Τὸ
2365 3371 2553 3442 μεῖξον
2604 3370 2636 3441 ἢ
2669 3370 2811 3424 κατὰ
2840 3369 2931 3423 τὸν
2973 3370 3075 3438 τῆς
3106 3369 3300 3428 οὐσίας
3329 3366 3510 3434 λόγον,
3541 3364 3571 3437 ἦ
3610 3366 3756 3421 κατά

2156 3463 2273 3537 Δτδν
2296 3460 2394 3531 τῆς
2430 3459 2717 3529 δυνάμεως
2752 3457 3121 3526 πλεονασμὸν,
3200 3454 3233 3525 ἢ
3269 3452 3417 3506 κατὰ
3443 3451 3535 3522 τὴν
3573 3452 3749 3519 ὑπερ-

2179 3553 2311 3625 οχὴν
2335 3550 2429 3606 τοῦ
2451 3550 2784 3620 ἀξιώματος,
2819 3548 2850 3617 ἢ
2881 3549 3023 3602 κατὰ
3046 3545 3146 3617 τὴν
3177 3545 3287 3598 τῶν
3309 3544 3486 3612 ὄγκων
3525 3558 3747 3610 περιου-

2180 3647 2303 3699 σίαν
2331 3645 2579 3711 λέγεται.
2602 3641 2764 3697 Κατὰ
2796 3641 2897 3711 μὲν
2933 3639 3026 3694 οὖν
3057 3640 3117 3691 τὸ
3144 3638 3254 3692 τῶν
3308 3637 3490 3703 ὄγκων
3525 3634 3761 3704 μέγεθος

2178 3738 2277 3790 οὐκ
2308 3739 2371 3790 ἂν
2405 3735 2644 3790 ἐνταῦθα
2672 3734 2732 3787 τὸ
2787 3731 2973 3802 μεῖζον
3023 3731 3259 3799 λέγοιτο.
3312 3729 3392 3782 Τά
3424 3729 3536 3798 γὰρ
3563 3726 3767 3796 ἀπερί-

2176 3827 2360 3897 ληπτα
2396 3825 2477 3895 τῷ
2533 3822 2779 3895 μεγέθει,
2812 3821 3013 3891 μᾶλλον
3041 3820 3097 3872 δὲ
3121 3818 3394 3889 ἀμεγέθη,
3460 3818 3559 3870 καὶ
3583 3817 3773 3870 ἄποτα

2177 3917 2459 3981 παντελῶς
2490 3933 2573 3980 τις
2618 3915 2685 3969 ἂν
2715 3913 2969 3984 ἀλλήλοις
3011 3912 3523 3983 παραμετρὴσειεν.
3566 3909 3669 3960 Ὢν
3712 3908 3774 3962 δὲ

2180 4008 2522 4082 ἀμήχανοςή
2554 4008 2883 4077 παράθεσις.
2926 4005 3032 4058 τίνι
3078 4004 3145 4059 ἂν
3172 4004 3363 4074 τρόπῳ
3389 4004 3449 4055 τὸ
3486 4001 3777 4072 ὑπερϐάλ-

2176 4106 2268 4157 λον
2310 4106 2368 4156 ὲν
2431 4102 2642 4164 τούτοις
2668 4099 3070 4169 ἐπιγνωσθείη;
3120 4097 3281 4151 Ἀλλά
3310 4096 3418 4168 μὴν
3443 4095 3557 4164 εῐγε
3602 4096 3703 4149 καὶ
3746 4100 3775 4149 ό

2178 4196 2364 4264 θρόνος
2395 4193 2490 4246 τοῦ
2517 4193 2650 4246 Θεοῦ
2689 4191 3003 4261 ἀξιώματός
3065 4190 3217 4243 ἐστιν
3271 4189 3466 4258 ὄνομα.
3501 4189 3532 4255 ἡ
3573 4188 3643 4240 ὲκ
3675 4189 3771 4240 δε-

2177 4287 2306 4353 ξιῶν
2324 4285 2416 4338 τοῦ
2449 4285 2660 4355 Πατρδς
2715 4283 3074 4353 ἀφωρισμένη
3135 4282 3211 4351 τῷ
3242 4280 3358 4349 Υίῷ
3425 4279 3674 4349 καθέδρα
3715 4280 3771 4333 τί

2177 4394 2306 4431 ποτε
2336 4377 2545 4447 ἕτερον,
2591 4376 2688 4430 καὶ
2730 4376 2849 4444 οὐχὶ
2878 4375 2936 4427 τὸ
2968 4375 3211 4442 ἰσότιμον
3234 4374 3335 4441 τῆς
3360 4372 3514 4436 ἀξίας
3544 4375 3767 4441 ἀποση-

499 4480 632 4520 vero
662 4464 864 4518 virtute
889 4462 1153 4517 minorem
1185 4464 1385 4529 dicere,
1440 4480 1601 4535 quam
1632 4465 1793 4520 Pater
1824 4466 1916 4532 sit,
1949 4482 2070 4521 cum

2182 4469 2390 4539 μαίνει;
2422 4469 2518 4521 καὶ
2554 4466 2664 4538 γὰρ
2694 4470 2786 4521 καὶ
2824 4467 2975 4536 ἥξειν
3006 4465 3034 4516 ὁ
3096 4463 3302 4533 Κύριος
3360 4463 3768 4532 ἐπαγγέλλεται

500 4557 596 4612 Dei
620 4556 879 4611 virtutem
934 4556 1139 4610 Paulus
1189 4554 1469 4610 Christum
1529 4557 1853 4627 appellet‘,
1914 4556 2070 4627 plane

2182 4538 2238 4616 έν
2270 4563 2337 4631 τῇ
2374 4560 2500 4631 δόξῃ
2557 4558 2652 4611 τοῦ
2678 4557 2914 4627 Πατρός.
2956 4556 3121 4609 Ἀλλά
3161 4554 3338 4609 καὶτὸ
3376 4554 3560 4623 λέγειν
3600 4555 3767 4609 ἐλατ-

498 4648 710 4717 puerile
737 4656 841 4713 est,
880 4657 1147 4702 eteorum
1176 4645 1270 4716 qui
1302 4647 1514 4702 Domini
1549 4664 1737 4702 vocent
1766 4664 1874 4703 non
1907 4666 2076 4702 exau-

501 4739 674 4805 diant,
705 4736 943 4791 dicentis
970 4755 985 4790 :
1016 4735 1141 4807 Ego,
1189 4749 1236 4792 et
1287 4734 1451 4791 Pater
1503 4755 1667 4790 unum
1712 4755 1895 4793 sumus
1927 4738 1970 4803 ³,
1997 4740 2075 4793 sic

498 4843 660 4880 unum
684 4828 1027 4897 accipientis,
1064 4837 1124 4881 ut
1156 4829 1370 4882 virtutis
1390 4828 1752 4898 aequalitatem
1782 4829 2072 4900 signiﬁcet,

496 4919 959 4985 quemadmodum
992 4935 1055 4974 ex
1083 4920 1217 4989 ipsis
1250 4922 1525 4988 Evangelii
1577 4921 1757 4974 verbis
1806 4923 2072 4978 ostende-

498 5022 646 5063 mus.
697 5007 832 5063 Cum
861 5008 1008 5063 enim
1041 5010 1108 5064 de
1142 5011 1209 5064 iis
1265 5011 1360 5080 qui
1396 5012 1447 5063 in
1482 5025 1542 5064 se
1577 5011 1949 5076 crediderant,
1998 5015 2078 5069 lo-

501 5114 676 5168 quens
697 5100 935 5156 dixisset
998 5118 1012 5154 :
1049 5102 1217 5155 Nemo
1254 5103 1425 5169 rapiet
1477 5101 1596 5154 illos
1631 5119 1657 5155 ε
1691 5119 1854 5156 manu
1895 5121 2012 5160 mea
2034 5105 2080 5161 ⁸.

500 5192 567 5244 Et
592 5205 608 5244 :
632 5190 795 5246 Pater
821 5195 911 5263 qui
928 5193 1070 5247 dedit
1106 5193 1255 5257 mihi,
1286 5192 1462 5261 major
1494 5194 1732 5247 omnibus
1764 5206 1858 5255 ,εει
1892 5198 1935 5253 ⁸.
1973 5199 2079 5254 Et:

496 5281 670 5337 Nemo
694 5294 862 5354 potest
901 5302 1088 5355 rapere
1121 5301 1149 5339 ε
1179 5300 1341 5338 manu
1379 5283 1562 5338 Patris
1606 5286 1706 5340 mei
1739 5287 1783 5353 ⁸,
1814 5288 2071 5359 subiicit:

468 5375 606 5446 Ego
622 5386 683 5431 τε
707 5377 868 5432 Pater
909 5395 1071 5432 unum
1112 5392 1317 5431 sumus.
1350 5374 1427 5429 Ex
1471 5392 1579 5440 quo
1608 5380 1958 5450 perspicuum
1992 5391 2076 5438 est

495 5468 648 5537 illud,
683 5487 868 5538 unum,
910 5473 1121 5526 virtute
1147 5478 1203 5525 et
1232 5470 1478 5539 potentia
1512 5485 1697 5540 parem
1730 5473 2066 5545 signiﬁcare.

468 5560 786 5632 Reliquum
810 5574 897 5619 est
924 5566 1117 5636 igitur.
1150 5573 1215 5617 ut
1250 5563 1431 5636 majus
1461 5563 1550 5620 hic
1582 5580 1760 5622 causae
1796 5569 2065 5625 rationem

492 5650 850 5711 demonstret.
893 5634 1030 5711 Nam
1071 5634 1332 5728 quoniam
1362 5670 1395 5711 a
1442 5655 1602 5714 Patre
1628 5658 1801 5715 Filius
1852 5661 2063 5732 princi-

588 5784 606 5816 ¹
639 5784 750 5843 .Ios.
785 5806 840 5855 x,
879 5791 966 5860 12,
1004 5794 1091 5849 l3.
1167 5796 1189 5826 ³
1222 5794 1267 5850 ll
1289 5793 1416 5851 Cor.
1453 5812 1490 5863 ι,
1523 5795 1613 5853 24.
1693 5797 1714 5828 ³
1741 5796 1898 5851 Joan.
1935 5814 1989 5864 τ,
2020 5799 2070 5851 5(

2189 5796 2208 5829 ’⁵
2234 5797 2366 5852 lbitl.
2398 5798 2489 5860 28,
2569 5797 2588 5829 ⁸
2614 5797 2748 5853 lbitl.
2774 5798 2862 5855 ἓξ).

2180 4653 2403 4708 τοῦσθαι
2425 4651 2762 4720 δυνάμειτὸν
2804 4649 2932 4703 Υίὸν
2960 4648 3054 4702 τοῦ
3076 4650 3292 4718 Πατρδς
3324 4650 3520 4720 κομιδῆ
3548 4653 3769 4721 νηπίων

2178 4745 2319 4799 ἐστί.
2380 4743 2615 4815 Χριστὸς
2649 4741 2780 4812 γὰρ,
2819 4741 2979 4812 φησὶ,
3023 4740 3159 4794 Θεοῦ
3198 4741 3450 4811 δύναμις.
3484 4744 3597 4795 Καὶ
3643 4744 3771 4796 οὐδὲ

2181 4836 2601 4890 κατακουόντων
2655 4834 2753 4902 τῆς
2799 4832 2983 4903 φωνῆς
3016 4832 3222 4902 Κυρίου
3257 4831 3513 4900 λέγοντος
3540 4849 3554 4863 ο
3612 4833 3771 4903 Ἐγὼ

2180 4928 2277 4983 καὶ
2320 4930 2353 4981 ὀ
2380 4928 2588 4993 Πατὴρ
2616 4925 2684 4978 ἓν
2711 4925 2920 4994 ἐσμεν,
2979 4925 3074 4978 καὶ
3095 4927 3156 4977 τὸ
3203 4924 3275 4977 ἓν
3311 4926 3431 4978 ἀντὶ
3464 4924 3557 4977 τοῦ
3618 4928 3770 4979 xci-ri

2177 5020 2277 5090 τὴν
2309 5018 2541 5087 δύναμιν
2595 5020 2715 5071 ἴσου
2761 5016 3308 5087 παραλαμϐάνοντος,
3371 5016 3448 5080 ὡς
3483 5015 3543 5080 ἐξ
3575 5017 3769 5069 αὐτῶν

2176 5113 2429 5182 δείξομεν
2458 5110 2566 5164 τῶν
2618 5109 2712 5164 τοῦ
2736 5109 3077 5177 Εὐαγγελίου
3100 5110 3387 5178 ῥημάτων.
3430 5110 3621 5162 Εἰπὼν
3655 5110 3769 5181 γὰρ

2179 5206 2309 5274 περὶ
2338 5203 2445 5256 τῶν
2476 5201 2909 5262 πιστευσάντων,
2948 5200 3031 5252 ὅτι
3067 5200 3148 5253 Οὐ
3176 5200 3261 5269 μή
3294 5217 3383 5266 τις
3410 5199 3660 5268 ἁρπάσῃ
3693 5201 3769 5255 ἐκ

2187 5289 2299 5355 τῆς
2324 5292 2525 5356 χειρός
2554 5308 2695 5360 μου,
2729 5290 2822 5342 καὶ
2847 5290 2928 5343 ὅτι
2970 5288 3033 5341 '0
3059 5289 3263 5355 Πατὴρ
3301 5287 3369 5353 ὃς
3400 5288 3626 5341 δέδωκέ
3658 5308 3768 5358 μοι

2176 5382 2393 5454 μείζων
2425 5381 2668 5437 πάντων
2702 5382 2856 5446 ἐστὶ,
2912 5380 3007 5434 καὶ
3038 5380 3251 5446 Οὐδεὶς
3278 5381 3533 5436 δύναται
3563 5382 3767 5449 ἀρπά-

2179 5493 2285 5531 σαι
2312 5476 2382 5529 ἐκ
2414 5473 2524 5542 τῆς
2577 5475 2777 5543 χειρὸς
2830 5473 2938 5528 τοῦ
2986 5474 3218 5541 Πατρός
3246 5491 3385 5544 μου,
3420 5474 3713 5544 ἐπήγαγεν
3752 5491 3767 5504 ·

2204 5569 2339 5638 Era)
2364 5567 2466 5620 καὶ
2501 5570 2533 5620 ό
2571 5565 2772 5636 Πατὴρ
2800 5564 2870 5618 ἓν
2895 5565 3105 5636 ἐσμεν,
3125 5569 3317 5636 σαφῶς
3346 5565 3442 5621 τοῦ
3463 5566 3533 5621 ἓν
3561 5567 3767 5636 ἐσμεν

2176 5661 2300 5715 ἀντὶ
2330 5659 2424 5714 τοῦ
2458 5662 2576 5716 Esau
2608 5661 2705 5713 καὶ
2735 5660 2937 5715 ταυτοῦ
2966 5661 3110 5716 κατὰ
3160 5663 3397 5734 δύναμιν
3450 5664 3760 5735 παραλαμ-

2951 5801 2971 5829 ⁶
2998 5799 3137 5855 ibid.
