4058 6440
357 450 468 516 5θ9

1354 457 1732 518 PANOPLIA
1768 455 2223 518 DOGMATlCA.
2258 478 2322 494 -
2358 457 2504 518 TIT.
2541 458 2643 517 X1.

3532 453 3636 520 510

361 561 686 632 δεικνυμένου.
720 561 987 616 Λείπεται
1009 561 1191 618 τοίνυν
1217 567 1361 620 κατὰ
1388 569 1480 620 τὸν
1515 569 1615 636 τῆς
1645 569 1830 630 αἰτίας
1857 566 1943 618 λό-

2054 567 2203 638 pium
2242 567 2424 632 habet,
2461 567 2663 622 idcirco
2694 567 2875 632 Pater,
2905 575 2962 620 ut
2993 581 3157 622 causa
3192 573 3246 621 et
3275 565 3634 636 principium,

360 672 460 723 γον
489 653 727 708 ἐνταῦθα
755 657 815 708 τὸ
850 658 1040 728 μεῖζον
1063 657 1345 725 λέγεσθαι.
1398 658 1620 728 Ἐπειδὴ
1662 659 1771 729 γὰρ
1796 659 1949 728 παρὰ

365 747 461 799 τοῦ
495 747 712 815 [ἰατρὸς
739 749 773 818 ἡ
798 749 943 817 ἀρχὴ
977 747 1056 817 τῷ
1084 748 1221 818 Υίῷ,
1273 751 1418 802 κατὰ
1477 751 1638 802 τοῦτο
1686 748 1892 819 μείζων
1921 751 1949 801 ὀ

365 839 578 911 Πατὴρ,
613 841 688 902 ὼς
720 842 892 904 αἱτιος
913 881 928 904 ,
975 843 1070 894 καὶ
1109 842 1274 913 ἀρχή.
1305 843 1406 895 Διὸ
1443 845 1536 895 καὶ
1567 844 1594 896 ὁ
1626 841 1828 913 Κύριος
1858 842 1948 895 οῦ-

362 950 470 995 τως
528 929 689 985 εἶπεν
736 949 748 962 ·
791 932 846 984 '0
877 933 1079 1000 Πατήρ
1097 951 1219 1003 μου
1241 932 1456 1003 μείζὶυν
1478 938 1596 1005 μού
1627 935 1780 996 ἐστὶ,
1815 933 1950 987 καθὸ

366 1023 553 1092 [ἰατὴρ
619 1023 888 1090 δηλονότι.
927 1025 1000 1076 Τὸ
1027 1025 1084 1076 δὲ
1110 1025 1300 1095 Πατὴρ
1330 1027 1379 1077 τί
1409 1026 1536 1079 ἄλλο
1572 1026 1858 1094 σημαίνει,
1890 1025 1923 1096 ἢ

359 1116 418 1167 τὸ
446 1116 599 1168 αίτία
646 1111 906 1168 εἶναικαὶ
945 1117 1086 1186 ἁρχὴ
1112 1117 1205 1168 τοῦ
1249 1117 1310 1180 ἐξ
1348 1118 1513 1170 αὐτοῦ
1556 1119 1949 1187 γεννηθέντος;

370 1207 554 1260 Καίτοι
585 1209 633 1260 εί
667 1210 810 1261 κατὰ
842 1209 934 1260 τὸν
973 1211 1070 1260 σὺν
1103 1208 1282 1277 λόγον,
1309 1203 1352 1260 ὦ
1384 1210 1612 1277 Εὐνόμιε
1636 1251 1652 1275 ,
1682 1210 1744 1263 τὸ
1785 1209 1950 1276 ἀγέν-

367 1319 519 1369 νητον
546 1303 708 1356 οὐσία
744 1299 834 1373 ἦν,
907 1303 1168 1356 ἐϐούλετο
1227 1305 1282 1357 δὲ
1320 1306 1418 1376 τὴν
1467 1307 1585 1357 κατ’
1625 1305 1815 1358 οὐσίαν
1855 1306 1948 1358 τοῦ

367 1393 575 1462 ιίατρὸς
606 1393 886 1464 ὑπεροχὴν
923 1394 1214 1458 ἐπιδεῖξαι,
1244 1390 1401 1446 εἶπεν
1437 1396 1524 1458 ἂν,
1559 1397 1642 1448 ὅτι
1690 1395 1745 1447 Ὀ
1782 1396 1944 1462 ἀγέν-

363 1499 518 1552 νητος
559 1484 764 1554 μείζων
797 1484 903 1553 μού
932 1485 1103 1538 ἐστίν.
1153 1485 1452 1555 ’Υμέτερος
1507 1485 1564 1537 δέ
1613 1490 1730 1538 ἐστι
1763 1487 1940 1554 λόγος,

2049 660 2223 730 major
2256 671 2360 712 est.
2394 660 2456 712 Et
2487 672 2770 729 propterea
2803 660 3065 713 Dominus
3106 659 3183 713 ait
3218 675 3232 712 :
3264 658 3430 713 Pater
3461 657 3637 726 major

2057 769 2138 805 me
2173 761 2251 805 est
2289 751 2329 814 ί,
2402 767 2600 821 nempe
2637 763 2908 820 quatenus
2955 760 3038 805 est
3089 751 3269 806 Pater.
3315 751 3455 816 Quid
3487 749 3633 803 enim

2053 844 2142 899 illa
2182 861 2311 905 vox,
2349 843 2531 902 Pater,
2565 845 2714 897 aliud
2767 843 3067 915 signiﬁcat,
3099 843 3205 896 nisi
3236 842 3386 896 illum
3414 857 3634 895 causam

2051 947 2106 992 et
2134 939 2465 1008 principium
2501 954 2643 1002 esse,
2691 954 2755 992 ex
2788 955 2896 1008 quo
2930 938 3149 1008 genitus
3181 937 3299 1004 ipse
3325 935 3445 990 sit?
3475 935 3633 1000 Quod

2052 1030 2120 1095 si,
2151 1029 2615 1098 quemadmodum
2655 1031 2768 1098 ipse
2793 1030 2984 1095 sentis,
3019 1029 3250 1082 Eunomi
3275 1068 3290 1092 ,
3355 1025 3634 1096 ingenitus

2051 1119 2290 1176 essentia
2332 1129 2437 1182 est,
2468 1134 2592 1173 cum
2630 1119 2792 1172 vellet
2835 1119 3051 1173 Patrem
3082 1119 3324 1172 essentia
3364 1117 3630 1184 majorem

2050 1211 2316 1275 indicare,
2343 1211 2570 1265 dixisset
2601 1211 2665 1264 ad
2702 1211 2846 1264 hunc
2878 1211 3123 1274 modum,
3149 1209 3425 1276 ingenitus
3460 1209 3634 1273 major

2055 1318 2141 1356 me
2176 1311 2276 1356 est.
2300 1299 2441 1366 Quid
2461 1317 2568 1368 quo
2600 1302 2871 1370 sapientia
2905 1312 3084 1354 vestra
3119 1302 3300 1366 docet,
3334 1298 3632 1352 essentiam

2048 1393 2288 1445 essentia
2320 1393 2615 1460 majorem,
2647 1402 2741 1445 aut
2776 1392 3040 1444 minorem
3074 1406 3182 1442 non
3236 1389 3384 1443 dici?
3431 1389 3634 1452 Quam-

2049 1487 2238 1540 obrem
2277 1486 2380 1540 hoc
2403 1487 2523 1539 loco
2570 1500 2679 1539 non
2713 1486 2781 1538 de
2822 1483 3056 1538 eSscntia
3096 1484 3272 1552 majus
3302 1484 3503 1535 dictum
3527 1487 3631 1535 est.

362 1578 618 1645 ὃτιὴτοῦ
651 1579 867 1650 Harpe;
928 1578 1274 1650 προσηγορία
1321 1579 1605 1648 ἐνεργείας
1661 1581 1801 1640 ἐστι,
1871 1578 1967 1629 καὶ
2005 1579 2107 1630 οὐκ
2161 1576 2347 1639 οὐσίας
2397 1579 2735 1648 σημαντικὴ.
2771 1579 2879 1630 Καὶ
2900 1578 3073 1640 ἄλλως
3109 1575 3164 1628 δὲ
3222 1575 3381 1628 οὐσία
3443 1573 3634 1624 οὐσίας

362 1672 503 1722 κατὰ
539 1671 634 1740 τὴν
687 1672 964 1740 ὑμετέραν
1000 1673 1194 1740 σοφίαν
1226 1672 1284 1724 τὸ
1326 1670 1517 1741 μεῖζον
1583 1674 1677 1725 καὶ
1740 1673 1963 1726 ἔλαττον
2003 1672 2104 1726 οὐκ
2163 1671 2493 1742 ἐπιδέχεται,
2539 1671 2680 1724 ὥστε
2744 1672 2804 1724 τὸ
2843 1673 3030 1742 μεῖζον
3086 1671 3148 1724 οὐ
3209 1673 3332 1724 κατ’
3383 1671 3573 1723 οὐσίαν
3608 1672 3636 1718 ό

363 1770 722 1840 προκείμενος
753 1767 984 1836 ἐνέφηνε
1014 1767 1194 1832 λόγος.

371 1869 480 1924 Τοῦ
504 1868 696 1921 αὑτοῦ
730 1869 799 1920 ἐκ
838 1867 948 1920 τοῦ
981 1869 1042 1933 ,ϐ’
1089 1871 1276 1937 ,λόγιιῖυ
1314 1867 1434 1922 τῶν
1469 1860 1943 1934 Ἀντιρῤητικῶν.

2149 1860 2402 1929 Ejusdem
2431 1877 2496 1916 ea:
2516 1863 2743 1917 secundo
2767 1863 2901 1917 libro
2932 1863 3180 1917 adversus
3210 1861 3560 1915 Eunomium.

444 1961 568 2012 Ἐπὶ
597 1960 694 2030 μὲν
725 1961 824 2028 τῆς
840 1961 1072 2023 κτίσεως
1111 1961 1345 2031 εὕρομεν
1373 1961 1482 2013 ἀπὸ
1510 1960 1604 2012 τοῦ
1655 1955 1948 2022 Ἐποίησε

364 2054 464 2123 τὴν
499 2053 595 2106 τοῦ
647 2054 959 2122 ποιήματος
1017 2054 1398 2123 προσηγορίαν
1445 2050 1896 2122 καταληφθεῖσαν
1926 2062 1942 2077 ⁶

363 2147 452 2197 ἐπὶ
487 2145 544 2196 δὲ
580 2141 676 2194 τοῦ
709 2142 842 2194 Υίοῦ
887 2141 983 2196 τοῦ
1012 2141 1147 2195 Θεοῦ
1181 2144 1280 2195 οὐκ
1324 2143 1406 2194 ἔτι
1433 2161 1446 2174 ·
1490 2144 1586 2194 Ἐν
1624 2139 1782 2210 ἀρχῇ
1815 2142 1944 2210 γὰρ,

363 2237 551 2304 φησὶν,
596 2235 889 2301 ἐποίησεν
927 2238 959 2288 ό
1013 2238 1160 2301 Θεὸς
1212 2239 1322 2288 τίν
1361 2234 1626 2303 οὐρανὸν
1678 2234 1778 2286 καὶ
1831 2232 1949 2300 τὴν

363 2328 480 2396 γῆν
501 2343 515 2356 ο
555 2329 649 2380 καὶ
680 2329 847 2381 πάλιν
881 2345 893 2359 ⁸
945 2329 1046 2382 Ἑν
1105 2333 1398 2398 ποιήμασι
1429 2329 1545 2381 τῶν
1579 2326 1795 2396 χειρῶν
1827 2342 1946 2380 σου

361 2420 667 2487 ἐμελέτων
686 2435 700 2449 ⁸
739 2424 836 2471 καὶ
868 2420 1031 2472 πάλιν
1057 2435 1070 2448 ·
1116 2420 1190 2474 Ὶὰ
1221 2421 1330 2488 γὰρ
1358 2421 1585 2488 ἀόρατα
1613 2419 1800 2472 αὺτοῦ
1827 2419 1947 2473 ἀπὸ

363 2514 619 2576 κτίσεως
647 2513 885 2580 κόσμου
930 2509 1059 2576 τοῖς
1104 2511 1400 2579 ποιήμασι
1450 2511 1753 2578 νοούμενα
1803 2515 1946 2565 καο-

365 2608 596 2676 ορᾶται.
655 2608 846 2671 Οὕτως
913 2609 1001 2678 ἐφ’
1051 2601 1128 2663 ὧν
1193 2613 1313 2663 ἐστι
1345 2610 1621 2680 χρήσιμον
1670 2610 1731 2662 τὸ
1772 2609 1947 2678 δνομα

362 2700 873 2773 παραλαμϐάνουσα
901 2703 936 2771 ἡ
969 2701 1186 2771 Γραφὴ,
1215 2703 1310 2754 ἐπὶ
1334 2702 1430 2755 τοῦ
1465 2701 1674 2772 Κυρίου
1702 2701 1798 2754 καὶ
1831 2702 1946 2753 Σω·

360 2798 523 2862 τῆρος
556 2792 714 2864 ἡμῶν
749 2792 926 2864 Ἰησοῦ
950 2793 1191 2863 Χριστοῦ
1228 2793 1303 2856 ὡς
1331 2795 1542 2863 πρέπον
1563 2793 1639 2862 τῷ
1672 2793 1946 2864 μεγαλείῳ

356 2888 460 2954 τῆς
492 2886 658 2954 δόξης
687 2886 1113 2955 παρεσιώπησε.
1146 2885 1262 2938 Νῦν
1301 2884 1357 2937 δὲ
1404 2884 1594 2954 ἀξίνην
1668 2886 1790 2954 μὲν,
1851 2889 1948 2938 καὶ

355 2981 506 3033 λίθον
541 2979 974 3049 ἁκρογωνιαῖον,
1025 2979 1120 3030 καὶ⁵
1166 2976 1314 3030 λίθον
1354 2978 1807 3046 προσκόμματος,
1852 2977 1947 3029 καὶ

355 3075 575 3141 πέτραν
629 3070 956 3132 σκανδάλου,
1008 3071 1103 3123 καὶ
1146 3069 1377 3122 τοιαῦτα
1434 3070 1620 3139 ἕτερα,
1659 3071 1718 3122 ὲν
1752 3064 1834 3133 οἷς
1882 3070 1944 3122 οὐ

355 3167 492 3219 πολὺ
525 3163 763 3217 δοκεῖτὸ
783 3161 1035 3234 εὔφημον
1068 3158 1210 3215 εἶναι
1237 3164 1350 3226 τοῖς
1377 3163 1456 3234 μὴ
1489 3163 1946 3234 καθικνουμένοις

354 3259 452 3325 τῆς
484 3255 772 3325 σημασίας
805 3256 914 3307 τῶν
950 3255 1258 3324 ὀνομάτων,
1288 3256 1380 3310 τὸν
1414 3255 1619 3324 Κύριον
1653 3256 1753 3325 τῆς
1783 3255 1944 3325 δόξης

357 3347 802 3418 προσαγορεύειν
851 3348 954 3401 οὐκ
982 3348 1400 3417 ἐπαισχύνεται.
1439 3349 1657 3418 ποίημα
1699 3349 1757 3402 δὲ
1783 3349 1946 3405 οὐδα-

363 3444 466 3511 μοῦ
525 3443 591 3496 τὸ
642 3440 914 3512 παράπαν
955 3441 1232 3511 ὠνόμασε.
1276 3442 1472 3496 Καίτοι
1506 3459 1570 3510 γε
1623 3437 1778 3506 οὗτος
1812 3443 1944 3514 παρ’

362 3535 543 3589 αὕτῶν
575 3534 866 3604 εἰληφέναι
893 3532 1003 3590 τῶν
1048 3534 1221 3602 ἁγίων
1265 3535 1328 3587 τὸ
1361 3535 1531 3604 ὄνομα
1559 3535 1719 3590 τοῦτό
1752 3553 1942 3605 φησιν,

373 3627 458 3676 iu
482 3630 596 3689 ταῖς
649 3626 1053 3695 συκοφαντίαις
1105 3625 1180 3696 μὴ
1239 3626 1401 3695 μόνον
1448 3627 1575 3690 τοὺς
1626 3629 1748 3681 κατ’
1779 3629 1945 3682 αὐτὸν

383 3718 696 3790 περιθάλλῃ,
755 3718 894 3771 ἀλλὰ
929 3720 1024 3771 καὶ
1054 3721 1179 3781 τοὺς
1223 3720 1396 3773 πάλαι
1430 3720 1562 3772 ποτὲ
1613 3720 1944 3790 γενομένους

380 3808 578 3873 ἁγίους.
614 3811 784 3862 ’Ἄνευ
812 3809 869 3862 δὲ
894 3806 988 3862 τοῦ
1008 3808 1086 3878 μὴ
1115 3809 1316 3880 χρῆναι
1356 3811 1448 3864 διὰ
1483 3811 1543 3864 τὸ
1591 3811 1943 3865 ἐπικίνδυνον

366 3902 470 3962 τοῖς
492 3903 762 3965 τοιούτοις
790 3901 1121 3972 ὲπιτολμᾷν,
1149 3904 1243 3956 καὶ
1269 3905 1336 3957 τὰ
1355 3903 1450 3957 τοῦ
1478 3904 1685 3975 Κυρίου
1703 3905 1946 3975 ὀνόματα

367 3991 490 4062 παρ’
532 3993 736 4048 ἑαυτοῦ
776 3994 1208 4064 μεταπλάττειν,
1281 3995 1362 4048 ἔτι
1401 3997 1586 4065 οὐδὲὴ
1640 3996 1735 4050 τοῦ
1782 3998 1945 4051 Ἀπο-

362 4086 554 4137 στόλου
589 4087 806 4142 διάνοια
835 4086 938 4157 τὴν
981 4089 1090 4158 πρὸ
1117 4087 1320 4152 αἰῶνος,
1359 4088 1658 4141 ὑπόστασιν
1697 4088 1796 4142 τοῦ
1825 4091 1945 4143 Μο-

358 4177 617 4244 νογενοῦς
645 4179 778 4248 ἡμῖν
818 4181 1145 4250 παρίστησι,
1180 4181 1312 4252 περὶ
1365 4174 1432 4252 ἦς
1465 4182 1596 4251 ἡμῖν
1627 4181 1655 4232 ὁ
1682 4182 1842 4250 λόγος
1882 4185 1940 4236 ἐν

355 4274 434 4344 τῷ
468 4276 726 4345 παρόντι.
761 4272 896 4328 Οὐδὲ
955 4274 1064 4344 γὰρ
1119 4276 1250 4343 περὶ
1286 4275 1386 4343 τῆς
1414 4275 1606 4339 οὐσίας
1639 4277 1812 4346 αὐτῆς
1844 4279 1940 4331 τοῦ

354 4364 492 4417 Θεοῦ
535 4365 714 4432 Λόγου
757 4363 852 4417 τοῦ
881 4365 939 4418 ὲν
973 4368 1114 4436 ἀρχῇ
1143 4366 1297 4430 ὄντος
1332 4368 1469 4438 πρὸς
1495 4371 1588 4420 τὸν
1618 4369 1776 4438 Θεὸν,
1804 4371 1943 4424 ἀλλὰ

355 4456 493 4526 περὶ
514 4457 612 4510 τοῦ
655 4456 998 4520 κενώσαντος
1027 4458 1222 4512 ἑαυτὸν
1253 4461 1312 4510 ὲν
1342 4461 1407 4529 τῇ
1440 4459 1533 4512 τοῦ
1564 4460 1757 4514 δούλου
1801 4479 1942 4532 μορ-

2127 1951 2515 2024 Comperimus
2593 1971 2683 2012 res
2739 1963 3056 2026 procreatas
3113 1970 3144 2009 a
3214 1953 3384 2007 verbo
3460 1951 3634 2014 Fecit,

2051 2044 2476 2114 appellationem
2509 2047 2783 2115 accipere,
2816 2056 2875 2100 ut
2906 2047 3062 2101 factae
3102 2046 3380 2109 dicantur,
3420 2057 3475 2099 et
3499 2059 3634 2111 ope-

2053 2152 2112 2190 ra
2142 2145 2430 2198 vocentur,
2482 2137 2535 2193 id
2596 2138 2747 2207 quod
2801 2154 2910 2193 non
2943 2139 3087 2193 cadit
3140 2139 3194 2191 in
3235 2137 3431 2190 Filium
3495 2135 3634 2189 Dei:

2049 2226 2113 2280 In
2134 2229 2392 2294 principio
2414 2229 2574 2292 enim,
2620 2229 2817 2298 inquit,
2853 2230 2971 2299 fecit
3037 2229 3181 2283 Deus
3226 2228 3411 2282 ca’lum
3444 2237 3492 2280 et
3535 2239 3637 2280 ter-

2051 2339 2166 2375 ram
2190 2325 2232 2376 ¹.
2267 2322 2336 2376 Et
2367 2322 2464 2376 :Iu
2488 2325 2730 2392 operibus
2758 2341 3008 2377 manuum
3028 2333 3238 2377 tuarum
3275 2323 3570 2378 meditabar
3593 2323 3634 2376 ⁸.

2052 2414 2122 2469 Et
2157 2412 2492 2470 :Invisibilia
2528 2418 2690 2484 ipsius
2718 2433 2750 2469 a
2779 2427 3024 2470 creatura
3070 2417 3246 2469 mundi
3279 2432 3372 2484 per
3399 2431 3483 2478 ea,
3519 2430 3636 2484 qua:

2050 2516 2194 2576 (acta
2226 2519 2346 2563 sunt
2376 2508 2636 2562 intellecta
2665 2500 3062 2579 conspiciuntur
3081 2509 3120 2561 ‘.
3156 2510 3441 2578 Scriptura
3471 2507 3635 2577 igitur

2053 2601 2152 2655 hac
2181 2615 2316 2655 vace
2343 2610 2526 2666 utens,
2564 2602 2653 2656 ubi
2691 2612 2806 2656 erat
2828 2603 2990 2656 utilis
3021 2613 3076 2656 et
3105 2601 3436 2664 necessaria,
3502 2615 3623 2653 eam

2050 2695 2118 2749 de
2168 2694 2396 2748 Domino
2453 2704 2509 2748 et
2552 2695 2843 2748 Servatore
2905 2703 3093 2748 nostro
3139 2693 3267 2748 Jesu
3301 2693 3522 2747 Christo
3553 2692 3633 2744 lo—

2051 2799 2248 2854 quens,
2282 2793 2339 2840 ut
2367 2783 2488 2853 ejus
2510 2786 2693 2856 gloria:
2716 2784 3077 2855 magnitudini
3106 2786 3288 2838 minus
3321 2798 3633 2853 congruen-

2051 2886 2161 2932 tem
2193 2893 2474 2948 nunquam
2525 2879 2925 2948 prouuntiavit.
2974 2878 3109 2932 Cum
3157 2887 3335 2930 tamen
3386 2889 3438 2931 et
3467 2892 3630 2930 secu-

2049 2969 2174 3032 rim,
2210 2980 2265 3024 et
2295 2971 2534 3040 lapidem
2559 2972 2898 3042 angularem.
2931 2981 2986 3024 et
3017 2971 3250 3040 lapidem
3285 2971 3627 3036 olicnsionis,

2050 3070 2106 3116 et
2145 3072 2356 3132 petram
2398 3063 2671 3126 scandali,
2707 3073 2762 3116 et
2809 3063 2930 3116 aliis
2961 3063 3234 3132 ejusmodi
3285 3064 3628 3126 nominibus,

2051 3156 2108 3211 in
2137 3156 2337 3227 quibus
2364 3173 2472 3210 non
2511 3157 2744 3210 multum
2777 3155 2957 3209 inesse
2991 3155 3167 3208 laudis
3196 3154 3518 3208 existimant
3550 3154 3628 3208 illi

2051 3250 2143 3319 qui
2182 3249 2250 3303 ad
2285 3249 2535 3303 intimam
2576 3264 2772 3304 eorum
2808 3248 3264 3318 signitii-ationem
3290 3264 3400 3302 non
3440 3262 3633 3316 perve-

2051 3342 2233 3404 niunt,
2282 3341 2560 3410 appellare
2605 3340 2899 3395 Dominum
2937 3340 3121 3410 gloriae
3162 3354 3271 3394 non
3319 3339 3626 3396 erubuerit.

2051 3435 2190 3489 Eum
2237 3450 2370 3490 vero
2395 3450 2677 3504 nunquam
2719 3434 2946 3490 omnino
2984 3437 3201 3488 vocavit
3234 3448 3398 3504 opus.
3468 3435 3625 3500 Quod

2051 3538 2234 3584 tamen
2289 3544 2491 3584 nomen
2559 3529 2662 3583 iste
2712 3527 2845 3582 dicit
2909 3543 3024 3582 sea
3071 3526 3281 3582 sanctis
3310 3527 3628 3583 hominibus

2050 3622 2345 3691 accepisse,
2385 3631 2444 3675 ut
2478 3636 2589 3674 non
2622 3636 2734 3675 suae
2763 3629 2972 3674 tantum
3017 3621 3213 3682 aetatis,
3245 3621 3340 3675 sed
3369 3622 3629 3690 superio-

2049 3729 2172 3768 rum
2216 3714 2383 3768 etiam
2413 3713 2564 3768 viros
2611 3723 2838 3768 sanctos
2894 3714 3186 3769 calumniis
3223 3715 3490 3770 involvat.
3553 3714 3628 3769 Ac

2048 3814 2415 3874 praeterquam
2446 3804 2589 3873 quod
2634 3805 2946 3872 periculosa
2988 3820 3078 3859 res
3121 3806 3326 3860 audere
3356 3806 3623 3875 ejusmodi

2049 3899 2337 3955 vocabulis
2375 3899 2476 3962 uti,
2509 3910 2566 3953 et
2595 3898 2812 3952 Domini
2867 3900 3090 3960 nomina
3124 3898 3327 3969 ﬁngere
3358 3900 3625 3954 arbitratu

2045 4008 2169 4057 suo,
2212 4007 2285 4045 ne
2317 3990 2580 4061 Apostolo
2619 3991 2838 4060 quidem
2866 3991 3209 4062 propositum
3250 3981 3358 4056 est,
3393 4001 3451 4045 ut
3496 3990 3628 4046 Uni-

2047 4084 2213 4153 geniti
2231 4092 2508 4146 naturam,
2528 4082 2595 4135 de
2619 4097 2725 4150 qua
2751 4081 2805 4135 in
2831 4083 3114 4151 praesentia
3137 4079 3434 4150 loquimur,
3467 4082 3628 4138 nobis

2046 4175 2301 4244 explicet.
2336 4173 2454 4229 Non
2479 4175 2626 4229 enim
2655 4173 2725 4229 de
2754 4172 2914 4228 Verbi
2958 4173 3203 4228 essentia
3263 4174 3320 4228 in
3351 4175 3625 4245 principio

2047 4268 2193 4339 apud
2225 4269 2398 4323 Deum
2433 4269 2754 4323 exsistentis
2795 4269 2960 4323 verba
3005 4268 3154 4334 facit,
3192 4269 3287 4324 sed
3321 4270 3387 4324 de
3418 4270 3532 4333 illo,
3567 4280 3626 4324 ut

2046 4363 2404 4430 semetipsum
2434 4361 2754 4426 exinanivit,
2808 4369 2867 4415 ut
2917 4361 3060 4415 servi
3109 4361 3340 4415 formam
3390 4362 3622 4428 accepit,

2047 4466 2109 4510 ut
2139 4456 2388 4524 corporis
2425 4456 2598 4510 nosui
2628 4453 3042 4510 similitudinem
3074 4454 3394 4508 humilitatis
3421 4455 3623 4514 induit.

358 4553 459 4620 φῇ,
492 4551 590 4603 καὶ
622 4549 918 4620 γενομένου
976 4551 1309 4622 συμμόρφου
1342 4552 1422 4620 τῷ
1455 4551 1671 4622 σώματι
1703 4555 1802 4624 τῆς
1843 4574 1942 4612 τα-

2048 4557 2103 4602 et
2149 4562 2217 4600 ex
2258 4547 2576 4600 infirmitate
2615 4545 2794 4602 crucis
2838 4556 3068 4602 mortem
3099 4547 3406 4611 sustinuit,
3437 4557 3625 4615 aperte

363 4645 682 4707 πεινὼσεως
733 4643 914 4714 ἡμῶν,
949 4646 1044 4697 καὶ
1093 4647 1504 4715 σταυρωθέντος
1555 4648 1616 4712 ἐξ
1649 4649 1937 4715 ἀσθενείας

362 4734 553 4801 σαφῶς
582 4733 1037 4800 διαλέ.γεται.Καὶ
1059 4734 1219 4788 τοῦτο
1245 4739 1409 4790 παντὶ
1435 4737 1715 4810 γνώριμον
1747 4740 1826 4810 τῷ
1847 4744 1940 4796 καὶ

365 4825 564 4894 μικρὸν
629 4825 992 4896 ὲπιστήσαντι
1055 4827 1156 4896 τῆς
1197 4829 1567 4900 ἀποστολικῆς
1613 4831 1814 4898 λέξεως
1855 4835 1936 4906 τῷ

365 4916 688 4988 βουλήματι,
732 4921 813 4972 ὅτι
875 4921 998 4990 οὐχὶ
1060 4920 1342 4990 θεολογίας
1407 4925 1542 4994 ἡμῖν
1598 4927 1939 4994 παραδίδωσι

360 5009 586 5079 τρόπον,
616 5009 754 5064 ἀλλὰ
779 5013 907 5073 τοὺς
923 5010 1022 5082 τῆς
1053 5014 1370 5082 οἰκονομίας
1397 5016 1588 5083 λόγους
1608 5019 1937 5089 παραδηλοῖ·

359 5104 585 5169 Κύριον
613 5104 746 5172 γὰρ,
777 5104 968 5172 φησὶν,
1007 5105 1214 5169 αὐτὸν,
1280 5109 1377 5160 καί
1435 5110 1697 5176 Χριστὸν
1726 5116 1759 5167 ό
1793 5113 1941 5179 Θεὸς

359 5194 620 5260 ἐποίησε
651 5195 871 5250 τοῦτον
902 5198 1009 5252 τὸν
1052 5197 1306 5267 Ἰησοῦν,
1337 5199 1409 5254 ὃν
1430 5202 1602 5271 ὑμεῖς
1636 5205 1941 5273 ἐσταυρώ-

364 5303 538 5350 σατε,
583 5291 650 5359 τῇ
711 5289 957 5360 δεικτικῇ
995 5294 1146 5362 φωνῇ
1197 5293 1331 5363 πρὸς
1358 5294 1419 5346 τὸ
1450 5295 1796 5365 ἀνθρώπινον
1842 5301 1942 5354 αὐ·

357 5379 476 5444 τοῦ,
537 5385 633 5434 καὶ
691 5381 967 5452 ὁρώμενον
990 5385 1124 5438 πᾶσι
1177 5385 1461 5456 προδήλως
1491 5389 1938 5462 ἐπερειδόμενος.

372 5472 432 5526 '0
461 5473 518 5526 δὲ
547 5475 647 5542 τὴν
674 5475 926 5543 ἐποίησε
961 5477 1144 5548 φωνὴν
1169 5480 1254 5540 είς
1282 5479 1382 5548 τὴν
1407 5481 1650 5552 ἀρχῆθεν
1682 5485 1938 5556 γέννησιν

363 5567 456 5620 τοῦ
495 5567 841 5634 Μονογενοῦς
873 5569 1201 5642 μεταφέρει,
1247 5572 1344 5625 καὶ
1373 5573 1498 5627 οὐδὲ
1533 5576 1716 5630 ἐκεῖνο
1769 5579 1936 5634 αὑτὸν

357 5660 620 5728 δυσωπεῖ,
655 5664 740 5715 ὅτι
769 5663 830 5715 τὸ
868 5663 1074 5735 Κύριος
1095 5666 1218 5736 οὐχὶ
1257 5666 1448 5731 οὐσίας
1476 5669 1653 5734 ἐστὶν,
1701 5671 1822 5725 ἀλλ’
1849 5673 1939 5739 ἑξ-

357 5756 550 5817 ουσίας
600 5754 800 5831 διδωμι.
829 5756 992 5810 Ὥστε
1039 5760 1068 5812 δ
1124 5757 1321 5827 εἰπὼν,
1351 5761 1573 5831 Κύριον
1607 5763 1798 5820 αὐτὸν
1834 5768 1934 5822 καί

435 5889 647 5947 'Joan.
713 5904 822 5955 xlv,
872 5889 964 5947 28.
1043 5893 1063 5925 '
1117 5893 1257 5952 Gen.
1320 5912 1360 5965 ι,
1403 5896 1451 5951 1.

1535 5900 1555 5932 ³
1581 5898 1728 5959 Psal.
1759 5920 1999 5974 cxxxxu,
2036 5905 2088 5963 5.

2043 4639 2284 4693 disserit.
2330 4637 2485 4702 Quod
2530 4647 2714 4692 autem
2741 4654 2851 4693 non
2891 4637 3090 4695 divinae
3126 4640 3271 4694 illius
3301 4649 3511 4694 natura:
3540 4656 3596 4694 ra

2047 4731 2250 4784 tionem
2281 4729 2442 4784 nobis
2470 4731 2667 4793 tradat,
2703 4729 2801 4785 sed
2856 4730 3233 4800 diSpositiouis
3281 4734 3403 4800 ejus
3439 4733 3622 4786 consi-

2045 4821 2181 4877 lium
2221 4822 2503 4885 ostendat,
2554 4825 2908 4892 perspicuum
2953 4833 3038 4879 est
3088 4825 3346 4879 omnibus
3377 4825 3470 4894 qui
3524 4841 3625 4895 pa-

2045 4930 2269 4984 rumper
2317 4917 2588 4971 orationis
2622 4917 2942 4985 apostolica:
2990 4919 3322 4973 sententiam
3373 4932 3621 4975 norunt:

2042 5007 2330 5065 Dominum
2383 5011 2544 5071 enim,
2593 5009 2791 5079 inquit,
2845 5012 3016 5078 ipsum
3079 5022 3126 5065 et
3152 5011 3419 5067 Christum
3487 5013 3624 5066 Deus

2043 5103 2186 5173 fecit,
2232 5102 2368 5156 hunc
2409 5101 2617 5164 Iesum,
2667 5120 2819 5172 quem
2868 5106 3400 5173 voscruciﬁxistis‘.
3453 5108 3514 5162 In
3560 5124 3623 5163 ea

2048 5209 2204 5262 voce,
2249 5211 2371 5265 quae
2401 5196 2752 5266 perspicuam
2802 5199 2976 5266 ipsius
3010 5200 3414 5256 humanitatem
3443 5201 3624 5254 omni-

2049 5289 2152 5344 bus
2211 5289 2502 5359 signiﬁcat,
2541 5291 2886 5345 immoratur.
2944 5291 3014 5346 At
3046 5292 3150 5348 iste
3182 5295 3411 5348 verbum
3457 5293 3615 5360 illud,

2047 5382 2190 5450 fecit.
2249 5381 2318 5436 ad
2364 5391 2546 5436 ortum
2602 5381 2756 5437 illum
2804 5384 3039 5454 primum
3088 5385 3366 5454 Unigeuiti
3422 5383 3613 5439 refert.

2045 5473 2234 5543 Neque
2257 5475 2500 5531 deterret
2529 5491 2654 5530 eum
2684 5492 2747 5531 ea
2774 5493 2900 5539 vox,
2940 5478 3214 5540 Dominus,
3246 5491 3368 5544 quae
3395 5489 3504 5528 non
3529 5490 3624 5532 es-

2046 5567 2280 5622 sentiam
2308 5568 2534 5633 indicat,
2569 5570 2664 5624 sed
2705 5579 3050 5638 potestatem.
3083 5569 3262 5634 Quare
3307 5567 3618 5634 Dominum,

2045 5657 2322 5727 inquiens,
2349 5659 2528 5728 ipsum
2550 5669 2606 5715 et
2625 5660 2902 5714 Christum
2928 5660 3070 5714 Deus
3085 5659 3233 5724 fecit,
3257 5659 3622 5730 principatum

2045 5760 2487 5822 potestatemque
2535 5753 2618 5808 illi
2649 5751 2704 5807 in
2738 5767 2929 5807 omnes
2958 5767 2988 5806 a
3022 5751 3183 5807 Patre
3223 5751 3404 5808 datam
3441 5753 3622 5810 decla-

2170 5907 2188 5940 ⁸
2221 5907 2379 5963 Rom.
2405 5925 2439 5980 ι,
2475 5909 2566 5964 ἳΟ.
2675 5910 2695 5940 ⁸
2725 5910 2842 5964 Act.
2876 5924 2936 5977 tt,
2966 5908 3054 5966 56.
