4058 6408
247 356 341 416 l‘ifi

1214 358 1587 418 PANOPLIA
1628 360 2087 423 DOGMATICA.
2118 389 2186 400 -
2223 366 2368 426 ΤΙΤ.
2413 366 2518 426 XL

3393 370 3495 439 5H

245 472 348 520 ἐστὶ
374 469 669 537 δηλωτικὰ,
689 466 830 522 ὥστε
860 469 1134 539 μηδεμίαν
1157 463 1301 523 εἶναι
1327 472 1514 543 χώραν
1539 474 1800 545 τῷλόγῳ,

1918 489 2230 545 sequentur.
2266 486 2335 533 At
2368 479 2827 549 quemadmodum
2864 478 2957 546 qui
2999 479 3100 531 hoc
3128 476 3358 545 dicunt,
3400 487 3497 537 dc-

242 561 311 627 τῷ
343 563 401 612 ἐκ
430 561 530 626 τῆς
557 560 665 613 τῶν
700 560 987 631 ὀνομάτων
1021 562 1383 632 παραλλαγῆς
1434 570 1532 632 τὴν
1563 568 1673 619 τῶν
1712 569 1801 621 ού-

247 651 362 704 σιῶν
401 652 726 705 ἐναντίωσιν
793 655 1223 722 παρεισάγοντι.
1279 656 1438 709 Οὕτω
1491 660 1537 711 δ’
1593 662 1659 714 ἂν
1698 662 1806 730 πρὸ

1905 564 2092 626 liraut,
2124 567 2201 619 sic
2248 567 2535 620 insaniunt
2606 567 2683 620 illi
2736 567 2839 636 qui’
2866 566 2998 621 illud
3052 577 3332 624 asserunt.
3386 572 3496 626 Sed

1904 655 2009 709 iste
2058 668 2381 727 argumenta
2432 673 2492 712 se
2557 659 2711 729 ﬁngit
2778 659 2982 714 habere
3043 660 3495 729 innumerabilia,

248 744 445 797 πάντων
475 742 667 796 ἑαυτὸν
694 744 1053 799 καταϐάλλω.
1089 747 1149 799 Ei
1176 750 1285 818 γὰρ
1307 749 1559 819 διαφέρει
1590 753 1805 821 ποίημά

1918 749 2098 816 [uibus
2126 750 2500 804 demonstrare
2534 751 2711 820 possit
2732 790 2747 810 .
2811 750 3010 805 Filium
3051 767 3082 806 a
3108 754 3321 809 sanctis
3353 771 3496 823 opus

247 852 293 887 τε
322 836 405 887 καὶ
432 834 709 904 γέννημα,
736 835 990 905 διάφοροι
1051 837 1272 891 ἔσονται
1318 840 1413 894 τοῦ
1460 843 1802 909 Μονογενοῦς

248 928 429 989 οὐσίαι,
470 928 539 996 τῇ
588 929 824 998 διαφορᾷ
854 927 962 981 τῶν
988 928 1272 999 ὀνομάτων
1309 933 1597 1000 ἑπόμεναι.
1651 936 1714 988 Εί
1744 935 1799 987 δὲ

245 1014 379 1066 τοῦτο
406 1016 907 1086 παραφρονούντων
926 1018 1125 1081 είπεῖν,
1151 1021 1271 1073 οὐδὲ
1300 1023 1477 1075 ἐκεῖνο
1529 1024 1801 1094 καθεστη-

253 1107 422 1160 κότων.
471 1106 536 1159 Ὀ
583 1108 639 1161 δὲ
678 1112 1067 1178 προσποιεῖται
1134 1112 1231 1179 μὲν
1286 1116 1488 1185 μυρίας
1521 1116 1666 1187 ἔχεν
1700 1118 1800 1180 τὰς

252 1196 531 1262 ἀποδείξεις
558 1198 657 1250 τοῦ
701 1198 858 1267 παρὰ
888 1202 997 1253 τῶν
1032 1201 1208 1262 ἁγίων
1278 1205 1495 1276 ποίημα
1567 1207 1660 1260 τὸν
1694 1209 1804 1279 ’1η-

261 1289 359 1340 σοῦν
382 1291 806 1361 προσειρῆσθαι,
836 1293 911 1353 ώς
937 1293 994 1346 δὲ
1043 1294 1129 1364 ἐφ’
1177 1296 1344 1367 ἕτερά
1374 1316 1496 1351 τινα
1526 1302 1802 1369 προηγού-

254 1398 367 1450 μενα
418 1382 670 1436 σπεύδων
722 1382 1079 1451 ὑπερτίθεται
1113 1384 1278 1453 δῆθεν
1334 1388 1394 1438 ἐν
1449 1386 1527 1457 τῷ
1565 1389 1798 1457 παρόντι

1901 842 2233 909 appellatum
2285 842 2476 908 fuisse,
2520 843 2615 897 sed
2666 858 2729 896 ea
2766 858 2847 909 se,
2879 845 3136 911 quoniam
3169 844 3236 897 ad
3288 846 3492 913 maiora

1909 933 2153 999 quzedam
2184 931 2429 1001 festinet,
2464 938 2514 986 in
2560 936 2850 1000 pnesentia
2888 950 2996 988 non
3029 950 3489 989 commemorare.

1913 1022 2016 1078 Sed
2050 1026 2151 1078 hoc
2184 1027 2311 1081 item
2345 1028 2547 1081 versuti
2574 1027 2808 1081 hominis
2832 1027 3091 1079 malitiam
3116 1036 3170 1079 et
3199 1026 3490 1081 artiﬁcium

1912 1117 2110 1183 arguit,
2147 1116 2239 1184 qui
2302 1132 2363 1169 ca
2404 1117 2458 1169 in
2503 1117 2706 1186 quibus
2739 1118 2924 1176 haeret,
2983 1116 3206 1168 silentio
3269 1116 3488 1169 transit.

1911 1207 2045 1262 Nam
2100 1209 2146 1261 si
2198 1210 2283 1262 vel
2319 1210 2571 1263 umbram
2615 1210 2844 1263 haberet
2880 1208 3117 1275 alicujus
3166 1207 3489 1267 testimonii.

1912 1316 2021 1369 quo
2052 1300 2381 1372 Unigenitus
2429 1304 2628 1364 factus,
2660 1311 2753 1354 aut
2810 1315 2951 1369 opus
2972 1300 3273 1361 diceretur.
3314 1298 3487 1367 jacta-

1909 1395 2058 1446 tione
2100 1393 2275 1464 ipsius
2300 1410 2459 1447 aures
2485 1404 2689 1448 nostra:
2706 1394 2817 1461 jam
2841 1392 3319 1445 obsurdescerent.

252 1478 336 1547 τὴν
367 1480 610 1549 μνήμην.
646 1480 807 1533 Ἔστι
861 1478 917 1532 δὲ
970 1480 1239 1534 καὶτοῦτο
1279 1484 1528 1553 τεχνικὸν
1561 1484 1623 1537 τὸ
1668 1486 2040 1558 κακούργημα
2070 1494 2128 1544 ὲν
2183 1485 2266 1553 οἷς
2329 1493 2529 1560 ἀπορεῖ
2554 1490 2730 1559 λόγων
2757 1490 2856 1561 τὴν
2919 1489 3129 1556 σιωπὴν
3194 1485 3487 1555 προτιμᾷνσ

252 1574 302 1625 El
330 1575 428 1646 γὰρ
486 1575 648 1630 σκιὰν
684 1575 999 1648 μαρτυρίας
1050 1572 1166 1648 εἶχε
1223 1579 1323 1648 τῆς
1381 1580 1471 1633 τὸν
1516 1582 1797 1652 Μονογενῆ
1840 1583 2107 1655 λεγούσης
2168 1585 2404 1657 ποίημα,
2431 1587 2537 1640 κᾶν
2593 1584 3102 1655 ὲκεκώφωτοήμῶν
3136 1583 3238 1653 ἤδη
3273 1580 3342 1633 τὰ
3374 1572 3490 1634 ὧτα

253 1664 760 1735 κεριϐρυλλούμενα.

680 1760 781 1815 Ἐκ
810 1763 920 1818 τοῦ
945 1762 1133 1819 αὑτοῦ
1167 1762 1376 1832 λόγου.

308 1850 487 1905 ταῦτα
553 1852 650 1920 μὲν
710 1852 803 1907 οὖν
862 1853 1054 1926 ὥσπερ
1116 1854 1443 1926 προαγωνές
1495 1874 1641 1921 τινες
1707 1856 1804 1911 καὶ

251 1942 554 1997 κατασκευαὶ
595 1941 695 2010 τῆς
745 1940 1096 2012 βλασφημίας
1134 1939 1240 1993 είσί
1262 1955 1275 1968 ·
1312 1938 1374 1991 τὸ
1411 1938 1468 1992 δὲ
1514 1938 1810 2009 κεφάλαιον

254 2035 329 2089 τοῦ
358 2033 529 2087 κακοῦ
558 2034 616 2084 ἐν
642 2035 752 2094 τοῖς
782 2031 909 2103 ἑξῆς
941 2030 1192 2101 ἐπιφέρει
1221 2030 1420 2099 λέγων’

304 2150 448 2203 ΕΥΝ.
492 2148 605 2218 Τὴν
639 2146 828 2200 οὐσίαν
856 2145 949 2198 τοῦ
1001 2144 1132 2197 Υίοὸ
1178 2143 1534 2213 γεγεννῆσθαι
1567 2144 1665 2215 μὲν
1708 2144 1810 2197 οὸκ

247 2239 385 2296 οὖσαν
412 2240 518 2312 πρὸ
543 2240 642 2308 τῆς
679 2238 814 2301 ἰδίας
851 2236 1184 2300 συστάσεως,
1212 2231 1351 2287 εἶναι
1380 2235 1437 2288 δὲ
1458 2235 1813 2306 γεννηθεῖσαν

248 2336 332 2406 πρὸ
360 2334 576 2387 πάντων
612 2329 808 2404 γνώμῃ
836 2329 929 2382 τοῦ
962 2329 1194 2399 Πατρός.

300 2448 435 2501 ΒΔΣ.
468 2447 592 2499 Ἔτι
628 2444 735 2497 τῶν
772 2442 952 2495 αὐτῶν
996 2440 1182 2511 ἔχεται
1228 2438 1639 2509 τεχνασμάτων.
1675 2436 1813 2509 Περὶ

246 2543 323 2612 τῆς
351 2539 536 2602 οὐσίας
575 2539 707 2608 ἡμῖν
744 2535 839 2590 τοῦ
874 2533 1003 2587 Υἱοῦ
1037 2532 1366 2602 διαλέγεται,
1408 2532 1483 2596 ὡς
1513 2532 1575 2603 δή
1606 2549 1658 2583 τι
1692 2532 1812 2584 ἓτε-

244 2653 318 2706 ρον
346 2634 518 2701 λέγων
561 2632 691 2701 παρ’
726 2627 896 2698 αὐτὴν
937 2627 1028 2680 τὸν
1061 2625 1192 2679 Υίὸν
1228 2664 1245 2686 ,
1394 2624 1489 2678 καὶ
1522 2623 1698 2694 τούτῳ
1734 2621 1812 2694 τῷ

240 2729 403 2798 τρόπῳ
436 2722 744 2795 προημεροί
776 2723 843 2790 τῇ
879 2716 1200 2789 βλασφημίᾳ
1246 2715 1345 2786 τὴν
1375 2716 1545 2785 ἀκοήν
1565 2733 1578 2746 ο
1612 2716 1712 2768 οὐκ
1745 2717 1811 2770 ἐκ

238 2815 316 2870 τοῦ
347 2811 657 2886 προφανοῦς
684 2810 860 2877 λέγων
901 2811 965 2862 ἐκ
1012 2809 1085 2879 μὴ
1124 2806 1293 2861 ὄντων
1324 2805 1683 2878 γεγεννῆσθαι
1720 2806 1812 2861 τὸν

234 2908 366 2971 Υἱὸν,
406 2904 549 2958 ἀλλὰ
594 2902 695 2970 τὴν
741 2901 929 2954 οὐσίαν
969 2899 1138 2954 αὐτοῦ
1186 2897 1546 2969 γεγεννῆσθαι
1713 2899 1812 2951 οὐκ

232 2996 392 3052 οὖσαν.
432 2994 550 3065 Πρὸ
593 2995 741 3055 τίνος
772 2992 873 3045 οὐκ
917 2986 1113 3056 οὗσαν;
1154 2990 1297 3043 είπέ.
1338 2989 1606 3061 Θεωρεῖτε
1646 2988 1812 3043 αὐτοῦ

231 3090 584 3158 receptam;
634 3083 815 3153 Αὐτὴν
862 3083 1029 3153 ἑαυτῇ
1084 3080 1389 3150 συγκρίνει,
1441 3081 1528 3134 ἵνα
1573 3083 1705 3135 πᾶσι
1748 3081 1811 3154 δὴ

2454 1764 2539 1819 Ex
2567 1765 2744 1818 eodem
2776 1762 2929 1815 libro.

1987 1855 2092 1910 Sed
2150 1856 2265 1912 haec
2322 1864 2449 1912 sunt
2497 1857 2654 1927 quasi
2715 1855 2973 1925 praeludis
3024 1856 3269 1923 quaedam
3336 1853 3487 1907 blas-

1914 1940 2142 2005 phemia!
2179 1949 2343 2010 atque
2383 1955 2710 2012 apparatus;
2749 1957 2909 2014 caput
2956 1959 3137 2001 autem
3165 1949 3289 2002 mali
3326 1949 3494 2008 infert

1915 2027 1966 2081 in
1994 2032 2364 2099 sequentibus,
2394 2036 2481 2090 ubi
2513 2036 2672 2090 dicit:

1990 2144 2122 2199 Eua.
2151 2145 2524 2201 Suhstantiam
2555 2148 2679 2204 Filii
2704 2152 2939 2221 genitam
2968 2155 3185 2224 quidem
3213 2171 3338 2211 esse
3365 2174 3486 2212 cum

1913 2251 2017 2290 non
2058 2246 2204 2292 esset
2242 2248 2369 2294 ante
2416 2244 2688 2310 prepriatu
2734 2246 3206 2311 constitutionem,
3252 2250 3488 2317 genitam

1914 2332 2094 2380 tamen
2125 2342 2248 2384 esse
2283 2341 2409 2384 ante
2436 2334 2613 2386 omnia
2662 2334 2938 2388 voluntate
2973 2336 3167 2391 Patris.

1985 2435 2112 2495 Bas.
2156 2440 2349 2497 Iisdem
2375 2445 2554 2500 adhuc
2584 2446 2781 2501 insistit
2815 2447 3084 2504 artiﬁciis.
3122 2450 3195 2503 De
3231 2451 3489 2506 substan-

1914 2525 1986 2580 tia
2016 2527 2135 2583 Filii
2178 2530 2332 2587 nobis
2362 2534 2523 2587 verba
2564 2535 2714 2599 facit,
2762 2539 2915 2606 quasi
2952 2539 3098 2592 dicat
3144 2539 3339 2593 Filimn
3364 2559 3485 2598 esse

1913 2620 2056 2675 aliud
2087 2624 2213 2692 quid
2242 2636 2436 2692 praeter
2472 2629 2663 2697 ipsam,
2698 2641 2859 2700 atque
2902 2633 3004 2687 hoc
3046 2635 3205 2688 modo
3240 2652 3399 2691 aures
3424 2640 3487 2689 ad

1914 2713 2304 2785 blasphemiam
2369 2722 2690 2775 audiendam
2768 2725 3128 2781 demulcendo
3196 2739 3485 2796 pra-parat,

1914 2821 2036 2862 cum
2089 2825 2193 2863 non
2233 2820 2415 2879 aperte
2446 2811 2591 2866 dicat
2631 2814 2868 2884 genitum
2916 2830 3035 2870 esse
3092 2834 3156 2870 ex
3197 2820 3365 2873 nihilo
3398 2819 3487 2872 Fi-

1916 2897 2078 2963 lium;
2106 2902 2197 2954 sed
2234 2901 2350 2969 ejus
2388 2904 2743 2958 substantiam
2768 2923 2888 2961 cum
2922 2923 3026 2961 non
3052 2918 3215 2973 esset,
3252 2912 3488 2977 genitam

1913 3004 2051 3044 csse.
2085 2991 2201 3056 Dic,
2228 3004 2350 3049 ante
2384 3011 2522 3063 quas
2552 3011 2635 3049 res
2668 3013 2771 3051 non
2808 2999 2963 3052 erat?
2996 2999 3197 3053 Videtis
3244 3002 3365 3070 ejus
3395 3019 3489 3057 ca»-

1917 3083 2284 3139 villationem?
2316 3084 2685 3141 Substantiam
2715 3103 2836 3142 eum
2874 3092 3160 3158 semetipSa
3189 3105 3491 3160 comparat,

232 3181 419 3236 ἀνεκτὰ
443 3179 576 3251 δόξῃ
608 3176 812 3244 λέγειν,
848 3174 968 3244 οὐχὶ
1000 3173 1106 3245 πρὸ
1132 3174 1240 3226 τῶν
1270 3171 1482 3226 αἰώνων
1514 3171 1689 3242 λέγων
1713 3174 1812 3227 αὐ-

1918 3185 1973 3230 ut
2032 3176 2332 3231 tolerabilia
2384 3180 2563 3232 dicere
2597 3180 2847 3232 omnibus
2899 3180 3163 3235 videatur.
3224 3158 3491 3236 Nimirum

235 3276 316 3344 τὴν
361 3272 434 3344 μὴ
481 3265 649 3331 εἶναι,
693 3266 813 3319 οὐδὲ
840 3264 1030 3328 ἁπλῶς
1080 3266 1155 3336 μὴ
1196 3259 1361 3328 εἶναι,
1397 3263 1533 3318 ἀλλὰ
1575 3265 1682 3336 πρὸ
1714 3267 1813 3336 τῆς

239 3365 355 3426 ἰδίας
401 3358 741 3420 συστάσεως.
792 3355 903 3427 Τὴν
950 3355 1007 3408 δὲ
1057 3354 1153 3408 τοῦ
1194 3355 1410 3427 Πατρὺς
1445 3356 1659 3419 οὐσίαν,
1687 3356 1811 3409 εἰπέ

238 3473 339 3525 μοι,
368 3450 750 3525 πρεσϐυτέραν
774 3443 914 3501 εἶναι
944 3447 1008 3500 σὺ
1033 3447 1138 3518 φῂς
1164 3447 1261 3518 τῆς
1297 3447 1433 3511 ίδίας
1470 3447 1812 3515 συστάσεωςς

240 3547 302 3598 Ei
332 3546 422 3614 μὶν
449 3545 560 3615 γὰρ
603 3541 706 3612 οὐχ
738 3538 1030 3593 ὐποὸάλλει
1057 3539 1270 3610 χρόνοις
1298 3539 1393 3594 τοῦ
1432 3539 1563 3593 Υἱοῦ
1597 3539 1693 3611 τὴν
1726 3539 1814 3593 ού-

256 3638 391 3697 σὶαν,
420 3638 531 3689 οὑδὲ
563 3634 626 3687 τὸ
676 3632 968 3702 πρότερον
995 3631 1137 3685 κατὰ
1167 3631 1356 3686 τοῦτον
1389 3633 1479 3686 τὸν
1509 3632 1664 3702 λόγον
1696 3636 1815 3687 ἑπι-

262 3730 364 3778 νοεί
395 3767 410 3790 ,
540 3728 768 3795 μάταιος
817 3723 919 3794 μὲν
950 3723 1098 3794 αὐτῷ
1127 3724 1220 3778 καὶ
1258 3723 1428 3795 ἀργὸς
1452 3726 1479 3777 ό
1504 3724 1679 3793 λόγος,
1711 3724 1814 3777 διό-

264 3831 360 3884 περ
392 3814 499 3868 οὐδὲ
536 3813 887 3885 ἀποκρίσεως
920 3811 1089 3876 ἄξιος.
1134 3814 1246 3884 Οὐχ
1288 3808 1447 3883 ἦττον
1496 3813 1677 3883 μέντοι
1723 3814 1815 3870 καὶ

254 3908 339 3959 ἐπὶ
362 3906 446 3960 τοῦ
469 3905 605 3960 Θεοῦ
628 3904 741 3959 τῶν
767 3903 904 3958 ὅλων
934 3902 1165 3974 ὑπάρξει
1192 3906 1305 3968 τοῖς
1351 3904 1692 3974 βουλομένοις
1720 3923 1814 3975 με-

245 3998 548 4069 τακομίζειν
570 3999 674 4068 τὴν
704 3996 1064 4068 ματαιότητα.
1100 3995 1173 4049 Τό
1204 4013 1264 4049 τε
1289 3996 1399 4068 γὰρ
1428 3996 1528 4049 οὐκ
1556 3992 1696 4050 εἶναι
1725 3997 1814 4050 λέ-

244 4107 354 4156 τειν
387 4091 475 4144 τὸν
505 4089 642 4142 Θεὸν
671 4088 779 4158 πρὸ
803 4089 903 4158 τῆς
948 4088 1084 4153 ιδίας
1107 4089 1440 4153 συστάσεως,
1466 4090 1562 4142 καὶ
1587 4089 1649 4141 τὸ
1678 4083 1817 4142 εἶναι

236 4179 405 4248 λέγειν
440 4180 548 4251 πρὸ
578 4178 771 4232 ἑαυτοῦ
801 4210 818 4237 ,
966 4180 1061 4250 τῆς
1088 4180 1259 4251 αὐτῆς
1305 4182 1454 4235 ἐστιν
1482 4180 1816 4252 ἀφροσύνης.

236 4274 298 4325 Εἰ
323 4273 381 4324 δὲ
402 4271 676 4343 χρονικῶς
704 4271 797 4323 ἐπὶ
819 4272 919 4340 τῆς
938 4272 1126 4336 οὐσίας
1147 4271 1240 4326 τοῦ
1273 4272 1403 4326 Υίοῢ
1436 4272 1497 4327 τὸ
1529 4275 1817 4345 πρότερον

232 4367 469 4429 δένεται,
517 4364 614 4417 καὶ
644 4365 709 4415 ὲκ
738 4364 812 4433 μὴ
855 4363 1022 4416 ὄντων
1076 4365 1240 4436 φήσει
1286 4366 1383 4437 τὴν
1426 4368 1616 4421 οὐσίαν
1649 4367 1815 4421 αὐτοῦ

233 4452 593 4522 γεγεννῆσθαι
637 4485 653 4508 ς
805 4449 1007 4519 μᾶλλον
1047 4448 1102 4500 δὲ
1141 4448 1303 4501 αὑτὸν
1347 4447 1439 4500 τὸν
1474 4446 1631 4499 Υίόν’
1672 4446 1820 4498 οὐδὲν

1918 3283 2023 3322 non
2046 3270 2175 3324 dicit
2198 3286 2314 3324 eam
2345 3279 2469 3324 ante
2493 3271 2686 3325 sazcula
2719 3286 2821 3325 non
2854 3270 3040 3334 fuisse,
3077 3287 3249 3340 neque
3281 3274 3493 3339 simpli-

1914 3358 2052 3413 citer
2076 3375 2176 3412 nou
2216 3359 2404 3426 fuisse,
2438 3362 2529 3414 sed
2562 3374 2687 3414 ante
2732 3376 2887 3414 suam
2936 3361 3105 3430 ipsius
3138 3364 3488 3417 constitutio-

1920 3466 2039 3505 nem
2071 3467 2173 3505 non
2204 3453 2387 3506 fuisse.
2422 3452 2549 3516 Sed,
2585 3453 2671 3505 dic
2702 3453 2852 3515 mihi,
2881 3453 3032 3506 aisne
3059 3460 3112 3505 tu
3154 3452 3328 3507 Patris
3361 3454 3489 3507 sub-

1920 3546 2179 3598 stantiam
2202 3561 2297 3600 sua
2338 3546 2507 3615 ipsius
2530 3545 2917 3598 constitutione
2940 3560 3058 3599 esse
3089 3545 3498 3613 antiquiorem?

1925 3636 2132 3691 Etenim
2191 3638 2235 3691 si
2293 3639 2630 3705 temporibus
2660 3652 2764 3689 non
2802 3636 3018 3704 SUlljiCil
3068 3634 3188 3689 Filii
3238 3637 3493 3691 substan-

1925 3725 2075 3790 tiam,
2122 3740 2294 3795 neque
2339 3728 2485 3794 prius
2525 3728 2624 3779 hac
2657 3726 2865 3779 ratione
2915 3725 3183 3793 intelligit,
3217 3726 3395 3779 inanis
3438 3735 3496 3780 et

1922 3827 2060 3869 Vana
2108 3825 2194 3869 est
2242 3815 2361 3883 ejus
2416 3815 2613 3879 oratio,
2667 3826 2995 3884 quapropter
3044 3830 3110 3868 ne
3140 3817 3496 3883 responsione

1923 3905 2138 3975 quidem
2173 3906 2330 3975 digna
2359 3916 2459 3959 est.
2495 3906 2558 3960 Et
2606 3907 2824 3975 quidem
2862 3907 2912 3961 id
2953 3908 3126 3976 ipsum
3169 3924 3274 3963 non
3317 3909 3499 3963 minus

1923 3998 1991 4053 de
2025 3997 2130 4053 Deo
2167 3999 2329 4052 etiam
2369 4000 2743 4055 universorum
2797 4001 2901 4055 dici
2944 4000 3165 4069 poterit,
3198 4000 3245 4056 si
3283 4001 3407 4070 quis
3438 4003 3493 4055 in

1922 4104 2043 4144 eum
2075 4092 2214 4145 hanc
2269 4092 2582 4146 inanitatem
2631 4092 2864 4146 voluerit
2925 4091 3240 4147 transferre.
3267 4091 3401 4147 Nam
3441 4098 3499 4146 et

1922 4182 2107 4238 dicere
2143 4183 2307 4239 Deum
2336 4193 2461 4237 ante
2504 4198 2660 4238 suam
2696 4186 3137 4239 constitutionem
3171 4199 3276 4239 non
3306 4182 3495 4250 fuisse,

1924 4282 1980 4327 et
2012 4272 2193 4328 dicere
2218 4289 2339 4326 eum
2364 4282 2491 4327 ante
2520 4273 2757 4342 seipsum
2785 4265 2967 4339 fuisse,
3004 4274 3246 4341 ejusdem
3269 4274 3499 4328 demen—

1930 4366 2018 4421 tiae
2048 4373 2148 4421 est.
2186 4365 2338 4431 Quod
2368 4367 2412 4419 si
2449 4364 2816 4433 temporaliter
2864 4381 3045 4418 vocem
3087 4369 3230 4431 prius
3268 4367 3332 4419 de
3377 4365 3499 4419 Filii

1924 4445 2227 4500 substantia
2260 4443 2475 4509 accipit,
2517 4443 2770 4511 dicetque
2824 4443 3058 4509 genitam
3096 4440 3263 4493 fuisse
3310 4453 3374 4492 ex
3415 4441 3500 4494 ni-

234 4541 340 4612 γὰρ
372 4542 625 4611 διαφέρει
664 4538 797 4611 πρός
839 4554 904 4607 γε
954 4538 1123 4608 αὐτὴν
1168 4537 1266 4607 τὴν
1313 4537 1552 4591 διάνοιαν
1576 4533 1749 4593 οὕτως
1782 4531 1812 4602 ἦ

1922 4534 2032 4589 hilo
2055 4533 2413 4588 substantiam
2439 4531 2576 4600 ejus,
2608 4534 2717 4586 imo
2739 4531 2932 4585 Filium
2960 4532 3165 4599 ipsum;
3201 4530 3331 4582 nihil
3354 4530 3497 4583 enim

234 4628 377 4684 οὕτω
422 4631 605 4699 λέγειν
629 4647 641 4659 ·
690 4628 905 4700 πρῶτον
934 4628 1034 4699 μὲν
1059 4627 1251 4699 χρόνον
1284 4624 1539 4698 [χρόνων]
1568 4622 1819 4694 δεύτερον

233 4719 466 4782 τίθεται.
508 4723 559 4774 εί
599 4720 655 4773 δὲ
694 4720 894 4790 βούλει,
926 4719 1021 4773 καὶ
1058 4718 1294 4785 αἰώνων,
1339 4718 1428 4771 τὸν
1461 4715 1687 4788 ποιητὴν
1711 4713 1819 4767 τῶν

234 4812 453 4867 αἰώνων
496 4831 508 4842 ·
637 4811 828 4864 ἔπειτα
873 4809 1056 4882 μέντοι
1106 4808 1413 4862 ἀκολουθῶν
1464 4810 1582 4870 ταῖς
1623 4801 1818 4859 ἑαυτοῦ

236 4899 638 4974 βλασφημίαις,
821 4903 915 4956 καὶ
956 4901 1048 4955 τὸν
1086 4901 1308 4972 Πατέρα
1339 4902 1524 4971 φήσει,
1568 4900 1669 4952 οὐκ
1691 4898 1820 4950 ὄντα

236 4995 461 5069 Πατέρα
483 4998 543 5051 τὸ
567 4997 626 5062 ἐξ
655 4996 849 5067 ἀρχῆς,
891 4989 1008 5047 εἶτα
1042 4992 1267 5062 ὕστερον
1298 4993 1601 5060 γεγονέναι.

441 5173 633 5226 Καίτοι
671 5174 718 5226 εἰ
751 5173 845 5241 μὲν
878 5172 1038 5225 καλὸν
1082 5171 1176 5223 καὶ
1212 5169 1419 5239 πρέπον
1458 5171 1524 5240 τῇ
1559 5186 1820 5240 μακαριο-

236 5277 357 5329 τητι
374 5262 471 5317 τοῦ
496 5264 632 5317 Θεοῦ
649 5264 710 5316 τὸ
734 5260 873 5316 εἶναι
897 5262 1139 5331 Πατέρα,
1166 5260 1282 5323 πῶς
1303 5261 1402 5314 οὐκ
1427 5260 1487 5325 ἐξ
1652 5256 1825 5328 ἀρχῆς

238 5352 295 5404 τὸ
320 5358 530 5425 πρέπον
552 5356 699 5427 αὐτῷ
726 5354 941 5426 παρῆν;
968 5356 1036 5407 Ἢ
1056 5353 1165 5425 γὰρ
1190 5353 1383 5424 ἀγνοίᾳ
1404 5351 1504 5405 ,τοῦ
1533 5350 1819 5423 βελτίονος,

238 5442 271 5511 ἦ
300 5447 572 5520 ἀδυναμία
608 5448 824 5511 πάντως
851 5446 1155 5515 λογιοῦνται
1194 5447 1291 5516 τὴν
1325 5444 1558 5514 ἔλλειψιν
1578 5460 1590 5472 ·
1628 5441 1821 5513 ἀγνοίᾳ

244 5536 361 5601 μὲν,
402 5539 561 5608 εἴπερ
591 5539 816 5609 ὕστερον
844 5537 1027 5609 ἐξεῦρε
1073 5536 1131 5591 τὸ
1173 5537 1408 5608 βέλτιον,
1440 5532 1713 5605 ἀδυναμίᾳ
1743 5532 1823 5596 δὲ,

242 5626 398 5700 εἴπερ
432 5631 586 5695 εἰδὼς
619 5632 715 5683 καὶ
765 5632 962 5693 συνιείς
1001 5629 1343 5698 ἀπετύγχανε
1374 5626 1468 5679 τοῦ
1510 5625 1819 5679 καλλίστου.

245 5714 301 5768 Εἰ
330 5718 383 5773 δὲ
429 5723 490 5793 (ὃ
518 5723 592 5793 μὴ
627 5721 787 5791 Θέμις
827 5718 1040 5790 εἰπεῖν)
1090 5720 1151 5772 οὑ
1186 5718 1349 5771 καλὸν
1396 5716 1543 5785 αὐτῷ
1581 5713 1641 5767 τὸ
1686 5711 1823 5765 εἶναι

241 5806 493 5887 Πατέρα,
535 5815 682 5877 τίνος
713 5812 897 5865 ἕνεκεν
933 5814 996 5864 ὲκ
1047 5809 1348 5882 μεταϐολῆς
1382 5808 1443 5860 τὸ
1473 5809 1656 5878 χεῖρον
1690 5821 1826 5875 προ-

1922 4627 2106 4692 refert,
2147 4625 2291 4692 quod
2343 4624 2409 4677 ad
2470 4622 2797 4678 sententiam
2844 4620 3057 4685 attinet,
3092 4621 3171 4672 sic
3196 4619 3277 4672 vel
3316 4620 3394 4671 sic
3420 4620 3500 4672 di-

1921 4735 2044 4771 cere
2070 4735 2084 4771 :
2110 4717 2341 4786 primmn
2374 4715 2591 4784 quidem
2628 4714 2983 4782 temporibus,
3011 4721 3193 4778 atque,
3221 4712 3263 4764 si
3296 4712 3369 4764 ita
3397 4711 3501 4775 vis,

1922 4808 2137 4862 smculis
2164 4806 2501 4862 conditorem
2546 4804 2865 4860 saeculorum
2918 4804 3198 4857 constituit
3234 4804 3503 4872 posterio-

1925 4917 2035 4963 rem
2064 4918 2077 4955 :
2104 4899 2300 4954 deinde
2324 4912 2452 4953 vero
2485 4897 2836 4967 blasphemiis
2878 4895 2991 4950 suis
3042 4895 3299 4949 insistens
3329 4895 3504 4949 dictu.

1925 5008 2015 5046 rus
2044 5000 2127 5046 est
2161 4992 2325 5047 etiam
2361 4990 2599 5057 Patrem,
2635 5004 2757 5046 cum
2796 4988 2958 5042 Pater
2985 5003 3092 5042 non
3126 4997 3271 5041 esset
3299 4989 3364 5040 ab
3400 4988 3507 5041 iui-

1926 5088 2019 5150 tio,
2054 5094 2163 5137 tum
2196 5085 2413 5139 demum
2448 5083 2651 5137 factum
2679 5081 2863 5136 fuisse.

2149 5173 2311 5244 Atqui
2413 5175 2457 5228 si
2590 5172 2873 5227 honestum
2908 5187 2973 5226 ac
3005 5173 3262 5227 decorum
3299 5183 3382 5226 est
3411 5169 3508 5225 Dei

1926 5266 2245 5321 beatitudini
2280 5264 2497 5320 Patrem
2522 5278 2672 5330 esse;
2702 5263 2792 5332 qui
2822 5263 2877 5317 lit
2918 5274 2974 5317 ut
2998 5262 3049 5315 id
3075 5262 3217 5333 quod
3243 5264 3503 5325 decebat,

1923 5357 1971 5411 ei
2013 5359 2079 5410 ah
2129 5356 2284 5411 initio
2320 5370 2425 5410 non
2469 5353 2719 5409 adesset?
2748 5354 2855 5407 Aut
2891 5352 3034 5407 enim
3073 5352 3314 5407 melioris
3351 5351 3500 5416 igno-

1924 5449 2145 5512 rationi,
2182 5458 2273 5502 aut
2301 5448 2523 5501 omnino
2557 5446 2886 5515 impotentia:
2927 5442 3069 5498 hunc
3094 5443 3360 5497 defectum
3400 5440 3500 5492 ίιιιο

1925 5542 2188 5610 putabunt
2229 5556 2245 5593 :
2300 5538 2622 5608 ignoratioui
2672 5537 2910 5606 quidem,
2964 5534 3007 5589 si
3052 5533 3308 5600 deinceps
3356 5528 3501 5596 quod

1928 5629 2118 5683 melius
2150 5637 2233 5682 est
2266 5628 2626 5698 excogitavit;
2678 5624 3011 5694 impotentiae
3053 5635 3204 5685 vero,
3242 5622 3285 5672 si
3320 5619 3499 5672 sciens

1926 5732 2089 5791 atque
2120 5721 2464 5788 intelligens,
2506 5720 2647 5788 quod
2681 5717 2944 5787 optimum
2978 5722 3098 5769 erat
3124 5710 3338 5778 assequi
3390 5721 3497 5762 non

1929 5814 2124 5884 potuit.
2172 5811 2325 5878 Quod
2355 5813 2400 5867 si
2439 5810 2615 5882 (quod
2648 5810 2728 5864 fas
2759 5822 2864 5863 non
2898 5816 2980 5863 est
3012 5800 3231 5873 dicere)
3265 5816 3368 5855 nun
3416 5808 3503 5855 est
