4058 6450
515 328 621 392 525

518 557 609 603 tus
633 546 788 616 pejus
817 545 1019 616 elegit?
1049 543 1156 600 Sed
1184 543 1392 599 recidat
1420 544 1476 598 in
1505 559 1635 601 suos
1666 557 1918 602 auctores
1952 545 2096 603 blas—

520 638 759 707 phemia.
805 637 940 692 Nam
992 641 1129 692 Deus
1178 636 1563 693 universorum
1596 638 1758 693 Pater
1791 643 1875 693 est
1907 654 1973 691 ex
2012 639 2096 691 in-

521 729 707 792 linito,
754 744 855 783 nec
884 743 1120 798 unquam
1163 727 1326 783 Pater
1355 743 1480 784 esse
1508 729 1695 798 ccepit.
1727 727 1913 799 Neque
1949 729 2093 782 enim

520 821 773 890 potentia:
800 821 1035 887 defectu,
1062 836 1131 874 ne
1156 820 1399 890 expleret
1428 821 1788 885 voluntatem,
1813 819 2092 877 detineba-

519 925 606 967 tur
636 933 649 967 :
685 926 862 982 neque
887 911 1119 967 ullarum
1159 913 1479 968 saeculorum
1512 913 1775 967 circuitus
1806 924 2093 984 exspecta-

514 1006 610 1071 vit,
644 1015 703 1059 ut
727 1006 870 1060 sicut
892 1007 946 1059 in
980 1005 1287 1059 hominibus
1318 1020 1381 1059 ac
1414 1005 1636 1073 reliquis
1665 1006 2013 1068 animalibus,
2043 1004 2092 1059 ei

512 1097 810 1167 generandi
846 1095 1107 1152 facultate
1151 1107 1273 1168 post
1314 1097 1635 1168 completam
1682 1107 1895 1152 aetatem
1938 1083 2094 1151 acce—

515 1192 701 1258 dente,
760 1191 905 1260 quod
966 1191 1184 1245 volebat
1235 1200 1642 1261 assequeretur.
1699 1190 2092 1245 lnsanientium

510 1286 657 1338 enim
691 1293 777 1343 est
807 1286 920 1338 haec
954 1292 1009 1337 et
1053 1285 1315 1353 cogitare,
1348 1295 1402 1338 et
1438 1284 1607 1353 loqui.
1643 1281 1784 1349 Sed,
1822 1293 1882 1339 ut
1911 1285 1981 1338 ita
2011 1284 2095 1338 di-

510 1393 654 1441 eam,
688 1383 960 1430 extentam
991 1375 1156 1430 habet
1192 1391 1314 1430 cum
1349 1391 1446 1431 sua
1496 1376 1805 1431 aeternitate
1845 1376 2091 1446 paterni-

513 1478 704 1522 tatem.
742 1466 1107 1533 Quamobrem
1138 1476 1193 1522 et
1226 1465 1397 1522 Filius
1427 1483 1550 1522 cum
1582 1476 1712 1524 ante
1752 1467 1951 1522 saecula
1983 1468 2089 1533 sit,

509 1571 566 1614 et
596 1574 811 1628 semper
835 1560 928 1626 sit,
964 1575 1237 1630 nunquam
1275 1573 1396 1615 esse
1427 1559 1651 1631 lncmpit
1681 1578 1696 1614 :
1735 1561 1829 1615 sed
1882 1574 1949 1614 ex
1983 1575 2090 1629 quo

512 1650 678 1706 Pater
703 1662 809 1715 εει,
847 1662 901 1706 et
935 1651 1107 1707 Filius
1133 1662 1237 1716 est,
1287 1659 1342 1706 et
1381 1652 1565 1707 statim
1615 1666 1719 1705 una
1749 1666 1871 1706 cum
1913 1650 2091 1704 Patris

513 1744 755 1809 notione,
806 1742 929 1798 Filii
969 1758 1185 1813 quoque
1220 1744 1372 1798 notio
1415 1743 1677 1813 subrepit.
1728 1741 1862 1798 Nam
1904 1741 2087 1807 Pater,

1798 330 2009 391 EU'l‘ll
2025 330 2188 391 YMil
2234 327 2605 391 ZiGABENl

517 461 567 511 ei
604 458 804 511 bonum
842 453 1057 511 Patrem
1098 469 1241 521 esse,
1279 452 1435 523 cujus
1465 452 1541 509 rei
1570 455 1749 526 gratia
1790 467 2089 542 conlatata-

2197 455 2401 522 εἰλετο;
2454 456 2613 508 Ἀλλά
2651 454 2906 526 τρέποιτο
2937 452 3037 525 μὲν
3077 454 3155 515 εἰς
3205 452 3330 514 τοὺς

3674 321 3778 385 516

3509 451 3717 513 αἰτίους
3746 456 3778 523 ἡ

2197 546 2547 619 βλασφημία·
2578 547 2607 599 ὁ
2658 544 2716 597 δὲ
2762 544 2894 611 Θεὸς
2931 543 3040 597 τῶν
3090 543 3227 597 ὅλων
3275 542 3336 607 ὲξ
3381 542 3614 614 ἀπείρου
3667 543 3783 595 ἐστὶ

2200 636 2384 711 Πατὴρ
2404 677 2419 703 ,
2448 640 2547 693 οὐκ
2579 638 2886 710 ἀρξάμενός
2929 653 3061 689 ποτε
3088 634 3184 688 τοῦ
3217 630 3357 689 εἶναι
3389 634 3603 704 Πατήρ.
3645 633 3784 688 Οὔτε

2196 731 2304 803 γὰρ
2339 734 2406 803 τῇ
2442 732 2545 802 τῆς
2573 731 2858 802 δυνάμεως
2902 729 3081 800 ἐνδείᾳ
3115 727 3252 801 πρὸς
3296 726 3395 797 τὴν
3435 724 3785 797 ἐκπλήρωσιν

2195 822 2291 876 τοῦ
2320 822 2624 895 θελήματος
2645 821 2938 885 ἐκωλύετο,
2965 820 3089 874 οὕτε
3112 818 3323 873 αἰώνων
3347 817 3509 871 τινῶν
3537 815 3786 888 περίοδος

2194 914 2478 985 ἀνέμενεν,
2522 915 2632 979 ἵνα,
2682 913 2871 985 ὥσπερ
2916 913 3010 966 ἐπὶ
3052 911 3160 965 τῶν
3202 908 3508 981 ἀνθρώπων
3552 907 3787 962 καὶτῶν

2194 1004 2399 1061 λοιπῶν
2429 1005 2607 1071 ζώων,
2650 1005 2789 1077 μετὰ
2837 1006 2936 1076 τὴν
2982 1005 3080 1075 τῆς
3125 1002 3342 1075 ἡλικίας
3392 1001 3790 1071 συμπλήρωσιν

2194 1097 2296 1169 τῆς
2322 1100 2403 1161 εἰς
2428 1098 2489 1152 τὸ
2513 1099 2706 1170 γεννᾷν
2734 1096 2882 1168 αύτῷ
2910 1096 3191 1166 δυνάμεως
3261 1136 3269 1145 .
3344 1091 3750 1161 προσελθούσης
3772 1131 3789 1156 ,

2195 1188 2257 1243 τὸ
2312 1190 2749 1261 σπουδαζόμενον
2812 1189 3169 1260 περιγένηται
3229 1185 3612 1257 (μαινομένων
3677 1186 3797 1256 γὰρ

2195 1281 2368 1337 ταῦτα
2400 1282 2496 1335 καὶ
2518 1282 2770 1353 ἐννοῆσαι
2800 1281 2894 1335 καὶ
2921 1277 3299 1350 φθέγξασθαι),
3328 1275 3466 1331 ἀλλὰ
3493 1279 3561 1348 τῇ
3586 1275 3795 1330 ἑαυτοῦ

2197 1374 2460 1447 ἀῑδιότητι
2500 1373 3112 1448 συμπαρεκτεινομένην
3160 1371 3273 1442 ἔχει
3323 1370 3422 1441 τὴν
3482 1370 3571 1437 (ἵν’
3608 1368 3799 1433 οὕτως

2196 1465 2488 1537 ὀνομάσω)
2549 1465 2880 1537 πατρότητα.
2940 1463 3149 1519 Οὐκοῦν
3200 1461 3295 1516 καί⁸
3363 1460 3393 1512 ὁ
3465 1460 3615 1525 Υἱὸς,
3679 1460 3796 1531 πρὸ

2197 1558 2392 1624 αἰῶνος
2580 1558 2679 1623 ὢν,
2728 1558 2821 1611 καὶ
2868 1556 2957 1611 ἀεὶ
3005 1554 3110 1619 ὢν,
3144 1555 3244 1607 οὐκ
3277 1552 3479 1624 ἤρξατο
3515 1552 3608 1605 τοῦ
3642 1548 3801 1606 εἷναί

2198 1666 2350 1715 ποτε,
2380 1650 2496 1705 ἀλλ’
2523 1652 2616 1720 ἀφ’
2646 1645 2707 1706 οὖ
2731 1649 2941 1721 Πατὴρ,
2974 1648 3069 1701 καί
3100 1648 3250 1713 Υἱὸς,
3279 1647 3373 1700 καί
3404 1645 3566 1710 εὐθὺς
3594 1642 3665 1717 τῇ
3692 1646 3797 1700 τοῦ

2198 1741 2414 1812 Πατρὸς
2445 1741 2625 1812 ἐννοίᾳ
2652 1742 2686 1812 ὴ
2714 1739 2809 1794 τοῦ
2840 1739 2971 1793 Υἰοῦ
3002 1736 3431 1808 συνεισέρχεται.
3469 1738 3527 1790 '0
3547 1738 3660 1806 γὰρ
3680 1738 3805 1790 Πα-

508 1835 632 1889 Filii
678 1835 866 1905 utique
898 1844 982 1891 est
1030 1834 1212 1907 Pater.
1261 1834 1444 1891 Patris
1488 1837 1653 1905 igitur
1690 1836 1846 1906 origo
1878 1834 2023 1889 nulla
2069 1848 2088 1891 :

2198 1831 2303 1905 τὴρ
2335 1832 2481 1886 ’Υίοῦ
2530 1831 2722 1904 Πατὴρ
2766 1831 3028 1902 δηλονότι.
3078 1828 3247 1901 Ἀρχὴ
3294 1829 3394 1900 μὲν
3431 1824 3525 1882 οὖν
3567 1828 3799 1900 nemo;

508 1929 665 1997 origo
692 1942 822 1983 vero
852 1926 1001 1994 Filii,
1039 1926 1238 1992 Pater;
1280 1926 1423 1981 inter
1458 1927 1560 1982 hos
1604 1926 1741 1981 nihil
1776 1936 1859 1982 est
1899 1925 2086 1982 medii.

507 2017 791 2083 Quomodo
839 2017 1002 2087 igitur
1038 2031 1067 2071 a
1111 2017 1374 2086 principio
1425 2032 1534 2072 non
1573 2026 1692 2073 erat
1726 2014 1889 2088 (nam
1925 2017 2088 2084 illud,

507 2121 631 2164 ante
659 2126 811 2163 suam
840 2109 1303 2175 constitutionem,
1331 2110 1474 2178 quod
1507 2111 1575 2164 ab
1609 2108 1694 2165 his
1737 2125 1835 2179 per
1863 2110 2088 2165 cavillao

511 2200 710 2253 tionem
740 2199 1031 2266 profertur,
1063 2200 1168 2254 hoc
1193 2199 1297 2254 sibi
1328 2200 1498 2270 vult,)
1528 2200 1594 2269 is,
1626 2201 1719 2271 qui
1761 2200 1894 2257 nihil
1924 2202 2088 2259 habet

507 2291 651 2359 quod
684 2301 812 2344 ante
841 2306 900 2344 se
934 2291 1290 2362 intelligatur,
1320 2292 1423 2347 nisi
1454 2290 1626 2360 illum,
1657 2308 1688 2347 a
1716 2308 1822 2365 quo
1848 2309 1959 2363 esse
1990 2294 2088 2349 lia-

507 2385 619 2447 bcl,
660 2398 765 2435 non
794 2381 1083 2436 intervallo
1114 2383 1533 2450 praecedentem,
1565 2383 1661 2438 sed
1700 2398 1878 2441 causa:
1904 2383 2086 2452 digni-

509 2484 619 2527 tate
665 2474 1056 2544 prazpositum?
1093 2474 1328 2529 Proinde
1368 2474 1412 2529 si
1467 2473 1586 2530 Filii
1644 2491 1766 2530 cum
1815 2472 1982 2531 Patre
2033 2487 2088 2532 et

507 2570 620 2623 Deo
655 2568 970 2637 coniunctio
997 2576 1216 2621 ostensa
1246 2576 1331 2621 est
1358 2578 1580 2633 aeterna,
1614 2583 1738 2622 cum
1780 2575 1959 2623 nostra
1992 2585 2086 2624 co-

508 2660 700 2729 gitatio
735 2677 763 2713 a
796 2659 937 2714 Filio
969 2661 1035 2714 ad
1079 2658 1294 2714 Patrem
1341 2675 1436 2729 per
1471 2660 1674 2714 nullum
1718 2662 1954 2716 medium
1987 2661 2083 2715 de-

505 2752 712 2814 veniat,
743 2750 852 2805 imo
891 2752 1098 2820 absque
1130 2742 1417 2805 intervallo
1463 2751 1608 2806 Patri
1637 2751 1835 2807 Filium
1864 2752 2087 2820 conjun-

505 2854 629 2911 gat;
661 2844 707 2896 is
743 2843 832 2910 qui
866 2844 1014 2896 nullo
1058 2842 1236 2897 medio
1266 2842 1590 2913 seiungitur,
1631 2860 1791 2913 quem
1824 2846 1937 2916 jam
1971 2845 2086 2901 adi-

507 2945 620 2985 tum
671 2945 849 3000 pravae
888 2930 1238 3003 blasphemiae
1273 2934 1533 3005 relinquit
1568 2952 1756 2991 eorum
1779 2978 1795 3001 ,
1832 2937 1920 3008 qui
1956 2953 2076 2990 eum

505 3017 691 3069 dicunt
727 3030 790 3068 ex
830 3031 932 3069 non
966 3017 1267 3072 exsistcutc
1297 3020 1362 3071 ad
1392 3034 1501 3075 esse
1528 3022 1849 3089 prodoctum
1875 3022 2035 3077 esse?

716 3107 796 3161 Ad
843 3107 959 3162 haec
995 3108 1234 3177 ipsorum
1266 3124 1480 3179 quoque
1524 3111 1849 3168 dementiam
1894 3112 2083 3167 mirari
2120 3125 2161 3179 ω

503 3198 685 3255 opem
730 3188 960 3255 pretium
993 3200 1113 3256 est,
1144 3192 1287 3259 quod
1334 3192 1462 3247 dum
1500 3209 1568 3248 ex
1608 3211 1715 3249 non
1747 3198 2090 3250 exstantibus

2196 1926 2444 1998 οὐδεμία,
2473 1927 2616 1999 ἀρχὴ
2638 1927 2695 1981 δὲ
2723 1926 2817 1979 τοῦ
2844 1924 2973 1978 Υίοῦ
2997 1926 3024 1977 ὁ
3052 1925 3240 1996 Πατήρ
3259 1940 3274 1957 ’
3306 1924 3470 1995 μέσον
3498 1921 3555 1975 δὲ
3580 1922 3799 1976 τούτων

2197 2018 2371 2074 οὐδέν.
2412 2020 2532 2083 Πῶς
2558 2016 2651 2073 οὖν
2676 2020 2776 2073 οὐκ
2808 2013 2876 2089 ἦν
2909 2018 2970 2070 τὺ
2999 2016 3059 2081 ἐξ
3085 2018 3261 2088 ἀρχῆς
3291 2019 3309 2087 ζ
3332 2016 3491 2070 τοῦτο
3526 2016 3636 2087 γάρ
3670 2018 3797 2069 ἐστι

2196 2111 2279 2175 τὸ,
2308 2110 2421 2180 πρὸ
2456 2110 2567 2180 τῆς
2600 2110 2752 2177 ιδίας
2779 2107 3157 2174 συστάσεως,
3192 2111 3250 2161 ὲν
3286 2108 3583 2178 σοφίσμασι
3626 2107 3796 2175 λεγό-

2204 2220 2364 2274 μενον
2407 2201 2559 2271 παρὰ
2584 2201 2829 2270 τούτων)
2856 2202 2884 2255 ὁ
2925 2199 3092 2272 μηδὲν
3125 2199 3263 2270 ἔχων
3297 2192 3798 2270 προεπινοούμενον

2199 2292 2417 2356 ἑαυτοῦ,
2449 2295 2497 2346 εἰ
2532 2293 2606 2365 μὴ
2633 2292 2723 2345 τὸν
2757 2293 2815 2359 ἐξ
2845 2287 2906 2347 οὗ
2932 2290 3045 2363 ἔχει
3073 2291 3135 2345 τὸ
3164 2289 3324 2357 εἶναι,
3364 2291 3425 2344 ού
3455 2291 3797 2360 διαστήματι

2199 2383 2555 2456 ὕπερέχοντα,
2602 2383 2736 2438 ἀλλὰ
2771 2385 2838 2454 τῇ
2870 2383 3018 2454 αἰτίᾳ
3050 2381 3495 2455 προτεταγμένον
3536 2398 3555 2445 ς
3728 2380 3798 2434 Εἰ

2198 2477 2378 2530 τοίνυν
2412 2475 2582 2539 ἀΐδιος
2609 2477 2643 2546 ἠ
2676 2474 2770 2528 τοῦ
2799 2473 2929 2529 Υίοῢ
2965 2473 3220 2527 κοινωνία
3249 2473 3386 2543 πρὸς
3408 2472 3501 2525 τὸν
3527 2471 3666 2525 Θεὸν
3697 2474 3800 2526 καὶ

2199 2567 2419 2638 Πατέρα
2470 2567 2867 2636 ἀναπέφανται,
2914 2566 3012 2637 τῆς
3060 2564 3306 2628 διανοίας
3344 2563 3508 2636 ἡμῶν
3542 2562 3659 2617 ἀπὸ
3698 2564 3800 2619 τοῦ

2200 2657 2332 2711 Υἰοῧ
2371 2658 2437 2711 δι’
2468 2659 2680 2722 οὐδενὸς
2727 2658 2884 2713 κενοῦ
2927 2658 3064 2730 πρὸς
3096 2660 3188 2713 τὸν
3220 2656 3443 2728 Πατέρα
3478 2655 3797 2731 χωρούσης,

2200 2749 2316 2805 ἀλλ’
2349 2750 2687 2814 ἀδιαστάτως
2718 2752 2809 2805 τὸν
2848 2752 2974 2805 Υἰὸν
3014 2751 3090 2822 τῷ
3124 2752 3298 2823 Πατρί
3332 2749 3739 2823 συναπτούσης,
3767 2752 3801 2803 ὁ

2205 2842 2393 2915 μηδενί
2422 2843 2571 2915 μέσῳ
2594 2840 2962 2916 διοριζόμενος
2986 2832 3110 2898 τίνα
3136 2844 3218 2897 ἔτι
3248 2843 3609 2915 παρείσδυσιν
3634 2860 3803 2897 κατα-

2201 2933 2380 2987 λείπει
2415 2937 2482 3006 τῇ
2525 2937 2738 3008 πονηρᾷ
2774 2935 3094 3008 βλασφημίᾳ
3138 2935 3246 2989 τῶν
3273 2935 3569 3004 λεγόντων,
3606 2938 3676 2990 ὲκ
3703 2934 3799 2990 τοῦ

2205 3024 2283 3099 μὴ
2307 3024 2459 3089 ὄντος
2487 3026 2653 3081 αὐτὸν
2680 3029 2760 3092 εἰς
2788 3027 2847 3080 τὸ
2879 3023 3018 3081 εἶναι
3047 3027 3359 3100 παρῆχθαι;

2412 3119 2643 3172 Ἔπειτα
2679 3117 2861 3188 μέντοι
2890 3118 2984 3171 καὶ
3008 3117 3110 3188 τῆς
3136 3116 3322 3181 ἀνοίας
3354 3116 3557 3180 αὐτοὺς
3581 3117 3796 3188 Θαυμά-

2193 3212 2284 3248 σαι
2315 3193 2486 3260 ᾱξιον,
2528 3194 2588 3246 οὐ
2624 3194 2925 3257 συνιέντας,
2968 3193 3075 3257 δτι,
3107 3195 3171 3246 ἑκ
3214 3194 3289 3263 μὴ
3321 3192 3495 3246 ὄντων
3532 3194 3791 3263 λέγοντες

502 3288 629 3329 esse
672 3274 858 3330 dicunt
902 3276 1137 3343 Filium,
1190 3293 1533 3350 nequaquam
1580 3281 1893 3353 intelligunt
1945 3288 2088 3354 quod

2196 3284 2285 3337 τὸν
2319 3283 2470 3347 Υἰδν,
2498 3285 2561 3337 οὐ
2590 3282 2688 3336 τοῦ
2718 3281 2933 3354 Πατρὸς
2963 3282 3122 3353 μόνον
3149 3281 3413 3354 νεώτερον
3443 3281 3789 3353 ἀποφαίνου-

505 3381 630 3420 eum
678 3381 783 3421 non
821 3367 982 3423 Patre
1026 3370 1227 3433 solum,
1276 3374 1372 3427 sed
1414 3388 1477 3427 ea
1508 3373 1673 3428 etiam
1712 3380 1769 3430 re
1802 3392 1901 3447 per
1930 3393 2090 3447 quam

511 3457 857 3526 Unigenilum
884 3477 913 3513 a
940 3460 1095 3516 Patre
1121 3472 1402 3532 separant,
1432 3466 1792 3534 posteriorem
1824 3475 2088 3523 statuant.

504 3549 638 3603 Nam
670 3566 893 3607 necesse
920 3564 1027 3615 est.
1051 3555 1095 3609 si
1126 3556 1252 3624 quid
1278 3555 1351 3610 sit
1375 3557 1514 3609 inter
1545 3556 1760 3611 Patrem
1789 3569 1843 3613 et
1867 3559 2090 3626 Filium,

506 3642 557 3694 id
597 3639 718 3695 Filii
750 3644 1066 3699 exsistentia
1106 3647 1383 3716 antiquius
1423 3662 1561 3701 esse.
1607 3649 1747 3715 Quid
1785 3650 1948 3718 igitur
1982 3651 2086 3705 hoc

502 3747 625 3786 esse
651 3736 886 3803 poterit?
914 3735 1179 3802 Quidnam
1209 3738 1353 3793 aliud
1384 3739 1485 3793 nisi
1514 3752 1606 3793 aut
1633 3756 1807 3795 :evum
1832 3752 1925 3795 aut
1954 3752 2091 3796 tem-

503 3827 643 3897 pus?
667 3826 767 3894 Qui
802 3830 946 3883 enim
979 3830 1157 3886 Patris
1184 3833 1348 3886 vitam
1378 3833 1484 3886 vita
1522 3832 1798 3902 Unigeniti
1834 3835 2084 3904 intelligit

505 3921 865 3984 anteriorem,
901 3938 1006 3992 qua
1038 3938 1095 3977 re
1135 3924 1242 3978 alia
1274 3938 1435 3993 quam
1466 3925 1792 3980 saeculorum
1827 3934 1918 3980 aut
1956 3937 2091 3981 tem-

506 4025 697 4079 porum
752 4006 1112 4081 quorumdam
1176 4014 1354 4085 spatio
1408 4016 1734 4081 admetiens,
1797 4031 2084 4073 excessum

508 4104 781 4157 invenisse
808 4120 867 4158 se
904 4104 1321 4181 dixeritirquod
1358 4104 1403 4161 isi
1448 4106 1552 4161 hoc
1592 4120 1782 4160 verum
1815 4116 1921 4170 est,
1956 4106 2093 4162 falsa

508 4192 790 4261 Scriptura
834 4206 948 4262 est,
977 4212 1097 4265 quae
1137 4198 1270 4251 dit-it
1315 4199 1457 4252 facta
1488 4211 1610 4251 esse
1644 4212 1742 4267 per
1780 4199 1959 4266 ipsum
1998 4215 2098 4254 sar-

509 4281 624 4333 eula
675 4281 714 4345 ί,
745 4299 974 4353 qumque
1004 4288 1159 4339 docet
1185 4286 1321 4340 facta
1350 4300 1472 4339 esse
1497 4299 1590 4353 per
1616 4285 1789 4353 ipsum
1816 4288 1997 4340 omnia
2049 4290 2093 4356 ί,

510 4391 634 4430 cum
667 4388 812 4431 certe
845 4378 896 4431 iu
922 4378 1163 4432 omnium
1218 4392 1444 4432 numero
1486 4377 1686 4432 saecula
1743 4379 1906 4433 etiam
1946 4397 2096 4437 com-

464 4488 467 4491 λ
510 4454 935 4537 preltendutttltr.
975 4469 1029 4523 Si
1063 4486 1189 4526 vero
1229 4469 1424 4524 dicturi
1463 4482 1585 4523 sunt
1635 4483 1696 4524 se
1734 4486 1841 4525 non
1892 4488 2094 4543 negare

511 4556 708 4614 Fliunt
734 4571 859 4614 ante
888 4563 1079 4616 saecula

509 4652 690 4706 verbis
721 4656 1041 4720 concedunt,
1064 4654 1114 4709 id
1136 4669 1321 4709 revera
1347 4658 1412 4708 ab
1429 4656 1560 4726 ipsis
1578 4657 1711 4712 tolli.
1728 4656 2094 4729 Interrogabi-

512 4757 632 4795 mtts
669 4743 812 4796 enim
846 4760 961 4811 eos,
995 4745 1185 4814 quiex
1222 4762 1327 4800 non
1361 4748 1702 4803 exstantibus
1733 4749 2091 4803 substantiam

510 4833 814 4903 producunt
854 4833 1126 4904 Uuigeniti
1184 4853 1197 4889 :
1241 4834 1465 4902 Quando
1502 4854 1604 4892 non
1636 4848 1771 4905 erat,
1809 4849 1868 4894 ut
1894 4840 2091 4905 dicitis,

510 4924 640 4993 quid
662 4934 781 4978 erat
821 4925 948 4979 illud
983 4926 1363 4981 intervallum?
1397 4942 1556 4996 quam
1593 4930 1641 4984 ei
1678 4929 2092 4999 appellationem

506 5006 932 5082 excogitabitis?
963 5014 1096 5070 Nam
1139 5019 1442 5072 communis
1475 5021 1816 5074 cansuetudo
1853 5023 2088 5090 spatium

502 5118 674 5181 omne
731 5118 824 5160 aut
878 5109 1213 5178 temporibus
1261 5119 1353 5164 aut
1398 5111 1612 5166 steculis
1664 5108 1904 5178 subiicit.
1956 5114 2091 5168 Nam

516 5196 660 5266 Quod
693 5197 745 5252 in
784 5200 1132 5256 sensibilibus
1161 5213 1245 5258 est
1284 5212 1519 5272 tempus,
1550 5202 1655 5258 hoc
1679 5207 1860 5260 szceuli
1886 5218 1967 5261 cst
2001 5224 2097 5260 na-

502 5290 637 5374 :tura
670 5288 721 5342 in
753 5290 912 5346 rebus
937 5294 1138 5348 mundo
1166 5296 1560 5365 superioribus.
1589 5296 1678 5351 Isti
1706 5314 1859 5365 vero,
1893 5302 1935 5354 si
1969 5301 2094 5369 quid

502 5383 733 5465 tertium
766 5400 862 5453 pro
890 5401 985 5440 sua
1018 5388 1284 5456 sapientia
1322 5389 1837 5459 counniniscuutur,
1878 5392 2087 5449 dicant.

516 5468 622 5529 Sed
660 5477 784 5530 dum
819 5479 1094 5543 tacebunt,
1122 5479 1264 5535 haud
1298 5481 1546 5551 ignorent
1572 5498 1631 5537 se
1660 5481 1933 5555 Unigcniti
1970 5484 2096 5539 sub-

504 5558 774 5639 stantiam
814 5571 1028 5626 saeculis
1073 5572 1432 5640 posteriorem
1490 5576 1846 5632 constituere.
1883 5576 2094 5633 Etenim

599 5741 615 5777 ³
645 5742 811 5801 Hebr.
845 5760 886 5812 ι,
910 5720 984 5800 ’2.
1057 5746 1081 5781 ²
1108 5743 1270 5815 Joan,
1307 5759 1351 5818 ι,
1386 5747 1440 5805 ὃ.

2164 4757 2377 4815 ’σωμεν
2404 4743 2515 4813 γὰρ
2546 4743 2745 4806 αὐτοὺς
2772 4743 2899 4806 τοὺς
2933 4744 2999 4796 ὲκ
3045 4744 3120 4814 μὴ
3150 4742 3319 4796 ὄντων

2191 4852 2291 4898 τας
2327 4834 2422 4888 τοῦ
2456 4833 2799 4903 Μονογενοῦς
2840 4832 2940 4908 τὴν
2977 4837 3163 4891 οὐσίαν
3188 4854 3203 4868 ⁸
3253 4837 3383 4890 Ὅτε
3424 4838 3525 4890 οὐκ
3567 4831 3663 4906 ἦν,
3718 4836 3795 4899 ῶς

2196 3394 2301 3441 σιν,
2334 3374 2472 3430 ἀλλὰ
2503 3376 2598 3430 καὶ
2623 3374 2740 3441 τοῦ,
2773 3368 2818 3443 ᾧ
2841 3374 2931 3428 τὸν
2953 3372 3238 3445 Μονογενῆ
3403 3376 3512 3429 ἀπὸ
3532 3374 3630 3428 τοῦ
3662 3377 3783 3429 Πα-

2193 3470 2323 3543 τρὸς
2356 3468 2701 3541 διορίζουσιν.
2758 3467 2997 3538 Ἀνάγκη
3040 3466 3169 3538 γὰρ,
3223 3466 3387 3538 είπερ
3432 3482 3482 3519 τι
3533 3465 3619 3535 εἴη
3668 3481 3775 3535 με-

2192 3559 2328 3626 ταξὺ
2358 3558 2470 3627 (76)
2496 3558 2709 3630 Πατρὸς
2740 3557 2834 3610 καὶ
2862 3556 3017 3619 Υίοῦ,
3048 3555 3424 3629 πρεσϐύτερον
3452 3552 3587 3610 εἶναι
3612 3554 3772 3609 τοῦτο

2193 3652 2296 3722 τῆς
2338 3650 2624 3723 ὑπάρξεως
2671 3648 2766 3704 τοῦ
2810 3648 2961 3702 Υἰοῦ.
3009 3648 3076 3701 Τί
3121 3643 3217 3702 οὖν
3247 3647 3315 3703 ἂν
3353 3647 3439 3720 εἴη
3481 3647 3675 3714 who;
3714 3648 3793 3702 Ti.

2196 3744 2324 3798 ἄλλο
2356 3759 2420 3812 γε
2449 3742 2481 3815 ἢ
2509 3742 2642 3798 αίὼν
2672 3742 2891 3806 πάντως
2916 3741 2950 3813 ἢ
2975 3741 3201 3810 χρόνος
3239 3742 3301 3794 Ὁ
3332 3743 3447 3813 γάρ
3472 3759 3558 3795 τοι
3590 3759 3657 3795 πε
3667 3759 3789 3813 ρισ-

2200 3836 2423 3907 σοτέραν
2452 3836 2551 3906 τὴν
2594 3834 2692 3888 τοῦ
2721 3832 2938 3905 Πατρὸς
2987 3832 3133 3903 ζωὴν
3175 3833 3275 3904 τῆς
3315 3832 3410 3886 τοῦ
3444 3834 3798 3903 Μονογενοῦς

2197 3927 2395 3981 ἐννοῶν
2458 3967 2474 3993 ,
2625 3925 2734 3979 τίνι
2767 3941 2833 3993 γε
2882 3923 3029 3994 ἄλλῳ
3060 3924 3454 3995 παραμετρῶν,
3486 3925 3799 3995 εὑρηκέναι

2197 4016 2263 4070 ἂν
2292 4018 2435 4069 εἴποι
2462 4015 2524 4068 τὸ
2557 4014 2835 4087 περισσὸν,
2865 4014 2899 4084 ἢ
2942 4013 3064 4083 οὒχί
3254 4012 3468 4068 αἰώνων
3497 4014 3533 4084 ἢ
3579 4015 3801 4086 χρόνων

2197 4107 2360 4161 τινῶν
2386 4107 2752 4176 διαστήματι;
2786 4106 2850 4159 Εἰ
2887 4105 2946 4159 δὲ
2970 4104 3129 4158 τοῦτο
3154 4104 3370 4176 ἀληθὲς,
3401 4104 3607 4177 ψευδὴς
3640 4106 3677 4176 ή
3707 4105 3796 4158 λέ-

2198 4210 2371 4262 γουσα
2414 4193 2757 4264 Γραφὴυτοὺς
2785 4192 2987 4256 αἰῶνας
3015 4193 3083 4246 δι’
3112 4193 3278 4246 αὐτοῦ
3305 4193 3661 4263 γεγενῆσθαι,
3697 4193 3795 4249 καὶ

2200 4286 2234 4356 ἡ
2278 4283 2634 4349 διδάσκουσα,
2692 4284 2774 4337 ὅτι
2831 4285 3009 4338 πάντα
3053 4284 3119 4337 δι’
3159 4285 3323 4338 αὐτοῦ
3377 4285 3632 4354 ἐγένετο·
3678 4291 3792 4349 τοῖς

2200 4376 2357 4440 πᾶσι,
2391 4372 2658 4447 δηλονότι,
2697 4370 3378 4446 ἔμπεριειλημμένωνκαὶ
3404 4375 3515 4429 τῶν
3546 4374 3790 4429 αἰώνων.

2200 4467 2264 4521 Εἰ
2290 4467 2349 4520 δὲ
2381 4468 2613 4538 φήσουσι
2655 4465 2729 4537 μὴ
2759 4465 3123 4538 ἀπαρνεῖσθαι
3153 4467 3261 4537 πρὸ
3294 4467 3401 4521 τῶν
3443 4465 3663 4521 αἰώνων
3698 4467 3791 4520 τὸν

1306 4565 1542 4635 genitum
1571 4581 1710 4629 esse,
1731 4565 1924 4630 sciant,
1950 4566 2089 4635 quod

2196 4559 2324 4613 Υἰὺν
2374 4557 2756 4629 γεγεννῆσθαι,
2814 4559 2888 4630 μὴ
2957 4558 3389 4625 λανθανέτωσαν,
3436 4559 3466 4612 δ
3512 4560 3594 4630 τῷ
3646 4560 3789 4630 λόγῳ

2193 4651 2557 4723 συγχωροῦσι,
2598 4650 2741 4705 κατὰ
2772 4649 3028 4723 ἀλήθειαν
3067 4652 3484 4723 ἀφαιρούμενοι.
3542 4653 3780 4724 Ἐρωτή·

3510 4759 3589 4796 πα
3598 4743 3790 4814 ράγονν-

2194 4944 2353 4997 φατε,
2380 4922 2525 4999 τίῆν
2549 4927 2726 4982 ἐκεῖνο
2757 4928 2818 4982 τὸ
2842 4929 3148 5000 διάστημας
3177 4929 3300 4983 τίνα
3329 4926 3480 4999 αὐτῷ
3514 4945 3797 5001 προσηγο-

2196 5017 2318 5088 ρίαν
2340 5019 2691 5088 ὲπινοήσετες
2735 5017 2800 5071 Ἠ
2837 5018 2936 5089 μὲν
2967 5019 3078 5090 γὰρ
3115 5018 3270 5090 κοινὴ
3304 5017 3565 5089 συνήθεια
3590 5018 3625 5089 ἢ
3661 5018 3797 5091 χρό’-

2195 5127 2307 5174 νοις
2353 5111 2387 5183 ἢ
2437 5110 2630 5165 αἰῶσιν
2675 5111 2821 5165 ἆπαν
2886 5112 3161 5184 διάστημα
3215 5110 3536 5166 ὑποϐάλλει·
3601 5112 3801 5183 ἐπειδὴ

2194 5202 2332 5273 ὅπερ
2366 5204 2423 5256 ἐν
2457 5202 2570 5267 τοῖς
2599 5202 2879 5275 αἰσθητοῖς
2910 5207 2938 5257 ὁ
2966 5205 3178 5273 χρόνος,
3207 5200 3366 5258 τοῦτο
3396 5202 3454 5256 ἐν
3480 5206 3596 5267 τοῖς
3623 5205 3796 5276 ὑπερ-

2196 5294 2448 5367 κοσμίοις
2484 5297 2521 5365 ἡ
2550 5293 2643 5346 τοῦ
2691 5293 2887 5359 αἰῶνος
2920 5294 3083 5364 φύσις
3120 5294 3288 5349 ὲστίν.
3328 5287 3487 5348 Οὗτοι
3519 5293 3616 5359 δὲ,
3654 5295 3715 5348 ετ
3747 5310 3800 5347 τι

2194 5388 2378 5459 τρίτον
2421 5389 2486 5440 ὲκ
2512 5385 2613 5457 τῆς
2649 5386 2859 5439 ἑαυτῶν
2898 5386 3090 5456 σοφίας
3122 5385 3414 5449 ἐπινοοῦσι,
3452 5385 3797 5453 λεγέτωσαν.

2198 5476 2346 5541 Ἕως
2399 5474 2445 5527 δ’
2500 5474 2568 5529 ἂν
2628 5472 2894 5541 σιωπῶσι,
2949 5475 3023 5545 μὴ
3073 5474 3485 5529 λανθανέτωσαν
3524 5474 3803 5548 δευτέραν

2196 5566 2410 5622 αἰώνων
2437 5566 2537 5636 τὴν
2562 5564 2656 5621 τοῦ
2683 5566 3023 5637 Μονογενοῦς
3043 5567 3232 5622 οὐσίαν
3260 5566 3556 5638 τιθέμενοι.
3586 5566 3656 5620 Εἰ
3686 5567 3803 5641 γὰρ
