4058 6408
296 343 393 404 5i7

295 502 355 553 ην
446 499 500 536 τι

295 578 667 646 εκτεινόμενον
725 579 791 648 τῇ
829 576 940 650 ζωῇ
982 577 1080 632 τοῦ
1117 581 1354 652 Πατρὸς,
1393 581 1451 635 ἓν
1485 600 1538 635 τι
1567 582 1771 636 τούτων
1813 578 1883 654 ἦν

296 665 555 734 δηλονότι.
619 667 757 719 Ἀλλ’
794 667 906 720 οὔτ’
940 668 1107 732 ἔστιν,
1161 669 1284 723 οὔτε
1341 670 1414 742 μὴ
1443 673 1665 742 γένηται
1707 673 1881 726 ἔννοια

299 756 644 827 πρεσϐυτέρα
684 757 787 827 τῆς
818 758 914 811 τοῦ
950 760 1292 828 Μονογενοῦς
1327 761 1700 826 ὑποστάσεως.
1737 764 1880 817 Παν-

299 848 382 910 τὸς
412 848 523 918 γὰρ
552 847 648 901 τοῦ
691 849 990 920 δυναμένου
1035 852 1118 913 εἰς
1159 852 1519 924 ἀρχαιότητος
1563 853 1720 921 λόγον
1766 857 1874 908 ὲπι-

301 940 526 992 νοεῖσθαι
561 941 811 1012 ἀνωτέρα
848 945 881 1012 ἡ
931 941 1164 1014 ὑπαρξις
1195 943 1290 997 τοῦ
1325 945 1459 998 Θεοῦ
1493 945 1667 1014 Λόγου
1696 946 1790 999 τοῦ
1825 948 1881 1000 ἐν

300 1035 428 1103 ἀρχῇ
455 1033 611 1097 ὖντος
639 1034 772 1104 πρὸς
797 1034 889 1086 τὸν
917 1034 1050 1087 Θεὸν
1080 1036 1456 1107 εὑρεθήσεται.
1490 1037 1630 1102 Κᾶν,
1663 1040 1881 1109 μυρίαις

302 1124 614 1192 φαντασίαις
645 1125 837 1178 ἑαυτὸν
871 1125 1222 1197 ἐξαπατήσας
1254 1129 1283 1181 ό
1325 1128 1468 1193 νοῦς,
1505 1129 1597 1181 καὶ
1630 1133 1742 1192 τοῖς
1776 1129 1881 1182 τῶν

317 1218 663 1289 ἀνυπάρκτων
712 1219 1090 1288 ἁναπλασμοῖς
1144 1220 1472 1285 ἐπιϐάλλων,
1518 1221 1588 1274 τὰ
1631 1221 1705 1293 μὴ
1755 1223 1884 1276 ὄντα

316 1313 521 1381 περινοῇ
559 1349 576 1373 ,
723 1310 978 1380 οὐδεμίαν
1011 1310 1119 1363 τῶν
1150 1311 1342 1365 πασῶν
1376 1314 1620 1383 μηχανὴν
1661 1313 1886 1384 ἐξευρή-

311 1420 406 1465 σει,
434 1403 497 1454 δι’
521 1398 592 1472 ἧς
619 1402 910 1473 δυνήσεται
941 1403 1043 1473 τῆς
1073 1403 1248 1476 ἀρχῆς
1280 1404 1376 1458 τοῦ
1406 1405 1742 1474 Μονογενοῦς
1768 1407 1886 1460 ἑαυ-

311 1493 392 1544 τὸν
424 1491 737 1564 ὑπερθεῖναι
759 1510 774 1525 ο
811 1493 905 1546 καὶ
943 1495 1259 1565 κατωτέραν
1290 1495 1385 1548 τοῦ
1424 1496 1552 1550 ἰδίου
1587 1497 1884 1568 κινήματος

310 1586 399 1656 τὴν
443 1586 589 1654 ζωὴν
641 1585 963 1641 καταλιπεῖν
1001 1587 1100 1657 τῆς
1138 1586 1451 1658 αὑτοζιυῆς·
1500 1589 1595 1641 καί¹
1641 1588 1720 1659 τῷ
1771 1589 1884 1660 ἰδίῳ

308 1676 441 1748 λόγῳ
483 1677 578 1730 τοῦ
626 1675 762 1729 Θεοῦ
823 1676 999 1746 Λόγου
1041 1677 1143 1748 τὴν
1188 1677 1365 1748 ἀρχὴν
1407 1677 1740 1749 ὑπερϐῆναι·
1790 1679 1885 1733 καὶ

312 1769 509 1829 αἰῶνας
544 1766 888 1820 ἐποπτεῦσαι
919 1768 1162 1836 ἐρήμους
1196 1765 1290 1818 τοῦ
1329 1765 1469 1819 Θεοῦ
1503 1765 1615 1820 τῶν
1646 1767 1887 1822 αἰώνων.

752 1860 825 1878 ,η
886 1859 983 1878 κκ-
1031 1859 1206 1878 η-
1257 1859 1370 1878 ..κ

1999 1775 2254 1832 destituta
2280 1778 2382 1834 sibi
2415 1778 2634 1849 ﬁngere.

752 1860 848 1913 Ἐκ
878 1859 986 1913 τοῦ
1019 1859 1209 1912 αὐτοῦ
1239 1859 1441 1927 λόγου.

378 1954 540 2009 ΕΥΝ.
569 1955 754 2014 Ὄντα,
781 1956 980 2024 φησὶν,
1016 1952 1312 2021 ἐγέννησεν
1339 1955 1366 2006 ὁ
1394 1953 1529 2017 Θεὸς
1559 1952 1652 2008 τδν
1677 1953 1890 2024 Υίδν,ἢ

308 2048 400 2100 οὑκ
431 2049 594 2115 ὄντας
628 2047 772 2102 Ἀλλ’
811 2047 860 2100 εἰ
895 2045 995 2118 μὲν
1025 2047 1126 2100 οὑκ
1157 2046 1307 2109 ὄντα,
1343 2046 1535 2117 μηδείς
1572 2064 1687 2116 μοι,
1733 2047 1884 2115 φησὶ,

311 2144 506 2211 τόλμαν
553 2140 932 2209 ἐπεγκαλείτω
955 2156 968 2170 ·
1001 2140 1052 2192 εἰ
1081 2139 1137 2193 δὲ
1159 2139 1310 2206 ὅντα,
1341 2141 1440 2194 οὑκ
1463 2141 1698 2204 ἀτοπίας
1727 2140 1889 2210 μόνον

308 2235 397 2288 καὶ
428 2232 809 2304 βλασφημίας,
847 2231 985 2286 ἀλλά
1014 2232 1112 2287 καὶ
1142 2233 1326 2299 πάσης
1357 2232 1612 2303 εὐηθείας
1647 2233 1888 2304 ὑπερὸοο

305 2327 394 2398 λὴν
425 2330 454 2381 ὁ
487 2327 646 2396 λόγος
671 2325 805 2398 ἔχει.
834 2325 924 2396 Τῷ
943 2325 1051 2395 γὰρ
1080 2324 1196 2379 ὄντι
1226 2325 1287 2377 οὑ
1313 2325 1393 2377 δεῖ
1416 2327 1746 2394 γεννήσεως.

368 2512 518 2565 ΒΑΣ.
575 2511 652 2565 Τὸ
698 2510 800 2581 μὲν
873 2509 966 2564 οὖν
1020 2509 1464 2581 πολυθρύλλητον
1517 2510 1758 2578 σόφισμα
1825 2506 1887 2559 τὸ

300 2606 462 2659 πάλαι
532 2603 634 2674 μὲν
687 2602 974 2674 ὲξευρεθὲν
1037 2604 1169 2674 παρ’
1244 2602 1453 2672 ἑτέρων
1481 2642 1497 2668 ,
1554 2600 1777 2663 τελείως
1829 2601 1886 2654 δὲ

301 2699 390 2753 νῦν
441 2701 502 2753 ἐν
550 2700 674 2762 ταῖς
721 2697 1279 2768 ἀπηρυθριασμέναις
1329 2696 1427 2750 καὶ
1491 2693 1886 2764 ἀναισχύντοις

297 2791 570 2858 γλώσσαις
617 2788 827 2844 τούτων
883 2785 1218 2860 ἐξεργασθὲν
1273 2786 1433 2842 τοῦτό
1463 2789 1634 2841 ἐστιν.
1692 2785 1886 2855 Ἦμεῐς

293 2885 347 2938 δὲ
402 2884 626 2951 πρῶτον
687 2884 866 2937 ἐκεῖνο
926 2883 1052 2946 τοὺς
1129 2881 1409 2952 ἀκροατὰς
1472 2881 1883 2953 ὑπομνήσομεν,

291 2979 370 3032 ὅτι
419 2970 579 3040 οὗτός
626 2976 778 3029 ἐστιν
838 2977 869 3029 ό
923 2975 1010 3029 διὰ
1065 2974 1166 3045 τὴν
1223 2974 1333 3028 τῶν
1388 2971 1602 3027 πολλῶν
1662 2972 1887 3040 ἄγνοιαν

290 3069 663 3142 ἀνθρωπικῶς
710 3068 989 3136 ὲξακούων
1052 3069 1153 3140 τῆς
1203 3069 1514 3140 γεννήσεως
1564 3066 1658 3121 τοῦ
1708 3067 1841 3121 Υἰοῦ
1867 3103 1883 3129 ,

293 3172 370 3231 εἰς
418 3166 678 3234 ἀνάγκην
717 3162 992 3233 ἐληλυθὼς
1039 3163 1150 3217 τῶν
1193 3161 1370 3231 λόγων
1421 3160 1628 3215 τούτων
1654 3175 1669 3190 ο
1727 3152 1882 3222 οὗτος

1271 354 1647 415 PANOPLIA
1690 356 2148 424 DOGMATICA.
2191 384 2259 397 -
2297 361 2450 423 TlT.
2493 363 2600 424 ΧΙ.

617 483 894 555 διάστημα
915 485 1287 557 πρεσϐύτερον
1326 486 1419 541 τοῦ
1446 488 1595 554 Υἰοῦ,
1631 505 1874 562 συμπαρ

1997 486 2036 540 si
2071 491 2213 557 quod
2232 493 2476 560 .spatinm
2511 495 2614 547 fuit
2641 493 2780 549 Filio
2806 496 3107 566 antiquius,
3141 500 3286 570 quod
3322 501 3587 559 videlicet
3667 520 3675 528 '

3468 373 3568 436 El8

1988 599 2049 640 se
2085 599 2241 654 aeque
2271 601 2335 640 ac
2369 584 2548 640 Patris
2586 589 2690 641 vita
2723 590 3064 656 extenderit,
3111 593 3300 662 utique
3339 593 3570 648 alterum

1988 693 2054 732 ex
2085 675 2169 731 bis
2205 687 2344 732 erat.
2399 677 2503 733 Sed
2553 697 2651 736 nec
2685 691 2804 750 est,
2849 698 2950 737 nec
2997 684 3103 738 erit
3146 687 3406 753 cogitatio
3446 688 3572 741 Filii

1989 771 2260 823 exstantia
2300 772 2597 840 antiquior.
2636 773 2769 828 Nam
2803 777 2952 829 omni
2990 791 3066 839 re,
3102 791 3222 844 qua:
3257 780 3450 832 ordine
3482 796 3576 835 an-

1992 861 2258 929 tiquitatis
2287 864 2583 932 excogitari
2613 875 2808 933 potest,
2850 866 3094 920 anterior
3129 869 3440 924 invenietur
3486 872 3576 925 illa

1994 952 2085 1006 Dei
2127 951 2289 1008 Verbi
2317 955 2464 1022 quod
2493 956 2632 1026 apud
2665 956 2833 1010 Deum
2875 973 2905 1011 a
2945 959 3216 1027 principio
3255 970 3394 1024 erat,
3432 962 3577 1014 exsi-

1991 1044 2206 1098 stentia.
2239 1044 2352 1099 Etsi
2376 1046 2520 1100 enim
2545 1061 2604 1101 se
2627 1047 2743 1116 ipsa
2772 1047 3050 1116 decipiens
3084 1066 3235 1106 tuens
3270 1051 3577 1104 innumeris

1995 1135 2513 1204 imaginationibus,
2565 1155 2733 1209 seque
2776 1157 2958 1195 rerum
3008 1159 3114 1197 non
3162 1143 3574 1196 subsistentiutn

1994 1230 2316 1283 commentis
2355 1245 2645 1300 occupans,
2677 1247 2736 1286 ea
2773 1248 2892 1301 qua:
2928 1248 3033 1287 non
3074 1243 3200 1287 sunt
3228 1235 3574 1302 excogitave-

1997 1320 2095 1380 rit;
2145 1321 2344 1374 nullam
2389 1325 2610 1378 omnino
2654 1325 2896 1378 inveniet
2937 1335 3144 1383 artem.
3197 1341 3302 1392 qua
3339 1327 3576 1393 seipsam

1999 1412 2170 1480 possit
2211 1413 2352 1466 ultra
2398 1412 2671 1483 Unigeniti
2727 1415 3052 1484 principium
3103 1415 3427 1478 extendere,
3483 1423 3576 1468 aut

1999 1504 2161 1556 vitam
2195 1503 2312 1572 ejus
2345 1509 2436 1574 qui
2471 1524 2566 1576 per
2596 1524 2655 1562 se
2687 1508 2796 1562 vita
2827 1517 2932 1574 est,
2984 1523 3084 1561 suo
3111 1509 3279 1576 ipsius
3314 1518 3461 1561 tuom
3495 1509 3577 1562 in-
3671 1544 3692 1563 ι

1999 1592 2250 1647 fcrioretn
2299 1597 2626 1666 relinquere,
2664 1606 2758 1652 aut
2805 1614 2902 1653 sua
2938 1600 3268 1670 cogitatione
3311 1601 3577 1667 originem

1999 1681 2094 1740 Dci
2135 1687 2292 1742 Verbi
2327 1693 2732 1757 transcendere,
2759 1703 2853 1748 aut
2879 1693 3078 1748 saecula
3118 1691 3228 1747 Deo
3257 1692 3578 1746 saeculorum

2530 1860 2614 1915 Ea:
2645 1863 2823 1916 eodem
2883 1864 3039 1917 libro.
3389 1924 3391 1926 η

2073 1949 2232 2006 EUN.
2295 1951 2758 2017 Exsistentemne,
2803 1957 2998 2025 inquit,
3031 1955 3231 2011 Filium
3276 1959 3488 2028 genuit,
3515 1974 3583 2011 an

1995 2059 2106 2098 non
2141 2044 2538 2100 exsistentem?
2566 2049 2729 2116 Atqui
2765 2049 2808 2101 si
2845 2065 2949 2101 non
2988 2050 3367 2114 enisis-tentem,
3401 2049 3584 2103 nullus

1994 2150 2079 2190 me
2107 2146 2330 2192 accuset
2370 2137 2631 2192 audaciae.
2687 2138 2741 2193 Si
2787 2141 2896 2208 jam
2923 2141 3305 2205 exsistentcm,
3325 2143 3454 2212 quid
3483 2143 3584 2195 hac

1994 2228 2246 2284 oratione
2271 2246 2383 2284 non
2408 2232 2574 2285 modo
2598 2233 2916 2292 absurdius.
2954 2235 3050 2288 sed
3089 2235 3260 2302 magis
3294 2250 3587 2289 exsecran-

1992 2320 2144 2387 dum,
2179 2331 2273 2376 aut
2303 2322 2532 2377 stultum
2564 2324 2673 2379 dici
2703 2333 2888 2394 potest
2920 2326 2942 2378 ?
2974 2324 3134 2391 Quod
3166 2327 3312 2382 enim
3345 2336 3452 2392 est,
3483 2343 3584 2380 cur

1990 2415 2137 2485 gigni
2171 2423 2391 2484 oportet
2415 2416 2438 2469 ?

2063 2505 2214 2560 BAS.
2273 2505 2456 2561 Fallax
2512 2507 2618 2560 hoc
2687 2517 3070 2576 argumentum
3135 2507 3580 2578 vulgarissimum

1989 2599 2058 2655 ab
2113 2600 2236 2655 aliis
2307 2600 2530 2670 quidem
2605 2600 2889 2659 inventum
2965 2600 3106 2664 fuit,
3175 2603 3268 2656 sed
3341 2601 3585 2670 perfecte

1991 2708 2142 2747 nunc
2200 2693 2256 2746 in
2316 2693 2554 2748 istorum
2616 2693 3011 2748 inverecundis
3059 2704 3115 2748 et
3172 2694 3586 2762 impudentibus

1991 2785 2193 2856 linguis
2235 2795 2318 2841 est
2347 2786 2713 2841 elaboratum.
2763 2787 2875 2842 Nos
2923 2795 3105 2840 autem
3160 2787 3440 2841 auditores
3467 2787 3585 2857 pri-

1994 2893 2145 2931 tuum
2218 2878 2659 2941 admonehimus,
2710 2877 2876 2932 istum
2933 2887 3157 2947 propter
3211 2877 3586 2934 multitudinis

1990 2968 2357 3038 ignorantiam
2418 2972 2662 3025 humano
2721 2986 2874 3025 more
2933 2971 3058 3026 Filii
3132 2979 3314 3024 ortum
3391 2971 3588 3026 existi-

1991 3062 2191 3116 mantis
2241 3063 2308 3116 ad
2359 3062 2624 3132 ejusmodi
2669 3071 2996 3132 argumenta
3064 3039 3376 3127 devenisse,
3436 3072 3493 3116 et
3549 3078 3581 3116 a

1991 3153 2274 3222 corporeis
2305 3154 2629 3208 notionibus
2675 3155 2739 3209 ad
2782 3155 3056 3223 spiritales
3087 3154 3584 3224 contemplationes

294 3260 320 3308 ὁ
349 3255 460 3309 ἀπὸ
489 3254 606 3308 τῶν
638 3252 972 3324 σωματικῶν
999 3251 1221 3308 ἐννοιῶν
1254 3252 1350 3305 ἐπὶ
1376 3252 1476 3322 τὴν
1508 3249 1885 3321 πνευματικὴν

1997 3243 2371 3316 imperitorum
2400 3248 2611 3302 animos
2635 3247 2962 3312 traduxisse,
2985 3249 3074 3318 qui
3094 3250 3352 3318 quoniam
3377 3249 3589 3302 anima-

297 3347 528 3418 θεωρίαν
547 3346 650 3412 τὰς
674 3345 1036 3408 ἀπαιδεύτους
1065 3345 1247 3416 ψυχὰς
1270 3343 1582 3412 ἐπανάγων,
1609 3341 1666 3405 ὃς
1697 3342 1887 3413 ιπειδὴ

296 3445 361 3494 τὰ
384 3440 711 3510 γεννώμενα
741 3438 860 3502 ζῶα
879 3437 980 3491 οὑκ
995 3437 1125 3491 ὄντα
1151 3436 1438 3508 πρότερον,
1459 3432 1580 3488 εἶτα
1607 3435 1886 3502 γεννᾶται,

303 3535 396 3584 ait
438 3535 465 3585 ὁ
502 3533 750 3603 σήμερον
787 3529 1071 3602 γεννηθεὶς
1108 3529 1234 3602 χθὲς
1265 3531 1363 3599 οὑχ
1395 3529 1644 3599 ὑπῆρχε,
1677 3529 1886 3598 ταύτην

317 3624 412 3674 11‘:
438 3624 524 3675 επὶ
548 3624 646 3691 τῆς
682 3622 778 3676 τοῦ
808 3622 1148 3689 Μονογενοῦς
1178 3621 1530 3685 ὑποστάσεως
1555 3621 1653 3692 τὴν
1679 3620 1889 3676 ἔννοιαν

331 3715 617 3786 μεταφέρει.
645 3715 760 3770 Καὶ
778 3713 966 3784 ἐπειδὴ
981 3714 1324 3785 γεγέννηται,
1349 3714 1537 3785 φησὶν,
1560 3715 1657 3785 οὑχ
1676 3714 1889 3785 ὑπῆρχε

322 3806 420 3874 πρὸ
446 3811 536 3877 τῆς
562 3808 897 3877 γεννήσεως.
932 3806 1091 3862 Οὕτω
1123 3806 1483 3876 μεγαλοφυῶς
1539 3805 1639 3877 τὴν
1691 3807 1888 3878 γέννη-

314 3914 393 3950 σιν
430 3901 557 3970 ἡμῖν
586 3899 685 3953 τοῦ
721 3896 1064 3967 Μονογενοῦς
1091 3897 1354 3965 θεολογεϊ,
1389 3899 1484 3951 καὶ
1511 3897 1602 3950 διὰ
1630 3897 1890 3952 τοιούτων

306 3991 473 4060 λόγων
503 3993 576 4045 τὰ
603 3993 1026 4063 ἀρρωστήματα
1053 3989 1163 4044 τῶν
1189 3990 1438 4059 ἀδελφῶν
1465 3991 1889 4060 ἐπανορθοῦται,

303 4086 445 4148 ἀεῖ-ος
473 4085 552 4140 ῶν
588 4086 749 4154 εἴπερ
780 4102 864 4148 τις
892 4083 1126 4138 ἀκοῦσαι
1147 4084 1246 4154 τῆς
1281 4087 1582 4157 παροιμίας
1602 4127 1616 4150 ,
1652 4085 1734 4138 ὅτι
1775 4085 1886 4140 Ἰα-

302 4178 420 4244 τρέ,
448 4178 834 4248 θεράπευσον
852 4177 1137 4233 σεαυτόν.
1165 4177 1299 4231 Τίνα
1319 4177 1500 4248 μέντοι
1513 4179 1608 4233 καὶ
1623 4197 1887 4251 παραμυ-

303 4274 422 4326 θίαν
450 4274 550 4344 τῆς
581 4274 786 4327 ἀτόπου
819 4273 1025 4345 ταύτης
1052 4274 1162 4328 τῶν
1199 4274 1476 4346 λογισμῶν
1504 4275 1664 4328 νόσου
1718 4293 1888 4347 προσ-

302 4365 661 4434 ενέγκωμεν;
726 4366 795 4418 Ἢ
861 4366 933 4419 τὰ
983 4365 1134 4435 παρὰ
1161 4365 1258 4418 τοῦ
1290 4365 1612 4437 Πνεύματος
1669 4366 1760 4420 διὰ
1782 4366 1878 4419 τοῦ

309 4459 586 4525 μακαρίου
629 4456 880 4511 Ἰωάννου
912 4455 1216 4526 λαληθέντα
1254 4457 1422 4527 ἡμῖν,
1451 4457 1534 4509 ὅτι
1575 4457 1680 4510 Ἐν
1722 4454 1882 4525 ἀρχῇ

303 4551 384 4622 ἦν
419 4558 450 4609 ό
487 4557 680 4624 Λόγος
706 4554 805 4610 καὶ
835 4556 870 4608 ό
901 4554 1087 4623 Λόγος
1122 4550 1204 4624 ἦν
1237 4553 1390 4621 πρὸς
1419 4553 1526 4607 τόν
1563 4553 1752 4618 Θεὸν,
1791 4558 1888 4605 καὶ

314 4642 457 4707 Θεὸς
498 4638 580 4711 ἦν
605 4643 656 4711 ,ό
696 4642 906 4712 Λόγος.
953 4639 1090 4696 Ούτε
1133 4642 1308 4712 ἀρχῆς
1351 4641 1468 4694 ἔστι
1506 4659 1560 4693 τι
1607 4640 1894 4710 ἐπινοῆσαι

315 4734 684 4806 πρεσϐύτερον
704 4750 720 4765 ⁸
747 4735 808 4787 οὑ
842 4733 952 4804 γὰρ
977 4732 1043 4786 ἂν
1075 4733 1158 4786 ἔτι
1185 4737 1270 4803 εἴη
1301 4731 1466 4803 ἀρχὴ,
1498 4733 1660 4803 εἰπερ
1688 4750 1744 4786 τι
1770 4733 1897 4785 ἑαυ-

317 4824 411 4894 τῆς
438 4825 552 4894 ἔχει
580 4825 828 4894 ἐξωτέρω
849 4841 863 4855 ⁸
896 4823 1018 4878 οὕτε
1044 4824 1103 4878 τὸ
1121 4819 1190 4896 ἦν
1219 4823 1510 4887 διαϐάντας
1542 4823 1620 4894 τῷ
1648 4823 1896 4893 λογισμῷ

320 4915 394 4976 εἰς
420 4915 477 4966 τὸ
505 4915 594 4967 ὅτε
623 4912 723 4966 οὑκ
750 4907 818 4984 ἦν
842 4912 1069 4966 δυνατὸν
1089 4911 1427 4983 ὑπερκύψαι.
1471 4913 1757 4982 ’Λθέτησις
1787 4915 1897 4982 γάρ

321 5011 434 5063 ἐστι
464 5009 559 5064 τοῦ
588 5004 658 5082 ἦν
685 5011 718 5080 ἡ
745 5009 840 5063 τοῦ
869 5011 958 5064 ὅτε
987 5011 1088 5065 οὒκ
1115 5004 1183 5084 ἦν
1215 5009 1449 5066 ἐπίνοια.
1479 5011 1543 5062 Εἰ
1586 5009 1685 5081 μὲν
1724 5009 1834 5083 γὰρ
1861 5011 1894 5082 ἡ

321 5101 460 5174 ἀρχὴ
496 5102 605 5156 τῶν
643 5103 781 5175 πρὸς
819 5102 1004 5175 ἕτερον
1041 5101 1353 5173 λεγομένων
1387 5098 1477 5176 ἦν,
1517 5101 1593 5166 ὡς
1636 5102 1698 5156 τὸ
1736 5101 1894 5172 ἀρχῇ

324 5199 562 5263 σοφίας,
602 5196 695 5249 καὶ
735 5193 893 5264 ἀρχὴ
939 5194 1084 5250 όδοῦ
1128 5192 1379 5264 ἀγαθῆς,
1429 5195 1525 5249 καὶ
1585 5192 1690 5250 Ἐν
1734 5193 1895 5264 ἀρχῇ

323 5287 604 5357 ἐποίησεν
635 5289 669 5342 ό
702 5288 869 5354 Θεὸς,
899 5283 966 5359 ἦν
998 5288 1063 5342 ἂν
1095 5289 1255 5359 τυχδν
1287 5285 1381 5340 τοῦ
1419 5289 1484 5341 ὲκ
1507 5286 1764 5358 τοιαύτης
1799 5292 1900 5358 dp-

327 5379 420 5450 χῆς
441 5381 750 5449 ὑφεστῶτος
773 5377 839 5433 δι’
860 5381 1210 5451 ἐνθυμήσεως
1237 5380 1540 5451 ὑπερϐῆναι
1577 5378 1676 5450 τὴν
1709 5379 1900 5450 γέννη-

332 5486 406 5524 ςιν
429 5487 444 5502 ⁶
477 5472 664 5543 ἐπειδὴ
686 5471 746 5524 δὲ
765 5471 824 5524 τὸ
849 5471 1244 5542 σημαινόμενον
1269 5471 1419 5525 τουτὶ
1441 5471 1536 5542 τῆς
1564 5469 1738 5541 ἀρχῆς
1767 5472 1900 5523 ἁπο-

329 5560 609 5634 λελυμένον
661 5567 759 5620 καὶ
808 5565 1034 5635 ἄσχετον
1068 5564 1167 5637 τὴν
1203 5564 1467 5620 ἀνωτάτω
1517 5563 1678 5634 φύσιν
1725 5563 1896 5633 δηλοῖ,

335 5655 459 5721 πῶς,
477 5657 538 5709 ού
568 5656 968 5724 καταγέλαστος
988 5661 1014 5710 ὁ
1042 5658 1110 5711 τὰ
1134 5657 1386 5729 ἐξωτέρω
1408 5658 1610 5730 ταύτης
1634 5657 1893 5721 ἐπινοῶν,

329 5749 360 5819 ἢ
413 5751 706 5822 ἐπιχειρῶν
765 5753 931 5824 αὐτὴν
989 5755 1097 5816 τοῖς
1151 5752 1435 5824 λογισμοῖς
1495 5751 1902 5822 ὑπερϐάλλεινς

393 5847 407 5876 ¹
437 5845 644 5916 Lur:.tv,
678 5845 766 5903 ‘25.

1993 3337 2065 3392 lia
2101 3355 2224 3393 cum
2279 3352 2437 3394 antea
2462 3357 2572 3395 non
2601 3342 2731 3405 sint,
2787 3351 2972 3412 postea
3001 3352 3351 3413 generantur,
3384 3351 3437 3395 et
3467 3356 3587 3409 qua:

1995 3429 2160 3484 hodie
2181 3441 2330 3497 sunt,
2365 3431 2480 3486 heri
2517 3449 2627 3486 non
2659 3443 2835 3496 erant,
2871 3433 3011 3487 hanc
3037 3433 3286 3486 eamdem
3318 3431 3586 3484 rationem

1992 3523 2058 3575 ad
2092 3520 2369 3590 Unigeniti
2422 3534 2672 3578 naturam
2722 3523 2908 3578 refert.
2967 3524 3034 3578 Et
3066 3523 3345 3591 quoniam,
3389 3522 3587 3590 inquit,

1993 3615 2213 3683 genitus
2275 3625 2382 3681 est,
2419 3632 2526 3669 non
2561 3626 2680 3670 erat
2713 3631 3006 3685 antequam
3058 3619 3395 3686 gigneretur.
3451 3614 3588 3668 Tam

1993 3710 2281 3779 magniﬁce
2327 3711 2482 3765 nobis
2543 3721 2724 3764 ortum
2781 3707 3056 3780 Uuigeuiti
3115 3709 3408 3778 theologus
3486 3707 3589 3762 iste

1993 3803 2257 3868 declarat,
2285 3811 2340 3857 et
2369 3802 2672 3858 istiusmodi
2703 3803 2882 3856 verbis
2914 3803 3145 3856 fratrum
3172 3803 3391 3856 ωσι-[ωε
3410 3809 3588 3864 curat,

1994 3895 2217 3965 dignus,
2241 3896 2284 3950 si
2317 3896 2606 3966 quisquam
2633 3896 2795 3963 alius,
2822 3897 2878 3949 in
2903 3912 3063 3964 quem
3118 3895 3471 3964 proverbium
3521 3895 3585 3945 il-

1994 3986 2388 4057 ludjactetur:
2435 3987 2657 4052 Medica,
2701 4005 2827 4042 cura
2865 3997 2915 4041 te
2968 3989 3141 4057 ipsum
3191 3987 3230 4041 ι.
3304 3987 3588 4051 Quodnam

2006 4081 2475 4136 medicamentum
2517 4081 2660 4150 turpi
2695 4081 2781 4135 isti
2817 4081 3020 4136 mentis
3050 4079 3243 4133 morbo
3299 4079 3584 4132 adhibebi-

1995 4191 2140 4241 mus,
2174 4175 2279 4231 nisi
2315 4176 2484 4240 alind,
2522 4175 2666 4245 quod
2701 4191 2728 4228 a
2766 4173 2972 4241 Spiritu
3035 4182 3229 4227 sancto
3276 4173 3433 4226 nobis
3498 4187 3594 4239 per

1998 4265 2264 4324 Joannem
2290 4269 2596 4324 exhibitum
2633 4278 2715 4322 est
2749 4268 2898 4322 hisce
2931 4265 3152 4320 verbis:
3218 4263 3284 4317 In
3335 4263 3593 4333 principio

2000 4371 2115 4415 erat
2154 4359 2402 4427 Verbum,
2435 4372 2483 4414 et
2515 4359 2739 4415 Verbum
2772 4375 2890 4413 erat
2951 4364 3092 4428 apud
3140 4356 3310 4410 Deum
3356 4367 3405 4408 et
3445 4353 3591 4408 Deus

1998 4463 2117 4510 erat
2187 4453 2460 4509 Verbum?
2537 4453 2725 4523 Neque
2781 4452 3054 4522 principio
3111 4451 3409 4520 quidquam
3507 4457 3591 4502 est

2000 4549 2294 4618 antiquius.
2324 4546 2380 4602 Si
2408 4547 2539 4616 quid
2570 4547 2718 4601 enim
2750 4561 2916 4614 supra
2939 4560 2999 4597 se
3028 4545 3260 4597 haberet
3303 4558 3415 4594 non
3446 4549 3594 4595 esset

2001 4640 2355 4710 principium.
2377 4636 2563 4707 Neque
2586 4637 2713 4691 licet
2736 4637 2884 4699 illud,
2917 4646 3055 4698 erat,
3085 4634 3415 4704 cogitatione
3440 4641 3588 4686 tran-

2004 4734 2178 4795 silire,
2212 4744 2267 4788 et
2288 4732 2510 4803 quando
2539 4747 2646 4785 non
2677 4739 2816 4790 erat,
2848 4727 3074 4781 intueri.
3107 4729 3239 4779 Dum
3271 4725 3416 4780 enim
3444 4725 3594 4795 cogi-

2004 4835 2184 4879 tamus
2212 4838 2320 4877 non
2354 4831 2497 4886 erat,
2525 4821 2765 4874 tollimus
2797 4818 2954 4882 illud,
2998 4826 3134 4870 erat.
3175 4815 3313 4868 Nam
3345 4815 3387 4870 si
3438 4816 3593 4884 prin-

2003 4917 2208 4986 cipium
2238 4916 2341 4968 hoc
2395 4921 2544 4968 esset
2601 4926 2667 4966 ex
2721 4924 2913 4965 eorum
2980 4922 3210 4963 numero
3273 4924 3395 4978 qua:
3471 4922 3596 4963 cum

2005 5014 2187 5084 aliquo
2220 5008 2602 5074 conferuntur,
2645 5016 2701 5061 ut
2737 5006 2906 5060 illud:
2941 5002 3595 5074 Principiumsapiemim,

2007 5117 2082 5172 et,
2128 5105 2445 5175 principium
2480 5104 2578 5158 via:
2609 5101 2775 5164 bona},
2806 5109 2878 5162 et,
2906 5097 2967 5152 In
2998 5099 3258 5167 principio
3294 5099 3413 5169 fecit
3437 5097 3595 5159 Deus,

2009 5197 2204 5253 liceret
2230 5199 2464 5252 fortasse
2499 5203 2681 5249 ortum
2740 5192 2908 5257 illius,
2935 5192 3027 5262 qui
3089 5206 3152 5246 ex
3179 5190 3272 5245 tali
3323 5189 3595 5261 principio

2011 5299 2312 5354 constaret,
2362 5287 2696 5356 cogitatione
2747 5285 3158 5341 transcendere.
3203 5283 3339 5337 Cum
3412 5290 3594 5335 autem

2014 5377 2272 5433 absoluta
2325 5377 2394 5432 sit
2431 5375 2520 5430 hic
2577 5375 2828 5444 principii
2882 5373 3039 5438 ratio,
3079 5388 3181 5426 nec
3235 5387 3358 5424 cum
3390 5371 3491 5423 alia
3539 5384 3598 5423 re
3639 5424 3642 5428 ,

2011 5472 2349 5538 conferatur,
2379 5470 2476 5526 sed
2519 5485 2786 5544 summam
2822 5477 3070 5522 naturam
3126 5465 3351 5528 indicet,
3411 5477 3596 5516 nonne

2015 5567 2284 5622 ridiculus
2346 5575 2450 5630 cst,
2492 5563 2581 5635 qui
2648 5579 2809 5634 supra
2861 5559 3192 5634 principium
3222 5556 3326 5610 hoc
3395 5551 3597 5623 aliquid

2017 5660 2242 5729 cogitat,
2274 5668 2369 5712 aut
2402 5666 2631 5714 conatur
2660 5657 2838 5726 ipsum
2884 5654 3099 5710 ratione
3132 5649 3437 5720 superare?
3467 5643 3600 5740 Illud

2011 5762 2217 5817 autem,
2256 5751 2410 5817 Erat,
2444 5749 2759 5806 extenditur
2791 5765 2855 5803 ex
2897 5762 3054 5818 aequo
3087 5755 3214 5802 cum
3249 5741 3416 5814 hujus
3447 5739 3598 5812 prin-'-
