4058 6404
381 317 486 386 521

1354 311 1729 373 I’ANOPLIA
1772 314 2228 376 DOGMATICA.
2262 340 2330 351 -·
2366 317 2515 376 'i‘l'l‘.
2557 316 2663 381 XI.

3542 323 3645 387 522

375 462 468 519 οὖν
489 464 585 519 τοῦ
612 465 942 534 Εὑαγγελίσυ
966 466 1220 537 λάϐωμεν
1242 465 1322 531 τὸ,
1364 468 1467 520 Ἐν
1488 464 1647 537 ἀρχῇ
1683 467 1764 535 ἦν
1792 472 1824 521 o'
1854 471 1952 522 Ao’~

2063 481 2129 523 ex
2169 462 2455 533 Evangelia
2485 463 2701 532 quidem
2744 479 3027 521 sumamus
3061 466 3231 522 illud:
3268 467 3334 524 In
3384 473 3637 542 principio

376 575 483 625 νος
504 571 518 584 °
554 558 618 609 ἐκ
642 556 697 610 δὲ
720 555 814 609 τοῦ
833 556 1054 628 ψαλμοῦ
1090 558 1166 621 ὡς
1194 559 1258 610 ὲκ
1299 556 1591 629 προσώπου
1622 556 1715 611 τοῦ
1750 559 1961 630 Harpe;

374 648 670 719 εἰρημένον
702 648 784 714 τὸ,
817 649 912 702 ἐκ
936 649 1200 718 γαστρὸς
1237 649 1352 718 πρὸ
1386 650 1697 720 ἐωσφρρου
1870 671 1961 724 γε·

373 737 645 807 τέννηκά
676 755 753 793 σε
772 757 785 770 ·
815 741 910 793 καὶ
936 740 1219 805 συνθέντες
1246 743 1552 814 ἀμφότερα,
1587 744 1855 817 εἴπωμεν,
1878 749 1962 801 ὅτι

374 832 473 883 καὶ
506 827 577 902 ἦν
622 834 715 886 καὶ
742 831 1089 901 γεγέννηται.
1134 834 1294 888 Ἀλλὰ
1320 836 1382 888 τὸ
1429 837 1546 906 μὲν,
1584 838 1959 909 Parem-rixa,

373 924 475 993 τὴν
506 924 687 976 αἰτίαν
707 925 801 993 ἀφ’
829 920 897 997 ἧς
926 924 1038 995 ἔχει
1062 925 1162 996 τὴν
1184 925 1362 996 ἀρχὴν
1385 926 1481 980 τοῦ
1511 925 1652 983 εἷναι
1679 930 1955 1001 σημαίνειο

374 1015 436 1067 τὸ
459 1015 539 1076 δὲ,
569 1010 712 1078 'Hr,
744 1016 844 1086 τὴν
871 1016 1098 1086 ἄχρονον
1124 1017 1290 1070 αὑτοῦ
1310 1020 1407 1072 καί
1428 1019 1751 1089 προαιώνιον
1778 1021 1959 1093 ὕπαρ-α

379 1106 479 1170 ξιν.
523 1107 582 1158 Ὀ
623 1106 703 1168 δὲ,
756 1107 1231 1178 ἐπαγωνιζόμενος
1267 1113 1332 1181 τῇ
1385 1113 1581 1166 ἑαυτοῦ
1618 1114 1836 1185 ἀπάτῃ,
1879 1116 1958 1177 εἰς

384 1198 577 1255 aram
606 1198 698 1251 τὸν
735 1198 892 1267 λόγον
913 1201 1148 1270 ἀπάγειν
1176 1202 1367 1255 οἴεται.

450 1381 609 1434 ΕΥΝ.
670 1383 733 1434 ΕΞ
764 1382 891 1453 γὰρ,
940 1385 1094 1456 φησὶ,
1146 1364 1252 1457 πρὸ
1282 1388 1381 1457 τῆς
1405 1390 1710 1460 γεννήσεως
1892 1388 1962 1462 ἦν

377 1473 476 1541 τῆς
510 1472 703 1524 ἑαυτοῦ
732 1474 760 1523 ὁ
792 1472 937 1538 Υἱὸς,
974 1475 1269 1548 ἀγέννητος
1301 1474 1388 1549 ἦν.

350 1588 360 1596 -
449 1564 596 1615 ΒΛΣ.
641 1564 801 1618 Ἀλλὰ
850 1566 914 1618 τὸ
955 1566 1068 1633 πρὸ
1113 1567 1223 1637 τῆς
1282 1570 1620 1638 γεννήσεως
1684 1574 1873 1638 τοῦτο,
1916 1570 1961 1629 ὦ

379 1656 600 1725 μάταιε,
651 1657 768 1725 ἦτοι
812 1656 1165 1728 ἀνύπαρκτόν
1210 1661 1325 1713 ἐστι
1370 1663 1678 1729 παντελῶς,
1714 1666 1807 1719 καὶ
1849 1668 1961 1721 δια-

378 1748 529 1812 νοίας
559 1748 918 1819 ἁναπλασμὸς
945 1750 1125 1805 οὐδενὶ
1165 1753 1516 1826 ὲρειδομένης
1565 1757 1911 1832 ὑποκειμένῳ
1942 1780 1954 1791 ·

376 1842 475 1894 καὶ
532 1840 584 1893 τί
633 1840 714 1894 δεῖ
761 1841 1063 1909 ἀντιλέγειν
1095 1847 1209 1907 τοῖς
1258 1846 1542 1917 ἀνοήτοις;
1576 1852 1960 1924 παραπλήσιον

376 1931 489 2000 γὰρ
517 1930 693 1995 τοῦτο,
720 1930 911 2002 ὥσπερ
934 1932 1000 1986 ἂν
1034 1935 1082 1986 εί
1111 1935 1204 1987 καὶ
1234 1935 1311 2006 τῷ
1341 1937 1433 1989 τὸν
1453 1938 1709 2010 λογισμὸν
1735 1943 1799 1995 ἐκ
1825 1960 1958 2015 φρε-

376 2021 573 2085 νίτιδος
606 2024 991 2093 παρενεχθέντι
1014 2024 1385 2098 διεμαχόμεθα
1416 2045 1429 2058 ⁶
1466 2030 1498 2099 ἢ
1525 2033 1573 2083 εἰ
1608 2033 1743 2101 πρός
1764 2051 1821 2086 τι
1851 2035 1958 2089 τῶν

374 2115 546 2168 ὅντων
594 2115 846 2185 φέρεται,
893 2118 987 2170 καὶ
1046 2118 1179 2190 πρὸς
1204 2120 1302 2191 τὴν
1355 2121 1461 2175 τῶν
1491 2123 1701 2178 αἰώνων
1750 2126 1959 2182 ἔννοιαν

376 2207 754 2276 ἐνεχθήσεται.
813 2208 948 2261 Ἀλλ’
977 2210 1133 2283 εἴπερ
1167 2212 1363 2276 αἰῶνες
1411 2215 1611 2280 πάντες
1658 2218 1811 2272 κάτω
1854 2237 1956 2274 που

372 2299 474 2368 τῆς
503 2299 770 2366 γενέσεως
970 2302 1065 2355 τοῦ
1106 2304 1445 2373 Μονογενοῦς
1490 2307 1758 2375 νοοῦνται,
1789 2313 1956 2366 αὑτοῦ

374 2390 586 2444 ἐκείνου
632 2392 784 2455 ὄντες
818 2395 1122 2465 ποιήματα,
1179 2397 1410 2466 μάταιος
1459 2401 1489 2452 ὁ
1542 2400 1819 2471 ἐπιζητῶν
1861 2405 1958 2476 τῆς

371 2484 725 2548 ὑποστάσεως
775 2484 870 2538 τοῦ
931 2486 1061 2540 Υίοῦ
1114 2488 1185 2540 τὰ
1234 2489 1600 2564 πρεσϐύτερα.
1633 2494 1801 2547 Οὐδὲν
1847 2496 1956 2567 γὰρ

371 2573 713 2644 ἀλλοιότερον
733 2577 933 2645 ἐρωτᾷ,
967 2577 1001 2648 ἢ
1034 2578 1082 2630 εί
1102 2578 1196 2632 καὶ
1238 2580 1368 2651 ’περὶ¹
1397 2581 1492 2635 τοῦ
1544 2583 1758 2656 Πατρδς
1794 2587 1958 2640 ὲπυν-

374 2665 594 2730 θάνετο,
632 2668 862 2737 πότερον
910 2669 1123 2741 ὑπῆρχε
1168 2672 1274 2742 πρὸ
1310 2674 1410 2744 τῆς
1441 2674 1580 2739 ἰδίας
1620 2678 1955 2744 συστάσεως,

370 2757 404 2826 ῆ
428 2757 573 2826 οὐχί.
614 2758 701 2820 Ὠς
730 2760 841 2831 γὰρ
874 2761 991 2813 ἐκεῖ
1018 2762 1249 2832 ἀνόητον
1294 2764 1354 2817 τὸ
1389 2764 1652 2838 ἐρώτημα
1675 2810 1690 2835 ,
1732 2770 1826 2823 ἐπὶ
1860 2774 1957 2827 τοῦ

368 2849 612 2920 ἀνάρκου
666 2851 763 2903 καὶ
817 2852 1117 2923 ἀγεννήτου
1157 2853 1339 2924 ζητεῖν
1370 2856 1429 2909 τὸ
1473 2857 1779 2934 ἀνώτερον·
1815 2862 1957 2919 οὕτω

366 2941 466 2993 καὶ
494 2941 751 3006 ἐνταῦθα,
790 2942 882 2996 ἐπὶ
920 2947 1016 2998 τοῦ
1046 2944 1106 3011 ἐξ
1144 2946 1313 3001 ἀϊδίου
1343 2948 1421 3019 τῷ
1458 2950 1634 3023 Harp!
1684 2955 1952 3024 συνόντος,

364 3035 465 3089 καὶ
491 3036 645 3088 οὐδὲν
666 3036 879 3107 ἔχοντος
917 3038 1083 3110 μέσον
1116 3040 1310 3094 ἑαυτοῦ
1333 3059 1392 3095 τε
1417 3044 1514 3097 καὶ
1538 3044 1633 3098 τοῦ
1660 3049 1955 3120 γεννήσαν-

361 3143 479 3189 τος.
504 3127 764 3197 χροκκάς
799 3130 1067 3185 ποιεῖσθαι
1093 3130 1185 3185 τοῦ
1214 3135 1483 3205 προτέρου
1512 3136 1611 3200 τὰς
1632 3139 1951 3211 ἐρωτήσεις,

361 3220 464 3289 τῆς
489 3220 613 3290 ἴσης
635 3220 803 3284 ὅντως
826 3221 1030 3287 ἀνοίας.
1057 3224 1446 3297 Παραπλήσιον
1461 3227 1570 3302 γὰρ
1703 3232 1912 3307 ἐρωτᾷν
1935 3274 1950 3299 ,

362 3312 415 3363 τί
451 3310 605 3364 ἔσται
637 3310 778 3381 μετὰ
809 3314 907 3384 τὴν
948 3313 1206 3388 τελευτὴν
1235 3316 1331 3371 τοῦ
1368 3318 1660 3386 ἀθανάτου,
1703 3324 1797 3378 καὶ
1829 3328 1952 3379 ἐπι-

2062 566 2173 611 erat
2216 553 2435 610 Verbum
2478 557 2535 619 ¹;
2571 557 2672 610 hoc
2730 570 2860 612 vero
2897 571 2961 612 ex
2999 556 3216 615 Psalmo
3262 561 3405 617 velut
3448 576 3478 615 e
3523 578 3641 632 νει-ο

2062 663 2196 703 sona
2226 646 2406 702 Patris
2440 647 2644 702 dictum
2675 665 2690 701 :
2722 647 2801 700 Ab
2825 658 2972 703 utero
3006 662 3129 705 ante
3171 652 3448 721 luciferum
3485 655 3640 723 genui

2067 749 2115 793 te
2159 737 2177 764 ³
2205 754 2219 804 ;
2253 747 2415 807 atque
2452 738 2696 805 utrisque
2730 737 2872 792 inter
2904 754 2964 793 se
3009 741 3323 808 compositis
3350 742 3592 797 dicamus
3625 758 3637 792 :

2066 831 2130 885 Et
2158 843 2298 897 erat,
2325 840 2384 886 et.
2418 831 2633 898 genitus
2652 843 2758 887 est.
2792 830 2988 886 Verum
3013 848 3116 887 vox
3151 831 3319 887 Genui
3353 850 3572 891 causam
3611 854 3640 889 a

2066 938 2170 991 qua
2221 922 2546 993 principium
2581 924 2748 979 habet
2785 926 3012 990 carendi,
3044 926 3356 994 signiticet:
3401 943 3500 983 vos
3546 898 3673 989 au}:

2067 1027 2195 1079 tem,
2228 1013 2383 1082 Erat,
2430 1016 2634 1071 indicat
2676 1015 2795 1083 ejus
2832 1017 3207 1071 exsistentiam
3262 1026 3505 1088 tempore
3546 1034 3643 1085 ca-

2066 1116 2274 1159 rentem
2317 1122 2383 1161 ac
2414 1108 2824 1176 sempiternam.
2867 1107 2974 1162 Sed
3016 1121 3145 1162 vero
3191 1123 3289 1177 pro
3319 1124 3415 1163 sua
3454 1110 3643 1165 fraude

2063 1198 2346 1253 decertans
2379 1198 2692 1262 Eunomius,
2709 1201 3011 1254 orationem
3042 1199 3109 1253 ad
3137 1200 3435 1256 absurdum
3470 1202 3642 1257 addu-

2062 1304 2184 1345 cere
2214 1304 2274 1345 se
2304 1299 2476 1359 putat.

2131 1378 2268 1435 Eun.
2304 1379 2364 1435 Si
2408 1381 2552 1436 enim
2582 1422 2598 1446 ,
2629 1383 2823 1451 inquit,
2876 1392 3002 1439 ante
3050 1399 3203 1440 suam
3236 1386 3641 1456 generationem

2062 1470 2230 1526 Filius
2254 1481 2396 1535 erat,
2436 1474 2706 1542 ingenitus
2732 1484 2873 1529 erat.

2131 1564 2256 1618 Bas.
2280 1566 2352 1620 At
2383 1565 2532 1629 illud,
2568 1576 2691 1620 ante
2721 1568 3140 1636 'generationem,
3162 1584 3196 1623 ο
3236 1570 3320 1623 vir
3352 1584 3511 1635 vane,
3546 1582 3644 1626 aut

2061 1655 2203 1710 nullo
2230 1654 2389 1709 modo
2429 1656 2695 1720 subsistit,
2756 1660 3065 1727 mentisque
3105 1658 3235 1711 nulli
3281 1660 3527 1728 subjecto
3558 1663 3641 1715 in-

2060 1745 2314 1800 haerentis
2352 1758 2717 1801 commentum
2768 1733 2870 1804 est.
2901 1748 3008 1803 Sed
3048 1750 3179 1819 quid
3214 1752 3410 1804 attinet
3460 1751 3641 1807 stultis

2056 1838 2437 1892 contradicere
2469 1837 2492 1890 ?
2519 1840 2622 1893 hoc
2653 1844 2797 1894 enim
2847 1840 3072 1909 perinde
3109 1852 3193 1895 est
3224 1852 3389 1912 atque
3422 1858 3544 1897 eum
3575 1858 3641 1897 eo

1993 1908 2033 1961 Β
2059 1930 2391 1985 contendere
2414 1966 2431 1997 ,
2462 1930 2549 1986 Cui
2577 1931 2802 1986 rationis
2841 1908 2994 1986 usum
3030 1933 3313 2002 phrenesis
3353 1935 3637 1990 ademerit.

2058 2024 2163 2076 Aut
2188 2024 2232 2076 si
2264 2022 2333 2075 ad
2358 2023 2635 2092 quidpiam
2671 2038 2860 2078 eorum
2894 2040 3015 2093 qua:
3054 2035 3182 2079 sunt
3216 2027 3413 2092 tendit,
3443 2026 3510 2081 ad
3540 2042 3641 2082 sae-

2056 2115 2299 2169 culorum
2335 2128 2555 2185 quoque
2580 2116 2859 2171 notionem
2884 2118 3201 2172 deducetur.
3238 2115 3438 2172 Verum
3470 2120 3516 2173 si
3545 2134 3642 2173 sa:-

2056 2205 2172 2258 cula
2211 2207 2392 2260 omnia
2430 2206 2569 2260 infra
2593 2206 2998 2278 generationem
3029 2206 3304 2278 Unigeniti
3331 2209 3641 2279 intelligun-

2057 2305 2163 2359 tur,
2194 2313 2318 2351 cum
2362 2297 2507 2353 illius
2552 2298 2722 2367 ipsius
2770 2300 2881 2354 sint
2910 2308 3195 2365 creaturae,
3220 2315 3393 2355 vanus
3429 2312 3513 2355 est
3544 2303 3635 2371 qui

2054 2389 2182 2455 quid
2239 2390 2545 2444 substantia
2580 2388 2702 2444 Filii
2756 2391 3035 2459 antiquius
3068 2392 3284 2459 quaerit.
3309 2390 3453 2446 Nihil
3492 2394 3637 2448 enim

2054 2481 2282 2535 alienius
2312 2482 2526 2549 quaerit,
2545 2497 2709 2550 quam
2741 2483 2787 2536 si
2815 2483 2883 2541 de
2911 2482 3068 2537 Patre
3089 2484 3253 2537 etiam
3290 2496 3638 2553 percontare-

2057 2582 2166 2635 tur,
2188 2582 2364 2626 utrum
2394 2582 2520 2628 ante
2548 2588 2702 2629 suam
2726 2574 3171 2629 constitutionem
3207 2574 3470 2641 fuerit,an
3508 2592 3634 2631 non.

2055 2663 2267 2717 Etenim
2300 2673 2358 2717 ut
2375 2663 2486 2719 illic
2512 2665 2601 2720 hic
2626 2665 2852 2735 quastio
2873 2667 3035 2721 stulta
3066 2676 3170 2732 est,
3395 2684 3637 2736 quaerere

2054 2755 2306 2812 videlicet
2336 2758 2387 2811 in
2411 2772 2475 2812 eo
2498 2757 2588 2826 qui
2614 2757 2880 2829 principio
2913 2766 3137 2814 caretac
3165 2759 3434 2829 ingenitus
3451 2768 3638 2813 estsuo

2053 2849 2235 2917 peritis
2261 2849 2516 2918 quiddam
2540 2864 2553 2899 :
2590 2849 2661 2903 ita
2684 2850 2771 2905 hic
2798 2865 3015 2920 quoque
3038 2851 3103 2905 de
3126 2865 3190 2905 eo
3221 2852 3312 2920 qui
3338 2850 3406 2904 ab
3431 2861 3638 2907 azterno

2052 2950 2136 2995 est
2162 2955 2287 2996 cum
2321 2941 2505 3005 Patre,
2534 2942 2777 3012 nihilque
2810 2941 2971 2997 habet
3002 2943 3164 2997 medii
3207 2943 3347 2997 inter
3380 2957 3439 2997 se
3460 2952 3517 2997 et
3545 2958 3639 3011 ge-

2055 3031 2323 3098 nitorem,
2360 3033 2686 3101 temporales
2719 3033 2901 3088 faccre
2943 3040 3008 3087 de
3038 3033 3218 3103 priore
3268 3016 3632 3103 quaestiones;

2052 3123 2275 3191 aequalis
2315 3124 2473 3192 plane
2512 3123 2800 3179 dementiae
2839 3133 2942 3180 est.
2972 3122 3107 3178 Nam
3149 3126 3371 3192 perinde
3411 3127 3539 3191 erit,
3571 3141 3635 3180 ac

2050 3214 2098 3270 ai
2137 3214 2259 3284 quis
2286 3214 2583 3283 interroget
2610 3214 2738 3282 quid
2767 3213 3006 3268 futurum
3039 3215 3108 3267 sit
3137 3226 3254 3283 post
3277 3216 3482 3269 obitum
3521 3213 3637 3283 ejus

2053 3309 2142 3379 qui
2175 3307 2497 3365 immortalis
2531 3317 2634 3375 est,
2677 3316 2992 3378 qnzeratque
3034 3309 3161 3377 quid
3207 3308 3480 3362 exstiterit
3513 3318 3640 3363 ante

365 3392 551 3474 ζητεῖν
596 3404 651 3457 τί
691 3404 904 3476 ὑπῆρχε
945 3407 1051 3478 πρὸ
1079 3411 1174 3479 τῆς
1200 3412 1503 3483 γεννήσεως
1541 3412 1637 3466 τοῦ
1663 3414 1857 3470 ἀϊδίου.
1888 3418 1952 3471 Ol

2055 3400 2456 3470 generationem
2489 3400 2822 3470 sempiterni.
2876 3398 2937 3453 lli
2977 3412 3176 3464 autem.
3212 3401 3337 3470 quia
3390 3400 3637 3470 principii

366 3498 445 3560 δὲ,
472 3497 660 3569 emas,
694 3497 756 3551 τὸ
774 3500 1010 3570 ἄναρχον
1039 3500 1130 3555 τοῦ
1173 3503 1384 3575 Πατρὸς
1406 3504 1577 3560 ἀΐδιον
1605 3508 1949 3578 ὀνομάζεται,

373 3590 560 3641 ταυτὸν
594 3590 654 3642 τὺ
677 3591 901 3662 ἀνάρχῳ
927 3592 987 3644 τὸ
1009 3593 1178 3647 ἀΐδιον
1206 3594 1592 3664 ἀποφαίνουσι,
1640 3601 1734 3652 κα)⁸
1763 3601 1949 3672 ἐπειδὴ

382 3677 457 3746 μὴ
502 3680 787 3753 ἀγέννητος
834 3686 861 3736 ὀ
902 3684 1048 3748 Υἱὸς,
1076 3685 1195 3737 οὐδὲ
1226 3687 1395 3740 α’ἰδιον
1420 3683 1559 3743 εἶναι
1607 3691 1945 3761 ὁμολογοῦσι.

374 3766 621 3822 Πλεῖστον
670 3771 727 3825 δὲ
776 3773 1024 3843 διαφέρει
1055 3774 1198 3829 κατὰ
1227 3776 1326 3847 τὴν
1364 3776 1591 3834 ἔννοιαν.
1632 3781 1950 3853 Ἀγέννητον

366 3858 467 3928 μὲν
517 3862 624 3933 γὰρ
656 3863 875 3932 λέγεται
910 3866 969 3919 τὸ
998 3867 1271 3939 μηδεμίαν
1314 3870 1489 3942 ἀρχὴν
1539 3873 1759 3938 ἑαυτοῦ,
1814 3876 1948 3947 μηδὲ

361 3951 540 4004 αἰτίαν
576 3953 698 4023 ἕχον
727 3955 821 4009 τοῦ
855 3951 1024 4010 ε’ναι·
1054 3959 1221 4013 ἀΐδιον
1251 3960 1306 4013 δὲ
1328 3961 1389 4013 τὸ
1411 3964 1600 4033 χρόνου
1632 3965 1832 4029 παντὸς
1854 3968 1947 4021 καὶ

358 4043 554 4107 αἰῶνος
584 4046 725 4101 κατὰ
744 4048 805 4101 τὸ
832 4044 973 4103 εἶναι
996 4050 1388 4123 πρεσϐύτερον.
1419 4054 1582 4109 Ὅθεν
1619 4057 1713 4110 καὶ
1740 4059 1768 4110 ό
1791 4057 1942 4121 Υἱὸς,

359 4131 454 4185 καὶ
506 4132 607 4186 οὐκ
644 4135 958 4208 ἀγένιητος,
1013 4141 1106 4192 καὶ
1157 4141 1345 4206 ἀΐδιος.
1395 4143 1534 4214 "lion
1580 4144 1637 4198 δὲ
1669 4148 1763 4200 καὶ
1821 4148 1945 4210 τοὺς

358 4221 569 4287 αἰῶνας
600 4224 811 4289 ἀξιοῦσί
851 4245 998 4293 τινες
1052 4231 1148 4302 τῆς
1184 4231 1277 4284 τοῦ
1314 4233 1485 4286 ἀϊδίου
1676 4252 1945 4307 προσηγο-

360 4312 501 4385 ρίας,
541 4314 617 4379 ὡς
643 4318 706 4369 ἐκ
732 4318 826 4371 τοῦ
856 4320 944 4373 ἀεὶ
974 4316 1113 4375 εἶναι
1147 4323 1247 4393 τῆς
1275 4323 1519 4395 κλήσεως
1542 4326 1746 4397 ταύτης
1786 4347 1941 4382 τετυ-

357 4411 613 4485 ῃκότας.
670 4414 858 4485 Ἡμεῖς
912 4417 969 4470 δὲ
1007 4418 1104 4489 τῆς
1163 4417 1333 4490 αὐτῆς
1392 4418 1718 4490 λογιζόμεθα
1772 4439 1945 4495 παρα-

360 4502 507 4565 νοίας
533 4503 625 4557 καί
661 4507 725 4576 τῇ
755 4505 929 4560 κτίσει
968 4510 1411 4579 προσμαρτυρεῖν
1436 4509 1497 4561 τὸ
1523 4510 1713 4576 ἁΰιον,
1740 4513 1833 4564 καὶ
1857 4514 1945 4568 τὸν

360 4595 639 4665 Δεσπότην
670 4596 769 4664 τῆς
794 4598 1022 4661 κτίσεως
1050 4599 1147 4667 τῆς
1180 4599 1467 4668 ὁμολογίας
1495 4600 1696 4671 ταύτης
1720 4603 1945 4657 ἀποστε-

362 4700 498 4749 ρειν,
1224 4756 1229 4759 _
1302 4758 1309 4767 ι

794 4794 893 4846 Ἐκ
936 4792 1042 4846 τοῦ
1079 4792 1267 4847 αὐτοῦ
1300 4795 1509 4861 λόγου.

428 4882 533 4935 Tir:
566 4887 829 4954 μονογενῆ
860 4885 989 4941 Yle
1024 4886 1298 4957 ὑπουργὸν
1325 4890 1758 4959 προσηγόρευσε,
1786 4890 1943 4944 τοῦτο

356 4977 509 5048 αὖτῷ
543 4979 859 5047 προστιθεὶς
890 4980 1063 5049 μέγα,
1096 4982 1179 5034 ὅτι
1211 4980 1431 5045 εὔθετος
1461 4972 1596 5054 πρὸς
1630 4983 1729 5055 τὴν
1756 4985 1943 5040 διακο·

358 5069 483 5121 νίαν
510 5069 633 5136 ξτῶν
689 5073 1140 5142 ὲπιτασσομένων
1174 5074 1343 5143 ἐστίν.
1377 5074 1441 5129 Ei
1484 5075 1596 5143 γὰρ
1630 5076 1731 5129 οὐκ
1762 5077 1821 5129 ἐν
1871 5076 1949 5142 τῷ

357 5161 483 5232 Θεῷ
529 5158 673 5217 εἶναι
707 5165 908 5229 τέλειος
947 5166 1046 5236 τὴν
1093 5164 1261 5241 δόξαν
1296 5166 1590 5237 κέκτηται,
1630 5167 1749 5222 ἀλλ’
1788 5170 1845 5221 ὲν
1877 5170 1953 5238 τῷ

354 5255 633 5326 ὑπουργὸς
662 5255 919 5326 ἀκριϐὴς,
944 5259 999 5310 τί
1020 5258 1219 5315 etuias:
1240 5258 1348 5313 τῶν
1374 5258 1768 5330 λειτουργικῶν
1790 5278 1949 5315 πνευ-

355 5349 547 5417 μάτων
580 5350 889 5420 ἀμέμπτως
922 5350 983 5404 τὸ
1007 5350 1168 5422 ἔργον
1195 5352 1303 5420 ,τῆς
1332 5352 1612 5414 διακονίας
1637 5351 1948 5405 ἔπιτελούνυ

352 5458 500 5508 των;
543 5443 644 5496 Διὰ
676 5443 847 5497 ταῦτα
875 5442 955 5514 τῷ
983 5445 1267 5513 γεννηθεὶς
1305 5444 1361 5499 τὸ
1390 5444 1634 5508 κτισθεὶς
1671 5447 1908 5516 συνῆψεν
1932 5487 1945 5510 ,

351 5534 446 5590 ἶνα
492 5537 792 5591 κάντεῦθεν
840 5539 1111 5608 μηδεμίαν
1150 5535 1318 5593 οὖσαν
1358 5539 1491 5593 Υίοῦ
1528 5541 1623 5593 καὶ
1656 5539 1955 5610 κτίσματος

350 5629 623 5701 διαφορὰν
645 5630 913 5703 ἐπιδείξῃ.
944 5631 1134 5697 Ἀξιον
1159 5632 1217 5686 δὲ
1246 5631 1479 5695 ἀκοῦσαι
1507 5633 1600 5686 καὶ
1622 5632 1719 5701 τῆς
1752 5649 1948 5702 nepa:-

426 5799 439 5827 ’
473 5796 636 5853 Joan.
665 5814 704 5865 ι,
739 5796 790 5851 1.
869 5798 889 5827 ³
919 5795 1059 5874 ρευι,
1088 5810 1201 5858 cu,
1233 5795 1288 5850 5.

710 5892 979 5951 ιίτιιοι..
1024 5886 1139 5951 Gn.
1174 5888 1437 5951 CXXX.

2054 3489 2108 3544 iu
2136 3488 2295 3544 Patre
2332 3490 2563 3560 privatio
2593 3492 2867 3546 aeternitas
2908 3492 3236 3557 nominatur,
3276 3492 3636 3575 privationem

2052 3581 2304 3652 principii
2339 3583 2799 3637 decernuntidem
2835 3600 2955 3638 esse
2992 3593 3154 3652 atque
3183 3583 3637 3647 arternitalem,et

2051 3674 2306 3744 quoniam
2332 3672 2501 3729 Filius
2530 3684 2743 3730 nonest
2784 3676 3081 3745 ingenitus,
3111 3688 3179 3728 ne
3210 3686 3474 3728 internum
3509 3674 3633 3744 qui-

2050 3760 2172 3818 (lem
2212 3778 2332 3818 esse
2364 3764 2703 3834 proﬁtentur.
2724 3764 2829 3820 Sed
2870 3775 3049 3820 tamen
3086 3767 3199 3820 haec
3237 3764 3489 3821 diﬂ‘erunt
3512 3766 3635 3836 plu-

2055 3854 2248 3908 rimum
2297 3854 2714 3923 signiﬁcatione.
2744 3853 2879 3910 Nam
2917 3857 3213 3926 ingenitum
3242 3858 3461 3923 dicitur,
3492 3860 3635 3928 quod

2056 3960 2231 4014 neque
2286 3945 2610 4015 principium
2644 3949 2725 4002 sui
2768 3948 2958 4019 ipsius,
3001 3962 3173 4017 neque
3214 3963 3432 4002 causam
3479 3958 3535 4002 ut
3565 3950 3634 4004 sit

2055 4036 2260 4091 habet:
2297 4047 2559 4092 :eternum
2593 4055 2744 4106 vero,
2785 4042 2926 4110 quod
2968 4051 3208 4111 tempore
3249 4041 3395 4094 omni
3430 4051 3484 4094 et
3520 4055 3636 4094 atro

2052 4127 2348 4181 secundum
2381 4144 2491 4182 esse
2520 4130 2796 4200 antiquius
2849 4142 2954 4186 est.
2999 4131 3148 4187 Unde
3185 4142 3237 4187 et
3268 4131 3432 4186 Filius
3465 4140 3523 4185 ut
3552 4142 3637 4187 est

2055 4234 2161 4274 non
2181 4219 2473 4289 ingenitus,
2495 4224 2568 4276 ita
2590 4234 2823 4280 wternus
2842 4235 2943 4280 est.
2960 4222 3083 4279 Jan:
3109 4241 3236 4280 vero
3256 4224 3449 4280 saecula
3473 4225 3634 4279 etiam

2054 4314 2242 4367 ἀξιοτιιί
2274 4315 2635 4384 appellatione
2668 4319 2909 4373 nonnulli
2947 4320 3258 4389 dignantur,
3294 4317 3447 4387 quasi
3472 4332 3537 4371 ex
3570 4330 3637 4372 eo

2055 4405 2199 4473 quod
2229 4420 2442 4475 semper
2465 4408 2596 4471 sint,
2636 4410 2739 4479 hoc
2765 4411 2996 4464 nominis
3016 4412 3212 4482 adepta
3242 4412 3370 4466 sint.
3397 4410 3504 4465 Nos
3539 4425 3637 4463 au—

2060 4507 2165 4551 tem
2201 4505 2253 4548 et
2286 4500 2551 4551 creaturis
2600 4500 2924 4553 aeternitatis
2959 4503 3322 4556 testimonium
3370 4502 3634 4571 prwbere,

2056 4596 2109 4641 et
2144 4593 2513 4639 creaturarum
2559 4588 2840 4641 Dominum
2887 4590 2986 4642 hnc
3027 4580 3368 4645 cenl‘essione
3398 4590 3633 4660 privare,

2058 4678 2296 4744 ejusdem
2330 4692 2451 4733 esse
2479 4680 2728 4735 amentia:
2753 4680 3102 4734 arbitramur.

2579 4798 2665 4852 Ex
2697 4800 2876 4853 eodem
2916 4800 3078 4854 libro.

2124 4893 2478 4963 llnigenitnm
2512 4891 2707 4947 Filium
2749 4892 3067 4946 ministrum
3114 4895 3427 4963 appellauit,
3457 4908 3558 4950 noc
3586 4894 3638 4947 ei

2051 5001 2305 5054 magnum
2329 4985 2653 5048 attribuens,
2681 4984 2823 5053 quod
2846 4985 2912 5035 ad
2934 4999 3124 5037 eorum
3169 5000 3290 5051 qua:
3310 4987 3642 5056 praecipiun-

2055 5088 2142 5130 tur
2190 5075 2554 5131 ministerium
2590 5074 2815 5128 idoneus
2866 5082 2973 5128 est.
3041 5071 3097 5126 Si
3135 5075 3281 5128 enim
3326 5089 3433 5127 non
3475 5076 3529 5130 in
3569 5092 3639 5132 eo

2056 5172 2199 5238 quod
2260 5170 2397 5223 Deus
2427 5166 2700 5237 perfectus
2730 5168 2823 5231 sit,
2872 5162 3214 5236 maiestatem
3243 5167 3510 5237 possidet,
3542 5169 3637 5222 sed

2058 5264 2112 5316 in
2145 5277 2211 5317 eo
2238 5261 2381 5330 quod
2413 5260 2633 5316 sedulus
2663 5263 2735 5315 sit
2772 5260 3042 5326 minister,
3077 5260 3191 5329 jam
3227 5274 3256 5312 a
3300 5258 3640 5314 ministrato-

2059 5351 2157 5406 riis
2186 5350 2488 5421 spiritibus,
2515 5349 2607 5418 qui
2661 5349 2932 5416 inculpate
2959 5347 3245 5403 ministerii
3289 5362 3425 5416 opus
3473 5347 3636 5417 perti-

2059 5442 2360 5511 eiunt,qua
2406 5441 2461 5495 in
2495 5454 2553 5495 re
2586 5438 2842 5495 diﬂ‘eret?
2879 5439 2971 5494 llis
3000 5440 3066 5495 de
3083 5439 3264 5494 causis
3292 5439 3407 5492 voci
3435 5441 3643 5509 genitus

2065 5555 2248 5595 vocem
2275 5550 2479 5593 creatus
2503 5537 2804 5605 conjunxit,
2836 5549 2893 5592 ut
2913 5539 3077 5593 etiam
3111 5536 3238 5591 hinc
3268 5536 3466 5591 nullam
3502 5536 3644 5589 inter

2061 5632 2257 5688 Filium
2276 5642 2332 5687 et
2356 5642 2663 5688 creaturam
2684 5630 3054 5688 diversitatem
3084 5646 3207 5687 esse
3232 5627 3638 5687 ostendatJnu

3246 5881 3317 5942 17
