4058 6398
466 322 570 385 5527

1712 324 2096 387 EUTHYMH
2140 316 2508 388 ZlGABENl

3638 312 3748 377 528

537 439 667 500 Bas.
710 443 897 502 Videte
924 456 978 503 ct
1017 446 1304 518 intelligite
1332 445 1662 501 horrendam
1704 443 2058 513 impietatem.

2241 445 2395 501 ΒΛΣ.
2461 444 2656 516 Ὁρᾶτε
2699 440 2795 496 καὶ
2844 436 3054 493 συνίετε
3087 436 3150 491 τὸ
3201 433 3301 506 τῆς
3342 431 3600 498 ἀσεϐείας
3620 450 3748 505 φρι-

468 536 767 606 Quantum,
820 542 1019 612 inquit,
1063 542 1366 613 ingenitum
1407 558 1437 597 a
1477 540 1665 613 genito
1694 538 1898 604 differt,
1923 547 2049 593 tan-

476 647 595 691 tum
622 630 839 688 (ἥσει-ει
871 627 963 682 lux
996 644 1028 682 a
1058 628 1198 688 luce,
1230 635 1285 680 ct
1321 626 1429 679 vita
1474 642 1503 678 a
1553 625 1688 689 vita,
1719 631 1776 677 et
1811 620 2057 691 potentia

475 741 506 779 a
536 722 800 795 potentia.
837 713 1242 790 lnterroﬁemus
1269 716 1434 787 igitur
1468 717 1682 785 ipsum,
1713 714 1932 783 Quanto
1979 714 2061 769 in-

476 814 703 871 tervallo
727 812 1027 883 ingenitum
1056 826 1088 866 a
1131 809 1319 882 genito
1357 807 1663 878 seiunctum
1706 808 1829 864 est?
1877 816 2057 863 utrum

476 917 645 974 parvo
681 903 885 972 aliquo,
922 911 979 957 et
1012 901 1146 965 tali,
1186 910 1246 955 ut
1288 909 1491 971 queant
1516 899 1733 955 tandem
1766 897 2060 969 aliquando

413 996 450 1048 ἰι
476 997 531 1051 in
559 994 698 1051 idem
732 995 875 1050 inter
902 1009 962 1051 se
986 994 1325 1051 convenire?
1354 1009 1423 1050 an
1458 994 1564 1051 hoc
1588 992 1820 1049 omnino
1855 992 2060 1063 impos-

445 1069 653 1150 'sibile,
679 1085 953 1155 eimagis,
972 1100 1141 1155 quam
1169 1085 1423 1142 eumdem
1451 1092 1726 1142 mortuum
1746 1098 1876 1141 esse
1897 1083 2059 1139 simul

473 1182 531 1232 et
560 1174 783 1241 vivere,
836 1190 997 1246 quam
1044 1192 1238 1231 sanum
1278 1176 1439 1232 simul
1490 1190 1613 1234 esse
1658 1186 1715 1234 et
1757 1185 2096 1249 προίει-ογ

474 1281 640 1336 quam
673 1268 899 1339 vigilare
923 1268 1086 1325 simul
1110 1278 1168 1323 et
1191 1269 1463 1326 dormire?
1495 1270 1647 1326 'l‘alia
1671 1284 1909 1340 namque
1933 1279 2062 1325 sunt

475 1375 817 1430 quaecunque
855 1361 959 1416 sibi
991 1361 1222 1416 invicem
1252 1375 1468 1417 summa
1486 1362 1834 1431 oppositione
1863 1363 2058 1416 adver-

476 1462 690 1517 santur,
718 1453 856 1508 adeo
884 1461 943 1506 ttt
969 1462 1238 1523 praesente
1267 1452 1443 1509 altero
1468 1453 1699 1509 alterum
1731 1455 1927 1510 abesse
1962 1468 2055 1509 ne-

476 1558 637 1600 cesse
662 1544 773 1599 sit:
809 1558 932 1613 qua)
968 1544 1043 1598 ita
1075 1553 1387 1613 comparata
1430 1554 1579 1610 sunt,
1617 1553 1675 1600 ut
1705 1545 1929 1600 oumino
1957 1560 2058 1600 uec

477 1635 637 1691 simul
665 1650 807 1703 esse,
835 1650 937 1693 nec
961 1636 1105 1694 inter
1132 1651 1193 1692 se
1225 1637 1505 1693 conciliari
1536 1639 1771 1707 possint.

682 1813 869 1883 Itaque
901 1830 1025 1870 cum
1073 1816 1139 1871 ad
1175 1817 1320 1872 hunc
1351 1819 1569 1874 modum
1605 1820 1791 1890 genito
1843 1819 2056 1890 ingeni-

2158 534 2529 598 κτόν.·”οσον,
2560 531 2722 603 φησὶ,
2744 529 2807 585 τὸ
2842 529 3141 599 ἀγέννητον
3159 527 3256 582 τοῦ
3280 523 3541 595 γεννητοῦ
3566 524 3750 603 διενη-

2161 636 2301 689 νοχε,
2349 619 2599 673 τοσοῦτον
2639 619 2829 672 διοίσει
2875 616 2937 670 τὸ
2970 617 3087 686 φῶς
3133 617 3272 689 πρὸς
3309 617 3371 672 τὸ
3410 618 3546 688 φῶς,
3578 618 3671 672 καὶ
3710 621 3745 690 ή

2160 711 2274 781 ζωὴ
2321 711 2457 784 πρὸς
2483 711 2587 783 τὴν
2611 710 2777 783 ζωὴν,
2818 710 2911 764 καὶ
2953 710 2988 781 ἠ
3028 710 3257 781 δύναμις
3294 710 3431 784 πρὸς
3458 710 3559 782 τὴν
3590 710 3749 765 δύνα-

2162 823 2273 878 μιν.
2340 798 2737 878 Ἐρωτήσωμεν
2773 803 2956 858 τοίνυν
2999 803 3163 858 αὐτόν
3183 821 3196 834 ·
3234 803 3308 858 Τὸ
3345 803 3404 857 δὲ
3453 804 3749 876 ἀγέννητον

2159 895 2252 953 τοῦ
2290 895 2538 969 γεννητοῦ
2566 897 2717 968 πόσῳ
2736 895 2921 967 μέτρῳ
2940 896 3224 967 διώρισται
3243 914 3259 963 ;
3284 891 3396 969 ἆρα
3419 897 3600 969 μικρῷ
3617 914 3747 962 τινι,

2159 991 2257 1046 καὶ
2282 991 2524 1064 τοσούτῳ
2565 1027 2582 1055 ,
2689 990 2830 1045 ὥστε
2862 989 3125 1045 δύνασθαί
3158 1006 3288 1044 ποτε
3323 988 3417 1044 καὶ
3448 990 3526 1053 είς
3554 989 3752 1043 ταυτὸν

2158 1083 2411 1155 ἀλλήλοις
2440 1082 2753 1155 conﬂuat;
2778 1083 2813 1156 ἢ
2836 1081 2998 1136 τοῦτο
3023 1080 3303 1143 παντελῶς
3328 1081 3632 1153 ἀμήχανον,
3655 1080 3748 1134 καὶ

2159 1176 2323 1232 πλέον
2354 1174 2764 1248 ἀδυνατώτερον
2806 1173 2903 1229 τοῦ
2934 1175 3029 1229 τὸν
3064 1173 3226 1228 αὐτὸν
3270 1169 3371 1244 ζῇν
3399 1174 3458 1226 ὲν
3488 1170 3567 1243 τῷ
3599 1170 3753 1242 αὐτῷ

2159 1268 2253 1323 καὶ
2279 1267 2558 1333 τεθνάναι,
2596 1266 2692 1322 καὶ
2718 1267 2982 1337 ὑγιαίνειν
3022 1265 3164 1321 κατά
3195 1264 3392 1320 ταυτὸν
3427 1264 3522 1319 καὶ
3548 1266 3749 1329 νοσεῖν,

2157 1360 2257 1415 καὶ
2289 1360 2654 1434 ἐγρηγορέναι
2685 1359 2823 1431 όμοῦ
2871 1359 2967 1414 καὶ
3004 1358 3324 1423 καθεύδειν;
3371 1356 3608 1413 Τοιαῦτα
3640 1358 3754 1430 γάρ

2157 1453 2259 1507 ὅσα
2281 1452 2425 1507 κατά
2447 1452 2547 1524 τὴν
2577 1452 2757 1524 ἄκραν
2781 1451 3054 1507 ἀντίθεσιν
3079 1451 3329 1523 ἀλλήλοις
3356 1450 3756 1522 ἀντικαοέστη-

2140 1562 2277 1611 κεν,
2315 1544 2458 1599 ὥστε
2493 1544 2761 1617 παρόντος
2787 1543 2882 1597 τοῦ
2936 1543 3123 1616 ἑτέρου
3174 1542 3491 1612 ἀναγκαίως
3531 1544 3751 1597 ἀπεῖναι

2158 1638 2408 1710 θάτερον,
2448 1638 2485 1692 ἀ
2526 1639 2621 1693 καὶ
2652 1638 3049 1711 ἀσυνύπαρκτα
3104 1636 3384 1701 παντελῶς
3435 1637 3529 1691 κοιλ⁸
3572 1638 3753 1709 ἀσύμ-

2152 1729 2300 1784 ϐατα
2435 1724 2573 1784 εἶναι
2603 1729 2837 1799 πέφυκε.

2354 1819 2513 1875 Καῖά
2541 1819 2607 1891 δὴ
2637 1816 2732 1874 οὖν
2769 1818 2959 1874 τοῦτον
2992 1820 3084 1874 τὸν
3122 1819 3322 1891 τρόπον
3354 1818 3490 1892 πρὸς
3529 1819 3589 1873 τὸ
3626 1836 3753 1885 γεν-

478 1910 590 1957 tum
618 1914 942 1974 opponatur,
987 1907 1078 1975 qui
1110 1907 1327 1961 Patrem
1361 1907 1536 1962 lucem
1569 1909 1852 1974 nominat,
1884 1909 2055 1965 lucem

2160 1910 2321 1982 νητὸν
2346 1909 2425 1981 τῷ
2456 1911 2738 1984 ἀγεννήτῳ
2766 1910 2869 1982 τῆς
2897 1909 3222 1990 ἀντιθέσεως
3245 1909 3433 1979 οὔσης,
3461 1912 3490 1964 ό
3512 1909 3604 1963 τὸν
3637 1910 3751 1964 Πα-

480 1993 663 2049 itidem
699 1993 918 2062 Filium,
950 1996 1152 2065 quique
1183 1998 1324 2052 banc
1360 1998 1537 2054 lucem
1574 1999 1642 2055 ab
1675 1999 1762 2055 illa
1789 2000 1908 2055 luce
1939 2009 2057 2054 tau-

481 2092 591 2138 tunt
641 2085 849 2142 distare
884 2088 1042 2156 dicit,
1095 2098 1360 2158 quantum
1409 2091 1655 2162 genitum
1695 2092 1765 2146 ab
1816 2091 2061 2162 ingenito

478 2175 677 2242 distat,
711 2177 802 2233 ille
845 2194 1156 2251 quanquam
1186 2181 1567 2238 humaniorem
1599 2198 1660 2239 se
1691 2185 1858 2239 verbo
1887 2185 2059 2240 simu-

477 2265 574 2332 lat,
604 2266 776 2324 lucem
808 2271 1016 2327 scilicet
1041 2272 1241 2347 Filium
1273 2286 1490 2343 quoque
1524 2273 1842 2343 uominans,
1880 2289 2061 2332 nonne

474 2359 668 2415 saltem
697 2361 747 2417 vi
770 2364 1058 2418 verborum
1080 2365 1408 2420 sententiam
1435 2365 1487 2421 in
1510 2368 1850 2423 contrarium
1875 2378 2061 2437 aperte

476 2438 1105 2510 abducit?Considerate
1121 2455 1268 2511 enim
1290 2457 1420 2527 quid
1456 2466 1763 2528 opponatur
1799 2459 2057 2528 ingenito,

474 2542 691 2601 aliudue
722 2546 1045 2618 ingenitum,
1092 2565 1161 2605 an
1211 2550 1500 2621 genitum?
1541 2550 1800 2609 Genitum
1845 2553 2055 2624 utique.

474 2633 613 2701 Quid
652 2651 780 2692 vero
808 2639 1101 2709 opponitur
1129 2639 1281 2695 luci?
1306 2640 1474 2698 luxne
1514 2640 1645 2708 alia,
1679 2657 1748 2697 an
1780 2644 2059 2699 tenebrae?

474 2726 519 2779 Τ
521 2727 735 2783 ευριπ-αι
760 2731 1024 2799 profecto.
1074 2732 1288 2803 itaque,
1317 2734 1361 2788 si
1390 2742 1654 2803 quantum
1688 2734 1869 2791 dill'ert
1901 2737 2057 2805 geni-

478 2827 587 2872 ttttu
619 2820 689 2874 ab
723 2820 979 2890 ingenito,
1028 2830 1236 2877 tantum
1280 2837 1507 2880 necesse
1548 2832 1635 2878 est
1661 2822 1837 2879 lucem
1870 2840 1902 2879 a
1936 2823 2057 2881 luce

475 2908 713 2976 diﬂ‘erre,
737 2911 822 2965 cui
850 2927 918 2967 ex
944 2913 1199 2969 omnibus
1227 2914 1477 2985 impietas
1500 2925 1779 2984 comperta
1804 2930 1912 2970 non
1946 2928 2052 2981 est,

474 2999 617 3066 quod
671 2999 722 3054 in
766 3003 1125 3072 appellatione
1156 3004 1305 3071 lucis
1356 3004 1693 3063 interserens
1751 3009 1896 3076 quod
1948 3007 2053 3063 luci

474 3090 782 3160 oppositum
828 3103 932 3159 est,
974 3093 1247 3166 Unigeniti
1283 3097 1645 3153 substantiam
1678 3107 1887 3154 natura:
1917 3098 2057 3155 locis

473 3182 809 3239 contrariam
862 3200 986 3243 esse
1042 3187 1375 3245 submonet?
1420 3189 1529 3245 Aut
1575 3192 1828 3247 ostendat
1892 3192 2050 3248 nobis

476 3275 647 3333 lucem
674 3293 796 3350 qua:
835 3280 939 3336 luci
971 3292 1298 3353 opponatur,
1338 3298 1568 3357 qumque
1593 3301 1718 3342 eum
1751 3288 2050 3358 oppositio-
2081 3254 2129 3316 ο

476 3367 561 3422 uis
591 3370 811 3426 modum
842 3372 1074 3439 habeat,
1102 3375 1196 3445 qui
1234 3377 1420 3449 genito
1443 3392 1569 3433 cum
1603 3378 1847 3450 ingenito
1878 3379 2061 3443 inter-

473 3461 637 3517 cedit.
664 3460 816 3529 Quod
840 3463 887 3521 si
912 3462 1031 3521 haec
1067 3480 1168 3523 nec
1195 3480 1301 3534 est,
1336 3483 1439 3526 nec
1471 3470 1591 3541 ipse
1618 3486 1857 3542 unquam
1889 3487 2052 3529 exco-

474 3552 647 3620 gitare
677 3554 903 3623 poterit;
933 3570 1000 3610 ne
1222 3557 1505 3630 ignoretur
1524 3575 1637 3631 ars,
1663 3576 1771 3632 qua
1801 3562 2055 3633 blasphe-

475 3643 635 3695 miam
663 3642 771 3699 alte
800 3646 1049 3703 adornat.
1074 3645 1210 3704 Nam
1242 3688 1260 3715 ,
1285 3652 1541 3721 quoniam
1580 3661 1733 3723 putat
1755 3654 2052 3725 ingenitum

473 3733 657 3800 genito
699 3749 765 3790 ex
798 3736 1027 3796 adverso
1056 3742 1293 3813 opponi,
1323 3743 1576 3800 eamdem
1608 3744 1716 3801 luci
1767 3761 1892 3803 cum
1934 3746 2054 3803 luce

471 3824 870 3893 oppositionem
894 3828 1158 3901 adaptat:
1186 3841 1244 3888 ut
1269 3831 1451 3890 Patris
1478 3835 1846 3893 substantiam
1867 3846 2053 3894 osten-

473 3917 561 3970 dat
588 3917 903 3980 substantia:
936 3923 1209 3997 Uuigeniti
1236 3939 1332 3996 per
1355 3927 1540 3985 omnia
1568 3932 1903 3990 contrariam
1931 3947 2056 3989 esse

475 4018 637 4080 atque
668 4014 974 4072 adversam.
1003 4014 1297 4090 Propterea
1322 4036 1461 4076 nova
1487 4022 1605 4078 haec
1625 4032 1710 4079 est
1736 4010 2051 4095 dogmatutu

473 4099 716 4164 sanctio,
740 4115 845 4171 qua
875 4101 1011 4156 dicit
1038 4119 1053 4157 :
1087 4104 1361 4170 Quantum
1386 4104 1663 4162 diversum
1695 4119 1781 4163 est
1809 4111 2052 4180 genitum

475 4191 543 4243 ab
583 4190 841 4262 ingenito,
871 4202 1081 4249 tantum
1110 4208 1334 4254 necesse
1359 4209 1443 4255 est
1464 4198 1639 4256 lucem
1672 4214 1702 4254 a
1730 4200 1850 4259 luce
1876 4202 2055 4260 diver-

474 4295 588 4334 sam
611 4296 749 4337 esse.
781 4282 851 4337 At
880 4284 1178 4353 ingenitum
1204 4302 1326 4342 cum
1352 4288 1535 4357 genito
1550 4288 1718 4348 habet
1736 4294 2051 4364 quamdam,

474 4372 742 4441 positione
769 4376 1080 4445 verborum,
1115 4394 1221 4434 non
1262 4392 1454 4437 natura
1490 4378 1707 4452 rerum,
1754 4386 2054 4455 oppositiw

476 4477 621 4533 nem,
645 4466 784 4535 quod
813 4478 987 4523 tamen
1015 4469 1065 4524 bi
1095 4467 1360 4525 aﬂlrmant
1388 4488 1401 4525 :
1435 4471 1571 4529 lucis
1593 4483 1771 4531 autem
1791 4491 1913 4532 cum
1937 4477 2058 4533 luce

2161 2000 2294 2072 τέρα
2341 2001 2460 2071 φῶς
2497 2001 2800 2074 ὀνομάζων,
2845 1998 2962 2071 φῶς
2984 2002 3042 2056 δὲ
3070 2003 3166 2056 καὶ
3193 2002 3284 2055 τὸν
3316 2002 3462 2066 Υἰδν,
3495 2002 3753 2057 τοσοῦτον

2161 2092 2219 2146 δὲ
2244 2092 2402 2147 τοῦτο
2431 2093 2494 2147 τὸ
2522 2091 2639 2161 φῶς
2673 2092 2885 2147 ἐκείνου
2910 2091 3004 2146 τοῦ
3035 2092 3212 2163 φωτὸς
3240 2091 3519 2166 διωρίσθαι
3551 2092 3747 2160 λέγων,

2161 2186 2284 2240 ὅσον
2315 2185 2377 2240 τὸ
2416 2185 2673 2257 γεννητὸν
2701 2184 2809 2240 ἀπὸ
2836 2185 2931 2240 τοῦ
2957 2185 3251 2257 ἀγεννήτου
3284 2182 3586 2254 διώρισται,
3627 2182 3753 2253 οὐχὶ

2161 2274 2319 2347 δῆλός
2355 2276 2494 2340 ὲστι,
2533 2274 2635 2329 κᾶν
2664 2274 2743 2346 τῷ
2790 2276 2998 2348 ῥήματι
3038 2272 3402 2347 προσποιῆται
3440 2272 3751 2344 φιλανθρω-

2162 2366 2446 2434 πεύεσθαι,
2478 2366 2595 2437 φῶς
2631 2364 2914 2438 ὀνομάζων
2956 2366 3118 2437 δῆθεν
3164 2365 3259 2420 καὶ
3289 2366 3382 2418 τὸν
3420 2364 3569 2428 Υίδν,
3613 2363 3753 2418 ἀλλά

2166 2462 2233 2532 τῇ
2273 2476 2337 2528 γε
2367 2460 2597 2530 δυνάμει
2734 2457 2843 2511 τῶν
2889 2456 3197 2528 λεγομένων
3232 2457 3369 2531 πρὸς
3400 2457 3462 2510 τὸ
3502 2456 3752 2511 ἐναντίον

2160 2551 2390 2619 ἀπάγων
2415 2549 2513 2622 τὴν
2543 2548 2782 2614 ἐννοιαν;
2818 2549 3077 2602 Σκοπείτε
3111 2546 3215 2621 γὰρ
3245 2548 3298 2601 τί
3334 2547 3636 2602 ἀντίκειται
3668 2546 3753 2618 τῷ

2160 2641 2463 2714 άγεννήτῳ,
2501 2639 2627 2694 ἄλλο
2666 2639 2981 2711 ἀγέννητον,
3019 2637 3052 2709 ἢ
3095 2637 3157 2691 τὸ
3199 2639 3491 2710 γεννητόν;
3520 2638 3595 2691 Τὸ
3625 2655 3756 2709 γεν-

2159 2732 2319 2804 νητὸν
2345 2731 2613 2803 δηλονότι.
2659 2732 2724 2785 Τί
2750 2732 2807 2787 δὲ
2839 2730 3138 2786 ἀντίκειται
3165 2728 3243 2801 τῷ
3277 2729 3451 2800 posti;
3486 2729 3599 2799 φῶς
3633 2730 3753 2783 ἓτε-

2160 2841 2273 2897 ρον,
2315 2822 2349 2895 ἢ
2389 2822 2450 2877 τὸ
2483 2823 2701 2889 σκότος;
2736 2821 2810 2877 Th
2840 2821 3030 2885 σκότος
3064 2821 3297 2884 πάντως.
3330 2820 3392 2873 Ei
3418 2819 3597 2873 τοίνυν
3624 2819 3753 2874 ὅσον

2159 2916 2540 2989 παρήλλακται
2564 2916 2625 2969 τὸ
2658 2913 2915 2986 γεννητὸν
2960 2914 3095 2987 πρὸς
3122 2912 3182 2966 τὸ
3211 2911 3528 2985 ἀγέννητον,
3558 2910 3750 2967 τοσοῦ-

2156 3024 2249 3062 τον
2294 3003 2509 3079 ἀνάγκη
2540 3004 2921 3076 παρηλλάχθαι
2960 3002 3021 3058 τδ
3054 3003 3168 3073 φῶς
3198 3004 3334 3075 πρὸς
3365 3003 3424 3056 τὸ
3467 3002 3603 3072 φῶς,
3641 3004 3747 3056 τίνι

2156 3100 2266 3156 τῶν
2297 3100 2552 3154 ἀπάντων
2588 3097 2844 3170 άδηλοςή
2879 3096 3125 3162 ἀσέσεια,
3160 3096 3262 3161 ὅτι,
3313 3097 3371 3149 ὲν
3401 3095 3747 3170 προσηγορίᾳ

2159 3192 2337 3264 φωτδς
2365 3192 2425 3246 τὸ
2466 3190 2842 3263 ἀντικείμενον
2886 3189 2964 3261 τῷ
2998 3188 3137 3260 φωτὶ
3174 3188 3547 3261 παρεισάγων,
3591 3191 3749 3243 ἐναν-

2155 3286 2279 3340 τίαν
2302 3279 2442 3337 εἷναι
2469 3285 2535 3355 τῇ
2564 3281 2658 3336 τοῦ
2690 3282 2867 3353 φωτὸς
2897 3280 3056 3351 φύσει
3088 3280 3187 3351 τὴν
3220 3279 3408 3334 οὐσίαν
3441 3278 3534 3333 τοῦ
3569 3281 3746 3333 Μονο-

2153 3374 2347 3447 γενοῦς
2380 3374 2707 3440 omenta;
2740 3374 2810 3428 Ἦ
2842 3372 3103 3428 δεικνύτω
3126 3374 3259 3445 ἡμῖν
3286 3371 3402 3443 φῶς
3432 3370 3742 3440 ἀντικείμε-

2155 3487 2244 3524 νον
2290 3467 2369 3540 τῷ
2414 3466 2574 3538 φωτὶ,
2630 3467 2852 3520 κάκεῖνο
2902 3465 2964 3518 τὸ
3018 3464 3217 3537 μέτρον
3265 3462 3366 3536 τῆς
3414 3460 3740 3524 ἀντιθέσεως

2155 3561 2297 3633 ἔχον,
2324 3560 2351 3614 ὃ
2383 3560 2462 3632 τῷ
2501 3557 2747 3632 γεννητῷ
2780 3556 2917 3630 πρὸς
2957 3556 3019 3611 τὸ
3046 3555 3341 3627 ἀγέννητον
3383 3555 3545 3609 ἐστιν.
3579 3553 3643 3607 El
3682 3551 3742 3606 δὲ

2153 3650 2315 3707 τοῦτο
2357 3650 2479 3705 οὔτε
2518 3650 2664 3703 ἐστὶν
2702 3687 2719 3712 ,
2830 3645 2942 3702 οὔτ’
2976 3645 3041 3701 ἂν
3085 3645 3248 3709 αὐτὸς
3294 3644 3635 3715 ἐπινοήσειεν
3669 3641 3748 3713 μὴ

2154 3742 2457 3814 ἀγνοείσθω
2485 3743 2517 3814 ἡ
2549 3741 2712 3814 τέχνη
2750 3739 2869 3811 μεθ’
2911 3734 2982 3813 ἦς
3009 3737 3219 3810 βαθέως
3253 3734 3651 3800 κατασκευάζει
3686 3734 3750 3789 τὸ

2158 3836 2370 3909 βλάσφη
2380 3852 2497 3907 μον.
2546 3833 2766 3907 Ἐπειδὴ
2801 3832 2910 3905 γὰρ
2938 3832 3109 3886 οἴεται
3136 3830 3215 3902 τῷ
3243 3831 3522 3902 ἀγεννήτῳ
3543 3830 3605 3882 τὸ
3631 3845 3750 3897 γεν-

2155 3929 2316 4001 νητὸν
2372 3928 2491 3981 κατ’
2525 3925 2839 3981 ἐναντίωσιν
2891 3923 3246 3987 ἀντικεῖσθαι,
3298 3920 3397 3995 τὴν
3449 3920 3620 3992 αὐτὴν
3670 3917 3747 3991 τῷ

2158 4016 2298 4089 φωτὶ
2335 4016 2472 4089 πρὸς
2495 4016 2555 4070 τὸ
2586 4015 2702 4086 φῶς
2728 4014 3001 4069 ἀντίθεσιν
3028 4009 3349 4087 ἐφαρμόζει,
3384 4012 3470 4065 ῖνα
3495 4010 3585 4065 διά
3613 4010 3753 4067 πάν-

2154 4129 2264 4167 των
2303 4111 2402 4183 τὴν
2430 4109 2522 4164 τοῦ
2551 4109 2762 4182 Πατρός
2794 4108 2982 4164 οὐσίαν
3013 4105 3307 4162 ἀντίπαλον
3341 4104 3438 4159 καὶ
3477 4104 3752 4177 πολεμίαν

2156 4207 2223 4278 τῇ
2250 4202 2345 4258 τοῦ
2376 4199 2712 4272 Μονογενοῦς
2742 4199 3007 4272 ἐπιδείξῃ.
3038 4197 3137 4253 Διά
3171 4197 3344 4252 ταῦτα
3363 4198 3413 4269 ’ἡ
3588 4193 3754 4264 καινὴ

2156 4295 2297 4367 αὓτη
2333 4293 2439 4350 τῶν
2480 4293 2769 4367 δογμάτων
2805 4291 3129 4364 νομοθεσίαο
3161 4290 3329 4344 Ὅσον
3364 4287 3751 4361 παρήλλακται

2158 4387 2218 4443 τὸ
2249 4386 2505 4459 γεννητὸν
2536 4385 2631 4440 τοῦ
2662 4387 2979 4458 ἀγεννήτου.
3012 4382 3266 4437 τοσοῦτον
3293 4380 3511 4451 ἀνάγκη
3539 4378 3751 4450 παρηλ·

2156 4479 2353 4554 λάχθαι
2394 4479 2455 4534 τδ
2488 4478 2603 4552 φῶς
2643 4477 2780 4550 πρὸς
2823 4477 2885 4532 τι
2928 4462 3064 4548 φῶς.
3102 4475 3302 4554 καίτοιὲ
3327 4473 3404 4545 τῷ
3450 4473 3551 4545 μὲν
3589 4474 3751 4543 ἀγεν-

476 4571 575 4614 nec
593 4562 892 4615 secundum
921 4560 1277 4649 prolationem
1305 4579 1403 4619 nec
1426 4566 1727 4622 secundum
1754 4568 2055 4639 intelligen-

2158 4552 2303 4646 νήτῳ
2336 4571 2474 4644 πρὸς
2505 4570 2565 4626 τὸ
2596 4571 2854 4643 γεννητόν
2879 4570 2995 4624 ἐστί
3024 4585 3131 4634 τις,
3161 4552 3303 4622 κατά
3332 4567 3431 4637 τὴν
3458 4565 3610 4619 θέσιν
3638 4560 3748 4617 τῶν

476 4652 604 4706 tiam
626 4654 987 4708 contrarietas
1013 4654 1118 4709 ulla
1148 4657 1446 4727 excogitari
1476 4668 1677 4729 potest.
1706 4658 1812 4716 Sed
1837 4660 2054 4717 videtur

2160 4663 2442 4737 ῥημάτων,
2469 4664 2518 4717 εί
2545 4663 2639 4718 καὶ
2668 4664 2744 4734 μὴ
2775 4660 2917 4716 κατά
2942 4662 3041 4733 τὴν
3070 4657 3237 4729 φύσιν
3255 4657 3363 4713 τῶν
3386 4657 3749 4730 πραγμάτων,

472 4741 668 4800 fucatis
683 4744 1118 4802 cavillationibus
1135 4763 1194 4803 se
1215 4749 1392 4819 ipsum
1416 4749 1685 4820 decipere.
1703 4750 1863 4808 Putat
1880 4753 2048 4819 enim,

474 4850 596 4905 qum
624 4850 688 4891 ex
718 4837 1013 4892 contrariis
1038 4849 1365 4909 sequuntur,
1393 4843 1652 4899 eamdem
1679 4843 1826 4900 inter
1857 4859 1919 4900 se
1951 4860 2052 4916 pu-

474 4941 634 4997 gnam
667 4928 901 4999 habere,
915 4943 1079 4998 quam
1104 4929 1305 4997 habent
1327 4940 1380 4990 et
1400 4933 1723 5005 principalia
1751 4937 2050 5004 contraria,

474 5029 531 5073 et
570 5034 690 5075 cum
723 5023 1058 5079 contrarium
1102 5021 1251 5085 ineat
1293 5026 1452 5083 alteri
1494 5028 1922 5093 contrariorum,
1984 5045 2053 5085 ex

477 5111 650 5167 altero
690 5113 854 5169 etiam
881 5116 1213 5175 contrarium
1244 5119 1556 5173 necessario
1585 5129 1922 5179 secuturum.
1965 5119 2056 5183 Ut,

477 5203 522 5257 si
554 5217 618 5257 ex
648 5202 766 5257 visu
802 5201 893 5255 lux
925 5202 1195 5269 sequitur,
1223 5214 1287 5254 cx
1316 5200 1560 5254 cmcitate
1593 5200 1872 5259 tenebrae:
1909 5202 1956 5259 si
1992 5218 2059 5259 ex

477 5296 583 5350 vita
635 5309 849 5359 sensus,
888 5308 956 5350 ex
986 5303 1163 5348 morte
1209 5292 1440 5361 privatio
1485 5307 1767 5348 sensuum.
1811 5293 1937 5351 Haec
1965 5311 2059 5351 au-

473 5399 579 5445 tem
607 5370 919 5444 observatio
951 5399 1115 5456 quam
1146 5383 1339 5439 debilis
1370 5382 1464 5449 sit,
1492 5397 1768 5452 quamque
1801 5384 2053 5451 evanida,

469 5479 691 5533 cuilibet
722 5477 803 5533 vel
845 5476 1121 5547 paululum
1177 5474 1482 5529 attendenti
1542 5475 1889 5545 perspicuum
1947 5484 2056 5532 est.

469 5568 580 5624 Nec
626 5570 771 5622 cnim
815 5568 1072 5639 quoniam
1123 5582 1186 5622 ex
1236 5565 1436 5636 vigiliis
1480 5566 1587 5620 vita
1632 5568 1909 5635 sequitur,
1963 5584 2057 5622 uc-

470 5662 708 5717 cessario
750 5680 811 5716 ex
877 5677 1068 5716 somno
1104 5677 1252 5716 mors
1302 5660 1568 5729 sequitur.
1614 5659 1721 5715 Sed
1776 5675 1876 5715 nec
1928 5675 2058 5715 con-

474 5754 639 5808 tmio
686 5753 843 5809 modo
902 5768 961 5809 se
1004 5754 1164 5809 habet
1215 5752 1456 5824 genitum
1501 5768 1623 5809 cum
1653 5752 1917 5823 ingenito.
1963 5752 2058 5808 Et-

2158 4754 2450 4819 ἀντίθεσις,
2478 4753 2616 4824 ὅπερ
2652 4746 2800 4808 οὗτοι
2830 4754 3297 4822 κατασκευάζουσι
3317 4772 3330 4786 ⁸
3364 4757 3503 4826 φωτὶ
3526 4755 3584 4810 δὲ
3612 4754 3753 4826 πρὸς

2156 4846 2218 4900 τὸ
2250 4845 2367 4917 φῶς
2396 4845 2521 4905 οὕτε
2564 4846 2708 4901 κατά
2732 4847 2833 4918 τὴν
2871 4850 3155 4921 προφορὰν
3185 4846 3309 4902 οὔτε
3351 4847 3493 4903 κατά
3528 4849 3629 4918 τὴν
3662 4846 3754 4900 ἔν-

2161 4952 2310 4994 νοιαν
2339 4938 2624 5010 ὶπινοῆσαί
2648 4957 2771 4995 τινα
2794 4939 3021 4995 δυνατὸν
3053 4940 3386 4997 ἔναντίωσιν.
3435 4939 3598 4995 Ἀλλά
3638 4938 3753 5012 γὰρ

2163 5028 2309 5084 ἔοικε
2377 5028 2708 5101 σοφίσμασιν
2782 5031 3081 5102 ἀπατηλοῖς
3160 5031 3356 5087 ιαυτὺν
3430 5029 3753 5105 παρακροὺο

2166 5120 2345 5174 εσθαι.
2504 5120 2689 5178 Οῐεται
2719 5122 2850 5195 γὰρ,
2873 5124 2957 5176 ὅτι
2985 5121 3053 5176 τά
3081 5125 3193 5186 τοῖς
3218 5122 3482 5186 ἐναντίοις
3508 5122 3752 5193 ἑπόμενα

2154 5208 2253 5279 τὴν
2278 5205 2450 5277 αὐτὴν
2492 5205 2607 5277 εχει
2636 5204 2772 5276 πρὸς
2815 5201 3021 5274 ἄλληλα
3069 5201 3273 5272 μάχην,
3320 5202 3498 5272 ἥνπερ
3541 5198 3608 5253 ἀν
3637 5196 3753 5269 ἔχει

2155 5298 2253 5355 καὶ
2280 5296 2350 5352 τὰ
2378 5294 2660 5367 ἡγούμενα
2679 5311 2691 5325 ’
2731 5293 2826 5347 καὶ
2860 5293 2987 5347 ὅταν
3028 5290 3103 5362 τῷ
3135 5292 3309 5363 ἑτέρῳ
3348 5292 3456 5346 τῶν
3490 5289 3751 5343 ἐναντίων

2155 5387 2218 5445 τδ
2241 5375 2483 5443 ὲναντίον
2513 5385 2753 5458 ὑπάρχῃ,
2795 5383 2892 5436 καὶ
2930 5383 3008 5456 τῷ
3039 5383 3211 5454 ἑτέρῳ
3240 5383 3459 5446 πάντως
3502 5381 3559 5435 τὸ
3592 5381 3750 5435 ὲναν-

2155 5478 2272 5535 τίον
2296 5476 2675 5548 ἀκολουθήσει.
2710 5470 2858 5538 Οἶον,
2888 5476 2937 5527 εἰ
2964 5477 3030 5546 τῇ
3060 5475 3250 5546 ὁράσει
3277 5474 3339 5528 τὸ
3370 5473 3485 5544 φῶς
3526 5473 3746 5539 ἕπεται,

2156 5575 2224 5643 τῇ
2264 5570 2557 5641 τυφλότητι
2591 5567 2654 5621 τὸ
2695 5567 2916 5631 σκότος·
2947 5568 2995 5619 εἰ
3025 5566 3102 5638 τῷ
3136 5567 3235 5637 ζῇν
3268 5567 3329 5620 τὸ
3366 5564 3746 5631 αἰσθάνεσθαι,

2157 5665 2236 5738 τῷ
2257 5663 2573 5734 τεθνηκέναι
2598 5660 2660 5714 τὸ
2684 5658 3049 5731 ἀναισθητεῖι.
3210 5657 3381 5711 Τοῦτο
3405 5658 3459 5711 δὲ
3487 5658 3563 5721 ὡς
3585 5657 3747 5711 ἀσθεο

2158 5758 2247 5822 νὲς
2288 5755 2379 5810 καὶ
2408 5754 2697 5807 διαπῖπτον
2737 5750 2797 5804 τὸ
2837 5753 3233 5824 παρατήρημα,
3272 5750 3435 5803 παντὶ
3469 5747 3748 5820 γνώριμον
