4058 6396
320 443 427 508 529

1297 453 1677 517 PANOPLIA
1719 454 1907 516 D063

2011 456 2183 519 [‘lCA.
2228 481 2298 492 --
2333 455 2483 514 ῚΊΤ.
2556 454 2656 515 Xl.
3501 452 3606 517 530

323 584 401 656 τῷ
431 583 523 639 καί¹
557 582 751 656 μικρὸν
784 582 1157 655 ὲπιστήσαντι.
1191 583 1265 637 Ού
1295 581 1404 655 γάρ
1430 584 1616 656 ἐπειδὴ
1641 584 1719 655 τῷ
1747 586 1907 657 ἐγρη-

2013 587 2157 639 enim
2206 584 2247 639 si
2306 582 2580 639 contraria
2631 588 2776 646 sunt,
2817 581 2930 651 jam
2980 591 3167 637 mutuo
3214 596 3273 637 se
3322 583 3603 639 destruent

322 674 547 748 γορέναι
578 675 641 729 τὸ
668 675 769 747 ζῇν
797 673 1011 736 ἕπεται,
1043 674 1123 745 τῷ
1155 674 1435 728 καθεύδειν
1466 675 1751 729 ἀκολουθεῖ
1780 677 1911 730 πάν-

322 786 434 832 Ιτως
464 768 526 821 τὸ
548 767 824 823 τεθνάναι.
876 768 1011 821 Ἀλλ’
1049 767 1173 822 οῦτε
1209 768 1466 833 ἐναντίως
1494 769 1607 841 ἔχει
1635 770 1696 824 τὸ
1720 787 1912 843 γεννη-

321 859 414 912 τδν
438 859 574 930 πρὸς
602 859 663 911 τὸ
692 858 1008 930 ἀγέννητον.
1041 860 1103 913 Ei
1134 859 1243 932 γὰρ
1267 860 1486 915 ἐναντία
1511 862 1606 915 καὶ
1633 861 1908 934 φθαρτικὰ

324 948 592 1019 ἀλλήλων,
632 949 767 1020 ὅπερ
806 949 887 1012 εἰς
944 948 1182 1020 κεφαλὴν
1216 950 1332 1021 τοῖς
1369 948 1753 1021 βλασφημοῦσι
1782 950 1907 1021 τρέ-

2013 674 2195 745 (quod
2252 675 2304 728 in
2363 682 2528 742 caput
2584 672 3076 744 blaSpltemantium
3145 678 3452 741 vertatur),
3493 679 3604 731 imo

2013 782 2186 837 neque
2228 778 2420 821 natura
2452 766 2675 822 adversa
2710 774 2868 833 sunt,
2899 782 3073 838 neque
3107 782 3228 837 qua:
3253 784 3602 840 consequuno

2017 868 2126 925 tur,
2147 858 2392 914 eamdem
2418 860 2727 915 necessario
2758 860 3035 915 habebunt
3062 860 3399 926 distantiam,
3434 876 3599 929 quam

2014 956 2067 1005 et
2097 948 2408 1019 principalia
2435 949 2957 1004 demonStrabantur
2986 949 3205 1005 habere.

326 1061 499 1107 mtto,
527 1043 640 1097 ἀλλ’
666 1041 788 1096 οὔτε
816 1046 881 1115 τῇ
913 1046 1073 1113 φύσει
1107 1044 1361 1115 πολέμια,
1391 1042 1514 1099 οὔτε
1548 1045 1656 1116 μὴν
1683 1043 1751 1098 τά
1782 1043 2026 1117 ἑπόμενα
2068 1043 2283 1109 τούτοις
2323 1044 2423 1116 τὴν
2456 1044 2629 1116 αὐτὴν
2660 1044 2985 1125 ἀναγκαίως
3029 1044 3141 1111 ἕξει
3190 1045 3494 1113 διάστασιν,
3531 1048 3601 1117 ην

330 1140 601 1193 ἐδείκνυτο
634 1138 777 1211 ἔχειν
809 1142 903 1194 καὶ
940 1140 1010 1194 τὰ
1047 1140 1349 1214 ἡγούμενα.

528 1233 598 1285 Ἦ
646 1232 823 1285 τοίνυν
866 1232 1163 1304 ἀπάλειψόν
1198 1250 1291 1287 σου
1341 1232 1401 1286 ei
1457 1236 1701 1307 ῥήματα,
1750 1234 1785 1306 ἢ
1833 1234 1909 1306 μὴ

327 1324 491 1397 ἀρνοῦ
530 1328 628 1398 τὴν
667 1325 940 1380 ἀσέϐειαν.
979 1325 1053 1397 Σὴ
1088 1326 1194 1399 γάρ
1221 1328 1367 1380 ἐστιν
1400 1329 1433 1399 ὴ
1466 1326 1783 1398 βλασφημία
1814 1325 1909 1380 τοῦ

326 1419 571 1490 εἰπόντος
592 1436 604 1447 ·
638 1416 800 1472 Ὅσον
841 1418 1219 1490 παρηλλακται
1247 1418 1340 1472 τοῦ
1373 1419 1631 1490 γεννητοῦ
1662 1419 1724 1471 τὸ
1747 1419 1909 1488 ἀγέν-

316 1470 797 1613 Ιιητον,τοσοῦτον
839 1470 1055 1582 sig...
1102 1470 1483 1583 πειρηλλιχδά.
1508 1470 1591 1563 22;
1611 1470 1910 1582 mea.

321 1600 385 1683 :tb
438 1600 573 1672 φῶς.
615 1600 824 1655 Οὐκοῦν
862 1600 936 1665 ὡς
985 1601 1237 1656 οὐδέποτε
1284 1600 1497 1672 μεθέξει
1548 1603 1648 1673 τῆς
1680 1603 1911 1673 ἀγεννη-

326 1696 450 1758 σίας
605 1696 633 1746 ὁ
654 1694 928 1766 γεννητὸς,
953 1693 1127 1758 οὕτως
1146 1696 1408 1749 ὀὐδέποτε
1432 1694 1583 1766 αὐτῷ
1612 1694 1706 1748 τοῦ
1732 1694 1910 1764 φωτὸς

326 1785 680 1856 μεταδώσεις.
876 1786 986 1840 Καὶ
1020 1785 1194 1853 ἔσται,
1234 1788 1374 1841 κατά
1418 1786 1499 1851 σὲ,
1547 1786 1765 1857 ηούσία
1812 1785 1909 1839 τοῦ

322 1877 663 1945 Μονογενοῦς
711 1878 822 1931 Εσον
861 1877 1141 1948 ἀπέχουσα
1176 1878 1271 1933 τοῦ
1305 1896 1368 1948 γε
1417 1879 1708 1950 ἀγέννητος
1745 1875 1908 1942 εἶναι,

323 1967 421 2019 καὶ
451 1967 546 2021 τοῦ
581 1967 696 2037 φῶς
723 1968 961 2024 νοεῖσθαι
989 1971 1084 2024 καὶ
1106 1969 1488 2041 ὀνομάζεσθαι.
1532 1970 1691 2023 Ἀλλά
1730 1970 1910 2024 Ίωάν-
1940 1997 1981 2050 Β

321 2078 423 2131 νης
470 2062 568 2131 μὲν
600 2063 664 2132 τῇ
702 2060 1085 2133 μεγαλοφωνίᾳ
1132 2060 1225 2114 τοῦ
1275 2059 1591 2132 Πνεύματος
1620 2061 1792 2133 ἐμϐοᾷ
1827 2078 1907 2114 σοι

322 2152 498 2222 λέγων
523 2167 538 2182 ’
568 2148 679 2207 Ἦν
711 2154 778 2206 τὸ
811 2152 936 2223 φῶς
975 2152 1043 2206 τὸ
1073 2152 1390 2221 ἀληθινόν·
1423 2152 1506 2205 σοὶ
1538 2153 1595 2205 δὲ
1636 2153 1735 2205 ούκ
1761 2152 1910 2206 ἔστιν

319 2238 438 2295 ὦτα
476 2242 568 2296 τοῦ
618 2241 859 2309 ἀκούειν,
897 2244 1017 2297 οὐδὲ
1066 2244 1262 2316 καρδία
1303 2243 1397 2299 τοῦ
1444 2244 1714 2299 συνιέναι’
1774 2244 1910 2299 ἀλλά

323 2334 467 2405 πρδς
500 2335 599 2405 τὴν
638 2334 929 2388 ἀντίπαλον
980 2335 1165 2405 φύσιν,
1223 2335 1317 2389 καὶ
1371 2335 1789 2407 ἀσυνύπαρκτον
1830 2336 1910 2407 τῷ

322 2428 466 2495 φωτὶ
507 2428 605 2497 τὴν
656 2428 843 2481 οὐσίαν
894 2427 989 2482 τοῦ
1020 2427 1381 2497 Μονογενοῦς,
1425 2431 1539 2492 τοῖς
1580 2427 1909 2500 σοφίσμασιν

322 2519 671 2582 ἀπελαύνεις.
707 2521 782 2574 Οὐ
826 2519 935 2591 γὰρ
979 2520 1044 2591 δὴ
1090 2522 1266 2574 ὲκεϊνο
1312 2520 1534 2592 ἰσχυρὸν
1740 2522 1907 2593 ἐρεῖς,

319 2612 404 2663 ὅτι
462 2612 556 2664 καὶ
600 2611 691 2663 ἐπὶ
722 2610 819 2665 τοῦ
866 2610 1204 2680 Μονογενοῦς
1244 2612 1342 2685 τὴν
1394 2612 1767 2685 προσηγορίαν
1811 2613 1904 2667 τοῦ

321 2704 501 2771 φωτὸς
537 2705 638 2757 ούκ
672 2703 912 2772 ἀφείλου.
950 2704 1024 2757 Οὐ
1063 2702 1171 2774 γάρ
1202 2705 1259 2757 ὲν
1287 2703 1446 2775 ψόφῳ
1472 2704 1656 2775 ἀέρος,
1697 2704 1813 2759 ἀλλ’
1848 2705 1907 2759 ὲν

318 2798 386 2865 τῇ
412 2794 642 2864 δυνάμει
670 2793 777 2848 τῶν
814 2794 1227 2866 σημαινομένων
1258 2795 1321 2849 τὸ
1345 2796 1589 2860 εὐσεϐές.
1634 2795 1693 2849 'O
1724 2796 1781 2849 δὲ
1807 2796 1909 2850 οὐκ

317 2886 417 2939 ἐπὶ
459 2884 669 2939 τούτων
703 2885 834 2957 ἔστη
868 2928 884 2955 ,
1053 2886 1189 2941 ἀλλά
1218 2888 1312 2941 καὶ
1350 2887 1453 2959 τὴν
1483 2889 1628 2960 ζωὴν
1680 2888 1774 2942 καὶ
1806 2889 1907 2962 τὴν

316 2977 551 3047 δύναμιν
590 2976 669 3047 τῷ
703 2977 854 3048 αὑτῷ
896 2977 1079 3049 μέτρῳ
1102 2979 1202 3049 τῆς
1232 2982 1311 3044 εἰς
1343 2980 1587 3034 ἐναντίον
1767 2982 1906 3035 ἀπο-

318 3068 567 3131 στάσεως
618 3070 935 3137 συνεπάγει,
984 3068 1183 3123 εἰπών·
1219 3071 1383 3125 Ὅσον
1429 3072 1812 3143 παρήλλακται
1845 3072 1908 3126 τὸ

317 3159 579 3230 γεννητὸν
617 3160 756 3229 πρὸς
791 3159 855 3213 τὸ
892 3158 1207 3230 ἀγέννητον,
1237 3159 1489 3217 τοσοῦτον
1518 3162 1733 3233 ἀνάγκη
1759 3180 1905 3234 παρ-

317 3250 589 3322 ηλλάχθαι
637 3251 701 3304 τὸ
750 3252 867 3321 φῶς
897 3251 1035 3324 πρὸς
1071 3254 1134 3308 τὸ
1164 3253 1300 3323 φῶς,
1344 3256 1438 3309 καὶ
1467 3255 1564 3327 τὴν
1595 3256 1740 3329 ζωὴν
1770 3256 1908 3328 πρὸς

2217 1235 2326 1289 Aut
2392 1234 2558 1304 igitur
2596 1244 2686 1289 tua
2738 1232 2912 1305 ipsius
2965 1247 3130 1289 verna
3187 1248 3459 1305 expuuge,
3505 1245 3600 1303 aut

2015 1323 2125 1380 noli
2168 1322 2502 1395 impietatem
2535 1339 2756 1395 negare.
2789 1323 2885 1379 Est
2918 1324 3067 1378 enim
3100 1323 3437 1394 blasphemia
3468 1335 3591 1391 tua,

2012 1419 2103 1490 qui
2137 1418 2321 1472 dixisti
2350 1435 2365 1472 :
2417 1416 2688 1484 Quantum
2732 1414 2913 1472 dili'ert
2941 1417 3182 1486 genitum
3214 1418 3282 1473 ab
3312 1419 3552 1489 ingenito
3574 1459 3588 1483 ,

2012 1521 2225 1567 tantum
2271 1524 2498 1567 necesse
2542 1517 2625 1565 est
2658 1509 2835 1565 lucem
2878 1525 2907 1563 a
2943 1509 3064 1565 luce
3113 1510 3354 1566 diﬂ'erre.
3415 1511 3596 1578 Quare

2010 1604 2475 1676 quemadmodum
2506 1603 2599 1674 qui
2630 1604 2846 1674 genitus
2877 1612 2957 1659 est
2980 1645 2996 1671 ,
3034 1619 3313 1674 nunquam
3368 1605 3595 1676 ingene-

2012 1697 2240 1753 ratiouis
2279 1699 2386 1753 erit
2418 1696 2690 1769 particeps
2730 1715 2743 1752 :
2785 1696 2865 1754 sic
2915 1712 3039 1753 eum
3081 1696 3219 1753 lucis
3272 1698 3592 1768 participem

2013 1804 2292 1859 nunquam
2332 1788 2525 1847 facies.
2556 1789 2735 1859 Atque
2765 1788 3039 1858 Unigeniti
3064 1790 3371 1846 substantia
3406 1804 3471 1844 ex
3504 1799 3592 1845 tua

2011 1881 2284 1935 sententia
2321 1894 2477 1949 atque
2509 1879 2687 1933 aberit
2713 1879 2781 1933 ab
2813 1893 2877 1933 eo
2919 1887 2977 1932 ut
3014 1878 3252 1947 ingenita
3281 1879 3382 1945 sit,
3422 1887 3595 1948 atque

2011 1969 2165 2025 abest
2199 1970 2267 2024 ab
2296 1985 2361 2024 eo
2398 1980 2457 2024 ut
2498 1970 2587 2025 lux
2636 1984 2757 2025 esse
2788 1968 3140 2040 intelligatur,
3174 1978 3230 2026 et
3259 1970 3590 2024 nominetur.

2010 2062 2083 2117 At
2120 2061 2360 2118 Joannes
2395 2078 2587 2132 magna
2621 2062 2856 2132 Spiritus
2897 2076 3030 2117 voce
3064 2061 3323 2117 inclamat
3355 2061 3475 2128 tibi,
3509 2062 3594 2116 di-

2010 2170 2142 2213 cens
2175 2172 2191 2210 :
2229 2153 2361 2209 Erat
2393 2159 2487 2209 tua:
2521 2171 2643 2209 tera
2693 2156 2732 2209 ί.
2772 2152 2892 2210 Tibi
2922 2164 3101 2210 tamen
3132 2168 3289 2210 aures
3324 2170 3430 2209 non
3462 2163 3592 2211 sunt

2012 2248 2077 2303 ad
2100 2246 2452 2312 audiendum,
2476 2260 2651 2315 neque
2674 2260 2771 2300 eor
2792 2245 2863 2300 ad
2890 2244 3320 2316 intelligendum.
3352 2244 3462 2301 lmo
3488 2247 3594 2299 tuis

2012 2339 2448 2395 cavillationibus
2518 2338 2790 2407 Uuigeniti
2841 2338 3205 2393 substantiam
3252 2337 3319 2393 ad
3366 2346 3587 2393 contra-

2015 2433 2150 2489 riam
2188 2442 2471 2496 naturam,
2502 2443 2555 2487 et
2584 2446 2704 2501 qua:
2751 2445 2871 2485 cum
2916 2431 3038 2487 luce
3067 2446 3189 2487 esse
3221 2446 3327 2487 non
3375 2431 3547 2501 possit
3571 2472 3584 2495 ,

2010 2524 2282 2581 detrudis.
2331 2523 2439 2580 Nec
2483 2524 2628 2580 enim
2675 2522 2918 2594 proiecto
2959 2524 3196 2580 validum
3239 2525 3370 2579 illud
3400 2525 3586 2589 dices,

2021 2618 2163 2686 quod
2194 2616 2261 2671 ab
2286 2613 2582 2685 Unigenito
2615 2615 3032 2685 appellationem
3062 2616 3196 2672 lucis
3220 2631 3323 2670 non
3354 2616 3593 2670 abstule-

2011 2706 2108 2762 ris.
2140 2704 2257 2761 Non
2288 2706 2433 2762 enim
2466 2705 2519 2760 in
2552 2721 2685 2761 sono
2713 2707 2881 2771 aeris,
2904 2708 2999 2761 sed
3028 2707 3084 2762 in
3117 2707 3169 2762 vi
3202 2722 3383 2762 rerum
3419 2709 3590 2777 signi-

2010 2799 2291 2855 ﬁcatarum
2321 2800 2494 2870 pietas
2538 2808 2641 2853 est.
2677 2798 2777 2855 Hic
2808 2814 2935 2855 vero
2976 2814 3081 2855 non
3126 2800 3178 2856 iu
3225 2801 3309 2856 his
3336 2802 3590 2871 quievit,

2010 2897 2107 2950 sed
2144 2895 2305 2967 simul
2350 2904 2406 2949 et
2446 2894 2612 2948 vitam
2667 2902 2720 2949 et
2766 2896 3062 2964 potentiam
3117 2896 3259 2951 inter
3309 2912 3367 2951 se
3403 2896 3593 2951 eadem

2010 2989 2285 3044 distantia:
2335 3003 2587 3043 mensura
2640 2988 2947 3043 contrarias
2998 2988 3238 3053 inducit,
3290 3004 3415 3044 cum
3459 2990 3534 3042 ait
3577 3006 3593 3042 :

2009 3080 2284 3148 Quantum
2322 3080 2501 3136 diﬂ‘ert
2542 3080 2782 3149 genitum
2828 3082 2896 3134 ab
2927 3080 3190 3150 ingenito,
3237 3090 3445 3135 tantum
3494 3097 3595 3136 ne-

2010 3187 2162 3227 cesse
2188 3182 2270 3227 est
2303 3172 2475 3227 lucem
2524 3186 2552 3226 a
2591 3170 2711 3226 luce
2749 3170 2988 3237 diﬂ‘erre,
3020 3183 3075 3227 et
3104 3174 3269 3247 vitam
3305 3189 3333 3227 a
3370 3176 3503 3239 vita,
3541 3185 3595 3228 et

2012 3268 2313 3337 petentiam
2341 3282 2368 3320 a
2397 3266 2663 3336 potentia.
2883 3266 3025 3335 Ergo
3049 3264 3370 3337 Unigeuitus
3396 3282 3594 3323 secun-

318 3344 417 3413 τὴν
444 3342 614 3414 ζωὴν,
640 3345 735 3398 καὶ
754 3344 852 3415 τὴν
881 3344 1110 3417 δύναμιν
1134 3346 1270 3418 πρὸς
1290 3347 1389 3417 τὴν
1414 3347 1666 3418 δύναμιν.
1697 3348 1907 3403 Οὐκοῦν

2011 3359 2137 3413 dum
2169 3367 2219 3413 te
2250 3372 2351 3413 nec
2377 3359 2484 3413 vita
2516 3367 2622 3423 est,
2653 3372 2753 3413 nec
2778 3358 3042 3429 potentia.
3077 3361 3147 3413 At
3168 3361 3383 3429 spernis
3412 3359 3594 3415 Domi-

318 3434 444 3488 οῦτε
470 3436 605 3507 ζωὴ,
630 3436 770 3491 κατά
800 3438 881 3503 σὲ,
910 3437 1031 3490 οὔτε
1059 3438 1287 3509 δύναμις
1316 3440 1346 3490 ὁ
1375 3440 1706 3511 Μονογενής.
1747 3440 1909 3495 Ἀλλά

325 3529 660 3600 παραγράφη
710 3529 809 3599 μὲν
850 3527 1013 3583 αὑτὸν
1045 3529 1135 3582 τὸν
1188 3530 1393 3601 Κύριον
1442 3528 1702 3598 λέγοντα’
1769 3532 1910 3602 Ἐγώ

332 3622 451 3686 ειμι
499 3621 536 3686 ή
570 3618 678 3687 ζωή
699 3637 714 3652 ·
754 3620 1095 3695 παραγράφῃ
1141 3622 1199 3675 δὲ
1240 3621 1453 3675 Παῦλον
1516 3622 1610 3675 τὸν
1648 3623 1906 3677 εἰπόνταο

333 3712 575 3778 Χριστὸς
601 3712 747 3768 Θεοῦ
766 3712 1039 3783 δύναμις.
1078 3714 1143 3766 ’Δ
1169 3713 1278 3784 γὰρ
1308 3715 1365 3767 ὲν
1388 3716 1501 3778 τοῖς
1524 3715 1749 3769 κατόπιν
1773 3716 1909 3769 ἐδεί-

326 3821 509 3871 κνυτο,
536 3806 702 3861 ταῦτα
731 3810 826 3862 καὶ
852 3810 964 3870 τοῖς
988 3806 1083 3861 νῦν
1110 3808 1430 3879 ἐφαρμόσει.
1462 3807 1599 3863 Οὔτε
1627 3808 1735 3881 γάρ
1760 3810 1906 3882 ζωὴν

317 3894 444 3949 οὔτε
470 3896 698 3969 δύναμιν
726 3901 793 3969 τῇ
812 3900 926 3970 ζωῇ
954 3900 1047 3953 κα)⁸
1067 3902 1131 3970 τῇ
1155 3899 1384 3969 δυνάμει
1410 3900 1747 3954 ἀντικεῖσθαι
1770 3901 1901 3972 φαίη

316 4006 402 4051 τις
434 3989 529 4042 ἀν’
565 3992 703 4044 ἀλλά
736 3992 964 4047 θάνατον
1007 3994 1100 4047 καὶ
1138 3992 1443 4063 ἀδυναμίαν
1488 3994 1585 4066 τὴν
1632 3994 1890 4048 τελεωτά-

314 4097 419 4153 την
610 4084 885 4139 ἀντίθεσιν
920 4085 1247 4158 ἐκπληροῦν.
1275 4087 1455 4157 Ἀπερ
1479 4085 1650 4153 οὗτος,
1684 4091 1740 4141 ἐν
1771 4105 1906 4140 παν-

310 4172 511 4243 ταργὶᾳ
556 4171 706 4225 δόλον
769 4170 863 4226 τὸν
907 4171 1081 4240 λόγων
1130 4173 1590 4244 ἀποκρυψάμενος
1622 4214 1639 4241 ν
1811 4174 1906 4245 3a-

309 4248 460 4335 i’iéw;
491 4262 589 4315 καὶ
617 4262 1177 4334 περικεκαλυμμένως
1204 4264 1263 4317 τὸ
1286 4265 1511 4335 φρικτὸν
1533 4265 1631 4334 τῆς
1653 4265 1906 4330 ἀσεϐείας

336 4351 746 4416 ιιτασκευάζει,
779 4354 874 4407 καὶ
905 4357 1016 4417 τοῖς
1046 4354 1157 4407 τῶν
1190 4354 1362 4422 λόγων
1400 4355 1736 4427 τεχνάσμασι
1768 4356 1905 4427 πρὸς

307 4446 380 4544 ἱ),
426 4447 670 4503 ἐναντίον
720 4446 799 4516 τῷ
848 4448 1025 4515 Πατρὶ
1066 4446 1165 4518 τὴν
1217 4447 1378 4515 φύσιν
1425 4446 1519 4499 τοῦ
1565 4448 1906 4516 Μονογενοῦς

308 4538 654 4610 ῖλποστήσας,
686 4538 853 4608 μόνην
880 4538 1196 4593 καταλείπει
1226 4538 1323 4609 τὴν
1353 4539 1627 4609 εὐφημίαν
1651 4540 1759 4591 τῶν
1788 4541 1903 4592 ὀνο-

320 4629 529 4697 μάτων.
566 4629 632 4681 Τί
660 4624 751 4682 οὖν
784 4631 980 4699 ἡμεῖς
1025 4629 1162 4692 πῶς,
1200 4631 1295 4683 κοιλ⁸
1326 4630 1618 4700 ἀγέννητον
1653 4631 1746 4683 τὶν
1786 4632 1900 4683 Πασ-

313 4720 452 4791 τέρα
491 4721 584 4775 καὶ
618 4722 876 4793 γεννητὸν
906 4723 1001 4775 τὸν
1047 4722 1175 4776 Υίὸν
1206 4721 1614 4792 ὁμολογοῦντες,
1645 4722 1744 4794 τὴν
1777 4725 1897 4777 κατ’
1930 4718 1971 4771 D

313 4813 450 4864 αὐτὸ
469 4813 531 4864 τὸ
559 4808 696 4866 εἶναι
724 4813 1083 4885 διαφύγοιμεν
1252 4812 1601 4879 ὲναντίωσιν;
1632 4812 1686 4866 τί
1711 4814 1898 4881 λέγον-

308 4918 437 4966 τεςς
467 4902 591 4955 Ὅτι
624 4904 830 4971 ἀγαθοῦ
872 4906 969 4975 μὲν
994 4904 1204 4972 ιιατρὸς
1235 4904 1438 4973 ἀγαθὸς
1468 4908 1497 4958 ὁ
1525 4905 1651 4971 Υίός
1671 4923 1684 4936 ·
1722 4907 1901 4974 φωτὸς

307 4995 367 5047 δὲ
416 4994 513 5047 τοῦ
568 4997 863 5067 ἀγεννήτου
905 4998 1021 5067 φῶς
1061 4996 1331 5069 ἐξέλαμψε
1375 4997 1437 5050 τὸ
1470 4998 1672 5062 ἀΐδιον,
1709 5002 1801 5053 καὶ
1834 5003 1901 5055 ἐκ

306 5088 412 5156 τῆς
436 5086 604 5151 ὅντως
620 5088 767 5158 ζωῆς
792 5092 826 5161 ἡ
854 5089 1121 5153 ζωοποιδς
1140 5090 1376 5161 προῆλθε
1395 5092 1566 5162 πηγὴ,
1590 5093 1683 5145 καὶ
1711 5094 1774 5145 ὲκ
1798 5094 1898 5164 τῆς

308 5180 728 5251 αὐτοδυνάμεως
771 5184 804 5253 η
862 5183 957 5236 τοῦ
1002 5180 1137 5235 Θεοῦ
1180 5182 1407 5253 δύναμις
1626 5185 1894 5259 ἐξεφάνη*

311 5271 504 5335 σκότος
531 5272 607 5339 δὲ,
634 5274 728 5326 καὶ
756 5273 1006 5339 θάνατος,
1037 5276 1129 5329 καὶ
1162 5275 1413 5330 ἀσθένεια
1441 5276 1520 5347 τῷ
1549 5277 1769 5350 ἄρχοντι
1801 5279 1896 5332 τοῦ

308 5365 517 5433 κόσμου
544 5365 759 5430 τούτου,
792 5367 886 5419 καὶ
917 5370 1028 5430 τοῖς
1054 5368 1493 5440 κοσμοκράτορσι
1524 5368 1617 5421 τοῦ
1649 5370 1893 5434 σκότους,

311 5454 405 5506 καὶ
452 5457 565 5518 τοῖς
607 5459 1003 5525 πνευματικοῖς
1040 5458 1139 5528 τῆς
1180 5459 1465 5530 πονηρίας,
1496 5461 1589 5513 καλ⁵
1640 5460 1790 5534 πάσῃ
1829 5463 1893 5531 τῇ

304 5544 473 5615 ἐχθρᾷ
522 5548 621 5617 τῆς
653 5545 807 5610 θείας
840 5546 1055 5616 φύσεως
1087 5546 1316 5619 δυνάμει
1352 5549 1735 5613 συντέτακται,
1772 5550 1895 5603 οὖδὲ

299 5636 511 5700 τούτοις
548 5638 670 5691 κατ’
719 5638 891 5711 αὐτὴν
924 5640 1022 5711 τὴν
1054 5640 1243 5693 οὐσίαν
1294 5642 1429 5711 πρὸς
1467 5642 1528 5693 τὸ
1562 5641 1765 5710 ἀγαθὸν
1800 5642 1894 5696 λα-

2011 3467 2136 3505 num
2171 3451 2366 3519 ipsum,
2396 3450 2486 3519 qui
2525 3451 2695 3506 dicit:
2731 3449 2845 3520 Ego
2867 3468 2983 3506 sum
3008 3453 3111 3506 vita
3164 3454 3221 3519 ¹;
3257 3453 3470 3523 spernis
3503 3452 3594 3507 iti-

2009 3538 2131 3592 dem
2178 3537 2433 3600 Paulum,
2467 3539 2557 3608 qui
2599 3540 2737 3593 dixit
2785 3559 2797 3594 :
2838 3539 3083 3596 Christus
3126 3542 3221 3597 Dei
3261 3545 3493 3611 potentia
3550 3544 3592 3600 ³.

2009 3625 2143 3680 Nam
2174 3642 2513 3697 quaecunque
2550 3628 2602 3682 in
2631 3631 3006 3699 superioribus
3037 3634 3409 3688 demonstrata
3443 3646 3594 3701 sunt,

2007 3735 2068 3773 ea
2104 3720 2188 3774 his
2220 3734 2435 3790 quoque
2463 3736 2608 3776 nunc
2632 3725 3208 3781 accommodabuntur.
3238 3726 3374 3782 Nam
3406 3744 3584 3800 neque

2011 3812 2199 3875 vitam,
2239 3826 2414 3880 neque
2448 3812 2747 3881 potentiam
2798 3815 2923 3869 vita:
2971 3830 3036 3871 ac
3087 3820 3343 3885 potentiae
3382 3824 3585 3889 opponi

2011 3904 2295 3971 quisquam
2342 3903 2542 3959 dixerit
2586 3920 2599 3957 :
2658 3905 2751 3960 sed
2812 3918 3041 3964 mortem
3091 3916 3149 3964 ct
3208 3911 3587 3987 impotentiam

2011 3996 2403 4064 nppositionem
2464 3998 2872 4069 integerrimam
2929 4002 3164 4072 explere.
3227 4006 3433 4072 Quibus
3504 4007 3591 4061 hic

2015 4091 2137 4153 iste,
2168 4104 2263 4159 per
2292 4089 2579 4146 verborum
2611 4094 2907 4147 versutiam
2938 4095 3116 4147 dolum
3141 4098 3448 4159 occultans,
3486 4098 3596 4152 alte

2018 4191 2083 4227 at.
2124 4182 2268 4229 tecte
2319 4174 2645 4230 horrendam
2686 4174 3020 4245 impietatem
3065 4175 3393 4239 concinnat,
3426 4186 3592 4244 atque

2014 4265 2343 4334 eliqucntite
2387 4267 2599 4322 artibus
2645 4266 2917 4337 Unigeniti
2964 4276 3212 4321 naturam
3256 4270 3322 4320 ad
3369 4278 3589 4322 contra-

2014 4354 2154 4407 rium
2210 4360 2452 4425 paterna:
2512 4364 2720 4411 natura:
2778 4370 3035 4421 avocans,
3087 4355 3256 4410 solam
3315 4357 3594 4411 nominum

2015 4446 2542 4500 commendationem
2581 4446 2858 4516 relinquit.
2904 4446 3044 4512 Quid
3089 4449 3253 4515 igitur
3291 4448 3429 4501 nos?
3454 4464 3591 4518 quo-

2014 4538 2174 4589 modo
2202 4546 2257 4589 et
2296 4536 2595 4604 ingenitum
2623 4536 2836 4591 Patrem
2865 4547 2920 4592 et
2944 4539 3185 4607 genitum
3216 4538 3411 4593 Filiqu
3455 4556 3589 4594 cou—

2015 4623 2227 4678 ﬁtentes
2250 4663 2266 4689 ,
2293 4625 2593 4679 secundum
2629 4625 2804 4693 ipsum
2837 4640 2948 4679 esse
2983 4627 3426 4681 contrarietatem
3453 4628 3586 4682 etru-

2010 4714 2292 4785 gerimus?
2320 4714 2451 4783 quid
2486 4714 2681 4769 dicturi
2707 4714 2937 4770 sumus?
2964 4714 3121 4781 Quod
3161 4726 3221 4769 ut
3251 4717 3377 4770 boni
3413 4717 3594 4773 Patris

2011 4804 2183 4860 bonus
2207 4804 2399 4873 Filius,
2426 4806 2500 4860 ita
2523 4820 2591 4860 ex
2611 4805 2848 4876 ingenita
2873 4804 2995 4861 luce
3021 4806 3108 4860 lux
3136 4817 3337 4861 aeterna
3369 4807 3591 4873 en‘ulsit,

2010 4910 2189 4966 exque
2219 4912 2347 4952 vera
2380 4896 2488 4951 vita
2523 4896 2809 4950 viviﬁcans
2838 4896 2958 4951 fons
2997 4898 3220 4965 prodiit,
3273 4907 3328 4952 et
3358 4914 3424 4953 ex
3474 4900 3589 4969 ipsa

2008 5003 2107 5060 per
2125 5002 2186 5044 se
2205 4990 2444 5058 potentia
2480 4988 2576 5043 Dei
2627 4989 2868 5059 potentia
2889 4988 3149 5044 emersit:
3179 4990 3416 5045 tenebra:
3440 5007 3589 5057 vero,

2014 5094 2165 5135 mors
2192 5091 2249 5137 et
2275 5081 2623 5137 imbecillitas
2650 5096 2753 5135 una
2778 5095 2903 5136 cum
2938 5078 3099 5148 hujus
3130 5080 3312 5134 mundi
3346 5083 3593 5152 principe

2008 5175 2472 5244 tenebrarumque
2503 5172 2862 5243 principibus,
2913 5182 2969 5227 et
3014 5172 3387 5241 spiritualibus
3415 5176 3592 5243 pravi-

2008 5268 2138 5323 tatis
2168 5268 2425 5322 ministris
2455 5277 2511 5322 et
2539 5266 2687 5322 omni
2720 5274 2985 5335 potestate
3014 5265 3209 5319 divina:
3245 5272 3451 5317 natura:
3486 5267 3590 5317 ini-

2007 5359 2148 5411 mica
2173 5356 2448 5413 collocata:
2461 5367 2617 5412 sunt:
2640 5372 2949 5426 quanquam
2965 5372 3033 5411 ne
3048 5354 3262 5424 quidem
3288 5356 3587 5409 secundum

2008 5449 2177 5517 ipsam
2228 5450 2586 5502 substantiam
2640 5448 2819 5502 sortiti
2866 5459 2996 5502 sunt
3032 5447 3479 5501 contrarietatem
3520 5449 3586 5501 ad

2008 5541 2203 5593 bonum
2237 5539 2397 5592 ullam
2444 5541 2559 5611 (sic
2589 5540 2732 5593 enim
2768 5540 3121 5609 reprehensio
3153 5540 3218 5593 ad
3255 5538 3575 5594 Creatorem

2008 5632 2241 5700 rediret)
2264 5671 2278 5696 ,
2319 5632 2411 5686 sed
2454 5647 2552 5685 sua
2587 5632 2826 5702 ipsorum
2860 5631 3137 5685 voluntate
3172 5646 3268 5702 per
3300 5630 3426 5685 boni
3472 5631 3576 5697 pri-

299 5726 456 5798 χοῦσι
483 5727 587 5800 τὴν
608 5731 932 5787 ἐναντίωσιν
946 5730 1115 5803 (οὕτω
1142 5732 1252 5803 γάρ
1278 5730 1400 5804 ἃνῆ
1439 5732 1648 5804 μέμψις
1689 5734 1779 5784 ἐπὶ
1819 5736 1907 5786 τὸν

2021 5734 2298 5790 vatiouem
2362 5732 2414 5789 in
2475 5734 2669 5787 vitium
2723 5732 3056 5787 inciderunt.
3109 5728 3295 5799 Neque
3326 5728 3470 5783 enim
3527 5728 3580 5779 in

377 5910 387 5939 '
420 5909 579 5967 Joan.
612 5926 651 5974 ι,
685 5910 738 5964 9.
820 5912 839 5940 ³
872 5908 1028 5964 Joan.
1073 5925 1180 5973 Juv,
1219 5911 1271 5964 6.
1350 5912 1367 5941 ³
1406 5911 1421 5964 l
1462 5911 1589 5966 (lor.
1626 5928 1659 5974 ι,
1698 5913 1787 5965 εις.
