4058 6418
381 415 490 477 533

1355 406 1740 471 PANOPLIA
1781 405 2245 469 DOGMATICA.
2282 429 2349 441 --
2390 403 2540 466 TIT.
2586 406 2689 467 XI.

3502 462 3523 473 -
3548 412 3651 472 534

383 544 712 607 putestatem
748 531 1015 603 designat,
1053 530 1105 585 id
1130 529 1370 602 profecto
1416 530 1775 587 substantiam
1801 530 1965 585 etiam

2080 533 2361 604 ὺὸηγήθης
2402 535 2451 587 εί
2495 533 2551 587 δὲ
2590 533 2783 588 ταυτὸν
2828 514 2984 588 οὐσία
3019 536 3081 589 τέ
3126 536 3241 589 ἐστι
3277 535 3369 591 καὶ
3398 537 3649 608 δύναμις,

384 630 713 698 designabit.
747 624 981 681 Proinde
1018 623 1233 694 epiticia
1263 639 1369 678 non
1401 626 1466 678 ad
1501 624 1820 679 substantia:
1855 623 1967 676 dis-

385 721 824 785 similitudinem,
858 728 913 773 ut
964 718 1024 771 tu
1054 716 1212 781 dicis,
1248 716 1341 771 sed
1387 714 1455 770 ad
1488 716 1784 784 perfectam
1819 714 1971 769 simi-

388 814 672 867 litudinem
717 812 945 865 ducunt.
989 811 1197 863 Rursus
1224 818 1372 865 certe
1399 820 1451 861 et
1493 808 1580 863 hic
1613 817 1845 863 conatus
1874 822 1969 861 no-

388 917 560 961 stram
598 904 771 971 magis
815 916 977 970 quam
1033 900 1204 970 ipsius
1243 900 1572 955 sententiam
1599 897 1828 953 stabilit.
1861 898 1969 953 Aut

387 998 535 1054 enim
566 1012 672 1050 non
704 996 871 1049 habet
890 994 1031 1047 unde
1058 1007 1119 1045 ea
1150 1007 1270 1062 quae
1296 992 1431 1046 dixit
1459 992 1826 1047 demonstret:
1855 998 1968 1052 aut,

391 1091 435 1146 si
456 1106 487 1146 e
511 1089 673 1143 rebus
691 1086 944 1141 humanis
965 1084 1212 1152 exempla
1237 1092 1540 1149 mutuatur,
1586 1083 1828 1140 inveniet
1858 1097 1965 1139 non

396 1198 457 1237 ex
495 1180 726 1235 artiﬁcis
780 1177 1037 1246 operibus
1071 1174 1297 1246 intelligi
1357 1191 1387 1229 a
1426 1174 1589 1230 nobis
1618 1176 1738 1243 ejus
1785 1188 1970 1232 essen-

396 1275 541 1337 tiam,
571 1271 665 1327 sed
688 1285 754 1324 ex
779 1269 961 1339 genito
981 1267 1243 1339 genitoris
1274 1276 1525 1323 naturam
1553 1265 1832 1336 cognosci.
1860 1265 1971 1321 Nec

392 1367 536 1421 enim
573 1363 689 1418 ﬁeri
718 1370 916 1431 potest,
950 1360 1146 1430 utejus
1170 1360 1261 1429 qui
1291 1361 1510 1412 domum
1550 1360 1859 1413 construxit
1884 1371 1971 1414 es-

398 1458 573 1512 sentia
626 1454 1120 1522 comprehendatur
1154 1467 1221 1508 ex
1253 1452 1454 1507 domo:
1493 1462 1551 1505 at
1582 1450 1803 1507 diﬂicile
1861 1466 1971 1505 non

397 1558 565 1605 estex
585 1547 833 1616 genitura
862 1545 1125 1615 genitoris
1150 1552 1401 1599 naturam
1425 1541 1755 1612 intelligere.
1789 1540 1975 1607 Quare

379 1606 441 1725 ξεῖ
477 1606 795 1709 ῦηῐξεηίιυε
827 1646 1079 1693 creatura
1114 1644 1231 1701 est,
1262 1633 1444 1691 Patris
1475 1636 1636 1691 nobis
1671 1635 1969 1695 essentiam

396 1750 500 1786 non
528 1732 752 1786 exhibet
778 1747 792 1782 :
833 1730 880 1786 si
924 1743 1057 1783 vero
1085 1727 1301 1784 Patrem
1343 1729 1500 1784 nobis
1530 1738 1718 1783 notum
1753 1743 1853 1797 per
1880 1742 1970 1783 se-

394 1826 570 1893 ipsum
636 1822 788 1889 facit,
840 1836 949 1877 non
999 1828 1253 1875 creatura
1288 1828 1395 1885 est,
1436 1819 1530 1876 sed
1567 1818 1738 1873 Filius
1785 1834 1970 1887 verus,

2067 626 2127 678 τὸ
2160 625 2257 696 τὴν
2299 625 2527 696 δύναμιν
2556 628 2956 699 χαρακτηρίζον
3000 629 3393 701 χαρακτηρίσει
3434 631 3654 694 πάντως

2070 718 2162 770 καὶ
2219 716 2318 788 τὴν
2365 718 2571 772 οὐσίαν.
2631 719 2791 772 Ὥστε
2849 716 2917 773 τὰ
2971 720 3452 792 δημιουργήματα,
3482 721 3555 784 ὼς
3589 722 3653 775 σὺ

2070 809 2194 880 φῂς,
2222 808 2282 862 οὐ
2307 809 2442 880 πρὸς
2478 810 2538 862 τὸ
2566 810 2817 881 ἀνόμοιον
2846 811 2943 881 τῆς
2975 811 3189 876 οὐσίας,
3223 812 3359 867 ἀλλὰ
3394 813 3531 885 πρὸς
3557 813 3655 885 τὴν

2068 899 2358 970 ἀκρίϐειαν
2380 900 2478 972 τῆς
2511 901 2831 972 ὁμοιότητος
2873 903 3047 974 φέρει.
3105 902 3275 957 Πάλιν
3332 903 3513 973 μέντοι
3559 902 3657 959 καὶ

2069 990 2227 1045 τοῦτο
2249 990 2311 1045 τὸ
2334 991 2642 1063 ἐγχείρημα
2658 992 2749 1045 τὸν
2772 992 3037 1065 ἡμέτερον
3078 993 3279 1064 μᾶλλον
3307 994 3340 1065 ἢ
3366 993 3455 1046 τὸν
3487 990 3654 1048 αὐτοῦ

2070 1082 2226 1150 λόγον
2253 1083 2587 1155 συνίστησιν.
2630 1086 2702 1138 Ἢ
2729 1083 2841 1154 γὰρ
2883 1084 3180 1155 οὐδαμόθεν
3213 1085 3327 1155 ἔχει
3375 1084 3656 1155 παρασχέ-

2074 1175 2196 1228 σθαι
2228 1176 2336 1228 τῶν
2368 1177 2671 1247 εἰρημένων
2694 1176 2798 1239 τὰς
2843 1176 3178 1242 ἀποδείξεις,
3207 1176 3240 1246 ἢ
3271 1174 3429 1245 εἴπερ
3461 1177 3526 1227 ἐκ
3549 1175 3655 1227 τῶν

2072 1265 2427 1337 ἀνθρωπίνων
2476 1267 2576 1331 τὰς
2614 1268 2827 1333 είκόνας
2873 1268 3161 1339 λαμϐάνοι,
3214 1268 3436 1338 εὑρήσει
3461 1266 3560 1318 οὐκ
3590 1265 3655 1317 ὲκ

2071 1359 2179 1412 τῶν
2204 1358 2385 1431 ἔργων
2427 1360 2521 1414 τοῦ
2552 1361 2798 1430 τεχνίτου
2829 1361 2888 1413 ὲν
2922 1360 3171 1431 περινοίᾳ
3200 1359 3301 1428 τῆς
3334 1359 3521 1420 οὐσίας
3553 1357 3654 1410 αὐ-

2071 1453 2163 1506 τοῦ
2216 1452 2535 1523 γινομένους
2572 1454 2741 1523 ἡμᾶς,
2788 1450 2901 1513 ἀλλ’
2945 1453 3009 1503 ὲκ
3046 1448 3139 1503 τοῦ
3179 1446 3527 1517 γεννηθέντος
3556 1446 3655 1515 τὴν

2071 1544 2165 1598 τοῦ
2198 1544 2591 1614 γεγεννηκότος
2636 1543 2798 1613 φύσιν
2834 1541 3314 1611 ὲπιγινὼσκοντας.
3346 1539 3420 1591 Οὐ
3456 1538 3563 1607 γὰρ
3592 1537 3656 1589 ὲκ

2073 1637 2175 1707 τῆς
2223 1637 2402 1701 οἰκίας
2454 1637 2552 1708 τὴν
2595 1636 2785 1690 οὐσίαν
2835 1634 2930 1691 τοῦ
2991 1633 3273 1705 οἰκοδόμου
3332 1629 3656 1685 καταλαϐεῖν

2077 1730 2299 1783 δυνατόν
2321 1746 2334 1760 ·
2365 1730 2432 1793 ἐκ
2484 1732 2667 1801 μέντοι
2713 1728 2810 1785 τοῦ
2858 1729 3196 1799 γεννήματος
3229 1726 3415 1796 νοῆσαι
3475 1722 3656 1794 ῥᾴδιον

2077 1821 2170 1874 τοῦ
2218 1824 2606 1893 γεγεννηκότος
2640 1822 2739 1893 τὴν
2767 1822 2952 1891 φύσιν.
2998 1822 3159 1874 Ὥστε
3185 1820 3233 1871 εί
3264 1818 3361 1888 μὲν
3394 1817 3457 1886 δη
3469 1813 3656 1885 μιούρ-

396 1914 599 1983 Deique
625 1914 829 1982 imago,
853 1922 910 1967 et
935 1912 1253 1967 substantiae
1294 1913 1604 1969 character.
1640 1909 1825 1979 Atque
1850 1910 1971 1965 hzec

2080 1930 2230 1984 γημα
2260 1918 2290 1968 6
2328 1913 2657 1985 Μονογενὴς,
2693 1915 2754 1967 οὐ
2791 1913 3121 1983 παρίστησιν
3153 1911 3283 1980 ἡμῖν
3320 1906 3413 1962 τοῦ
3445 1906 3656 1976 [ἰατρὸς

394 2006 608 2075 quidem
634 2016 757 2060 sunt
779 2004 1108 2074 hujusmodi.

391 2098 546 2168 τέρα,
606 2097 727 2167 οὐχι
774 2094 1184 2165 δημιούργημα,
1224 2092 1362 2147 ἀλλὰ
1411 2091 1538 2155 Υίος
1592 2090 1822 2161 ἀληθὴς,
1874 2090 1969 2144 καὶ
2030 2092 2193 2146 εἰκὼν
2236 2095 2328 2149 τοῦ
2397 2095 2556 2161 Θεοῦ,
2617 2096 2711 2148 καὶ

393 2190 504 2241 Καὶ
527 2189 701 2242 ταῦτα
737 2186 835 2256 μὲν
860 2184 1103 2238 τοιαῦτα.

687 2270 942 2339 Eiusdem
975 2286 1041 2326 ea:
1069 2274 1247 2329 eodem
1284 2281 1477 2343 quarto
1510 2271 1665 2325 libro.

454 2360 512 2415 Si
539 2362 877 2429 unigenitum
902 2364 1187 2418 constituis
1217 2378 1322 2417 non
1356 2377 1424 2417 ex
1477 2376 1543 2418 eo
1570 2358 1715 2431 quod
1770 2358 1987 2427 genitus

380 2468 485 2517 est,
518 2455 614 2510 sed
642 2469 707 2509 ex
738 2470 802 2508 eo
833 2454 976 2523 quod
998 2454 1129 2509 nihil
1154 2456 1203 2509 el
1232 2462 1606 2524 comparatur,
1670 2461 1727 2507 et
1789 2447 1978 2513 Pater,

382 2548 475 2602 cui
505 2546 635 2602 nihil
663 2536 983 2616 comparari
1010 2555 1207 2615 potest,
1239 2546 1342 2599 erit
1377 2544 1709 2613 unigenitus.

958 2640 1045 2692 EI
1074 2638 1254 2692 eodem
1304 2636 1373 2689 lib
1382 2652 1461 2689 ro.

460 2731 516 2786 Si
548 2731 716 2786 Filius
744 2745 854 2786 non
886 2728 1208 2798 simpliciter
1240 2737 1324 2786 est
1355 2728 1700 2797 Unigenitus,
1735 2727 1829 2781 sed
1888 2724 1974 2780 Fi-

386 2826 494 2879 lius
515 2824 851 2894 unigenitus,
881 2832 936 2877 et
968 2837 997 2876 a
1026 2822 1188 2876 Patre
1211 2821 1550 2891 unigenitus.
1582 2829 1665 2874 est
1735 2819 1975 2888 uuigetti-

390 2929 481 2970 tus
509 2914 701 2979 Filius,
742 2928 858 2970 non
895 2923 1075 2969 autent
1112 2927 1198 2968 res
1253 2922 1437 2969 creata
1491 2912 1794 2983 unigenita.

921 3004 1006 3061 Ea:
1037 3007 1218 3060 eodem
1262 3005 1420 3058 libro.

465 3099 521 3155 Si
555 3100 940 3155 communione
970 3112 1348 3168 eoucessuqne
1385 3098 1589 3164 Patris,
1639 3112 1744 3153 non
1791 3108 1976 3154 autem

392 3202 585 3248 natura
628 3190 801 3245 Filius
826 3200 912 3247 est
942 3198 1276 3261 procreatur.
1300 3189 1436 3245 nihil
1471 3200 1557 3245 est
1604 3189 1673 3244 ab
1721 3190 1838 3260 ipso
1876 3205 1981 3245 na-

394 3295 513 3339 tura
544 3292 912 3351 procreatum.
945 3282 1185 3350 Quorum
1238 3282 1384 3337 enim
1438 3288 1629 3335 natura
1666 3290 1985 3350 procreatur

396 3376 483 3429 ille
509 3389 613 3429 nou
648 3383 756 3438 est,
786 3373 1060 3443 quomodo
1084 3386 1148 3427 ea
1179 3370 1290 3427 sint
1327 3380 1521 3425 natura
1552 3369 1877 3441 procreata?

932 3549 1013 3606 Ex
1056 3553 1234 3605 eodem
1264 3551 1423 3607 libro.

488 3642 543 3696 Si
580 3644 716 3697 Dens
756 3644 869 3711 agit
896 3644 1109 3698 ratione
1134 3642 1421 3713 singulari,
1476 3642 1689 3705 ratione
1747 3641 1874 3695 item
1911 3641 1990 3709 gi-

413 3734 524 3803 gnit
549 3736 820 3807 singulari;
849 3736 992 3792 Deus
1020 3736 1164 3792 enim
1202 3736 1345 3791 nulla
1380 3738 1429 3789 in
1463 3749 1521 3791 re
1549 3750 1671 3790 cum
1704 3733 1811 3787 ullo
1839 3748 1988 3788 com-

405 3829 579 3896 parari
626 3840 797 3897 potesu
810 3867 827 3884 .

937 3918 1020 3973 Ει
1051 3921 1229 3973 eodem
1260 3917 1413 3971 libro.

470 4013 623 4079 Quod
672 4015 752 4076 lit,
794 4028 900 4067 non
932 4026 1001 4065 ex
1044 4022 1239 4065 natura
1272 4009 1518 4065 facientis
1557 4019 1661 4063 est.
1714 4007 1867 4075 Quod
1896 4025 1988 4062 au-

406 4116 512 4158 tem
543 4106 801 4176 gignitur,
841 4115 926 4159 est
958 4120 1025 4157 ex
1056 4103 1324 4173 gignentis
1354 4101 1609 4158 essentia.
1670 4100 1786 4156 Non
1828 4101 1991 4172 igitur

400 4197 547 4252 idem
586 4206 669 4251 est
702 4195 902 4261 facere,
954 4203 1009 4249 et
1037 4198 1279 4265 gignere.

927 4285 1009 4340 Ex
1062 4290 1237 4341 eodem
1262 4286 1420 4340 libro.

477 4380 632 4447 Quod
667 4381 719 4434 in
753 4384 927 4435 turma
961 4378 1055 4432 Dei
1085 4388 1190 4446 est,
1210 4387 1295 4433 est
1327 4378 1382 4431 in
1408 4379 1648 4434 essentia
1696 4378 1814 4435 Dei.
1869 4377 1991 4435 Non

404 4472 552 4525 enim
582 4472 727 4525 aliud
754 4480 838 4525 est
867 4470 959 4524 Dei
1002 4468 1200 4534 forma,
1228 4470 1373 4524 aliud
1404 4470 1522 4538 ejus
1551 4471 1811 4526 essentia.
1840 4470 1990 4527 Alio-

408 4565 543 4630 quin
599 4573 745 4617 esset
791 4562 1148 4630 compositus.
1213 4562 1579 4627 Quamobrem
1642 4563 1734 4632 qui
1815 4562 1991 4618 forma

406 4655 636 4725 autualis
671 4663 779 4722 est,
821 4663 878 4709 et
913 4654 1152 4711 essentia
1178 4666 1263 4710 est
1290 4657 1535 4724 aequalis.

936 4748 1022 4802 Ea:
1074 4750 1254 4803 eodem
1316 4751 1473 4803 libro.

2075 2004 2174 2075 τὴν
2198 2005 2415 2060 οὐσίαν·
2448 2006 2498 2058 εί
2531 2005 2589 2059 δὲ
2618 2004 2871 2075 γνωρίζει
2916 2006 3049 2074 ἡμῖν
3094 2002 3161 2057 δι’
3195 2000 3386 2056 ἑαυτοῦ
3423 1999 3514 2051 τὸν
3548 2000 3660 2052 Ila-

2954 2094 3303 2157 ὑποστάσεως
3348 2090 3653 2161 χαρακτήρ.

2436 2263 2545 2319 Τοῦ
2575 2263 2765 2318 αὐτοῦ
2792 2263 2859 2318 ἐκ
2889 2262 2995 2317 τοῦ
3021 2261 3064 2314 ἃ
3095 2262 3303 2332 λόγου.

2154 2358 2213 2410 Ei
2270 2358 2347 2428 μὴ
2410 2357 2727 2427 γεννήσεως.
2771 2356 2832 2409 τὸ
2890 2356 3216 2427 μονογενὲς,
3275 2356 3410 2411 ἀλλά
3462 2357 3552 2412 διὰ
3610 2357 3670 2410 τὸ

2093 2448 2452 2519 ἀσύγκριτον.
2513 2447 2810 2519 μονογενὴς
2866 2447 2959 2501 καὶ
3016 2449 3044 2500 6
3102 2448 3310 2517 Πατήρ.
3378 2448 3671 2519 ’Δσύγκρι-

2087 2557 2178 2605 τος
2216 2540 2348 2609 γάρ.

2364 2690 2367 2691 ν
2544 2632 2641 2685 Ἐκ
2662 2630 2770 2686 τοῦ
2793 2630 2982 2686 αὑτοῦ
3000 2634 3207 2701 λόγου.

2154 2724 2218 2778 Εἰ
2252 2727 2278 2778 6
2311 2725 2436 2788 Υἱὸς
2470 2723 2567 2795 οὐχ
2604 2724 2789 2788 ἁπλῶς
2827 2726 3140 2794 Μονογενής
3174 2726 3325 2777 ἐστιν
3347 2764 3361 2789 ,
3399 2723 3513 2777 ἀλλ’
3545 2724 3672 2786 Υἱὸς

2085 2815 2404 2888 μονογενὴς,
2437 2816 2531 2870 καὶ
2555 2817 2707 2887 παρὰ
2738 2817 2956 2887 Πατρδς
2992 2815 3311 2886 μονογενὴς,
3346 2814 3473 2878 Υἱὸς
3509 2832 3672 2885 μονοο

2081 2910 2246 2981 γενής
2278 2911 2414 2973 ἐστι,
2447 2908 2541 2962 καὶ
2571 2909 2633 2961 οὐ
2665 2907 2873 2979 κτίσμα
2894 2912 3204 2978 μονογενὲς.

2520 3005 2620 3057 Ἐκ
2645 3003 2767 3057 ’τοῦ
2802 3003 2991 3057 αὑτοῦ
3028 3004 3238 3071 λόγου.

2153 3096 2216 3148 Εἰ
2236 3094 2376 3148 κατὰ
2402 3095 2691 3165 μετάδοσιν
2712 3096 2806 3147 καὶ
2832 3094 3305 3166 συγχώρησιντοῦ
3324 3096 3560 3166 Πατρδς,
3582 3096 3670 3148 καῖ

2083 3188 2146 3241 οὐ
2176 3186 2319 3239 κατὰ
2357 3185 2519 3255 φύσιν
2552 3185 2886 3258 δημιουργὸς
2913 3187 2941 3239 ὀ
2974 3185 3103 3249 Υἱὸς
3128 3228 3142 3253 ,
3177 3185 3329 3241 οὐδὲν
3361 3186 3429 3242 ἂν
3462 3188 3547 3257 εἴη
3581 3188 3671 3239 ὐπ’

2086 3279 2252 3335 αὐτοῦ
2310 3278 2718 3350 δημιουργηθὲν
2774 3277 2917 3332 κατὰ
2974 3279 3136 3347 φύσιν
3177 3295 3189 3311 ο
3224 3273 3300 3336 ὧν
3335 3278 3444 3351 γὰρ
3503 3279 3531 3331 6
3582 3279 3674 3347 δη-

2070 3373 2354 3442 -μιουργδς
2398 3372 2458 3424 οὐ
2509 3371 2651 3425 κατὰ
2695 3370 2881 3442 φύσιν,
2926 3371 3044 3435 πῶς
3087 3371 3156 3427 τὰ
3205 3371 3677 3446 δημιουργηθέντα

2017 3459 2060 3520 C
2094 3465 2237 3518 κατὰ
2268 3463 2433 3533 φύσιν
2458 3480 2471 3529 ;

2522 3553 2618 3607 Ἐκ
2659 3555 2764 3609 τοῦ
2804 3554 2995 3609 αὑτοῦ
3033 3556 3243 3625 λόγου.

2165 3646 2226 3699 ΕΞ
2265 3647 2482 3717 ἐνεργεῖ
2511 3647 2540 3698 6
2569 3646 2725 3711 Θεὸς,
2758 3647 2833 3709 ὡς
2863 3647 3039 3710 οὐδεὶς
3074 3646 3284 3717 ἕτερος,
3316 3645 3411 3699 καὶ
3450 3646 3676 3714 γεννῶν,

2090 3739 2164 3800 ὡς
2193 3738 2290 3807 οὐχ
2311 3738 2497 3807 ἕτερος
2528 3743 2801 3809 γεννήσει.
2824 3738 3179 3810 ’Λσύγκριτος
3201 3740 3309 3810 γὰρ
3333 3740 3470 3810 πρὸς
3498 3739 3678 3794 πάντα

2094 3828 2238 3881 κατὰ
2268 3829 2444 3882 πάντα
2474 3833 2501 3883 6
2536 3830 2686 3894 Θεός.

2526 3922 2627 3975 Ἐκ
2668 3922 2773 3975 τοῦ
2811 3923 3000 3977 αὑτοῦ
3040 3923 3252 3992 λόγου.

2165 4012 2237 4063 Τὸ
2274 4012 2600 4081 ποιούμενον
2634 4014 2732 4067 οὐκ
2772 4015 2835 4066 ἐκ
2871 4012 2970 4081 τῆς
3003 4014 3193 4078 οὐσίας
3226 4014 3319 4067 τοῦ
3360 4015 3636 4068 ποιοῦντοί
3664 4056 3680 4080 ,

2093 4102 2154 4153 τὸ
2178 4102 2232 4153 δὲ
2262 4102 2600 4170 γεννώμενον
2624 4104 2687 4155 ὲκ
2712 4104 2809 4170 τῆς
2830 4103 2999 4171 αὐτῆς
3024 4103 3210 4167 οὐσίας
3242 4104 3336 4158 τοῦ
3360 4104 3677 4175 γεννῶντος.

2093 4194 2167 4246 Οὐ
2196 4193 2391 4248 ταυτὸν
2419 4194 2529 4264 ἄρα
2556 4196 2618 4247 τὸ
2648 4195 2823 4248 ποιεῖν
2852 4197 2947 4248 καὶ
2975 4196 3037 4248 τὸ
3067 4198 3287 4267 γεννᾷν.

2533 4275 2635 4341 Ἐκ
2672 4287 2781 4342 τοῦ
2818 4287 3007 4343 αὐτοῦ
3044 4289 3253 4359 λόγου.

2164 4385 2239 4437 Τὸ
2280 4385 2336 4436 ὲν
2382 4383 2562 4452 μορφῇ
2606 4381 2740 4434 Θεοῦ
2784 4384 2840 4436 ὲν
2883 4384 3044 4455 οὐσίᾳ
3079 4383 3216 4437 Θεοῦ
3253 4386 3420 4438 ἐστιν.
3464 4385 3540 4437 Οὐ
3578 4384 3683 4452 γῖιρ

2095 4475 2221 4529 ἄλλο
2255 4475 2457 4545 μορφὴ,
2507 4473 2600 4524 καὶ
2631 4471 2759 4526 ἄλλο
2793 4474 2954 4528 οὐσία
2982 4476 3141 4542 Θεοῦ,
3165 4475 3252 4529 ἵνα
3297 4477 3372 4547 μὴ
3408 4475 3680 4537 σύνθετος.

2108 4567 2167 4620 '0
2210 4565 2351 4620 κατὰ
2401 4565 2616 4635 μορφὴν
2664 4561 2758 4618 οὖν
2820 4564 2931 4628 ἴσος
2981 4566 3076 4619 καὶ
3127 4567 3250 4620 κατ’
3299 4567 3489 4622 οὐσίαν
3537 4570 3684 4622 ἐστὶν

2099 4658 2234 4720 ἴσος.

2531 4747 2632 4801 Ἕκ
2668 4748 2775 4802 τοῦ
2817 4748 3005 4801 αὑτοῦ
3042 4750 3253 4818 λόγου.

486 4840 545 4896 Si
596 4840 757 4896 Pater
790 4851 915 4897 ante
944 4842 1142 4898 Filium
1175 4851 1315 4909 erat,
1344 4841 1570 4897 alterius
1602 4840 1825 4897 omnino
1876 4853 1978 4895 era'

2172 4844 2234 4898 Ei
2264 4846 2291 4897 6
2320 4842 2508 4913 Πατὴρ
2537 4842 2643 4912 πρὸ
2666 4840 2761 4894 τοῦ
2795 4840 2926 4893 Υίοῦ
2956 4836 3047 4912 ἦν,
3079 4815 3269 4913 ἐτέρου
3295 4841 3439 4906 τινὸς
3465 4842 3683 4911 πάντως

410 4935 537 4990 Filii
562 4934 746 4992 Pater.
771 4936 909 4993 Nam
926 4937 1046 4989 sine
1076 4936 1213 4991 Filio
1239 4937 1395 4990 Pater
1427 4950 1533 4990 non
1564 4934 1832 5005 potuisset
1866 4932 1999 4989 dici.

961 5027 1050 5082 Ea:
1078 5027 1258 5081 eodem
1289 5027 1447 5081 libro.

484 5121 542 5174 Si
572 5121 618 5176 is
641 5121 733 5190 qui
763 5119 959 5175 Filium
984 5136 1079 5191 per
1101 5121 1397 5176 essentiam
1432 5118 1608 5182 novit,
1646 5116 1865 5172 Patrem
1892 5130 1996 5170 no-

2100 4938 2289 5009 Πατὴρ
2328 4933 2396 5007 ἦν
2425 4952 2438 4967 ο
2475 4934 2644 5005 χωρὶς
2678 4935 2788 5006 γὰρ
2818 4932 2950 4987 Υίοῦ
2987 4932 3175 5003 Πατὴρ
3205 4934 3307 4988 οὐκ
3340 4935 3407 4989 ἂν
3442 4936 3681 5006 λεχθείη.

2537 5032 2640 5084 Ἐκ
2681 5027 2786 5082 τοῦ
2823 5027 3012 5082 αὑτοῦ
3040 5027 3251 5095 λόγου.

2172 5124 2236 5178 Ei
2280 5123 2309 5177 6
2354 5122 2444 5177 τὸν
2482 5122 2612 5175 Υίὺν
2642 5120 2804 5190 γνοὺς
2852 5121 2983 5174 κατ*
3010 5118 3219 5185 οὐσίαν,
3271 5119 3413 5188 ἔγνω
3455 5138 3550 5175 και.
3595 5136 3687 5175 τον

408 5220 487 5270 vit
531 5233 547 5274 :
582 5216 644 5272 Si
678 5232 759 5271 me
783 5218 950 5284 enim,
977 5215 1172 5285 inquit,
1229 5214 1622 5284 coquovissetis,
1677 5221 1723 5265 et
1781 5211 1978 5265 Patren

2100 5217 2344 5287 Πατέρα·
2372 5218 2441 5268 Ei
2462 5213 2568 5284 ἐμὲ
2588 5213 2720 5285 γὰρ,
2752 5212 2939 5283 φησὶν,
2958 5211 3178 5283 ᾔδειτε,
3203 5212 3429 5266 καὶτὸν
3456 5214 3688 5280 Πατέρα

407 5322 584 5364 meum
618 5309 794 5379 utique
839 5308 1211 5378 cognovissetis
1247 5309 1288 5374 ί,
1348 5305 1591 5376 ejusdem
1635 5318 1859 5373 prorsus
1913 5319 2005 5358 es-

410 5402 605 5457 sentiat
630 5418 750 5455 cum
780 5400 938 5457 Patre
962 5401 1131 5457 Filius
1178 5411 1280 5456 est.
1319 5399 1451 5454 Natu
1487 5414 1551 5455 ex
1608 5396 1854 5453 dissimili
1918 5411 2005 5452 es-

407 5493 719 5550 sctttiattou
774 5501 959 5564 posset
1010 5493 1253 5565 agnosci.

945 5585 1030 5640 Ea;
1059 5586 1240 5641 eodem
1271 5584 1428 5641 libro.

486 5676 548 5733 Si
575 5677 645 5744 is,
676 5678 769 5748 qui
794 5679 968 5736 credit
1010 5677 1295 5735 Christum
1326 5692 1447 5735 esse
1474 5676 1670 5734 Filium
1699 5676 1813 5745 Dei,
1835 5674 1999 5731 vitam

495 5840 509 5867 ¹
559 5837 715 5893 Junii.
746 5841 927 5915 ιιν,’ί.

2101 5326 2222 5379 μου
2281 5307 2481 5378 ᾔδειτε
2539 5305 2617 5360 ἄν
2647 5322 2664 5339 ·
2718 5305 3006 5376 όμοούσιος
3088 5304 3308 5367 πάντως
3370 5303 3449 5372 τῷ
3512 5305 3687 5375 lla-cpi.

2103 5403 2133 5455 6
2182 5402 2331 5461 Υἱός.
2368 5400 2535 5453 Οὐδὲν
2566 5398 2675 5469 γὰρ
2704 5399 2764 5465 ἐξ
2808 5400 3069 5471 ἀνομοίου
3101 5399 3289 5465 οὐσίας
3325 5400 3686 5470 γνωρίζεσθαι

2106 5493 2352 5549 δύναται.

2563 5586 2667 5639 Ἐκ
2692 5585 2798 5640 τοῦ
2821 5586 3009 5642 αὑτοῦ
3034 5587 3240 5654 λόγου.

2177 5680 2239 5733 El
2267 5677 2327 5733 τὸ
2355 5677 2630 5733 πιστεύειν
2655 5678 2747 5733 τὸν
2770 5678 3004 5749 Χριστὸν
3030 5679 3158 5733 Υίον
3188 5675 3326 5733 εἶναι
3351 5677 3508 5743 Θεοῦ,
3541 5677 3685 5747 ζωὴν
