4058 6428
405 390 516 456 539

930 514 1013 568 Ea:
1057 517 1236 570 eodem
1268 517 1420 573 libro.

475 603 534 660 Si
565 603 638 670 id,
667 607 808 674 quod
839 606 956 662 ﬁeri
989 609 1194 675 nequit,
1219 612 1286 673 ei,
1307 615 1447 678 quod
1481 613 1596 669 ﬁeri
1627 625 1828 686 potest,
1853 633 1990 673 con-

403 695 631 749 trarium
665 705 768 760 est,
797 705 852 750 et
896 693 1157 764 insipiens
1223 701 1527 772 insipienti,
1557 716 1612 761 et
1653 722 1992 780 quaecunque

401 787 589 841 eodem
619 795 776 856 pacto
806 789 1230 859 distinguuntur,
1273 794 1416 850 inter
1447 813 1506 852 se
1540 803 1812 856 contraria
1840 812 1989 870 sunt,

400 880 695 947 ingenitum
724 879 888 933 etiam
939 883 1121 950 genito
1165 887 1498 941 contrarium
1544 890 1670 956 erit,
1715 902 1772 945 et
1829 889 1992 945 Pater

402 971 560 1024 Filio.
602 971 756 1036 Quod
800 973 1018 1041 quidem
1067 989 1408 1046 sequeretur,
1439 981 1484 1033 si
1529 982 1832 1051 ingenitum
1885 999 1990 1038 non

399 1062 694 1116 exsistendi
729 1066 971 1129 modum,
999 1069 1093 1122 sed
1123 1071 1419 1124 essentiam
1448 1072 1806 1144 signiﬁcaret.

889 1157 976 1212 Ea:
1009 1159 1189 1214 eodem
1221 1161 1378 1218 libro.

476 1245 531 1300 Si
560 1248 732 1302 Filius
756 1259 978 1306 creatus
1011 1261 1118 1318 est,
1143 1269 1251 1309 non
1283 1266 1464 1313 autem
1512 1261 1750 1329 genitus,
1801 1271 1856 1318 et
1905 1278 1994 1320 res

401 1343 528 1395 item
561 1357 758 1398 omnes
783 1355 978 1398 creatae
996 1355 1146 1412 sunt,
1177 1345 1382 1405 frustra
1412 1349 1576 1406 Pater
1601 1364 1824 1408 vocatur
1847 1356 1998 1426 inge-

398 1437 570 1501 nitus,
604 1453 724 1494 cum
757 1441 973 1510 genitus
1005 1456 1114 1495 non
1155 1443 1320 1511 adsit,
1359 1447 1578 1515 quicum
1640 1459 1991 1518 comparatus

400 1533 680 1597 ingenitus
705 1535 1028 1604 appelletur.
1051 1535 1236 1607 Itaque
1259 1543 1462 1596 rectius
1479 1542 1752 1598 lncreatus
1775 1543 1991 1601 dicere-

397 1633 487 1678 tur
540 1641 703 1694 quam
741 1629 1037 1696 ingenitus.
1073 1627 1130 1683 Si
1157 1630 1308 1683 enim
1343 1632 1620 1702 ingenitus
1659 1650 1856 1691 nomen
1887 1647 1992 1702 est,

399 1730 505 1769 non
544 1720 803 1772 essentia.
863 1719 1092 1775 Nomina
1143 1722 1288 1774 enim
1341 1726 1609 1778 essentias
1657 1727 1988 1796 signiﬁcant,

399 1823 505 1862 non
537 1821 718 1865 autem
757 1811 874 1875 ipsa
900 1820 1029 1865 sunt
1077 1815 1349 1870 essentia}.
1399 1816 1553 1882 Quod
1599 1818 1644 1872 si
1687 1818 1988 1886 ingenitum

398 1903 584 1956 dicunt
610 1905 898 1958 essentiam
929 1907 1277 1976 esse,'ipsi~us
1313 1906 1548 1962 aﬂ‘erant
1598 1924 1824 1967 nomen.
1876 1912 1995 1968 Non
2028 1893 2072 1948 Β

399 1998 542 2050 enim
605 2013 671 2051 ex
731 1999 996 2064 essentia,
1057 2001 1150 2054 sed
1178 2015 1242 2054 ex
1283 2002 1505 2056 nomine
1553 2001 1873 2074 actioneque
1909 2021 2000 2062 res

399 2092 802 2159 cognoscimus,
857 2106 951 2148 eas
1014 2095 1318 2163 praesertim
1379 2110 1501 2165 quae
1560 2097 1806 2165 corporis
1868 2110 1997 2154 sunt

397 2194 674 2253 expertes.

1046 2276 1130 2333 Ea:
1165 2279 1368 2334 eodem.

472 2371 816 2440 Siingenitus
838 2380 924 2426 est
947 2386 1142 2426 nomen
1163 2373 1416 2426 essentize
1445 2371 1560 2433 Dei,
1585 2381 1674 2426 aut
1700 2371 1998 2427 essentiam
2035 2429 2047 2440 ,

397 2477 733 2529 cognoscens
774 2478 932 2517 suam
993 2463 1134 2517 Deus
1183 2466 1438 2518 essentne
1483 2474 1675 2518 nome‘n
1707 2461 1996 2533 ignoravit,

397 2564 493 2606 aut
538 2568 738 2607 nomen
767 2553 930 2608 etiam
963 2553 1142 2608 sciens
1175 2555 1462 2609 audientes
1492 2554 1748 2621 decepit:
1808 2552 2000 2606 Domi-

397 2664 494 2701 nus
540 2649 678 2701 enim
729 2647 1079 2714 omnipotens,
1127 2647 1323 2717 inquit,
1380 2657 1458 2700 est
1505 2663 1696 2700 nomen
1738 2663 1913 2699 meum
1953 2646 1996 2697 ⁸.

400 2739 464 2792 Et
493 2739 628 2792 Mosi
655 2739 919 2805 qumrenti
943 2751 1144 2791 nomen
1175 2739 1346 2806 ipsius
1384 2754 1398 2790 :
1441 2736 1571 2805 Ego,
1615 2735 1813 2804 inquit,
1852 2751 1992 2800 sum,

395 2832 485 2900 qui
515 2847 631 2884 sum
660 2832 702 2883 '.
742 2830 809 2883 Et
841 2844 1060 2882 rursum
1103 2847 1118 2882 :
1164 2828 1327 2893 Deus,
1375 2829 1573 2897 inquit,
1626 2828 1920 2889 Abraham,
1950 2835 2001 2879 et

397 2926 538 2979 Deus
577 2923 755 2986 Isaac,
801 2934 849 2977 et
885 2923 1023 2977 Deus
1052 2921 1246 2986 Iacob,
1298 2923 1393 2993 hoc
1424 2923 1552 2976 mihi
1601 2938 1789 2976 nomen
1844 2933 2002 2976 celer-

394 3035 520 3074 num
545 3019 590 3072 ³.
615 3018 677 3070 Et
701 3016 903 3071 David:
927 3014 1204 3080 Dominus,
1229 3015 1404 3082 inquit
1430 3053 1446 3081 ,
1478 3023 1554 3068 est
1600 3030 1787 3068 nomen
1809 3015 1926 3084 ejus
1956 3013 1998 3068 ⁸.

395 3102 914 3181 ἰηδοηίιυιιιάιιιθω
951 3123 1071 3164 esse
1101 3124 1295 3161 nomen
1330 3108 1474 3162 illius
1527 3122 1626 3162 nec
1679 3109 1796 3176 ipse
1837 3106 1995 3170 dixit,

1650 402 1969 464 EUTHYM
1982 406 2039 466 ΙΙ
2077 407 2438 480 ZlGABENI

2026 533 2077 588 Δ

3578 415 3684 483 540

2539 535 2642 588 Ἐκ
2679 534 2787 590 τοῦ
2819 533 3009 590 αὐτοῦ
3045 536 3254 606 λόγου.

2174 625 2236 701 Ei
2260 628 2320 679 τὸ
2339 625 2601 682 ἀδύνατον
2630 630 2876 684 ἐναντίον
2902 628 2980 699 τῷ
3001 630 3237 701 δυνατῷ,
3273 629 3449 685 καὶτὸ
3478 633 3682 702 ἄσοφον

2098 716 2178 789 τῷ
2220 718 2401 792 σοφῷ,
2441 724 2536 774 καὶ
2568 722 2746 777 πάντα
2779 724 2848 775 τὰ
2880 721 3430 795 ἀντιδιαστελλόμενα
3460 724 3682 779 ἐναντία

2100 810 2378 882 ἀλλήλοις,
2427 812 2674 867 ἐναντίον
2719 814 2908 867 καὶτὸ
2942 813 3243 884 ἀγέννητον
3291 814 3370 884 τῷ
3415 819 3680 886 γεννητῷ.

2114 901 2393 965 Ἐναντίος
2417 898 2511 955 οὖν
2530 905 2558 956 ὁ
2586 901 2778 973 Πατὴρ
2801 903 2878 973 τῷ
2905 904 3018 974 Υἱῷ
3049 906 3172 959 κατ’
3197 905 3410 970 οὐσίαν,
3440 907 3496 961 ετ
3516 923 3578 976 γε
3607 907 3685 978 μὴ

2099 993 2300 1064 τρόπος
2328 993 2617 1064 ὑπάρξεως
2647 995 2708 1048 τὸ
2729 995 3048 1067 ἀγέννητον,
3081 997 3198 1052 ἀλλ’
3223 998 3402 1055 οὐσία.

2539 1183 2643 1238 Ἕκ
2679 1183 2787 1238 τοῦ
2824 1183 3014 1239 αὐτοῦ
3051 1185 3262 1253 λόγου.

2176 1273 2238 1328 El
2273 1274 2506 1346 κτίσμα,
2541 1277 2638 1330 καὶ
2669 1276 2730 1330 οὐ
2759 1279 3008 1349 γέννημα
3039 1277 3068 1331 ὁ
3107 1277 3259 1339 Υἱὸς,
3293 1274 3389 1330 καὶ
3422 1274 3604 1329 πάντα
3631 1272 3692 1328 δὲ

2100 1367 2169 1421 τὰ
2185 1368 2314 1421 ὄντα
2343 1371 2646 1442 κτίσματα,
2675 1370 2853 1442 μάτην
2871 1372 3168 1440 ἀγέννητος
3185 1371 3212 1423 ὁ
3241 1368 3429 1439 Πατὴρ
3448 1367 3690 1436 λέγεται,

2098 1463 2201 1518 οὐκ
2222 1461 2376 1526 ὄντος
2405 1461 2542 1524 ὅλως
2569 1463 2937 1533 γεννήματος,
2971 1463 3108 1534 πρὸς
3128 1463 3156 1516 ὃ
3175 1462 3429 1517 καλεῖται
3455 1463 3691 1534 ἀγέννη-

2097 1572 2210 1619 τος.
2243 1555 2594 1626 Δικαιότερον
2627 1549 2722 1608 οὖν
2755 1555 3034 1620 ἄκτιστος,
3067 1554 3100 1626 ἢ
3137 1555 3442 1624 ἀγέννητὸς
3471 1553 3691 1623 λέγοιτο

2099 1646 2185 1701 ἄν.
2218 1646 2289 1700 Τὸ
2320 1647 2429 1716 γὰρ
2459 1647 2752 1714 ἀγέννητος
2783 1647 2831 1699 εί
2862 1645 3052 1715 ὄνομα,
3087 1647 3186 1699 οὐκ
3217 1647 3397 1699 οὐσία.
3425 1643 3548 1699 Τῶν
3583 1645 3691 1715 γὰρ

2099 1740 2296 1794 οὐσιῶν
2323 1737 2631 1809 σημαντικὰ
2659 1738 2727 1790 τὰ
2755 1737 3018 1806 ὀνόματα,
3044 1739 3144 1791 οὐκ
3173 1739 3311 1792 αὐτὰ
3339 1737 3518 1791 οὐσία.
3549 1738 3607 1790 Ei
3639 1737 3694 1790 δὲ

2099 1831 2233 1884 αὐτὸ
2257 1830 2416 1883 οὐσία
2445 1830 2505 1882 τὸ
2529 1829 2845 1898 ἀγέννητὸς,
2872 1829 3186 1897 λεγέτωσαν
3210 1829 3267 1881 τὸ
3295 1827 3468 1898 ὄνομα
3495 1828 3688 1897 αὐτῆς.

2101 1923 2176 1976 Οὐ
2242 1924 2352 1991 γὰρ
2403 1924 2466 1974 ὲκ
2522 1923 2630 1974 τῶν
2689 1924 2912 1992 οὐσιῶν,
2962 1924 3081 1977 ἀλλ’
3133 1925 3197 1975 ἐκ
3248 1922 3355 1974 τῶν
3411 1922 3693 1990 ὀνομάτων

2099 2015 2196 2066 καὶ
2251 2013 2358 2068 τῶν
2416 2015 2708 2084 ἐνεργειῶν
2761 2016 3130 2087 γνωρίζομεν,
3183 2014 3279 2069 καὶ
3339 2013 3576 2071 μάλιστα
3626 2010 3696 2064 τὰ

2099 2106 2391 2176 ἀσώματα.

2643 2267 2745 2320 Ἕκ
2798 2264 2907 2319 τοῦ
2945 2263 3158 2318 αὐτοῦ.

2171 2363 2234 2416 Ei
2289 2362 2354 2415 τὸ
2411 2360 2708 2430 ἀγέννητος
2763 2359 2940 2428 ὄνομα
2985 2356 3088 2426 τῆς
3135 2356 3328 2420 οὐσίας
3379 2355 3477 2409 τοῦ
3529 2354 3694 2420 Θεοῦ,

2102 2455 2135 2521 ἢ
2173 2454 2273 2523 τὴν
2309 2454 2500 2506 οὐσίαν
2529 2452 2688 2514 εἰδὼς
2719 2451 2819 2521 τὴν
2853 2451 2991 2505 ίδίαν
3043 2453 3072 2504 ὁ
3103 2449 3240 2512 Θεὸς
3271 2449 3332 2502 τὸ
3366 2448 3539 2517 ὄνομα
3591 2447 3695 2518 τῆς

2099 2547 2286 2609 οὐσίας
2311 2547 2602 2616 ἠγνόησεν,
2638 2543 2669 2610 ἢ
2708 2547 2802 2597 καὶ
2828 2544 2889 2596 τὸ
2923 2543 3093 2611 ὄνομα
3123 2540 3280 2604 εἰδὼς
3312 2543 3435 2601 τοὺς
3465 2539 3698 2592 ἀκούον-

2098 2655 2199 2701 τας
2253 2637 2526 2706 ὴττάτησε.
2587 2636 2805 2703 Κύριος
2853 2635 2986 2702 τὰρ,
3062 2633 3234 2702 φησὶ,
3267 2630 3697 2698 παντοκράτωρ

2101 2729 2292 2798 ὄνομά
2314 2745 2454 2798 μου.
2485 2729 2595 2781 Καὶ
2623 2727 2777 2797 παρὰ
2801 2725 3048 2787 Μωσέως
3080 2723 3401 2794 ἐρωτηθεὶς,
3435 2723 3491 2776 τί
3523 2723 3696 2791 ϐνομσ

2100 2821 2248 2891 αὐτῷ
2269 2863 2283 2886 ,
2321 2822 2507 2891 φησὶν,
2561 2817 2713 2889 Ἐγώ
2748 2820 2866 2886 ειμι
2895 2821 2927 2872 ό
2953 2817 3060 2871 ὠν.
3089 2818 3201 2870 Καὶ
3230 2817 3414 2880 πάλιν,
3456 2817 3510 2868 ὀ
3550 2817 3696 2882 Θεὸς

2113 2913 2344 2974 Ἰσαὰκ.
2394 2911 2497 2967 καὶ
2549 2914 2584 2965 ὁ
2626 2911 2773 2977 Θεὸς
2831 2909 3064 2973 Ἰακὼϐ,
3117 2907 3300 2962 τοῦτό
3350 2926 3451 2973 μοι
3505 2907 3698 2977 ὄνομα

2101 3007 2364 3063 αἰώνιον.
2401 3005 2512 3060 Καὶ
2541 3006 2569 3059 ὁ
2597 3005 2784 3070 Δαϐὶδ,
2823 3006 3036 3071 Κύριος
3065 3004 3255 3073 ὄνομα
3281 3002 3464 3070 αὐτῷ.
3503 3004 3696 3072 ’Δγέν-

2102 3117 2263 3168 νητον
2285 3101 2341 3152 δὲ
2362 3099 2537 3169 ὄνομα
2559 3096 2687 3152 οὔτε
2727 3097 2892 3161 αὐτὸς
2917 3097 3120 3168 ἐαυτῷ,
3141 3097 3264 3151 οὕτε
3291 3113 3372 3161 τις
3391 3097 3497 3150 τῶν
3520 3095 3696 3166 ἁγίων

395 3218 496 3258 nec
532 3203 671 3257 ullus
695 3210 1008 3256 sanctomm
1031 3200 1331 3284 nominum.
1357 3199 1518 3264 Quod
1551 3200 1594 3251 si
1627 3213 1804 3266 neque
1845 3199 2000 3253 dece-

2107 3192 2351 3264 είρηκεν.
2392 3192 2454 3245 Ei
2482 3191 2541 3245 δὲ
2569 3189 2694 3244 οὐτε
2725 3189 3010 3262 ἠπάτησεν
3032 3229 3047 3254 ,
3079 3188 3526 3261 οὐτιὴγνόησεν,
3558 3190 3693 3244 ἀσε-

394 3295 494 3362 pit,
535 3308 714 3360 neque
745 3274 1140 3362 ignoravit.(id
1175 3290 1319 3344 enim
1349 3289 1502 3344 nefas
1531 3297 1615 3344 σει
1657 3290 1886 3359 dicere),
1919 3289 2002 3344 iu-

396 3385 614 3456 genitns
665 3399 770 3439 non
798 3392 883 3440 est
917 3398 1114 3438 nomen
1145 3382 1281 3452 ejus.

978 3475 1061 3529 Ex
1091 3475 1293 3529 eodem.

467 3573 745 3640 Ingeuitus
763 3581 854 3624 aut
879 3569 1136 3634 essentia,
1169 3577 1259 3620 aut
1281 3567 1532 3621 accidens
1558 3575 1661 3630 est,
1687 3566 1822 3622 nihil
1850 3567 1994 3622 enim

397 3662 542 3717 aliud
582 3676 702 3716 esse
741 3668 938 3730 potest.
991 3656 1237 3712 Esseutia
1287 3671 1394 3710 non
1435 3665 1565 3722 est,
1599 3658 1820 3726 quando
1851 3673 1917 3712 ne
1944 3657 1999 3712 id

2105 3287 2201 3352 ϐὲς
2231 3285 2340 3354 γάρ
2369 3301 2424 3340 τι
2467 3282 2678 3338 τούτων
2709 3284 2890 3337 εἰπεῖν
2912 3324 2926 3348 ,
2960 3282 3021 3336 τὸ
3059 3281 3355 3353 ἅγέννητος
3388 3283 3488 3338 οὐκ
3515 3282 3688 3352 ὄνομα

2107 3379 2296 3434 αὐτοῦ.

2647 3471 2750 3525 Ἕκ
2790 3469 2898 3525 τοῦ
2938 3467 3149 3524 αὑτοῦ.

2175 3566 2251 3621 Τὸ
2279 3567 2577 3638 ἀγέννητος
2607 3565 2823 3636 ἡούσία
2855 3564 3028 3626 ἐστὶν,
3057 3562 3090 3634 ἢ
3124 3557 3508 3634 συμϐεϐηκός(
3529 3560 3688 3631 Παρὰ

2102 3657 2278 3713 ταῦτα
2309 3659 2418 3728 γὰρ
2457 3658 2559 3711 οὐκ
2591 3657 2657 3710 ἂν
2689 3657 2798 3726 εἴη.
2836 3655 2962 3707 Ἀλλ
3002 3653 3162 3708 οὐσία
3206 3654 3305 3723 μὲν
3348 3653 3451 3706 οὐκ
3497 3651 3640 3705 ἐστιν
3673 3670 3689 3687 ο

397 3753 640 3824 quidem.
695 3750 836 3820 quod
868 3751 937 3805 ab
981 3763 1047 3804 eo
1082 3747 1400 3803 distinctum
1449 3747 1498 3802 ei
1534 3761 1600 3802 ex
1657 3747 1829 3802 altera
1857 3758 2000 3818 parte

2107 3749 2231 3803 οὔτε
2270 3749 2378 3818 γὰρ
2421 3750 2478 3802 τὸ
2503 3746 3080 3816 ἀντιδιαστελλὸμενον
3099 3744 3271 3815 αὐτῷ’
3301 3744 3560 3813 γεννητὸς
3581 3742 3696 3812 γὰρ

399 3847 709 3914 respondet,
743 3858 934 3909 nempe
964 3841 1202 3914 genitus,
1227 3857 1333 3894 non
1367 3848 1450 3895 est
1475 3841 1739 3895 essentia.
1773 3839 2000 3896 Gvnitus

2107 3847 2134 3897 ὁ
2183 3841 2334 3906 Υἱὸς,
2368 3842 2428 3895 οὐ
2459 3841 2596 3895 καθὸ
2623 3841 2802 3905 οὐσία,
2841 3839 2981 3893 ἀλλὰ
3022 3838 3160 3892 καθὸ
3198 3839 3502 3908 ὲγεννήΘη’
3551 3837 3602 3889 εί
3637 3835 3698 3888 δὲ

397 3939 541 3992 enim
573 3937 776 3989 dicitur
803 3934 1013 4000 Filius,
1058 3950 1164 3986 non
1198 3943 1472 4002 quatenus
1503 3933 1746 3986 essentia
1776 3942 1884 3997 est,
1904 3933 2002 3986 sed

398 4034 670 4096 quatenus
720 4026 980 4096 gignitur.
1030 4024 1125 4078 Sin
1182 4034 1269 4078 est
1321 4024 1601 4087 accidens,
1663 4031 1755 4076 aut
1801 4032 1998 4076 natura

399 4121 769 4187 coniunctum,
803 4127 895 4171 aut
923 4116 1213 4185 ejusmodi,
1237 4125 1300 4170 ut
1333 4115 1526 4169 adesse
1548 4117 1718 4183 possit
1763 4123 1819 4169 et
1843 4114 2004 4169 abes-

401 4227 481 4268 se.
537 4210 592 4266 Si
644 4221 834 4263 natura
904 4207 1280 4275 coniunctum,
1345 4221 1572 4261 necesse
1604 4216 1689 4260 est
1748 4205 1881 4272 Deo,
1941 4215 2002 4260 ut

402 4313 669 4365 essentia,
724 4311 775 4354 et
834 4302 1090 4353 accidens
1141 4300 1211 4353 sit
1269 4317 1283 4352 :
1335 4298 1645 4353 necessario
1685 4300 1832 4354 enim
1888 4301 2002 4353 hac

403 4398 657 4451 accidunt
697 4394 810 4449 illis
859 4394 1057 4461 quibus
1109 4393 1387 4447 accidunt.
1437 4393 1532 4444 Sin
1591 4392 1881 4460 ejusmodi,
1942 4401 2002 4448 ut

401 4491 593 4543 adesse
624 4487 797 4557 possit
820 4499 872 4541 et
898 4488 1119 4553 abesse,
1151 4487 1261 4539 erit
1293 4486 1649 4555 et’iugeuitus
1680 4485 2001 4556 aliquando,

401 4591 453 4633 et
485 4582 720 4651 genitus.

973 4669 1061 4724 Ex
1091 4671 1297 4726 eodem.

474 4765 818 4835 Siingeuitus
845 4779 950 4817 non
983 4773 1062 4817 est
1091 4774 1286 4815 nomen
1315 4759 1586 4822 essentize,
1613 4759 1708 4812 sed
1730 4757 2002 4824 essentia,

2109 3935 2486 4006 συμϐεϐηκὸς,
2521 3934 2556 4006 ἢ
2585 3933 3030 4005 συμπέφυκεν,ῆ
3083 3933 3361 4002 ἐνδέχεται
3427 3930 3699 4001 ὑπάρχειν

2111 4031 2207 4084 καὶ
2240 4029 2316 4100 μὴ
2348 4029 2636 4100 ὑπάρχειν.
2681 4026 2824 4081 Ἀλλ’
2859 4027 2909 4078 εί
2945 4024 3044 4096 μὲν
3075 4025 3454 4095 συμπέφυκεν,
3483 4024 3700 4091 ἀνάγκη

2108 4121 2186 4193 τῷ
2220 4121 2341 4191 Θεῷ
2372 4121 2468 4173 καὶ
2495 4117 2676 4184 οὐσία,
2712 4117 2806 4172 καὶ
2843 4117 3196 4187 συμϐεϐηκὸς
3226 4111 3369 4169 εἶναι
3391 4133 3404 4147 ·
3442 4115 3500 4181 ἐξ
3529 4114 3701 4182 ἀνάγ-

2104 4231 2210 4286 κης
2231 4212 2338 4284 γὰρ
2365 4213 2437 4265 τὰ
2465 4210 2692 4264 τοιαῦτα
2723 4210 3012 4280 συμϐαίνει
3043 4204 3125 4274 οἷς
3155 4209 3502 4280 συμϐέϐηκεν
3523 4225 3536 4240 ·
3569 4210 3617 4261 εί
3636 4208 3700 4261 δὲ

2105 4305 2495 4377 ἐνδεχομένως,
2547 4305 2701 4358 ἔσται
2756 4305 2853 4358 καὶ
2903 4303 3199 4374 ἀγέννητός
3253 4319 3385 4356 ποτε
3439 4304 3535 4357 καὶ
3572 4319 3700 4371 γεν-

2107 4399 2290 4468 νητός.

2655 4647 2758 4700 Ἐκ
2799 4645 2907 4701 τοῦ
2945 4644 3158 4700 αὐτοῦ.

2178 4745 2241 4798 Εἰ
2269 4743 2329 4797 τὸ
2351 4741 2644 4811 ἁγὲννητος
2670 4739 2772 4792 οὐκ
2795 4739 2965 4807 ὄνομα
2981 4738 3191 4798 οὐσίας,
3221 4733 3339 4791 ἀλλ’
3359 4735 3493 4789 αὐτὸ
3514 4733 3696 4799 οὐσία,

403 4869 456 4910 et
487 4856 655 4913 Filius
716 4865 801 4912 est
829 4855 1095 4920 essentia,
1165 4853 1448 4924 ingenitus
1477 4863 1532 4906 et
1560 4849 1737 4905 Filius
1792 4857 1901 4916 est,
1947 4861 2000 4905 et

2107 4838 2263 4892 οὐσία
2283 4836 2341 4890 δὲ
2371 4835 2465 4889 καὶ
2489 4835 2517 4887 ὁ
2541 4833 2690 4896 Υἱὸς,
2736 4830 3032 4902 ἀγέννητὸς
3060 4830 3153 4884 καὶ
3183 4831 3210 4884 ὁ
3237 4829 3389 4896 Υἱὸς,
3417 4826 3515 4881 καὶ
3541 4827 3696 4879 πᾶσα

401 4947 580 5004 omnis
616 4948 848 5002 essentia
883 4955 964 5000 est
995 4945 1256 5015 ingenita.

979 5038 1066 5092 Ea:
1103 5040 1310 5093 eodem.

481 5134 538 5189 Si
581 5133 884 5202 ingenitum
922 5145 1047 5186 esse
1092 5139 1176 5185 est
1206 5129 1445 5184 essentia
1475 5127 1592 5192 Dei,
1645 5135 1700 5182 et
1761 5126 2003 5196 genitum

2107 4927 2165 4980 δὲ
2195 4927 2355 4980 οὐσία
2383 4923 2703 4993 ἁγὲννητος.

2673 5013 2774 5069 Ἐκ
2800 5011 2906 5067 τοῦ
2934 5011 3139 5066 αὑτοῦ.

2182 5113 2243 5166 Ei
2279 5111 2339 5163 τὸ
2371 5109 2671 5178 ἀγέννητον
2710 5104 2871 5160 οὐσία
2901 5104 2995 5158 τοῦ
3025 5101 3184 5165 Θεοῦ,
3224 5103 3314 5155 καὶ
3364 5100 3418 5154 τὸ
3450 5098 3704 5170 γέννημα

408 5243 529 5283 esse
556 5235 638 5281 est
675 5225 909 5281 essentia
947 5223 1354 5288 Filii,esseutia
1406 5221 1528 5288 ejus
1575 5235 1683 5274 non
1738 5229 1823 5274 est
1882 5231 2000 5273 esse

2107 5207 2269 5264 οὐσία
2289 5204 2387 5258 τοῦ
2418 5203 2574 5268 Υίού,
2597 5203 2657 5254 τὸ
2683 5200 2888 5269 κτίσμα
2911 5198 2944 5267 ἢ
2969 5197 3178 5266 ποίημα
3205 5195 3306 5249 οὐκ
3327 5194 3484 5248 οὐσία
3507 5191 3702 5249 αὐτοῦ.

407 5331 673 5380 creatum.
709 5336 808 5374 nec
842 5317 1068 5374 factum.
1101 5317 1275 5371 Filius
1299 5316 1445 5371 enim
1493 5323 1580 5370 est
1601 5313 1837 5368 essentia
1875 5327 2007 5375 una,

409 5431 516 5468 non
550 5413 758 5482 plures.

1015 5501 1099 5554 Ea:
1128 5500 1330 5555 eodem.

473 5600 576 5666 Qui
600 5599 899 5659 hominem,
923 5605 1012 5649 aut
1033 5592 1290 5664 lapidem,
1307 5599 1396 5644 aut
1421 5589 1622 5658 lignum
1641 5587 1797 5650 dixit,
1817 5598 2006 5641 essen,

414 5692 550 5742 tiam
590 5691 826 5754 aliquam
856 5686 1151 5756 significat.
1181 5683 1282 5749 Qui
1324 5689 1513 5734 autem
1563 5677 1804 5748 genitum
1853 5673 2005 5739 dicit,

411 5793 515 5830 non
588 5777 860 5844 signiticet
931 5776 1224 5833 essentiam
1307 5770 1666 5843 simpliciter.
1745 5767 2000 5837 quoniam

2109 5301 2226 5358 Μία
2251 5300 2384 5371 γὰρ,
2416 5302 2510 5352 καὶ
2534 5299 2596 5352 οὐ
2635 5294 2827 5349 πολλαὶ
2855 5290 3037 5346 οὐσίαι
3068 5292 3098 5343 ὁ
3123 5289 3273 5352 Υίός.

2552 5479 2650 5530 Ἐκ
2689 5475 2800 5530 τοῦ
2839 5472 3026 5528 αὐτοῦ
3063 5474 3272 5538 λόγον.

2188 5572 2512 5644 Ἀνθρωπόν
2534 5588 2615 5634 τις
2633 5566 2824 5628 εἰπὼν,
2849 5565 2881 5636 ἢ
2909 5565 3082 5632 λίθον,
3107 5564 3140 5634 ἢ
3164 5563 3343 5630 ξύλον,
3367 5561 3557 5617 οὐσίαν
3576 5561 3700 5616 τινὰ

2107 5668 2277 5733 δηλοῖ.
2316 5667 2570 5734 Γέννημα
2615 5662 2673 5715 δὲ
2714 5658 2886 5714 εἰπὼν
2925 5659 3028 5712 οὐκ
3055 5657 3249 5711 οὐσίαν
3293 5655 3482 5721 ἁπλῶς
3527 5652 3700 5724 δηλοῖ,

2111 5761 2235 5814 ἐπεὶ
2283 5759 2390 5812 πᾶν
2438 5757 2684 5826 γέννημα
2730 5752 2888 5808 οὐσία
2931 5751 3046 5822 μία.
3123 5749 3184 5804 E'i
3236 5749 3294 5804 δὲ
3335 5747 3437 5802 οὐκ
3511 5743 3702 5809 οὐσίας

485 5916 500 5945 ¹
530 5915 697 5968 Exod.
745 5932 834 5983 xv,
865 5917 920 5970 5.
998 5919 1016 5949 ²
1064 5915 1236 5972 Exod.
1282 5915 1473 5980 ιιι,1‹ι.
1509 5914 1598 6006 ηδ
1647 5909 1778 5965 Ibid.
1843 5908 1924 5963 l5.
2029 5901 2491 5969 "i‘sal.t.xvtt,5.
