4058 6410
367 365 478 432 553

1339 366 1722 427 ΡΑΧΟΡῙᾸΑ
1764 366 2227 431 DOGMATICA.
2262 397 2325 408 --
2363 374 2513 434 TlT.
2556 376 2659 434 Χῐ.

3537 374 3642 437 554

364 476 699 550 ἀρχετύπων
737 476 1094 540 ἀποδεούσαις
1132 476 1191 529 τὸ
1214 476 1425 545 ὅμοιον
1464 480 1726 542 πολλάκις
1754 481 1938 534 ἐπιλέ-

2054 486 2216 554 geniti
2268 485 2440 554 gloria
2495 487 2875 542 imminuatur.
2940 487 3157 544 Scimus
3208 488 3352 544 enim
3410 484 3635 543 verbum

358 586 479 637 γειν
505 567 798 639 εἰώθαμεν.
834 569 992 623 Ἑπεὶ
1019 565 1115 622 οὖν
1140 564 1305 640 ἦττον
1333 564 1491 639 οἶμαι
1518 571 1954 641 κακουργεῖσθαι

356 663 421 713 τὸ
449 662 755 731 ὀμοούσιον,
785 661 929 715 οὕτω
958 664 1054 715 καί
1085 662 1248 726 αὐτὸς
1276 662 1523 732 τίθεμαι.

2063 576 2188 640 hoc,
2209 578 2459 641 similent,
2497 580 2673 634 solere
2701 581 2754 634 in
2785 595 2877 635 eas
2907 582 3067 636 etiam
3109 598 3196 638 res
3229 582 3485 649 conferri,
3516 599 3636 651 ιιιιιο

2052 676 2271 723 tenuem
2300 681 2353 725 et
2402 673 2693 727 obscuram
2719 675 2957 744 aliquam
2999 692 3109 745 pra:
3144 691 3205 731 se
3239 675 3423 730 ferunt
3481 676 3639 729 simi-

360 753 670 819 litudinem,
706 754 829 808 licet
858 755 926 809 ab
954 754 1362 822 exemplaribus
1385 756 1679 826 plurimum
1711 759 1933 813 distent.
1978 757 2349 825 Quamobrem
2415 767 2671 835 quoniam
2707 768 2763 822 in
2824 768 2926 822 hac
2978 783 3135 834 voce,
3174 769 3494 838 ὀμοούσιον,
3539 771 3642 823 ιιιί-

356 862 463 901 nus
499 847 737 901 timenda
773 847 924 903 fraus
946 847 1273 913 est,iilcirco
1307 849 1451 905 illam
1490 866 1596 920 ego
1636 866 1853 919 quoque
1906 855 2075 922 magis
2120 857 2419 926 amplector
2465 869 2516 915 et
2540 862 2731 931 probo.

360 940 475 995 Τοῦ
513 939 706 995 αὑτοῦ
737 940 806 994 ἐκ
841 940 954 1009 τῆς
994 944 1148 1011 πρὸς
1187 944 1555 1011 κανονικοὺς
1594 945 1944 1012 ἐπιστολῆς.

440 1030 530 1082 Ἐν
572 1031 912 1101 ἀμφοτέροις
956 1033 1089 1101 ἡμῖν
1128 1033 1189 1086 τὸ
1229 1034 1332 1104 τῆς
1377 1036 1619 1096 πίστεως
1661 1036 1945 1109 φρόνημα,

356 1120 551 1189 ἐπειδὴ
591 1120 686 1173 καὶ
722 1120 833 1173 τῶν
873 1122 1060 1175 αὐτῶν
1096 1124 1360 1195 Πατέρων
1401 1126 1570 1193 ἐσμὲν
1614 1127 1949 1197 κληρονόμοι

355 1210 468 1262 τῶν
519 1210 665 1263 κατὰ
710 1211 811 1280 τὴν
861 1211 1101 1266 Νίκαιάν
1153 1231 1285 1268 ποτε
1338 1214 1398 1268 τὸ
1433 1217 1597 1285 ,μέγα
1642 1220 1741 1287 τῆς
1792 1219 1946 1271 εὐσε-

358 1302 511 1365 ϐείας
567 1303 1011 1372 ὲξαγγειλάντων
1066 1308 1364 1378 κήρυγμα,
1418 1304 1480 1364 οὗ
1526 1311 1595 1363 τὰ
1654 1311 1755 1380 μὲν
1808 1312 1945 1366 ἄλλα

356 1394 711 1448 παντάπασίν
741 1396 890 1449 ἔστιν
919 1398 1376 1468 ἀσυκοφάντητα,
1411 1403 1511 1472 τὴν
1539 1403 1597 1456 δὲ
1622 1404 1719 1457 τοῦ
1756 1408 1951 1476 όμοου-

359 1486 480 1539 σίου
527 1486 717 1557 φωνὴν
766 1488 956 1552 κακῶς
1007 1491 1160 1560 παρά
1209 1508 1375 1547 τινων
1425 1495 1797 1564 έκληφθεῖσάν
1842 1498 1950 1551 εἰσί

356 1574 505 1639 τινες
551 1579 599 1630 οἱ
654 1579 821 1649 μήπω
868 1581 1339 1652 παραδεξάμενοι,
1387 1583 1481 1649 οὒς
1528 1586 1625 1640 καὶ
1680 1589 1949 1658 μέμψαιτ’

360 1668 428 1721 ἄν
459 1685 546 1731 τις
578 1670 805 1734 δικαίως
826 1711 843 1737 ,
877 1674 974 1726 καὶ
1011 1674 1175 1728 πάλιν
1214 1676 1312 1745 μέν
1347 1693 1433 1740 τις
1468 1678 1807 1752 συγγνώμης
1841 1684 1948 1735 αὐ·-

358 1764 488 1825 τούς
528 1762 835 1827 ἀξιώσειεν.
880 1766 955 1818 Τὸ
1004 1767 1102 1835 μὲν
1141 1768 1251 1839 γὰρ
1297 1770 1548 1839 Πατράσι
1598 1773 1674 1843 μὴ
1720 1775 1947 1827 ἀκολου-

2298 952 2554 1021 Ejusdem
2597 970 2662 1008 ea:
2694 954 2915 1021 epistola
2969 955 3039 1008 ad
3072 955 3376 1009 canonicos.

2126 1042 2184 1096 ln
2258 1055 2490 1113 utraque
2551 1046 2710 1101 nobis
2771 1048 2836 1100 de
2888 1046 2991 1099 title
3058 1048 3329 1100 sententia
3388 1062 3403 1099 :
3470 1045 3641 1115 siqui-

2050 1136 2169 1188 dem
2236 1148 2286 1189 et
2371 1140 2681 1191 eorumdem
2773 1138 2991 1190 Patrum
3090 1141 3329 1193 haeredes
3407 1152 3636 1204 sumus,

2054 1229 2143 1296 qui
2204 1230 2474 1297 quondam
2554 1227 2747 1283 Nicaea:
2812 1245 3061 1299 magnum
3139 1232 3359 1299 pietatis
3429 1248 3639 1301 praco-

2050 1319 2197 1372 nium
2224 1320 2640 1393 promulgarunt
2673 1336 2687 1375 :
2721 1320 2874 1388 cujus
2898 1321 3118 1387 reliqua:
3180 1323 3397 1391 quidem
3456 1333 3637 1391 partes

2046 1410 2333 1462 calumniae
2382 1411 2512 1464 nulli
2575 1412 2827 1466 obnoxiae
2884 1419 3049 1478 sunt;
3113 1413 3208 1467 sed
3260 1427 3445 1467 vocem
3509 1427 3639 1468 con-

2046 1498 2422 1555 substantialis
2449 1500 2638 1554 malea
2671 1500 2945 1554 nonnullis
3002 1512 3304 1571 acceptam,
3362 1510 3490 1555 sunt
3540 1502 3634 1572 qui

2048 1591 2290 1644 nondum
2332 1592 2639 1660 receperint
2670 1610 2683 1645 :
2709 1607 2849 1660 quos
2889 1592 3010 1659 quis
3065 1601 3119 1647 et
3159 1594 3284 1660 jure
3332 1594 3635 1661 reprehen-

2054 1680 2221 1747 derit,
2255 1698 2319 1737 ac
2352 1698 2545 1737 rursus
2573 1684 2728 1736 venia
2750 1683 2942 1751 dignos
3000 1683 3286 1750 judicarit.
3337 1682 3472 1736 Nam
3530 1682 3635 1736 Pa-

2055 1780 2197 1825 trum
2254 1776 2494 1844 vestigiis
2548 1791 2652 1829 non
2707 1775 3001 1839 insistere,
3053 1791 3155 1831 nec
3210 1791 3309 1831 sua
3370 1776 3634 1830 sententia

361 1852 517 1921 θεῖν,
570 1855 667 1908 καὶ
718 1856 819 1927 τὴν
871 1857 1099 1911 ἐκείνων
1155 1858 1342 1929 φωνὴν
1396 1864 1737 1933 κυριωτέραν
1789 1865 1940 1918 τίθε-

2054 1881 2233 1922 vocem
2271 1867 2489 1920 illorum
2520 1868 2785 1936 potiorem
2811 1867 3031 1932 ducere,
3068 1882 3156 1921 res
3211 1879 3295 1922 est
3341 1867 3637 1935 reprehen-

364 1944 490 1996 σθαι
538 1947 637 2014 τῆς
680 1946 893 1999 ἑαυτῶν
940 1947 1190 2018 γνώμης,
1226 1950 1589 2021 ’ἐγκλήματος
1638 1953 1823 2019 ἄξιον,
1872 1956 1948 2019 ὡς

362 2034 657 2097 αὐθαδείας
712 2036 927 2108 γέμον·
990 2040 1050 2093 τὸ
1105 2042 1163 2096 δὲ
1210 2043 1377 2097 πάλιν
1426 2042 1519 2113 ὐφ’
1572 2044 1776 2114 ἑτέρων
1830 2045 1947 2099 δια-

376 2135 662 2203 ϐληθεῖσαν
696 2134 866 2205 αὐτὴν
896 2132 1142 2187 ὕποπτον
1193 2134 1336 2205 ἔχειν
1366 2173 1381 2196 ,
1428 2132 1585 2187 τοῦτό
1635 2149 1752 2194 πως
1804 2131 1951 2183 δοκεῖ

373 2223 469 2277 τοῦ
500 2224 839 2296 ἐγκλήματος
862 2226 1056 2288 αὐτοὺς
1086 2226 1318 2296 μετρίως
1347 2224 1682 2295 ἐλευθεροῦν.
1708 2223 1818 2275 Καὶ¹
1842 2222 1950 2292 γὰρ

374 2317 455 2387 τῷ
489 2317 600 2370 ὄντι
636 2355 653 2379 ,
830 2317 880 2368 οἱ
922 2317 1015 2368 ἐπὶ
1054 2316 1252 2387 Παύλῳ
1305 2315 1383 2385 τῷ
1423 2316 1730 2385 Σαμοσατεῖ
1775 2313 1952 2366 συνελ-

377 2408 590 2472 θόντες,
635 2406 879 2460 διέϐαλον
908 2408 1007 2477 τὴν
1031 2406 1174 2471 λέξιν
1207 2408 1281 2470 ὡς
1318 2406 1417 2459 οὐκ
1449 2406 1664 2476 εὔηχον.
1702 2406 1949 2474 Ἔφασαν

375 2498 484 2567 γὰρ
526 2500 723 2552 ἐκεῖνοι
760 2498 858 2569 τὴν
900 2499 992 2551 τοῦ
1032 2498 1318 2569 ὁμοουσίου
1354 2498 1533 2569 φωνὴν
1567 2499 1836 2569 παριστᾷν
1866 2496 1945 2548 εν·

376 2601 523 2637 νοιαν
553 2586 743 2648 οὐσίας
784 2603 845 2638 τε
884 2586 978 2638 καὶ
1013 2586 1122 2639 τῶν
1158 2588 1253 2639 ἀπ’
1277 2587 1447 2658 αὐτῆς
1469 2604 1481 2616 ·
1528 2587 1666 2639 ὥστε
1709 2602 1952 2657 καταμε-

377 2671 652 2741 ρισθείσαν
694 2675 794 2745 τὴν
839 2675 1025 2729 οὐσίαν
1076 2677 1337 2747 παρέχειν
1383 2675 1478 2729 τοῦ
1529 2676 1817 2746 ὁμοουσίου
1850 2676 1950 2746 τὴν

371 2763 746 2834 προσηγορίαν
778 2767 890 2828 τοῖς
919 2766 998 2828 είς
1024 2764 1060 2818 ὃ.
1079 2765 1324 2838 διῃρέθη.
1358 2766 1528 2819 Τοῦτο
1552 2766 1607 2819 δὲ
1630 2767 1722 2820 ἐπὶ
1745 2766 1949 2837 χαλκοῦ

374 2854 475 2919 μὲν
512 2853 739 2906 καὶτῶν
771 2854 865 2907 ἀπ’
894 2855 1059 2908 αὐτοῦ
1102 2857 1454 2926 νομισμάτων
1488 2857 1600 2927 ἔχει
1636 2857 1757 2911 τινὰ
1794 2857 1950 2925 λόγον

368 2942 434 2994 τὸ
454 2942 723 3013 διανόημα
750 2960 764 2973 ·
814 2944 906 2996 ἐπὶ
960 2944 1017 2998 δὲ
1063 2944 1200 2998 Θεοῦ
1230 2946 1444 3016 [πατρὸς
1494 2947 1588 2999 καὶ
1632 2946 1768 3000 Θεοῦ
1818 2947 1949 3000 Υἰοῦ

368 3034 470 3085 οὐκ
516 3033 675 3086 οὐσία
725 3033 1070 3105 πρεσϐυτέρα
1099 3072 1114 3098 ,
1165 3035 1274 3087 οὐδ’
1326 3036 1695 3107 ὑπερκειμένη
1746 3038 1950 3106 ἀμφοῖν

372 3122 659 3193 θεωρεῖται
687 3139 701 3153 ·
734 3123 987 3186 ἀσεϐείας
1012 3123 1121 3194 γὰρ
1151 3125 1409 3178 ἐπέκεινα
1446 3126 1603 3179 τοῦτο
1630 3126 1725 3179 καὶ
1759 3129 1950 3197 νοῆσαι
1982 3139 2025 3197 C

368 3213 466 3266 καὶ
506 3213 861 3283 φθέγξασθαι.
905 3216 969 3268 Τί
1010 3216 1119 3287 γὰρ
1157 3215 1222 3268 ἂν
1268 3217 1476 3284 γένοιτο
1521 3216 1615 3270 τοῦ
1652 3218 1949 3287 ἀγεννήτου

371 3304 784 3377 πρεσϐύτερονς
851 3308 1178 3379 Ἀναιρεῖται
1227 3308 1283 3361 δὲ
1343 3310 1408 3361 ὲκ
1454 3312 1554 3379 τῆς
1605 3309 1950 3378 βλασφημίας

370 3395 577 3466 ταύτης
598 3398 689 3448 καὶ
712 3398 745 3467 ἡ
770 3398 849 3460 είς
875 3398 965 3450 τὸν
988 3400 1207 3466 Πατέρα
1230 3399 1324 3451 καὶ
1352 3398 1479 3450 Υἱδν
1505 3399 1685 3462 πίστις
1702 3417 1715 3430 ο
1746 3399 1951 3467 ἀδελφὰ

375 3485 483 3554 γὰρ
514 3485 765 3553 ἀλλήλοις
796 3487 865 3541 τὰ
893 3487 950 3553 ἐξ
989 3487 1107 3550 ἑνὸς
1131 3487 1436 3556 ὑφεστῶτα.

511 3572 619 3623 Καὶ
632 3572 818 3642 ἐπειδὴ
839 3572 899 3637 ἐξ
920 3574 1019 3626 οὐκ
1037 3573 1205 3626 ὄντων
1227 3575 1306 3635 εἰς
1325 3573 1385 3625 τὸ
1404 3567 1540 3624 εἶναι
1561 3572 1840 3644 παρῆχθαι
1861 3573 1951 3625 τὸν

383 3656 503 3709 re»
531 3660 604 3713 ἔτι
638 3662 761 3714 τότε
790 3658 929 3733 ἦσαν
956 3664 1003 3714 oi
1030 3661 1299 3730 λέγοντες,
1336 3663 1422 3715 ἵνα
1453 3661 1548 3715 καὶ
1575 3661 1774 3732 ταύτην
1802 3663 1953 3716 ὲκτὲ-

385 3765 521 3815 μωσι
564 3751 660 3821 τὴν
716 3750 1006 3815 ἀσέϐειαν,
1057 3752 1116 3803 τὸ
1169 3750 1452 3819 ὁμοούσιον
1504 3752 1948 3821 προσειρήκασιν.

382 3841 631 3911 Ἀχρονος
660 3842 768 3913 γὰρ
807 3843 901 3894 καὶ
934 3841 1251 3905 ἁδιάστατος
1294 3844 1328 3912 ἡ
1367 3840 1460 3894 τοῦ
1512 3841 1641 3894 Υίοῦ
1689 3841 1825 3912 πρὸς
1862 3842 1953 3896 τὸν

372 3930 589 4001 Πατέρα
628 3933 912 4000 συνάφεια.
952 3932 1111 4002 Δηλοῖ
1144 3933 1201 3985 δὲ
1249 3934 1340 3986 καὶ
1378 3934 1446 3987 τὰ
1486 3932 1823 4004 προλαϐόντα
1860 3934 1956 4003 ῥή-

371 4039 518 4089 ματα
548 4022 749 4093 ταύτην
778 4019 915 4077 εἶναι
947 4024 1054 4077 τῶν
1093 4023 1301 4094 ἀνδρῶν
1338 4023 1435 4095 τὴν
1465 4023 1725 4077 διάνοιαν.
1761 4024 1956 4076 Εἰπόν-

369 4130 456 4175 τες
487 4113 596 4185 γὰρ
628 4114 742 4183 φῶς
767 4116 831 4167 ὲκ
856 4114 1053 4183 φωτὸς,
1084 4115 1178 4167 καὶ
1202 4115 1267 4167 ἐκ
1288 4115 1387 4185 τῆς
1411 4116 1597 4179 οὐσίας
1616 4115 1711 4168 τοῦ
1742 4115 1954 4185 Πατρὸς

366 4206 458 4257 τὸν
497 4205 624 4258 Υἱὺν
655 4206 1036 4276 γεγεννῆσθαι,
1069 4207 1190 4276 οὐχὶ
1214 4205 1270 4258 δὲ
1304 4207 1654 4276 πεποιῆσθαι,
1676 4207 1955 4276 ἐπήγαγον

368 4295 576 4359 τούτοις
604 4296 665 4350 τὸ
690 4298 974 4367 ὀμοούσιον
994 4316 1006 4328 ·
1041 4296 1497 4364 παραδεικνύντες
1518 4336 1531 4358 ,
1574 4298 1654 4349 ὃτι
1689 4298 1857 4368 ὅνπερ
1889 4296 1956 4349 ἄν

366 4404 452 4449 τις
487 4387 671 4457 ἀποδῷ
712 4388 891 4456 φωτὸς
927 4386 1083 4456 λόγον
1120 4387 1214 4440 ἐπὶ
1260 4387 1492 4457 Πατρὸς,
1536 4382 1688 4450 οὗτος
1722 4387 1956 4458 ἁρμόσει

368 4478 465 4531 καὶ
494 4477 589 4531 ἐπὶ
617 4477 767 4531 Υῐοῦ.
804 4477 923 4541 Φῶς
944 4477 1053 4549 γὰρ
1082 4478 1336 4549 ἀληθινὸν
1372 4479 1507 4549 πρὸς
1540 4479 1653 4548 φῶς
1679 4480 1954 4549 ἀληθινὸν,

2053 1958 2206 2013 sione
2238 1958 2420 2025 digna,
2457 1968 2513 2011 ut
2572 1957 2731 2028 plena
2778 1958 3125 2026 arrogantiae.
3182 1956 3393 2011 Rursus
3449 1967 3632 2011 autem

2054 2048 2411 2117 vituperatam
2476 2049 2546 2101 ab
2607 2048 2729 2103 aliis
2793 2064 2979 2104 vocem
3036 2058 3339 2119 suspectam
3395 2049 3632 2115 habere,

2059 2124 2275 2177 videtur
2310 2125 2361 2178 id
2407 2125 2642 2194 quodam
2676 2126 2838 2180 modo
2874 2129 3204 2186 mediocrem
3249 2133 3356 2188 illis
3399 2151 3618 2192 excusa-

2056 2211 2221 2265 tionis
2244 2214 2456 2266 veniam
2489 2216 2806 2270 conciliare.
2836 2216 2970 2272 Nam
3024 2236 3213 2277 revera
3244 2225 3337 2293 qui
3368 2226 3423 2280 in
3476 2226 3627 2284 Pauli

2055 2298 2459 2358 Santosatcnsis
2484 2320 2652 2359 causa
2678 2318 3065 2376 convenerant,
3089 2329 3278 2370 vocem
3309 2317 3447 2372 hanc
3471 2336 3629 2390 quas;

2052 2392 2191 2446 male
2226 2403 2511 2448 sonantem
2561 2397 2877 2465 culparunt.
2911 2398 3176 2456 Dixerunt
3209 2406 3354 2459 enim
3390 2411 3631 2466 consub-

2052 2484 2327 2539 stantialis
2379 2501 2511 2540 voce
2569 2489 2812 2543 exhiberi
2865 2493 3141 2548 notionem
3193 2497 3511 2555 substantiae
3573 2510 3629 2556 et

2051 2588 2240 2629 eorum
2271 2593 2391 2647 quae
2417 2594 2483 2633 ex
2514 2580 2852 2649 substantia;
2883 2583 3018 2638 adeo
3066 2595 3126 2639 ut
3158 2587 3332 2643 divisa
3373 2591 3630 2646 substan-

2050 2664 2126 2718 tia
2167 2668 2587 2736 appellationem
2634 2673 3123 2731 consubstantialis
3177 2680 3433 2734 conciliet
3469 2683 3536 2739 iis
3569 2685 3623 2739 in

2052 2768 2173 2822 qua:
2197 2756 2370 2810 divisa
2408 2767 2512 2811 est.
2557 2758 2688 2825 Qua:
2725 2761 2943 2830 quidem
2997 2764 3257 2833 cogitatio
3300 2768 3478 2821 locum
3523 2771 3627 2823 ali-

2050 2858 2215 2914 quem
2242 2846 2402 2902 habet
2444 2850 2501 2903 in
2531 2860 2656 2905 aer'e
2685 2859 2738 2905 et
2766 2852 2820 2905 in
2856 2853 3107 2909 conﬂatis
3135 2871 3199 2910 ex
3228 2872 3292 2912 eo
3322 2861 3625 2916 numisma-

2051 2933 2235 2989 tibus:
2268 2946 2322 2989 at
2354 2938 2409 2991 in
2453 2937 2564 2993 Deo
2610 2938 2771 2994 Patre
2798 2950 2851 2995 et
2896 2941 2950 2997 in
2984 2941 3097 2997 Deo
3137 2944 3275 2999 Filio
3318 2947 3627 3004 substantia

2051 3038 2161 3078 non
2194 3036 2277 3081 est
2327 3029 2635 3097 antiquior,
2668 3046 2844 3100 neque
2887 3034 3107 3103 utrique
3165 3041 3508 3107 superposita
3538 3042 3626 3096 in-

2052 3114 2352 3185 telligitur:
2390 3118 2494 3173 hoc
2540 3121 2686 3175 enim
2720 3122 2982 3193 cogitare,
3024 3133 3119 3178 aut
3154 3128 3359 3193 dicere,
3408 3147 3625 3187 omnem

2052 3208 2353 3278 impietatis
2401 3212 2623 3266 modum
2686 3217 2923 3270 excedit.
2973 3217 3114 3284 Quid
3180 3222 3333 3276 enim
3384 3224 3626 3293 ingenito

2051 3301 2329 3369 antiquius
2369 3301 2479 3357 sit?
2509 3303 2747 3360 Tollitur
2775 3308 2938 3362 etiam
2977 3309 3079 3365 hac
3117 3312 3457 3384 blasphemia
3495 3317 3622 3372 ﬁde:

2052 3391 2108 3444 in
2139 3391 2355 3447 Patrem
2388 3404 2440 3449 et
2471 3393 2708 3451 Filium:
2758 3415 2883 3452 nam
2918 3402 3060 3457 inter
3091 3419 3149 3458 se
3195 3405 3440 3460 fratrum-
3457 3408 3627 3463 ratio-

2051 3497 2173 3537 nem
2214 3482 2415 3538 habent
2446 3502 2567 3555 quae
2593 3504 2658 3543 ex
2697 3505 2807 3544 uno
2836 3493 3166 3547 subsistunt.

2206 3565 2271 3617 Et
2303 3567 2427 3633 quia
2462 3567 2657 3620 Filium
2718 3586 2782 3622 ex
2830 3572 3003 3623 nihilo
3075 3572 3399 3640 productum
3448 3575 3628 3631 adhuc

2053 3664 2184 3709 tunc
2216 3668 2373 3711 erant
2407 3660 2498 3726 qui
2535 3660 2813 3727 dicerent;
2871 3673 2931 3715 ut
2967 3665 3105 3715 hanc
3161 3681 3379 3734 quoque
3435 3670 3626 3735 praeci-

2053 3749 2242 3804 derent
2304 3751 2632 3819 impietatem
2665 3792 2679 3813 ,
2738 3754 3214 3809 consubstantiale
3267 3768 3627 3827 usurparunt.

2054 3840 2187 3894 Nam
2238 3841 2356 3895 sine
2396 3850 2639 3910 tempore
2675 3849 2759 3895 est
2787 3850 2841 3897 et
2867 3843 2985 3896 sine
3019 3844 3301 3899 intervallo
3332 3844 3455 3900 Filii
3502 3864 3627 3903 cum

2055 3929 2216 3985 Patre
2247 3931 2583 3999 conjunctio.
2631 3930 3024 3987 Demonstrant
3050 3945 3231 3988 autem
3260 3943 3314 3990 et
3344 3941 3627 4008 superiora

2054 4020 2222 4073 verba
2248 4021 2389 4073 hanc
2424 4022 2640 4073 illorum
2687 4036 2810 4076 esse
2841 4031 3099 4077 mentem.
3132 4022 3430 4096 Postquam
3483 4031 3628 4084 enim

2056 4111 2313 4166 dixerunt
2348 4113 2530 4165 lumen
2560 4112 2627 4166 de
2660 4113 2890 4178 lumine,
2929 4120 3093 4185 atque
3129 4114 3323 4171 Filium
3360 4136 3424 4173 ex
3450 4119 3630 4177 Patris

2057 4202 2365 4256 substantia
2421 4203 2665 4257 aenitum
2724 4219 2877 4269 esse,
2940 4220 3049 4259 non
3097 4221 3226 4260 vero
3277 4207 3513 4277 factum;
3546 4212 3631 4267 his

2057 4292 2524 4350 consubstantiale
2577 4295 3018 4364 subiunxerunt:
3062 4298 3368 4356 indicantes
3396 4342 3409 4365 ,
3465 4320 3630 4373 quam

2057 4382 2181 4452 quis
2210 4384 2431 4439 luminis
2458 4387 2725 4440 rationem
2759 4388 2811 4439 in
2843 4386 3007 4442 Patre
3038 4390 3340 4445 reddiderit
3366 4432 3381 4457 ,
3433 4409 3551 4449 eam
3582 4407 3635 4451 et

2056 4470 2194 4525 Filio
2248 4482 2431 4541 aptam
2491 4480 2545 4527 et
2598 4483 2989 4543 congruentem
3028 4476 3306 4534 futuram:
3364 4482 3633 4551 siquidem

369 4568 491 4620 κατ’
540 4566 709 4637 αὐτὴν
752 4565 848 4620 τοῦ
904 4568 1081 4636 φωτὸς
1128 4567 1225 4638 τὴν
1272 4567 1501 4630 ἔννοιαν,
1549 4567 1805 4637 οὐδεμίαν
1846 4568 1952 4633 ἕξει

2060 4562 2239 4614 lumen
2271 4577 2458 4616 verum
2493 4577 2616 4615 cum
2650 4580 2781 4617 vero
2826 4565 3065 4627 lumine,
3100 4568 3401 4623 secundum
3458 4573 3632 4641 ipsam

369 4658 750 4729 παραλλαγήν.
795 4659 949 4710 Ἐπεὶ
976 4654 1067 4711 οὖν
1094 4661 1240 4711 ἐστιν
1275 4660 1510 4729 ἄναρχον
1549 4659 1664 4728 φῶς
1691 4660 1718 4709 ὁ
1740 4660 1949 4731 Πατὴρ,

368 4748 630 4819 γεννητὸν
671 4748 726 4800 δὲ
768 4749 885 4817 φῶς
926 4750 953 4801 ὁ
996 4747 1160 4813 Υἱὸς,
1203 4748 1320 4818 φῶς
1372 4749 1428 4802 δὲ
1474 4750 1566 4801 καὶ
1608 4748 1721 4818 φῶς
1766 4749 1956 4801 ἑκάτε-

373 4859 468 4912 ρος
504 4885 521 4907 ,
662 4841 945 4911 ὁμοούσιον
970 4838 1130 4896 εἶπαν
1150 4842 1395 4905 δικαίως,
1426 4844 1513 4895 ἵνα
1535 4842 1594 4894 τὸ
1618 4843 1719 4911 τῆς
1740 4841 1955 4909 φύσεως

372 4932 631 5001 ὁμότιμον
664 4932 1109 5001 παραστήσωσιν.
1146 4933 1219 4986 Οὐ
1251 4931 1359 5002 γὰρ
1387 4932 1455 4984 τὰ
1481 4931 1685 4999 ἀδελφὰ
1709 4931 1955 5000 ἀλλήλοις

369 5023 633 5089 ὁμοούσια
878 5023 1128 5091 λέγεται,
1184 5025 1321 5094 ὅπερ
1368 5025 1509 5086 τινὲς
1569 5022 1952 5093 ὑπειλήφασιν·

371 5114 486 5166 ἀλλ’
547 5114 674 5167 ὅταν
714 5114 810 5168 καὶ
850 5114 912 5167 τὸ
948 5114 1118 5168 αἴτιον
1159 5115 1253 5167 καὶ
1296 5114 1356 5166 τὸ
1400 5116 1465 5168 ὲκ
1504 5114 1597 5167 τοῦ
1643 5112 1816 5166 αἰτίου
1856 5110 1956 5182 τὴν

372 5204 609 5277 ὓπαρξιν
648 5206 772 5277 ἕχον
815 5204 918 5277 τῆς
961 5205 1134 5276 αὐτῆς
1165 5206 1386 5279 ὑπάρχῃ
1427 5206 1659 5274 φύσεως,
1692 5204 1955 5275 ὀμοούσια

366 5295 607 5366 λέγεται.

533 5476 681 5547 Αῦτη
714 5476 771 5529 δὲ
800 5478 835 5547 ἠ
885 5473 1037 5547 φωνὴ
1066 5475 1162 5528 καὶ
1213 5475 1273 5527 τὸ
1303 5474 1397 5528 τοῦ
1443 5472 1731 5528 Σαϐελλίου
1789 5472 1956 5527 κακὸν

370 5566 788 5637 ἐπανορθοῦται·
831 5568 1046 5637 ἀναιρεῖ
1078 5565 1188 5637 γὰρ
1203 5565 1302 5635 τὴν
1339 5565 1644 5635 ταυτότητα
1683 5565 1783 5634 τῆς
1823 5565 1957 5617 ὐπο-

376 5660 637 5723 στάσεως,
687 5659 779 5711 καὶ
825 5659 1031 5725 εἰσάγει
1078 5657 1290 5709 τελείαν
1333 5656 1441 5709 τῶν
1494 5655 1804 5726 προσώπων
1857 5655 1958 5725 τὴν

377 5750 605 5804 ἔννοιαν.
644 5750 716 5804 Οὐ
739 5750 847 5820 γὰρ
874 5749 1004 5802 αὐτό
1030 5749 1083 5800 τί
1120 5750 1266 5801 ἐστιν
1292 5747 1468 5815 ἑαυτῷ
1499 5747 1814 5818 ὁμοούσιον,
1841 5748 1956 5802 ἀλλ’

703 5855 981 5915 ΡΑτιιοι..
1031 5850 1154 5911 Gn.
1203 5846 1467 5908 CXXX.

2058 4650 2281 4705 luminis
2314 4651 2591 4705 notionem
2618 4690 2633 4715 ,
2689 4653 3192 4711 dissimilitudinem
3223 4660 3428 4713 nullam
3464 4660 3631 4718 habe-

2056 4743 2156 4796 bit.
2196 4741 2333 4795 Cum
2389 4742 2554 4809 igitur
2585 4741 2747 4798 Pater
2774 4745 2957 4799 lumen
3009 4748 3078 4801 sit
3120 4749 3372 4821 principii
3410 4767 3628 4822 expers.

2056 4834 2228 4890 Filius
2261 4849 2390 4890 vero
2424 4837 2607 4889 lumen
2639 4838 2882 4906 genitum
2904 4878 2919 4901 ,
2956 4854 3019 4893 ac
3075 4849 3308 4911 uterque
3348 4845 3526 4900 lumen
3578 4856 3630 4903 et

2057 4928 2263 4991 lumen,
2292 4929 2415 4997 jure
2444 4928 2965 4984 consubstantialem
2999 4930 3293 5000 dixerunt,
3330 4944 3389 4991 ut
3423 4948 3632 4994 natura:

2056 5020 2319 5088 aequalem
2349 5020 2666 5090 dignitatem
2698 5021 3157 5101 demonstrarent.
3188 5024 3306 5081 Non
3337 5029 3481 5083 enim
3512 5046 3633 5101 qua:

2058 5110 2288 5163 fratrum
2326 5110 2467 5165 inter
2509 5127 2569 5166 se
2599 5112 2861 5166 rationem
2918 5112 3122 5168 habent
3147 5157 3161 5178 ,
3209 5117 3471 5174 dicuntur
3503 5136 3634 5175 con-

2058 5204 2467 5269 substantialia,
2493 5204 2546 5258 id
2576 5203 2721 5275 quod
2747 5204 2969 5275 quidam
3002 5206 3351 5275 existimant;
3384 5212 3478 5266 sed
3506 5228 3631 5267 cum

2056 5299 2110 5347 et
2148 5308 2338 5367 causa,
2371 5301 2425 5349 et
2464 5295 2518 5350 id
2549 5296 2693 5365 quod
2724 5312 2790 5351 ex
2828 5311 2993 5352 causa
3029 5299 3406 5356 exsistentiam
3447 5303 3631 5369 habet,

2056 5382 2306 5452 ejusdem
2334 5393 2466 5442 sunt
2492 5394 2726 5453 naturae,
2764 5389 3259 5444 consubstantialia
3280 5390 3561 5448 dicuntur.

2127 5475 2400 5531 Caeterum
2426 5487 2531 5527 vox
2564 5472 2752 5527 eadem
2778 5470 3000 5525 Sabellii
3041 5485 3260 5541 quoque
3306 5472 3631 5541 pravitatem

2059 5567 2347 5636 corrigit:
2408 5566 2549 5619 tollit
2602 5565 2747 5619 enim
2800 5564 3115 5634 hypostasis
3168 5564 3531 5628 identitalem.
3581 5575 3635 5619 et

2060 5661 2360 5731 perlectam
2390 5671 2749 5728 personarum
2816 5656 3094 5711 notionem
3169 5655 3398 5711 inducit.
3445 5654 3632 5725 Neque

2059 5753 2206 5807 enim
2294 5750 2589 5820 quidquam
2633 5747 2737 5804 sibi
2780 5748 2881 5818 ipsi
2966 5747 3430 5804 consubstantiale
3500 5756 3627 5815 est,

3175 5841 3253 5903 18
