  <div class='ocr_page' id='page_1' title='image "/cluster/home/n/w/nwhite01/storage/ocr_20150623/130:no.3/coo.31924054870351/287.png"; bbox 0 0 4058 6468; ppageno 0'>
   <div class='ocr_carea' id='block_1_1' title="bbox 371 357 480 420">
    <p class='ocr_par' dir='ltr' id='par_1_1' title="bbox 371 357 480 420">
     <span class='ocr_line' id='line_1_1' title="bbox 371 357 480 420; baseline -0.018 0"><span class='ocrx_word' id='word_1_1' title='bbox 371 357 480 420; x_wconf 78' lang='grc'><strong>555</strong></span> 
     </span>
    </p>
   </div>
   <div class='ocr_carea' id='block_1_2' title="bbox 1611 347 2399 409">
    <p class='ocr_par' dir='ltr' id='par_1_2' title="bbox 1611 347 2399 409">
     <span class='ocr_line' id='line_1_2' title="bbox 1611 347 2399 409; baseline -0.003 -2"><span class='ocrx_word' id='word_1_2' title='bbox 1611 349 1992 409; x_wconf 79' lang='grc' dir='ltr'><strong>ΕΗΙἪΥΜΙΙ</strong></span> <span class='ocrx_word' id='word_1_3' title='bbox 2035 347 2399 409; x_wconf 79' lang='lat' dir='ltr'><strong>ZIGABENI</strong></span> 
     </span>
    </p>
   </div>
   <div class='ocr_carea' id='block_1_3' title="bbox 3542 337 3649 401">
    <p class='ocr_par' dir='ltr' id='par_1_3' title="bbox 3542 337 3649 401">
     <span class='ocr_line' id='line_1_3' title="bbox 3542 337 3649 401; baseline -0.028 0"><span class='ocrx_word' id='word_1_4' title='bbox 3542 337 3649 401; x_wconf 72' lang='lat'><strong>556</strong></span> 
     </span>
    </p>
   </div>
   <div class='ocr_carea' id='block_1_4' title="bbox 366 450 1962 534">
    <p class='ocr_par' dir='ltr' id='par_1_4' title="bbox 366 461 1951 534">
     <span class='ocr_line' id='line_1_4' title="bbox 366 461 1951 534; baseline -0.007 -8"><span class='ocrx_word' id='word_1_5' title='bbox 366 473 462 526; x_wconf 86' lang='lat' dir='ltr'><strong>sed</strong></span> <span class='ocrx_word' id='word_1_6' title='bbox 495 467 728 521; x_wconf 90' lang='lat' dir='ltr'><strong>alterum</strong></span> <span class='ocrx_word' id='word_1_7' title='bbox 767 462 926 518; x_wconf 80' lang='lat' dir='ltr'><strong>alteri</strong></span> <span class='ocrx_word' id='word_1_8' title='bbox 955 478 968 517; x_wconf 89' lang='lat'><strong>:</strong></span> <span class='ocrx_word' id='word_1_9' title='bbox 997 476 1168 533; x_wconf 85' lang='lat' dir='ltr'><strong>quare</strong></span> <span class='ocrx_word' id='word_1_10' title='bbox 1197 462 1460 534; x_wconf 69' lang='lat' dir='ltr'><strong>prmclare</strong></span> <span class='ocrx_word' id='word_1_11' title='bbox 1491 476 1554 517; x_wconf 90' lang='lat' dir='ltr'><strong>ac</strong></span> <span class='ocrx_word' id='word_1_12' title='bbox 1580 467 1672 532; x_wconf 87' lang='lat' dir='ltr'><strong>pie</strong></span> <span class='ocrx_word' id='word_1_13' title='bbox 1701 477 1761 515; x_wconf 87' lang='lat' dir='ltr'><strong>se</strong></span> <span class='ocrx_word' id='word_1_14' title='bbox 1787 461 1951 516; x_wconf 91' lang='lat' dir='ltr'><strong>habet</strong></span> 
     </span>
    </p>
   </div>
   <div class='ocr_carea' id='block_1_5' title="bbox 2071 450 3651 534">
    <p class='ocr_par' dir='ltr' id='par_1_5' title="bbox 2071 450 3651 530">
     <span class='ocr_line' id='line_1_5' title="bbox 2071 450 3651 530; baseline -0.004 -19"><span class='ocrx_word' id='word_1_15' title='bbox 2071 459 2458 530; x_wconf 69' lang='grc' dir='ltr'>ἱτερονὲτέρῳ²</span> <span class='ocrx_word' id='word_1_16' title='bbox 2498 455 2638 509; x_wconf 82' lang='grc' dir='ltr'>ὥστε</span> <span class='ocrx_word' id='word_1_17' title='bbox 2673 452 2852 516; x_wconf 80' lang='grc' dir='ltr'>καλῶς</span> <span class='ocrx_word' id='word_1_18' title='bbox 2889 452 3123 522; x_wconf 69' lang='grc' dir='ltr'>ἔχεικαὶ</span> <span class='ocrx_word' id='word_1_19' title='bbox 3155 450 3420 514; x_wconf 85' lang='grc' dir='ltr'>εὐσεϐῶς,</span> <span class='ocrx_word' id='word_1_20' title='bbox 3458 450 3569 504; x_wconf 82' lang='grc' dir='ltr'><strong>τῶν</strong></span> <span class='ocrx_word' id='word_1_21' title='bbox 3587 468 3651 504; x_wconf 82' lang='grc' dir='ltr'><strong>τε</strong></span> 
     </span>
    </p>
   </div>
   <div class='ocr_carea' id='block_1_6' title="bbox 370 555 1953 626">
    <p class='ocr_par' dir='ltr' id='par_1_6' title="bbox 370 555 1953 626">
     <span class='ocr_line' id='line_1_6' title="bbox 370 555 1953 626; baseline -0.005 -10"><span class='ocrx_word' id='word_1_22' title='bbox 370 565 460 618; x_wconf 89' lang='lat' dir='ltr'><strong>illa</strong></span> <span class='ocrx_word' id='word_1_23' title='bbox 514 577 645 622; x_wconf 80' lang='lat' dir='ltr'><strong>vox,</strong></span> <span class='ocrx_word' id='word_1_24' title='bbox 695 568 749 613; x_wconf 94' lang='lat' dir='ltr'><strong>et</strong></span> <span class='ocrx_word' id='word_1_25' title='bbox 792 561 1166 626; x_wconf 75' lang='lat' dir='ltr'><strong>hypostasewv</strong></span> <span class='ocrx_word' id='word_1_26' title='bbox 1214 557 1608 625; x_wconf 79' lang='lat' dir='ltr'><strong>proprietatem</strong></span> <span class='ocrx_word' id='word_1_27' title='bbox 1664 555 1953 617; x_wconf 80' lang='lat' dir='ltr'><strong>deﬁniens,</strong></span> 
     </span>
    </p>
   </div>
   <div class='ocr_carea' id='block_1_7' title="bbox 371 645 1952 708">
    <p class='ocr_par' dir='ltr' id='par_1_7' title="bbox 371 645 1952 708">
     <span class='ocr_line' id='line_1_7' title="bbox 371 645 1952 708; baseline -0.006 -1"><span class='ocrx_word' id='word_1_28' title='bbox 371 663 425 708; x_wconf 93' lang='lat' dir='ltr'><strong>et</strong></span> <span class='ocrx_word' id='word_1_29' title='bbox 456 661 667 706; x_wconf 72' lang='lat' dir='ltr'><strong>natura:</strong></span> <span class='ocrx_word' id='word_1_30' title='bbox 703 649 822 704; x_wconf 83' lang='lat' dir='ltr'><strong>sine</strong></span> <span class='ocrx_word' id='word_1_31' title='bbox 889 648 997 702; x_wconf 89' lang='lat' dir='ltr'><strong>ullo</strong></span> <span class='ocrx_word' id='word_1_32' title='bbox 1037 647 1357 701; x_wconf 88' lang='lat' dir='ltr'><strong>discrimine</strong></span> <span class='ocrx_word' id='word_1_33' title='bbox 1399 645 1809 700; x_wconf 71' lang='lat' dir='ltr'><strong>similitudinem</strong></span> <span class='ocrx_word' id='word_1_34' title='bbox 1861 647 1952 698; x_wconf 87' lang='lat' dir='ltr'><strong>de-</strong></span> 
     </span>
    </p>
   </div>
   <div class='ocr_carea' id='block_1_8' title="bbox 368 737 1952 800">
    <p class='ocr_par' dir='ltr' id='par_1_8' title="bbox 368 737 1952 800">
     <span class='ocr_line' id='line_1_8' title="bbox 368 737 1952 800; baseline -0.006 -1"><span class='ocrx_word' id='word_1_35' title='bbox 368 753 701 800; x_wconf 72' lang='lat' dir='ltr'><strong>monstrans.</strong></span> <span class='ocrx_word' id='word_1_36' title='bbox 731 741 868 797; x_wconf 88' lang='lat' dir='ltr'><strong>Cum</strong></span> <span class='ocrx_word' id='word_1_37' title='bbox 903 751 1083 794; x_wconf 87' lang='lat' dir='ltr'><strong>autem</strong></span> <span class='ocrx_word' id='word_1_38' title='bbox 1119 753 1183 792; x_wconf 83' lang='lat' dir='ltr'><strong>ex</strong></span> <span class='ocrx_word' id='word_1_39' title='bbox 1211 737 1390 793; x_wconf 87' lang='lat' dir='ltr'><strong>Patris</strong></span> <span class='ocrx_word' id='word_1_40' title='bbox 1416 740 1722 792; x_wconf 84' lang='lat' dir='ltr'><strong>substantia</strong></span> <span class='ocrx_word' id='word_1_41' title='bbox 1758 737 1952 790; x_wconf 77' lang='lat' dir='ltr'><strong>Filium</strong></span> 
     </span>
    </p>
   </div>
   <div class='ocr_carea' id='block_1_9' title="bbox 365 828 1953 899">
    <p class='ocr_par' dir='ltr' id='par_1_9' title="bbox 365 828 1953 899">
     <span class='ocr_line' id='line_1_9' title="bbox 365 828 1953 899; baseline -0.005 -13"><span class='ocrx_word' id='word_1_42' title='bbox 365 850 489 888; x_wconf 71' lang='lat' dir='ltr'><strong>esse</strong></span> <span class='ocrx_word' id='word_1_43' title='bbox 519 835 768 895; x_wconf 89' lang='lat' dir='ltr'><strong>dicimus,</strong></span> <span class='ocrx_word' id='word_1_44' title='bbox 799 846 1032 899; x_wconf 86' lang='lat' dir='ltr'><strong>eumque</strong></span> <span class='ocrx_word' id='word_1_45' title='bbox 1062 831 1328 898; x_wconf 84' lang='lat' dir='ltr'><strong>genitum,</strong></span> <span class='ocrx_word' id='word_1_46' title='bbox 1357 845 1461 882; x_wconf 93' lang='lat' dir='ltr'><strong>non</strong></span> <span class='ocrx_word' id='word_1_47' title='bbox 1501 840 1682 881; x_wconf 85' lang='lat' dir='ltr'><strong>autem</strong></span> <span class='ocrx_word' id='word_1_48' title='bbox 1722 828 1953 892; x_wconf 84' lang='lat' dir='ltr'><strong>factum,</strong></span> 
     </span>
    </p>
   </div>
   <div class='ocr_carea' id='block_1_10' title="bbox 369 919 1951 994">
    <p class='ocr_par' dir='ltr' id='par_1_10' title="bbox 369 919 1951 994">
     <span class='ocr_line' id='line_1_10' title="bbox 369 919 1951 994; baseline -0.006 -15"><span class='ocrx_word' id='word_1_49' title='bbox 369 941 436 980; x_wconf 89' lang='lat' dir='ltr'><strong>ne</strong></span> <span class='ocrx_word' id='word_1_50' title='bbox 465 923 820 994; x_wconf 79' lang='lat' dir='ltr'><strong>prolabamur</strong></span> <span class='ocrx_word' id='word_1_51' title='bbox 871 923 925 976; x_wconf 91' lang='lat' dir='ltr'><strong>in</strong></span> <span class='ocrx_word' id='word_1_52' title='bbox 982 921 1305 990; x_wconf 84' lang='lat' dir='ltr'><strong>corporaies</strong></span> <span class='ocrx_word' id='word_1_53' title='bbox 1347 922 1760 989; x_wconf 76' lang='lat' dir='ltr'><strong>perpessionum</strong></span> <span class='ocrx_word' id='word_1_54' title='bbox 1801 919 1951 984; x_wconf 80' lang='lat' dir='ltr'><strong>cogi—</strong></span> 
     </span>
    </p>
   </div>
   <div class='ocr_carea' id='block_1_11' title="bbox 367 1009 1944 1070">
    <p class='ocr_par' dir='ltr' id='par_1_11' title="bbox 367 1009 1944 1070">
     <span class='ocr_line' id='line_1_11' title="bbox 367 1009 1944 1070; baseline -0.005 0"><span class='ocrx_word' id='word_1_55' title='bbox 367 1018 626 1070; x_wconf 88' lang='lat' dir='ltr'><strong>tationes.</strong></span> <span class='ocrx_word' id='word_1_56' title='bbox 663 1013 781 1068; x_wconf 75' lang='lat' dir='ltr'><strong>Non</strong></span> <span class='ocrx_word' id='word_1_57' title='bbox 821 1012 964 1066; x_wconf 87' lang='lat' dir='ltr'><strong>enim</strong></span> <span class='ocrx_word' id='word_1_58' title='bbox 993 1012 1162 1065; x_wconf 75' lang='lat' dir='ltr'><strong>divisa</strong></span> <span class='ocrx_word' id='word_1_59' title='bbox 1205 1021 1291 1066; x_wconf 80' lang='lat' dir='ltr'><strong>est</strong></span> <span class='ocrx_word' id='word_1_60' title='bbox 1318 1011 1624 1065; x_wconf 73' lang='lat' dir='ltr'><strong>substantia</strong></span> <span class='ocrx_word' id='word_1_61' title='bbox 1651 1026 1680 1063; x_wconf 92' lang='lat' dir='ltr'><strong>a</strong></span> <span class='ocrx_word' id='word_1_62' title='bbox 1707 1010 1866 1064; x_wconf 82' lang='lat' dir='ltr'><strong>Patre</strong></span> <span class='ocrx_word' id='word_1_63' title='bbox 1891 1009 1944 1062; x_wconf 88' lang='lat' dir='ltr'><strong>in</strong></span> 
     </span>
    </p>
   </div>
   <div class='ocr_carea' id='block_1_12' title="bbox 366 1102 1958 1174">
    <p class='ocr_par' dir='ltr' id='par_1_12' title="bbox 366 1102 1958 1174">
     <span class='ocr_line' id='line_1_12' title="bbox 366 1102 1958 1174; baseline -0.008 -9"><span class='ocrx_word' id='word_1_64' title='bbox 366 1108 568 1165; x_wconf 76' lang='lat' dir='ltr'><strong>Filium</strong></span> <span class='ocrx_word' id='word_1_65' title='bbox 608 1122 623 1160; x_wconf 87' lang='lat'><strong>:</strong></span> <span class='ocrx_word' id='word_1_66' title='bbox 661 1121 844 1174; x_wconf 88' lang='lat' dir='ltr'><strong>neque</strong></span> <span class='ocrx_word' id='word_1_67' title='bbox 898 1104 1118 1158; x_wconf 83' lang='lat' dir='ltr'><strong>ﬂuendo</strong></span> <span class='ocrx_word' id='word_1_68' title='bbox 1162 1103 1368 1170; x_wconf 88' lang='lat' dir='ltr'><strong>dilapsa</strong></span> <span class='ocrx_word' id='word_1_69' title='bbox 1439 1102 1737 1172; x_wconf 72' lang='lat' dir='ltr'><strong>generavit,</strong></span> <span class='ocrx_word' id='word_1_70' title='bbox 1781 1115 1958 1170; x_wconf 84' lang='lat' dir='ltr'><strong>neque</strong></span> 
     </span>
    </p>
   </div>
   <div class='ocr_carea' id='block_1_13' title="bbox 365 1193 1953 1272">
    <p class='ocr_par' dir='ltr' id='par_1_13' title="bbox 365 1193 1953 1272">
     <span class='ocr_line' id='line_1_13' title="bbox 365 1193 1953 1272; baseline -0.006 -18"><span class='ocrx_word' id='word_1_71' title='bbox 365 1201 674 1272; x_wconf 81' lang='lat' dir='ltr'><strong>proferens,</strong></span> <span class='ocrx_word' id='word_1_72' title='bbox 725 1197 1185 1268; x_wconf 86' lang='lat' dir='ltr'><strong>quemadmodum</strong></span> <span class='ocrx_word' id='word_1_73' title='bbox 1249 1196 1472 1250; x_wconf 85' lang='lat' dir='ltr'><strong>arbores</strong></span> <span class='ocrx_word' id='word_1_74' title='bbox 1513 1195 1724 1248; x_wconf 80' lang='lat' dir='ltr'><strong>fructus</strong></span> <span class='ocrx_word' id='word_1_75' title='bbox 1775 1193 1953 1264; x_wconf 82' lang='lat' dir='ltr'><strong>profe-</strong></span> 
     </span>
    </p>
   </div>
   <div class='ocr_carea' id='block_1_14' title="bbox 369 1285 1959 1356">
    <p class='ocr_par' dir='ltr' id='par_1_14' title="bbox 369 1285 1959 1356">
     <span class='ocr_line' id='line_1_14' title="bbox 369 1285 1959 1356; baseline -0.004 -11"><span class='ocrx_word' id='word_1_76' title='bbox 369 1301 493 1347; x_wconf 90' lang='lat' dir='ltr'><strong>runt</strong></span> <span class='ocrx_word' id='word_1_77' title='bbox 529 1309 542 1346; x_wconf 89' lang='lat'><strong>:</strong></span> <span class='ocrx_word' id='word_1_78' title='bbox 574 1290 670 1345; x_wconf 90' lang='lat' dir='ltr'><strong>sed</strong></span> <span class='ocrx_word' id='word_1_79' title='bbox 736 1288 1128 1343; x_wconf 78' lang='lat' dir='ltr'><strong>inenarrabilis</strong></span> <span class='ocrx_word' id='word_1_80' title='bbox 1170 1297 1224 1341; x_wconf 91' lang='lat' dir='ltr'><strong>et</strong></span> <span class='ocrx_word' id='word_1_81' title='bbox 1259 1287 1701 1356; x_wconf 87' lang='lat' dir='ltr'><strong>indeprehensus</strong></span> <span class='ocrx_word' id='word_1_82' title='bbox 1754 1285 1959 1353; x_wconf 79' lang='lat' dir='ltr'><strong>cogita-</strong></span> 
     </span>
    </p>
   </div>
   <div class='ocr_carea' id='block_1_15' title="bbox 367 1376 1960 1448">
    <p class='ocr_par' dir='ltr' id='par_1_15' title="bbox 367 1376 1960 1448">
     <span class='ocr_line' id='line_1_15' title="bbox 367 1376 1960 1448; baseline -0.006 -10"><span class='ocrx_word' id='word_1_83' title='bbox 367 1386 609 1440; x_wconf 88' lang='lat' dir='ltr'><strong>tionibus</strong></span> <span class='ocrx_word' id='word_1_84' title='bbox 638 1383 918 1438; x_wconf 87' lang='lat' dir='ltr'><strong>hominum</strong></span> <span class='ocrx_word' id='word_1_85' title='bbox 953 1381 1150 1434; x_wconf 76' lang='lat' dir='ltr'><strong>divinae</strong></span> <span class='ocrx_word' id='word_1_86' title='bbox 1186 1381 1560 1448; x_wconf 72' lang='lat' dir='ltr'><strong>generatiOnis</strong></span> <span class='ocrx_word' id='word_1_87' title='bbox 1598 1380 1809 1432; x_wconf 90' lang='lat' dir='ltr'><strong>modus.</strong></span> <span class='ocrx_word' id='word_1_88' title='bbox 1849 1376 1960 1429; x_wconf 86' lang='lat' dir='ltr'><strong>llu-</strong></span> 
     </span>
    </p>
   </div>
   <div class='ocr_carea' id='block_1_16' title="bbox 369 1471 1960 1538">
    <p class='ocr_par' dir='ltr' id='par_1_16' title="bbox 369 1471 1960 1538">
     <span class='ocr_line' id='line_1_16' title="bbox 369 1471 1960 1538; baseline -0.006 -6"><span class='ocrx_word' id='word_1_89' title='bbox 369 1479 514 1533; x_wconf 87' lang='lat' dir='ltr'><strong>milis</strong></span> <span class='ocrx_word' id='word_1_90' title='bbox 538 1479 684 1532; x_wconf 90' lang='lat' dir='ltr'><strong>enim</strong></span> <span class='ocrx_word' id='word_1_91' title='bbox 726 1490 914 1528; x_wconf 83' lang='lat' dir='ltr'><strong>revera</strong></span> <span class='ocrx_word' id='word_1_92' title='bbox 944 1483 997 1528; x_wconf 90' lang='lat' dir='ltr'><strong>et</strong></span> <span class='ocrx_word' id='word_1_93' title='bbox 1047 1474 1288 1527; x_wconf 87' lang='lat' dir='ltr'><strong>carnalis</strong></span> <span class='ocrx_word' id='word_1_94' title='bbox 1323 1483 1406 1527; x_wconf 89' lang='lat' dir='ltr'><strong>est</strong></span> <span class='ocrx_word' id='word_1_95' title='bbox 1462 1472 1684 1538; x_wconf 86' lang='lat' dir='ltr'><strong>mentis,</strong></span> <span class='ocrx_word' id='word_1_96' title='bbox 1733 1471 1960 1525; x_wconf 79' lang='lat' dir='ltr'><strong>caducis</strong></span> 
     </span>
    </p>
   </div>
   <div class='ocr_carea' id='block_1_17' title="bbox 367 1559 1960 1638">
    <p class='ocr_par' dir='ltr' id='par_1_17' title="bbox 367 1559 1960 1638">
     <span class='ocr_line' id='line_1_17' title="bbox 367 1559 1960 1638; baseline -0.004 -15"><span class='ocrx_word' id='word_1_97' title='bbox 367 1585 431 1623; x_wconf 85' lang='lat' dir='ltr'><strong>ac</strong></span> <span class='ocrx_word' id='word_1_98' title='bbox 472 1568 871 1638; x_wconf 84' lang='lat' dir='ltr'><strong>temporalibus</strong></span> <span class='ocrx_word' id='word_1_99' title='bbox 907 1565 1212 1621; x_wconf 85' lang='lat' dir='ltr'><strong>assimilare</strong></span> <span class='ocrx_word' id='word_1_100' title='bbox 1256 1559 1484 1629; x_wconf 74' lang='lat' dir='ltr'><strong>mterna,</strong></span> <span class='ocrx_word' id='word_1_101' title='bbox 1523 1581 1587 1619; x_wconf 90' lang='lat' dir='ltr'><strong>ac</strong></span> <span class='ocrx_word' id='word_1_102' title='bbox 1615 1566 1960 1628; x_wconf 74' lang='lat' dir='ltr'><strong>existimare,</strong></span> 
     </span>
    </p>
   </div>
   <div class='ocr_carea' id='block_1_18' title="bbox 366 1659 1956 1737">
    <p class='ocr_par' dir='ltr' id='par_1_18' title="bbox 366 1659 1956 1737">
     <span class='ocr_line' id='line_1_18' title="bbox 366 1659 1956 1737; baseline 0 -23"><span class='ocrx_word' id='word_1_103' title='bbox 366 1662 827 1737; x_wconf 82' lang='lat' dir='ltr'><strong>quemadmodum</strong></span> <span class='ocrx_word' id='word_1_104' title='bbox 871 1659 1199 1730; x_wconf 85' lang='lat' dir='ltr'><strong>corporalia,</strong></span> <span class='ocrx_word' id='word_1_105' title='bbox 1239 1660 1316 1713; x_wconf 89' lang='lat' dir='ltr'><strong>ita</strong></span> <span class='ocrx_word' id='word_1_106' title='bbox 1352 1671 1406 1713; x_wconf 89' lang='lat' dir='ltr'><strong>et</strong></span> <span class='ocrx_word' id='word_1_107' title='bbox 1447 1659 1618 1713; x_wconf 90' lang='lat' dir='ltr'><strong>Deum</strong></span> <span class='ocrx_word' id='word_1_108' title='bbox 1669 1673 1956 1728; x_wconf 84' lang='lat' dir='ltr'><strong>generare.</strong></span> 
     </span>
    </p>
   </div>
   <div class='ocr_carea' id='block_1_19' title="bbox 367 1770 2035 1864">
    <p class='ocr_par' dir='ltr' id='par_1_19' title="bbox 367 1770 2035 1864">
     <span class='ocr_line' id='line_1_19' title="bbox 367 1770 2035 1864; baseline -0.008 -32"><span class='ocrx_word' id='word_1_109' title='bbox 367 1777 621 1847; x_wconf 77' lang='lat' dir='ltr'><strong>Ejusdem</strong></span> <span class='ocrx_word' id='word_1_110' title='bbox 675 1789 740 1827; x_wconf 78' lang='lat' dir='ltr'><strong>ea:</strong></span> <span class='ocrx_word' id='word_1_111' title='bbox 768 1771 1089 1864; x_wconf 49' lang='lat' dir='ltr'><strong>epistola—nd</strong></span> <span class='ocrx_word' id='word_1_112' title='bbox 1123 1770 1833 1864; x_wconf 43' lang='lat' dir='ltr'><strong>Enitar/riuntAAzrnjeniuut,</strong></span> <span class='ocrx_word' id='word_1_113' title='bbox 1860 1773 1958 1850; x_wconf 72' lang='lat' dir='ltr'><strong>ad-</strong></span> <span class='ocrx_word' id='word_1_114' title='bbox 1996 1810 2035 1864; x_wconf 73' lang='grc' dir='ltr'><strong>Β</strong></span> 
     </span>
    </p>
   </div>
   <div class='ocr_carea' id='block_1_20' title="bbox 438 1839 1957 1914">
    <p class='ocr_par' dir='ltr' id='par_1_20' title="bbox 438 1839 1957 1914">
     <span class='ocr_line' id='line_1_20' title="bbox 438 1839 1957 1914; baseline -0.008 -12"><span class='ocrx_word' id='word_1_115' title='bbox 438 1864 619 1903; x_wconf 79' lang='lat' dir='ltr'><strong>versus</strong></span> <span class='ocrx_word' id='word_1_116' title='bbox 654 1845 937 1914; x_wconf 82' lang='lat' dir='ltr'><strong>quosdam,</strong></span> <span class='ocrx_word' id='word_1_117' title='bbox 972 1845 1063 1911; x_wconf 80' lang='lat' dir='ltr'><strong>qui</strong></span> <span class='ocrx_word' id='word_1_118' title='bbox 1099 1843 1408 1895; x_wconf 77' lang='lat' dir='ltr'><strong>videbantur</strong></span> <span class='ocrx_word' id='word_1_119' title='bbox 1466 1839 1787 1892; x_wconf 80' lang='lat' dir='ltr'><strong>Arianorum</strong></span> <span class='ocrx_word' id='word_1_120' title='bbox 1844 1841 1957 1906; x_wconf 77' lang='lat' dir='ltr'><strong>opi-</strong></span> 
     </span>
    </p>
   </div>
   <div class='ocr_carea' id='block_1_21' title="bbox 439 1915 900 1982">
    <p class='ocr_par' dir='ltr' id='par_1_21' title="bbox 439 1915 900 1982">
     <span class='ocr_line' id='line_1_21' title="bbox 439 1915 900 1982; baseline -0.011 -10"><span class='ocrx_word' id='word_1_121' title='bbox 439 1919 683 1972; x_wconf 79' lang='lat' dir='ltr'><strong>nionibus</strong></span> <span class='ocrx_word' id='word_1_122' title='bbox 701 1915 900 1982; x_wconf 81' lang='lat' dir='ltr'><strong>favere.</strong></span> 
     </span>
    </p>
   </div>
   <div class='ocr_carea' id='block_1_22' title="bbox 449 2001 1963 2083">
    <p class='ocr_par' dir='ltr' id='par_1_22' title="bbox 449 2001 1963 2083">
     <span class='ocr_line' id='line_1_22' title="bbox 449 2001 1963 2083; baseline -0.006 -19"><span class='ocrx_word' id='word_1_123' title='bbox 449 2009 677 2078; x_wconf 88' lang='lat' dir='ltr'><strong>Oportet</strong></span> <span class='ocrx_word' id='word_1_124' title='bbox 709 2006 879 2074; x_wconf 78' lang='lat' dir='ltr'><strong>igitur</strong></span> <span class='ocrx_word' id='word_1_125' title='bbox 911 2011 970 2058; x_wconf 91' lang='lat' dir='ltr'><strong>ut</strong></span> <span class='ocrx_word' id='word_1_126' title='bbox 1028 2015 1213 2073; x_wconf 67' lang='grc' dir='ltr'>πβρι-ιε</span> <span class='ocrx_word' id='word_1_127' title='bbox 1247 2001 1610 2083; x_wconf 67' lang='lat' dir='ltr'><strong>contitcant&#39;ur</strong></span> <span class='ocrx_word' id='word_1_128' title='bbox 1662 2015 1721 2056; x_wconf 89' lang='lat' dir='ltr'><strong>se</strong></span> <span class='ocrx_word' id='word_1_129' title='bbox 1775 2002 1963 2055; x_wconf 84' lang='lat' dir='ltr'><strong>crede-</strong></span> 
     </span>
    </p>
   </div>
   <div class='ocr_carea' id='block_1_23' title="bbox 365 2091 1962 2171">
    <p class='ocr_par' dir='ltr' id='par_1_23' title="bbox 365 2091 1962 2171">
     <span class='ocr_line' id='line_1_23' title="bbox 365 2091 1962 2171; baseline -0.007 -15"><span class='ocrx_word' id='word_1_130' title='bbox 365 2116 445 2168; x_wconf 80' lang='lat' dir='ltr'><strong>re,</strong></span> <span class='ocrx_word' id='word_1_131' title='bbox 474 2100 933 2171; x_wconf 88' lang='lat' dir='ltr'><strong>quemadmodum</strong></span> <span class='ocrx_word' id='word_1_132' title='bbox 994 2096 1158 2148; x_wconf 90' lang='lat' dir='ltr'><strong>verba</strong></span> <span class='ocrx_word' id='word_1_133' title='bbox 1225 2109 1254 2146; x_wconf 90' lang='lat' dir='ltr'><strong>a</strong></span> <span class='ocrx_word' id='word_1_134' title='bbox 1298 2093 1551 2147; x_wconf 82' lang='lat' dir='ltr'><strong>Patribus</strong></span> <span class='ocrx_word' id='word_1_135' title='bbox 1615 2093 1817 2147; x_wconf 86' lang='lat' dir='ltr'><strong>nostris</strong></span> <span class='ocrx_word' id='word_1_136' title='bbox 1867 2091 1962 2146; x_wconf 84' lang='lat' dir='ltr'><strong>Ni-</strong></span> 
     </span>
    </p>
   </div>
   <div class='ocr_carea' id='block_1_24' title="bbox 371 2186 1959 2262">
    <p class='ocr_par' dir='ltr' id='par_1_24' title="bbox 371 2186 1959 2262">
     <span class='ocr_line' id='line_1_24' title="bbox 371 2186 1959 2262; baseline -0.008 -12"><span class='ocrx_word' id='word_1_137' title='bbox 371 2210 499 2250; x_wconf 70' lang='lat' dir='ltr'><strong>caea:</strong></span> <span class='ocrx_word' id='word_1_138' title='bbox 522 2193 770 2262; x_wconf 80' lang='lat' dir='ltr'><strong>exposita</strong></span> <span class='ocrx_word' id='word_1_139' title='bbox 803 2188 1186 2259; x_wconf 72' lang='lat' dir='ltr'><strong>prazscrihunt,</strong></span> <span class='ocrx_word' id='word_1_140' title='bbox 1225 2186 1268 2240; x_wconf 91' lang='lat' dir='ltr'><strong>si</strong></span> <span class='ocrx_word' id='word_1_141' title='bbox 1326 2196 1505 2240; x_wconf 87' lang='lat' dir='ltr'><strong>tamen</strong></span> <span class='ocrx_word' id='word_1_142' title='bbox 1540 2201 1672 2240; x_wconf 87' lang='lat' dir='ltr'><strong>sana</strong></span> <span class='ocrx_word' id='word_1_143' title='bbox 1714 2187 1959 2255; x_wconf 89' lang='lat' dir='ltr'><strong>ipsorum</strong></span> 
     </span>
    </p>
   </div>
   <div class='ocr_carea' id='block_1_25' title="bbox 366 2276 1961 2346">
    <p class='ocr_par' dir='ltr' id='par_1_25' title="bbox 366 2276 1961 2346">
     <span class='ocr_line' id='line_1_25' title="bbox 366 2276 1961 2346; baseline -0.006 -8"><span class='ocrx_word' id='word_1_144' title='bbox 366 2285 656 2339; x_wconf 79' lang='lat' dir='ltr'><strong>verborum</strong></span> <span class='ocrx_word' id='word_1_145' title='bbox 695 2281 967 2338; x_wconf 78' lang='lat' dir='ltr'><strong>sententia</strong></span> <span class='ocrx_word' id='word_1_146' title='bbox 1005 2279 1328 2346; x_wconf 79' lang='lat' dir='ltr'><strong>accipiatur.</strong></span> <span class='ocrx_word' id='word_1_147' title='bbox 1368 2276 1507 2330; x_wconf 89' lang='lat' dir='ltr'><strong>Sunt</strong></span> <span class='ocrx_word' id='word_1_148' title='bbox 1550 2276 1695 2330; x_wconf 89' lang='lat' dir='ltr'><strong>enim</strong></span> <span class='ocrx_word' id='word_1_149' title='bbox 1736 2277 1961 2346; x_wconf 82' lang='lat' dir='ltr'><strong>quidam</strong></span> 
     </span>
    </p>
   </div>
   <div class='ocr_carea' id='block_1_26' title="bbox 367 2367 1963 2440">
    <p class='ocr_par' dir='ltr' id='par_1_26' title="bbox 367 2367 1963 2440">
     <span class='ocr_line' id='line_1_26' title="bbox 367 2367 1963 2440; baseline -0.005 -12"><span class='ocrx_word' id='word_1_150' title='bbox 367 2375 542 2429; x_wconf 87' lang='lat' dir='ltr'><strong>iubae</strong></span> <span class='ocrx_word' id='word_1_151' title='bbox 572 2375 738 2429; x_wconf 88' lang='lat' dir='ltr'><strong>etiam</strong></span> <span class='ocrx_word' id='word_1_152' title='bbox 775 2373 901 2436; x_wconf 77' lang='lat' dir='ltr'><strong>(ide,</strong></span> <span class='ocrx_word' id='word_1_153' title='bbox 956 2370 1050 2440; x_wconf 89' lang='lat' dir='ltr'><strong>qui</strong></span> <span class='ocrx_word' id='word_1_154' title='bbox 1107 2367 1358 2423; x_wconf 83' lang='lat' dir='ltr'><strong>veritatis</strong></span> <span class='ocrx_word' id='word_1_155' title='bbox 1408 2369 1714 2421; x_wconf 83' lang='lat' dir='ltr'><strong>orationem</strong></span> <span class='ocrx_word' id='word_1_156' title='bbox 1768 2368 1963 2437; x_wconf 89' lang='lat' dir='ltr'><strong>depra-</strong></span> 
     </span>
    </p>
   </div>
   <div class='ocr_carea' id='block_1_27' title="bbox 371 2461 1961 2532">
    <p class='ocr_par' dir='ltr' id='par_1_27' title="bbox 371 2461 1961 2532">
     <span class='ocr_line' id='line_1_27' title="bbox 371 2461 1961 2532; baseline -0.001 -13"><span class='ocrx_word' id='word_1_157' title='bbox 371 2477 523 2532; x_wconf 87' lang='lat' dir='ltr'><strong>vant,</strong></span> <span class='ocrx_word' id='word_1_158' title='bbox 559 2477 614 2520; x_wconf 90' lang='lat' dir='ltr'><strong>et</strong></span> <span class='ocrx_word' id='word_1_159' title='bbox 665 2481 856 2520; x_wconf 89' lang='lat' dir='ltr'><strong>eorum</strong></span> <span class='ocrx_word' id='word_1_160' title='bbox 906 2464 1198 2518; x_wconf 87' lang='lat' dir='ltr'><strong>verborum</strong></span> <span class='ocrx_word' id='word_1_161' title='bbox 1253 2476 1476 2516; x_wconf 87' lang='lat' dir='ltr'><strong>sensum</strong></span> <span class='ocrx_word' id='word_1_162' title='bbox 1535 2461 1600 2514; x_wconf 92' lang='lat' dir='ltr'><strong>ad</strong></span> <span class='ocrx_word' id='word_1_163' title='bbox 1651 2462 1961 2531; x_wconf 90' lang='lat' dir='ltr'><strong>opinionem</strong></span> 
     </span>
    </p>
   </div>
   <div class='ocr_carea' id='block_1_28' title="bbox 366 2555 1965 2624">
    <p class='ocr_par' dir='ltr' id='par_1_28' title="bbox 366 2555 1965 2624">
     <span class='ocr_line' id='line_1_28' title="bbox 366 2555 1965 2624; baseline -0.003 -10"><span class='ocrx_word' id='word_1_164' title='bbox 366 2576 522 2615; x_wconf 88' lang='lat' dir='ltr'><strong>suam</strong></span> <span class='ocrx_word' id='word_1_165' title='bbox 590 2558 1022 2613; x_wconf 76' lang='lat' dir='ltr'><strong>confirmandam</strong></span> <span class='ocrx_word' id='word_1_166' title='bbox 1071 2555 1318 2610; x_wconf 89' lang='lat' dir='ltr'><strong>trahunt.</strong></span> <span class='ocrx_word' id='word_1_167' title='bbox 1390 2556 1839 2624; x_wconf 79' lang='lat' dir='ltr'><strong>Quandoquidem</strong></span> <span class='ocrx_word' id='word_1_168' title='bbox 1909 2563 1965 2610; x_wconf 79' lang='lat' dir='ltr'><strong>et</strong></span> 
     </span>
    </p>
   </div>
   <div class='ocr_carea' id='block_1_29' title="bbox 373 2646 1961 2719">
    <p class='ocr_par' dir='ltr' id='par_1_29' title="bbox 373 2646 1961 2719">
     <span class='ocr_line' id='line_1_29' title="bbox 373 2646 1961 2719; baseline -0.003 -13"><span class='ocrx_word' id='word_1_169' title='bbox 373 2651 658 2707; x_wconf 87' lang='lat' dir='ltr'><strong>Marcellus</strong></span> <span class='ocrx_word' id='word_1_170' title='bbox 690 2651 857 2719; x_wconf 88' lang='lat' dir='ltr'><strong>impie</strong></span> <span class='ocrx_word' id='word_1_171' title='bbox 878 2648 1130 2703; x_wconf 89' lang='lat' dir='ltr'><strong>sentiens</strong></span> <span class='ocrx_word' id='word_1_172' title='bbox 1159 2648 1225 2702; x_wconf 90' lang='lat' dir='ltr'><strong>de</strong></span> <span class='ocrx_word' id='word_1_173' title='bbox 1252 2662 1482 2717; x_wconf 89' lang='lat' dir='ltr'><strong>persona</strong></span> <span class='ocrx_word' id='word_1_174' title='bbox 1515 2646 1730 2699; x_wconf 88' lang='lat' dir='ltr'><strong>Domini</strong></span> <span class='ocrx_word' id='word_1_175' title='bbox 1788 2646 1961 2702; x_wconf 86' lang='lat' dir='ltr'><strong>nostri</strong></span> 
     </span>
    </p>
   </div>
   <div class='ocr_carea' id='block_1_30' title="bbox 362 2734 1962 2805">
    <p class='ocr_par' dir='ltr' id='par_1_30' title="bbox 362 2734 1962 2805">
     <span class='ocr_line' id='line_1_30' title="bbox 362 2734 1962 2805; baseline -0.006 -8"><span class='ocrx_word' id='word_1_176' title='bbox 362 2743 491 2798; x_wconf 86' lang='lat' dir='ltr'><strong>.lesu</strong></span> <span class='ocrx_word' id='word_1_177' title='bbox 529 2740 754 2804; x_wconf 88' lang='lat' dir='ltr'><strong>Christi,</strong></span> <span class='ocrx_word' id='word_1_178' title='bbox 785 2752 1022 2805; x_wconf 85' lang='lat' dir='ltr'><strong>cumque</strong></span> <span class='ocrx_word' id='word_1_179' title='bbox 1054 2751 1250 2805; x_wconf 89' lang='lat' dir='ltr'><strong>purum</strong></span> <span class='ocrx_word' id='word_1_180' title='bbox 1305 2751 1428 2790; x_wconf 88' lang='lat' dir='ltr'><strong>esse</strong></span> <span class='ocrx_word' id='word_1_181' title='bbox 1459 2735 1698 2789; x_wconf 76' lang='lat' dir='ltr'><strong>Verbum</strong></span> <span class='ocrx_word' id='word_1_182' title='bbox 1766 2734 1962 2802; x_wconf 67' lang='lat' dir='ltr'><strong>przedi-</strong></span> 
     </span>
    </p>
   </div>
   <div class='ocr_carea' id='block_1_31' title="bbox 364 2823 1961 2897">
    <p class='ocr_par' dir='ltr' id='par_1_31' title="bbox 364 2823 1961 2897">
     <span class='ocr_line' id='line_1_31' title="bbox 364 2823 1961 2897; baseline -0.008 -11"><span class='ocrx_word' id='word_1_183' title='bbox 364 2847 520 2897; x_wconf 88' lang='lat' dir='ltr'><strong>cans,</strong></span> <span class='ocrx_word' id='word_1_184' title='bbox 557 2845 725 2885; x_wconf 90' lang='lat' dir='ltr'><strong>ausus</strong></span> <span class='ocrx_word' id='word_1_185' title='bbox 760 2836 843 2882; x_wconf 88' lang='lat' dir='ltr'><strong>est</strong></span> <span class='ocrx_word' id='word_1_186' title='bbox 873 2828 1078 2885; x_wconf 86' lang='lat' dir='ltr'><strong>dicere.</strong></span> <span class='ocrx_word' id='word_1_187' title='bbox 1110 2840 1167 2879; x_wconf 88' lang='lat' dir='ltr'><strong>se</strong></span> <span class='ocrx_word' id='word_1_188' title='bbox 1194 2835 1252 2880; x_wconf 90' lang='lat' dir='ltr'><strong>ut</strong></span> <span class='ocrx_word' id='word_1_189' title='bbox 1282 2825 1355 2877; x_wconf 87' lang='lat' dir='ltr'><strong>ita</strong></span> <span class='ocrx_word' id='word_1_190' title='bbox 1389 2824 1640 2886; x_wconf 90' lang='lat' dir='ltr'><strong>sentiret,</strong></span> <span class='ocrx_word' id='word_1_191' title='bbox 1673 2823 1961 2876; x_wconf 88' lang='lat' dir='ltr'><strong>adductum</strong></span> 
     </span>
    </p>
   </div>
   <div class='ocr_carea' id='block_1_32' title="bbox 363 2910 1965 2991">
    <p class='ocr_par' dir='ltr' id='par_1_32' title="bbox 363 2910 1965 2991">
     <span class='ocr_line' id='line_1_32' title="bbox 363 2910 1965 2991; baseline -0.008 -13"><span class='ocrx_word' id='word_1_192' title='bbox 363 2937 486 2978; x_wconf 87' lang='lat' dir='ltr'><strong>esse</strong></span> <span class='ocrx_word' id='word_1_193' title='bbox 519 2931 736 2991; x_wconf 88' lang='lat' dir='ltr'><strong>propter</strong></span> <span class='ocrx_word' id='word_1_194' title='bbox 762 2919 904 2972; x_wconf 86' lang='lat' dir='ltr'><strong>illam</strong></span> <span class='ocrx_word' id='word_1_195' title='bbox 935 2930 1123 2971; x_wconf 88' lang='lat' dir='ltr'><strong>vocem</strong></span> <span class='ocrx_word' id='word_1_196' title='bbox 1153 2914 1465 2982; x_wconf 79' lang='grc' dir='ltr'>ὁμοούσιον,</span> <span class='ocrx_word' id='word_1_197' title='bbox 1497 2913 1653 2982; x_wconf 86' lang='lat' dir='ltr'><strong>cujus</strong></span> <span class='ocrx_word' id='word_1_198' title='bbox 1689 2913 1795 2964; x_wconf 88' lang='lat' dir='ltr'><strong>vim</strong></span> <span class='ocrx_word' id='word_1_199' title='bbox 1826 2910 1965 2965; x_wconf 85' lang='lat' dir='ltr'><strong>male</strong></span> 
     </span>
    </p>
   </div>
   <div class='ocr_carea' id='block_1_33' title="bbox 365 3003 1964 3084">
    <p class='ocr_par' dir='ltr' id='par_1_33' title="bbox 365 3003 1964 3084">
     <span class='ocr_line' id='line_1_33' title="bbox 365 3003 1964 3084; baseline -0.009 -14"><span class='ocrx_word' id='word_1_200' title='bbox 365 3014 722 3084; x_wconf 80' lang='lat' dir='ltr'><strong>intelligebat.</strong></span> <span class='ocrx_word' id='word_1_201' title='bbox 749 3010 816 3065; x_wconf 85' lang='lat' dir='ltr'><strong>Et</strong></span> <span class='ocrx_word' id='word_1_202' title='bbox 863 3010 958 3079; x_wconf 86' lang='lat' dir='ltr'><strong>qui</strong></span> <span class='ocrx_word' id='word_1_203' title='bbox 1010 3005 1230 3063; x_wconf 87' lang='lat' dir='ltr'><strong>Sabellii</strong></span> <span class='ocrx_word' id='word_1_204' title='bbox 1285 3004 1476 3076; x_wconf 82' lang='lat' dir='ltr'><strong>Libyci</strong></span> <span class='ocrx_word' id='word_1_205' title='bbox 1526 3004 1818 3058; x_wconf 78' lang='lat' dir='ltr'><strong>defendunt</strong></span> <span class='ocrx_word' id='word_1_206' title='bbox 1863 3003 1964 3056; x_wconf 86' lang='lat' dir='ltr'><strong>itu-</strong></span> 
     </span>
    </p>
   </div>
   <div class='ocr_carea' id='block_1_34' title="bbox 365 3098 1964 3177">
    <p class='ocr_par' dir='ltr' id='par_1_34' title="bbox 365 3098 1964 3177">
     <span class='ocr_line' id='line_1_34' title="bbox 365 3098 1964 3177; baseline -0.008 -16"><span class='ocrx_word' id='word_1_207' title='bbox 365 3108 648 3177; x_wconf 87' lang='lat' dir='ltr'><strong>pietatem,</strong></span> <span class='ocrx_word' id='word_1_208' title='bbox 681 3116 970 3173; x_wconf 82' lang='lat' dir='ltr'><strong>personam</strong></span> <span class='ocrx_word' id='word_1_209' title='bbox 1001 3110 1056 3154; x_wconf 89' lang='lat' dir='ltr'><strong>et</strong></span> <span class='ocrx_word' id='word_1_210' title='bbox 1093 3103 1389 3154; x_wconf 89' lang='lat' dir='ltr'><strong>essentiam</strong></span> <span class='ocrx_word' id='word_1_211' title='bbox 1446 3099 1588 3151; x_wconf 89' lang='lat' dir='ltr'><strong>idem</strong></span> <span class='ocrx_word' id='word_1_212' title='bbox 1640 3098 1964 3151; x_wconf 80' lang='lat' dir='ltr'><strong>existimau-</strong></span> 
     </span>
    </p>
   </div>
   <div class='ocr_carea' id='block_1_35' title="bbox 366 3190 1956 3264">
    <p class='ocr_par' dir='ltr' id='par_1_35' title="bbox 366 3190 1956 3264">
     <span class='ocr_line' id='line_1_35' title="bbox 366 3190 1956 3264; baseline -0.007 -12"><span class='ocrx_word' id='word_1_213' title='bbox 366 3209 472 3264; x_wconf 82' lang='lat' dir='ltr'><strong>tes,</strong></span> <span class='ocrx_word' id='word_1_214' title='bbox 519 3199 584 3251; x_wconf 92' lang='lat' dir='ltr'><strong>ad</strong></span> <span class='ocrx_word' id='word_1_215' title='bbox 614 3211 733 3251; x_wconf 87' lang='lat' dir='ltr'><strong>eam</strong></span> <span class='ocrx_word' id='word_1_216' title='bbox 771 3192 1199 3249; x_wconf 80' lang='lat' dir='ltr'><strong>confirmandam</strong></span> <span class='ocrx_word' id='word_1_217' title='bbox 1250 3190 1512 3244; x_wconf 87' lang='lat' dir='ltr'><strong>simulant</strong></span> <span class='ocrx_word' id='word_1_218' title='bbox 1560 3204 1618 3242; x_wconf 90' lang='lat' dir='ltr'><strong>se</strong></span> <span class='ocrx_word' id='word_1_219' title='bbox 1671 3198 1956 3260; x_wconf 86' lang='lat' dir='ltr'><strong>propterea</strong></span> 
     </span>
    </p>
   </div>
   <div class='ocr_carea' id='block_1_36' title="bbox 364 3279 1962 3356">
    <p class='ocr_par' dir='ltr' id='par_1_36' title="bbox 364 3279 1962 3356">
     <span class='ocr_line' id='line_1_36' title="bbox 364 3279 1962 3356; baseline -0.008 -10"><span class='ocrx_word' id='word_1_220' title='bbox 364 3288 675 3356; x_wconf 91' lang='lat' dir='ltr'><strong>compulsos</strong></span> <span class='ocrx_word' id='word_1_221' title='bbox 704 3301 845 3349; x_wconf 85' lang='lat' dir='ltr'><strong>esse,</strong></span> <span class='ocrx_word' id='word_1_222' title='bbox 865 3284 1011 3353; x_wconf 86' lang='lat' dir='ltr'><strong>quod</strong></span> <span class='ocrx_word' id='word_1_223' title='bbox 1044 3286 1096 3336; x_wconf 89' lang='lat' dir='ltr'><strong>iu</strong></span> <span class='ocrx_word' id='word_1_224' title='bbox 1131 3297 1195 3337; x_wconf 88' lang='lat' dir='ltr'><strong>ea</strong></span> <span class='ocrx_word' id='word_1_225' title='bbox 1228 3281 1332 3336; x_wconf 89' lang='lat' dir='ltr'><strong>lide</strong></span> <span class='ocrx_word' id='word_1_226' title='bbox 1382 3283 1455 3334; x_wconf 91' lang='lat' dir='ltr'><strong>ita</strong></span> <span class='ocrx_word' id='word_1_227' title='bbox 1513 3283 1778 3348; x_wconf 66' lang='lat' dir='ltr'><strong>scr&#39;ptum</strong></span> <span class='ocrx_word' id='word_1_228' title='bbox 1834 3279 1906 3333; x_wconf 86' lang='lat' dir='ltr'><strong>sit</strong></span> <span class='ocrx_word' id='word_1_229' title='bbox 1947 3296 1962 3333; x_wconf 90' lang='lat'><strong>:</strong></span> 
     </span>
    </p>
   </div>
   <div class='ocr_carea' id='block_1_37' title="bbox 367 3373 1959 3450">
    <p class='ocr_par' dir='ltr' id='par_1_37' title="bbox 367 3373 1959 3450">
     <span class='ocr_line' id='line_1_37' title="bbox 367 3373 1959 3450; baseline -0.008 -13"><span class='ocrx_word' id='word_1_230' title='bbox 367 3383 424 3437; x_wconf 92' lang='lat' dir='ltr'><strong>Si</strong></span> <span class='ocrx_word' id='word_1_231' title='bbox 451 3381 574 3450; x_wconf 88' lang='lat' dir='ltr'><strong>quis</strong></span> <span class='ocrx_word' id='word_1_232' title='bbox 600 3379 797 3434; x_wconf 84' lang='lat' dir='ltr'><strong>Filium</strong></span> <span class='ocrx_word' id='word_1_233' title='bbox 823 3392 886 3430; x_wconf 79' lang='lat' dir='ltr'><strong>ex</strong></span> <span class='ocrx_word' id='word_1_234' title='bbox 921 3377 1028 3429; x_wconf 90' lang='lat' dir='ltr'><strong>alia</strong></span> <span class='ocrx_word' id='word_1_235' title='bbox 1054 3375 1293 3430; x_wconf 87' lang='lat' dir='ltr'><strong>essentia</strong></span> <span class='ocrx_word' id='word_1_236' title='bbox 1324 3374 1439 3427; x_wconf 83' lang='lat' dir='ltr'><strong>sive</strong></span> <span class='ocrx_word' id='word_1_237' title='bbox 1494 3373 1774 3441; x_wconf 84' lang='lat' dir='ltr'><strong>hypostasi</strong></span> <span class='ocrx_word' id='word_1_238' title='bbox 1833 3385 1959 3426; x_wconf 88' lang='lat' dir='ltr'><strong>esse</strong></span> 
     </span>
    </p>
   </div>
   <div class='ocr_carea' id='block_1_38' title="bbox 365 3464 1970 3536">
    <p class='ocr_par' dir='ltr' id='par_1_38' title="bbox 365 3464 1970 3536">
     <span class='ocr_line' id='line_1_38' title="bbox 365 3464 1970 3536; baseline -0.007 -7"><span class='ocrx_word' id='word_1_239' title='bbox 365 3467 738 3536; x_wconf 55' lang='lat' dir='ltr'><strong>dixeritfeum</strong></span> <span class='ocrx_word' id='word_1_240' title='bbox 781 3478 1098 3524; x_wconf 76' lang='lat' dir='ltr'><strong>exsecratur</strong></span> <span class='ocrx_word' id='word_1_241' title='bbox 1134 3474 1190 3521; x_wconf 89' lang='lat' dir='ltr'><strong>et</strong></span> <span class='ocrx_word' id='word_1_242' title='bbox 1246 3465 1552 3519; x_wconf 89' lang='lat' dir='ltr'><strong>detestatur</strong></span> <span class='ocrx_word' id='word_1_243' title='bbox 1610 3464 1883 3520; x_wconf 86' lang='lat' dir='ltr'><strong>catholica</strong></span> <span class='ocrx_word' id='word_1_244' title='bbox 1911 3473 1970 3519; x_wconf 80' lang='lat' dir='ltr'><strong>et</strong></span> 
     </span>
    </p>
   </div>
   <div class='ocr_carea' id='block_1_39' title="bbox 365 3555 1964 3636">
    <p class='ocr_par' dir='ltr' id='par_1_39' title="bbox 365 3555 1964 3636">
     <span class='ocr_line' id='line_1_39' title="bbox 365 3555 1964 3636; baseline -0.007 -16"><span class='ocrx_word' id='word_1_245' title='bbox 365 3564 667 3636; x_wconf 78' lang='lat' dir='ltr'><strong>aposwlica</strong></span> <span class='ocrx_word' id='word_1_246' title='bbox 704 3561 968 3616; x_wconf 81' lang='lat' dir='ltr'><strong>Ecclesia.</strong></span> <span class='ocrx_word' id='word_1_247' title='bbox 1037 3557 1154 3612; x_wconf 87' lang='lat' dir='ltr'><strong>Non</strong></span> <span class='ocrx_word' id='word_1_248' title='bbox 1228 3568 1405 3611; x_wconf 86' lang='lat' dir='ltr'><strong>autem</strong></span> <span class='ocrx_word' id='word_1_249' title='bbox 1451 3557 1646 3612; x_wconf 87' lang='lat' dir='ltr'><strong>Patres</strong></span> <span class='ocrx_word' id='word_1_250' title='bbox 1702 3555 1774 3610; x_wconf 88' lang='lat' dir='ltr'><strong>illi</strong></span> <span class='ocrx_word' id='word_1_251' title='bbox 1823 3556 1964 3610; x_wconf 92' lang='lat' dir='ltr'><strong>idem</strong></span> 
     </span>
    </p>
   </div>
   <div class='ocr_carea' id='block_1_40' title="bbox 367 3649 1970 3719">
    <p class='ocr_par' dir='ltr' id='par_1_40' title="bbox 367 3649 1970 3719">
     <span class='ocr_line' id='line_1_40' title="bbox 367 3649 1970 3719; baseline -0.007 -7"><span class='ocrx_word' id='word_1_252' title='bbox 367 3673 490 3713; x_wconf 90' lang='lat' dir='ltr'><strong>esse</strong></span> <span class='ocrx_word' id='word_1_253' title='bbox 518 3657 770 3710; x_wconf 85' lang='lat' dir='ltr'><strong>dixerunt</strong></span> <span class='ocrx_word' id='word_1_254' title='bbox 799 3654 1090 3708; x_wconf 85' lang='lat' dir='ltr'><strong>essentiam</strong></span> <span class='ocrx_word' id='word_1_255' title='bbox 1115 3660 1170 3704; x_wconf 90' lang='lat' dir='ltr'><strong>et</strong></span> <span class='ocrx_word' id='word_1_256' title='bbox 1215 3651 1549 3719; x_wconf 86' lang='lat' dir='ltr'><strong>hypustasim</strong></span> <span class='ocrx_word' id='word_1_257' title='bbox 1584 3664 1598 3703; x_wconf 89' lang='lat'><strong>:</strong></span> <span class='ocrx_word' id='word_1_258' title='bbox 1634 3649 1680 3703; x_wconf 89' lang='lat' dir='ltr'><strong>si</strong></span> <span class='ocrx_word' id='word_1_259' title='bbox 1712 3649 1856 3704; x_wconf 87' lang='lat' dir='ltr'><strong>enim</strong></span> <span class='ocrx_word' id='word_1_260' title='bbox 1886 3651 1970 3701; x_wconf 65' lang='lat' dir='ltr'><strong>hie</strong></span> 
     </span>
    </p>
   </div>
   <div class='ocr_carea' id='block_1_41' title="bbox 363 3741 1970 3805">
    <p class='ocr_par' dir='ltr' id='par_1_41' title="bbox 363 3741 1970 3805">
     <span class='ocr_line' id='line_1_41' title="bbox 363 3741 1970 3805; baseline -0.007 0"><span class='ocrx_word' id='word_1_261' title='bbox 363 3752 483 3805; x_wconf 69' lang='lat' dir='ltr'><strong>dua:</strong></span> <span class='ocrx_word' id='word_1_262' title='bbox 503 3763 664 3804; x_wconf 89' lang='lat' dir='ltr'><strong>voces</strong></span> <span class='ocrx_word' id='word_1_263' title='bbox 699 3761 865 3800; x_wconf 92' lang='lat' dir='ltr'><strong>unum</strong></span> <span class='ocrx_word' id='word_1_264' title='bbox 893 3755 946 3799; x_wconf 89' lang='lat' dir='ltr'><strong>et</strong></span> <span class='ocrx_word' id='word_1_265' title='bbox 971 3745 1220 3798; x_wconf 88' lang='lat' dir='ltr'><strong>eumdem</strong></span> <span class='ocrx_word' id='word_1_266' title='bbox 1254 3758 1467 3798; x_wconf 88' lang='lat' dir='ltr'><strong>sensum</strong></span> <span class='ocrx_word' id='word_1_267' title='bbox 1507 3741 1788 3800; x_wconf 85' lang='lat' dir='ltr'><strong>haberent.</strong></span> <span class='ocrx_word' id='word_1_268' title='bbox 1817 3749 1970 3794; x_wconf 89' lang='lat' dir='ltr'><strong>utra-</strong></span> 
     </span>
    </p>
   </div>
   <div class='ocr_carea' id='block_1_42' title="bbox 365 3832 1968 3909">
    <p class='ocr_par' dir='ltr' id='par_1_42' title="bbox 365 3832 1968 3909">
     <span class='ocr_line' id='line_1_42' title="bbox 365 3832 1968 3909; baseline -0.006 -15"><span class='ocrx_word' id='word_1_269' title='bbox 365 3855 469 3909; x_wconf 90' lang='lat' dir='ltr'><strong>que</strong></span> <span class='ocrx_word' id='word_1_270' title='bbox 495 3839 569 3892; x_wconf 90' lang='lat' dir='ltr'><strong>uli</strong></span> <span class='ocrx_word' id='word_1_271' title='bbox 598 3854 702 3893; x_wconf 90' lang='lat' dir='ltr'><strong>non</strong></span> <span class='ocrx_word' id='word_1_272' title='bbox 737 3847 857 3892; x_wconf 86' lang='lat' dir='ltr'><strong>erat</strong></span> <span class='ocrx_word' id='word_1_273' title='bbox 887 3849 1046 3903; x_wconf 82' lang='lat' dir='ltr'><strong>Opus.</strong></span> <span class='ocrx_word' id='word_1_274' title='bbox 1069 3833 1206 3888; x_wconf 85' lang='lat' dir='ltr'><strong>Cum</strong></span> <span class='ocrx_word' id='word_1_275' title='bbox 1233 3834 1400 3901; x_wconf 81' lang='lat' dir='ltr'><strong>igitur</strong></span> <span class='ocrx_word' id='word_1_276' title='bbox 1434 3832 1527 3886; x_wconf 81' lang='lat' dir='ltr'><strong>alii</strong></span> <span class='ocrx_word' id='word_1_277' title='bbox 1582 3832 1778 3886; x_wconf 86' lang='lat' dir='ltr'><strong>Filium</strong></span> <span class='ocrx_word' id='word_1_278' title='bbox 1845 3845 1968 3886; x_wconf 85' lang='lat' dir='ltr'><strong>esse</strong></span> 
     </span>
    </p>
   </div>
   <div class='ocr_carea' id='block_1_43' title="bbox 370 3923 1966 3999">
    <p class='ocr_par' dir='ltr' id='par_1_43' title="bbox 370 3923 1966 3999">
     <span class='ocr_line' id='line_1_43' title="bbox 370 3923 1966 3999; baseline -0.005 -16"><span class='ocrx_word' id='word_1_279' title='bbox 370 3939 632 3999; x_wconf 81' lang='lat' dir='ltr'><strong>negarent</strong></span> <span class='ocrx_word' id='word_1_280' title='bbox 661 3945 730 3983; x_wconf 77' lang='lat' dir='ltr'><strong>ex</strong></span> <span class='ocrx_word' id='word_1_281' title='bbox 777 3926 959 3980; x_wconf 87' lang='lat' dir='ltr'><strong>Patris</strong></span> <span class='ocrx_word' id='word_1_282' title='bbox 1011 3925 1274 3990; x_wconf 84' lang='lat' dir='ltr'><strong>essentia,</strong></span> <span class='ocrx_word' id='word_1_283' title='bbox 1340 3923 1432 3978; x_wconf 88' lang='lat' dir='ltr'><strong>alii</strong></span> <span class='ocrx_word' id='word_1_284' title='bbox 1492 3923 1667 3992; x_wconf 90' lang='lat' dir='ltr'><strong>ipsum</strong></span> <span class='ocrx_word' id='word_1_285' title='bbox 1730 3939 1834 3977; x_wconf 92' lang='lat' dir='ltr'><strong>non</strong></span> <span class='ocrx_word' id='word_1_286' title='bbox 1898 3938 1966 3977; x_wconf 80' lang='lat' dir='ltr'><strong>ex</strong></span> 
     </span>
    </p>
   </div>
   <div class='ocr_carea' id='block_1_44' title="bbox 364 4014 1972 4089">
    <p class='ocr_par' dir='ltr' id='par_1_44' title="bbox 364 4014 1972 4089">
     <span class='ocr_line' id='line_1_44' title="bbox 364 4014 1972 4089; baseline -0.006 -12"><span class='ocrx_word' id='word_1_287' title='bbox 364 4021 628 4089; x_wconf 83' lang='lat' dir='ltr'><strong>essentia,</strong></span> <span class='ocrx_word' id='word_1_288' title='bbox 662 4020 757 4075; x_wconf 89' lang='lat' dir='ltr'><strong>sed</strong></span> <span class='ocrx_word' id='word_1_289' title='bbox 792 4034 858 4072; x_wconf 82' lang='lat' dir='ltr'><strong>cx</strong></span> <span class='ocrx_word' id='word_1_290' title='bbox 887 4018 995 4071; x_wconf 89' lang='lat' dir='ltr'><strong>alia</strong></span> <span class='ocrx_word' id='word_1_291' title='bbox 1023 4016 1302 4088; x_wconf 79' lang='lat' dir='ltr'><strong>hypOStasi</strong></span> <span class='ocrx_word' id='word_1_292' title='bbox 1327 4024 1583 4069; x_wconf 89' lang='lat' dir='ltr'><strong>constare</strong></span> <span class='ocrx_word' id='word_1_293' title='bbox 1608 4014 1872 4080; x_wconf 88' lang='lat' dir='ltr'><strong>dicerent,</strong></span> <span class='ocrx_word' id='word_1_294' title='bbox 1907 4022 1972 4068; x_wconf 71' lang='lat' dir='ltr'><strong>ut</strong></span> 
     </span>
    </p>
   </div>
   <div class='ocr_carea' id='block_1_45' title="bbox 366 4103 1963 4181">
    <p class='ocr_par' dir='ltr' id='par_1_45' title="bbox 366 4103 1963 4181">
     <span class='ocr_line' id='line_1_45' title="bbox 366 4103 1963 4181; baseline -0.004 -17"><span class='ocrx_word' id='word_1_295' title='bbox 366 4121 658 4178; x_wconf 87' lang='lat' dir='ltr'><strong>utramque</strong></span> <span class='ocrx_word' id='word_1_296' title='bbox 691 4110 917 4181; x_wconf 57' lang='lat' dir='ltr'><strong>iwrutn</strong></span> <span class='ocrx_word' id='word_1_297' title='bbox 941 4106 1256 4174; x_wconf 83' lang='lat' dir='ltr'><strong>Opinionem</strong></span> <span class='ocrx_word' id='word_1_298' title='bbox 1325 4114 1587 4173; x_wconf 85' lang='lat' dir='ltr'><strong>tanquam</strong></span> <span class='ocrx_word' id='word_1_299' title='bbox 1641 4103 1836 4158; x_wconf 82' lang='lat' dir='ltr'><strong>falsam</strong></span> <span class='ocrx_word' id='word_1_300' title='bbox 1880 4119 1963 4158; x_wconf 85' lang='lat' dir='ltr'><strong>re-</strong></span> 
     </span>
    </p>
   </div>
   <div class='ocr_carea' id='block_1_46' title="bbox 365 4194 1962 4271">
    <p class='ocr_par' dir='ltr' id='par_1_46' title="bbox 365 4194 1962 4271">
     <span class='ocr_line' id='line_1_46' title="bbox 365 4194 1962 4271; baseline -0.003 -17"><span class='ocrx_word' id='word_1_301' title='bbox 365 4201 683 4271; x_wconf 85' lang='lat' dir='ltr'><strong>probarent,</strong></span> <span class='ocrx_word' id='word_1_302' title='bbox 721 4201 910 4251; x_wconf 87' lang='lat' dir='ltr'><strong>ambas</strong></span> <span class='ocrx_word' id='word_1_303' title='bbox 961 4196 1084 4249; x_wconf 90' lang='lat' dir='ltr'><strong>illas</strong></span> <span class='ocrx_word' id='word_1_304' title='bbox 1156 4210 1319 4251; x_wconf 85' lang='lat' dir='ltr'><strong>voces</strong></span> <span class='ocrx_word' id='word_1_305' title='bbox 1385 4195 1778 4250; x_wconf 85' lang='lat' dir='ltr'><strong>adhibuerunt.</strong></span> <span class='ocrx_word' id='word_1_306' title='bbox 1825 4194 1962 4249; x_wconf 82' lang='lat' dir='ltr'><strong>Nam</strong></span> 
     </span>
    </p>
   </div>
   <div class='ocr_carea' id='block_1_47' title="bbox 369 4287 1966 4356">
    <p class='ocr_par' dir='ltr' id='par_1_47' title="bbox 369 4287 1966 4356">
     <span class='ocr_line' id='line_1_47' title="bbox 369 4287 1966 4356; baseline -0.004 -8"><span class='ocrx_word' id='word_1_307' title='bbox 369 4297 458 4350; x_wconf 91' lang='lat' dir='ltr'><strong>ubi</strong></span> <span class='ocrx_word' id='word_1_308' title='bbox 497 4293 855 4349; x_wconf 85' lang='lat' dir='ltr'><strong>declararunt</strong></span> <span class='ocrx_word' id='word_1_309' title='bbox 882 4289 1212 4344; x_wconf 89' lang='lat' dir='ltr'><strong>sententiam</strong></span> <span class='ocrx_word' id='word_1_310' title='bbox 1238 4304 1420 4356; x_wconf 85' lang='lat' dir='ltr'><strong>suam,</strong></span> <span class='ocrx_word' id='word_1_311' title='bbox 1477 4287 1678 4346; x_wconf 74' lang='lat' dir='ltr'><strong>Filium</strong></span> <span class='ocrx_word' id='word_1_312' title='bbox 1742 4304 1807 4346; x_wconf 81' lang='lat' dir='ltr'><strong>ex</strong></span> <span class='ocrx_word' id='word_1_313' title='bbox 1863 4289 1966 4344; x_wconf 86' lang='lat' dir='ltr'><strong>Pa-</strong></span> 
     </span>
    </p>
   </div>
   <div class='ocr_carea' id='block_1_48' title="bbox 368 4381 1962 4450">
    <p class='ocr_par' dir='ltr' id='par_1_48' title="bbox 368 4381 1962 4450">
     <span class='ocr_line' id='line_1_48' title="bbox 368 4381 1962 4450; baseline -0.002 -11"><span class='ocrx_word' id='word_1_314' title='bbox 368 4388 470 4442; x_wconf 90' lang='lat' dir='ltr'><strong>tris</strong></span> <span class='ocrx_word' id='word_1_315' title='bbox 492 4387 734 4443; x_wconf 89' lang='lat' dir='ltr'><strong>essentia</strong></span> <span class='ocrx_word' id='word_1_316' title='bbox 764 4385 1038 4448; x_wconf 84' lang='lat' dir='ltr'><strong>dixerunt,</strong></span> <span class='ocrx_word' id='word_1_317' title='bbox 1064 4382 1246 4450; x_wconf 88' lang='lat' dir='ltr'><strong>ibique</strong></span> <span class='ocrx_word' id='word_1_318' title='bbox 1297 4381 1528 4436; x_wconf 87' lang='lat' dir='ltr'><strong>alteram</strong></span> <span class='ocrx_word' id='word_1_319' title='bbox 1578 4382 1730 4436; x_wconf 86' lang='lat' dir='ltr'><strong>illam</strong></span> <span class='ocrx_word' id='word_1_320' title='bbox 1773 4397 1962 4442; x_wconf 82' lang='lat' dir='ltr'><strong>vocem</strong></span> 
     </span>
    </p>
   </div>
   <div class='ocr_carea' id='block_1_49' title="bbox 2059 544 3652 620">
    <p class='ocr_par' dir='ltr' id='par_1_49' title="bbox 2059 544 3652 620">
     <span class='ocr_line' id='line_1_49' title="bbox 2059 544 3652 620; baseline -0.005 -13"><span class='ocrx_word' id='word_1_321' title='bbox 2059 552 2414 607; x_wconf 73' lang='grc' dir='ltr'>ὑποστάσεων</span> <span class='ocrx_word' id='word_1_322' title='bbox 2443 551 2542 620; x_wconf 82' lang='grc' dir='ltr'>τὴν</span> <span class='ocrx_word' id='word_1_323' title='bbox 2568 550 2809 618; x_wconf 75' lang='grc' dir='ltr'>ἰδιότητα</span> <span class='ocrx_word' id='word_1_324' title='bbox 2842 547 3177 618; x_wconf 76' lang='grc' dir='ltr'>διορῖζουσα,</span> <span class='ocrx_word' id='word_1_325' title='bbox 3207 545 3412 614; x_wconf 73' lang='grc' dir='ltr'>καὶτῆς</span> <span class='ocrx_word' id='word_1_326' title='bbox 3431 544 3652 613; x_wconf 77' lang='grc' dir='ltr'>φύσεως</span> 
     </span>
    </p>
   </div>
   <div class='ocr_carea' id='block_1_50' title="bbox 2058 638 3651 713">
    <p class='ocr_par' dir='ltr' id='par_1_50' title="bbox 2058 638 3651 713">
     <span class='ocr_line' id='line_1_50' title="bbox 2058 638 3651 713; baseline -0.004 -16"><span class='ocrx_word' id='word_1_327' title='bbox 2058 646 2118 698; x_wconf 73' lang='grc' dir='ltr'>τὸ</span> <span class='ocrx_word' id='word_1_328' title='bbox 2149 644 2577 713; x_wconf 73' lang='grc' dir='ltr'><strong>ἀπαράλλακτον</strong></span> <span class='ocrx_word' id='word_1_329' title='bbox 2617 639 2944 707; x_wconf 76' lang='grc' dir='ltr'>παριστῶσα</span> <span class='ocrx_word' id='word_1_330' title='bbox 2977 639 3115 707; x_wconf 76' lang='lat'><strong>(39).</strong></span> <span class='ocrx_word' id='word_1_331' title='bbox 3159 639 3329 691; x_wconf 84' lang='grc' dir='ltr'>’Ὅταν</span> <span class='ocrx_word' id='word_1_332' title='bbox 3363 638 3420 691; x_wconf 78' lang='grc' dir='ltr'><strong>δὲ</strong></span> <span class='ocrx_word' id='word_1_333' title='bbox 3452 640 3517 690; x_wconf 87' lang='grc' dir='ltr'><strong>ἐκ</strong></span> <span class='ocrx_word' id='word_1_334' title='bbox 3551 639 3651 705; x_wconf 85' lang='grc' dir='ltr'>τῆς</span> 
     </span>
    </p>
   </div>
   <div class='ocr_carea' id='block_1_51' title="bbox 2061 729 3652 804">
    <p class='ocr_par' dir='ltr' id='par_1_51' title="bbox 2061 729 3652 804">
     <span class='ocr_line' id='line_1_51' title="bbox 2061 729 3652 804; baseline -0.007 -12"><span class='ocrx_word' id='word_1_335' title='bbox 2061 740 2247 802; x_wconf 91' lang='grc' dir='ltr'>οὐσίας</span> <span class='ocrx_word' id='word_1_336' title='bbox 2277 737 2372 790; x_wconf 78' lang='grc' dir='ltr'>τοῦ</span> <span class='ocrx_word' id='word_1_337' title='bbox 2405 736 2618 804; x_wconf 78' lang='grc' dir='ltr'>Πατρὸς</span> <span class='ocrx_word' id='word_1_338' title='bbox 2649 738 2742 789; x_wconf 83' lang='grc' dir='ltr'><strong>τὸν</strong></span> <span class='ocrx_word' id='word_1_339' title='bbox 2769 734 2897 787; x_wconf 73' lang='grc' dir='ltr'>Υίδν</span> <span class='ocrx_word' id='word_1_340' title='bbox 2931 729 3071 785; x_wconf 81' lang='grc' dir='ltr'>εἶναι</span> <span class='ocrx_word' id='word_1_341' title='bbox 3115 730 3520 800; x_wconf 76' lang='grc' dir='ltr'>διδασκώμεθα.</span> <span class='ocrx_word' id='word_1_342' title='bbox 3555 731 3652 784; x_wconf 76' lang='grc' dir='ltr'><strong>καὶ</strong></span> 
     </span>
    </p>
   </div>
   <div class='ocr_carea' id='block_1_52' title="bbox 2058 823 3650 901">
    <p class='ocr_par' dir='ltr' id='par_1_52' title="bbox 2058 823 3650 901">
     <span class='ocr_line' id='line_1_52' title="bbox 2058 823 3650 901; baseline -0.007 -17"><span class='ocrx_word' id='word_1_343' title='bbox 2058 830 2412 901; x_wconf 79' lang='grc' dir='ltr'><strong>γεννηθέντα,</strong></span> <span class='ocrx_word' id='word_1_344' title='bbox 2449 829 2564 882; x_wconf 83' lang='grc' dir='ltr'>ἀλλ’</span> <span class='ocrx_word' id='word_1_345' title='bbox 2588 828 2710 896; x_wconf 65' lang='grc' dir='ltr'>οὐχ).</span> <span class='ocrx_word' id='word_1_346' title='bbox 2744 825 3058 896; x_wconf 83' lang='grc' dir='ltr'>ποιηθέντα,</span> <span class='ocrx_word' id='word_1_347' title='bbox 3107 824 3183 896; x_wconf 74' lang='grc' dir='ltr'><strong>μὴ</strong></span> <span class='ocrx_word' id='word_1_348' title='bbox 3213 823 3650 888; x_wconf 63' lang='grc' dir='ltr'>καταπίπτωμεν</span> 
     </span>
    </p>
   </div>
   <div class='ocr_carea' id='block_1_53' title="bbox 2060 914 3653 990">
    <p class='ocr_par' dir='ltr' id='par_1_53' title="bbox 2060 914 3653 990">
     <span class='ocr_line' id='line_1_53' title="bbox 2060 914 3653 990; baseline -0.006 -14"><span class='ocrx_word' id='word_1_349' title='bbox 2060 925 2152 976; x_wconf 69' lang='grc' dir='ltr'><strong>ἐπὶ</strong></span> <span class='ocrx_word' id='word_1_350' title='bbox 2182 924 2279 986; x_wconf 71' lang='grc' dir='ltr'><strong>τὰς</strong></span> <span class='ocrx_word' id='word_1_351' title='bbox 2335 922 2655 990; x_wconf 81' lang='grc' dir='ltr'>σωματικὰς</span> <span class='ocrx_word' id='word_1_352' title='bbox 2712 919 2820 973; x_wconf 85' lang='grc' dir='ltr'><strong>τῶν</strong></span> <span class='ocrx_word' id='word_1_353' title='bbox 2873 917 3064 970; x_wconf 86' lang='grc' dir='ltr'>παθῶν</span> <span class='ocrx_word' id='word_1_354' title='bbox 3120 918 3352 978; x_wconf 80' lang='grc' dir='ltr'>ἐννοίας.</span> <span class='ocrx_word' id='word_1_355' title='bbox 3406 917 3480 968; x_wconf 80' lang='grc' dir='ltr'>Οὐ</span> <span class='ocrx_word' id='word_1_356' title='bbox 3541 914 3653 980; x_wconf 81' lang='grc' dir='ltr'>γὰρ</span> 
     </span>
    </p>
   </div>
   <div class='ocr_carea' id='block_1_54' title="bbox 2059 1009 3657 1086">
    <p class='ocr_par' dir='ltr' id='par_1_54' title="bbox 2059 1009 3657 1086">
     <span class='ocr_line' id='line_1_54' title="bbox 2059 1009 3657 1086; baseline -0.006 -19"><span class='ocrx_word' id='word_1_357' title='bbox 2059 1014 2328 1086; x_wconf 82' lang='grc' dir='ltr'>ἐμερίσθη</span> <span class='ocrx_word' id='word_1_358' title='bbox 2359 1015 2390 1083; x_wconf 78' lang='grc' dir='ltr'>ἡ</span> <span class='ocrx_word' id='word_1_359' title='bbox 2418 1015 2577 1066; x_wconf 88' lang='grc' dir='ltr'>οὐσία</span> <span class='ocrx_word' id='word_1_360' title='bbox 2604 1012 2714 1066; x_wconf 75' lang='grc' dir='ltr'>ἀπὸ</span> <span class='ocrx_word' id='word_1_361' title='bbox 2742 1012 2954 1080; x_wconf 76' lang='grc' dir='ltr'>[ἰατρὸς</span> <span class='ocrx_word' id='word_1_362' title='bbox 2972 1012 3052 1073; x_wconf 84' lang='grc' dir='ltr'><strong>είς</strong></span> <span class='ocrx_word' id='word_1_363' title='bbox 3088 1010 3238 1064; x_wconf 79' lang='grc' dir='ltr'>Υἱόν·</span> <span class='ocrx_word' id='word_1_364' title='bbox 3299 1009 3418 1061; x_wconf 80' lang='grc' dir='ltr'>οὐδὲ</span> <span class='ocrx_word' id='word_1_365' title='bbox 3462 1010 3657 1078; x_wconf 80' lang='grc' dir='ltr'>ῥυεῖσα</span> 
     </span>
    </p>
   </div>
   <div class='ocr_carea' id='block_1_55' title="bbox 2059 1101 3656 1178">
    <p class='ocr_par' dir='ltr' id='par_1_55' title="bbox 2059 1101 3656 1178">
     <span class='ocr_line' id='line_1_55' title="bbox 2059 1101 3656 1178; baseline -0.006 -17"><span class='ocrx_word' id='word_1_366' title='bbox 2059 1110 2376 1178; x_wconf 79' lang='grc' dir='ltr'>ἐγέννησεν,</span> <span class='ocrx_word' id='word_1_367' title='bbox 2417 1106 2536 1160; x_wconf 85' lang='grc' dir='ltr'><strong>οὐδέ</strong></span> <span class='ocrx_word' id='word_1_368' title='bbox 2565 1105 2939 1175; x_wconf 61' lang='grc' dir='ltr'>προϐαλοῦσιν,</span> <span class='ocrx_word' id='word_1_369' title='bbox 2966 1103 3040 1163; x_wconf 81' lang='grc' dir='ltr'>ὼς</span> <span class='ocrx_word' id='word_1_370' title='bbox 3079 1104 3147 1155; x_wconf 85' lang='grc' dir='ltr'>τὰ</span> <span class='ocrx_word' id='word_1_371' title='bbox 3187 1103 3330 1168; x_wconf 74' lang='grc' dir='ltr'>φυτὰ</span> <span class='ocrx_word' id='word_1_372' title='bbox 3362 1101 3486 1162; x_wconf 81' lang='grc' dir='ltr'>τοὺς</span> <span class='ocrx_word' id='word_1_373' title='bbox 3515 1116 3656 1167; x_wconf 81' lang='grc' dir='ltr'>καρ-</span> 
     </span>
    </p>
   </div>
   <div class='ocr_carea' id='block_1_56' title="bbox 2062 1194 3658 1269">
    <p class='ocr_par' dir='ltr' id='par_1_56' title="bbox 2062 1194 3658 1269">
     <span class='ocr_line' id='line_1_56' title="bbox 2062 1194 3658 1269; baseline -0.005 -17"><span class='ocrx_word' id='word_1_374' title='bbox 2062 1201 2218 1265; x_wconf 83' lang='grc' dir='ltr'>ποὺς,</span> <span class='ocrx_word' id='word_1_375' title='bbox 2249 1199 2364 1252; x_wconf 84' lang='grc' dir='ltr'>ἀλλ’</span> <span class='ocrx_word' id='word_1_376' title='bbox 2395 1199 2638 1269; x_wconf 72' lang='grc' dir='ltr'>ἄρῤητος</span> <span class='ocrx_word' id='word_1_377' title='bbox 2669 1198 2764 1250; x_wconf 80' lang='grc' dir='ltr'><strong>καὶ</strong></span> <span class='ocrx_word' id='word_1_378' title='bbox 2812 1197 3170 1266; x_wconf 83' lang='grc' dir='ltr'>ἁνεπινόητος</span> <span class='ocrx_word' id='word_1_379' title='bbox 3208 1194 3496 1261; x_wconf 70' lang='grc' dir='ltr'><strong>λογισμοῖς</strong></span> <span class='ocrx_word' id='word_1_380' title='bbox 3559 1195 3658 1245; x_wconf 85' lang='grc' dir='ltr'><strong>ἁν-</strong></span> 
     </span>
    </p>
   </div>
   <div class='ocr_carea' id='block_1_57' title="bbox 2062 1284 3658 1364">
    <p class='ocr_par' dir='ltr' id='par_1_57' title="bbox 2062 1284 3658 1364">
     <span class='ocr_line' id='line_1_57' title="bbox 2062 1284 3658 1364; baseline -0.006 -20"><span class='ocrx_word' id='word_1_381' title='bbox 2062 1293 2300 1364; x_wconf 81' lang='grc' dir='ltr'>θρὼπων</span> <span class='ocrx_word' id='word_1_382' title='bbox 2330 1295 2430 1362; x_wconf 85' lang='grc' dir='ltr'>τῆς</span> <span class='ocrx_word' id='word_1_383' title='bbox 2457 1294 2606 1354; x_wconf 82' lang='grc' dir='ltr'>θείας</span> <span class='ocrx_word' id='word_1_384' title='bbox 2637 1290 2948 1359; x_wconf 81' lang='grc' dir='ltr'>γεννήσεως</span> <span class='ocrx_word' id='word_1_385' title='bbox 3007 1290 3035 1340; x_wconf 85' lang='grc' dir='ltr'><strong>ὁ</strong></span> <span class='ocrx_word' id='word_1_386' title='bbox 3091 1287 3320 1355; x_wconf 84' lang='grc' dir='ltr'>τρόπος.</span> <span class='ocrx_word' id='word_1_387' title='bbox 3374 1284 3658 1352; x_wconf 81' lang='grc' dir='ltr'>Ταπεινῆς</span> 
     </span>
    </p>
   </div>
   <div class='ocr_carea' id='block_1_58' title="bbox 2063 1375 3660 1454">
    <p class='ocr_par' dir='ltr' id='par_1_58' title="bbox 2063 1375 3660 1454">
     <span class='ocr_line' id='line_1_58' title="bbox 2063 1375 3660 1454; baseline -0.007 -17"><span class='ocrx_word' id='word_1_388' title='bbox 2063 1387 2170 1454; x_wconf 82' lang='grc' dir='ltr'><strong>γὰρ</strong></span> <span class='ocrx_word' id='word_1_389' title='bbox 2205 1383 2280 1452; x_wconf 80' lang='grc' dir='ltr'><strong>τῷ</strong></span> <span class='ocrx_word' id='word_1_390' title='bbox 2299 1382 2413 1435; x_wconf 81' lang='grc' dir='ltr'>ὄντι</span> <span class='ocrx_word' id='word_1_391' title='bbox 2444 1381 2538 1434; x_wconf 77' lang='grc' dir='ltr'><strong>καὶ</strong></span> <span class='ocrx_word' id='word_1_392' title='bbox 2569 1379 2834 1449; x_wconf 80' lang='grc' dir='ltr'>σαρκίνης</span> <span class='ocrx_word' id='word_1_393' title='bbox 2865 1379 2983 1431; x_wconf 84' lang='grc' dir='ltr'>ἐστὶ</span> <span class='ocrx_word' id='word_1_394' title='bbox 3011 1376 3246 1440; x_wconf 69' lang='grc' dir='ltr'>διανοίας</span> <span class='ocrx_word' id='word_1_395' title='bbox 3262 1380 3374 1438; x_wconf 67' lang='lat' dir='ltr'><strong>to&quot;</strong></span> <span class='ocrx_word' id='word_1_396' title='bbox 3393 1375 3660 1443; x_wconf 68' lang='grc' dir='ltr'>φθιρτοίς</span> 
     </span>
    </p>
   </div>
   <div class='ocr_carea' id='block_1_59' title="bbox 2069 1467 3657 1546">
    <p class='ocr_par' dir='ltr' id='par_1_59' title="bbox 2069 1467 3657 1546">
     <span class='ocr_line' id='line_1_59' title="bbox 2069 1467 3657 1546; baseline -0.006 -16"><span class='ocrx_word' id='word_1_397' title='bbox 2069 1478 2165 1530; x_wconf 73' lang='grc' dir='ltr'><strong>καὶ</strong></span> <span class='ocrx_word' id='word_1_398' title='bbox 2205 1475 2567 1546; x_wconf 80' lang='grc' dir='ltr'>προσκαίροις</span> <span class='ocrx_word' id='word_1_399' title='bbox 2599 1471 2898 1543; x_wconf 80' lang='grc' dir='ltr'>ἀφομοιοῦν</span> <span class='ocrx_word' id='word_1_400' title='bbox 2947 1473 3013 1526; x_wconf 77' lang='grc' dir='ltr'>τὰ</span> <span class='ocrx_word' id='word_1_401' title='bbox 3055 1471 3226 1535; x_wconf 68' lang='grc' dir='ltr'>ἀΐδια,</span> <span class='ocrx_word' id='word_1_402' title='bbox 3261 1471 3358 1522; x_wconf 84' lang='grc' dir='ltr'>καὶ</span> <span class='ocrx_word' id='word_1_403' title='bbox 3417 1467 3657 1532; x_wconf 78' lang='grc' dir='ltr'>οῐεσθαι,</span> 
     </span>
    </p>
   </div>
   <div class='ocr_carea' id='block_1_60' title="bbox 2061 1560 3442 1637">
    <p class='ocr_par' dir='ltr' id='par_1_60' title="bbox 2061 1560 3442 1637">
     <span class='ocr_line' id='line_1_60' title="bbox 2061 1560 3442 1637; baseline -0.004 -17"><span class='ocrx_word' id='word_1_404' title='bbox 2061 1569 2166 1634; x_wconf 81' lang='grc' dir='ltr'>ὅτι,</span> <span class='ocrx_word' id='word_1_405' title='bbox 2197 1568 2272 1631; x_wconf 83' lang='grc' dir='ltr'>ὡς</span> <span class='ocrx_word' id='word_1_406' title='bbox 2298 1566 2370 1621; x_wconf 80' lang='grc' dir='ltr'>τὰ</span> <span class='ocrx_word' id='word_1_407' title='bbox 2401 1565 2718 1637; x_wconf 78' lang='grc' dir='ltr'>σωματικὰ,</span> <span class='ocrx_word' id='word_1_408' title='bbox 2744 1562 2888 1617; x_wconf 77' lang='grc' dir='ltr'>οὕτω</span> <span class='ocrx_word' id='word_1_409' title='bbox 2922 1564 3088 1632; x_wconf 87' lang='grc' dir='ltr'>γεννᾷ</span> <span class='ocrx_word' id='word_1_410' title='bbox 3111 1560 3204 1616; x_wconf 80' lang='grc' dir='ltr'>καὶ</span> <span class='ocrx_word' id='word_1_411' title='bbox 3228 1563 3260 1614; x_wconf 79' lang='grc' dir='ltr'>ὁ</span> <span class='ocrx_word' id='word_1_412' title='bbox 3285 1561 3442 1620; x_wconf 78' lang='grc' dir='ltr'>Θεός.</span> 
     </span>
    </p>
   </div>
   <div class='ocr_carea' id='block_1_61' title="bbox 2070 1762 3663 1832">
    <p class='ocr_par' dir='ltr' id='par_1_61' title="bbox 2070 1762 3663 1832">
     <span class='ocr_line' id='line_1_61' title="bbox 2070 1762 3663 1832; baseline -0.004 -10"><span class='ocrx_word' id='word_1_413' title='bbox 2070 1767 2183 1822; x_wconf 86' lang='grc' dir='ltr'><strong>Τοῦ</strong></span> <span class='ocrx_word' id='word_1_414' title='bbox 2211 1766 2400 1824; x_wconf 78' lang='grc' dir='ltr'>αὐτοῦ</span> <span class='ocrx_word' id='word_1_415' title='bbox 2429 1765 2498 1818; x_wconf 79' lang='grc' dir='ltr'><strong>ἐκ</strong></span> <span class='ocrx_word' id='word_1_416' title='bbox 2524 1762 2636 1831; x_wconf 81' lang='grc' dir='ltr'>τῆς</span> <span class='ocrx_word' id='word_1_417' title='bbox 2663 1763 2816 1832; x_wconf 82' lang='grc' dir='ltr'>πρὸς</span> <span class='ocrx_word' id='word_1_418' title='bbox 2845 1762 3190 1817; x_wconf 79' lang='grc' dir='ltr'>Εὐστάθιον</span> <span class='ocrx_word' id='word_1_419' title='bbox 3216 1763 3327 1816; x_wconf 72' lang='grc' dir='ltr'><strong>τὸν</strong></span> <span class='ocrx_word' id='word_1_420' title='bbox 3356 1762 3663 1830; x_wconf 67' lang='grc' dir='ltr'>Ἀρμένιον</span> 
     </span>
    </p>
   </div>
   <div class='ocr_carea' id='block_1_62' title="bbox 2134 1833 3662 1968">
    <p class='ocr_par' dir='ltr' id='par_1_62' title="bbox 2134 1833 3662 1968">
     <span class='ocr_line' id='line_1_62' title="bbox 2135 1833 3662 1968; baseline -0.001 -78"><span class='ocrx_word' id='word_1_421' title='bbox 2135 1835 2496 1968; x_wconf 58' lang='grc' dir='ltr'>ἑπὲστολῆς,</span> <span class='ocrx_word' id='word_1_422' title='bbox 2515 1833 2669 1889; x_wconf 83' lang='grc' dir='ltr'>κατά</span> <span class='ocrx_word' id='word_1_423' title='bbox 2703 1851 2885 1888; x_wconf 77' lang='grc' dir='ltr'>τινων</span> <span class='ocrx_word' id='word_1_424' title='bbox 2917 1833 3428 1904; x_wconf 71' lang='grc' dir='ltr'>ὑποπτευομένων</span> <span class='ocrx_word' id='word_1_425' title='bbox 3463 1835 3662 1903; x_wconf 62' lang='lat' dir='ltr'><strong>apeta—</strong></span> 
     </span>
     <span class='ocr_line' id='line_1_63' title="bbox 2134 1926 2341 1961; baseline -0.005 0"><span class='ocrx_word' id='word_1_426' title='bbox 2134 1926 2190 1961; x_wconf 78' lang='grc' dir='ltr'><strong>νι</strong></span> <span class='ocrx_word' id='word_1_427' title='bbox 2229 1926 2341 1961; x_wconf 75' lang='grc' dir='ltr'>ειν.</span> 
     </span>
    </p>
   </div>
   <div class='ocr_carea' id='block_1_63' title="bbox 2138 1998 3664 2072">
    <p class='ocr_par' dir='ltr' id='par_1_63' title="bbox 2138 1998 3664 2072">
     <span class='ocr_line' id='line_1_64' title="bbox 2138 1998 3664 2072; baseline -0.002 -18"><span class='ocrx_word' id='word_1_428' title='bbox 2138 2003 2416 2072; x_wconf 80' lang='grc' dir='ltr'>Προσήκει</span> <span class='ocrx_word' id='word_1_429' title='bbox 2457 2001 2644 2054; x_wconf 82' lang='grc' dir='ltr'>τοίνυν</span> <span class='ocrx_word' id='word_1_430' title='bbox 2685 2000 2937 2070; x_wconf 77' lang='grc' dir='ltr'>ἐναργῶς</span> <span class='ocrx_word' id='word_1_431' title='bbox 2983 1999 3184 2062; x_wconf 81' lang='grc' dir='ltr'>αὐτοὺς</span> <span class='ocrx_word' id='word_1_432' title='bbox 3226 1998 3536 2070; x_wconf 76' lang='grc' dir='ltr'>ὁμολογεῖν,</span> <span class='ocrx_word' id='word_1_433' title='bbox 3577 2000 3664 2053; x_wconf 82' lang='grc' dir='ltr'><strong>ὅτι</strong></span> 
     </span>
    </p>
   </div>
   <div class='ocr_carea' id='block_1_64' title="bbox 2067 2091 3667 2165">
    <p class='ocr_par' dir='ltr' id='par_1_64' title="bbox 2067 2091 3667 2165">
     <span class='ocr_line' id='line_1_65' title="bbox 2067 2091 3667 2165; baseline -0.001 -18"><span class='ocrx_word' id='word_1_434' title='bbox 2067 2098 2389 2148; x_wconf 83' lang='grc' dir='ltr'>πιστεύουσι</span> <span class='ocrx_word' id='word_1_435' title='bbox 2434 2095 2578 2148; x_wconf 77' lang='grc' dir='ltr'>κατὰ</span> <span class='ocrx_word' id='word_1_436' title='bbox 2618 2093 2688 2147; x_wconf 85' lang='grc' dir='ltr'>τὰ</span> <span class='ocrx_word' id='word_1_437' title='bbox 2720 2095 2946 2164; x_wconf 79' lang='grc' dir='ltr'>ῥήματα</span> <span class='ocrx_word' id='word_1_438' title='bbox 2986 2092 3056 2146; x_wconf 83' lang='grc' dir='ltr'>τὰ</span> <span class='ocrx_word' id='word_1_439' title='bbox 3100 2091 3206 2145; x_wconf 69' lang='grc' dir='ltr'>ὑπὸ</span> <span class='ocrx_word' id='word_1_440' title='bbox 3246 2091 3356 2145; x_wconf 87' lang='grc' dir='ltr'><strong>τῶν</strong></span> <span class='ocrx_word' id='word_1_441' title='bbox 3398 2093 3667 2165; x_wconf 85' lang='grc' dir='ltr'>Πατὲρων</span> 
     </span>
    </p>
   </div>
   <div class='ocr_carea' id='block_1_65' title="bbox 2066 2183 3666 2257">
    <p class='ocr_par' dir='ltr' id='par_1_65' title="bbox 2066 2183 3666 2257">
     <span class='ocr_line' id='line_1_66' title="bbox 2066 2183 3666 2257; baseline 0.002 -21"><span class='ocrx_word' id='word_1_442' title='bbox 2066 2187 2222 2256; x_wconf 80' lang='grc' dir='ltr'>ἡμῶν</span> <span class='ocrx_word' id='word_1_443' title='bbox 2254 2186 2552 2240; x_wconf 78' lang='grc' dir='ltr'>ἐκτεθέντα</span> <span class='ocrx_word' id='word_1_444' title='bbox 2585 2187 2644 2239; x_wconf 86' lang='grc' dir='ltr'><strong>ἐν</strong></span> <span class='ocrx_word' id='word_1_445' title='bbox 2675 2187 2741 2257; x_wconf 83' lang='grc' dir='ltr'>τῇ</span> <span class='ocrx_word' id='word_1_446' title='bbox 2776 2184 3019 2254; x_wconf 75' lang='grc' dir='ltr'>Νικαίᾳ,</span> <span class='ocrx_word' id='word_1_447' title='bbox 3054 2183 3151 2237; x_wconf 77' lang='grc' dir='ltr'>καὶ</span> <span class='ocrx_word' id='word_1_448' title='bbox 3186 2185 3328 2238; x_wconf 77' lang='grc' dir='ltr'>κατᾶ</span> <span class='ocrx_word' id='word_1_449' title='bbox 3360 2185 3462 2255; x_wconf 81' lang='grc' dir='ltr'><strong>τὴν</strong></span> <span class='ocrx_word' id='word_1_450' title='bbox 3493 2185 3666 2255; x_wconf 82' lang='grc' dir='ltr'>ὑγιῶς</span> 
     </span>
    </p>
   </div>
   <div class='ocr_carea' id='block_1_66' title="bbox 2067 2277 3664 2350">
    <p class='ocr_par' dir='ltr' id='par_1_66' title="bbox 2067 2277 3664 2350">
     <span class='ocr_line' id='line_1_67' title="bbox 2067 2277 3664 2350; baseline 0.004 -20"><span class='ocrx_word' id='word_1_451' title='bbox 2067 2279 2171 2331; x_wconf 77' lang='grc' dir='ltr'><strong>ὑπὸ</strong></span> <span class='ocrx_word' id='word_1_452' title='bbox 2217 2279 2326 2333; x_wconf 88' lang='grc' dir='ltr'><strong>τῶν</strong></span> <span class='ocrx_word' id='word_1_453' title='bbox 2375 2279 2642 2350; x_wconf 75' lang='grc' dir='ltr'>ῥημάτων</span> <span class='ocrx_word' id='word_1_454' title='bbox 2684 2277 2894 2330; x_wconf 85' lang='grc' dir='ltr'>τούτων</span> <span class='ocrx_word' id='word_1_455' title='bbox 2939 2277 3356 2348; x_wconf 73' lang='grc' dir='ltr'>ἐμφαινομένην</span> <span class='ocrx_word' id='word_1_456' title='bbox 3394 2278 3664 2336; x_wconf 77' lang='grc' dir='ltr'>διάνοιαν.</span> 
     </span>
    </p>
   </div>
   <div class='ocr_carea' id='block_1_67' title="bbox 2069 2369 3666 2442">
    <p class='ocr_par' dir='ltr' id='par_1_67' title="bbox 2069 2369 3666 2442">
     <span class='ocr_line' id='line_1_68' title="bbox 2069 2369 3666 2442; baseline 0.001 -18"><span class='ocrx_word' id='word_1_457' title='bbox 2069 2372 2193 2424; x_wconf 77' lang='grc' dir='ltr'>Εἰσὶ</span> <span class='ocrx_word' id='word_1_458' title='bbox 2226 2373 2335 2442; x_wconf 90' lang='grc' dir='ltr'><strong>γάρ</strong></span> <span class='ocrx_word' id='word_1_459' title='bbox 2364 2387 2515 2434; x_wconf 88' lang='grc' dir='ltr'>τινες</span> <span class='ocrx_word' id='word_1_460' title='bbox 2547 2371 2597 2423; x_wconf 80' lang='lat' dir='ltr'><strong>oi</strong></span> <span class='ocrx_word' id='word_1_461' title='bbox 2633 2371 2730 2424; x_wconf 78' lang='grc' dir='ltr'>καὶ</span> <span class='ocrx_word' id='word_1_462' title='bbox 2766 2370 2824 2421; x_wconf 88' lang='grc' dir='ltr'><strong>ἐν</strong></span> <span class='ocrx_word' id='word_1_463' title='bbox 2854 2369 3030 2442; x_wconf 81' lang='grc' dir='ltr'>ταύτῃ</span> <span class='ocrx_word' id='word_1_464' title='bbox 3061 2373 3126 2440; x_wconf 83' lang='grc' dir='ltr'>τῇ</span> <span class='ocrx_word' id='word_1_465' title='bbox 3161 2369 3346 2422; x_wconf 80' lang='grc' dir='ltr'>πίστει</span> <span class='ocrx_word' id='word_1_466' title='bbox 3373 2369 3666 2439; x_wconf 80' lang='grc' dir='ltr'>δηλοῦντες</span> 
     </span>
    </p>
   </div>
   <div class='ocr_carea' id='block_1_68' title="bbox 2066 2461 3667 2534">
    <p class='ocr_par' dir='ltr' id='par_1_68' title="bbox 2066 2461 3667 2534">
     <span class='ocr_line' id='line_1_69' title="bbox 2066 2461 3667 2534; baseline -0.001 -17"><span class='ocrx_word' id='word_1_467' title='bbox 2066 2464 2158 2517; x_wconf 71' lang='grc' dir='ltr'>τὸν</span> <span class='ocrx_word' id='word_1_468' title='bbox 2197 2463 2359 2534; x_wconf 84' lang='grc' dir='ltr'>λόγον</span> <span class='ocrx_word' id='word_1_469' title='bbox 2395 2463 2496 2532; x_wconf 86' lang='grc' dir='ltr'><strong>τῆς</strong></span> <span class='ocrx_word' id='word_1_470' title='bbox 2535 2462 2822 2533; x_wconf 81' lang='grc' dir='ltr'>ἀληθείας,</span> <span class='ocrx_word' id='word_1_471' title='bbox 2861 2462 2957 2516; x_wconf 70' lang='grc' dir='ltr'><strong>καὶ</strong></span> <span class='ocrx_word' id='word_1_472' title='bbox 2999 2461 3137 2532; x_wconf 81' lang='grc' dir='ltr'>πρὸς</span> <span class='ocrx_word' id='word_1_473' title='bbox 3176 2463 3238 2515; x_wconf 84' lang='grc' dir='ltr'><strong>τὸ</strong></span> <span class='ocrx_word' id='word_1_474' title='bbox 3279 2463 3494 2516; x_wconf 84' lang='grc' dir='ltr'>ἑαυτῶν</span> <span class='ocrx_word' id='word_1_475' title='bbox 3535 2463 3667 2533; x_wconf 78' lang='grc' dir='ltr'>βού-</span> 
     </span>
    </p>
   </div>
   <div class='ocr_carea' id='block_1_69' title="bbox 2065 2555 3666 2628">
    <p class='ocr_par' dir='ltr' id='par_1_69' title="bbox 2065 2555 3666 2628">
     <span class='ocr_line' id='line_1_70' title="bbox 2065 2555 3666 2628; baseline 0.001 -19"><span class='ocrx_word' id='word_1_476' title='bbox 2065 2557 2218 2628; x_wconf 86' lang='grc' dir='ltr'>λημα</span> <span class='ocrx_word' id='word_1_477' title='bbox 2243 2558 2336 2611; x_wconf 82' lang='grc' dir='ltr'><strong>τὸν</strong></span> <span class='ocrx_word' id='word_1_478' title='bbox 2363 2555 2487 2610; x_wconf 75' lang='grc' dir='ltr'>νοῦν</span> <span class='ocrx_word' id='word_1_479' title='bbox 2515 2555 2626 2610; x_wconf 88' lang='grc' dir='ltr'><strong>τῶν</strong></span> <span class='ocrx_word' id='word_1_480' title='bbox 2651 2557 2709 2608; x_wconf 85' lang='grc' dir='ltr'><strong>ἐν</strong></span> <span class='ocrx_word' id='word_1_481' title='bbox 2738 2555 2879 2625; x_wconf 82' lang='grc' dir='ltr'>αὐτῇ</span> <span class='ocrx_word' id='word_1_482' title='bbox 2911 2555 3180 2626; x_wconf 79' lang='grc' dir='ltr'>ῥημάτων</span> <span class='ocrx_word' id='word_1_483' title='bbox 3206 2556 3459 2621; x_wconf 75' lang='grc' dir='ltr'>ἕλκοντες</span> <span class='ocrx_word' id='word_1_484' title='bbox 3480 2573 3494 2588; x_wconf 76' lang='grc'>⁸</span> <span class='ocrx_word' id='word_1_485' title='bbox 3525 2558 3666 2611; x_wconf 85' lang='grc' dir='ltr'>ὅπου</span> 
     </span>
    </p>
   </div>
   <div class='ocr_carea' id='block_1_70' title="bbox 2067 2648 3669 2720">
    <p class='ocr_par' dir='ltr' id='par_1_70' title="bbox 2067 2648 3669 2720">
     <span class='ocr_line' id='line_1_71' title="bbox 2067 2648 3669 2720; baseline 0 -16"><span class='ocrx_word' id='word_1_486' title='bbox 2067 2668 2130 2720; x_wconf 84' lang='grc' dir='ltr'><strong>γε</strong></span> <span class='ocrx_word' id='word_1_487' title='bbox 2171 2650 2270 2704; x_wconf 72' lang='grc' dir='ltr'>καὶ</span> <span class='ocrx_word' id='word_1_488' title='bbox 2311 2648 2636 2719; x_wconf 88' lang='grc' dir='ltr'>Μάρκελλος</span> <span class='ocrx_word' id='word_1_489' title='bbox 2675 2649 2980 2719; x_wconf 83' lang='grc' dir='ltr'>ἐτόλμησεν</span> <span class='ocrx_word' id='word_1_490' title='bbox 3020 2648 3238 2702; x_wconf 85' lang='grc' dir='ltr'>ἀσεϐῶν</span> <span class='ocrx_word' id='word_1_491' title='bbox 3275 2649 3355 2712; x_wconf 84' lang='grc' dir='ltr'><strong>είς</strong></span> <span class='ocrx_word' id='word_1_492' title='bbox 3389 2648 3489 2718; x_wconf 80' lang='grc' dir='ltr'><strong>τὴν</strong></span> <span class='ocrx_word' id='word_1_493' title='bbox 3529 2650 3669 2704; x_wconf 81' lang='grc' dir='ltr'>ὑπό-</span> 
     </span>
    </p>
   </div>
   <div class='ocr_carea' id='block_1_71' title="bbox 2070 2739 3666 2813">
    <p class='ocr_par' dir='ltr' id='par_1_71' title="bbox 2070 2739 3666 2813">
     <span class='ocr_line' id='line_1_72' title="bbox 2070 2739 3666 2813; baseline 0 -17"><span class='ocrx_word' id='word_1_494' title='bbox 2070 2760 2260 2797; x_wconf 89' lang='grc' dir='ltr'>στασιν</span> <span class='ocrx_word' id='word_1_495' title='bbox 2292 2741 2386 2796; x_wconf 78' lang='grc' dir='ltr'>τοῦ</span> <span class='ocrx_word' id='word_1_496' title='bbox 2421 2743 2636 2810; x_wconf 82' lang='grc' dir='ltr'>Κυρίου</span> <span class='ocrx_word' id='word_1_497' title='bbox 2667 2741 2826 2813; x_wconf 79' lang='grc' dir='ltr'>ἡμῶν</span> <span class='ocrx_word' id='word_1_498' title='bbox 2860 2739 3037 2811; x_wconf 83' lang='grc' dir='ltr'>Ἰησοῦ</span> <span class='ocrx_word' id='word_1_499' title='bbox 3071 2739 3311 2810; x_wconf 78' lang='grc' dir='ltr'>Χριστοῦ</span> <span class='ocrx_word' id='word_1_500' title='bbox 3333 2779 3350 2805; x_wconf 84' lang='grc'><strong>,</strong></span> <span class='ocrx_word' id='word_1_501' title='bbox 3382 2742 3477 2796; x_wconf 78' lang='grc' dir='ltr'><strong>καὶ</strong></span> <span class='ocrx_word' id='word_1_502' title='bbox 3507 2742 3666 2811; x_wconf 80' lang='grc' dir='ltr'>ψιλὸν</span> 
     </span>
    </p>
   </div>
   <div class='ocr_carea' id='block_1_72' title="bbox 2068 2833 3669 2905">
    <p class='ocr_par' dir='ltr' id='par_1_72' title="bbox 2068 2833 3669 2905">
     <span class='ocr_line' id='line_1_73' title="bbox 2068 2833 3669 2905; baseline 0 -16"><span class='ocrx_word' id='word_1_503' title='bbox 2068 2835 2232 2888; x_wconf 83' lang='grc' dir='ltr'>αὐτὸν</span> <span class='ocrx_word' id='word_1_504' title='bbox 2257 2833 2626 2905; x_wconf 75' lang='grc' dir='ltr'>ἐξηγούμενος</span> <span class='ocrx_word' id='word_1_505' title='bbox 2652 2833 2812 2902; x_wconf 83' lang='grc' dir='ltr'>λόγον</span> <span class='ocrx_word' id='word_1_506' title='bbox 2841 2833 3056 2888; x_wconf 84' lang='grc' dir='ltr'>ἐκεῖθεν</span> <span class='ocrx_word' id='word_1_507' title='bbox 3081 2834 3540 2903; x_wconf 81' lang='grc' dir='ltr'>προφασίσασθαι</span> <span class='ocrx_word' id='word_1_508' title='bbox 3563 2836 3669 2898; x_wconf 73' lang='grc' dir='ltr'>τὰς</span> 
     </span>
    </p>
   </div>
   <div class='ocr_carea' id='block_1_73' title="bbox 2069 2923 3669 2997">
    <p class='ocr_par' dir='ltr' id='par_1_73' title="bbox 2069 2923 3669 2997">
     <span class='ocr_line' id='line_1_74' title="bbox 2069 2923 3669 2997; baseline 0.001 -17"><span class='ocrx_word' id='word_1_509' title='bbox 2069 2926 2242 2997; x_wconf 81' lang='grc' dir='ltr'>ἀρχὰς</span> <span class='ocrx_word' id='word_1_510' title='bbox 2275 2926 2558 2994; x_wconf 84' lang='grc' dir='ltr'>εἰληφέναι</span> <span class='ocrx_word' id='word_1_511' title='bbox 2588 2923 2681 2978; x_wconf 83' lang='grc' dir='ltr'>τοῦ</span> <span class='ocrx_word' id='word_1_512' title='bbox 2713 2925 3038 2995; x_wconf 88' lang='grc' dir='ltr'>ὀμοουσίου,</span> <span class='ocrx_word' id='word_1_513' title='bbox 3071 2927 3171 2996; x_wconf 81' lang='grc' dir='ltr'>τὴν</span> <span class='ocrx_word' id='word_1_514' title='bbox 3199 2926 3442 2981; x_wconf 84' lang='grc' dir='ltr'>διάνοιαν</span> <span class='ocrx_word' id='word_1_515' title='bbox 3473 2931 3669 2995; x_wconf 70' lang='grc' dir='ltr'>κακῶς</span> 
     </span>
    </p>
   </div>
   <div class='ocr_carea' id='block_1_74' title="bbox 2068 3016 3668 3088">
    <p class='ocr_par' dir='ltr' id='par_1_74' title="bbox 2068 3016 3668 3088">
     <span class='ocr_line' id='line_1_75' title="bbox 2068 3016 3668 3088; baseline 0.004 -19"><span class='ocrx_word' id='word_1_516' title='bbox 2068 3016 2459 3088; x_wconf 79' lang='grc' dir='ltr'>ἐξηγούμενος.</span> <span class='ocrx_word' id='word_1_517' title='bbox 2495 3017 2604 3071; x_wconf 82' lang='grc' dir='ltr'>Καί</span> <span class='ocrx_word' id='word_1_518' title='bbox 2633 3035 2780 3080; x_wconf 85' lang='grc' dir='ltr'>τινες</span> <span class='ocrx_word' id='word_1_519' title='bbox 2808 3018 2919 3071; x_wconf 87' lang='grc' dir='ltr'><strong>τῶν</strong></span> <span class='ocrx_word' id='word_1_520' title='bbox 2948 3017 3058 3071; x_wconf 74' lang='grc' dir='ltr'>ἀπὸ</span> <span class='ocrx_word' id='word_1_521' title='bbox 3089 3019 3185 3084; x_wconf 84' lang='grc' dir='ltr'>τῆς</span> <span class='ocrx_word' id='word_1_522' title='bbox 3217 3019 3540 3084; x_wconf 86' lang='grc' dir='ltr'>δυσσεϐείας</span> <span class='ocrx_word' id='word_1_523' title='bbox 3569 3021 3668 3075; x_wconf 79' lang='grc' dir='ltr'>τοῦ</span> 
     </span>
    </p>
   </div>
   <div class='ocr_carea' id='block_1_75' title="bbox 2069 3110 3668 3179">
    <p class='ocr_par' dir='ltr' id='par_1_75' title="bbox 2069 3110 3668 3179">
     <span class='ocr_line' id='line_1_76' title="bbox 2069 3110 3668 3179; baseline 0.001 -13"><span class='ocrx_word' id='word_1_524' title='bbox 2069 3112 2270 3174; x_wconf 85' lang='grc' dir='ltr'>Λίϐυος</span> <span class='ocrx_word' id='word_1_525' title='bbox 2296 3110 2619 3179; x_wconf 85' lang='grc' dir='ltr'>Σαϐελλίου,</span> <span class='ocrx_word' id='word_1_526' title='bbox 2648 3111 2947 3165; x_wconf 81' lang='grc' dir='ltr'>ὑπόστασιν</span> <span class='ocrx_word' id='word_1_527' title='bbox 2972 3111 3067 3165; x_wconf 81' lang='grc' dir='ltr'>καὶ</span> <span class='ocrx_word' id='word_1_528' title='bbox 3089 3112 3280 3166; x_wconf 86' lang='grc' dir='ltr'>οὐσίαν</span> <span class='ocrx_word' id='word_1_529' title='bbox 3301 3114 3502 3167; x_wconf 82' lang='grc' dir='ltr'>ταυτὸν</span> <span class='ocrx_word' id='word_1_530' title='bbox 3523 3111 3668 3168; x_wconf 82' lang='grc' dir='ltr'>εἶναι</span> 
     </span>
    </p>
   </div>
   <div class='ocr_carea' id='block_1_76' title="bbox 2071 3203 3669 3277">
    <p class='ocr_par' dir='ltr' id='par_1_76' title="bbox 2071 3203 3669 3277">
     <span class='ocr_line' id='line_1_77' title="bbox 2071 3203 3669 3277; baseline 0.001 -21"><span class='ocrx_word' id='word_1_531' title='bbox 2071 3203 2580 3274; x_wconf 83' lang='grc' dir='ltr'>ὑπολαμϐάνοντες,</span> <span class='ocrx_word' id='word_1_532' title='bbox 2609 3203 2826 3257; x_wconf 81' lang='grc' dir='ltr'>ἐκεῖθεν</span> <span class='ocrx_word' id='word_1_533' title='bbox 2857 3203 3080 3258; x_wconf 72' lang='grc' dir='ltr'>ἕλκουσι</span> <span class='ocrx_word' id='word_1_534' title='bbox 3107 3207 3209 3268; x_wconf 78' lang='grc' dir='ltr'>τὰς</span> <span class='ocrx_word' id='word_1_535' title='bbox 3238 3205 3498 3276; x_wconf 79' lang='grc' dir='ltr'>ἀφορμὰς</span> <span class='ocrx_word' id='word_1_536' title='bbox 3528 3209 3669 3277; x_wconf 65' lang='grc' dir='ltr'>πρδς</span> 
     </span>
    </p>
   </div>
   <div class='ocr_carea' id='block_1_77' title="bbox 2068 3295 3665 3368">
    <p class='ocr_par' dir='ltr' id='par_1_77' title="bbox 2068 3295 3665 3368">
     <span class='ocr_line' id='line_1_78' title="bbox 2068 3295 3665 3368; baseline 0.004 -22"><span class='ocrx_word' id='word_1_537' title='bbox 2068 3297 2168 3359; x_wconf 77' lang='grc' dir='ltr'>τὴν</span> <span class='ocrx_word' id='word_1_538' title='bbox 2217 3295 2567 3366; x_wconf 84' lang='grc' dir='ltr'>κατασκευὴν</span> <span class='ocrx_word' id='word_1_539' title='bbox 2615 3296 2716 3364; x_wconf 81' lang='grc' dir='ltr'>τῆς</span> <span class='ocrx_word' id='word_1_540' title='bbox 2764 3297 2983 3350; x_wconf 79' lang='grc' dir='ltr'>ἑαυτῶν</span> <span class='ocrx_word' id='word_1_541' title='bbox 3029 3296 3408 3368; x_wconf 81' lang='grc' dir='ltr'>βλασφημίας,</span> <span class='ocrx_word' id='word_1_542' title='bbox 3455 3299 3522 3352; x_wconf 85' lang='grc' dir='ltr'><strong>ἐκ</strong></span> <span class='ocrx_word' id='word_1_543' title='bbox 3566 3302 3665 3352; x_wconf 79' lang='grc' dir='ltr'><strong>τοῦ</strong></span> 
     </span>
    </p>
   </div>
   <div class='ocr_carea' id='block_1_78' title="bbox 2069 3382 3662 3459">
    <p class='ocr_par' dir='ltr' id='par_1_78' title="bbox 2069 3382 3662 3459">
     <span class='ocr_line' id='line_1_79' title="bbox 2069 3382 3662 3459; baseline 0.004 -25"><span class='ocrx_word' id='word_1_544' title='bbox 2069 3382 2448 3452; x_wconf 74' lang='grc' dir='ltr'>ἐγγεγράφθαι</span> <span class='ocrx_word' id='word_1_545' title='bbox 2489 3387 2556 3452; x_wconf 82' lang='grc' dir='ltr'>τῇ</span> <span class='ocrx_word' id='word_1_546' title='bbox 2590 3383 2801 3448; x_wconf 79' lang='grc' dir='ltr'>πίστει,</span> <span class='ocrx_word' id='word_1_547' title='bbox 2828 3385 2912 3437; x_wconf 82' lang='grc' dir='ltr'><strong>ὅτι</strong></span> <span class='ocrx_word' id='word_1_548' title='bbox 2959 3385 3088 3439; x_wconf 83' lang='grc' dir='ltr'><strong>Ἐὰν</strong></span> <span class='ocrx_word' id='word_1_549' title='bbox 3113 3386 3166 3438; x_wconf 83' lang='grc' dir='ltr'><strong>δέ</strong></span> <span class='ocrx_word' id='word_1_550' title='bbox 3193 3405 3278 3451; x_wconf 87' lang='grc' dir='ltr'><strong>τις</strong></span> <span class='ocrx_word' id='word_1_551' title='bbox 3302 3388 3437 3459; x_wconf 76' lang='grc' dir='ltr'>λέγῃ</span> <span class='ocrx_word' id='word_1_552' title='bbox 3465 3390 3522 3456; x_wconf 82' lang='grc' dir='ltr'>ἐξ</span> <span class='ocrx_word' id='word_1_553' title='bbox 3547 3389 3662 3441; x_wconf 74' lang='grc' dir='ltr'>ἑτέ-</span> 
     </span>
    </p>
   </div>
   <div class='ocr_carea' id='block_1_79' title="bbox 2074 3475 3662 3547">
    <p class='ocr_par' dir='ltr' id='par_1_79' title="bbox 2074 3475 3662 3547">
     <span class='ocr_line' id='line_1_80' title="bbox 2074 3475 3662 3547; baseline 0.005 -19"><span class='ocrx_word' id='word_1_554' title='bbox 2074 3493 2171 3545; x_wconf 86' lang='grc' dir='ltr'><strong>ρας</strong></span> <span class='ocrx_word' id='word_1_555' title='bbox 2215 3475 2405 3538; x_wconf 81' lang='grc' dir='ltr'>οὐσίας</span> <span class='ocrx_word' id='word_1_556' title='bbox 2447 3477 2480 3547; x_wconf 80' lang='grc' dir='ltr'>ἢ</span> <span class='ocrx_word' id='word_1_557' title='bbox 2529 3477 2886 3542; x_wconf 81' lang='grc' dir='ltr'>ὑποστάσεως</span> <span class='ocrx_word' id='word_1_558' title='bbox 2924 3481 3017 3533; x_wconf 81' lang='grc' dir='ltr'>τὸν</span> <span class='ocrx_word' id='word_1_559' title='bbox 3056 3481 3206 3546; x_wconf 82' lang='grc' dir='ltr'>Υἱδν,</span> <span class='ocrx_word' id='word_1_560' title='bbox 3245 3483 3440 3536; x_wconf 83' lang='grc' dir='ltr'>τοῦτον</span> <span class='ocrx_word' id='word_1_561' title='bbox 3471 3483 3662 3538; x_wconf 73' lang='grc' dir='ltr'>ἀναθε-</span> 
     </span>
    </p>
   </div>
   <div class='ocr_carea' id='block_1_80' title="bbox 2074 3569 3660 3646">
    <p class='ocr_par' dir='ltr' id='par_1_80' title="bbox 2074 3569 3660 3646">
     <span class='ocr_line' id='line_1_81' title="bbox 2074 3569 3660 3646; baseline 0.005 -24"><span class='ocrx_word' id='word_1_562' title='bbox 2074 3569 2293 3639; x_wconf 74' lang='grc' dir='ltr'>ματίζει</span> <span class='ocrx_word' id='word_1_563' title='bbox 2337 3571 2371 3639; x_wconf 89' lang='grc' dir='ltr'><strong>ή</strong></span> <span class='ocrx_word' id='word_1_564' title='bbox 2411 3569 2678 3642; x_wconf 82' lang='grc' dir='ltr'>καθολικὴ</span> <span class='ocrx_word' id='word_1_565' title='bbox 2723 3572 3198 3642; x_wconf 72' lang='grc' dir='ltr'>καὶ¹άποστολικὴ</span> <span class='ocrx_word' id='word_1_566' title='bbox 3226 3575 3545 3646; x_wconf 83' lang='grc' dir='ltr'>Ἐκκλησία.</span> <span class='ocrx_word' id='word_1_567' title='bbox 3581 3577 3660 3630; x_wconf 84' lang='grc' dir='ltr'>Οὐ</span> 
     </span>
    </p>
   </div>
   <div class='ocr_carea' id='block_1_81' title="bbox 2072 3657 3670 3738">
    <p class='ocr_par' dir='ltr' id='par_1_81' title="bbox 2072 3657 3670 3738">
     <span class='ocr_line' id='line_1_82' title="bbox 2072 3657 3670 3738; baseline 0.007 -28"><span class='ocrx_word' id='word_1_568' title='bbox 2072 3661 2182 3729; x_wconf 79' lang='grc' dir='ltr'><strong>γὰρ</strong></span> <span class='ocrx_word' id='word_1_569' title='bbox 2213 3660 2414 3712; x_wconf 79' lang='grc' dir='ltr'>ταυτὸν</span> <span class='ocrx_word' id='word_1_570' title='bbox 2441 3657 2594 3713; x_wconf 75' lang='grc' dir='ltr'>εἷπον</span> <span class='ocrx_word' id='word_1_571' title='bbox 2621 3662 2742 3714; x_wconf 87' lang='grc' dir='ltr'>ἐκεῖ</span> <span class='ocrx_word' id='word_1_572' title='bbox 2769 3662 2960 3716; x_wconf 88' lang='grc' dir='ltr'>οὐσίαν</span> <span class='ocrx_word' id='word_1_573' title='bbox 2989 3663 3084 3715; x_wconf 77' lang='grc' dir='ltr'><strong>καὶ</strong></span> <span class='ocrx_word' id='word_1_574' title='bbox 3114 3664 3432 3718; x_wconf 81' lang='grc' dir='ltr'>ὑπόστασιν.</span> <span class='ocrx_word' id='word_1_575' title='bbox 3463 3667 3525 3719; x_wconf 78' lang='lat' dir='ltr'><strong>Ei</strong></span> <span class='ocrx_word' id='word_1_576' title='bbox 3557 3668 3670 3738; x_wconf 80' lang='grc' dir='ltr'><strong>γὰρ</strong></span> 
     </span>
    </p>
   </div>
   <div class='ocr_carea' id='block_1_82' title="bbox 2079 3750 3668 3826">
    <p class='ocr_par' dir='ltr' id='par_1_82' title="bbox 2079 3750 3668 3826">
     <span class='ocr_line' id='line_1_83' title="bbox 2079 3750 3668 3826; baseline 0.004 -25"><span class='ocrx_word' id='word_1_577' title='bbox 2079 3750 2208 3820; x_wconf 81' lang='grc' dir='ltr'>μίαν</span> <span class='ocrx_word' id='word_1_578' title='bbox 2243 3752 2338 3804; x_wconf 77' lang='grc' dir='ltr'><strong>καὶ</strong></span> <span class='ocrx_word' id='word_1_579' title='bbox 2372 3751 2474 3821; x_wconf 86' lang='grc' dir='ltr'>τὴν</span> <span class='ocrx_word' id='word_1_580' title='bbox 2507 3751 2680 3822; x_wconf 83' lang='grc' dir='ltr'>αὐτὴν</span> <span class='ocrx_word' id='word_1_581' title='bbox 2715 3753 2943 3822; x_wconf 84' lang='grc' dir='ltr'>ἐδήλουν</span> <span class='ocrx_word' id='word_1_582' title='bbox 2980 3752 3194 3808; x_wconf 76' lang='grc' dir='ltr'>ἔννοιαν</span> <span class='ocrx_word' id='word_1_583' title='bbox 3229 3757 3284 3808; x_wconf 79' lang='grc' dir='ltr'><strong>αἱ</strong></span> <span class='ocrx_word' id='word_1_584' title='bbox 3329 3757 3543 3826; x_wconf 72' lang='grc' dir='ltr'>φωναὶ,</span> <span class='ocrx_word' id='word_1_585' title='bbox 3582 3761 3668 3820; x_wconf 79' lang='grc' dir='ltr'><strong>τίς</strong></span> 
     </span>
    </p>
   </div>
   <div class='ocr_carea' id='block_1_83' title="bbox 2069 3840 3674 3922">
    <p class='ocr_par' dir='ltr' id='par_1_83' title="bbox 2069 3840 3674 3922">
     <span class='ocr_line' id='line_1_84' title="bbox 2069 3840 3674 3922; baseline 0.007 -27"><span class='ocrx_word' id='word_1_586' title='bbox 2069 3843 2230 3912; x_wconf 85' lang='grc' dir='ltr'>χρεία</span> <span class='ocrx_word' id='word_1_587' title='bbox 2261 3840 2331 3916; x_wconf 83' lang='grc' dir='ltr'>ἦν</span> <span class='ocrx_word' id='word_1_588' title='bbox 2362 3845 2673 3912; x_wconf 81' lang='grc' dir='ltr'>ἐκατέρων;</span> <span class='ocrx_word' id='word_1_589' title='bbox 2705 3845 2866 3900; x_wconf 86' lang='grc' dir='ltr'>Ἀλλὰ</span> <span class='ocrx_word' id='word_1_590' title='bbox 2897 3846 3058 3917; x_wconf 82' lang='grc' dir='ltr'>δῆλον</span> <span class='ocrx_word' id='word_1_591' title='bbox 3089 3851 3166 3911; x_wconf 86' lang='grc' dir='ltr'><strong>ὡς</strong></span> <span class='ocrx_word' id='word_1_592' title='bbox 3196 3849 3306 3902; x_wconf 85' lang='grc' dir='ltr'><strong>τῶν</strong></span> <span class='ocrx_word' id='word_1_593' title='bbox 3343 3851 3442 3920; x_wconf 82' lang='grc' dir='ltr'>μὲν</span> <span class='ocrx_word' id='word_1_594' title='bbox 3475 3852 3674 3922; x_wconf 82' lang='grc' dir='ltr'>ἀρνου-</span> 
     </span>
    </p>
   </div>
   <div class='ocr_carea' id='block_1_84' title="bbox 2073 3935 3669 4014">
    <p class='ocr_par' dir='ltr' id='par_1_84' title="bbox 2073 3935 3669 4014">
     <span class='ocr_line' id='line_1_85' title="bbox 2073 3935 3669 4014; baseline 0.008 -27"><span class='ocrx_word' id='word_1_595' title='bbox 2073 3938 2250 4006; x_wconf 86' lang='grc' dir='ltr'>μένων</span> <span class='ocrx_word' id='word_1_596' title='bbox 2301 3939 2365 3990; x_wconf 85' lang='grc' dir='ltr'><strong>ἐκ</strong></span> <span class='ocrx_word' id='word_1_597' title='bbox 2415 3937 2517 4008; x_wconf 82' lang='grc' dir='ltr'><strong>τῆς</strong></span> <span class='ocrx_word' id='word_1_598' title='bbox 2574 3938 2764 4001; x_wconf 80' lang='grc' dir='ltr'>οὐσίας</span> <span class='ocrx_word' id='word_1_599' title='bbox 2817 3935 2960 3993; x_wconf 74' lang='grc' dir='ltr'>εἶναι</span> <span class='ocrx_word' id='word_1_600' title='bbox 3013 3940 3109 3993; x_wconf 81' lang='grc' dir='ltr'>τοῦ</span> <span class='ocrx_word' id='word_1_601' title='bbox 3163 3943 3397 4014; x_wconf 75' lang='grc' dir='ltr'>Πατρδς,</span> <span class='ocrx_word' id='word_1_602' title='bbox 3449 3945 3558 3997; x_wconf 79' lang='grc' dir='ltr'><strong>τῶν</strong></span> <span class='ocrx_word' id='word_1_603' title='bbox 3611 3946 3669 3999; x_wconf 80' lang='grc' dir='ltr'><strong>δὲ</strong></span> 
     </span>
    </p>
   </div>
   <div class='ocr_carea' id='block_1_85' title="bbox 2069 4027 3669 4105">
    <p class='ocr_par' dir='ltr' id='par_1_85' title="bbox 2069 4027 3669 4105">
     <span class='ocr_line' id='line_1_86' title="bbox 2069 4027 3669 4105; baseline 0.006 -26"><span class='ocrx_word' id='word_1_604' title='bbox 2069 4027 2341 4094; x_wconf 85' lang='grc' dir='ltr'>λεγόντων</span> <span class='ocrx_word' id='word_1_605' title='bbox 2385 4028 2486 4082; x_wconf 82' lang='grc' dir='ltr'><strong>οὐκ</strong></span> <span class='ocrx_word' id='word_1_606' title='bbox 2533 4029 2600 4080; x_wconf 87' lang='grc' dir='ltr'><strong>ἐκ</strong></span> <span class='ocrx_word' id='word_1_607' title='bbox 2645 4029 2745 4099; x_wconf 80' lang='grc' dir='ltr'>τῆς</span> <span class='ocrx_word' id='word_1_608' title='bbox 2792 4029 3003 4094; x_wconf 85' lang='grc' dir='ltr'>οὐσίας,</span> <span class='ocrx_word' id='word_1_609' title='bbox 3056 4031 3258 4098; x_wconf 76' lang='grc' dir='ltr'>ἀλλ’ἐξ</span> <span class='ocrx_word' id='word_1_610' title='bbox 3306 4034 3474 4105; x_wconf 80' lang='grc' dir='ltr'>ἄλλης</span> <span class='ocrx_word' id='word_1_611' title='bbox 3521 4036 3669 4098; x_wconf 85' lang='grc' dir='ltr'>τινὸς</span> 
     </span>
    </p>
   </div>
   <div class='ocr_carea' id='block_1_86' title="bbox 2071 4119 3670 4195">
    <p class='ocr_par' dir='ltr' id='par_1_86' title="bbox 2071 4119 3670 4195">
     <span class='ocr_line' id='line_1_87' title="bbox 2071 4119 3670 4195; baseline 0.005 -23"><span class='ocrx_word' id='word_1_612' title='bbox 2071 4119 2428 4182; x_wconf 79' lang='grc' dir='ltr'>ὑποστάσεως</span> <span class='ocrx_word' id='word_1_613' title='bbox 2451 4161 2466 4184; x_wconf 83' lang='grc'><strong>,</strong></span> <span class='ocrx_word' id='word_1_614' title='bbox 2503 4119 2678 4184; x_wconf 74' lang='grc' dir='ltr'>οὕτως</span> <span class='ocrx_word' id='word_1_615' title='bbox 2711 4122 3008 4192; x_wconf 82' lang='grc' dir='ltr'>ἀμφότερα</span> <span class='ocrx_word' id='word_1_616' title='bbox 3037 4123 3114 4186; x_wconf 84' lang='grc' dir='ltr'>ὡς</span> <span class='ocrx_word' id='word_1_617' title='bbox 3149 4124 3407 4195; x_wconf 76' lang='grc' dir='ltr'>ἀλλότρια</span> <span class='ocrx_word' id='word_1_618' title='bbox 3439 4126 3535 4179; x_wconf 81' lang='grc' dir='ltr'>τοῦ</span> <span class='ocrx_word' id='word_1_619' title='bbox 3570 4129 3670 4180; x_wconf 81' lang='grc' dir='ltr'>ἐκ-</span> 
     </span>
    </p>
   </div>
   <div class='ocr_carea' id='block_1_87' title="bbox 2071 4211 3669 4285">
    <p class='ocr_par' dir='ltr' id='par_1_87' title="bbox 2071 4211 3669 4285">
     <span class='ocr_line' id='line_1_88' title="bbox 2071 4211 3669 4285; baseline 0.005 -21"><span class='ocrx_word' id='word_1_620' title='bbox 2071 4211 2468 4283; x_wconf 82' lang='grc' dir='ltr'>κλησιαστικοῦ</span> <span class='ocrx_word' id='word_1_621' title='bbox 2502 4215 2857 4283; x_wconf 84' lang='grc' dir='ltr'>φρονήματος</span> <span class='ocrx_word' id='word_1_622' title='bbox 2888 4215 3304 4285; x_wconf 81' lang='grc' dir='ltr'>ἀπηγόρευσαν.</span> <span class='ocrx_word' id='word_1_623' title='bbox 3344 4217 3496 4271; x_wconf 80' lang='grc' dir='ltr'>Ἐπεὶ</span> <span class='ocrx_word' id='word_1_624' title='bbox 3525 4219 3669 4272; x_wconf 79' lang='grc' dir='ltr'>ὅπου·</span> 
     </span>
    </p>
   </div>
   <div class='ocr_carea' id='block_1_88' title="bbox 2070 4304 3667 4382">
    <p class='ocr_par' dir='ltr' id='par_1_88' title="bbox 2070 4304 3667 4382">
     <span class='ocr_line' id='line_1_89' title="bbox 2070 4304 3667 4382; baseline 0.004 -24"><span class='ocrx_word' id='word_1_625' title='bbox 2070 4321 2137 4372; x_wconf 77' lang='grc' dir='ltr'>τε</span> <span class='ocrx_word' id='word_1_626' title='bbox 2167 4305 2227 4357; x_wconf 81' lang='grc' dir='ltr'>τὸ</span> <span class='ocrx_word' id='word_1_627' title='bbox 2257 4304 2468 4357; x_wconf 78' lang='grc' dir='ltr'>ἑαυτῶν</span> <span class='ocrx_word' id='word_1_628' title='bbox 2495 4305 2722 4375; x_wconf 84' lang='grc' dir='ltr'>ἐδήλουν</span> <span class='ocrx_word' id='word_1_629' title='bbox 2753 4307 3035 4378; x_wconf 84' lang='grc' dir='ltr'>φρόνημα,</span> <span class='ocrx_word' id='word_1_630' title='bbox 3067 4304 3222 4364; x_wconf 75' lang='grc' dir='ltr'>εἷπον</span> <span class='ocrx_word' id='word_1_631' title='bbox 3252 4312 3316 4364; x_wconf 78' lang='grc' dir='ltr'><strong>ἐκ</strong></span> <span class='ocrx_word' id='word_1_632' title='bbox 3342 4311 3445 4382; x_wconf 83' lang='grc' dir='ltr'>τῆς</span> <span class='ocrx_word' id='word_1_633' title='bbox 3473 4313 3667 4375; x_wconf 83' lang='grc' dir='ltr'>οὐσίας</span> 
     </span>
    </p>
   </div>
   <div class='ocr_carea' id='block_1_89' title="bbox 2069 4395 3668 4473">
    <p class='ocr_par' dir='ltr' id='par_1_89' title="bbox 2069 4395 3668 4473">
     <span class='ocr_line' id='line_1_90' title="bbox 2069 4395 3668 4473; baseline 0.005 -25"><span class='ocrx_word' id='word_1_634' title='bbox 2069 4395 2163 4449; x_wconf 82' lang='grc' dir='ltr'>τοῦ</span> <span class='ocrx_word' id='word_1_635' title='bbox 2206 4397 2416 4468; x_wconf 78' lang='grc' dir='ltr'>Πατρὺς</span> <span class='ocrx_word' id='word_1_636' title='bbox 2449 4397 2542 4450; x_wconf 79' lang='grc' dir='ltr'>τὸν</span> <span class='ocrx_word' id='word_1_637' title='bbox 2576 4398 2738 4465; x_wconf 82' lang='grc' dir='ltr'>Υἱὸν,</span> <span class='ocrx_word' id='word_1_638' title='bbox 2771 4400 2958 4453; x_wconf 84' lang='grc' dir='ltr'>οὐκέτι</span> <span class='ocrx_word' id='word_1_639' title='bbox 2997 4402 3330 4473; x_wconf 81' lang='grc' dir='ltr'>προσθέντες</span> <span class='ocrx_word' id='word_1_640' title='bbox 3370 4404 3466 4457; x_wconf 78' lang='grc' dir='ltr'>καὶ</span> <span class='ocrx_word' id='word_1_641' title='bbox 3498 4405 3560 4456; x_wconf 83' lang='grc' dir='ltr'><strong>τὸ</strong></span> <span class='ocrx_word' id='word_1_642' title='bbox 3598 4406 3668 4459; x_wconf 85' lang='grc' dir='ltr'><strong>ἐκ</strong></span> 
     </span>
    </p>
   </div>
   <div class='ocr_carea' id='block_1_90' title="bbox 369 4474 1962 4566">
    <p class='ocr_par' dir='ltr' id='par_1_90' title="bbox 369 4474 1962 4549">
     <span class='ocr_line' id='line_1_91' title="bbox 369 4474 1962 4549; baseline 0 -17"><span class='ocrx_word' id='word_1_643' title='bbox 369 4481 704 4549; x_wconf 81' lang='lat' dir='ltr'><strong>hypostasim</strong></span> <span class='ocrx_word' id='word_1_644' title='bbox 723 4492 828 4537; x_wconf 90' lang='lat' dir='ltr'><strong>non</strong></span> <span class='ocrx_word' id='word_1_645' title='bbox 857 4475 1206 4539; x_wconf 87' lang='lat' dir='ltr'><strong>addiderunt,</strong></span> <span class='ocrx_word' id='word_1_646' title='bbox 1227 4488 1347 4544; x_wconf 85' lang='lat' dir='ltr'><strong>quae</strong></span> <span class='ocrx_word' id='word_1_647' title='bbox 1377 4474 1594 4543; x_wconf 88' lang='lat' dir='ltr'><strong>quidem</strong></span> <span class='ocrx_word' id='word_1_648' title='bbox 1624 4484 1684 4528; x_wconf 79' lang='lat' dir='ltr'><strong>ut</strong></span> <span class='ocrx_word' id='word_1_649' title='bbox 1713 4476 1781 4530; x_wconf 86' lang='lat' dir='ltr'><strong>ad</strong></span> <span class='ocrx_word' id='word_1_650' title='bbox 1838 4492 1962 4545; x_wconf 85' lang='lat' dir='ltr'><strong>pra-</strong></span> 
     </span>
    </p>
   </div>
   <div class='ocr_carea' id='block_1_91' title="bbox 2071 4474 3669 4566">
    <p class='ocr_par' dir='ltr' id='par_1_91' title="bbox 2071 4489 3669 4566">
     <span class='ocr_line' id='line_1_92' title="bbox 2071 4489 3669 4566; baseline 0.008 -26"><span class='ocrx_word' id='word_1_651' title='bbox 2071 4489 2167 4560; x_wconf 81' lang='grc' dir='ltr'>τῆς</span> <span class='ocrx_word' id='word_1_652' title='bbox 2197 4490 2596 4558; x_wconf 79' lang='grc' dir='ltr'>ὑποστάσεως,</span> <span class='ocrx_word' id='word_1_653' title='bbox 2627 4490 2769 4546; x_wconf 85' lang='grc' dir='ltr'>ὥστε</span> <span class='ocrx_word' id='word_1_654' title='bbox 2803 4496 2982 4546; x_wconf 73' lang='grc' dir='ltr'>ἐκεῖνο</span> <span class='ocrx_word' id='word_1_655' title='bbox 3014 4495 3115 4565; x_wconf 82' lang='grc' dir='ltr'>μὲν</span> <span class='ocrx_word' id='word_1_656' title='bbox 3146 4495 3235 4548; x_wconf 80' lang='grc' dir='ltr'>ἐπ’</span> <span class='ocrx_word' id='word_1_657' title='bbox 3259 4497 3520 4566; x_wconf 79' lang='grc' dir='ltr'>ἁθετήσει</span> <span class='ocrx_word' id='word_1_658' title='bbox 3550 4501 3669 4552; x_wconf 82' lang='grc' dir='ltr'><strong>κεῖ-</strong></span> 
     </span>
    </p>
   </div>
   <div class='ocr_carea' id='block_1_92' title="bbox 365 4568 1962 4645">
    <p class='ocr_par' dir='ltr' id='par_1_92' title="bbox 365 4568 1962 4645">
     <span class='ocr_line' id='line_1_93' title="bbox 365 4568 1962 4645; baseline -0.004 -14"><span class='ocrx_word' id='word_1_659' title='bbox 365 4593 492 4632; x_wconf 84' lang='lat' dir='ltr'><strong>vam</strong></span> <span class='ocrx_word' id='word_1_660' title='bbox 523 4574 836 4645; x_wconf 85' lang='lat' dir='ltr'><strong>opinionem</strong></span> <span class='ocrx_word' id='word_1_661' title='bbox 864 4568 1333 4628; x_wconf 83' lang='lat' dir='ltr'><strong>condemnandam</strong></span> <span class='ocrx_word' id='word_1_662' title='bbox 1357 4568 1599 4624; x_wconf 77' lang='lat' dir='ltr'><strong>adhibita</strong></span> <span class='ocrx_word' id='word_1_663' title='bbox 1628 4579 1711 4625; x_wconf 76' lang='lat' dir='ltr'><strong>est</strong></span> <span class='ocrx_word' id='word_1_664' title='bbox 1741 4609 1758 4633; x_wconf 91' lang='lat'><strong>,</strong></span> <span class='ocrx_word' id='word_1_665' title='bbox 1787 4570 1869 4625; x_wconf 87' lang='lat' dir='ltr'><strong>sic</strong></span> <span class='ocrx_word' id='word_1_666' title='bbox 1895 4572 1962 4625; x_wconf 86' lang='lat' dir='ltr'><strong>ad</strong></span> 
     </span>
    </p>
   </div>
   <div class='ocr_carea' id='block_1_93' title="bbox 362 4659 1961 4730">
    <p class='ocr_par' dir='ltr' id='par_1_93' title="bbox 362 4659 1961 4730">
     <span class='ocr_line' id='line_1_94' title="bbox 362 4659 1961 4730; baseline -0.004 -10"><span class='ocrx_word' id='word_1_667' title='bbox 362 4665 586 4722; x_wconf 88' lang='lat' dir='ltr'><strong>Patrum</strong></span> <span class='ocrx_word' id='word_1_668' title='bbox 644 4677 866 4720; x_wconf 87' lang='lat' dir='ltr'><strong>sensum</strong></span> <span class='ocrx_word' id='word_1_669' title='bbox 950 4659 1370 4730; x_wconf 85' lang='lat' dir='ltr'><strong>explicandum,</strong></span> <span class='ocrx_word' id='word_1_670' title='bbox 1429 4661 1726 4716; x_wconf 86' lang='lat' dir='ltr'><strong>essentiam</strong></span> <span class='ocrx_word' id='word_1_671' title='bbox 1785 4661 1961 4716; x_wconf 84' lang='lat' dir='ltr'><strong>solam</strong></span> 
     </span>
    </p>
   </div>
   <div class='ocr_carea' id='block_1_94' title="bbox 362 4750 1962 4827">
    <p class='ocr_par' dir='ltr' id='par_1_94' title="bbox 362 4750 1962 4827">
     <span class='ocr_line' id='line_1_95' title="bbox 362 4750 1962 4827; baseline -0.002 -17"><span class='ocrx_word' id='word_1_672' title='bbox 362 4755 722 4827; x_wconf 85' lang='lat' dir='ltr'><strong>pronuntiare</strong></span> <span class='ocrx_word' id='word_1_673' title='bbox 739 4754 874 4810; x_wconf 84' lang='lat' dir='ltr'><strong>satis</strong></span> <span class='ocrx_word' id='word_1_674' title='bbox 896 4751 1017 4805; x_wconf 82' lang='lat' dir='ltr'><strong>fuit.</strong></span> <span class='ocrx_word' id='word_1_675' title='bbox 1045 4752 1270 4822; x_wconf 86' lang='lat' dir='ltr'><strong>Oportet</strong></span> <span class='ocrx_word' id='word_1_676' title='bbox 1291 4751 1456 4820; x_wconf 76' lang='lat' dir='ltr'><strong>igitur</strong></span> <span class='ocrx_word' id='word_1_677' title='bbox 1484 4753 1740 4810; x_wconf 76' lang='lat' dir='ltr'><strong>conﬁteri</strong></span> <span class='ocrx_word' id='word_1_678' title='bbox 1766 4750 1962 4807; x_wconf 80' lang='lat' dir='ltr'><strong>Filium</strong></span> 
     </span>
    </p>
   </div>
   <div class='ocr_carea' id='block_1_95' title="bbox 363 4843 1964 4920">
    <p class='ocr_par' dir='ltr' id='par_1_95' title="bbox 363 4843 1964 4920">
     <span class='ocr_line' id='line_1_96' title="bbox 363 4843 1964 4920; baseline 0 -20"><span class='ocrx_word' id='word_1_679' title='bbox 363 4847 675 4918; x_wconf 82' lang='grc' dir='ltr'>ὐμοούσιον,</span> <span class='ocrx_word' id='word_1_680' title='bbox 711 4848 762 4901; x_wconf 89' lang='lat' dir='ltr'><strong>id</strong></span> <span class='ocrx_word' id='word_1_681' title='bbox 793 4858 895 4909; x_wconf 82' lang='lat' dir='ltr'><strong>est,</strong></span> <span class='ocrx_word' id='word_1_682' title='bbox 921 4845 1163 4920; x_wconf 75' lang='lat' dir='ltr'><strong>ejusdem</strong></span> <span class='ocrx_word' id='word_1_683' title='bbox 1186 4843 1437 4897; x_wconf 69' lang='lat' dir='ltr'><strong>essentia:</strong></span> <span class='ocrx_word' id='word_1_684' title='bbox 1455 4844 1964 4900; x_wconf 75' lang='lat' dir='ltr'><strong>siveconsubstan-</strong></span> 
     </span>
    </p>
   </div>
   <div class='ocr_carea' id='block_1_96' title="bbox 367 4934 1966 5007">
    <p class='ocr_par' dir='ltr' id='par_1_96' title="bbox 367 4934 1966 5007">
     <span class='ocr_line' id='line_1_97' title="bbox 367 4934 1966 5007; baseline -0.001 -13"><span class='ocrx_word' id='word_1_685' title='bbox 367 4943 582 5007; x_wconf 85' lang='lat' dir='ltr'><strong>tialem,</strong></span> <span class='ocrx_word' id='word_1_686' title='bbox 631 4948 694 4992; x_wconf 88' lang='lat' dir='ltr'><strong>ut</strong></span> <span class='ocrx_word' id='word_1_687' title='bbox 753 4938 1016 5005; x_wconf 83' lang='lat' dir='ltr'><strong>scriptum</strong></span> <span class='ocrx_word' id='word_1_688' title='bbox 1061 4948 1185 4998; x_wconf 68' lang='lat' dir='ltr'><strong>esu</strong></span> <span class='ocrx_word' id='word_1_689' title='bbox 1237 4934 1488 4990; x_wconf 77' lang='lat' dir='ltr'><strong>conﬁteri</strong></span> <span class='ocrx_word' id='word_1_690' title='bbox 1549 4949 1810 5004; x_wconf 76' lang='lat' dir='ltr'><strong>praeterea</strong></span> <span class='ocrx_word' id='word_1_691' title='bbox 1868 4938 1966 4992; x_wconf 86' lang='lat' dir='ltr'><strong>Pa-</strong></span> 
     </span>
    </p>
   </div>
   <div class='ocr_carea' id='block_1_97' title="bbox 289 5027 1961 5101">
    <p class='ocr_par' dir='ltr' id='par_1_97' title="bbox 289 5027 1961 5101">
     <span class='ocr_line' id='line_1_98' title="bbox 289 5027 1961 5101; baseline -0.004 -13"><span class='ocrx_word' id='word_1_692' title='bbox 289 5075 293 5079; x_wconf 85' lang='lat'><strong>.</strong></span> <span class='ocrx_word' id='word_1_693' title='bbox 365 5045 502 5092; x_wconf 90' lang='lat' dir='ltr'><strong>trem</strong></span> <span class='ocrx_word' id='word_1_694' title='bbox 527 5033 578 5088; x_wconf 90' lang='lat' dir='ltr'><strong>in</strong></span> <span class='ocrx_word' id='word_1_695' title='bbox 613 5030 836 5101; x_wconf 85' lang='lat' dir='ltr'><strong>propria</strong></span> <span class='ocrx_word' id='word_1_696' title='bbox 879 5040 1137 5099; x_wconf 82' lang='lat' dir='ltr'><strong>persona,</strong></span> <span class='ocrx_word' id='word_1_697' title='bbox 1168 5034 1224 5082; x_wconf 81' lang='lat' dir='ltr'><strong>et</strong></span> <span class='ocrx_word' id='word_1_698' title='bbox 1254 5027 1456 5082; x_wconf 84' lang='lat' dir='ltr'><strong>Filium</strong></span> <span class='ocrx_word' id='word_1_699' title='bbox 1499 5027 1553 5082; x_wconf 91' lang='lat' dir='ltr'><strong>in</strong></span> <span class='ocrx_word' id='word_1_700' title='bbox 1578 5029 1795 5098; x_wconf 88' lang='lat' dir='ltr'><strong>propria</strong></span> <span class='ocrx_word' id='word_1_701' title='bbox 1821 5037 1878 5084; x_wconf 85' lang='lat' dir='ltr'><strong>et</strong></span> <span class='ocrx_word' id='word_1_702' title='bbox 1909 5031 1961 5082; x_wconf 93' lang='lat' dir='ltr'><strong>in</strong></span> 
     </span>
    </p>
   </div>
   <div class='ocr_carea' id='block_1_98' title="bbox 364 5119 1960 5194">
    <p class='ocr_par' dir='ltr' id='par_1_98' title="bbox 364 5119 1960 5194">
     <span class='ocr_line' id='line_1_99' title="bbox 364 5119 1960 5194; baseline 0 -20"><span class='ocrx_word' id='word_1_703' title='bbox 364 5125 583 5194; x_wconf 80' lang='lat' dir='ltr'><strong>propria</strong></span> <span class='ocrx_word' id='word_1_704' title='bbox 615 5121 883 5190; x_wconf 88' lang='lat' dir='ltr'><strong>Spiritum</strong></span> <span class='ocrx_word' id='word_1_705' title='bbox 920 5129 1196 5174; x_wconf 88' lang='lat' dir='ltr'><strong>sanctum.</strong></span> <span class='ocrx_word' id='word_1_706' title='bbox 1232 5119 1703 5184; x_wconf 85' lang='lat' dir='ltr'><strong>Quemadmodum</strong></span> <span class='ocrx_word' id='word_1_707' title='bbox 1768 5135 1824 5175; x_wconf 90' lang='lat' dir='ltr'><strong>et</strong></span> <span class='ocrx_word' id='word_1_708' title='bbox 1862 5120 1960 5190; x_wconf 89' lang='lat' dir='ltr'><strong>ipsi</strong></span> 
     </span>
    </p>
   </div>
   <div class='ocr_carea' id='block_1_99' title="bbox 361 5212 1962 5284">
    <p class='ocr_par' dir='ltr' id='par_1_99' title="bbox 361 5212 1962 5284">
     <span class='ocr_line' id='line_1_100' title="bbox 361 5212 1962 5284; baseline -0.002 -13"><span class='ocrx_word' id='word_1_709' title='bbox 361 5216 556 5272; x_wconf 80' lang='lat' dir='ltr'><strong>Patres</strong></span> <span class='ocrx_word' id='word_1_710' title='bbox 587 5213 1284 5284; x_wconf 69' lang='lat' dir='ltr'><strong>perSpicuetradiderunt;</strong></span> <span class='ocrx_word' id='word_1_711' title='bbox 1319 5214 1564 5268; x_wconf 83' lang='lat' dir='ltr'><strong>dicentes</strong></span> <span class='ocrx_word' id='word_1_712' title='bbox 1593 5212 1737 5268; x_wconf 85' lang='lat' dir='ltr'><strong>enim</strong></span> <span class='ocrx_word' id='word_1_713' title='bbox 1770 5228 1786 5265; x_wconf 87' lang='lat'><strong>:</strong></span> <span class='ocrx_word' id='word_1_714' title='bbox 1825 5212 1962 5267; x_wconf 53' lang='lat' dir='ltr'><strong>«Lu&#39;</strong></span> 
     </span>
    </p>
   </div>
   <div class='ocr_carea' id='block_1_100' title="bbox 365 5302 1962 5372">
    <p class='ocr_par' dir='ltr' id='par_1_100' title="bbox 365 5302 1962 5372">
     <span class='ocr_line' id='line_1_101' title="bbox 365 5302 1962 5372; baseline -0.002 -11"><span class='ocrx_word' id='word_1_715' title='bbox 365 5323 488 5361; x_wconf 87' lang='lat' dir='ltr'><strong>men</strong></span> <span class='ocrx_word' id='word_1_716' title='bbox 527 5307 596 5363; x_wconf 83' lang='lat' dir='ltr'><strong>de</strong></span> <span class='ocrx_word' id='word_1_717' title='bbox 620 5306 853 5370; x_wconf 79' lang='lat' dir='ltr'><strong>lumine,</strong></span> <span class='ocrx_word' id='word_1_718' title='bbox 886 5302 1022 5358; x_wconf 78' lang='lat' dir='ltr'><strong>satis</strong></span> <span class='ocrx_word' id='word_1_719' title='bbox 1048 5313 1240 5372; x_wconf 82' lang='lat' dir='ltr'><strong>aperte</strong></span> <span class='ocrx_word' id='word_1_720' title='bbox 1280 5303 1654 5371; x_wconf 73' lang='lat' dir='ltr'><strong>declararunt,</strong></span> <span class='ocrx_word' id='word_1_721' title='bbox 1687 5305 1767 5360; x_wconf 83' lang='lat' dir='ltr'><strong>sic</strong></span> <span class='ocrx_word' id='word_1_722' title='bbox 1813 5305 1962 5358; x_wconf 76' lang='lat' dir='ltr'><strong>aliud</strong></span> 
     </span>
    </p>
   </div>
   <div class='ocr_carea' id='block_1_101' title="bbox 308 5395 1960 5474">
    <p class='ocr_par' dir='ltr' id='par_1_101' title="bbox 308 5395 1960 5474">
     <span class='ocr_line' id='line_1_102' title="bbox 308 5395 1960 5474; baseline -0.001 -23"><span class='ocrx_word' id='word_1_723' title='bbox 308 5423 310 5425; x_wconf 50' lang='grc'>&gt;</span> <span class='ocrx_word' id='word_1_724' title='bbox 361 5415 481 5454; x_wconf 75' lang='lat' dir='ltr'><strong>esse</strong></span> <span class='ocrx_word' id='word_1_725' title='bbox 502 5399 681 5456; x_wconf 89' lang='lat' dir='ltr'><strong>lumen</strong></span> <span class='ocrx_word' id='word_1_726' title='bbox 709 5399 958 5474; x_wconf 72' lang='lat' dir='ltr'><strong>gignens,</strong></span> <span class='ocrx_word' id='word_1_727' title='bbox 1008 5404 1064 5450; x_wconf 80' lang='lat' dir='ltr'><strong>et</strong></span> <span class='ocrx_word' id='word_1_728' title='bbox 1085 5395 1232 5450; x_wconf 81' lang='lat' dir='ltr'><strong>aliud</strong></span> <span class='ocrx_word' id='word_1_729' title='bbox 1293 5411 1415 5452; x_wconf 82' lang='lat' dir='ltr'><strong>esse</strong></span> <span class='ocrx_word' id='word_1_730' title='bbox 1465 5398 1651 5455; x_wconf 77' lang='lat' dir='ltr'><strong>lnrnen</strong></span> <span class='ocrx_word' id='word_1_731' title='bbox 1690 5401 1960 5468; x_wconf 74' lang='lat' dir='ltr'><strong>genitura,</strong></span> 
     </span>
    </p>
   </div>
   <div class='ocr_carea' id='block_1_102' title="bbox 362 5486 1674 5556">
    <p class='ocr_par' dir='ltr' id='par_1_102' title="bbox 362 5486 1674 5556">
     <span class='ocr_line' id='line_1_103' title="bbox 362 5486 1674 5556; baseline -0.001 -12"><span class='ocrx_word' id='word_1_732' title='bbox 362 5505 418 5544; x_wconf 87' lang='lat' dir='ltr'><strong>ut</strong></span> <span class='ocrx_word' id='word_1_733' title='bbox 439 5506 546 5546; x_wconf 87' lang='lat' dir='ltr'><strong>una</strong></span> <span class='ocrx_word' id='word_1_734' title='bbox 577 5500 758 5544; x_wconf 82' lang='lat' dir='ltr'><strong>tamen</strong></span> <span class='ocrx_word' id='word_1_735' title='bbox 790 5487 1095 5556; x_wconf 82' lang='lat' dir='ltr'><strong>eademque</strong></span> <span class='ocrx_word' id='word_1_736' title='bbox 1125 5486 1202 5546; x_wconf 67' lang='lat' dir='ltr'><strong>sit.</strong></span> <span class='ocrx_word' id='word_1_737' title='bbox 1223 5487 1480 5543; x_wconf 66' lang='lat' dir='ltr'><strong>essentia:</strong></span> <span class='ocrx_word' id='word_1_738' title='bbox 1509 5488 1674 5543; x_wconf 76' lang='lat' dir='ltr'><strong>ratio.</strong></span> 
     </span>
    </p>
   </div>
   <div class='ocr_carea' id='block_1_103' title="bbox 505 5599 1808 5669">
    <p class='ocr_par' dir='ltr' id='par_1_103' title="bbox 505 5599 1808 5669">
     <span class='ocr_line' id='line_1_104' title="bbox 505 5599 1808 5669; baseline 0.001 -13"><span class='ocrx_word' id='word_1_739' title='bbox 505 5600 761 5669; x_wconf 80' lang='lat' dir='ltr'><strong>Ejusdem</strong></span> <span class='ocrx_word' id='word_1_740' title='bbox 789 5615 855 5654; x_wconf 68' lang='lat' dir='ltr'><strong>es</strong></span> <span class='ocrx_word' id='word_1_741' title='bbox 888 5599 1061 5667; x_wconf 74' lang='lat' dir='ltr'><strong>rapite</strong></span> <span class='ocrx_word' id='word_1_742' title='bbox 1089 5609 1240 5654; x_wconf 65' lang='lat' dir='ltr'><strong>sexto</strong></span> <span class='ocrx_word' id='word_1_743' title='bbox 1267 5605 1336 5652; x_wconf 82' lang='lat' dir='ltr'><strong>ad</strong></span> <span class='ocrx_word' id='word_1_744' title='bbox 1362 5600 1808 5668; x_wconf 74' lang='lat' dir='ltr'><strong>Amphilochium.</strong></span> 
     </span>
    </p>
   </div>
   <div class='ocr_carea' id='block_1_104' title="bbox 432 5775 1952 5848">
    <p class='ocr_par' dir='ltr' id='par_1_104' title="bbox 432 5775 1952 5848">
     <span class='ocr_line' id='line_1_105' title="bbox 432 5775 1952 5848; baseline -0.001 -13"><span class='ocrx_word' id='word_1_745' title='bbox 432 5778 698 5835; x_wconf 73' lang='lat' dir='ltr'><strong>Noncum</strong></span> <span class='ocrx_word' id='word_1_746' title='bbox 734 5776 919 5843; x_wconf 86' lang='lat' dir='ltr'><strong>Patre,</strong></span> <span class='ocrx_word' id='word_1_747' title='bbox 949 5775 1224 5847; x_wconf 83' lang='lat' dir='ltr'><strong>inquiunt,</strong></span> <span class='ocrx_word' id='word_1_748' title='bbox 1259 5777 1352 5833; x_wconf 89' lang='lat' dir='ltr'><strong>sed</strong></span> <span class='ocrx_word' id='word_1_749' title='bbox 1411 5786 1534 5848; x_wconf 84' lang='lat' dir='ltr'><strong>post</strong></span> <span class='ocrx_word' id='word_1_750' title='bbox 1589 5777 1803 5834; x_wconf 86' lang='lat' dir='ltr'><strong>Patrem</strong></span> <span class='ocrx_word' id='word_1_751' title='bbox 1868 5790 1952 5834; x_wconf 82' lang='lat' dir='ltr'><strong>cst</strong></span> 
     </span>
    </p>
   </div>
   <div class='ocr_carea' id='block_1_105' title="bbox 2067 4581 3672 4661">
    <p class='ocr_par' dir='ltr' id='par_1_105' title="bbox 2067 4581 3672 4661">
     <span class='ocr_line' id='line_1_106' title="bbox 2067 4581 3672 4661; baseline 0.006 -27"><span class='ocrx_word' id='word_1_752' title='bbox 2067 4597 2159 4634; x_wconf 88' lang='grc' dir='ltr'><strong>ται</strong></span> <span class='ocrx_word' id='word_1_753' title='bbox 2194 4581 2292 4634; x_wconf 79' lang='grc' dir='ltr'><strong>τοῦ</strong></span> <span class='ocrx_word' id='word_1_754' title='bbox 2334 4585 2578 4655; x_wconf 77' lang='grc' dir='ltr'>πονηροῦ</span> <span class='ocrx_word' id='word_1_755' title='bbox 2625 4585 3001 4655; x_wconf 81' lang='grc' dir='ltr'>φρονήματος,</span> <span class='ocrx_word' id='word_1_756' title='bbox 3045 4587 3207 4640; x_wconf 84' lang='grc' dir='ltr'>τοῦτο</span> <span class='ocrx_word' id='word_1_757' title='bbox 3248 4588 3306 4641; x_wconf 81' lang='grc' dir='ltr'><strong>δὲ</strong></span> <span class='ocrx_word' id='word_1_758' title='bbox 3350 4590 3672 4661; x_wconf 83' lang='grc' dir='ltr'>φανέρωσιν</span> 
     </span>
    </p>
   </div>
   <div class='ocr_carea' id='block_1_106' title="bbox 2067 4673 3665 4753">
    <p class='ocr_par' dir='ltr' id='par_1_106' title="bbox 2067 4673 3665 4753">
     <span class='ocr_line' id='line_1_107' title="bbox 2067 4673 3665 4753; baseline 0.007 -26"><span class='ocrx_word' id='word_1_759' title='bbox 2067 4673 2182 4745; x_wconf 77' lang='grc' dir='ltr'>ἔχει</span> <span class='ocrx_word' id='word_1_760' title='bbox 2223 4674 2317 4728; x_wconf 82' lang='grc' dir='ltr'>τοῦ</span> <span class='ocrx_word' id='word_1_761' title='bbox 2362 4677 2637 4746; x_wconf 77' lang='grc' dir='ltr'>πατρικοῦ</span> <span class='ocrx_word' id='word_1_762' title='bbox 2679 4677 2972 4748; x_wconf 83' lang='grc' dir='ltr'>δόγματος.</span> <span class='ocrx_word' id='word_1_763' title='bbox 3015 4682 3110 4734; x_wconf 81' lang='grc' dir='ltr'><strong>Δεῖ</strong></span> <span class='ocrx_word' id='word_1_764' title='bbox 3149 4682 3330 4736; x_wconf 84' lang='grc' dir='ltr'>τοίνυν</span> <span class='ocrx_word' id='word_1_765' title='bbox 3374 4685 3665 4753; x_wconf 84' lang='grc' dir='ltr'>ὁμολογεῖν</span> 
     </span>
    </p>
   </div>
   <div class='ocr_carea' id='block_1_107' title="bbox 2066 4766 3663 4844">
    <p class='ocr_par' dir='ltr' id='par_1_107' title="bbox 2066 4766 3663 4844">
     <span class='ocr_line' id='line_1_108' title="bbox 2066 4766 3663 4844; baseline 0.008 -26"><span class='ocrx_word' id='word_1_766' title='bbox 2066 4766 2356 4836; x_wconf 84' lang='grc' dir='ltr'>ὁμοούσιον</span> <span class='ocrx_word' id='word_1_767' title='bbox 2400 4767 2480 4838; x_wconf 81' lang='grc' dir='ltr'>τῷ</span> <span class='ocrx_word' id='word_1_768' title='bbox 2526 4769 2704 4838; x_wconf 85' lang='grc' dir='ltr'>Πατρὶ</span> <span class='ocrx_word' id='word_1_769' title='bbox 2750 4771 2842 4822; x_wconf 83' lang='grc' dir='ltr'><strong>τὸν</strong></span> <span class='ocrx_word' id='word_1_770' title='bbox 2892 4771 3042 4838; x_wconf 81' lang='grc' dir='ltr'>Υίὺν,</span> <span class='ocrx_word' id='word_1_771' title='bbox 3076 4773 3262 4837; x_wconf 86' lang='grc' dir='ltr'>καθὼς</span> <span class='ocrx_word' id='word_1_772' title='bbox 3305 4775 3620 4844; x_wconf 81' lang='grc' dir='ltr'>γέγραπται</span> <span class='ocrx_word' id='word_1_773' title='bbox 3646 4794 3663 4810; x_wconf 82' lang='grc'><strong><em>⁸</em></strong></span> 
     </span>
    </p>
   </div>
   <div class='ocr_carea' id='block_1_108' title="bbox 2065 4859 3662 4939">
    <p class='ocr_par' dir='ltr' id='par_1_108' title="bbox 2065 4859 3662 4939">
     <span class='ocr_line' id='line_1_109' title="bbox 2065 4859 3662 4939; baseline 0.006 -27"><span class='ocrx_word' id='word_1_774' title='bbox 2065 4860 2350 4928; x_wconf 80' lang='grc' dir='ltr'>ὁμολογεῖν</span> <span class='ocrx_word' id='word_1_775' title='bbox 2411 4859 2475 4920; x_wconf 70' lang='grc' dir='ltr'><strong>δέ</strong></span> <span class='ocrx_word' id='word_1_776' title='bbox 2527 4864 2585 4914; x_wconf 83' lang='grc' dir='ltr'><strong>ἐν</strong></span> <span class='ocrx_word' id='word_1_777' title='bbox 2627 4861 2732 4933; x_wconf 74' lang='grc' dir='ltr'>ἰδίᾳ</span> <span class='ocrx_word' id='word_1_778' title='bbox 2787 4863 2888 4932; x_wconf 80' lang='grc' dir='ltr'>μὲν</span> <span class='ocrx_word' id='word_1_779' title='bbox 2930 4865 3228 4918; x_wconf 81' lang='grc' dir='ltr'>ὑποστάσει</span> <span class='ocrx_word' id='word_1_780' title='bbox 3270 4867 3358 4919; x_wconf 74' lang='grc' dir='ltr'><strong>τὸν</strong></span> <span class='ocrx_word' id='word_1_781' title='bbox 3405 4867 3662 4939; x_wconf 79' lang='grc' dir='ltr'>Πατέρα,</span> 
     </span>
    </p>
   </div>
   <div class='ocr_carea' id='block_1_109' title="bbox 2069 4947 3663 5027">
    <p class='ocr_par' dir='ltr' id='par_1_109' title="bbox 2069 4947 3663 5027">
     <span class='ocr_line' id='line_1_110' title="bbox 2069 4947 3663 5027; baseline 0.006 -26"><span class='ocrx_word' id='word_1_782' title='bbox 2069 4951 2127 5001; x_wconf 88' lang='grc' dir='ltr'><strong>ἐν</strong></span> <span class='ocrx_word' id='word_1_783' title='bbox 2165 4948 2276 5020; x_wconf 75' lang='grc' dir='ltr'><strong>ἰδίᾳ</strong></span> <span class='ocrx_word' id='word_1_784' title='bbox 2316 4947 2374 5001; x_wconf 85' lang='grc' dir='ltr'><strong>δέ</strong></span> <span class='ocrx_word' id='word_1_785' title='bbox 2413 4949 2506 5003; x_wconf 84' lang='grc' dir='ltr'><strong>τὸν</strong></span> <span class='ocrx_word' id='word_1_786' title='bbox 2549 4951 2700 5017; x_wconf 71' lang='grc' dir='ltr'>Υίὺν,</span> <span class='ocrx_word' id='word_1_787' title='bbox 2743 4953 2839 5005; x_wconf 78' lang='grc' dir='ltr'>καὶ</span> <span class='ocrx_word' id='word_1_788' title='bbox 2880 4956 2937 5007; x_wconf 88' lang='grc' dir='ltr'><strong>ἐν</strong></span> <span class='ocrx_word' id='word_1_789' title='bbox 2982 4955 3088 5024; x_wconf 77' lang='grc' dir='ltr'>ἰδίᾳ</span> <span class='ocrx_word' id='word_1_790' title='bbox 3131 4955 3190 5007; x_wconf 87' lang='grc' dir='ltr'><strong>δέ</strong></span> <span class='ocrx_word' id='word_1_791' title='bbox 3226 4955 3288 5008; x_wconf 86' lang='grc' dir='ltr'><strong>τὸ</strong></span> <span class='ocrx_word' id='word_1_792' title='bbox 3333 4957 3558 5027; x_wconf 83' lang='grc' dir='ltr'>Πνεῦμα</span> <span class='ocrx_word' id='word_1_793' title='bbox 3601 4960 3663 5011; x_wconf 82' lang='grc' dir='ltr'><strong>τὸ</strong></span> 
     </span>
    </p>
   </div>
   <div class='ocr_carea' id='block_1_110' title="bbox 2067 5040 3660 5119">
    <p class='ocr_par' dir='ltr' id='par_1_110' title="bbox 2067 5040 3660 5119">
     <span class='ocr_line' id='line_1_111' title="bbox 2067 5040 3660 5119; baseline 0.005 -25"><span class='ocrx_word' id='word_1_794' title='bbox 2067 5041 2253 5108; x_wconf 81' lang='grc' dir='ltr'>ἆγιον,</span> <span class='ocrx_word' id='word_1_795' title='bbox 2288 5040 2436 5094; x_wconf 84' lang='grc' dir='ltr'>καθὰ</span> <span class='ocrx_word' id='word_1_796' title='bbox 2469 5043 2565 5095; x_wconf 83' lang='grc' dir='ltr'>καὶ</span> <span class='ocrx_word' id='word_1_797' title='bbox 2597 5045 2753 5097; x_wconf 79' lang='grc' dir='ltr'>αὐτοὶ</span> <span class='ocrx_word' id='word_1_798' title='bbox 2789 5045 2978 5114; x_wconf 80' lang='grc' dir='ltr'>σαφῶς</span> <span class='ocrx_word' id='word_1_799' title='bbox 3013 5046 3404 5102; x_wconf 82' lang='grc' dir='ltr'>ἐκδεδώκασιν.</span> <span class='ocrx_word' id='word_1_800' title='bbox 3438 5050 3660 5119; x_wconf 78' lang='grc' dir='ltr'>Αὐτάρ-</span> 
     </span>
    </p>
   </div>
   <div class='ocr_carea' id='block_1_111' title="bbox 2067 5132 3665 5207">
    <p class='ocr_par' dir='ltr' id='par_1_111' title="bbox 2067 5132 3665 5207">
     <span class='ocr_line' id='line_1_112' title="bbox 2067 5132 3665 5207; baseline 0.008 -23"><span class='ocrx_word' id='word_1_801' title='bbox 2067 5149 2178 5194; x_wconf 87' lang='grc' dir='ltr'><strong>κως</strong></span> <span class='ocrx_word' id='word_1_802' title='bbox 2209 5132 2320 5203; x_wconf 80' lang='grc' dir='ltr'>γὰρ</span> <span class='ocrx_word' id='word_1_803' title='bbox 2353 5133 2452 5187; x_wconf 82' lang='grc' dir='ltr'>καὶ</span> <span class='ocrx_word' id='word_1_804' title='bbox 2487 5135 2675 5205; x_wconf 85' lang='grc' dir='ltr'>σαφῶς</span> <span class='ocrx_word' id='word_1_805' title='bbox 2709 5137 3042 5203; x_wconf 74' lang='grc' dir='ltr'>ἐνεδείξαντο</span> <span class='ocrx_word' id='word_1_806' title='bbox 3075 5140 3348 5207; x_wconf 80' lang='grc' dir='ltr'>εἰπόντες,</span> <span class='ocrx_word' id='word_1_807' title='bbox 3385 5159 3404 5192; x_wconf 75' lang='grc' dir='ltr'><strong>ι</strong></span> <span class='ocrx_word' id='word_1_808' title='bbox 3440 5141 3560 5203; x_wconf 83' lang='grc' dir='ltr'>Φῶς</span> <span class='ocrx_word' id='word_1_809' title='bbox 3595 5145 3665 5196; x_wconf 82' lang='grc' dir='ltr'><strong>ἐκ</strong></span> 
     </span>
    </p>
   </div>
   <div class='ocr_carea' id='block_1_112' title="bbox 2067 5228 3662 5307">
    <p class='ocr_par' dir='ltr' id='par_1_112' title="bbox 2067 5228 3662 5307">
     <span class='ocr_line' id='line_1_113' title="bbox 2067 5228 3662 5307; baseline 0.008 -31"><span class='ocrx_word' id='word_1_810' title='bbox 2067 5229 2267 5293; x_wconf 83' lang='grc' dir='ltr'>φωτὸς,</span> <span class='ocrx_word' id='word_1_811' title='bbox 2306 5245 2328 5280; x_wconf 76' lang='grc' dir='ltr'><strong>ι</strong></span> <span class='ocrx_word' id='word_1_812' title='bbox 2355 5228 2440 5281; x_wconf 81' lang='grc' dir='ltr'>ὅτι</span> <span class='ocrx_word' id='word_1_813' title='bbox 2468 5229 2655 5300; x_wconf 73' lang='grc' dir='ltr'>ἕτερον</span> <span class='ocrx_word' id='word_1_814' title='bbox 2687 5233 2788 5299; x_wconf 82' lang='grc' dir='ltr'><strong>μὲν</strong></span> <span class='ocrx_word' id='word_1_815' title='bbox 2819 5234 2880 5286; x_wconf 86' lang='grc' dir='ltr'>τὸ</span> <span class='ocrx_word' id='word_1_816' title='bbox 2911 5233 3183 5304; x_wconf 83' lang='grc' dir='ltr'>γεννῆσαν</span> <span class='ocrx_word' id='word_1_817' title='bbox 3214 5234 3351 5304; x_wconf 88' lang='grc' dir='ltr'>φῶς,</span> <span class='ocrx_word' id='word_1_818' title='bbox 3382 5236 3573 5307; x_wconf 74' lang='grc' dir='ltr'>ἕτερον</span> <span class='ocrx_word' id='word_1_819' title='bbox 3601 5236 3662 5289; x_wconf 83' lang='grc' dir='ltr'><strong>δὲ</strong></span> 
     </span>
    </p>
   </div>
   <div class='ocr_carea' id='block_1_113' title="bbox 2066 5320 3662 5397">
    <p class='ocr_par' dir='ltr' id='par_1_113' title="bbox 2066 5320 3662 5397">
     <span class='ocr_line' id='line_1_114' title="bbox 2066 5320 3662 5397; baseline 0.009 -27"><span class='ocrx_word' id='word_1_820' title='bbox 2066 5321 2127 5371; x_wconf 82' lang='grc' dir='ltr'>τὸ</span> <span class='ocrx_word' id='word_1_821' title='bbox 2157 5320 2443 5391; x_wconf 84' lang='grc' dir='ltr'>γεννηθὲν,</span> <span class='ocrx_word' id='word_1_822' title='bbox 2473 5324 2590 5392; x_wconf 87' lang='grc' dir='ltr'><strong>φῶς</strong></span> <span class='ocrx_word' id='word_1_823' title='bbox 2624 5326 2833 5396; x_wconf 83' lang='grc' dir='ltr'>μέντοι,</span> <span class='ocrx_word' id='word_1_824' title='bbox 2859 5332 2954 5381; x_wconf 77' lang='grc' dir='ltr'>καὶ</span> <span class='ocrx_word' id='word_1_825' title='bbox 2985 5329 3125 5397; x_wconf 87' lang='grc' dir='ltr'>φῶς,</span> <span class='ocrx_word' id='word_1_826' title='bbox 3153 5327 3296 5383; x_wconf 81' lang='grc' dir='ltr'>ὥστε</span> <span class='ocrx_word' id='word_1_827' title='bbox 3325 5331 3424 5384; x_wconf 75' lang='grc' dir='ltr'>ἕνα</span> <span class='ocrx_word' id='word_1_828' title='bbox 3448 5332 3542 5384; x_wconf 82' lang='grc' dir='ltr'><strong>καὶ</strong></span> <span class='ocrx_word' id='word_1_829' title='bbox 3567 5331 3662 5385; x_wconf 82' lang='grc' dir='ltr'><strong>τὸν</strong></span> 
     </span>
    </p>
   </div>
   <div class='ocr_carea' id='block_1_114' title="bbox 2065 5409 3087 5488">
    <p class='ocr_par' dir='ltr' id='par_1_114' title="bbox 2065 5409 3087 5488">
     <span class='ocr_line' id='line_1_115' title="bbox 2065 5409 3087 5488; baseline 0.01 -24"><span class='ocrx_word' id='word_1_830' title='bbox 2065 5411 2230 5465; x_wconf 85' lang='grc' dir='ltr'>αὐτὸν</span> <span class='ocrx_word' id='word_1_831' title='bbox 2260 5409 2402 5467; x_wconf 77' lang='grc' dir='ltr'>εἶναι</span> <span class='ocrx_word' id='word_1_832' title='bbox 2433 5415 2527 5471; x_wconf 73' lang='grc' dir='ltr'><strong>τὸν</strong></span> <span class='ocrx_word' id='word_1_833' title='bbox 2557 5417 2657 5487; x_wconf 80' lang='grc' dir='ltr'>τῆς</span> <span class='ocrx_word' id='word_1_834' title='bbox 2688 5419 2875 5483; x_wconf 84' lang='grc' dir='ltr'>οὐσίας</span> <span class='ocrx_word' id='word_1_835' title='bbox 2905 5419 3087 5488; x_wconf 82' lang='grc' dir='ltr'>λόγον.</span> 
     </span>
    </p>
   </div>
   <div class='ocr_carea' id='block_1_115' title="bbox 2070 5616 3662 5696">
    <p class='ocr_par' dir='ltr' id='par_1_115' title="bbox 2070 5616 3662 5696">
     <span class='ocr_line' id='line_1_116' title="bbox 2070 5616 3662 5696; baseline 0.008 -27"><span class='ocrx_word' id='word_1_836' title='bbox 2070 5616 2180 5670; x_wconf 86' lang='grc' dir='ltr'><strong>Τοῦ</strong></span> <span class='ocrx_word' id='word_1_837' title='bbox 2224 5617 2411 5672; x_wconf 84' lang='grc' dir='ltr'>αὑτοῦ</span> <span class='ocrx_word' id='word_1_838' title='bbox 2453 5619 2573 5674; x_wconf 77' lang='grc' dir='ltr'><strong>ἀπὸ</strong></span> <span class='ocrx_word' id='word_1_839' title='bbox 2611 5623 2717 5696; x_wconf 83' lang='grc' dir='ltr'>τοῦ</span> <span class='ocrx_word' id='word_1_840' title='bbox 2757 5623 2934 5696; x_wconf 70' lang='grc' dir='ltr'>ἕκτου</span> <span class='ocrx_word' id='word_1_841' title='bbox 2975 5629 3312 5694; x_wconf 69' lang='grc' dir='ltr'>κεφαλαίου</span> <span class='ocrx_word' id='word_1_842' title='bbox 3353 5627 3470 5682; x_wconf 81' lang='grc' dir='ltr'><strong>τῶν</strong></span> <span class='ocrx_word' id='word_1_843' title='bbox 3509 5628 3662 5696; x_wconf 73' lang='grc' dir='ltr'>πρὸς</span> 
     </span>
    </p>
   </div>
   <div class='ocr_carea' id='block_1_116' title="bbox 2673 5695 3083 5762">
    <p class='ocr_par' dir='ltr' id='par_1_116' title="bbox 2673 5695 3083 5762">
     <span class='ocr_line' id='line_1_117' title="bbox 2673 5695 3083 5762; baseline 0.012 -18"><span class='ocrx_word' id='word_1_844' title='bbox 2673 5695 3083 5762; x_wconf 67' lang='grc' dir='ltr'>Ἀμφιλόχιον.</span> 
     </span>
    </p>
   </div>
   <div class='ocr_carea' id='block_1_117' title="bbox 2136 5783 3662 5862">
    <p class='ocr_par' dir='ltr' id='par_1_117' title="bbox 2136 5783 3662 5862">
     <span class='ocr_line' id='line_1_118' title="bbox 2136 5783 3662 5862; baseline 0.007 -27"><span class='ocrx_word' id='word_1_845' title='bbox 2136 5783 2212 5836; x_wconf 89' lang='grc' dir='ltr'>Οὐ</span> <span class='ocrx_word' id='word_1_846' title='bbox 2242 5786 2378 5854; x_wconf 75' lang='grc' dir='ltr'>μετὰ</span> <span class='ocrx_word' id='word_1_847' title='bbox 2407 5786 2644 5854; x_wconf 77' lang='grc' dir='ltr'>Πατρὸς,</span> <span class='ocrx_word' id='word_1_848' title='bbox 2671 5792 2858 5858; x_wconf 74' lang='grc' dir='ltr'>φησὶν,</span> <span class='ocrx_word' id='word_1_849' title='bbox 2881 5790 2910 5842; x_wconf 79' lang='grc' dir='ltr'><strong>ὁ</strong></span> <span class='ocrx_word' id='word_1_850' title='bbox 2939 5790 3085 5858; x_wconf 75' lang='grc' dir='ltr'>Υἱὸς,</span> <span class='ocrx_word' id='word_1_851' title='bbox 3108 5791 3246 5847; x_wconf 78' lang='grc' dir='ltr'>ἀλλὰ</span> <span class='ocrx_word' id='word_1_852' title='bbox 3273 5793 3410 5862; x_wconf 83' lang='grc' dir='ltr'>μετὰ</span> <span class='ocrx_word' id='word_1_853' title='bbox 3436 5793 3524 5846; x_wconf 81' lang='grc' dir='ltr'><strong>τὸν</strong></span> <span class='ocrx_word' id='word_1_854' title='bbox 3549 5793 3662 5846; x_wconf 84' lang='grc' dir='ltr'><strong>Πα-</strong></span> 
     </span>
    </p>
   </div>
  </div>
