4058 6402
438 372 547 438 557
1401 364 1779 434 PANOPIJA
1819 368 2284 432 DOGMATICA.
2328 396 2396 407 -
2435 370 2588 432 ΤΙΤ.
2640 370 2750 430 XI.
3604 374 3707 435 55?

436 492 591 560 τέρα.
622 488 821 559 Διόπερ
846 486 1138 541 ἀκόλουθον
1164 484 1230 539 δι’
1257 485 1422 540 αὑτοῦ
1447 488 1547 556 τὴν
1572 486 1731 553 δόξαν
1755 485 1832 554 τῷ
1856 486 2004 555 Πατρ

2135 482 2324 542 Filius.
2351 485 2530 553 Quare
2560 492 2986 542 consentaneum
3010 492 3117 548 est,
3158 492 3219 539 ut
3250 482 3426 539 honor
3446 486 3709 543 exhibea-

440 585 771 653 προσάγειν,
806 581 924 633 ἀλλ’
955 580 1076 650 οὐχὶ
1118 580 1238 649 μετ’
1268 574 1453 633 αὑτοῦ.
1492 580 1534 631 Τ
1540 584 1568 631 ὸ
1611 578 1711 647 μὲν
1746 578 1858 648 γάρ
1904 595 2004 649 μετ

2131 588 2217 633 tur
2245 579 2389 632 Patri
2415 593 2508 646 per
2530 577 2729 646 ipsum,
2759 591 2865 631 non
2892 591 3019 630 cum
3052 576 3190 643 ipso.
3219 575 3353 630 Cum
3410 576 3525 646 ipso
3557 581 3701 633 enim

438 673 607 728 αὐτοῦ
640 674 740 741 τὴν
778 672 1053 741 ἰσοτιμίαν
1085 669 1273 740 δηλοῖ,
1306 668 1367 722 τὸ
1405 669 1463 722 δὲ
1502 667 1568 721 δι’
1590 661 1649 722 οὗ
1683 668 1782 737 τὴν
1817 669 2004 737 ὑπουρι

2130 687 2313 741 parem
2342 671 2660 740 dignitatem
2715 669 3247 738 signat;peripsum
3279 681 3457 723 autem
3519 681 3705 727 osten-

438 768 561 831 γίαν
607 766 961 834 παρίστησιν.
1005 761 1147 816 Οὕτε
1194 763 1303 831 μὴν
1352 763 1449 815 σὺν
1493 760 1572 831 τῷ
1617 761 1815 830 Πατρὶ,
1866 763 2001 830 φησι

2127 766 2205 818 dit
2230 764 2611 818 ministerium.
2650 761 2762 817 Nec
2785 776 2915 816 vero
2949 777 3071 815 cum
3110 762 3295 823 Patre,
3325 761 3600 828 inquiunt.
3652 772 3707 815 et

442 854 534 907 καὶ
562 853 641 923 τῷ
678 854 788 922 Υἱῷ
816 854 878 905 τὸ
914 852 1140 921 Πνεῦμα
1170 851 1427 913 τακτέον,
1459 851 1575 904 ἀλλ’
1602 851 1706 903 ὑπὸ
1736 852 1826 903 τὸν
1859 851 1991 904 Υίδν

2126 858 2262 912 Filio
2304 858 2542 926 Spiritus
2578 856 2927 911 collomndus
2966 864 3069 919 est,
3118 855 3211 909 sed
3266 863 3387 923 post
3415 853 3612 908 Filium
3655 866 3706 907 et

440 945 538 999 καὶ
573 944 666 998 τὸν
705 945 948 1014 Πατέρα,
983 944 1043 997 οὐ
1083 942 1541 1011 συντεταγμένον,
1581 940 1696 995 ἀλλ’
1722 943 1995 1010 ὑποτεταγ

2128 951 2343 1005 Patrem
2370 950 2801 1013 constituendus,
2833 962 3008 1017 neque
3039 962 3161 1001 cum
3190 944 3317 1011 illis,
3351 947 3443 999 sed
3473 946 3573 1000 Sub
3598 946 3706 999 illis

443 1039 638 1107 μένον,
690 1037 811 1090 οὐδὲ
863 1035 1404 1105 συναριθμούμενον,
1455 1034 1572 1088 ἀλλ’
1606 1034 2004 1105 ὑπαριθμούμε·

2128 1043 2513 1097 numerandus.
2550 1040 2859 1096 istiusmodi
2884 1039 3173 1093 verborum
3223 1039 3461 1092 artiticio
3512 1052 3703 1107 puram

436 1144 551 1183 νιν.
598 1130 706 1183 Καὶ
753 1128 1034 1191 τοιαύταις
1076 1130 1190 1182 τισὶ
1236 1126 1606 1197 τεχνολογίαις
1652 1128 1918 1197 ῥημάτων
1961 1127 2004 1179 τί

2126 1135 2247 1188 ﬁdei
2280 1133 2690 1204 simplicitatem
2723 1141 3066 1202 pervertunt.
3101 1129 3315 1196 Quibus
3370 1131 3706 1198 respOudeu-

440 1221 647 1275 ἀπλοῦν
697 1221 791 1274 καὶ
846 1219 1227 1274 ἀκατάσκευον
1273 1220 1373 1290 τῆς
1422 1218 1663 1282 πίστεως
1712 1220 2004 1289 ἐνδιαστρέ·

2123 1230 2251 1283 dum
2304 1239 2410 1293 est,
2476 1243 2575 1283 nos
2629 1243 2750 1282 cum
2786 1225 3197 1294 amplitudinem
3242 1234 3451 1279 natura
3504 1224 3708 1293 linige-

442 1318 622 1383 φουσι.
659 1313 803 1382 Πρὸς
834 1310 928 1373 οὓς
964 1310 1367 1382 ἀπολογητέον,
1404 1310 1481 1371 ὡς
1518 1311 1712 1379 ἡμεῖς,
1750 1306 1880 1362 ὅταν
1918 1310 2004 1379 μὲι

2125 1322 2243 1385 niti,
2266 1332 2322 1376 et
2349 1321 2626 1392 dignitatis
2679 1320 2793 1390 ejus
2835 1317 3214 1372 excellentiam
3246 1314 3705 1383 icontemplamur,

436 1407 504 1459 τδ
538 1404 823 1475 μεγαλεῖον
856 1405 957 1469 τῆς
993 1401 1206 1469 φύσεως
1239 1400 1333 1454 τοῦ
1368 1399 1751 1468 Μονογενοῦς,
1790 1402 1886 1454 καὶ
1920 1401 2004 1470 sip

2120 1414 2345 1484 gloriam
2380 1413 2456 1467 illi
2481 1413 2639 1466 simul
2660 1427 2783 1467 cum
2814 1409 3001 1474 Patre,
3031 1418 3084 1462 et
3112 1423 3215 1462 una
3243 1423 3367 1462 cum
3395 1406 3554 1460 Patre
3583 1421 3706 1460 esse

440 1498 543 1569 τῆς
586 1488 741 1562 ἀξίας
784 1494 1059 1564 ὑπεροχὴν
1103 1494 1434 1564 θεωρῶμεν,
1480 1494 1620 1563 μετὰ
1664 1491 1873 1565 Harpe;
1922 1495 2018 1547 καὶ

442 1590 540 1643 σὺν
567 1588 745 1658 Πατρὶ
770 1580 909 1641 εἶναι
941 1587 1091 1656 αὐτῷ
1115 1586 1214 1655 τὴν
1240 1585 1398 1649 δόξαν
1427 1584 1816 1656 μαρτυροῦμεν
1843 1601 1855 1615 ⁸
1888 1574 2017 1641 ὅταν

430 1682 498 1735 ﬁt
521 1681 621 1751 τὴν
650 1680 731 1742 είς
762 1679 910 1749 ἡμᾶς
944 1678 1212 1747 χορηγίαν
1239 1674 1348 1728 τῶν
1376 1673 1600 1743 ἀγαθῶν
1633 1677 1978 1748 ἐννοήσωμεν
1996 1720 2012 1745 ,

438 1774 475 1844 ἦ
504 1775 604 1843 τὴν
634 1772 792 1843 ήμῶν
822 1771 1003 1823 αὐτῶν
1034 1770 1407 1840 προσαγωγὴν
1438 1770 1531 1823 καὶ
1561 1768 1843 1824 οἰκείοισιν
1873 1772 2014 1841 πρὸς

438 1866 531 1920 τὸν
560 1865 721 1926 Θεὸν,
753 1863 820 1917 δι’
846 1862 1010 1916 αὐτοῦ
1042 1862 1133 1915 καὶ
1162 1865 1218 1914 ὲν
1248 1861 1396 1932 αὺτῷ
1421 1861 1766 1933 ἐνεργεῖσθαι
1797 1861 1892 1934 τὴν
1920 1863 2020 1934 χά-

436 1977 529 2031 ριν
555 1959 689 2030 ἡμῖν
716 1959 922 2029 ταύτην
950 1955 1343 2027 ὁμολογοῦμεν.

441 2072 575 2132 Ἔτι
621 2075 772 2129 κατὰ
812 2074 1134 2141 Ἀρειανῶν
1191 2076 1255 2126 τε
1307 2070 1405 2141 καί
1464 2071 1873 2137 Εὐνομίαν-ὤν’
1902 2076 2013 2130 τοῦ

503 2146 773 2217 μεγάλου
801 2140 1137 2214 Γρηγορίου
1165 2144 1274 2202 τοῦ
1307 2140 1603 2212 Θεολότσυ
1641 2143 1709 2195 ἐκ
1740 2143 1847 2198 τοῦ
1876 2147 2011 2214 περὶ

516 2218 655 2271 Υὶοῦ
682 2223 736 2271 a'
761 2218 978 2284 λόγου.

506 2322 631 2396 Uti»;
669 2326 762 2387 οὖν
799 2334 921 2403 οὐκ⁸
945 2334 1200 2402 ἐμπαθὴς
1230 2334 1263 2403 ἦ
1296 2333 1583 2401 γέννησις;
1618 2332 1744 2385 Ὅτι
1786 2329 2018 2399 ἀσώμα-

437 2436 548 2490 τος.
580 2418 641 2479 El
667 2428 777 2495 γὰρ
812 2426 846 2496 ἠ
878 2425 1195 2492 ἐνσώματος
1228 2426 1505 2491 ἐμπαθῆς,
1530 2423 1749 2496 ἀπαθὴς
1787 2424 1820 2494 ἦ
1864 2423 2014 2477 ἀσώο

440 2528 629 2588 ματος.
691 2518 835 2586 Ἐγὼ
888 2517 949 2571 δέ
999 2522 1059 2570 σε
1116 2511 1530 2587 ἀντερῆσομαι·
1582 2516 1704 2580 Πῶς
1753 2514 1909 2580 θεὸς,
1967 2520 2015 2570 εί

438 2608 646 2676 κτίσμα
671 2624 686 2670 ;
713 2608 788 2660 (Ἰῦ
824 2610 935 2678 γὰρ
967 2606 1099 2671 Θεὸς
1127 2610 1185 2661 eo
1224 2610 1577 2679 κτιζὸμενονο
1616 2607 1702 2661 ἵνα
1726 2588 1809 2679 ’μὴ
1848 2604 2011 2675 λέγω,

439 2702 519 2753 ὃτι
573 2698 852 2752 κάνταῦθα
910 2700 1106 2763 πάθος,
1145 2700 1212 2752 ἂν
1253 2699 1583 2767 σωματικῶς
1633 2699 2009 2768 λαμόἀνηται,

424 2783 549 2841 οἷον
601 2788 810 2856 χρόνος,
858 2790 1064 2856 ἔφεσις,
1113 2790 1483 2856 ἀνατύπωσις,
1535 2792 1777 2860 φροντὶς,
1831 2793 2010 2854 ἐλπὶς,

436 2880 603 2946 λύπη,
636 2879 900 2943 κίνδυνος,
931 2882 1220 2951 ἀποτυχία,
1253 2881 1539 2951 διόρθωσις
1563 2898 1578 2913 ·
1608 2882 1645 2936 ἀ
1694 2884 1871 2937 πάντα
1918 2885 2014 2935 καὶ

430 2973 611 3023 πλείω
663 2972 869 3026 τούτων
905 2974 1032 3041 περῖ
1073 2974 1173 3042 τὴν
1219 2974 1429 3037 κτίσιν,
1464 2973 1538 3034 ὡς
1581 2976 1745 3027 πᾶσιν
1790 2964 2010 3044 εὔδηλον

426 3065 711 3136 θαυμάζω
737 3066 816 3127 δὲ,
843 3067 923 3119 ὅτι
960 3066 1034 3135 μὴ
1066 3066 1160 3117 καὶ
1190 3064 1351 3118 τοῦτο
1379 3066 1605 3136 τολμᾷς,
1632 3068 2009 3135 συνδυασμούς

2120 1507 2306 1561 testari
2332 1522 2347 1559 :
2372 1514 2559 1560 atcum
2582 1505 2849 1560 bonorum
2878 1500 3218 1571 largitionem
3250 1498 3405 1552 nobis
3428 1494 3624 1552 factam
3651 1509 3706 1551 et

2120 1594 2590 1659 conciliationem,
2622 1602 2786 1662 atque
2807 1590 3251 1658 coniunctionem
3282 1592 3526 1644 nostram
3578 1588 3703 1641 cuiu

2122 1681 2228 1743 Deo
2248 1688 2570 1759 cogitamus,
2595 1701 2692 1757 per
2709 1686 2882 1756 ipsum
2909 1698 2963 1741 et
2992 1684 3044 1739 in
3065 1686 3182 1753 ipso
3207 1698 3306 1738 nos
3329 1697 3447 1736 eam
3472 1684 3703 1753 gratiam

2121 1790 2402 1837 assecutos
2417 1780 2688 1836 conliteri.

2118 2075 2254 2130 Item
2302 2082 2489 2127 contra
2531 2074 2759 2126 Ariunos
2781 2080 2827 2123 et
2865 2067 3452 2135 Eunomianammagui
3501 2063 3704 2135 Grego-

2284 2145 2350 2199 rii
2384 2143 2627 2212 Theologi
2663 2159 2727 2196 ea:
2771 2138 3004 2194 oration‘e
3030 2140 3203 2195 prima
3255 2140 3320 2189 de
3361 2133 3529 2189 Filio.

2194 2324 2480 2393 Quomodo
2541 2339 2670 2392 ergo
2723 2337 2752 2375 a
2804 2321 3063 2392 passione
3126 2315 3391 2373 immunis
3443 2323 3527 2371 est
3577 2318 3697 2372 haec

2129 2419 2457 2491 generatio?
2488 2417 2626 2483 Quia
2662 2416 3001 2484 incorporea.
3033 2402 3087 2466 Si
3118 2410 3262 2465 enim
3298 2410 3561 2480 carperea
3602 2426 3695 2479 ge-

2124 2515 2337 2567 neratio
2363 2510 2674 2582 passionem
2696 2506 3039 2576 cunjunetam
3068 2505 3251 2565 habet,
3276 2512 3472 2571 expers
3505 2502 3696 2572 utique

2122 2604 2395 2675 passionis
2443 2604 2550 2658 erit
2580 2598 3231 2669 incorporeageuerandi
3286 2596 3450 2650 ratio.
3517 2597 3694 2660 Atque

2119 2711 2221 2764 ego
2248 2712 2313 2749 ex
2355 2704 2407 2749 te
2440 2693 2680 2747 vicissim
2720 2707 2959 2759 quaram
2997 2709 3012 2746 :
3055 2689 3342 2755 Quomodo
3379 2689 3523 2741 Deus
3559 2687 3688 2741 erit.

2119 2787 2166 2841 si
2204 2794 2455 2840 creatura
2482 2796 2566 2839 est
2582 2788 2607 2840 '?
2662 2772 2777 2837 Non
2811 2783 2955 2838 enim
2994 2782 3137 2835 Deus
3167 2796 3286 2835 esse
3316 2788 3516 2849 potest,
3549 2779 3692 2847 quod

2120 2890 2381 2945 creatur;
2416 2894 2483 2933 ne
2512 2879 2715 2937 dicam,
2749 2876 2894 2953 quod
2920 2875 3010 2928 ltic
3037 2889 3259 2943 quoque
3290 2874 3477 2942 passio
3518 2875 3608 2934 sit,
3647 2873 3691 2925 .-i

2116 2985 2385 3040 corporeo
2417 2969 2577 3024 modo
2608 2969 2659 3022 id
2694 2967 3020 3036 accipiatur.
3054 2967 3157 3019 hoc
3184 2974 3290 3029 est,
3324 2978 3563 3033 tempus,
3586 2979 3690 3021 cu—

2118 3063 2338 3131 piditas.
2362 3062 2699 3123 informatio,
2729 3074 2889 3122 cura,
2922 3072 3070 3127 spes,
3108 3072 3334 3121 mceror,
3362 3058 3692 3124 perieulum,

438 3174 589 3219 τινας
639 3158 867 3220 ἐννοεῖν,
906 3155 1000 3210 καὶ
1043 3156 1271 3225 χρόνους
1297 3159 1567 3225 κυήσεως,
1604 3160 1697 3211 καὶ
1729 3158 2004 3221 κινδύνους

2114 3154 2227 3224 spei
2261 3153 2580 3215 frustratio,
2606 3155 2879 3207 correctio
2916 3171 2930 3207 :
2986 3167 3106 3220 quae
3156 3150 3358 3215 omnia,
3392 3159 3556 3220 atque
3603 3150 3690 3205 his

436 3248 799 3313 ἀμϐλώσεως,
835 3248 910 3311 ὡς
939 3248 1059 3299 οὑδὲ
1090 3249 1288 3319 γεννᾷν
1343 3250 1649 3319 ἐγχωροῦν,
1681 3252 1729 3303 εἰ
1764 3251 1838 3320 μὴ
1867 3250 2009 3303 οὕτω

430 3342 799 3408 γεγέννηκενο
835 3340 868 3413 ἢ
908 3342 1072 3393 πάλιν
1120 3340 1341 3408 πτηνῶν
1386 3359 1555 3408 τινας,
1596 3345 1694 3397 καὶ
1736 3344 2008 3412 χερσαίων

435 3433 529 3484 καὶ
586 3432 819 3501 ἐνύδρων
868 3433 1158 3503 γεννήσεις
1202 3434 1706 3503 ἀπαριθμούμενος,
1758 3435 2003 3487 τούτων·

436 3528 543 3575 τινὶ
569 3522 675 3577 τῶν
700 3526 1013 3595 γεννήσεων
1045 3525 1281 3592 ὑπάγειν
1309 3528 1410 3594 τὴν
1442 3526 1593 3577 θείαν
1648 3528 1742 3578 καὶ
1775 3526 2011 3579 ἀνεκλά-

448 3615 673 3688 λητον,ἢ
711 3617 811 3669 καὶ
851 3616 944 3669 τὸν
984 3615 1113 3668 Υίὸν
1149 3617 1392 3686 ἀναιρεῖν
1443 3618 1507 3668 ἐκ
1548 3615 1649 3680 τῆς
1688 3617 1880 3686 καινῆς
1914 3598 2007 3669 σοῧ

456 3706 761 3772 ὑποθέσεως,
805 3708 914 3762 Καὶ
958 3706 1071 3761 οὐδ’
1125 3709 1301 3761 ἐκεῖνο
1335 3708 1561 3762 δύνασαι
1609 3709 1868 3771 συνιδεῖν,
1924 3710 2007 3759 ὅτι

444 3789 490 3864 ᾧ
520 3797 760 3868 διάφορος
804 3800 838 3870 ἡ
893 3800 1034 3853 κατά
1086 3800 1267 3867 σάρκα
1316 3803 1571 3868 γέννησις
1618 3798 1747 3871 (ποῦ
1789 3801 1897 3869 γὰρ
1948 3801 2007 3851 ὲν

435 3890 545 3952 τοῖς
595 3893 702 3952 σοῖς
753 3891 931 3957 ἔγνως
982 3892 1245 3944 Θεοτόκον
1304 3890 1627 3960 Παρθένον),
1683 3890 1856 3960 τούτῳ
1907 3889 2003 3941 καὶ

427 3982 464 4050 ἠ
528 3983 871 4052 πνευματικῆ
933 3983 1191 4052 γέννησις
1255 3985 1655 4049 ὲξαλλάττουσα
1713 3999 1727 4011 ⁸
1801 3983 2005 4053 μᾶλλον

428 4072 507 4131 δὲ,
542 4063 588 4139 ᾧ
634 4073 697 4125 τὸ
742 4069 882 4126 εἶναι
941 4073 1017 4143 μὴ
1067 4074 1283 4141 ταυτὸν,
1333 4075 1509 4143 τούτῳ
1556 4075 1649 4127 καὶ
1694 4074 1755 4127 τὸ
1807 4075 2004 4143 γεννᾷν

420 4162 709 4232 διάφορον.

2116 3246 2296 3314 plura.
2335 3246 2478 3299 circa
2516 3254 2823 3298 creaturam
2858 3243 3104 3298 accidere
3138 3257 3298 3296 nemo
3333 3250 3418 3295 est
3450 3241 3541 3311 qui
3579 3258 3687 3296 non

2124 3338 2284 3393 facile
2315 3338 2628 3406 perSpiciat.
2686 3336 2933 3391 Demiror
2957 3346 3166 3399 autem,
3199 3338 3332 3406 quin
3366 3347 3425 3391 tu
3458 3353 3524 3390 eo
3559 3352 3696 3405 quo-

2115 3446 2221 3500 que
2260 3430 2503 3484 audaciae
2556 3426 2919 3498 prorumpas,
2972 3438 3031 3482 ut
3076 3429 3255 3483 coitus
3296 3429 3585 3498 quosdam,
3639 3443 3695 3485 et

2116 3524 2504 3593 prargnationis
2539 3532 2808 3591 tempora,
2839 3531 2894 3575 et
2923 3523 3151 3575 abortus
3183 3522 3423 3591 pericula
3459 3526 3692 3591 cogites.

2116 3614 2340 3683 perinde
2368 3629 2429 3666 ac
2460 3628 2564 3666 non
2596 3614 2752 3665 aliter
2776 3613 3001 3680 gignere
3026 3612 3264 3680 potuerit
3295 3613 3477 3676 Pater,
3504 3615 3550 3667 si
3578 3631 3687 3668 non

2117 3705 2188 3757 ita
2215 3705 2471 3773 genuerit
2504 3722 2516 3757 ε
2549 3714 2640 3777 aut
2680 3719 2868 3757 rursus
2906 3704 3085 3757 avium
3124 3705 3509 3771 quartnudam.
3542 3706 3685 3759 alio-

2115 3814 2349 3865 rumque
2386 3798 2733 3859 animalium,
2764 3812 2886 3864 (μιαί
2924 3797 3007 3849 vel
3042 3797 3094 3850 in
3134 3805 3301 3858 terra,
3330 3798 3411 3851 vel
3439 3798 3492 3851 in
3529 3802 3689 3865 aquis

2114 3894 2342 3959 degunt,
2404 3890 2786 3958 generationes
2841 3904 3154 3952 enumeres,
3198 3904 3263 3944 ac
3318 3890 3554 3959 cuipiam
3594 3892 3692 3945 lia-

2111 4000 2232 4037 rum
2282 3981 2697 4052 generationum
2761 3978 3001 4033 divinam
3055 3979 3203 4032 illam
3255 3989 3309 4034 et
3357 3981 3685 4037 ineffabilem

2110 4076 2394 4144 sulijieias,
2421 4085 2513 4128 aut
2542 4074 2701 4127 etiam
2734 4071 2931 4126 Filium
2967 4088 3061 4143 per
3092 4074 3232 4128 hanc
3268 4088 3465 4127 novam
3506 4077 3685 4143 hypo-

2109 4168 2307 4222 tltesim
2338 4167 2405 4221 de
2450 4167 2631 4220 medio
2661 4165 2838 4219 tollas.
2869 4164 2947 4218 Ac
2974 4180 3040 4218 ne
3072 4164 3204 4219 illud
3228 4166 3450 4234 quidem
3479 4171 3689 4237 perspi-

428 4269 551 4309 cere
580 4266 752 4324 potes,
794 4255 952 4325 cujus
976 4250 1195 4310 diversa
1244 4256 1315 4311 sit
1343 4258 1583 4313 carnalis
1614 4262 1891 4330 generatio
1938 4261 2163 4332 (alicubi
2200 4261 2344 4315 enim
2385 4261 2531 4331 apud
2571 4259 2821 4317 homines
2859 4258 3143 4328 Deiparam
3184 4256 3461 4330 Virginem
3498 4264 3682 4333 nosti),

428 4352 593 4419 hujus
615 4353 889 4405 diversam
922 4366 1141 4421 quoque
1170 4362 1332 4421 atque
1371 4353 1440 4407 ab
1481 4354 1605 4408 aliis
1656 4356 2057 4425 discrepantem
2097 4372 2220 4413 esse
2249 4357 2587 4427 spiritualem
2626 4355 3029 4425 generationem
3067 4353 3217 4417 :vel,
3260 4364 3315 4409 ut
3352 4357 3554 4411 rectius
3603 4359 3687 4413 di-

426 4458 571 4509 cani,
612 4441 772 4511 cujus
799 4456 920 4496 esse
951 4441 1130 4510 ipsum
1166 4440 1391 4496 minime
1417 4441 1555 4496 idem
1586 4446 1677 4508 sit,
1713 4448 1831 4517 ejus
1856 4448 2126 4501 diversam
2154 4462 2372 4515 quoque
2393 4460 2516 4499 esse
2550 4444 2846 4513 generandi
2900 4443 3191 4498 rationem.

499 4534 595 4596 τίς
627 4531 720 4587 οὖν
757 4535 875 4587 ἐστι
926 4534 1117 4602 Πατὴρ
1156 4534 1255 4586 οὐκ
1302 4533 1617 4603 ἡργμένος;
1655 4536 1846 4599 Ὅστις
1881 4539 1999 4591 οὐδὲ

2179 4539 2442 4603 Quisnam
2495 4550 2626 4604 ergo
2675 4544 2761 4588 est
2817 4534 2974 4587 Pater
3009 4536 3097 4588 ille
3147 4538 3398 4606 principii
3446 4543 3685 4607 expers?

423 4624 520 4679 τοῦ
562 4620 700 4679 εἶναι
749 4618 992 4696 ἤρξατο·
1045 4616 1089 4692 ᾧ
1136 4624 1193 4677 δὲ
1244 4625 1306 4676 τδ
1358 4622 1499 4678 εἶναι
1546 4626 1775 4699 ἡρξατο,
1825 4630 2001 4699 τούτῳ

425 4720 521 4769 καὶ
566 4717 627 4768 τὸ
673 4712 816 4768 εῖναι
869 4714 1066 4784 Πατρί.
1108 4713 1321 4767 Οὐκοῦν
1379 4716 1566 4785 Πατὴρ
1624 4715 1873 4787 ὕστερον,
1937 4721 1998 4772 οὐ

424 4798 535 4878 γὰρ
588 4809 790 4880 ἦρξατο
826 4824 841 4839 ·
901 4808 994 4860 καὶ
1050 4806 1236 4876 Πατὴρ
1300 4809 1555 4878 κυρίως,
1615 4811 1697 4861 ὅτι
1768 4811 1843 4879 μὴ
1906 4812 2001 4863 καὶ

426 4902 552 4964 Υἱός
578 4919 591 4931 ·
630 4901 821 4969 ὥσπερ
852 4900 946 4953 καὶ
978 4900 1107 4963 Υἱὸς
1141 4899 1375 4969 κυρίως,
1416 4900 1498 4951 ὅτι
1549 4902 1623 4969 μὴ
1657 4905 1748 4954 καὶ
1782 4904 1996 4973 Πατήρ.

425 4992 505 5044 Τὰ
541 4993 648 5059 γὰρ
680 4993 946 5061 ἡμέτερα,
1002 4991 1061 5043 οὐ
1118 4989 1346 5060 κυρίως,
1404 4991 1486 5043 ὅτι
1534 4992 1632 5044 καὶ
1675 4994 1874 5062 ἄμφω·
1936 4996 1996 5046 οὐ

423 5087 533 5153 γᾶρ
559 5084 674 5135 τόδε
708 5082 930 5153 μᾶλλον,
972 5082 1004 5150 ἢ
1033 5082 1151 5135 τόδε
1175 5098 1190 5112 °
1228 5082 1324 5134 καὶ
1355 5083 1413 5147 ἐξ
1452 5083 1657 5153 ἀμφοῖν
1688 5086 1870 5154 ἡμεῖς,
1898 5087 1994 5155 οὐχ

423 5178 568 5241 ἐνὸς,
617 5175 756 5228 ὥστε
820 5172 1164 5244 μερίζεσθαι,
1225 5173 1317 5226 καὶ
1372 5174 1495 5226 κατ’
1546 5174 1730 5241 ὀλίγον
1782 5176 1996 5244 ἄνθρω-

419 5286 515 5321 ποι
546 5284 561 5299 ι
612 5268 706 5320 καὶ
750 5267 880 5329 ἴσως
924 5265 1047 5318 οὐδὲ
1090 5265 1392 5335 ἄνθρωποι,
1445 5266 1540 5317 καὶ
1585 5260 1687 5318 οἶοι
1730 5267 1803 5337 μὴ
1843 5268 1995 5320 τεθε-

413 5360 655 5429 λήμεθα,
693 5360 784 5413 καὶ
818 5358 1093 5424 ἀφιέντες,
1121 5360 1215 5410 καὶ
1259 5357 1567 5425 ἀφιέμενοι,
1593 5357 1667 5421 ὡς
1697 5359 1863 5429 μόνας
1895 5364 1994 5425 τὰς

416 5454 633 5522 σχέσεις
657 5449 942 5503 λείπεσθαι
966 5449 1211 5518 ὀρφανὰς
1234 5447 1344 5501 τῶν
1365 5449 1732 5517 πραγμάτοιν.
1752 5451 1917 5503 Ἄ).λά
1934 5453 1993 5503 τὸ

413 5545 729 5612 ἐγέννησε,
767 5543 954 5612 φησὶν,
989 5540 1143 5604 αὐτὸ,
1171 5539 1265 5593 καὶ
1294 5541 1352 5592 τὸ
1377 5539 1748 5609 γεγέννηται,
1778 5543 1831 5593 τί
1862 5542 1992 5595 ἀλλο

413 5634 448 5703 ἦ
481 5636 657 5705 ἀρχὴν
690 5636 905 5701 εἰσάγει
938 5633 1282 5702 γεννήσεως;
1318 5631 1383 5684 Τί
1407 5632 1502 5685 οὖν
1539 5635 1605 5685 ἂν
1640 5633 1780 5703 μηδὲ
1830 5635 1990 5687 τοῦτο

413 5729 683 5797 λέγωμεν,
719 5726 834 5779 ἀλλ’
862 5721 935 5797 ἦν
967 5726 1063 5779 ἀπ’
1096 5725 1275 5795 ἀρχῆς
1308 5724 1732 5794 γεγεννημένος,
1775 5725 1859 5778 ἵνα
1894 5743 1989 5780 σου

411 5819 608 5890 ῥᾳδίως
640 5819 901 5889 φύγωμεν
926 5818 1026 5881 τὰς
1059 5816 1386 5888 περιέργους
1420 5817 1724 5885 ἐνστάσεις,
1759 5819 1853 5871 καὶ
1902 5836 1993 5888 φι-

2103 4631 2155 4684 Is
2192 4643 2407 4697 nempe,
2440 4626 2603 4694 cujus
2656 4640 2726 4679 ne
2783 4625 2891 4678 ulla
2942 4627 3165 4693 quidem
3202 4628 3377 4695 ipsius
3426 4633 3683 4686 essentia:

2103 4720 2258 4788 origo
2307 4717 2531 4786 reperiri
2578 4724 2777 4785 potest.
2826 4715 2933 4780 Qui
2982 4729 3162 4771 autem
3210 4720 3508 4788 aliquando
3558 4738 3682 4778 esse

2103 4814 2297 4882 coepit,
2336 4811 2423 4864 hic
2456 4824 2675 4879 quoque
2706 4809 3051 4876 paternitatis
3081 4826 3195 4865 sum
3226 4812 3536 4882 principum
3567 4815 3671 4867 lia-

2105 4904 2241 4955 buit.
2315 4899 2435 4954 Non
2486 4901 2651 4969 igitur
2696 4898 2859 4952 Pater
2902 4907 3089 4967 postea
3144 4902 3379 4965 exstitit,
3428 4907 3677 4971 quando-

2100 4994 2320 5063 quidem
2374 5006 2473 5045 nec
2504 5004 2627 5045 esse
2680 4988 2976 5058 aliquando
3016 4991 3183 5059 coepit
3225 5008 3238 5043 :
3272 5001 3327 5046 et
3358 4992 3521 5048 Pater
3556 5011 3680 5063 pro-

2101 5086 2215 5153 prie
2241 5094 2344 5141 est.
2372 5084 2498 5151 quia
2533 5096 2643 5136 non
2672 5083 2838 5135 etiam
2865 5080 3077 5135 Filius:
3106 5084 3565 5151 quemadmodum
3596 5090 3673 5141 vi-

2099 5176 2284 5231 cissim
2326 5173 2500 5229 Filius
2533 5175 2753 5243 proprie
2784 5173 2951 5239 (ilius,
2988 5174 3117 5243 quia
3149 5189 3256 5229 non
3288 5177 3454 5231 etiam
3486 5179 3669 5233 Pater.

2098 5266 2233 5319 Nam
2267 5268 2411 5336 quod
2454 5265 2521 5318 ad
2555 5280 2656 5318 nos
2687 5267 2904 5328 attinet,
2948 5276 3145 5318 neutro
3176 5266 3398 5321 nomine
3445 5272 3671 5337 proprie

2096 5358 2357 5427 appellari
2408 5371 2741 5427 possumus,
2790 5357 3050 5425 quoniam
3098 5368 3394 5427 utrumque
3435 5376 3665 5424 sumus;

2096 5464 2276 5519 noque
2307 5448 2409 5503 hoc
2444 5449 2661 5517 potius,
2692 5463 2857 5516 quam
2889 5449 3059 5515 illud;
3099 5465 3199 5505 nec
3229 5466 3293 5504 ex
3326 5466 3455 5517 uno,
3485 5452 3577 5505 sed
3600 5468 3667 5507 ex

2096 5551 2332 5610 utroque
2368 5547 2598 5610 parente
2646 5539 2947 5605 nascimur,
2977 5554 3043 5594 ac
3079 5543 3306 5608 proinde
3347 5543 3664 5605 dividimur,

2095 5634 2465 5702 paulatimque
2520 5630 2774 5686 homines
2801 5631 3101 5700 eﬂicimur;
3154 5635 3265 5687 imo
3304 5649 3372 5689 ne
3409 5636 3664 5692 homines

2093 5725 2310 5795 quidem
2335 5722 2592 5789 fortasse,
2628 5732 2682 5777 et
2701 5724 2892 5792 quales
2920 5726 3220 5790 noluimus,
3248 5735 3359 5779 tum
3382 5727 3665 5781 dimitten-

2095 5828 2196 5887 tes,
2216 5828 2328 5872 tum
2356 5816 2591 5884 dimissi,
2620 5816 2759 5871 adeo
2786 5824 2842 5872 ut
2867 5818 2995 5873 solae
3019 5819 3313 5877 relationes
3339 5822 3499 5877 rebus
3528 5821 3663 5892 ipsis
