4058 6428
407 316 513 378 559

1650 309 2034 370 EUTllYMIl
2091 307 2454 371 ZlGABENI

3566 314 3675 378 560

412 434 563 486 orba:
604 431 1004 499 relinquantur.
1035 429 1125 495 At,
1156 428 1390 498 inquies,
1432 428 1610 499 ipsum
1644 430 1764 493 hoc,
1802 431 1979 500 genuit

2085 431 2406 501 λοχρόιους;
2463 421 2608 496 Ἃρα
2657 425 2874 496 γραφὴν
2919 425 3167 492 dimicet;
3217 428 3340 482 καθ’
3373 430 3559 502 ἡμῶν,
3592 433 3672 497 ὡς

403 534 456 578 ει
489 523 694 594 genitus
720 530 818 584 est,
862 521 991 589 quid
1017 519 1161 573 aliud
1186 534 1348 588 quam
1382 522 1747 588 generationis
1778 521 1981 591 princi-

405 617 560 687 pium
609 613 852 667 inducit?
873 611 982 680 Ego
1025 626 1152 666 vero
1181 612 1253 664 ita
1285 612 1624 682 respondeo:
1662 613 1803 678 Quid
1838 615 1882 667 si
1915 631 1979 669 ne

406 711 509 763 hoc
532 707 754 777 quidem
807 706 1121 769 dixerimus,
1185 707 1317 770 sed,
1375 722 1404 758 ιι
1441 706 1711 775 principio
1771 708 1982 778 genitus

403 807 543 863 erat,
580 810 636 850 ut
663 798 905 850 curiosas
924 796 1071 865 ipsas
1092 810 1156 848 ac
1182 796 1448 864 temporis
1483 797 1692 849 amicas
1715 796 1980 865 objectio-

409 907 506 946 ncs
537 891 686 944 nullo
726 890 943 958 negotio
984 887 1298 957 fugiamth
1334 891 1414 942 Au
1465 899 1518 942 tu
1553 890 1763 942 crimen
1819 890 1977 945 nobis

405 985 629 1048 inferes,
662 984 819 1053 quasi
861 982 1163 1052 Scriptura:
1195 999 1259 1037 ac
1298 984 1544 1038 veritatis
1578 986 1782 1054 aliquid
1817 985 1973 1038 adul-

405 1073 690 1126 terentur?
730 1072 924 1126 Nonne
977 1075 1154 1127 cuivis
1213 1077 1556 1141 perspicuum
1599 1084 1704 1139 est,
1743 1091 1806 1128 ac
1842 1092 1980 1145 prte-

403 1165 593 1218 sertint
639 1166 691 1216 iu
720 1162 1018 1234 Scriptura:
1066 1181 1163 1217 usu
1197 1166 1454 1234 positum,
1489 1177 1548 1218 ut
1605 1165 1862 1234 pleraque
1911 1181 1976 1220 ex

404 1258 510 1320 bis,
547 1272 668 1325 qua:
700 1257 1072 1325 temporalitcr
1108 1258 1382 1320 dicuntur,
1414 1258 1631 1310 inversa
1677 1266 1982 1326 temporqu

402 1348 618 1401 ratione
667 1347 1037 1417 proferantur,
1062 1361 1163 1402 nec
1187 1361 1250 1401 ea
1303 1346 1501 1409 solum,
1554 1361 1674 1414 qua:
1725 1346 1986 1415 prazteriti

2088 519 2623 592 παραχαράττόντων
2653 537 2702 570 τι
2722 517 2821 588 τῆς
2854 518 3076 587 Γραφῆς
3102 520 3198 572 καὶ
3229 522 3328 589 τῆς
3365 522 3620 590 ἀληθείας
3637 540 3668 592 ·;

2093 617 2163 670 Ἦ
2204 618 2366 668 πᾶσιν
2395 612 2618 682 εῦδηλον
2645 613 2726 665 ὅτι
2760 612 2929 665 πολλά
2961 612 3069 666 τῶν
3116 615 3380 684 χρονικῶς
3433 614 3666 686 λεγομέ.

2085 726 2213 772 νων,
2247 705 2665 775 ἐνηλλαγμένως
2721 706 2829 766 τοῖς
2879 705 3093 774 χρόνοις
3143 707 3502 776 προφέρεται,
3571 712 3670 763 καὶ

2090 800 2330 870 μάλιστα
2363 801 2515 866 παρὰ
2550 801 2615 866 τῇ
2648 797 2904 866 συνηθείᾳ
2935 797 3032 864 τῆς
3089 797 3237 856 θείας
3272 799 3516 869 Γραςιῆς,
3567 802 3667 871 οὺχ

2086 892 2184 944 ὅσα
2210 889 2302 943 τοῦ
2336 889 2774 959 παρεληλυθότος
2806 891 2997 957 χρόνου
3059 891 3221 959 μόνον
3274 892 3443 956 ἐστὶν,
3512 895 3543 963 ῆ
3573 894 3668 945 τοῦ

2092 985 2386 1054 παρόντος,
2421 984 2558 1036 ἀλλά
2595 987 2687 1035 καὶ
2719 985 2818 1036 ὅσα
2854 985 2945 1036 τοῦ
2983 985 3291 1053 μέλλοντος,
3320 985 3394 1047 ὡς
3427 987 3508 1049 τὸ,
3535 989 3671 1040 Ἵνα

2075 1075 2132 1128 τί
2163 1074 2472 1142 ἐφρύαξαν
2493 1074 2639 1139 ἔθνη
2666 1090 2682 1139 ;
2716 1071 2868 1126 οὔπω
2897 1077 3004 1141 γὰρ
3034 1075 3392 1144 ἐφρυάξαντο.
3426 1081 3538 1142 κω,
3566 1078 3672 1131 Ἑν

2080 1162 2324 1231 ποταμῷ
2355 1163 2780 1216 διελεύσονται
2802 1162 2964 1216 ποδί·
3009 1165 3145 1233 ὅπερ
3176 1166 3313 1229 ἐστὶ,
3335 1167 3670 1237 διαϐεϐήκα-

2084 1272 2192 1308 σιν.
2224 1255 2331 1306 Καὶ
2366 1255 2574 1324 μακρὸν
2602 1254 2668 1307 ἀν
2689 1254 2775 1324 εἴη
2809 1256 2984 1318 πάσας
3016 1258 3352 1327 ἀπαριθμεῖν
3373 1260 3469 1322 τὰς
3489 1261 3670 1312 τοιαύ-

2087 1364 2188 1409 τας
2228 1349 2434 1415 φωνὰς,
2462 1346 2516 1398 αἳ
2547 1349 2659 1410 τοῖς
2690 1348 2994 1414 φιλοπόνοις
3026 1352 3375 1420 τετήρηνται.

405 1447 664 1514 temporis
699 1453 847 1511 sunt,
887 1453 980 1497 aut
1023 1444 1327 1512 praesentis,
1363 1443 1458 1497 sed
1491 1444 1652 1496 etiam
1682 1458 1799 1512 qua:
1822 1443 1990 1496 futuri
2015 1443 2466 1512 signiﬁcationem
2491 1443 2860 1509 habentiQuo
2887 1431 2941 1498 iu
2972 1461 3170 1516 genere
3193 1448 3326 1502 illud
3344 1460 3426 1503 est
3459 1453 3675 1516 :Quare

404 1538 731 1605 fremuerunt
765 1547 941 1605 gentes
966 1537 1028 1589 ‘?
1060 1536 1346 1607 (Nondum
1381 1536 1525 1588 enim
1555 1535 1935 1606 fremuerant.)
1977 1533 2062 1599 Et,
2107 1535 2169 1590 In
2193 1535 2411 1604 ﬂumine
2443 1537 2836 1601 pertransibunt
2867 1542 2996 1604 pede
3025 1542 3068 1607 ⁸,
3104 1540 3155 1594 id
3185 1551 3289 1608 est,
3336 1547 3673 1611 pertransit:-

407 1641 560 1691 runt.
583 1631 757 1688 Nimis
800 1632 1016 1700 longum
1050 1630 1191 1684 foret
1213 1645 1403 1685 onmes
1436 1632 1748 1700 bujusmodi
1789 1648 1950 1688 voces
1975 1648 2283 1699 recensere,
2336 1650 2457 1703 qua)
2487 1649 2518 1688 a
2551 1635 2814 1690 studiosis
2841 1637 3140 1692 observata-
3163 1648 3313 1692 sunt.

901 1725 987 1779 Ex
1020 1728 1202 1780 eadem
1225 1730 1486 1784 oratione.

488 1825 666 1892 Atque
706 1821 774 1874 ad
824 1821 970 1874 hunc
1021 1821 1236 1873 modum
1279 1835 1340 1875 se
1381 1821 1543 1876 habet
1591 1821 1708 1875 haec
1762 1821 1984 1875 illorum
2018 1837 2055 1888 Β

405 1917 658 1988 objectio.
715 1912 831 1966 Jam
893 1913 1056 1981 quale
1121 1912 1254 1966 illud
1323 1927 1513 1968 eorum
1566 1922 1669 1978 est,
1719 1912 1984 1982 cujusque

391 2007 624 2070 rixandi
677 2005 920 2061 libidinis
956 2015 1011 2058 et
1057 2003 1447 2072 impudentiae?
1502 2001 1602 2058 Vel
1649 2005 1859 2069 volens,
1895 2007 1979 2058 in-

405 2103 623 2170 quiunt,
668 2097 863 2151 Filium
897 2097 1105 2166 genuit,
1154 2095 1237 2151 vel
1261 2097 1470 2150 nolens.
1492 2095 1570 2150 Ac
1601 2095 1799 2150 deinde
1827 2096 1983 2150 uexi-

408 2197 534 2258 bus,
577 2203 636 2247 ut
671 2193 890 2262 quidem
938 2192 1043 2260 ipsi
1074 2199 1287 2260 putant,
1324 2189 1580 2259 utrinque
1633 2190 1980 2244 adversarios

382 2288 646 2355 -illigant,
677 2301 783 2339 non
817 2295 997 2337 tamen
1041 2283 1232 2346 flrtuis,
1263 2286 1357 2336 sed
1386 2298 1643 2352 perquam
1674 2284 1838 2337 etiam
1883 2283 1985 2336 im-

406 2375 637 2432 becillis.
666 2374 722 2428 Si
762 2376 905 2429 enim
935 2373 1144 2438 nolens,
1178 2373 1448 2442 inquiunt,
1485 2373 1563 2427 vis
1592 2389 1720 2442 ergo
1740 2374 1789 2428 ei
1822 2373 1980 2426 allata

406 2481 511 2525 est.
542 2469 611 2524 Et
659 2469 912 2538 quisnam
966 2474 1049 2519 est
1083 2466 1179 2535 qui
1219 2467 1323 2518 vim
1367 2466 1591 2518 intulit?
1643 2467 1711 2520 Et
1766 2482 1981 2530 rursus,

406 2553 705 2620 qttomodo,
752 2551 838 2605 cui
884 2551 964 2605 vis
997 2550 1155 2602 allata
1190 2560 1305 2615 est,
1345 2549 1485 2603 Deus
1533 2564 1650 2602 esse
1680 2552 1895 2613 potest?
1923 2553 1979 2607 Si

402 2651 586 2695 autem
613 2641 819 2704 volens,
841 2654 970 2708 ergo
994 2638 1184 2703 Filius,
1211 2638 1503 2692 voluntatis
1526 2650 1610 2694 est
1638 2639 1826 2694 Filius.
1859 2639 1978 2706 Quo

403 2730 567 2798 igitur
609 2731 766 2784 modo
817 2745 880 2782 ex
931 2729 1093 2783 Patre
1142 2730 1454 2797 progenitus
1498 2729 1624 2783 est?
1673 2731 1748 2783 Ita
1791 2746 1980 2784 novatn

400 2823 689 2888 quamdam
727 2830 977 2884 matrem,
1015 2821 1366 2884 voluntatem,
1412 2823 1582 2890 patris
1615 2823 1732 2876 loco
1759 2823 1984 2877 commi-

402 2913 704 2966 niscuntur.
760 2913 816 2965 ln
868 2913 970 2966 hoc
1001 2913 1218 2983 quidem
1250 2924 1591 2981 argumento,
1622 2915 1852 2983 primum
1883 2917 1982 2968 hoc

401 3005 596 3058 scitum
623 3019 688 3058 ac
730 3004 965 3073 lepidum
1016 3013 1119 3069 est,
1150 3009 1293 3074 quod
1325 3022 1354 3060 a
1384 3007 1635 3076 passione
1670 3007 1782 3069 illa,
1817 3023 1979 3074 quam

404 3103 683 3164 tantopere
731 3097 1038 3165 urgebant,
1086 3097 1474 3164 abscedentes,
1532 3100 1596 3152 ad
1647 3099 1980 3154 voluntatem

401 3189 753 3257 confugiunt;
793 3204 898 3244 non
939 3191 1085 3244 enim
1124 3191 1304 3259 passio
1346 3200 1430 3245 est
1460 3195 1732 3246 voluntas.
1775 3191 1983 3246 Deinde

400 3278 682 3336 videamus
707 3322 720 3341 ,
943 3280 1196 3347 obsecro,
1241 3296 1404 3350 quam
1456 3283 1563 3334 vim
1599 3282 1797 3335 habeat
1839 3282 1982 3350 quod

403 3368 610 3423 dicunt.
662 3367 934 3435 Optitnutu
991 3379 1171 3424 autem
1223 3369 1420 3436 fuerit,
1470 3371 1622 3441 prius
1677 3387 1799 3424 cum
1854 3372 1984 3440 ipsis

404 3459 592 3525 pedem
622 3461 845 3529 propius
875 3461 1147 3516 conferre.
1185 3462 1276 3516 Dic
1299 3478 1429 3531 ergo
1453 3463 1589 3532 ipse,
1620 3465 1866 3533 quisquis
1895 3479 1976 3529 es,

401 3550 495 3617 qui
524 3541 760 3617 temere,
796 3553 1060 3622 quidquid
1096 3553 1260 3608 libido
1295 3565 1380 3607 tua
1415 3554 1636 3618 tulerit,
1673 3555 1872 3611 elfutis.
1904 3557 1980 3610 Ex

401 3645 616 3698 volente
655 3655 806 3712 patre
845 3655 934 3699 tuo
971 3655 1287 3714 procreatus
1311 3663 1392 3712 es,
1435 3663 1502 3701 an
1543 3649 1799 3703 nolente?
1827 3649 1883 3704 Si
1915 3665 1981 3703 ex

407 3733 644 3800 nolente,
677 3736 756 3790 vis
783 3751 912 3804 ergo
944 3737 992 3791 ei
1027 3736 1188 3790 allata
1222 3747 1325 3791 est.
1351 3734 1396 3792 Ο
1424 3739 1702 3808 indignum
1733 3739 1977 3793 facinus!

403 3825 468 3878 Et
491 3826 612 3894 quis
643 3828 860 3882 tandem
907 3829 954 3882 ei
995 3830 1100 3882 vim
1135 3829 1350 3884 attulit?
1397 3829 1512 3884 Non
1549 3832 1694 3885 enim
1735 3831 1983 3900 profecto

403 3927 650 3972 naturam
685 3921 908 3976 dixeris.
948 3922 1078 3976 Nam
1111 3925 1158 3978 ei
1196 3941 1412 3994 quoque
1437 3940 1535 3980 sua
1577 3936 1792 3982 constat
1816 3927 1982 3981 casti-

403 4019 505 4062 tas.
538 4010 592 4062 Si
641 4021 820 4064 autem
854 4027 917 4065 ex
959 4014 1174 4068 volente
1207 4025 1358 4082 patre
1381 4055 1397 4080 ,
1437 4026 1592 4082 pater
1625 4017 1716 4070 tibi
1764 4027 1984 4084 propter

400 4113 600 4167 paucas
646 4101 880 4170 syllabas
926 4104 1124 4170 periit:
1173 4105 1467 4159 voluntatis
1498 4106 1764 4174 siquidem
1801 4107 1978 4172 (ilius,

401 4206 466 4242 ac
502 4205 606 4242 non
641 4192 811 4255 patris
837 4194 1117 4247 exstitisti.
1149 4195 1254 4248 Sed
1297 4198 1362 4249 ad
1411 4196 1577 4250 Deum
1609 4210 1662 4250 et
1703 4210 1983 4254 creaturas

405 4290 668 4343 transeo,
718 4297 782 4334 ac
834 4292 1097 4337 tuammet
1139 4288 1494 4353 quaestionem
1549 4288 1825 4356 sapientiae
1877 4298 1982 4343 tua:

401 4370 684 4426 admoveo.
740 4372 1011 4427 'Volensne
1071 4374 1211 4430 Deus
1259 4378 1564 4432 universam
1615 4380 1751 4433 hanc
1795 4395 1978 4434 rerum

403 4462 596 4518 molem
626 4465 898 4526 condidit.
929 4481 996 4519 an
1043 4467 1228 4523 nolens
1253 4479 1306 4523 et
1340 4471 1604 4524 coactus?
1642 4470 1698 4525 Si
1731 4483 1978 4536 coactus,

403 4553 492 4608 hic
519 4569 732 4624 quoque
762 4558 841 4611 vis
875 4558 1152 4625 adhibita,
1201 4571 1257 4614 et
1289 4561 1507 4630 quidam
1545 4563 1634 4632 qui
1681 4563 1787 4617 vim
1826 4563 1980 4618 adhi-

399 4646 533 4700 buit.
588 4646 642 4700 Si
685 4657 862 4702 autem
915 4650 1132 4715 volens,
1183 4651 1446 4706 orbautur
1504 4655 1648 4722 Deo,
1706 4666 1815 4709 tum
1864 4655 1983 4711 alia:

400 4747 694 4804 creaturas,
745 4749 854 4794 tum
888 4752 938 4793 tu
985 4757 1094 4809 prae
1125 4745 1370 4804 caeteris.
1403 4745 1493 4813 qui
1530 4747 1663 4801 tales
1694 4747 1984 4804 ratiocina-

317 4867 324 4875 .
402 4827 610 4891 tiones,
641 4829 877 4897 talesque
908 4833 1193 4885 verborum
1228 4835 1506 4902 captiones
1556 4837 1853 4905 excogitas.
1892 4839 1980 4891 lu-

405 4918 663 4970 termedia
695 4920 890 4988 quippe
922 4921 1198 4978 voluntate
1231 4938 1259 4976 a
1291 4925 1554 4979 Creatore
1577 4926 1977 4997 disjungentur.

403 5003 602 5060 Verum
635 5006 782 5061 aliud
804 5049 818 5075 ,
851 5009 901 5062 ui
939 5008 1116 5074 fallor,
1145 5022 1229 5066 est
1260 5013 1468 5076 volens,
1507 5015 1652 5070 aliud
1684 5017 1930 5071 voluntas
1960 5037 1973 5073 :

403 5095 547 5148 aliud
575 5095 823 5164 gignens,
857 5099 1000 5152 aliud
1045 5102 1322 5168 generatio
1357 5120 1369 5156 :
1399 5104 1545 5158 aliud
1587 5106 1676 5173 qui
1713 5106 1970 5174 loquitur,

403 5188 548 5242 aliud
595 5203 810 5254 sermo,
856 5191 958 5245 nisi
1004 5190 1142 5246 forte
1200 5195 1478 5248 temulenti
1529 5197 1721 5250 simus.
1775 5197 1967 5250 11οι·ιιιι

405 5281 550 5335 enim
592 5281 820 5335 alterum
850 5293 969 5349 est,
997 5285 1040 5338 is
1065 5286 1154 5353 qui
1185 5296 1394 5350 movet,
1419 5287 1648 5341 alterum
1682 5292 1825 5343 velut
1861 5306 1980 5342 mo-

409 5383 492 5426 tus
524 5373 656 5442 ipse.
696 5371 813 5428 Non
843 5387 972 5444 ergo
1003 5376 1295 5432 voluntatis
1328 5387 1449 5443 est,
1507 5379 1728 5433 velitum
1777 5380 1796 5450 (
1814 5396 1984 5449 neque

2555 1729 2658 1784 Ἐκ
2685 1729 2792 1782 τοῦ
2823 1730 3011 1783 αὑτοῦ
3043 1729 3254 1798 λόγου.

2163 1818 2338 1873 Τοὺτο
2372 1821 2470 1888 μὲν
2501 1819 2564 1890 δὴ
2616 1818 2881 1874 τοιοῦτον.
2918 1815 3044 1872 Οἷον
3077 1821 3134 1872 δὲ
3189 1821 3371 1874 αὐτῶν
3431 1824 3670 1893 κάκεῖνο,

2087 1911 2162 1975 ὡς
2181 1912 2300 1964 λίαν
2316 1911 2500 1982 δύσερι
2525 1911 2618 1963 καὶ
2643 1912 3034 1980 ἀναίσχυντοη
3071 1911 3382 1981 Βουληθεὶς,
3407 1916 3562 1983 φασὶ,
3581 1935 3676 1985 γε·

2087 2006 2320 2073 γέννηκε
2344 2005 2432 2057 τὸν
2463 2004 2612 2069 re»),
2644 2003 2677 2074 ἦ
2713 2004 2788 2074 μὴ
2818 2004 3162 2073 βουλόμενος.
3191 2003 3320 2057 Εἶτα
3351 2007 3672 2076 δεσμοῦσιν,

2087 2098 2162 2159 ῶς
2191 2099 2416 2160 οἴονται,
2461 2097 2854 2166 ἀμφοτέρωθεν
2913 2095 3188 2166 ἂμμασιν,
3248 2100 3348 2150 οὐκ
3405 2101 3670 2170 ἰσχυροῖς,

2088 2195 2224 2248 ἀλλά
2277 2193 2371 2244 καὶ
2428 2192 2548 2244 λίαν
2615 2191 2860 2261 σαθροῖς.
2923 2191 2986 2243 Ει
3039 2193 3141 2260 μὲν
3199 2194 3306 2261 γὰρ
3361 2194 3422 2245 οὐ
3477 2194 3676 2264 θέλων,

2091 2285 2690 2356 φασὶ,τετυράννηται.
2744 2283 2851 2335 Καὶ
2903 2283 2986 2346 τίς
3050 2286 3078 2336 6
3125 2285 3509 2355 τυραννήσας;
3563 2288 3678 2342 Καὶ

2091 2378 2209 2439 πῶς
2252 2379 2280 2430 6
2314 2377 2694 2448 τυραννηθεις,
2729 2377 2899 2443 Θεός;
2934 2378 2996 2431 Ei
3026 2375 3082 2427 δὲ
3142 2377 3334 2438 θέλων,
3396 2377 3673 2448 θελήσεως

2093 2469 2244 2534 Υίὸς,
2265 2471 2293 2521 6
2324 2467 2474 2531 Υἱός
2500 2467 2614 2530 πῶς
2639 2463 2732 2521 οὖν
2761 2469 2824 2520 ὲκ
2876 2465 2972 2520 τοῦ
3025 2468 3239 2537 Πατρός
3269 2483 3286 2534 ;
3321 2470 3428 2520 Καὶ
3479 2475 3675 2543 καινήν

2080 2569 2203 2607 τινα
2238 2557 2452 2629 μητέρα
2477 2559 2574 2628 τὴν
2611 2558 2831 2629 θέλησιν
2870 2562 2991 2614 ἀντὶ
3024 2561 3116 2614 τοῦ
3153 2562 3363 2634 Πατρὸς
3399 2563 3675 2616 ἀναπλάτ-

2077 2658 2283 2697 τουσιν.
2330 2647 2428 2699 ’Ἑν
2479 2649 2577 2717 μὲν
2611 2645 2704 2701 οὖν
2734 2650 2892 2702 τοῦτο
2925 2651 3114 2721 χάριεν
3143 2651 3322 2704 αὐτῶν
3345 2690 3359 2715 ,
3409 2652 3474 2705 ἂν
3509 2651 3671 2705 τοῦτο

2078 2733 2332 2802 λέγωσιν,
2359 2737 2441 2789 ὅτι
2475 2737 2567 2790 τοῦ
2599 2738 2803 2803 πάθους
2829 2741 3188 2806 ἀποστάντες,
3222 2742 3316 2795 ἐπὶ
3343 2742 3442 2812 τὴν
3477 2741 3673 2813 βούλη-

2080 2840 2164 2875 σιν
2196 2824 2660 2895 καταφεύγουσινο
2700 2829 2759 2880 οὐ
2801 2827 2909 2899 γὰρ
2944 2829 3116 2892 πάθος
3155 2867 3169 2890 ,
3313 2832 3347 2900 ἡ
3389 2829 3668 2900 βούλησις.

2079 2913 2340 2985 Δεύτερον
2370 2916 2447 2980 δὲ,
2474 2917 2670 2988 ἴδοιμεν
2693 2919 2753 2971 τὸ
2789 2920 3005 2991 ἰσχυρὸν
3035 2921 3238 2984 αὐτῶν,
3261 2921 3289 2973 ὃ
3311 2938 3364 2973 τι
3392 2920 3667 2989 λέγουσιν’

2078 3005 2299 3075 ἄριστον
2339 3007 2394 3061 δὲ
2425 3010 2609 3072 αὐτοῖς
2649 3011 3035 3082 συμπλακῆναι
3073 3011 3338 3083 πρότερον
3364 3012 3667 3082 ἐγγυτέρω.

2077 3097 2150 3149 Σὺ
2181 3097 2237 3150 δὲ
2264 3099 2424 3161 αὐτὸς
2451 3103 2478 3153 6
2519 3100 2692 3168 λέγων
2719 3102 2958 3173 εὐχερῶς
2986 3103 3014 3155 ὅ
3056 3120 3108 3156 τι
3142 3102 3208 3156 ἂν
3240 3102 3398 3175 θέλῃς
3429 3145 3443 3167 ,
3604 3103 3673 3155 ὲκ

2009 3171 2049 3227 (ἶ
2079 3185 2324 3252 θέλοντος
2363 3190 2604 3262 ὑπέστης
2635 3192 2727 3244 τοῦ
2757 3171 2859 3245 σοῦ
2879 3193 3104 3264 πατρὸς,
3129 3193 3162 3264 ἢ
3195 3193 3268 3264 μὴ
3299 3171 3574 3257 θέλοντος
3604 3194 3668 3246 Εἰ

2083 3277 2183 3346 μὲν
2229 3278 2337 3348 γάρ
2380 3279 2439 3346 ἐξ
2481 3281 2541 3332 οὐ
2587 3281 2852 3345 θέλοντος,
2903 3283 3314 3354 τετυράννηται.
3357 3284 3469 3353 Τῆς
3518 3283 3666 3352 βίαςῐ

2079 3368 2190 3420 Καὶ
2221 3369 2304 3433 τίς
2335 3371 2363 3422 6
2409 3375 2750 3444 τυραννήσας
2787 3374 2980 3440 αὑτόν;
3014 3375 3088 3427 Οὺ
3123 3374 3233 3446 γὰρ
3265 3375 3329 3446 δὴ
3373 3375 3473 3445 τὴν
3507 3374 3665 3442 φύσιν

2079 3457 2224 3528 ἐρεῖς
2246 3477 2258 3490 ο
2305 3461 2486 3532 ἐκείνη
2535 3463 2643 3534 γὰρ
2678 3462 2790 3535 ἔχει
2825 3465 2919 3517 καὶ
2956 3465 3017 3518 τὺ
3045 3468 3364 3536 σωφρονεῖν.
3399 3467 3461 3518 Εἰ
3495 3465 3549 3516 δὲ
3577 3463 3664 3516 es-

2080 3552 2286 3618 λοντος,
2339 3555 2586 3609 ἀπόλωλέ
2633 3575 2714 3610 σοι
2755 3557 2822 3610 δι’
2856 3557 3040 3626 ὀλίγας
3077 3559 3345 3621 συλλαϐὰς
3391 3560 3419 3611 6
3449 3558 3662 3628 πατήρ⁶

2079 3645 2350 3717 θελήσεως
2521 3648 2628 3720 γάρ
2659 3649 2794 3713 υίὸς,
2824 3649 2937 3702 ἀλλ’
2967 3650 3028 3702 οὐ
3061 3650 3266 3721 πατρὸς
3289 3649 3669 3718 ἀναπέφηνας.

2091 3737 2231 3790 Ἀλλ’
2279 3739 2371 3792 ἐπὶ
2420 3740 2512 3793 τὸν
2554 3740 2687 3793 Θεὸν
2727 3741 2948 3811 μέτειμι
2992 3741 3088 3794 καὶ
3131 3741 3201 3794 τὰ
3241 3740 3538 3809 κτίσματα,
3577 3739 3676 3792 καὶ

2076 3829 2137 3881 τὸ
2164 3829 2254 3881 σὺν
2299 3830 2560 3901 ἐρώτημα
2592 3832 2856 3902 προσάγω
2885 3834 2952 3902 τῇ
3000 3834 3067 3901 σῇ
3114 3831 3277 3902 σοφίᾳ
3325 3840 3342 3857 ⁸
3487 3829 3674 3882 Θέλων

2079 3921 2386 3992 ὑπέστησεν
2436 3925 2464 3975 6
2510 3923 2640 3987 Θεὸς
2846 3923 2916 3976 τά
2957 3923 3156 3989 πάντα,
3197 3921 3231 3993 ἦ
3291 3921 3565 3992 βιασθείς;
3605 3923 3671 3974 Εἰ

2085 4013 2182 4082 μὲν
2215 4013 2476 4082 βιασθεὶς,
2498 4014 2775 4068 κάνταῦθα
2799 4016 2831 4086 ἡ
2853 4017 3107 4086 τυραννὶς
3131 4014 3224 4068 καὶ
3249 4016 3277 4066 6
3304 4014 3666 4084 τυραννήσαςο

2079 4103 2127 4154 εί
2163 4102 2218 4154 δὲ
2259 4103 2598 4173 βουλόμενος,
2634 4103 2922 4175 ἐστέρηται
2961 4103 3055 4156 τοῦ
3089 4101 3261 4167 Θεοῦ,
3305 4102 3401 4155 καὶ
3443 4101 3512 4154 τὰ
3552 4100 3674 4153 κτί-

2081 4208 2281 4262 σματα,
2331 4193 2422 4245 καὶ
2455 4195 2519 4246 σὺ
2558 4193 2654 4263 μὲν
2683 4195 2789 4264 πρὸ
2817 4194 2923 4246 τῶν
2953 4194 3128 4248 ἄλλων
3175 4231 3190 4255 ,
3323 4195 3351 4246 6
3393 4192 3671 4257 τοιούτους

2079 4282 2416 4353 ἀνευρίσκων
2441 4283 2752 4354 λογισμοὺς,
2785 4285 2879 4338 καὶ
2913 4285 3138 4338 τοιαῦτα
3167 4284 3518 4353 σοφιζόμενος
3537 4303 3548 4314 ·
3585 4284 3670 4337 θε-

2079 4371 2233 4440 λήσει
2469 4374 2577 4444 γὰρ
2634 4375 2775 4447 μέσῃ
2830 4374 2923 4427 τοῦ
2986 4375 3202 4427 κτίστου
3259 4373 3664 4444 διατειχίζεται.

2095 4463 2232 4515 ’Λλλ’
2279 4463 2485 4535 ἕτερον,
2538 4460 2693 4534 οἶμαι
2753 4465 2922 4519 θέλων
2969 4463 3084 4518 ἐστὶ
3282 4465 3376 4518 καὶ
3424 4464 3667 4534 θέλησις,

2079 4555 2284 4624 γεννῶν
2313 4556 2408 4609 καὶ
2438 4555 2709 4627 γέννησις,
2739 4556 2912 4625 λέγων
2947 4557 3042 4610 καὶ
3067 4557 3254 4624 λόγος,
3286 4558 3334 4609 εί
3367 4556 3440 4627 μὴ
3474 4557 3671 4626 μεθύον

2087 4663 2212 4716 μεν·
2251 4646 2320 4698 τὰ
2347 4646 2443 4716 μὲν
2471 4646 2498 4697 6
2525 4645 2843 4715 κινούμενος
2877 4691 2891 4713 ,
3032 4645 3098 4699 τὰ
3129 4646 3185 4699 δὲ
3212 4641 3322 4697 οἷον
3365 4648 3396 4714 ή
3431 4646 3667 4713 κίνησις.

2083 4735 2290 4790 Οὔκουν
2329 4736 2630 4806 θελήσεως,
2667 4737 2728 4788 τὸ
2751 4735 2972 4808 θεληθὲν
3147 4737 3165 4802 (
3190 4736 3308 4788 οὐδὲ
3340 4736 3447 4805 γὰρ
3479 4736 3673 4787 ἕπεται

2084 4827 2379 4895 πάντως)ο
2421 4826 2544 4878 οὐδὲ
2600 4825 2662 4878 τὸ
2707 4827 2996 4896 γεννηθὲν,
3051 4827 3392 4896 γεννήσεως’
3443 4824 3563 4876 οὐδὲ
3611 4823 3674 4876 τὸ

2083 4919 2368 4980 ἀκουσθὲν,
2410 4920 2810 4991 ὲκφωνήσεωςδ
2837 4919 2971 4972 ἀλλὰ
3020 4919 3110 4972 τοῦ
3151 4918 3417 4982 θέλοντος,
3453 4915 3672 4969 καὶτοῦ

2085 5006 2378 5075 γεννῶντος
2432 5052 2446 5074 ,
2592 5007 2814 5060 καὶτοῦ
2860 5007 3129 5075 λέγοντος.
3172 5005 3252 5058 Τὰ
3290 5005 3384 5057 τοῦ
3431 5003 3566 5056 Θεοῦ
3614 5003 3673 5055 δὲ

2087 5100 2179 5152 καὶ
2205 5097 2345 5168 ὑπὲρ
2378 5097 2551 5152 ταῦτα
2585 5100 2781 5157 πάντα,
2815 5092 2858 5165 ᾧ
2889 5098 3140 5168 γέννησίς
3181 5098 3328 5149 ἐστιν
3359 5098 3486 5158 ἴσως
3517 5097 3548 5164 ἡ
3577 5094 3672 5146 τοῦ

2087 5191 2281 5260 γεννᾷν
2323 5189 2570 5261 θέλησις·
2607 5191 2721 5243 ἀλλ’
2747 5190 2896 5242 οὐδὲν
2937 5189 3120 5259 μέσον,
3162 5189 3214 5240 εἴ
3257 5204 3320 5254 γε
3366 5188 3459 5239 καὶ
3515 5185 3672 5238 τοῦτο

2086 5279 2369 5350 δεξώμεθα
2531 5282 2686 5344 ὅλως,
2719 5281 2854 5334 ἀλλά
2889 5280 2961 5350 μὴ
2985 5280 3079 5332 καὶ
3107 5278 3376 5349 θελήσεως
3409 5276 3674 5349 κρείττων

2086 5373 2120 5443 ἡ
2167 5372 2438 5442 γέννησις.

403 5464 548 5517 enim
604 5464 708 5519 hoc
762 5480 987 5536 prorsus
1047 5466 1353 5537 sequitur);
1407 5481 1509 5521 nec
1559 5466 1954 5537 generationis,
2006 5467 2150 5536 quod
2216 5466 2463 5537 genitum
2526 5474 2631 5530 est,
2698 5478 2800 5518 nec
2848 5462 3182 5527 locutionis,
3231 5459 3375 5530 quod
3431 5457 3681 5513 auditum

403 5565 507 5619 est,
544 5557 636 5610 sed
675 5557 926 5623 volentis,
961 5564 1018 5610 et
1059 5558 1352 5627 gignentis,
1401 5569 1454 5614 et
1503 5559 1796 5628 loquentis.
1852 5566 2061 5629 Atqu-a3
2116 5559 2168 5613 in
2221 5557 2330 5612 Deo
2363 5557 2801 5621 considerantur,
2855 5570 3019 5627 supra
3069 5559 3185 5611 haec
3236 5570 3454 5625 quoque
3485 5553 3672 5608 omnia

477 5738 491 5766 ⁸
536 5739 676 5789 Psal.
713 5756 772 5801 ιι,
807 5741 854 5791 1.
933 5741 952 5769 ¹
987 5739 1132 5793 Psal.
1164 5757 1289 5805 va,
1320 5739 1372 5793 6.
