4058 6428
428 379 522 442 [61

1381 374 1759 436 ΡΛΝΟΡΙᾸΑ
1810 376 2271 439 DOGMATICA.
2307 403 2376 411 —
2417 380 2567 439 'l‘lT.
2608 379 2711 441 VI.

3585 390 3692 450 {62

417 513 565 567 sunt,
598 510 791 572 utpote
822 504 905 558 cui
936 501 1212 574 generatio
1246 500 1477 557 fortasse
1542 500 1612 556 sit
1674 499 1788 571 ipsa
1823 502 2073 572 gignendi
2111 503 2393 572 voluntas;
2448 521 2634 561 verum
2671 505 2804 561 nihil
2850 513 2933 563 est
2974 496 3351 562 intermedium
3376 544 3394 573 ,
3442 508 3488 563 si
3528 516 3687 569 modo

416 599 519 655 hoc
564 612 782 668 quoque
828 597 1049 651 omnino
1089 596 1461 662 admittimus,
1492 611 1555 650 ac
1589 610 1694 649 non
1767 596 1944 663 potius
2008 596 2296 653 statuimus
2366 601 2770 668 generationem
2823 601 2963 657 hanc
2999 601 3277 657 voluntate
3310 602 3680 658 sublimiorem

416 702 473 747 et
502 691 932 761 prrestantiorem
964 703 1103 744 esse.

603 782 794 835 Βούλει
834 798 889 834 τι
935 779 1257 851 προσπαίξω
1296 781 1386 832 καὶ
1432 794 1522 831 τον
1555 778 1805 849 Πατέρα;
1848 776 2008 849 Παρὰ
2040 779 2083 829 A

422 877 513 930 σοῦ
548 876 657 948 γὰρ
685 875 796 945 ἔχω
822 874 892 928 τὰ
922 872 1148 925 τοιαῦτα
1191 870 1423 941 τολμᾷν·
1460 870 1641 922 Θέλων
1671 869 1800 932 Θεὸς
1833 870 1860 920 6
1892 870 2007 921 Πα-

420 967 545 1033 τὴρ,
578 964 612 1034 ἢ
653 963 726 1033 μὴ
760 961 951 1015 Οέλων.
997 961 1108 1014 Kal
1139 961 1286 1023 ὅπως
1324 959 1608 1030 ἀποφεύξῃ
1636 959 1697 1011 τὸ
1734 958 1823 1011 σὸν
1856 976 2011 1029 περι-

418 1054 613 1120 δέξιον.
646 1055 708 1106 El
753 1052 850 1123 μὲν
892 1052 956 1122 δὴ
990 1051 1330 1114 Θέλων,πότε
1362 1049 1457 1103 τοῦ
1491 1050 1665 1103 Θέλειν
1700 1049 2011 1120 ἡργμένος;

418 1148 497 1201 06
524 1147 636 1216 γὰρ
671 1145 800 1213 πρὶν
831 1139 1003 1197 εἶναι·
1050 1142 1171 1195 οὐδὲ
1207 1142 1318 1212 γὰρ
1345 1136 1412 1212 ἦν
1446 1158 1498 1193 τι
1530 1140 1815 1211 πρότερον.
1858 1141 1927 1193 Ἥ
1954 1139 2013 1192 τὸ

423 1238 522 1309 μὲν
557 1235 725 1289 αὐτοῦ
766 1234 1036 1304 Θελῆσαν,
1088 1232 1149 1284 τὸ
1176 1232 1233 1285 δὲ
1283 1231 1547 1302 θεληθέν;
1589 1231 1855 1303 Μεριστὸς
1896 1228 2010 1285 οῦν.

420 1330 546 1393 Πῶς
574 1329 631 1381 δὲ
660 1328 720 1381 ού
752 1326 1020 1398 Θελήσεως
1053 1324 1147 1377 καὶ
1175 1317 1350 1389 οὗτος,
1382 1323 1525 1377 κατὰ
1561 1324 1654 1388 σὲ,
1686 1324 2006 1394 πρόϐλημα;

422 1425 484 1477 Ei
507 1423 566 1476 δὲ
593 1421 657 1474 ού
696 1419 901 1481 Θέλων,
942 1417 995 1469 τί
1036 1416 1096 1469 τὸ
1123 1415 1453 1486 βιασάμενον
1494 1416 1572 1480 είς
1600 1415 1661 1468 τὸ
1692 1410 1867 1479 elvat;
1904 1416 2015 1468 Kal.

424 1516 543 1579 πῶς
574 1513 740 1575 Θεὸς,
770 1511 819 1563 εἰ
859 1508 1161 1579 βεϐίασται,
1206 1509 1301 1560 καὶ
1339 1505 1514 1560 ταῦτα
1556 1507 1656 1560 οὐκ
1685 1506 1814 1560 ἄλλο
1850 1525 1923 1565 τι,
1980 1506 2012 1577 ἢ

424 1607 562 1663 αὐτὸ
597 1605 661 1657 τὸ
694 1598 834 1656 εἶναι
867 1600 1028 1665 Θεός;
1059 1600 1182 1663 Πῶς
1227 1594 1351 1664 οὖν,
1398 1598 1532 1669 φησὶ
1575 1640 1591 1664 ,

422 1714 548 1762 ται;
593 1694 720 1757 Πῶς
767 1692 1044 1755 ἔκτισται,
1085 1689 1242 1760 εἴπερ
1279 1689 1523 1742 ἔκτισται
1564 1689 1707 1742 κατὰ
1759 1689 1853 1753 σὲ;
1903 1687 2015 1741 Kal

425 1792 536 1862 γάρ
568 1788 667 1842 καὶ
700 1784 861 1839 τοῦτο
884 1783 984 1854 τῆς
1014 1783 1183 1853 αὐτῆς
1225 1781 1477 1853 ἀπορίας.
1516 1781 1671 1853 Τάχα
1702 1780 1768 1835 ἂν
1816 1782 2014 1844 εἴποις,

414 1890 498 1941 ὅτι
546 1884 803 1956 βουλήσει
839 1883 935 1936 καὶ
968 1880 1133 1949 λόγῳ.
1172 1878 1315 1931 Ἀλλ’
1357 1879 1511 1932 οὔπω
1556 1876 1738 1945 λέγεις
1791 1876 1851 1927 τὸ
1879 1876 2009 1927 πᾶν.

416 1974 544 2036 Πῶς
605 1972 718 2043 γὰρ
778 1970 943 2040 ἔργου
1015 1966 1248 2037 δύναμιν
1304 1966 1463 2036 ἔσχεν
1518 1968 1552 2037 ἡ
1598 1964 1856 2037 βούλησις
1914 1961 2010 2015 καὶ

1752 1599 2033 1667 γεγέννη-,

2349 779 2511 834 Visne
2567 779 2618 834 in
2684 778 2899 833 Patrem
2970 794 3183 849 quoque
3246 780 3417 847 ipsum
3477 779 3689 833 cavillis

2113 871 2356 925 nonnihil
2415 872 2639 925 ludam?
2687 871 2765 925 Tu
2824 872 2953 927 mihi
3010 888 3195 926 ansam
3276 871 3398 925 talia
3459 872 3687 925 audendi

2113 964 2337 1031 praebes.
2378 962 2537 1015 Pater
2578 963 2759 1031 itaque
2793 964 2873 1016 vel
2918 964 3099 1016 volens
3146 964 3285 1017 Deus
3318 973 3421 1026 cst,
3464 963 3547 1017 vel
3586 978 3683 1014 no-

2113 1054 2249 1107 lens.
2281 1056 2358 1107 Ac
2391 1054 2508 1106 vide
2544 1070 2649 1123 qua
2682 1055 2893 1107 tandem
2925 1057 3135 1108 ratione
3161 1055 3353 1109 scitum
3387 1054 3513 1107 illud
3540 1064 3687 1107 tuum

2117 1154 2171 1197 ct
2202 1154 2412 1196 acutum
2448 1156 2823 1210 argumentum
2854 1144 3096 1214 ciliigies.
3138 1146 3192 1200 Si
3231 1147 3438 1212 volens,
3469 1149 3688 1215 quando

2120 1234 2255 1287 velle
2303 1236 2503 1304 erepit?
2552 1236 2668 1290 Non
2724 1238 2866 1291 enim
2917 1237 3232 1307 priusquam
3283 1249 3451 1291 esset.
3501 1236 3691 1304 Neque

2118 1328 2260 1381 enim
2297 1328 2447 1395 prius
2481 1329 2771 1397 quidquam
2817 1338 2956 1386 erat.
2996 1329 3072 1381 An
3125 1330 3316 1396 partim
3355 1329 3406 1385 in
3438 1343 3502 1383 eo
3526 1330 3687 1396 quid-

2117 1420 2236 1472 dam
2270 1418 2370 1473 fuit
2398 1421 2537 1487 quod
2571 1420 2759 1485 voluit,
2791 1424 2986 1488 partim
3033 1421 3289 1487 quiddam
3325 1422 3468 1487 quod
3504 1420 3555 1472 in
3590 1434 3689 1471 vo-

2116 1510 2374 1566 luntatem
2407 1512 2645 1566 cecidit?
2677 1512 2972 1566 Divisibilis
3004 1513 3167 1582 igitur
3188 1514 3313 1566 erit.
3342 1514 3477 1578 Quid
3502 1522 3681 1565 autem

2117 1600 2293 1656 afferri
2328 1604 2561 1671 poterit,
2612 1605 2740 1673 quin
2771 1606 2923 1675 juxta
2972 1615 3116 1657 luant
3149 1603 3561 1673 argumentandi
3606 1619 3693 1655 ra-

2116 1694 2335 1758 tionem,
2378 1694 2492 1761 ipse
2536 1710 2751 1763 quoque
2784 1694 3079 1748 voluntatis
3113 1693 3254 1747 fetus
3290 1694 3401 1746 sit?
3453 1693 3605 1759 Quod
3646 1710 3692 1745 ει

2117 1782 2330 1847 nolens,
2358 1784 2485 1852 quis
2516 1798 2640 1838 eum
2672 1784 2848 1852 coegit
2899 1792 2956 1838 ut
2986 1784 3172 1838 esset?
3198 1784 3314 1850 Quo
3341 1784 3502 1838 etiam
3536 1786 3694 1837 modo

2120 1869 2286 1935 Deus,
2324 1872 2370 1926 si
2420 1879 2649 1926 coactus
2681 1867 2797 1936 est;
2858 1878 2912 1925 et
2952 1881 3180 1928 coactus
3219 1874 3442 1943 quidem
3496 1891 3604 1930 non
3638 1880 3705 1930 ad

2119 1964 2264 2017 aliud
2321 1963 2649 2033 quidquam,
2698 1978 2860 2031 quam
2906 1965 2973 2017 ad
3033 1965 3157 2029 hoc,
3199 1974 3258 2020 ut
3314 1966 3459 2023 Deus
3514 1973 3710 2025 esset?

413 2068 444 2120 6
494 2065 691 2133 λόγος;
745 2063 869 2116 Ἔτι
932 2060 1183 2112 λείπεται
1260 2058 1466 2129 λέγειν.
1518 2058 1594 2113 Οὐ
1663 2059 1771 2126 γὰρ
1834 2054 2008 2118 οὕτως

2124 2056 2433 2124 Quomodo,
2480 2056 2687 2127 inquis,
2732 2054 2905 2111 Filius
2954 2060 3172 2127 genitus
3236 2062 3360 2115 est?
3405 2062 3602 2117 Verum
3651 2075 3707 2118 tu

413 2158 513 2213 ἄνθ
523 2172 730 2228 ρωπος.

2118 2165 2335 2221 quoque
2366 2152 2658 2220 responde,
2691 2153 2969 2219 quomodo
2994 2164 3219 2211 creatus
3248 2157 3373 2211 est?
3407 2159 3707 2228 siquidem,

416 2264 479 2310 nt
507 2255 626 2325 ipse
666 2252 889 2315 asseris,
925 2257 1142 2306 creatus
1167 2257 1271 2303 est.
1312 2245 1451 2301 Nam
1481 2246 1535 2302 id
1559 2259 1779 2316 quoque
1817 2245 2010 2299 eadem
2056 2245 2377 2302 difﬁcultate
2418 2247 2651 2301 laborat.
2689 2246 2845 2302 Dices
2894 2248 3143 2315 fortasse,
3184 2252 3467 2308 voluntate
3497 2266 3552 2309 et
3591 2272 3710 2310 ser-

416 2365 603 2404 mone.
633 2346 704 2401 At
730 2344 974 2400 nondum
1009 2357 1125 2397 rem
1158 2348 1325 2396 totam
1365 2338 1609 2408 expedis.
1641 2336 1927 2403 Quomodo
1956 2339 2102 2393 enim
2142 2338 2324 2408 operis
2367 2338 2475 2393 vim
2504 2337 2755 2393 voluntas
2788 2348 2843 2392 et
2872 2355 3055 2393 sermo
3082 2342 3375 2399 habuerint
3408 2346 3430 2397 ?
3459 2344 3573 2402 Hoc
3613 2364 3710 2402 ex-

412 2443 735 2516 plicandum
767 2439 953 2493 adhuc
988 2437 1085 2492 tibi
1119 2443 1391 2506 superest.
1419 2434 1613 2504 Neque
1644 2432 1791 2488 enim
1824 2431 1990 2489 homo
2026 2433 2100 2489 ita
2125 2434 2448 2491 fabricatur.

629 2528 758 2591 Πῶς
808 2524 902 2581 οὖν
958 2540 1313 2596 γεγεννηται;
1362 2525 1478 2578 Οὐκ
1527 2522 1593 2577 ἂν
1627 2520 1693 2595 ἦν
1739 2522 1949 2594 μεγάλη
1996 2523 2030 2593 ή

425 2624 713 2693 γέννησις,
750 2621 800 2672 εί
846 2619 930 2672 σοὶ
964 2617 1441 2688 κατελαμϐάνετο,
1490 2616 1550 2680 ὃς
1596 2616 1717 2670 οὐδὲ
1746 2616 1845 2687 τὴν
1897 2616 2031 2670 ἰδίαν

423 2715 629 2785 ἐπίστῃ
658 2712 936 2781 γέννησιν,
968 2709 1001 2780 ἢ
1033 2709 1228 2780 μικρόν
1248 2726 1301 2761 τι
1322 2708 1525 2779 ταύτης
1554 2707 1909 2779 κατείληφας,
1937 2706 2032 2761 xai.

421 2808 550 2859 ὅσον
587 2802 825 2874 αἰσχύνῃ
860 2800 1075 2869 λέγειν’
1110 2800 1301 2853 ἔπειτα
1334 2800 1435 2852 οἴει
1472 2799 1535 2851 τὸ
1566 2800 1676 2853 πᾶν
1710 2798 2026 2867 γινώσκειν;

424 2896 611 2951 Πολλὰ
653 2893 718 2948 ἂν
754 2894 953 2963 κάμοις
994 2891 1279 2962 πρότερον,
1309 2890 1343 2961 ἢ
1372 2889 1553 2961 εῦροις
1579 2889 1771 2956 λόγους
1805 2891 2029 2960 συμπή-

424 2988 567 3052 ξεως
587 3028 603 3052 ,
634 2984 995 3057 μορφώσεως,
1012 3000 1145 3053 φανε
1155 2980 1394 3053 ρώσεως,
1412 2980 1587 3051 ψυχῆς
1611 2980 1747 3051 πρὸς
1765 2979 1924 3050 σῶμα
1940 2980 2031 3033 δε-

423 3095 458 3129 σ
465 3077 589 3147 μὸν,
606 3074 702 3129 νοῦ
722 3075 858 3146 πρὸς
877 3073 1078 3144 ψυχὴν,
1098 3072 1258 3141 λόγου
1282 3070 1419 3141 πρὸς
1445 3069 1591 3136 νοῦν,
1608 3070 1841 3142 κίνησιν,
1860 3069 2032 3142 αὔξη-

422 3187 533 3232 σιν,
557 3167 769 3239 τροφῆς
782 3165 1122 3236 ἐξομοίωσιν,
1141 3164 1414 3235 αἴσθησιν,
1436 3164 1678 3234 μνήμην,
1697 3162 2027 3233 ἀνάμνησιν,

410 3260 593 3315 τᾶλλα
625 3259 687 3324 ἐξ
708 3252 786 3312 ὧν
812 3255 1172 3326 συνέστηκας*
1200 3256 1295 3309 καὶ
1317 3255 1439 3308 τίνα
1458 3255 1555 3325 μὲν
1579 3253 1675 3307 τοῦ
1699 3253 2031 3324 συναμφοτέ-

415 3368 541 3423 ρου,
572 3349 778 3419 ψυχῆς,
793 3348 889 3401 καὶ
908 3346 1182 3418 σώματος·
1199 3346 1323 3400 τίνα
1338 3346 1394 3398 δὲ
1412 3347 1479 3399 τὰ
1500 3364 1563 3416 με
1572 3346 2032 3417 μερισμένα,τινα

2379 2528 2660 2597 Quomodo
2685 2544 2842 2601 ergo,
2872 2530 3107 2599 inquies,
3148 2532 3365 2602 genitus
3394 2532 3519 2587 est?
3552 2530 3709 2587 Haud

2133 2634 2326 2689 magna
2356 2629 2505 2675 esset
2530 2621 2645 2677 hac
2680 2623 2997 2691 generatio,
3027 2623 3071 2676 si
3098 2638 3129 2675 a
3161 2633 3212 2675 te
3242 2624 3446 2691 percipi
3489 2634 3711 2692 posset,

2131 2713 2325 2781 quippe
2367 2712 2458 2779 qui
2499 2726 2568 2766 ne
2611 2720 2759 2765 tuam
2811 2713 3029 2781 quidem
3075 2714 3247 2777 noris,
3291 2722 3383 2767 aut
3427 2724 3575 2768 certe
3600 2714 3717 2767 exi-

2130 2817 2289 2872 gnam
2324 2803 2615 2871 quamdam
2649 2812 2856 2872 partem
2893 2805 3183 2874 percepisti
3211 2846 3228 2873 ,
3259 2814 3632 2875 quantumque
3664 2818 3721 2861 te

2129 2888 2310 2943 dicere
2343 2890 2560 2959 pudeat.
2604 2890 2672 2945 Et
2703 2902 2890 2960 postea
2929 2907 3049 2947 eam
3090 2894 3249 2962 plene
3296 2893 3393 2948 tibi
3436 2894 3713 2964 cognitam

2127 2993 2251 3036 esse
2279 2983 2508 3037 censes?
2533 2983 2762 3052 Magnus
2791 2985 2886 3040 tibi
2914 2984 3070 3040 labor
3097 2987 3249 3054 prius
3272 2987 3583 3041 subeundus
3605 2997 3709 3047 est,

2127 3086 2291 3141 quam
2320 3082 2378 3128 ut
2404 3075 2647 3131 rationes
2675 3089 2770 3130 eas
2798 3075 3047 3131 invenias
3068 3114 3083 3141 ,
3115 3075 3313 3145 quibus
3340 3076 3670 3131 constitutus
3694 3116 3709 3137 ,

2098 3164 2431 3233 'formatus,
2484 3183 2548 3223 ac
2602 3168 2985 3224 manifestatus
3033 3169 3246 3233 fueris,
3294 3170 3493 3238 quibus
3542 3169 3709 3222 etiam

2128 3258 2307 3311 anima
2341 3272 2463 3312 cum
2497 3272 2725 3328 corpore
2749 3300 2766 3325 ,
2808 3274 2961 3315 mens
2991 3254 3114 3315 cum
3145 3261 3321 3313 anima
3350 3300 3367 3326 ,
3411 3260 3551 3313 ratio
3584 3274 3708 3313 cum

2128 3359 2308 3405 mente
2346 3352 2506 3419 quasi
2549 3351 2775 3405 vinculis
2808 3352 3132 3421 quibusdam
3181 3352 3559 3420 astringatur:
3600 3360 3712 3402 tum

415 3445 475 3496 δὲ
491 3443 528 3497 ἃ
552 3460 629 3496 πα
638 3440 688 3511 ρ’
714 3439 965 3509 ἀλλήλων
980 3436 1368 3508 λαμϐάνουσιν.
1387 3432 1489 3490 Ὧν
1512 3439 1620 3509 γὰρ
1645 3437 1771 3490 ὖστε
1781 3454 1873 3508 ρον
1892 3438 1925 3506 ή
1945 3453 2025 3489 τε·

2127 3440 2394 3509 quomodo
2426 3455 2625 3510 corpus
2656 3453 2963 3509 moveatur,
2993 3451 3048 3497 et
3081 3453 3364 3513 augeatur,
3403 3453 3567 3511 atque
3602 3443 3706 3495 ali-

419 3534 664 3597 λείωσις,
686 3530 893 3584 τούτων
916 3531 966 3581 οἱ
987 3528 1133 3596 λόγοι
1160 3527 1298 3598 μετὰ
1318 3528 1419 3597 τῆς
1442 3529 1770 3599 γεννήσεως.
1800 3528 1934 3581 Εἰπὲ
1954 3526 2035 3579 τί-

431 3642 542 3687 νεςο
578 3624 667 3677 καὶ
702 3622 842 3694 μηδὲ
880 3622 1001 3674 τότε
1038 3620 1406 3690 φιλοσοφήσῃς
1588 3618 1722 3672 Θεοῦ
1757 3619 2030 3689 γέννησινο

437 3714 501 3765 οὺ
514 3712 618 3782 γάρ
642 3710 900 3781 ἀσφαλές.
921 3711 985 3763 Εἰ
1011 3708 1110 3778 μὲν
1124 3707 1233 3779 γὰρ
1250 3707 1347 3778 τὴν
1373 3706 1469 3777 σὴν
1487 3707 1799 3775 γινώσκεις,
1817 3708 1875 3760 ού
1900 3706 2035 3760 πάν-

430 3821 546 3867 τως
577 3804 663 3856 καὶ
696 3805 796 3873 τὴν
828 3801 923 3854 τοῦ
953 3800 1087 3853 Θεοῦ
1109 3815 1121 3827 ⁸
1159 3801 1208 3852 εί
1234 3798 1291 3851 δὲ
1337 3798 1472 3869 μηδὲ
1497 3799 1597 3870 τὴν
1629 3799 1755 3870 σὴν,
1789 3798 1906 3861 πῶς
1935 3797 2036 3868 τὴν

420 3895 521 3949 τοῦ
553 3894 691 3947 Θεοῦ
717 3912 732 3960 ;
769 3895 921 3963 Ὂσῳ
948 3891 1055 3963 γὰρ
1089 3890 1221 3956 Θεὸς
1255 3890 1545 3962 ἀνθρώπου
1570 3889 2037 3961 δυστεκμαρτότε-

420 4005 519 4059 ρος
567 4024 584 4048 ,
744 3984 990 4055 τοσούτῳ
1041 3984 1134 4037 καὶ
1171 3983 1273 4051 τῆς
1314 3982 1414 4053 σῆς
1454 3984 1763 4053 γεννήσεως
1796 3982 2037 4052 ἀλήπτο-

2129 3538 2369 3584 mentum
2412 3531 2511 3600 ipsi
2540 3531 2911 3586 assimiletur:
2944 3533 3010 3586 ad
3046 3533 3162 3588 haec
3201 3547 3322 3602 qua:
3351 3533 3424 3586 sit
3452 3545 3714 3586 sensuum

2128 3625 2269 3681 ratio
2293 3665 2308 3688 ,
2336 3640 2455 3693 quae
2489 3625 2764 3681 memoriae
2786 3665 2802 3690 ,
2833 3642 2954 3696 quae
2996 3627 3416 3681 reminiscentiae
3439 3668 3455 3692 ,
3499 3641 3715 3680 rerum-

2128 3731 2234 3785 que
2287 3726 2640 3780 cazterarum,
2728 3731 2794 3770 ex
2855 3718 3051 3785 quibus
3102 3728 3324 3771 constas
3377 3734 3389 3769 :
3454 3730 3518 3770 ac
3575 3731 3715 3783 prae-

2131 3817 2274 3863 terea
2307 3823 2427 3875 qua:
2471 3807 2800 3874 conjunctim
2855 3808 3142 3875 utriusque
3186 3807 3356 3876 partis
3401 3808 3548 3873 sint,
3594 3821 3718 3873 quae

2128 3898 2298 3953 divisa
2335 3907 2391 3952 et
2423 3908 2669 3966 separata
2692 3937 2707 3958 ,
2735 3912 2856 3967 qua:
2896 3912 3086 3951 rursus
3117 3913 3145 3951 a
3188 3912 3246 3951 se
3289 3896 3522 3950 invicem
3569 3898 3718 3950 acci-

2130 3989 2298 4057 piant.
2330 3988 2462 4055 Quae
2505 3989 2649 4043 enim
2702 3988 2959 4055 temporis
2993 4002 3279 4058 progressu
3320 3986 3714 4056 perfectionem

414 4078 561 4148 τέρα
594 4079 624 4147 ή
659 4077 775 4130 ἄνω
803 4075 1082 4145 γέννησις.
1120 4073 1184 4125 El
1213 4072 1270 4125 δὲ
1294 4072 1376 4126 ὄτι
1407 4073 1480 4142 μή
1528 4088 1613 4124 σοι
1651 4070 2032 4139 κατείληπται,

414 4169 513 4221 διὰ
544 4168 712 4221 τοῦτο
738 4168 863 4220 οὐδὲ
892 4164 1218 4235 γεγέννηται
1273 4202 1286 4225 ,
1433 4162 1552 4234 ῶρα
1585 4180 1669 4216 σοι
1712 4160 1886 4215 πολλά
1918 4161 2036 4213 δια-

416 4265 669 4333 γράφειν
701 4259 808 4313 τῶν
842 4258 1035 4323 ὄντων,
1080 4256 1117 4310 ἃ.
1162 4256 1237 4327 μὴ
1280 4255 1639 4325 κατείληφας,
1694 4255 1789 4308 καὶ
1836 4252 1941 4324 πρό
1972 4269 2036 4319 γε

418 4356 658 4409 πάντων
840 4352 932 4405 τὸν
962 4351 1095 4404 Θεὸν
1126 4351 1319 4405 αὐτόν’
1354 4350 1414 4402 οὐ
1457 4348 1564 4420 γὰρ
1749 4349 1777 4401 ὅ
1799 4348 1855 4401 τί
1905 4346 2038 4399 ποτέ

418 4448 581 4498 ἐστιν
635 4445 808 4495 εἰπεῖν
833 4440 1000 4510 ἔχεις,
1046 4442 1141 4495 καὶ
1184 4442 1235 4493 εί
1273 4440 1394 4493 λίαν
1427 4439 1696 4511 τολμηρὸς
1744 4433 1813 4501 εὶ,
1847 4435 2039 4490 καὶτὰ

424 4532 671 4603 περιττὰ
719 4530 1122 4602 μεγαλόψυχος.
1173 4527 1466 4582 Κατάϐαλὲ
1516 4545 1609 4580 σου
1654 4526 1754 4590 τὰς
1802 4526 2035 4597 ρεύσεις,

424 4626 529 4677 καὶ
569 4623 670 4686 τὰς
715 4621 1049 4693 διαιρέσεις,
1087 4620 1310 4683 καὶτὰς
1336 4618 1530 4689 τομὰς,
1569 4617 1664 4671 καὶ
1700 4616 1762 4669 τὸ
1792 4615 1867 4679 ὼς
1910 4615 2039 4685 περὶ

430 4716 693 4786 σώματος
748 4712 1084 4767 διανοεῖσθαι
1141 4716 1242 4783 τῆς
1291 4706 1587 4782 ἀσωμάτου
1643 4709 1886 4780 φύσεως·
1946 4708 2040 4761 καὶ

1710 4801 2036 4869 γεννήσεως.

2132 4098 2285 4139 suam
2342 4091 2773 4151 consequuntur,
2834 4096 3024 4135 eorum
3083 4089 3233 4134 certe
3287 4080 3526 4134 rationes
3586 4079 3718 4146 ipsa;

2130 4173 2287 4228 simul
2320 4188 2442 4227 cum
2487 4172 2834 4243 generatione
2868 4171 3219 4226 exstiterunt.
3276 4171 3466 4236 Dicas,
3516 4169 3713 4234 velim,

2130 4281 2251 4337 quae
2284 4266 2394 4321 sint
2425 4266 2510 4320 ha:
2548 4266 2828 4330 rationes;
2883 4265 2977 4319 sed
3016 4280 3083 4319 ne
3125 4273 3234 4316 tum
3266 4264 3484 4332 quidem
3522 4263 3587 4317 de
3623 4263 3719 4318 Dei

2131 4359 2483 4430 generatione
2512 4367 2811 4426 pertracta.
2847 4354 2959 4411 Nec
2992 4357 3136 4410 enim
3167 4355 3218 4409 id
3262 4355 3505 4424 periculo
3541 4364 3715 4409 vacat.

2133 4448 2188 4503 Si
2217 4449 2359 4503 enim
2390 4457 2536 4500 tuam
2559 4446 2866 4515 cognoscis,
2898 4460 3002 4499 non
3035 4442 3280 4512 pretinus
3315 4443 3587 4509 sequitur,
3622 4440 3714 4493 Dei

2132 4554 2348 4611 quoque
2385 4537 2789 4606 generationem
2832 4534 2927 4587 tibi
2964 4534 3234 4602 cognitam
3284 4540 3336 4585 et
3377 4532 3719 4600 exploratam

2134 4643 2275 4685 esse.
2327 4625 2383 4681 Si
2417 4635 2598 4679 autem
2653 4633 2742 4678 tua
2794 4623 2890 4677 tibi
2945 4624 3126 4690 ignota
3175 4633 3302 4687 est,
3348 4637 3456 4690 quo
3510 4623 3724 4676 tandem

2134 4722 2293 4777 modo
2334 4719 2429 4773 Dei
2479 4717 2760 4785 generatio
2793 4716 2888 4769 tibi
2942 4724 3066 4769 nota
3119 4713 3267 4767 erit?
3320 4714 3535 4780 Quanto
3579 4714 3727 4767 enim

2134 4812 2402 4869 dillicilius
2424 4820 2508 4866 est
2540 4810 2635 4865 Dei
2665 4818 2937 4874 naturam,
2970 4822 3129 4874 quam
3161 4806 3416 4868 hominis,
3449 4806 3725 4874 indagare,

430 4898 561 4960 Πῶς
615 4897 985 4965 γεγέννηται;
1042 4895 1212 4948 Πάλιν
1262 4895 1372 4965 γὰρ
1422 4894 1482 4946 τὸ
1549 4893 1680 4947 αὐτὸ
1736 4890 2025 4960 φθέγξομαι

2138 4916 2288 4960 tanto
2319 4916 2535 4973 quoque
2585 4899 2855 4955 difficilius
2885 4898 3090 4966 percipi
3139 4906 3319 4965 potest
3350 4910 3587 4964 superna
3635 4898 3724 4950 illa

430 4990 843 5060 δυσχεραίνων
885 4985 1024 5039 Θεοῦ
1066 4986 1321 5057 γέννησις
1367 4987 1544 5055 σιωπῇ
1581 4982 1852 5054 τιμάσθω.
1881 4980 2025 5043 Μέγσ

2144 5006 2198 5049 et
2232 4995 2411 5048 divina
2441 4991 2740 5064 generatio,
2783 5005 2944 5059 quam
2979 4998 3089 5041 tua.
3127 4987 3281 5053 Quod
3315 4988 3363 5041 si
3384 5029 3399 5053 ,
3441 4989 3567 5055 quia
3599 5002 3721 5042 eam

430 5099 515 5134 σοι
543 5082 606 5132 τὸ
641 5081 854 5150 μαθεῖν,
886 5081 968 5131 ὅτι
995 5078 1339 5148 γεγέννηται.
1372 5078 1447 5130 Τὸ
1470 5077 1527 5129 δὲ
1561 5077 1698 5139 πῶς,
1723 5074 1843 5127 οὐδὲ
1871 5072 2025 5140 ἀγγέ-

2139 5087 2446 5156 cognitione
2474 5084 2685 5153 assequi
2734 5081 2965 5151 nequis,
2985 5080 3188 5135 idcirco
3223 5093 3291 5133 ne
3322 5080 3565 5149 genitum
3598 5081 3725 5149 qui-

431 5172 573 5235 λοις,
637 5172 713 5242 μὴ
762 5171 847 5223 ὅτι
891 5186 956 5237 γε
1020 5168 1104 5222 σοὶ
1167 5169 1369 5222 ἐννοεῖν
1581 5166 2019 5236 συγχωρήσωμεν

2138 5178 2260 5232 dem
2296 5192 2418 5231 esse
2445 5175 2752 5237 contendis,
2787 5184 2996 5242 tempus
3021 5171 3131 5237 jam
3162 5170 3254 5224 tibi
3294 5170 3479 5236 fuerit,
3512 5170 3678 5223 multa
3705 5210 3723 5234 ,

430 5263 626 5315 Βούλει
688 5261 1031 5333 παραστήσω
1065 5260 1127 5314 τὸ
1178 5260 1325 5325 πῶς;
1383 5258 1473 5321 Ὣς
1511 5253 1652 5310 οἶδεν
1701 5258 1730 5309 6
1772 5256 2025 5324 γεννήσας

2139 5283 2257 5339 qua:
2287 5277 2341 5321 tu
2375 5267 2597 5320 minime
2622 5262 2932 5334 percepisti,
2972 5270 3135 5330 atque
3174 5267 3301 5314 ante
3327 5258 3513 5312 omnia
3552 5258 3723 5310 Deum

434 5352 657 5423 Πατὴρ,
713 5354 811 5406 καὶ
854 5353 882 5404 6
922 5351 1207 5422 γεννηθεὶς
1248 5348 1409 5412 Υἱός·
1457 5348 1516 5401 τὸ
1564 5347 1621 5400 δὲ
1670 5345 1812 5415 ὑπὲρ
1844 5343 2017 5397 ταῦτα

2140 5375 2357 5430 quoque
2390 5360 2589 5427 ipsum,
2637 5373 2667 5411 e
2709 5370 2888 5410 rerum
2932 5363 3125 5408 natura
3177 5349 3357 5405 delere
3390 5360 3555 5418 atque
3589 5346 3727 5401 obli-

438 5444 596 5515 νέφει
632 5444 962 5515 κρύπτεται,
993 5444 1092 5514 τὴν
1130 5443 1228 5513 σὴν
1261 5441 1552 5509 διαφεῦγον
1587 5435 1969 5508 ἀμϐλυωπίαν.

2144 5462 2343 5507 terare.
2394 5451 2579 5519 Neque
2616 5447 2801 5512 enim,
2848 5445 2978 5514 quid
3021 5442 3237 5497 tandem
3290 5441 3394 5501 sit,
3446 5438 3728 5507 explicare

437 5553 616 5610 potes,
649 5537 951 5609 quamlibet
982 5535 1159 5589 audax
1196 5533 1294 5598 sis,
1328 5528 1575 5600 atque-in
1611 5525 2032 5596 supervacaneis
2073 5526 2233 5582 rebus
2282 5538 2536 5582 strenuus
2580 5536 2635 5581 et
2702 5527 3097 5593 magnanimus.
3158 5523 3303 5577 Tuas
3349 5523 3469 5577 illas
3538 5520 3732 5574 fluxio-

439 5652 557 5697 nes,
594 5643 649 5689 et
684 5632 1013 5692 divisiones,
1049 5636 1108 5682 et
1151 5623 1418 5680 sectiones
1451 5622 1600 5692 prius
1635 5618 1824 5686 abjice,
1859 5635 1923 5675 ac
1956 5620 2023 5673 de
2059 5619 2379 5688 incorporea
2411 5619 2497 5672 illa
2529 5628 2748 5682 natura,
2777 5618 2932 5686 quasi
2997 5617 3063 5671 de
3094 5630 3377 5683 corporea,
3443 5613 3732 5681 diSputare

438 5731 661 5791 desine;
704 5736 869 5796 atque
904 5724 976 5777 ita
1013 5721 1247 5776 fortasse
1278 5719 1496 5788 dignum
1552 5716 1751 5785 aliquid
1788 5715 2135 5783 generatione
2181 5715 2365 5769 divina
2439 5714 2727 5784 concipere
2795 5715 2978 5765 animo
3024 5726 3212 5781 queas.
3283 5709 3566 5774 Quomodo
3634 5723 3728 5777 ge-

442 5824 593 5880 nitus
632 5819 756 5876 est?
804 5820 952 5873 Idem
1016 5816 1161 5872 enim
1199 5812 1632 5883 indignabundus
1699 5820 1902 5880 repeto.
2154 5811 2247 5865 Dei
2298 5811 2575 5880 generatio
2632 5807 2832 5864 silentii
2882 5807 3088 5863 honore
3144 5808 3447 5862 decoretur.
3504 5803 3732 5858 Abunde

428 4809 578 4876 τάχα
614 4805 681 4859 ἂν
717 4805 869 4869 ἄξιόν
902 4821 956 4857 τι
1005 4804 1347 4874 διανοηθειης
1384 4793 1518 4855 Θεοῦ
