4058 6430
368 318 472 381 563

1608 315 1995 378 EUT-HYMH
2035 313 2402 378 ZIGABENI

3534 304 3643 369 565

373 450 633 504 magnum
669 437 765 493 tibi
790 447 874 493 est
907 438 1075 503 seire,
1104 453 1225 492 eum
1253 435 1497 504 genitum
1533 448 1679 489 esse.
1710 434 1830 499 Quo
1861 442 2048 487 autem
2086 433 2249 488 modo
2276 432 2495 503 genitus
2527 429 2621 496 sit,
2665 442 2734 493 ne
2760 427 2896 498 ipsis
2918 426 3138 500 quidem
3165 424 3398 496 angelis,
3435 425 3643 482 nedum

372 531 467 586 tibi
500 531 802 602 intelligere
828 531 1214 587 concesserim.
1258 529 1353 583 Vis
1392 529 1672 584 declarem'
1703 526 2023 598 quomodo?
2058 526 2130 582 Ut
2164 529 2268 584 scit
2298 528 2479 593 Pater,
2499 526 2591 601 qui
2631 525 2839 599 genuit,
2872 534 2929 581 et
2959 522 3129 578 Filius
3160 523 3256 594 qui
3285 523 3509 593 genitus
3529 532 3636 580 est.

370 624 525 692 Quod
560 640 725 694 supra
761 626 873 680 lure
905 630 1009 690 est,
1034 625 1176 678 nube
1215 623 1512 693 obtegitur,
1548 623 1826 691 animique
1859 623 1933 676 tui
1968 622 2357 677 hebetudinem
2420 622 2584 692 fugit.

445 720 552 773 Sed
588 720 827 789 argutari
858 727 1113 788 pergunt.
1153 717 1543 797 Exsistentem,
1582 719 1667 772 vel
1702 733 1809 771 non
1858 733 1952 770 ex-
1990 719 2032 773 A

373 813 656 869 sistentem
689 811 877 882 genuit
907 809 1089 864 Pater.
1120 810 1167 866 Ο
1194 812 1376 867 lutiles
1404 814 1611 883 nugas!
1641 811 1769 865 Haec
1810 811 1955 864 enim

2135 716 2309 775 Ὄντα
2353 713 2455 772 οὖν
2488 717 2844 786 γεγέννηκεν,
2885 716 2919 787 ἢ
2964 716 3066 773 οὐκ
3110 713 3259 777 ὄντα.
3304 713 3429 767 Τῶν
3470 713 3643 786 ληρη.

2060 811 2286 883 μάτωνι
2324 810 2462 879 Περὶ
2492 811 2591 879 ἐμὲ
2620 812 2717 864 καὶ
2748 809 2807 864 σὲ
2834 808 3036 873 ταῦτα,
3066 806 3118 865 οἳ
3146 807 3208 860 τὸ
3245 806 3347 875 μέν
3388 824 3442 861 τι
3472 802 3643 879 ἦμεν,

375 902 509 956 mihi
553 917 616 956 ac
659 900 754 955 tibi
786 900 1140 964 conveniunt,
1191 902 1284 971 qui
1342 901 1538 969 partim
1604 915 1846 965 eramus,
1902 910 1945 953 nl

2062 900 2254 971 ὥσπερ
2276 903 2333 954 ἑν
2361 904 2427 972 τῇ
2452 900 2616 970 ὀσφύϊ
2637 900 2731 955 τοῦ
2763 901 3046 969 Ἀϐραὰμ,
3069 898 3099 951 6
3120 898 3255 953 Δευϊ
3278 913 3293 928 ⁸
3318 898 3381 953 τὸ
3402 899 3461 953 δὶ
3484 901 3647 968 γεγό-

372 992 505 1049 Levi
563 993 672 1062 ille,
708 994 761 1049 in
803 993 1005 1049 lumbis
1065 994 1301 1050 Abraha:
1333 993 1373 1060 ¹,
1425 995 1622 1063 partim
1682 996 1945 1063 procreati

2063 1010 2258 1063 ναμεν.
2280 992 2445 1048 Ὥστε
2468 991 2529 1058 ἐξ
2548 992 2742 1055 όντων,
2766 990 2970 1059 τρόπον
2989 990 3111 1044 τινά
3141 988 3202 1045 τὸ
3224 989 3518 1060 ἡμέτερον,
3544 991 3646 1051 καὶ

352 1095 598 1153 _sumus;
637 1095 702 1135 ac
747 1080 975 1151 proinde
1006 1080 1204 1149 partim
1248 1094 1312 1132 ex
1359 1079 1598 1138 cutibus.
1643 1078 1838 1146 partim
1884 1091 1951 1132 ex

370 1185 474 1221 non
509 1170 731 1224 entibus
769 1185 953 1223 sumus
985 1186 998 1222 :
1031 1180 1223 1223 contra
1255 1183 1414 1236 quam
1446 1168 1498 1221 in
1532 1167 1828 1237 primigena
1862 1165 1952 1220 illa

372 1261 598 1314 materia
632 1259 848 1324 accidit,
876 1275 997 1328 qua:
1032 1258 1177 1314 haud
1206 1259 1370 1314 dubie
1412 1276 1480 1314 ex
1532 1274 1637 1313 non
1663 1266 1791 1313 entc
1825 1273 1953 1328 pro-

367 1359 549 1405 creata
605 1361 723 1416 est,
769 1363 1045 1421 utcunque
1077 1366 1196 1407 eam
1245 1351 1485 1405 nonnulli
1528 1361 1786 1405 mternam
1830 1362 1951 1403 esse

367 1443 695 1513 conﬁngant.
721 1447 790 1497 At
821 1445 908 1497 bic
939 1445 1214 1513 generatio
1244 1458 1366 1498 cum
1398 1441 1636 1497 essentia
1670 1442 1783 1510 ipsa
1815 1455 1949 1497 eou—

368 1533 560 1597 currit,
588 1541 752 1603 atque
783 1549 812 1588 a
848 1534 1119 1604 principio
1149 1534 1379 1591 exstitit.
1421 1531 1521 1586 Ubi
1574 1546 1708 1601 ergo
1747 1546 1949 1599 anceps

368 1621 503 1676 illud
539 1632 711 1686 tuum,
765 1632 928 1692 atque
979 1623 1231 1692 utrinque
1281 1635 1521 1691 praeceps
1569 1630 1948 1689 argumentum

368 1710 573 1779 pones?
605 1710 745 1777 Quid
783 1712 927 1764 enim
962 1726 1049 1773 eo,
1081 1711 1223 1779 quod
1257 1727 1285 1762 a
1330 1709 1597 1779 principio
1635 1717 1774 1772 erat,
1806 1708 1949 1762 anti-

367 1800 528 1869 quius
569 1815 693 1856 esse
731 1811 930 1870 potest,
984 1811 1042 1855 nt
1080 1802 1189 1856 illic
1226 1810 1442 1870 tempus
1474 1800 1825 1861 collocemus,
1852 1788 1947 1861 ’νει

367 1905 481 1959 quo
517 1902 634 1945 erat
688 1890 878 1955 Filius,
917 1892 1003 1946 vel
1034 1907 1140 1960 quo
1184 1907 1287 1946 non
1320 1891 1472 1946 erat?
1520 1890 1758 1960 Utroque
1801 1889 1945 1945 enim

365 1981 528 2034 modo
565 1982 727 2047 illud,
772 2000 807 2036 α
857 1984 1138 2052 principio,
1176 1983 1499 2038 dissolvetur
1526 1994 1583 2038 et
1629 1992 1906 2036 evertetur
1929 2021 1945 2054 ,
1979 2014 2018 2069 Β

364 2072 470 2126 nisi
501 2070 644 2127 forte
668 2074 761 2128 tibi
786 2089 999 2143 quoque
1021 2073 1201 2138 Pater,
1229 2073 1717 2143 percunctantibus
1756 2086 1949 2128 rursus

363 2164 541 2228 nobis,
586 2179 651 2219 ex
699 2166 1013 2230 entibusne,
1060 2180 1129 2220 an
1167 2181 1232 2221 ex
1286 2181 1396 2221 non
1435 2165 1653 2220 entibus
1705 2164 1811 2230 sit,
1862 2164 1947 2218 bis

361 2268 484 2308 esse
520 2254 875 2323 periclitetur,
909 2256 1045 2309 alter
1077 2256 1332 2310 nimirum
1373 2256 1777 2326 pmexsistens,
1810 2254 1947 2309 alter

361 2346 670 2415 essistens;
705 2356 800 2402 aut
828 2358 979 2402 certe
1022 2358 1242 2416 propter
1278 2348 1517 2403 ludicras
1551 2358 1672 2403 tuas
1715 2348 1948 2402 interro-

358 2438 628 2507 gationes,
663 2448 824 2509 atque
854 2454 921 2493 ex
971 2455 1135 2495 arena
1171 2447 1519 2496 constructas
1564 2439 1776 2507 domos,
1825 2454 1946 2508 qua:

358 2543 430 2582 ne
471 2528 681 2584 levibus
720 2530 935 2599 quidem
969 2530 1143 2585 ventis
1194 2531 1454 2586 resistere
1504 2540 1753 2601 possunt,
1804 2531 1941 2585 idem

356 2619 428 2685 ei,
466 2620 612 2689 quod
656 2619 814 2686 Filio,
854 2622 1100 2688 accidat,
1136 2623 1237 2676 hoc
1286 2630 1402 2685 est,
1434 2636 1500 2675 ex
1537 2636 1645 2676 non
1692 2628 1817 2675 ente
1850 2622 1941 2675 sit.

355 2712 471 2782 Ego
511 2711 731 2780 quidem
774 2720 1022 2766 neutrum
1054 2713 1248 2767 horum
1277 2710 1527 2775 admitto,
1558 2713 1938 2781 quaestionem-

355 2816 462 2871 que
509 2802 653 2859 hanc
704 2813 853 2857 tuam
902 2802 1255 2859 absurditatis
1305 2802 1569 2866 multum,
1612 2801 1944 2857 dillicultatis

354 2894 495 2949 nihil
527 2894 726 2950 habere
754 2895 863 2949 aio.
891 2894 1045 2961 Quod
1076 2896 1121 2949 si
1166 2904 1223 2950 tu
1258 2895 1414 2964 juxta
1458 2903 1582 2950 tuas
1629 2894 1942 2950 dialecticas

355 2987 651 3043 sententias
693 2988 747 3042 in
789 2987 941 3042 omni
989 2996 1314 3057 argumento
1357 2989 1676 3043 alterutram
1730 2988 1939 3057 disiun-

354 3077 595 3132 ctionum
639 3092 823 3135 veram
883 3094 1010 3135 esse
1051 3088 1307 3149 oportere
1350 3079 1666 3143 existimas,
1716 3095 1939 3148 parvam

353 3171 641 3236 quamdam
672 3169 1249 3245 interrogatiunculam
1282 3185 1315 3224 a
1344 3185 1432 3226 me
1464 3171 1671 3240 accipe.
1701 3169 1942 3240 Tempus

354 3268 515 3314 estne
561 3261 615 3314 in
653 3270 913 3328 tcuipore,
945 3262 1164 3316 annon?
1209 3262 1265 3317 Si
1303 3262 1356 3315 iu
1386 3271 1658 3330 tempore,
1687 3276 1795 3329 quo
1823 3271 1942 3315 tan-

351 3349 512 3403 dem?
543 3350 791 3420 Quidque
841 3366 1006 3420 supra
1048 3351 1151 3407 hoc
1184 3350 1519 3407 essistente?
1553 3352 1632 3405 Ac
1666 3351 1937 3420 quomodo
1973 3402 2013 3421 η

2053 1068 2156 1123 οὐκ
2190 1068 2359 1123 ὅντων
2378 1086 2391 1097 ·
2428 1071 2686 1137 ἐναντίως
2718 1072 2848 1141 περὶ
2884 1070 2981 1142 τὴν
3009 1073 3304 1144 ἀρχέγονον
3336 1074 3469 1147 ὕλην
3506 1077 3646 1130 ὑπο-

2057 1160 2261 1211 στᾶσαν
2292 1159 2476 1230 σαφῶς
2518 1161 2577 1233 ἐξ
2601 1162 2701 1216 οὐκ
2724 1163 2913 1225 ὄντων,
2945 1162 3047 1227 κάν
3083 1182 3228 1228 τινες
3409 1167 3647 1239 ἀγέννη-

2054 1262 2145 1299 τον
2325 1250 2757 1307 ἀναπλάττωσιν.
2825 1251 3090 1307 Ἐνταῦθα
3132 1254 3188 1307 δὲ
3229 1254 3528 1329 σύνδρομον
3558 1258 3645 1332 τῷ

2054 1335 2193 1393 εἶναι
2218 1340 2279 1392 τὸ
2309 1341 2668 1415 γεγεννῆσθαι
2697 1380 2715 1409 ,
2860 1345 2956 1398 καὶ
2984 1344 3080 1399 ἀπ’
3110 1346 3307 1418 ἀρχῆς.
3338 1349 3501 1405 Ὥστε
3531 1352 3642 1408 ποῦ

2055 1430 2242 1501 Θήσεις
2416 1432 2477 1493 τὸ
2507 1433 2895 1505 ἀμφίκρημνον
2918 1435 3076 1489 τοῦτο
3102 1437 3399 1511 ὲρώτημας
3436 1441 3500 1497 Τί
3529 1442 3644 1516 γὰρ

2055 1521 2145 1576 τοῦ
2172 1523 2265 1576 ἀπ’
2297 1524 2472 1594 ἀρχῆς
2498 1524 2885 1599 πρεσϐύτερον,
2935 1526 3001 1583 ἵν’
3030 1527 3148 1593 ἐκεῖ
3176 1527 3361 1599 θῶμεν
3402 1530 3463 1585 τὸ
3499 1526 3645 1597 εἶναι

2054 1631 2184 1677 ποτε
2213 1614 2307 1675 τοῦ
2335 1614 2489 1680 Υἱοῦ,
2525 1615 2558 1689 ἢ
2586 1616 2647 1669 τὸ
2693 1617 2769 1688 μὴ
2802 1612 2981 1686 srvat;
3027 1620 3376 1693 Ἀμφοτέρως
3416 1622 3527 1694 γάρ
3557 1625 3641 1693 τὸ,

2052 1702 2155 1756 ἀπ’
2182 1702 2393 1771 ἀρχῆς,
2427 1704 2753 1775 λυθήσεται·
2781 1709 2831 1761 εἰ
2858 1709 2933 1779 μή
2969 1726 3049 1762 σοι
3069 1709 3163 1762 καὶ
3184 1713 3212 1764 6
3242 1712 3453 1784 Πατὴρ,
3476 1715 3644 1780 πάλιν

2051 1792 2379 1863 ἐρωτώντων
2405 1795 2582 1867 ἡμῶν,
2619 1798 2679 1864 ἑξ
2713 1797 2903 1863 ὄντων,
2938 1799 2971 1873 ἢ
3002 1798 3062 1865 ἐξ
3089 1804 3189 1854 οὐκ
3222 1800 3414 1868 ὅντων,
3455 1805 3643 1859 κινδυ-

2050 1884 2345 1957 νεύσειενῆ
2375 1887 2455 1951 δίς
2487 1885 2648 1953 εἶναι,
2684 1889 2713 1942 δ
2744 1889 2844 1963 μὲν
2866 1889 3071 1962 προὼν,
3103 1891 3132 1945 ὃ
3164 1892 3222 1945 δὲ
3250 1891 3346 1954 ὢν,
3380 1894 3414 1965 ἢ
3443 1895 3644 1950 ταυτὸν

2050 1974 2128 2046 τῷ
2168 1976 2282 2047 Υἱῷ
2323 1978 2537 2045 παθεῖν,
2571 1980 2629 2047 ἐξ
2664 1983 2764 2035 οὐκ
2798 1981 2969 2035 ὄντων
3000 1977 3160 2049 εἶναι,
3192 1983 3284 2038 διὰ
3316 1984 3385 2039 τά
3420 1985 3489 2040 σά
3530 1987 3647 2041 τῶν

2051 2066 2423 2140 ὲριιπημάτων
2453 2071 2699 2139 παίγνια,
2729 2073 2823 2126 καὶ
2853 2073 2954 2137 τὰς
2979 2075 3044 2127 ἐκ
3073 2074 3321 2147 ψάμμων
3480 2080 3646 2133 οἰκο-

2049 2156 2238 2229 δομὰς,
2270 2160 2328 2215 αἳ
2369 2161 2502 2232 μηδὲ
2533 2162 2731 2235 αὔραις
2769 2165 3033 2235 ἵστανται.
3073 2165 3217 2234 Ἐγὼ
3249 2168 3347 2240 μὲν
3391 2163 3485 2224 οὖν
3518 2170 3641 2234 οὐδ-

2051 2248 2238 2323 έτερον
2275 2252 2479 2307 τούτων
2500 2254 2759 2326 -δὲχομαι,
2804 2257 2897 2309 καὶ
2925 2256 3023 2327 τὴν
3075 2257 3344 2331 ὲρώτησίν
3398 2278 3543 2332 φημι
3578 2261 3644 2317 τὸ

2047 2342 2249 2398 ἄτοπον
2280 2343 2448 2415 ἔχειν,
2491 2346 2613 2416 οὐχὶ
2653 2347 2711 2399 τὸ
2740 2348 2943 2418 ἄπορον
2971 2350 3070 2419 τὴν
3098 2349 3427 2421 ἀπάντησιν.
3472 2353 3537 2405 Ei
3578 2352 3640 2407 δὲ

2053 2435 2138 2487 σοὶ
2311 2437 2560 2506 φαίνεται
2618 2439 2915 2507 ἀναγκαῖον
2974 2434 3115 2495 εἶναι
3169 2442 3230 2496 τὸ
3266 2442 3454 2516 ἓτερον
3500 2445 3640 2516 ἀλη-

2048 2525 2228 2583 θεύειν
2251 2529 2342 2582 ἐπὶ
2362 2523 2583 2597 παντὸς,
2622 2531 2763 2584 κατά
2791 2532 2891 2597 τὰς
2925 2533 3024 2597 σὰς
3052 2533 3402 2599 διαλεκτικὰς
3438 2535 3642 2609 ὑπολή-

2047 2617 2192 2695 ψεις,
2233 2620 2382 2687 δέξαι
2434 2622 2535 2693 μού
2574 2640 2627 2677 τι
2673 2624 2869 2696 μικρὸν
2898 2624 3197 2701 ἐρώτημαο
3254 2626 3311 2681 '0
3352 2627 3545 2698 χρόνος
3576 2627 3639 2681 ἐν

2048 2709 2248 2782 χρόνῳ,
2289 2713 2322 2785 ἢ
2353 2714 2453 2767 οὐκ
2497 2714 2554 2768 ἐν
2587 2717 2798 2788 χρόνῳ;
2827 2718 2890 2770 Ei
2938 2718 3038 2790 μὲν
3067 2714 3161 2771 οὖν
3198 2720 3258 2776 ὲν
3303 2719 3500 2795 χρόνῳ,
3528 2719 3639 2775 τίνι

2048 2805 2250 2875 τού-τως
2287 2805 2381 2857 καὶ
2399 2806 2453 2873 si
2470 2808 2620 2878 παρά
2642 2807 2830 2869 τοῦτον
2854 2808 3000 2875 δντις
3032 2808 3127 2863 καὶ
3149 2809 3270 2874 πῶς
3292 2809 3637 2883 περιέχοντι;

2050 2893 2113 2946 Et
2141 2892 2200 2945 δὲ
2232 2895 2333 2947 οὐκ
2351 2895 2408 2946 ἐν
2438 2896 2636 2967 χρόνῳ,
2655 2897 2741 2960 τίς
2765 2899 2799 2975 ἡ
2826 2897 3052 2975 περιττὴ
3085 2899 3264 2975 σοφία,
3298 2899 3490 2973 χρόνον
3522 2903 3639 2954 εισ-

2048 2985 2203 3053 ἀγειν
2240 2985 2496 3056 ἄχρονον;
2530 2986 2638 3039 Τοῦ
2682 2988 2761 3052 δὲ,
2793 2987 2925 3043 Νῦν
2959 2988 3075 3059 ἐγὼ
3111 2990 3430 3059 ψεύδομαι,
3458 2991 3548 3057 δὸς
3575 2992 3639 3046 τὸ

2047 3073 2258 3145 ἕτερον,
2301 3076 2334 3147 ἢ
2383 3076 2743 3148 ἀληθεύεσθαι
2921 3080 3101 3159 μόνον,
3145 3081 3178 3151 ἢ
3222 3080 3547 3152 ψεύδεσθαν
3572 3083 3638 3137 οὐ

2049 3163 2158 3238 γάρ
2186 3166 2471 3239 ἀμφότερα
2500 3167 2766 3239 δώσομεν.
2806 3169 2945 3223 Ἀλλ’
2972 3171 3071 3223 οὐκ
3096 3170 3390 3241 ἐνδέχεται.
3428 3172 3501 3226 Ἦ
3527 3170 3639 3246 γὰρ

2048 3251 2378 3324 ψευδόμενος
2418 3254 2728 3327 ἀληθεύσει,
2773 3257 2804 3328 ἦ
2842 3258 3121 3329 ἀληθεύων
3162 3258 3457 3327 ψεύσεταιο
3486 3263 3640 3316 πᾶσα

2049 3344 2283 3423 ἀνάγκη.
2318 3346 2385 3399 Ti
2428 3342 2521 3401 οὖν
2550 3346 2884 3419 θαυμαστὸν,
2920 3349 3109 3422 ὥσπερ
3137 3349 3374 3413 ἐνταῦθα
3401 3352 3639 3423 συμϐαί-

351 3440 461 3493 Ιιοε
504 3438 856 3497 continente?
902 3441 961 3496 Si
1020 3450 1201 3496 autem
1253 3456 1357 3495 non
1410 3440 1463 3493 in
1506 3450 1766 3507 tempore,
1817 3453 1938 3509 qua

2052 3453 2129 3491 νει
2164 3437 2231 3490 τά
2268 3439 2506 3504 ἐναντία,
2540 3439 2713 3503 οὔτως
2758 3440 2937 3493 ἐκεῖσε
2989 3439 3276 3511 ἀμφότερα
3321 3439 3633 3510 ψεύδεσθαι,

348 3530 466 3586 haec
495 3529 697 3584 eximia
729 3531 1019 3597 sapientia,
1055 3540 1268 3599 tempus
1316 3531 1576 3600 temporis
1614 3544 1811 3600 expers
1851 3530 1935 3584 in-

349 3624 592 3677 ducere?
635 3626 768 3692 Age,
804 3623 964 3693 hujus
1014 3624 1304 3688 sermonis,
1347 3621 1504 3677 Nunc
1535 3637 1628 3691 ego
1684 3624 1932 3687 utentior,

348 3715 416 3768 da
447 3715 701 3777 alterum,
742 3726 836 3771 aut
865 3716 1127 3769 duntaxat
1161 3730 1343 3770 verum
1377 3729 1523 3777 esse,
1549 3722 1645 3768 aut
1687 3712 1881 3768 falsum
1909 3729 1927 3769 :

345 3823 454 3861 non
500 3814 644 3863 enim
693 3816 985 3876 utrumque
1032 3808 1305 3860 dabimus.
1350 3805 1513 3875 Atqui
1564 3805 1714 3859 nullo
1773 3806 1932 3859 modo

346 3898 452 3953 hoc
497 3897 613 3951 ﬁeri
646 3905 842 3966 potest.
889 3894 982 3950 Vel
1019 3897 1160 3951 enim
1196 3896 1469 3951 mentiens
1520 3909 1705 3949 verum
1753 3893 1926 3959 dicet,

346 3989 432 4043 vel
477 3989 769 4043 mentietur
814 4002 1003 4042 verum
1064 3988 1272 4042 dicens.
1322 3987 1397 4040 Ita
1444 4000 1666 4054 prorsus
1712 3999 1933 4039 necesse

348 4088 452 4135 est.
476 4078 616 4144 Quid
648 4079 813 4146 igitur
838 4078 1061 4140 mirum,
1095 4076 1142 4129 si
1176 4074 1628 4144 quemadmodum
1674 4075 1762 4129 hie
1801 4088 1935 4127 con-

351 4170 521 4223 traria
557 4176 916 4231 concurrunt,
969 4168 1042 4220 ita
1087 4167 1251 4221 etiam
1304 4166 1415 4220 illic
1468 4174 1696 4234 utraque
1737 4180 1864 4234 pars
1899 4180 1930 4220 a

351 4276 480 4314 vero
521 4259 758 4323 aberret,
789 4267 951 4327 atque
1000 4258 1073 4311 ita
1124 4258 1321 4310 scitum
1375 4256 1503 4309 illud
1551 4266 1606 4310 et
1654 4256 1927 4309 eruditum

350 4359 505 4401 tuum
561 4355 939 4414 argumentum
987 4344 1213 4400 stultum
1265 4353 1428 4414 atque
1479 4342 1719 4414 ineptum
1758 4360 1927 4415 appa-

348 4434 504 4490 reat?
529 4434 612 4488 Ac
654 4433 811 4493 velim
881 4434 1017 4487 mihi
1068 4435 1172 4488 hoc
1218 4434 1382 4489 etiam
1432 4435 1659 4504 aenigma
1709 4437 1923 4489 solvas:

345 4525 630 4581 Aderasne
667 4525 764 4578 tibi
809 4539 933 4578 cum
967 4524 1304 4593 gignereris?
1344 4523 1557 4578 Adesne
1585 4526 1749 4583 etiam
1785 4539 1928 4577 nunc

2052 3529 2147 3583 καὶ
2172 3528 2316 3583 οὕτω
2349 3548 2431 3585 σοι
2476 3533 2539 3585 τὸ
2589 3531 2753 3602 σοφὸν
2783 3532 2989 3603 ⁴Ιλλίθιον
3032 3533 3484 3604 ἀναφανήσεταις
3534 3534 3635 3587 Ἓν

2052 3618 2133 3673 ἔτι
2160 3637 2249 3691 μοι
2269 3620 2429 3676 λύσον
2456 3622 2563 3676 τῶν
2584 3623 2921 3696 αἰνιγμάτων
2941 3640 2953 3653 ·
2983 3623 3202 3694 Σεαυτῷ
3229 3625 3286 3683 δὲ
3314 3624 3643 3698 γεννωμένῳ

2054 3712 2264 3783 παρῆςς
2295 3713 2461 3783 πάρει
2492 3714 2551 3782 δὲ
2579 3713 2708 3780 νῦν;
2746 3715 2779 3785 ἢ
2808 3714 3117 3786 οὐδέτερον;
3156 3716 3219 3770 Ei
3262 3715 3364 3785 μὲν
3401 3715 3512 3788 γὰρ
3540 3715 3640 3771 καὶ

2052 3804 2256 3874 παρῆς,
2301 3805 2397 3858 καὶ
2426 3806 2611 3877 πάρει,
2646 3805 2723 3869 ᾡς
2750 3806 2857 3871 τίς,
2894 3807 2990 3867 καὶ
3026 3805 3166 3871 τινις
3193 3806 3289 3859 καὶ
3330 3806 3450 3869 πῶς
3486 3807 3515 3861 6
3555 3801 3641 3870 εἷς

2051 3896 2220 3966 ἄμφω
2261 3897 2551 3966 γεγόνατε;
2592 3898 2657 3951 Εἰ
2713 3895 2772 3962 δὲ
2825 3896 3119 3968 μηδέτερον
3164 3895 3272 3950 τῶν
3308 3896 3641 3968 εἰρημένων,

2052 3987 2169 4049 πῶς
2206 3987 2431 4040 σεαυτοῦ
2626 3986 2858 4058 χωρίζῃ;
2891 3988 2985 4051 καὶ
3015 3986 3101 4049 τίς
3140 3989 3172 4057 ὴ
3207 3985 3357 4051 αἰτία
3403 3986 3505 4056 τῆς
3526 3985 3647 4047 δια.

2051 4078 2284 4148 ζεύξεως
2327 4101 2341 4147 ;
2498 4077 2638 4132 Ἀλλ’
2663 4062 2984 4132 ἀπαίδευτον
3008 4078 3070 4131 τὸ
3232 4079 3363 4149 ⁸ξτερὶ
3388 4077 3482 4131 τοῦ
3501 4076 3645 4143 ἑνὸς,

2050 4170 2098 4221 ει
2141 4167 2319 4238 ἐαυτῷ
2361 4168 2646 4239 πάρεστιν,
2680 4168 2713 4220 ἢ
2766 4168 2861 4240 μὴ,
2903 4168 3404 4240 πολυπραγμονεῖν.
3453 4165 3644 4222 Ταῦτα

2050 4258 2158 4331 γὰρ
2188 4259 2274 4311 ἐπ’
2299 4257 2494 4324 ἄλλων,
2517 4259 2615 4330 οὐχ
2637 4257 2831 4312 ἑαυτοῦ
2861 4258 3099 4327 λέγεται.
3136 4258 3635 4329 Ἀπαιδευτότερον,

2050 4343 2109 4402 εὖ
2139 4349 2267 4412 tabi,
2296 4349 2358 4415 τὸ
2395 4350 2488 4402 ἀπ’
2527 4349 2703 4420 ἀρχῆς
2735 4348 3131 4419 γεγεννημένον
3174 4380 3191 4407 ,
3338 4349 3387 4401 εἰ
3426 4342 3495 4419 ἦν
3530 4343 3640 4419 πρὸ

2051 4440 2148 4509 τῆς
2184 4441 2511 4512 γεννήσεως,
2554 4440 2588 4510 ἢ
2632 4441 2732 4493 οὐκ
2757 4436 2847 4511 ἦν,
2887 4439 3281 4503 διευθύνεσοαι.
3318 4434 3486 4503 Οὗτος
3527 4437 3639 4511 γάρ

2052 4531 2183 4599 ’περὶ⁹
2208 4530 2316 4584 τῶν
2346 4530 2525 4603 χρόνῳ
2550 4530 2836 4601 διαιρετῶν
2867 4532 2896 4583 6
2923 4531 3098 4599 λόγος.

351 4627 450 4681 tibi
472 4626 502 4679 l
533 4623 614 4679 An
658 4631 911 4677 neutmm
946 4620 1141 4673 borum
1168 4617 1193 4672 ?
1223 4615 1279 4671 Si
1311 4615 1455 4670 enim
1491 4614 1712 4678 aderas,
1745 4620 1803 4666 et
1832 4615 1985 4676 ades,
2066 4614 2317 4681 quisnam
2360 4613 2596 4673 tandem,
2655 4618 2711 4663 et
2758 4610 2880 4664 cui?
2915 4610 2981 4663 Et
3015 4607 3284 4675 quomodo
3333 4620 3476 4661 unus
3530 4605 3642 4660 duo

348 4722 578 4778 effectus
604 4723 701 4779 es?
732 4722 791 4778 Si
823 4727 1001 4775 autem
1030 4724 1282 4772 neutrum
1314 4713 1509 4766 herum
1545 4723 1664 4779 qua:
1699 4707 1957 4771 diximus,
2026 4705 2299 4776 quomodo
2329 4720 2358 4757 a
2405 4706 2581 4773 teipse
2612 4703 2978 4773 disjungerisl
3017 4704 3086 4758 Et
3106 4719 3226 4772 quae
3251 4703 3641 4775 disjunctionis

353 4814 589 4885 hujusce
612 4815 818 4870 causa!
854 4812 959 4866 Sed
1013 4788 1254 4877 ineptum
1301 4814 1405 4871 est,
1471 4804 1709 4873 inquies,
1765 4816 1890 4855 cum
1940 4796 2009 4852 de
2090 4812 2203 4853 uno
2272 4796 2624 4879 disputatur,
2676 4796 2889 4850 adsitne
2951 4794 3073 4859 sibi,
3122 4810 3311 4859 necne,
3368 4794 3642 4849 curiosius

353 4911 651 4978 inquirere.
691 4909 817 4963 Haec
847 4907 992 4962 enim
1020 4906 1088 4960 de
1118 4904 1260 4963 aliis,
1317 4899 1518 4955 nonde
1553 4896 1731 4964 seipse
1778 4892 2053 4949 dicuntur.
2127 4889 2389 4958 ineptius,
2427 4902 2478 4941 m
2507 4888 2557 4941 hi
2591 4888 2774 4951 crede,
2803 4899 2903 4950 est,
2940 4889 3012 4953 id,
3072 4890 3218 4960 quod
3270 4904 3302 4942 a
3370 4888 3643 4957 principio

351 5014 495 5063 erat.
528 5015 709 5059 utrum
742 5012 866 5055 ante
889 4999 1301 5070 generationem
1340 5001 1481 5055 erat,
1508 5006 1697 5057 necne,
1764 4988 1820 5041 in
1881 4985 2235 5057 quaestionem
2311 4997 2524 5034 vocare.
2589 4980 2715 5034 Hauc
2765 4982 2912 5035 enim
2975 4982 3265 5051 disputatio
3315 4979 3380 5033 iis
3422 4980 3643 5034 demum

352 5098 625 5160 convenit,
654 5108 775 5171 qua
801 5102 1039 5163 tempore
1069 5087 1241 5144 dividi
1260 5095 1507 5155 possunt.

423 5199 495 5252 At
528 5168 699 5255 enim,
752 5188 1025 5258 inquiunt,
1065 5200 1171 5239 non
1222 5182 1367 5237 idem
1414 5187 1541 5233 sunt
1580 5176 1825 5248 genitum
1882 5184 1939 5227 et

2148 5169 2293 5222 Ἀλλ’
2323 5169 2383 5221 οὐ
2417 5166 2634 5230 ταυτὸν,
2678 5171 2834 5236 φησι,
2867 5167 2929 5220 τὸ
2969 5168 3271 5237 ἀγέννητον
3303 5169 3398 5221 καὶ
3423 5168 3485 5220 τὸ
3524 5184 3650 5233 γεν-

352 5288 699 5357 ingenitum;
758 5297 823 5337 ac
884 5277 1136 5349 proinde,
1207 5289 1307 5328 nec
1362 5270 1536 5326 Filius
1600 5284 1724 5323 cum
1775 5266 1939 5320 Patre

354 5381 500 5434 idem
533 5386 638 5432 est.
678 5368 820 5441 Quid
849 5386 991 5439 opus
1045 5378 1129 5422 est
1182 5366 1388 5429 dicere,
1458 5363 1562 5417 hoc
1612 5368 1935 5429 argumento

355 5471 440 5526 vel
471 5471 693 5523 Patrem
744 5465 829 5519 vel
871 5461 1068 5516 Filium
1099 5476 1129 5511 ει
1167 5456 1451 5510 divinitate
1485 5452 1775 5507 manifeste
1806 5450 1935 5503 sub-

358 5560 614 5615 moveri?
647 5556 705 5611 Si
730 5555 875 5610 enim
915 5551 1216 5621 ingenitum
1252 5545 1493 5603 essentia
1534 5543 1626 5598 Dei
1652 5551 1756 5607 est,
1807 5556 1933 5611 pio-

443 5757 487 5787 “
523 5758 690 5812 llcbr.
723 5774 817 5825 vn,
862 5756 927 5813 lO
959 5773 1083 5827 sqq.

2061 5262 2241 5334 νητόν.
2275 5261 2334 5313 Εἰ
2362 5259 2420 5312 δὲ
2468 5260 2649 5323 τοῦτο,
2680 5259 2802 5313 οὐδὲ
2841 5262 2870 5311 6
2908 5259 3034 5322 Υἱὸς
3084 5260 3162 5329 τῷ
3204 5261 3378 5331 [lupi
3420 5261 3642 5314 ταυτόν.

2062 5352 2187 5404 Ὀτι
2226 5351 2325 5423 μὲν
2373 5351 2625 5423 φανερῶς
2657 5353 2685 5404 6
2731 5350 2889 5417 λόγος
2919 5343 3077 5411 οὗτος
3108 5352 3361 5405 ἐκϐάλλει
3390 5350 3484 5403 τὸν
3515 5351 3649 5412 Υῐδν

2059 5444 2154 5512 τῆς
2188 5442 2465 5512 θεότητος,
2504 5444 2539 5515 ἢ
2574 5443 2666 5496 τὸν
2700 5443 2942 5512 Πατέρα,
2976 5442 3029 5495 τί
3058 5442 3167 5513 χρὴ
3194 5442 3410 5512 λέγειν;
3441 5440 3507 5495 Ei
3536 5442 3650 5512 γάρ

2059 5535 2119 5588 τὸ
2161 5536 2459 5605 ἀγέννητον
2500 5536 2659 5589 οὐσία
2702 5534 2863 5601 Θεοῦ,
2892 5535 2950 5587 τὸ
3000 5518 3262 5604 γεννητὸν
3303 5534 3406 5588 οὐκ
3435 5532 3639 5593 ούσὶαο
