4058 6412
486 318 589 380 565

1396 315 1779 377 PANOPLIA
1821 300 2290 377 DOGMATICA.
2330 339 2399 353 -—
2431 315 2584 378 TiT.
2620 319 2756 381 v11.

3614 322 3723 384 566

480 431 609 483 εἰδὲ
646 429 805 485 τοῦτο
818 431 920 485 οὑκ
945 428 1258 492 statim“;
1284 428 1505 496 ἀντερεί
1524 427 1712 493 λόγοςς
1747 426 1899 479 Ἐλοὖ
1930 426 2040 480 τοι·
2067 456 2081 491 ι

2180 436 2288 480 acto
2322 428 2561 495 genitum
2597 432 2836 501 essentia
2873 449 2982 488 non
3019 435 3125 489 erit
3168 452 3182 488 :
3223 444 3319 488 aut
3355 434 3400 488 si
3436 433 3565 499 hoc,
3600 450 3731 504 pro-

477 541 575 576 νυν
601 523 708 577 τῶν
740 523 1007 576 ἀσεϐειῶν
1028 524 1296 593 ὁποτέραν
1332 522 1532 593 βούλει,
1565 515 1612 574 ὦ
1633 519 1785 573 καινὲ
1814 516 1924 585 (80)
1957 516 2069 568 θεο-

484 612 634 680 λόγε,
689 612 852 683 εἰπερ
903 614 1121 668 ἀσεϐεῖν
1163 618 1379 676 πάντως
1418 612 1777 672 ἐσπούδακας.
1813 610 2061 667 Ἔπειτα,

488 703 607 766 πῶς
636 704 698 756 οὐ
728 705 925 758 ταυτὸν
957 705 1137 772 λέγεις
1309 705 1371 757 τὸ
1397 704 1691 772 ἀγέννητον
1730 699 1825 751 καὶ
1854 697 1914 749 τὸ
1945 712 2069 762 γεν-

486 795 682 863 νητόνς
710 795 773 847 Εἰ
799 795 899 865 μὲν
929 796 992 847 τὸ
1023 797 1098 866 μὴ
1128 793 1589 894 ὲκτισμένονδκαὶ
1618 788 1954 860 ὲκτισμένον,
1980 786 2071 894 xtl:

486 884 570 952 γὼ
600 885 828 954 δέχομαι
848 904 861 916 ’
893 888 955 940 οὐ
986 887 1093 957 γὰρ
1125 887 1321 944 ταυτὸν
1348 888 1417 959 τῇ
1450 877 1608 954 ξύσει
1635 882 1696 934 τὸ
1717 881 1950 950 ἄναρχον
1979 877 2070 929 κιιι)⁵

485 976 547 1027 τὸ
577 976 915 1046 κτιςόμενον.
943 979 1004 1031 Εἰ
1038 980 1092 1031 δὲ
1132 980 1193 1032 τὸ
1219 977 1567 1048 γεγεννηκὸς.
1597 974 1690 1028 καὶ
1714 972 1777 1026 τὸ
1812 986 2071 1039 γεγεννη-

486 1066 675 1134 μένον,
713 1066 776 1118 οὑ
800 1067 998 1119 ταυτὸν
1037 1068 1238 1135 λέγεις,
1267 1068 1369 1120 οὑκ
1392 1064 1568 1136 ὀρθῶς
1597 1063 1834 1130 λέγεται.
1865 1055 2071 1110 Ταυτδν

486 1156 598 1225 γὰρ
622 1150 764 1209 εἶναι
792 1159 941 1210 πᾶσα
973 1159 1189 1229 ἀνάγκη
1207 1176 1219 1188 ·
1256 1157 1396 1228 αὕτη
1421 1157 1532 1225 γὰρ
1562 1155 1725 1224 φύσις
1752 1150 2071 1220 γεννήτορος

488 1245 583 1297 καὶ
617 1246 957 1316 γεννήματος
1005 1286 1020 1309 ι
1172 1248 1366 1301 ταυτὸν
1405 1242 1543 1299 εἶναι
1605 1241 1683 1313 τῷ
1723 1236 2071 1308 γεγεννηκότι

486 1336 633 1387 κατὰ
675 1335 779 1406 τὴν
821 1336 983 1405 φύσιν
1028 1336 1088 1389 τὸ
1134 1337 1400 1407 γέννημα⁴
1598 1335 1668 1385 ’Ἡ
1701 1330 1843 1383 οὕτω
1876 1327 2069 1380 πάλιν

488 1426 616 1488 Πῶς
664 1427 844 1495 λέγεις
894 1428 959 1480 τὸ
1002 1428 1295 1498 ἀγέννητον
1341 1427 1436 1481 καὶ
1467 1427 1527 1479 τὸ
1558 1422 1846 1493 γεννητόν;
1876 1420 1938 1471 Εἰ
1979 1417 2073 1487 μὲν

489 1518 602 1586 γὰρ
785 1506 884 1589 τῆν
907 1520 1233 1590 ἀγεννησίαν
1265 1519 1432 1589 αὑτὴν
1465 1519 1558 1571 καὶ
1586 1517 1683 1585 τὴν
1710 1514 1983 1581 γέννησιν,
2011 1508 2073 1561 οὑ

486 1613 687 1661 ταυτὸν
738 1622 753 1635 ·
912 1613 960 1663 εἰ
998 1611 1055 1664 δὲ
1093 1608 1176 1675 οἷς
1204 1611 1439 1680 ὑπάρχει
1483 1608 1675 1674 ταῦτα,
1707 1604 1821 1666 πῶς
1858 1604 1917 1655 οὑ
1946 1617 2076 1653 ταυ-

488 1701 612 1758 τόνξ
658 1701 808 1754 Ἐπεὶ
835 1704 931 1756 καὶ
959 1704 1021 1756 τὸ
1046 1704 1271 1770 ἄσοφον,
1292 1704 1384 1755 καὶ
1406 1702 1466 1754 τὸ
1496 1699 1679 1767 σοφὸν,
1704 1694 1952 1764 ἀλλήλοις
1978 1692 2075 1762 μὲν

489 1791 551 1843 οὑ
581 1792 781 1855 ταυτὰ,
813 1795 941 1865 περὶ
967 1795 1161 1848 ταυτὸν
1195 1794 1251 1845 δὲ
1283 1794 1374 1846 τὸν
1395 1792 1678 1862 ἄνθρωπον
1698 1806 1712 1819 ·
1744 1787 1838 1840 καὶ
1867 1786 1967 1837 οὑκ
1988 1781 2078 1836 οὑ-

485 1878 609 1941 σίας
635 1879 848 1950 τέμνει,
880 1883 1008 1951 περὶ
1053 1882 1109 1934 δὲ
1137 1882 1235 1950 τὴν
1269 1881 1437 1951 αὐτὴν
1467 1879 1652 1933 οὐσίαν
1682 1877 1963 1944 τέμνεται.
2005 1871 2076 1923 Ἢ

492 1970 587 2021 καὶ
619 1970 682 2022 τὸ
714 1970 1001 2035 ἀθάνατον,
1028 1971 1123 2024 καὶ
1157 1971 1216 2023 τὸ
1245 1972 1472 2033 ἄκακον,
1508 1968 1600 2021 καὶ
1631 1966 1695 2019 τὸ
1721 1962 2076 2018 ἀναλλοίωτον

486 2060 649 2112 οὐσία
685 2060 823 2114 Θεοῦ
850 2079 864 2126 ;
914 2062 1053 2114 Ἀλλ’
1083 2064 1131 2114 εἰ
1154 2061 1331 2122 τοῦτο,
1364 2060 1558 2112 πολλα).
1583 2058 1763 2110 οὐσίαι
1786 2054 1945 2117 Θεοῦ,
1984 2051 2079 2105 καὶ

488 2153 550 2205 οὐ
578 2153 707 2222 μία’
737 2153 768 2223 ἦ
804 2153 1056 2207 σύνθετον
1083 2154 1155 2207 ὲκ
1180 2154 1385 2207 τούτων
1410 2153 1472 2205 τὸ
1491 2153 1666 2205 Θεῐον·
1696 2149 1758 2202 οὑ
1785 2147 1892 2216 γὰρ
1915 2148 2081 2199 ἀσυν-

490 2241 663 2306 θέτως
693 2242 887 2301 ταῦτα,
914 2245 1075 2314 εἴπερ
1106 2244 1307 2300 οὐσίαι.

492 2332 638 2383 circa
718 2335 968 2385 etnndem
1014 2332 1288 2386 hominem
1353 2330 1817 2385 considerantur:

487 2423 832 2476 scinduntur.
864 2423 1040 2489 Quid?
1072 2426 1152 2477 An
1217 2424 1380 2479 etiam
1419 2425 1819 2490 immortalitas,
1884 2432 1941 2475 et
1982 2422 2316 2485 innocentia,
2355 2430 2409 2474 ct
2462 2421 2893 2485 immutabilitas,

2162 518 2249 572 cul
2295 520 2456 573 dubio
2492 535 2596 575 non
2636 522 2785 577 illud.
2815 522 2946 586 Quis
2973 523 3118 577 enim
3151 534 3235 576 est
3278 524 3366 590 qui
3398 533 3728 576 contrar-unn

2162 608 2482 677 disputamlo
2543 614 2681 666 tueri
2737 613 2945 682 queat?
3000 614 3400 678 Quamobrem,
3454 623 3630 665 utram
3702 625 3734 661 ε

2162 698 2373 755 duabus
2406 702 2768 771 impietatibus
2806 707 2981 768 malis,
3011 707 3166 772 elige,
3199 721 3231 756 ο
3276 720 3413 758 nove
3463 703 3732 771 lheolnge,

2161 791 2424 859 siquidem
2468 792 2685 859 impiam
2728 795 3029 847 doctrinam
3081 796 3301 848 numina
3355 793 3602 859 amplecti
3643 793 3734 844 tibi

2164 882 2493 948 propositum
2521 891 2619 935 εει.
2659 881 2879 947 Deinde,
2912 883 3180 949 quomodo
3219 882 3513 947 ingenitum
3549 889 3602 932 et
3648 895 3740 949 ge-

2165 971 2332 1023 nitum
2370 988 2474 1025 non
2511 974 2647 1026 idem
2678 988 2798 1028 esse
2832 974 3003 1028 dicis?
3040 973 3095 1027 Si
3139 987 3235 1040 per
3264 975 3376 1026 [nec
3404 972 3569 1026 verba
3600 970 3734 1032 nihil

2166 1064 2306 1115 aliud
2353 1065 2632 1134 intelligis,
2664 1082 2822 1133 quam
2869 1067 2920 1120 id
2949 1068 3090 1135 quod
3142 1068 3443 1120 increatum
3485 1073 3541 1117 et
3589 1063 3736 1132 quod

2167 1166 2445 1220 creatum,
2498 1156 2550 1209 iit
2602 1158 2788 1210 eadem
2838 1158 2950 1223 ipse
3006 1172 3222 1225 quoque
3274 1171 3393 1209 smn
3447 1154 3737 1207 sententia.

2169 1244 2351 1312 Neque
2386 1249 2529 1300 enim
2558 1259 2747 1302 natura
2783 1250 2921 1302 idem
2964 1259 3049 1303 est
3095 1248 3239 1316 quod
3269 1247 3537 1315 principio
3569 1255 3739 1308 caret,

2169 1347 2222 1390 et
2254 1338 2397 1406 quod
2432 1350 2769 1406 procreatum
2794 1349 2896 1394 est.
2931 1340 3026 1393 Sin
3059 1348 3236 1391 autem
3271 1339 3357 1391 his
3382 1338 3561 1390 verbis
3591 1351 3738 1397 eum,

2170 1429 2258 1495 qui
2296 1430 2500 1499 genuit,
2541 1440 2594 1484 et
2623 1447 2766 1495 eum,
2802 1432 2891 1499 qui
2924 1431 3136 1497 genitus
3164 1441 3269 1491 est,
3305 1429 3527 1495 accipis,
3562 1428 3734 1481 haud-

2169 1534 2438 1587 quaquam
2511 1533 2656 1576 recte
2730 1523 2782 1576 id
2833 1525 2930 1576 alis
2996 1532 3045 1575 ιε
3121 1523 3337 1574 dicitur.
3410 1519 3549 1574 idem
3600 1519 3775 1577 enim,

2171 1610 2389 1663 omnino
2417 1624 2539 1664 esse
2582 1626 2806 1667 necesse
2845 1622 2947 1667 est.
2980 1612 3102 1665 llzcc
3131 1612 3326 1681 quippe
3357 1611 3519 1681 geniti
3555 1621 3743 1663 natura

2170 1712 2272 1767 est,
2308 1715 2365 1755 ιιι
2409 1704 2574 1767 idem,
2617 1706 2659 1758 si
2695 1714 2941 1759 naturam
2985 1716 3217 1771 spectes,
3259 1704 3330 1757 sit
3381 1719 3503 1757 cum
3537 1717 3604 1756 eo
3651 1703 3749 1769 qui

2173 1794 2374 1862 genuit.
2402 1792 2498 1847 Vel
2535 1796 2603 1849 ad
2640 1797 2781 1850 hunc
2825 1812 3019 1851 rursus
3051 1797 3267 1849 modum
3312 1809 3538 1861 agamus
3564 1808 3579 1845 :
3609 1792 3750 1858 Quid

2174 1896 2269 1951 per
2309 1884 2602 1951 ingenitum
2652 1899 2715 1937 ac
2746 1884 2985 1952 genitum
3019 1882 3313 1949 intelligis?
3359 1881 3416 1935 Si
3466 1881 3633 1948 ipsam
3668 1880 3751 1931 in-

2173 1976 2338 2040 geniti
2373 1982 2426 2027 et
2455 1975 2619 2041 geniti
2653 1976 3067 2042 proprietatem,
3115 1989 3220 2031 non
3267 1972 3408 2023 idem
3442 1979 3593 2023 sunt.
3646 1968 3742 2021 Sin

2176 2077 2353 2121 autem
2388 2082 2470 2132 ea,
2502 2068 2698 2135 quibus
2744 2069 2854 2121 haec
2886 2066 3090 2127 insunt,
3120 2064 3248 2132 quid
3284 2071 3430 2114 vetat
3459 2059 3750 2128 quominus

2177 2157 2316 2213 idem
2360 2158 2503 2210 sint?
2549 2157 2995 2226 Quandoquidem
3049 2155 3192 2223 quod
3236 2153 3497 2222 insipiens
3532 2160 3646 2213 est,
3695 2157 3753 2202 et

2176 2249 2419 2314 sapiens,
2465 2250 2603 2302 inter
2649 2264 2706 2304 se
2746 2249 2962 2317 quidem
3016 2261 3119 2300 u0n
3171 2246 3308 2297 idem
3357 2252 3518 2305 sunt;
3566 2255 3751 2292 verum

1893 2342 1990 2381 nec
2042 2328 2376 2381 substantias
2424 2328 2697 2393 scindunt,
2772 2329 2868 2383 sed
2913 2328 3055 2382 circa
3106 2325 3352 2379 eamdem
3397 2319 3757 2378 substantiam

2966 2420 3199 2473 essentia
3272 2418 3364 2469 Dei
3408 2413 3573 2469 sunt?
3608 2412 3680 2465 At
3706 2410 3751 2463 si

487 2518 560 2570 ita
607 2523 722 2578 est,
765 2514 943 2567 multa:
994 2514 1085 2567 Dei
1133 2515 1385 2568 essentia:
1421 2522 1601 2576 erunt,
1671 2529 1777 2567 non
1830 2528 1982 2567 una:
2047 2520 2137 2562 aut
2178 2518 2326 2563 certe
2368 2508 2699 2576 compositus
2756 2524 2821 2562 ex
2876 2507 2961 2562 his
3004 2505 3143 2558 Dctts
3189 2516 3312 2558 erit.
3373 2502 3557 2569 Neque
3608 2499 3755 2551 enim

486 2610 602 2663 hzec
648 2608 785 2661 citra
844 2608 1291 2676 compositionem
1339 2622 1462 2663 esse
1520 2618 1759 2674 queunt,
1806 2607 1851 2661 si
1905 2606 2064 2659 modo
2100 2607 2346 2658 essentia:
2376 2612 2515 2656 sunt.

720 2690 906 2743 Ταῦτα
967 2694 1066 2762 μὲν
1124 2693 1184 2747 οὑ
1246 2711 1411 2763 φασι·
1469 2697 1625 2750 κοινὰ
1690 2698 1798 2767 γὰρ
1852 2698 1945 2750 καὶ
1999 2697 2094 2751 άλ-

495 2779 625 2835 λων.
814 2785 879 2837 Ὃ
918 2784 973 2837 δὲ
1021 2785 1186 2855 μόνου
1225 2787 1359 2841 Θεοῦ
1394 2790 1488 2841 καὶ
1530 2789 1681 2855 ἴδιον,
1715 2788 1871 2841 τοῦτο
1911 2788 2087 2843 οὑσία.

493 2880 611 2932 Οὑκ
628 2878 695 2931 ἂν
722 2878 819 2948 μὲν
842 2879 1257 2949 συγχωρήσαιεν
1276 2876 1411 2935 εἶναι
1435 2880 1596 2951 μόνου
1622 2881 1755 2934 Θεοῦ
1782 2881 1843 2933 τὸ
1858 2882 2088 2951 ἁγέννη-
2126 2883 2136 2892 “

490 2988 604 3035 τον,
635 2972 686 3022 οἱ
718 2988 809 3023 και
832 2986 929 3041 την
959 2967 1088 3040 ὓλην
1251 2972 1345 3023 καὶ
1368 2972 1465 3041 τὴν
1491 2971 1629 3024 ἰδέαν
1654 2972 2086 3039 συνεισάγοντες,

488 3061 566 3123 ὡς
595 3062 888 3132 άγέννητα.
913 3062 985 3114 Τὸ
1004 3062 1112 3133 γὰρ
1148 3064 1464 3133 Μανιχαίων
1487 3075 1817 3137 πορρωτέρω
1844 3063 2087 3135 ρἒᾢωμεν

497 3154 719 3216 σκότος.

489 3243 555 3294 οὐ
590 3243 754 3311 μόνος
789 3243 1018 3313 πλάσμα
1047 3244 1213 3311 Θεοῦ;
1243 3246 1354 3299 Καὶ
1381 3246 1543 3311 πάνυ,
1578 3248 1790 3318 φήσεις.
1837 3243 1963 3317 ’Ἆρ’
1996 3242 2086 3301 οὖν

489 3334 588 3385 καὶ
638 3334 802 3402 μόνος
862 3334 1180 3405 ἄνθρωπος;
1229 3337 1514 3407 Οὐδαμῶς.
1566 3338 1630 3389 Τί
1676 3339 1739 3409 δή
1770 3340 2086 3404 ποτε;”οτι

493 3425 575 3497 μὴ
598 3425 957 3497 ἀνθρωπότης
1132 3428 1166 3497 ἡ
1196 3427 1394 3490 πλάσις
1419 3443 1432 3455 ’
1467 3428 1687 3497 καὶγὰρ
1718 3429 1779 3481 τὸ
1806 3429 2084 3503 γεννηθὲν,

492 3517 803 3587 ἄνθρωπος.
837 3516 1025 3580 Οὕτως
1057 3518 1176 3571 οὑδὲ
1216 3518 1277 3571 τὸ
1312 3519 1603 3589 ἀγέννητον
1646 3520 1805 3589 μόνον
1837 3520 1991 3582 Θεὸς,
2036 3522 2086 3574 ει

502 3609 595 3657 και
622 3609 786 3675 μόνου
812 3607 1051 3679 Πατρός.
1100 3608 1261 3661 Ἀλλὰ
1280 3608 1427 3675 δέξαι
1458 3610 1551 3661 καὶ
1576 3609 1638 3662 τὸ
1665 3609 1923 3680 γεννητὸν
1948 3606 2085 3662 εἶναι

506 3699 664 3750 Θεόν·
698 3702 764 3752 ἐκ
816 3698 954 3752 Θεοῦ
1000 3699 1130 3770 γὰρ,
1182 3700 1231 3751 εἰ
1269 3700 1364 3752 καὶ
1407 3699 1527 3754 λίαν
1577 3695 1629 3751 εἴ
1674 3699 2081 3768 φιλαγέννητος.

503 3792 753 3855 Ἔπειτα,
796 3791 915 3855 πῶς
950 3792 1137 3844 οὐσίαν
1172 3791 1306 3844 Θεοῦ
1346 3791 1546 3859 λέγεις,
1582 3793 1643 3844 οὑ
1691 3792 1789 3861 τὴν
1814 3790 1908 3843 τοῦ
1935 3791 2086 3855 ὄντος

489 3884 664 3947 θέσιν,
704 3882 843 3937 ἀλλὰ
865 3884 965 3954 τὴν
996 3883 1091 3937 τοῦ
1130 3884 1207 3955 μὴ
1223 3884 1379 3947 ὄντος
1403 3884 1724 3952 ἀναίρεσιν;
1764 3884 1835 3936 Τὸ
1872 3882 1978 3952 γὰρ
2010 3880 2084 3952 μὴ

490 3973 765 4045 ὑπάρχειν
798 3972 950 4044 αὑτῷ
976 3973 1252 4043 γέννησιν,
1305 3975 1333 4026 ὁ
1375 3973 1532 4040 λόγος
1568 3972 1736 4043 δηλοῖ,
1768 3974 1864 4042 οὐχ
1904 3972 1932 4024 δ
1986 3973 2084 4042 τὴν

487 4064 658 4132 φύσιν
715 4065 831 4116 εστὶ
874 4065 1226 4135 παρίστησιν,
1274 4066 1391 4119 οὐδ’
1435 4064 1466 4116 ὃ
1503 4065 1736 4135 ὑπάρχει
1918 4063 1978 4114 τὸ
2010 4062 2083 4134 μὴ

485 4158 616 4225 ἔχον
649 4155 922 4226 γέννησιν.
959 4157 1054 4220 Τίς
1074 4152 1166 4210 οὖν
1198 4156 1353 4209 οὑσία
1378 4155 1545 4221 Θεοῦ;
1575 4156 1684 4225 Τῆς
1713 4155 1809 4225 σῆς
1830 4154 2086 4219 ἀπονοίας

485 4246 654 4300 τοῦτο
694 4247 901 4315 λέγειν,
937 4248 995 4312 ὃς
1031 4248 1507 4321 πολυπραγμονεῖς
1539 4249 1633 4302 καὶ
1668 4248 1765 4316 τὴν
1801 4248 2079 4317 γέννησιν·

487 4341 627 4410 ἡμῖν
669 4340 727 4392 δὲ
760 4341 921 4412 μέγα,
969 4341 1071 4395 κᾶν
1234 4341 1418 4394 εἴποτε
1452 4342 1547 4394 καὶ
1591 4343 1671 4404 εἰς
1857 4340 2078 4411 ὕστερον

485 4431 656 4484 τοῦτο
679 4433 965 4503 μάθοιμεν,
996 4433 1243 4497 λυθέντος
1271 4435 1401 4504 ἡμῖν
1424 4432 1514 4486 τοῦ
1550 4432 1715 4502 ζόφου
1738 4432 1832 4486 καὶ
1855 4433 1952 4503 τῆς
1986 4449 2081 4484 παρ

489 4522 749 4592 χὺτητος,
800 4525 875 4588 ὡς
912 4528 945 4595 ἠ
985 4524 1078 4578 τοῦ
1255 4522 1520 4593 ἀψευδοῦς
1553 4524 1860 4593 ὑπόσχεσις.
1912 4522 2083 4577 Τοῦτο

495 4616 599 4677 μὲν
626 4614 719 4669 οὖν
763 4617 857 4669 καὶ⁵
885 4616 1131 4679 νοείσθω,
1167 4620 1262 4671 καὶ
1295 4616 1597 4679 ὲλπιζέσθω
1636 4620 1748 4679 τοῖς
1780 4616 1874 4668 επὶ
1907 4615 2080 4685 τούτῳ

484 4700 935 4770 καθαιρομένοις.
976 4701 1166 4770 Ἡμεῖς
1204 4701 1263 4753 δὲ
1297 4700 1552 4755 τοσοῦτον
1592 4702 1768 4755 εἰπεῖν
1800 4701 2088 4773 οαρρήσω-

489 4811 592 4865 μεν
640 4835 657 4857 ,
818 4793 901 4847 ὃτι
936 4794 984 4845 εἰ
1028 4794 1122 4849 καὶ
1162 4792 1304 4863 μέγα
1330 4792 1407 4863 τῷ
1441 4794 1641 4865 Haupt,
1673 4792 1735 4847 τὸ
1776 4793 2089 4864 μηδαμόθεν

484 4887 802 4959 ὡρμῆσθαι,
840 4887 942 4939 οὐκ
979 4885 1197 4939 ἔλαττον
1226 4886 1303 4957 τῷ
1330 4886 1465 4956 Υἱῷ,
1492 4886 1553 4939 τὸ
1585 4875 1934 4939 ὲκ’τοιούτου
1976 4887 2091 4938 Πα-

487 4978 637 5048 τρός.
672 4979 785 5048 Τῆς
816 4994 879 5029 τε
913 4975 1022 5047 γὰρ
1050 4975 1142 5031 τοῦ
1172 4975 1415 5031 ἀναιτίου
1445 4976 1605 5048 δόξης
1643 4976 1859 5047 μετέχοι
1895 4975 1984 5041 ἂν,
2011 4976 2092 5028 ὅτι

489 5072 554 5122 ἐκ
602 5068 694 5121 τοῦ
751 5068 1020 5133 ἀναιτίου,
1084 5069 1178 5121 καὶ
1230 5067 1492 5138 πρόσεστι
1545 5068 1606 5120 τὸ
1651 5068 1753 5138 τῆς
1784 5068 2096 5138 γεννήσεως

489 5164 729 5231 πρᾶγμα
770 5158 1047 5223 τοσοῦτον,
1104 5161 1198 5214 καὶ
1253 5160 1395 5214 οὕτω
1461 5159 1759 5231 σεϐάσμιον
1979 5162 2092 5223 τοῖς

494 5253 571 5323 μὴ
632 5252 817 5322 πάντη
873 5252 1244 5322 χαμαιπετέσι
1456 5253 1551 5307 καὶ
1586 5252 1793 5315 ὑλικοῖς
1830 5250 1931 5323 τὴν
1980 5251 2096 5304 διά-

492 5362 665 5399 νοιαν.

893 3152 1039 3222 Πλὴν
1069 3152 1209 3207 ἔστω
1245 3155 1410 3225 μόνου
1444 3155 1602 3209 Θεοῦ.
1636 3156 1700 3209 Τί
1728 3157 1785 3208 δὲ
1816 3158 1843 3209 ὁ
1880 3156 2085 3251 Ἀδάμς
2114 3198 2155 3251 C

2120 4586 2164 4638 D

2381 2690 2505 2745 ll.cc
2539 2693 2754 2760 quidem
2792 2694 2933 2747 haud
2957 2694 3165 2747 dicunt.
3198 2694 3514 2750 Communia
3563 2696 3764 2766 quippe

2185 2784 2411 2837 aliorum
2455 2798 2668 2853 quoque
2689 2795 2835 2839 sunt.
2880 2784 3030 2851 Quod
3082 2796 3260 2839 autem
3307 2787 3472 2841 solius
3504 2788 3597 2841 Dei
3652 2800 3758 2856 est,

2187 2876 2399 2945 ipsique
2438 2877 2652 2943 proprie
2890 2878 3162 2944 convenit,
3228 2877 3332 2933 hoc
3375 2879 3472 2947 ipsi
3522 2881 3757 2935 essentia

2183 2976 2287 3021 est.
2324 2950 2492 3031 Atqui
2543 2966 2708 3020 solius
2761 2966 2850 3020 Dei
2900 2968 3192 3033 ingenitum
3251 2983 3389 3034 esse,
3426 2970 3646 3024 minime
3685 2969 3759 3024 illi

2184 3058 2576 3122 concesserint,
2631 3058 2721 3126 qui
2757 3060 3034 3112 materiam
3068 3075 3281 3127 quoque
3336 3069 3390 3113 et
3419 3059 3669 3125 formam,
3702 3067 3761 3115 ut

2185 3145 2476 3216 ingenitas,
2503 3146 2851 3198 induxerunt.
2886 3146 3303 3199 Mauicha-orum
3334 3149 3475 3202 enim
3516 3151 3766 3203 tenebras

2185 3238 2396 3307 longius
2422 3238 2599 3291 adhuc
2652 3239 3020 3306 projiciamns.
3055 3238 3159 3292 Sed
3196 3240 3265 3292 sit
3312 3255 3442 3293 sane
3476 3240 3644 3293 solius
3675 3242 3766 3294 Dei

2188 3332 2505 3400 ingenitum.
2558 3330 2694 3395 Quid
2722 3330 2937 3383 Adam?
2970 3328 3163 3383 Nonne
3195 3332 3340 3384 solus
3369 3348 3398 3384 a
3432 3332 3539 3385 Deo
3562 3330 3773 3388 effictus

2186 3422 2311 3479 est?
2358 3421 2610 3487 Maxime,
2678 3422 2906 3488 inquies.
2950 3420 3138 3476 Utrum
3186 3438 3317 3490 ergo
3366 3423 3513 3477 solus
3557 3438 3773 3492 quoque

2190 3514 2393 3571 homo?
2441 3514 2676 3566 Minime.
2732 3512 2958 3577 Quare?
3020 3514 3152 3577 Quia
3206 3514 3405 3569 ellictio
3463 3516 3775 3571 humanitas

2188 3621 2294 3659 non
2323 3615 2427 3660 est.
2458 3604 2593 3657 Nam
2624 3604 2668 3657 is
2695 3619 2930 3671 quoque,
2982 3604 3071 3672 qui
3119 3606 3433 3673 progenitus
3464 3613 3568 3669 est,
3612 3607 3774 3661 homo

2188 3706 2292 3751 est.
2346 3696 2548 3750 Eodem
2584 3696 2741 3751 modo
2788 3710 2888 3748 nec
2923 3695 3218 3764 ingenitum
3265 3697 3438 3751 solum
3473 3698 3611 3752 Deus
3666 3708 3772 3763 est,

2146 3788 2287 3842 -clsi
2342 3784 2507 3841 solius
2547 3784 2742 3839 Patris.
2786 3786 2979 3839 Verum
3027 3785 3250 3840 admitte
3310 3788 3470 3841 etiam
3527 3803 3649 3842 eum
3680 3790 3775 3858 qui

2189 3879 2401 3948 genitus
2430 3886 2531 3942 est,
2568 3877 2732 3931 Deum
2769 3889 2906 3933 esse.
2969 3876 3040 3929 Ex
3077 3877 3183 3931 Deo
3213 3878 3409 3946 quippe
3437 3887 3540 3945 est,
3584 3896 3778 3945 quam-

2189 3973 2322 4028 iibet
2352 3982 2403 4024 tu
2428 3970 2666 4041 ingenito
2690 3970 2887 4023 faveas.
2922 3971 3001 4023 Ad
3022 3969 3135 4023 hinc
3164 3972 3435 4039 quomodo
3467 3973 3559 4026 Dei
3589 3988 3775 4027 esseu-

2192 4064 2321 4116 tiam
2378 4062 2536 4123 dicis,
2580 4074 2684 4115 non
2721 4057 2859 4127 ejus,
2917 4058 3057 4127 quod
3118 4069 3222 4123 est,
3273 4061 3616 4126 positionem,
3678 4065 3776 4121 sed

2189 4154 2329 4221 ejus,
2361 4152 2502 4221 quod
2530 4166 2634 4205 non
2668 4160 2750 4204 est
2773 4150 3205 4204 detractionem?
3243 4149 3354 4205 Vox
3371 4153 3513 4208 enim
3542 4154 3774 4224 ingeniti

2193 4246 2483 4315 signiﬁcat,
2506 4259 2628 4299 eum
2660 4244 2876 4313 quidem
2904 4244 3274 4312 generationis
3322 4257 3602 4315 expertem
3630 4265 3775 4317 esse,

2196 4352 2300 4395 non
2336 4345 2519 4391 autem
2560 4333 2797 4389 declarat
2819 4335 3073 4402 quidnam
3102 4345 3291 4401 natura
3324 4352 3421 4391 sua
3455 4338 3524 4393 sit
3554 4337 3606 4392 id
3632 4344 3779 4407 quod

2195 4435 2543 4503 generatione
2577 4441 2750 4485 caret.
2785 4430 3041 4496 Quaenam
3093 4447 3223 4499 ergo
3253 4443 3335 4488 est
3368 4433 3461 4488 Dei
3503 4433 3778 4489 essentia?

2196 4523 2324 4578 Tuae
2368 4532 2452 4578 est
2498 4524 2782 4578 dementire
2821 4523 2923 4579 hoc
2967 4523 3171 4586 dicere,
3220 4526 3309 4592 qui
3372 4526 3773 4592 generationem

2194 4630 2410 4682 quortue
2456 4614 2624 4681 ipsnm
2676 4615 2833 4665 anxie
2892 4614 3249 4680 perscrutaris
3315 4632 3331 4667 :
3384 4616 3538 4669 nobis
3590 4626 3775 4670 autem

2190 4702 2401 4755 abunde
2430 4716 2680 4767 magnum
2706 4709 2869 4767 atque
2898 4700 3132 4767 amplum
3159 4698 3339 4759 fuerit,
3360 4698 3478 4751 siin
3504 4706 3781 4765 postem"!

2188 4809 2401 4863 quoque
2436 4794 2728 4851 discamus,
2787 4790 2961 4842 soluta
3014 4790 3265 4842 videlicet
3312 4789 3415 4843 hac
3466 4787 3783 4863 caliginem

2190 4887 2439 4941 crassitie
2472 4888 2484 4915 ¹
2522 4923 2539 4948 ,
2573 4894 2631 4938 ιιι
2668 4882 2937 4951 pollicitus
2970 4888 3056 4934 est
3085 4881 3155 4945 is,
3179 4881 3269 4948 qui
3298 4895 3403 4934 non
3434 4879 3693 4935 mentitur
3736 4879 3778 4934 ’.

2193 4977 2332 5046 Ergo
2362 4978 2465 5030 hoc
2504 4977 2572 5028 ab
2610 4975 2716 5038 his,
2752 4971 2845 5041 qui
2875 4972 2941 5025 ad
2965 4986 3084 5027 eam
3127 4984 3239 5024 rem
3271 4985 3393 5027 sese
3432 4978 3781 5039 perpurgant,

2192 5072 2487 5138 cogitetur,
2534 5082 2597 5121 ac
2626 5074 2905 5135 speretur.
2938 5062 3047 5117 Nos
3077 5073 3255 5115 autem
3286 5062 3388 5117 hoc
3418 5062 3682 5114 duntaxat
3702 5060 3785 5115 di—

2197 5174 2323 5215 cere
2359 5176 2463 5213 non
2496 5157 2885 5223 dubitabimus,
2913 5155 2958 5210 si
2991 5169 3244 5222 magnum
3290 5152 3436 5205 Patri
3469 5160 3553 5204 est
3575 5166 3603 5203 a
3638 5150 3785 5205 nullo

2198 5250 2500 5319 profectum
2559 5264 2701 5315 esse,
2765 5264 2871 5302 non
2926 5249 3103 5300 minus
3141 5244 3345 5297 illustre
3380 5241 3516 5295 Filio
3546 5255 3688 5302 esse,
3720 5254 3785 5294 ex

2197 5343 2289 5395 tali
2321 5342 2480 5397 Patre
2507 5342 2792 5411 prodiisse.
2847 5339 2981 5394 Nam
3014 5348 3373 5407 praeterquam
3415 5332 3557 5402 quod
3600 5332 3787 5400 gloria:

494 5438 662 5499 iilius,
696 5437 787 5505 qui
823 5423 1046 5491 causam
1076 5452 1106 5490 a
1153 5436 1297 5492 nullo
1321 5438 1504 5499 habet,
1535 5437 1806 5507 particeps
1828 5444 1932 5500 est,
1965 5435 2089 5505 quia
2114 5448 2176 5487 ex
2220 5448 2285 5486 eo
2320 5440 2421 5498 est,
2458 5433 2668 5486 accedit
2696 5432 2859 5483 etiam
2889 5427 3259 5498 generationis
3277 5425 3468 5488 decus,
3494 5438 3580 5477 res
3612 5432 3785 5489 tanta,

499 5541 720 5597 tamque
770 5530 1107 5593 veneranda,
1153 5528 1219 5584 iis
1262 5529 1474 5600 utique,
1522 5529 1613 5599 qui
1645 5544 1750 5585 non
1774 5528 1998 5585 omnino
2040 5526 2188 5582 humi
2259 5524 2525 5596 provoluti
2580 5533 2728 5590 sunt,
2788 5536 3082 5591 crassoque
3129 5520 3307 5574 animo
3363 5515 3595 5587 praediti.

573 5736 588 5764 ⁸
638 5730 850 5788 lJoan.
890 5750 973 5796 ut,
1003 5736 1057 5788 2.
1156 5734 1173 5761 '
1212 5733 1318 5789 Tit.
1346 5751 1385 5802 ι,
1422 5736 1475 5789 ‘2.
