4058 6468
306 334 415 397 56⁵1

379 448 485 503 Sed
524 448 570 502 si
622 444 814 511 Filius,
863 446 1141 515 inquiunt,
1193 441 1455 496 essentiae
1489 442 1700 494 ratione
1739 441 1881 494 idem
1912 444 1957 497 Α

306 551 434 591 cum
471 535 631 591 Patre
663 545 768 600 est,
807 536 1073 605 profecto,
1112 548 1236 588 cum
1275 531 1553 601 ingenitus
1594 531 1666 585 sit
1709 529 1888 592 Pater,

313 629 586 698 ingenitus
642 642 858 697 quoque
916 626 1086 681 Filius
1119 627 1246 680 erit.
1305 626 1493 688 Recte,
1523 627 1567 680 si
1594 625 1898 697 ingenitum-

309 719 546 774 essentia
584 719 674 772 Dei
713 726 880 784 esset,
917 727 976 770 ut
1007 718 1086 771 sic
1106 733 1243 773 nova
1275 717 1520 786 quaedam
1552 718 1730 772 mistio
1749 728 1894 772 esset

306 810 844 878 genito-ingenitum.
891 807 1025 862 Cum
1071 817 1249 861 autem
1299 807 1404 860 hoc
1430 807 1718 862 discrimen
1747 808 1892 862 circa

304 903 598 956 essentiam
645 901 1045 964 consideretur,
1080 901 1208 970 quid
1248 909 1300 953 tu
1336 903 1438 954 hoc
1479 899 1633 968 quasi
1679 900 1892 952 ﬁrmum

306 992 563 1060 quiddam
597 991 859 1061 profers?
906 992 990 1046 An
1023 1002 1082 1046 tu
1129 1006 1344 1060 quoque
1391 991 1560 1061 patris
1611 1001 1763 1060 pater
1811 1006 1890 1059 es,

309 1092 368 1136 ιιι
428 1083 572 1136 nulla
628 1098 687 1138 re
739 1099 768 1136 a
801 1091 954 1152 patre
994 1093 1086 1136 tuo
1115 1083 1410 1150 supereris,
1459 1082 1892 1151 quandoquidem

305 1174 541 1229 essentia
575 1175 715 1228 idem
759 1189 882 1229 eum
918 1189 982 1228 eo
1017 1174 1120 1228 es?
1163 1172 1352 1228 Nonne
1401 1173 1743 1242 perspicuum
1786 1183 1892 1239 est,

304 1265 639 1334 proprietate
667 1265 774 1319 lixa
800 1275 853 1319 et
898 1265 1078 1320 stabili
1123 1275 1492 1334 permanente,
1546 1265 1891 1333 quaerendum

309 1356 470 1410 nobis
519 1371 641 1411 esse
690 1371 811 1428 quae
865 1357 936 1412 sit
973 1357 1065 1412 Dei
1096 1357 1355 1419 essentia,
1389 1355 1431 1409 si
1475 1363 1656 1408 tamen
1691 1368 1752 1407 ea
1787 1353 1896 1408 ullo

306 1449 468 1501 modo
493 1450 781 1517 quaerenda
800 1448 924 1503 est?
953 1448 1104 1514 Quod
1133 1457 1312 1502 autem
1338 1447 1633 1516 ingenitum
1669 1454 1723 1499 et
1753 1447 1894 1508 Deus

308 1537 453 1591 idem
496 1551 602 1591 non
651 1537 782 1601 sint,
833 1538 958 1593 hinc
987 1537 1102 1591 fere
1155 1536 1439 1606 intelliges.
1486 1535 1540 1588 Si
1571 1534 1713 1588 enim
1750 1535 1892 1588 idem

305 1641 516 1696 essent,
580 1644 803 1699 prorsus
1081 1639 1375 1699 oporteret,
1429 1629 1682 1698 quoniam
1754 1629 1892 1681 Deus

307 1725 669 1793 quorumdam
705 1725 846 1780 Deus
897 1733 1001 1789 est,
1052 1724 1409 1793 quorumdam
1438 1736 1654 1792 quoque
1681 1721 1894 1790 ingeni-

309 1825 422 1869 tum
455 1831 576 1871 esse
623 1833 637 1869 :
677 1827 770 1869 aut
799 1825 1012 1879 contra,
1063 1817 1318 1884 quoniam
1371 1816 1666 1885 ingenitum
1694 1813 1894 1868 nullius

304 1919 412 1971 est,
435 1923 535 1963 nee
567 1908 732 1962 Deum
759 1923 976 1978 quoque
1004 1909 1362 1976 quorumdam
1416 1922 1560 1962 esse.
1605 1907 1735 1959 Nam
1772 1921 1893 1976 qua:

307 2001 531 2053 omnino
551 1999 742 2054 eadem
775 2009 921 2065 sunt,
975 1999 1228 2055 similiter
1255 1998 1418 2054 etiam
1468 1997 1785 2053 ell'eruntur.
1825 1997 1895 2050 At

307 2089 606 2157 ingenitum
669 2104 782 2144 non
826 2091 1185 2159 quorumdam
1235 2100 1320 2144 est
1366 2091 1616 2159 (quorum
1657 2086 1800 2142 enim
1821 2088 1889 2157 ?),

307 2181 454 2235 Deus
480 2195 608 2236 vero
641 2183 1000 2249 quorumdam
1043 2183 1182 2236 Deus
1235 2194 1338 2246 est,
1375 2181 1616 2236 omnium
1673 2181 1891 2248 quippe.

306 2273 426 2340 Quo
457 2288 588 2344 ergo
615 2276 782 2329 tnodo
809 2274 950 2330 idem
983 2283 1146 2328 erunt
1189 2275 1330 2329 Deus
1356 2282 1409 2328 et
1439 2271 1778 2343 ingenitum?
1815 2271 1895 2324 Ac

305 2375 516 2427 rursus,
547 2362 805 2432 quoniam
838 2363 1138 2433 ingenitum
1181 2373 1234 2418 et
1265 2363 1504 2434 genitum
1541 2363 1687 2416 inter
1712 2376 1770 2416 se
1798 2376 1896 2431 op-

305 2459 597 2517 ponuntur,
629 2460 687 2506 ut
714 2452 930 2507 habitus
959 2462 1015 2508 et
1043 2452 1294 2522 privatio,
1326 2451 1656 2507 substantias
1680 2463 1896 2519 quoque

305 2540 448 2597 inter
472 2555 532 2596 se
566 2543 841 2612 oppositas
872 2544 1053 2599 induci
1117 2558 1340 2600 necesse
1389 2551 1490 2607 est,
1545 2543 1687 2612 quod
1737 2556 1895 2595 nemo

1566 323 1953 386 EUTUYMII
1993 323 2358 385 ZIGABENE

3487 329 3594 395 568

2069 437 2195 490 Ἀλλ
2249 438 2301 490 ει
2364 435 2586 505 ταυτὸν,
2623 439 2807 508 φασὶν,
2862 439 2892 492 6
2948 436 3076 501 Υἱὸς
3115 437 3196 509 τῷ
3246 439 3425 512 Πατρὶ
3471 449 3598 498 κατ’

1995 528 2207 593 οὐσίιν,
2268 529 2569 599 ἀγέννητος
2623 530 2681 584 δὲ
2728 532 2757 584 6
2804 530 3022 601 Πατὴρ,
3080 529 3239 585 ἔσται
3285 531 3450 588 τοῦτο
3499 535 3598 590 καὶ

2000 627 2029 678 ὁ
2051 625 2200 688 Υἱός.
2227 625 2446 688 Καλῶς,
2481 625 2639 696 εἰπερ
2667 625 2824 680 οὐσία
2856 627 2994 680 Θεοῦ
3019 627 3080 682 τὸ
3108 628 3428 697 ἀγέννητον,
3468 629 3532 681 ἵν’

1999 734 2084 780 τις
2117 716 2276 787 καινὴ
2316 716 2483 788 μίξις,
2512 719 3039 790 γεννητοαγέννητον
3069 718 3208 790 (98).
3262 722 3329 774 Εἰ
3372 721 3429 773 δὲ
3463 722 3597 790 περὶ

2000 809 2187 862 οὐσίαν
2240 810 2272 880 ὴ
2317 808 2571 880 διαφορὰ,
2616 809 2669 863 τί
2697 809 2877 873 τοῦτο,
2915 809 2993 873 ὡς
3039 811 3278 881 ἰσχυρὸν,
3308 811 3519 879 λέγεις;
3555 813 3589 884 ἢ

2002 901 2096 954 καὶ
2128 901 2191 953 σὺ
2225 900 2407 971 πατὴρ
2437 899 2532 954 τοῦ
2560 901 2787 972 πατρὸς,
2821 902 2910 955 ἵνα
2949 902 3140 973 μηδενὶ
3169 902 3333 975 λείπῃ
3376 902 3471 956 τοῦ
3496 903 3592 956 σοῦ

2004 992 2228 1063 πατρὸς,
2265 992 2454 1064 ἐπειδὴ
2483 993 2680 1047 ταυτὸν
2705 989 2757 1046 εῐ
2777 993 2898 1046 κατ’
2926 993 3149 1068 οὐσίανξ
3175 995 3248 1046 Ἦ
3285 994 3461 1064 δῆλον,
3488 995 3592 1057 ὅτι,

2001 1083 2102 1153 τῆς
2135 1081 2394 1154 ἰδιότητος
2567 1084 2827 1154 ἀκινήτου
2855 1084 3144 1156 μενούσης,
3174 1084 3480 1156 ζητήσομεν
3503 1085 3598 1138 οὐν

2005 1173 2126 1228 σίαν
2150 1174 2309 1238 Θεοῦ,
2333 1175 2454 1245 ἥτις
2481 1173 2614 1228 ποτέ
2649 1176 2815 1241 ἐστιν,
2848 1175 3008 1246 εἴπερ
3023 1176 3333 1248 ζητήσομεν
3352 1195 3366 1242 ;
3387 1177 3510 1230 Ὅτι
3536 1177 3596 1230 δὲ

2003 1265 2062 1316 οὐ
2121 1265 2318 1317 ταυτὸν
2357 1265 2651 1335 ἀγέννητον
2696 1265 2792 1319 καὶ
2824 1265 2978 1332 Θεὸς,
3019 1261 3124 1320 ὧδε
3165 1267 3233 1322 ἂν
3279 1268 3505 1331 μάθοις’
3530 1269 3596 1320 Εἰ

2005 1355 2200 1408 ταυτὸν
2235 1352 2325 1427 ἦν,
2367 1356 2473 1410 ἔδει
2520 1357 2757 1423 πάντως,
2793 1360 2985 1430 ἐπειδὴ
3013 1359 3195 1413 τινῶν
3222 1359 3354 1422 Θεὸς
3385 1363 3413 1413 6
3441 1359 3596 1423 Θεὸς,

2006 1443 2166 1498 τινῶν
2199 1440 2338 1498 εἶναι
2359 1446 2528 1499 καὶτὸ
2550 1447 2863 1519 ἀγέννητον·
2886 1448 2920 1519 ἢ
2941 1448 3066 1502 ἐπεὶ
3096 1448 3326 1519 μηδενὸς
3353 1447 3416 1500 τὸ
3439 1447 3599 1515 ἀγέν-

2007 1551 2184 1606 νητον,
2205 1536 2337 1607 μηδὲ
2358 1535 2449 1591 τὸν
2475 1537 2606 1590 Θεὸν
2629 1533 2768 1591 εἶναι
2789 1539 2949 1592 τινῶν
2976 1555 2990 1570 ⁸
3024 1540 3094 1592 τά
3125 1538 3234 1609 γὰρ
3266 1538 3442 1608 πάντη
3463 1556 3597 1591 ταυο

2008 1626 2093 1692 τὰ,
2115 1628 2208 1680 καὶ
2228 1627 2428 1698 ὁμοίως
2444 1628 2757 1699 ἐκφέρεται.
2777 1629 2938 1683 Ἀλλά
2965 1628 3070 1699 μὴν
3088 1629 3148 1681 οὐ
3175 1628 3336 1682 τινῶν
3356 1629 3418 1682 τὸ
3434 1629 3604 1697 ἀγέν-’

2009 1735 2188 1788 νητον,
2206 1717 2365 1771 τίνων
2385 1717 2495 1790 γάρ
2515 1735 2528 1784 ;
2548 1720 2643 1772 καὶ⁹
2663 1718 2825 1772 τινῶν
2841 1719 2974 1783 Θεὸς
3002 1721 3031 1772 6
3056 1719 3209 1784 Θεὸς,
3229 1719 3449 1772 πάντων
3468 1719 3595 1789 γάρ.

1930 1800 1973 1854 Β
2012 1811 2134 1875 Πῶς
2160 1806 2252 1866 οὖν
2282 1810 2349 1864 ἄν
2379 1811 2465 1881 εἴη
2499 1813 2693 1866 ταυτὸν
2722 1813 2854 1876 Θεὸς
2880 1813 2974 1866 καὶ
2995 1811 3320 1883 ἀγέννηνον;
3355 1811 3467 1864 Καὶ
3496 1812 3605 1865 πά-

2011 1903 2112 1970 λιν,
2153 1903 2339 1976 ἐπειδὴ
2367 1905 2428 1957 τὸ
2450 1905 2765 1976 ἀγέννητον,
2806 1905 2900 1957 καὶ
2929 1905 2992 1958 τὸ
3016 1903 3274 1975 γεννητὸν
3303 1904 3604 1957 ἀντίκειται

2012 1991 2277 2065 ἀλλήλοις,
2325 1994 2403 2058 ὡς
2443 1993 2554 2059 ἕξις
2595 1995 2689 2048 καὶ
2721 1995 2997 2066 στέρησις,
3021 1995 3245 2065 ἀνάγκη
3284 1995 3379 2048 καὶ
3409 1994 3604 2056 οὐσίας

2014 2087 2326 2157 εἰσαχθῆναι
2438 2088 2816 2158 ἀντικειμένας
2844 2087 3122 2160 ἀλλήλαις,
3141 2089 3277 2157 ὅπερ
3295 2089 3354 2141 οὐ
3371 2087 3601 2141 δέδοται.

2014 2176 2105 2239 Ἢ,
2131 2175 2316 2247 ἐπειδὴ
2333 2176 2494 2230 πάλιν
2517 2178 2572 2229 αἱ
2594 2176 2734 2242 ἕξεις
2761 2177 2869 2230 τῶν
2887 2195 2978 2230 στε
2988 2179 3196 2249 ρήσεων
3212 2177 3492 2249 πρότεραι,
3512 2177 3610 2230 καὶ

2017 2271 2356 2342 ἀναιρετικαὶ
2407 2272 2516 2326 τῶν
2538 2271 2706 2339 ’ἐξεων
2741 2272 2797 2324 αἱ
2832 2274 3138 2344 στερήσεις,
3173 2269 3247 2342 μὴ
3281 2270 3440 2341 μόνον
3475 2287 3612 2341 πρε-

2018 2362 2283 2434 σϐυτέραν
2308 2359 2447 2416 εἶναι
2482 2364 2582 2434 τῆς
2614 2361 2705 2416 τοῦ
2741 2363 2956 2434 Πατρὸς
2981 2363 3170 2425 οὐσίας
3200 2367 3297 2432 τὴν
3327 2361 3422 2414 τοῦ
3454 2359 3612 2429 Υἱοῦ,
3715 2365 3722 2372 ’

2019 2452 2152 2506 ἀλλά
2193 2454 2290 2507 καὶ
2322 2455 2548 2526 ἀναιρου
2556 2454 2723 2526 μένην
2745 2453 2850 2506 ὑπὸ
2871 2452 2967 2507 τοῦ
2986 2453 3218 2523 Πατρὸς,
3240 2452 3363 2505 ὅσον
3384 2451 3475 2504 ἐπὶ
3491 2453 3613 2518 ταῖς

2020 2547 2141 2606 σαῖς
2163 2545 2474 2599 ὑποθέσεσι.

307 2634 665 2689 concesserit.
695 2637 806 2688 Aut
830 2647 1041 2696 rursus,
1086 2631 1342 2701 quoniam
1390 2628 1614 2684 habitus
1666 2626 2064 2698 privationibus
2113 2629 2326 2698 priores
2380 2637 2530 2694 sunt,
2575 2641 2640 2682 ac
2684 2628 3026 2698 privationes
3058 2631 3283 2688 habitus
3325 2635 3476 2704 ipsos
3497 2653 3596 2690 ex-

307 2727 614 2798 stinguunt,
654 2743 764 2782 non
815 2726 994 2781 solum
1036 2725 1312 2794 antiquior
1357 2723 1465 2777 erit
1515 2720 1637 2775 Filii
1701 2721 1941 2776 essentia
1988 2737 2150 2791 quam
2195 2723 2398 2790 Patris,
2447 2723 2544 2779 sed
2596 2722 2784 2790 etiam,
2825 2724 2982 2796 juxta
3026 2726 3352 2797 hypotheses
3393 2739 3533 2798 tuas,
3568 2746 3600 2786 a

306 2822 475 2898 ‘Pa'tre
503 2820 908 2890 exstinguetur,
945 2832 1010 2871 ac
1039 2817 1107 2872 de
1137 2818 1317 2873 medio
1360 2815 1602 2871 tolletur.

383 2917 528 2981 Quid
571 2915 751 2969 adhuc
815 2927 966 2968 nunc
1007 2921 1264 2980 superest
1313 2927 1379 2965 ex
1450 2909 1902 2964 ineiuctahitilms

2079 2911 2178 2974 Τίς
2233 2911 2316 2964 ἔτι
2371 2912 2531 2982 λόγος
2576 2912 2765 2977 αὐτοῖς
2813 2913 2926 2969 τῶν
2975 2917 3274 2984 detinent;
3329 2919 3481 2990 Τάχα
3532 2920 3602 2972 ἂν

307 3013 578 3080 ipsorum,
620 3018 679 3062 ut
705 3017 918 3079 putant,
951 3007 1327 3078 argumentis?
1356 3007 1614 3060 Fortasse
1658 3006 1724 3058 ad
1763 3005 1894 3059 illud

2014 3013 2102 3065 ἐπ’
2137 3012 2312 3063 ἐκεῖνο
2334 3009 2704 3080 καταφύγοιεν
2724 3012 3053 3076 τελευταῖον,
3082 3010 3158 3075 ὼς
3185 3011 3248 3063 Ei
3287 3012 3386 3082 μὲν
3409 3013 3471 3065 οὐ
3506 3013 3608 3066 πέ-

307 3111 639 3172 pnstremum
673 3100 1025 3171 confugient:
1056 3099 1113 3154 Si
1139 3098 1283 3154 Deus
1321 3099 1568 3170 gignendi
1595 3099 1755 3156 ﬁnem
1785 3117 1889 3156 non

307 3191 458 3259 fecit,
499 3194 814 3264 imperfecta
868 3204 952 3250 est
1000 3195 1299 3265 generatio.
1345 3195 1411 3248 Et
1459 3197 1674 3266 quando
1730 3197 1889 3251 ﬁnem

309 3283 552 3339 facturus
583 3285 715 3339 est?
763 3286 819 3340 Si
864 3297 1046 3341 autem
1103 3287 1324 3355 gignere
1363 3286 1618 3352 cessavit,
1671 3288 1892 3340 omnino

309 3389 525 3444 quoque
566 3376 748 3443 ccepit.
785 3377 876 3430 Sic
899 3393 1086 3432 rursus
1138 3378 1313 3431 crassi
1373 3385 1427 3430 ct
1457 3377 1701 3446 corporis
1733 3383 1892 3432 rebus

310 3465 454 3520 δαὶκὶ
496 3467 750 3522 homines
802 3483 1093 3536 eorporeas
1149 3469 1588 3524 ratiocinationes
1619 3467 1890 3541 afferunt.

311 3555 423 3626 Ego
456 3572 583 3612 vero
615 3557 694 3613 sic
755 3559 1054 3628 respondeo
1091 3581 1108 3614 ι
1147 3559 1617 3628 Setnpiternunme
1651 3560 1724 3612 sit
1755 3557 1894 3614 Filio

311 3649 487 3713 nasci,
525 3665 720 3712 necne,
752 3652 987 3704 nonduin
1023 3650 1164 3710 dico.
1203 3649 1556 3720 quoadusque
1587 3650 1716 3704 illud
1742 3648 1892 3704 Seri-

313 3745 484 3804 plura:
521 3755 544 3793 ι»
566 3738 702 3794 Ante
744 3756 923 3795 omnes
975 3741 1131 3796 colles
1161 3741 1324 3811 gignit
1357 3756 1439 3795 me
1465 3742 1480 3772 ³
1514 3781 1530 3807 ,
1588 3741 1894 3794 accuratius

318 3833 650 3898 expendero.
689 3831 818 3886 Illud
851 3843 1031 3888 autem
1076 3851 1181 3890 non
1227 3833 1404 3897 video,
1450 3847 1610 3902 quam
1647 3846 1896 3886 necessa-

315 3923 462 3977 rium
493 3924 564 3976 sit
604 3924 710 3978 hoc
735 3939 923 3979 eorum
978 3934 1384 3997 argumentum.
1416 3925 1473 3978 Si
1510 3925 1677 3990 enim,
1709 3933 1767 3977 ut
1796 3921 1893 3991 ipsi

319 4017 491 4078 aiunt.
525 4019 818 4085 aliquando
853 4019 903 4073 id
963 4020 1150 4087 coepit,
1176 4020 1318 4088 quod
1370 4020 1531 4073 linem
1585 4018 1894 4072 habiturum

320 4112 427 4163 est,
467 4098 709 4170 profecto
749 4100 804 4152 id
828 4115 931 4152 non
956 4102 1142 4169 cmpit,
1182 4101 1324 4168 quod
1359 4102 1516 4154 ﬁnem
1549 4117 1654 4155 non
1691 4111 1774 4156 est
1809 4103 1906 4156 ha-

324 4189 587 4245 biturum.
633 4189 772 4256 Quid
810 4204 941 4258 ergo
979 4191 1044 4242 de
1083 4191 1262 4244 anima
1310 4191 1392 4244 vel
1433 4192 1499 4245 de
1531 4192 1770 4260 angelica
1814 4209 1910 4246 na-

2017 3117 2220 3154 παυται
2255 3098 2350 3152 τοῦ
2389 3101 2584 3170 γεννᾷν
2619 3101 2648 3152 6
2686 3100 2838 3164 Θεὸς,
2879 3099 3075 3171 ἀτελὴς
3116 3101 3148 3169 ή
3185 3099 3457 3171 γέννησις.
3495 3102 3609 3155 Καὶ

2016 3191 2146 3245 πότε
2178 3191 2478 3255 παύσεται;
2507 3191 2570 3243 Ei
2593 3190 2650 3243 δὲ
2675 3191 2970 3253 πέπαυται,
3002 3191 3221 3255 πάντως
3251 3192 3347 3245 καὶ
3378 3192 3602 3263 ἤρξατο.

2018 3283 2187 3337 Πάλιν
2219 3283 2269 3335 oi
2308 3282 2612 3353 σωματικοὶ
2651 3281 2722 3335 τὰ
2778 3283 3086 3352 σωματικά.
3256 3281 3400 3350 Ἐγὼ
3451 3283 3528 3346 δὲ,
3557 3285 3606 3336 εί

2021 3373 2120 3445 μὲν
2141 3374 2308 3427 ἀῖδιον
2336 3373 2484 3444 αὐτῷ
2513 3373 2576 3427 τὸ
2600 3372 2893 3442 γεννᾶσθαι
2923 3373 2956 3444 ἢ
2995 3373 3093 3444 μὴ,
3127 3371 3282 3426 οῦπω
3303 3373 3466 3442 λέγω,
3502 3374 3606 3438 ἕως

2017 3463 2084 3520 ἂν
2114 3465 2198 3530 τὸ,
2235 3465 2354 3534 Πρό
2382 3465 2623 3519 πάντων
2645 3462 2898 3530 ,Βουνῶν
2927 3463 3112 3535 γεννᾷ
3139 3482 3238 3533 με,
3289 3465 3606 3537 ἀκριϐέστε-

2020 3572 2113 3628 ρον
2259 3555 2665 3626 ὲπισκέψωμαι.
2699 3556 2811 3627 Οὐχ
2841 3555 2953 3627 ὁρῶ
2973 3555 3051 3617 δὲ,
3077 3555 3162 3618 τίς
3206 3557 3239 3626 ή
3268 3556 3483 3626 ἀνάγκη
3514 3555 3606 3615 τοῦ

2018 3647 2195 3716 λόγου.
2238 3649 2302 3701 Εἰ
2345 3648 2453 3718 γὰρ
2495 3644 2697 3718 ἦρκται
2738 3645 2860 3700 κατ’
2898 3647 3096 3710 αὐτοὺς
3141 3647 3204 3699 τὸ
3244 3648 3610 3718 παυσόμενον,

2019 3742 2118 3795 οὐκ
2147 3737 2352 3812 ἦρκται
2374 3742 2592 3804 πάντως
2621 3740 2683 3792 τὸ
2711 3740 2786 3811 μὴ
2807 3738 3170 3809 παυσόμενον.
3190 3737 3256 3790 Τί
3276 3739 3456 3791 τοίνυν
3479 3739 3609 3791 ἀπο-

2020 3831 2316 3902 φανοῦνται
2346 3832 2476 3901 περὶ
2498 3833 2697 3902 ψυχῆς,
2734 3831 2767 3901 ἢ
2797 3832 2895 3902 τῆς
2925 3829 3226 3900 ἀγγελικῆς
3260 3830 3509 3899 φύσεως;
3544 3830 3607 3884 Εἰ

2023 3923 2121 3994 μὲν
2143 3920 2364 3996 ἦρκται,
2393 3923 2488 3977 καὶ⁹
2516 3921 2814 3976 παύσεται·
2853 3925 2902 3976 εί
2927 3921 2985 3976 δὲ
3011 3923 3071 3975 οὑ
3096 3921 3389 3987 παύσεται,
3425 3921 3608 3993 δῆλον,

2020 4017 2102 4069 ὅτι
2143 4017 2261 4069 κατ’
2285 4016 2483 4079 αὐτοὺς
2513 4015 2634 4068 οὐδὲ
2657 4010 2880 4086 ἦρκται.
2914 4013 3074 4068 Ἀλλά
3116 4017 3221 4086 μὴν
3250 4017 3345 4070 καὶ
3382 4012 3609 4086 ἦρκται,

2011 4107 2106 4157 καὶ¹
2158 4107 2218 4158 οὐ
2273 4124 2561 4159 παυσεται.
2603 4109 2718 4158 Ουκ
2752 4105 2860 4175 ἄρα
2889 4099 3092 4175 ἦρκται
3135 4104 3254 4156 κατ’
3301 4103 3494 4162 αὐτοὺς
3528 4100 3592 4153 τὸ

2011 4191 2374 4260 παυσόμενον.
2417 4192 2475 4243 '0
2505 4192 2602 4262 μὲν
2627 4186 2718 4244 οὖν
2747 4191 3014 4261 ἡμέτερος
3037 4191 3223 4259 λόγος’
3258 4190 3468 4257 Ὠσπερ
3503 4188 3591 4239 ἶπε-

326 4292 453 4335 tura
480 4281 942 4348 pronuntiabunt?
1000 4280 1059 4335 Si
1103 4282 1430 4351 principium
1492 4283 1699 4351 habuit,
1747 4285 1895 4339 ﬁnetr

2012 4300 2136 4346 που,
2171 4283 2263 4336 καὶ
2303 4283 2442 4352 βοὸς,
2491 4283 2587 4335 καὶ
2618 4281 2930 4354 ἀνθρώπου,
2956 4283 3052 4334 καὶ
3083 4282 3312 4334 ἑκάστου
3342 4278 3450 4330 τῶν
3487 4278 3593 4330 ὑπὸ

325 4383 549 4438 quoque
572 4367 789 4423 habebit
835 4384 851 4422 :
884 4369 930 4424 si
959 4379 1138 4424 autem
1191 4371 1295 4426 ﬁne
1323 4373 1552 4439 carebit,
1617 4375 1895 4430 secundun

2012 4374 2070 4426 τὸ
2091 4374 2223 4427 αὐτὸ
2247 4369 2405 4438 εἶδος,
2433 4369 2510 4437 εἷς
2537 4373 2694 4441 λόγος
2826 4372 2972 4426 ἐστίν
2988 4390 3002 4403 ·
3022 4373 3115 4426 καὶ
3135 4374 3162 4425 6
3191 4373 3286 4439 μὲν
3307 4372 3372 4424 ἂν
3394 4370 3596 4442 μετέχῃ

327 4475 424 4514 eos
453 4461 634 4528 utique
664 4460 928 4529 principio
961 4476 1178 4531 quoque
1220 4462 1361 4516 hanc
1397 4463 1647 4518 caruisse
1677 4473 1888 4519 constat

2012 4463 2102 4518 τοῦ
2125 4465 2306 4533 λόγου,
2340 4463 2497 4518 τοῦτο
2526 4465 2620 4518 καὶ
2653 4465 2859 4536 κυρίως
2880 4464 3134 4534 λέγεσθαι
3175 4475 3192 4492 °
3299 4461 3327 4514 6
3358 4463 3400 4514 δ’
3425 4461 3490 4515 ἂν
3520 4462 3596 4533 μὴ

329 4551 492 4620 Atqui
522 4561 576 4606 et
609 4552 931 4621 principium
967 4553 1176 4618 habuit,
1228 4569 1328 4608 nec
1357 4569 1593 4624 unquam
1621 4569 1743 4610 esse
1768 4557 1895 4611 desi-

2016 4557 2241 4630 μετέχῃ,
2279 4555 2438 4609 τοῦτο
2465 4557 2497 4627 ἢ
2529 4557 2602 4629 μὴ
2635 4555 2958 4625 λέγεσθαι,ἢ
2988 4555 3061 4625 μὴ
3085 4553 3287 4624 κυρίως
3305 4552 3560 4622 λέγεσθαι
3578 4568 3594 4583 ο

333 4651 443 4700 net.
500 4643 717 4698 Falsum
768 4652 852 4698 est
876 4645 1052 4712 itaque
1079 4646 1220 4714 quod
1247 4644 1422 4709 aiunt,
1461 4646 1534 4710 id,
1562 4649 1703 4715 quod
1753 4647 1894 4702 ﬁuen

2013 4647 2155 4700 οὕτω
2171 4647 2226 4701 δὲ
2255 4648 2350 4700 καὶ
2368 4647 2502 4700 Θεοῦ
2530 4647 2659 4716 μίαν
2675 4647 2857 4700 οὐσίαν
2881 4643 3018 4700 εἷναι
3043 4648 3138 4700 καὶ
3159 4645 3338 4714 φύσιν,
3352 4646 3446 4698 καὶ
3464 4645 3600 4716 κλῆε-

333 4735 645 4790 habiturum
675 4745 788 4803 est,
822 4737 1148 4806 principium
1177 4752 1393 4806 quoque
1423 4738 1696 4794 habuisse.
1735 4739 1895 4794 Enim.

2017 4755 2124 4802 σιν,
2144 4737 2244 4792 κᾶν
2261 4737 2524 4800 ἐπινοίαις
2547 4737 2658 4789 τισὶ
2683 4737 3088 4808 διαιρουμέναις
3116 4736 3490 4806 συνδιαιρῆται
3509 4735 3601 4786 καὶ

333 4840 470 4881 vero
493 4826 737 4881 doctrina
766 4834 948 4881 nostra
976 4827 1093 4880 haec
1125 4820 1211 4881 est
1252 4849 1265 4883 :
1305 4826 1375 4882 Ut
1397 4828 1545 4898 equi,
1568 4838 1623 4882 et
1655 4830 1827 4897 bovis,
1865 4845 1895 4881 e

2015 4827 2082 4881 τὰ
2115 4828 2382 4897 ὀνόματαο
2415 4829 2510 4896 καὶ
2534 4827 2561 4880 6
2594 4827 2692 4897 μὲν
2720 4827 2785 4881 ἂν
2821 4829 3025 4898 κυρίως
3049 4827 3293 4898 λέγηται,
3323 4825 3481 4879 τοῦτο
3507 4824 3603 4877 καὶ

337 4915 594 4981 hominis,
650 4932 718 4970 ac
745 4916 980 4984 denique
1009 4916 1435 4986 uniuscujusque
1486 4933 1670 4971 earum
1717 4933 1893 4972 rerum

2018 4915 2158 4972 εἶναι
2188 4918 2351 4972 Θεόν·
2381 4918 2409 4971 6
2445 4919 2487 4970 δ’
2518 4918 2582 4971 ἂν
2687 4919 2828 4972 κατά
2867 4919 3049 4987 φύσιν,
3083 4918 3241 4970 τοῦτο
3265 4917 3357 4970 καὶ
3387 4914 3605 4986 ἀληθῶς

335 5021 458 5076 qua:
499 5006 602 5060 sub
630 5007 770 5060 idem
796 5021 965 5074 genus
997 5008 1214 5072 cadunt,
1265 5009 1453 5061 eadem
1509 5016 1591 5060 est
1635 5006 1875 5062 deﬁnitio

2020 5006 2405 5078 ὀνομάζεσθαιο
2441 5011 2602 5080 εἴπερ
2636 5011 2709 5081 μὴ
2733 5011 2790 5062 ἐν
2819 5010 3098 5080 ὀνόμασιν,
3127 5010 3240 5062 ἀλλ’
3265 5011 3321 5060 ἐν
3344 5008 3607 5078 πράγμα-

339 5113 405 5152 ac
439 5098 699 5168 quidquid
752 5098 1082 5153 deﬁnitionis
1137 5098 1362 5166 hujusce
1389 5099 1659 5166 particeps
1688 5109 1792 5161 est,
1823 5099 1895 5150 ho

2025 5097 2113 5150 σίν
2153 5098 2300 5150 ἐστιν
2337 5099 2470 5169 ἡμῖν
2510 5099 2542 5169 ἡ
2577 5097 2823 5168 ἀλήθεια.
2863 5100 2925 5151 0i
2957 5099 3032 5163 δὲ,
3071 5098 3259 5169 ὥσπερ
3279 5097 3599 5162 δεδοικότες,

338 5191 502 5246 etiam
566 5191 782 5258 proprie
813 5191 1050 5254 dicitur;
1107 5191 1368 5261 quidquid
1424 5199 1601 5243 autem
1654 5189 1895 5258 particep

2028 5187 2101 5257 μὴ
2129 5188 2305 5242 πάντα
2343 5191 2512 5242 κινεῖν
2551 5189 2690 5242 κατὰ
2727 5190 2826 5260 τῆς
2850 5189 3128 5260 ἀληθείας,
3159 5189 3290 5242 Θεὸν
3335 5189 3436 5259 μὲν
3466 5183 3606 5241 εἶναι

340 5299 447 5337 non
477 5293 580 5349 est,
651 5283 752 5338 hoc
782 5285 864 5338 vel
913 5300 1025 5338 non
1057 5285 1277 5346 dicitur,
1329 5282 1410 5336 vel
1441 5291 1590 5337 certe
1631 5279 1888 5349 impr0pri

2024 5279 2115 5332 τὸν
2141 5280 2266 5332 Υίὸν
2299 5281 3090 5352 ὁμολογοῦσιν,ὄτανβιασοῶσι
3114 5281 3344 5353 τῷλόγῳ
3374 5283 3465 5334 καὶ
3485 5283 3609 5344 ταῖς

342 5373 538 5428 dicitur
586 5392 600 5428 :
629 5374 816 5429 eodem
848 5375 1006 5428 modo
1036 5389 1196 5426 unam
1227 5386 1443 5443 quoque
1481 5372 1573 5426 Dei
1615 5372 1895 5426 essentiam

2032 5371 2357 5440 μαρτυρίαις
2411 5385 2426 5402 ⁸
2523 5373 2812 5444 ὁμώνυμον
2843 5373 2899 5426 δὲ
2926 5375 3020 5428 καὶ
3049 5374 3216 5444 μόνης
3250 5371 3613 5428 κοινωνοῦντα

343 5472 399 5516 et
431 5477 702 5530 naturam,
727 5475 782 5518 et
811 5464 1230 5534 appellationem
1266 5478 1406 5529 esse,
1452 5464 1659 5518 tametsi
1701 5475 1796 5532 per
1824 5476 1895 5515 co!

2025 5460 2124 5530 τῆς
2148 5460 2414 5531 κλήσεως.

349 5559 638 5625 gitationes
694 5562 958 5629 quasdam
1007 5559 1315 5626 distinctas,
1365 5558 1581 5612 nomina
1629 5571 1846 5626 quoque
1871 5557 2033 5612 simul
2057 5558 2492 5626 distinguantur:
2523 5569 2576 5614 et
2617 5559 2759 5629 quod
2827 5560 3044 5624 quidem
3106 5561 3325 5629 proprie
3387 5553 3612 5628 dicitur,

421 5727 437 5756 ¹
499 5727 654 5782 Prov.
689 5743 808 5794 \‘lll,
834 5728 924 5782 25.
