4058 6426
401 306 510 369 sus
1370 279 1751 367 PANOPLIA
1790 304 2256 366 DOGMATICA.
2286 332 2350 343 —
2394 309 2545 371 TlT.
2588 310 2725 374 vn.
3581 322 3690 386 57o

401 423 461 479 id
498 420 661 476 etiam
728 420 903 476 Deum
962 435 1124 486 esse;
1168 428 1223 476 et
1279 436 1473 477 rursus
1504 422 1646 492 quod
1677 430 1875 477 natura
1946 436 2043 476 sua
2099 423 2210 489 sit,
2270 423 2377 480 hoc
2435 440 2654 496 quoque
2720 426 2944 499 proprie
3006 432 3314 502 nuncupari
3366 451 3380 489 :
3425 436 3692 508 siquidem

402 532 514 572 non
560 517 613 570 in
647 517 815 571 nudis
856 515 1189 583 nominibus,
1233 518 1327 572 sed
1364 517 1418 571 in
1450 518 1615 573 rebus
1640 517 1799 573 nobis
1828 518 2031 573 veritas
2055 519 2159 574 sita
2205 531 2307 573 est.
2354 522 2425 575 At
2460 522 2567 589 isti,
2610 524 2840 593 perinde
2898 541 2961 580 ac
3010 528 3401 596 pertimescant
3444 548 3514 587 nc
3562 537 3695 604 quid

400 616 669 671 adversus
728 616 1017 669 veritatem
1071 614 1356 669 immotum
1406 614 1739 684 relinquant,
1786 614 1957 669 Deum
2003 616 2223 685 quidem
2268 616 2462 672 Filium
2505 633 2628 673 esse
2672 620 2935 686 fatentur,
2986 637 3110 676 cum
3163 622 3464 694 Scripturae
3501 641 3565 684 ac
3594 646 3693 684 au-

398 711 717 767 ctoritatum
749 710 1079 766 testimoniis
1120 710 1535 780 opprimantur;
1574 710 1670 765 sed
1711 712 1990 780 aequivoce
2032 712 2204 768 Deum
2250 712 2383 779 dici,
2427 730 2492 770 ac
2530 713 2775 769 nominis
2826 716 2998 769 solius
3042 718 3370 788 participem
3400 736 3523 777 esse
3561 738 3697 778 con-

419 805 681 861 tendunt.

480 899 646 951 Ὅταν
697 898 754 950 δὲ
813 895 1287 967 ἀνθυποφέρωμεν
1341 897 1549 962 αὐτοῖς,
1598 894 1666 948 Τί
1715 893 1864 964 οῦνς
1919 897 1984 951 οὐ

2161 897 2299 951 Cum
2350 908 2538 974 autem
2613 897 2757 953 hanc
2816 899 2950 970 ipsis
3025 902 3389 971 objectionem
3449 905 3683 974 subjici-

402 982 612 1053 κυρίως
746 984 881 1048 Θεὸς
909 987 937 1037 6
967 985 1119 1051 Υἱὸς,
1141 987 1328 1061 ὥσπερ
1352 991 1473 1043 οὐδὲ
1499 991 1636 1055 ζῶον
1661 991 1721 1044 τὸ
1748 1008 1995 1063 γεγραμ-

408 1077 609 1148 μένον;
651 1077 771 1140 πῶς
812 1075 905 1132 οὖν
935 1080 1086 1147 Θεὸς,
1118 1084 1166 1136 εἰ
1208 1083 1282 1153 μὴ
1327 1083 1534 1158 κυρίως
1569 1084 1731 1149 Θεός;
1767 1084 1833 1136 Τί
1884 1085 1995 1154 γὰρ

409 1166 634 1230 κωλύει,
678 1167 835 1236 φασὶ,
869 1169 962 1222 καὶ
993 1169 1260 1243 ὁμώνυμα
1283 1173 1456 1226 ταῦτα
1484 1168 1643 1237 εἰναι,
1673 1174 1767 1227 καὶ
1792 1172 1996 1243 κυρίως

409 1257 701 1329 ἀμφότερα
737 1258 1020 1328 λέγεσθαις
1052 1262 1161 1315 Καὶ
1197 1264 1578 1333 προσοίσουσιν
1616 1266 1748 1335 ἡμῖν
1782 1264 1872 1317 τὸν
1895 1263 1996 1317 κύ-

408 1364 497 1410 να,
528 1348 620 1400 τὸν
654 1353 932 1420 χερσαῖον,
956 1352 1049 1404 καὶ
1082 1353 1174 1406 τὸν
1200 1353 1503 1418 θαλάττιον,
1538 1354 1803 1425 όμώνυμά
1823 1372 1881 1408 τε
1918 1353 2001 1408 δν-

407 1454 501 1496 τα,
537 1436 635 1489 καὶ
663 1438 870 1508 κυρίως
1008 1440 1275 1510 λεγόμενα
1304 1442 1438 1512 (ἔστι
1467 1443 1577 1514 γάρ
1613 1461 1665 1495 τι
1694 1443 1788 1496 καί
1824 1441 1999 1495 τοιοῦ-

408 1543 503 1577 τον
524 1524 665 1589 εἶδος
688 1528 746 1579 ὲν
766 1532 878 1592 τοῖς
899 1529 1081 1600 ὁμωνύ
1090 1548 1209 1600 μοις
1225 1548 1238 1562 ο
1268 1534 1363 1585 καὶ
1395 1535 1506 1587 εἴτε
1538 1552 1590 1587 τι
1617 1534 1744 1589 ἄλλο
1766 1537 1830 1606 τῇ
1857 1532 1999 1607 αὐτῇ

411 1620 756 1691 προσχρῆται
891 1623 1252 1694 προσηγορίᾳ,
1288 1625 1381 1677 καὶ
1418 1625 1645 1696 ’μετέχει
1671 1625 1876 1697 ταύτης
1901 1627 2000 1679 ὲπ-

414 1712 557 1781 ίσης,
578 1715 644 1782 τῇ
674 1711 832 1781 φύσει
856 1712 1178 1784 διεστηκός).
1217 1715 1353 1769 Ἀλλ’
1380 1718 1497 1770 ἐκεῖ
1519 1716 1637 1788 μὲν,
1664 1710 1709 1771 ὧ
1732 1717 1998 1788 βέλτιστε,

408 1799 508 1853 δύο
543 1799 736 1868 φύσεις
756 1800 927 1865 τιθεὶς
954 1802 1064 1855 ὑπὸ
1092 1803 1191 1873 τὴν
1224 1804 1393 1876 αὐτὴν
1425 1807 1820 1879 προσηγορίαν,
1849 1808 2001 1862 οὐδὲν

411 1892 625 1963 ἀμείνω
655 1892 751 1963 τὴν
778 1893 969 1963 ἑτέραν
996 1894 1095 1964 τῆς
1125 1894 1316 1965 ἐτέρας
1340 1897 1601 1967 εἰσάγεις,
1629 1900 1748 1952 οὐδὲ
1774 1901 1872 1971 τὴν
1904 1900 2001 1970 μὲν

412 1985 704 2057 πρότερον,
738 1983 838 2054 τὴν
866 1984 922 2038 δὲ
956 1984 1202 2057 ὕστερον,
1233 1988 1354 2040 οὐδὲ
1376 1989 1475 2061 τὴν
1513 1990 1610 2059 μὲν
1646 1990 1866 2061 μᾶλλον,
1902 1990 2001 2063 τήν

411 2078 473 2130 δὲ
494 2072 656 2149 ἦττον
681 2073 845 2131 οὖσαν
874 2076 1015 2131 τοῦθ’
1045 2079 1181 2150 ὅπερ
1209 2080 1447 2148 λέγεται.
1485 2082 1618 2134 Οὐδὲ
1646 2084 1755 2153 γάρ
1790 2100 1840 2134 τι
1871 2099 2000 2134 συν-

412 2168 670 2233 έζευκται
694 2168 756 2221 τὸ
782 2168 983 2242 ταύτην
1010 2171 1247 2244 παρέχον
1277 2172 1468 2235 αὐταῖς
1494 2173 1592 2244 τὴν
1626 2173 1891 2245 ἀνάγκην.
1923 2172 1999 2227 0'3

2107 985 2270 1025 mus:
2334 972 2473 1036 Quid
2525 978 2693 1043 ergo?
2750 992 2856 1030 non
2922 984 3140 1049 preprie
3196 982 3337 1037 Deus
3376 996 3458 1039 εει
3484 972 3682 1053 Filius,

2107 1062 2562 1129 quemadmodum
2598 1066 2647 1118 id
2677 1067 2818 1135 quod
2852 1069 3052 1137 pietnm
3083 1081 3186 1137 est,
3215 1088 3319 1126 non
3337 1084 3420 1129 est
3448 1078 3688 1133 animal?

2110 1153 2390 1218 Quomodo
2428 1168 2558 1224 ergo
2591 1156 2751 1219 Deus,
2785 1159 2827 1212 si
2864 1160 3005 1213 Deus
3033 1164 3248 1231 proprie
3273 1179 3377 1218 non
3404 1167 3520 1220 est?
3579 1168 3687 1223 Re-

2107 1246 2412 1315 spondent:
2440 1247 2579 1315 Quid
2622 1252 2892 1318 prohibet,
2941 1258 3248 1322 quominus,
3273 1268 3327 1312 et
3355 1261 3469 1316 haec
3512 1263 3685 1331 aequi-

2109 1347 2242 1388 voca
2277 1335 2410 1400 sint,
2443 1346 2497 1391 et
2530 1340 2747 1407 proprie
2788 1350 3077 1408 utrumque
3119 1343 3373 1399 dicatur?
3403 1348 3479 1401 Ac
3506 1352 3682 1412 nobis.

2106 1435 2161 1481 et
2192 1434 2524 1495 terrestrem,
2580 1439 2634 1485 et
2674 1431 2938 1486 marinum
3001 1448 3185 1489 canem
3228 1437 3523 1504 proferent,
3564 1442 3680 1510 qui,

2108 1532 2228 1572 cum
2262 1520 2362 1575 sub
2406 1521 2597 1575 eodem
2653 1523 2871 1578 nomine
2918 1524 3184 1579 diversam
3236 1522 3686 1596 signiﬁcationem

2110 1609 2372 1677 habeant,
2402 1613 2624 1683 proprie
2653 1622 2831 1669 tamen
2867 1615 3141 1671 dicuntur.
3168 1615 3287 1689 (Est
3324 1621 3468 1674 enim
3502 1622 3687 1690 hujus—

2111 1702 2259 1756 modi
2283 1718 2497 1773 quoque
2526 1705 2736 1773 species
2769 1706 3014 1774 quazdam
3048 1708 3191 1762 inter
3217 1710 3529 1777 aequivoca;
3563 1724 3615 1767 et
3642 1716 3684 1769 si

2107 1795 2237 1864 quid
2264 1795 2429 1863 aliud,
2455 1797 2595 1866 quod
2621 1800 2810 1852 eadem
2835 1800 3200 1869 appellatione
3234 1811 3435 1871 utatur,
3466 1806 3689 1877 ejusque

2109 1898 2361 1955 peraeque
2391 1888 2665 1956 particeps
2689 1889 2783 1953 sit,
2817 1904 2938 1943 cum
2972 1891 3189 1945 interim
3230 1904 3435 1949 naturae
3480 1901 3689 1953 ratione

2111 1975 2421 2046 dissideat.)
2453 1979 2546 2042 At,
2584 1980 2669 2032 vir
2712 1979 2937 2047 optime,
2982 1997 3104 2035 cum
3157 1983 3266 2038 illic
3299 1987 3433 2040 duas
3466 2001 3687 2043 naturas

2109 2069 2211 2123 sub
2259 2069 2448 2124 eadem
2491 2069 2851 2139 appellatione
2896 2072 3153 2140 collocas,
3220 2086 3468 2130 neutram
3519 2081 3687 2135 altera

2111 2162 2550 2230 praestantiorem
2606 2163 2947 2228 introducis;
3000 2180 3102 2219 nec
3148 2166 3376 2221 alteram
3427 2172 3685 2238 priorem,

410 2260 526 2332 γὰρ
548 2263 577 2313 6
600 2261 701 2331 μὲν
732 2261 931 2331 μᾶλλον
963 2262 1131 2329 κύων,
1159 2265 1186 2316 6
1214 2264 1270 2316 δὲ
1293 2258 1454 2333 ἦττον
1482 2263 1576 2316 τοῦ
1599 2263 1786 2334 ἐτέρου
1818 2261 1997 2328 κυνὸς,

2110 2252 2340 2306 alteram
2400 2254 2803 2322 posteriorem;
2857 2270 2956 2309 nec
3017 2256 3251 2326 denique
3291 2260 3515 2315 alteram
3568 2278 3690 2332 qua:

410 2348 527 2405 οἷον
558 2355 587 2405 6
610 2352 895 2418 θαλάττιος
927 2353 1020 2407 τοῦ
1043 2355 1319 2426 χερσαίου,
1356 2355 1388 2425 ἢ
1422 2357 1451 2408 6
1480 2357 1731 2425 χερσαῖος
1764 2354 2001 2424 ἔμπαλιν

408 2441 511 2496 τοῦ
543 2443 866 2497 θαλαττίουο
906 2445 994 2499 διὰ
1018 2446 1069 2500 τί
1110 2447 1237 2519 γὰρ,
1264 2448 1297 2516 ἢ
1336 2446 1475 2500 κατὰ
1493 2446 1613 2499 τίνα
1640 2446 1824 2514 λόγον,
1861 2445 1999 2500 Ἀλλ’

411 2535 477 2586 ὲν
516 2535 807 2605 ὁμοτίμοις
860 2538 1146 2609 πράγμασι
1186 2539 1279 2591 καὶ
1315 2536 1612 2608 διαφόροις,
1657 2538 1691 2607 ὴ
1748 2535 2001 2590 κοινωνία

410 2624 516 2695 τῆς
550 2627 819 2698 κλήσεως.
867 2628 1133 2682 Ἐνταῦθα
1167 2629 1222 2681 δὲ
1256 2629 1335 2700 τῷ
1371 2628 1491 2699 Θεῷ
1528 2630 1909 2700 παραζευγνὺς
1939 2629 2001 2683 τὸ

413 2718 740 2789 σεϐάσμιον,
765 2719 858 2770 καί
880 2719 941 2771 1:6
968 2720 1105 2790 ὑπὲρ
1130 2722 1308 2773 πᾶσαν
1331 2719 1518 2774 οὐσίαν
1541 2716 1679 2775 εἶναι
1704 2721 1796 2774 καὶ
1818 2721 2000 2790 φύσιν,

408 2808 443 2861 ὃ
472 2809 636 2878 μόνου
678 2809 813 2862 Θεοῦ
844 2811 937 2863 καὶ
962 2800 1125 2864 οἱονεὶ
1153 2810 1313 2878 φύσις
1340 2810 1612 2881 θεότητος,
1643 2808 1762 2865 εἶτα
1786 2812 1863 2882 τῷ
1890 2814 2001 2866 Πα-

405 2902 503 2969 τρὶ
526 2900 626 2969 μὲν
658 2900 816 2953 τοῦτο
838 2901 1037 2965 διδοὺς,
1064 2902 1154 2954 τὸν
1182 2901 1309 2955 Υἰὸν
1331 2901 1387 2954 δὲ
1407 2903 1724 2973 ἀποστερῶν
1752 2905 1845 2957 καὶ
1866 2904 2001 2957 ὑπο-

402 2990 606 3053 τιθεὶς,
632 2992 727 3043 καὶ
749 2990 818 3043 τὰ
842 2990 1069 3061 δεύτερα
1094 2991 1274 3063 νέμων
1296 2989 1446 3061 αύτῷ
1466 2990 1566 3061 τῆς
1594 2993 1759 3062 τιμῆς
1789 2991 1883 3044 καὶ
1903 2992 2001 3063 τῆς

405 3081 866 3150 προσκυνήσεως,
900 3080 1001 3133 κᾶν
1031 3082 1148 3145 ταῖς
1179 3080 1466 3144 συλλαϐαῖς
1489 3080 1687 3151 χαρίζῃ
1709 3081 1768 3133 τὸ
1796 3083 1999 3151 ὅμοιον,

404 3170 489 3241 τῷ
516 3170 808 3240 πράγματι
836 3170 933 3241 τὴν
963 3170 1193 3240 θεότητα
1216 3171 1585 3241 περικόπτεις,
1616 3171 1710 3225 καὶ
1741 3172 2001 3241 μεταϐαί-

406 3278 523 3325 νεις
553 3261 884 3330 κακούργως
910 3261 1018 3313 ἀπὸ
1049 3262 1146 3329 τῆς
1173 3260 1231 3313 τὸ
1258 3261 1370 3314 ἴσον
1400 3260 1629 3332 ἐχούσης
1659 3262 2001 3333 ὁμωνυμίας,

405 3350 503 3405 ἐπὶ
532 3350 634 3420 τὴν
668 3349 738 3402 τὰ
775 3349 850 3419 μὴ
881 3348 974 3402 ῖσα
999 3349 1343 3405 συνδέουσαν.
1380 3351 1540 3403 Ὥστε
1562 3353 1590 3404 6
1617 3350 1862 3421 γραπτός
1894 3368 1999 3415 σοι,

411 3446 510 3497 καὶ
542 3444 573 3495 6
612 3441 724 3506 ζῶν
752 3440 1038 3511 ἄνθρωπος
1070 3442 1291 3511 μᾶλλον,
1332 3441 1364 3512 ἢ
1397 3444 1445 3495 οἰ
1475 3442 1569 3495 τοῦ
1609 3442 2005 3512 ύποδείγματος

415 3535 579 3599 κύνες
606 3537 675 3605 τῇ
706 3532 924 3605 θεότητι
958 3533 1366 3605 πλησιάζουσιν.
1404 3536 1475 3587 Ἢ
1505 3535 1593 3598 δὸς
1765 3534 2004 3605 ἀμφοτέ-

430 3636 560 3690 ροις,
585 3619 777 3687 ὥσπερ
798 3632 897 3686 την
924 3618 1207 3670 κοινωνίαν
1224 3618 1325 3688 τῆς
1351 3617 1616 3690 κλήσεως,
1648 3620 1790 3673 οὕτω
1830 3620 1886 3672 δὲ
1916 3622 2011 3674 καὶ
2040 3609 2082 3664 C

430 3712 528 3781 τὴν
560 3711 843 3781 ὁμοτιμίαν
890 3709 999 3763 τῶν
1047 3708 1262 3778 φύσεων
1320 3752 1336 3776 ,
1478 3713 1528 3764 εἰ
1579 3712 1673 3765 καὶ
1717 3711 2007 3784 διαφόρους

424 3801 618 3865 ταύτας
645 3804 919 3872 εἰσάγεις·
955 3800 1052 3854 καὶ
1090 3801 1461 3866 καταλέλυκάς
1501 3820 1595 3855 σου
1638 3803 1763 3865 τοὺς
1813 3804 2002 3869 κύνας,

416 3890 509 3955 οὓς
544 3892 766 3964 ἐξεῦρες
797 3891 941 3947 κατὰ
968 3893 1067 3963 τῆς
1094 3894 1429 3964 ἀνισότητος.
1462 3895 1527 3947 Τί
1552 3895 1659 3966 γὰρ
1684 3895 1875 3965 ὄφελος
1903 3896 2003 3968 τῆς

411 3986 759 4055 ὁμωνυμίας,
793 3984 922 4038 εἰτὸ
961 3986 1201 4056 ἰσότιμον
1232 3985 1306 4057 μὴ
1337 3986 1512 4057 ἔχοιεν
1663 3990 1710 4039 οἰ
1727 3988 1877 4059 παρὰ
1904 3988 1999 4041 σοῦ

408 4076 804 4146 διαιρούμενοι.
849 4077 924 4129 Ού
981 4076 1090 4145 γάρ
1124 4078 1191 4130 ἵν’
1381 4079 1597 4149 ἰσότιμα
1640 4078 1839 4150 δείξῃς,
1887 4079 2001 4132 ἀλλ’

411 4166 499 4219 ἵνα
534 4166 850 4238 άνισότιμα,
888 4169 1026 4237 πρὸς
1056 4170 1156 4241 τὴν
1177 4170 1518 4241 ὁμωνυμίαν,
1552 4172 1646 4224 καὶ
1677 4174 1804 4237 τοὺς
1832 4170 2003 4235 κύνας

405 4259 742 4328 κατέφυγες.
772 4261 898 4325 Πῶς
927 4261 992 4315 ἄν
1013 4279 1095 4325 τις
1134 4262 1414 4336 ἐλεγχθείη
1451 4263 1672 4333 μᾶλλον,
1704 4264 1800 4318 καὶ
1823 4264 2002 4334 ἑαυτῷ

407 4350 746 4435 μαχόμενος,
777 4352 873 4405 καὶ
906 4353 1149 4424 θεότητι;

2110 2342 2307 2411 magis,
2337 2343 2562 2396 alteram
2592 2359 2712 2412 qua:
2745 2346 2924 2399 minus
2960 2346 3032 2399 sit
3058 2346 3111 2400 id
3151 2348 3292 2417 quod
3323 2364 3445 2403 esse
3470 2352 3687 2407 dicitur.

2109 2434 2297 2504 Neque
2326 2436 2471 2491 enim
2504 2437 2797 2506 quidquam
2836 2438 3185 2506 coniunctum
3226 2450 3330 2507 est,
3376 2443 3519 2510 quod
3553 2444 3692 2496 hanc

2112 2526 2243 2595 ipsis
2274 2525 2654 2581 necessitatem
2683 2526 2893 2581 aﬂ'erat.
2926 2527 3041 2582 Non
3087 2529 3235 2583 enim
3264 2530 3353 2585 hic
3381 2532 3534 2585 canis
3572 2549 3690 2586 ma-

2111 2618 2192 2687 gis
2224 2620 2380 2673 canis
2433 2627 2538 2683 est,
2590 2634 2751 2688 quam
2778 2619 2867 2674 ille
2919 2620 3096 2684 canis,
3152 2620 3255 2674 hoc
3282 2630 3387 2686 est,
3450 2624 3692 2677 marinus

2113 2711 2283 2781 magis
2310 2726 2473 2780 quam
2508 2713 2804 2779 terrestris,
2838 2713 2921 2767 vel
2949 2721 3166 2778 contra,
3203 2715 3485 2769 terre'stris
3519 2717 3691 2785 magis

2112 2816 2274 2870 quam
2310 2803 2595 2868 marinus;
2634 2819 2733 2859 cur
2784 2804 2951 2869 enim,
3001 2813 3096 2858 aut
3144 2819 3249 2873 qua
3308 2806 3556 2859 ratione?
3585 2807 3691 2862 Sed

2113 2895 2166 2949 in
2203 2896 2388 2961 rebus,
2433 2896 2666 2951 diversis
2705 2896 2922 2966 quidem
2950 2894 3080 2961 illis,
3114 2911 3302 2950 verum
3334 2896 3450 2964 pari
3485 2896 3694 2951 honore

2113 2986 2379 3055 praeditis,
2421 2988 2728 3042 cOmmunis
2764 2996 2847 3042 est
2876 2987 3191 3057 appellatio.
3249 2987 3348 3042 Hic
3373 3002 3528 3053 vero,
3565 3002 3688 3041 cum

2114 3077 2224 3134 Deo
2250 3079 2657 3133 venerationem
2682 3078 2969 3150 adjungas,
3011 3092 3248 3147 eumque
3273 3092 3436 3146 supra
3473 3091 3691 3132 omnem

2113 3169 2409 3223 essentiam
2445 3177 2500 3222 et
2527 3178 2775 3222 naturam
2805 3164 2926 3223 esse
2966 3169 3116 3223 dicas
3180 3168 3345 3239 (quod
3381 3167 3471 3221 Dei
3522 3166 3693 3220 solius

2114 3270 2218 3327 cst,
2253 3270 2308 3315 et
2366 3260 2514 3315 velut
2561 3261 2866 3316 divinitatis
2917 3260 3176 3331 natura),
3213 3275 3276 3314 ac
3322 3260 3514 3313 deinde
3544 3258 3690 3310 Patri

2114 3354 2331 3421 quidem
2385 3353 2489 3408 boc
2528 3353 2758 3418 tribuas,
2795 3354 2992 3408 Filium
3051 3361 3232 3407 autem
3273 3352 3490 3422 prives,
3531 3358 3693 3418 atque

2116 3446 2399 3514 subjicias,
2451 3447 2829 3515 secundasque
2870 3446 2947 3500 illi
3006 3446 3231 3499 honoris
3276 3453 3332 3498 ct
3363 3443 3697 3497 adorationis

2120 3549 2305 3605 partes
2334 3539 2602 3608 assignes,
2634 3541 2885 3608 quamvis
2930 3540 3223 3592 verborum
3254 3536 3478 3607 syllabis
3513 3551 3695 3604 arqua-

2114 3623 2319 3677 litatcm
2356 3625 2455 3693 ipsi
2482 3626 2753 3693 largiaris,
2795 3640 2853 3679 re
2882 3625 2993 3693 ipsa
3029 3631 3211 3678 tamen
3255 3624 3595 3679 divinitatem
3629 3627 3680 3679 ei

2116 3726 2386 3783 amputas,
2411 3730 2475 3769 ac
2504 3715 2828 3769 veteratorie
2847 3717 2914 3768 ah
2946 3715 3045 3769 hoc
3073 3714 3435 3784 bomonymia:
3457 3729 3681 3786 genere,

2112 3805 2255 3874 quod
2307 3804 2671 3875 tequalitatem
2735 3804 3140 3871 complectitur,
3198 3804 3264 3857 ad
3314 3818 3482 3873 genus
3547 3805 3679 3860 illud

2111 3898 2335 3961 transis,
2366 3897 2514 3966 quod
2574 3910 2661 3950 res
2713 3896 2951 3963 aequales
3005 3894 3227 3949 minime
3273 3896 3564 3950 connectit.
3601 3897 3681 3950 Ac

2107 3988 2356 4057 proinde,
2411 3996 2470 4041 ut
2524 3988 2749 4057 quidem
2785 3988 3152 4057 argumentari
3192 3985 3454 4051 instituis,
3503 3988 3684 4056 pictus

2110 4078 2199 4132 ille
2222 4092 2286 4131 ac
2316 4078 2471 4131 vivus
2504 4079 2689 4141 homo,
2738 4078 2804 4133 ad
2852 4077 3192 4131 divinitatem
3250 4078 3681 4132 adumbrandam

2109 4171 2332 4239 propius
2366 4172 2658 4237 accedunt,
2694 4185 2856 4240 quam
2887 4180 3073 4234 canes,
3098 4184 3235 4239 quos
3262 4170 3495 4238 exempli
3516 4185 3681 4224 causa

2108 4261 2463 4331 proposuisti.
2501 4261 2715 4330 Alioqui
2753 4262 2993 4332 utrique,
3043 4269 3103 4313 ut
3136 4275 3332 4315 nomen
3371 4275 3681 4327 commune,

2108 4351 2189 4407 sic
2222 4353 2385 4407 etiam
2417 4366 2600 4422 parem
2630 4361 2838 4406 naturae
2881 4351 3198 4421 dignitatem
3237 4353 3433 4417 tribue,
3467 4351 3684 4408 etiamsi

407 4444 665 4496 diversas
693 4456 787 4496 eas
822 4442 1072 4507 inducis;
1104 4454 1270 4512 atque
1307 4442 1380 4496 ita
1409 4459 1569 4498 canes
1594 4444 1712 4499 illos
1742 4454 1860 4498 tuos
1892 4441 2179 4505 deleveris,
2210 4455 2345 4509 quos
2403 4441 2468 4493 ad
2508 4442 2842 4508 probandam
2911 4440 3085 4493 Patris
3125 4455 3191 4494 ac
3258 4441 3379 4496 Filii
3438 4442 3684 4510 inaequa-

408 4532 627 4588 litatem

857 4534 1205 4604 eICOgitasti.
1261 4535 1390 4601 Quis
1435 4538 1581 4589 enim
1640 4533 1998 4605 homonymiae
2034 4532 2261 4593 fructus,
2286 4531 2330 4584 si
2368 4531 2629 4597 dignitate
2662 4544 2818 4597 pares
2878 4530 3005 4591 sint,
3038 4529 3186 4596 quia
3220 4537 3270 4583 te
3320 4531 3670 4587 dividuntur?

407 4626 519 4681 Nec
552 4627 721 4691 enim,
750 4637 808 4682 ut
859 4641 954 4682 eos
1005 4629 1207 4683 honore
1247 4629 1504 4698 aequales,
1530 4629 1624 4685 sed
1656 4637 1713 4682 ut
1742 4628 1988 4698 diSpares
2025 4622 2366 4685 ostenderes,
2420 4622 2487 4674 ad
2531 4620 2933 4689 homonymiam
2986 4619 3155 4683 illam,
3191 4628 3247 4673 et
3311 4636 3475 4674 canes
3538 4636 3675 4676 con-

411 4717 627 4786 fugisti.
690 4717 939 4783 Quonam
995 4719 1154 4774 modo
1218 4720 1486 4790 quispiam
1537 4720 1709 4789 magis
1745 4716 1994 4774 convinci
2036 4722 2222 4786 queat,
2255 4721 2305 4768 et
2330 4727 2512 4767 secum
2554 4712 2687 4780 ipse,
2725 4720 2930 4765 etcum
2955 4711 3236 4765 divinitate
3262 4714 3539 4781 pugnare?

640 4808 767 4862 Ἐάν
794 4809 853 4862 δὲ
886 4809 1153 4879 λεγόντων
1180 4812 1355 4882 ἡμῶν,
1390 4814 1472 4866 ὃτι
1502 4812 1578 4884 τῷ
1608 4812 1764 4883 αἰτίῳ
1801 4812 2001 4884 μείζων
2035 4812 2078 4865 D

407 4899 437 4949 6
476 4898 673 4970 Πατὴρ
697 4898 793 4951 τοῦ
822 4897 977 4964 Υίοῦ,
1010 4900 1409 4971 προσλαϐόντες
1430 4901 1551 4972 τὴν,
1578 4902 1651 4955 Τὸ
1683 4901 1740 4953 δὲ.
1912 4898 1999 4954 αί-

407 5004 525 5040 τιον
562 4988 745 5057 φύσει,
781 4989 1078 5059 πρότασιν
1129 4990 1338 5055 ἔπειτα,
1376 4990 1449 5043 T6
1485 4989 1671 5061 μεῖζον
1703 4990 1770 5061 τῇ
1814 4989 2001 5058 φύσει,

412 5080 746 5149 συνόιγωσιν⁸
793 5081 895 5134 οὐκ
928 5077 1045 5135 οἶδα
1083 5084 1311 5153 πότερον
1337 5083 1564 5145 ἑαυτοὺς
1606 5080 2000 5152 παραλογίζον-

407 5188 519 5237 ται,
548 5172 581 5240 ἢ
608 5173 738 5236 τοὺς
764 5171 901 5243 πρὸς
930 5171 1024 5237 οὓς
1048 5174 1077 5225 6
1098 5173 1276 5241 λόγος.
1304 5174 1377 5226 Ού
1401 5173 1509 5244 γὰρ
1528 5172 1714 5235 ἁπλῶς
1744 5209 1761 5234 ,
1898 5172 1999 5225 ὅσα

408 5264 551 5319 κατά
570 5280 716 5327 τινος
741 5262 981 5333 λέγεται,
1010 5263 1186 5318 ταῦτα
1211 5263 1304 5316 καὶ
1334 5264 1477 5317 κατὰ
1512 5263 1607 5317 τοῦ
1636 5263 1998 5334 ὑποκειμένου

354 5344 357 5345 ν
405 5354 580 5426 τούτῳ
613 5354 949 5427 ῥηθήσεται·
976 5353 1114 5408 ἀλλὰ
1155 5354 1311 5425 δῆλον
1355 5355 1495 5408 κατὰ
1519 5354 1681 5417 τίνος,
1717 5354 1813 5407 καὶ
1854 5355 1996 5408 τίνα.

419 5445 573 5499 Ἐπεὶ
596 5444 654 5501 τί
679 5443 879 5497 κωλύει
910 5443 1054 5514 κάμὲ
1079 5441 1286 5512 ταύτην
1314 5442 1575 5513 πρότασιν
1607 5442 1996 5512 ποιησάμενον,

405 5538 528 5609 τὴν,
578 5539 663 5592 ὅτι
704 5537 763 5590 ’0
797 5536 988 5607 Πατὴρ
1015 5534 1218 5606 μείζων
1239 5538 1305 5606 τῇ
1337 5534 1520 5604 φύσει,
1550 5533 1740 5587 ἔπειτα
1763 5532 2000 5604 προσλαο

406 5630 572 5684 δόντα
606 5630 689 5691 τὸ,
746 5628 910 5682 Φύσει
944 5630 1002 5683 δὲ
1032 5629 1093 5681 οὐ
1134 5627 1352 5691 πάντως
1390 5627 1591 5699 μείζων
1632 5625 1753 5679 οὐδὲ
1777 5626 1993 5695 Πατήρο

403 5721 659 5779 ἐντεῦθεν
695 5722 1049 5790 συναγαγεῖν·
1085 5720 1159 5774 T6
1222 5718 1406 5789 μεῖζον
1434 5720 1496 5772 ού
1533 5719 1749 5783 πάντως
1782 5715 1995 5785 μεῖζον·

2331 4806 2450 4861 Jam
2490 4806 2535 4859 si
2575 4804 2879 4859 dicentibus
2915 4805 3092 4868 nobis,
3142 4804 3387 4870 Patrem,
3416 4817 3681 4877 quantum

2110 4900 2177 4955 ad
2204 4914 2449 4961 causam,
2477 4896 2614 4951 Filio
2644 4894 2907 4966 majorem
2934 4910 3076 4960 esse,
3114 4895 3214 4964 ipsi
3258 4897 3399 4951 hanc
3432 4901 3677 4968 proposi-

2100 4990 2300 5044 tionem
2332 4998 2648 5042 assumant:
2675 4987 2744 5040 At
2766 5001 2928 5041 causa
2967 4996 3156 5040 natura
3184 5002 3197 5051 ;
3224 4997 3518 5057 posteaque
3545 5006 3680 5045 con-

2100 5081 2405 5137 clusionem
2442 5081 2584 5134 hanc
2644 5080 3013 5133 subuectant:
3056 5077 3197 5147 Ergo
3242 5078 3414 5146 major
3448 5090 3675 5146 natura;

2104 5173 2417 5236 ltaudscio,
2457 5172 2737 5237 seipsosne
2791 5170 2989 5238 potius,
3043 5186 3110 5223 an
3168 5183 3284 5233 eos,
3334 5185 3454 5223 cum
3482 5172 3681 5238 quibus

2099 5264 2402 5334 disputant,
2430 5264 2675 5333 captiosa
2732 5262 2835 5316 hac
2866 5262 3340 5331 argumentatione
3366 5260 3678 5317 circumve-

2104 5356 2275 5410 niant.
2311 5354 2496 5424 Neque
2526 5356 2672 5409 enim
2724 5353 3067 5424 simpliciter,
3118 5366 3451 5421 quaacunque
3485 5352 3549 5405 de
3576 5352 3678 5406 ali-

2099 5462 2206 5516 quo
2232 5448 2504 5511 dicuntur,
2541 5445 2709 5502 etiam
2732 5444 2797 5499 de
2821 5459 2910 5509 eo,
2944 5444 3086 5509 quod
3116 5443 3213 5511 ipsi
3243 5442 3547 5511 subjectum
3572 5452 3677 5510 est,

2100 5538 2397 5602 dicuntur;
2430 5537 2524 5591 sed
2584 5535 2926 5605 perspicuum
2972 5543 3054 5589 est
3091 5537 3313 5603 dequo,
3343 5541 3397 5586 et
3427 5547 3676 5601 quaenam

2100 5629 2371 5685 dicantur.
2431 5628 2647 5697 Alioqui
2698 5627 2829 5697 quid
2886 5627 3158 5694 prohibet,
3219 5623 3507 5692 quominus
3562 5623 3677 5690 ipse

2100 5735 2318 5791 quoque
2352 5720 2511 5775 allata
2563 5720 2667 5776 hac
2710 5717 3081 5794 propositione
3121 5733 3134 5770 :
3183 5714 3342 5770 Pater
3370 5711 3541 5781 major
3584 5727 3677 5767 na-
