4058 6440
387 373 500 436 575

1603 364 1999 427 EUTHYMII
2039 363 2320 426 ZIGABE
2337 363 2420 425 NI
3557 365 3623 426 57

460 480 557 534 Hic
587 479 754 544 enim,
779 495 940 549 quem
983 493 1127 534 nunc
1153 478 1487 548 aspernaris,
1509 479 1786 547 quondam
1817 486 1960 543 erat,

2142 468 2315 538 Οὗτος
2360 477 2470 545 γὰρ
2508 477 2536 528 6
2579 473 2676 529 νῦν
2739 493 2818 529 σοι
2861 477 3398 550 καταφρονούμενος,
3455 475 3522 551 ἦν
3571 483 3662 536 ὅτε

385 586 438 630 et
477 591 642 644 supra
687 585 741 630 te
774 585 892 630 erat
923 593 938 630 :
970 575 1060 645 qui
1097 590 1241 628 nunc
1283 576 1444 629 homo
1477 584 1584 636 est,
1611 575 1968 644 compositio-

387 670 468 722 nis
499 682 692 735 expers
730 676 866 720 erat.
901 665 1052 732 Quod
1090 675 1231 729 erat,
1267 666 1571 736 permansit
1602 682 1616 719 :
1653 666 1800 734 quod
1857 683 1966 719 non

389 770 528 825 erat,
569 761 883 829 assumpsit.
911 761 966 812 In
999 759 1264 828 principio
1297 759 1420 813 sine
1459 773 1624 813 causa
1658 767 1797 813 erat.
1829 757 1959 825 Quae

391 852 536 905 enim
606 850 700 904 Dei
755 865 920 905 causa
964 849 1145 904 aﬁ‘erri
1193 851 1396 922 queat?
1423 851 1494 905 At
1524 859 1712 920 postea
1754 865 1970 921 quoque

391 953 538 997 certa
575 942 643 996 de
669 958 832 998 causa
867 954 1024 999 natus
1069 953 1172 999 est.
1207 943 1284 998 Ea
1331 953 1512 999 autem
1558 955 1700 1010 erat,
1755 956 1814 1000 ut
1887 953 1968 1010 tu,

390 1036 630 1089 insolens
661 1051 724 1089 ac
759 1045 1032 1104 proterVe,
1065 1035 1299 1091 salutem
1355 1040 1811 1106 consequereris,
1876 1039 1968 1108 qui

387 1128 646 1182 deitatem
687 1128 892 1182 idcirco
925 1127 1254 1193 contemnis,
1299 1130 1426 1196 quia
1467 1131 1774 1184 crassitiem
1818 1140 1966 1184 tuam

386 1221 653 1288 suscepit,
681 1234 776 1289 per
798 1219 1176 1274 intermediam
1217 1229 1456 1276 mentem
1492 1236 1617 1276 cum
1651 1237 1816 1276 carne
1839 1239 1972 1278 con-

385 1313 630 1382 junctus,
657 1321 821 1380 atque
872 1310 1101 1366 inferior
1145 1311 1233 1366 hic
1281 1312 1448 1367 homo
1517 1312 1660 1369 Deus
1710 1313 1966 1378 eli'ectus,

394 1415 743 1472 posteaquam
776 1417 902 1458 cum
922 1403 1033 1459 Deo
1055 1404 1282 1469 coaluit,
1301 1405 1779 1475 praestantiorique
1805 1414 1960 1475 parte

2067 567 2163 620 καὶ
2191 565 2332 633 ὑπὲρ
2361 567 2421 619 σὲ
2453 561 2544 637 ἦν·
2581 568 2607 620 6
2630 566 2726 620 νῦν
2751 567 3064 637 ἄνθρωπος,
3111 571 3207 624 καὶ
3253 572 3550 637 ἀσύνδετος
3572 569 3664 644 ἦν.

2073 662 2139 713 '0
2174 659 2273 730 μὲν
2304 656 2395 731 ἦν,
2427 660 2719 729 διέμεινενο
2755 660 2782 713 ὂ
2808 660 2862 712 δὲ
2893 661 2994 713 ούκ
3021 657 3110 731 ἦν,
3153 663 3511 731 προσέλαϐεν.
3569 665 3668 720 Ἐν

2070 755 2216 825 ἀρχῇ
2267 750 2335 825 ἦν
2394 755 2679 817 ἀναιτίως·
2711 756 2793 817 τίς
2824 757 2933 824 γὰρ
2985 755 3134 809 αίτία
3174 756 3312 808 Θεοῦ
3345 773 3360 823 ;
3404 757 3539 810 ἀλλὰ
3572 760 3668 811 καὶ

2083 848 2309 918 ὕστερον
2351 847 2545 915 γέγονε
2606 847 2674 900 δι’
2707 848 2908 904 αἰτίαν.
2963 849 3027 901 Ἦ
3055 849 3110 900 δὲ
3140 845 3230 919 ἦν,
3266 849 3329 901 τὸ
3380 849 3438 902 σὲ
3494 849 3672 919 σωθῆι-

2081 958 2171 994 ναι
2204 941 2295 993 τὸν
2323 940 2612 1010 ὑϐριστὴν,
2646 939 2705 1002 ὃς
2736 940 2823 992 διὰ
2855 940 3014 992 τοῦτο
3036 943 3390 1009 περιφρονείς
3415 941 3668 1008 θεότητα,

2079 1037 2164 1088 ὅτι
2204 1035 2303 1102 τὴν
2333 1034 2433 1104 σὴν
2464 1033 2755 1102 παχύτητα
2779 1032 3127 1098 κατεδέξατο,
3189 1032 3278 1085 διὰ
3313 1033 3483 1101 μέσου
3547 1033 3669 1094 νοὸς

2079 1128 2347 1200 ὁμιλήσας
2384 1128 2570 1197 σαρκὶ,
2625 1127 2722 1178 καὶ
2781 1127 3078 1194 γενόμενος
3113 1125 3409 1194 ἄνθρωπος
3457 1126 3485 1176 6
3519 1125 3671 1178 κάτω

2078 1222 2233 1286 Θεὸς,
2279 1219 2471 1289 ἐπειδὴ
2510 1218 2891 1289 συνανεκράοη
2941 1218 3080 1287 Θεῷ,
3132 1219 3229 1271 καὶ
3295 1219 3521 1286 γέγονεν
3586 1213 3670 1281 εἷς

2077 1316 2168 1368 τοῦ
2205 1315 2512 1385 κρείττονος
2541 1314 2967 1383 ἐκνικήσαντος,
3009 1313 3097 1367 ἵνα
3123 1316 3374 1382 γένωμαι
3411 1314 3671 1367 τοσοῦτον

2077 1405 2216 1470 θεὸς,
2253 1406 2376 1458 ὅσον
2404 1405 2609 1465 ἐκεῖνος
2641 1404 2947 1472 ἄνθρωπος.

390 1510 709 1568 superante,
745 1513 886 1552 unus
909 1497 1085 1553 factus
1109 1507 1211 1563 est,
1246 1508 1304 1553 ut
1357 1501 1475 1568 ipse
1507 1515 1724 1570 quoque
1756 1510 1962 1554 tantum
2011 1499 2143 1554 deus
2167 1498 2390 1559 etliciar,
2417 1506 2680 1566 quantum
2713 1497 2804 1551 ille
2825 1499 3010 1552 homo.

497 1588 752 1657 Ejusdem
786 1593 838 1644 in
865 1591 1091 1647 eosdem.
1139 1591 1222 1644 Ea:
1258 1609 1298 1646 ll
1331 1595 1568 1646 oratione
1600 1594 1663 1646 de
1696 1591 1860 1648 Filio.

459 1746 596 1802 Illud
629 1749 849 1818 quidem
897 1764 1064 1803 unum
1098 1749 1230 1817 ipsis
1276 1750 1390 1804 fere
1444 1751 1499 1804 in
1551 1757 1800 1818 promptu
1835 1759 1918 1804 est
1951 1766 1969 1807 :

401 1834 656 1888 Dominus
673 1835 858 1886 creavit
877 1850 956 1886 me
971 1834 1280 1901 principium
1297 1833 1499 1885 uiarum
1511 1848 1723 1885 suarum
1738 1833 1808 1884 ad
1823 1849 1974 1898 apero

401 1941 498 1978 sua
553 1921 590 1978 '.
627 1923 723 1977 Cui
749 1933 1067 1993 argumento
1099 1939 1206 1994 quo
1253 1925 1471 1979 tandem
1526 1923 1686 1979 modo
1726 1939 1976 1979 occurre-

404 2013 564 2067 mus?
589 2011 728 2066 Num
763 2013 1106 2068 Salomonem
1139 2013 1563 2068 accusabimus?
1589 2012 1723 2066 Num
1748 2014 1976 2082 pristina

405 2104 574 2171 ipsius
608 2104 747 2158 dicta
781 2105 848 2158 ob
871 2113 1204 2172 po.~t.remum
1233 2105 1404 2172 ipsius
1453 2105 1656 2175 lapsum
1690 2105 1978 2173 abrogabi-

405 2197 569 2250 inus?
593 2196 730 2249 Num
765 2197 1046 2266 ipsiusmet
1075 2196 1355 2266 sapientia:
1375 2237 1390 2262 ,
1445 2212 1508 2251 ac
1539 2197 1687 2252 velut
1715 2196 1975 2262 scientim,

405 2285 743 2354 artiﬁcisque
761 2285 1012 2351 rationis,
1030 2285 1324 2340 secundum
1351 2301 1514 2354 quam
1556 2287 1736 2339 omnia
1763 2287 1979 2339 condita

405 2387 552 2438 sunt,
586 2377 724 2430 hunc
749 2391 1054 2430 sermonem
1083 2391 1206 2431 esse
1237 2377 1521 2431 dicemus?
1552 2375 1816 2444 Pleraque
1835 2378 1978 2430 enim

405 2479 470 2516 ex
503 2465 606 2526 bis,
643 2480 763 2530 quae
793 2465 976 2518 anima
1009 2472 1222 2528 carent,
1271 2464 1553 2534 Scriptura
1586 2479 1681 2533 per
1719 2477 1982 2531 prosopo-

408 2556 602 2623 paaiam
637 2554 909 2623 loquentia
971 2557 1232 2610 inducere
1296 2557 1603 2620 consuevit,
1629 2555 1781 2623 juxta
1815 2556 1978 2609 illud:

409 2642 560 2696 Mare
591 2644 702 2696 Iure
753 2655 908 2713 atque
933 2644 1029 2697 illa
1045 2646 1180 2698 dixit
1211 2647 1230 2676 ³
1262 2661 1276 2710 ;
1302 2654 1376 2711 et,
1410 2645 1641 2715 Abyssus
1663 2645 1796 2698 dixit
1823 2642 1983 2697 :Non

405 2743 479 2786 est
509 2734 562 2786 in
592 2750 674 2786 me
713 2737 734 2768 ³
767 2751 781 2801 ;
818 2745 893 2798 et,
923 2733 1053 2789 Coa-li
1101 2746 1350 2790 enarrant
1410 2735 1633 2805 gloriam
1671 2735 1766 2789 Dei
1807 2736 1875 2803 ‘;
1932 2743 1987 2788 et

412 2840 619 2888 rursus,
651 2825 871 2880 frameae
905 2826 1106 2895 aliquid
1151 2827 1448 2894 imperatur
1486 2826 1507 2857 ⁵
1529 2866 1544 2892 ,
1579 2837 1634 2882 et
1669 2835 1878 2880 montes
1922 2840 1986 2879 ac

2000 1578 2048 1638 Β
2085 1591 2194 1646 Τοῦ
2218 1590 2406 1644 αὐτοῦ
2448 1591 2595 1659 πρὸς
2639 1590 2785 1654 τοὺς
2833 1591 3058 1654 αὐτοὺς
3109 1589 3180 1643 ἐκ
3207 1588 3314 1643 τοῦ
3357 1587 3500 1656 περὶ.
3530 1588 3667 1642 Υίοῦ

2606 1659 2889 1729 δευτέρου
2919 1662 3129 1729 λόγου.

2158 1748 2318 1802 Ἔστι
2366 1748 2475 1818 γὰρ
2515 1750 2574 1802 ἐν
2611 1751 2712 1820 μὲν
2760 1751 2947 1813 αὐτοῖς
3001 1751 3180 1804 έκεῖνο
3236 1752 3331 1804 καὶ
3364 1748 3488 1804 λίαν
3524 1750 3666 1822 πρό-

2071 1845 2255 1900 χειρον
2273 1831 2353 1894 τὺ,
2386 1834 2602 1900 Κύριος
2631 1836 2835 1889 ἔκτισε
2855 1853 2932 1904 με
2962 1837 3162 1905 ἀρχὴν
3187 1838 3346 1892 ὁδῶν
3368 1838 3556 1894 αὐτοῦ
3580 1841 3670 1904 εἰς

2073 1915 2220 1985 ἔργα
2249 1919 2458 1973 αὑτοῦ.
2504 1921 2649 1991 Πρὸς
2679 1922 2707 1974 ὃ
2744 1922 2862 1986 πῶς
2894 1923 3354 1994 ἀπαντησόμεθα;
3390 1925 3466 1977 Οὐ
3513 1922 3670 1977 Σολο-

2075 2007 2286 2076 μῶντος
2333 2014 2821 2084 κατηγορήσομεν;
2882 2015 2944 2068 ού
2988 2014 3058 2067 τὰ
3114 2017 3245 2087 πρὶν
3304 2016 3666 2088 ἀθετήσομεν,

2075 2096 2163 2151 διὰ
2205 2099 2304 2170 τὴν
2343 2100 2656 2154 τελευταίαν
2709 2103 3110 2174 παράπτωσιν;
3163 2105 3284 2175 ούχὶ
3324 2106 3426 2176 τῆς
3477 2104 3670 2174 σοφίας

2075 2189 2244 2258 αὐτῆς
2273 2191 2506 2262 ἐροῦμεν
2544 2189 2684 2248 εἶναι
2735 2194 2827 2246 τὸν
2873 2194 3051 2263 λόγον,
3076 2196 3178 2266 τῆς
3208 2191 3320 2249 οἷον
3355 2197 3669 2268 ἐπιστήμης

2075 2278 2170 2332 καὶ
2197 2278 2290 2332 τοῦ
2316 2283 2559 2350 τεχνίτου
2761 2284 2940 2353 λόγου,
2982 2285 3106 2339 καθ’
3142 2286 3202 2338 ὃν
3228 2286 3298 2340 τὰ
3331 2285 3510 2339 πάντα
3544 2303 3671 2338 συν-

2077 2369 2243 2441 ἐστη;
2302 2373 2482 2426 Πολλὰ
2513 2375 2622 2447 γὰρ
2655 2377 2687 2447 ἡ
2733 2377 2925 2449 Γραφὴ
2954 2382 3388 2449 προσωποποιεῖν
3428 2374 3534 2430 οἶδε
3575 2379 3671 2431 καὶ

2075 2463 2184 2516 τῶν
2209 2464 2451 2534 ἀψύχων.
2474 2467 2546 2530 ὡς
2563 2467 2641 2532 τὺ,
2659 2469 2729 2521 Ἦ
2755 2467 3040 2523 θάλασσα
3070 2465 3200 2523 εἷπε
3219 2469 3360 2522 τάδε
3382 2469 3477 2523 καὶ
3505 2469 3667 2524 τάδε.

2077 2552 2208 2614 Καὶ,
2249 2554 2321 2606 Ἡ
2351 2554 2623 2623 ἄϐυσσος
2651 2552 2821 2609 εἶπεν
2845 2573 2858 2585 ·
2897 2559 3019 2611 Οὐκ
3056 2558 3226 2611 ἔστιν
3256 2558 3325 2610 ἐν
3348 2558 3479 2627 ἐμοί
3503 2575 3518 2588 ·
3550 2559 3668 2620 καὶ,

2084 2643 2150 2693 Οἱ
2183 2643 2427 2708 οίιραινοὶ
2459 2643 2840 2715 διηγούμενοι
3014 2647 3203 2711 δόξαν
3226 2647 3393 2701 Θεοῦ.
3423 2649 3534 2700 Καὶ
3565 2648 3674 2701 πά-

2076 2730 2162 2783 λιν
2196 2733 2442 2804 ῥομφαίᾳ
2482 2753 2535 2788 τι
2581 2735 2979 2804 διακελεύεται,
3009 2738 3104 2790 καὶ
3128 2738 3226 2809 ὅρη
3263 2738 3358 2790 καὶ
3382 2737 3560 2808 βουνοί
3591 2739 3674 2792 λό-

2076 2839 2208 2892 γους
2256 2823 2572 2894 ἐρωτῶνται
2607 2828 2967 2898 σκιρτήσεως.
3016 2826 3233 2880 Τούτων
3265 2826 3419 2879 οὐδέν
3464 2845 3669 2896 φαμεν,

409 2914 574 2968 colles
602 2915 978 2969 exsultationis
1030 2916 1051 2946 ⁶
1101 2931 1322 2970 causam
1363 2927 1752 2986 exposcuntur.
1780 2916 1980 2971 ﬂorum

2080 2913 2126 2965 εἰ
2155 2911 2250 2966 καί
2274 2930 2382 2966 τισι
2412 2914 2522 2966 τῶν
2559 2914 2665 2986 πρὸ
2694 2914 2858 2986 ιήμῶν
2884 2915 2959 2978 ὡς
2994 2915 3189 2986 ἰσχυρὰ
3226 2914 3484 2968 τέθειται.
3530 2915 3672 2968 Ἀλλ’

411 3003 543 3057 nihil
575 3005 820 3072 proferre
848 3005 998 3069 libet,
1031 3006 1248 3061 etiamsi
1278 3007 1481 3077 alioqui
1521 3026 1549 3063 a
1594 3009 1864 3064 nonnullis
1895 3024 1986 3062 eo-

419 3112 562 3161 rum,
595 3097 686 3165 qui
714 3107 840 3151 ante
865 3113 964 3152 nos
1003 3100 1352 3168 exstiterunt,
1381 3115 1478 3169 pro
1512 3101 1682 3156 iirn‘iis
1713 3113 1766 3156 et
1795 3101 1985 3157 validis

415 3187 580 3242 allata
613 3199 762 3241 sunt.
798 3188 902 3242 Sed
934 3189 1124 3243 demus
1155 3189 1257 3244 hoc
1313 3206 1442 3245 sane
1467 3191 1764 3246 Szilvatoris
1791 3193 1980 3262 ipsius,

415 3278 516 3331 hoc
546 3287 649 3343 est,
688 3293 830 3333 verae
857 3278 1170 3346 Sapientiae,
1206 3281 1321 3334 lucc
1343 3283 1505 3335 verba
1536 3296 1679 3339 esse.
1700 3281 1832 3336 Illud
1853 3298 1981 3337 vero

415 3369 812 3439 aliquantisper
842 3386 945 3424 una
977 3371 1406 3426 consideremus.
1449 3372 1586 3438 Quid
1637 3383 1722 3430 est
1760 3390 1824 3428 ex
1863 3389 1982 3428 om-

417 3459 576 3513 nibus
594 3461 753 3514 rebus
769 3463 908 3528 quod
940 3476 1119 3516 causae
1152 3463 1222 3517 sit
1253 3465 1485 3532 expers?
1518 3466 1796 3520 Divinitas.
1819 3467 1988 3521 Nemo

413 3548 558 3602 enim
590 3559 695 3612 est,
732 3550 820 3618 qui
854 3549 944 3604 Dei
981 3567 1197 3606 causam
1223 3554 1404 3608 dicere
1621 3568 1783 3625 queat
1813 3573 1826 3612 :
1854 3558 1987 3611 alio-

414 3639 506 3707 qui
538 3639 589 3691 id
624 3638 735 3695 Deo
764 3642 1042 3710 antiquius
1067 3653 1231 3697 esset.
1265 3642 1397 3708 Qute
1423 3653 1601 3724 autem
1630 3647 1986 3705 humanitatis

415 3745 446 3782 a
473 3730 582 3784 Deo
630 3740 849 3799 propter
906 3745 1005 3786 nos
1060 3745 1325 3802 susceptae
1367 3750 1531 3791 causa
1564 3739 1812 3792 exstitit?
1850 3739 1987 3794 Pro-

416 3822 558 3877 fecto
589 3831 646 3874 ut
687 3822 842 3877 nobis
899 3823 1048 3878 salus
1099 3835 1402 3893 pararetur.
1463 3827 1601 3894 Quid
1659 3831 1803 3884 etiim
1845 3833 1987 3886 aliud

415 3927 590 3966 causa:
626 3913 806 3967 aﬂ‘erri
840 3914 1052 3982 possit?
1075 3914 1215 3984 Ergo
1259 3918 1514 3985 quoniam
1565 3920 1652 3975 hic
1687 3932 1892 3990 aperte,
1933 3935 1990 3978 et

415 4003 634 4066 creavit,
683 4011 738 4056 et
767 4004 932 4072 gignit
979 4022 1082 4070 me,
1145 4009 1470 4074 reperimus,
1518 4009 1619 4063 hoc
1674 4011 1990 4080 simpliciter

415 4092 986 4150 dictum'censeamus.
1013 4095 1165 4161 Quod
1202 4085 1345 4150 enim
1381 4113 1501 4151 cum
1544 4114 1708 4154 causa
1767 4103 1990 4172 conjun-

417 4193 564 4235 etum
628 4181 957 4245 invenimus,
984 4183 1034 4235 id
1087 4183 1408 4238 humanitati
1464 4187 1844 4257 assignandum
1870 4201 1985 4245 est:

417 4273 560 4339 quod
617 4280 800 4326 autem
853 4273 1080 4342 simplex
1121 4289 1408 4345 causasque
1460 4293 1681 4347 expers,
1719 4281 1986 4335 divinitati

419 4363 820 4417 ascribendum.
848 4363 964 4433 Age
991 4364 1175 4434 igitur,
1233 4382 1410 4422 annon
1452 4370 1579 4422 illud
1603 4410 1620 4435 ,
1654 4374 1870 4438 creavit,
1901 4375 1992 4428 ad-

418 4469 608 4507 nexam
665 4470 880 4510 causam
937 4456 1136 4510 habet?
1183 4455 1392 4513 Creavit
1449 4462 1592 4515 enim
1649 4478 1752 4526 me,
1793 4463 1986 4531 inquit,

412 4546 735 4614 principium
759 4551 962 4603 uiarum
1015 4567 1233 4606 suarum
1281 4554 1350 4606 ad
1380 4569 1537 4621 opera
1576 4570 1673 4608 sua
1741 4556 1784 4612 ⁷.
1813 4554 1990 4625 Opera

416 4648 597 4690 autem
629 4639 818 4706 ipsius,
847 4643 1048 4697 veritas
1080 4654 1133 4696 et
1154 4643 1416 4712 judicium
1470 4649 1518 4712 ⁸,
1562 4661 1790 4715 quorum
1817 4662 1979 4699 causa

2079 3003 2219 3056 ἔστω
2242 3005 2336 3057 τοῦ
2361 3006 2613 3076 Σωτῆρος
2641 3006 2829 3064 αὑτοῦ.
2861 3007 2959 3075 τῆς
2986 3005 3244 3076 ἀληθινῆς
3270 3006 3488 3074 Σοφίας,
3524 3008 3551 3059 6
3583 3006 3676 3059 λό-

2079 3109 2194 3159 γος.
2251 3094 2461 3164 Μικρὸν
2506 3093 2562 3146 δὲ
2610 3093 3164 3164 συνδιαπεψώμεοα·
3214 3095 3280 3146 Τί
3329 3094 3437 3147 τῶν
3502 3094 3674 3147 ὄντων

2081 3183 2319 3239 ἀναίτιον
2340 3203 2354 3249 ;
2378 3184 2600 3254 Θεότης.
2622 3185 2811 3248 Οὐδεὶς
2831 3185 2942 3256 γὰρ
2965 3186 3144 3239 αἰτίαν
3165 3189 3340 3239 εἰπεῖν
3364 3185 3477 3257 ἔχει
3499 3185 3637 3239 Θεοῦ
3659 3203 3674 3216 ·

2081 3277 2114 3349 ἢ
2146 3276 2302 3330 τοῦτο
2330 3277 2396 3330 ἂν
2423 3277 2506 3347 εἴη
2538 3276 2672 3329 Θεοῦ
2716 3276 3106 3348 πρεσϐύτερον.
3136 3277 3232 3340 Τίς
3254 3277 3309 3329 δὲ
3335 3277 3437 3346 τῆς
3465 3276 3678 3348 ἀνθρω-

2081 3369 2337 3440 πότητος,
2360 3369 2426 3438 ἣν
2455 3369 2520 3421 δι’
2546 3369 2691 3438 ἡμᾶς
2743 3369 2951 3438 ὑπέστη
2978 3369 3131 3431 Θεὸς,
3162 3369 3310 3422 αἰτία
3334 3385 3348 3432 ;
3389 3369 3462 3420 Τὸ
3496 3367 3673 3434 σωθῆ-

2082 3477 2170 3514 ναι
2200 3461 2418 3522 πάντως
2585 3461 2752 3530 ἡμᾶς.
2806 3460 2870 3512 Τί
2907 3459 3015 3529 γὰρ
3042 3460 3231 3532 ἓτερον
3257 3476 3270 3524 ;
3319 3458 3533 3529 Ἐπειδὴ
3561 3457 3672 3508 τοί-

2081 3567 2179 3604 νυν
2209 3551 2464 3612 ἐνταῦοα,
2515 3551 2610 3604 καὶ
2649 3551 2710 3602 τὸ
2737 3551 2964 3614 ἔκτισε,
2998 3551 3094 3604 καὶ
3141 3551 3202 3603 τὸ
3243 3549 3429 3620 γεννᾷ
3449 3565 3546 3618 με,
3577 3565 3674 3600 σα-

2084 3641 2200 3711 φῶς
2226 3641 2576 3712 εύρίσκομεν,
2603 3641 2808 3703 ἁπλοῦς
2829 3643 2858 3693 6
2892 3640 3072 3708 λόγος.
3108 3642 3174 3691 Ὃ
3201 3641 3298 3710 μὲν
3326 3640 3392 3692 ἂν
3417 3639 3558 3710 μετὰ
3579 3639 3684 3708 τῆς

2085 3734 2266 3796 αἰτίας
2294 3732 2663 3803 εὑρίσκωμεν,
2708 3731 3040 3803 προσθῶμεν
3088 3733 3154 3801 τῇ
3199 3731 3616 3800 ἀνθρωπότητι”
3652 3730 3683 3782 ὃ

2082 3825 2140 3878 δὲ
2170 3824 2375 3878 ἁπλοῦν
2405 3824 2500 3878 καὶ
2523 3823 2786 3886 ἀναίτιον,
2816 3826 2880 3893 τῇ
2912 3822 3127 3892 Θεότητι
3156 3820 3526 3891 λογισώμεθα.
3553 3817 3682 3889 Ἆρ’

2085 3909 2178 3968 οῦν
2235 3915 2297 3966 οὐ
2341 3913 2404 3966 τὸ
2451 3913 2552 3984 μὲν
2602 3912 2846 3965 ἔκτισεν
2890 3912 3109 3982 εἴρηται
3147 3912 3286 3982 μετὰ
3337 3912 3436 3981 τῆς
3462 3911 3680 3973 αἰτίαςς

2091 4007 2336 4060 Ἔκτισε
2375 4007 2484 4076 γάρ
2533 4021 2630 4073 με,
2682 4007 2867 4073 φησιν,
2920 4000 3126 4071 ἀρχὴν
3159 4002 3317 4056 ὁδῶν
3366 4001 3552 4056 αὑτοῦ
3593 4003 3684 4066 εις

2088 4098 2233 4168 ἔργα
2261 4099 2470 4153 αὑτοῦ.
2517 4099 2694 4167 Ἔργα
2736 4096 2791 4149 δὲ
2829 4096 3030 4167 χειρῶν
3079 4094 3267 4158 αὑτοῦ,
3317 4093 3542 4164 ἀλήθεια
3585 4093 3684 4144 καὶ

2015 4229 2058 4282 D
2087 4193 2291 4263 κρίσις,
2331 4185 2404 4244 ὧν
2433 4190 2620 4244 ἕνεκεν
2653 4189 2878 4260 ὲχρίσθη
2906 4189 3138 4282 θεότητι.
3171 4187 3366 4258 Χρίσις
3389 4185 3496 4282 γὰρ
3539 4186 3682 4282 αῦτη

2087 4285 2186 4355 τῆς
2242 4280 2688 4353 ἀνθρωπότητος.
2741 4280 2815 4332 Τὸ
2862 4279 2919 4332 δὲ
2941 4277 3125 4347 γεννᾷ
3147 4295 3244 4348 με,
3297 4278 3467 4348 χωρὶς
3499 4277 3698 4340 aii-ria;-

2079 4373 2113 4443 ἢ
2329 4372 2499 4438 δεῖξόν
2531 4391 2584 4426 τι
2617 4373 2793 4442 τούτῳ
2843 4372 3263 4442 προσκείμενον.
3298 4371 3396 4433 Τίς
3426 4365 3518 4423 οὖν
3548 4370 3684 4421 ἀντ-

2088 4469 2205 4537 ερεῖ
2236 4467 2413 4535 λόγος,
2460 4467 2665 4538 κτίσμα
2701 4467 2798 4538 μὲν
2857 4465 3115 4532 λέγεσθαι
3159 4462 3256 4534 τὴν
3293 4462 3506 4530 σοφίαν,
3539 4459 3682 4512 κατὰ

2088 4558 2186 4629 τὴν
2227 4557 2379 4611 κάτω
2413 4557 2686 4628 γέννησιν,
2742 4557 2990 4626 γέννημα
3019 4557 3095 4620 δὲ,
3150 4554 3292 4608 κατὰ
3326 4553 3423 4624 τὴν
3458 4551 3683 4624 πρώτην

2092 4652 2190 4706 καὶ
2219 4651 2381 4703 πλέον
2419 4650 2661 4716 ἄληπτον
2676 4665 2691 4715 ;

407 4728 694 4783 divinitate
743 4730 1018 4785 delibutus
1035 4742 1140 4788 est.
1169 4731 1293 4799 Haec
1320 4733 1466 4785 enim
1503 4732 1858 4785 humanitatis
1894 4732 2081 4784 unctio
2115 4741 2219 4786 est.
2245 4731 2315 4786 At
2337 4730 2494 4794 illud,
2526 4731 2695 4799 gignit
2729 4745 2831 4792 me,
2863 4745 3085 4784 causam
3119 4747 3224 4785 non
3255 4732 3431 4785 habet.
3467 4727 3696 4798 Alioqui

408 4821 637 4875 ostende
672 4823 932 4890 quidnam
965 4825 1065 4894 ipsi
1097 4822 1414 4891 adjunctum
1435 4825 1528 4878 sit.
1559 4823 1695 4888 Quis
1726 4821 2121 4892 igiturinﬁcias
2160 4823 2281 4887 ibit,
2313 4823 2443 4889 quin
2474 4822 2765 4888 sapientia,
2795 4822 3095 4877 secundum
3131 4822 3446 4877 inferiorem
3469 4823 3692 4890 quidem

409 4915 814 4980 generationem
864 4929 1069 4983 creata,
1107 4919 1403 4973 secundum
1439 4929 1619 4972 autem
1658 4920 1894 4984 primum
1934 4917 2078 4968 illam
2107 4918 2389 4985 magisque
2425 4917 3040 4982 incmuprcbensibilem
3071 4917 3250 4986 genita
3305 4916 3568 4970 dicatur?

482 5007 622 5060 Huic
653 5007 800 5060 velut
832 5008 1236 5063 consectarium
1292 5019 1397 5072 est,
1456 5009 1600 5078 quod
1666 5009 1831 5061 etiam
1869 5022 1986 5059 ser-

408 5115 511 5154 vus
541 5100 746 5153 dicitur
777 5101 820 5164 ’,
863 5111 918 5155 et
974 5101 1160 5155 multis
1197 5101 1335 5155 bene
1375 5101 1623 5154 serviens
1679 5099 1724 5130 ’°
1757 5117 1771 5163 ;
1827 5099 1991 5151 illud—

408 5207 516 5260 que
547 5191 697 5256 item,
729 5193 874 5261 quod
920 5208 1174 5262 magnum
1235 5202 1401 5259 atque
1471 5192 1710 5260 amplum
1761 5192 1861 5261 ipsi
1915 5195 1987 5245 sit

407 5281 603 5338 Filium
639 5281 731 5336 Dei
766 5282 944 5337 vocari
977 5284 1042 5336 ιι.
1085 5281 1238 5337 Haud
1287 5281 1452 5336 dubie
1483 5283 1682 5351 quippe
1716 5283 1892 5340 carni,
1935 5293 1990 5336 et

407 5376 744 5447 generationi
764 5415 780 5442 ,
810 5384 864 5430 et
902 5373 1286 5430 aﬂ‘ectiouibus
1331 5375 1557 5439 nostris,
1587 5375 1859 5431 libertatis
1891 5393 1989 5432 no-

406 5480 533 5524 δικ-ω
563 5483 730 5524 causa
769 5469 1015 5534 servivit,
1046 5483 1110 5523 ac
1133 5469 1371 5538 denique
1423 5469 1681 5525 omnibus
1717 5468 1845 5538 illis,
1883 5485 1984 5539 per

481 5681 499 5710 ¹
535 5678 694 5734 Prov.
728 5695 846 5742 vm,
878 5681 967 5734 22.
1044 5682 1064 5712 '
1096 5679 1200 5737 Job
1253 5697 1446 5748 xxvul,
1509 5682 1595 5736 14.
1677 5680 1696 5713 ³
1733 5682 1864 5736 ibid.
1945 5681 1966 5712 ⁸
1992 5683 2139 5736 Psal.
2177 5701 2326 5746 xvut,
2393 5686 2443 5738 l.

411 5745 431 5778 ⁷
462 5746 620 5803 Prov.
668 5765 784 5818 vui,
817 5754 910 5806 “2‘2.
985 5751 1008 5782 ⁸
1061 5753 1203 5808 l’sal.
1245 5769 1335 5819 cx,
1372 5745 1442 5806 7.’
1503 5756 1522 5786 ⁹
1555 5751 1658 5809 lsa.
1696 5768 1843 5817 χιιι,
1870 5752 1921 5808 6.

2080 5755 2177 5812 lsa.
2223 5745 2336 5822 LIII,
2376 5757 2456 5810 li.

2168 5006 2355 5075 Τούτῳ
2404 5005 2460 5057 δὲ
2531 5007 2724 5058 ἕπεται
2779 5009 2873 5059 καὶ
2924 5005 3005 5072 τὸ,
3066 5005 3257 5058 δοῦλον
3330 5008 3552 5059 ἀκούειν
3629 5006 3691 5060 εὗ

2097 5097 2417 5149 δουλεύοντα
2449 5099 2683 5162 πολλοῖς.
2748 5100 2862 5152 Καὶ
2914 5100 2998 5166 τὸ,
3035 5101 3180 5168 μέγα
3212 5099 3352 5152 εἶναι
3377 5100 3527 5168 αὐτῷ
3556 5101 3692 5167 κλη-

2101 5191 2259 5257 Οῆναι
2294 5192 2464 5244 Παῖδα.
2511 5191 2668 5245 Θεοῦ.
2732 5192 2819 5262 Τῷ
2847 5193 2961 5246 ὄντι
3007 5193 3113 5261 γὰρ
3161 5193 3440 5246 ἐδούλευσε
3495 5195 3688 5262 σαρκὶ,

2101 5289 2192 5336 καὶ
2257 5289 2494 5350 γενέσει,
2551 5287 2647 5338 καὶ
2685 5286 2883 5341 πάθεσι
2927 5290 3041 5348 τοῖς
3095 5289 3414 5358 ἡμετέροις,
3464 5289 3553 5340 διὰ
3591 5289 3694 5356 τὴν

2096 5377 2374 5447 ἡμετέραν
2426 5375 2767 5444 ἐλευθερίαν,
2801 5377 2897 5430 καὶ
2940 5377 3107 5428 πᾶσιν
3167 5372 3249 5440 οἷς
3311 5379 3552 5432 σέσωκεν
3577 5381 3692 5433 ὑπὸ

2091 5470 2187 5539 τῆς
2219 5470 2495 5543 ἁμαρτίας
2522 5471 2936 5541 κατεχομένοις.
2985 5470 3052 5525 Τί
3083 5471 3139 5524 δὲ
3168 5470 3354 5540 μεῖζον
3396 5472 3690 5543 ἀνθρώπου

2520 5685 2541 5716 ⁸
2583 5684 2751 5739 Zacb.
2812 5702 2954 5754 xm,
3013 5689 3098 5745 17.

3181 5689 3199 5720 ⁸
3236 5686 3383 5744 Psal.
3436 5703 3601 5756 CXIII,
3630 5685 3687 5742 4.

2542 5758 2579 5788 “
2614 5757 2741 5812 Luc.
2775 5774 2811 5823 ι,
2840 5758 2930 5813 '55.
