4058 6400
404 341 503 403 5ἷ7

1382 348 1763 410 PANOPLIA
1802 350 2261 417 DOGMATICA.
2285 378 2355 391 --
2384 355 2533 417 ΤΙΤ.
2568 357 2677 416 XI.

3553 367 3657 431 578

403 457 774 525 ταπεινότητι,
805 456 837 526 ἢ
870 457 990 527 Θεῷ
1020 456 1319 527 πλακῆναι,
1356 461 1449 512 καὶ
1474 462 1729 528 γενέσθαι
1748 462 1880 517 Θεὸν
1910 465 1975 517 ὲκ

2090 482 2199 536 qua;
2226 482 2341 533 eos,
2374 469 2520 536 quia
2556 478 2782 537 peccato
2830 468 3243 539 detinebantur,
3293 475 3347 529 in
3418 476 3649 534 salutent

401 548 501 615 τῆς
529 546 752 617 μίξεως,
788 551 884 602 καὶ
912 549 1167 603 τοσοῦτον
1198 554 1597 622 ὲπισκεφθῆναι
1636 555 1892 625 Ἀνατολῇ
1925 558 1986 622 ἐξ

402 640 593 708 ὕψους,
616 640 758 693 ὥστε
787 642 882 694 καὶ
907 642 966 693 τὸ
999 642 1335 711 γεννώμενον
1371 647 1527 711 ἅγιον
1561 644 1688 698 Υίδν
1729 647 1983 717 Ὑψίστου

402 734 693 803 κληθῆναι,
748 735 845 787 καὶ
901 735 1222 804 χαρισθῆναι
1276 737 1425 807 αὑτῷ
1505 738 1678 808 ὄνομα
1734 740 1793 792 τὸ
1845 741 1984 810 ὑπὲρ

401 829 509 880 πᾶν
534 826 705 896 ὄνομα
732 842 747 893 ;
802 827 972 881 Τοῦτο
1000 828 1055 879 δὲ
1084 827 1135 879 τί
1204 847 1333 882 ποτε
1387 830 1513 884 ἄλλο
1544 832 1691 883 ἐστὶν
1726 833 1757 903 ἢ
1799 834 1984 899 Bede;

402 921 509 974 K11.
541 922 621 984 τὸ,
664 922 773 973 πᾶν
824 924 953 988 γόνυ
1009 920 1222 990 κάμψαι
1273 922 1349 992 τῷ
1381 924 1669 976 κενωθέντι
1711 924 1778 977 δι’
1808 927 1975 995 ήμᾶς,

403 1014 493 1067 καὶ
528 1013 628 1080 τὴν
657 1012 809 1065 θείαν
832 1013 1017 1066 εἰκόνα
1046 1015 1267 1084 δουλικῇ
1319 1019 1502 1085 μορφῇ
1554 1019 1976 1087 συγκεράσαντι,

401 1105 495 1157 καὶ
531 1103 755 1171 γνῶναι
779 1104 975 1161 πάντα
1003 1105 1173 1159 οἷκον
1200 1107 1464 1173 Ἰσραὴλ,
1508 1108 1600 1162 ὅτι
1642 1109 1741 1162 καί
1761 1111 1981 1177 Κύριον

404 1197 589 1252 αὐτὸν
620 1196 720 1250 καὶ
755 1199 1013 1266 Χριστὸν
1037 1202 1070 1252 d
1095 1198 1238 1265 Θεὸς
1262 1200 1574 1267 ἐποίησεν.
1634 1200 1824 1267 Γέγονε
1868 1203 1977 1272 γὰρ

402 1288 570 1343 ταῦτα
634 1289 885 1358 ἐνεργείᾳ
926 1288 1025 1357 μὲν
1054 1288 1147 1341 τοῦ
1177 1292 1532 1359 γεννήματος,
1558 1286 1775 1362 εὐδοκίᾲ
1799 1292 1856 1345 δὲ
1884 1293 1977 1345 τοῦ

402 1384 743 1450 γεννήτορος.

2086 559 2339 612 asseruit.
2371 559 2507 625 Quid
2546 569 2723 613 autem
2767 562 2941 628 majus
2990 572 3044 616 et
3071 565 3519 622 honoriﬁcentius
3553 578 3653 623 Ito-

2086 650 2249 705 minis
2283 651 2572 705 humilitati
2603 654 2919 721 contingere
2936 666 3121 720 queat,
3150 671 3309 724 quam
3346 658 3456 712 Deo
3486 676 3658 729 copu-

2084 741 2206 806 lari,
2233 751 2395 809 atque
2418 755 2482 796 ex
2518 743 2610 796 illa
2641 743 2897 799 mistione
2937 746 3107 799 Deum
3140 748 3300 809 elﬁci,
3336 758 3658 820 tantumque

2084 820 2151 887 ab
2173 832 2394 887 Oriente
2430 850 2497 887 ex
2525 835 2634 888 alto
2658 836 2864 889 visituri
2895 838 2933 917 ξ,
2965 836 3169 890 utillud
3198 840 3357 892 etiam
3385 854 3655 908 sanctum,

2086 927 2232 994 quod
2267 926 2615 995 gignebatur,
2648 927 2912 981 Altissimi
2966 928 3133 983 Filius
3170 941 3461 985 vocaretur
3494 933 3537 997 ',
3563 947 3660 987 eo-

2086 1032 2191 1084 que
2229 1017 2452 1070 nomine
2476 1018 2790 1077 donaretur.
2844 1019 2988 1086 quod
3018 1028 3095 1072 est
3154 1035 3317 1089 super
3369 1036 3530 1075 onme
3560 1037 3658 1076 no-

2088 1122 2211 1161 men
2244 1108 2305 1160 ‘?
2350 1108 2504 1172 Quod
2536 1123 2696 1176 porro
2724 1108 2866 1162 aliud
2924 1125 3117 1162 nomen
3154 1111 3297 1163 illud
3335 1122 3440 1178 est,
3488 1128 3654 1180 quam

2092 1198 2488 1267 Deus?Atque
2532 1198 2695 1263 istud,
2724 1214 2883 1251 omne
2938 1214 3074 1267 genu
3128 1212 3252 1255 ante
3300 1216 3423 1255 eum
3474 1203 3659 1255 llecta-

2086 1300 2172 1342 tur
2218 1289 2262 1354 ’⁵,
2288 1292 2380 1357 qui
2416 1300 2598 1344 nostra
2632 1305 2794 1344 causa
2825 1292 3137 1346 exinanitus
3177 1303 3283 1353 est,
3314 1308 3376 1345 ac
3410 1294 3655 1346 divinam

2091 1381 2381 1448 imaginem
2416 1383 2599 1436 servili
2627 1383 2817 1437 forma:
2841 1384 3148 1454 conjunxit,
3204 1386 3442 1454 sciatque
3484 1387 3657 1437 omnis

407 1474 591 1527 donius
620 1473 809 1536 Israel,
846 1478 971 1543 quia
1003 1486 1050 1529 et
1088 1477 1369 1531 Dominum
1403 1494 1520 1533 eum
1588 1489 1635 1531 et
1668 1476 1934 1531 Christum
1955 1474 2077 1546 fecit
2107 1472 2249 1529 Deus
2283 1476 2324 1528 '.
2382 1475 2508 1529 Haec
2536 1476 2680 1529 enim
2711 1476 2883 1531 factus
2913 1487 3019 1540 est,
3070 1491 3233 1544 opera
3266 1477 3482 1545 quidem
3538 1478 3656 1547 ejus

408 1577 497 1645 qui
539 1575 758 1645 genitus
789 1582 893 1635 est,
926 1574 1065 1627 bona
1096 1584 1275 1628 autem
1302 1576 1587 1630 voluntate
1614 1575 1895 1644 genitoris.

471 1666 734 1734 Δεύτερον
785 1663 841 1717 δὲ
883 1665 936 1718 τί
967 1665 1074 1717 τῶν
1128 1665 1399 1735 μεγίστων
1451 1666 1634 1729 αὑτοῖς
1692 1664 1787 1717 καὶ
1840 1663 1986 1733 ἀμά-

2165 1662 2305 1729 Quid
2361 1662 2602 1717 secundo
2668 1662 2811 1728 loco,
2887 1671 3141 1731 tanquam
3216 1661 3438 1715 maximi
3498 1672 3659 1730 atque

404 1767 513 1819 χων
542 1767 556 1814 ;
594 1753 685 1803 Δεῖ
715 1751 823 1822 γὰρ
868 1751 1028 1804 αὑτὸν
1066 1751 1367 1819 βασιλεύειν
1418 1753 1545 1823 ἄχρι
1570 1751 1739 1816 τοῦδε,
1770 1752 1861 1805 καὶ
1892 1752 1984 1806 ὑπ’

2098 1749 2281 1802 invicti
2313 1748 2590 1815 cujusdam
2624 1753 2855 1815 roboris,
2888 1756 3212 1823 opponunt?
3256 1757 3480 1823 Oportet
3519 1761 3662 1815 enim

403 1842 634 1912 ούρανοῦ
662 1843 913 1913 δεχθῆναι
948 1844 1075 1913 ἄχρι
1111 1845 1314 1913 χρόνων
1347 1845 1857 1909 ἀποκαταστάσεως,
1892 1846 1985 1899 καὶ

405 1934 502 2005 τὴν
536 1936 600 1987 ὲκ
647 1934 837 1999 δεξιῶν
878 1935 1143 2005 καθέδραν
1177 1935 1339 2005 ἔχειν,
1383 1936 1487 2000 ἕως
1512 1938 1611 2007 τῆς
1638 1936 1745 1990 τῶν
1774 1938 1985 2008 ἐχθρῶν

407 2026 841 2096 ὲτιικρατήσεως.
879 2028 951 2079 Τὸ
987 2028 1123 2097 μετὰ
1154 2028 1310 2081 τοῦτο
1340 2028 1397 2082 δὲ
1428 2029 1480 2081 τί
1506 2046 1520 2094 ;
1563 2030 1735 2099 Λῆξαι
1761 2031 1857 2100 τῆς
1888 2030 1984 2100 βα-

410 2118 630 2183 σιλείας,
658 2118 689 2188 ἢ
720 2119 831 2171 τῶν
864 2119 1108 2190 οὐρανῶν
1149 2120 1446 2190 ἀποστῆναι
1500 2135 1516 2183 ;

407 2190 689 2277 σοντοςξῆ
722 2207 789 2259 δι’
836 2208 1024 2277 ἥντινα
1059 2208 1157 2278 τὴν
1200 2208 1378 2261 αἰτίαν
1432 2229 1446 2275 ;
1600 2208 1687 2271 Ὠς
1713 2210 1984 2280 τολμηρὸς

403 2294 679 2365 ἐξηγητὴς
893 2296 978 2358 σὺ,
1027 2297 1120 2347 καὶ
1152 2296 1270 2349 λίαν
1316 2296 1665 2357 ἀϐασίλευτος
1690 2300 1701 2350 !
1729 2299 1835 2350 Kal.
1880 2300 1983 2368 μὴν

401 2387 623 2448 ἀκούεις
675 2386 776 2455 τῆς
815 2385 1088 2455 βασιλείας
1118 2387 1281 2440 αὑτοῦ
1326 2389 1397 2458 μὴ
1429 2384 1565 2441 εἶναι
1596 2389 1786 2459 πέρας.
1826 2389 1985 2442 Ἀλλὰ

402 2476 561 2529 τοῦτο
585 2477 835 2546 πάσχεις,
892 2478 1041 2548 παρὰ
1070 2478 1131 2530 τὸ
1165 2479 1237 2549 μὴ
1281 2478 1586 2546 γινώσκειν,
1622 2480 1701 2532 ὅτι
1733 2479 1813 2544 τὸ,
1852 2480 1981 2545 ἓως,

402 2568 466 2619 οὑ
494 2568 715 2630 πάντως
762 2568 1079 2638 ἀντιδιαιρεῖ
1103 2568 1180 2638 τῷ
1235 2568 1497 2638 μέλλοντι,
1554 2570 1689 2623 ἀλλὰ
1729 2571 1788 2624 τὸ
1823 2572 1985 2641 μέχρι

408 2658 509 2727 μὲν
542 2658 696 2710 τοῦδε
749 2697 765 2719 ,
896 2658 1114 2728 τίθησιι
1178 2659 1237 2712 τὸ
1269 2660 1407 2729 ὑπὲρ
1457 2659 1616 2713 τοῦτο
1782 2662 1858 2727 δὲ,
1886 2665 1985 2715 οὐκ

402 2748 705 2801 ἀναίνεται.
745 2748 815 2799 Ἢ
852 2747 969 2809 πῶς
1002 2750 1235 2818 νοήσεις,
1283 2749 1368 2801 ἵνα
1398 2749 1469 2820 μὴ
1500 2750 1666 2804 τᾶλλα
1691 2750 1854 2818 λέγω,
1888 2752 1980 2804 τό·

405 2836 665 2902 Ἐσομαι
690 2836 820 2903 μεθ’
845 2834 1007 2903 ὑμῶν
1033 2836 1143 2901 ἓως
1184 2836 1293 2904 τῆς
1337 2839 1696 2902 συντελείας
1728 2838 1834 2892 τοῦ
1853 2839 1986 2891 αἰῶ-

399 2941 545 2989 νος;
574 2920 701 2994 τΑρ’
728 2924 802 2986 ὡς
858 2926 994 2994 μετὰ
1034 2925 1193 2977 τοῦτο
1250 2927 1349 2977 οὐκ
1397 2925 1478 2979 ἔτι
1675 2928 1978 2997 ἐσομένου;

1667 2122 1821 2184 Τίνος
1847 2122 1985 2173 παύ-

398 3014 511 3067 Kal
544 3013 630 3075 τίς
650 3015 677 3065 ὁ
703 3013 888 3081 λόγος;
922 3014 995 3066 Οὐ
1042 3014 1200 3081 μόνον
1232 3014 1309 3077 δὲ,
1343 3014 1479 3067 ἀλλὰ
1503 3015 1596 3068 καὶ
1626 3018 1775 3087 παρὰ
1818 3017 1879 3068 τὸ
1909 3016 1983 3087 μὴ

394 3107 630 3177 διαιρεῖν
681 3105 753 3158 τὰ
787 3105 1175 3176 σημαινόμενα.
1234 3105 1547 3160 Βασιλεύειν
1588 3106 1696 3177 γὰρ
1746 3107 1980 3174 λέγεται,
2009 3090 2050 3145 (λ

396 3200 521 3253 καθ’
583 3198 644 3251 ἓν
675 3198 794 3268 μὲν,
844 3197 919 3259 ώς
952 3196 1372 3266 Παντοκράτωρ,
1429 3199 1523 3250 καὶ
1570 3198 1847 3262 θελόντων,
1889 3198 2017 3250 καὶ.

400 3287 496 3355 μὴ,
530 3284 784 3355 βασιλεὺς
807 3301 819 3313 ·
853 3282 971 3335 καθ’
998 3283 1182 3352 ἕτερον
1222 3283 1299 3345 δὲ,
1333 3283 1407 3346 ὡς
1450 3285 1688 3355 ἐνεργῶν
1716 3287 1814 3355 τὴν
1852 3286 1984 3338 ὑπο-

395 3375 573 3444 ταγὴν
631 3410 647 3431 ,
815 3373 910 3425 καὶ
943 3372 1046 3424 ὑπὸ
1088 3373 1186 3441 τὴν
1247 3373 1438 3425 ἑαυτοῦ
1489 3373 1763 3442 βασιλείαν
1814 3375 1981 3439 τιθεὶς

396 3467 569 3533 ἡμᾶς,
596 3463 824 3524 ἑκόντας
848 3461 1167 3530 δεχομένους
1188 3461 1251 3512 τὸ
1301 3461 1698 3530 βασιλεύεσθαι.
1741 3465 1851 3533 Τῆς
1883 3464 1981 3532 μὲν

403 3550 492 3603 οῧν
525 3553 749 3612 ἐκείνως
771 3550 1068 3619 νοουμένης
1126 3550 1400 3619 βασιλείας
1424 3552 1523 3603 οὑκ
1574 3551 1724 3604 ἔσται
1765 3552 1939 3622 πέρας
1962 3569 1977 3582 ·

411 3644 506 3706 τῆς
529 3641 783 3710 δευτέρας
810 3639 888 3702 δὲ,
910 3639 964 3692 τί
1014 3652 1030 3702 ;
1191 3641 1263 3693 Τὸ
1297 3642 1478 3693 λαϐεῖν
1504 3643 1651 3711 ἡμᾶς
1687 3642 1790 3694 ὑπὸ
1822 3648 1978 3713 χεῖρα

419 3728 757 3799 σωζομένους.
961 3728 1025 3780 Τί
1054 3729 1162 3800 γὰρ
1191 3730 1272 3783 δεῖ
1302 3731 1400 3802 τ’ὴν
1434 3732 1707 3803 ὑποταγὴν
1736 3736 1978 3805 ἐνεργεῖν

412 3818 855 3888 ὑποτεταγμένων
880 3834 895 3883 ;
924 3820 1057 3871 Μεθ’
1092 3821 1157 3891 ἢν
1183 3821 1464 3875 ἀνίσταται
1498 3824 1697 3894 κρίνων
1716 3824 1816 3895 τὴν
1847 3825 1974 3894 γῆν,

406 3908 496 3960 καὶ
515 3907 735 3978 διαιρῶν
759 3906 820 3959 τὸ
848 3907 1170 3978 σωζόμενον,
1204 3910 1299 3963 καὶ
1326 3913 1386 3964 τὺ
1414 3912 1783 3983 ἀπολλύμενον
1807 3932 1819 3944 ·
1858 3916 1974 3984 μεθ’

398 3999 466 4066 ἢν
526 4000 741 4052 ἵσταται
789 4000 922 4062 Θεὸς
971 4001 1028 4053 ἐν
1077 4002 1224 4072 μέσῳ
1277 4002 1434 4068 θεῶν,
1481 4004 1588 4058 τῶν
1632 4006 1971 4075 σωζομένων,

396 4087 691 4157 διακρίνων
723 4088 818 4140 καὶ
847 4088 1192 4151 διαστέλλων,
1223 4090 1365 4155 τίνος
1415 4092 1643 4157 ἕκαστος
1678 4096 1841 4165 τιμῆς
1880 4096 1976 4148 καὶ

397 4185 571 4251 μονῆς
592 4181 760 4245 ἄξιος.

2100 1839 2243 1893 illum
2273 1854 2500 1909 regnare
2546 1842 2566 1871 ‘
2610 1841 2715 1894 huc
2749 1859 2937 1912 usque,
2970 1855 3019 1898 et
3048 1861 3076 1898 a
3108 1849 3247 1900 cado
3270 1851 3468 1918 suscipi
3498 1866 3668 1920 usque

2097 1930 2163 1982 ad
2220 1931 2583 1985 restitutionis
2637 1938 2954 2000 tempora’,
3012 1946 3065 1987 et
3098 1951 3125 1987 a
3179 1938 3378 1990 dextris
3411 1942 3661 2001 Sedere",

2099 2019 2267 2073 donec
2300 2020 2482 2075 hostes
2546 2022 2596 2074 in
2636 2031 2955 2089 potestatem
3008 2027 3298 2095 redegerit.
3348 2028 3485 2093 Quid
3539 2045 3667 2083 vero

2097 2112 2325 2177 postea?
2359 2112 2637 2179 Regnandi
2696 2112 2854 2166 finem
2907 2114 3107 2177 iacere,
3168 2126 3259 2167 aut
3311 2133 3340 2169 e
3397 2119 3549 2171 cmlis
3574 2134 3667 2172 ex-

2095 2200 2343 2263 pelli?Et
2370 2202 2644 2269 quisnam,
2702 2202 2953 2265 obsecro,
2999 2220 3118 2257 eum
3169 2220 3199 2259 e
3248 2222 3411 2275 regno
3451 2207 3668 2271 t-jiciet?

2094 2291 2202 2342 Aut
2232 2306 2392 2358 quam
2436 2291 2503 2343 ob
2531 2290 2791 2344 causam?
2841 2291 3010 2355 Quam
3054 2294 3227 2347 audax
3271 2308 3558 2348 enarrator
3585 2313 3663 2358 es,

2096 2381 2427 2447 nimiumque
2461 2396 2490 2433 a
2524 2383 2668 2449 regio
2714 2381 2841 2449 jugo
2887 2384 3215 2436 abhorrens!
3250 2386 3315 2436 At
3348 2387 3492 2453 regni
3525 2387 3664 2439 illius

2095 2474 2295 2526 nullum
2340 2476 2497 2525 linem
2554 2476 2573 2504 ’
2767 2473 2882 2526 fore
2954 2474 3125 2527 audis.
3182 2475 3375 2528 Verum
3411 2478 3522 2530 haec
3565 2478 3657 2530 tibi

2092 2562 2296 2617 erroris
2319 2577 2479 2615 Causa
2505 2570 2607 2625 est,
2639 2564 2780 2629 quod
2829 2580 2931 2616 non
2983 2565 3236 2634 intelligis
3271 2565 3407 2619 banc
3448 2581 3657 2633 vocem,

2094 2649 2200 2712 ἓως
2258 2650 2331 2720 (id
2387 2661 2488 2714 est,
2535 2656 2760 2720 usque),
2803 2668 2911 2704 non
2968 2666 3179 2719 semper
3209 2652 3387 2705 futuro
3431 2655 3657 2721 tempori

2092 2743 2309 2808 opponi,
2349 2742 2441 2794 sed
2469 2742 2539 2794 ita
2565 2740 2902 2807 interiectum
2933 2753 3143 2809 tempus
3174 2752 3433 2806 statuere,
3479 2752 3535 2796 ut
3581 2744 3659 2796 in-

2095 2834 2251 2886 terim
2283 2847 2516 2901 sequens
2542 2842 2751 2901 tempus
2801 2849 2906 2885 non
2960 2832 3227 2887 excludat.
3272 2831 3403 2885 Nam
3440 2834 3540 2886 nisi
3585 2835 3657 2889 ita

2092 2941 2180 2980 res
2202 2941 2261 2979 se
2285 2926 2500 2989 habeat,
2531 2940 2762 2993 quonam
2790 2928 2947 2978 modo
2993 2924 3142 2987 illud,
3178 2934 3236 2978 ut
3285 2925 3384 2978 alia
3438 2935 3660 2993 ρατιον-

2089 3031 2233 3081 eam,
2272 3016 2531 3085 intelliges
2564 3035 2577 3069 :
2617 3015 2725 3069 Ero
2756 3016 3019 3069 vobiscum
3045 3033 3204 3087 usque
3233 3018 3301 3069 ad
3327 3033 3659 3070 consumma-

2089 3108 2277 3161 tionem
2299 3107 2479 3160 swculi
2500 3107 2578 3161 ὀἳ
2616 3107 2694 3159 An
2732 3107 2886 3175 quasi
2929 3116 3111 3172 postea
3167 3108 3384 3160 minime
3443 3106 3657 3161 futurus

2090 3199 2202 3253 sit?
2227 3199 2289 3251 Et
2324 3213 2442 3265 qua:
2478 3199 2590 3251 haec
2622 3198 2760 3249 ratio
2801 3197 2978 3249 esset?
3020 3195 3126 3248 Nec
3176 3212 3300 3249 vero
3350 3197 3449 3249 hac
3484 3197 3656 3251 solum

2090 3292 2156 3345 de
2179 3305 2339 3345 causa
2373 3290 2423 3342 in
2454 3303 2693 3343 errorem
2726 3284 2918 3341 incidis
2939 3327 2954 3350 ,
3011 3286 3104 3340 sed
3138 3287 3298 3339 etiam
3331 3287 3455 3354 quia
3489 3288 3658 3355 signi—

2091 3384 2368 3436 ﬁcationes
2398 3383 2540 3450 ipsas
2573 3397 2676 3433 nou
2734 3382 3043 3447 distinguis.
3088 3378 3339 3446 Regnare
3380 3381 3522 3432 enim
3561 3380 3656 3431 du-

2093 3474 2215 3542 plici
2244 3473 2654 3531 mododicitur,
2707 3486 2835 3532 uno,
2882 3482 2936 3522 ut
2965 3470 3336 3537 Omnipotens,
3389 3484 3449 3520 ac
3479 3469 3655 3521 volen-

2092 3564 2221 3615 tium
2249 3563 2655 3628 nolentiumque
2688 3559 2802 3613 Rex
2832 3577 2844 3612 :
2876 3560 3064 3620 altero.
3095 3571 3150 3612 ut
3188 3560 3572 3627 subjuclinumu
3605 3560 3655 3610 in

2088 3652 2244 3705 nobis
2270 3653 2513 3720 gignens,
2544 3661 2595 3704 et
2642 3650 2741 3704 sub
2792 3650 3072 3717 imperium
3111 3666 3263 3701 suum
3304 3666 3365 3701 ac
3398 3649 3655 3701 ditionem

2087 3758 2184 3797 nos
2219 3745 2482 3811 redigens,
2510 3752 2693 3809 utpote
2729 3744 2816 3806 qui
2854 3742 3099 3792 lubenter
3125 3741 3294 3807 ipsius
3326 3754 3485 3807 regno
3519 3739 3653 3792 colla

2090 3833 2479 3885 submittimus.
2509 3831 2662 3898 Quod
2687 3845 2814 3899 ergo
2843 3832 2905 3883 ad
2931 3831 3163 3897 priorem
3201 3829 3650 3895 significationem

2086 3924 2294 3985 attinet,
2330 3923 2477 3990 regni
2505 3923 2671 3990 ipsius
2700 3922 2819 3974 linis
2848 3921 3023 3973 nullus
3047 3920 3169 3973 erit.
3192 3918 3342 3984 Quod
3379 3929 3557 3970 autem
3585 3918 3652 3970 ad

2085 4012 2395 4076 secundam,
2426 4012 2545 4078 quis
2574 4012 2681 4063 erit
2713 4008 2871 4061 linis?
2894 4005 2965 4061 Ut
2997 4021 3095 4060 nus
3149 4005 3423 4071 subjectos
3448 4014 3651 4065 teneat,

2084 4109 2385 4168 servetque.
2429 4100 2565 4166 Quid
2617 4101 2757 4153 enim
2811 4113 2945 4167 opus
3000 4096 3103 4151 erit
3149 4095 3539 4164 subjectionem
3599 4093 3652 4145 in

2085 4193 2238 4244 nobis
2271 4192 2471 4252 moliri,
2502 4206 2620 4243 cum
2650 4191 2758 4255 jam
2793 4190 2894 4257 ipsi
2932 4187 3153 4253 subjecti
3182 4182 3652 4249 fuerimus?Quod

403 4275 696 4336 postquam
731 4266 995 4331 eﬂ‘ecerit,
1018 4277 1363 4324 surrecturus
1390 4278 1473 4325 est
1506 4269 1595 4325 ad'
1608 4270 1870 4338 judicium
1899 4269 1965 4323 de
1992 4278 2135 4323 terra
2169 4270 2467 4329 ferendum.
2499 4279 2554 4323 et
2588 4274 2950 4327 secernendos
2977 4285 3071 4325 eos
3119 4269 3213 4336 qui
3255 4269 3480 4324 salutem
3512 4283 3648 4323 conc

398 4372 734 4429 sequuntur,
775 4364 844 4417 ab
875 4365 941 4417 iis
969 4367 1056 4432 qui
1086 4374 1311 4433 pereunt
1340 4381 1355 4427 ;
1400 4366 1673 4432 stabitque
1700 4366 1841 4418 Deus
1882 4368 1934 4419 in
1966 4366 2146 4419 medio
2178 4367 2406 4420 deorum
2446 4366 2512 4427 “,
2543 4367 2645 4419 hoc
2676 4376 2778 4427 est,
2816 4368 3094 4421 beatorum
3126 4368 3432 4426 hominum,
3476 4376 3535 4419 ut
3562 4366 3650 4419 di-

390 4456 606 4526 j-idicet
647 4470 710 4508 ac
734 4455 1054 4525 distinguat,
1090 4474 1195 4524 quo
1227 4460 1454 4525 quisque
1482 4457 1707 4511 honoris
1740 4459 1930 4523 gradu,
1960 4472 2177 4528 quaque
2216 4456 2496 4509 tuamiune
2528 4457 2721 4521 dignus
2751 4459 2838 4510 sit.

475 4545 669 4616 Τούτῳ
724 4548 965 4600 σύναπτε
999 4552 1092 4601 καὶ
1122 4551 1221 4617 τὴν
1264 4549 1564 4618 ὑποταγὴν,
1625 4549 1693 4616 ἢν
1751 4549 1984 4601 ὑποτάσ-

2158 4547 2294 4599 lluic
2347 4546 2734 4612 subjectiouem
2790 4562 3006 4615 quoque
3046 4548 3201 4601 istam
3234 4547 3487 4617 adjunge,
3548 4563 3654 4614 qua

399 4654 520 4700 σεις
554 4637 633 4706 τῷ
691 4637 867 4706 Πατρὶ
900 4638 991 4689 τὸν
1046 4637 1192 4691 Υίόν.
1258 4636 1322 4690 Τί
1373 4637 1575 4705 λέγεις,
1626 4639 1701 4697 ώς
1736 4637 1830 4689 νῦν
1890 4639 1988 4707 οὐχ

398 4728 850 4796 ὑποτεταγμένον
877 4744 893 4793 ;
948 4730 1128 4781 Δεῖται
1184 4728 1241 4782 δὲ
1301 4728 1437 4791 ὅλως
1498 4730 1835 4797 ὑποταγῆναι
1869 4729 1988 4797 Θεῷ

423 4817 557 4877 Θεὸς
591 4815 711 4882 t‘bv;
759 4816 849 4878 Ὠς
880 4817 1011 4886 περὶ
1040 4818 1238 4889 λῃστοῦ
1275 4835 1441 4883 τινος,
1491 4818 1521 4887 ἢ
1556 4819 1824 4885 ἀντιθέου,
1858 4820 1985 4887 ποιῇ

398 4908 500 4976 τὴν
556 4907 735 4973 λόγον.
798 4907 940 4959 Ἀλλ’
966 4906 1109 4960 οὕτω
1152 4909 1368 4961 σκόπει·
1424 4910 1507 4961 δτι
1541 4909 1729 4978 ὥσπερ
1764 4909 1979 4971 κατάρα

402 5000 603 5067 ἤκουσε
658 4999 726 5051 δι’
768 5000 893 5068 ἐμὲ,
951 5003 979 5052 ὁ
1024 4999 1121 5071 τὴν
1172 5000 1309 5069 ἐμὴν
1362 4999 1503 5053 λύων
1568 5000 1838 5070 κατάραν·
1889 5001 1984 5052 καὶ

402 5094 672 5163 ἁμαρτία,
702 5096 729 5145 ὁ
762 5096 934 5163 αῖρων
967 5094 1065 5162 τὴν
1118 5094 1401 5165 ἁμαρτίαν
1453 5093 1550 5146 τοῦ
1607 5095 1834 5163 κόσμου·
1889 5092 1984 5144 καὶ

414 5187 589 5255 Ἀδὰμ
613 5186 736 5238 ἀντὶ
768 5185 861 5237 τοῦ
899 5184 1129 5238 παλαιοῦ
1182 5186 1393 5253 γίνεται
1439 5184 1576 5247 νέος·
1625 5185 1767 5237 οὑτω
1800 5185 1895 5237 καὶ
1928 5184 1986 5235 τὸ

401 5278 538 5345 ἐμὸν
560 5277 937 5330 ἀνυπότακτον
979 5278 1171 5329 ἑαυτοῦ
1210 5279 1468 5340 ποιεῖται,
1525 5274 1600 5337 ώς
1631 5276 1843 5344 κεφαλὴ
1892 5274 1986 5327 τοῦ

404 5367 606 5428 παντὸς
626 5366 901 5436 σώματος.
930 5367 1074 5428 Ἕως
1105 5368 1203 5436 μὲν
1232 5366 1324 5421 οὖν
1348 5366 1724 5428 ἀνυπότακτος
1760 5367 1870 5433 ἐγὼ
1896 5367 1991 5419 καλ⁸

406 5458 735 5529 στασιώδης,
765 5463 833 5531 τῇ
866 5476 925 5512 τε
955 5460 1182 5531 ἀρνήσει
1223 5459 1316 5513 τοῦ
1353 5460 1511 5525 Θεοῦ,
1559 5461 1655 5515 καὶ
1686 5463 1797 5523 τοῖς
1821 5461 1994 5515 πάθε-

480 5653 775 5712 ‘ibid.78.
852 5656 1158 5713 'ibid.52.
1237 5654 1493 5725 'Philipp

408 5724 434 5755 ⁸
461 5724 602 5778 Psal.
646 5742 751 5786 cu.
796 5728 846 5780 l.
923 5730 943 5758 ⁸
966 5729 1099 5782 Luc.
1127 5744 1162 5793 ι,
1200 5727 1287 5780 52.
1368 5726 1411 5757 ιο
1444 5729 1632 5785 Matth.
1661 5743 1852 5793 xxvm,
1882 5728 1974 5783 20.

412 5794 458 5826 “
486 5794 529 5849 ll
551 5797 679 5853 Cor.
725 5812 779 5865 ν,
810 5798 875 5852 21
978 5800 1022 5831 ¹⁵
1054 5798 1077 5853 Ι
1108 5798 1234 5853 Cor.
1266 5814 1354 5861 ιν,
1378 5795 1465 5850 ιε.

2085 4626 2275 4693 Filium
2319 4636 2468 4688 Patri
2521 4636 2764 4701 subjicis.
2820 4638 2963 4701 Quid
3015 4638 3114 4700 ais,
3150 4641 3302 4704 quasi
3360 4642 3471 4706 jam
3510 4653 3656 4692 nunc

2082 4730 2360 4795 subjectus
2392 4742 2497 4778 non
2527 4729 2598 4780 sit
2628 4727 2715 4779 “1’
2741 4728 2845 4778 Atil
2872 4729 3035 4780 etiam
3073 4728 3299 4779 omnino
3323 4743 3455 4795 opus
3486 4738 3566 4780 est
3594 4737 3657 4782 ul.

2087 4821 2197 4874 Deo
2238 4819 2581 4886 subjiciatur,
2619 4818 2706 4885 qui
2740 4827 2792 4869 et
2822 4818 2937 4883 ipse
2981 4816 3119 4869 Deus
3160 4818 3280 4869 est?
3308 4818 3447 4883 Ergo
3496 4820 3652 4886 quasi

2085 4914 2150 4966 de
2179 4911 2391 4963 latrone
2421 4911 2676 4975 quodam,
2707 4916 2799 4959 aut
2832 4905 2923 4958 Dei
2967 4907 3141 4968 hoste,
3175 4907 3334 4959 verba
3366 4906 3519 4961 facis.
3556 4908 3658 4963 Ve-

2089 5018 2207 5054 rum
2234 5004 2302 5052 ita
2340 5014 2452 5053 rem
2485 5001 2747 5067 expende.
2778 4996 3243 5061 Quemadmodum
3302 5000 3495 5050 salutis
3527 5014 3659 5051 mea:

2089 5110 2253 5148 causa
2288 5095 2631 5147 maledictum
2657 5100 2875 5145 vocatus
2906 5101 2988 5143 est
3023 5091 3088 5153 “,
3108 5090 3197 5158 qui
3220 5090 3656 5143 maledictionem

2093 5201 2266 5239 meam
2297 5186 2459 5239 solvit
2493 5200 2508 5251 ;
2552 5194 2604 5238 et
2634 5192 2941 5251 peccaturo,
3005 5184 3092 5251 qui
3130 5181 3311 5233 mundi
3375 5191 3657 5248 peccatum

2093 5276 2235 5331 delet
2267 5276 2345 5342 “;
2374 5291 2437 5331 ac
2470 5292 2566 5344 pro
2586 5276 2750 5328 veteri
2781 5276 3006 5339 Adamo,
3034 5287 3202 5326 novus
3225 5270 3463 5325 Adamus
3488 5271 3661 5324 elﬁci-

2095 5375 2185 5420 tur
2211 5368 2253 5399 "
2286 5385 2299 5421 :
2335 5368 2398 5420 ad
2433 5370 2678 5422 eumdem
2701 5381 2917 5435 quoque
2939 5365 3158 5419 modum
3181 5362 3579 5417 contumaciam
3606 5369 3660 5412 et

2099 5460 2451 5515 rebellionem
2485 5474 2660 5513 meam
2687 5459 2788 5514 sibi
2827 5458 3065 5523 asciscit,
3096 5466 3155 5511 ut
3191 5456 3356 5511 totius
3411 5453 3661 5523 corporis

1499 5698 1512 5711 .
1546 5671 1607 5715 ιι.
1653 5658 1706 5711 9.
1782 5657 1804 5688 ⁸
1836 5655 1963 5711 ibid.

2166 5659 2186 5689 '
2226 5658 2348 5711 Act.
2382 5671 2441 5719 ιι,
2502 5654 2591 5708 36.
2670 5654 2689 5684 ⁸
2722 5654 2742 5704 l
2774 5653 2897 5706 Cor.
2923 5651 3118 5717 ",25.
3194 5651 3214 5684 '
3270 5656 3385 5705 Act.
3444 5665 3522 5714 ιιι,
3561 5648 3655 5702 21.

2062 5730 2099 5759 ¹¹
2131 5727 2276 5783 Psal.
2313 5742 2499 5788 Luxu,
2531 5727 2581 5779 1.

2631 5723 2838 5779 "lCor.
2874 5736 2962 5787 xv,
2993 5722 3082 5776 28.
3162 5723 3205 5753 ³³
3233 5724 3407 5779 Galut.
3441 5737 3525 5785 ιιι,
3574 5721 3660 5775 15.
