4058 6468
380 393 486 458 579

1662 379 2049 446 EUTIIYMH
2092 369 2463 438 ZlGABENI

3515 347 3633 428 "530

382 525 566 584 caput.
585 511 820 568 Proinde
849 508 1088 580 qttanditt
1132 505 1450 562 iuohediens
1470 502 1586 572 ipse
1609 516 1729 556 sum
1757 515 1820 554 ac
1841 509 1951 550 tur—

2063 507 2159 557 σιν,
2222 480 2597 551 ἀνυπότακτοι·
2673 487 2734 541 τδ
2808 487 2928 540 κατ’
2976 485 3076 555 ἐμὲ
3147 485 3239 538 καὶ
3294 479 3322 535 6
3398 483 3633 550 Χριστὲις

385 610 659 669 bulentus,
697 616 808 658 tum
837 615 931 671 per
955 601 1046 654 Dei
1064 598 1496 666 abnegationem.
1523 605 1632 648 tum
1658 610 1754 664 per
1778 597 1940 647 vitio-

383 715 474 754 sas
499 698 663 752 animi
697 694 1084 765 permotiones,
1132 691 1316 743 tandiu
1365 685 1678 740 inobediens
1707 701 1940 753 quoque,

382 799 643 858 quantum
669 788 735 840 ad
761 800 845 838 me
870 784 1080 845 attinet,
1114 781 1360 835 Christus
1385 779 1603 832 dicitur.
1620 777 1750 830 Cum
1768 786 1943 829 autem

381 880 428 931 ei
456 879 631 931 omnia
665 876 902 944 subjecta
929 872 1130 926 fuerim
1160 869 1535 940 (Suhjicientur
1557 877 1757 931 autem,
1785 877 1834 919 et
1856 879 1942 934 per

382 969 730 1038 agnitionem,
762 977 820 1020 et
864 980 960 1035 per
998 959 1472 1030 immutationem),
1521 969 1632 1013 tum
1669 959 1780 1028 ipse
1811 972 1946 1026 quo-

386 1074 496 1126 que
535 1054 924 1124 snbjeetionem
987 1052 1314 1122 impleverit,
1353 1051 1626 1104 adducens
1676 1063 1781 1111 me,
1807 1048 1946 1101 salu.

386 1157 493 1200 tem
515 1155 886 1199 consecutum.
925 1143 1034 1198 Nec
1055 1143 1198 1197 enim
1222 1141 1516 1210 quidquam
1539 1140 1680 1194 aliud
1700 1149 1801 1205 est,
1825 1153 1943 1192 mea

387 1238 605 1306 quidem
639 1236 929 1301 sententia,
960 1234 1164 1288 Christi
1188 1233 1472 1297 subjectio,
1513 1245 1672 1297 quam
1713 1239 1948 1296 paternae

382 1327 951 1394 voluntatisexpletio.
997 1324 1229 1386 Suhjicita
1467 1332 1668 1385 autem,
1709 1320 1949 1374 etFihns

381 1419 553 1480 Patri,
585 1427 640 1472 et
674 1417 910 1470 vicissim
935 1414 1071 1469 Filio
1108 1414 1310 1468 Pater:
1361 1411 1450 1466 ille
1497 1426 1661 1479 opera
1696 1425 1814 1472 sua,
1861 1411 1949 1461 hic

382 1508 735 1576 beneplacito,
790 1506 1242 1573 quemadmodum
1300 1513 1482 1558 antea
1525 1503 1678 1556 nobis
1744 1504 1952 1555 dictum

379 1610 482 1653 est.
514 1601 691 1667 Atque
720 1598 792 1650 ita
822 1597 1048 1664 eos,qui
1101 1594 1332 1664 subjecti
1374 1602 1521 1656 sunt,
1571 1594 1677 1646 Deo
1709 1592 1855 1646 sistit
1885 1607 1949 1644 ac

383 1697 741 1756 repraesentat
799 1687 864 1749 is,
908 1687 997 1753 qui
1036 1684 1289 1751 subjecit,
1329 1692 1510 1736 nostra
1562 1681 1811 1735 videlicet
1844 1679 1946 1733 sibi

385 1778 688 1831 vindicans.
721 1778 919 1830 Eodem
952 1777 1003 1828 in
1031 1790 1228 1842 genere
1251 1773 1380 1826 mihi
1408 1771 1536 1825 illud
1578 1781 1791 1840 quoque
1829 1783 1948 1823 esse

2054 585 2271 654 λέγεται
2291 601 2305 615 ⁸
2338 587 2467 638 ὅταν
2487 585 2544 638 δὲ
2578 584 2821 653 ὑποταγῇ
2856 581 3002 651 αὑτῷ
3023 582 3092 634 τὰ
3119 581 3320 644 πάντα,
3355 580 3634 650 ὑποταγή-

2057 693 2209 730 σεται
2242 667 2298 729 δὲ
2320 677 2411 730 καὶ
2433 681 2499 747 τῇ
2529 674 2838 744 ἐπιγνώσει,
2883 674 2976 726 καὶ
2996 675 3062 744 τῇ
3107 674 3484 743 μεταποιήσει,
3513 672 3636 724 τότε

2056 763 2148 821 καὶ
2175 767 2334 830 αὑτὸς
2355 769 2453 836 τὴν
2499 764 2774 836 ὑποταγὴν
2829 765 3178 834 πεπλήρωκε,
3217 763 3509 834 προσάγων
3536 764 3640 832 ἐμὲ

2056 858 2146 912 τὸν
2179 859 2538 929 σεσωσμένον.
2586 857 2755 910 Τοῦτο
2816 857 2924 928 γὰρ
2983 857 3015 926 ἡ
3079 853 3326 924 ὑποταγὴ
3373 852 3633 922 Χριστοῦ,

2058 953 2200 1007 κατά
2226 969 2289 1020 γε
2327 952 2416 1005 τὸν
2445 952 2576 1015 ἐμὸν
2604 951 2782 1017 λόγον.
2838 953 2868 1018 ἠ
2903 948 2997 1001 τοῦ
3030 946 3304 1017 Πατρικοῢ
3336 945 3637 1016 θελήματος

2059 1045 2358 1114 πλήρωσις.
2401 1042 2722 1096 ’Υποτάσσει
2768 1040 2824 1094 δὲ
2857 1041 2950 1093 καὶ
2985 1040 3113 1101 Υἱὸς
3148 1039 3344 1107 Πατρι,
3401 1039 3492 1089 καὶ
3524 1035 3638 1106 Υἱῷ

2058 1137 2276 1206 Πατήρ’
2305 1134 2334 1185 6
2361 1134 2458 1205 μὲν
2492 1133 2750 1203 ἐνεργῶν,
2783 1133 2812 1182 6
2830 1129 2886 1183 δὲ
2916 1129 3169 1191 εὐδοκῶν,
3198 1129 3225 1180 ὃ
3251 1129 3344 1180 καὶ
3374 1127 3637 1198 πρότερον

2058 1227 2281 1295 εἴπομεν
2307 1241 2321 1254 ·
2361 1225 2454 1277 καὶ
2499 1223 2640 1276 οὕτω
2671 1221 2734 1274 τὸ
2778 1218 3216 1287 ὑποτεταγμένον
3278 1215 3306 1269 6
3364 1217 3637 1281 ὑποτάξας

2057 1317 2176 1386 Θεῷ
2223 1316 2571 1386 παρίστησιν,
2625 1311 2819 1365 ἑαυτοῦ
2879 1310 3202 1378 ποιούμενος
3250 1308 3308 1360 τὸ
3349 1308 3633 1378 ἡμέτερον.

2058 1407 2311 1460 Τοιοῦτον
2347 1402 2483 1459 εἷναί
2510 1423 2599 1476 μοι
2624 1404 2872 1472 φαίνεται
2905 1402 2998 1454 καὶ
3032 1401 3091 1453 τό
3115 1416 3128 1429 °
3168 1399 3230 1451 '0
3254 1400 3414 1464 Θεὸς.
3441 1399 3473 1451 ὀ
3494 1400 3638 1463 Θεός

2059 1515 2194 1559 μου,
2223 1495 2489 1565 πρόσχες
2505 1509 2626 1563 μοι,
2654 1495 2755 1546 ἵνα
2793 1493 2849 1544 τί
2871 1488 3249 1558 ἐγκατέλιπές
3281 1504 3391 1557 pe;
3421 1489 3493 1541 υὺ
3528 1489 3637 1559 γὰρ

2063 1589 2226 1650 αὑτὸς
2262 1587 2770 1656 ἐγκαταλέλειπται.
2831 1584 2864 1654 ἢ
2897 1583 3002 1636 ὑπὸ
3035 1582 3132 1634 τοῦ
3182 1579 3418 1650 Πατρὺς,
3462 1580 3496 1646 ἢ
3533 1580 3636 1632 ὑπὸ

2063 1680 2163 1749 τῆς
2187 1677 2379 1731 ἑαυτοῦ
2410 1677 2679 1746 θεότητος,
2706 1675 2734 1727 ὃ
2752 1674 2899 1726 δοκεῖ
2921 1685 3082 1733 τισιν,
3107 1671 3180 1732 ὡς
3207 1669 3271 1723 ἂν
3299 1668 3636 1739 φοϐουμένης

2059 1769 2120 1822 τδ
2174 1769 2364 1830 πάθος,
2423 1767 2518 1820 καὶ
2576 1765 2665 1819 διὰ
2705 1764 2864 1817 τοῦτο
2904 1761 3327 1831 συστελλομένης
3396 1759 3504 1812 ἀπὸ
3538 1754 3633 1811 τοῦ

386 1868 636 1920 videtur:
671 1865 830 1928 Deus,
867 1865 1003 1918 Deus
1037 1880 1204 1928 meus,
1227 1863 1422 1930 respice
1447 1863 1502 1915 in
1523 1878 1625 1925 me,
1667 1878 1830 1928 quare
1867 1877 1948 1914 me

2063 1859 2390 1928 πάσχοντος·
2441 1857 2545 1926 (τίς
2586 1855 2693 1926 γὰρ
2737 1854 2770 1923 ἢ
2821 1850 3144 1920 γεννηθῆναι
3197 1847 3348 1901 κάτω
3379 1847 3477 1918 τὴν
3533 1848 3636 1918 ἀρ-

382 1957 712 2026 dereliquiin
739 1957 753 1986 ί
793 1957 817 2010 i
873 1953 1058 2021 Neque
1085 1954 1254 2018 enim,
1286 1953 1427 2021 quod
1477 1953 1697 2021 quidam
1731 1953 1950 2020 opinan-

385 2059 494 2113 tur,
529 2049 665 2117 ipse,
698 2047 784 2100 vel
811 2063 839 2100 a
885 2046 1072 2107 Patre,
1128 2046 1210 2100 vel
1249 2060 1279 2099 a
1315 2059 1411 2098 sua
1456 2044 1758 2107 divinitate,
1796 2042 1948 2111 quasi

387 2138 690 2206 passionem
722 2136 1086 2192 extimuisset.
1123 2149 1187 2187 ac
1223 2142 1504 2202 propterea
1549 2145 1668 2186 sese
1696 2143 1724 2184 a
1755 2145 1948 2199 perpe-

387 2227 556 2281 tiente
585 2239 812 2294 corpore
841 2225 1164 2293 collegisset,
1185 2222 1472 2276 derelictus
1499 2231 1601 2276 est.
1627 2219 1781 2290 (Quis
1805 2220 1946 2275 enim

387 2332 534 2379 eum,
565 2316 646 2370 vel
691 2317 925 2384 primum
963 2313 1274 2367 humanitus
1314 2313 1478 2382 gigni,
1530 2311 1614 2366 vel
1647 2312 1698 2364 in
1734 2325 1944 2366 crucem

391 2406 690 2462 ascendere
725 2405 963 2474 coegit?)
1003 2402 1202 2456 Verum
1231 2404 1282 2457 in
1311 2406 1512 2471 seipso,
1542 2403 1821 2457 utdictum
1843 2411 1944 2462 est,

380 2507 566 2549 nostra
597 2496 1016 2563 repraesentavit.
1045 2493 1152 2548 Nos
1183 2494 1327 2548 enim
1369 2509 1586 2548 eramus
1613 2493 1852 2548 derelicti
1873 2491 1947 2545 illi

389 2588 538 2654 prius
566 2600 727 2657 atque
759 2587 1089 2655 contempti;
1140 2602 1281 2642 nunc
1316 2603 1441 2640 vero
1494 2603 1592 2656 per
1633 2583 1948 2653 impatibilis

2058 1950 2181 2019 χὴν,
2240 1949 2272 2018 ἢ
2307 1949 2399 2001 ἐπὶ
2450 1948 2544 1999 τὸν
2595 1944 2825 2016 σταυρὸν
2857 1941 3098 1996 ἀνελθεῖν
3130 1941 3441 2009 ¹ἠνάγκασεν
3465 1938 3500 2005 ;)
3544 1937 3633 1990 Ἐν

2061 2040 2241 2108 ἑαυτῷ
2272 2039 2348 2099 δὲ,
2385 2039 2520 2108 ὅπερ
2569 2032 2740 2099 εἷπον,
2797 2035 2959 2086 τυποῖ
3013 2032 3076 2086 τὸ
3108 2029 3392 2102 ἡμέτερον.
3444 2027 3636 2100 Ἡμεῖς

2060 2129 2173 2200 γὰρ
2193 2125 2334 2199 ἦμεν
2381 2130 2428 2179 οἱ
2480 2125 3027 2195 ἐγκαταλελειμμένα
3074 2123 3169 2175 καὶ
3219 2121 3632 2192 παρεωραμένοι

2059 2221 2344 2291 πρότερον,
2379 2215 2497 2271 εἶτα
2529 2218 2622 2271 νῦν
2665 2215 3125 2288 προσειλημμένοι
3157 2214 3251 2267 καὶ
3302 2213 3632 2282 σεσωσμένοι

2059 2313 2169 2372 τοῖς
2213 2309 2306 2362 τοῦ
2335 2309 2576 2371 ἀπαθοῦς
2603 2306 2828 2362 πάθεσιν
2853 2323 2867 2337 °
2918 2307 3107 2376 ὥσπερ
3146 2305 3240 2357 κού⁵
3267 2303 3368 2373 τὴν
3395 2303 3631 2374 ἀφροσύ-

2059 2415 2158 2470 νην
2193 2399 2374 2469 ἠμῶν,
2409 2402 2504 2452 καὶ
2527 2400 2587 2452 τδ
2638 2397 2955 2468 πλημμελὲς
2981 2396 3370 2466 οἰκειούμενος.
3402 2393 3470 2446 τὰ
3503 2391 3629 2463 ἑξῆς

2057 2489 2147 2542 διὰ
2166 2488 2258 2541 τοῦ
2296 2489 2518 2559 ψαλμοῦ
2535 2505 2698 2557 φησιν
2717 2503 2731 2516 ·
2764 2484 2953 2554 ἐπειδὴ
2985 2485 3266 2556 προδήλως
3293 2485 3371 2545 εις
3395 2481 3630 2552 Χριστὸν

2058 2581 2086 2632 6
2114 2581 2355 2643 εξκοστὺς
2387 2580 2600 2648 πρῶτος
2627 2578 2837 2647 ψαλμὸς
2872 2576 3216 2645 ἀναφέρεται.

392 2686 542 2741 illius
563 2687 860 2750 passiones,
886 2684 1146 2751 assumpti
1183 2696 1246 2736 ac
1309 2678 1511 2734 servati
1579 2690 1800 2738 sumus;
1851 2672 2297 2740 quemadmodum
2355 2681 2596 2725 nostram
2651 2681 2866 2738 quoque
2905 2669 3270 2738 insipientiam
3329 2683 3393 2722 ac
3437 2681 3626 2736 pecca-

402 2788 518 2831 tum
545 2776 645 2830 sibi
679 2775 985 2842 arrogavit,
1033 2782 1092 2823 ut
1140 2786 1226 2832 ea,
1253 2784 1372 2835 qum
1393 2768 1647 2832 deinceps
1705 2765 1757 2816 in
1819 2762 2026 2830 psalmo
2060 2770 2381 2824 sequuntur,
2435 2761 2804 2830 pronumiaut.
2865 2759 3142 2813 Siuuidem
3186 2759 3479 2813 vicesimus
3521 2758 3629 2827 pri-
3677 2751 3692 2757 ’

405 2881 526 2920 mus
553 2867 796 2936 psalmus
819 2866 1102 2918 manifeste
1129 2864 1193 2914 ad
1222 2860 1500 2914 Christum
1533 2858 1783 2910 refertur.

599 2951 856 3020 Ejusdem
894 2945 1277 3015 speculationis
1324 2943 1448 2995 illud
1479 2940 1640 2993 etiam
1677 2947 1780 2997 est,
1817 2935 1958 3004 quod

392 3045 735 3112 exhis,qua=
777 3054 969 3109 passus
1005 3046 1110 3101 est,
1157 3034 1517 3088 obedientiam
1555 3027 1772 3093 didicit;
1819 3024 1962 3093 quod

398 3154 520 3194 cum
551 3136 788 3190 clamore
811 3141 865 3186 et
921 3126 1176 3198 lacrymis
1221 3121 1569 3192 supplicarit;
1610 3118 1750 3186 quod
1804 3130 1964 3170 exau-

401 3232 546 3282 ditus
583 3227 649 3279 sit
677 3239 772 3290 pro
803 3235 896 3274 sua
933 3216 1237 3273 reverentia

399 3419 458 3460 ut
484 3405 735 3464 Verbum,
772 3414 872 3453 nec
903 3398 1160 3451 obediens
1186 3403 1324 3456 erat,
1353 3405 1452 3446 nec
1482 3387 1817 3442 inobediens.
1836 3385 1962 3440 ilaac

402 3511 636 3564 namque
669 3494 756 3557 iis,
786 3491 876 3556 qui
917 3489 1146 3541 aliorum
1184 3487 1411 3551 imperio
1451 3489 1723 3542 tenentur,
1768 3481 1968 3546 quique

403 3584 650 3638 secundae
672 3580 863 3634 classis
895 3586 1042 3638 sunt,
1063 3573 1392 3627 conveniunt
1412 3587 1428 3635 ;
1448 3569 1576 3622 illud
1601 3568 1826 3630 scilicet,
1847 3581 1970 3630 pro-

402 3678 485 3731 bis
512 3687 673 3740 atqne
710 3669 974 3732 honestis,
1013 3664 1154 3720 istud
1184 3678 1336 3725 vero,
1391 3660 1648 3730 improbis
1671 3673 1735 3712 ac
1779 3656 1973 3725 suppli-

400 3769 489 3823 cio
509 3765 706 3834 dignis.
745 3761 815 3816 Ut
855 3769 1032 3813 autem
1086 3755 1229 3810 servi
1281 3753 1472 3814 forma,
1537 3750 1603 3802 ad
1654 3763 1969 3809 conservos,

407 3861 514 3911 imo
541 3856 607 3909 ad
633 3867 819 3908 servos
845 3864 968 3904 sese
997 3847 1248 3910 demittit,
1274 3853 1438 3912 atque
1482 3841 1710 3894 alienam
1740 3837 1972 3892 iormam

404 3946 651 4014 suscipit,
683 3951 850 3997 totum
880 3956 966 3994 me
1022 3938 1204 3998 simul.
1240 3951 1364 3989 cum
1419 3934 1484 3986 iis
1522 3946 1642 4000 quae
1671 3945 1786 3984 mea
1821 3938 1969 3990 sunt,

408 4040 462 4092 in
502 4037 681 4103 seipso
717 4034 919 4093 ferens,
964 4038 1043 4092 ut,
1101 4026 1240 4095 quod
1277 4024 1515 4076 deterius
1558 4029 1662 4082 est,
1715 4019 1766 4070 in
1799 4017 1976 4084 seipso

410 4127 680 4187 absumat,
702 4132 756 4176 et
777 4119 1057 4181 conﬁciat,
1085 4129 1190 4168 non
1218 4126 1376 4166 secus
1407 4126 1470 4162 ac
1501 4122 1680 4162 ceram
1713 4107 1868 4173 ignis,
1889 4112 1982 4155 aut

414 4226 572 4271 terras
601 4224 858 4281 vaporem
896 4208 1025 4260 solis
1064 4205 1271 4265 radius,
1317 4212 1477 4268 atque
1528 4198 1642 4266 ipse
1680 4196 1748 4249 ob
1795 4191 1980 4260 hujus-

415 4305 558 4359 modi
599 4299 1037 4368 eonjunctionem
1063 4296 1326 4348 bonorum
1355 4290 1500 4344 illius
1536 4286 1810 4356 particeps
1829 4283 1974 4336 ﬁam.

415 4395 682 4462 Quocirca
715 4405 774 4444 re
832 4389 952 4457 ipsa:
995 4383 1356 4440 obedientiam
1393 4383 1596 4434 honore
1623 4375 1810 4438 allicit,
1843 4388 1983 4428 eam-

416 4499 526 4554 que
557 4480 920 4552 perpetiendis
945 4476 1225 4530 doloribus
1266 4473 1584 4540 experitur;
1622 4482 1796 4536 neque
1837 4466 1982 4520 enim

1286 3215 1306 3243 ²
1347 3225 1507 3278 ;q.u:e
1534 3207 1714 3261 omnia
1749 3205 1961 3260 nom-ine

2063 3204 2158 3259 καὶ
2185 3203 2244 3256 τὸ
2273 3199 2497 3262 εὐλαϐές
2517 3215 2531 3230 ο
2565 3198 2603 3251 ἃ
2633 3196 3129 3268 δραματουργείται

397 3328 582 3370 nosu'o
613 3309 932 3366 mirabiliter
955 3306 1259 3360 eﬂieiuntur
1290 3309 1345 3355 et
1390 3305 1772 3354 contexuntur.
1801 3296 1960 3358 Nam,

2063 3312 2148 3354 ται
2183 3291 2500 3362 θαυμασίως
2529 3289 2669 3358 ὑπὲρ
2698 3287 2874 3357 ἡμῶν.

2256 2933 2366 3000 Τῆς
2411 2931 2466 2983 δὲ
2506 2929 2673 2998 αὐτῆς
2706 2927 2889 2996 ἔχεται
2922 2923 3172 2995 θεωρίας,
3206 2922 3300 2974 καὶ
3338 2920 3399 2972 τὸ
3437 2917 3634 2988 μαθεῖν

2058 3025 2220 3079 αὑτὸν
2245 3025 2342 3094 τὴν
2375 3021 2618 3091 ὑπακοὴν
2651 3018 2710 3082 ἐξ
2738 3013 2814 3071 ὧν
2840 3016 3041 3070 ἔπαθεν
3065 3032 3079 3045 ·
3111 3015 3149 3084 ἡ
3177 3027 3237 3066 τε
3267 3011 3506 3084 κραυγὴ,
3536 3011 3638 3064 καὶ

2056 3114 2127 3168 τὰ
2152 3113 2380 3182 δάκρυα,
2410 3112 2503 3162 καὶ
2533 3110 2600 3162 τδ
2627 3105 2922 3168 ἱκετεῦσαι,
2957 3104 3052 3156 καὶ
3097 3102 3159 3154 τὸ
3189 3097 3630 3168 εἰσαωυσθῆναι,

3308 3189 3404 3242 καὶ
3437 3187 3632 3239 πλέκε-

3042 3283 3130 3345 Ὠς
3171 3281 3268 3351 μὲν
3298 3280 3406 3350 γὰρ
3437 3277 3627 3344 Λόγος,

2059 3385 2181 3439 οὕτε
2212 3385 2453 3453 ὑπήκοος
2485 3377 2571 3451 ἦν,
2607 3377 2730 3431 οὔτε
2775 3379 3024 3446 ἀνήκοος.
3056 3373 3175 3424 Τῶν
3208 3370 3316 3440 γὰρ
3345 3368 3444 3421 ὑπὸ
3472 3369 3627 3436 χεῖρα

2058 3478 2251 3541 ταῦτα,
2278 3475 2372 3528 καὶ
2397 3474 2503 3526 τῶν
2526 3472 2788 3541 δευτέρων
2809 3486 2823 3500 ο
2853 3468 2914 3519 τὺ
2947 3467 3045 3536 μὲν
3070 3465 3178 3516 τῶν
3201 3457 3626 3528 εὐγνωμονεστέ-

2063 3587 2192 3640 ρων,
2231 3568 2293 3621 τὺ
2347 3566 2404 3618 δὲ
2461 3563 2566 3617 τῶν
2625 3561 2789 3625 ἀξίων
2845 3557 3140 3617 κολάσεως.
3201 3553 3288 3614 Ὠς
3343 3549 3398 3601 δὲ
3441 3547 3627 3601 δούλου

2065 3635 2267 3726 μορφὴ,
2305 3649 2725 3718 συγκαταϐαίνει
2771 3646 2880 3707 τοῖς
2911 3641 3220 3713 ὁμοδούλοις
3269 3638 3362 3692 καὶ
3406 3635 3632 3697 δούλοις,

2062 3747 2156 3800 καὶ
2177 3743 2474 3815 μορφοῦται
2500 3741 2564 3794 τὸ
2580 3739 2877 3808 ἀλλότριον,
2903 3735 3020 3788 ὅλον
3043 3735 3098 3785 ὲν
3125 3731 3304 3800 ἑαυτῷ
3329 3729 3434 3798 ἐμὲ
3454 3726 3636 3796 φέρων

2067 3835 2204 3909 μετὰ
2246 3835 2352 3888 τῶν
2401 3832 2552 3902 ἐμῶν
2594 3869 2616 3893 ,
2759 3829 2846 3880 ἵνα
2901 3827 2960 3878 ὲν
3009 3821 3186 3892 ἑαυτῷ
3237 3820 3522 3887 δαπανήσῃ
3576 3816 3638 3868 τὸ

2062 3908 2240 3999 χεῖρον
2278 3955 2302 3986 φ
2427 3925 2502 3986 ὡς
2534 3921 2704 3993 κηρὸν
2738 3916 2866 3990 πῦρ,
2899 3918 2932 3987 ἢ
2970 3917 3045 3979 ὡς
3072 3913 3272 3984 ἀτμίδα
3324 3910 3426 3980 γῆς
3463 3908 3635 3978 ἥλιος,

2066 3998 2218 4086 κάγὼ
2253 4015 2537 4088 μεταλάῦω
2560 4013 2670 4065 τῶν
2699 4011 2907 4064 ἐκείνου
2936 4007 3024 4060 διὰ
3054 4004 3154 4075 τὴν
3186 4004 3509 4072 σύγκρασιν.
3537 3998 3639 4050 Διὰ

2063 4108 2220 4163 τοῦτο
2263 4108 2408 4178 ἔργῳ
2450 4105 2585 4173 τιμᾷ
2631 4102 2730 4172 τὴν
2769 4098 3034 4168 ὑπακοὴν,
3081 4094 3174 4148 καὶ
3212 4093 3467 4163 πειρᾶται
3500 4087 3636 4140 ταὺ-

2063 4219 2164 4272 της
2196 4244 2211 4266 ,
2275 4257 2284 4272 ,γ
2351 4203 2416 4251 ὲκ
2457 4195 2551 4248 τοῦ
2589 4193 2809 4247 παθεῖν’
2854 4191 2914 4242 οὑ
2946 4189 3055 4257 γὰρ
3090 4184 3273 4239 ἱκανὸν
3305 4185 3338 4252 ἡ
3375 4178 3633 4241 διάθεσις,

2066 4269 2252 4364 ὥσπερ
2281 4269 2403 4343 οὑδὲ
2449 4289 2599 4358 ἡμῖν,
2650 4286 2698 4337 εἰ
2744 4283 2824 4353 μὴῖ
2862 4281 2959 4334 καὶ.
3003 4278 3091 4331 διὰ
3139 4275 3247 4362 τῶν
3297 4269 3637 4342 πραγμάτων

2062 4359 2434 4454 χωρήσωμεν·
2466 4379 2624 4449 ἔργον
2643 4374 2769 4445 γὰρ,
2794 4371 3066 4435 ἀπόδειξις
3091 4360 3404 4454 διαθέσεως.
3430 4361 3504 4414 Οὑ
3533 4359 3642 4429 χεῖ-

2070 4491 2160 4534 ρον
2179 4449 2375 4534 sem;
2401 4471 2620 4523 κάκεῖνο
2645 4463 2954 4524 ὑπολαϐεῖν,
2977 4463 3060 4512 ὅτι
3077 4449 3362 4524 δοκιμάζει
3389 4451 3490 4523 τὴν
3503 4452 3640 4520 ήμευ

414 4572 714 4631 sollicitabat
735 4570 897 4623 animi
925 4567 1162 4632 aﬁectio,
1193 4561 1642 4633 quemadmodum
1678 4574 1779 4613 nec
1807 4558 1961 4612 nobis

2068 4565 2231 4632 τέραν
2298 4559 2549 4628 ὑπακοὴν
2577 4598 2595 4622 ,
2654 4553 2748 4605 καὶ
2812 4550 2990 4603 πάντα
3031 4547 3217 4616 μετρεῖ
3285 4545 3396 4604 τοῖς
3452 4539 3647 4592 ἑαυτοῦ

418 4666 522 4718 nisi
559 4677 776 4716 manum
806 4675 1017 4728 quoque
1053 4656 1309 4726 operibus
1347 4657 1734 4707 admoveamus
1780 4668 1794 4703 :
1842 4663 1961 4714 (opu:

2071 4654 2271 4708 πάθεσι.
2345 4651 2505 4719 τέχνῃ
2549 4643 2980 4715 φιλανθρωπίας*
3047 4640 3188 4691 ὥστε
3256 4634 3400 4702 ἔχειν
3449 4632 3650 4683 ειδέναι

407 4760 585 4824 enim,
615 4755 923 4812 affectionis
943 4751 1110 4807 animi
1147 4745 1444 4806 declaratio
1467 4750 1567 4796 est.
1604 4738 1711 4793 Nec
1729 4735 1867 4790 forte
1891 4747 1984 4801 pe-

409 4850 500 4918 ius
535 4846 701 4899 fuerit
744 4842 1081 4905 existimare,
1133 4835 1278 4902 quod
1322 4828 1685 4888 obedientiam
1733 4832 1982 4878 nostram

411 4915 684 5004 exploret,
711 4931 1171 5003 passionibusqne
1193 4930 1312 4980 suis
1341 4921 1524 4978 omnia
1561 4915 1832 4974 metiatur,
1868 4917 1984 4963 arte

416 5030 658 5100 quadam
697 5025 1050 5081 humanitatis
1101 5032 1156 5075 et
1207 5014 1594 5074 benevolentia:
1631 5023 1758 5076 erga
1813 5017 1984 5075 genus

421 5133 676 5178 nostrum
711 5135 726 5171 :
779 5119 850 5172 ita
887 5128 946 5170 ut
991 5131 1056 5168 ex
1092 5113 1209 5166 suis
1243 5119 1440 5166 nostra
1490 5105 1760 5159 aestimare
1788 5105 1989 5166 queat,

428 5224 809 5285 quantumque
865 5220 918 5264 et
947 5223 977 5262 a
1010 5206 1168 5262 nobis
1189 5203 1330 5270 exigi
1362 5209 1414 5254 et
1438 5195 1732 5253 condonari
1773 5190 1988 5248 debeat,

429 5319 670 5377 expensa
714 5303 975 5357 nimirum
1006 5315 1128 5355 cum
1161 5293 1508 5364 passionibus
1548 5288 1742 5340 virium
1773 5292 1989 5337 nostra~

2079 4747 2191 4805 τοῖς
2215 4742 2412 4795 ἑαυτοῦ
2467 4739 2540 4790 τὰ
2573 4736 2838 4806 ἡμέτερα,
2891 4730 2984 4784 καὶ
3023 4730 3188 4781 πόσον
3233 4727 3332 4793 μὲν
3380 4721 3650 4776 άπαιτοὺ-

2078 4837 2237 4905 μεθα,
2288 4833 2453 4884 πόσον
2496 4829 2552 4881 δὲ
2581 4823 3035 4895 συγχωρούμεθα,
3099 4817 3451 4884 λογιζομένης
3510 4810 3650 4879 μετὰ

2078 4903 2174 4982 τοῦ
2207 4925 2438 4993 πάσχειν
2462 4920 2673 4990 καὶτῆς
2714 4917 3018 4977 ἀσθενείας.
3079 4913 3199 4966 Ἔτι
3245 4904 3301 4963 δὲ
3357 4903 3654 4993 προσθήσω

2080 5021 2193 5078 τοῖς
2215 4990 2527 5087 sipriusst
2557 5016 2750 5076 ἐκεῖνο,
2785 5007 3118 5077 “omnem
3172 5004 3252 5060 τδ.
3307 4999 3411 5054 Ἐν
3458 4990 3505 5063 ᾧ
3542 4996 3653 5061 γὰρ

2083 5110 2405 5170 πέπονθεν,
2438 5105 2622 5170 αὐτὸς
2646 5099 3008 5171 πειρασθεὶς,
3037 5098 3288 5151 δύναται
3301 5087 3426 5157 τοῖς
3455 5099 3655 5154 πειρα-

2086 5202 2351 5266 ζομένοις
2375 5191 2918 5264 βοηθῆσαι,-σαφῶς
2953 5190 3092 5263 πρὸς
3127 5188 3227 5259 τὴν
3277 5185 3448 5253 αὑτὴν
3489 5180 3657 5248 φέρον

2089 5297 2354 5349 διάνοιαν.

423 5368 548 5453 rum
585 5395 1214 5454 imbecillitate.Addam
1240 5392 1369 5446 illud
1395 5406 1617 5460 quoque
1642 5391 1712 5445 iis
1743 5405 1864 5459 qua:
1889 5391 2030 5444 dicta
2055 5399 2199 5455 sunt,
2234 5391 2408 5444 locum
2437 5386 2586 5440 hunc
2613 5396 2830 5440 mecum
2849 5385 3142 5448 reputans:
3178 5371 3243 5428 In
3267 5386 3366 5442 quo
3383 5368 3519 5423 enim
3542 5379 3664 5432 pas-

422 5509 517 5548 sus
547 5502 647 5558 est,
679 5491 789 5564 ipse
817 5498 1070 5553 tentatus,
1103 5496 1268 5554 potest
1294 5487 1382 5550 iis,
1407 5487 1497 5553 qui
1524 5492 1819 5548 tentantur,
1849 5482 2105 5541 auxiliari
2133 5481 2179 5547 ³,
2213 5480 2357 5552 quod
2394 5479 2679 5550 perspicue
2701 5475 2766 5530 ad
2798 5473 3051 5536 eumdem
3074 5483 3296 5527 sensum
3327 5463 3517 5522 tendit.

504 5766 524 5798 ι
559 5761 707 5820 Psal.
745 5777 858 5831 ut,
893 5762 944 5816 i.
1021 5763 1040 5794 ⁸
1067 5757 1230 5814 llcbr.
1269 5774 1322 5825 v,
1359 5756 1413 5824 8,
1446 5757 1498 5810 7.
1576 5754 1778 5809 ’ilebr.
1811 5767 1870 5816 ιι,
1905 5750 1991 5806 l8.
