4058 6394
368 323 471 387 ῇει
1296 325 1679 387 uxorm
1728 326 2200 393 DOGMATICA.
2235 357 2299 368 -
2328 330 2476 397 'm.
2522 336 2624 400 Χῖ.
3544 354 3651 418 532

3544 383 3601 417 ἐκ

802 434 904 489 Ἐκ
928 438 1035 492 τοῦ
1057 436 1243 517 αὐτοῦ
1272 442 1482 510 λόγου.
1990 458 2035 507 Α

1990 458 2035 507 Α
2562 448 2646 502 Ea:
2673 451 2851 506 eadem
2884 457 3145 512 oratione.

441 532 659 583 Ἔσται
707 528 777 581 δὲ
807 532 839 583 ό
880 530 1024 595 Θεὸς
1064 528 1372 585 τὰ“πάντα
1423 532 1495 586 ἐν
1518 532 1732 599 πᾶσιν,
1772 536 1829 588 ἐν
1876 530 1954 605 τῷ

2133 537 2288 594 Sicut
2312 542 2477 595 etiam
2507 560 2521 596 :
2556 544 2672 596 lt'rit
2699 557 2876 601 autem
2902 551 3038 603 Deus
3074 570 3253 607 omnm
3285 556 3338 608 in
3364 562 3640 617 omnibus’

360 622 547 692 καιρῷ
590 623 693 689 τῆς
739 622 1260 686 ἀπεκαταστάσεωςο
1303 625 1401 695 οὐχ
1448 628 1476 679 ὀ
1541 628 1753 697 Πατὴρ,
1818 628 1956 681 πάν.

2064 631 2160 685 illo
2182 635 2550 688 restitutionis
2573 648 2841 705 tempore;
2870 656 2975 694 non
3003 645 3192 711 utique
3220 646 3405 713 Pater,
3436 656 3647 709 resolu-

356 735 468 780 τως
520 717 600 778 εἰς
640 715 806 768 αὑτὸν
854 714 1216 780 ἀναλυθέντος
1270 718 1365 769 τοῦ
1426 718 1582 781 Υίοῦ,
1634 720 1824 792 ὥσπερ
1875 726 1954 785 εἰς

2061 733 2114 777 to
2151 724 2401 779 videlicet
2436 728 2487 778 in
2528 729 2705 805 ipsimi
2739 731 2897 797 Filio,
2930 751 3035 787 non
3068 752 3233 793 secus
3258 756 3323 795 ac
3351 744 3394 796 si
3428 746 3514 800 fax
3541 750 3645 802 ali-

361 809 547 879 πυρὰν
607 808 853 878 μεγάλην
910 808 1191 879 λαμπάδος
1250 810 1389 877 πρὸς
1444 813 1638 882 καιρὸν
1701 816 1955 867 ἀποσπα-

2126 833 2164 867 la
2212 819 2278 870 ad
2310 820 2531 888 aliquod
2572 831 2786 888 tempus
2818 825 2886 877 ab
2933 828 3135 891 ingenti
3178 848 3307 901 rogo
3340 841 3641 902 abstracta,
3722 852 3728 855 ‘

360 902 610 970 σθείσης,
672 899 790 955 εἶτα
855 903 1241 971 συναφθείσης,
1312 905 1449 975 μηδὲ
1512 906 1621 975 γὰρ
1673 908 1952 961 Σαὸἐλλιοι

2060 909 2113 961 in
2144 924 2268 962 eum
2292 926 2483 965 rursus
2508 914 2859 985 (adjnngatur
2881 924 3218 987 nequeenim
3244 930 3539 982 Sabelliani
3563 934 3644 986 his

362 993 438 1061 τῷ
498 994 652 1062 ρητῷ
729 995 906 1063 τούτῳ
976 996 1597 1063 παραφθειρέσθωσαν,
1662 997 1776 1050 ἀλλ’
1834 999 1954 1063 ὅλος

2057 1002 2245 1056 verbis
2299 1004 2662 1073 abutantur),
2697 1009 2790 1060 sed
2829 1020 2976 1064 totus
3031 1012 3202 1079 Deus;
3263 1026 3374 1071 tum
3412 1036 3639 1089 nempe,

372 1086 516 1147 θεὸς,
552 1086 686 1137 ὅταν
733 1086 930 1156 μηκέτι
978 1087 1148 1141 πολλὰ
1203 1104 1380 1157 ωμεν,
1459 1088 1650 1158 ὥσπερ
1698 1090 1793 1145 νῦν
1840 1094 1956 1153 τοῖς

2059 1110 2185 1161 cum.
2208 1095 2322 1161 jam
2360 1113 2466 1150 non
2522 1100 2676 1153 tnulti
2705 1102 2929 1168 erimus,
2978 1107 3119 1161 sicut
3149 1126 3294 1165 nunc
3318 1086 3640 1171 sumusta-

374 1186 631 1245 κινήμασι
685 1180 934 1240 καὶτοῖς
977 1180 1230 1247 πάθεσιν,
1292 1181 1447 1234 οὐδὲν
1505 1183 1644 1240 ὅλως
1699 1183 1859 1243 Θεοῦ.
1919 1184 1952 1254 ἢ

2061 1187 2211 1240 tione
2272 1203 2518 1244 luctuum
2576 1201 2631 1247 et
2662 1193 3055 1258 aﬂ'ectiounm,
3098 1202 3233 1255 nihil
3287 1206 3512 1259 omnino
3548 1210 3639 1262 Dei

362 1272 543 1339 ὀλίγον
571 1273 628 1322 ἐν
652 1272 785 1339 ἡμῖν
826 1271 1011 1334 αὐτοῖς
1037 1273 1315 1341 φέροντες,
1370 1273 1487 1327 ἀλλ’
1519 1274 1630 1328 ὃλοι
1678 1274 1954 1338 θεοειδεῖς,

2059 1286 2339 1344 gestantes
2369 1279 2421 1332 in
2453 1282 2633 1347 nobis,
2663 1294 2759 1337 aut
2788 1288 2979 1340 saltem
3008 1306 3225 1358 parum,
3252 1297 3351 1348 sed
3385 1298 3482 1351 toti
3522 1299 3640 1353 dei-

369 1364 493 1415 ὅλου
556 1364 693 1415 Θεοῦ
775 1366 1079 1433 χωρητικοὶ
1138 1366 1230 1417 καὶ
1291 1366 1477 1453 μόνου·
1523 1362 1684 1421 τοῦτο
1750 1371 1862 1438 γὰρ
1920 1372 1954 1439 ἡ

2059 1368 2304 1433 formes,
2378 1372 2654 1441 totiusque
2710 1392 2775 1430 ac
2838 1381 3011 1433 solius
3070 1384 3160 1436 Dei
3218 1393 3637 1453 capaces:h:rc

366 1457 667 1523 τελείωσις,
706 1458 843 1526 πρὸς
895 1460 961 1526 ἦν
1022 1458 1348 1529 σπεύδομεν·
1388 1441 1688 1531 ἷεκμηριοτ
1749 1462 1805 1514 δὲ
1851 1462 1955 1531 μά-

2057 1461 2202 1513 euim
2240 1476 2304 1515 ea
2360 1462 2629 1530 perfectio
2667 1476 2784 1533 est,
2832 1470 2901 1523 ad
2942 1488 3106 1540 quam
3165 1481 3311 1530 omni
3360 1481 3641 1539 celeritate

362 1548 525 1604 λιστα
578 1550 790 1612 Παῦλος
842 1550 1024 1611 αὑτός·
1082 1549 1110 1603 ὃ
1160 1552 1269 1619 γὰρ
1319 1552 1557 1605 ἐνταῦθα
1632 1555 1760 1623 περὶ
1812 1554 1946 1606 Θεοῦ

2057 1566 2461 1621 properamus;
2517 1557 2663 1625 quod
2723 1560 2941 1627 quidem
2984 1563 3187 1621 Paulus
3234 1568 3349 1635 ipse
3404 1574 3639 1628 maxime

364 1657 531 1712 φησιν
554 1642 846 1711 ἀορίστως,
879 1642 1115 1712 ἀλλαχοῦ
1146 1644 1333 1710 σαφῶς
1362 1644 1667 1714 περιορίζει
1702 1644 1949 1714 Χριστῷ.

2057 1645 2322 1714 conjicit;
2354 1648 2500 1715 quod
2547 1652 2694 1704 enim
2732 1653 2819 1707 hic
2849 1655 2916 1708 de
2951 1654 3060 1709 Deo
3095 1661 3378 1716 indeﬁnite
3400 1666 3497 1728 ait,
3530 1667 3639 1720 alio

359 1736 427 1788 Τί
451 1736 658 1802 λέγων,
693 1734 885 1787 Ὅπου
910 1736 1022 1787 οὐκ
1040 1733 1133 1787 ἔνι
1162 1735 1423 1799 Ἕλλην,
1460 1736 1604 1788 οὐδὲ
1623 1732 1948 1801 Ἰουδαῖος,

2064 1737 2181 1789 loco
2210 1741 2579 1807 apertissimis
2604 1745 2789 1799 verbis
2815 1747 3035 1801 Christo
3062 1753 3342 1821 sigillatim
3367 1761 3635 1814 attribuit.

360 1796 651 1897 περιτομῆ
706 1828 806 1881 καὶ
854 1827 1244 1894 ἀκροϐυστία,
1292 1796 1622 1896 βάρϐαρος,
1683 1796 1945 1895 Σκύθης,

2053 1829 2263 1895 Quibus
2300 1833 2527 1887 verbis?
2560 1833 2658 1887 ωε
2695 1853 2798 1889 non
2846 1849 2923 1891 est
2961 1796 3201 1905 Curtius,
3239 1862 3340 1899 non
3384 1848 3635 1924 Iudaeus,

356 1925 607 1989 δοῦλος,
634 1921 968 1988 ἐλεύθερος*
995 1919 1156 1974 ἀλλὰ
1188 1919 1259 1972 τὰ
1281 1921 1480 1974 πάντα
1527 1922 1626 1975 καὶ
1675 1923 1747 1976 ἐν
1777 1923 1940 1980 πᾶσι

2052 1926 2381 1979 circumcisio
2402 1936 2450 1979 et
2467 1931 2811 1995 praeputium,
2838 1933 3096 1987 barbarus
3119 1947 3166 1988 et
3196 1935 3421 2007 Scytha,
3455 1919 3635 1996 servus

361 2016 639 2084 Xptc'toic.

2053 2028 2099 2070 et
2124 2018 2257 2070 liber
2285 2035 2302 2075 .'
2337 2020 2427 2072 sed
2444 2023 2621 2075 omnia
2653 2038 2700 2075 et
2724 2025 2777 2076 in
2805 2027 3047 2080 omnibus
3070 2026 3310 2084 Christus
3341 2034 3381 2085 ².

435 2108 667 2174 Τρίτον,
740 2104 966 2174 ἀρίθμει
1062 2106 1143 2169 τδ,
1191 2104 1428 2174 μεῖζον
1498 2108 1761 2176 τέταρτον
1845 2106 1947 2172 τὸ,

2147 2110 2331 2165 Τοπιίο
2393 2113 2513 2167 loco
2582 2130 2767 2169 Vocem
2826 2117 2968 2171 hanc
3005 2157 3020 2180 ,
3083 2121 3257 2189 major
3294 2122 3315 2152 ³
3348 2164 3361 2187 ,
3415 2139 3630 2177 nume-

360 2198 513 2250 Θεόν
544 2214 663 2265 μου
717 2196 817 2250 καὶ
887 2195 1035 2249 Θεὸν
1090 2198 1279 2265 ὑμῶν.
1336 2196 1398 2248 El
1441 2195 1542 2262 μὲν
1594 2192 1689 2249 οὖν
1735 2199 1951 2266 μείζων

2054 2211 2219 2255 rant:
2250 2218 2447 2271 quarto
2475 2205 2625 2268 item,
2663 2206 2829 2260 Deum
2867 2224 3037 2261 metu»
3061 2223 3109 2263 et
3144 2215 3310 2265 Deum
3346 2213 3627 2270 vertrum‘.

367 2286 465 2354 μὲν
495 2283 729 2349 ἐλέγετο,
768 2278 843 2348 μὴ
897 2280 1008 2344 ἴσος
1170 2283 1248 2347 δὲ,
1289 2283 1429 2353 τάχα
1470 2284 1534 2338 ἂν
1575 2282 1642 2356 ἦν
1686 2307 1737 2341 τι
1777 2292 1936 2345 τοῦτο

2063 2299 2223 2360 Sane,
2256 2298 2297 2349 si
2325 2294 2492 2360 major
2519 2295 2737 2364 quidem
2765 2296 3053 2357 diceretur,
3098 2310 3199 2348 non
3226 2298 3351 2348 item
3380 2297 3624 2364 aequalis,

363 2377 582 2439 αὐτοῖς·
622 2377 671 2429 εἰ
707 2375 764 2430 δὲ
805 2376 1089 2448 ἀμφότερα
1138 2377 1325 2445 σαφῶς
1370 2379 1717 2450 εὑρίσκομεν,
1751 2383 1804 2436 τί
1839 2386 1942 2455 φή-

2060 2391 2287 2443 fortasse
2317 2388 2422 2440 vim
2460 2387 2693 2454 aliquam
2744 2387 2966 2439 haberet
3000 2388 3139 2454 quod
3193 2386 3447 2440 afferunt.
3489 2387 3621 2440 Cum

364 2484 548 2519 σουσιν
581 2466 630 2519 οἱ
663 2467 946 2535 γεννάδαι;
977 2466 1029 2518 τί
1062 2465 1123 2518 τὸ
1157 2467 1375 2538 ἰσχυρὸν
1405 2470 1624 2535 αὑτοῖς;
1658 2472 1775 2535 πῶς
1806 2492 1943 2544 συμ-

2059 2484 2233 2527 autem
2261 2483 2549 2540 utrumque
2583 2473 2807 2525 inveniri
2842 2472 3046 2540 liquido
3100 2473 3481 2541 constet,quid
3506 2484 3624 2526 tan-

367 2564 592 2633 ϐήσεται
624 2563 694 2633 τὰ
716 2564 1040 2634 ἀσύμϐατα;
1063 2565 1123 2616 τὸ
1144 2563 1252 2632 γὰρ
1282 2561 1413 2616 αὐτὸ
1438 2562 1531 2615 τοῦ
1557 2562 1717 2615 αὐτοῦ
1743 2564 1942 2633 ὁμοίως

2061 2565 2181 2618 dem
2214 2564 2456 2631 generosi
2491 2563 2737 2615 homines
2790 2562 3012 2616 dicent?
3041 2564 3179 2628 Quid
3229 2564 3435 2616 roboris
3469 2565 3626 2617 hahe-

368 2654 553 2722 μεῖξον
589 2655 683 2707 xui.
717 2656 829 2708 ἴσον
858 2651 1017 2717 εἶναι,
1047 2654 1156 2706 τῶν
1181 2655 1486 2708 ἀδυνάτων·
1513 2652 1745 2723 ἢδῆλον,
1774 2655 1853 2706 ὅτι
1883 2654 1941 2706 τὸ

2060 2656 2226 2711 bunt?
2275 2654 2553 2720 Quomodo
2596 2655 2952 2716 convenient,
3010 2669 3130 2722 rpite
3185 2655 3475 2709 convenire
3522 2669 3616 2708 ne-

370 2743 554 2811 μείζον
582 2744 683 2812 μέν
711 2745 824 2797 ἐστι
856 2744 953 2812 τῆς
980 2744 1176 2805 αἰτίας,
1209 2743 1269 2793 τὸ
1300 2744 1356 2795 δὲ
1390 2743 1523 2807 ἴσον,
1552 2743 1652 2810 τῆς
1687 2743 1900 2810 φύσεως
1924 2760 1972 2808 ;-

2060 2745 2293 2812 queunt?
2337 2743 2481 2796 Idem
2522 2742 2664 2795 enim
2695 2741 2872 2807 seipse
2920 2741 3113 2807 majus,
3154 2742 3464 2809 pariterque
3521 2741 3622 2793 sibi

366 2833 462 2883 καὶ
510 2830 670 2885 τοῦτο
718 2834 821 2886 ὑπὸ
867 2833 1066 2903 πολλῆς
1112 2832 1527 2902 εὐγνωμοσύνης
1570 2828 1942 2903 ὁμολογοῦμεν

2060 2837 2159 2905 ipsi
2177 2833 2398 2902 aequale,
2431 2833 2543 2887 ﬁeri
2577 2847 2681 2889 non
2704 2841 2898 2899 potest.
2929 2829 3115 2884 Nonne
3135 2846 3262 2898 ergo
3283 2832 3620 2897 perspicumn

364 2922 545 2989 ἡμεῖς.
577 2922 729 2992 Τάχα
769 2923 812 2975 δ’
861 2923 925 2976 ἂν
964 2924 1107 2975 εἴποι
1156 2941 1239 2986 τις
1284 2923 1441 2986 ἄλλος
1629 2923 1707 2993 τῷ
1745 2925 1944 2995 ἡμετέ-

2057 2936 2136 2978 est
2168 2924 2385 2990 majoris
2425 2937 2605 2978 vocem
2666 2924 2733 2975 ad
2785 2936 3029 2984 causam,
3084 2921 3307 2987 aaqttulis
3337 2932 3519 2972 autem
3554 2921 3618 2972 ad

364 3027 442 3080 ρῳ
602 3012 747 3082 λόγῳ
774 3014 1232 3083 προσφιλονεικῶν
1276 3051 1292 3075 ,
1431 3012 1505 3082 μὴ
1546 3014 1765 3070 ἔλαττον
1802 3011 1942 3068 εἶναι

2059 3024 2308 3069 naturam
2354 3012 2691 3067 referendam
2725 3012 2883 3066 esse?
2938 3010 3015 3065 Ae
3072 3026 3168 3063 nos
3203 3009 3341 3062 istud
3398 3010 3630 3076 ingenue

365 3100 423 3151 τὸ
451 3102 517 3153 ἐκ
543 3102 798 3172 τοιαύτης
823 3104 999 3165 αἰτίας
1024 3099 1163 3155 εἶναι
1199 3101 1291 3153 τοῦ
1315 3103 1574 3155 ἀναιτί⁰υ⁶
1745 3107 1854 3174 Τῆς
1884 3124 1947 3158 τε

2011 3151 2013 3164 ,
2058 3104 2346 3159 admodum
2380 3111 2433 3157 et
2462 3103 2686 3156 candide
2740 3102 3083 3155 confitemur.
3141 3097 3397 3152 Fortasse
3436 3106 3613 3150 autem

405 3149 416 3151 —
455 3149 516 3153 —--
555 3149 795 3172 -—-v~v~-.:
824 3149 996 3165 ννν-ννντ
1026 3149 1162 3155 --ννν-
1211 3149 1285 3153 *σν
1318 3149 1574 3155 ντ-ν---ην-
1756 3149 1852 3174 -Ἱτ
1895 3149 1947 3158 ’ν

358 3187 468 3257 γὰρ
492 3186 587 3238 τοῦ
618 3187 855 3254 ἀνάρχου
882 3185 1039 3255 δόξης
1075 3186 1289 3255 μετέχοι
1320 3189 1407 3249 ἂν,
1434 3190 1516 3241 ὅτι
1545 3192 1609 3244 ἐκ
1652 3193 1747 3246 τοῦ
1778 3196 1942 3263 ἀνάρ-

2050 3195 2246 3247 dixerit
2278 3193 2418 3245 alius
2443 3192 2745 3259 quispiam,
2800 3201 3109 3239 sermonem
3375 3194 3618 3235 nostrum

362 3292 453 3343 χου
470 3292 484 3305 ο
509 3275 606 3327 καὶ
626 3273 914 3344 πρόσεστιν
939 3276 971 3344 ἡ
996 3275 1268 3346 γέννησις,
1297 3279 1531 3348 πρᾶγμα.
1677 3286 1899 3337 τοσοῦτο
1924 3318 1941 3342 ,

2048 3284 2244 3339 acriori
2275 3282 2439 3335 animi
2475 3278 2823 3335 contentione
2870 3290 3222 3344 prosequens,
3273 3274 3495 3327 inferius
3524 3272 3628 3325 ha-

363 3367 470 3427 τοῖς
502 3381 565 3431 τε
614 3363 739 3416 νοῦν
792 3364 995 3433 έχουσι,
1045 3366 1140 3417 καὶ
1190 3364 1333 3419 οὓτω
1523 3369 1834 3441 σεϐάσμιον.
1869 3372 1942 3424 Τὸ

2050 3374 2284 3428 bendum
2320 3388 2421 3425 non
2455 3385 2598 3435 esse,
2633 3371 2699 3421 ab
2727 3368 3033 3435 hujusmodi
3074 3381 3259 3426 causa,
3301 3379 3476 3417 causa:
3502 3380 3621 3416 om—

365 3454 473 3523 γὰρ
505 3454 567 3525 δὴ
600 3454 801 3522 λέγειν,
829 3456 910 3507 ὅτι
935 3454 1029 3508 τοῦ
1056 3457 1193 3509 κατὰ
1221 3458 1311 3510 τὸν
1335 3455 1620 3532 ἄνθρωπον
1651 3462 1941 3531 νοουμένου

2051 3465 2135 3517 nis
2165 3472 2409 3529 experte,
2433 3459 2726 3529 proﬁcisci.
2750 3456 2881 3509 Nam
2913 3466 2967 3509 et
2999 3455 3126 3523 quia
3157 3455 3224 3507 ab
3248 3467 3332 3517 eo,
3361 3453 3451 3520 qui
3472 3454 3621 3521 prin-

373 3545 565 3610 μείζων
604 3586 619 3607 ,
758 3544 955 3613 ἀληθὲς
1000 3546 1117 3615 μὲν,
1158 3548 1219 3600 ού
1268 3548 1411 3617 μέγα
1446 3549 1533 3600 δέ’
1568 3549 1620 3602 τί
1656 3549 1765 3621 γὰρ
1808 3551 1942 3604 θαυο

2051 3552 2194 3618 cipio
2218 3560 2408 3612 caret,
2468 3549 2734 3614 originem
2792 3545 2977 3605 trahit,
3018 3544 3134 3610 ejus
3188 3557 3403 3609 quoque
3438 3542 3623 3609 glorim

380 3632 589 3699 μαστὸν,
614 3635 661 3686 εί
690 3635 891 3704 μείζων
910 3635 1195 3706 ἀνθρώπου
1223 3638 1353 3700 Θεός
1378 3657 1391 3700 ;
1418 3638 1602 3691 Ταῦτα
1625 3640 1723 3710 μὲν
1845 3639 1941 3693 οὖν

2049 3650 2257 3708 partem
2297 3640 2397 3691 sibi
2434 3638 2707 3691 vindicat:
2737 3646 2792 3689 et
2818 3634 3028 3687 accedit
3059 3635 3280 3701 insuper
3314 3632 3622 3701 generatio-

380 3723 600 3791 εἰρήσθω
630 3725 767 3796 πρὸς
794 3725 917 3788 τοὺς
945 3726 1005 3778 τὸ
1027 3726 1226 3795 μεῖζον
1256 3730 1656 3799 κομπάζοντας.

2051 3734 2138 3784 nis
2174 3730 2555 3800 praerogativa,
2588 3741 2672 3781 res
2709 3735 2882 3783 tanta,
2948 3733 3165 3789 tamque
3200 3722 3525 3781 veneranda,
3557 3720 3628 3773 iis

376 3816 580 3877 quidem
618 3828 784 3877 certe,
831 3818 919 3885 qui
975 3830 1150 3873 mente
1183 3821 1388 3887 praediti
1424 3831 1569 3875 sunt.
1616 3821 1773 3888 Nam,
1803 3823 1943 3890 quod
1986 3824 2197 3877 ratione
2224 3820 2577 3876 humanitatis
2608 3818 2766 3871 Pater
2834 3815 2969 3869 Filio
3018 3813 3207 3882 .major
3246 3811 3627 3879 intelligendus

370 3905 458 3965 sit,
492 3920 613 3959 vere
652 3909 869 3974 quidem
901 3908 1004 3961 dici
1043 3919 1238 3977 potest,
1277 3912 1369 3963 sed
1430 3928 1533 3964 non
1582 3914 1801 3982 perinde
1838 3914 2174 3968 honorifice:
2207 3913 2333 3984 quid
2403 3912 2545 3966 enim
2577 3911 2795 3969 mirum,
2859 3907 3023 3960 Deum
3093 3905 3307 3959 homine
3364 3901 3625 3969 majorem

367 3996 525 4051 esse?
560 3998 736 4064 Atque
778 4000 890 4053 haec
923 4001 1051 4053 mihi
1085 4000 1228 4053 diota
1256 4004 1361 4054 sint
1409 4004 1669 4058 adversus
1698 4019 1810 4063 eos,
1844 4006 1937 4073 qui
1980 4006 2204 4075 majoris
2240 4020 2423 4059 vocem
2452 4000 2770 4056 insolentius
2795 3996 3021 4065 iactant.

545 4086 676 4150 Geo;
708 4088 764 4141 δὲ
797 4089 1008 4156 λέγοιτο
1035 4090 1120 4153 ἂν,
1156 4093 1217 4144 οὐ
1247 4091 1339 4144 τοῦ
1385 4095 1580 4161 Λόγου,
1608 4095 1703 4148 τοῦ
1729 4096 1942 4167 ὁρωμέ-

2292 4095 2444 4161 Quod
2486 4102 2667 4148 autem
2721 4093 2788 4144 ad
2854 4088 3076 4141 alteram
3134 4092 3340 4153 partem
3388 4083 3602 4145 attinet,

366 4195 457 4230 νου
483 4176 539 4227 δέ
563 4194 576 4206 ⁸
614 4178 731 4241 πῶς
760 4179 869 4250 γὰρ
896 4180 959 4232 ἂν
989 4180 1073 4250 εἴη
1096 4181 1191 4233 τοῦ
1225 4184 1429 4255 κυρίως
1465 4185 1597 4237 Θεοῦ
1628 4186 1788 4251 Θεόςς
1819 4187 1949 4237 Ὥσ-

2054 4188 2196 4241 Deus
2238 4186 2457 4247 dicitur,
2493 4198 2597 4235 non
2628 4181 2838 4234 ratione
2870 4176 3055 4239 Verbi,
3106 4175 3199 4228 sed
3230 4172 3399 4242 partis
3428 4188 3546 4239 quze
3572 4173 3624 4225 in

368 4286 469 4339 περ
519 4268 612 4321 καὶ
650 4270 863 4340 Πατὴρ,
909 4270 969 4322 οὐ
1017 4270 1112 4323 τοῦ
1152 4273 1450 4344 ὁρωμένου,
1493 4273 1588 4327 τοῦ
1629 4276 1801 4343 Λόγου
1850 4276 1906 4329 δέ
1931 4292 1945 4307 ⁶

2044 4276 2327 4331 oculorum
2370 4288 2586 4327 sensum
2660 4272 2807 4324 cadit
2870 4269 2999 4337 (quo
3046 4267 3188 4319 enim
3256 4264 3417 4317 modo
3463 4263 3623 4325 illius,

366 4363 459 4412 καί
492 4360 602 4431 γὰρ
642 4355 710 4431 ἦν
757 4361 1010 4424 διπλοῦς·
1053 4362 1195 4415 ὥστε
1236 4364 1296 4415 τὸ
1331 4365 1429 4434 μὲν
1471 4367 1675 4434 κυρίως
1717 4369 1805 4419 ἐπ’
1839 4368 1949 4437 ἁμ-

2049 4367 2137 4437 qui
2172 4364 2385 4432 preprie
2419 4364 2556 4416 Deus
2587 4370 2689 4421 est,
2726 4360 2866 4411 Deus
2896 4357 2997 4410 dici
3052 4363 3214 4423 queat
3236 4353 3304 4422 ?).
3360 4353 3628 4419 Quemad-

368 4457 483 4521 φοῖν
518 4495 534 4519 ,
639 4452 702 4505 τὸ
729 4453 786 4505 δὲ
812 4454 871 4506 ού
905 4455 1128 4525 κυρίως,
1165 4455 1422 4518 ἐναντίως
1455 4457 1486 4526 ἢ
1520 4457 1604 4525 ἐφ’
1630 4457 1788 4527 ἡμῶν
1811 4457 1943 4527 ἔχει.

2051 4455 2265 4509 modmn
2290 4452 2479 4509 Pater.
2507 4466 2610 4503 non
2642 4447 3013 4506 humanitatis,
3039 4445 3130 4498 sed
3170 4442 3330 4496 Verbi
3356 4451 3626 4513 respectu;

378 4516 570 4615 Ἧμῶν
598 4543 706 4614 γὰρ
733 4544 936 4615 κυρίως
972 4516 1066 4614 μὲν
1092 4516 1236 4609 ῨΘεδς
1277 4548 1304 4598 ὁ
1342 4516 1515 4609 Θεὸς,
1562 4516 1573 4525 '
1742 4516 1947 4617 xupiwg
1978 4517 1980 4568 ί

2050 4545 2249 4615 duplici
2287 4544 2483 4611 quippe
2509 4550 2699 4592 natura
2727 4538 3051 4603 constabat;
3087 4551 3194 4605 quo
3236 4536 3293 4588 fit
3320 4544 3373 4588 ut
3403 4536 3628 4588 alterum

366 4635 423 4687 δὲ
469 4637 681 4704 Πατήρ.
727 4637 837 4688 Καὶ
879 4636 1036 4688 τοῦτό
1078 4639 1223 4689 ἐστιν
1253 4636 1281 4689 ὃ
1314 4640 1459 4690 ποιεῖ
1494 4640 1607 4701 τοῖς
1650 4640 1951 4708 αἱρετικοῖς

2048 4639 2115 4692 de
2144 4652 2207 4690 eo
2240 4635 2456 4703 proprie
2491 4633 2727 4695 dicatur,
2784 4630 3014 4682 alterum
3066 4628 3395 4695 impmprie:
3438 4635 3628 4678 contra

366 4727 465 4795 τὴν
498 4726 729 4797 πλάνην,
763 4728 796 4796 ή
825 4725 934 4779 τῶν
966 4727 1244 4797 ὀνομάτων
1279 4728 1575 4794 ἐπίζευξις,
1618 4729 1950 4782 ἐπαλλαττο-

2049 4743 2210 4797 quam
2239 4726 2291 4779 in
2327 4724 2481 4777 nobis
2506 4736 2563 4775 se
2588 4734 2675 4773 res
2707 4718 2890 4772 habet.
2918 4719 3059 4771 Deus
3087 4718 3230 4770 enim
3252 4715 3467 4784 proprie
3486 4714 3626 4767 Dens

372 4816 549 4885 μένων
582 4815 691 4867 τῶν
721 4815 995 4884 ὀνομάτων
1018 4816 1104 4868 διὰ
1128 4821 1227 4886 τὴν
1262 4816 1582 4887 σύγκρασιν.
1612 4818 1844 4887 Σημεῖον
1870 4818 1949 4881 δὲ,

2049 4827 2233 4871 noster
2267 4823 2371 4875 est,
2411 4826 2514 4865 non
2551 4820 2730 4862 autem
2760 4808 2976 4877 proprie
2997 4807 3180 4859 Pater.
3221 4806 3397 4871 Atque
3425 4806 3526 4859 hoc
3547 4811 3630 4858 est

366 4907 532 4975 ἡνίκα
570 4907 626 4959 αἱ
668 4905 859 4973 φύσεις
1012 4907 1310 4960 διίστανται
1342 4911 1462 4970 ταῖς
1502 4909 1789 4971 ἐπινοίαις,
1828 4926 1953 4960 συν-

2050 4910 2190 4978 quod
2228 4906 2506 4960 hmreticos
2565 4902 2617 4955 in
2663 4913 2905 4953 errorem
2956 4897 3181 4960 inducit,
3225 4910 3416 4963 nempe
3456 4895 3632 4948 nomi-

367 4986 659 5069 διαιρεῖται
691 4998 786 5050 καὶ
813 4997 881 5051 τὰ
903 4997 1160 5068 ὀνόματα.
1186 4999 1399 5052 Παύλου
1423 4999 1673 5066 λέγοντος
1697 5000 1949 5053 ἄκουσον*

2055 5012 2180 5049 num
2211 4998 2403 5048 horum
2464 4989 2807 5058 coniunctio,
2848 4985 3171 5055 permutatis
3201 4984 3452 5037 videlicet
3491 4984 3632 5036 inter

368 5088 496 5141 Ἵνα
530 5091 563 5141 δ
596 5088 739 5154 Θεὸς
772 5088 879 5143 τοῦ
911 5090 1132 5158 Κυρίου
1168 5088 1335 5158 ἡμῶν
1372 5089 1567 5154 Ἰησοῦ
1611 5091 1891 5155 Χριστοῦ,
1922 5094 1956 5144 ὀ

2052 5103 2111 5141 se
2143 5085 2456 5140 nominibus
2496 5088 2712 5153 propter
2751 5081 3038 5145 utriuSque
3090 5085 3296 5129 naturae
3337 5073 3630 5129 connexio-

367 5177 572 5245 Πατὴρ
612 5178 721 5245 τῆς
754 5178 957 5245 δόξης.
1005 5179 1240 5249 Χριστοῦ
1274 5180 1371 5249 μὲν
1397 5178 1550 5240 Θεὸς,
1586 5179 1686 5247 τῆς
1716 5181 1770 5232 δὲ
1798 5180 1956 5250 δόξης

2058 5193 2202 5232 nem.
2242 5178 2574 5245 Argumenta
2612 5181 2719 5235 est,
2756 5171 2897 5239 quod
2945 5184 3066 5223 cum
3122 5179 3326 5221 naturae
3346 5167 3526 5220 animo
3576 5174 3630 5219 et

369 5264 596 5336 Πατήρ¹
633 5268 681 5318 εἰ
716 5268 824 5337 γὰρ
864 5269 957 5321 καὶ
988 5268 1049 5320 τὸ
1084 5269 1493 5339 συναμφότερον
1524 5266 1581 5321 ἓν
1617 5304 1633 5329 ,
1749 5269 1862 5322 ἀλλ’
1892 5271 1954 5322 οὐ

2053 5269 2383 5337 cogitatione
2418 5266 2831 5331 distinguuntur
2860 5300 2875 5323 ,
2918 5259 3075 5314 simul
3137 5273 3349 5328 quoque
3412 5256 3629 5310 nomina

367 5356 434 5425 τῇ
468 5356 651 5423 φύσει,
686 5358 752 5427 τῇ
794 5356 850 5409 δὲ
894 5358 1094 5428 συνόδῳ
1122 5358 1347 5412 τούτων.
1379 5356 1447 5410 Τί
1475 5357 1540 5409 ἂν
1570 5356 1783 5424 γένοιτο
1814 5376 1955 5427 γνω-

2052 5357 2393 5410 dividuntur.
2444 5354 2583 5407 Audi
2644 5351 2870 5405 Paulum
2925 5349 3008 5403 his
3070 5349 3252 5401 verbis
3285 5347 3630 5415 loquentem.

371 5445 715 5515 Ρίμώτερονῖ
2058 5447 2119 5502 Ut
2153 5448 2292 5501 Deus
2322 5446 2532 5499 Domini
2564 5444 2730 5498 nostri
2754 5444 2883 5496 Jesu
2932 5438 3152 5505 Christi,
3203 5437 3364 5497 Pater
3406 5435 3494 5490 ille
3519 5434 3632 5504 git»

372 5540 466 5592 ria:
522 5538 643 5592 ’.ιε
670 5544 745 5593 ies
785 5542 1053 5609 quomodo
1089 5540 1288 5594 Christi
1320 5541 1537 5608 quidem
1574 5540 1737 5601 Deus,
1761 5539 1946 5608 gloria:
1979 5549 2157 5592 autem
2196 5539 2354 5592 Pater
2393 5539 2639 5591 dicatur:
2677 5536 2923 5601 quamvis
2956 5534 3097 5585 enim
3130 5530 3244 5584 haec
3304 5530 3411 5583 duo
3465 5540 3632 5580 unum

373 5628 625 5690 alliciant,
669 5630 720 5680 id
761 5640 941 5682 tamen
988 5646 1090 5682 ttntt
1134 5640 1322 5682 natura
1352 5634 1429 5694 lit,
1491 5631 1584 5685 sed
1617 5645 1799 5683 eorum
1835 5630 2083 5685 coitione.
2119 5632 2255 5697 Quid
2305 5631 2387 5684 his
2417 5628 2658 5698 apertius
2710 5635 2763 5679 et
2808 5622 3145 5679 manifestius
3170 5636 3289 5672 esse
3308 5617 3501 5687 queat?

454 5713 711 5782 Πέμπτον
779 5715 1021 5783 λεγέσθω
1076 5715 1155 5782 τὸ,
1218 5716 1518 5785 λαμϐάνειν
1570 5716 1729 5769 αὑτὸν
1783 5715 1951 5786 ζωὴν,

2169 5716 2426 5782 Quintum
2496 5718 2832 5772 numeretur,
2895 5705 3039 5774 quod
3095 5704 3254 5757 vitam
3295 5704 3340 5769 ⁸,
3394 5710 3485 5756 aut
3538 5700 3630 5771 ju-

455 5925 475 5957 ί
506 5922 523 5976 l
556 5922 679 5978 Cor.
710 5937 800 5989 xv,
832 5920 921 5977 9.8.
955 5922 974 5952 ’
1004 5919 1175 5977 Gatat.
1214 5926 1296 5985 tu,
1328 5920 1419 5979 28.
1470 5922 1489 5954 ³
1518 5919 1677 5979 Joan.
1722 5938 1831 5995 xiv,
1857 5922 1946 5980 28.
1997 5921 2015 5952 ⁸
2046 5920 2205 5978 Joan.
2235 5936 2328 5987 xx,
2354 5920 2439 5974 l7.
2500 5919 2517 5949 ⁸
2546 5918 2745 5989 Epltes.
2783 5931 2817 5982 ι,
2846 5914 2933 5970 l7.
2990 5917 3011 5947 ο
3041 5913 3197 5972 Joan.
3227 5929 3279 5980 ν,
3316 5911 3409 5969 26.
