4064 6438
319 389 426 452 583
1577 387 1675 445 EU
1690 385 1943 444 l‘HYMIl

2028 384 2373 446 IIGABENI
3465 383 3573 446 ὅθί

320 521 518 575 dicium
545 519 563 552 ⁸
595 559 610 582 ,
636 531 730 573 aut
771 519 1007 589 gentium
1038 516 1408 571 haereditatem
1454 515 1475 544 ¹
1509 553 1522 576 ,
1575 525 1664 567 aut
1705 517 1884 571 carnis
1917 518 1943 568 tl.

2060 512 2262 584 κρίσιν,
2303 513 2336 584 ἢ
2385 513 2746 585 κληρονομίαν
2787 511 2978 577 ἐθνῶν,
3014 514 3048 587 ἢ
3099 512 3350 579 ἐξουσίαν
3393 515 3575 586 πάσης

319 612 498 664 omnis
537 617 862 677 potestatem
910 613 957 671 ³,
984 614 1075 658 aut
1100 605 1326 674 gloriam
1366 610 1419 669 ⁸,
1449 613 1542 658 aut
1579 604 1892 675 discipulos,

2029 603 2215 674 αρκὸς,
2244 603 2278 675 ἢ
2304 603 2479 670 δόξαν,
2504 603 2537 675 ἢ
2571 603 2835 674 μαθητὰς,
2866 604 2898 673 ἢ
2933 605 3034 658 ὅσα
3061 605 3301 675 λέγεται,
3335 605 3432 659 καὶ
3455 604 3578 658 ’τοῦ⁸

320 709 622 766 canet-aque
653 695 892 764 ejusdem
951 695 1187 764 generis,
1223 695 1474 763 accipere
1523 693 1754 760 dicitur;
1793 696 1894 750 hoc

2028 711 2055 747 ο
2181 695 2279 765 τῆς
2311 695 2747 766 ἀνθρωπότητος.
2777 696 2838 748 Εί
2864 694 2920 747 δὲ
2945 697 3038 748 καὶ
3060 695 3138 766 τῷ
3163 695 3282 768 Θεῷ
3398 693 3542 762 δοίης
3558 732 3574 755 ν

319 804 535 861 quoque
573 790 640 842 ad
683 787 1071 842 humanitatem
1099 795 1326 856 spectat.
1352 784 1672 855 Quanquam
1701 797 1759 840 ut
1782 789 1895 843 haec

2028 787 2095 838 ὐκ
2140 787 2375 840 ἄτοπον·
2403 787 2463 838 οὐ
2513 786 2622 859 γὰρ
2670 786 2745 850 ὡς
2795 786 3065 857 ἐπίκτητα
3104 785 3316 852 δώσεις,
3355 785 3468 840 ἀλλ’
3501 786 3576 850 ὠς

321 883 486 936 etiam
521 881 630 936 Deo
668 881 990 943 tribuamus,
1027 879 1171 934 nulla
1201 879 1326 934 inde
1359 880 1666 936 absurdius
1705 897 1896 936 conse-

2028 878 2093 930 ιπ’
2145 879 2318 949 ἀρχῆς
2371 880 2787 951 συνυπάρχοντα
2834 915 2851 940 ,
2989 881 3082 934 καὶ
3135 880 3281 951 λόγῳ
3333 879 3576 949 φύσεως,

319 982 515 1040 quetur
538 989 551 1024 :
578 987 682 1026 non
714 973 854 1025 enim
884 971 1031 1025 velut
1081 971 1310 1026 ascititia
1343 971 1392 1025 ei
1449 971 1769 1036 tribuemus,
1800 973 1894 1026 sed

2028 969 2113 1021 ιλλ’
2144 970 2204 1021 οὐ
2239 970 2479 1041 χάριτος.

319 1064 465 1116 velut
489 1078 610 1132 qua:
631 1079 660 1116 a
691 1064 954 1131 principio
981 1077 1086 1117 una
1116 1078 1237 1116 cum
1267 1063 1384 1122 ipso
1426 1063 1754 1130 exstiterint,
1786 1078 1893 1116 non

321 1153 532 1207 ratione
562 1152 772 1221 gratiae,
803 1153 898 1205 sed
924 1160 1152 1206 natura.

499 1243 666 1298 Sexto
707 1243 826 1296 loco
859 1252 1113 1310 ponatur,
1141 1241 1283 1310 quod
1317 1239 1440 1294 Non
1472 1250 1636 1308 potest
1662 1238 1832 1294 Filius
1860 1257 1894 1294 a

317 1335 490 1402 seipso
514 1333 688 1402 facere
714 1334 1020 1402 quidquam,
1047 1333 1148 1384 nisi
1167 1332 1220 1383 id
1250 1332 1432 1384 viderit
1457 1331 1666 1384 Patrem
1697 1331 1894 1400 facien-

319 1439 420 1478 tem
475 1423 520 1478 '.
551 1423 681 1490 Quae
709 1425 869 1478 verba
897 1422 1159 1490 ejusmodi
1190 1437 1348 1477 sensu
1379 1423 1695 1492 explicanda
1719 1433 1847 1476 sunt.
1875 1440 1889 1474 :

321 1516 505 1581 I’osse,
537 1517 621 1572 vel
639 1533 741 1570 non
764 1532 934 1585 posse,
965 1529 1072 1570 non
1099 1531 1209 1570 uno
1247 1515 1405 1569 modo
1427 1514 1628 1569 dicitur
1651 1530 1665 1580 ;
1691 1516 1891 1568 variam

319 1610 464 1662 enim
499 1623 562 1663 ac
623 1607 974 1678 multiplicem
1012 1607 1464 1678 signiﬁcationem
1527 1607 1706 1661 habet.
1751 1605 1896 1660 Noll-

321 1714 599 1767 nunquam
826 1699 970 1752 enim
1029 1698 1325 1752 secundum
1367 1697 1566 1751 virium
1623 1697 1893 1752 defectum

328 1793 550 1854 dicitur,
576 1798 632 1844 et
669 1791 803 1844 certi
839 1789 1098 1856 temporis
1128 1802 1190 1841 ac
1241 1800 1489 1854 personas
1552 1787 1760 1842 ratione
1799 1788 1896 1840 ha-

2028 1792 2086 1855 τὸ,
2120 1793 2193 1863 μὴ
2221 1793 2480 1847 δύνασθαι
2529 1793 2590 1846 τὸ
2637 1793 2850 1845 παιδίον
2877 1791 3080 1854 ἀθλεῖν,
3115 1790 3148 1860 ἢ
3187 1790 3246 1843 τὸ
3294 1789 3588 1843 σκυλάκιον

323 1876 430 1930 bita
459 1894 472 1928 :
510 1887 566 1929 ut
600 1876 743 1945 quod
778 1889 910 1944 puer
956 1875 1153 1928 luctari
1187 1889 1292 1928 non
1325 1876 1515 1944 possit,
1562 1884 1655 1929 aut
1687 1877 1896 1930 catulus
1932 1884 1943 1938 1

2028 1881 2246 1948 ῐλέπειν,
2278 1883 2310 1954 ἦ
2346 1884 2486 1954 πρὸς
2531 1884 2684 1937 τόνδε
2718 1881 3166 1951 διαγωνίζεσθαι·
3209 1881 3433 1951 ἀθλήσει
3476 1880 3586 1951 γὰρ

318 1982 570 2032 eernere,
606 1980 845 2021 autcum
869 1966 1050 2036 aliquo
1083 1967 1379 2022 dimicare:
1427 1967 1722 2022 luctabitur
1749 1968 1891 2022 enim

2028 1974 2140 2036 ’σως
2175 1976 2323 2039 ποτὲ,
2361 1975 2454 2028 καὶ
2479 1976 2689 2044 ὄψεται,
2719 1975 2814 2028 καὶ
2853 1967 3218 2042 διαγωνιεῖται
3248 1973 3384 2041 πρὸς
3413 1971 3586 2037 τόνδε,

322 2060 554 2112 fortasse
583 2047 896 2126 aliquando,
935 2065 992 2112 et
1023 2068 1229 2126 cernet,
1271 2067 1328 2113 et
1357 2073 1478 2114 cum
1519 2058 1622 2113 hoc
1662 2058 1893 2114 dimica-

2028 2065 2112 2118 ιάν
2137 2066 2272 2137 πρὸς
2295 2066 2478 2134 ἕτερον
2511 2067 2787 2129 ἀδυνάτως
2816 2065 2935 2136 ἔχῃ.
2966 2066 3038 2117 Τὸ
3067 2065 3144 2129 δὲ,
3180 2063 3256 2126 ὡς
3297 2064 3387 2115 ἐπὶ
3432 2061 3588 2114 πλεῖ-

319 2151 422 2212 bit,
459 2149 672 2203 etiamsi
715 2164 836 2202 cum
893 2148 1065 2202 altero
1100 2159 1350 2217 nequeat.
1404 2147 1677 2203 Interdum
1732 2150 1795 2202 de
1829 2163 1894 2203 eo

2028 2173 2156 2224 ττον,
2191 2158 2266 2220 ὡς
2291 2159 2378 2211 τό·
2427 2161 2508 2212 Οὐ
2535 2159 2784 2212 δύναται
2819 2159 2996 2223 πόλις
3029 2155 3319 2224 κρυϐῆναι
3343 2154 3434 2206 ἐπ’
3469 2153 3590 2207 ἄνω

320 2242 540 2302 dicitur,
565 2239 707 2307 quod
748 2253 1125 2307 saepenumero
1150 2240 1433 2309 contingit,
1473 2249 1532 2293 ut
1575 2239 1731 2292 illud:
1768 2236 1893 2292 Non

2028 2245 2187 2315 Σρους
2217 2247 2480 2316 κειμένη.
2511 2247 2666 2317 Τάχα
2689 2249 2796 2319 γὰρ
2829 2246 2893 2300 ἂν
2923 2247 3018 2300 καὶ
3039 2244 3306 2317 κρυφθείη
3339 2262 3444 2308 τις,
3475 2247 3592 2297 ὲπι-

323 2329 490 2384 potest
521 2321 705 2375 civitas
736 2323 989 2376 abscondi
1013 2340 1172 2392 supra
1202 2337 1426 2379 montem
1463 2329 1634 2396 posita
1690 2327 1732 2382 '.
1753 2329 1898 2384 Fieri

2028 2329 2365 2402 ιροσθοῦντος
2402 2329 2664 2398 μείζονος.
2699 2327 2772 2380 Τὸ
2796 2327 2872 2394 δὲ,
2897 2327 2973 2391 ὡς
3005 2328 3105 2380 οὐκ
3133 2327 3376 2394 εὔλογον,
3405 2325 3481 2388 ὠς
3507 2328 3593 2378 τό·

325 2409 468 2462 enim
509 2419 704 2477 potest,
733 2421 789 2465 ut
816 2415 1062 2481 quadam
1109 2415 1304 2470 civitas
1347 2417 1714 2472 abscondatur
1739 2459 1754 2484 ,
1785 2434 1900 2472 ma-

2028 2423 2081 2474 ιὺ
2133 2420 2421 2474 δύνανται
2469 2423 2522 2473 οὶ
2564 2419 2686 2474 υἱοὶ
2724 2418 2831 2474 τοῦ
2873 2417 3196 2487 νυμφῶνος
3244 2418 3590 2485 νηστεύειν,

322 2499 428 2565 jori
458 2501 712 2556 nimirum
751 2503 932 2573 aliquo
983 2515 1166 2560 monte
1213 2508 1381 2574 Ipsius
1427 2517 1704 2579 aspectum
1737 2510 1902 2578 impe-

2028 2512 2095 2578 φ’
2134 2511 2286 2563 ὅσον
2328 2507 2590 2576 ἔνδημος
2632 2511 2664 2561 ὀ
2708 2507 3003 2576 νυμφίος·
3035 2505 3144 2558 εἴτε
3195 2506 3224 2557 ὁ
3267 2501 3594 2573 σωματικῶς

325 2589 525 2644 diente.
550 2590 892 2662 Impossibile
917 2596 1082 2650 etiam
1129 2596 1349 2661 dicitur,
1408 2600 1550 2667 quod
1583 2591 1809 2653 minime
1831 2614 1904 2652 aa-

2028 2599 2281 2671 ιρὼμενος
2299 2601 2380 2669 (οὐ
2403 2599 2512 2670 γὰρ
2538 2597 2929 2660 κακοπαθείας,
2964 2596 3079 2651 ἀλλ’
3107 2593 3445 2667 εὐφροσύνης
3474 2611 3597 2646 και-

327 2695 493 2747 quum
525 2690 630 2748 est,
655 2685 964 2754 rationique
997 2698 1458 2752 consentaneum;
1501 2691 1656 2756 cujus
1692 2689 1906 2757 generis

2028 2691 2106 2753 >ὸς
2129 2692 2158 2742 ὁ
2184 2690 2288 2758 τῆς
2330 2688 2677 2759 ἐπιδημίας),
2725 2689 2834 2740 εἴτε
2869 2687 2945 2752 ὡς
2988 2690 3017 2741 ὁ
3058 2689 3232 2755 Λόγος
3272 2685 3593 2755 νοούμενοςο

328 2782 414 2828 est
447 2773 610 2828 illud:
647 2775 770 2829 Non
793 2787 1006 2842 possunt
1037 2778 1140 2846 ﬁlii
1165 2779 1344 2845 sponsi
1359 2778 1627 2847 jejunare,
1673 2779 1907 2848 quandiu

2028 2779 2063 2832 :l
2095 2777 2205 2849 γάρ
2241 2777 2322 2830 δεῖ
2361 2775 2642 2848 νηστεύειν
2685 2776 3014 2847 σωματικῶς
3058 2777 3184 2839 τοὺς
3215 2775 3373 2844 Λόγῳ
3403 2773 3597 2827 meat-

327 2877 558 2931 prtesem
603 2873 680 2918 est
733 2881 954 2934 sponsus
1003 2871 1066 2933 ';
1119 2870 1232 2921 sive
1285 2881 1408 2922 eum
1475 2868 1765 2935 intelligas,
1813 2869 1908 2937 qui

2028 2871 2276 2941 ρομένους
2319 2890 2333 2939 ;
2477 2869 2549 2922 Τὸ
2572 2868 2650 2934 δὲ,
2684 2869 2760 2930 ὡς
2796 2868 3116 2940 ἀϐούλητον,
3149 2867 3226 2930 ὡς
3263 2866 3347 2930 τὸ,
3369 2866 3466 2931 Μὴ
3497 2865 3600 2920 δύ-

329 2955 611 3023 corporeis
649 2956 820 3011 oculis
870 2959 1112 3013 cernitur
1141 2959 1339 3029 (neque
1377 2959 1519 3012 enim
1548 2973 1802 3013 :erumnm
1831 2969 1912 3011 at-

2028 2965 2234 3016 νασθαι
2255 2961 2383 3016 ἐκεῖ
2396 2961 2613 3032 σημεῖα
2635 2961 2902 3030 ποιῆσαι,
2923 2961 3020 3016 διὰ
3042 2960 3158 3029 τὴν
3178 2960 3465 3014 ἀπιστίαν
3482 2957 3602 3012 τῶν

333 3060 445 3114 que
477 3043 785 3102 amictionis
820 3057 1033 3116 tempus
1065 3058 1184 3103 erat
1210 3048 1337 3101 illud
1366 3057 1598 3118 tempus,
1623 3063 1733 3117 quo
1754 3047 1914 3101 Chri-

2028 3051 2373 3121 Βεχομένων·
2391 3053 2579 3122 ἐπειδὴ
2594 3052 2704 3122 γὰρ
2724 3052 2817 3105 τοῦ
2846 3052 3255 3123 συναμφοτέρου
3283 3050 3440 3121 χρεία
3466 3051 3603 3121 πρὸς

335 3147 454 3191 stus
475 3151 595 3192 cum
623 3139 904 3207 discipulis
946 3139 1315 3208 versabatur),
1373 3139 1488 3193 sive
1510 3154 1633 3193 eum
1671 3147 1731 3192 ut
1776 3137 1914 3191 Ver-

2028 3143 2115 3206 ιάς
2147 3142 2341 3207 ἰάσεις,
2364 3143 2460 3197 καὶ⁸
2482 3143 2582 3212 τῆς
2604 3143 2711 3195 τῶν
2735 3143 3189 3212 θεραπευομένων
3221 3141 3478 3205 πίστεως,
3508 3142 3605 3195 καὶ

337 3226 464 3280 hum
487 3237 700 3296 spectes
725 3249 737 3284 :
770 3230 898 3297 quid
921 3230 1066 3283 enim
1094 3243 1190 3283 eos
1212 3241 1474 3296 corporeo
1493 3228 1652 3282 modo
1668 3229 1943 3297 jejunare‘

2028 3235 2119 3304 τῆς
2147 3233 2242 3286 τοῦ
2274 3232 2612 3306 θεραπευτοῦ
2776 3232 3078 3301 δυνάμεως,
3121 3230 3220 3283 οὐκ
3250 3229 3519 3300 ἐνεδέχετο
3543 3232 3606 3284 τὸ

339 3332 566 3374 necesse
598 3329 702 3382 est,
745 3321 836 3388 qui
863 3336 892 3374 a
918 3319 1099 3374 Verbo
1132 3318 1466 3388 purgantur?
1499 3317 1703 3384 Quarta
1751 3317 1919 3385 signi-

2028 3324 2208 3394 ἕτερον
2233 3324 2326 3377 τοῦ
2355 3323 2590 3392 συζύγου
2635 3321 2992 3384 ἐλλείποντος.
3021 3321 3133 3374 Οὐκ
3178 3317 3288 3373 οἶδα
3449 3321 3527 3383 δὲ,
3558 3324 3606 3375 εἰ

342 3411 598 3464 licatione
622 3411 725 3465 hoc
757 3410 873 3464 ﬁeri
907 3425 1012 3464 non
1052 3423 1211 3479 posse
1241 3409 1460 3473 dicitur,
1514 3425 1543 3462 a
1591 3424 1698 3474 quo
1734 3417 1922 3462 nostra

2028 3414 2100 3485 μὴ
2135 3414 2230 3467 καὶ
2260 3413 2418 3467 τοῦτο
2448 3413 2524 3485 τῷ
2581 3413 2786 3483 εὐλόγῳ
2829 3411 3183 3484 προσθετέον·
3221 3411 3280 3464 οὑ
3315 3410 3421 3482 γὰρ
3451 3410 3607 3463 εὔλο-

342 3501 596 3556 voluntas
621 3503 912 3566 abhorret;
944 3501 1347 3568 cujusmodiest
1369 3501 1536 3554 illud:
1565 3498 1692 3554 Non
1717 3510 1922 3569 poterat

2028 3519 2120 3571 γος
2171 3504 2313 3565 ἴασις
2353 3505 2470 3565 τοῖς
2524 3501 2945 3573 βλαϐησομένοις
2991 3500 3050 3567 ἐξ
3096 3500 3373 3562 ἀπιστίας.
3417 3498 3524 3552 Τοῦ
3551 3498 3608 3552 δὲ

2160 1243 2356 1296 Ἕκτον
2405 1243 2634 1296 τιθέσοω
2681 1244 2742 1297 τὸ
2785 1245 2871 1313 μὴ
2936 1245 3230 1298 δύνασθαι
3283 1244 3391 1297 τὸν
3443 1242 3581 1297 ne,»

2001 1334 2100 1402 ἀφ’
2143 1333 2360 1388 ἑαυτοῦ
2403 1335 2596 1388 ποιεῖν
2637 1334 2834 1404 μηδὲν
2873 1374 2888 1399 ,
3009 1335 3117 1387 ἐὰν
3160 1333 3246 1402 μή
3286 1351 3341 1386 τι
3369 1333 3578 1403 ,βλέπῃ

2000 1425 2109 1479 τὸν
2136 1424 2367 1493 Πατέρα
2390 1427 2696 1481 ποιοῦντα.
2731 1426 2900 1480 Τοῦτο
2932 1427 2987 1480 δὲ
3023 1426 3261 1479 τοιοῦτόν
3305 1427 3482 1478 ἐστιν·
3519 1427 3580 1478 οὐ

2001 1517 2109 1571 τῶν
2135 1518 2253 1570 καθ’
2285 1518 2381 1570 ἕνα
2409 1519 2608 1589 τρόπον
2632 1518 2963 1590 λεγομένων,
2995 1517 3055 1570 τὺ
3083 1517 3400 1580 δύνασθαι,
3433 1515 3466 1586 ἢ
3492 1517 3580 1586 μὴ

2002 1608 2324 1664 δύνασθαι·
2377 1610 2691 1682 πολύσημον
2737 1610 2813 1665 δέ.
2865 1611 2939 1662 Τὸ
2992 1610 3089 1679 μὲν
3132 1609 3240 1678 γάρ
3269 1625 3322 1660 τι
3365 1608 3583 1677 λέγεται

2004 1701 2148 1756 κατά
2179 1701 2460 1772 δυνάμεως
2498 1701 2752 1770 ἔλλειψιν,
2795 1701 2889 1754 καὶ
2933 1699 3086 1762 ποτὲ,
3119 1701 3213 1752 καὶ
3242 1699 3378 1770 πρός
3405 1715 3478 1761 τι,
3509 1697 3586 1760 ὡς

343 3591 456 3644 illic
485 3592 636 3662 signa
658 3592 829 3660 facere
851 3601 1061 3660 propter
1076 3591 1497 3644 incredulitatem
1524 3607 1704 3645 eorum
1755 3594 1806 3658 ⁸,
1831 3593 1920 3661 qui

318 3697 409 3747 ea
435 3683 814 3750 excipiebant:
867 3682 1122 3751 quoniam
1183 3682 1328 3736 enim
1377 3683 1442 3736 ad
1478 3682 1785 3737 morborum
1823 3684 1920 3738 de-

349 3774 624 3840 pulsiones
653 3783 942 3844 utrumque
971 3777 1232 3829 accedere
1270 3789 1495 3827 necesse
1525 3783 1628 3837 est,
1662 3788 1855 3843 nempe
1869 3782 1927 3828 ut

346 3873 401 3918 et
417 3867 602 3934 aegroti
633 3865 814 3934 ﬁdem,
841 3877 894 3920 et
922 3866 1114 3921 medici
1142 3866 1248 3918 vim
1276 3877 1328 3920 et
1349 3865 1656 3918 facultatem
1682 3865 1928 3919 medendi

349 3956 602 4015 aﬂ‘erant,
634 3956 834 4011 idcirco
867 3957 1117 4024 alterum,
1146 3958 1432 4013 deficiente
1473 3959 1664 4020 altero,
1710 3957 1931 4009 tninime

352 4049 722 4118 contingebat.
746 4047 900 4100 llaud
932 4051 1044 4103 scio
1080 4063 1281 4112 autem,
1339 4064 1404 4101 an
1449 4050 1549 4101 hoc
1577 4062 1796 4116 quoque
1825 4062 1929 4098 non

353 4139 754 4208 adjungendum
779 4140 870 4198 sit,
903 4139 966 4191 ad
998 4139 1050 4193 id
1080 4143 1220 4207 quod
1276 4137 1472 4192 rationi
1505 4145 1930 4191 consentaneum

352 4241 478 4284 est:
509 4244 684 4298 neque
712 4230 856 4282 enim
882 4230 949 4282 iis
981 4230 1302 4282 medicinam
1335 4227 1528 4281 alierre
1557 4226 1932 4284 conveniebat.

2027 3595 2191 3648 αὐτοῦ
2230 3594 2412 3663 λόγου,
2443 3594 2537 3647 καὶ
2567 3595 2629 3647 τό
2651 3610 2666 3626 ο
2701 3596 2784 3648 Οὐ
2815 3593 3063 3646 δύναται
3098 3594 3132 3644 d
3155 3591 3383 3659 κόσμος
3406 3589 3608 3659 μισεῖν

2023 3683 2177 3754 ὑμᾶς
2201 3702 2215 3716 ·
2260 3686 2377 3746 καὶ,
2401 3683 2536 3750 Πῶς
2581 3683 2846 3737 δύνασθε
2879 3680 3070 3752 ἀγαθὰ
3101 3679 3334 3740 λαλεῖν,
3361 3672 3608 3745 πονηροί

2022 3777 2226 3842 ortae;
2256 3776 2382 3840 Πῶς
2411 3775 2520 3847 γάρ
2545 3775 2806 3829 ἀδύνατόν
2841 3792 2892 3827 τι
2922 3772 3148 3835 τούτων,
3182 3772 3214 3840 ἢ
3262 3771 3344 3824 ὄτι
3376 3768 3611 3836 ἀϐούλη-

2024 3884 2146 3932 τον;
2180 3867 2336 3920 Ἔστι
2375 3867 2432 3919 δέ
2469 3883 2522 3918 τι
2560 3867 2655 3920 καὶ
2688 3862 2927 3917 τοιοῦτον
2964 3863 3021 3914 ἐν
3063 3862 3176 3923 τοῖς
3202 3859 3538 3929 λεγομένοις,
3585 3858 3615 3910 ὃ

2025 3961 2089 4029 τῇ
2269 3957 2429 4026 φύσει
2465 3957 2568 4023 μὲν
2599 3956 2880 4019 ἀδύνατον,
2910 3952 3116 4029 Θεῷοδὲ
3151 3949 3376 4004 δυνατὸν
3423 3948 3603 4018 βουλη-

2028 4047 2193 4115 θέντι,
2230 4048 2306 4111 ὡς
2340 4048 2422 4111 τὸ,
2463 4047 2536 4117 μὴ
2559 4045 2820 4099 δύνασθαι
2846 4043 2937 4096 τὸν
2955 4042 3118 4095 αὑτὸν
3147 4039 3474 4112 γεννηθῆναι
3499 4038 3621 4092 δεύ-

2027 4154 2206 4207 τερον,
2254 4137 2348 4189 καὶ
2399 4137 2563 4207 ῥαφὶς
2592 4135 2692 4187 οὐκ
2723 4133 3073 4203 είσδεχομένη
3101 4130 3347 4201 κάμηλον
3369 4147 3381 4160 ’
3421 4130 3474 4183 τί
3510 4129 3622 4202 γὰρ

2039 4227 2104 4280 ἂν
2143 4228 2238 4280 καὶ
2285 4225 2550 4280 κωλύσειε
2578 4224 2834 4294 γενέσθαι
2875 4222 3065 4284 ταῦτα,
3098 4220 3232 4276 Θεοῦ
3265 4222 3617 4292 θελήσαντοςς

355 4325 554 4393 quibus
597 4323 949 4377 incredulitas
983 4321 1362 4377 detrimentum
1408 4320 1633 4374 allatura
1656 4327 1796 4375 erat.
1861 4319 1977 4384 Quo
2017 4323 2179 4374 etiam
2244 4321 2296 4373 in
2333 4321 2521 4373 ordine
2567 4318 2871 4387 ponendum
2919 4326 3002 4370 est
3055 4315 3224 4368 illud:
3277 4313 3393 4367 Non
3455 4325 3620 4381 potest

357 4418 584 4472 mundus
617 4418 788 4470 odisse
817 4432 903 4471 vos
961 4420 982 4450 ’
1020 4423 1119 4480 ;et
1143 4455 1156 4481 ,
1213 4414 1486 4480 Quomodo
1533 4416 1745 4481 potestis
1801 4416 1936 4468 bona
1975 4415 2135 4485 loqui.
2163 4433 2281 4468 cum
2309 4416 2423 4468 sitis
2451 4415 2578 4468 ntali
2612 4414 2698 4467 "‘3
2763 4415 2879 4479 Quo
2917 4413 3059 4467 cnim
3109 4421 3265 4481 pacto
3330 4408 3621 4478 quidquam

360 4510 553 4564 horum
608 4509 940 4576 impossibile
1000 4519 1101 4572 est,
1167 4507 1270 4560 nisi
1334 4507 1458 4574 quia
1520 4507 1770 4561 voluntas
1833 4509 2132 4578 repugnat?
2199 4507 2313 4560 .Iam
2344 4508 2468 4559 illud
2516 4522 2729 4576 quoque
2787 4505 3116 4575 impossibile
3189 4503 3413 4564 dicitur,
3481 4497 3623 4567 quod

365 4612 557 4656 natura
594 4602 808 4670 quidem
844 4599 1174 4670 impossibile
1203 4608 1306 4661 est,
1362 4599 1471 4652 Deo
1520 4607 1699 4651 autem
1735 4599 1933 4653 volenti
1978 4599 2470 4666 possibile;quoiu
2506 4615 2702 4668 genere
2771 4609 2851 4652 est
2913 4598 3041 4650 illud
3074 4613 3086 4626 ·
3139 4596 3395 4649 Eunidem
3451 4591 3628 4648 horni-

364 4709 487 4748 nem
521 4693 604 4748 bis
633 4695 778 4747 nasci
819 4708 922 4746 non
961 4706 1119 4760 posse
1151 4689 1222 4758 “,
1268 4705 1366 4744 nec
1402 4705 1500 4744 acu
1550 4691 1812 4746 camelum
1846 4691 2056 4746 admitti
2089 4690 2131 4722 "

366 4789 409 4842 si
448 4787 540 4841 Dei
578 4786 832 4839 voluntas
863 4786 931 4837 ita
968 4784 1191 4854 tulerit?

558 4877 762 4931 Praeter
787 4878 884 4929 hos
920 4891 1109 4929 omnes
1141 4876 1325 4928 modos
1363 4874 1693 4942 impossibile
1743 4875 1937 4928 dicitur
1980 4865 2022 4918 Ῐ)

335 4952 508 5040 iquod
537 4968 678 5021 nulla
731 4969 950 5020 omnino
1003 4968 1210 5020 ratione
1262 4965 1375 5018 lieri
1436 4973 1650 5033 potest,
1715 4965 1942 5034 utquod

2167 4695 2339 4760 :qnid
2403 4694 2543 4744 enim
2613 4691 2894 4760 prohibeat
2955 4689 3246 4758 quominus
3313 4687 3426 4741 hmc
3473 4687 3623 4751 fiant,

2247 4871 2462 4924 Τούτων
2493 4871 2548 4922 δὲ
2576 4870 2787 4923 πάντων
2822 4867 3000 4931 ἐκτὸς,
3033 4865 3092 4918 τὸ
3117 4862 3396 4925 παντελῶς
3431 4861 3630 4916 ἀδύνα-

2054 4983 2145 5020 τον
2173 4965 2266 5018 καὶ
2297 4962 2665 5021 ἀνεπίδεκτον,
2693 4962 2768 5024 ὡς
2815 4960 2842 5013 ὃ
2875 4959 2969 5013 νῦν
3005 4956 3357 5025 ἐξετάζομεν.
3409 4954 3496 5016 Ὠς
3523 4953 3634 5022 γὰρ

374 5071 519 5110 nunc
554 5055 909 5123 exquirimus.
958 5055 1026 5109 Ut
1056 5057 1197 5109 enim
1225 5054 1556 5122 impossibile
1573 5069 1692 5109 esse
1721 5057 1943 5109 dicimus

2053 5057 2315 5111 ἀδύνατον
2364 5049 2502 5106 εἶναι
2535 5053 2785 5124 λέγομεν,
2832 5049 3066 5121 πονηρὸν
3117 5041 3255 5100 εἶναι
3296 5043 3449 5106 Θεὸν,
3485 5043 3519 5113 ἢ
3559 5045 3635 5114 μὴ

374 5151 539 5202 Deum
598 5148 797 5201 malum
865 5161 1005 5210 esse,
1069 5157 1160 5201 aut
1209 5147 1432 5200 omnino
1498 5162 1602 5199 non
1656 5162 1776 5200 esse
1829 5149 1943 5218 (hoc

2055 5144 2193 5200 εἶναι
2217 5165 2228 5177 ·
2261 5145 2418 5199 τοῦτο
2437 5144 2546 5215 γὰρ
2572 5143 2871 5214 ἀδυναμίας
2899 5141 2962 5194 ἂν
2987 5138 3072 5209 εἴη
3103 5137 3300 5208 μᾶλλον
3316 5134 3474 5197 Θεοῦ,
3493 5135 3636 5204 ἥπερ

373 5241 518 5294 enim
585 5239 673 5290 Dei
739 5237 1109 5304 impotentiam
1169 5236 1345 5304 potius
1425 5244 1586 5303 atque
1673 5237 1956 5290 imbecilli-

1595 5337 1686 5381 aut
1737 5337 1796 5381 ut
1861 5329 1955 5391 sit,

378 5343 580 5396 tatem,
633 5346 793 5399 quam
851 5329 1147 5399 potentiam
1193 5328 1512 5400 arguerit);

2056 5237 2335 5307 δυνάμεως
2354 5253 2366 5263 ·
2387 5235 2419 5307 ἣ
2443 5236 2504 5288 τὸ
2529 5235 2603 5306 μὴ
2627 5233 2686 5287 ὃν
2707 5229 2867 5295 εἶναι,
2897 5232 2930 5302 ἢ
2961 5230 3029 5283 τὰ
3054 5229 3135 5292 δὶς
3158 5226 3250 5281 δύο
3277 5227 3371 5280 καὶ
3394 5224 3640 5296 τέσσαρα

2059 5323 2315 5380 εἶναικαὶ
2343 5325 2474 5379 δέκα
2518 5335 2532 5349 ⁸
2673 5322 2845 5386 οὕτως
2879 5317 3137 5374 ἀδύνατον
3182 5317 3276 5372 καὶ
3318 5315 3641 5388 ἀνεγχὼρη-

376 5426 518 5493 quod
568 5440 671 5476 non
725 5430 828 5485 est,
872 5431 970 5475 aut
1002 5429 1061 5475 ut
1115 5421 1198 5475 bis
1249 5422 1356 5475 duo
1411 5420 1570 5473 simul
1629 5431 1682 5474 et
1725 5430 1943 5490 quatuor

2058 5437 2149 5473 τον
2183 5423 2356 5472 ποιεῖν
2388 5437 2439 5473 τι
2471 5417 2562 5470 τὸν
2589 5416 2738 5479 Υἰὸν,
2768 5409 2842 5468 ὧν
2867 5415 2926 5466 οὐ
2964 5413 3106 5466 ποιεῖ
3135 5414 3164 5465 ὁ
3191 5411 3404 5483 Πατήρ.
3435 5409 3642 5463 Πάντα

375 5525 485 5568 ςιιιι
590 5526 644 5569 et

779 5516 1001 5569 decem:
1033 5513 1105 5566 ita
1139 5529 1238 5567 nec
1271 5513 1384 5566 ﬁeri
1429 5513 1538 5565 ullo
1571 5513 1728 5566 modo
1761 5523 1955 5580 potest,

2059 5513 2169 5582 γὰρ
2199 5511 2315 5566 ὅσα
2334 5511 2457 5580 ἔχει
2476 5513 2508 5564 ό
2530 5508 2748 5577 Πατὴρ,
2783 5506 2889 5560 τοῦ
2925 5503 3060 5558 Υἱοῦ
3080 5502 3253 5557 ἐστιν
3267 5519 3280 5532 ’
3313 5501 3387 5566 ὡς
3404 5500 3642 5572 ἔμπαλιν

380 5619 436 5662 ιιι
459 5607 630 5662 Filius
654 5606 856 5674 aliquid
895 5605 1083 5669 faciat,
1127 5605 1268 5672 quod
1297 5605 1458 5658 Pater
1491 5620 1595 5658 non
1624 5603 1803 5658 faciat.
1835 5603 1943 5659 0m-

2060 5605 2128 5658 τὰ
2157 5604 2249 5657 τοῦ
2281 5603 2432 5664 Υίοῦ,
2460 5600 2558 5655 τοῦ
2586 5599 2817 5673 Πατρός.
2849 5598 3012 5652 Οὐδὲν
3041 5591 3132 5650 οὖν
3164 5595 3316 5658 ἴδιον,
3343 5595 3424 5648 ὅτι
3453 5593 3607 5646 κοινά
3626 5612 3640 5627 σ

382 5706 468 5753 nia
501 5703 640 5754 enim
688 5716 804 5763 quae
843 5697 1005 5752 Pater
1049 5697 1220 5761 habet,
1263 5709 1382 5750 sunt
1433 5694 1561 5748 Filii
1590 5697 1632 5727 ³¹
1660 5713 1672 5726 ·
1706 5697 1963 5761 quemad-

957 5802 977 5831 '
1005 5797 1149 5850 Psal.
1187 5813 1243 5862 ll,
1277 5797 1332 5852 8.
1409 5794 1602 5848 a.loan.
1629 5809 1759 5859 xvn,
1786 5791 1859 5862 2.7
1897 5791 1943 5862 ξ..

2028 5805 2108 5844 oc.
2141 5804 2194 5855 v,
2237 5789 2319 5862 lg.
2398 5784 2592 5862 Uos-ti.
2623 5799 2673 5848 v,
2705 5785 2795 5836 23.

676 5873 697 5902 ⁸
733 5859 924 5923 Matth.
955 5883 1054 5924 xm
1079 5904 1097 5935 ,
1137 5859 1238 5924 58.
1304 5867 1325 5900 ⁹
1355 5864 1518 5923 Joan.
1559 5878 1653 5932 vn,
1692 5865 1746 5920 7.
1797 5861 1867 5938 _'°
1896 5859 2087 5918 Matth.
2127 5875 2226 5926 xu,
2258 5859 2346 5914 δι.

468 5805 484 5835 ⁸
519 5803 677 5857 Joan.
703 5817 756 5863 ν,
786 5801 876 5855 9.7.

399 5886 475 5932 ιιι,
512 5872 601 5926 15.

403 5939 444 5968 ⁸³
475 5937 633 5995 Joan.
663 5954 776 6004 va,
817 5939 904 5994 15.

2065 5695 2189 5748 ἐπεὶ
2212 5696 2306 5748 καὶ
2332 5695 2464 5747 αὐτὸ
2505 5694 2565 5745 τὸ
2607 5687 2742 5745 εἶναι
2775 5691 2951 5743 κοινὸν
2998 5689 3092 5744 καὶ
3141 5687 3423 5752 ὁμότιμον,
3457 5686 3504 5736 εἰ
3547 5680 3643 5736 καὶ

2875 5785 2892 5813 ⁸
2923 5783 3108 5839 Μςιιιίι.
3139 5783 3303 5842 ν.14.
3381 5783 3399 5812 ⁷
3440 5782 3629 5835 Matt't.

2441 5858 2480 5888 “
2519 5853 2678 5911 Joan.
2711 5869 2795 5924 ιιι,
2861 5851 2915 5909 4.
3028 5855 3070 5886 ³³
3106 5853 3306 5908 Matth.
3367 5867 3479 5919 xix,
3538 5851 3628 5908 24.
