4064 6440
466 315 568 379 581

1654 325 2049 390 ΕΠΤΠῩΜΗ
2092 330 2460 394 ΖΙΟΑΒΕΝΙ

3616 343 3719 408 5.88

467 437 599 505 dici,
639 439 792 510 quasi
824 440 1098 512 propriam
1123 443 1455 498 voluntatem
1498 444 1666 501 Filius
1712 448 1928 514 habeat,
1956 459 2038 502 at-

2144 453 2202 506 τδ
2241 453 2336 507 τοῦ
2376 455 2614 527 Πατρδς,
2659 456 2776 512 ἀλλ’
2819 459 2897 522 ὡς
2936 462 3038 517 οὐκ
3079 464 3232 528 δντος
3262 466 3292 518 ὁ
3321 463 3514 535 λόγος·
3567 467 3634 520 εν⁹
3678 463 3716 542 ᾗ

467 546 576 603 que
604 548 634 587 a
667 532 848 590 Patris
871 535 1153 592 voluntate
1181 545 1511 610 separatam,
1539 539 1634 593 sed
1683 540 1864 608 potius
1897 543 2040 610 quod

465 635 570 677 non
601 622 794 676 haheat
815 643 828 677 ,-
847 637 924 691 ut,
951 627 1091 693 quod
1119 627 1414 695 colligitur,
1443 630 1513 682 sit
1544 629 1850 698 huiusmodi
1875 647 1890 683 :
1917 631 2040 684 Non

465 720 524 764 ut
555 714 748 782 faciam
781 715 1095 771 voluntatem
1127 735 1293 772 meum
1351 721 1368 752 ¹
1400 736 1414 773 :
1463 734 1563 776 nec
1593 722 1738 776 enim
1789 724 2040 778 voluntas

467 817 586 856 mea
615 818 644 856 a
681 815 768 858 tua
801 805 1067 876 disjuncta
1102 818 1206 873 est,
1258 811 1352 863 sed
1405 812 1712 866 communis
1756 813 2042 882 utriusque

463 905 730 962 nostrum,
767 911 1018 965 quorum,
1049 910 1108 953 ut
1137 915 1242 954 una
1273 910 1358 956 est
1401 903 1596 970 deitas,
1637 903 1710 957 ita
1758 919 1864 958 una
1895 919 2029 975 quo-

463 988 570 1055 que
607 987 879 1068 voluntas.
929 990 1202 1046 Permulta
1260 993 1408 1047 enim
1444 1009 1512 1049 ex
1566 996 1672 1061 his,
1707 1011 1828 1065 quae
1853 997 1925 1052 ita
1958 997 2040 1052 di-

463 1088 683 1146 cuntur,
740 1096 769 1135 a
829 1083 1104 1138 communi
1163 1087 1438 1151 dicuntur,
1503 1103 1605 1142 nec
1661 1071 2038 1146 aliirmationis

463 1170 644 1235 modo,
672 1173 764 1226 sed
796 1171 1164 1238 inliciationis,
1188 1184 1247 1230 ut
1273 1174 1436 1232 illud:
1467 1178 1592 1232 Non
1636 1181 1774 1234 enim
1799 1184 1867 1234 ad
1888 1198 2037 1236 mert-

461 1279 640 1317 suram
674 1265 767 1318 dat
799 1265 937 1320 Deus
969 1265 1227 1335 Spiritum
1325 1269 1366 1322 '.
1394 1267 1580 1340 Neque
1621 1272 1764 1326 enim
1796 1274 1908 1340 dat,
1939 1287 2040 1329 nec

465 1371 719 1411 mensura
748 1357 1029 1412 dellnitum
1059 1377 1072 1414 :
1101 1375 1201 1414 nec
1229 1361 1373 1415 enim
1405 1361 1549 1418 Deus
1577 1363 1742 1418 Deum
1793 1367 2033 1421 metitur.

468 1445 537 1500 Ut
565 1447 694 1500 item
721 1447 850 1501 illud
880 1462 895 1500 :
933 1446 1114 1518 Neque
1135 1450 1386 1520 iniquitas
1411 1469 1546 1515 mea,
1575 1470 1736 1520 neque
1769 1465 2037 1522 peccatum

460 1547 631 1585 meum
685 1533 729 1591 ³.
753 1532 872 1588 Non
911 1536 1081 1601 enim,
1110 1539 1254 1607 quod
1290 1539 1344 1593 in
1392 1555 1460 1595 eo
1487 1553 1771 1608 peccatum
1811 1543 1901 1606 sit,
1935 1543 2039 1597 hoc

461 1640 714 1680 sermone
747 1627 935 1694 utitur,
973 1629 1067 1682 sed
1101 1631 1245 1698 quod
1277 1647 1381 1685 non
1412 1633 1504 1687 sit.
1552 1634 1628 1688 Ac
1665 1651 1888 1690 rursus:
1915 1635 2036 1690 Non

461 1729 674 1786 propter
693 1718 932 1787 justitias
967 1731 1195 1784 nostras,
1214 1739 1344 1792 quas
1365 1723 1618 1792 fecimus‘
1648 1765 1661 1778 .
1693 1726 1871 1797 Neque
1891 1729 2035 1781 enim

462 1808 709 1864 fecimus.
737 1809 889 1876 Quod
919 1813 1082 1865 etiam
1111 1817 1396 1882 perspicue
1421 1815 1598 1886 colligi
1638 1827 1814 1885 potest
1843 1833 1906 1872 ex
1955 1819 2037 1872 his

2144 1821 2452 1885 τελευταίας
2501 1822 2869 1883 ἀναστάσεως.

461 1915 584 1968 qua:
609 1913 929 1972 sequuntur.
958 1902 1092 1968 Qua:
1113 1914 1186 1958 est
1231 1907 1386 1973 enim,
1445 1906 1640 1976 inquit,
1668 1909 1905 1962 voluntas
1931 1908 2037 1963 Pa-

461 1991 556 2044 tris
585 1993 728 2048 mei?
765 1991 833 2046 Ut
867 1996 1037 2048 omnis
1067 1997 1158 2065 qui
1189 1998 1354 2050 credit
1395 1999 1447 2050 in
1475 2014 1615 2062 eum,
1662 1999 1883 2054 salutem
1916 2017 2040 2054 con-

465 2093 714 2150 sequatur
760 2082 805 2148 ',
845 2098 909 2138 ac
968 2097 1255 2154 postrema:
1318 2091 1736 2145 resurrectionis
1817 2105 2040 2160 compos

461 2174 574 2227 liat.
604 2175 686 2229 An
714 2175 878 2244 igitur
900 2176 1077 2233 Patris
1104 2179 1322 2247 quidem
1347 2179 1464 2234 haec
1493 2191 1576 2235 est
1601 2181 1852 2236 voluntas
1875 2221 1890 2246 ,
1923 2181 2038 2235 Filii

461 2274 641 2320 autem
679 2267 942 2323 minime?
969 2285 1036 2323 an
1099 2271 1300 2325 invitus
1367 2259 1720 2342 Evangelium
1762 2275 2037 2345 praedicat,

460 2357 733 2428 iidemque
764 2361 905 2429 apud
935 2363 1180 2417 homines
1209 2364 1587 2418 nanciscitur?
1613 2363 1745 2432 Quis
1779 2379 1907 2420 vero
1937 2367 2039 2421 hoc

461 2453 686 2506 credat?
711 2455 1147 2525 quandoquidem
1179 2457 1304 2512 illud
1326 2472 1563 2528 quoque,
1583 2458 1724 2528 quod
1752 2459 1827 2513 ait
1849 2458 2037 2524 Filius,

459 2557 788 2611 sermonem,
815 2547 905 2615 qui
930 2547 1001 2602 ab
1023 2550 1361 2605 auditoribus
1389 2549 1718 2619 excipiatur,
1747 2566 1902 2604 suum
1927 2565 2032 2604 non

458 2649 599 2700 esse,
631 2639 723 2691 sed
764 2637 940 2693 Patris
1012 2642 1064 2706 ‘,
1107 2644 1350 2696 eamdem
1414 2643 1637 2696 omnino
1682 2642 1789 2695 vim
1850 2641 2035 2694 habet.

2140 562 2199 597 τε
2229 544 2470 598 τοιοῦτον
2499 547 2559 599 τὸ
2593 548 2954 618 συναγόμενον
2975 566 2988 579 ⁸
3027 553 3152 620 Οὐχ
3198 552 3298 606 ἵνα
3331 556 3482 608 ποιῶ
3516 557 3584 610 τὸ
3623 557 3720 611 θέ-

2139 640 2302 706 λημα
2329 638 2395 691 τὸ
2417 639 2565 707 ἐμόν
2611 640 2732 693 οὐδὲ
2770 641 2879 712 γάρ
2917 643 3032 694 ἐστι
3066 643 3127 694 τὸ
3154 643 3285 712 ἐμὸν
3311 644 3404 698 τοῦ
3430 645 3523 699 σοῦ
3546 665 3724 718 κεχω-

2142 729 2417 800 ρισμένον,
2444 730 2580 784 ἀλλὰ
2607 730 2668 784 τὸ
2699 731 2873 784 κοινὸν
2902 731 3038 802 ἐμοῦ
3067 750 3126 786 τε
3157 734 3250 787 καὶ
3277 734 3391 799 σοῦ,
3411 731 3486 791 ὧν
3519 738 3594 802 ὡς
3619 739 3721 809 μία

2141 822 2352 892 θεότης,
2387 821 2530 877 οὕτω
2562 824 2657 877 καὶ
2685 823 2958 895 βούλησις.
2989 823 3168 878 Πολλὰ
3190 826 3300 897 γὰρ
3327 827 3434 881 τῶν
3459 829 3602 884 οὕτω
3635 831 3722 884 λε-

2139 909 2385 978 γομένων
2430 910 2538 963 ἀπὸ
2582 910 2762 964 κοινοῦ
2813 911 3028 980 λέγεται
3067 945 3089 974 ο
3241 914 3336 967 καὶ
3363 916 3425 968 οὐ
3469 917 3719 982 θετικῶς,

2139 998 2446 1070 ἀρνητικῶς
2487 999 2562 1064 δὲ,
2610 1001 2685 1064 ὡς
2712 1001 2792 1054 τό·
2817 1003 2902 1056 Οὐ
2935 1002 3045 1070 γὰρ
3212 1003 3282 1058 ἐκ
3305 1006 3525 1074 μέτρου
3553 1007 3724 1062 δίδω-

2137 1102 2241 1144 σιν
2260 1093 2291 1144 o'
2311 1089 2454 1157 Θεὸς
2474 1092 2539 1145 τὸ
2566 1092 2828 1161 Πνεῦμα.
2849 1091 2984 1146 Οὔτε
3005 1093 3112 1166 γὰρ
3138 1094 3370 1159 δίδωσιν,
3394 1096 3517 1150 οὔτε
3548 1116 3722 1170 μεμε-

2135 1181 2426 1252 τρημένον*
2444 1183 2504 1235 οὐ
2527 1183 2633 1254 γὰρ
2659 1188 2940 1255 μετρεῖται
2972 1186 3123 1256 πιρὶ
3146 1187 3282 1240 Θεοῦ
3311 1188 3463 1251 Θεός.
3496 1190 3606 1244 Kal
3633 1192 3718 1244 τόο

2141 1274 2289 1328 Οὔτε
2322 1274 2360 1341 ἠ
2389 1274 2647 1343 ἁμαρτία
2668 1292 2810 1344 μου,
2845 1275 2984 1329 οὔτε
3013 1278 3050 1345 ἡ
3084 1279 3302 1347 ἀνομία
3327 1296 3469 1348 μου.
3505 1280 3581 1334 Οὐ
3610 1281 3722 1354 γὰρ

2137 1363 2213 1427 ὡς
2239 1363 2406 1436 οὐσης
2428 1367 2456 1419 ό
2479 1366 2658 1433 λόγος,
2688 1366 2804 1419 ἀλλ’
2833 1367 2909 1430 ὡς
2939 1368 3040 1421 οὐκ
3069 1367 3254 1440 οὔσης.
3299 1371 3410 1423 Kal
3441 1371 3602 1424 πάλιν
3622 1372 3714 1425 τό”

2141 1457 2222 1509 Οὐ
2261 1455 2360 1510 διὰ
2400 1456 2506 1522 τὰς
2541 1456 2932 1522 δικαιοσύνας
2972 1457 3161 1527 ἡμῶν,
3205 1458 3278 1524 ἂς
3310 1459 3716 1530 ἐποιήσαμεν·

2136 1547 2199 1600 οὐ
2231 1547 2340 1616 γὰρ
2372 1549 2729 1619 ἐποιήσαμεν.
2767 1549 2938 1619 Δῆλον
2975 1550 3031 1603 δὲ
3063 1549 3221 1604 τοῦτο
3266 1552 3368 1604 κάν
3400 1554 3514 1614 τοῖς
3551 1552 3677 1622 ἑξῆς
3699 1569 3716 1583 ο

2143 1639 2204 1695 Τί
2233 1640 2363 1710 γὰρ,
2387 1641 2540 1710 φησι,
2577 1640 2644 1694 τὸ
2680 1641 2910 1710 θέλημα
2943 1642 3048 1695 τοῦ
3089 1642 3352 1709 Πατρός;
3401 1643 3504 1696 ἵνα
3536 1641 3654 1709 πᾶς
3684 1646 3722 1698 ὁ

2138 1731 2442 1784 πιστεύων
2490 1732 2578 1796 εὶς
2618 1731 2726 1784 τὸν
2758 1732 2892 1786 Υἱὸν
2919 1731 3192 1798 σώζηται,
3227 1732 3322 1786 καὶ
3351 1734 3591 1804 τυγχάνῃ
3619 1734 3718 1804 τῆς

3073 1818 3199 1894 ’Ἆρ’
3239 1819 3330 1877 οὖν
3364 1823 3456 1876 τοῦ
3507 1825 3720 1894 Πατρός

2138 1914 2236 1984 μὲν
2269 1912 2427 1965 τοῦτο
2476 1911 2708 1981 Θέλημα,
2747 1911 2838 1964 τοῦ
2881 1910 3012 1964 Υἱοῦ
3063 1911 3118 1964 δὲ
3167 1912 3444 1982 οὐδαμῶςς
3487 1914 3520 1984 ἥ
3571 1914 3720 1968 ἄκων

2136 2002 2543 2072 εὐαγγελίζεται
2597 2003 2692 2055 καὶ
2744 2001 3093 2068 mutauerat;
3148 2003 3258 2056 Kal
3301 2002 3386 2066 τίς
3441 2003 3506 2058 ἂν
3560 2004 3719 2058 τοῦτο

2136 2093 2508 2158 πιστεύσειεν;
2549 2093 2673 2146 ἐπεὶ
2704 2093 2797 2145 καὶ
2824 2092 2906 2158 τὸ,
2939 2093 3030 2144 τὸν
3071 2093 3226 2159 λόγον
3255 2093 3346 2146 τόν
3389 2094 3722 2164 ἁκουόμενον

2141 2183 2215 2253 μὴ
2249 2179 2387 2234 εἶναι
2418 2181 2513 2234 τοῦ
2544 2181 2700 2241 Υὶοῦ,
2750 2181 2846 2233 τοῦ
2887 2181 3100 2252 Πατρός
3137 2181 3213 2246 δὲ,
3256 2182 3354 2250 τὴν
3396 2184 3566 2255 αὐτὴν
3608 2183 3722 2254 ἔχει

2139 2274 2387 2344 δύναμιν.
2445 2273 2572 2337 Πῶς
2619 2274 2728 2345 γὰρ
2777 2273 2906 2326 ἴδιόν
2941 2291 3085 2337 τινος
3133 2273 3195 2326 τὸ
3235 2275 3430 2331 κοινὸν,
3466 2274 3497 2345 ἢ
3533 2276 3719 2346 μόνου,

2139 2365 2300 2418 τοῦτο
2357 2364 2587 2418 συνιδεῖν
2629 2364 2729 2416 οὐκ
2771 2363 2897 2432 ἔχω,
2948 2361 3118 2415 πολλὰ
3169 2361 3416 2415 σκοπῶν·
3456 2359 3610 2434 οἶμαι
3640 2365 3722 2427 δὲ.

2141 2456 2260 2509 οὐδὲ
2294 2455 2450 2519 ἄλλος
2478 2472 2582 2518 τις.
2622 2456 2719 2508 Ἂν
2756 2453 2899 2507 οὕτω
2934 2455 3150 2524 διανοῇς
3184 2454 3293 2523 (29)
3331 2454 3462 2526 περὶ
3504 2454 3598 2507 τοῦ
3635 2456 3724 2508 θέ-

2141 2547 2275 2611 λειν,
2309 2545 2484 2617 ὀρθῶς
2512 2545 2726 2615 νοήσεις
2897 2545 2989 2597 καὶ
3010 2544 3129 2596 λίαν
3158 2544 3416 2609 εὐσεϐῶς,
3439 2545 3516 2609 ὡς
3538 2547 3566 2598 ό
3591 2545 3724 2616 ἐμὸς

2141 2638 2314 2706 λόγος,
2338 2638 2432 2692 καὶ
2464 2636 2664 2700 παντὸς
2691 2635 2785 2690 τοῦ
2823 2635 3185 2706 εὐγνώμονος.

458 2728 738 2793 Quomodo
766 2736 908 2788 enim
941 2736 1043 2791 hoc
1065 2736 1382 2806 cujusquam
1412 2738 1711 2808 proprium,
1772 2746 1865 2788 aut
1919 2734 2085 2790 solius
2122 2749 2240 2789 esse
2270 2744 2452 2803 queat,
2487 2733 2628 2802 quod
2661 2747 2949 2786 commune
2997 2739 3101 2794 est,
3147 2733 3272 2786 licet
3316 2732 3427 2795 diu,
3471 2733 3725 2785 multum-

460 2836 550 2891 qu:
591 2838 800 2880 mecum
867 2827 1056 2882 consid
1094 2843 1228 2896 rem,
1266 2831 1576 2899 perspicere
1634 2844 1866 2898 nequeo,
1905 2845 1969 2885 ac
2027 2845 2092 2883 ne
2135 2827 2271 2881 alius
2299 2825 2514 2894 quidem
2555 2825 2864 2894 quisquam,
2899 2814 3004 2879 nisi
3059 2838 3176 2878 utea
3228 2839 3314 2878 me
3353 2823 3536 2892 opinio
3566 2822 3723 2884 fallit.

463 2916 518 2971 Si
631 2915 734 2971 hoc

878 2918 1036 2972 modo
1098 2919 1431 2974 wlluntatem
1496 2919 1772 2990 intell'gis,
1817 2929 1964 2975 recte
2025 2917 2281 2984 intelligis
2335 2915 2528 2982 pieque
2583 2915 2869 2968 admodum
2919 2921 2975 2969 et
3020 2915 3341 2980 orthodoxe,
3401 2923 3461 2968 ut
3506 2912 3720 2982 quidem

463 3022 580 3062 mea
608 3019 688 3064 est
719 3010 1015 3076 sententia,
1048 3011 1158 3064 imo
1187 3012 1350 3064 etiam
1393 3011 1632 3081 cujusvis
1653 3050 1667 3075 ,
1738 3011 1895 3066 modo
1957 3021 2106 3066 recto
2136 3009 2340 3080 judicio
2374 3006 2632 3075 praeditus
2660 3006 2752 3059 sit.

703 3099 909 3155 Octavo
937 3100 1067 3154 illud
1101 3101 1334 3155 aﬂerunt
1371 3120 1383 3154 :
1425 3101 1493 3155 Ut
1527 3111 1842 3171 cognoscant
1875 3110 1922 3154 te
1955 3118 2037 3154 ιο-
2070 3106 2112 3162 C

463 3189 574 3241 lum
629 3188 791 3242 Deum
852 3206 1050 3254 verum,
1101 3202 1148 3244 et
1207 3206 1357 3259 quem
1421 3191 1612 3243 misisti
1665 3188 1848 3244 Iesum
1883 3189 2038 3246 Chri-

463 3290 602 3333 stum
652 3285 717 3345 ';
757 3289 832 3345 ct,
876 3279 1040 3333 Nemo
1074 3279 1263 3344 bonus,
1293 3281 1393 3332 nisi
1422 3280 1564 3333 solus
1606 3279 1743 3334 Deus
1798 3277 1840 3334 '.
1873 3280 2040 3348 Cujus

465 3369 768 3438 argumenti
801 3367 1075 3438 perfacilis
1105 3369 1233 3422 mihi
1289 3369 1502 3423 videtur
1537 3384 1658 3424 esse
1694 3369 1912 3423 solutio.
1978 3370 2035 3424 Si

464 3461 608 3512 enim
645 3461 758 3513 haec
785 3459 970 3523 verba,
1008 3458 1194 3513 Solum
1223 3475 1424 3520 verum,
1457 3458 1602 3512 Patri
1643 3459 1908 3512 duntaxat
1942 3460 2038 3512 tri—

2351 3096 2574 3165 Ὄγδοόν
2609 3097 2757 3147 ἐστιν
2805 3094 2988 3157 αὐτοῖς
3011 3093 3093 3146 τό·
3128 3093 3252 3148 Ἵνα
3284 3095 3621 3164 γινώσκωσι
3646 3097 3729 3151 σὲ

2142 3191 2249 3244 τὸν
2286 3190 2479 3258 μόνον
2529 3186 2822 3254 ἀληθινὸν
2861 3187 3029 3249 Θεὸν,
3087 3185 3186 3238 καὶ
3231 3185 3304 3239 ὃν
3358 3186 3726 3255 ἀπέστειλας

2154 3280 2397 3348 Ἰησοῦν
2424 3277 2710 3346 Χριστόν·
2784 3275 2877 3328 καὶ
2901 3275 2981 3328 τό·
3017 3275 3226 3341 Οὐδεὶς
3263 3275 3500 3344 ἀγαθὸς,
3543 3279 3597 3330 εἰ
3633 3277 3720 3345 μὴ

2141 3368 2228 3438 εἷς
2253 3375 2285 3426 ό
2316 3371 2478 3436 Θεός.
2513 3369 2682 3422 Τοῦτο
2732 3368 2789 3421 δὲ
2834 3366 2928 3420 καὶ
2967 3368 3142 3437 πάντη
3186 3369 3391 3439 ῥᾴστην
3431 3369 3571 3438 ἔχειν
3617 3368 3721 3438 τήν

2142 3463 2294 3516 λύσιν
2327 3478 2417 3532 μοι
2444 3460 2712 3528 φαίνεται.
2747 3459 2810 3511 Εἰ
2840 3457 2948 3528 γὰρ
2985 3457 3046 3510 τὸ
3077 3460 3271 3526 μόνον
3309 3459 3588 3526 ἀληθινὸν
3620 3458 3715 3510 ἐπὶ

464 3548 672 3613 bneris,
729 3550 818 3604 ubi
877 3552 1090 3603 tandem
1153 3550 1448 3605 Veritatem
1491 3550 1662 3618 ipsam
1715 3549 2038 3604 collocabis?

2144 3551 2236 3605 τοῦ
2271 3552 2484 3621 Πατρὸς
2526 3548 2736 3619 Θήσεις,
2781 3548 2884 3600 ποῦ
2935 3548 3117 3618 θήσεις
3159 3548 3258 3618 τὴν
3297 3547 3718 3618 αὐτοαλήθειαν.

464 3639 678 3693 Etenim
710 3640 753 3694 si
787 3641 936 3706 illud,
971 3641 1084 3694 Soli
1113 3643 1336 3710 sapienti
1372 3641 1476 3695 Deo
1525 3647 1545 3676 ⁹
1573 3657 1588 3708 ;
1623 3651 1714 3694 aut
1751 3641 1901 3704 illud,
1926 3641 2038 3696 Soli

2144 3645 2255 3698 Kal
2283 3643 2391 3714 γὰρ
2421 3644 2468 3695 εἰ
2501 3639 2582 3706 τῷ
2597 3641 2764 3710 μόνῳ
2788 3638 2958 3707 σοφῷ
2991 3637 3187 3709 Θεῷ,ἢ
3223 3638 3302 3703 τῷ
3329 3639 3495 3708 μόνῳ
3523 3638 3727 3706 ἔχοντι

463 3731 914 3785 immortalitatem
941 3732 1173 3798 habenti,
1203 3734 1472 3803 lucemque
1515 3734 1921 3786 inaccessibileut
1945 3733 2038 3784 lm-

2144 3734 2500 3795 ἀθανασίαν,
2544 3730 2668 3802 φῶς
2703 3731 2966 3784 οἰκοῦντι
2999 3730 3347 3797 ἀπρόσιτον,
3397 3730 3428 3800 ἢ
3477 3729 3731 3793 ,ϐασανιεῖ

463 3819 656 3872 bitanli
689 3820 890 3883 ‘°;aut
944 3821 1072 3875 illud
1133 3823 1388 3886 denique,
1430 3820 1557 3890 Regi
1607 3823 1923 3875 stt'culorum
1949 3823 2038 3874 im-

2144 3825 2263 3880 τῶν
2310 3822 2540 3878 αἰώνων
2594 3820 2890 3889 ἀφθάρτῳ,
2928 3819 3192 3887 ἀοράτῳ,
3251 3817 3347 3871 καὶ
3559 3818 3730 3886 μόνῳ

464 3912 699 3977 mortali,
726 3913 996 3978 invisibili,
1026 3913 1124 3968 soli
1150 3915 1373 3982 sapienti
1406 3913 1513 3967 Deo
1535 3915 1604 3980 ¹¹,
1639 3915 1705 3968 ad
1737 3913 1882 3968 hunc
1925 3929 2038 3966 mo-

2147 3915 2288 3982 Θεῷ,
2324 3916 2540 3986 νοήσεις
2565 3912 2759 3976 οὓτως,
2788 3910 3065 3982 οἰχήσεταί
3096 3927 3178 3962 σοι
3209 3909 3434 3963 Θάνατον
3460 3926 3729 3980 κατακρι-

466 4004 593 4057 dum
650 4002 1002 4069 intellexeris,
1071 4004 1270 4073 peribit
1335 4006 1522 4072 utique
1577 4003 1672 4058 tibi
1721 4002 1927 4065 Filius,
1965 4001 2038 4054 tel

2145 4009 2258 4072 θεὶς
2283 4010 2311 4060 ό
2346 4007 2494 4069 Υἱὸς,
2526 4005 2558 4074 ἧ
2591 4005 2802 4069 σκότος,
2833 4004 2866 4072 ἢ
2890 4003 2951 4056 τὸ
2981 4002 3055 4073 μὴ
3093 4002 3252 4070 σοφὸς
3275 3997 3434 4066 εἶναι,
3469 4001 3604 4072 μηδὲ
3631 4001 3728 4070 βα-

466 4101 664 4156 mortc,
705 4093 789 4146 vel
815 4094 1060 4148 tenebris
1089 4093 1369 4160 multatus,
1429 4093 1514 4150 vel
1557 4094 1610 4148 in
1647 4097 1749 4148 hoc
1780 4093 2038 4148 condem-

2147 4098 2347 4160 σιλεὺς,
2383 4095 2516 4167 μηδὲ
2551 4095 2802 4164 ἀόρατος,
2845 4093 2977 4164 μηδὲ
3017 4093 3152 4156 ὅλως
3189 4092 3341 4157 Θεὸς,
3376 4092 3403 4144 ὃ
3431 4091 3544 4144 τῶν
3571 4093 3726 4162 εἰρη-

466 4194 649 4248 natus,
684 4193 740 4237 ut
771 4198 871 4237 nec
897 4184 1116 4252 sapiens
1145 4184 1239 4248 sit,
1281 4199 1383 4239 nec
1427 4199 1554 4250 rex,
1584 4197 1684 4239 nec
1735 4182 2038 4242 invisibilis,

2149 4189 2327 4260 μένων
2355 4186 2668 4255 κεφάλαιον.
2706 4185 2829 4248 Πῶς
2861 4186 2947 4238 δαὶ
2968 4185 3068 4238 οὐκ
3241 4184 3434 4238 ἀπολεῖ
3459 4183 3594 4255 μετὰ
3620 4183 3730 4236 τῶν

465 4277 576 4330 imo
608 4291 706 4332 nec
745 4275 973 4330 omnino
1003 4277 1163 4339 Deus,
1189 4277 1332 4345 quod
1361 4284 1523 4345 caput
1551 4284 1634 4330 est
1675 4288 1889 4334 eorum.
1925 4288 2038 4341 qua:

2147 4278 2324 4332 ἄλλων
2351 4277 2444 4329 καὶ
2481 4275 2580 4346 τὴν
2619 4274 2953 4344 ἀγαθότητα,
2993 4275 3026 4342 ἡ
3077 4273 3312 4343 μάλιστα
3357 4273 3519 4342 μόνου
3548 4273 3723 4336 Θεοῦ;

466 4369 726 4422 diximus.
751 4368 889 4435 Quid
915 4377 1096 4422 autem
1128 4367 1308 4421 ail'err-i
1341 4367 1556 4437 poterit,
1580 4367 1708 4436 quin
1739 4366 1899 4420 simul
1921 4381 2038 4418 cum

2161 4369 2302 4423 Ἀλλ’
2333 4365 2486 4439 οἶμαι
2528 4367 2588 4420 τὸ
2623 4366 2740 4436 μὲν,
2782 4366 2907 4419 Ἵνα
2942 4365 3277 4434 γινώσκωσι
3306 4363 3384 4417 σὲ
3408 4363 3516 4418 τὸν
3534 4364 3732 4432 μόνον

466 4461 681 4515 caeteris
704 4459 889 4523 rebus,
912 4459 1176 4514 bonitatis
1202 4475 1442 4529 quoque,
1467 4474 1588 4528 qua:
1619 4457 1852 4513 maxime
1873 4457 2038 4512 solius

2147 4437 2441 4530 ἀληθινόν
2499 4459 2668 4526 Θεὸν,
2719 4459 2804 4511 ἔπ’
2855 4458 3131 4528 ἀναιρέσει
3172 4456 3427 4526 λέγεσθαι
3470 4456 3578 4514 τῶν
3628 4456 3730 4510 οὐκ

468 4551 562 4605 Dei
586 4560 689 4615 est,
742 4550 1012 4620 iacturam
1056 4552 1252 4620 faciat?
1314 4553 1514 4606 Verum
1570 4553 1684 4606 lucc
1729 4551 1935 4605 verba:
1973 4548 2038 4602 Ut

2149 4554 2319 4607 όντων
2359 4553 2458 4623 μὲν
2493 4551 2652 4614 θεῶν,
2685 4548 2997 4619 λεγομένων
3035 4547 3126 4601 δέ·
3177 4547 3238 4601 οὐ
3287 4547 3396 4618 γὰρ
3437 4547 3505 4600 ἂν
3549 4563 3723 4619 προσ-

467 4657 781 4714 cognoscant
809 4657 857 4699 te
896 4646 1068 4700 solum
1123 4663 1298 4700 verum
1363 4646 1548 4709 Deum,
1583 4646 1648 4697 ad
1683 4658 1894 4709 eorum,
1928 4641 2041 4710 qui,

469 4753 778 4807 quanquam
811 4737 970 4800 falso,
1009 4739 1082 4792 dii
1127 4748 1305 4807 tamen
1364 4736 1726 4806 appellantur,
1779 4735 2042 4789 sublatio-

469 4847 592 4887 nem
622 4831 728 4886 dici
784 4831 1070 4885 existimo:
1101 4843 1278 4897 neque
1323 4827 1466 4881 enim
1520 4825 1786 4893 adjectum
1823 4821 2034 4883 fuisset,

467 4935 513 4976 et
544 4939 694 4993 quem
721 4922 933 4987 misisti,
967 4920 1148 4974 Jesum
1179 4919 1469 4981 Christum,
1505 4917 1574 4979 si,
1607 4915 1673 4968 ad
1710 4929 1830 4967 eum
1863 4924 2034 4978 oppo-

468 5017 572 5070 sita
598 5013 945 5067 distinctione
969 5009 1415 5069 submovendum,
1469 5006 1592 5068 illa,
1642 5002 1811 5058 solum
1838 5013 2037 5062 verum,

469 5106 830 5176 pertinerent,
856 5119 920 5157 ac
951 5118 1056 5156 non
1098 5102 1164 5156 dc
1195 5100 1468 5155 communi
1508 5099 1788 5163 utriusque
1839 5093 2038 5145 divini-

472 5206 580 5250 tate
621 5211 803 5250 scrmo
834 5205 998 5249 esset.
1040 5193 1130 5247 llla
1186 5202 1365 5249 autem
1401 5189 1600 5244 Christi
1642 5185 1826 5247 verba,
1874 5181 2038 5235 Nemo

474 5287 660 5351 bonus,
695 5301 760 5338 eo
789 5284 1128 5354 spectabant,
1181 5294 1239 5336 ut
1271 5280 1523 5335 tentatori
1570 5277 1899 5345 legisperito,
1950 5273 2039 5340 qui

478 5380 772 5433 bonitatem
807 5377 927 5444 ipsi,
967 5386 1221 5442 tanquam
1247 5372 1486 5433 homini,
1535 5367 1828 5442 tribuebat,
1851 5377 2042 5418 occur-

473 5481 636 5525 reret.
676 5470 896 5525 Summe
933 5466 1074 5521 enim
1111 5465 1477 5528 bonum.c:se,
1530 5459 1722 5529 inquit,
1757 5455 1921 5512 solius
1952 5451 2043 5508 Dei

558 5651 578 5682 ¹
608 5648 767 5704 Joan.
803 5669 880 5714 νι,
913 5653 1005 5706 '58.

476 5717 496 5750 ⁷
525 5715 686 5771 Joan.
722 5713 932 5783 “14,3.
1007 5721 1026 5753 ⁸
1066 5717 1205 5773 Luc.
1235 5733 1387 5783 χνιιι,
1423 5717 1512 5770 l9.
1589 5718 1608 5747 ⁹
1643 5713 1798 5769 .luan.
1831 5729 1942 5779 xw,
1969 5714 2060 5766 97.

2149 4647 2346 4706 ἔκειτο,
2365 4645 2461 4697 καὶ
2477 4643 2550 4696 ὃν
2565 4641 2925 4704 ἀπέστειλας
2954 4638 3197 4705 Ἰησοῦν
3219 4636 3494 4703 Χριστὸν,
3519 4637 3568 4690 εἰ
3594 4635 3732 4704 πρὸς

2149 4738 2352 4789 ἐκεῖνον
2532 4729 2874 4799 ἀντιδιῄρητο
2907 4728 2986 4791 τὸ,
3021 4729 3213 4795 μόνον
3254 4724 3564 4792 ἀληθινὸν,
3593 4724 3733 4778 ἀλλὰ

2157 4819 2406 4892 μὴκατὰ
2453 4817 2631 4872 κοινοῦ
2674 4820 2776 4891 τῆς
2823 4820 3074 4889 Θεότητος
3125 4815 3194 4890 ἦν
3241 4822 3270 4873 ὁ
3315 4819 3493 4886 λόγος.
3541 4804 3614 4871 To
3658 4817 3739 4879 δὲ,

2159 4909 2367 4975 Οὐδεὶς
2392 4909 2629 4977 ἀγαθὸς,
2663 4909 2965 4980 ἀπάντησιν
2986 4909 3098 4978 ἔχει
3120 4907 3256 4977 πρὸς
3279 4906 3370 4959 τὸν
3403 4905 3734 4978 πειράζοντα

2156 4998 2410 5069 νομικὸν,
2461 4997 2536 5060 ὡς
2584 4997 2884 5069 ἀνθρώπῳ,
2941 4998 3039 5067 τὴν
3091 4996 3404 5065 ἀγαθότητα
3454 4996 3735 5065 μαρτυρή-

2157 5105 2341 5142 σαντα.
2376 5088 2449 5140 Τὸ
2468 5087 2576 5158 γὰρ
2597 5088 2780 5158 ἄκρως
2803 5087 3025 5156 ἀγαθὸν,
3059 5088 3190 5156 φησὶ
3223 5126 3238 5151 ,
3386 5085 3548 5156 μόνου
3572 5083 3731 5150 Θεοῦ,

2156 5181 2258 5235 κᾶν
2287 5180 2443 5234 τοῦτο
2485 5182 2579 5235 καὶ
2625 5181 2910 5249 ἄνθρωπος
2943 5178 3273 5248 ὀνομάζηται
3311 5215 3328 5238 ,
3517 5176 3591 5238 ὡς
3635 5175 3729 5238 τὸ,

2171 5273 2231 5326 '0
2273 5271 2497 5340 ἀγαθὸς
2534 5262 2842 5338 ἅνθρωπος
2880 5270 2949 5322 ἐκ
2995 5269 3099 5321 τοῦ
3144 5266 3370 5336 ἀγαθοῦ
3422 5263 3731 5333 Θησαυροῦ

2158 5362 2480 5428 προϐάλλει
2506 5359 2570 5413 τὸ
2602 5360 2825 5427 ἀγαθόν
2849 5376 2859 5388 ·
2910 5359 3022 5419 καὶ,
3064 5357 3239 5410 Δώσω
3269 5356 3383 5423 τὴν
3405 5357 3733 5420 βασιλείαν

2156 5450 2236 5516 τῷ
2269 5448 2464 5519 ἀγαθῷ
2502 5449 2652 5516 ὑπὲρ
2688 5448 2781 5511 σὲ,
2813 5446 2908 5500 τοῦ
2959 5445 3092 5500 Θεοῦ
3136 5445 3291 5514 λόγος
3469 5443 3605 5514 πρὸς
3639 5443 3731 5494 τὸν

1081 5649 1287 5702 ’Joan.
1322 5663 1403 5706 ut.
1433 5647 1523 5700 3i.
1600 5647 1619 5677 ³
1648 5644 1790 5698 P.~al.
1834 5657 1987 5700 Lvut.
2031 5642 2038 5692 Ξ

2163 5643 2185 5674 ⁸
2225 5642 2363 5698 Dan.
2399 5657 2478 5702 rx.
2514 5640 2602 5694 18.
2685 5639 2706 5670 ⁸
2741 5639 2900 5694 Joan.
2952 5655 3025 5705 vr,
3051 5640 3142 5696 40.
3220 5641 3238 5670 °
3267 5637 3424 5694 Joan.
3463 5653 3578 5702 xxv,
3636 5633 3726 5688 9.5.

2142 5713 2182 5744 “
2217 5715 2233 5767 Ι
2264 5711 2412 5767 Tim.
2445 5729 2519 5778 νι,
2563 5711 2651 5764 16.
2730 5712 2773 5743 ³⁸
2809 5709 2827 5762 ι
2861 5710 3001 5769 'l'im.
3031 5729 3068 5778 ι,
3099 5712 3186 5765 l7.
