4064 6444
474 348 574 418 591

1733 354 2121 417 EUTHYMII
2162 355 2535 419 ZIGABENI

3647 359 3752 424 5'92

457 494 705 578 ‘arllcuio
767 500 914 555 sunt,
979 492 1326 546 exactissime
1355 491 1515 558 scire,
1561 491 1732 563 ipsam
1759 497 1941 546 autem
1966 490 2063 548 ho-

2177 494 2228 549 εά
2255 494 2355 565 μὲν
2392 494 2500 566 πρὸ
2527 492 2622 547 τοῦ
2664 492 2879 565 τείχους
2922 492 3168 566 ἀκριϐῶς
3219 493 3548 551 ἐπίστασῢαι
3580 496 3752 566 λέγοι,

479 600 598 639 rant
634 583 924 654 ignorare?
946 583 1244 654 Aﬁnigmati
1272 584 1468 654 quippe
1483 598 1571 641 res
1598 585 1714 641 haec
1734 585 1932 641 similis
1957 596 2059 641 est:

475 677 698 748 perinde
749 676 997 732 videlicet
1033 690 1097 731 ac
1118 674 1165 732 si
1224 676 1350 746 quis
1391 691 1479 742 ea,
1529 692 1650 749 quae
1677 687 1802 733 ante
1830 694 2047 734 murum

475 779 626 833 suut,
648 768 962 825 certissime
1008 783 1070 823 se
1128 781 1295 824 nosse
1340 766 1594 834 aﬂlrmet,
1626 784 1839 823 murum
1880 780 2062 823 autem

476 859 656 928 ipsum
711 860 963 930 ignorare
1007 875 1067 917 se
1101 859 1339 918 fateatur
1372 877 1387 915 :
1424 870 1519 916 aut
1548 861 1653 917 diei
1690 860 1850 918 ﬁnem
1894 862 2066 934 probe

474 952 674 1019 sciens,
705 953 882 1009 noctis
924 953 1254 1023 principium
1314 952 1541 1010 minime
1589 964 1880 1025 cognoscat
1918 972 1933 1008 :
1973 953 2063 1009 ubi

480 1044 708 1102 alterius
740 1045 983 1116 cognitio
1029 1045 1263 1100 alterum
1320 1047 1634 1102 necessario
1674 1061 1862 1102 secum
1894 1046 2062 1102 ducit.

478 1135 644 1191 Εεευί
675 1137 843 1209 igitur
877 1137 1100 1193 dubium
1127 1153 1252 1197 esse
1292 1150 1497 1210 potest,
1547 1140 1677 1209 quin
1712 1140 1901 1195 boram
1940 1138 2062 1208 qui-

473 1227 622 1295 dem,
655 1238 715 1299 ut
745 1228 908 1296 Dens,
941 1233 1214 1301 cognitam
1252 1232 1472 1296 habeat,
1518 1232 1734 1303 ignoret
1790 1240 1971 1285 autem
2009 1238 2069 1285 ut

477 1321 665 1385 homo,
694 1321 740 1376 si
771 1321 895 1391 quis
923 1332 1133 1391 partem
1161 1321 1550 1392 aspectabilem
1583 1323 1651 1376 ab
1676 1337 1742 1377 ea
1768 1320 2063 1391 disiungat.

477 1426 604 1480 quae
639 1422 824 1467 mente
848 1412 963 1468 sola
995 1414 1229 1484 perspici
1273 1424 1454 1482 potest
1491 1413 1513 1467 ?
1548 1411 1681 1478 Nam
1730 1412 1857 1482 quia
1909 1413 2066 1467 abso-

477 1500 591 1557 lute
623 1503 725 1577 hoc
757 1502 876 1559 loco
906 1518 971 1559 ac
993 1503 1112 1560 sine
1138 1504 1407 1560 relatione
1429 1544 1442 1566 ,
1508 1503 1630 1558 Filii
1682 1520 1875 1558 nomen
1911 1504 2065 1572 poni-

2162 585 2296 638 αὐτὸ
2314 585 2372 638 δὲ
2399 585 2614 654 ἀγνοεῖν
2639 584 2700 638 τὸ
2728 586 2909 655 τεῖχος
2929 601 2942 616 ·
2976 584 3009 656 ἢ
3052 584 3116 639 τὸ
3137 583 3238 656 τῆς
3267 586 3481 657 ἡμέρας
3505 588 3656 652 τέλος
3688 584 3752 643 εὖ

2164 677 2547 746 ἐπιστάμενος,
2576 674 2676 747 τὴν
2709 674 2887 747 ἀρχὴν
2915 678 3017 747 τῆς
3063 676 3259 740 νυκτὸς
3301 676 3377 748 μὴ
3417 677 3709 747 γινώσκειν
3735 695 3751 711 ·

2163 766 2292 822 ἔνθα
2325 768 2357 839 ἡ
2385 765 2480 821 τοῦ
2513 766 2702 841 ἑτέρου
2733 766 2957 836 γνῶσις,
3000 767 3317 835 ἀναγκαίως
3349 768 3662 839 συνεισάγει
3693 769 3760 825 τδ

2162 861 2368 935 ἕτερον.
2398 861 2472 913 Ἦ
2524 863 2689 915 πᾶσιν
2738 858 2991 930 εὔδηλον,
3046 860 3131 914 ὅτι
3183 861 3445 931 γινώσκει
3505 862 3628 933 μὲν,
3677 864 3759 928 ὼς

2164 950 2316 1016 Θεὸς,
2349 952 2562 1020 ἀγνοεῖν
2583 951 2640 1005 δέ
2663 967 2848 1022 φησιν,
2885 950 2962 1015 ὡς
3000 952 3310 1023 ἄνθρωπος,
3338 952 3402 1007 ἄν
3430 970 3515 1016 τις
3538 952 3600 1007 τὸ
3628 971 3758 1022 φαιο

2168 1042 2393 1114 νόμενον
2436 1042 2649 1115 χωρίσῃ
2682 1042 2779 1097 τοῦ
2831 1044 3156 1115 νοουμένου;
3201 1043 3276 1097 Τὸ
3325 1042 3436 1115 γὰρ
3486 1044 3760 1098 ἀπόλυτον

2167 1131 2305 1189 εἶναι
2332 1132 2428 1189 τοῦ
2458 1133 2588 1188 Υἱοῦ
2611 1135 2711 1205 τὴν
2736 1136 3109 1205 προσηγορίαν
3137 1136 3231 1189 καὶ
3250 1134 3498 1206 ,ἄσχετον
3529 1172 3547 1197 ,
3693 1137 3757 1190 οὗ

2168 1226 2568 1300 προσκειμένου
2610 1227 2688 1298 τῷ
2725 1225 2841 1297 Υίῷ
2880 1227 2987 1281 τοῦ
3029 1226 3197 1293 τινὸς
3236 1265 3255 1289 ,
3398 1227 3602 1298 ταύτην
3625 1229 3759 1299 ἡμῖν

2166 1319 2347 1373 δίδωσι
2376 1317 2474 1391 τὴν
2502 1318 2778 1385 ὑπόνοιαν,
2808 1319 2948 1374 ὥστε
2976 1319 3077 1392 τὴν
3104 1318 3325 1387 ἄγνοιαν
3355 1318 3761 1390 ὑπολαμϐάνειν

2169 1413 2263 1466 ἐπὶ
2287 1412 2348 1465 τὸ
2370 1411 2781 1482 εὐσεϐέστερον,
2803 1411 2882 1484 τῷ
2902 1410 2998 1465 ἀνθ
3009 1412 3252 1483 ρωπίνῳ,
3282 1411 3359 1482 μὴ
3378 1411 3456 1483 τῷ
3475 1411 3607 1482 θείῳ
3625 1411 3761 1465 ταύ-

2168 1519 2268 1574 την
2298 1501 2701 1574 λογιζομένους.

480 1608 593 1665 tur,
617 1614 722 1657 nec
755 1600 1520 1672 adjungitur,cujus,idcirco
1560 1601 1690 1657 hinc
1733 1601 1893 1658 nobis
1957 1615 2091 1668 ansa
2163 1600 2461 1669 porrigitur
2514 1600 2586 1653 ita
2640 1597 3027 1661 existimandi,
3085 1608 3145 1652 ut
3194 1597 3554 1667 Ignorantiam
3610 1598 3753 1655 banc

479 1710 642 1752 sensu
669 1698 905 1752 maxime
930 1699 1020 1767 pio
1046 1698 1490 1768 interpretemur,
1523 1712 1754 1768 eamque
1805 1695 2151 1764 humanitati,
2177 1709 2284 1750 non
2320 1694 2600 1750 divinitati
2632 1691 2994 1748 ascribamus.

731 1788 788 1844 Si
840 1788 1004 1857 igitur
1049 1788 1163 1844 haec
1221 1789 1359 1846 ratio
1406 1789 1735 1845 adversariis
1768 1787 2065 1850 satisfecit,

481 1879 571 1935 bic
605 1880 795 1949 pedem
835 1880 1082 1950 ligemns,
1120 1896 1220 1936 nec
1250 1882 1546 1952 quidquam
1584 1880 1818 1952 amplius
1844 1896 1872 1935 a
1912 1880 2071 1936 nobis

2177 1878 2491 1950 στησόμεθα
2518 1913 2534 1937 ν

486 1971 814 2040 inquit-amr.
843 1972 940 2027 Sin
968 1986 1149 2038 secus,
1176 1973 1317 2029 hanc
1346 1974 1640 2030 secundam
1672 1972 2070 2044 expositionem

484 2059 810 2129 aﬂ'eretnua;
856 2060 1001 2131 quod
1045 2063 1504 2132 quemadmodum
1556 2064 1772 2134 singula
1820 2063 1947 2126 alia,
1997 2063 2071 2117 ita

487 2169 670 2209 rerum
719 2169 937 2224 quoque
993 2155 1360 2210 maximarum
1394 2156 1633 2227 cognitio
1683 2156 1739 2211 in
1794 2155 2073 2212 Genitoris

488 2248 748 2303 honorem
786 2248 853 2304 ad
883 2264 1108 2305 causam
1159 2249 1331 2319 ipsam
1377 2249 1663 2306 referenda
1696 2260 1800 2305 est.
1834 2250 1973 2317 Quin
2005 2263 2074 2303 ne

486 2340 740 2410 exiguum
780 2340 998 2409 quidem
1034 2341 1166 2396 mibi
1203 2339 1579 2398 intellecturus
1614 2343 1847 2405 videtur,
1878 2340 2076 2411 quisic

487 2431 703 2503 legerit,
733 2441 791 2486 ut
836 2442 1042 2488 nostrae
1075 2435 1350 2488 memoria:
1378 2434 1467 2489 vir
1494 2433 1718 2505 quidam
1769 2433 2073 2488 litterarum

487 2522 782 2588 studiosus,
816 2538 1009 2593 nempe
1038 2521 1236 2579 Filium
1276 2538 1381 2577 non
1411 2525 1569 2580 aliter
1606 2525 1756 2581 diem
1809 2524 1959 2580 illum
1994 2524 2077 2579 vel

490 2614 682 2668 horam
711 2628 894 2682 nosse,
922 2629 1085 2684 quam
1121 2625 1176 2670 ut
1206 2615 1388 2674 Pater.
1413 2615 1552 2684 Quid
1586 2616 1731 2671 enim
1771 2616 1900 2671 hinc
1925 2615 2078 2671 colli-

490 2704 680 2774 gitur?
701 2705 971 2771 Quoniam
1003 2704 1164 2761 Pater
1180 2708 1483 2776 cognoscit.
1525 2708 1647 2763 ideo
1672 2706 1838 2764 etiam
1861 2706 2033 2762 Filius
2060 2725 2074 2761 :

490 2804 750 2862 tanquam
798 2796 1050 2851 videlicet
1084 2813 1246 2853 nemo
1282 2798 1384 2853 ltoc
1422 2813 1752 2869 cognoscere
1790 2813 1857 2854 ac
1904 2798 2079 2868 perci-

492 2899 621 2954 pere
644 2896 830 2955 queat,
857 2897 1054 2953 prznter
1079 2889 1376 2959 principem
1408 2888 1552 2945 illam
1578 2899 1849 2945 naturam.
1880 2888 2082 2960 Super-

492 2987 610 3031 erat
655 2975 768 3045 jam
831 2979 898 3035 de
951 2980 1057 3035 hoc
1132 2979 1672 3036 verbozblaudatum
1738 2991 1845 3047 est,
1902 2981 1971 3037 de
2016 2996 2082 3037 eo

491 3068 681 3132 etiam,
705 3071 848 3139 quod
881 3069 1062 3128 Patris
1093 3073 1347 3128 mandata
1395 3086 1668 3139 servasse,
1700 3082 1775 3136 et,
1806 3087 1928 3141 quae
1962 3071 2075 3143 pla-

493 3158 602 3210 cita
653 3167 784 3213 sunt
814 3159 884 3222 ei,
915 3174 1133 3230 semper
1171 3160 1369 3216 fecisse
1416 3160 1614 3214 dicitur
1657 3165 1710 3222 ¹;
1742 3174 1807 3214 ac
1855 3160 2083 3228 insuper

492 3246 562 3303 d:
590 3255 1060 3308 consummatione
1079 3262 1135 3308 et
1162 3251 1516 3319 exaltatione,
1545 3265 1612 3306 ac
1640 3251 1705 3305 de
1728 3263 1812 3315 eo,
1849 3242 1993 3317 quod
2014 3266 2082 3307 ex

495 3338 610 3407 bis,
645 3354 767 3409 qua:
801 3356 996 3409 passus
1028 3349 1132 3403 est,
1185 3340 1553 3397 obedientiam
1598 3340 1856 3396 didicisse
1887 3342 2085 3399 scribi-

500 3440 592 3483 tur
620 3432 663 3495 ',
697 3433 767 3485 de
802 3431 1116 3486 sacerdotio
1148 3431 1169 3462 ⁸
1194 3430 1347 3502 item,
1380 3442 1436 3487 et
1472 3433 1753 3488 oblatione
1783 3432 1826 3497 ⁸,
1879 3442 1935 3487 et
1969 3445 2087 3486 tra-

496 3523 702 3578 ditioue
731 3530 773 3586 ³.
803 3533 862 3578 et
899 3526 1150 3579 oratione
1179 3525 1248 3579 ad
1284 3539 1414 3580 eum
1448 3526 1540 3593 qui
1579 3540 1608 3579 a
1649 3536 1826 3580 morte
1866 3526 2080 3579 salvum

492 3628 619 3667 eum
654 3614 833 3670 lacere
865 3626 1116 3685 poterat;
1159 3615 1228 3671 ad
1264 3616 1379 3671 hac
1404 3615 1474 3672 de
1502 3613 1721 3684 agonia,
1755 3625 1809 3671 et
1860 3617 2082 3685 sangui-

494 3721 597 3759 neo
619 3707 842 3770 sudore,
880 3718 1044 3777 atque
1070 3709 1323 3766 oratione
1349 3711 1392 3775 ⁸,
1436 3718 1493 3764 et
1521 3709 1568 3764 si
1602 3709 1732 3780 qttid
1766 3709 1909 3763 aliud
1932 3708 2084 3778 ejus-

2404 1787 2468 1840 Ει
2505 1785 2604 1857 μὲν
2638 1778 2732 1838 οὖν
2771 1776 2927 1846 οὗτος
2950 1782 3239 1854 αὐτάρκης
3261 1783 3290 1835 6
3314 1782 3493 1851 λόγος,
3527 1780 3766 1836 ἐνταῦθα

2713 1877 2808 1931 καὶ
2846 1876 3013 1948 μηδὲν
3053 1875 3217 1929 πλέον
3263 1875 3628 1947 ὲπιζητεῐσθω
3647 1892 3663 1907 ο
3713 1876 3766 1928 εἰ

2169 1974 2226 2027 δὲ
2253 1971 2347 2044 μὴ,
2371 1973 2434 2025 τό
2476 1987 2541 2039 γε
2581 1969 2854 2042 δεύτερον,
2897 1968 3086 2041 ὥσπερ
3133 1968 3242 2022 τῶν
3281 1967 3457 2023 ἄλλων
3506 1967 3763 2032 ἕκαστον,

2170 2064 2314 2118 οὕτω
2342 2063 2407 2133 δὴ
2585 2063 2677 2117 καὶ
2720 2064 2753 2133 ἡ
2797 2061 2999 2130 γνῶσις
3049 2060 3157 2114 τῶν
3200 2059 3493 2131 μεγίστων,
3532 2061 3628 2113 ἐπὶ
3665 2059 3768 2127 τὴν

2173 2156 2352 2211 αἰτίαν
2385 2154 2751 2226 ’ἀναφερέσοω
2803 2156 2935 2224 τιμῇ
2971 2152 3076 2231 ,τοῦ
3131 2153 3475 2223 γεννήτορας.
3523 2150 3767 2204 Δοκεϊδέ

2176 2249 2267 2320 μοι
2297 2265 2403 2313 τις,
2438 2247 2560 2319 μηδ’
2582 2245 2648 2299 ἂν
2678 2245 2900 2308 ἐκείνως
2923 2245 3213 2313 ἀναγνοὺς,
3238 2243 3314 2307 ὡς
3338 2242 3448 2296 τῶν
3475 2241 3597 2296 καθ’
3615 2243 3766 2313 ἡμᾶς

2173 2342 2474 2413 φιλολόγων
2498 2356 2583 2402 τις
2610 2338 2745 2408 (56),
2773 2337 2972 2408 μικρὸν
3004 2336 3277 2406 ἐννοῆσαι,
3310 2336 3394 2388 ὅτι
3420 2334 3541 2388 οὐδὲ
3572 2335 3601 2386 6
3635 2334 3769 2396 Υἱὸς

2174 2435 2350 2499 ἄλλως
2380 2429 2488 2487 οἶδε
2515 2431 2616 2500 τὴν
2652 2429 2887 2500 ἡμέραν,
2926 2428 2960 2499 ἢ
2994 2426 3095 2498 τὴν
3123 2425 3296 2497 ῶραν,
3344 2425 3377 2497 ἢ
3423 2425 3502 2489 ὡς
3685 2421 3771 2475 ὅτι

2176 2529 2205 2580 ὁ
2243 2526 2456 2597 Πατήρ.
2494 2521 2569 2576 Τό
2606 2522 2714 2594 γὰρ
2766 2518 3164 2590 συναγόμενον,
3224 2519 3440 2583 ὀποῖονς
3486 2515 3706 2587 Ἐπειδὴ
3739 2515 3770 2567 6

2178 2617 2369 2689 Πατὴρ
2427 2612 2707 2683 γινώσκει,
2745 2610 2834 2688 διὰ
2873 2609 3032 2663 τοῦτο
3078 2609 3172 2663 καὶ
3213 2610 3242 2661 ὁ
3282 2608 3438 2671 Υἱὸς,
3471 2606 3550 2670 ὼς
3587 2606 3769 2678 δῆλον,

2177 2709 2260 2762 ὅτι
2299 2705 2486 2779 μηδενὶ
2522 2701 2763 2773 γνωστὸν
2799 2698 2977 2762 τοῦτο,
3023 2699 3158 2771 μηδὲ
3202 2696 3445 2770 ληπτὸν,
3484 2696 3626 2769 πλὴν
3670 2697 3772 2766 τῆς

2179 2799 2405 2871 πρώτης
2432 2797 2668 2867 φύσεως.
2719 2793 2998 2847 Ἐλείπετο
3032 2793 3159 2863 περὶ
3182 2789 3276 2845 τοῦ
3316 2788 3653 2855 ἐντετάλθαι,
3676 2790 3774 2844 καὶ

2179 2888 2542 2962 τετηρηκέναι
2578 2885 2677 2948 τὰς
2719 2883 2960 2948 ἐντολὰς,
2985 2882 3082 2937 καὶ
3109 2881 3180 2936 τά
3212 2879 3421 2954 ἀρεστά
3446 2879 3774 2950 αὑτῷπάν-

2181 2993 2303 3029 τοτε
2355 2972 2737 3043 πεποιηκέναι,
2784 2970 3061 3024 διαλαϐεῖν
3113 2971 3260 3042 ἡμᾶς
3286 2986 3300 3000 ⁸
3338 2969 3419 3023 ἔτι
3459 2969 3518 3023 δὲ
3556 2968 3774 3024 τελειώο

2186 3084 2349 3132 σεως,
2378 3066 2474 3122 καὶ
2520 3063 2803 3135 ὑψώσεως,
2851 3063 2946 3116 καὶ
2990 3060 3086 3116 τοῦ
3135 3061 3350 3132 μαθεῖν,
3391 3059 3452 3126 ἐξ
3481 3053 3558 3116 ὧν
3577 3060 3771 3121 ἔπαθε.

2131 3212 2144 3230 ,
2185 3160 2286 3231 τὴν
2319 3157 2591 3229 ὑπακοὴν,
2627 3156 2722 3210 καὶ
2755 3153 3167 3228 ἀρχιερωσύνης
3197 3170 3259 3207 τε
3290 3153 3386 3209 καὶ
3428 3155 3772 3225 προσφορᾶς,

2187 3252 2283 3306 καὶ
2310 3250 2661 3321 παραδόσεως
2694 3286 2713 3313 ,
2845 3247 2941 3300 καὶ
2972 3245 3210 3317 δεήσεως
3253 3247 3354 3315 τῆς
3395 3244 3533 3316 πρὸς
3565 3244 3655 3298 τὸν
3683 3244 3772 3298 δυ-

2190 3339 2427 3406 νάμενον
2454 3336 2649 3403 σώζειν
2681 3338 2846 3393 αὐτὸν
2874 3339 2940 3392 ἐκ
2969 3338 3226 3406 θανάτου,
3257 3341 3355 3395 καὶ
3374 3341 3636 3410 ἀγωνίας,
3669 3344 3767 3397 καὶ

2193 3431 2474 3502 θρόμϐων,
2521 3432 2616 3486 καὶ
2651 3430 2989 3502 προσευχῆς,
3022 3433 3115 3485 καὶ
3163 3431 3219 3485 εἴ
3244 3449 3299 3486 τι
3330 3432 3455 3488 ἄλλο
3483 3432 3724 3486 τοιοῦτον
3746 3451 3764 3466 ο

2191 3527 2242 3581 ει
2297 3525 2375 3596 μὴ
2423 3526 2562 3578 πᾶσι
2602 3523 2872 3593 πρόδηλον
2912 3520 3004 3596 ἦν,
3034 3527 3118 3580 ὅτι
3165 3530 3297 3597 περὶ
3338 3526 3401 3581 τὸ
3440 3527 3647 3596 πάσχον
3694 3528 3766 3581 τὰ.

2190 3615 2415 3670 τοιαῦτα
2446 3617 2556 3669 τῶν
2590 3616 2897 3686 ὀνομάτων,
2924 3617 2992 3669 οὐ
3035 3618 3166 3688 περὶ
3209 3619 3310 3689 τὴν
3353 3618 3626 3689 ἄτρεπτον
3671 3619 3774 3688 φό-

2192 3725 2299 3773 σιν,
2327 3710 2421 3763 καὶ
2450 3708 2544 3762 τοῦ
2576 3707 2812 3779 πάσχειν
2842 3708 3205 3781 ὑψηλοτέραν.

492 3793 618 3849 dem
650 3805 733 3851 est
761 3798 1001 3865 generis,
1037 3806 1378 3867 pertractare
1422 3816 1435 3853 :
1474 3798 1577 3852 nisi
1622 3798 1798 3853 cuivis
1826 3798 2174 3867 exploratum
2264 3806 2411 3853 esset
2441 3839 2456 3865 ,
2493 3798 2803 3870 bujusutodi
2852 3800 3071 3853 nomina
3129 3799 3454 3869 perpetienti
3509 3801 3770 3858 bumaui‘

495 3888 592 3942 tati
622 3892 970 3946 attribuenda
997 3906 1139 3955 esse,
1193 3908 1299 3947 non
1331 3899 1516 3946 autem
1551 3889 1872 3945 immutabili
1917 3889 1992 3944 illi
2027 3897 2261 3953 natura,
2302 3898 2467 3959 atque
2500 3891 2650 3945 omni
2677 3889 2866 3945 dolore
2886 3899 2941 3944 et
2978 3891 3226 3946 cruciatu
3271 3890 3603 3947 sublimiori.

604 4006 858 4078 Ejusdem
899 4008 963 4062 de
1008 4008 1253 4077 dogmate
1284 4017 1332 4061 et
1382 4005 1720 4060 ordinatione
1771 4004 1976 4075 episco-

1203 4092 1410 4145 parum.

569 4167 732 4223 Pater
776 4168 995 4239 quidem
1045 4168 1166 4221 sine
1206 4167 1477 4236 principio
1506 4175 1613 4230 est,
1663 4177 1717 4222 et
1751 4166 2086 4236 principatus

494 4274 620 4315 esse
649 4257 970 4327 intelligitur
997 4273 1062 4311 ac
1089 4258 1288 4311 dicitur
1312 4274 1329 4325 ;
1359 4258 1707 4327 principium,
1730 4259 1983 4328 inquam,
2024 4265 2083 4312 ut

2205 4002 2309 4054 Ἐκ
2337 4001 2444 4055 τοῦ
2469 4001 2659 4057 αὑτοῦ
2688 4003 2879 4076 λόγου
2908 4003 3017 4076 τοῦ
3043 4005 3177 4073 περὶ
3207 4005 3503 4076 δόγματος
3537 4008 3637 4063 καὶ
3664 4010 3775 4065 τιαὲ

2601 4073 2953 4140 ταστάσεως
2980 4073 3356 4131 ἐπισκόπων.

2264 4166 2480 4237 Πατρθις
2510 4167 2631 4237 μιν,
2670 4169 2765 4220 καὶ
2804 4168 3068 4240 ἀνάρχου,
3111 4171 3209 4225 καὶ
3239 4173 3417 4243 ἀρχῆς
3444 4174 3773 4246 ἐπινοσυμέ-

2189 4275 2281 4311 νου
2314 4262 2409 4312 καὶ
2436 4260 2735 4329 λεγομένου
2768 4260 2968 4332 (ἀρχῆς
2995 4262 3074 4326 δὲ,
3099 4261 3177 4326 ὡς
3206 4265 3412 4329 αἰτίου,
3439 4266 3530 4319 καὶ
3560 4268 3637 4330 ὡς
3663 4284 3774 4336 πη-

492 4364 661 4405 causa
693 4358 748 4403 et
804 4347 928 4404 fons
954 4348 1183 4403 luminis
1206 4349 1548 4419 sempiterni.
1581 4346 1755 4405 Filius
1772 4361 1950 4404 autem
1975 4364 2074 4405 non

2187 4353 2312 4419 γῆς,
2354 4353 2449 4405 καὶ
2491 4352 2568 4415 ὠς
2617 4353 2792 4406 ἀϊδίου
2832 4354 3030 4422 φωτός)
3065 4372 3078 4385 ’
3125 4354 3256 4408 Υιοῦ
3295 4357 3370 4424 δὲ,
3404 4358 3645 4429 ἀνάρχου
3672 4362 3775 4429 μὲν

495 4450 584 4497 est
619 4441 710 4496 ille
746 4440 966 4510 quidem
1029 4440 1256 4495 omnino
1287 4441 1406 4495 sine
1444 4442 1715 4511 principe,
1750 4440 1843 4496 sed
1898 4451 2079 4496 tamen

493 4543 578 4589 est
607 4548 789 4589 rerum
818 4533 1059 4587 Omnium
1095 4533 1425 4603 principium
1455 4553 1469 4598 ;
1531 4533 1857 4604 principium
1919 4549 2082 4603 porro

496 4640 622 4681 cunt
653 4625 800 4691 dico,
833 4641 902 4681 ne
947 4637 1162 4696 tempus
1196 4626 1520 4693 interjicias,
1557 4642 1658 4681 nec
1681 4627 1826 4682 inter
1870 4628 2081 4698 genito-

493 4733 611 4771 rem
647 4727 700 4771 et
727 4720 979 4788 genitum
1018 4716 1254 4773 medium
1289 4718 1495 4787 aliquid
1519 4719 1965 4779 constituas.ncc
1989 4733 2084 4789 per

495 4813 571 4878 id,
599 4813 741 4881 quod
801 4812 947 4865 inter
972 4826 1059 4876 ea,
1098 4819 1218 4879 qua”:
1257 4812 1507 4866 eamdem
1560 4811 1921 4865 aeternitatem
1984 4811 2078 4862 ba-

493 4903 645 4963 bent,
679 4910 733 4955 et
770 4901 1058 4971 conjuncta
1094 4911 1246 4966 sunt,
1284 4901 1422 4957 male
1470 4902 1791 4971 interponis,
1825 4911 2078 4954 naturam

495 4993 732 5048 dividas.
767 4991 902 5047 Nam
945 4993 989 5048 si
1026 5005 1241 5062 tempus
1271 4993 1408 5049 Filio
1443 5004 1526 5048 est
1579 4993 1886 5063 antiquius,
1928 4992 2079 5047 illius

429 5097 440 5111 θ
492 5085 683 5154 procul
708 5086 869 5141 dubio
892 5087 1130 5156 primum
1151 5088 1314 5143 Pater
1339 5101 1502 5142 causa
1531 5085 1698 5141 fuerit
1725 5099 1951 5140 necesse
1972 5091 2078 5139 est.

495 5177 649 5242 Quod
676 5177 720 5231 si
752 5179 823 5231 ita
881 5189 985 5244 est,
1019 5196 1125 5248 quo
1158 5180 1374 5235 tandem
1423 5182 1585 5233 modo
1632 5187 1938 5248 temporum
2000 5176 2077 5230 fa-

493 5279 615 5325 ctor
641 5269 745 5323 erit
774 5271 815 5334 ⁷,
855 5271 944 5340 Qui
988 5272 1089 5326 sub
1122 5269 1332 5342 tempus
1355 5272 1539 5326 cadit?
1573 5271 1692 5338 Quo
1733 5271 1862 5325 item
1921 5271 2080 5323 modo

495 5363 760 5418 Dominus
791 5366 1034 5418 omnium
1071 5364 1112 5429 ⁸,
1152 5366 1197 5419 si
1259 5380 1382 5419 eum
1451 5376 1662 5434 tempus
1704 5364 2075 5433 przecesserit,

490 5455 653 5524 eique
687 5454 1036 5509 dominetur?
1060 5453 1323 5523 Principii
1359 5455 1745 5524 igiturexpers
1765 5463 1847 5508 est
1866 5453 2073 5519 Patet:

495 5561 597 5602 nec
626 5547 773 5603 enim
805 5548 1045 5611 aliunde,
1075 5561 1179 5601 nec
1213 5561 1245 5599 a
1281 5563 1339 5601 se
1377 5548 1494 5613 ipso
1515 5560 1637 5601 esse
1672 5547 1857 5601 habet.
1897 5543 2074 5599 Filius

496 5647 703 5703 autem,
734 5640 779 5695 si
811 5640 1028 5707 quidem
1061 5637 1276 5693 Patrem
1310 5646 1369 5692 ut
1400 5654 1621 5694 causam
1658 5638 1920 5708 accipias,
1981 5651 2074 5691 ue-

564 5756 580 5784 ⁸
610 5753 766 5808 Joan.
808 5773 862 5818 κ,
898 5757 996 5824 18;
1033 5773 1119 5824 xv,
1157 5758 1222 5811 10
1250 5774 1268 5821 ;
1300 5773 1416 5818 vut.
1457 5756 1549 5812 29.
1628 5758 1647 5788 ¹
1685 5756 1848 5811 Ilebr.
1879 5770 1928 5817 ν,
1963 5753 1996 5808 9
2056 5769 2074 5806 ε

564 5859 586 5874 ,.
625 5836 686 5881 ll,
716 5824 802 5877 20.
882 5829 900 5857 ⁶
933 5827 1066 5881 Luc.
1104 5843 1236 5881 nu.
1274 5828 1343 5881 44
1396 5843 1509 5881 seu.
1588 5827 1606 5859 ⁷
1635 5824 1802 5881 Hebr.
1839 5841 1877 5881 ι.
1908 5827 1963 5878 2.
2042 5821 2064 5853 ⁸

2177 5765 2295 5821 sqq.
2375 5753 2451 5804 ιι

2177 5838 2260 5876 un.
2297 5837 2351 5881 κ,
2386 5822 2451 5875 12

493 5814 586 5874 lat.
625 5836 686 5886 ll,
716 5824 802 5877 20.
850 5814 900 5857 ’⁸
933 5814 1066 5882 Luc.
1104 5814 1343 5893 astu.“
1396 5814 1509 5897 scil-

2184 4444 2460 4515 οὐδαμῶς,
2499 4447 2675 4517 ἀρχῆς
2709 4446 2766 4498 δὲ
2805 4450 2916 4500 τῶν
2944 4448 3086 4501 ὅλων
3108 4466 3123 4479 ·
3153 4448 3339 4519 ἀρχὴν
3357 4451 3416 4504 δὲ
3441 4452 3571 4505 ὅταν
3606 4452 3769 4516 εῐπω,

2187 4536 2262 4605 μὴ
2306 4538 2499 4607 χρόνον
2537 4538 2835 4609 παρενθῇς,
2872 4540 3006 4610 μηδὲ
3032 4542 3227 4619 ’μέσον
3257 4560 3310 4596 τι
3347 4543 3517 4616 τάξῃς
3551 4543 3644 4599 τοῦ
3674 4562 3773 4611 γε-

2182 4633 2506 4698 γεννηκότος
2553 4631 2650 4683 καὶ
2695 4632 2793 4683 τοῦ
2843 4632 3210 4702 γεννήματος,
3267 4635 3405 4704 μηδὲ
3440 4636 3620 4709 sum;
3669 4636 3771 4706 τὴν

2184 4726 2348 4791 φύσιν
2393 4724 2470 4792 τῷ
2517 4725 2702 4783 κακῶς
2737 4727 3126 4794 παρεντεθέντι
3167 4730 3279 4792 τοῖς
3328 4730 3623 4793 συναῖϐιοις
3672 4732 3772 4784 καὶ

2183 4816 2576 4885 συνημμένοις.
2642 4817 2703 4868 Εἰ
2752 4816 2863 4888 γὰρ
2916 4819 3109 4888 χρόνος
3178 4819 3314 4874 Tim?
3365 4822 3766 4893 πρεσϐύτερος,

2183 4906 2393 4958 ἐκείνου
2416 4905 2616 4976 δηλαδὴ
2654 4905 2887 4977 πρώτως
2919 4907 2986 4961 ἀν
3018 4911 3106 4980 εἴη
3140 4911 3317 4974 αἴτιος
3349 4914 3376 4964 6
3409 4910 3601 4982 Πατήρ
3653 4915 3769 4967 Καὶ

2184 4998 2302 5060 πῶς
2352 4998 2585 5070 ποιητὴς
2628 5000 2838 5070 χρόνων
2885 5003 2913 5054 6
2963 5001 3069 5054 ὑπὸ
3116 5007 3348 5072 χρόνονς
3402 5004 3523 5067 Πῶς
3566 5005 3621 5059 δὲ
3670 5008 3768 5059 καὶ

2182 5085 2389 5156 Κύριος
2420 5088 2662 5154 πάντων,
2692 5091 2742 5143 εἰ
2785 5091 2892 5145 ὕπὸ
2921 5092 3118 5161 χρόνου
3151 5094 3519 5164 προειληπταῑ
3564 5113 3621 5149 τε
3667 5100 3767 5151 καὶ

2182 5175 2536 5246 κυριεύεταις
2570 5180 2841 5249 Ἀναρχος
2872 5179 2969 5233 οὖν
2996 5182 3025 5235 6
3052 5183 3243 5253 Πατήρ
3266 5197 3279 5211 ⁸
3315 5184 3375 5237 οὗ
3422 5184 3532 5255 γὰρ
3566 5186 3769 5251 ἑτέρω-

2180 5267 2276 5320 Θεν
2317 5269 2488 5338 αὐτῷ,
2529 5270 2652 5323 οὐδὲ
2703 5272 2837 5341 παρ’
2867 5273 3063 5325 ἑαυτοῦ
3114 5273 3174 5325 τὸ
3214 5271 3374 5328 εἶναι.
3419 5274 3482 5329 Ὀ
3516 5276 3572 5329 δὲ
3609 5276 3761 5342 Υἱὸς,

2182 5358 2279 5409 ἐὰν
2309 5359 2408 5429 μὲν
2438 5357 2515 5420 ὡς
2546 5359 2720 5412 αἴτιον
2745 5360 2839 5411 τὸν
2877 5361 3098 5431 Πατέρα
3125 5362 3435 5435 λαμϐάνῃς,
3465 5367 3566 5418 οὐκ
3595 5366 3764 5435 ἄναρ-

2179 5469 2272 5521 χος
2297 5467 2312 5481 ο
2355 5454 2497 5523 ἀρχὴ
2532 5454 2640 5522 γὰρ
2686 5452 2816 5505 Υῑοῦ
2853 5455 3040 5524 Πατὴρ
3069 5458 3145 5518 ῶς
3188 5458 3398 5520 αἴτιοςο
3435 5458 3533 5510 ἐὰν
3560 5456 3617 5511 δὲ
3659 5459 3760 5529 τὴν

2180 5542 2290 5595 ἀπὸ
2325 5543 2521 5613 χρόνου
2553 5545 2682 5614 νοῇς
2713 5543 2909 5613 ἀρχὴν,
2950 5546 3047 5598 καὶ
3085 5544 3352 5616 ἄναρχοςι
3385 5547 3486 5600 οὐκ
3527 5546 3761 5617 ἄρχεται

2178 5634 2288 5708 γὰρ
2313 5635 2419 5687 ὑπὸ
2455 5634 2651 5705 χρόνου
2683 5638 2711 5688 ὁ
2734 5637 2940 5705 χρόνων
2971 5638 3273 5708 Δεσπότης.

2375 5751 2397 5783 ³
2425 5750 2591 5808 Hebr.
2628 5766 2721 5819 vn,
2762 5753 2786 5806 ί
2820 5767 2974 5822 seqq.
3052 5755 3073 5785 ⁸
3106 5751 3264 5808 Rom.
3298 5769 3372 5821 ιν,
3402 5753 3496 5809 ‘25.
3574 5754 3596 5786 ⁸
3647 5753 3763 5809 ὕο-
