4064 6392
290 368 396 435 593

1355 376 1736 437 PANOPLIA
1765 376 2228 465 ῡριιΜΑΤιρΑ.
2258 395 2326 407 -
2346 372 2492 434 ΤΙΤ.
2526 372 2632 433 XI.

282 517 558 574 quaquam
600 503 864 574 principio
906 512 1097 568 caret;
1151 502 1478 573 principium
1521 503 1668 559 enim
1724 501 1847 557 Filii
1917 503 2082 557 Pater
2117 513 2197 558 est
2231 544 2246 569 ,

3444 362 3549 426 591

2330 512 2390 558 ut
2439 516 2637 570 causa;
2675 501 2761 557 sin
2813 501 2879 558 de
2940 509 3182 570 tempore
3230 499 3553 572 principium

287 596 648 663 intellexeris,
700 596 951 667 principii
1016 610 1231 667 quoque
1284 596 1463 652 omnis
1519 604 1602 652 est
1655 610 1871 667 expers.
1911 594 2097 664 Neque
2160 597 2303 649 enim
2370 603 2672 664 temporum
2707 592 2965 649 Dominus
3013 592 3244 663 tempori
3280 591 3556 662 subjectus

286 698 392 746 est.

474 784 538 836 Ei
567 783 648 847 δὲ,
680 784 760 836 ὅτι
797 782 866 837 τὰ
909 785 1137 855 σώματα
1175 783 1280 837 ὑπὸ
1322 783 1535 855 χρόνον,
1579 742 1669 836 διὰ
1716 782 1874 837 τοῦτο
1902 788 1944 839 A

293 872 545 939 ἀξιώσεις
582 873 794 927 κεῖσθαι
830 874 925 926 καὶ
956 874 1048 926 τὸν
1090 873 1218 926 Υίὸν
1255 874 1361 926 ὑπὸ
1402 874 1615 945 χρόνον,
1648 871 1873 943 περιθή-

299 984 411 1029 σεις
441 966 531 1019 καὶ
575 966 735 1036 σῶμα
780 964 859 1036 τῷ
906 966 1215 1037 ἀσωμάτῳ’
1262 967 1360 1019 καὶ
1403 966 1453 1019 εἰ
1496 966 1578 1019 ὅτι
1629 964 1698 1019 τὰ
1744 964 1872 1035 παρ’

310 1060 437 1128 ἡμῖν
461 1056 805 1127 γεννώμενα,
837 1058 937 1110 ούκ
961 1057 1093 1112 ὄντα
1125 1058 1277 1122 ποτὲ,
1314 1053 1433 1111 εἶτα
1471 1050 1751 1128 γινόμενα,
1785 1056 1873 1113 διὰ

302 1150 458 1203 τοῦτο
482 1150 571 1201 καὶ
602 1148 697 1203 τὸν
729 1149 860 1201 Υίὺν
890 1150 1222 1218 ἀναγκάσεις
1263 1150 1322 1217 ἐξ
1354 1151 1453 1203 οὐκ
1487 1151 1654 1203 ὄντων
1694 1150 1774 1213 είς
1813 1149 1874 1202 τὸ

301 1236 437 1293 εἶναι
474 1240 927 1312 παρεληλυθέναι,
962 1240 1275 1312 συγκρίνεις
1446 1240 1515 1293 τὰ
1545 1239 1871 1311 ἀσύγκριτα,

298 1334 433 1386 Θεὸν
463 1335 556 1387 καὶ
580 1333 886 1405 ἄνθρωπον,
930 1333 1088 1403 σῶμα
1122 1335 1215 1386 καὶ
1239 1334 1300 1386 τὸ
1327 1332 1651 1403 ἀσώματον·
1680 1331 1876 1385 οὐκοῦν

299 1427 397 1479 καὶ
428 1426 670 1478 πείσεται
699 1425 793 1478 καὶ
820 1424 1133 1495 λυθήσεται,
1168 1426 1248 1478 ὅτι
1280 1425 1374 1478 καὶ
1409 1424 1478 1477 τὰ
1505 1424 1749 1495 ἡμέτερα
1775 1422 1879 1476 σώ-

301 1533 471 1585 ματα.
507 1516 576 1569 Σὺ
614 1516 712 1587 μὲν
744 1510 838 1569 οὗν
870 1516 1044 1580 ἀξιοῖς
1079 1515 1167 1569 διὰ
1210 1513 1369 1569 τοῦτο
1406 1513 1550 1568 οὕτω
1586 1513 1877 1583 γεννᾶσθαι

296 1608 455 1670 Θεὸν,
489 1607 621 1661 διότι
654 1607 721 1660 τὰ
751 1606 999 1678 σώματα·
1030 1606 1141 1675 ἐγὼ
1170 1606 1227 1660 δὲ
1257 1605 1349 1660 διὰ
1373 1605 1530 1659 τοῦτο
1556 1606 1656 1675 οὐχ
1683 1604 1874 1669 οὕτως,

301 1700 385 1751 ὅτι
412 1697 556 1750 οὕτω
586 1698 654 1751 τὰ
686 1697 937 1767 σώματα.
971 1689 1074 1749 Ὧν
1100 1695 1211 1766 γὰρ
1255 1694 1312 1749 τὸ
1354 1690 1494 1749 εἶναι
1536 1695 1636 1765 οὐχ
1680 1696 1886 1765 ὅμοιον.

302 1786 511 1840 τούτων
548 1786 669 1840 οὐδὲ
714 1786 777 1839 τὸ
826 1788 1023 1857 γεννᾷν
1081 1787 1301 1856 ὅμοιον·
1347 1788 1395 1839 εἰ
1452 1787 1528 1857 μὴ
1584 1803 1679 1839 και
1724 1786 1890 1841 τᾶλλα

306 1877 568 1950 δουλεύσῃ
748 1880 868 1941 ταῖς
909 1876 1083 1940 ὕλαις,
1116 1870 1226 1929 οἷον
1265 1876 1513 1947 πάσχων,
1564 1877 1654 1930 καὶ
1691 1874 1891 1929 λυπού-

314 1986 496 2041 μενος,
528 1970 622 2024 καὶ
653 1962 874 2035 πεινῶν,
912 1970 1007 2023 καὶ
1038 1969 1245 2039 διψῶν,
1286 1970 1381 2023 καὶ
1408 1971 1506 2023 ὅσα
1547 1970 1580 2039 ἢ
1619 1968 1891 2040 σώματος,

2214 778 2367 843 Quod
2397 774 2464 841 si,
2496 776 2622 845 quia
2671 789 2900 843 corpora
2962 771 3191 840 tempori
3251 768 3553 839 subjacent,

1981 871 2187 927 idcirco
2245 868 2443 923 Filium
2505 882 2722 937 quoque
2775 864 3002 936 tempori
3054 863 3279 919 subesse
3325 872 3555 926 statuas,

1978 972 2105 1019 tunc
2142 963 2217 1018 rei
2260 962 2595 1030 incorporea)
2628 974 2826 1028 corpus
2867 956 3160 1022 attribues;
3199 964 3250 1011 et
3300 955 3371 1020 si,
3417 968 3557 1025 quo-

1979 1056 2123 1110 niam
2158 1070 2218 1108 ea
2257 1069 2377 1124 quae
2406 1053 2545 1123 apud
2588 1066 2688 1107 nos
2745 1053 3058 1121 gignuntur,
3092 1066 3214 1103 eum
3269 1058 3394 1102 ante
3447 1064 3554 1103 non

1977 1156 2179 1211 essent,
2224 1155 2410 1215 postea
2456 1148 2573 1199 orta
2608 1152 2756 1210 sunt,
2801 1143 2922 1197 ideo
2951 1141 3145 1196 Filium
3193 1155 3411 1212 quoque
3457 1154 3556 1194 ne-
3615 1174 3627 1183 ς

1924 1228 1939 1243 ι
1978 1240 2216 1296 eessario
2270 1256 2335 1295 ex
2390 1238 2560 1294 nihilo
2623 1238 2675 1293 in
2749 1251 2927 1290 rerum
2987 1245 3237 1288 naturam
3291 1232 3558 1303 prodiissc

1978 1331 2283 1399 contendis,
2320 1344 2604 1401 comparas
2634 1345 2719 1394 ea,
2748 1345 2868 1399 qua:
2920 1327 3379 1398 comparationem
3436 1340 3556 1379 om-

1981 1438 2102 1479 nem
2149 1430 2434 1493 rBSpuunt,
2462 1419 2633 1476 Deum
2668 1434 2862 1488 nempe
2899 1428 2954 1473 et
2998 1417 3295 1483 hominem,
3338 1429 3555 1485 corpus,

1977 1526 2032 1569 et
2063 1516 2114 1569 id
2167 1515 2310 1584 quod
2344 1528 2573 1584 corpore
2607 1521 2780 1568 vacat.
2825 1512 2964 1582 Ergo
2994 1518 3048 1564 et
3078 1512 3334 1580 patietur,
3363 1516 3419 1563 et
3448 1507 3559 1559 dis-

1983 1605 2250 1669 solvetur,
2283 1615 2445 1673 atque
2487 1605 2748 1671 interibit,
2791 1605 3240 1674 quemadmodum
3279 1612 3333 1658 et
3376 1610 3559 1655 nostra

1975 1699 2227 1758 corpora.
2262 1689 2339 1743 Tu
2371 1692 2588 1760 quidem
2625 1693 2831 1748 idcirco
2860 1694 3027 1748 Deum
3058 1698 3128 1750 ita
3156 1694 3406 1764 generari
3440 1709 3565 1746 cen-

1978 1796 2087 1850 ses,
2115 1784 2256 1852 quod
2282 1799 2508 1855 corpora
2533 1786 2605 1839 ita
2639 1798 2968 1856 generentur
3062 1804 3077 1841 :
3215 1801 3315 1857 ego
3342 1800 3473 1838 vero
3501 1786 3571 1837 oh

1981 1877 2033 1931 id
2071 1892 2178 1931 non
2228 1879 2300 1931 ita
2361 1877 2505 1947 gigni
2546 1877 2778 1943 aﬂirmo,
2828 1880 2971 1948 quod
3029 1893 3091 1932 ea
3146 1879 3217 1932 sit
3279 1892 3566 1946 corporum

1983 1970 2375 2041 gignendorum
2438 1971 2579 2025 ratio
2644 1972 2897 2039 (quorum
2934 1971 3079 2025 enim
3128 1978 3320 2024 natura
3355 1968 3568 2021 diversa

314 2064 346 2134 ἢ
378 2062 471 2115 τοῦ
508 2062 915 2133 συναμφοτέρου
951 2061 1122 2128 πάθη.
1171 2060 1332 2114 Ἀλλὰ
1361 2061 1533 2115 ταῦτα
1560 2061 1619 2114 οὐ
1657 2060 1893 2131 παραδέ-

2000 2071 2090 2123 :st,
2127 2063 2318 2116 horum
2368 2062 2552 2131 dispar
2592 2078 2806 2130 quoque
2838 2062 3128 2132 generandi
3173 2059 3426 2127 modus);
3468 2057 3570 2110 nisi

316 2155 471 2227 χεταί
499 2172 593 2209 σου
622 2158 651 2209 ὁ
676 2156 800 2219 νοῦς
821 2155 999 2227 ιπερὶ
1032 2153 1167 2209 Θεοῦ
1196 2156 1305 2226 γὰρ
1331 2156 1361 2207 ὁ
1390 2153 1564 2223 λόγος.
1595 2154 1687 2224 Μὴ
1716 2152 1897 2208 τοίνυν

319 2248 457 2318 μηδὲ
500 2246 599 2318 τὴν
642 2248 898 2320 γέννησιν
935 2248 1140 2315 ἄλλως,
1178 2248 1211 2317 ἢ
1275 2247 1351 2310 ὡς
1410 2246 1597 2318 θεῖκὴν
1658 2244 1895 2317 παραδια-

318 2355 435 2407 χου.

1985 2169 2108 2208 eum
2153 2156 2204 2208 in
2233 2154 2486 2208 omnibus
2524 2154 2646 2208 aliis
2677 2170 2891 2224 quoque
2924 2155 3083 2208 rebus
3126 2167 3401 2221 corporea:
3451 2165 3570 2203 ma-

1988 2247 2138 2300 teriae
2165 2246 2375 2300 servire
2404 2245 2726 2310 contendas,
2754 2247 2856 2301 hoc
2888 2256 2996 2311 est,
3029 2254 3089 2300 ut
3141 2246 3402 2316 patiatur,
3436 2252 3489 2296 et
3518 2240 3572 2294 in

1992 2350 2229 2391 maerore
2264 2347 2530 2403 versetur,
2580 2347 2635 2392 et
2669 2337 2815 2393 {ante
2867 2354 2930 2395 ac
2985 2339 3074 2394 siti
3115 2337 3350 2401 laboret,
3386 2347 3576 2390 omnes

318 2428 550 2497 denique
587 2444 682 2485 eas
731 2427 1070 2492 alTectiones.
1104 2429 1323 2498 quibus;
1363 2427 1449 2484 vel
1492 2424 1781 2497 corporis,
1834 2422 1916 2475 vel
1972 2420 2304 2488 conjunctim
2354 2422 2637 2491 utriusque
2690 2424 2860 2492 partis
2912 2435 3105 2479 natura
3168 2426 3408 2493 subjecta
3464 2435 3570 2491 est,

321 2522 650 2588 experiatur.
679 2522 802 2577 Haec
850 2524 994 2577 enim
1054 2538 1181 2577 vero
1226 2536 1384 2577 mens
1431 2532 1518 2576 tua
1557 2534 1660 2575 non
1701 2514 1959 2572 admittit.
2003 2514 2078 2569 De
2145 2514 2253 2569 Deo
2316 2515 2513 2584 quippe
2577 2530 2759 2571 sermo
2792 2528 2895 2573 est.
2958 2518 3033 2573 Ne
3067 2531 3118 2573 tu
3156 2520 3318 2589 igitur
3353 2535 3578 2591 genera-

320 2613 521 2667 tionem
557 2612 715 2668 aliter
739 2628 900 2683 quam
931 2622 989 2668 ut
1020 2614 1257 2669 divinam
1288 2613 1535 2668 admitte.

510 2701 647 2752 Ἀλλ’
681 2703 730 2754 εί
768 2703 1112 2773 γεγέννηται,
1147 2706 1265 2768 πῶς
1292 2704 1649 2774 γεγέννηται,
1700 2704 1899 2775 φησίνς

330 2790 651 2862 Ἀπόκριναί
700 2811 811 2864 μοι,
855 2787 899 2847 ὦ
941 2794 1246 2849 διαλεκτικὲ
1294 2796 1358 2848 σὺ
1409 2794 1504 2848 καὶ
1541 2795 1771 2863 ἄφυκτε.
1840 2794 1904 2846 Et

313 2883 584 2949 ἔκτισται,
620 2885 737 2950 πῶς
766 2885 1045 2952 ἐκτισται;
1079 2887 1225 2957 κάμὲ
1266 2886 1490 2941 ἀπαίτει
1527 2886 1607 2948 τὸ,
1651 2885 1777 2950 Πῶς
1815 2902 1907 2954 γε-

313 2974 610 3047 γέννηται;
641 2977 820 3042 Πάθος
992 2978 1123 3049 περὶ
1153 2978 1254 3048 τὴν
1281 2978 1569 3049 γέννησιν;
1602 2977 1780 3041 Πὰθος
1812 2977 1909 3030 καὶ

312 3066 442 3137 περὶ
470 3065 570 3136 τὴν
603 3067 813 3120 κτίσιν·
849 3066 883 3138 ἢ
917 3068 1025 3139 γὰρ
1048 3068 1110 3122 οὐ
1148 3068 1320 3132 πάθος
1352 3070 1383 3139 ὴ
1414 3067 1779 3131 ἀνατύπωσις,
1813 3068 1909 3121 καὶ

312 3158 344 3227 ἡ
390 3157 638 3227 φροντὶς,
679 3157 774 3211 καὶ
800 3160 833 3229 ἠ
861 3158 955 3212 τοῦ
983 3158 1270 3229 νοηθέντος
1303 3158 1515 3229 ἀθρόως
1554 3161 1635 3224 είς
1665 3159 1725 3211 τὸ
1768 3158 1909 3212 κατὰ

314 3250 487 3320 μέρος
540 3248 884 3315 ὲξάπλωσις;
936 3250 1141 3322 Χρόνος
1185 3251 1317 3321 περὶ
1349 3250 1448 3321 τὴν
1488 3251 1779 3322 γέννησιν;
1822 3250 1910 3304 Ἐν

2175 2698 2371 2755 Verum
2399 2703 2442 2757 si
2472 2713 2758 2773 generatus
2782 2712 2882 2762 est.
2904 2706 3103 2775 inquis,
3125 2705 3396 2775 quomodo
3416 2718 3581 2774 geno-

1990 2803 2137 2848 ratus
2156 2794 2263 2848 est?
2279 2792 2563 2863 Responde
2588 2806 2640 2849 tu
2665 2811 2879 2867 quoque
2903 2798 3056 2860 mihi,
3076 2812 3109 2851 0
3136 2807 3291 2851 acute
3310 2806 3355 2850 el
3376 2796 3583 2851 invicte

1988 2886 2249 2955 sophista.
2270 2885 2328 2940 Si
2347 2898 2561 2941 creatus
2574 2888 2959 2956 est,qu0mod0
2984 2896 3196 2941 creatus
3220 2899 3296 2941 est
3312 2886 3582 2955 ?Acpost-

1990 2992 2053 3032 ea
2087 2993 2154 3031 ex
2200 2992 2285 3031 me
2329 2979 3229 3048 sciscitare,quomodogeneratus
3246 2979 3357 3033 sit?
3389 2977 3578 3032 Passio

1992 3079 2095 3133 est,
2121 3070 2356 3139 inquies,
2379 3071 2524 3124 circa
2552 3070 2993 3138 generationem?
3016 3070 3171 3124 Estet
3201 3068 3377 3137 passio
3394 3070 3580 3133 etiam,

1993 3161 2213 3230 inquam
2246 3176 2366 3230 ego,
2410 3160 2552 3215 circa
2594 3161 2952 3215 creationem.
2987 3161 3089 3227 (An
3134 3177 3238 3215 non
3276 3161 3418 3213 enim
3455 3176 3584 3229 par

1995 3254 2169 3310 sionis
2199 3255 2463 3307 rationem
2495 3254 2662 3307 habet
2714 3254 3052 3318 informatio,
3092 3262 3148 3308 et
3187 3266 3341 3317 cura,
3373 3259 3428 3306 et
3472 3252 3587 3319 ejus

314 3335 491 3406 χρόνῳ
542 3336 639 3388 καὶ
687 3336 757 3390 τὰ
809 3337 1125 3408 κτιςὸμενα.
1177 3338 1357 3403 Τόπος
1410 3338 1675 3405 ὲνταῦθα;
1734 3339 1907 3402 Τόπος

2000 3349 2097 3410 rei,
2130 3362 2249 3416 quze
2284 3355 2392 3401 tota
2423 3345 2584 3401 simul
2628 3362 2693 3401 ac
2718 3357 2937 3417 repente
2968 3347 3203 3417 cegitata
3236 3352 3338 3410 est,
3377 3345 3428 3398 in
3466 3360 3589 3414 par-

506 3426 807 3497 Ἀποτυχία
839 3396 978 3499 περὶ·
1005 3429 1105 3498 τὴν
1140 3396 1430 3500 γέννησιν;
1471 3396 1769 3498 Ἀποτύχία
1818 3396 1913 3482 καλ.
1933 3396 1975 3451 C

318 3519 448 3589 περὶ
475 3519 573 3588 τὴν
600 3518 800 3572 κτίσιν.
828 3519 1017 3573 Ταῦτα
1044 3519 1253 3589 ἤκουσα
1279 3519 1710 3589 φιλοσοφούντων
1733 3518 1909 3590 ὑμῶν·

329 3606 369 3658 δ.
401 3609 505 3679 γὰρ
530 3612 556 3662 ὁ
588 3608 717 3673 νοῦς
754 3609 1063 3681 ὑπέγραψε,
1098 3609 1361 3674 πολλάκις
1393 3608 1565 3665 ταῦτα
1595 3612 1628 3681 ἡ
1661 3610 1784 3681 χεὶρ
1814 3609 1913 3661 οὐκ

336 3698 586 3755 ἐτέλεσεν.
650 3701 816 3755 Ἀλλὰ
852 3702 1019 3773 λόγῳ,
1064 3703 1220 3774 φησὶ,
1253 3704 1312 3755 τὸ
1347 3703 1454 3756 πᾶν
1494 3701 1775 3772 ὑπέστησε
1819 3701 1915 3754 καὶ

330 3789 647 3862 βουλήματι.
670 3791 865 3859 Αὐτὸς
892 3793 1002 3864 γὰρ
1035 3789 1187 3857 εἷπε,
1219 3792 1320 3847 καὶ
1493 3792 1871 3862 ἐγενήθησαν
1895 3808 1909 3823 -

322 3884 507 3949 αὐτὸς
560 3884 924 3947 ἐνετείλατο,
979 3885 1076 3939 καί
1122 3885 1517 3952 ἐκτίσθησαν.
1546 3885 1716 3938 Ὅταν
1755 3886 1915 3957 εἴπῃς

318 3974 398 4045 τῷ
421 3976 567 4047 λόγῳ
590 3975 685 4030 τοῦ
712 3975 848 4029 Θεοῦ
879 3977 949 4030 τὰ
975 3975 1153 4031 πάντα
1186 3978 1456 4040 ἐκτίσθαι,
1491 3977 1552 4030 ού
1578 3976 1676 4048 τὴν
1707 3976 1917 4047 ἀνθρω-

319 4065 487 4135 πίνην
524 4065 703 4119 κτίσιν
740 4066 1012 4135 εἰσάγεις·
1040 4066 1215 4129 οὐδεὶς
1248 4066 1356 4136 γὰρ
1386 4067 1543 4137 ἡμῶν
1569 4067 1713 4137 λόγῳ
1745 4067 1917 4137 πράτ-

319 4170 405 4205 τει
430 4152 503 4207 τὰ
538 4152 825 4224 γινόμενα.
860 4152 1026 4207 Οὐδὲν
1053 4153 1162 4224 γὰρ
1187 4152 1253 4207 ἂν
1281 4148 1349 4223 ἦν
1379 4153 1709 4224 ὑψηλότερον
1738 4149 1917 4223 ἡμῶν,

317 4247 445 4299 οὐδὲ
481 4245 865 4317 ἀπονώτερον,
906 4247 954 4298 εί
999 4245 1060 4298 τὸ
1104 4246 1283 4313 λέγειν
1327 4243 1491 4315 ἔργου
1527 4243 1920 4315 συμπλήρωσις

317 4333 388 4407 ἦν
417 4355 432 4367 ·
476 4336 623 4389 ὥστε
678 4337 727 4388 εί
781 4334 875 4389 καὶ
909 4334 1052 4406 λόγῳ
1097 4334 1271 4399 κτίζει
1322 4334 1456 4398 Θεὸς
1497 4334 1564 4388 τὰ
1606 4331 1919 4403 κτιζόμενα,

319 4429 423 4482 οὐκ
457 4426 806 4497 ἀνθρώπινον
835 4424 986 4496 αύτῷ
1015 4425 1076 4479 τὸ
1105 4424 1337 4490 κτίζειν.
1510 4425 1583 4477 Ἢ
1610 4422 1719 4495 γὰρ
1750 4423 1922 4488 δεῖξον

320 4522 419 4575 καὶ
459 4518 753 4590 ἄνθρωπον
784 4519 928 4590 λόγῳ
967 4537 1022 4572 τι
1052 4518 1395 4589 πράττοντα·
1435 4516 1469 4586 ἢ
1513 4514 1681 4582 δέξαι,
1714 4514 1797 4567 ὅτι
1824 4514 1924 4585 οὐχ

320 4610 399 4674 ὡς
438 4610 735 4680 ἄνθρωπος
771 4610 945 4674 κτίζει
981 4609 1137 4673 Θεός.
1188 4608 1344 4661 Ἐπεὶ
1382 4605 1683 4677 διάγραψον
1730 4604 1925 4677 βουλή-

326 4720 462 4771 ματι
498 4701 679 4768 πόλιν,
710 4702 806 4755 καὶ
839 4702 1177 4772 παραστήτω
1353 4696 1508 4762 πόλις
1531 4714 1544 4727 ·
1576 4696 1800 4761 θέλησον
1828 4714 1925 4766 γε-

324 4789 517 4842 νέσθαι
552 4806 634 4842 σοι

326 4882 456 4935 ἄλλο
497 4900 553 4935 τι
587 4880 695 4934 τῶν
728 4882 1149 4953 πραττομένων.
1190 4881 1286 4934 καὶ
1317 4881 1396 4945 είς
1424 4880 1583 4952 ἔργον
1612 4882 1646 4951 ἡ
1674 4879 1927 4951 βούλησις

328 4973 660 5044 χωρησάτω.
702 4974 767 5025 Ei
801 4973 858 5025 δὲ
880 4973 1085 5028 τούτων
1105 4972 1257 5026 οὐδὲν
1284 4973 1479 5025 ’έπεται
1511 4971 1588 5043 τῷ
1619 4969 1925 5042 βούλεσθαι,

330 5065 465 5118 Θεοῦ
510 5065 569 5118 δὲ
599 5066 659 5117 τὸ
701 5064 987 5134 βούλεσθαι
1019 5064 1221 5136 πρᾶξίς
1257 5065 1409 5118 ἐστιν
1435 5106 1448 5128 ,
1481 5064 1658 5126 ἄλλως
1690 5062 1789 5133 μὲν
1830 5061 1927 5116 ἆν-

332 5159 557 5229 θρωπος
608 5156 803 5221 κτίζει,
837 5157 1014 5220 ἄλλως
1058 5156 1115 5210 δὲ
1163 5158 1192 5211 ὁ
1241 5157 1458 5211 πάντων
1500 5155 1727 5225 κτίστης
1772 5153 1925 5216 Θεός.

333 5250 458 5315 Πῶς
501 5246 598 5304 οὖν
651 5250 830 5313 κτίζει
884 5250 982 5321 μὲν
1031 5250 1131 5302 οὐκ
1183 5246 1570 5321 ἀνθρωπικῶς,
1628 5243 1929 5317 γεννᾷν,δὲ

333 5340 712 5417 ἀναγκάζεται
751 5340 1155 5412 ἀνθρωπικῶς;
1206 5341 1278 5393 Σὺ
1328 5338 1427 5408 μὲν
1466 5337 1565 5390 οὐκ
1612 5336 1708 5400 ὣν,
1740 5335 1931 5388 ἔπειτα

336 5435 547 5502 ἐγένου,
582 5428 708 5486 εἶτα
738 5434 936 5502 γεννᾷς
955 5449 967 5462 ⁸
1005 5432 1091 5485 διὰ
1115 5431 1274 5485 τοῦτο
1308 5430 1408 5484 οὐκ
1436 5430 1566 5485 ὄντα
1592 5429 1672 5491 είς
1696 5427 1759 5480 τὸ
1793 5423 1930 5480 εἶναι

337 5547 635 5615 πιράγεις.
674 5542 771 5606 Ἦ,
820 5540 907 5594 ἵνα
952 5555 1006 5591 τι
1061 5535 1358 5606 βαθύτερον
1407 5535 1575 5600 εῐπω,
1621 5519 1758 5602 τάχα
1803 5530 1923 5584 οὐδὲ

339 5639 499 5701 αὐτὸς
527 5635 588 5702 ἐξ
618 5634 725 5688 οὐκ
760 5632 932 5685 ὄντων
966 5630 1239 5700 παράγεις
1262 5643 1275 5657 ⁸
1314 5627 1435 5681 ἐπεὶ
1460 5629 1553 5680 καὶ
1581 5626 1609 5678 ὁ
1638 5624 1791 5689 Λευῒ,
1819 5640 1924 5693 φη-

341 5730 450 5792 σὶν,
469 5729 553 5782 ἐτι
582 5729 646 5780 ἐν
677 5726 743 5796 τῇ
775 5724 937 5792 ὀσφύῖ
966 5722 1063 5776 τοῦ
1089 5720 1294 5793 πατρὸς
1325 5716 1415 5792 ἦν,
1436 5720 1566 5791 πρὶν
1590 5718 1670 5781 είς
1693 5716 1753 5769 τὸ
1784 5713 1926 5770 εἶναι

408 5831 422 5861 ⁸
456 5828 613 5886 Psal.
643 5840 870 5893 cxtvnr,
904 5827 956 5881 5.

1999 3454 2080 3495 tes
2115 3439 2423 3506 extensio?)
2446 3439 2702 3509 Tempus,
2742 3441 2935 3503 addes,
2962 3440 3107 3493 circa
3140 3437 3592 3509 generationem?

1999 3527 2057 3581 lu
2105 3541 2346 3599 tempore
2376 3532 2538 3585 etiam
2572 3542 2699 3585 sunt
2737 3546 2861 3600 quas
2897 3543 3178 3585 creantur.
3234 3529 3411 3583 Locus
3444 3527 3593 3581 illic?

1999 3622 2099 3677 llic
2146 3639 2361 3692 quoque
2421 3622 2591 3678 locus.
2638 3621 2761 3691 Spei
2830 3623 3113 3677 frustratio
3154 3622 3299 3675 circa
3354 3634 3593 3688 genera-

2001 3715 2240 3770 tionem?
2265 3714 2482 3770 Creatio
2513 3728 2728 3783 quoque
2756 3714 3026 3768 interdum
3072 3729 3223 3781 spem
3275 3712 3589 3764 frustratur.

2002 3805 2131 3861 limo
2182 3821 2212 3859 a
2272 3806 2428 3860 vobis
2480 3804 2879 3859 disserentibus
2936 3803 3153 3870 audivi;
3207 3801 3409 3855 etenim
3474 3816 3595 3869 qua:

2006 3914 2160 3954 mens
2186 3898 2496 3963 delineavit,
2529 3912 2591 3950 ea
2622 3897 2943 3963 plerumque
2974 3908 3167 3947 manus
3196 3893 3460 3963 perlicere
3487 3907 3595 3944 non

2005 3991 2202 4064 potuit.
2242 3991 2311 4043 At
2349 3990 2539 4043 dices:
2575 3988 2740 4042 verbo
2781 3998 2833 4042 et
2862 3987 3139 4041 voluntate
3174 3984 3355 4039 omnia
3408 3982 3600 4036 condi-

2007 4083 2087 4137 dit
2119 4098 2132 4136 :
2164 4079 2285 4149 Ipse
2312 4079 2456 4134 enim
2492 4078 2650 4143 dixit,
2695 4089 2745 4132 et
2792 4079 2936 4146 facta
2966 4084 3087 4129 sunt
3120 4091 3139 4129 :
3174 4075 3283 4144 ipse
3306 4072 3595 4134 mandarit,

2008 4181 2054 4226 et
2086 4182 2262 4225 creata
2293 4179 2415 4225 sunt
2470 4167 2515 4228 '.
2547 4170 2732 4240 Atqui,
2761 4184 2883 4225 cum
2913 4168 2993 4223 ais
3042 4166 3224 4223 omnia
3288 4167 3380 4221 Dei
3435 4163 3601 4217 verbo

2011 4274 2198 4318 creata
2251 4264 2455 4327 fuisse,
2501 4280 2610 4321 non
2662 4264 2953 4319 humanam
3008 4261 3217 4318 scilicet
3268 4259 3600 4315 creationem

2015 4356 2264 4424 inducis;
2326 4371 2427 4411 nec
2474 4355 2619 4412 enim
2663 4355 2950 4425 quisquam
3012 4363 3257 4409 nostrum
3285 4391 3297 4405 .
3351 4365 3439 4414 ea,
3484 4363 3605 4418 qua

2017 4447 2171 4511 liunt,
2208 4447 2375 4501 verbo
2435 4444 2620 4501 cﬂicit.
2672 4444 2819 4498 Nihil
2862 4443 3061 4511 quippe
3116 4440 3271 4496 nobis
3320 4437 3607 4494 sublimius

2016 4557 2080 4595 ac
2138 4538 2487 4610 praeStantius
2537 4543 2729 4600 esset,
2799 4534 3091 4603 minusque
3144 4530 3511 4594 laboriosum,
3561 4529 3607 4583 si

2017 4645 2271 4687 sermone
2296 4628 2411 4683 solo
2451 4626 2654 4697 aliquid
2694 4624 2965 4679 coniicere
3000 4635 3303 4692 possemus.
3332 4619 3610 4686 Quamob-

2018 4738 2159 4789 rem,
2206 4721 2306 4775 etsi
2366 4718 2529 4785 Deus,
2572 4732 2658 4781 ea,
2705 4729 2825 4783 quae
2872 4722 3166 4777 creantur,
3214 4710 3381 4766 verbo
3433 4712 3610 4773 creat,

822 4790 960 4853 υἱὸν,
1000 4790 1094 4843 καὶ
1127 4788 1467 4860 παραστήτω
1500 4788 1630 4851 παῖς
1651 4803 1666 4819 ’
1700 4785 1907 4858 θέλησοπ

2021 4785 2350 4865 nontamen
2397 4804 2631 4859 humana
2686 4811 2771 4857 est
2826 4800 2945 4869 ejus
3004 4799 3225 4854 creandi
3292 4798 3449 4851 ratio.
3505 4798 3612 4851 Aut

2021 4902 2169 4958 enim
2232 4897 2507 4953 hominem
2549 4908 2765 4965 quoque
2814 4906 3069 4948 sermone
3119 4889 3322 4957 aliquid
3374 4888 3613 4944 adlicien-

2026 5002 2135 5049 tem
2167 4989 2395 5046 ostende
2433 5006 2447 5042 :
2481 4998 2573 5041 aut
2605 4985 2735 5041 mihi
2768 4984 3005 5039 concede
3034 4985 3201 5038 Deum
3238 4996 3345 5035 non
3378 4981 3615 5035 humano

2028 5098 2179 5138 more
2217 5094 2430 5137 creare.
2464 5077 2619 5146 Quod
2653 5077 2697 5131 si
2730 5090 2890 5131 secus
2916 5074 3221 5135 existimas,
3252 5085 3373 5141 age,
3421 5071 3616 5126 volun-

2029 5185 2141 5235 tate
2192 5174 2471 5229 civitatem
2513 5170 2781 5235 describe,
2836 5178 2891 5223 et
2943 5165 3129 5221 statim
3176 5163 3370 5219 civitas
3419 5178 3620 5232 reprae-

2032 5277 2294 5330 sentetur.
2337 5264 2473 5335 Opta
2513 5263 2604 5317 tibi
2657 5261 2825 5327 lilium
2876 5258 3068 5322 nasci,
3117 5266 3171 5312 et
3223 5255 3479 5324 protinus
3524 5254 3619 5307 tibi

2032 5375 2170 5431 puer
2205 5358 2451 5414 exsistat.
2514 5355 2662 5411 Veiis
2705 5352 2848 5407 aliud
2891 5350 3169 5419 quidpiam
3227 5360 3437 5409 eorum,
3502 5360 3623 5413 quae

2036 5450 2288 5505 manibus
2325 5446 2651 5511 elﬁciuntur,
2697 5451 2751 5497 et
2788 5440 3071 5496 confestim
3105 5436 3353 5491 voluntas
3405 5436 3457 5489 in
3489 5449 3625 5503 Opus

2037 5546 2282 5617 prodeat.
2320 5541 2473 5609 Quod
2512 5540 2557 5594 si
2595 5536 2815 5608 quidem
2871 5533 3006 5589 nihil
3043 5533 3234 5586 horum
3288 5528 3624 5583 voluntatem

2040 5645 2282 5691 nostram
2347 5640 2629 5700 sequatur,
2688 5627 2778 5680 Dei
2834 5639 2965 5680 vero
3023 5623 3269 5676 voluntas
3321 5619 3466 5673 actio
3515 5618 3624 5682 sit;

2038 5728 2387 5801 perspicuum
2448 5723 2635 5792 utique
2672 5726 2774 5785 est,
2809 5717 2916 5773 alio
2971 5715 3187 5786 quidem
3248 5711 3407 5768 modo
3450 5710 3627 5767 lmini-
