4064 6450
394 388 500 453 593
1640 389 2020 449 EUTiiYa‘dIl
2061 391 2419 452 ZlGABENI
3540 401 3645 461 596

396 516 520 553 nem
578 513 787 562 creare,
836 496 941 551 alio
997 504 1178 551 autem
1228 511 1409 550 rerum
1462 496 1707 550 omnium
1744 506 1961 552 creato-

2089 500 2381 569 ταρεὶθεῖν.
2404 502 2511 553 Καὶ
2545 502 2731 572 μηδεὶς
2763 503 3116 575 ὲπηρεαζὲτω
3146 506 3225 575 τῷ
3245 507 3410 579 λόγῳ.
3445 513 3520 563 οὐ
3540 516 3651 577 γὰρ

400 608 513 643 runt
573 590 767 645 Deum.
830 589 960 655 Quae
1012 590 1177 659 igitur
1228 596 1311 643 est
1363 589 1478 643 haec
1524 590 1685 655 ratio,
1744 600 1802 643 ut
1841 604 1964 644 cum

2089 587 2241 652 ιῠτως
2273 593 2337 643 ἐκ
2356 592 2449 644 τοῦ
2481 592 2689 660 Πατρός
2721 609 2863 662 φημι
2889 595 2982 647 τὸν
3005 596 3128 651 Υίὸν
3160 597 3448 668 ὑπάρχειν,
3481 602 3556 663 ὡς
3589 606 3650 654 ὲν

411 685 550 736 Deus
601 684 708 735 alio
770 698 933 751 quam
1004 682 1243 736 humano
1317 696 1472 735 more
1531 689 1801 749 procreet,
1868 680 1970 735 liu-

2089 681 2148 751 τῷ
2184 682 2359 753 Πατρὶ
2386 685 2651 753 πρότερον
2673 684 2822 752 ὄντα,
2854 687 2993 755 μετὰ
3014 688 3071 739 δὲ
3111 688 3270 741 τοῦτο
3302 692 3380 751 εἰς
3412 692 3473 743 τὸ
3497 686 3647 746 εἶναι

407 790 566 826 mann
604 784 781 829 tamen
830 790 980 828 more
1017 774 1240 844 gignere
1293 774 1559 841 cogatur?
1602 770 1684 826 Tu
1719 772 1965 842 quidem,

2089 774 2389 828 ὃδεύσανταο
2423 776 2544 828 οὐδὲ
2582 775 2691 844 γὰρ
2716 776 2881 848 ἀτελῆ
2920 779 3209 849 πρότερον,
3265 776 3384 835 εἶτα
3419 783 3654 851 τέλειον,

403 880 526 917 cum
583 864 736 933 prius
796 880 902 918 non
967 879 1145 929 esses,
1193 864 1388 918 deinde
1440 864 1618 919 factus
1663 878 1743 926 es,
1778 872 1968 933 postea

2089 864 2260 934 ὒσπερ
2289 866 2449 935 νόμος
2473 865 2575 935 τῆς
2603 868 2875 939 ἡμετέρας
2909 871 3239 939 γεννήσεως.

402 957 612 1026 gignis;
648 973 710 1011 ac
756 956 1005 1026 proinde,
1057 972 1178 1010 cum
1230 956 1321 1024 qui
1370 971 1476 1011 non
1523 966 1662 1021 erat,
1707 957 1759 1010 in
1803 969 1986 1010 rerum
2030 963 2283 1009 naturam
2328 957 2608 1025 producis.
2657 960 2785 1023 Aut,
2835 969 2893 1013 ut
2942 961 3270 1029 profundius
3319 965 3527 1035 aliquid
3566 966 3652 1020 di-

399 1068 543 1118 cam,
575 1051 807 1106 fortasse
862 1066 929 1104 ne
977 1051 1095 1119 ipse
1145 1049 1366 1112 quidem
1417 1065 1481 1105 ex
1520 1050 1692 1104 nihilo
1735 1049 2026 1119 producis;
2059 1049 2504 1120 quandoquidem
2537 1057 2592 1105 et
2647 1051 2800 1116 Levi,
2835 1061 2897 1107 ut
2938 1053 3029 1110 ille
3069 1055 3165 1120 ait,
3198 1055 3381 1112 adhuc
3421 1058 3475 1111 in
3502 1056 3649 1111 lum-

401 1151 486 1205 liis
532 1150 705 1220 patris
752 1158 893 1210 erat.
951 1157 1251 1218 antequam
1304 1148 1357 1202 in
1407 1148 1585 1203 lucem
1640 1148 1885 1217 prodiret
1930 1148 1971 1204 ⁸.
2002 1145 2114 1203 Nec
2174 1162 2306 1203 vero
2332 1147 2626 1218 quisquam
2674 1149 2803 1204 huic
2852 1150 3086 1206 orationi
3136 1150 3465 1206 calumniam
3511 1168 3647 1207 cou-

398 1244 513 1297 ilet.
548 1241 667 1296 Non
698 1243 843 1297 enim
887 1241 1085 1296 Filium
1133 1241 1207 1295 ita
1246 1256 1315 1296 ex
1346 1239 1506 1296 Patre
1544 1243 1809 1296 exsistere
1873 1240 2021 1307 dico,
2057 1241 2213 1312 quasi
2246 1241 2301 1295 in
2348 1240 2508 1297 Patre
2551 1243 2705 1311 prius
2731 1242 2955 1309 quidem
3013 1242 3203 1306 fuerit,
3228 1253 3420 1312 postea
3452 1253 3641 1298 autem

400 1344 604 1396 inesse
654 1338 941 1409 prodierit.
975 1335 1163 1407 Neque
1203 1337 1350 1391 enim
1400 1335 1776 1405 imperfectum
1813 1336 1983 1405 prius,
2025 1351 2089 1390 ac
2138 1346 2329 1405 postea
2380 1335 2684 1405 perfectum
2728 1335 2875 1400 dico,
2914 1337 3374 1406 quemadmodum
3415 1337 3522 1391 fert
3554 1338 3640 1393 lex

402 1445 607 1489 nostra:
641 1433 1037 1503 generationis.

470 1512 796 1582 Ηεεοέυηι
867 1540 1079 1591 eorum,
1144 1524 1235 1592 qui
1294 1522 1689 1578 obtrectatione
1755 1531 1808 1578 ct
1874 1538 1967 1577 ca-

2149 1523 2334 1577 Ταῦτα
2384 1522 2492 1576 τῶν
2565 1522 2986 1594 ἐπηρεαζόντων
3045 1522 3215 1578 ἐστίν’
3285 1523 3462 1576 ταῦτα
3540 1521 3653 1574 τῶν

398 1617 629 1673 lumniis
662 1615 896 1684 gaudent
925 1618 1073 1668 :liatc
1101 1629 1312 1675 eorum,
1345 1614 1436 1684 qui
1463 1614 1728 1668 adversus
1783 1616 1965 1667 omnia

2089 1616 2463 1687 ἑπιπηδώντων
2490 1618 2793 1687 προχείρως
2818 1618 2951 1670 πᾶσι
2970 1617 3080 1679 τοῖς
3097 1616 3432 1684 λεγομένοις.
3458 1611 3653 1683 Ἡμεῖς

401 1726 525 1781 quae
557 1711 815 1765 dicuntur
865 1718 1113 1779 prompte
1174 1707 1446 1761 insiliunt.
1492 1706 1605 1761 Nos
1646 1715 1826 1759 autem
1860 1720 1968 1759 non

2089 1708 2130 1763 Βὲ
2160 1709 2257 1775 οὐχ
2287 1707 2429 1760 οὕτω
2472 1706 2798 1777 φρονοῦμεν,
2838 1709 2934 1776 οὐχ
2977 1706 3121 1761 οὕτω
3167 1706 3487 1776 δοξάζομεν·
3536 1704 3653 1758 ἀλλ’

402 1806 478 1859 ita
504 1804 796 1866 sentimus,
827 1818 932 1857 non
983 1805 1053 1855 ita
1085 1816 1374 1855 censemus
1405 1817 1420 1853 :
1453 1816 1641 1854 verum
1677 1801 1779 1855 hoc
1808 1802 1970 1854 doce-

2089 1799 2213 1866 Βμοῦ
2244 1799 2320 1869 τῷ
2354 1798 2447 1851 τὸν
2472 1801 2691 1871 Πατέρα
2712 1794 2852 1852 εἶναι
2912 1800 3226 1870 ἀγεννήτως
3280 1798 3391 1869 (ἀεὶ
3449 1798 3505 1850 δὲ
3558 1792 3649 1867 ἦν,

402 1912 543 1964 mus,
588 1905 642 1949 et
675 1895 1012 1964 profitemur,
1047 1895 1190 1963 quod
1236 1894 1399 1949 simul
1444 1900 1607 1962 atque
1634 1892 1792 1946 Pater
1823 1892 1972 1960 inge-

2089 1893 2180 1961 οὐχ
2232 1893 2565 1960 ὕπερ-πίπτει
2619 1894 2730 1962 γάρ
2767 1892 2849 1956 είς
2896 1891 2958 1945 τὸ
2992 1892 3066 1962 μὴ
3093 1888 3233 1944 εἷναί
3265 1908 3395 1944 ποτε
3420 1895 3449 1946 ὁ
3476 1886 3649 1964 νοῦς),

401 1988 519 2042 nito
542 1988 704 2041 modo
737 1995 855 2041 erat
881 1988 1115 2056 (semper
1142 1996 1321 2040 autem
1357 1994 1495 2048 erat,
1536 1998 1634 2038 nec
1673 1986 1817 2038 enim
1843 1998 1969 2037 eum

2089 1984 2172 2037 καὶ
2226 1986 2254 2037 ὁ
2288 1984 2406 2043 Tib:
2435 1979 2503 2053 ἦν
2531 1984 2827 2053 γεννητῶς.
2882 1983 3043 2036 Ὥστε
3084 1982 3367 2053 συντρέχει
3420 1984 3481 2037 τδ
3512 1980 3652 2039 εῖναι

399 2077 697 2147 aliquando
732 2092 839 2129 non
885 2075 1056 2130 fuisse
1084 2076 1324 2145 concipit
1368 2089 1521 2129 meus
1550 2086 1760 2137 nostra,
1796 2088 1970 2143 quan—

2089 2073 2170 2127 ιοῦ
2197 2074 2406 2144 Πατρδς
2428 2073 2507 2143 τῷ
2533 2075 2894 2143 γεγεννῆσθαι
2932 2074 3025 2128 τοῦ
3061 2072 3419 2141 Μονογενοῦς,
3475 2074 3533 2140 ἑξ
3556 2075 3656 2128 αὒ-

403 2171 606 2224 tumvis
651 2183 710 2223 se
743 2169 1008 2222 altissime
1049 2167 1280 2239 eﬂ‘erat),
1325 2177 1380 2223 et
1411 2165 1587 2221 Filius
1618 2181 1838 2236 quoque
1873 2180 1970 2235 per

2089 2165 2171 2219 τοῦ
2197 2184 2256 2219 τε
2303 2167 2667 2237 ὑπάρχοντος,
2733 2169 2828 2221 καὶ
2864 2168 2925 2221 οὗ
2988 2167 3310 2236 μετίαὺτδν,
3359 2168 3391 2237 ἢ
3441 2168 3656 2239 ἐπινοίᾳ

402 2263 807 2331 generationem
856 2268 1006 2327 erat;
1034 2261 1107 2314 ita
1141 2270 1197 2313 ut
1237 2257 1418 2313 Patris
1453 2258 1696 2314 essentia
1732 2271 1969 2312 concur-

2089 2260 2217 2329 μόνῃ
2245 2262 2309 2327 τῇ
2340 2260 2439 2325 τῆς
2471 2260 2666 2329 ἀρχῆς·
2699 2259 2875 2329 ἀρχῆς
2898 2259 2978 2322 δὲ,
3036 2259 3110 2322 ὡς
3142 2259 3339 2314 αἰτίου.
3384 2258 3655 2322 Πολλάκις

403 2365 488 2409 rat
526 2369 650 2409 cum
687 2354 964 2424 Unigeniti
991 2352 1364 2423 generatione,
1396 2352 1570 2420 quiex
1606 2352 1723 2419 ipso
1749 2350 1966 2419 quidem

2089 2353 2184 2418 γὰρ
2207 2350 2299 2403 τὸν
2351 2350 2515 2402 αὐτὸν
2549 2352 2876 2419 ἀναστρέψω
2910 2351 3091 2419 λόγον,
3129 2350 3191 2404 τὸ
3224 2353 3371 2422 παχύ
3429 2367 3524 2404 σου
3559 2355 3656 2405 καὶ
3698 2391 3705 2396 ς

408 2457 514 2509 est,
550 2461 658 2500 non
693 2455 874 2500 autent
910 2456 1031 2513 post
1054 2445 1252 2514 ipsum,
1284 2452 1377 2496 aut
1400 2443 1591 2498 saltem
1623 2440 1733 2494 sola
1767 2440 1968 2510 princi-

2079 2440 2263 2493 ὑλικδν
2299 2441 2397 2509 τῆς
2423 2442 2664 2504 διανοίας
2685 2442 2851 2511 φοὸού
2861 2460 3042 2511 μενος.

406 2536 482 2603 pii
509 2537 856 2606 cogitatione.
894 2533 1225 2601 Principium
1262 2547 1389 2586 vero
1431 2534 1515 2585 hic
1544 2547 1641 2600 pro
1670 2546 1833 2585 causa
1867 2530 2097 2599 accipio.
2132 2529 2425 2586 ldentidem
2456 2532 2603 2587 enim
2648 2533 2838 2588 eadem
2865 2536 3027 2588 verba
3060 2544 3264 2604 repeto,
3295 2545 3353 2589 ut
3383 2535 3549 2590 animi
3577 2535 3652 2590 tui

401 2628 715 2685 hcbetudini
748 2636 803 2682 et
838 2625 1105 2681 crassitiei
1138 2640 1441 2678 occurram.

694 2716 949 2787 Ejusdem
991 2731 1055 2769 ea:
1099 2714 1334 2768 oratione
1358 2729 1395 2767 ιι
1426 2715 1487 2768 de
1520 2730 1669 2781 pace.

472 2809 664 2879 Magno
708 2808 825 2870 tibi,
860 2815 1021 2874 atque
1059 2804 1194 2858 adeo
1252 2804 1491 2857 maximo
1553 2803 1745 2856 lionori
1800 2800 1978 2865 ducis,

400 2900 548 2972 quod
588 2901 756 2953 lilium
801 2899 1021 2960 habeas,
1061 2910 1234 2963 eoque
1275 2895 1467 2961 magis,
1496 2894 1541 2948 si
1591 2893 1762 2961 patris
1801 2908 1980 2947 mores

400 3007 457 3047 et
494 2993 723 3062 elligiem
783 3002 839 3046 ut
874 3005 997 3044 vera
1040 2989 1219 3056 imago
1254 2987 1505 3039 omnibus
1551 2986 1836 3054 exprimat,
1882 3002 1982 3042 nec

402 3087 448 3140 si
509 3085 671 3140 detur
716 3081 888 3152 optio,
968 3079 1125 3134 malis
1190 3078 1387 3132 habere
1449 3079 1636 3132 decem
1695 3090 1974 3131 servorum

2262 2715 2374 2771 Τοῦ
2406 2714 2597 2769 αὐτοῦ
2627 2717 2696 2769 ἐκ
2728 2716 2834 2771 τοῦ
2855 2718 2918 2781 β’
2947 2717 3252 2787 εἰρηνικοῦ
3277 2720 3486 2788 λόγου.

2167 2804 2329 2859 Ἀλλὰ
2359 2806 2442 2860 σοὶ
2471 2806 2571 2877 μὲν
2602 2810 2682 2870 τίς
2713 2808 2876 2879 τιμὴν
2927 2811 3068 2878 μέγα
3100 2811 3194 2865 καὶ
3228 2810 3485 2881 μέγιστον
3509 2815 3537 2865 ὁ
3569 2816 3662 2881 σὶς

2079 2898 2218 2963 υίὸς,
2247 2901 2341 2951 καὶ
2385 2897 2629 2969 τοσούτῳ
2683 2900 2905 2969 μᾶλλον,
2939 2902 3049 2972 ὅσῳ
3102 2916 3212 2973 περ
3262 2901 3329 2957 ἂν
3365 2906 3431 2958 τὰ
3479 2908 3661 2959 πήντα

2082 2991 2369 3061 πατρὼζῃ,
2402 2991 2495 3043 καὶ
2521 2991 2806 3061 χαρακτὴρ
2897 2994 3118 3061 γνήσιος
3154 2993 3251 3046 τοῦ
3275 2997 3658 3065 γεννήσαντος,

2084 3086 2181 3137 καὶ
2207 3083 2307 3135 οὐκ
2339 3083 2406 3135 ἂν
2435 3082 2613 3146 δέξαιο
2648 3085 2855 3152 μυρίων
2885 3085 3238 3154 ἀνδραπόδων
3278 3083 3418 3139 εἶναι
3465 3090 3663 3143 δεσπό-

402 3177 591 3243 millia,
635 3191 795 3245 quam
831 3172 990 3228 unius
1061 3185 1186 3226 esse
1240 3169 1333 3223 lilii
1402 3179 1578 3238 pater,
1646 3179 1701 3222 et
1764 3169 1817 3221 in
1868 3167 1979 3223 Deo

2089 3194 2180 3248 της
2208 3175 2411 3246 μᾶλλον
2441 3175 2473 3245 ἢ
2504 3175 2624 3233 ἑνὸς
2657 3178 2937 3246 γεννήτωρ
2971 3178 3186 3242 παιδὸς,
3210 3178 3288 3247 τῷ
3310 3179 3428 3248 Θεῷ
3449 3181 3504 3233 δὲ
3532 3182 3663 3236 ἄλλο

403 3270 580 3340 majus
607 3266 809 3336 aliquid
842 3263 1179 3333 opinaberis,
1211 3275 1374 3330 quam
1404 3260 1546 3329 quod
1586 3260 1657 3315 sit
1688 3258 1847 3314 unius
1888 3276 1982 3328 ge-

404 3361 549 3412 nitor
580 3355 722 3423 Filii,
759 3354 849 3425 qui
880 3354 1108 3424 gloriam
1175 3352 1250 3405 illi
1297 3367 1405 3406 non
1462 3351 1670 3415 adimit,
1726 3349 1822 3404 sed
1888 3351 1983 3402 ad-

398 3450 599 3521 jungit,
631 3449 883 3518 quodque
923 3445 992 3500 ab
1013 3461 1076 3501 eo
1117 3446 1374 3513 procedat
1433 3442 1667 3510 Spiritus
1724 3442 1982 3497 sanctus?

403 3543 593 3599 Nonne
643 3539 1055 3604 animadvertis,
1118 3547 1196 3603 te,
1230 3537 1356 3590 dum
1429 3550 1613 3589 rerum
1674 3544 1981 3589 creatarum

405 3632 726 3703 principium
764 3630 979 3693 statuis,
1022 3642 1217 3697 nempe
1252 3624 1374 3680 Filii
1406 3639 1462 3681 et
1524 3624 1781 3694 Spiritus,
1843 3642 1983 3695 quos

402 3738 618 3783 creatos
655 3739 776 3780 esse
826 3720 1134 3784 contendis,
1163 3734 1261 3775 nec
1305 3718 1630 3789 principium
1695 3717 1984 3781 honorare,

403 3832 458 3875 et
489 3836 550 3874 ea
584 3833 704 3887 quae
735 3833 797 3870 ex
836 3817 952 3885 ipso
983 3818 1196 3867 exstant
1251 3812 1536 3880 principio,
1605 3810 1817 3865 allicere
1848 3825 1983 3865 con-

407 3910 668 3966 tumelia?
697 3908 831 3961 Illud
870 3906 1114 3975 quidem,
1164 3902 1421 3971 quoniam
1456 3917 1659 3965 rerum,
1692 3916 1811 3970 quae
1862 3917 1985 3969 par-

404 4024 507 4068 νειι,
542 4020 642 4059 nec
666 4003 801 4057 satis
830 4000 1012 4054 divina
1081 3996 1362 4067 majestate
1410 4007 1536 4050 sunt
1575 3996 1772 4064 dignae,
1838 3994 1988 4065 prin—

406 4098 606 4167 cipium
641 4094 841 4149 asseris
873 4109 886 4145 :
935 4091 1056 4145 illos
1094 4104 1240 4153 vero,
1274 4088 1530 4158 quoniam
1556 4098 1612 4144 et
1640 4101 1833 4157 parvos
1890 4087 1989 4139 lin-

408 4191 514 4260 gis,
548 4199 603 4241 et
643 4201 753 4241 non
809 4184 983 4239 solum
1020 4192 1252 4246 creatos,
1328 4195 1516 4235 verum
1590 4180 1750 4235 etiam
1805 4192 1985 4231 rerum

408 4279 688 4342 onmimn,
746 4290 866 4345 qua:
934 4284 1130 4327 creata:
1193 4281 1358 4336 sunt,
1419 4271 1851 4339 abjectissiinos?
1929 4268 1987 4323 Si

410 4368 633 4436 quidem
666 4376 719 4419 et
748 4376 1141 4425 earumcausa,
1177 4369 1232 4414 et
1299 4362 1351 4414 in
1400 4372 1663 4431 tempore,
1732 4369 1987 4427 tanquam

412 4462 773 4512 instrumenta
834 4453 1026 4509 artiliei
1085 4461 1211 4507 ante
1283 4465 1369 4507 res
1421 4466 1556 4521 quas
1613 4465 1679 4505 ex
1729 4459 1844 4503 arte
1912 4447 1991 4501 fa-

2079 3284 2132 3320 τι
2168 3268 2355 3337 μεῖζον
2397 3267 2432 3337 ἦ
2489 3267 2619 3319 Υίοῦ
2671 3267 2957 3335 τυγχάνειν
3014 3265 3255 3336 Πατέρα,
3297 3267 3327 3319 δ
3370 3270 3663 3342 προσθήκη

2081 3361 2239 3427 δόξης
2290 3362 2466 3425 ἐστὶν,
2517 3359 2613 3427 οὐχ
2671 3356 2971 3425 ὑφαίρεσις,
3010 3356 3085 3418 ὡς
3141 3356 3198 3407 δὲ
3247 3357 3342 3409 καὶ
3390 3359 3660 3426 προδολέα

2083 3455 2437 3523 ΙΙνεύματος;
2462 3451 2531 3501 Ἦ
2555 3451 2790 3514 ἀγνοεῖς,
2823 3450 2903 3500 ὅτι
2936 3448 2998 3501 σὺ
3033 3448 3132 3515 μὲν
3154 3447 3467 3518 κτισμάτων
3492 3450 3659 3512 τιθεὶς

2085 3546 2281 3615 ἀρχὴν,
2318 3545 2416 3611 τὴν
2450 3540 2625 3611 ἀρχὴν
2680 3540 2823 3607 λέγω
2865 3539 2923 3591 δὲ
2969 3539 3103 3592 Υἱοῦ
3161 3540 3258 3593 καὶ
3312 3538 3659 3609 Πνεύματος,

2085 3636 2211 3690 οὔτε
2248 3634 2347 3705 τὴν
2374 3635 2550 3703 ἀρχὴν
2579 3633 2768 3702 τιμᾷς,
2802 3632 2896 3685 καὶ
2927 3629 3220 3702 ἀτιμάζεις
3259 3631 3327 3683 τὰ
3358 3630 3415 3697 ιξ
3449 3630 3621 3699 αὐτῆς
3642 3644 3666 3663 ο

2083 3729 2183 3800 τὴν
2221 3726 2341 3796 μὲν,
2367 3726 2449 3780 ὅτι
2502 3725 2716 3797 μικρῶν
2761 3718 3002 3791 εἰσάγεις
3039 3722 3137 3794 τὴν
3171 3723 3366 3792 ἀρχὴν,
3408 3721 3504 3774 καὶ
3534 3722 3667 3775 ἀνα-

2087 3820 2207 3885 ξίαν
2246 3818 2525 3889 θεότητος,
2563 3818 2631 3871 τὰ
2686 3818 2743 3870 δὲ
2778 3819 2860 3869 ὅτι
2904 3814 3096 3886 μικρὰ,
3130 3814 3225 3866 καὶ
3276 3814 3351 3883 μὴ
3391 3812 3667 3880 κτίσματα

2092 3912 2272 3982 μόνον,
2291 3911 2428 3963 ἀλλὰ
2454 3912 2549 3963 καὶ
2571 3910 2787 3964 πάντων
2812 3906 3129 3976 κτισμάτων
3149 3905 3319 3965 ποιεῖς
3342 3904 3665 3972 ἀτιμότερα,

2090 4002 2207 4072 εῐγε
2233 4002 2439 4055 τούτων
2463 4001 2694 4069 ὑπέστη,
2713 3999 2805 4051 καί
2831 4013 2981 4062 ποτε,
3002 3997 3154 4050 ὥσπε
3164 4012 3193 4063 ρ
3209 3995 3419 4062 ὄργανα
3449 3995 3670 4064 τεχνίτῃ

2094 4098 2199 4166 πρὸ
2233 4095 2342 4149 τῶν
2370 4090 2628 4163 τεχνιτῶν
2651 4092 2915 4159 πρότερον
2942 4088 3045 4139 οὐκ
3072 4086 3222 4150 ὄντα,
3253 4083 3362 4138 οὐδ’
3407 4085 3471 4137 ἂν
3492 4083 3671 4147 ἄλλως

2096 4191 2391 4261 γενόμενα,
2419 4189 2468 4239 εί
2495 4186 2568 4256 μή
2598 4202 2650 4238 τι
2680 4184 2863 4237 κτίσαι
2889 4181 2958 4235 δι’
2988 4178 3165 4234 αὐτῶν
3208 4177 3485 4249 ἠϐουλήθη
3512 4177 3668 4243 Θεὸς,

2089 4284 2166 4345 ὡς
2214 4282 2313 4335 οὐκ
2342 4278 2642 4349 ἀρκοῦντος
2677 4275 2771 4329 τοῦ
2820 4274 3107 4345 βούλεσθαι
3132 4289 3149 4340 ;
3176 4270 3290 4326 Πᾶν
3322 4271 3430 4341 γὰρ
3471 4269 3499 4322 δ
3526 4269 3669 4333 τινος

2092 4376 2299 4437 ἕνεκεν,
2337 4372 2666 4441 ἀτιμότερον
2711 4366 2942 4432 ἐκείνου,
2972 4365 3041 4418 δι’
3080 4363 3108 4416 ὃ
3135 4363 3484 4433 γεγέννηται.
3527 4360 3675 4427 Ἐγὼ

2090 4468 2148 4520 δὲ
2182 4467 2435 4538 θεότητος
2460 4464 2633 4535 ἀρχὴν
2666 4461 2905 4529 είσάγων
2938 4460 3189 4529 ἄχρονον,
3222 4455 3316 4508 καὶ
3341 4453 3671 4524 ἀχώριστον,

407 4560 600 4607 cturus
657 4558 929 4611 est,cum
976 4546 1121 4615 prius
1181 4559 1288 4599 non
1341 4554 1561 4608 essent,
1593 4543 1661 4596 ob
1716 4542 1768 4596 id
1825 4541 1984 4594 exsti-

2095 4519 2201 4611 καὶ.
2223 4519 2633 4628 ἀόριστον,
2658 4570 2717 4606 τε
2766 4519 2941 4621 ἀρχὴν
2978 4519 3149 4618 ἰτιμῶ,
3176 4519 3293 4600 καὶ
3464 4519 3537 4596 -ὲκ
3571 4544 3671 4609 τῆς

412 4653 640 4708 terunt,
675 4651 731 4694 ut
785 4656 879 4709 per
931 4638 1021 4692 illa
1077 4644 1293 4691 crearet
1344 4643 1399 4690 et
1465 4635 1694 4699 faceret,
1753 4633 1797 4688 si
1857 4631 1989 4701 quid

412 4735 581 4789 vellet
614 4733 775 4797 Deus,
805 4740 1062 4801 tanquam
1094 4729 1162 4781 ad
1201 4727 1253 4781 id
1309 4726 1674 4795 prazstandum
1735 4727 1991 4777 voluntas

412 4830 531 4895 ejus
610 4843 715 4880 non
779 4832 925 4879 esset
1001 4822 1154 4877 satis.
1211 4817 1489 4887 Quidquid
1560 4817 1704 4870 enim
1771 4814 1994 4870 alterius

413 4934 574 4974 causa
646 4920 726 4979 lit,
787 4930 851 4969 eo
908 4911 1058 4981 cujus
1118 4911 1176 4965 lit
1249 4910 1462 4979 gratia,
1513 4908 1670 4961 vilius
1725 4916 1779 4960 et
1837 4906 1993 4961 dete-

416 5016 531 5067 rius
578 5020 682 5065 est.
734 5007 844 5077 Ego
873 5021 1023 5071 vero,
1074 5004 1167 5074 qui
1215 5001 1514 5057 divinitatis
1554 5001 1879 5069 principium
1924 5002 1993 5056 ita

420 5103 718 5164 constituo,
746 5109 802 5152 ut
859 5098 978 5155 sine
1025 5106 1271 5165 tempore
1300 5093 1394 5159 sit,
1424 5108 1523 5147 nec
1577 5093 1843 5161 separari,
1905 5104 1997 5148 ant

414 5194 524 5249 ullo
561 5192 791 5247 termino
824 5188 1196 5243 circumscribi
1245 5195 1431 5256 queat,
1466 5194 1521 5240 et
1558 5185 1909 5252 principium,
1942 5195 1995 5240 et

409 5301 472 5341 ca
514 5300 632 5355 quae
670 5299 734 5340 ex
780 5284 898 5351 ipso
938 5281 1208 5335 exsistunt
1232 5278 1524 5348 principio,
1564 5276 1774 5346 pariter
1822 5280 1991 5334 hono-

410 5396 467 5433 re
494 5392 817 5448 prosequor.
850 5372 1007 5436 Illud,
1043 5373 1170 5441 quia
1226 5370 1412 5424 talium
1476 5371 1801 5440 principium
1866 5374 1977 5440 sit;

408 5473 523 5522 lucc
554 5466 697 5537 quod
731 5465 805 5519 ita
844 5465 974 5527 sint,
1009 5471 1062 5514 et
1090 5459 1239 5523 talia,
1276 5470 1332 5511 et
1394 5473 1454 5510 ex
1522 5459 1633 5521 tali,
1680 5473 1778 5513 nec
1831 5468 1972 5513 tem-

403 5576 556 5630 pore.
579 5573 678 5614 nec
696 5566 913 5621 natura,
933 5568 1031 5606 nec
1053 5551 1339 5621 majestate
1355 5549 1642 5617 disjnncta,
1664 5553 1756 5604 sed
1772 5551 1983 5620 (quam-

399 5656 485 5707 vis
512 5653 614 5706 hoc
654 5651 728 5706 sit
760 5644 1101 5715 admirabile)
1128 5646 1201 5701 ita
1241 5659 1428 5710 unum,
1463 5651 1521 5699 ut
1552 5643 1806 5700 diStincta
1828 5645 1936 5700 sint
1963 5660 1979 5699 :

474 5787 489 5817 '
515 5785 798 5850 ηψπ-1η,
839 5783 926 5840 10.

2090 4647 2266 4716 ἀρχῆς
2324 4646 2558 4711 ἐπίσης·
2591 4641 2689 4709 τὴν
2735 4640 2855 4711 μὲν,
2896 4640 2977 4692 ὅτι
3001 4638 3258 4691 τοιούτων
3281 4634 3444 4706 ἀρχὴ,
3470 4634 3539 4687 τὰ
3587 4632 3673 4698 δὲ,

2091 4738 2173 4790 ὃτι
2203 4735 2365 4796 οὕτω,
2420 4733 2515 4786 καὶ
2555 4730 2802 4795 τοιαῦτα,
2856 4729 2950 4783 καὶ
3001 4730 3065 4781 ὲκ
3099 4727 3366 4789 τοιούτου,
3422 4725 3557 4794 μήτε
3593 4723 3677 4794 τῷ

2097 4827 2249 4889 ποτὲ,
2282 4824 2424 4894 μήτε
2456 4826 2522 4893 τῇ
2570 4822 2747 4891 φύσει,
2779 4823 2916 4892 μήτε
2946 4819 3022 4892 τῷ
3064 4819 3249 4889 σεπτῷ
3290 4818 3670 4887 διειργόμενα.

2096 4918 2155 4971 ἓν
2182 4917 2312 4969 ὄντα
2343 4914 2711 4985 διῃρημένως,
2743 4914 2839 4966 καὶ
2886 4912 3247 4982 διαιρούμενα
3282 4906 3670 4977 συνημμένως,

2098 5008 2147 5059 εί
2173 5005 2268 5059 καὶ
2302 5004 2603 5072 παράδοξον
2648 5003 2812 5056 τοῦτο
2846 5002 3042 5063 εἰπεῖν,
3071 5002 3169 5070 οὐχ
3208 4995 3373 5071 ἦττον
3407 5003 3674 5058 ὲπαινυά

2094 5099 2194 5166 τῆς
2241 5096 2377 5167 πρὸς
2416 5095 2620 5164 ἄλληλα
2677 5094 2939 5165 σχέσεως,
2988 5092 3021 5164 ἢ
3075 5090 3199 5144 καθ’
3233 5091 3393 5143 ἑαυτὸ
3440 5093 3673 5146 ἕκαστον

2095 5188 2387 5254 νοούμενον
2417 5204 2475 5241 τε
2514 5189 2608 5241 καὶ
2655 5186 3094 5257 λαμϐανόμενον,
3126 5183 3331 5252 Τριάδα
3362 5184 3573 5237 τελείαν
3605 5188 3672 5240 ἐκ

2090 5282 2315 5335 τελείων
2344 5281 2535 5351 τριῶν,
2566 5280 2794 5351 μονάδος
2829 5279 2929 5348 μὲν
2963 5276 3280 5346 κινηθείσης
3303 5277 3391 5329 διὰ
3416 5278 3476 5329 τὸ
3499 5277 3672 5330 πλού-

2094 5391 2229 5440 σιον,
2275 5374 2466 5435 δυάδος
2513 5373 2567 5426 δὲ
2611 5370 3013 5443 ὑπερϐαθείσης
3039 5387 3052 5399 ·
3095 5369 3233 5438 ὑπὲρ
3262 5367 3370 5438 γὰρ
3399 5370 3499 5438 τὴν
3534 5369 3670 5439 ὓλην

2094 5465 2188 5517 καὶ
2231 5465 2291 5516 τὺ
2316 5460 2455 5527 εἶδος
2478 5465 2536 5529 ἐξ
2564 5457 2640 5517 ὧν
2678 5463 2748 5514 τὰ
2774 5461 3003 5530 σώματα
3022 5476 3038 5493 ο
3072 5461 3303 5530 Τριὰὂος
3336 5460 3391 5511 δὲ
3422 5460 3672 5528 ὁρισθείι-

2094 5571 2194 5623 σης
2219 5555 2304 5607 διὰ
2337 5554 2395 5606 τὸ
2427 5554 2653 5605 τέλειον.
2688 5551 2886 5622 Πρώτη
2935 5551 3044 5619 γὰρ
3097 5550 3420 5620 ὑπερϐαίνει
3472 5550 3669 5612 δυάδος

2094 5643 2359 5711 σύνθεσιν,
2395 5643 2482 5697 ἵνα
2512 5644 2650 5714 μήτε
2681 5643 2843 5712 στενὴ
2886 5643 3026 5713 μένῃ
3073 5643 3105 5711 ἡ
3153 5643 3369 5710 θεότης,
3411 5640 3551 5711 μήτε
3584 5639 3666 5703 είς
