2032 3220
155 212 209 242 5⁸17

641 215 829 246 PANOPLIA
851 216 1082 248 DOGMATICA.
1103 230 1137 234 -
1156 218 1232 249 ΤΙΤ.
1250 218 1303 249 XI.

1731 216 1783 249 598

153 270 277 302 ἄπειρον
291 267 398 302 κέηται.
417 268 455 295 τὸ
472 268 521 303 μὲν
537 269 592 304 γὰρ
612 270 784 305 ἀφιλότιμον,
798 271 829 297 τὸ
841 271 869 298 δὲ
882 271 942 298 ἄτα-

1001 273 1035 299 ita
1048 273 1188 305 distincta,
1204 277 1232 300 ut
1246 280 1328 300 unum
1342 272 1409 306 sint,
1422 280 1472 300 nec
1501 271 1591 300 minus
1614 276 1709 299 mutuo
1732 272 1784 301 hoc

155 323 225 341 κτον
236 322 245 329 ⁸
263 314 309 341 καὶ
324 314 353 341 τὸ
366 315 416 348 μὲν
436 315 581 343 Ὶουδαῖκδν
595 317 745 349 παντελῶς,
761 318 792 343 τὸ
805 318 832 344 δὲ
853 318 947 353 Ἐλλη-

153 361 237 387 νικδιν
250 360 297 388 καὶ
312 361 454 390 πολύθεον.
466 362 564 388 Σκοπῶ
576 363 604 389 δὲ
619 363 740 395 κάκεῖνο,
758 363 805 390 καὶ
820 364 884 395 ἴσως
897 365 947 391 οὐκ

152 406 342 439 ἀπαιδεύτοις,
363 407 424 434 οὐδὲ
439 408 565 442 ἀμαθῶς,
580 408 646 435 ἀλλὰ
659 409 707 436 καὶ
733 409 794 436 λίαν
807 411 946 446 ἐπεσκεμ-

154 451 262 485 μένως,
276 453 318 478 ὅτι
333 453 376 479 σοὶ
391 453 442 487 μὲν
465 453 586 485 κίνδυνος
611 455 671 481 οὐδὲ
684 453 725 487 εἷς
741 456 872 492 γεννητὸν
887 458 946 483 εισ-

152 499 252 531 ἀγοντι
266 498 313 525 τὸν
324 499 389 526 Υίόν
400 507 408 515 ⁸
422 500 453 526 οὺ
466 500 521 534 γὰρ
537 500 574 535 μὴ
589 501 664 536 πάθῃ
679 510 705 528 τι
718 501 820 536 γεννῶν
834 503 849 529 ὁ
866 503 946 537 ἀγέν-

151 552 238 578 νητος
250 545 306 571 τῶν
321 546 485 581 σωματικῶν
496 555 525 573 τε
537 548 584 575 καὶ
593 548 702 580 ὑλικῶν,
717 548 758 575 ὅτι
770 549 838 585 μηδὲ
853 549 943 585 σῶμα·

151 590 200 616 tul.
218 590 303 617 τοῦτο
323 591 351 617 αι
376 593 465 618 κοιναὶ
482 592 546 627 περὶ
571 592 637 619 Θιοῦ
651 594 865 628 παραχωροῦσιν
880 595 946 621 ὐπο-

152 634 264 668 λῄψεις,
276 635 348 662 ὥστε
364 635 391 662 τί
404 636 562 671 φοϐούμεθα
575 637 669 671 φόόον,
679 634 711 664 οὗ
726 639 763 673 μὴ
772 638 831 665 ἐστι
842 639 925 673 φόὸος
937 648 944 671 ;

152 680 201 707 καὶ
216 681 376 716 ἀσεσοῡμεν
403 682 447 708 διὰ
470 683 563 717 κενῆς,
578 683 592 709 ὃ
619 683 651 718 δὴ
676 683 802 718 λέγεταις
825 684 902 719 Ἐμοὶ
917 685 946 711 δὲ

152 726 281 757 κίνδυνος
298 727 471 761 ζημιωθῆναι
488 729 614 763 ϐιότητα,
625 729 650 755 ει
665 731 695 755 τδ
710 729 813 765 κτίσμα
828 730 946 766 παραδε-

153 770 267 806 χοίμην·
281 771 376 806 οὐγὰρ
391 772 459 803 Θεὸς
483 772 514 798 τὺ
527 772 697 807 κτιζόμενον,
712 773 772 799 οὐδὲ
787 773 945 799 δεσποτικὸν

152 816 183 840 τὸ
194 815 356 849 ὁμόδουλον,
374 817 426 843 κᾶν
446 817 480 843 τὰ
496 817 595 852 πρῶτα
618 817 736 852 φέρηται
755 816 878 848 δουλείαις
899 818 946 843 καὶ

151 861 283 893 κτίσεως,
305 862 352 887 καὶ
367 862 447 888 τοῦτο
462 862 543 898 μόνον
558 862 816 898 φιλανθρωπιύητοιι
833 863 944 898 ὐὸριζό-

153 914 245 939 μενον.
272 906 302 933 '0
315 907 371 941 γὰρ
385 908 436 941 τῆς
456 907 634 942 ὀφειλομένης
647 908 807 941 ἀποστερῶν
819 909 902 943 τιμῆς
913 908 943 934 οὐ

1000 318 1070 345 inter
1081 325 1111 346 se
1125 317 1217 345 habitu
1231 317 1311 345 simul
1327 317 1417 344 omnia
1431 316 1575 347 laudanda,
1591 323 1671 350 quam
1686 323 1785 343 unum-

999 365 1124 397 quodque
1136 371 1228 391 eorum
1243 371 1292 398 per
1304 370 1344 395 se,
1366 362 1388 390 si
1407 361 1544 397 sigillatim
1558 361 1721 396 cogitatione
1742 366 1786 388 at-

998 416 1051 443 que
1069 409 1160 436 animo
1176 409 1452 443 comprehendantur.
1477 407 1596 435 Trinitas
1621 407 1740 442 perfecta
1751 415 1785 436 ex

998 454 1086 481 tribus
1101 459 1210 482 constat
1225 454 1362 490 perfectis.
1378 462 1412 482 ex
1428 455 1531 483 unitate
1557 458 1692 481 cotmuota
1718 461 1785 489 pro-

998 504 1057 535 pter
1071 500 1179 527 divitias
1196 500 1324 528 bonitatis
1345 508 1353 528 :
1368 508 1402 528 ex
1416 500 1522 528 binario
1550 499 1784 534 supergrediente,

998 550 1142 580 propterea
1158 546 1229 581 quod
1249 554 1331 581 super
1349 546 1489 573 materiam
1504 550 1532 573 et
1543 545 1658 572 formant
1675 552 1708 572 ex
1725 545 1786 579 qui-

998 591 1049 618 bus
1061 598 1175 626 corpora
1186 592 1350 625 consistunt,
1365 591 1501 626 egreditur
1514 599 1522 618 :
1535 598 1566 618 ex
1581 590 1699 618 ternario
1714 590 1783 618 dell-

998 638 1055 665 nito
1067 644 1177 672 propter
1192 638 1383 673 perfectionem
1398 638 1406 671 (
1419 645 1548 665 numerus
1579 637 1652 664 enim
1689 642 1784 664 terna—

997 683 1054 711 rius
1068 683 1167 712 hinarii
1198 685 1424 718 compositionem
1450 683 1556 718 primus
1576 682 1745 710 transcendit
1761 683 1783 715 ),

998 732 1028 754 ut
1040 736 1126 763 neque
1139 734 1252 764 angusta
1269 729 1403 756 divinitas
1422 732 1542 759 ntaueat,
1557 733 1644 762 neque
1664 727 1691 754 in
1721 726 1785 754 inﬂ—

997 773 1084 800 nilum
1103 773 1269 801 diffundatur
1288 782 1295 800 :
1316 773 1342 801 id
1362 774 1435 801 enim
1450 777 1522 801 esset
1543 772 1712 805 indecorum,
1733 772 1785 798 hoc

997 823 1087 846 autem
1114 818 1365 852 contusuttuillud
1399 817 1554 846 Iudaeorum
1582 817 1706 851 omnino,
1734 817 1786 843 hoc

996 865 1152 894 Graecorum
1169 865 1350 900 multiplicem
1367 864 1481 892 deorum
1499 864 1604 891 turbam
1629 864 1786 897 contingen-

998 912 1075 940 tium.
1085 911 1126 939 Ad
1141 911 1196 938 hac
1212 918 1265 939 non
1282 911 1416 938 inerudite
1431 910 1557 942 fortasse,
1570 917 1620 937 nec
1631 909 1722 941 stulte,
1738 908 1785 936 sed

156 953 261 986 μᾶλλον
277 955 344 989 τιμᾷ
354 955 391 989 τῷ
406 954 548 990 διδομένῳ,
564 956 579 989 ἢ
600 955 731 990 ἀτιμάζει
748 955 787 990 τῷ
808 956 942 990 ἀφαιρου-

997 957 1075 985 valde
1102 957 1273 984 considerate
1288 957 1425 992 perpendo
1453 961 1535 990 atque
1564 955 1711 990 perspicio,
1736 954 1785 981 tibi

154 999 238 1032 μένῳ,
256 999 309 1025 κᾶν
322 1000 503 1034 προσποίησιν
518 1000 567 1037 ἔχῃ
580 1001 665 1036 τιμῆς
676 1002 706 1027 τδ
724 1001 876 1035 γινόμενον.
891 1001 945 1027 Καὶ

153 1044 180 1070 ετ
193 1052 237 1070 σοι
257 1045 408 1072 πλάττεται
429 1046 503 1080 πάθη
529 1048 593 1081 περὶ
622 1047 671 1082 τὴν
698 1048 836 1081 γέννησιν,
861 1048 945 1081 κάμοὶ

154 1090 218 1125 περὶ
232 1091 286 1125 τὴν
311 1091 412 1119 κτίσιν.
433 1092 502 1118 Οὐδὲ
522 1093 578 1127 γὰρ
603 1093 634 1119 τὸ
650 1093 811 1128 κτιζόμενον
831 1093 946 1124 ἀπαθῶς

152 1135 211 1161 cia
227 1136 404 1171 κτιζόμενον,
432 1138 457 1164 ει
487 1138 534 1164 καὶ
566 1139 602 1173 μὴ
629 1139 793 1174 γεγέννηται
811 1139 882 1165 κατὰ
901 1139 942 1170 σὲ,

156 1181 222 1214 μηδὲ
234 1181 363 1208 ἔκτισται
381 1184 451 1209 κατὰ
467 1184 511 1209 τὸν
528 1184 616 1219 ἁληοῆ
631 1185 720 1218 λόγον.
736 1184 816 1217 Δέξαι
836 1185 883 1211 τοῦ
899 1185 944 1211 λό-

155 1234 202 1259 γου
216 1235 259 1253 σοι
280 1228 310 1253 τὸ
329 1229 488 1263 λειπόμενον
503 1231 515 1255 ὁ
534 1230 633 1265 μικροῦ
652 1231 682 1257 τὸ
704 1231 762 1257 [σον
782 1231 872 1265 λέγειν
885 1231 943 1257 τολ-

157 1272 213 1304 μῶν
225 1273 271 1299 διὰ
283 1274 332 1307 τῆς
349 1276 537 1310 προσηγορίας
548 1276 595 1303 τοῦ
609 1277 764 1308 κτίσαντος.

994 1003 1115 1038 quidem,
1135 1003 1157 1030 si
1177 1002 1275 1029 Filiutu
1290 1003 1409 1037 genitum
1427 1002 1565 1034 admittas,
1579 1002 1679 1028 nullum
1708 1001 1780 1036 peri-

994 1048 1085 1076 culum
1101 1048 1257 1081 imminere,
1274 1053 1301 1075 ιιι
1321 1048 1366 1082 qui
1386 1052 1508 1082 generat,
1525 1047 1549 1074 in
1562 1055 1655 1074 earum
1672 1054 1731 1081 quae
1750 1047 1776 1073 in

994 1101 1107 1129 corpora
1121 1099 1149 1120 et
1164 1094 1305 1120 materiam
1322 1093 1432 1125 cadunt,
1460 1092 1631 1119 all'ectionctn
1661 1092 1779 1126 aliquant

994 1130 1127 1171 incurrat,
1141 1146 1203 1166 cum
1219 1147 1272 1166 non
1288 1138 1324 1166 sit
1337 1146 1448 1174 c0rpus.
1478 1137 1574 1166 Procul
1587 1139 1660 1165 enim
1688 1138 1783 1166 absce-

996 1186 1071 1217 dant,
1085 1193 1145 1212 cum
1161 1185 1193 1212 de
1206 1184 1259 1212 Deo
1270 1185 1415 1220 loquimur,
1434 1192 1592 1212 communes
1608 1185 1668 1212 ista:
1694 1185 1786 1218 suspi—

995 1232 1099 1263 ciones,
1116 1235 1144 1258 ut
1155 1231 1298 1259 timeamus
1310 1232 1356 1258 ubi
1374 1232 1463 1259 nullus
1478 1237 1520 1259 est
1532 1232 1623 1263 timor,
1651 1234 1678 1258 et
1712 1231 1784 1265 quod

994 1277 1046 1303 diei
1063 1277 1142 1309 solet,
1161 1277 1259 1304 frustra
1273 1277 1346 1312 impii
1362 1278 1458 1305 simus.
1475 1277 1539 1304 Mihi
1552 1284 1625 1309 vero,
1653 1277 1675 1304 si
1702 1284 1780 1303 creta-

159 1326 211 1345 tum
227 1320 379 1353 admisero,
402 1322 467 1347 illud
485 1322 587 1349 llislal'e
618 1322 770 1357 periculum
792 1322 880 1355 video,
912 1326 941 1349 ιιι
962 1321 1134 1348 divinitatem
1151 1321 1297 1349 oﬂ‘endam.
1330 1321 1423 1356 Neque
1441 1321 1512 1349 enim
1535 1322 1604 1348 Deus
1635 1326 1677 1348 est
1704 1321 1726 1347 is
1739 1319 1784 1354 qui

156 1371 263 1393 creatus
279 1371 332 1398 est,
348 1375 397 1394 nec
414 1368 550 1401 Dominus,
564 1368 609 1402 qui
635 1375 795 1402 conservus,
824 1368 886 1395 licet
914 1369 941 1395 in
961 1376 1056 1395 eorum
1084 1367 1129 1402 qui
1161 1368 1244 1395 creati
1259 1373 1286 1395 et
1306 1368 1378 1395 servi
1399 1372 1464 1395 sunt
1486 1375 1601 1395 numero
1621 1367 1723 1401 primas
1751 1366 1787 1392 le-

157 1420 250 1446 rat.et
269 1415 320 1442 hac
339 1423 390 1441 uua
406 1423 434 1441 re
461 1424 488 1442 se
519 1417 682 1443 contumelia
704 1416 830 1444 affectum
855 1416 1018 1444 demulceat.
1033 1416 1101 1443 Nam
1125 1416 1171 1450 qui
1187 1416 1279 1443 dehito
1312 1416 1414 1443 honore
1450 1414 1567 1449 aliquem
1601 1415 1699 1449 privat,
1731 1421 1786 1440 non

160 1461 239 1494 utagis
251 1468 314 1487 eum
329 1460 453 1493 decorat,
467 1462 537 1495 quod
554 1461 579 1488 ei
602 1461 703 1496 aliquid
725 1462 799 1489 aliud
830 1461 1013 1496 itnpartiatur,
1027 1468 1106 1496 quam
1136 1461 1283 1496 ignominia
1303 1460 1386 1488 allicit
1418 1467 1451 1487 ex
1468 1467 1501 1487 eo
1515 1460 1586 1493 quod
1610 1459 1649 1485 illi
1679 1458 1785 1490 adimit,

159 1509 260 1536 licetea
275 1517 330 1541 res,
346 1516 428 1543 quam
444 1511 577 1543 attribuit,
607 1510 718 1538 honoris
749 1511 866 1545 speciem
895 1509 1028 1545 prmiarat.
1045 1510 1120 1543 Quod
1139 1510 1161 1537 si
1195 1509 1242 1535 tibi
1256 1509 1283 1535 in
1311 1509 1486 1543 generatione
1499 1507 1655 1534 affectiones
1690 1512 1789 1533 occur

163 1562 230 1588 runt,
244 1562 395 1583 accurrunt
411 1557 491 1583 etiam
507 1558 572 1584 mihi
603 1558 629 1584 in
648 1558 796 1591 creatione,
813 1560 871 1586 sine
897 1558 995 1593 quibus
1027 1558 1094 1584 niltil
1120 1562 1240 1585 creatutn
1256 1557 1455 1589 animadverto,
1490 1555 1513 1583 si
1547 1559 1575 1581 tu
1594 1561 1647 1581 non
1659 1560 1719 1581 csse
1738 1561 1784 1588 ge-

164 1601 240 1629 nitum
252 1602 371 1651 allii-\mas
383 1610 415 1629 ex
436 1604 563 1637 opinione
577 1608 632 1637 tua,
642 1609 669 1631 et
683 1612 734 1640 ego
749 1612 801 1632 non
822 1612 882 1632 esse
899 1609 1019 1631 creatum
1038 1610 1130 1631 assero
1141 1610 1174 1630 ex
1196 1602 1319 1629 veritate.
1336 1602 1389 1629 Sed
1414 1601 1470 1636 jam
1498 1601 1631 1635 reliquam
1657 1599 1786 1628 orationis

165 1655 258 1683 partem
275 1649 369 1684 accipe
382 1655 419 1682 tu,
432 1652 477 1685 qui
492 1656 612 1678 creatum
628 1653 766 1687 appellans
779 1653 863 1680 audes
877 1660 949 1684 cum,
971 1652 1015 1686 qui
1035 1658 1134 1686 parvus
1146 1654 1198 1682 est,
1217 1649 1348 1684 aequalem
1364 1650 1466 1678 dicere.

213 1696 265 1723 Τοῦ
278 1697 373 1723 αὐτοῦ
389 1698 422 1723 ἐκ
440 1698 492 1723 τοῦ
508 1700 551 1730 εἰς
567 1699 599 1726 τὸ
614 1699 722 1734 Πάσχα
740 1699 770 1732 ,β’
787 1702 891 1733 λόγου.

198 1741 283 1769 Ταῦτα
301 1743 429 1775 ἐγκαλεῖς
447 1744 527 1778 Θεῷ;
552 1745 601 1772 Διὰ
623 1746 710 1773 ταῦτα
738 1746 945 1781 ὑπολαμϐάνεις

175 1785 276 1820 ιιιρονα,
291 1788 332 1813 ὅτι
358 1788 454 1824 λεντίῳ
481 1790 673 1822 διαζώννυται,
694 1793 742 1817 καὶ
769 1791 860 1818 νίπτιι
882 1793 945 1822 τοὺς

181 1831 251 1862 πωις
267 1833 318 1860 τῶν
345 1835 485 1868 μαθητῶν,
511 1837 557 1862 καὶ
582 1836 720 1863 δείκνυσιν
746 1838 860 1873 ἀρίστην
885 1839 944 1865 όδὲιν

179 1877 294 1910 seum;
308 1881 357 1915 τὴν
374 1882 555 1916 ταπείνωσιν;
575 1883 636 1910 ὀτι
649 1884 692 1910 δίὰ
705 1886 755 1919 τὴν
770 1885 943 1918 συγκύπτοι)-

173 1932 216 1949 σαν
226 1927 309 1961 χαμαὶ
320 1927 410 1963 ψυχὴν
427 1930 616 1963 ταπεινοῦται,
635 1931 680 1957 ἵνα
696 1932 743 1957 καὶ
755 1931 902 1967 συνυψὼσῃ
914 1932 944 1957 τὸ

168 1970 232 1997 κάτω
248 1973 326 1999 νξῦον
354 1975 405 2000 ὑπὸ
423 1976 472 2009 τῆς
489 1977 645 2010 astas-stag;
672 1978 775 2004 Ἐκεῖνο
792 1978 820 2004 δὲ
837 1978 894 2009 πῶς
912 1978 942 2004 οὺ

166 2020 330 2053 κατηγορεῖς,
348 2020 388 2046 ὅτι
407 2022 453 2046 καὶ
470 2023 537 2055 μετὰ
549 2022 672 2048 τελωνῶν
690 2022 785 2054 ἐσθίει,
804 2024 851 2049 καὶ
868 2023 943 2057 παρὰ

164 2061 297 2097 τελώναις,
321 2066 367 2091 καὶ
386 2066 535 2101 μαϐητεύει
553 2068 682 2099 τελώνας,
704 2068 747 2095 ῐνα
759 2068 807 2095 καὶ
822 2069 903 2101 αὑτός
916 2078 943 2096 τι

163 2107 274 2145 κερδάνῃ
289 2118 296 2140 ;
311 2110 344 2135 Τι
360 2111 454 2142 cauto;
470 2112 525 2146 Τὴν
541 2113 595 2138 τῶν
608 2113 780 2148 ἁμαρτωλῶν
792 2121 941 2149 σωτηρίαν

160 2154 182 2179 εί
201 2154 236 2190 μὴ
262 2156 312 2181 καὶ
327 2156 370 2182 τὸν
398 2158 489 2191 ἱατρῦν
509 2157 619 2192 αἰτιῷτο
649 2167 702 2191 τις,
729 2159 769 2185 ὅτι
787 2160 941 2193 συγκύπτει

161 2199 203 2225 ἐπὶ
215 2201 253 2226 τὰ
268 2201 355 2235 πάθη,
376 2202 422 2228 καὶ
454 2203 588 2229 δυσωδίαν
603 2203 740 2238 ἀνέχεται,
761 2204 804 2230 ινα
835 2205 872 2239 δῷ
892 2206 942 2239 τὴν

160 2246 263 2280 ὑγίειαν
277 2250 333 2279 τοῖς
346 2249 489 2283 κάμνουσι,
509 2251 555 2277 καὶ
572 2251 618 2277 τὸν
632 2251 839 2285 ὲπικλινόμενον
851 2251 941 2286 βόθρῳ

157 2291 196 2319 διὰ
211 2294 432 2328 φιλανθρωπίαν,
450 2295 492 2321 ἵνα
507 2296 537 2322 τὸ
561 2297 742 2331 ὲμπεπτωκὺς
754 2296 853 2331 κτῆνος
869 2298 941 2324 κατὰ

156 2338 198 2365 τὸν
216 2340 302 2374 νόμον
329 2341 517 2376 ἀνασώσηται.
545 2343 696 2378 ’Λπεστάλη
720 2343 787 2377 μὲν,
817 2343 875 2369 ἀλλ’
901 2344 939 2375 ὼς

1126 1697 1255 1733 Ejusdem
1275 1705 1307 1723 ea;
1324 1698 1443 1724 oratione
1456 1705 1473 1724 ll
1495 1697 1522 1723 in
1536 1696 1651 1724 Pascha.

1032 1744 1094 1772 llaec
1109 1744 1206 1778 obiicis
1224 1744 1297 1771 Deo?
1323 1744 1468 1778 Propterea
1497 1748 1576 1778 putas
1603 1743 1679 1770 illum
1710 1742 1785 1777 ahje<

995 1791 1121 1822 ctiot'ent,
1138 1790 1209 1824 quod
1226 1789 1310 1816 linteo
1331 1790 1512 1824 succingitur,
1529 1793 1556 1816 et
1588 1789 1784 1823 discipulorum

995 1837 1077 1870 pedes
1093 1835 1165 1862 lavat
1181 1854 1188 1865 .
1210 1836 1394 1869 optimantque
1409 1835 1442 1861 ad
1457 1834 1649 1861 exultationem
1679 1838 1706 1860 ct
1729 1834 1787 1867 glo—

994 1882 1061 1909 riam
1081 1881 1165 1913 viam,
1186 1881 1377 1913 humilitatem,
1399 1880 1592 1907 demissionetn
1616 1886 1676 1906 esse
1693 1879 1786 1906 decla-

994 1932 1054 1957 rat'!
1070 1929 1139 1964 quod
1157 1932 1266 1964 propter
1281 1928 1400 1954 animam
1425 1927 1499 1954 humi
1524 1927 1655 1961 deiectam
1690 1925 1784 1958 depri-

994 1974 1088 2008 mitur,
1101 1979 1130 2001 ut
1146 1974 1172 2001 id
1188 1974 1258 2008 quod
1275 1977 1388 2008 peccato
1415 1972 1543 1999 alilit-tttm
1563 1972 1691 1998 deorsum
1720 1976 1783 1997 ten-

993 2021 1084 2055 debat,
1095 2022 1194 2048 excitet
1222 2025 1303 2056 atque
1332 2020 1468 2047 extollat?
1492 2019 1547 2046 Cur
1564 2026 1617 2045 non
1653 2017 1677 2044 ei
1701 2016 1784 2045 simul

994 2067 1078 2094 etiam
1106 2067 1216 2095 crimini
1252 2067 1347 2099 vertis,
1372 2066 1443 2100 qttod
1474 2073 1536 2092 cutn
1569 2064 1719 2099 publicanis
1756 2068 1784 2090 et

992 2114 1063 2147 apud
1086 2113 1244 2148 publicanos
1258 2113 1387 2145 comedit,
1403 2117 1431 2139 ut
1447 2112 1504 2146 ipse
1528 2118 1636 2145 quoque
1663 2110 1784 2136 lucretur

992 2160 1116 2194 aliquid?
1131 2160 1285 2193 Quidnam;i
1300 2159 1419 2186 Salutem
1433 2162 1618 2193 peccatorum.
1635 2155 1668 2183 Ut
1680 2157 1702 2182 si
1721 2155 1783 2190 quis

992 2205 1125 2231 medicum
1155 2210 1274 2237 accuset,
1293 2205 1366 2239 quod
1391 2204 1425 2231 ad
1457 2203 1644 2238 mgrotantium
1673 2202 1784 2228 morbos

991 2256 1017 2277 et
1032 2251 1141 2278 vulnera
1164 2251 1334 2285 inspicienda
1362 2257 1420 2278 sese
1448 2249 1576 2280 deutittit,
1605 2248 1784 2281 fmtnremque

991 2297 1103 2331 perfert,
1120 2302 1149 2324 ut
1175 2304 1223 2324 eos
1253 2302 1342 2324 curet.
1378 2296 1432 2322 Aut
1457 2295 1480 2323 si
1508 2296 1570 2330 quis
1602 2294 1784 2328 reprehendat

990 2350 1051 2369 eum
1068 2343 1113 2378 qui
1129 2342 1296 2370 humanitate
1311 2341 1467 2375 compulsus
1484 2341 1510 2367 in
1536 2340 1638 2367 fossam
1667 2340 1782 2365 descen-

156 2383 306 2419 ἄνθρωπος.
321 2386 436 2417 Διπλοῦς
450 2388 503 2422 γὰρ
518 2385 562 2421 ἦν.
582 2387 660 2415 Ἐπεὶ
674 2390 721 2416 καὶ
732 2389 876 2422 ἐκοπίασε,
893 2390 941 2417 καὶ

994 2388 1256 2424 dit,utjumentum
1286 2388 1452 2424 prolapsum,
1483 2386 1711 2420 qttemadmodum
1737 2385 1780 2412 lex

156 2429 294 2464 ἐπείνησε,
313 2432 359 2458 καὶ
377 2432 499 2466 ἐδίψησε,
518 2434 565 2459 καὶ
580 2435 728 2469 ὴγωνίασε,
743 2435 790 2462 καὶ
805 2435 940 2472 ἐδάκρυσε

155 2474 227 2511 νόμῳ
247 2476 385 2511 σώματος.
408 2479 437 2504 Ei
457 2479 485 2505 δὲ
505 2481 552 2505 καὶ
571 2480 609 2511 ὡς
623 2481 700 2514 Θεὸς,
723 2481 749 2508 τί
769 2483 866 2515 τοῦτο;
883 2482 940 2518 Τὴν

155 2521 278 2548 εῦδοκίαν
295 2522 343 2548 τοῦ
373 2524 477 2558 Πατρὺς
491 2525 645 2561 ἀποστολὴν
658 2524 727 2554 εἶναι
750 2528 870 2562 νόμισον,
897 2529 940 2563 ἐφ’

154 2565 181 2589 ὃν
198 2567 331 2601 ἁναψέρει
348 2568 381 2594 τὰ
396 2569 505 2602 ἑαυτοῦ,
520 2572 567 2596 καὶ
582 2571 619 2603 ὡς
638 2572 727 2607 ἀρχὴν
748 2573 836 2607 τιμῶν
857 2574 940 2609 ἄχρω.

155 2619 206 2643 νον,
222 2613 273 2639 καὶ
297 2614 343 2640 τοῦ
369 2616 406 2650 μὴ
429 2615 517 2642 δοκεῖν
546 2615 615 2643 εἶναι
633 2618 767 2649 ἀντίθεος.
792 2619 868 2646 Ἐπεὶ
892 2620 939 2647 καὶ

155 2660 354 2693 παραδεδόσθαι
377 2662 497 2696 λέγεται,
514 2663 582 2690 ἀλλὰ
599 2665 646 2690 καὶ
664 2665 760 2691 ἑαυτὸν
782 2666 940 2701 παραδεδω-

154 2706 228 2732 κέναι
241 2707 408 2742 γέγραπται,
426 2711 473 2736 καὶ
498 2710 648 2745 ἐγηγέρθαι
664 2711 740 2746 παρὰ
752 2711 800 2738 τοῦ
819 2714 938 2748 Πατρδς,

155 2754 198 2776 καὶ
216 2754 388 2788 ἀνειλῆφθαι.
410 2755 479 2781 ἀλλὰ
495 2757 541 2782 καὶ
565 2757 660 2783 ἑαυτὸν
683 2758 876 2792 ἀνεστηκέναι,
891 2759 939 2786 καὶ

156 2796 347 2832 ἀνεληλιίθέναι
373 2801 465 2827 πάλιν.
501 2802 609 2829 Ἐκεῖνα
626 2804 675 2837 τῆς
698 2803 834 2836 εὐδοκίας,
853 2805 939 2832 ταῦτα

155 2842 200 2875 τῆς
218 2844 352 2876 ἐξουσίας.
372 2847 407 2872 Σὺ
429 2847 456 2872 δὲ
480 2841 580 2882 τῖμὲν
600 2848 763 2876 ἐλαττοῦντα
780 2849 883 2884 λέγεις,
904 2851 938 2877 τὰ

156 2887 271 2933 Wet-nu
286 2891 314 2917 δὲ
330 2894 525 2928 παρατρέχεις.
540 2895 593 2921 Καὶ
605 2895 645 2921 ὃτι
662 2896 710 2930 μὲν
722 2896 817 2928 ἔπαθε,
829 2884 937 2933 λογίζῃ,

155 2932 194 2959 ὃτι
212 2935 239 2962 δι
254 2936 335 2971 ἑκὼν,
363 2938 393 2965 οὐ
408 2939 573 2975 προετίοης·
596 2939 639 2968 οἷα
657 2942 755 2977 πάσχει
782 2943 829 2970 καὶ
852 2943 900 2970 νῦν
913 2932 938 2970 76

990 2436 1123 2472 praecipit,
1138 2435 1240 2463 excitet
1261 2442 1293 2462 ac
1323 2434 1456 2462 sublevet.
1475 2433 1574 2461 Missus
1601 2432 1646 2459 ille
1671 2431 1780 2467 quidem

989 2487 1041 2515 est,
1052 2483 1098 2510 sed
1117 2487 1144 2508 ut
1159 2482 1250 2508 hotno.
1268 2480 1372 2515 Duplex
1405 2478 1477 2506 enim
1503 2483 1576 2506 erat.
1598 2477 1780 2511 Quamobrem

988 2534 1017 2557 et
1036 2529 1160 2561 esurivit,
1174 2532 1202 2555 et
1215 2527 1314 2560 sitivit,
1336 2530 1364 2555 et
1386 2532 1506 2553 tnt'erore
1527 2523 1639 2552 affectus
1672 2528 1726 2557 est,
1754 2529 1782 2551 et

989 2574 1149 2609 lacrymavit
1163 2572 1289 2608 corporis
1304 2572 1373 2606 lege.
1393 2570 1462 2603 Quid
1476 2570 1499 2598 si
1526 2571 1609 2597 etlam
1640 2574 1669 2597 ut
1693 2568 1782 2596 Deus?

992 2621 1060 2654 Quid
1078 2619 1154 2646 tum?
1176 2618 1332 2646 Missionem
1349 2624 1380 2645 ac
1400 2616 1562 2651 legationem
1580 2616 1653 2643 illam
1681 2616 1780 2643 bonam

990 2667 1079 2694 Patris
1092 2665 1256 2692 voluntatem
1276 2665 1465 2698 interpretare,
1493 2662 1535 2689 cui
1560 2669 1609 2690 stta
1633 2661 1677 2689 ille
1693 2661 1779 2688 refert

991 2717 1113 2746 accepta,
1130 2718 1247 2745 eumque
1263 2715 1384 2741 tempore
1394 2712 1531 2736 carentem
1554 2707 1630 2740 colit,
1647 2710 1675 2732 ut
1705 2705 1780 2739 prin-

990 2758 1102 2792 cipium,
1122 2764 1154 2784 ne
1172 2759 1205 2783 ab
1225 2757 1284 2792 ipso
1296 2755 1450 2788 discrepare
1482 2754 1617 2780 videatur.
1647 2750 1777 2782 Quando-

991 2804 1102 2839 quidem
1114 2807 1141 2830 et
1166 2803 1282 2829 traditus
1313 2801 1421 2832 dicitur,
1438 2803 1466 2826 et
1489 2805 1518 2825 se
1547 2798 1604 2831 ipse
1635 2795 1779 2822 tradidisse

992 2849 1121 2877 scribitur
1136 2852 1164 2875 et
1174 2848 1319 2875 suscitatus
1339 2850 1418 2879 atque
1430 2848 1584 2877 assumptus
1599 2848 1613 2867 a
1631 2840 1721 2872 Patre,
1753 2845 1780 2868 et

993 2903 1022 2923 se
1042 2895 1100 2930 ipse
1117 2895 1274 2926 suscitasse,
1296 2897 1376 2927 atque
1391 2892 1417 2917 in
1435 2889 1534 2917 cteltim
1546 2886 1711 2915 ascendisse.
1732 2885 1778 2913 llla

991 2944 1068 2970 bona:
1084 2941 1230 2970 voluntatis
1246 2944 1318 2973 sunt,
1345 2940 1400 2966 lucc
1429 2935 1583 2971 potestatis.
1613 2931 1654 2957 'l‘u
1688 2936 1779 2960 autem
