4064 6472
408 438 513 500 5'?)
1656 434 2040 497 EUTHYMII
2083 434 2443 494 ZiGABENI
3569 421 3681 487 603

408 556 528 611 quod!
558 551 781 605 humilia
810 560 867 606 'et
902 551 1108 618 abiecta
1147 561 1273 604 sunt
1328 556 1724 604 commemoras
1753 565 1768 613 ;
1825 548 1993 601 subli-

2117 546 2292 613 λόγος,
2325 544 2430 599 ὑπὸ
2465 546 2564 613 μὲν
2600 545 2711 599 τῶν
2742 547 2818 610 ὡς
2849 546 2984 609 Θεὸς
3009 546 3259 615 τιμᾶται,
3309 540 3406 594 καὶ
3437 539 3687 594 συναλεί-

413 647 519 698 mia
553 661 679 699 vero
703 655 867 714 atque
896 648 1155 715 pra'clara
1198 645 1591 714 praetermittis.
1644 642 1796 708 Quod
1855 656 1998 694 mor-

410 747 536 793 tuus
566 738 635 794 sit
667 741 943 806 expendis,
970 739 1114 811 quod
1148 750 1328 794 autem
1367 738 1510 792 ultro
1550 743 1782 791 mortem
1832 749 1999 804 oppe-

296 866 307 874 .
414 826 581 897 tierii,
611 847 714 885 non
732 834 1069 888 consideras.
1091 831 1238 887 Talia
1268 831 1507 887 Verbum
1549 844 1690 884 nunc
1708 829 1874 884 etiam
1908 841 2000 896 pa-

415 926 565 986 t'tur,
598 922 724 977 dum
751 923 819 977 ab
849 924 968 979 aliis
999 935 1058 979 ut
1093 923 1233 979 Deus
1291 923 1488 978 colitur
1548 933 1713 988 atque
1768 918 1997 974 coniun-

413 1017 580 1080 ditur,
619 1017 686 1067 ab
714 1016 835 1070 aliis
888 1026 946 1071 ut
1013 1030 1143 1073 caro
1206 1014 1510 1084 despicitur
1576 1023 1632 1067 et
1682 1018 1993 1079 separatur.

418 1103 566 1159 Utris
598 1106 766 1174 magis
811 1106 1098 1173 irascatur,
1125 1117 1216 1160 aut
1253 1106 1433 1176 potius
1467 1102 1758 1175 ignoscat?
1790 1100 1992 1167 illisue,

413 1212 442 1247 a
470 1198 668 1263 quibus
708 1197 847 1250 male
875 1198 1240 1263 emirabitur,
1285 1212 1350 1251 an
1400 1196 1526 1259 illis,
1576 1209 1605 1248 a
1661 1194 1858 1265 quibus
1916 1193 1993 1245 di-

417 1287 1045 1356 scimiitur?0portebat
1070 1292 1212 1343 enim
1241 1298 1299 1345 ut
1325 1303 1379 1344 et
1410 1290 1487 1345 illi
1521 1302 1781 1358 personas
1804 1301 1996 1341 nume-

417 1391 477 1429 ιο
506 1376 924 1444 distinguerent,
953 1390 1007 1433 et
1038 1381 1089 1433 lii
1132 1394 1226 1434 eas
1265 1381 1551 1435 divinitate
1581 1378 1995 1448 coniungerent.

413 1466 591 1523 Carne
622 1471 792 1538 ipsius
820 1471 1149 1526 elfeuderis?
1182 1472 1237 1526 ld
1267 1471 1470 1527 Juda'is
1499 1472 1662 1525 etiam
1690 1468 1992 1523 accidebal.

415 1559 552 1615 Num
579 1573 634 1616 et
660 1560 1065 1618 Samaritanum
1098 1566 1117 1636 (
1152 1574 1210 1620 ut
1240 1566 1383 1636 quod
1439 1564 1687 1633 sequitur
1737 1573 1943 1617 taceam
1975 1561 1995 1631 )

416 1651 571 1706 illum
604 1655 839 1722 appellas
866 1654 891 1707 ἲ
917 1654 997 1709 Tu
1045 1655 1318 1722 Divinitati
1345 1671 1452 1735 non
1486 1654 1682 1711 credis.
1743 1654 1898 1720 Quod
1932 1667 1999 1705 ne

419 1748 694 1801 t'mmones
720 1748 936 1817 quidem
1000 1749 1288 1803 faciébant.
1323 1747 1367 1802 Ο
1428 1749 1763 1802 daemonibus
1826 1744 2001 1812 magis

2096 653 2279 704 φεται,
2308 635 2412 689 ὑπὸ
2435 635 2493 688 δὲ
2526 637 2638 690 τῶν
2662 637 2737 700 ὡς
2773 637 2913 707 σὰρξ
2941 636 3290 706 ἀτιμάζεται,
3318 632 3413 687 καὶ
3445 629 3685 702 χωρίζε-

2096 748 2210 786 ται.
2243 730 2401 783 Τίσιν
2425 730 2658 800 ὀργισθῇ
2698 730 2884 795 πλέον,
2922 729 3125 799 μᾶλλον
3153 728 3209 781 δὲ
3232 727 3375 780 τίσιν
3399 727 3537 796 ἀφῇ,
3568 725 3686 786 τοῖς
3775 790 3789 802 1

2098 821 2417 894 συναιροῦσι
2454 822 2663 886 κακῶς.
2716 824 2748 893 ἢ
2799 826 2915 886 τοῖς
2948 824 3243 894 τέμνουσι;
3278 821 3389 873 Καὶ
3439 818 3550 888 γὰρ
3581 818 3687 870 κά-

2097 913 2316 977 κείνους
2350 912 2585 984 διαιρεῖν
2612 913 2743 975 ἔδει,
2788 913 2886 967 καὶ
2926 911 3155 974 τούτους
3190 910 3495 964 συνάπτειν
3518 922 3533 936 ·
3554 907 3687 969 τοὺς

2102 1005 2204 1076 μὲν
2234 1004 2315 1076 τῷ
2347 1004 2590 1075 ἀριθμῷ,
2645 1006 2771 1069 τοὺς
2804 1005 2861 1058 δὲ
2894 1008 2958 1075 τῇ
3015 1004 3255 1074 θεότητι.
3305 999 3687 1073 Προσκόπτεις

2094 1101 2161 1168 τῇ
2199 1097 2401 1169 σαρκίς
2440 1097 2614 1151 Τοῦτο
2644 1099 2741 1151 καὶ
2796 1098 3063 1152 Ἰουδαῖοι.
3096 1098 3168 1149 Ἦ
3198 1095 3295 1150 καὶ
3335 1093 3687 1164 Σαμαρείτην

2096 1187 2399 1249 ἀποκαλεῖς
2428 1205 2444 1253 ;
2506 1189 2602 1242 καὶ
2636 1188 2697 1241 τὸ
2733 1185 2863 1257 ἑξῆς
2892 1188 3261 1260 σιωπήσομαι.
3310 1184 3585 1244 ’Δπιστεῖς
3618 1183 3684 1250 τῇ

2097 1281 2355 1351 θεότητι;
2386 1278 2561 1335 Τοῦτο
2609 1279 2732 1333 οὐδὲ
2783 1280 2830 1333 οί
2871 1280 3149 1348 δαίμονες,
3192 1272 3238 1332 ὧ
3287 1275 3383 1331 καὶ⁸
3412 1273 3688 1343 δαιμόνων

2097 1358 2465 1444 ἀπιτέόἒερε¹
2498 1374 2598 1434 σὺ,
2665 1373 2760 1426 καὶ
2840 1372 3119 1426 Ἰουδαίων
3185 1364 3679 1438 ἀγνωμονέστερει

2115 1466 2345 1519 Ἐκεῖνοι
2377 1464 2478 1535 τὴν
2500 1464 2592 1518 τοῦ
2616 1465 2749 1518 Υίοῦ
2777 1463 3154 1536 προσηγορίαν
3180 1458 3478 1532 ὁμοτιμίας
3506 1453 3689 1524 φωνὴν

2104 1560 2390 1629 ἐνόμισαν,
2423 1552 2568 1612 οὗτοι
2603 1557 2694 1611 τὸν
2730 1558 3023 1612 ἐλαύνοντα
3064 1558 3197 1609 Θεὸν
3225 1554 3446 1625 ᾔδεσαν.
3504 1546 3690 1602 Ἐπεί-

2107 1651 2266 1705 θοντο
2295 1651 2404 1723 γὰρ
2437 1651 2497 1715 ἐξ
2544 1645 2620 1704 ὧν
2664 1650 2925 1720 ἔπασχον.
2961 1650 3035 1703 Σὺ
3065 1648 3122 1701 δὲ
3163 1646 3284 1699 οὐδὲ
3321 1643 3423 1712 τὴν
3468 1641 3691 1708 ίσότητα

2106 1744 2267 1816 δέγῃ,
2299 1745 2421 1797 οὐδὲ
2448 1744 2732 1814 ὁμολογεῖς
2767 1744 2866 1813 τὴν
2890 1740 3154 1811 ’θεότητα.

418 1839 790 1907 incredulc,ct
821 1840 1020 1896 Judaeis
1076 1844 1252 1913 magis
1305 1842 1552 1911 ingrate!
1593 1842 1656 1894 Hi
1710 1839 1829 1894 Filii
1882 1850 2018 1907 appe

2123 1837 2302 1892 ionetn
2375 1837 2599 1907 a‘qualis
2661 1837 2885 1892 honoris
2921 1851 3107 1890 vocem
3161 1828 3566 1887 existimabant,
3616 1818 3692 1873 illi

417 1948 563 1999 curru,
605 1950 632 1989 a
665 1950 772 2005 quo
806 1935 1179 2004 cjitielvautur,
1239 1934 1407 1989 Deum
1456 1935 1828 2004 agitosrebrmt
1870 1949 1884 1986 :
1918 1948 1983 1986 ex
2052 1933 2123 1987 iis
2167 1932 2311 1985 enim
2356 1945 2479 2000 quae
2529 1929 2895 1998 patiebantur,
2934 1929 2984 1982 id
3017 1925 3118 1981 sibi
3152 1922 3571 1995 persuadebunt.
3613 1916 3695 1971 Tu

418 2038 597 2083 autem
632 2045 731 2086 nec
785 2030 1142 2100 aequalitatem
1194 2031 1446 2100 suscipis,
1505 2046 1603 2086 nec
1652 2031 1988 2085 divinitatem
2030 2028 2329 2084 confiteris.

423 2152 560 2208 Item
590 2155 840 2206 adversus
870 2154 1093 2209 Arianos
1116 2163 1161 2206 et
1188 2150 1549 2207 Eunomianos
1603 2151 1840 2221 Gregorii
1870 2151 2010 2220 Nys-

2122 2147 2431 2221 Ἕτιίκατὰ
2494 2143 3077 2221 ᾎρειαν-ῶνμτε-καί
3124 2137 3534 2221 Εργομιανῷ-ν,
3587 2136 3696 2221 τοῦ

490 2242 567 2346 (alio
609 2224 877 2347 g‘lflliiiﬁCiS
909 2242 971 2278 ex
1014 2226 1251 2279 oratione
1311 2224 1379 2277 ad
1423 2222 1757 2294 Simplirium
1810 2222 2011 2291 scripta

527 2311 555 2347 ε
657 2310 770 2347 no.

527 2311 555 2349 ϐ
609 2310 770 2348 ιίιιο.

504 2469 644 2521 lleus
671 2479 766 2535 per
794 2462 1116 2533 Propltctam
1148 2463 1389 2533 praecipit
1419 2478 1489 2518 ne
1518 2462 1686 2517 ullum
1712 2463 1876 2518 deum
1906 2475 2006 2515 no-

426 2566 553 2614 vum
593 2557 761 2612 Deum
810 2570 935 2609 esse
967 2555 1368 2618 existimemus,
1415 2569 1591 2623 neque
1618 2554 1780 2608 deum
1816 2552 2011 2607 adore-

429 2667 552 2707 mus
580 2649 815 2702 alienum
845 2648 884 2702 ¹.
928 2644 1279 2699 Manifestum
1306 2652 1391 2700 est
1419 2654 1599 2699 autem
1629 2644 1776 2714 quod
1801 2658 2006 2697 novum

432 2744 631 2797 dicitur
663 2740 717 2794 id
752 2740 897 2808 quod
930 2752 960 2791 a
993 2716 1329 2807 senipiterno
1355 2750 1466 2789 non
1489 2743 1609 2802 est;
1635 2750 1700 2790 ac
1725 2750 1922 2790 rursus
1944 2750 2011 2789 ex

431 2829 732 2893 contrario,
775 2826 1167 2895 sempiternum
1201 2824 1403 2878 dicitur
1449 2822 1600 2892 quod
1644 2838 1849 2877 novum
1900 2838 2012 2877 non

432 2930 537 2977 est.
593 2920 759 2990 Igitur
813 2919 906 2987 qui
961 2931 1068 2970 non
1129 2931 1193 2973 ex
1260 2915 1595 2984 sempiterno
1660 2913 2012 2984 Unigenitum

436 3014 606 3069 Deum
640 3027 705 3066 ex
738 3008 901 3064 Patre
935 3024 1060 3063 esse
1095 3008 1292 3072 credit,
1338 3022 1540 3062 novum
1581 3021 1705 3062 eum
1743 3021 2012 3063 csse-non

436 3113 632 3175 negat;
665 3102 807 3173 quod
838 3100 985 3155 enim
1018 3115 1127 3153 non
1162 3099 1577 3169 sempiternum.
1622 3113 1823 3153 novum
1861 3111 2018 3166 pror-

440 3212 537 3253 sus
567 3203 692 3262 est;
726 3192 1093 3263 quodcunque
1125 3202 1306 3246 autem
1340 3206 1543 3245 novum
1577 3200 1684 3253 est,
1733 3188 1879 3245 Deus
1910 3203 2018 3242 non

440 3292 545 3348 est,
580 3282 1040 3355 quemadmodum
1085 3281 1218 3335 dicit
1260 3279 1541 3349 Scriptura
1575 3299 1588 3334 :
1624 3299 1643 3331 ι
1670 3278 1791 3334 Non
1826 3280 1930 3334 erit
1966 3280 2020 3331 in

445 3384 498 3428 te
527 3374 668 3429 Deus
707 3389 904 3429 novus.
939 3374 959 3402 ⁸
999 3390 1017 3422 ι
1060 3370 1203 3442 Ergo
1229 3371 1320 3440 qui
1354 3370 1508 3435 dicit,
1549 3370 1695 3439 quod
1730 3370 2023 3437 aliquando

446 3465 619 3521 Filius
649 3480 756 3519 non
810 3471 949 3529 erat,
1002 3464 1049 3519 is
1098 3472 1260 3533 negat
1300 3463 1420 3532 ejus
1466 3460 1745 3516 deitatem.
1810 3460 2022 3515 Rursus

447 3646 702 3702 adorabis
729 3647 890 3701 deum
921 3647 1159 3700 alienum
1191 3644 1212 3676 ⁸
1242 3664 1257 3698 :
1294 3663 1315 3695 ι
1363 3646 1579 3700 alienus
1605 3653 1789 3698 autem
1827 3643 2024 3698 collata

448 3749 573 3785 cum
609 3742 804 3790 nostro
838 3734 1060 3804 proprio
1088 3734 1200 3791 Deo
1227 3737 1586 3794 distinctione
1614 3740 2021 3793 consideratur.

449 3822 586 3890 Quis
625 3828 788 3897 igitur
812 3840 1001 3884 noster
1048 3832 1299 3900 proprius
1342 3840 1426 3886 est
1480 3829 1662 3885 Deus?
1705 3827 1891 3882 Palam
1943 3833 2020 3881 est

447 3919 589 3986 quod
634 3935 799 3975 verus
844 3921 1008 3978 Deus.
1047 3924 1185 3989 Quis
1229 3926 1356 3977 item
1409 3921 1664 3977 alienus?
1700 3933 1929 3990 prorsus
1954 3918 2023 3983 is,

447 4009 538 4077 qui
568 4025 597 4063 a
629 4020 823 4065 natura
850 4011 944 4067 Dei
979 4013 1090 4068 veri
1116 4013 1328 4069 alienus
1357 4020 1461 4068 est.
1491 4011 1547 4066 Si
1580 4012 1745 4081 igitur
1769 4008 2025 4079 proprius

450 4109 637 4153 uoster
684 4100 848 4166 Deus,
889 4103 1029 4158 Deus
1072 4117 1238 4158 verus
1281 4109 1387 4162 est.
1426 4101 1473 4157 si
1517 4100 1847 4170 Uuigenitus
1885 4096 2025 4151 Deus

447 4205 514 4244 ex
547 4200 742 4245 natura
773 4194 882 4247 veri
920 4193 1013 4248 Dei
1049 4209 1156 4247 non
1202 4194 1295 4258 sit,
1342 4190 1804 4263 quemadmodum
1849 4188 2024 4241 beare—-

342 4358 345 4361 Δ
446 4281 542 4333 tici
593 4282 803 4347 dicunt,
852 4283 1064 4339 alienus
1106 4283 1250 4338 Deus
1280 4291 1386 4350 est,
1418 4290 1473 4336 et
1508 4288 1699 4342 noster
1739 4279 1881 4334 Deus
1917 4292 2023 4332 non

449 4382 553 4426 est.
589 4371 938 4442 Evangelium
968 4386 1149 4430 autem
1194 4374 1331 4429 dicit
1358 4373 1503 4445 quod
1549 4388 1679 4428 oves
1706 4371 1885 4426 alieno
1917 4384 2024 4423 non

449 4461 707 4516 olicdiant
738 4464 779 4517 ⁸.
812 4462 914 4529 Qui
948 4475 1193 4519 creatum
1222 4481 1347 4521 eum
1370 4480 1495 4520 esse
1521 4463 1678 4527 dicit,
1723 4461 1960 4517 alienum
1997 4472 2024 4511 a

449 4555 563 4608 veri
588 4554 679 4609 Dei
701 4563 895 4610 natura
932 4556 1081 4610 facit.
1108 4556 1248 4624 Quid
1282 4556 1447 4627 igitur
1472 4554 1679 4610 faciunt
1700 4553 1790 4624 qui
1813 4552 2025 4613 dicunt,

450 4646 594 4715 quod
635 4655 852 4703 creatus
892 4649 1006 4705 sit?
1035 4649 1432 4706 Adorabuntuc
1478 4664 1627 4714 cum,
1670 4647 1763 4718 qui
1806 4653 2027 4702 creatus

450 4737 542 4800 sit,
574 4738 789 4793 annon?
812 4738 944 4793 Nam
975 4740 1021 4796 si
1048 4756 1154 4795 non
1176 4738 1664 4806 adorantJudzeos
1696 4744 2024 4808 sequuntur,

2185 2220 2442 2285 Νύσσης
2501 2209 2569 2270 ἑὲ
2632 2218 2737 2271 τοῦ
2777 2215 2833 2282 β’
2879 2215 3068 2286 λόγου
3109 2212 3216 2267 τοῦ
3263 2213 3412 2279 πρὸς
3444 2209 3693 2279 Σιμπλί-

2189 2307 2325 2344 κίον
2354 2288 2489 2357 περι
2533 2290 2694 2343 Υίοῦ.

2181 2460 2407 2512 Κελεύει
2432 2461 2460 2512 6
2486 2458 2616 2521 Θεὸς
2646 2457 2735 2511 διὰ
2765 2459 2859 2511 τοῦ
2892 2459 3178 2531 Προφήτου
3219 2460 3422 2531 μηδένα
3444 2462 3695 2533 προσφα-

2112 2568 2203 2605 τον
2234 2550 2355 2603 θεὸν
2383 2550 2515 2602 Θεὸν
2545 2542 2684 2600 εἶναι
2731 2549 3005 2619 νομίζειν,
3064 2550 3199 2621 μηδὲ
3235 2555 3559 2620 προσκυνεῖν
3597 2556 3696 2609 ἀλ»

2113 2643 2311 2713 λοτρίῳ
2342 2641 2470 2711 θεῷ.
2522 2639 2733 2694 Οὐκοῦν
2768 2641 2925 2711 δῆλόν
2958 2643 3127 2707 ἐστιν,
3166 2643 3249 2696 ὅτι
3274 2643 3587 2716 πρόσφατον
3606 2647 3684 2701 λέ-

2112 2750 2265 2800 γεται
2284 2730 2314 2783 ὸ
2338 2732 2412 2802 μὴ
2433 2728 2494 2794 ἐξ
2525 2729 2696 2783 ἀϊδίου
2717 2729 2833 2784 ὲστί
2858 2743 2872 2758 ⁶
2917 2731 3014 2783 καὶ
3042 2733 3108 2785 ἐκ
3139 2732 3236 2785 τοῦ
3259 2734 3503 2788 ἐναντίου
3531 2738 3694 2792 πάλιν

2114 2825 2282 2879 ἀΐδιον
2310 2824 2526 2892 λέγεται
2566 2822 2595 2876 ὃ
2638 2822 2713 2895 μὴ
2744 2822 3057 2895 πρόσφατόν
3097 2825 3266 2880 ἐστιν.
3312 2827 3372 2879 '0
3407 2829 3588 2883 τοίνυν
3620 2831 3695 2903 μὴ

2115 2917 2174 2984 εξ
2197 2917 2363 2970 ἀϊδίου
2392 2916 2484 2969 τὸν
2503 2916 2781 2987 Μονογενῆ
2809 2915 2942 2970 Θεὸν
2973 2917 3038 2970 ἐκ
3070 2915 3164 2970 τοῦ
3193 2918 3407 2990 Πατρὸς
3438 2915 3576 2977 εἴναι
3603 2939 3694 2976 πι-

2118 3011 2342 3073 στεύων,
2366 3010 2676 3081 πρόσφατον
2705 3009 2866 3091 αύτὸν
2892 3007 3035 3064 εἶναι
3056 3011 3157 3065 οὐκ
3186 3012 3431 3082 ἀρνεῖται
3456 3031 3471 3045 ·
3500 3014 3560 3066 τὸ
3582 3015 3693 3086 γὰρ

2122 3104 2194 3173 μὴ
2219 3102 2405 3163 ἀΐδιον,
2438 3102 2747 3170 πρόσφατον
2770 3099 2987 3164 πάντως
3012 3118 3026 3132 ⁸
3058 3103 3165 3155 πᾶν
3186 3101 3242 3155 δὲ
3266 3102 3327 3155 τὸ
3361 3103 3692 3173 πρόσφατον,

2118 3194 2250 3257 Θεὸς
2297 3193 2398 3246 οὐκ
2440 3192 2622 3255 ἔστιν,
2666 3189 2848 3253 καθὼς
2881 3186 3035 3245 εἶπεν
3064 3193 3098 3262 ὴ
3123 3192 3315 3263 Γραφὴ
3338 3231 3354 3258 ,
3405 3195 3485 3246 ὅτι
3535 3214 3553 3247 ι
3582 3198 3697 3251 υΰκ

2120 3286 2272 3338 ἔσται
2303 3284 2360 3335 ἐν
2405 3283 2489 3336 σοὶ
2521 3282 2652 3346 Θεὸς
2697 3283 3023 3352 πρόσφατος.
3052 3300 3070 3334 ι
3130 3284 3272 3354 ’Δρα
3297 3287 3327 3337 6
3354 3284 3559 3351 λέγων,
3613 3288 3697 3341 ὅτι

2122 3374 2253 3427 ποτὲ
2281 3374 2382 3426 οὐκ
2413 3369 2499 3444 ἦν,
2535 3368 2689 3437 οὗτος
2711 3374 2951 3443 ἀρνεῖται
2976 3371 3141 3426 αὐτοῦ
3167 3373 3264 3443 τὴν
3290 3371 3537 3442 θεότητα.
3591 3376 3694 3428 Πά-

2081 3509 2095 3525 ,
2121 3468 2203 3520 λιν
2229 3465 2505 3537 ἀλλότριον
2531 3466 2663 3518 Θεὸν
2690 3466 3012 3537 προσκυνεῖν
3039 3464 3235 3518 κωλύει
3257 3467 3286 3519 6
3318 3465 3520 3533 λέγων,
3559 3484 3577 3517 ι
3602 3467 3699 3520 Οὐ-

445 3557 684 3613 alicnum
716 3554 887 3608 Deum
917 3561 1061 3613 vetat
1089 3555 1336 3616 adorare,
1361 3554 1456 3623 qui
1487 3554 1621 3607 diéit
1647 3571 1662 3607 :
1693 3571 1711 3604 ι
1735 3551 2023 3621 Nunquam
2054 3542 2094 3562 "

2122 3559 2312 3612 δέποτε
2336 3559 2737 3629 προσκυνήσεις
2759 3555 2866 3627 θεῷ
2886 3555 3151 3626 ἀλλοτρίῳ
3167 3571 3180 3585 ·
3212 3575 3233 3609 ι
3283 3555 3313 3607 6
3342 3555 3397 3608 δὲ
3420 3555 3700 3626 ἀλλότριος

2123 3652 2190 3718 τῇ
2224 3648 2361 3719 πρὸς
2389 3650 2478 3701 τὸν
2508 3649 2639 3701 ἴδιον
2663 3651 2696 3719 ή
2705 3647 2819 3718 μῶν
2844 3647 2976 3701 Θεὸν
2997 3646 3365 3717 ἀντιδιαστολῇ
3389 3644 3696 3716 θεωρεῖται.

2120 3722 2215 3785 Ίίς
2243 3720 2335 3777 οὗν
2362 3725 2390 3777 6
2416 3724 2543 3789 ἱδιος
2566 3728 2722 3798 ἡμῶν
2745 3732 2863 3785 ἐστι
2883 3733 3044 3803 Θεός;
3081 3738 3250 3809 Δῆλον
3276 3740 3360 3794 ὅτι
3390 3741 3421 3794 6
3448 3738 3699 3810 ἀληθινὸς

2121 3814 2271 3878 Θεός.
2322 3816 2418 3880 Τίς
2449 3817 2507 3871 δὲ
2538 3821 2567 3873 ὁ
2591 3821 2903 3894 ἀλλότριοςς
2954 3830 3177 3893 Πάντως
3208 3834 3236 3885 6
3266 3832 3366 3902 τῆς
3390 3830 3485 3885 τοῦ
3513 3829 3703 3899 ἀληθι-

2123 3906 2213 3960 νοῦ
2241 3906 2375 3961 Θεοῦ
2411 3907 2628 3976 φύσεως
2653 3912 2945 3987 ἀλλοτρίως
2969 3919 3127 3988 ἔχων.
3164 3923 3243 3974 ιΕί
3266 3918 3358 3975 οὖν
3387 3922 3516 3984 ίδιος
3541 3918 3703 3991 ᾑμῶν

2124 4001 2269 4051 ἐστιν
2289 3999 2318 4052 6
2337 4000 2586 4070 ἀληθινὸς
2616 4002 2767 4070 Θεὸς,
2793 4006 2857 4060 ἂν
2885 4010 2959 4081 μὴ
3050 4012 3148 4082 τῆς
3173 4011 3265 4066 τοῦ
3299 4010 3552 4083 ἀληθινοῦ
3565 4008 3702 4064 Θεοῦ

2125 4087 2338 4157 φύσεως
2360 4094 2387 4144 ὁ
2413 4096 2725 4171 Μονογενὴς
2753 4097 2904 4162 Θεὸς,
2942 4098 3125 4163 καθὼς
3154 4100 3406 4167 λέγουσιν
3429 4101 3478 4155 oi
3507 4102 3706 4170 αἱρετι-

2125 4179 2242 4243 κοὶ,
2286 4183 2563 4255 ἀλλότριος
2605 4187 2740 4253 Θεός
2779 4190 2918 4254 ἐστι,
2958 4190 3049 4243 καὶ
3078 4191 3178 4261 οὐχ
3219 4190 3509 4261 ἡμέτερος,
3539 4190 3702 4259 Λέγει

2125 4269 2180 4322 δὲ
2219 4271 2280 4324 τὸ
2330 4274 2660 4345 Εὑαγγέλιον
2700 4279 2782 4332 ὅτι
2827 4279 2897 4333 τὰ
2936 4280 3183 4351 πρόϐατα
3217 4281 3482 4353 ἀλλοτρίῳ
3525 4283 3585 4336 οὐ

2129 4363 2436 4438 ὑπακούσῃ.
2496 4368 2555 4422 'U
2582 4369 2755 4439 λέγων
2785 4372 3003 4426 κτιστὸν
3031 4374 3192 4427 αὐτὸν
3220 4370 3390 4436 εἶναι,
3427 4372 3704 4443 ἀλλότριον

2127 4455 2224 4523 τῆς
2257 4455 2350 4509 τοῦ
2385 4457 2638 4529 ἀληθινοῦ
2671 4461 2804 4516 Θεοῦ
2851 4463 3064 4533 φύσεως
3105 4459 3246 4518 εἶναι
3283 4463 3702 4518 κατασκευάσει.

2128 4545 2193 4598 Τί
2224 4542 2317 4600 οῦν
2344 4548 2587 4603 ποιοῦσιν
2615 4553 2664 4605 oi
2690 4552 2961 4621 λέγοντες,
2996 4556 3080 4609 ὅτι
3112 4557 3329 4619 κτιστός
3360 4558 3475 4609 ἐστι
3498 4574 3512 4622 ;
3537 4556 3707 4626 Προσ-

2130 4639 2351 4691 κυνοῦσι
2389 4641 2483 4694 τὸν
2530 4643 2746 4698 κτιστὸν
2774 4645 2958 4711 αὑτὸν,
3001 4649 3034 4718 ἢ
3072 4649 3231 4718 οὐχί;
3278 4650 3343 4701 Εἰ
3366 4649 3465 4719 μὲν
3500 4646 3705 4719 γάἢοὺ

2131 4730 2547 4800 προσκυνοῦσιν,
2579 4734 2975 4807 Ἱουδαϊξουσιν,
3001 4741 3324 4812 ἀρνούμενοι
3352 4738 3446 4794 τοῦ
3468 4735 3706 4810 Χριστοῦ

452 4838 714 4896 negantes
754 4832 1126 4887 adorationcm
1154 4833 1401 4900 Christi;
1437 4834 1523 4889 sin
1558 4840 1741 4888 autem
1774 4829 2018 4890 adorant,

2129 4823 2226 4895 τὴν
2285 4826 2682 4898 προσκύνησιν·
2740 4832 2791 4884 εί
2839 4830 2894 4884 δὲ
2949 4831 3379 4904 προσκυνοῦσιν,
3424 4829 3708 4884 εἰδωλολα-

454 4918 754 4974 idololatrae
792 4928 942 4985 sunt,
966 4920 1199 4975 adorant
1230 4922 1375 4976 enim
1405 4937 1553 4984 eum,
1579 4922 1672 4991 qui
1714 4918 1928 4973 alienus
1958 4917 2030 4972 sit

455 5020 484 5058 a
519 5004 625 5059 Deo
672 5022 820 5061 vero.
864 5008 1023 5077 Atqui
1065 5024 1219 5078 aeque
1271 5010 1497 5079 impiqu
1539 5017 1624 5064 est
1668 5008 1752 5063 vel
1786 5022 1894 5061 non
1930 5005 2028 5059 ad—

452 5110 611 5150 orare
658 5088 877 5163 Filium,
907 5099 992 5154 vel
1035 5100 1265 5155 adorare
1294 5099 1460 5155 Deum
1509 5100 1767 5154 alienum.
1805 5096 2031 5167 Oportet

454 5200 587 5256 ergo
622 5187 737 5241 veri
770 5186 948 5244 Patris
975 5206 1165 5246 verum
1201 5192 1400 5246 Filium
1427 5191 1634 5254 dicere,
1659 5199 1718 5245 ut
1741 5188 2031 5245 adoremus

453 5291 604 5341 cum,
638 5285 694 5331 et
742 5292 851 5332 non
895 5278 1327 5335 condemnemur
1382 5290 1644 5352 tanquam
1701 5279 1868 5335 Deum
1910 5278 2034 5335 alie-

454 5384 585 5422 num
622 5367 933 5425 adorantes.
988 5370 1270 5428 Adversus
1320 5366 1416 5429 eos
1463 5381 1646 5428 autem
1689 5373 1783 5442 qui
1841 5372 2034 5426 dicunt

453 5460 587 5515 illud
611 5476 677 5516 ex
703 5458 1025 5528 Proverbia,
1055 5480 1073 5514 ι
1107 5462 1368 5520 Dominus
1396 5466 1602 5519 creavit
1620 5480 1706 5519 me
1730 5466 1772 5527 ⁵,
1810 5483 1827 5514 ι
1861 5470 1914 5517 et
1940 5478 2036 5532 per

455 5550 561 5606 hoc
597 5560 808 5623 putant,
836 5567 896 5608 se
925 5553 1146 5623 aliquod
1176 5556 1390 5610 lirmum
1424 5556 1622 5610 aderre
1650 5563 2031 5625 argumentum

457 5642 525 5697 ad
566 5644 911 5713 probandum
944 5646 1092 5717 quod
1129 5656 1351 5703 creatus
1397 5648 1470 5704 sit
1500 5647 1745 5702 omnium
1781 5646 2037 5701 conditor

459 5746 509 5785 et
551 5747 790 5800 creator,
824 5736 938 5791 haec
983 5740 1241 5794 convenit
1270 5739 1471 5805 dicere,
1509 5738 1653 5810 quod
1696 5739 1863 5793 multa
1917 5754 2037 5808 pro-

2130 4913 2320 4986 τροῦσι
2342 4933 2356 4946 θ
2402 4918 2495 4970 τὸν
2527 4918 2636 4993 γὰρ
2663 4921 2942 4994 ἀλλότριον
2973 4923 3067 4977 τοῦ
3095 4922 3349 4994 ἀληθινοῦ
3374 4922 3508 4977 Θεοῦ
3538 4937 3709 4992 προσ-

2134 5006 2405 5061 κυνοῦσιν.
2452 5008 2610 5062 Ἀλλά
2642 5011 2748 5082 μὴν
2774 5013 2970 5083 ἐπίσης
2996 5014 3213 5077 ἀσεϐὲς,
3236 5013 3331 5065 καὶ
3363 5012 3438 5083 μὴ
3471 5029 3711 5082 προσκυ-

2133 5099 2244 5149 νεῖν
2291 5098 2383 5151 τὸν
2414 5099 2564 5162 Υίὸν,
2608 5103 2702 5156 καὶ
2757 5106 3080 5173 προσκυνεῖν
3116 5104 3207 5157 τὸν
3245 5104 3523 5174 ἀλλότριον
3552 5102 3708 5156 Θεόν.

2131 5186 2249 5256 Χρὴ
2274 5187 2381 5258 ἄρα
2413 5187 2505 5241 τοῦ
2530 5190 2783 5262 ἀληθινοῦ
2807 5194 3021 5264 Πατρὸς
3072 5193 3325 5263 ἀληθινὸν
3356 5192 3448 5245 τὸν
3470 5192 3597 5246 Υἱὸν
3624 5192 3713 5246 λέ-

2132 5294 2267 5345 γειν,
2306 5278 2392 5331 ἵνα
2418 5283 2812 5353 προσκυνῶμεν
2834 5283 3020 5347 αὐτὸν,
3048 5283 3143 5337 καὶ
3185 5283 3260 5354 μὴ
3286 5282 3711 5353 κατακριθῶμεν

2132 5368 2204 5433 ὡς
2224 5371 2500 5443 ἀλλότριον
2522 5374 2953 5445 προσκυνοῦντες
2974 5375 3113 5430 θεόν.
3139 5375 3283 5446 Πρὸς
3301 5376 3357 5431 δὲ
3376 5376 3501 5439 τοὺς
3530 5375 3714 5444 λέγον-

2130 5480 2228 5525 τας
2256 5463 2398 5534 τὸοὲκ
2415 5468 2510 5536 τῆς
2534 5466 2843 5537 Παροιμίας
2857 5466 2939 5519 ὅτι
2962 5485 2979 5517 ι
3005 5465 3208 5538 Κύριος
3236 5466 3415 5520 ἔκτισε
3439 5484 3506 5538 με
3535 5485 3583 5523 ι.
3617 5466 3715 5519 καὶ

2132 5557 2218 5611 διὰ
2246 5557 2405 5612 τοῦτο
2437 5559 2755 5629 νομίζοντας
2789 5559 3005 5631 ἰσχυρόν
3034 5577 3087 5613 τι
3118 5560 3296 5629 λέγειν
3324 5564 3456 5634 περὶ
3477 5562 3571 5617 τοῦ
3596 5580 3715 5615 κτι-

2136 5651 2258 5701 στὸν
2278 5644 2417 5703 εἶναι
2444 5650 2534 5703 τὸν
2558 5651 2771 5704 πάντων
2794 5650 3018 5721 κτίστην
3049 5653 3141 5706 καὶ
3167 5652 3517 5725 δημιουργὸν,
3539 5651 3716 5704 ταῦτα

2134 5742 2402 5811 προσήκει
2434 5740 2633 5809 λέγειν,
2663 5741 2745 5795 ὅτι
2780 5741 2948 5797 πολλὰ
2973 5743 3041 5797 δι’
3069 5744 3217 5812 ἡμᾶς
3246 5744 3462 5811 ἐγένετο
3486 5743 3514 5797 ὁ
3534 5743 3714 5797 Μονο-

540 5892 561 5924 ¹
596 5895 718 5949 Psal
770 5914 938 5964 cxtx,
965 5899 1045 5954 ιο.
1124 5899 1144 5949 ³
1184 5900 1356 5958 Exod.
1390 5915 1578 5967 xxxiv,
1609 5899 1692 5953 ll.
1772 5896 1790 5926 ³
1826 5895 1998 5955 Exod.
2042 5915 2137 5967 xx,
2164 5898 2215 5952 3.
2296 5894 2497 5951 l*Joau.
2544 5911 2596 5962 ι,
2637 5893 2730 5950 27.
2808 5891 3009 5951 l‘Pror.
3054 5911 3172 5965 vni,
3201 5897 3294 5954 ‘2-2.

3852 978 3970 1211 ἦ
