4064 6390
365 382 465 447 6·)1

1279 395 1660 461 PANOPLIA
1704 403 2173 470 DOGMATICA.
2217 436 2290 446 —
2325 412 2479 475 TIT.
2523 416 2629 476 ΧΙ.

3551 423 3657 488 602

373 508 534 581 γενής
562 511 717 577 Θεός.
771 515 882 570 Καὶ
914 516 1022 589 γὰρ
1062 519 1153 570 καὶ
1177 519 1347 587 Λόγος
1385 520 1484 585 ὢν,
1538 522 1672 592 σὰρξ
1701 525 1916 592 ἐγένετο
1942 541 1955 554 ·

2078 528 2186 588 pter
2219 537 2318 576 nos
2354 525 2530 581 factus
2577 529 2649 582 sit
2696 528 3016 601 linigeuitus
3066 533 3227 587 Deus.
3273 533 3482 592 Etenim
3521 553 3643 592 cum

372 604 469 656 καὶ
498 603 631 666 Θεὸς
657 602 756 668 ὢν,
791 605 1078 678 ἄνθρωπος
1111 609 1327 678 ἐγένετο
1351 629 1363 643 ·
1415 612 1508 666 καὶ
1541 611 1829 683 ἀσώματος
1859 614 1956 681 ὢν,

376 696 535 767 σῶμα
571 697 793 766 ἐγένετο
816 717 830 730 ·
879 702 974 755 καὶ
1005 701 1086 756 ἔτι
1132 705 1269 775 πρὸς
1313 705 1523 770 τούτοις
1563 708 1658 760 καὶ
1687 707 1958 778 ἁμαρτία,

373 788 471 840 καὶ
504 789 736 859 κατάρα,
775 791 870 844 καὶ
912 791 1088 858 λίθος,
1135 798 1228 848 καὶ
1273 797 1450 868 ἀξίνη,
1495 799 1588 852 καὶ
1629 799 1814 870 ἄρτος,
1863 802 1961 855 καὶ

372 880 670 951 πρόϐατον,
701 884 793 936 καὶ
818 885 954 950 ὁδὸς,
986 888 1079 941 καὶ
1101 887 1260 959 θύρα,
1310 892 1403 944 καὶ
1436 892 1631 962 πέτρα,
1666 895 1760 947 καὶ
1787 894 1958 948 πολλὰ

371 973 598 1027 τοιαῦτα
623 975 859 1043 ἐγένετο,
892 978 1044 1032 οὐδὲν
1064 980 1269 1035 τούτων
1304 985 1370 1052 τῇ
1402 985 1560 1053 φύσει
1589 983 1686 1052 ὢν,
1723 986 1861 1040 ἀλλά
1891 985 1958 1039 δι’

371 1066 524 1135 ἡμᾶς
545 1067 665 1120 κατ’
703 1068 1015 1140 οἰκονομίαν
1045 1073 1354 1145 γενόμενος,

450 1418 660 1490 Ὥσπερ
689 1416 784 1476 οὖν
816 1423 986 1491 Λόγος
1009 1423 1105 1490 ὢν,
1139 1427 1208 1480 δι’
1242 1430 1390 1500 ἡμᾶς
1417 1433 1633 1500 ἐγένετο
1661 1433 1824 1505 σάρξ·
1870 1439 1964 1489 καὶ

376 1511 512 1575 Θεὸς
542 1511 638 1574 ὢν,
677 1514 961 1585 ἄνθρωπος
999 1519 1249 1585 ἐγένετοσ
1300 1521 1444 1576 οὕτω
1472 1527 1564 1578 καὶ
1599 1527 1828 1599 κτίστης
1861 1530 1956 1593 ὢν,

377 1602 444 1655 δι’
471 1604 618 1674 ἡμᾶς
648 1606 854 1677 κτίσμα
878 1609 1113 1677 ἐγένετο,
1138 1613 1328 1686 κτιστὴ
1353 1614 1460 1688 γὰρ
1486 1618 1518 1688 ή
1553 1617 1712 1690 σάρξ.
1753 1621 1840 1684 Ὠς
1864 1617 1958 1675 οὖν

379 1689 534 1749 εἶπεν
561 1697 647 1752 διὰ
677 1698 771 1753 τοῦ
800 1704 1101 1774 προφήτου,
1145 1706 1228 1759 ὅτι
1286 1727 1304 1758 ι
1338 1709 1524 1773 Οὕτως
1549 1710 1697 1779 λέγει
1730 1715 1956 1786 Κύριος,

379 1787 410 1839 6
439 1786 649 1853 πλάσας
680 1808 748 1861 με
778 1794 842 1846 ὲκ
883 1796 1088 1860 κοιλίας
1116 1797 1300 1852 δοῦλον
1333 1789 1518 1864 αύτοῢ,
1551 1823 1568 1856 ι
1611 1801 1784 1869 οὕτως
1811 1805 1962 1860 εἴπεν

386 1880 483 1974 καὶ
509 1881 596 1935 διὰ
631 1883 726 1936 τοῦ
761 1885 1215 1958 Σολομῶντος,τὸ
1264 1912 1283 1944 ι
1320 1893 1528 1965 Κύριος
1560 1895 1741 1969 ἐκτισὲ
1779 1916 1844 1968 με
1867 1901 1964 1972 ἁρ-
1997 1922 2034 1974 Β

381 1971 480 2042 χὴν
505 1974 638 2029 όδῶν
667 1976 854 2039 αὑτοῦ,
886 1980 966 2041 είς
1006 1980 1141 2050 ἔργα
1166 1983 1393 2036 αὑτοῦ.)
1454 1987 1664 2042 Οὐκοῦν
1694 1990 1787 2042 καὶ
1830 1992 1858 2043 ό
1906 1971 1964 2045 ἐν

381 2065 447 2132 τῇ
475 2063 650 2135 κοιλίᾳ
671 2065 772 2135 τῆς
799 2069 1070 2137 παρθένου
1097 2071 1358 2137 πλασθεὶς
1385 2077 1528 2130 κατὰ
1565 2077 1656 2132 τὸν
1682 2080 1840 2148 λόγον
1867 2081 1960 2134 τοῦ

384 2153 683 2222 προφήτου,
723 2157 749 2208 ό
779 2155 962 2221 δοῦλός
988 2160 1155 2225 ἐστιν,
1191 2163 1286 2232 οὐχ
1318 2164 1346 2216 6
1378 2164 1583 2236 Κύριος
1608 2186 1620 2200 ·
1662 2169 1958 2232 τουτέστιν,

380 2243 410 2293 ό
445 2243 586 2296 κατὰ
629 2245 808 2316 σάρκα
848 2247 1129 2320 ἄνθρωπος
1183 2254 1242 2305 ὲν
1287 2247 1332 2321 ᾧ
1378 2257 1408 2309 6
1447 2257 1579 2321 Θεὸς
1619 2261 1958 2333 ἐφανερώθη,

381 2333 474 2386 καὶ
499 2335 731 2391 ἐνταῦθα
771 2340 800 2391 6
840 2340 1081 2410 κτισθεὶς
1119 2346 1200 2409 είς
1234 2347 1408 2417 ἀρχὴν
1432 2349 1565 2402 ὁδῶν
1596 2351 1781 2415 αὑτοῦ,
1811 2355 1908 2423 οὐχ
1934 2355 1962 2406 ό

380 2426 515 2489 Θεός
542 2429 710 2494 ἐστιν,
746 2431 862 2484 ἀλλ’
887 2435 916 2486 6
939 2434 1226 2506 ἄνθρωπος
1254 2457 1268 2470 ·
1304 2442 1362 2494 ἐν
1463 2442 1596 2511 ἡμῖν
1623 2445 1651 2495 6
1680 2445 1811 2507 Θεὸς
1832 2448 1960 2513 ἐφα-

381 2516 616 2590 νερώθη,
646 2521 740 2575 ἐπὶ
765 2523 826 2576 τὸ
865 2524 964 2595 τὴν
999 2528 1440 2597 καταφθαρείσαν
1479 2532 1599 2585 ὁδὸν
1628 2535 1726 2604 τῆς
1750 2534 1962 2598 ἀνθρω-

380 2606 545 2678 ⁴πίνης
595 2613 870 2684 σωτηρίας
904 2615 1064 2671 πάλιν
1104 2617 1533 2674 ἀνανεώσασθαι.
1589 2621 1749 2674 Ὥστε
1779 2621 1965 2693 ἐπειδὴ

382 2695 477 2748 δύο
513 2701 642 2768 περὶ
678 2702 771 2762 τοῦ
814 2704 1050 2773 Χριστοῦ
1083 2706 1448 2778 γινώσκομεν,
1478 2707 1539 2760 τὸ
1591 2707 1690 2779 μὲν
1724 2706 1889 2766 θεῖον,
1915 2707 1975 2754 τὸ

383 2791 440 2845 δὲ
473 2793 815 2864 ἀνθρώπινον
836 2837 850 2861 ,
901 2799 958 2849 ἐν
994 2797 1093 2867 μὲν
1120 2801 1188 2870 τῇ
1231 2799 1390 2869 φύσει
1419 2800 1480 2854 τὸ
1511 2799 1676 2861 θεῖον,
1711 2801 1769 2853 ἐν
1815 2797 1874 2850 δὲ
1907 2800 1973 2868 τῇ

385 2883 665 2956 οἰκονομίᾳ
681 2885 741 2938 16
763 2886 902 2940 κατὰ
938 2887 1243 2958 ἄνθρωπον,
1264 2890 1572 2956 ἀκολούθως
1603 2892 1663 2945 τὸ
1691 2891 1788 2962 μὲν
1808 2892 1976 2945 ἀΐδιον

385 2976 452 3043 τῇ
485 2972 702 3046 θεότητι
735 2978 1291 3051 προσμαρτυροῦμεν,
1325 2981 1387 3033 τὸ
1425 2981 1481 3035 δὲ
1532 2981 1751 3034 κτιστὸν
1790 2984 1854 3050 τῇ
1884 2983 1976 3032 άν-

389 3062 638 3137 θρωπίνῃ
669 3065 1002 3137 λογιζόμεθα
1039 3068 1218 3136 φύσει.
1275 3069 1363 3133 Ὦς
1394 3068 1504 3141 γὰρ
1534 3070 1676 3122 κατὰ
1702 3069 1795 3122 τὸν
1841 3085 1976 3139 προ-

391 3157 566 3226 φήτην
602 3158 659 3209 ἐν
687 3160 754 3228 τῇ
788 3158 964 3232 κοιλίᾳ
994 3160 1238 3231 ἐπλάσθη
1267 3160 1470 3225 δοῦλος,
1513 3159 1686 3224 οὕτως
1718 3159 1978 3214 καὶκατὰ

2069 613 2305 668 Verbum
2337 619 2428 685 sit,
2463 634 2592 674 caro
2626 620 2802 676 factus
2833 635 2935 689 est,
2961 632 3013 678 et
3036 640 3160 679 cum
3195 625 3335 684 Deus
3362 631 3454 696 sit,
3484 629 3648 684 homo

2067 702 2243 761 factus
2301 717 2417 774 est;
2466 720 2518 765 et
2588 727 2713 766 cum
2783 715 3142 784 incorporalis
3198 728 3364 782 esset,
3447 736 3648 789 corpus

2067 798 2243 854 factus
2275 810 2399 868 est;
2430 813 2591 874 atque
2639 806 2724 862 his
2763 809 2922 861 etiam
2959 810 3192 879 amplius
3242 821 3296 864 et
3337 821 3644 881 peceatum,

2065 893 2118 940 et
2149 888 2481 953 maledictio,
2510 901 2566 946 et
2592 893 2754 963 lapis,
2785 903 2838 948 et
2868 897 3099 960 securis,
3133 905 3186 951 et
3213 899 3393 968 panis,
3423 909 3475 954 et
3502 901 3641 964 ovis,

2065 989 2118 1033 et
2155 980 2260 1045 via,
2297 991 2352 1036 et
2391 985 2612 1048 ostium,
2654 995 2708 1041 et
2738 996 2911 1057 petra,
2953 998 3005 1044 et
3049 991 3317 1060 ejusmodi
3356 993 3525 1046 multa
3567 993 3646 1046 fa-

2069 1079 2188 1126 etus
2227 1082 2330 1136 est,
2363 1090 2486 1129 eum
2525 1085 2720 1131 natura
2751 1080 2885 1134 nihil
2917 1081 3109 1136 horum
3152 1084 3241 1148 sit,
3301 1083 3392 1138 scd
3427 1093 3646 1154 propter

2070 1176 2170 1216 nos
2219 1178 2316 1232 per
2361 1165 2827 1236 dispensationem
2861 1180 2914 1225 et
2945 1169 3474 1227 administrationem
3521 1175 3646 1227 talis

2067 1257 2324 1308 evaserit.

2137 1432 2608 1498 Quemadmodum
2652 1436 2818 1506 igitur
2851 1453 2972 1491 cum
3024 1437 3261 1492 Verbum
3298 1439 3386 1499 sit,
3421 1448 3646 1508 propter

2069 1539 2167 1580 nos
2202 1540 2332 1579 caro
2365 1525 2540 1582 factus
2573 1537 2685 1592 est;
2719 1539 2770 1583 et
2803 1531 2945 1584 Deus
2977 1546 3098 1584 cum
3140 1532 3228 1596 sit,
3250 1532 3424 1586 'homo
3468 1531 3646 1585 factus

2067 1623 2151 1670 est
2191 1634 2204 1670 :
2245 1619 2314 1670 ita
2339 1627 2556 1673 creator
2582 1635 2704 1699 qum
2737 1621 2828 1683 sit,
2872 1630 3089 1691 propter
3133 1637 3233 1676 nos
3279 1630 3527 1675 creatura
3564 1622 3646 1674 fa-

2066 1718 2187 1765 ctus
2227 1718 2332 1775 est,
2365 1713 2568 1783 quippe
2615 1728 2739 1766 cum
2776 1729 2904 1768 caro
2936 1730 3022 1770 res
3071 1723 3252 1770 creata
3305 1717 3394 1770 sit.
3443 1714 3648 1780 Quem-

2067 1801 2359 1855 admodum
2413 1803 2578 1871 igilur
2627 1819 2723 1872 per
2757 1805 3076 1873 prophetam
3113 1805 3286 1857 dixit:
3323 1823 3340 1854 ι
3382 1801 3472 1857 Sic
3513 1804 3647 1858 dicit

2068 1891 2350 1957 Dominus,
2369 1894 2460 1963 qui
2482 1894 2735 1948 formavit
2751 1911 2835 1950 me
2851 1911 2914 1950 ex
2935 1903 3122 1949 ventre
3144 1909 3361 1948 servum
3383 1909 3542 1948 suum
3569 1897 3608 1957 ¹,
3623 1911 3640 1942 ι

2067 1984 2142 2037 ita
2192 1984 2356 2038 etiam
2400 1985 2538 2039 dixit
2571 1985 2701 2039 illud
2746 2003 2844 2056 per
2887 1972 3234 2040 Salomonem
3273 2003 3286 2040 :
3324 2005 3342 2036 ‹
3383 1985 3648 2039 Dominus

2064 2074 2272 2128 creavit
2295 2089 2381 2127 me
2401 2075 2730 2146 principium
2757 2075 2967 2128 viarum
2990 2090 3214 2130 suarum
3242 2074 3306 2128 ad
3330 2089 3496 2143 opera
3559 2077 3602 2128 '.
3621 2092 3640 2125 ο

2065 2165 2255 2219 Omnis
2292 2167 2438 2221 enim
2574 2174 2822 2221 creatura
2849 2167 3037 2230 servit,
3063 2176 3122 2221 ut
3140 2165 3638 2236 inquitApostolus.

2063 2255 2301 2312 Proinde
2351 2266 2406 2312 et
2455 2256 2501 2312 is
2534 2258 2625 2327 qui
2672 2259 2726 2311 in
2760 2265 2947 2312 ventre
2973 2258 3201 2326 virginis
3241 2240 3506 2311 formatus
3537 2263 3643 2318 est,

2064 2348 2364 2403 secundum
2411 2348 2638 2402 verbum
2675 2348 2979 2417 prophctw,
3023 2362 3213 2400 servus
3250 2354 3356 2409 est,
3395 2361 3500 2399 nou
3541 2343 3646 2399 Do-

2067 2441 2248 2494 minus
2291 2459 2304 2494 :
2343 2440 2446 2493 hoc
2500 2446 2603 2500 est,
2655 2439 2702 2493 is
2746 2439 2838 2508 qui
2881 2438 3181 2493 secundum
3224 2452 3444 2492 carnem
3482 2435 3646 2489 honm

2067 2541 2172 2597 est,
2209 2534 2262 2587 in
2298 2549 2408 2602 quo
2445 2532 2587 2609 Deus
2617 2534 2995 2587 manifestatus
3053 2539 3158 2593 est,
3201 2541 3256 2584 et
3300 2531 3367 2592 is,
3411 2529 3503 2598 qui
3537 2527 3649 2581 illic

2069 2634 2287 2680 creatus
2327 2632 2412 2680 est
2453 2624 2509 2678 in
2552 2625 2875 2694 principium
2922 2625 3130 2678 viarum
3163 2623 3314 2692 ejus.
3355 2636 3463 2674 non
3503 2619 3648 2673 Deus

2069 2717 2171 2766 est,
2201 2707 2293 2759 sed
2323 2706 2488 2762 homo
2519 2725 2532 2762 :
2567 2707 2623 2760 in
2645 2722 2752 2777 quo
2779 2709 2936 2762 nobis
2969 2709 3109 2762 Deus
3140 2707 3522 2762 manifestatus
3545 2715 3651 2770 est,

2071 2804 2130 2851 ut
2166 2804 2424 2866 corrupta
2455 2813 2520 2852 ac
2563 2798 2886 2853 labefactata
2925 2799 3006 2852 via
3039 2800 3234 2853 salutis
3274 2799 3530 2854 humana:
3558 2799 3658 2852 ite—

2071 2901 2194 2942 rum
2258 2897 2632 2944 renovaretur.
2689 2889 2875 2958 ltaque
2925 2889 3188 2958 quoniam
3253 2904 3342 2944 res
3404 2890 3542 2944 duas
3590 2887 3658 2942 de

2070 2980 2294 3036 Christo
2325 2981 2622 3036 statuimus
2651 2989 2706 3036 et
2737 2981 3027 3046 sentimus,
3070 2997 3237 3035 unum
3275 2981 3496 3050 quidem
3517 2981 3659 3034 divi-

2074 3088 2227 3136 num,
2283 3073 2512 3127 alterum
2553 3088 2681 3128 vero
2723 3074 3049 3140 humanum,
3093 3073 3146 3126 in
3187 3081 3384 3127 natura
3437 3072 3656 3143 quidem

2073 3164 2346 3228 divinum,
2398 3167 2453 3219 in
2496 3166 2981 3222 administratione
3035 3182 3099 3228 ae
3148 3166 3561 3238 dispensatione
3601 3167 3656 3220 id

390 3247 480 3299 τὸν
506 3248 850 3319 Σολομῶντα,
884 3251 971 3303 διὰ
998 3253 1096 3322 τῆς
1138 3252 1390 3324 δουλικῆς
1430 3252 1634 3321 ταύτης
1663 3251 1890 3316 κτίσεως
1918 3255 1975 3305 ὲν

2078 3257 2221 3327 quod
2254 3256 2554 3312 secundum
2591 3259 2865 3314 hominem
2900 3267 2983 3315 est
3018 3278 3032 3316 :
3073 3266 3476 3329 consequenter
3511 3273 3658 3313 sem-

395 3341 555 3410 σαρκὶ
585 3339 922 3411 ἐφανερώθη.
960 3343 1127 3395 Ὅταν
1149 3343 1205 3396 δὲ
1231 3342 1460 3411 λέγωσιν
1488 3360 1500 3376 ο
1528 3343 1589 3395 Ei
1613 3337 1809 3412 ἦν,ούκ
1835 3343 1976 3409 ἐγεν-

2079 3351 2348 3420 piternum
2383 3350 2571 3404 deitati
2596 3358 2942 3414 attestamur,
2983 3358 3225 3405 creatum
3250 3366 3380 3405 vero
3412 3351 3663 3404 humana:

396 3429 526 3500 νήθη
556 3447 570 3459 ’
622 3429 739 3497 καὶ,
792 3432 853 3483 Ei
883 3431 1166 3502 ἐγεννήθη,
1200 3432 1298 3485 οὐκ
1338 3427 1427 3502 ἦν,
1460 3430 1865 3502 διδαχθήτωσαν
1898 3431 1979 3484 ὅτι

403 3521 458 3573 οὐ
482 3521 586 3592 χρὴ
612 3520 682 3574 τὰ
709 3521 811 3592 τῆς
836 3525 1102 3594 σαρκικῆς
1120 3525 1428 3593 γεννήσεως
1452 3522 1718 3594 ἰδιώματα
1736 3523 1980 3594 ἐφαρμό-

415 3611 518 3673 ζειν
549 3616 610 3684 τῇ
646 3613 768 3683 θεία
803 3614 983 3684 φύσει.
1049 3615 1284 3685 Σώματα
1321 3615 1419 3686 μὲν
1458 3615 1570 3687 γὰρ
1602 3616 1677 3687 μὴ
1706 3615 1836 3669 ὄντα
1861 3633 1983 3682 γεν-

419 3705 563 3757 νᾶται
592 3723 603 3734 ·
636 3708 664 3760 6
690 3707 744 3761 δὲ
773 3707 906 3772 Θεὸς
937 3707 1003 3762 τὰ
1033 3710 1106 3780 μὴ
1138 3709 1267 3763 ὄντα
1297 3704 1436 3761 εἶναι
1471 3711 1613 3762 ποιεῖ
1639 3727 1652 3740 ο
1695 3709 1794 3761 οὐκ
1822 3706 1983 3769 αὐτὸς

407 3798 468 3848 ἐκ
500 3798 589 3851 τοῦ
627 3800 703 3871 μὴ
725 3800 879 3865 όντος
903 3801 1136 3869 γίνεται.
1186 3802 1278 3854 Διὸ
1301 3801 1396 3854 καὶ
1427 3803 1455 3854 6
1487 3799 1701 3864 Παῦλος
1733 3801 1983 3868 ἀπαύγασ

405 3905 509 3957 σμα
530 3890 688 3960 δόξης
713 3892 876 3945 αὐτὸν
897 3892 1172 3962 ὀνομάζει,
1199 3892 1285 3946 ἵνα
1305 3892 1663 3964 διδαχθῶμεν,
1689 3893 1773 3947 ὅτι
1795 3892 1984 3963 ὥσπερ

400 3980 458 4032 16
496 3983 558 4034 ἐκ
589 3982 682 4034 τοῦ
711 3982 904 4052 λύχνου
937 3983 1052 4052 φῶς
1081 3985 1175 4037 καὶ
1230 3984 1296 4038 ἐκ
1325 3987 1424 4056 τῆς
1458 3983 1674 4053 φύσεώς
1719 3985 1836 4037 ἐστι
1889 3982 1984 4035 τοῦ

398 4069 826 4140 ἀπαυγάζοντος,
859 4075 951 4128 καὶ⁸
985 4075 1102 4146 μετ’
1139 4075 1346 4129 ἐκείνου
1375 4076 1525 4131 ἐστὶν
1567 4074 1724 4146 (όμοῦ
1777 4093 1838 4128 τε
1877 4074 1984 4146 γὰρ

399 4162 629 4234 ἐξεφάνη
663 4166 691 4216 6
715 4164 924 4236 λύχνος,
955 4167 1048 4220 καὶ
1078 4167 1137 4220 τὸ
1161 4166 1277 4236 φῶς
1306 4167 1364 4219 τὸ
1389 4167 1447 4234 ἐξ
1471 4166 1638 4221 αύτοῦ
1658 4166 1986 4238 συνεξέλαμ-

401 4253 538 4327 ψεν),
573 4257 717 4310 οὕτω
745 4257 955 4311 κελεύει
991 4258 1085 4312 καὶ¹
1132 4257 1367 4312 ἐνταῦθα
1397 4261 1538 4312 νοεῖν
1578 4260 1606 4311 6
1640 4259 1984 4322 ‘Aﬁ631o).o;,

401 4346 477 4400 ὅτι
499 4351 594 4402 καὶ
615 4351 680 4402 ἐκ
706 4349 800 4403 τοῦ
816 4350 1029 4422 Πατρὸς
1056 4351 1083 4402 6
1110 4350 1256 4416 Υἱὸς,
1287 4351 1378 4403 καὶ
1406 4351 1660 4403 οὐδέποτε
1693 4352 1863 4421 χωρὶς
1892 4350 1987 4404 τοῦ

402 4439 532 4494 Υἱοῦ
583 4443 612 4495 6
652 4442 878 4513 Πατήρ·
935 4443 1036 4494 οὐκ
1086 4443 1321 4513 ἐγχωρεῖ
1374 4443 1480 4513 γὰρ
1547 4443 1774 4512 ἀλαμπῆ
1824 4437 1964 4496 εἶναι

403 4532 498 4601 τὴν
548 4532 747 4597 δόξαν,
819 4532 895 4596 ὡς
948 4532 1048 4584 οὐκ
1088 4533 1324 4602 ἐγχωρεῖ
1377 4533 1504 4585 ἄνευ
1562 4531 1989 4600 ἀπαυγάσματος

2077 3449 2286 3494 naturae
2333 3442 2698 3509 assignamus.
2748 3442 3218 3507 Quemadmodum
3269 3442 3415 3498 enim
3467 3457 3666 3497 secun-

2077 3530 2207 3585 dum
2241 3532 2562 3600 prophetam
2601 3533 2655 3586 in
2705 3543 2896 3588 ventre
2929 3533 3198 3588 formatus
3221 3541 3308 3589 est
3341 3548 3556 3595 servus,
3591 3534 3664 3586 ita

2079 3623 2242 3678 etiam
2283 3622 2584 3677 secundum
2631 3621 3007 3687 Salomonem,
3059 3639 3154 3700 per
3205 3625 3348 3680 hanc
3411 3625 3666 3679 servilem

2087 3720 2397 3768 creaturam
2441 3715 2494 3768 in
2543 3729 2710 3769 carne
2757 3715 3144 3771 manifestatus
3187 3727 3290 3771 est.
3329 3715 3500 3770 Porro
3542 3731 3667 3770 cum

2081 3806 2271 3859 dicunt
2302 3823 2320 3858 τ
2346 3805 2400 3860 Si
2431 3817 2568 3867 erat,
2604 3822 2713 3860 non
2745 3814 2829 3860 est
2875 3807 3092 3876 genitus
3117 3823 3133 3871 ;
3157 3814 3233 3869 et,
3276 3805 3332 3861 Si
3365 3817 3529 3861 natus
3563 3815 3666 3872 est,

2084 3911 2193 3950 non
2229 3906 2346 3950 erat
2393 3916 2406 3952 :
2454 3898 2760 3952 doceantur
2795 3897 2941 3967 quod
2982 3913 3092 3954 non
3135 3906 3385 3967 Oporteat
3431 3898 3670 3951 carnalis

2085 3989 2394 4043 nativitatis
2445 3989 2811 4059 proprietates
2863 3989 3284 4046 accommodare
3329 3990 3529 4043 divinae
3567 4004 3669 4041 na-

2083 4087 2242 4133 turae.
2298 4077 2435 4133 Nam
2491 4095 2724 4150 corpora
2775 4080 2995 4150 quidem
3049 4095 3173 4150 quae
3209 4095 3315 4133 non
3350 4087 3527 4141 erant,
3580 4078 3669 4147 gi-

2087 4178 2334 4239 gnuntur
2373 4190 2386 4225 :
2423 4171 2569 4228 Deus
2603 4179 2786 4226 autem
2822 4171 2985 4226 elIicit
3021 4181 3078 4226 ut
3119 4187 3183 4226 ea
3221 4186 3344 4242 quae
3385 4187 3492 4224 non
3543 4179 3673 4224 sunt

2088 4265 2363 4319 exsistant
2399 4282 2412 4318 :
2442 4280 2553 4318 non
2589 4264 2709 4334 ipse
2753 4280 2817 4318 ex
2843 4279 2908 4319 eo
2941 4264 3091 4334 quod
3137 4279 3247 4318 non
3293 4270 3378 4318 est
3432 4262 3670 4318 exsistit.

2091 4356 2298 4411 Idcirco
2356 4353 2562 4411 Paulus
2618 4372 2836 4426 quoque
2893 4372 3019 4411 eum
3078 4356 3430 4424 splendorem
3485 4354 3676 4426 gloriae

2091 4452 2336 4505 nominat
2357 4445 2399 4514 ³,
2451 4457 2510 4504 ut
2567 4449 2885 4514 doceamur,
2918 4448 3064 4518 quod
3105 4449 3247 4502 sicut
3273 4448 3454 4500 lumen
3491 4447 3558 4500 de
3595 4447 3677 4499 lu-

2091 4556 2254 4596 cerna
2287 4547 2342 4596 ct
2375 4556 2439 4596 ex
2474 4548 2672 4596 natura
2709 4542 2891 4595 lumen
2931 4539 3149 4595 edentis
3190 4548 3294 4602 est,
3327 4546 3380 4591 et
3413 4554 3519 4591 una
3551 4553 3675 4591 eum

406 4620 540 4676 εἶναι
563 4625 655 4677 τὸν
678 4624 888 4696 λύχνον.
921 4624 1093 4694 Δῆλον
1129 4624 1185 4676 δὲ
1218 4626 1299 4678 ὅτι
1323 4623 1512 4696 ὥσπερ
1547 4624 1607 4676 τὸ
1632 4619 1770 4676 εἶναι
1802 4624 1976 4675 ἀπαύ-

2094 4630 2185 4683 illa
2225 4636 2308 4684 est
2343 4629 2530 4701 (simul
2562 4629 2710 4684 enim
2750 4637 2916 4698 atque
2944 4629 3174 4683 emicuit
3207 4629 3456 4690 lucerna,
3495 4627 3679 4681 lumen

407 4732 592 4787 γασμα
629 4717 904 4789 μαρτυρία
934 4717 1051 4770 ἐστὶ
1088 4717 1183 4770 τοῦ
1222 4715 1364 4769 κατὰ
1404 4718 1502 4788 τὴν
1531 4715 1687 4781 δόξαν
1714 4711 1851 4769 εἶναι
1879 4716 1895 4767 (
1915 4715 1988 4786 μὴ

410 4805 515 4876 γὰρ
543 4804 711 4876 οὖσης
739 4807 834 4876 τῆς
867 4804 1024 4879 δόξης
1055 4806 1154 4858 οὐκ
1183 4804 1248 4858 ἂν
1283 4803 1368 4876 εἴη
1398 4805 1459 4858 τὸ
1486 4807 1550 4858 ἐκ
1577 4805 1782 4873 ταύτης
1810 4806 1988 4858 ἀπαυ-

410 4897 748 4968 γαζόμενον),
777 4897 947 4963 οὕτως
977 4899 1038 4951 τὸ
1063 4897 1247 4968 λέγειν
1276 4899 1350 4969 μὴ
1375 4893 1513 4951 εἷναί
1545 4916 1603 4950 τε
1626 4898 1989 4968 ἀπαύγασμα,

413 4989 679 5056 ἀπόδειξίς
709 4992 825 5042 ἐστι
862 4990 956 5044 τοῦ
996 4991 1130 5062 μηδὲ
1160 4991 1256 5061 τὴν
1287 4989 1444 5057 δόξαν
1482 4985 1641 5057 εἶναι,
1673 4991 1759 5044 ὅτε
1795 4991 1895 5043 οὐκ
1927 4985 1994 5062 ἦν

409 5087 468 5133 16
499 5081 839 5153 ἀπαύγασμα
864 5099 877 5112 ·
928 5082 1026 5153 τὴν
1054 5085 1162 5155 γὰρ
1189 5084 1345 5150 δόξαν
1389 5084 1518 5138 ἄνευ
1561 5084 1996 5154 ἀπαυγάσματος

413 5166 549 5226 εἶναι
575 5175 879 5244 ἀμήχανον.
909 5176 1120 5246 Ὥσπερ
1157 5171 1249 5229 οὖν
1279 5177 1377 5229 οὐκ
1403 5175 1549 5229 ἔστιν
1577 5177 1668 5229 ἐπὶ
1695 5175 1788 5229 τοῦ
1821 5177 1996 5228 ἀπαυ-

413 5267 691 5337 γάσματος
721 5268 900 5336 λέγειν
926 5271 1028 5333 ὅτι,
1049 5270 1112 5324 Ei
1138 5266 1328 5342 ἦκ’,σὺκ
1358 5271 1594 5339 ἐγένετο,
1631 5273 1744 5334 καὶ,
1777 5273 1840 5325 Ei
1880 5272 1999 5340 ὲγέο

412 5365 662 5429 νετο,ούκ
676 5358 762 5433 ἦν,
794 5363 967 5426 οὕτως
997 5363 1226 5433 μάταιόν
1250 5368 1363 5418 ἐστι
1395 5367 1636 5438 περὶτοῦ
1667 5364 1800 5420 Υίοῦ
1826 5365 2002 5420 ταῦτα

414 5451 611 5521 λέγειν,
639 5454 775 5507 διότι
805 5457 833 5507 6
862 5457 993 5520 Υἱός
1026 5459 1142 5510 ἐστι
1176 5459 1236 5510 τὸ
1258 5460 1616 5527 ἀπαύγασμα.

2094 4737 2314 4793 quoque
2361 4721 2510 4792 quod
2544 4721 2611 4774 ab
2644 4737 2708 4775 ea
2749 4720 2969 4775 exsistit
3023 4719 3229 4790 pariter
3280 4716 3548 4786 elIulget),
3606 4716 3680 4769 ita

2097 4817 2186 4870 hic
2215 4830 2434 4885 quoque
2465 4815 2621 4884 jubet
2656 4815 2954 4883 Apostolus
2997 4813 3304 4881 intelligere
3337 4815 3483 4881 quod
3531 4819 3587 4864 et
3613 4826 3682 4863 ex

2098 4907 2256 4963 Patre
2287 4911 2359 4963 sit
2384 4907 2576 4970 Filius,
2602 4914 2655 4962 et
2679 4906 2890 4974 absque
2913 4903 3052 4958 Filio
3077 4919 3357 4974 nunquam
3391 4906 3462 4958 sit
3487 4901 3682 4956 Pater:

2101 5017 2221 5054 nam
2246 5001 2360 5056 fieri
2391 5016 2497 5054 non
2526 5005 2726 5069 potest,
2753 5005 2811 5052 ut
2835 4996 3007 5067 gloria
3037 4997 3110 5050 sit
3133 4996 3342 5066 absque
3370 4995 3686 5065 splendore,

2099 5092 2563 5165 quemadmodum
2613 5090 2730 5145 fieri
2778 5105 2888 5144 non
2924 5099 3124 5159 potest,
3165 5097 3224 5142 ut
3258 5090 3467 5159 absque
3504 5089 3691 5158 splen-

2102 5186 2235 5241 dore
2266 5184 2492 5238 lucerna
2519 5183 2611 5238 sit.
2646 5179 2996 5236 Manifestum
3020 5187 3106 5234 est
3135 5187 3318 5236 autem
3345 5179 3489 5250 quod
3525 5180 3691 5232 sicuti
3754 5220 3756 5223 .

2104 5275 2455 5348 splendorem
2512 5288 2660 5336 esse,
2712 5271 3092 5327 testimonium
3141 5279 3230 5326 est
3263 5272 3385 5341 ejus
3435 5269 3581 5338 quod
3638 5270 3692 5322 iu

2105 5368 2278 5440 gloria
2315 5375 2402 5423 est
2430 5366 2498 5436 (si
2524 5365 2670 5420 enim
2707 5379 2816 5419 non
2849 5364 2922 5420 sit
2947 5364 3145 5435 gloria,
3178 5379 3287 5416 non
3319 5361 3484 5415 fuerit
3526 5360 3572 5414 is
3599 5360 3693 5429 qui

2108 5465 2176 5517 ab
2212 5463 2315 5516 hac
2348 5460 2531 5515 editur
2587 5459 2892 5532 Splendor),
2945 5461 3018 5514 ita
3071 5459 3116 5514 si
3171 5455 3297 5525 quis
3327 5455 3486 5536 [dicat
3541 5453 3689 5523 quod

417 5557 695 5610 nunquam
743 5528 864 5597 erat
914 5541 1196 5613 splendor,
1232 5543 1578 5600 demonstrat
1625 5547 1771 5616 quod
1855 5563 2036 5618 neque
2073 5551 2246 5620 gloria
2317 5561 2484 5615 esset,
2539 5528 2664 5604 cum
2717 5528 3019 5605 non'esset
3054 5528 3345 5620 splendor;
3386 5545 3502 5600 fieri
3547 5545 3695 5600 enim

419 5654 525 5691 non
566 5646 766 5707 potest,
821 5648 878 5690 ut
937 5638 1110 5708 gloria
1170 5639 1242 5693 sit
1302 5639 1512 5708 absque
1553 5641 1867 5709 splendore.
1933 5642 2003 5697 Ut
2045 5645 2213 5718 igitur
2279 5645 2348 5701 de
2413 5643 2708 5716 splendore
2738 5644 2847 5698 dici
2893 5660 3001 5698 non
3053 5649 3236 5714 potest
3270 5660 3285 5696 :
3319 5642 3377 5696 Si
3409 5649 3548 5709 erat,
3587 5656 3697 5693 ιιυιι

417 5733 600 5788 editus
631 5740 735 5797 est,
771 5740 844 5801 et,
870 5732 926 5788 Si
974 5734 1159 5789 editus
1195 5743 1301 5799 est,
1332 5747 1442 5788 non
1475 5743 1628 5806 erat;
1670 5736 1745 5790 ita
1777 5751 1978 5792 vanum
2009 5749 2064 5796 et
2102 5740 2403 5798 absurdum
2452 5749 2537 5797 est
2585 5738 2699 5794 haec
2744 5736 2813 5795 de
2870 5737 3013 5795 Filio
3059 5737 3262 5797 dicere.
3318 5734 3526 5807 quippe
3573 5745 3699 5790 cum

420 5822 590 5879 Filius
614 5825 682 5879 sit
718 5828 994 5895 splendor.

511 5934 526 5966 ⁸
561 5933 666 5992 La.
693 5953 840 6006 uix,
1003 5942 1022 5972 ²
1046 5937 1208 5996 l‘rov.
1243 5952 1360 6010 vm,
1392 5940 1481 5998 22.
1561 5938 1579 5972 ’
1607 5938 1774 5999 llcbr.
1808 5958 1850 6012 ι,
1879 5943 1932 6000 3.
