4064 6410
435 393 547 462 603

1681 389 2066 452 EUTIIYMII
2124 391 2486 453 ZlG.\BENI

3602 383 3710 448 6οί

499 521 773 578 Caeterum
815 518 908 590 qui
938 516 1122 574 minus
1155 525 1212 573 et
1247 516 1427 588 majus
1465 517 1535 574 de
1582 517 1723 574 Filio
1757 526 1813 574 et
1858 517 2019 574 Patre

2187 519 2251 572 Ol
2272 517 2328 570 δὲ
2360 517 2421 570 τὺ
2444 516 2766 588 μικρότερον
2797 514 2894 570 καὶ
2924 515 2986 570 τὸ
3012 515 3198 588 μεῖζον
3220 515 3315 570 ὲπὶ
3343 515 3440 570 τοῦ
3463 516 3594 571 Υίοῦ
3615 519 3712 572 καὶ

429 611 642 676 dicunt,
674 611 894 666 discant
917 624 946 663 a
987 607 1157 663 Paulo
1186 624 1255 664 ne
1287 608 1586 664 metiantur
1619 625 1681 663 ea
1711 626 1833 679 quae
1858 625 2019 664 nemo

429 711 608 773 potest
647 703 828 758 metiri
870 703 886 733 ⁸
932 719 947 767 ;
981 717 1104 754 nam
1146 701 1447 771 Apostolus
1485 699 1682 756 Filium
1733 702 1870 757 dicit
1907 701 2009 757 elli-

430 797 567 866 giem
600 810 723 851 esse
754 794 930 849 Patris
955 795 1296 850 substantiae.
1321 793 1549 848 Planum
1579 795 1846 866 estigitur
1874 795 2020 867 quod

431 892 640 954 quanta
691 882 855 938 fuerit
897 885 1212 940 substantia
1253 882 1454 948 Patris,
1517 891 1674 938 tanta
1728 891 1816 940 est
1854 885 2022 940 etiam

428 977 644 1048 efﬁgies
683 975 1010 1032 substantiae
1040 995 1053 1029 :
1094 974 1209 1030 ﬁeri
1244 975 1390 1030 enim
1436 990 1545 1029 non
1582 983 1785 1046 potest,
1826 985 1886 1031 ut
1916 976 2020 1031 mi-

431 1084 532 1125 nor
559 1069 630 1125 sit
667 1068 877 1140 el‘ﬁgies
921 1085 1087 1140 quam
1125 1070 1436 1125 substantia
1467 1087 1590 1140 quae
1620 1085 1715 1139 per
1741 1085 1862 1126 eam
1887 1085 2022 1126 eon-

431 1159 724 1215 sideratur.
749 1159 894 1226 Quin
917 1161 1082 1214 etiam
1113 1175 1348 1230 magnus
1367 1158 1608 1216 Joannes
1639 1161 1830 1216 eadem
1861 1160 2021 1215 docet

429 1268 556 1307 cum
587 1251 744 1317 dicit,
784 1271 802 1304 ι
841 1252 900 1306 lu
939 1252 1215 1323 principio
1245 1261 1362 1308 erat
1395 1252 1657 1321 Verbum,
1687 1261 1744 1308 et
1775 1249 2020 1308 Verbum

429 1355 550 1399 erat
603 1344 750 1414 apud
801 1345 970 1398 Deum
1028 1347 1069 1400 ¹.
1111 1363 1131 1396 ι
1184 1345 1260 1398 Ex
1295 1359 1362 1399 eo
1397 1359 1632 1415 namque
1670 1345 1818 1416 quod
1859 1345 2017 1408 dixit,

428 1435 578 1506 quod
629 1435 683 1490 itt
731 1435 1005 1506 principio
1043 1442 1183 1498 erat,
1235 1447 1288 1490 ct
1333 1451 1439 1491 non
1495 1444 1619 1505 pust
1664 1436 2019 1506 principium,

430 1529 673 1586 ostendit
723 1528 870 1600 quod
901 1544 1180 1598 nunquam
1211 1529 1420 1598 absque
1467 1529 1645 1584 Verbo
1691 1529 2020 1599 principium

431 1631 574 1677 erat.
639 1620 718 1676 Ex
761 1636 829 1677 eo
885 1638 1016 1677 vero
1053 1623 1199 1691 quod
1267 1624 1537 1687 ostendit,
1590 1623 1735 1692 quod
1787 1621 2020 1676 Verbum

436 1713 602 1766 etiam
636 1720 754 1766 erat
783 1713 924 1781 apud
950 1711 1138 1774 Deum,
1172 1710 1502 1780 signiﬁcavit
1533 1710 1679 1778 quod
1705 1709 1840 1762 nihil
1881 1708 2021 1762 desit

2119 607 2214 662 τοῦ
2243 608 2456 680 Πατρὸς
2482 607 2754 676 λέγοντες,
2787 608 3218 679 διδαχθήτωσαν.
3241 608 3397 679 παρὰ
3443 609 3538 662 τοῦ
3567 609 3714 663 Παύ-

2118 702 2211 755 λου
2245 701 2320 772 μὴ
2348 703 2568 772 μετρεῖν
2597 703 2665 756 τὰ
2691 701 2981 773 ἀμέτρητα
2998 719 3012 732 ·
3059 703 3088 754 6
3116 702 3227 774 γὰρ
3267 702 3594 767 Ἀπόστολος
3621 703 3714 757 τὸν

2121 797 2250 851 Υίὸν
2279 795 2610 867 χαρακτῆρα
2635 794 2786 864 λέγει
2831 794 2929 865 τῆς
2957 792 3052 847 τοῦ
3083 794 3298 865 Πατρδς
3338 795 3713 859 ὑποστάσεως.

2120 889 2290 960 Δῆλον
2318 884 2410 942 οὖν
2439 889 2520 942 ὅτι
2649 888 2749 959 ὅση
2777 887 2845 942 ἂν
2872 888 2906 958 ἡ
2939 887 3234 950 ὑπόστασις
3345 886 3440 940 τοῦ
3479 888 3715 961 Πατρδς,

2126 978 2380 1041 τοσοῦτος
2408 979 2500 1032 καὶ
2522 979 2552 1032 6
2575 980 2864 1050 χαρακτήρ
2879 979 2994 1032 ὲστι
3013 979 3112 1049 τῆς
3130 979 3502 1043 ὑποστάσεως·
3526 980 3588 1032 οὐ
3610 980 3719 1052 γὰρ

2128 1071 2402 1142 ἐνδέχεται
2435 1065 2574 1124 εἶναι
2610 1070 2934 1143 μικρότερον
2975 1071 3068 1124 τὸν
3107 1073 3433 1143 χαρακτῆρα
3466 1074 3567 1142 τῆς
3589 1071 3720 1124 θεω-

2129 1162 2400 1233 ρουμένης
2431 1163 2489 1214 ὲν
2516 1161 2666 1233 αὐτῷ
2696 1161 3066 1225 ὑποστάσεως.
3131 1161 3293 1214 Ἀλλὰ
3338 1162 3431 1215 καὶ
3477 1164 3505 1214 6
3547 1161 3723 1231 μέγας

2140 1253 2393 1325 Ἰωάννης
2441 1252 2617 1307 ταῦτα
2669 1251 2909 1306 διδάσκει
2965 1252 3162 1320 λέγων,
3233 1269 3252 1302 ι
3288 1251 3378 1304 Ἐν
3405 1252 3546 1322 ἀρχῇ
3578 1247 3646 1321 ἦν
3691 1252 3722 1304 6

2128 1346 2324 1413 Λόγος,
2357 1344 2452 1399 καὶ
2483 1347 2511 1398 6
2541 1343 2713 1412 Λόγος
2737 1339 2805 1414 ἦν
2840 1343 2978 1414 πρὸς
3009 1343 3101 1398 τὸν
3125 1343 3280 1397 Θεόν.
3312 1361 3331 1394 ι
3371 1343 3465 1396 Ἐκ
3490 1343 3599 1412 γὰρ
3623 1340 3717 1395 τοῦ

2128 1439 2325 1500 εἰπεῖν,
2356 1437 2440 1490 ὅτι
2476 1455 2494 1488 ι
2521 1439 2580 1490 ὲν
2621 1437 2760 1509 ἀρχῇ
2791 1431 2919 1508 ἧν,ι
2968 1436 3061 1489 καὶ
3093 1436 3154 1488 οὐ
3208 1436 3349 1507 μετὰ
3386 1435 3484 1505 τὴν
3520 1435 3718 1504 ἀρχὴν,

2129 1529 2331 1594 ἔδειξεν
2369 1530 2450 1583 ὅτι
2492 1530 2751 1583 οὐδέποτε
2798 1529 2991 1598 ἄλογος
3029 1525 3098 1601 ἦν
3130 1531 3163 1600 ἠ
3211 1529 3374 1601 ἀρχή.
3420 1529 3514 1581 Ἐκ
3541 1529 3599 1581 δὲ
3624 1528 3721 1580 τοῦ

2129 1620 2410 1686 ἀποδεῖξαι
2429 1622 2511 1676 ὅτι
2542 1624 2636 1676 καὶ
2662 1624 2690 1676 6
2715 1622 2886 1690 Λόγος
2910 1616 2980 1691 ἦν
3003 1621 3140 1690 πρὸς
3174 1621 3266 1674 τὸν
3291 1621 3445 1681 Θεὸν,
3474 1621 3533 1673 τὸ
3567 1619 3725 1672 ἀνελ-

2143 1707 2297 1773 λιπὲς
2340 1708 2435 1761 τοῦ
2465 1708 2597 1761 Υἱοῦ
2635 1707 2711 1772 ὡς
2738 1706 2874 1778 πρὸς
2907 1709 2997 1758 τὸν
3028 1705 3247 1774 Πατέρα
3278 1707 3572 1776 ἐσήμανεν,
3617 1706 3726 1777 ὅλῳ

438 1802 577 1858 Filio
631 1804 686 1859 in
739 1804 1150 1874 comparatione
1197 1802 1411 1868 Patris;
1455 1816 1579 1856 cum
1619 1810 1732 1856 toto
1785 1816 2021 1871 namque

2143 1801 2251 1872 γὰρ
2282 1799 2358 1871 τῷ
2386 1800 2504 1870 Θεῷ
2532 1799 2667 1862 ὅλως
2692 1796 3074 1867 συνθεωρεῖται
3096 1800 3123 1850 6
3155 1797 3348 1864 Λόγος.
3403 1798 3468 1850 Ei
3500 1796 3610 1864 γὰρ
3639 1796 3731 1848 ἐλ-

437 1895 550 1951 Deo
602 1905 775 1950 totum
833 1897 1000 1951 simul
1046 1894 1433 1951 consideratur
1491 1892 1748 1948 Verbum.
1783 1893 1921 1947 Nam
1974 1893 2022 1950 si

435 1986 569 2056 quid
625 1985 805 2041 Verbo
843 1987 1060 2042 deesset
1109 1986 1164 2040 in
1206 2000 1305 2040 sua
1361 1985 1758 2055 magnitudine,
1805 1993 1864 2039 ut
1909 2000 2020 2039 non

437 2088 624 2150 posset
673 2079 818 2150 apud
871 2087 1044 2135 totum
1079 2094 1202 2134 esse
1247 2077 1442 2144 Deum,
1508 2093 1740 2148 prorsus
1797 2094 2023 2134 necesse

434 2181 588 2227 esset
653 2180 714 2226 ut
765 2172 1213 2226 existimaremus
1266 2171 1478 2240 absque
1511 2169 1693 2226 Verbo
1732 2185 1856 2226 esse
1899 2185 2020 2224 eam

439 2261 534 2318 Dei
589 2270 823 2332 partem,
858 2277 965 2333 qua
1002 2260 1177 2318 Verbo
1236 2263 1490 2332 superior
1536 2277 1599 2316 ac
1633 2261 1811 2331 major
1853 2269 2017 2316 esset.

435 2353 603 2421 Atqui
631 2366 755 2406 eum
792 2359 902 2404 tota
931 2351 1025 2405 Ι)ιί
1062 2351 1348 2420 majestate
1375 2349 1541 2406 Verbi
1567 2351 1828 2419 majestas
1855 2351 2020 2405 simul

435 2442 836 2498 consideratur.
878 2442 1018 2514 Ergo
1059 2444 1111 2497 in
1153 2443 1356 2499 divinis
1387 2442 1654 2498 doctrinis
1686 2443 1865 2497 locum
1911 2458 2022 2497 non

437 2535 622 2601 habet,
655 2543 712 2589 ut
742 2535 827 2589 vel
872 2535 1049 2604 majus
1079 2537 1164 2591 vel
1201 2537 1386 2592 minus
1423 2551 1547 2591 esse
1579 2535 1848 2590 dicamus.
1883 2533 2018 2588 Nam

435 2627 530 2696 qui
570 2626 761 2682 dicunt
799 2627 943 2697 quod
981 2629 1222 2698 genitum
1260 2644 1370 2682 non
1403 2628 1590 2698 genito
1621 2635 1817 2681 natura
1857 2625 2022 2682 dissi-

437 2719 568 2772 mile
596 2718 690 2780 sit,
712 2725 766 2772 et
789 2719 1152 2772 similitudine
1173 2727 1228 2773 et
1258 2721 1509 2789 exemplo
1535 2718 1720 2774 Abelis
1745 2726 1800 2774 et
1829 2717 2022 2771 Adami

437 2808 654 2864 discant
683 2809 828 2862 haud
858 2810 1025 2863 stulte
1044 2809 1314 2878 judicare.
1358 2809 1569 2864 Etenim
1605 2811 1777 2865 Adam
1805 2824 2024 2880 quoque

2145 1890 2305 1962 λιπὴς
2336 1886 2405 1961 ἦν
2437 1893 2494 1944 ἐν
2526 1891 2605 1961 τῷ
2630 1891 2744 1960 ἰδίῳ
2777 1889 2994 1959 μεγέθει
3017 1892 3045 1942 6
3083 1889 3276 1957 Λόγος,
3307 1887 3445 1941 ὣστε
3475 1890 3550 1959 μὴ
3572 1876 3760 1942 δύνει-Ἲ

2145 1983 2268 2036 σθαι
2297 1984 2434 2054 πρὸς
2465 1983 2584 2036 ὅλον
2623 1983 2713 2035 τὸν
2748 1981 2880 2034 Θεὸν
2907 1976 3047 2034 εἶναι
3066 2021 3080 2046 ,
3117 1981 3330 2051 ἀνάγκη
3360 1981 3512 2033 πᾶσα
3537 1979 3733 2046 ἄλογον

2142 2071 2281 2130 εἶναι
2317 2073 2413 2128 τοῦ
2459 2074 2595 2128 Θεοῦ
2639 2074 2880 2143 νομίζειν
2928 2073 2988 2126 τὸ
3029 2073 3372 2144 ὑπερπίπτω
3401 2069 3497 2124 τοῦ
3529 2071 3728 2137 Λόγου.

2154 2166 2317 2220 Ἀλλὰ
2341 2167 2449 2238 μὴν
2480 2168 2628 2238 πάσῃ
2655 2165 2751 2219 τοῦ
2793 2165 2929 2219 Θεοῦ
2964 2164 3344 2236 μεγαλειότητι
3377 2161 3528 2234 ἡτοῦ
3558 2161 3732 2228 Λόγου

2149 2256 2502 2327 μεγαλειότης
2539 2256 2949 2326 συνθεωρεῖται.
3003 2256 3145 2326 Ἀρα
3171 2255 3272 2307 οὐκ
3296 2253 3406 2324 ἔχει
3433 2251 3618 2324 χώραν
3639 2252 3733 2304 ἐπὶ

2143 2348 2251 2400 τῶν
2275 2347 2434 2401 θείων
2468 2347 2754 2417 δογμάτων
2795 2347 2856 2399 τὸ
2888 2347 3068 2417 μεῖζον
3100 2346 3278 2413 λέγειν
3313 2345 3406 2398 καὶ
3448 2344 3510 2396 τὸ
3539 2343 3736 2413 μικρό-

2142 2455 2321 2510 τερον.
2358 2439 2422 2492 Oi
2451 2438 2506 2490 δὲ
2546 2439 2792 2506 λέγοντες
2832 2439 2891 2491 τὸ
2924 2438 3183 2508 γεννητὸν
3229 2436 3309 2506 τῷ
3343 2436 3620 2507 ἀγεννήτῳ
3649 2431 3732 2487 εἷ-

2146 2548 2236 2586 ναι
2265 2530 2409 2585 κατὰ
2437 2529 2534 2601 τὴν
2559 2531 2719 2599 φύσιν
2760 2530 3033 2600 ἀνόμοιον,
3072 2529 3480 2600 διδαχθήτωσαν
3509 2528 3582 2598 μὴ
3617 2545 3731 2597 μω-

2149 2623 2349 2694 ραίνειν
2375 2625 2440 2676 ὲκ
2465 2622 2559 2675 τοῦ
2587 2622 2728 2676 κατὰ
2756 2623 2847 2675 τὸν
2880 2622 3046 2675 Ἀϐελ
3071 2623 3164 2675 καὶ
3196 2622 3288 2674 τὸν
3334 2621 3502 2691 Ἀδὰμ
3529 2619 3734 2674 ὑποδεί-

2145 2731 2372 2786 γματος.
2411 2715 2523 2769 Καὶ
2553 2714 2662 2786 γὰρ
2683 2714 2775 2768 καὶ
2807 2715 2836 2766 6
2867 2714 3038 2784 Ἀδὰμ
3072 2714 3210 2766 κατὰ
3237 2712 3337 2777 τὴν
3367 2711 3602 2785 φυσικὴν
3626 2711 3735 2767 τῶν

2141 2807 2451 2878 ἀνθρώπων
2485 2809 2748 2879 γέννησιν
2797 2810 2901 2863 οὐκ
2942 2810 3241 2880 ἐγεννήθη·
3279 2815 3306 2865 6
3351 2811 3408 2865 δὲ
3449 2812 3614 2866 ’Λὸελ
3665 2817 3728 2867 ὲκ

438 2900 746 2954 secundum
773 2899 1076 2954 naturalem
1107 2899 1389 2956 hominum
1419 2901 1756 2956 nativitatem
1787 2915 1894 2954 non
1929 2911 2021 2965 ge-

2139 2899 2234 2954 τοῦ
2279 2902 2453 2972 ’Λδὰμ
2483 2903 2776 2973 ἐγεννήθη.
2829 2901 3000 2957 Οὐδὲν
3031 2903 3087 2958 δὲ
3130 2904 3377 2959 ἐκώλυσε
3412 2906 3503 2959 τὸν
3551 2905 3728 2971 Ἀδὰμ

445 2994 595 3050 nitus
626 2993 725 3048 fuit
759 2993 940 3050 :Abel
972 3009 1105 3050 vero
1136 3007 1201 3047 ex
1243 2992 1452 3046 Adamo
1500 2990 1720 3062 genitus
1760 2995 1865 3042 est.
1926 2985 2021 3040 Sed

2139 2994 2199 3046 τὸ
2246 2994 2322 3066 μὴ
2362 2996 2693 3066 γεννηθῆναι
2745 2995 2884 3066 πρὸς
2913 2997 2974 3050 τὸ
3006 2997 3297 3069 ἄνθρωπον
3327 2995 3503 3052 εἶναι’
3535 3000 3656 3053 οὐδὲ
3693 3003 3726 3072 ή

443 3084 582 3142 nihil
617 3085 898 3156 prohibuit
919 3086 1191 3142 Adamum
1224 3099 1347 3140 esse
1370 3083 1676 3144 hominem,
1699 3079 1843 3150 quod
1872 3078 2021 3148 geni-

2139 3085 2393 3158 γέννησις
2426 3089 2519 3141 τδν
2555 3088 2723 3141 ’Δσελ
2771 3087 2903 3142 ἄλλο
2937 3107 2989 3144 τι
3024 3091 3176 3162 παρὰ
3220 3091 3321 3162 τὴν
3373 3090 3728 3161 ἀνθρωπίνην

445 3185 534 3231 tns
566 3190 670 3231 non
703 3186 817 3232 erat
844 3191 862 3244 ;
897 3190 1078 3247 neque
1117 3173 1380 3230 nativitas
1408 3171 1634 3228 Abelem
1667 3172 1812 3226 aliud
1846 3185 1910 3225 ac
1954 3170 2021 3224 di-

2140 3177 2306 3245 φύσιν
2335 3179 2614 3248 ἐποίησεν,
2643 3179 2780 3232 ἀλλὰ
2811 3180 2907 3234 καὶ
2931 3173 3089 3244 οὗτος
3118 3181 3410 3252 ἄνθρωπος
3445 3183 3721 3245 κάκεῖνος,

443 3282 665 3324 versum
683 3269 941 3341 quiddam
973 3270 1040 3326 ab
1075 3269 1313 3324 humana
1366 3266 1601 3323 reddidit
1632 3275 1871 3334 natura,
1933 3261 2021 3316 sed

2139 3271 2187 3324 εί
2216 3269 2309 3323 καὶ
2333 3271 2361 3322 6
2386 3270 2485 3341 μὲν
2516 3271 2803 3342 γεννηθεὶς
2829 3267 2922 3344 ἦν,
2955 3273 2982 3326 6
3011 3272 3070 3325 δὲ
3099 3272 3222 3342 δίχα
3252 3275 3587 3343 γεννήσεως.

442 3371 557 3414 tam
598 3360 689 3418 hic
716 3376 880 3430 quam
903 3362 992 3417 ille
1023 3363 1190 3418 homo
1216 3361 1340 3428 fuit,
1367 3359 1471 3416 etsi
1499 3360 1590 3416 hic
1617 3359 1838 3430 quidem
1871 3364 2033 3411 natus

441 3463 583 3521 erat,
611 3454 704 3511 ille
726 3470 856 3510 vero
887 3455 1094 3525 absque
1115 3455 1401 3512 nativitate
1427 3454 1739 3512 exstiterat.

514 3547 689 3618 Igitur
712 3548 768 3602 itt
801 3547 1004 3603 divinis
1026 3549 1609 3620 quoquedogmatibus
1640 3549 1845 3604 nullam
1865 3558 2028 3605 natu-

444 3657 522 3697 rae
539 3641 904 3697 diﬂ‘erentiam
921 3641 1338 3714 eﬁlcitgenitum
1355 3645 1438 3700 vel
1471 3659 1580 3698 non
1610 3644 1853 3715 genitum
1879 3659 2021 3710 esseI

2134 3647 2292 3718 θῆναι
2333 3647 2429 3702 καὶ
2473 3646 2539 3701 τὸ
2569 3649 2895 3718 γεννηθῆναι
2927 3647 3192 3716 διαφορὰν
3220 3646 3319 3698 οὐκ
3356 3646 3714 3716 ἐξεργάζεται

442 3730 538 3787 sed
566 3732 1024 3801 quemadmodum
1051 3733 1103 3789 in
1135 3734 1342 3790 Adamo
1366 3743 1420 3790 et
1445 3734 1613 3791 Abele
1641 3751 1748 3790 una
1771 3737 2021 3791 bumanl-

2134 3741 2374 3808 φύσεως,
2419 3741 2538 3796 ἀλλ’
2564 3741 2756 3812 ὥσπερ
2797 3743 2888 3794 ἐπὶ
2932 3741 3025 3793 τοῦ
3067 3741 3239 3810 Ἀδὰμ
3268 3742 3365 3794 καὶ
3407 3742 3499 3795 τοῦ
3548 3742 3717 3794 ’Ἅϐελ

449 3833 555 3889 tas,
611 3824 728 3878 sive
757 3834 950 3879 natura
1000 3826 1264 3890 humana,
1325 3827 1513 3882 eodem
1566 3826 1729 3882 modo
1778 3827 1832 3881 in
1873 3826 2021 3882 Patre

2134 3834 2499 3916 ἀνθρωπότης
2531 3836 2651 3906 μία,
2680 3834 2824 3889 οὕτω
2849 3835 2944 3887 καὶ
2969 3835 3061 3888 ἐπὶ
3097 3835 3193 3888 τοῦ
3221 3836 3434 3906 Πατρός
3481 3834 3579 3887 καὶ
3620 3835 3713 3887 ἐπὶ

441 3930 661 3987 quoque
688 3932 753 3974 ac
784 3917 921 3974 Filio
952 3919 1150 3986 deitas,
1179 3933 1271 3974 seu
1304 3918 1489 3974 divina
1537 3929 1731 3974 natura
1771 3936 1876 3974 una
1927 3929 2021 3974 est.

2134 3927 2228 3981 τοῦ
2256 3927 2388 3981 Υἱοῦ
2425 3929 2615 3997 θεότης
2647 3928 2768 3997 μία.

2210 3555 2357 3625 Ἃρα
2391 3553 2486 3607 καὶ
2522 3555 2615 3608 ἐπὶ
2649 3556 2760 3610 τῶν
2797 3556 2959 3626 θείων
2993 3552 3284 3622 δογμάτων
3319 3555 3381 3606 τὸ
3418 3553 3494 3624 μὴ
3524 3569 3722 3624 γεννη-

444 4031 700 4103 Ejusdem
741 4048 808 4088 ea:
831 4034 1075 4090 oratione
1104 4034 1168 4091 de
1203 4033 1333 4089 Filii
1368 4046 1416 4091 et
1444 4035 1679 4107 Spiritus
1733 4036 2021 4092 divinitate.

2138 4041 2250 4098 Τοῦ
2290 4041 2478 4097 αὐτοῦ
2507 4041 2578 4095 ἐκ
2608 4040 2714 4095 τοῦ
2742 4043 2930 4113 λόγου
2960 4041 3068 4097 τοῦ
3096 4043 3227 4112 περὶ
3263 4043 3544 4113 θεότητος
3575 4043 3716 4098 Υιοῦ

2662 4112 2760 4165 καὶ
2813 4114 3183 4182 Πγεύματος.

2197 4202 2468 4270 Λέγουσιν
2501 4202 2551 4254 οἱ
2585 4202 2720 4273 ’περὶΙ
2760 4204 2854 4257 τὸν
2889 4205 3178 4274 Εὐνόμιον,
3212 4206 3296 4259 ὅτι
3338 4207 3367 4258 6
3407 4206 3537 4271 Υἱός
3587 4222 3719 4259 ποτε

443 4299 552 4341 non
582 4295 721 4340 erat.
763 4283 820 4339 Si
874 4286 1042 4341 Filius
1075 4303 1181 4341 non
1223 4297 1362 4350 erat,
1392 4305 1462 4343 ne
1487 4289 1649 4345 Pater
1671 4289 1887 4359 quidem
1907 4304 2021 4344 om-

2134 4296 2228 4350 οὐκ
2260 4291 2350 4366 ἦν.
2383 4295 2443 4348 Et
2466 4295 2567 4348 οὐκ
2594 4291 2662 4366 ἦν
2700 4296 2728 4348 6
2759 4297 2908 4360 Υἱὸς,
2943 4296 3162 4361 πάντως
3194 4299 3315 4352 οὐδὲ
3347 4301 3375 4352 6
3411 4298 3602 4370 Πατὴρ
3626 4295 3716 4369 ἦν.

443 4378 592 4432 nino.
628 4376 685 4432 Si
709 4377 964 4447 splendor
997 4395 1103 4433 non
1139 4387 1277 4446 erat,
1309 4395 1381 4434 ne
1429 4379 1720 4450 splendens
1780 4381 2021 4450 quidem.

2134 4389 2190 4442 Ei
2221 4389 2322 4442 οὐκ
2346 4383 2414 4459 ἦν
2452 4388 2480 4440 6
2509 4389 2819 4462 χαρακτὴρ,
2850 4389 2972 4445 οὐδὲ
3005 4392 3038 4461 ἡ
3066 4393 3370 4456 ὑπόστασις
3393 4387 3481 4463 ἦν.
3519 4393 3582 4445 Ei
3618 4393 3719 4446 οὐκ

441 4469 501 4524 Si
549 4469 717 4536 ﬁgura
750 4485 858 4525 non
892 4478 1032 4535 erat,
1063 4487 1131 4526 ne
1157 4471 1462 4527 substantia
1490 4473 1730 4544 quidem.
1759 4473 1815 4528 Si
1836 4482 2021 4542 poten-

2134 4475 2194 4551 ἦν
2227 4481 2287 4533 τὸ
2317 4480 2684 4552 απαύγασμα,
2735 4483 2861 4536 οὐδὲ
2902 4483 2965 4536 τὸ
3017 4483 3349 4554 ἀπαυγὰζον
3381 4482 3470 4556 ἦν.
3516 4485 3578 4538 Εἰ
3615 4485 3719 4537 οὐκ

442 4562 516 4616 tia
550 4577 654 4615 tum
680 4569 823 4624 erat,
852 4562 896 4616 si
929 4562 1193 4632 sapientia
1224 4578 1328 4618 non
1365 4572 1504 4647 erat,
1535 4563 1655 4619 sine
1671 4564 1872 4633 quibus
1919 4577 2021 4618 non

2134 4569 2196 4646 ἦν
2233 4572 2490 4646 δύναμις,
2537 4577 2586 4630 ει
2622 4577 2725 4630 οὐκ
2784 4572 2854 4649 ἦν
2896 4578 3080 4647 σοφία,
3131 4573 3208 4634 ὧν
3259 4579 3390 4634 ἄνευ
3425 4579 3559 4644 Θεὸς
3615 4580 3719 4632 οὐκ

438 4658 523 4706 est
553 4649 716 4718 Deus,
749 4667 816 4708 ne
850 4651 989 4708 Deus
1021 4654 1237 4724 quidem
1267 4662 1406 4711 erat.
1440 4639 1627 4726 Neque
1680 4655 1827 4710 enim
1871 4657 2021 4725 engi-

2134 4634 2300 4734 έστιν,
2334 4634 2488 4722 οθδε
2514 4668 2650 4734 Θεὸς
2680 4667 2770 4740 ἦν.
2804 4634 2880 4724 bit
2925 4634 3038 4742 γαρ
3068 4634 3240 4727 ’ἔστιν
3271 4634 3719 4743 ὲννοῆσαιΠδὸξαν

512 4191 766 4248 Ennomii
823 4192 1094 4262 discipuli,
1147 4193 1340 4261 Filius,
1405 4194 1680 4265 inquiunt,
1740 4195 2029 4266 aliquando

441 4752 558 4798 tare
591 4758 882 4814 possumus
909 4746 1136 4815 gloriam
1168 4747 1289 4803 sine
1318 4748 1624 4818 splendore,
1651 4758 1745 4802 aut
1774 4747 2029 4803 substan-

441 4838 574 4892 tiam
635 4841 753 4893 siue
810 4838 1004 4909 ﬁgura,
1063 4848 1156 4895 aut
1208 4837 1325 4896 sine
1362 4841 1630 4912 sapientia
1697 4839 2026 4910 sapientem,

2126 4759 2377 4832 ἀλαμπῆ,
2403 4760 2436 4829 ἢ
2465 4760 2764 4816 ὑπόστασιν
2788 4764 3288 4835 ἁχαρακτήριστον,
3311 4766 3344 4838 ἢ
3373 4765 3502 4820 ἄνευ
3528 4767 3720 4834 σοφίας

2130 4855 2314 4925 σοφὸν,
2347 4855 2536 4928 ἢᾶνευ
2570 4857 2856 4928 δυνάμεως
2889 4859 3145 4930 δύναμιν,
3177 4860 3209 4932 ἢ
3248 4860 3452 4914 ἄπαιδα
3479 4860 3714 4928 πατέρα.

439 4929 680 4983 autsine
713 4931 956 4998 potentia
987 4938 1287 4998 potentem,
1339 4943 1434 4986 aut
1461 4933 1696 5000 denique
1749 4933 1869 4990 sine
1915 4933 2021 4987 ﬁlia

2134 4947 2345 5002 Οὐκοῦν
2373 4950 2759 5005 ἀποδέδεικται
2800 4951 2891 5005 διὰ
2939 4929 3049 5005 τῶν
3083 4929 3414 5023 εἰρημένων,
3447 4953 3532 5005 ὅτι
3567 4952 3594 5003 6
3627 4952 3720 5006 τὸν

441 5031 672 5084 patrem.
716 5021 792 5075 Ex
824 5023 906 5076 liis
932 5023 1116 5092 igitur,
1146 5039 1266 5094 qute
1293 5025 1432 5079 dicta
1463 5035 1609 5089 sunt,
1667 5025 1983 5080 demonstra
2003 5053 2027 5067 -

439 5119 557 5167 tum
586 5122 689 5179 est,
727 5129 847 5169 eum
880 5117 972 5185 qui
1019 5113 1216 5171 Filium
1250 5117 1408 5183 tollit,
1441 5127 1496 5171 et
1526 5118 1746 5172 Patrem
1813 5113 2023 5172 tollere.

435 5206 541 5264 Ubi
586 5217 765 5262 autem
803 5206 973 5263 Filius
1007 5223 1114 5263 non
1144 5208 1362 5276 colitur,
1389 5223 1488 5263 nec
1512 5208 1676 5263 Pater
1713 5223 1835 5264 esse
1903 5221 2030 5263 cre-

2128 5039 2256 5094 Υἱὸν
2286 5040 2500 5096 ἀθετῶν
2547 5044 2839 5098 συναθετεί
2877 5046 2973 5099 καὶ
3019 5045 3112 5097 τὸν
3158 5045 3410 5116 Πατέρα.
3447 5045 3626 5097 ’Ὀπου
3662 5044 3720 5097 6‘s

2127 5133 2253 5187 abre
2269 5136 2297 5188 6
2322 5135 2448 5200 Υἱὸς
2471 5135 2777 5203 δοξάζεται,
2798 5139 2924 5191 οὔτε
2945 5140 2972 5191 6
2989 5138 3184 5208 Πατὴρ
3204 5133 3347 5190 εἶναι
3373 5137 3718 5204 πιστεύεται,

2129 5228 2360 5284 καθόλου
2386 5231 2420 5301 ἡ
2444 5219 2636 5304 θἐότης
2658 5232 2920 5303 ὴθέωται.
2946 5233 3019 5284 Τὸ
3040 5232 3097 5284 δὲ
3119 5232 3331 5285 ἀθετεῖν
3361 5231 3459 5303 τὴν
3485 5232 3721 5301 θεότητα

441 5301 611 5367 ditur,
646 5310 757 5355 tota
799 5301 1067 5357 Divinitas
1099 5302 1370 5358 aufertur.
1435 5303 1608 5358 Porro
1674 5301 2021 5356 Divinitatem

2134 5323 2344 5388 οὐδενὸς
2371 5325 2534 5381 ἄλλου
2685 5301 3018 5397 Ἑπικούρου
3069 5326 3240 5380 ἐστίν.
3293 5301 3504 5380 Οὐκοῦν
3561 5325 3720 5379 Ἐπι-

439 5393 658 5450 auferre
692 5393 894 5449 nullius
917 5402 1023 5463 est,
1061 5395 1165 5450 nisi
1203 5394 1479 5464 Epicurei.
1512 5394 1667 5449 Patet
1700 5409 1830 5464 ergo
1875 5393 2021 5449 istius

2134 5417 2379 5490 κούρειοι
2412 5421 2462 5473 οἱ
2505 5420 2600 5475 νῦν
2648 5421 3023 5494 δογματισταὶ
3063 5421 3162 5492 τῆς
3209 5421 3472 5484 ἀσεδείας
3510 5422 3722 5475 ἁναπε-
3816 5423 3830 5436 ⁸

438 5486 712 5556 opinionis
742 5496 993 5542 auctores
1033 5502 1154 5544 esse
1183 5486 1500 5558 Epicureos.

948 5599 1031 5655 Ea:
1059 5601 1240 5656 eadem
1260 5600 1522 5653 oratione.

512 5690 821 5748 Sentt‘tttias
857 5695 1116 5764 quasdam
1153 5693 1477 5748 abscindunt
1507 5709 1534 5748 e
1569 5689 1870 5764 Scriptura,
1898 5709 2034 5766 quas

446 5777 876 5850 imperitioribus
898 5787 1183 5856 objieiant.
1219 5786 1412 5842 Dicunt
1456 5787 1625 5857 enim,
1669 5788 1842 5860 ipsum
1919 5789 2026 5846 Do-

519 5915 534 5947 ²
575 5919 735 5976 Rom.
766 5923 956 5985 xt,5i.
1037 5927 1056 5958 ³
1092 5924 1249 5985 Joan.
1285 5941 1321 5993 t,
1353 5927 1400 5998 l.

2133 5512 2388 5584 φήνασιν.

2186 5645 2198 5654 .
2573 5607 2676 5662 Ἐκ
2716 5607 2823 5661 τοῦ
2857 5607 3046 5663 αὐτοῦ
3083 5610 3294 5679 λόγου.

2205 5699 2371 5765 de;
2418 5700 2608 5771 ῥήσεις
2663 5701 2728 5753 ὲκ
2781 5701 2881 5770 τῆς
2937 5701 3164 5772 Γραφῆς
3190 5701 3724 5773 ἀποσπαράσσοντες

2136 5793 2250 5860 τοῖς
2284 5793 2536 5866 ἀνοήτοις
2566 5793 2969 5866 προτείνονται,
2999 5797 3096 5850 καί
3130 5813 3294 5867 φασιν
3337 5794 3500 5850 αὐτὸν
3530 5791 3726 5862 ὁμολο-
