4064 6400
391 408 501 470 605

1372 415 1743 476 PANUPLIA
1780 420 2237 482 DOGMATICA.
2268 450 2335 460 -
2367 425 2512 489 ΤΙΤ.
2563 429 2667 491 XI.

3549 443 3653 505 603

391 522 519 585 γεὲν
545 519 637 573 τὸν
668 517 904 591 Κύριον,
956 523 1044 576 ὃτι
1090 522 1349 614 ἐπέμφθη
1389 529 1542 597 παρὰ
1578 529 1674 583 τοῦ
1726 531 1958 601 Πατρός.

2076 539 2279 588 minum
2308 552 2368 592 se
2412 541 2638 594 missum
2688 556 2807 598 esse
2836 546 3105 603 conﬁteri.
3140 549 3221 603 Tu
3247 565 3377 620 ergo
3418 553 3566 608 illum
3619 571 3648 609 a

386 607 550 674 Εἶτα,
580 610 665 662 δτι
719 610 822 679 μὲν
857 611 1141 682 ὶπέμφθη,
1180 605 1491 682 γινώσκεις,
1540 619 1625 677 δτι
1666 620 1723 673 δὲ
1756 623 1785 673 ό
1822 623 1965 690 πέμ-

387 697 499 767 ψας
530 698 651 767 μετ’
677 697 846 752 αὑτοῦ
874 701 1044 766 ἐστιν,
1068 703 1166 755 οὐκ
1198 703 1467 775 ἀκήκοας.
1506 708 1568 761 '0
1600 711 1844 778 πέμψας
1891 728 1967 780 με

382 788 523 857 γὰρ,
549 787 709 858 φησι,
746 790 880 858 μετ’
911 791 1060 860 ἐμοῦ
1082 794 1236 849 ἐστι.
1269 797 1381 850 Καὶ
1416 799 1516 852 οὐκ
1551 801 1834 873 ἐδιδάχθης
1877 804 1967 857 διὰ

384 880 501 936 τῶν
524 884 854 953 εἰρημένων,
885 885 967 939 ὅτι
1009 888 1103 940 καὶ
1138 889 1553 954 ἀποστέλλεται,
1580 896 1675 947 καὶ
1710 895 1773 947 οὐ
1795 896 1965 965 χωρί-

384 975 568 1039 ζεται.
613 976 1029 1031 ’Δποστέλλεται
1069 979 1171 1049 μὲν
1192 981 1302 1054 γὰρ
1327 983 1419 1036 διὰ
1441 984 1878 1056 φιλανθρωπίαν,
1902 987 1963 1040 οὐ

379 1066 688 1136 χωρίζεται
717 1067 776 1121 δὲ
805 1068 893 1122 διὰ
923 1070 986 1122 τὸ
1013 1070 1115 1140 τῆς
1141 1073 1359 1140 φύσεως
1385 1075 1651 1146 ἄτμητον.

644 1176 653 1182 ⁸
828 1161 932 1215 Ἐκ
972 1163 1081 1217 τοῦ
1110 1165 1300 1219 αὑτοῦ
1332 1168 1539 1234 λόγου.

451 1250 598 1303 Φασὶ
651 1251 814 1305 πάλιν
863 1252 953 1306 διὰ
986 1254 1080 1307 τοῦ
1108 1256 1450 1325 Μονογενοῦς
1492 1259 1875 1328 ὁμολογεῖσθαι
1904 1274 1966 1317 το

379 1336 529 1393 εῖναι
596 1343 822 1409 μείζονα
873 1346 1041 1398 αὑτοῦ
1079 1348 1171 1400 τὸν
1208 1350 1427 1418 Πατέρα
1462 1366 1479 1382 ⁸
1517 1352 1581 1404 '0
1615 1353 1816 1419 Πατήρ
1842 1371 1962 1422 μου

379 1432 523 1502 γὰρ,
549 1436 707 1503 φησι,
725 1434 942 1502 μείζων
959 1439 1079 1504 μού
1106 1438 1260 1494 ἐστι.
1290 1441 1399 1496 Καὶ
1430 1442 1537 1512 μὴν
1568 1445 1594 1497 ό
1617 1445 1779 1507 αὐτὸς
1805 1445 1964 1499 τοῦτό

382 1540 557 1591 φησιν
584 1540 599 1556 ·
648 1524 799 1595 Ἐγὼ
833 1527 904 1580 ἐν
926 1525 1006 1592 τῷ
1043 1529 1226 1595 Harp!
1266 1532 1366 1587 καὶ
1412 1534 1444 1585 d
1479 1535 1683 1602 Πατὴρ
1708 1536 1776 1588 ἐν
1809 1538 1960 1606 ἐμοί.

381 1612 448 1664 Et
493 1612 700 1682 μείζων
734 1618 761 1668 ὁ
789 1617 983 1688 Πατὴρ
1012 1620 1107 1672 τοῦ
1136 1620 1289 1687 Υἱοῦ,
1316 1623 1435 1687 πῶς
1464 1629 1726 1696 χωρεϊται
1748 1630 1809 1682 τὸ
1846 1631 1965 1698 μετα

381 1703 480 1767 ζον
515 1706 573 1758 ιν
594 1706 671 1774 τῷ
694 1707 976 1775 δλάττονις
1002 1711 1065 1764 Ei
1097 1713 1337 1767 ιλάττων
1382 1717 1410 1768 ὁ
1447 1716 1695 1782 Υἱὸς-τοῦ
1727 1722 1959 1790 Πατρὸς,

382 1796 508 1859 πῶς
539 1797 845 1867 πληροῦται
872 1801 934 1855 τὸ
965 1802 1152 1869 μεῖζον
1195 1805 1297 1858 ὑπὸ
1322 1806 1419 1860 τοῦ
1443 1806 1727 1873 λείποντος
1755 1829 1771 1877 ;
1804 1812 1872 1864 ’Ὀ
1900 1831 1960 1866 τε

381 1888 499 1958 γὰρ
531 1890 735 1958 μείζων
777 1897 1194 1964 στενοχωρεῖται
1236 1898 1455 1963 πάντως
1483 1902 1541 1953 ἐν
1570 1902 1647 1971 τῷ
1691 1871 1962 1972 έλαττονι,
1995 1871 2036 1929 Β

383 1982 487 2035 καὶ
528 1984 557 2035 δ
613 1983 854 2040 ἐλάττων
899 1989 1301 2060 ἑπεκτανθῆναι
1356 1993 1493 2061 πρὸς
1524 1994 1584 2047 τὸ
1627 1995 1965 2066 ὑπερϐάλλον

380 2079 449 2133 οὐ
484 2078 730 2135 δύναται.
764 2081 934 2136 Ὠστε
960 2085 1176 2156 ἀνάγκη
1210 2087 1480 2143 ιλλείπιιν
1521 2091 1619 2160 μὲν
1650 2094 1708 2145 ὲν
1736 2092 1814 2162 τῷ
1852 2095 1966 2147 Πα-

380 2173 473 2240 cpi.
503 2172 594 2224 τὸν
626 2173 774 2240 Υἱὸν,
804 2178 1151 2245 περισσεύειν
1178 2180 1236 2233 δὲ
1266 2180 1321 2232 ἐν
1351 2182 1429 2251 τῷ
1459 2184 1572 2254 Υἱῷ
1598 2186 1689 2239 τὸν
1719 2188 1961 2259 Πατέρα,

379 2265 480 2317 καὶ
510 2265 767 2334 ψεύδεται
803 2271 923 2321 κατ’
948 2270 1146 2335 αὐτοὺς
1178 2273 1207 2324 ὁ
1241 2274 1442 2341 εἰπὼν,
1483 2276 1566 2330 ὅτι
1601 2280 1749 2348 Ἐγὼ
1779 2284 1849 2336 ἐν
1882 2283 1961 2349 τῷ

378 2357 586 2425 Πατρί,
603 2357 721 2413 διον
747 2362 948 2429 εἰπεῖν,
975 2363 1135 2435 εἴπερ
1165 2366 1403 2421 ἐλάττων
1429 2370 1605 2436 ἔστὶν,
1630 2372 1712 2426 ὅτι
1745 2373 1887 2441 Ἐγὼ
1906 2380 1960 2429 ὲν

381 2448 539 2519 μέρει
564 2448 660 2502 τοῦ
689 2449 925 2521 Πατρδς,
956 2454 1053 2507 καὶ
1085 2457 1249 2526 μέρος
1274 2459 1367 2511 τοῦ
1398 2461 1610 2530 Πατρὸς
1640 2465 1698 2516 ἐν
1725 2467 1865 2535 ἐμοί.
1899 2470 1957 2522 Εἰ

375 2540 434 2591 δὲ
464 2540 587 2602 ὅλος
616 2545 643 2594 ό
675 2542 867 2613 Πατὴρ
897 2546 956 2597 ἑν
983 2545 1092 2616 ὅλῳ
1123 2548 1201 2617 τῷ
1230 2550 1346 2621 Υίῷ
1366 2589 1381 2615 ,
1412 2554 1509 2606 καὶ
1537 2557 1659 2620 δ).ος
1687 2560 1714 2610 ὁ
1748 2559 1871 2620 Υἱὸς
1901 2563 1959 2612 ἐν

374 2629 485 2702 at,»
515 2631 596 2703 τῷ
639 2635 849 2705 llas-pl,
885 2637 991 2691 ποῦ
1024 2640 1086 2693 τὸ
1127 2642 1322 2707 πλέον,
1359 2647 1451 2699 καὶ
1495 2647 1601 2702 ποῦ
1637 2650 1697 2702 τὸ
1738 2651 1956 2719 λεῖπονς

375 2723 491 2777 Καὶ
512 2724 568 2777 τί
597 2726 679 2780 δεῖ
701 2728 769 2781 τὰ
798 2729 972 2785 πολλὰ
1001 2732 1199 2801 λέγειν,
1231 2737 1349 2790 δέον
1383 2741 1480 2809 μιᾷ
1511 2746 1660 2813 φωνῇ
1692 2748 1959 2814 περιγρά-

372 2816 472 2884 ψαι
504 2820 691 2873 πᾶσαν
720 2821 822 2891 τὴν
854 2824 1123 2896 φλυαρίαν
1154 2830 1358 2895 αὐτῶν,
1387 2832 1499 2902 τῷ·
1531 2835 1636 2901 Ὃς
1665 2836 1735 2889 ἐν
1753 2837 1956 2906 μορφῇ

372 2909 525 2964 Θεοῦ
564 2912 854 2982 ὑπάρχων
887 2919 1002 2987 οὐχ
1041 2921 1358 2992 ἁρπαγμὸν
1393 2927 1666 2994 ᾐτήσατο
1701 2930 1766 2984 τὸ
1801 2928 1957 2988 εἶναι

371 3002 479 3055 ισα
510 3003 636 3069 Θεῷ
651 3021 672 3070 ;
704 3007 842 3061 Εἰπέ
866 3027 979 3078 μοι,
1008 3011 1069 3065 τὸ
1088 3014 1200 3067 ἴσον
1224 3016 1485 3081 ἀκούσας,
1510 3020 1569 3073 τὸ
1595 3021 1668 3093 μὴ
1701 3024 1813 3075 ἴσον
1841 3027 1955 3078 ἐνό-

370 3109 536 3162 ησαςς
569 3097 633 3149 Ὠ
651 3099 819 3168 κενῆς
857 3100 1207 3171 διδασκαλίας
1246 3107 1336 3163 διὰ
1378 3112 1473 3164 τοῦ
1519 3114 1633 3167 ἴσου
1666 3115 1727 3169 τὸ
1768 3118 1953 3173 ἄνισον

370 3187 817 3262 ἑρμηνευούσηςι
862 3194 1091 3269 Εἴρηται
1132 3200 1331 3266 τοίνυν,
1378 3204 1459 3256 ὅτι
1491 3206 1555 3259 '0
1596 3207 1841 3277 πέμψας
1876 3228 1953 3283 με
1979 3223 2023 3286 C

369 3279 590 3347 μείζων
604 3285 729 3351 μού
759 3285 951 3341 ἐστιν.
979 3288 1193 3343 Οὐκοῦν
1239 3295 1608 3366 σκοπήσωμεν
1637 3299 1788 3369 παρὰ
1810 3282 1954 3367 τινος

372 3370 402 3461 δ
428 3371 607 3440 λόγος,
633 3376 730 3429 καὶ
763 3376 885 3441 πῶς
914 3380 1168 3452 ἐπέμφθη
1201 3384 1258 3434 tv
1290 3388 1469 3455 μορφῇ
1499 3386 1634 3439 Θεοῦ
1670 3388 1953 3461 ὑπάρχων,

376 3460 412 3529 ἢ
448 3466 662 3537 μορφὴν
692 3466 883 3521 δούλου
917 3469 1130 3538 λαϐὼν,
1167 3475 1225 3525 ἐν
1260 3475 1338 3544 τῷ
1374 3477 1705 3548 πληρώματι
1739 3480 1815 3534 ὣν
1851 3482 1955 3550 τῆς

388 3555 646 3625 θεότητος,
678 3561 710 3631 ῆ
740 3563 991 3626 κενώσας
1014 3565 1208 3618 ἑαυτὸν
1233 3568 1291 3618 ἐν
1313 3571 1377 3639 τῇ
1403 3569 1494 3622 τοῦ
1520 3570 1706 3625 δούλου
1734 3578 1916 3645 μορφῇ
1938 3592 1955 3642 ;

404 3647 566 3702 Παντὶ
584 3652 721 3723 γὰρ,
753 3649 912 3724 οἶμαι
931 3694 947 3720 ,
978 3656 1247 3726 πρόδηλον
1266 3700 1280 3724 ,
1314 3660 1394 3712 ὅτι
1425 3663 1458 3729 ἡ
1492 3661 1614 3715 θεία
1639 3663 1867 3733 δύναμίς
1898 3685 1957 3719 τε

401 3739 494 3791 καὶ
523 3741 668 3805 φύσις
691 3746 975 3816 πανταχοῦ
999 3743 1156 3815 οὖσα,
1186 3751 1282 3804 καὶ
1309 3751 1398 3805 διὰ
1424 3752 1643 3807 πάντων
1669 3754 1952 3827 διήκουσα,

389 3831 481 3884 καί
527 3833 613 3886 τοῦ
663 3838 866 3902 παντὸς
917 3842 1390 3916 περιδεδραγμλνη
1447 3847 1549 3900 οὐκ
1609 3848 1675 3901 ἂν
1727 3849 1955 3915 εἰκότως

379 3922 688 4014 πέμπεσθαι
717 3931 954 3999 λέγοιτο.
983 3935 1056 3988 Οὺ
1086 3936 1193 4008 γάρ
1221 3938 1339 3990 ἔστι
1362 3956 1417 3991 τι
1442 3940 1598 3994 κενὸν
1625 3941 1730 4006 ἔξω
1756 3942 1950 4014 αὐτῆς,

376 4019 432 4071 ἐν
458 4012 503 4088 ᾧ
536 4021 612 4093 μὴ
643 4025 911 4095 πρότερον
940 4022 1095 4095 οὖσα,
1125 4029 1253 4083 ὅταν
1310 4032 1535 4103 πεμφθῇ
1573 4012 1951 4103 παραγίνεται,

374 4109 506 4165 ἀλλὰ
537 4116 602 4183 τῇ
641 4121 1013 4190 συντηρητικῇ
1048 4120 1275 4190 δυνάμει
1307 4122 1678 4195 διακρατοῦσα
1709 4128 1771 4182 τὸ
1804 4133 1913 4184 πᾶν
1934 4174 1948 4197 ,

374 4202 473 4256 οὐκ
506 4205 623 4275 ἔχει
655 4210 740 4272 είς
772 4207 801 4261 ὃ
839 4213 1241 4284 μεταχωρήσει.
1280 4215 1419 4287 αὐτὴ
1453 4218 1547 4272 τοῦ
1583 4221 1785 4285 παντὸς
1818 4219 1953 4277 οὖσα

372 4292 435 4347 τὸ
464 4296 767 4367 πλήρωμα.
813 4299 878 4354 Ἦ
910 4303 1091 4358 τοίνυν
1125 4305 1262 4374 πρὸς
1294 4307 1356 4360 τὸ
1387 4308 1657 4379 ἡμέτερον
1690 4316 1949 4368 ταπεινόν

371 4400 430 4436 τε
459 4386 553 4438 καὶ
581 4387 812 4453 ἀσθενὲς
840 4390 935 4444 τοῦ
967 4392 1098 4446 Υἱοῦ
1129 4394 1354 4460 κάθοδος
1388 4399 1480 4451 καὶ
1512 4403 1949 4472 συγκατάὸασις,

373 4478 514 4531 κατὰ
561 4482 794 4552 γνώμην
842 4484 935 4537 τοῦ
989 4488 1201 4559 Harpe;
1246 4492 1626 4562 γεγενημένη,
1676 4497 1949 4569 ἀποστολὴ

2074 625 2238 682 Patre
2267 632 2495 685 missum
2526 635 2691 699 nosti,
2721 643 2778 691 et
2806 650 2928 691 eum
2953 654 2981 691 a
3012 655 3118 708 quo
3150 641 3348 697 missus
3404 653 3507 710 est,
3569 647 3649 700 si-

2072 715 2179 769 mul
2212 732 2332 771 esse
2354 733 2479 773 cum
2509 720 2599 775 illo
2630 738 2738 777 non
2765 728 3021 793 accepisti
3046 729 3069 781 ἲ
3096 729 3198 793 Qui
3239 732 3381 784 misit
3434 751 3535 796 me,
3564 734 3649 787 in—

2069 807 2205 873 quit,
2238 824 2437 862 mecum
2473 815 2611 867 est‘.
2656 812 2732 867 Ει
2772 817 2968 883 quibus
2996 820 3175 875 verbis
3204 832 3421 890 poteras
3477 826 3650 879 intel—

2068 896 2233 967 ligere
2289 900 2436 954 illum
2469 904 2541 957 ita
2594 905 2752 973 mitti,
2784 918 2967 963 utnon
2997 911 3354 984 disjungatur.
3416 914 3649 970 Mittitur

2066 991 2211 1043 enim
2238 1007 2336 1061 pro
2375 1009 2470 1048 sua
2506 997 2559 1050 in
2608 998 2852 1055 homines
2880 1001 3278 1059 benevolentia.
3309 1003 3425 1061 Non
3489 1024 3648 1080 sepa-

2068 1088 2242 1150 ratur,
2270 1085 2396 1154 quia
2430 1097 2623 1142 natura
2654 1094 2830 1145 secari
2861 1109 2964 1147 non
2984 1106 3185 1162 potest.

2556 1176 2642 1232 Ea:
2668 1180 2850 1233 eadem
2904 1186 3161 1238 oratione.

2138 1261 2306 1318 Aiunt
2337 1280 2543 1330 rursus,
2572 1268 2767 1323 Filium
2799 1287 2858 1326 se
2891 1271 3035 1326 Patri
3067 1276 3329 1331 minorem
3361 1277 3638 1334 conﬁteri.

2064 1353 2227 1409 Pater
2254 1359 2412 1424 enim,
2456 1360 2649 1430 inquit,
2678 1362 2849 1432 major
2878 1382 2958 1419 me
2985 1376 3061 1419 est
3085 1367 3127 1420 ’.
3167 1366 3325 1435 Atqui
3367 1370 3504 1423 idem
3533 1370 3647 1438 ipse

2068 1448 2196 1502 illud
2225 1450 2389 1504 etiam
2418 1450 2556 1506 dixit
2587 1470 2600 1505 :
2629 1452 2743 1523 Ego
2795 1456 2851 1508 in
2916 1454 3101 1524 Patre,
3146 1468 3196 1512 ει
3240 1457 3400 1513 Pater
3455 1463 3508 1514 in
3564 1479 3647 1515 me

2064 1541 2198 1595 σιμ.
2256 1540 2314 1595 Si
2350 1541 2521 1612 major
2575 1554 2657 1599 est
2711 1545 2850 1602 Filio
2900 1548 3103 1614 Pater,
3159 1555 3428 1620 quomodo
3492 1557 3635 1622 quod

2067 1633 2243 1701 majus
2261 1645 2366 1698 est,
2393 1651 2420 1688 a
2452 1637 2661 1692 minore
2689 1640 2938 1708 capitur?
2965 1639 3020 1694 Si
3054 1643 3231 1697 minor
3255 1644 3423 1698 Filius
3454 1645 3639 1709 Patre,

2065 1728 2336 1792 Quomodo
2375 1728 2444 1783 ab
2486 1744 2551 1784 eo
2582 1734 2724 1799 quod
2786 1734 2962 1787 minus
3017 1744 3101 1789 est
3131 1736 3303 1801 majus
3360 1737 3647 1807 impletur?

2064 1818 2397 1887 Majorenim
2438 1823 2490 1877 in
2539 1824 2747 1878 minore
2802 1826 2963 1880 nimis
3011 1837 3243 1898 anguste
3287 1831 3643 1884 concluditur.

2069 1910 2243 1964 Minor
2271 1924 2449 1966 autem
2471 1914 2729 1983 majorem
2763 1926 2820 1970 nt
2840 1922 3108 1985 compleat
3154 1935 3259 1972 non
3311 1922 3643 1989 assequitur.

2069 2000 2137 2056 Ut
2157 2015 2377 2057 necesse
2410 2003 2481 2057 sit
2509 2005 2740 2059 deﬁcere
2778 2005 2973 2059 Filium
3002 2008 3052 2062 in
3094 2008 3274 2076 Patre,
3315 2021 3368 2064 et
3422 2010 3641 2065 Patrem

2068 2093 2122 2145 in
2176 2090 2314 2147 Filio
2346 2094 2673 2160 redundare,
2699 2106 2861 2164 atque
2889 2097 2960 2150 ita
2989 2111 3055 2151 ex
3099 2101 3370 2153 sententia
3412 2102 3641 2154 istorum

2068 2186 2301 2247 mentiri,
2330 2187 2420 2255 qui
2447 2229 2459 2253 ,
2487 2186 2619 2256 Ego,
2652 2190 2845 2258 inquit,
2894 2192 2948 2242 in
2986 2189 3163 2255 Patre,
3196 2202 3244 2245 et
3274 2192 3439 2245 Pater
3483 2195 3534 2246 in
3564 2211 3646 2247 me

2062 2286 2165 2342 est,
2193 2293 2314 2332 cum
2343 2279 2566 2333 deberet
2598 2282 2680 2347 (si
2713 2282 2890 2334 minor
2915 2292 2998 2336 est
3027 2284 3069 2353 ),
3107 2284 3216 2352 Ego
3246 2286 3301 2338 in
3333 2300 3487 2354 parte
3542 2289 3642 2345 P.1-

2067 2371 2187 2432 tris,
2212 2380 2265 2423 et
2291 2386 2417 2440 pars
2440 2370 2619 2424 Patris
2654 2373 2705 2425 in
2740 2389 2828 2427 me
2854 2388 2956 2428 est.
3018 2376 3111 2429 Sin
3173 2388 3316 2432 totus
3376 2380 3535 2433 Pater
3587 2382 3639 2433 in
3674 2450 3687 2457 κ

2066 2471 2180 2516 tuto
2204 2462 2344 2518 Filio
2376 2472 2477 2527 est,
2508 2476 2560 2517 et
2586 2474 2730 2519 totus
2762 2465 2933 2520 Filius
2955 2468 3007 2521 in
3041 2477 3152 2523 toto
3178 2469 3360 2535 Patre,
3419 2473 3639 2527 ubinam

2063 2554 2314 2620 estquod
2341 2554 2646 2607 redundat?
2678 2555 2897 2609 ubinam
2947 2557 2996 2611 id
3045 2562 3189 2626 quod
3251 2561 3476 2614 deﬁcit?
3538 2561 3638 2615 νε-

2062 2659 2180 2695 rum
2215 2645 2339 2712 quid
2370 2645 2551 2700 multis
2593 2662 2728 2716 opus
2758 2659 2862 2711 est,
2894 2664 3017 2701 cum
3064 2665 3171 2704 uno
3232 2650 3395 2705 verbo
3455 2667 3644 2720 possu-

2065 2750 2183 2788 mus
2238 2748 2426 2788 omnes
2462 2735 2706 2801 ipsorum
2752 2752 2924 2804 nugas
2977 2736 3308 2791 confutare:
3358 2737 3460 2802 Qui
3522 2755 3644 2790 cum

2060 2825 2311 2895 informa
2342 2826 2435 2879 Dei
2471 2839 2629 2890 esset,
2675 2844 2776 2879 non
2806 2829 3048 2895 rapinam
3088 2831 3378 2882 arbitratus
3412 2842 3484 2883 est
3531 2846 3643 2883 esse

2060 2939 2113 2975 se
2144 2921 2401 2989 aqualem
2432 2919 2539 2973 Deo
2567 2919 2633 2973 δῖ
2684 2918 2781 2973 Dic
2815 2922 2969 2973 mihi.
3022 2920 3098 2974 Tu
3134 2922 3401 2989 aequalem
3463 2925 3644 2990 audis,

2058 3026 2112 3070 et
2139 3016 2347 3085 cogitas
2395 3013 2838 3083 inaequalemio
2892 3016 3107 3070 inanem
3165 3017 3489 3081 doctrinam,
3522 3034 3642 3086 qum

2058 3110 2198 3177 quod
2227 3108 2432 3176 aequale
2463 3118 2566 3171 est,
2610 3108 3319 3178 inaequaleinterpretaturl
3368 3110 3510 3164 Dixit
3545 3113 3643 3179 igi-

2059 3216 2183 3255 tur:
2222 3200 2328 3265 Qui
2371 3202 2514 3255 misit
2551 3216 2652 3263 me,
2684 3200 2858 3269 major
2922 3217 3003 3253 me
3065 3210 3163 3254 est.
3222 3202 3643 3257 Consideremus

2063 3293 2215 3359 cujus
2249 3293 2319 3347 sit
2358 3292 2472 3346 haec
2519 3294 2696 3348 oratio
2752 3304 2805 3346 et
2864 3295 3135 3361 quomodo
3204 3295 3399 3348 missus
3452 3296 3542 3355 sit.
3588 3297 3640 3348 in

2061 3383 2307 3439 funusne
2361 3384 2453 3439 Dei
2495 3400 2743 3449 manens,
2776 3402 2845 3439 an
2874 3388 3013 3440 servi
3071 3386 3295 3439 formam
3328 3388 3640 3455 accipiens;

2059 3476 2113 3529 in
2141 3476 2476 3542 plenitudine
2501 3478 2820 3542 divinitatis,
2857 3494 2924 3531 an
2965 3479 3020 3532 in
3048 3480 3189 3533 servi
3220 3480 3392 3533 forma
3440 3490 3640 3535 semet-

2059 3570 2235 3637 ipsum
2290 3571 2653 3627 exinanicns?
2686 3571 2875 3625 Divina
2933 3572 3174 3641 profecto
3219 3574 3392 3628 virtus
3446 3584 3501 3626 et
3541 3589 3643 3625 na-

2060 3666 2204 3721 tura,
2242 3674 2363 3727 quae
2394 3660 2591 3728 ubique
2642 3670 2744 3723 est,
2776 3678 2893 3729 qua:
2956 3676 3051 3730 per
3100 3663 3279 3716 omnia
3343 3676 3638 3730 commeat,

2058 3764 2179 3817 qua:
2211 3751 2594 3818 complectitur
2618 3754 2822 3817 omnia,
2851 3755 3049 3807 merito
3113 3755 3249 3808 mitti
3310 3770 3419 3807 non
3481 3756 3638 3809 dice-

2057 3853 2226 3897 retur.
2262 3843 2404 3897 Nihil
2444 3845 2588 3899 enim
2624 3846 2737 3915 ipsa
2766 3860 2997 3900 vacuum
3030 3856 3132 3911 est,
3167 3857 3224 3899 ut
3271 3847 3314 3901 si
3366 3850 3636 3913 mittatur,

2054 3935 2253 3990 alicubi
2299 3951 2420 3992 esse
2462 3939 2654 4006 possit,
2687 3938 2779 3993 ubi
2828 3948 2987 3992 antea
3018 3954 3123 3993 non
3163 3938 3349 3993 fuerit.
3394 3939 3528 3993 Nam
3583 3941 3637 3995 vi

2057 4042 2154 4081 sua
2189 4029 2549 4084 moderatrice
2572 4031 3087 4100 conservatriceque
3138 4041 3330 4087 cuncta
3390 4048 3640 4102 compre-

2057 4120 2333 4191 hendens,
2363 4138 2469 4177 non
2514 4123 2675 4177 habet
2703 4138 2809 4192 quo
2844 4126 3177 4191 tanquamin
3200 4140 3426 4179 vacuum
3459 4136 3636 4181 trans-

2056 4216 2305 4275 sccndat.
2349 4216 2443 4269 sed
2476 4215 2664 4284 implet
2682 4215 2886 4268 omnia.
2914 4215 3093 4281 Quare
3124 4215 3242 4271 Filii
3272 4231 3338 4272 ex
3368 4219 3636 4272 sententia

2058 4308 2239 4363 Patris
2285 4307 2353 4361 ad
2382 4307 2811 4364 imbecillitatem
2855 4311 3337 4380 inﬁrmitatemque
3387 4322 3633 4367 nostram

2056 4404 2358 4457 descensus
2399 4414 2561 4473 atque
2620 4406 2889 4475 profectio
2922 4406 3109 4460 missio
3148 4407 3368 4460 dicitur.
3433 4406 3636 4461 Trans~

2056 4494 2166 4549 itus
2221 4496 2366 4549 enim
2400 4498 2468 4549 ah
2500 4497 2792 4553 immortali
2826 4507 3018 4552 natura
3067 4497 3133 4551 ad
3167 4501 3449 4552 mortalem
3497 4499 3636 4554 hanc

371 4567 611 4637 λιγεται.
647 4573 712 4627 Ἠ
755 4576 863 4645 γὰρ
902 4579 966 4632 ἐκ
999 4580 1097 4650 τῆς
1136 4581 1379 4650 ἀκράτου
1422 4582 1638 4656 φύσεως
1678 4588 1815 4655 πρὸς
1849 4567 1947 4658 τὴν

2061 4586 2225 4639 vitam
2256 4602 2362 4640 non
2408 4588 2616 4643 Domini
2645 4600 2850 4643 motum
2881 4589 2936 4643 in
2965 4590 3105 4653 l0co,
3144 4591 3237 4644 sed
3263 4590 3494 4645 excelsa:
3554 4593 3636 4647 di-

369 4664 647 4735 ἡμετέραν
678 4667 826 4739 ζωὴν
860 4672 1196 4737 μετάστασις
1230 4676 1289 4727 οὐ
1326 4678 1554 4748 τοπικὴν
1589 4681 1827 4733 ποιεῖται
1858 4680 1951 4734 τοῦ

369 4758 578 4829 Κυρίου
616 4761 717 4831 τὴν
757 4764 992 4829 κίνησιν,
1029 4767 1169 4820 ἀλλὰ
1215 4769 1309 4822 καὶ
1352 4772 1450 4842 τὴν
1492 4773 1602 4826 ἀπὸ
1637 4773 1733 4826 τοῦ
1783 4773 1953 4844 ὕψους

368 4853 468 4920 τῆς
507 4852 762 4927 Θεότητος
808 4859 944 4929 πρὸς
979 4860 1039 4914 τὸ
1086 4863 1345 4917 ταπεινὸν
1381 4864 1481 4934 τῆς
1523 4865 1724 4936 σαρκὸς
1791 4868 1953 4922 ὲνδεί-

369 4959 562 4999 κνυται
590 4946 836 5003 κάθοδον.
866 4951 1086 5021 Κατέὸη
1114 4952 1296 5005 τοίνυν
1322 4953 1383 5006 οὐ
1411 4955 1616 5024 γυμνὸς
1642 4956 1814 5027 Λόγος
1844 4977 1950 5026 φα·-

366 5036 512 5102 νίὶς,
549 5038 689 5093 ἀλλὰ
724 5042 862 5113 σὰρξ
898 5045 1213 5113 γενόμενος.
1244 5045 1411 5100 Ὅταν
1448 5049 1548 5117 μὲν
1583 5046 1677 5102 οὖν
1712 5050 1849 5119 πρὸς
1882 5051 1943 5104 τὸ

363 5130 705 5201 ἀνθρώπινον
731 5138 759 5188 ὁ
788 5137 944 5206 λόγος
974 5138 1168 5209 βλέπῃ,
1204 5139 1427 5209 μείζονα
1456 5140 1709 5210 ὁμολογεί
1732 5143 1827 5197 τοῦ
1856 5145 1945 5199 διὰ

364 5224 565 5295 σαρκὸς
595 5227 877 5298 δρωμένου
904 5230 995 5284 τὸν
1027 5231 1101 5302 μὴ
1128 5232 1408 5319 ὸςιῢμενον
1427 5249 1443 5264 ·
1471 5235 1600 5287 ὅταν
1626 5235 1684 5287 δὲ
1716 5238 1852 5307 πρὸς
1882 5240 1941 5290 τὸ

2053 4678 2293 4732 vinitatis
2333 4679 2399 4731 ad
2425 4693 2646 4733 carnem
2677 4679 2945 4748 abjectam
2969 4688 3131 4748 atque
3162 4679 3417 4734 humilem
3452 4683 3633 4736 susci-

2052 4770 2301 4840 piendam
2351 4784 2631 4825 accessum
2693 4770 2919 4824 iudicat.
2971 4768 3257 4826 Descendit
3314 4772 3478 4841 igitur
3523 4789 3634 4828 non

2059 4861 2301 4917 Verbum
2344 4864 2547 4917 nudum
2605 4878 2895 4933 apparens,
2931 4864 3025 4919 sed
3077 4878 3205 4918 caro
3239 4863 3461 4920 factum.
3523 4866 3633 4920 lta-

2053 4967 2159 5022 que
2189 4953 2541 5009 humanitatis
2572 4951 2758 5009 habita
2796 4955 3009 5010 ratione
3031 4956 3291 5025 majorem
3351 4972 3474 5011 eum
3537 4959 3633 5027 qui

2052 5060 2161 5100 non
2194 5048 2460 5111 cernitur,
2500 5046 2594 5102 illo
2627 5049 2717 5116 qui
2752 5050 3107 5117 conspicitur,
3143 5064 3265 5106 esse
3316 5053 3627 5107 conﬁtetur.

2046 5138 2113 5190 Δι
2136 5153 2256 5191 cmn
2288 5138 2359 5193 ad
2394 5139 2737 5194 divinitatem
2766 5145 3201 5209 cognoscendam
3233 5157 3333 5197 nos
3358 5145 3527 5209 ducit,
3563 5162 3626 5197 ea

2048 5230 2274 5299 majoris
2303 5240 2360 5285 et
2400 5232 2631 5302 minoris
2658 5244 2836 5288 cessat
2882 5236 3240 5304 comparatio.
3279 5235 3340 5288 Et
3379 5251 3478 5303 pro
3541 5236 3627 5289 bis

355 5316 516 5370 Θεῖον
554 5324 870 5393 χειραγωγῇ
913 5323 1013 5394 τὴν
1038 5316 1299 5392 διάνοιαν,
1342 5329 1507 5397 ἀργεῖ
1544 5328 1639 5382 τοῦ
1686 5330 1931 5398 μείζονος

2061 5327 2226 5380 ιιιὶιεε
2248 5326 2570 5393 praedicatur
2595 5344 2610 5381 :
2638 5325 2750 5396 Ego
2786 5328 2953 5395 enim,
2975 5327 3169 5399 inquit,
3189 5338 3238 5380 et
3276 5327 3434 5380 Pater
3459 5343 3622 5380 unum

358 5409 581 5463 καὶτοῦ
623 5413 906 5478 ἐλάττονος
946 5418 979 5487 ἡ
1020 5421 1348 5490 συγκριτικὴ
1386 5421 1526 5492 αὕτη
1568 5424 1939 5493 ἀντιπαραθε-

355 5520 466 5567 σις,
497 5507 623 5561 ἀντὶ
654 5508 711 5562 δὲ
739 5509 946 5563 τούτων
977 5512 1166 5583 ἑνότης
1200 5513 1538 5583 κηρύσσεται
1557 5533 1571 5548 ο
1611 5516 1759 5585 Ἐγὼ
1789 5518 1929 5586 γὰρ,

351 5598 513 5667 φησι,
548 5602 646 5654 καὶ
678 5604 713 5656 ό
739 5604 947 5673 Πατὴρ
971 5604 1042 5658 ἓν
1065 5606 1273 5675 ἐσμεν.

426 5872 444 5902 ⁸
473 5867 612 5927 Joan
666 5886 783 5939 νιν,
818 5871 907 5927 29.

2043 5435 2225 5473 sumus
2245 5420 2287 5472 '.

991 5873 1008 5901 ²
1041 5871 1198 5929 Juan.
1243 5891 1352 5941 xiv,
1399 5878 1488 5931 28.
1570 5876 1589 5909 ³
1629 5878 1763 5934 ibid.
1806 5881 1887 5936 li.
1928 5892 1949 5925 κ

2062 5882 2215 5951 ltilip.
2252 5898 2312 5949 tt,
2343 5884 2394 5937 6.
2474 5884 2492 5914 ³
2529 5884 2685 5940 Joan.
2723 5901 2775 5949 x,
2811 5883 2893 5937 50.
