4064 6390
397 397 500 460 (07

1624 395 2010 458 EUTHYMII
2055 396 2420 457 ZIGABENI

3571 390 3680 455 608

398 509 534 564 Itsm
560 520 741 563 contra
788 508 1038 576 Arionlos.
1098 505 1283 572 Magni
1319 506 1546 560 Joannis
1607 506 1975 574 Clirysostomi

2101 507 2212 562 Ἐτι
2259 510 2410 564 κατὰ
2442 506 2752 576 Ἀρειανῶν
2793 507 2900 561 τοῦ
2942 505 3214 575 μεγάλου
3249 503 3524 576 Ἰωᾴγνου
3568 504 3678 560 τοῦ

465 599 531 634 ea:
561 572 1238 638 interpretationeillorum
1280 579 1578 644 verborum,
1645 597 1663 630 ι
1699 572 1983 634 Faciamus

469 651 730 706 hominem
757 649 796 700 '.
831 666 849 699 ι

474 761 572 816 llic
596 771 650 814 et
681 759 794 812 A‘rii
823 758 1132 825 Opinionem
1188 759 1615 827 approbantibus
1645 760 1845 816 letltale
1871 761 1987 816 vul-

398 868 502 906 nus
539 850 748 920 inﬂigit.
775 847 890 903 Non
921 849 1065 903 enim
1101 847 1426 918 imperantis
1459 865 1612 904 more
1675 851 1844 905 dixit:
1881 850 1986 904 Fa-

396 945 526 1010 cito,
578 953 831 1012 tanquam
891 942 1180 1006 minorem,
1243 952 1335 995 aut
1382 942 1617 996 essentia
1673 941 1983 997 inferiorem

399 1035 794 1102 allaqueretur,
845 1031 943 1110 sed
997 1045 1182 1099 parem
1239 1030 1461 1084 honoris
1527 1033 1751 1100 gradum
1798 1043 1984 1086 osten-

393 1127 530 1180 dens
563 1142 576 1178 :
610 1116 922 1188 Faciamu's,
961 1122 1159 1191 inquit.
1192 1123 1254 1176 Et
1286 1137 1404 1191 quae
1441 1124 1694 1194 deinceps
1741 1139 1983 1191 sequun-

396 1225 488 1269 tur
525 1214 961 1284 magnumnobis
1017 1215 1269 1267 essentia:
1319 1214 1600 1268 declarant
1675 1214 1987 1269 similitudi-

399 1323 544 1362 DCIII.

398 1420 651 1490 Ejusdem
688 1437 753 1474 ea:
781 1422 1216 1491 interpretatione
1247 1423 1460 1476 illorum
1505 1425 1778 1491 uerborum
1808 1441 1827 1478 :
1865 1441 1884 1474 ι
1920 1421 1984 1475 Et

465 1497 755 1561 assumpsit
819 1489 960 1546 Deus
1021 1493 1306 1558 hominem,
1339 1510 1492 1562 quem
1513 1489 1839 1564 Tormaverat
1871 1494 1891 1523 ¹
1929 1512 1974 1549 ,ι

473 1604 537 1659 In
578 1605 695 1673 ipso
727 1605 910 1660 statim
940 1607 1207 1676 principio
1248 1608 1355 1660 duo
1381 1609 1582 1677 posuit.
1614 1607 1804 1678 Neque
1833 1608 1983 1663 enim

397 1697 539 1750 dixit
577 1712 592 1752 :
631 1695 908 1762 Dominus,
935 1707 990 1750 et
1019 1698 1204 1762 tacuit,
1235 1699 1328 1752 sed
1359 1699 1557 1766 adjecit
1594 1718 1606 1754 :
1654 1700 1815 1765 Deus,
1847 1701 1984 1755 duo-

396 1788 500 1844 bus
538 1789 685 1843 hisce
727 1789 912 1844 verbis
951 1807 965 1844 :
1005 1790 1259 1844 Dominus
1315 1790 1478 1856 Deus,
1539 1793 1874 1846 reconditum
1929 1802 1983 1846 et

2160 573 2596 659 Xp_z_)o'o_0'rd"tov
2626 579 2725 659 fre
2756 577 2868 647 τῆς
2911 573 3229 646 ἑρμηνείας
3275 573 3388 642 τῆς
3437 577 3526 641 είς
3571 577 3678 629 τό·

2167 671 2186 702 ι
2225 649 2582 719 Ποιήσωρεν
2610 649 2946 718 ἄνθρωπον.
2977 665 2998 699 ι

2174 765 2450 820 Ἐνταῦοα
2493 764 2590 818 καὶ
2628 765 2740 827 τοῖς
2782 761 2852 816 τὰ
2889 761 3103 831 Ἀρείου
3152 758 3411 831 φρονοῦσι
3457 757 3684 828 καιρίαν

2088 862 2273 916 δίδωσι
2313 862 2414 931 τὴν
2456 859 2698 930 πληγήν.
2725 858 2862 912 Οὐδὲ
2903 857 3013 928 γὰρ
3050 853 3474 926 προστακτικῶς
3515 847 3682 906 εἶπεο

2090 953 2324 1022 Ποίησον
2345 994 2360 1015 ,
2394 951 2470 1017 ὡς
2511 950 2892 1022 ὑποδεεστέρῳ
2924 949 2956 1019 ἢ
2998 947 3244 1002 ἐλάττονι
3279 945 3426 1006 κατὰ
3458 943 3559 1013 τὴν
3591 943 3685 996 ού-

2089 1047 2212 1100 σίαν
2234 1087 2248 1108 ,
2284 1045 2420 1098 ἀλλὰ
2443 1044 2584 1114 μετὰ
2622 1041 2823 1112 πολλῆς
2843 1042 2943 1112 τῆς
2978 1039 3271 1108 ἰσοτιμίας,
3300 1036 3681 1105 Ποιήσωμεν.

2089 1146 2200 1200 Καὶ
2225 1145 2286 1198 τὸ
2313 1144 2441 1212 ἑξῆς
2468 1142 2524 1195 δὲ
2553 1139 2757 1212 πολλὴν
2780 1138 3058 1192 δείκνυσιν
3083 1137 3220 1206 ἡμῖν
3242 1135 3340 1204 τῆς
3368 1133 3557 1196 οὐσίας
3585 1131 3685 1202 τὴν

2089 1239 2410 1310 ὁμοιότητα.

2101 1444 2203 1497 Ἐκ
2226 1440 2334 1508 τῆς
2369 1435 2688 1508 ἑρμηνείας
2724 1431 2835 1499 τῆς
2866 1433 2952 1495 είς
2981 1430 3069 1508 eo,
3100 1447 3130 1508 t_
3153 1427 3374 1508 ’ῌλασε
3407 1425 3619 1491 Κύριος
3649 1425 3682 1476 ό

2336 1499 2481 1573 Θέζῗς
2503 1499 2620 1560 ’τὸν
2653 1504 2969 1571 ἄνθρωπον
2999 1500 3073 1554 ὃν
3102 1499 3394 1552 ἔπλασεν.
3429 1516 3446 1547 ι

2159 1625 2376 1685 Εὐθέως
2413 1625 2476 1674 ὲκ
2512 1615 2818 1690 προοιμίων
2850 1614 2917 1668 τὰ
2977 1613 3071 1667 δύο
3105 1612 3372 1664 τέθεικεν.
3407 1609 3543 1661 Οὐδὲ
3576 1606 3686 1675 γὰρ

2088 1712 2210 1768 εἷπε
2241 1732 2258 1765 ι
2292 1713 2518 1782 Κύριος,
2551 1729 2570 1761 s
2597 1709 2690 1760 καὶ
2715 1707 2992 1774 ἐσίγησεν,
3019 1703 3154 1756 ἀλλὰ
3183 1699 3494 1771 προσέθηκε
3523 1716 3542 1750 ι
3575 1699 3688 1750 Κύ-

2091 1827 2203 1880 ριος
2239 1811 2266 1860 ὁ
2301 1806 2456 1869 Θεὸς,
2483 1824 2500 1855 ι
2521 1802 2780 1856 λανθάνον
2815 1816 2867 1852 τι
2901 1797 2996 1850 καὶ
3015 1795 3402 1865 κεκρυμμένον
3436 1791 3686 1844 ἐντεῦθεν

396 1897 657 1936 arcanum
686 1883 938 1950 quiddam
975 1899 1071 1935 nos
1103 1883 1322 1948 docens,
1395 1893 1455 1938 ut
1483 1885 1627 1938 scire
1689 1884 1986 1953 possimus,

2101 1867 2359 1955 διδάσκων
2390 1867 2562 1966 ἡμᾶς,
2599 1895 2685 1947 ἵνα
2717 1891 2919 1944 εἰδέναι
2954 1889 3190 1960 ἔχωμεν,
3224 1888 3305 1939 ὅτι
3342 1887 3443 1940 κᾶν
3472 1902 3531 1938 τε
3569 1884 3653 1936 Κύ
3675 1911 3688 1925 -

394 1975 512 2028 sive
539 1975 843 2036 Dominum.
871 1975 986 2030 sive
1019 1980 1187 2030 Deum
1238 1976 1628 2045 audiverimns,
1684 1978 1825 2031 inter
1873 1977 1991 2031 bzec

396 2069 502 2121 duo
567 2069 786 2122 nomina
842 2067 978 2122 nihil
1048 2069 1330 2122 interesse.
1392 2068 1467 2122 Ne
1540 2069 1704 2138 igitur
1761 2070 1989 2124 audiens

401 2157 628 2213 Paulum
663 2159 734 2212 ita
771 2159 1091 2218 dicentem:
1153 2157 1303 2213 Unus
1339 2158 1478 2213 Deus
1534 2159 1722 2222 Pater,
1769 2175 1834 2213 ex
1887 2176 1990 2228 quo

398 2253 598 2314 omnia,
634 2262 684 2306 et
717 2267 850 2305 unus
877 2251 1132 2306 Dominus
1178 2251 1334 2306 Jesus
1395 2253 1662 2319 Christus,
1699 2270 1793 2323 per
1838 2270 1990 2323 quem

398 2342 578 2396 omnia
601 2342 622 2374 ³
649 2383 663 2408 ,
696 2351 851 2411 potos
887 2343 939 2397 in
973 2343 1061 2398 his
1093 2343 1316 2399 vocibus
1347 2344 1642 2402 discrimen
1665 2345 1911 2415 aliquod,
1937 2354 1991 2397 et

397 2449 506 2489 una
532 2437 751 2504 quidem
784 2437 983 2506 majus,
1020 2438 1190 2491 altera
1225 2438 1405 2492 minus
1461 2439 1710 2492 indicari.
1779 2437 1990 2492 Idcirco

398 2536 630 2596 utraque
671 2533 978 2598 promiscue
1000 2539 1052 2582 et
1077 2531 1446 2584 communiter
1511 2531 1684 2585 utitur
1747 2530 1996 2597 Scriptu‘

399 2633 479 2685 ra,
511 2634 580 2673 ne
605 2619 766 2674 liceat
790 2620 1100 2676 hominibus
1130 2624 1471 2692 pugnacibus
1531 2636 1733 2678 rectam
1781 2624 1994 2679 doctri-

401 2727 527 2767 nam
553 2713 998 2769 contentionibus
1021 2714 1134 2770 suis
1167 2725 1478 2784 pervertere
1519 2725 1573 2770 et
1638 2719 1991 2771 conturbare.

403 2905 659 2976 Ejusdem
689 2926 754 2964 es:
787 2911 1217 2979 interpretariane
1257 2915 1310 2965 in
1343 2913 1438 2966 illo
1466 2913 1620 2966 verba
1656 2929 1675 2967 :
1725 2913 1823 2966 «In
1846 2929 1996 2982 prm-

890 2983 1027 3049 cipiu
1061 2993 1176 3036 erat
1215 2981 1440 3037 Verbum
1460 2990 1503 3038 ⁵.
1540 3003 1559 3035 ι

477 3089 616 3145 Illud
649 3107 666 3147 :
701 3092 762 3146 lu
799 3094 1061 3162 principio
1095 3105 1206 3147 erat
1236 3092 1484 3161 Verbum,
1539 3112 1644 3150 non
1698 3097 1993 3165 signiﬁcat,

2094 2010 2208 2064 ριον
2237 1989 2583 2058 ἀκούσωμεν,
2614 1985 2715 2040 κᾶν
2741 1983 2982 2046 τειΘεὺν,
3011 1979 3237 2047 οὐδεμία
3267 1982 3324 2032 ὲν
3349 1979 3464 2039 τοῖς
3491 1977 3688 2046 ὀνόμα·

2093 2087 2178 2140 σίν
2211 2089 2328 2138 ἐστι
2357 2082 2612 2151 διαφορά.
2654 2081 2846 2132 ιὀύτου
2879 2076 2936 2129 δὲ
2969 2074 3066 2129 νῦν
3097 2075 3193 2141 οὐχ
3227 2071 3416 2134 ἁπλῶς
3443 2070 3691 2140 ἐμνημό-

2089 2195 2278 2242 νευσα,
2311 2177 2428 2230 ἀλλ’
2454 2176 2561 2240 ἵνα,
2593 2175 2720 2226 ὅταν
2751 2169 2995 2238 ἀκούσῃς
3029 2165 3244 2220 Παύλου
3274 2164 3551 2230 λέγοντος·
3581 2156 3689 2224 Εἷς

2094 2273 2238 2339 Θεὸς
2276 2276 2307 2326 ό
2349 2270 2572 2336 Πατὴρ,
2616 2267 2683 2330 ἐξ
2720 2260 2792 2320 οὗ
2836 2265 2907 2316 τὰ
2945 2247 3166 2322 πάντα,
3209 2257 3306 2310 καί
3349 2251 3435 2321 εἷς
3480 2254 3692 2323 Κύριος

2103 2362 2346 2434 Ἰησοῦς
2374 2359 2649 2428 Χριστὸς,
2678 2357 2750 2409 δι’
2780 2349 2851 2409 οὗ
2881 2352 2952 2407 τὰ
2974 2349 3192 2410 πάντα,
3216 2350 3293 2419 μὴ
3322 2346 3552 2416 νομίσῃς
3578 2345 3696 2396 δια-

2094 2457 2271 2528 φορὰν
2312 2451 2452 2507 εἶναι
2495 2455 2550 2505 ὲν
2589 2451 2711 2511 ταῖς
2749 2447 2952 2511 λέξεσι,
2993 2443 3090 2498 καὶ
3129 2443 3228 2510 τὴν
3274 2441 3371 2509 μὲν
3417 2437 3600 2508 μεῖζόν
3638 2453 3690 2488 τι

2095 2551 2290 2620 δηλοῦν
2312 2589 2326 2613 ,
2358 2548 2459 2616 τὴν
2487 2544 2543 2596 δὲ
2580 2542 2823 2595 ἔλαττον.
2858 2538 2958 2590 Διὰ
2988 2533 3150 2587 τοῦτο
3185 2532 3278 2585 καὶ
3311 2530 3636 2620 ἀδιαφόρως
3657 2529 3693 2597 ἡ

2094 2644 2134 2696 Γ
2143 2619 2287 2711 ραφὴ
2321 2639 2532 2698 τούτοις
2565 2633 2834 2704 κέχρηται
2868 2631 2981 2690 τοῖς
3015 2627 3280 2694 ὀνόμασιν
3301 2663 3314 2684 ,
3351 2623 3440 2674 ἵνα
3479 2621 3554 2690 μὴ
3593 2619 3691 2690 ἐξῇ

2095 2740 2208 2797 τοίς
2245 2731 2570 2801 φιλονείκως
2600 2723 2972 2794 διακειμένοις
3003 2719 3071 2773 τὰ
3105 2717 3163 2781 ἐξ
3197 2715 3401 2778 οἰκείας
3438 2713 3695 2775 ὑπονοίας

2097 2827 2451 2895 ἐπεισφέρειν
2481 2823 2547 2892 τῇ
2580 2819 2691 2872 τῶν
2723 2816 3015 2886 δογμάτων
3046 2811 3321 2882 ὀρθότητι.

2102 2937 2217 2994 Τοῦ
2247 2935 2434 2991 αὐτοῦ
2451 2934 2519 2988 ἐκ
2548 2926 3002 3072 τῆςὲριᾏηιχτέας
3025 2923 3138 3045 τῆξ
3153 2923 3239 2986 εἷς
3267 2920 3350 2973 τό·
3374 2939 3392 2971 ί
3416 2919 3519 2974 Ἐν
3536 2913 3696 2986 ἀρχῆ

2229 3009 2244 3021 ’
2484 3022 2504 3044 ι
2706 3019 2742 3053 ν
2934 3015 3056 3066 τος.

2229 3009 2244 3021 ’
2484 3022 2504 3044 ι
2664 3009 2742 3066 ἠν
2775 3009 2807 3053 ο
2844 3009 3056 3066 Λόγος.
3099 3013 3117 3045 ι

2170 3100 2263 3164 Τὸ,
2299 3100 2401 3153 Ἐν
2429 3094 2586 3165 ἀρχῇ
2615 3090 2696 3164 ἦν
2729 3095 2762 3146 ό
2787 3093 3001 3158 Λόγος,
3022 3087 3081 3140 οὐ
3103 3085 3161 3138 τὸ
3181 3083 3379 3145 ἀίδιον,
3402 3080 3559 3146 φασὶ,
3582 3078 3694 3132 δει-

405 3182 675 3252 inquiunt,
704 3185 1058 3240 aeternitatem
1091 3202 1106 3240 :
1147 3186 1289 3240 idem
1322 3189 1467 3242 enim
1517 3187 1585 3243 de
1619 3189 1759 3246 celo
1787 3199 1842 3244 et
1890 3198 1992 3243 ter-

2105 3208 2285 3246 κνυσι,
2322 3190 2433 3241 Καὶ
2470 3187 2580 3257 γὰρ
2615 3184 2712 3238 καὶ
2747 3181 2880 3250 περὶ
2911 3175 3146 3249 οὐρανοῦ
3179 3173 3338 3228 τοῦτο
3371 3171 3565 3242 ἐλέχθη
3600 3169 3694 3222 καὶ

405 3292 466 3330 ra
489 3277 693 3331 dictum
723 3286 825 3333 est.
887 3279 1232 3346 Oiusignem
1291 3279 1709 3349 impudentiam,
1771 3296 1827 3336 et
1883 3297 1998 3336 nta-

406 3382 573 3437 gnam
609 3368 1008 3422 temeritatem!
1042 3367 1154 3439 Ego
1180 3371 1276 3424 tibi
1307 3371 1372 3425 de
1405 3369 1514 3424 Deo
1553 3371 1767 3439 loquor,
1817 3382 1872 3426 et
1938 3381 1994 3426 tu

407 3457 543 3514 mihi
571 3468 773 3514 terram
804 3469 857 3514 et
891 3460 1138 3517 homines
1187 3476 1217 3516 e
1273 3469 1419 3516 terra
1456 3463 1721 3518 conﬂatos
1780 3464 1834 3518 in
1885 3479 1998 3520 me-

406 3549 559 3603 dium
591 3549 958 3622 aﬂ‘ers?Ergo
983 3552 1241 3622 quoniam
1304 3556 1552 3609 homines
1603 3555 1700 3610 lilii
1760 3555 1854 3611 Dei
1913 3557 1998 3611 tli-

407 3651 605 3696 cnntur
661 3651 715 3698 et
743 3644 816 3697 dii
851 3659 866 3698 :
907 3644 1017 3714 Ego
1067 3651 1228 3712 enim,
1260 3646 1454 3715 inquit,
1481 3648 1617 3713 dixi,
1657 3648 1745 3701 Dii
1775 3650 1921 3713 estis,
1951 3659 1998 3702 et

405 3736 508 3804 lilii
539 3733 754 3790 Emeisi
799 3751 976 3790 omnes
1005 3737 1048 3804 ',
1086 3737 1366 3808 Unigeniti
1425 3738 1772 3795 divinitatem
1813 3743 1863 3794 in
1901 3742 2000 3796 du-

409 3827 557 3882 bium
581 3827 821 3894 vocabis,
853 3845 1084 3898 eumque
1109 3831 1242 3884 nihil
1272 3831 1507 3902 amplius
1563 3835 1783 3900 habere,
1835 3851 1998 3905 quam

411 3927 484 3982 te,
517 3918 707 3974 dices?
731 3918 954 3974 Minime
984 3935 1136 3986 vero,
1181 3920 1382 3991 inquis.
1421 3922 1586 3993 Atqui
1621 3924 1700 3978 sic
1760 3925 1897 3995 agis,
1938 3926 2002 3979 li-

409 4017 496 4061 cet
520 4008 703 4063 Verbis
735 4008 880 4065 haud
918 4009 989 4062 ita
1020 4009 1281 4080 loquaris.
1309 4011 1444 4066 Cum
1479 4012 1627 4067 enim
1665 4013 1843 4084 ipsum
1899 4031 1998 4069 na-

414 4110 538 4154 tura
563 4097 756 4153 Filium
791 4113 978 4170 neges,
1013 4103 1144 4172 quid
1171 4103 1316 4158 aliud
1365 4105 1596 4172 moliris,
1634 4106 1737 4160 nisi
1792 4116 1854 4162 ut
1914 4107 2006 4161 Fi-

411 4191 542 4246 lium
569 4206 690 4248 esse
720 4207 816 4262 per
877 4196 1108 4264 gratiam
1183 4198 1418 4266 probes?
1492 4197 1600 4253 Sed
1666 4199 2000 4264 testimonia,

413 4299 537 4352 quae
566 4284 636 4338 ab
691 4284 813 4339 istis
866 4285 1192 4356 aﬂ‘eruntur,
1252 4290 1680 4346 consideremus.
1737 4291 1808 4346 In
1860 4291 2005 4359 priu-

2103 3281 2234 3350 περὶ
2268 3278 2392 3348 γῆς.
2419 3277 2484 3328 Ὢ
2512 3275 2609 3343 τῆς
2644 3271 3036 3341 ἀναισχυντίας
3069 3269 3164 3319 καὶ
3194 3265 3297 3334 τῆς
3331 3261 3694 3350 ἁνευλαδείας

2101 3349 2198 3438 τῆς
2237 3367 2472 3435 πολλῆςι
2512 3363 2650 3435 Περὶ
2684 3361 2821 3415 Θεοῦ
2861 3376 2944 3413 σοι
2977 3357 3298 3425 διαλέγομαι
3321 3391 3335 3414 ,
3369 3353 3462 3404 καὶ
3498 3349 3563 3402 σύ
3601 3364 3693 3416 μοι

2100 3462 2200 3531 τὴν
2231 3460 2336 3528 γῆν
2367 3459 2555 3526 φέρεις
2587 3457 2666 3518 είς
2703 3454 2888 3525 μέσον,
2921 3451 3014 3503 καὶ
3042 3449 3166 3513 τοὺς
3195 3446 3304 3502 ἀπὸ
3333 3445 3430 3515 τῆς
3464 3441 3568 3510 γῆς
3599 3442 3694 3531 ἀνθ

2102 3529 2352 3626 θρώπους
2379 3569 2393 3618 ;
2427 3547 2640 3603 Οὐκοῦν
2675 3545 2865 3616 ἐπειδὴ
2898 3544 2992 3597 καὶ
3025 3545 3053 3596 ὁ
3089 3540 3376 3612 ἄνθρωπος
3411 3537 3524 3598 υίὸς
3555 3529 3694 3626 Θεού

2100 3624 2342 3718 λέγεται,
2390 3647 2488 3700 καὶ
2533 3642 2691 3708 Θεὸς,
2726 3638 2874 3709 Ἐγὼ
2923 3636 3055 3708 γὰρ,
3110 3636 3304 3704 φησιν,
3354 3626 3518 3727 εἶπα,
3569 3624 3696 3727 θεοί

2104 3743 2268 3806 ἐστε,
2287 3739 2387 3793 καί
2415 3737 2534 3792 υἱοὶ
2552 3735 2854 3802 Ὑψίστου
2881 3729 3128 3792 πάντες.
3172 3723 3576 3794 φιλονεικήσεις
3618 3723 3700 3785 τῷ

2103 3832 2401 3899 Μονογενεῖ
2422 3828 2521 3897 τῆς
2547 3825 2817 3892 υἱότητος,
2843 3821 2940 3874 καὶ
2959 3814 3116 3872 οὐδὲν
3142 3818 3336 3885 φήσεις
3361 3813 3526 3865 αὐτὸν
3552 3809 3700 3899 ἔχειν

2103 3925 2245 3978 κατὰ
2265 3898 2428 3976 τοῦτο
2455 3918 2547 3972 σοῦ
2575 3917 2774 3980 πλέον;
2799 3911 3087 3980 Οὐδαμῶς,
3115 3907 3244 3978 φῄς.
3271 3905 3384 3962 Καὶ
3411 3903 3516 3972 μὴν
3540 3898 3700 3953 τοῦτο

2103 4017 2299 4076 ποιεῖς,
2337 4011 2443 4064 κᾶν
2482 4007 2558 4078 μὴ
2595 4006 2675 4074 τῷ
2711 4004 2857 4073 λόγῳ
2901 4001 3088 4072 λέγῃς.
3127 3998 3217 4067 Τῷ
3261 3999 3372 4065 γὰρ
3419 3994 3494 4064 μὴ
3538 3993 3701 4062 eos...

2105 4103 2244 4160 εἶναι
2279 4103 2459 4171 λέγειν
2493 4098 2657 4152 αὐτὸν
2690 4096 2820 4148 Υίὺν
2857 4092 3006 4145 οὐδὲν
3043 4091 3232 4161 ἓτερον
3267 4088 3299 4158 ἢ
3336 4087 3522 4158 χάριτι
3557 4081 3702 4138 εἶναι

2105 4199 2294 4252 τοῦτον
2342 4189 2803 4252 κατασκευάζεις.
2857 4185 3005 4256 Πλὴν
3059 4184 3174 4236 ἀλλ’
3203 4181 3404 4251 ἴδωμεν
3457 4179 3552 4232 καὶ
3598 4178 3702 4240 τὰς

2110 4282 2438 4356 μαρτυρίας,
2472 4279 2535 4343 ἃς
2563 4278 2909 4349 παράγουσιν
2950 4275 3105 4344 ἡμῖν.
3146 4273 3243 4328 Ἐν
3269 4271 3461 4342 ἀρχῇ,
3501 4269 3700 4338 φησὶν,

411 4378 575 4442 cipio,
604 4377 798 4445 inquit,
849 4379 972 4446 fecit
997 4380 1134 4434 Deus
1196 4383 1379 4436 caelum
1430 4395 1478 4438 et
1542 4393 1763 4439 terram.
1841 4383 1992 4438 Terra

2107 4383 2401 4447 ἐποίησεν
2428 4380 2460 4431 d
2495 4374 2640 4440 Θεὸς
2665 4374 2773 4428 τὸν
2798 4371 3064 4440 οἰφανὸν
3093 4369 3192 4423 καί
3223 4367 3338 4436 τὴν
3369 4365 3507 4437 γῆν.
3547 4365 3609 4418 Ἠ
3635 4362 3706 4414 δὲ

413 4478 592 4524 autem
617 4478 733 4523 erat
779 4471 1056 4525 invisibilis
1087 4482 1139 4526 et
1197 4475 1550 4544 incomposita
1581 4479 1602 4509 ⁸
1631 4515 1646 4530 .
1715 4476 1809 4544 Ει,
1871 4475 1992 4530 Fuit

2107 4473 2184 4543 γῆ
2206 4470 2284 4544 ἦν
2303 4473 2560 4540 ἀόρατος
2581 4468 2679 4521 καὶ
2703 4464 3264 4528 ἀκατασκεύαστος.
3292 4461 3427 4513 Kal:
3453 4453 3572 4511 τΗν
3601 4455 3706 4507 ἄν·

413 4563 492 4617 oir
534 4561 601 4616 de
629 4561 1142 4621 Ramathaimsobim
1172 4565 1212 4620 ⁷.
1253 4536 1386 4621 Haec
1415 4567 1504 4622 isti
1565 4577 1758 4637 putant
1794 4536 1992 4622 'admo

2113 4536 2348 4638 θρωπος
2373 4536 2453 4630 *ἐξ
2489 4561 2809 4641 Ἀρμαθαίμ
2847 4556 3022 4628 Σιφά.
3057 4552 3244 4610 Ταῦτά
3280 4556 3450 4616 ἐστιν,
3483 4551 3518 4605 ἃ
3555 4549 3708 4618 νομί-

417 4658 547 4709 dum
579 4653 731 4709 ﬁrma
769 4663 825 4710 et
869 4655 1046 4710 valida
1073 4669 1410 4725 argumenta,
1477 4670 1530 4714 et
1567 4671 1694 4714 sunt
1745 4661 1835 4715 illa
1874 4675 1992 4716 sant

2113 4661 2300 4726 ζουσιν
2347 4659 2565 4728 ἰσχυρά.
2611 4653 2723 4708 Καὶ
2764 4651 2982 4723 ἰσχυρὰ,
3021 4649 3138 4704 ἀλλ’
3165 4649 3246 4711 είς
3284 4646 3346 4699 τὸ
3389 4643 3563 4709 δεῖξαι
3607 4643 3708 4707 τὴν

421 4748 576 4799 lirma
642 4753 697 4801 et
763 4745 944 4800 valida
969 4746 1038 4800 ad
1091 4748 1394 4803 doctrinam
1447 4759 1693 4804 nostram
1751 4765 1992 4818 compto

2111 4754 2242 4823 παρ’
2262 4751 2421 4822 ἡμῶν
2444 4748 2716 4818 ὀρθότητα
2735 4745 2845 4798 τῶν
2869 4743 3161 4812 δογμάτων
3183 4737 3552 4806 ἀσθενέστερα
3578 4735 3710 4786 ὂντα

418 4835 676 4891 baud-sm.
701 4835 836 4890 Nam
867 4837 934 4890 ad
965 4822 1398 4893 confirmandam
1448 4839 1822 4894 detestabilem
1857 4841 1992 4909 ipso-

2109 4822 2357 4907 πάντων,
2389 4841 2526 4910 πρὸς
2561 4838 2622 4892 τὸ
2656 4837 2856 4906 στῆσαι
2882 4836 2985 4905 τὴν
3018 4831 3376 4903 βλασφημίαν
3408 4825 3611 4880 αὐτῶν.
3644 4824 3710 4876 Τί

420 4945 539 4985 rum
567 4929 873 4998 Opinionem
899 4928 1037 4983 nihil
1063 4939 1240 4998 potest
1294 4929 1562 4986 inﬁrmius
1594 4931 1844 4998 cogitari.
1908 4931 1992 4986 Dic

2109 4941 2240 5008 γὰρ,
2259 4934 2381 4988 είπὲ
2413 4949 2520 5003 μοι,
2540 4931 2718 4985 κοινὸν
2745 4929 2859 5000 ἔχει
2885 4928 3023 4999 πρὸς
3047 4929 3106 4980 τὸ
3131 4925 3388 4991 ἐποίησε
3414 4922 3474 4973 τὸ
3502 4917 3620 4990 ἧν;
3645 4919 3712 4972 Τί

419 5021 590 5085 enim,
625 5019 872 5085 obsecro,
901 5013 1032 5089 quid
1058 5035 1349 5075 commune
1401 5021 1565 5075 habet
1614 5020 1764 5083 illud,
1834 5019 1988 5074 Fecit

2111 5033 2166 5086 δὲ
2209 5034 2236 5085 ὁ
2279 5029 2413 5090 Θεὸς
2452 5025 2590 5096 πρὸς
2633 5025 2724 5079 τὸν
2769 5023 3095 5095 ἄνθρωπον;
3140 5019 3207 5072 Τί
3251 5020 3324 5071 τὰ
3370 5016 3580 5084 άμικτα
3626 5031 3716 5082 μι-

421 5131 544 5169 cum
580 5115 684 5170 hoc
719 5112 942 5171 :Erat?
985 5114 1124 5181 Quid
1159 5129 1371 5170 rursum
1411 5115 1551 5170 Deus
1605 5129 1727 5169 cum
1761 5115 1977 5169 homine

2113 5122 2320 5191 γνύεις,
2369 5120 2463 5172 καὶ
2513 5117 2733 5188 συγχεῖς
2783 5115 2854 5168 τὰ
2903 5108 3288 5184 διαιρούμενα,
3343 5107 3437 5158 καὶ
3480 5104 3550 5156 τὰ
3600 5103 3715 5156 άνω

421 5224 518 5263 cur
543 5208 863 5265 eotnmisces
893 5223 954 5263 ea
987 5222 1108 5277 quae
1158 5206 1374 5263 misceri
1428 5207 1755 5276 nequeunt?
1801 5221 1900 5262 cur
1952 5220 1992 5262 e:

2115 5216 2268 5270 κάτω
2299 5213 2510 5276 ποιεῖς;
2546 5207 2814 5263 Ἐνταῦθα
2842 5204 2952 5277 γὰρ
2981 5203 3044 5256 οὐ
3075 5202 3136 5254 τὸ
3165 5195 3244 5268 ἦν
3267 5197 3508 5250 δείκνυσι
3537 5197 3598 5248 τὸ
3628 5195 3716 5246 ἀΐ-

420 5315 543 5372 qute
575 5310 703 5356 sunt
737 5302 907 5356 divisa
945 5299 1264 5365 confundis,
1325 5308 1382 5354 et
1436 5313 1500 5355 ea
1557 5314 1680 5370 qua
1734 5301 1992 5370 superior:

2115 5309 2230 5363 διον
2255 5308 2434 5378 μόνον,
2465 5302 2603 5358 ἀλλὰ
2627 5301 2723 5355 καὶ
2750 5299 2832 5364 τδ,
2851 5283 2968 5366 ῨΕν
2999 5291 3158 5362 ἀρχῇ
3189 5288 3286 5362 ἦν.
3312 5291 3527 5359 Ὥσπερ
3543 5283 3638 5340 οὖν
3655 5285 3718 5338 τὸ

423 5407 574 5461 sunt.
606 5396 863 5454 inferiora
905 5397 1232 5453 constituis?
1262 5395 1362 5452 llic
1387 5398 1533 5452 enim
1575 5411 1684 5451 non
1715 5396 1891 5451 solum
1949 5396 1986 5451 il

2122 5401 2208 5454 ὢν
2238 5401 2365 5454 ὅταν
2399 5397 2499 5466 μὲν
2532 5395 2665 5465 περὶ
2700 5388 2992 5460 ἀνθρώπου
3026 5387 3281 5454 λέγηται,
3315 5384 3408 5436 τὸν
3442 5379 3714 5435 ἐνεστῶτα

422 5494 514 5548 iud
550 5509 567 5549 :
604 5491 759 5558 Erat,
791 5492 997 5547 indicat
1055 5490 1437 5554 aeternitatem,
1471 5490 1565 5545 sed
1612 5489 1776 5544 etiam
1832 5488 1960 5544 illud

2125 5493 2318 5564 χρόνον
2353 5491 2505 5560 δηλοῖ
2547 5488 2742 5558 μόνον,
2779 5485 2914 5550 ὃταν
2952 5481 3009 5535 δὲ
3051 5480 3182 5550 περὶ
3224 5475 3360 5531 Θεοῦ
3387 5515 3402 5542 ,
3443 5475 3506 5528 τὸ
3545 5473 3720 5527 ἀΐδιον

428 5583 650 5640 Verbum
707 5597 858 5652 erat;
890 5594 946 5639 et
982 5584 1146 5639 illud:
1188 5582 1255 5638 lu
1285 5583 1546 5653 principio
1577 5591 1712 5637 erat.
1745 5582 1988 5650 Quemad

2123 5580 2426 5635 δείκνυσινο
2458 5577 2604 5632 οὕτω
2639 5576 2734 5630 καὶ
2767 5574 2829 5626 τὸ
2860 5568 2959 5643 ἦν,
2999 5571 3131 5642 περὶ
3169 5569 3269 5638 μὲν
3302 5567 3404 5638 τῆς
3438 5566 3717 5635 ἡμετέρας

423 5681 640 5734 modum
669 5683 817 5735 enim
847 5677 982 5735 illud
1016 5697 1030 5733 :
1072 5677 1179 5743 Qui
1218 5685 1316 5745 est,
1341 5691 1463 5733 cum
1512 5677 1581 5734 de
1626 5676 1846 5732 homine
1876 5674 1992 5730 dicit

2122 5675 2417 5744 λεγόμενον
2447 5670 2685 5742 φύσεως,
2715 5668 2807 5722 τὸν
2840 5665 3184 5735 παρελθόντα
3221 5661 3416 5734 χρόνον
3453 5658 3714 5730 σημαίνει

500 5792 514 5822 ί
550 5789 688 5847 Gen.
717 5809 757 5859 ι,
791 5791 888 5851 26.
961 5794 983 5825 '
1018 5791 1154 5850 Gen.
1203 5807 1264 5861 ιι,
1328 5790 1416 5853 15.
1526 5791 1545 5824 ³
1576 5791 1596 5848 ι
1623 5788 1749 5848 Cor.
1785 5804 1905 5856 vtu,
1947 5788 1992 5843 6.

433 5856 451 5887 ⁷
492 5858 510 5911 ι
545 5858 675 5928 ltrg.
707 5879 747 5928 ι,
786 5865 839 5917 1.

2107 5785 2316 5844 ‘Joan.
2370 5801 2411 5849 ι,
2472 5784 2522 5840 1.
2600 5780 2790 5837 'l’sal.
2839 5794 3022 5844 unt,
3061 5775 3117 5834 6.
3193 5775 3213 5808 ⁸
3255 5773 3394 5830 Gen.
3455 5787 3494 5839 ι,
3551 5771 3612 5836 1,
3649 5767 3706 5823 9.
