4064 6402
351 381 461 445 609

1339 398 1719 463 PANOPLIA
1765 401 2232 466 DOGMATICA.
2267 431 2333 442 -
2368 408 2520 471 'I'IT.
2559 409 2668 470 ΧῘ.

3531 409 3637 474 610

352 502 515 598 quis,
541 502 639 560 καὶ
663 505 861 561 τοῦτον
889 513 1354 583 πεπερατωμένον
1380 534 1394 548 ·
1420 519 1550 572 ὅταν
1574 520 1630 573 δὲ
1661 539 1727 574 πε
1736 523 1790 593 pl.
1817 522 1952 576 Θεοῦ

2065 533 2168 589 tur,
2192 502 2398 580 instaris
2432 528 2696 580 duntaxat
2725 535 2938 596 tempus
2963 526 3257 598 signiﬁcat.
3286 541 3404 581 cum
3457 534 3637 580 autem

349 594 588 666 ῥηθείη,
615 599 676 650 τὸ
707 599 884 654 ἀΐδιον
913 601 1194 672 ἐμφαίνει.

2064 616 2130 669 de
2163 617 2269 670 Deo
2295 619 2652 672 aeternitatem
2714 618 2975 682 declarat,
3007 618 3086 672 sic
3118 624 3171 671 et
3201 616 3353 677 illud,
3388 613 3541 676 Erat,
3589 612 3640 666 si

351 692 424 746 ad
459 701 710 748 naturam
749 706 998 754 nostram
1031 701 1324 772 referatur,
1371 714 1586 778 tempus
1651 713 1984 780 praeteritum
2029 713 2190 785 idque
2251 715 2597 771 terminatum
2629 716 2884 782 ostendit,
2917 716 2998 771 sin
3038 714 3399 782 referaturad
3449 711 3643 776 Deum,

345 787 745 846 mteruitatcm.

710 884 814 939 Ἐκ
845 886 958 954 τῆς
988 891 1182 960 αὐτῆς
1215 897 1610 966 ἀκολουθίας.

426 973 561 1039 Ναὶ,
603 977 802 1046 φησὶν,
845 980 962 1033 ἀλλ’
987 983 1016 1035 ὁ
1053 987 1262 1057 Πέτρος
1299 987 1420 1043 εἷπε
1461 993 1618 1048 τοῦτο
1647 997 1837 1066 σαφῶς
1861 1001 1956 1054 καὶ

344 1066 685 1138 διαρρήδην.
717 1071 858 1134 Ποῦ,·
884 1076 980 1128 καὶ
1009 1079 1173 1146 πότε;
1202 1081 1376 1138 Ὅταν
1406 1083 1683 1151 Ἰουδαίοις
1713 1091 1958 1161 διαλεγό-

347 1177 527 1253 pastio;
557 1161 766 1231 ἔλεγεν,
798 1166 880 1220 ὅτι
901 1173 1123 1239 Κύριον
1151 1177 1340 1230 αὐτὸν
1356 1179 1451 1232 καί
1473 1182 1732 1249 Χριστὸν
1760 1188 1794 1239 ὀ
1812 1185 1957 1253 Θεὸς

343 1251 636 1316 ἐποίησε.
663 1255 728 1308 Τί
753 1255 849 1310 οῦν
878 1263 972 1314 καὶ
997 1263 1058 1315 τὸ
1081 1265 1210 1334 ἑξῆς
1230 1267 1294 1320 οὐ
1319 1271 1692 1342 προσέθηκας,
1709 1276 1790 1329 ὅτι
1821 1251 1959 1332 Τοῦλ-

347 1360 465 1398 τον
487 1348 598 1400 τὸν
612 1348 857 1414 Ἰησοῦν
871 1352 945 1405 ὃν
959 1355 1130 1422 ὑμεῖς
1145 1359 1570 1429 ἐσταυρώσατε
1585 1382 1607 1430 ;
1627 1368 1697 1420 "H
1715 1370 1954 1437 ἀγνοεῖς,

351 1438 441 1490 ὅτι
467 1438 582 1491 τῶν
611 1439 924 1512 λεγομένων
950 1446 1020 1498 τὰ
1055 1449 1153 1517 μὲν
1179 1453 1278 1522 τῆς
1306 1455 1588 1525 ἀκηράτου
1621 1459 1859 1526 φύσεως,
1887 1464 1957 1518 τὰ

353 1528 416 1582 δὲ
442 1532 546 1601 τῆς
575 1537 893 1605 οἰκονομίας
919 1541 1100 1609 ὲστίν;
1133 1543 1194 1597 Εἰ
1220 1543 1276 1599 δὲ
1309 1549 1383 1618 μὴ
1412 1550 1580 1617 ἐστιν,
1612 1553 1750 1607 ἀλλὰ
1778 1555 1958 1612 πάντα

355 1622 554 1685 ἁπλῶς
585 1626 680 1679 ἐπὶ
710 1628 810 1699 τῆς
843 1630 1098 1700 θεότητος
1131 1636 1323 1709 ὶκδέξῃ
1344 1679 1358 1703 ,
1414 1645 1508 1695 καὶ
1542 1646 1786 1716 παθητὸν
1839 1651 1957 1702 elc-

355 1716 519 1810 ἀγεις
540 1718 604 1771 τὸ
623 1719 800 1775 Θεῖον.
823 1724 884 1776 Et
905 1725 961 1777 δὲ
983 1726 1058 1797 μὴ
1073 1727 1343 1800 παθητὸν,
1363 1733 1483 1787 οὐδὲ
1499 1741 1746 1808 ποιητόν.
1769 1741 1828 1793 El
1857 1742 1958 1810 μὲν

2638 906 2687 961 Ε
2688 924 2724 960 ,τ
2747 907 2925 975 eodem
2962 907 3094 962 loco.

2129 997 2242 1064 Nae,
2273 1000 2371 1062 ait,
2399 1001 2490 1056 sed
2525 1000 2715 1056 Petrus
2738 988 2873 1055 dixit
2901 1001 3004 1055 hoc
3046 1001 3203 1070 plane
3223 985 3504 1066 'etpalam.
3537 993 3642 1049 Ubi

2056 1100 2110 1144 et
2132 1093 2548 1162 quando?.Cum
2582 1093 2800 1147 Judzeos
2831 1092 3117 1159 alloquens
3159 1111 3172 1146 :
3212 1089 3500 1143 Dominum
3555 1087 3644 1152 ip-

2056 1198 2193 1247 sum,
2226 1183 2421 1253 inquit,
2451 1197 2496 1238 et
2541 1183 2806 1240 Christum
2840 1185 2979 1239 Deus
3039 1184 3161 1254 fecit
3195 1183 3236 1236 '.
3268 1180 3378 1236 Cur
3424 1194 3529 1234 non
3587 1187 3645 1232 et

2057 1273 2131 1335 id,
2166 1278 2307 1342 quod
2335 1277 2526 1331 ordine
2554 1277 2736 1332 statim
2770 1277 3021 1346 sequitur
3074 1274 3360 1338 addidisti,
3427 1285 3644 1340 nempe,

2063 1365 2220 1420 Hunc
2250 1367 2435 1422 Iesum
2467 1386 2619 1438 quem
2665 1387 2751 1424 vos
2808 1369 3150 1438 cruciﬁxistis
3181 1369 3202 1400 ’
3231 1367 3254 1420 i
3283 1367 3362 1419 An
3424 1364 3646 1433 ignoras

2056 1472 2118 1514 ea
2186 1477 2306 1530 qua:
2364 1463 2508 1516 dicta
2559 1472 2689 1517 sunt
2754 1463 2953 1532 partim
3017 1461 3082 1514 ad
3138 1459 3498 1514 immortalem
3550 1474 3647 1512 na-

2059 1563 2259 1621 turam,
2294 1557 2489 1624 partim
2524 1559 2589 1612 ad
2619 1559 2876 1612 curanda}
2924 1557 3118 1610 salutis
3172 1555 3423 1609 humana
3468 1553 3649 1605 consi-

2057 1644 2184 1698 lium
2227 1645 2533 1711 pertinere?
2567 1647 2696 1714 Quze
2735 1649 2780 1704 si
2811 1662 2967 1703 secus
3011 1646 3237 1709 habent,
3274 1654 3326 1700 et
3363 1655 3416 1698 tu
3440 1643 3650 1711 simpli-

2056 1737 2192 1792 citer
2218 1739 2398 1792 omnia
2427 1740 2599 1794 refers
2640 1741 2704 1795 ad
2742 1739 3103 1800 divinitatem,
3137 1738 3304 1792 Deum
3340 1737 3500 1790 etiam
3538 1736 3647 1804 pati

497 1809 563 1862 ὲκ
589 1810 686 1881 τῆς
719 1811 869 1877 θείας
897 1817 1062 1870 αὐτοῦ
1091 1824 1186 1872 καὶ
1214 1823 1460 1896 ἀρρήτου
1489 1807 1704 1896 φύσεως
1729 1831 1789 1884 τὸ
1815 1807 1957 1903 αἷμα

2065 1830 2177 1895 vis;
2233 1831 2316 1884 sin
2371 1833 2481 1898 pati
2542 1832 2691 1886 illum
2726 1847 2913 1901 negas,
2941 1846 3008 1885 ne
3043 1830 3247 1885 factum
3276 1829 3494 1898 quidem
3526 1843 3651 1882 esse

357 1900 615 1970 ἐρῤευσε,
654 1906 749 1958 καὶ
791 1907 916 1961 ἀντὶ
959 1909 1058 1979 τῆς
1099 1916 1304 1984 σαρκὸς
1345 1917 1484 1990 αὐτὴ
1524 1921 1640 1984 τοῖς
1679 1924 1823 1978 κατὰ
1860 1900 1954 1980 τὸν

361 1994 598 2062 σταυρὸν
627 1994 782 2064 ἥλοις
817 1997 1060 2070 διῃρεῖτο
1091 2006 1188 2058 καὶ
1240 2008 1521 2077 ἐτέμνετο,
1556 2012 1713 2081 λόγον
1743 2014 1810 2069 ἂν
1839 2013 1954 2086 εἶχέ

363 2101 462 2136 σου
509 2088 652 2141 κατὰ
699 2089 862 2145 τοῦτο
910 2095 972 2147 τὸ
1021 2096 1284 2169 σόφισμα.
1332 2103 1395 2155 Ei
1443 2104 1500 2158 δὲ
1547 2107 1706 2161 τοῦτο
1751 2109 1860 2163 οὐδ’
1889 2110 1956 2164 ἂν

361 2175 530 2240 αὐτὸς
562 2180 590 2230 6
620 2178 869 2246 διάϐολος
905 2183 1324 2260 βλασφημήσειε
1346 2233 1359 2257 ,
1395 2194 1540 2259 τίνος
1575 2197 1763 2252 ἕνεκεν
1792 2203 1956 2266 αὐτὸς

361 2269 580 2336 ἀγνοεῖν
613 2280 912 2348 προσποιῇ,
948 2279 1337 2350 ἀσύγγνωστον
1370 2286 1544 2351 οὕτως
1565 2290 1823 2358 ἄγνοιαν,
1863 2295 1956 2346 καὶ

360 2365 428 2431 ἣν
468 2363 673 2419 οὐδ’ἃν
713 2369 764 2420 οἰ
809 2369 1068 2440 δαίμονες
1110 2377 1508 2448 ὑπεκρίναντο;
1541 2383 1750 2449 Ἄλλως
1795 2403 1854 2439 τε
1898 2389 1957 2440 τὸ

358 2456 581 2524 Κύριος
600 2462 696 2513 καί
716 2462 976 2529 Χριστὸς
1005 2466 1106 2520 οὐκ
1136 2469 1287 2523 ἔστιν
1315 2472 1527 2537 οὐσίας,
1561 2474 1676 2526 ἀλλ’
1699 2474 1946 2546 ἀξιώμα-

359 2567 471 2613 τος.
499 2552 572 2603 Τὸ
601 2554 702 2623 μὲν
729 2555 836 2627 γὰρ
862 2559 960 2626 τῆς
987 2559 1240 2626 ἐξουσίας
1266 2565 1408 2626 ἐστὶ,
1436 2566 1496 2618 τὸ
1523 2567 1579 2619 δὲ
1604 2567 1698 2620 τοῦ
1727 2569 1956 2640 χρισθῆ-

359 2661 469 2698 ναι.
506 2646 576 2698 Τί
619 2643 716 2701 οὖν
752 2649 818 2702 ἂν
853 2652 1034 2716 εἴποις
1077 2656 1206 2726 περὶ
1241 2658 1335 2711 τοῦ
1380 2658 1510 2713 Υίοῦ
1545 2659 1638 2713 τοῦ
1681 2661 1856 2727 Θεοῦ;
1899 2662 1958 2716 Εἰ

359 2738 470 2805 γὰρ
512 2741 612 2790 καὶ
658 2743 872 2807 κιιστδς
916 2739 986 2816 ἦν
1028 2747 1154 2800 καθ’
1183 2749 1351 2818 ὑμᾶς,
1397 2751 1554 2806 τοῦτο
1596 2753 1696 2807 οὐκ
1739 2753 1804 2807 ἂν
1843 2755 1958 2825 ἔχοι

361 2829 568 2899 χώραν.
603 2833 681 2885 Οὐ
713 2833 822 2906 γὰρ
851 2836 915 2907 δὴ
948 2839 1218 2910 πρότερον
1249 2843 1483 2909 ἐγένετο,
1521 2847 1614 2898 καὶ
1642 2846 1765 2898 τότε
1798 2847 1960 2900 αὑτὸν

361 2923 778 2998 ἕχειροτόνησεν
802 2929 831 2980 6
855 2928 1008 2994 Θεὸς,
1033 2931 1155 2985 οὐδὲ
1179 2933 1474 3005 ἐπίκτητον
1497 2935 1612 3007 ἔχει
1635 2937 1735 3008 τὴν
1758 2937 1959 3009 ἀρχὴν,

361 3014 496 3068 ἀλλὰ
525 3017 693 3085 φύσει
721 3020 814 3072 καὶ
843 3021 1208 3093 οὗσιωμένην.
1245 3024 1582 3098 Ἐρωτηθεὶς
1610 3029 1743 3100 γὰρ,
1777 3031 1825 3081 εί
1859 3029 1958 3100 βαι

362 3108 541 3172 σιλεὺς
577 3111 690 3180 εἴη,
723 3111 874 3182 Ἐγὼ
911 3117 1000 3181 είς
1034 3115 1213 3170 τοῦτο
1240 3118 1602 3190 γεγέννημαι
1626 3164 1639 3187 ,
1672 3124 1858 3192 φησίν.
1903 3123 1961 3178 Ὀ

2060 1921 2338 1976 concedis.
2370 1921 2426 1975 Si
2452 1922 2593 1977 enim
2626 1939 2693 1977 ex
2725 1923 2903 1976 divina
2930 1922 3020 1974 illa
3077 1930 3290 1984 natura,
3350 1933 3470 1988 quae
3526 1933 3653 1972 rer-

2059 2015 2142 2070 bis
2171 2016 2431 2085 explicari
2461 2031 2565 2069 non
2601 2024 2801 2084 potest,
2837 2015 3059 2084 sanguis
3087 2013 3359 2077 illuxisset,
3417 2020 3473 2066 et
3533 2012 3648 2079 ipsa

2059 2122 2157 2176 pro
2209 2123 2377 2162 carne
2412 2107 2578 2161 claris
2623 2107 2674 2160 in
2740 2121 2902 2161 cruce
2957 2106 3217 2160 dilaniata
3267 2113 3321 2159 et
3374 2103 3652 2158 conscissa

2058 2208 2627 2265 essehargumeutum
2675 2207 2824 2252 tuum
2861 2198 2963 2252 hoc
3015 2198 3134 2252 loco
3165 2196 3442 2266 probabile
3494 2195 3646 2248 vide-

2061 2302 2233 2343 retur.
2265 2288 2487 2355 Quodsi
2539 2291 2655 2344 hazc
2717 2298 2827 2343 tam
2885 2287 3219 2343 exsecranda
3281 2302 3349 2342 ne
3401 2285 3650 2339 diabolus

2060 2383 2274 2449 quidem
2307 2380 2423 2448 ipse
2451 2381 2679 2447 diceret,
2713 2396 2812 2434 cur
2843 2381 3000 2435 istam
3069 2391 3124 2432 tu
3151 2378 3292 2432 nulla
3355 2377 3512 2432 venia
3574 2375 3654 2427 di-

2059 2489 2218 2542 gnam
2254 2475 2412 2541 ﬁngis
2459 2475 2843 2544 ignorantiam,
2876 2488 3038 2542 quam
3077 2487 3143 2525 ne
3198 2473 3472 2525 daemones
3525 2470 3652 2538 qui-

2060 2567 2188 2621 dem.
2221 2567 2322 2636 ipsi
2359 2583 2468 2635 prae
2498 2583 2556 2621 se
2609 2566 2856 2621 ferrent?
2906 2567 3226 2635 Quanquam
3283 2563 3449 2618 verba
3507 2563 3596 2616 illa
3632 2578 3649 2616 :

2063 2658 2319 2713 Dominus
2342 2671 2397 2714 et
2430 2659 2697 2725 Christus,
2729 2674 2832 2713 non
2876 2658 3128 2713 essentia
3159 2665 3308 2718 sunt,
3338 2654 3439 2710 sed
3469 2654 3654 2722 digni-

2064 2751 2213 2804 tatis.
2249 2750 2508 2804 Dominus
2540 2752 2683 2804 enim
2715 2758 3072 2820 potestatem,
3129 2747 3383 2801 Christus
3438 2746 3651 2799 unctio-

2064 2856 2184 2895 nem
2215 2841 2510 2909 signilical.
2541 2840 2678 2906 Quid
2708 2840 2872 2910 igitur
2902 2840 3050 2893 dices
3077 2839 3144 2892 de
3197 2836 3334 2891 Filio
3392 2837 3525 2890 Dei?
3593 2833 3651 2889 Si

2063 2933 2233 2998 enim,
2264 2933 2726 3001 quemadmodum
2782 2945 2878 2984 vos
2908 2930 3147 2994 sentitis,
3208 2940 3426 2984 creatus
3482 2939 3652 2992 esset,

2065 3027 2168 3082 hoc
2209 3042 2316 3081 non
2346 3025 2572 3080 haberet
2615 3026 2818 3079 locum.
2843 3023 2961 3079 Non
3017 3025 3159 3079 enim
3192 3039 3313 3078 cum
3371 3023 3523 3093 prius
3574 3023 3657 3075 fa—

2065 3127 2206 3182 ctus,
2269 3117 2432 3187 elegit
2490 3127 2618 3170 tunc
2699 3115 2861 3171 Deus.
2923 3113 3033 3170 Nec
3106 3114 3465 3169 adventitium
3540 3113 3654 3178 ille,

361 3199 414 3254 δὲ
441 3203 674 3275 Πέτρος,
696 3206 771 3266 ὡς
801 3211 934 3296 περί
969 3228 1116 3275 τινος
1151 3213 1646 3285 χειροτονηθέντος,
1671 3215 1815 3269 οὕτω
1840 3218 1956 3271 6t:-

2065 3213 2156 3266 sed
2210 3226 2311 3281 per
2390 3221 2643 3264 naturam
2724 3218 2778 3264 et
2855 3209 3162 3266 essentiam
3221 3206 3432 3263 habet'
3481 3206 3658 3276 impeo

362 3295 605 3364 λέγεται.
630 3299 766 3367 Περὶ
803 3295 913 3371 γᾶρ
942 3307 1042 3371 τῆς
1076 3305 1394 3376 οἰκονομίας
1425 3309 1452 3359 6
1484 3307 1643 3375 λόγος
1677 3310 1824 3379 αὐτῷ
1856 3311 1960 3364 πά-

367 3406 484 3456 σης.
503 3389 683 3443 Καὶτί
707 3391 1009 3463 θαυμάζεις
1029 3396 1078 3448 εί
1101 3397 1258 3450 τοῦτο
1278 3398 1305 3450 6
1339 3399 1545 3468 Πέτρος
1573 3403 1739 3469 φησίν
1764 3417 1778 3468 ;
1799 3402 1960 3472 Ἀθη-

371 3481 530 3541 vat-19:;
558 3483 668 3552 γὰρ
696 3483 1081 3554 διαλεγόμενος
1103 3488 1130 3538 6
1155 3487 1385 3551 Παῦλος,
1413 3488 1584 3558 ἄνδρα
1611 3490 1772 3543 καλεῖ
1798 3493 1958 3562 μόνον

384 3570 513 3624 οὓτω
536 3573 732 3643 λέγων’
764 3575 868 3630 Ἐν
895 3578 1070 3646 ἀνδρί
1103 3573 1150 3647 ᾧ
1178 3576 1360 3648 ὥρισε
1389 3584 1597 3638 πίστιν
1625 3588 1960 3656 παρασχὼν

401 3662 590 3728 πᾶσιν,
613 3669 973 3738 ἀναστήσας
1016 3675 1208 3727 αὐτόν
1243 3675 1311 3727 ἐκ
1359 3675 1621 3744 νεκρῶν,
1683 3679 1777 3731 καὶ
1807 3681 1959 3734 οὐδὲν

395 3756 517 3824 περὶ
543 3757 630 3826 τῆς
651 3760 743 3813 τοῦ
775 3761 913 3814 θεοῦ
942 3762 1089 3830 λέγει
1124 3765 1360 3836 μορφῆς.
1388 3766 1509 3819 οὐδὲ
1531 3767 1611 3821 ὅτι
1637 3767 1752 3834 ἴσος
1782 3771 1955 3841 αὐτῷ,

381 3846 582 3902 οὐδ’ὄτι
609 3853 959 3926 ἀπαύγασμα
982 3857 1083 3927 τῆς
1114 3857 1272 3931 δόξης
1303 3861 1491 3928 αὑτοῦ,
1517 3863 1763 3927 εἰκότως.
1790 3864 1959 3919 Οὔπω

373 3939 476 4011 γὰρ
500 3945 690 4016 καιρὸς
709 3947 918 4002 τούτων
938 3949 1046 4003 τῶν
1069 3953 1332 4023 ῥημάτων
1353 3951 1441 4028 ἦν.
1488 3958 1797 4027 Ἀγαπητὺν
1815 3959 1871 4013 δὲ
1893 3957 1960 4032 ἦν

368 4034 566 4100 αὐτοὺς
596 4041 1014 4109 παραδέξασθαῖ
1039 4045 1175 4107 τέως
1196 4084 1211 4108 .
1241 4048 1324 4100 ὅτι
1353 4048 1641 4120 ἄνθωπρός
1674 4053 1792 4106 ἐστι
1816 4093 1830 4116 ,
1868 4054 1962 4106 καὶ

365 4124 447 4177 ὅτι
473 4127 700 4200 ἀνέστη.
728 4131 890 4187 Οὕτω
917 4134 1012 4187 καὶ
1042 4137 1204 4200 αὐτὸς
1232 4137 1259 4188 6
1288 4138 1525 4206 Χριστὸς
1554 4141 1802 4211 ἐποίησε,
1830 4143 1961 4214 παρ’

365 4214 425 4271 0')
455 4222 549 4274 καὶ
580 4223 793 4286 Παῦλος
822 4225 1033 4296 μαθὼν,
1060 4227 1202 4282 οὕτω
1228 4231 1298 4283 τὰ
1327 4232 1631 4301 πράγματα
1661 4238 1958 4306 οἰκονομεῖ.

366 4311 443 4364 Οὐ
470 4312 582 4381 γὰρ
606 4314 811 4378 εὐθέως
841 4318 970 4388 ἡμῖν
998 4321 1193 4374 ἑαυτοῦ
1219 4321 1318 4392 τὴν
1345 4322 1578 4393 θεότητα
1604 4325 1960 4397 ὲξεκάλυψεν,

363 4403 501 4457 ἀλλὰ
538 4408 759 4476 πρῶτον
793 4410 892 4476 μὲν
925 4413 1208 4483 ἐνομίζετο
1243 4417 1562 4487 προφήτης,
1599 4417 1695 4470 καὶ
1726 4420 1962 4490 Χριστὸς

366 4497 555 4561 ἁπλῶς
593 4499 922 4572 ἄνθρωπος·
961 4503 1184 4574 ὕστερον
1216 4507 1273 4560 δὲ
1308 4509 1484 4578 ἐφάνη
1521 4509 1750 4562 διὰ”τῶν
1783 4511 1962 4580 ἔργων

365 4591 462 4643 καὶ
497 4592 608 4646 τῶν
645 4595 913 4664 ῥημάτων
953 4598 1110 4652 τοῦτο
1150 4601 1286 4671 ὅπερ
1326 4597 1414 4672 ἤν.
1457 4602 1559 4656 Διὰ
1598 4603 1760 4657 τοῦτο
1799 4607 1895 4658 καὶ⁸
1933 4609 1962 4658 6

367 4683 576 4755 Πέτρος
607 4687 666 4738 ὲν
697 4688 840 4759 ἀρχῇ
869 4691 1043 4762 τούτῳ
1069 4694 1341 4764 κέχρηται
1370 4695 1447 4766 τῷ
1475 4696 1684 4768 τρόπῳ.
1717 4699 1826 4751 Καὶ
1853 4701 1963 4770 γὰρ

357 4776 578 4847 σαύτην
608 4779 840 4850 πρώτην
875 4783 1012 4852 πρὸς
1045 4784 1338 4849 Ἰουδαίους
1375 4787 1708 4858 ἐδημηγόρει
1741 4790 1838 4860 τὴν
1871 4791 1966 4860 δη⁹

373 4870 668 4940 μηγορὶαν.
699 4873 811 4926 Καὶ
839 4874 1029 4947 ἐπειδὴ
1055 4877 1210 4931 οὐδὲν
1236 4880 1365 4951 περὶ
1390 4881 1492 4951 τῆς
1518 4882 1769 4951 θεότητος
1798 4883 1963 4936 αὐτοῦ

372 4962 545 5030 σαφὲς
581 4965 779 5033 μαθεῖν
812 4967 1035 5037 ἴσχυον,
1071 4968 1162 5022 διὰ
1191 4971 1349 5023 τοῦτο
1379 4975 1492 5035 τοῖς
1527 4974 1656 5044 περὶ
1685 4973 1783 5043 τῆς
1816 4976 1964 5028 οίκο-

370 5056 566 5124 νομίας
604 5059 939 5129 ἐνδιατρίϐει
981 5061 1183 5131 λόγοις,
1226 5065 1315 5118 ἵνα
1355 5066 1571 5131 τούτοις
1610 5070 1642 5138 ἡ
1684 5069 1821 5140 ἀκοὴ
1866 5086 1966 5136 γυο

375 5150 680 5217 μνασθεῖσα
699 5155 766 5224 τῇ
794 5152 954 5226 λοιπῇ
984 5157 1387 5230 προοδοποιήσῃ
1410 5159 1754 5233 διδασκαλίᾳ.
1781 5163 1892 5216 Καὶ
1917 5162 1966 5215 εἰ

373 5239 617 5307 βούλοιτό
649 5261 732 5307 τις
763 5243 862 5314 τὴν
891 5246 1238 5318 δημηγορίαν
1268 5250 1448 5301 πᾶσαν
1476 5251 1683 5303 ἄνωθεν
1713 5252 1962 5320 διελθεῖν,

371 5334 598 5404 εὑρήσει
635 5336 796 5391 τοῦτο
835 5339 864 5392 ὃ
907 5340 1050 5409 λέγω
1093 5342 1298 5414 σφόδρα
1337 5343 1668 5412 διαλάμπον.
1711 5346 1821 5398 Καὶ
1863 5348 1972 5416 γᾶρ

374 5426 547 5497 ἄνδρα.
584 5429 750 5482 αὑτὸν
789 5431 946 5484 καλεῖ
987 5437 1080 5487 καὶ
1120 5436 1306 5498 αὐτὸς,
1347 5436 1443 5488 καὶ
1479 5439 1590 5498 τοῖς
1623 5435 1718 5488 τοῦ
1763 5425 1972 5500 πάθους

373 5523 476 5573 καὶ
501 5522 599 5592 τῆς
629 5523 985 5588 ἀναστάσεως
1014 5525 1110 5580 καὶ
1137 5528 1423 5591 τοῖςίκατὰ
1453 5527 1634 5598 σάρκα
1669 5525 1974 5598 γεννήσεως

374 5615 708 5685 ἐνδιατρίϐει
748 5618 949 5687 λόγοις.
989 5621 1099 5674 Καὶ
1140 5620 1353 5685 Παῦλος
1388 5622 1445 5675 δὲ
1483 5622 1615 5694 ὅταν
1652 5621 1820 5694 λέγῃ,
1864 5622 1975 5675 Τοῦ

377 5709 715 5777 γενομένου
747 5711 814 5765 ἐκ
847 5710 1196 5782 σπέρματος
1228 5714 1404 5768 Δαϐὶδ
1439 5714 1590 5767 κατὰ
1619 5713 1818 5782 σάρκα
1838 5751 1853 5778 ,
1885 5715 1975 5765 οὑ-

377 5801 470 5854 ὃὲν
499 5805 691 5873 ἕτερον
719 5805 866 5874 ἡμᾶς
894 5805 1163 5871 παιδεύει,
1197 5806 1309 5859 ἀλλ’
1335 5807 1366 5876 ἦ
1401 5809 1482 5860 ὅτι
1510 5806 1569 5859 τὸ
1599 5808 1854 5876 ἐποίησεν
1884 5806 1977 5859 ἐπὶ

461 5897 479 5928 ‘
519 5900 644 5954 Act.
679 5913 738 5968 tt,
768 5899 858 5956 56.
937 5903 956 5932 ³
984 5903 1122 5958 ibid.

2066 3307 2228 3359 rium.
2332 3304 2704 3372 Interrogatus
2803 3305 2949 3358 enim
2989 3343 3005 3369 ,
3097 3318 3166 3357 an
3261 3309 3410 3358 esset
3511 3317 3650 3365 rex,

2067 3397 2200 3466 Ego,
2252 3397 2448 3467 inquit,
2485 3397 2555 3450 ad
2588 3399 2686 3449 hoc
2732 3407 2886 3450 natus
2938 3393 3054 3450 sum
3085 3397 3125 3450 ⁸.
3163 3395 3356 3451 Petrus
3384 3405 3561 3451 autem
3591 3397 3659 3448 de

2067 3488 2156 3543 illo
2192 3499 2446 3558 tanquam
2497 3489 2668 3544 electo
2717 3497 2771 3543 et
2803 3498 3058 3558 cooptato
3093 3489 3254 3544 verba
3316 3486 3468 3542 facit.
3519 3487 3656 3542 Tota

2064 3581 2207 3634 enim
2239 3579 2382 3634 illius
2427 3580 2603 3634 oratio
2641 3581 2706 3633 ad
2748 3579 3125 3647 eXplicandum
3182 3579 3424 3632 divinum
3467 3579 3661 3634 salutis

2063 3671 2312 3725 humanae
2343 3671 2630 3725 consilium
2668 3671 2922 3739 pertinet.
2962 3667 3080 3722 Jam
3113 3669 3242 3738 quid
3277 3670 3495 3723 miraris
3557 3669 3659 3722 Pe-

2067 3774 2205 3816 trum
2281 3764 2352 3816 ita
2427 3763 2596 3831 loqui,
2671 3777 2794 3815 cum
2860 3759 3055 3815 Paulus
3126 3760 3408 3830 alloquens
3489 3760 3660 3814 Athe-

2065 3859 2282 3912 nienses
2349 3874 2474 3912 eum
2523 3857 2797 3912 hominem
2877 3857 3050 3910 solum
3096 3855 3370 3924 appellet:
3425 3851 3491 3907 In
3525 3855 3656 3918 tiro,

2065 3951 2341 4019 inquiens,
2404 3967 2556 4021 quem
2595 3957 2877 4012 statuerat,
2916 3949 3072 4016 ﬁdem
3112 3948 3352 4002 omnibus
3402 3949 3658 4017 prwbeus,

2065 4061 2180 4098 cum
2242 4045 2390 4098 illum
2422 4062 2453 4098 a
2491 4046 2712 4098 mortuis
2773 4041 3050 4095 suscitarit
3077 4041 3118 4096 ⁵.
3174 4039 3323 4094 Nihil
3354 4046 3533 4094 autem
3593 4043 3662 4094 de

2066 4140 2238 4193 forma
2283 4139 2374 4193 l)ei
2431 4140 2692 4209 loquitur,
2727 4154 2827 4193 ncc
2893 4153 3020 4191 eum
3082 4137 3180 4205 ipsi
3219 4135 3506 4205 aequalem,
3561 4151 3662 4192 nec

2065 4233 2251 4304 gloria:
2301 4232 2642 4302 splendorem
2700 4233 2872 4299 ipsum
2913 4246 3032 4286 esse
3064 4231 3215 4293 dicit,
3270 4245 3332 4282 ac
3375 4230 3569 4283 merito
3606 4228 3661 4283 id

2065 4326 2282 4394 quidem
2347 4323 2496 4379 facit.
2550 4322 2734 4392 Neque
2766 4326 2905 4379 enim
2940 4336 3147 4392 tempus
3206 4322 3468 4389 ejusmodi
3498 4322 3662 4376 verba

2065 4419 2399 4488 postulabat,
2435 4434 2554 4472 cum
2585 4420 2717 4472 satis
2750 4427 2876 4471 tunc
2905 4427 3052 4472 esset
3086 4415 3270 4478 Paulo,
3320 4416 3364 4470 si
3399 4415 3502 4470 itlis
3539 4431 3664 4485 pet-

2069 4513 2348 4577 snasisset,
2383 4527 2506 4565 eum
2540 4522 2592 4565 ct
2621 4513 2894 4564 hominem
2942 4526 3082 4576 esse,
3116 4519 3170 4563 et
3205 4508 3532 4564 surrexisse.
3567 4506 3660 4563 Sic

2072 4607 2178 4675 egit
2210 4615 2262 4659 et
2292 4606 2408 4673 ipse
2435 4604 2709 4670 Christus,
2760 4621 2789 4657 α
2822 4618 2926 4671 quo
2959 4603 3156 4657 Paulus
3182 4604 3404 4658 edoctus
3439 4603 3512 4656 ita
3543 4618 3659 4656 rem

2069 4699 2229 4769 gerit.
2308 4697 2495 4768 Neque
2543 4699 2685 4751 enim
2725 4699 2908 4751 statim
2941 4695 3279 4750 divinitatem
3311 4711 3461 4749 suam
3503 4696 3661 4750 nobis

2069 4789 2361 4857 patefecit;
2393 4790 2488 4845 sed
2522 4790 2698 4859 primo
2742 4789 2960 4859 quidem
3019 4787 3309 4858 putabatur
3357 4800 3478 4843 esse
3535 4801 3665 4855 pro-

2069 4885 2249 4953 pheta,
2269 4892 2324 4938 et
2354 4882 2934 4951 Christussimplicitcr
2964 4881 3158 4946 homo;
3190 4881 3387 4935 deinde
3417 4895 3479 4935 ex
3508 4878 3666 4936 factis

2064 4986 2119 5030 et
2177 4974 2360 5028 verbis
2422 4973 2670 5043 apparuit
2723 4973 2774 5026 id
2825 4973 2969 5042 quod
3001 4971 3369 5027 crat.ldcirco
3395 4982 3448 5027 et
3472 4971 3666 5027 Petrus

2069 5067 2336 5136 principio
2359 5066 2463 5120 hac
2496 5049 2926 5120 rationeutitnr.
2965 5063 3115 5119 llanc
3159 5065 3304 5119 enim
3338 5065 3570 5133 primam
3593 5063 3664 5119 ad

2068 5157 2284 5213 Judams
2316 5159 2634 5213 concionem
2669 5157 2878 5212 habuit.
2936 5155 3000 5212 Et
3034 5159 3160 5226 quia
3190 5156 3326 5212 nihil
3361 5157 3428 5213 de
3464 5157 3669 5211 divini-

2073 5259 2182 5303 tate
2203 5249 2556 5319 perSpicuum
2592 5247 2804 5304 discere
2843 5258 3118 5318 poterant,
3152 5249 3222 5302 ob
3250 5247 3302 5301 id
3331 5247 3386 5300 in
3417 5261 3482 5299 eo
3511 5259 3662 5298 com-

2055 5333 2337 5406 moratur,
2371 5352 2426 5394 ut
2457 5341 2698 5395 divinum
2729 5341 2949 5396 humani
2975 5323 3191 5412 generis
3239 5337 3493 5394 servandi
3522 5350 3662 5390 con-

2081 5435 2264 5489 silium
2293 5434 2544 5502 explicet.
2572 5450 2678 5505 quo
2718 5435 2819 5491 sibi
2854 5436 2920 5488 ad
2953 5434 3159 5502 reliqua
3192 5429 3428 5485 docenda
3456 5425 3664 5481 aditum

2085 5527 2394 5608 patefaciet.
2423 5531 2498 5582 Ac
2566 5529 2609 5582 si
2641 5527 2763 5597 quis
2813 5534 2984 5580 totum
3035 5522 3346 5578 concionem
3395 5517 3567 5585 ipsam
3632 5531 3666 5571 a

2087 5604 2356 5688 ιιι-ιιιοῖρίο
2392 5617 2652 5686 perlegat,
2685 5616 2916 5684 reperiet
2948 5613 2998 5665 id
3047 5609 3192 5680 quod
3257 5604 3490 5660 dicimus
3546 5618 3670 5660 esse

2089 5711 2476 5766 clarissimum.
2516 5707 2650 5763 Nam
2681 5717 2734 5762 et
2765 5707 2880 5774 ipse
2928 5703 3104 5757 virum
3138 5714 3259 5758 eum
3291 5704 3474 5760 vocat,
3503 5705 3558 5752 et
3613 5697 3670 5750 in

2085 5805 2202 5871 ejus
2218 5813 2410 5869 morte,
2435 5797 2980 5860 etresurrectione,et
3004 5795 3241 5850 humano
3259 5791 3378 5843 ortu
3392 5783 3678 5856 explican-

1202 5905 1223 5937 ⁸
1250 5902 1406 5959 Joan.
1431 5919 1583 5972 χχιιι,
1618 5903 1705 5960 57.
1785 5901 1806 5933 ⁸
1831 5902 1949 5957 Act.
1983 5917 2113 5973 xvn,
2145 5899 2234 5954 51.
