4064 6450
295 401 395 467 611

1525 403 1840 467 EUTHYM
1855 406 1911 466 lI
1971 407 2333 469 ZIGABENI

3463 401 3572 466 612

299 520 384 574 dis
403 519 743 574 immoratur.
772 516 839 572 Et
867 515 1068 575 Paulus
1087 532 1208 572 eum
1225 516 1427 574 diceret
1447 532 1572 572 eum
1597 518 1796 574 factum
1813 533 1882 575 ex
1914 564 1924 589 γ

2026 521 2086 590 ἧς
2117 522 2426 591 οἰκονομίας
2463 524 2855 594 παρείληπται,
2887 524 2917 578 ὃ
2950 523 3046 577 καὶ
3079 521 3242 590 ἡμεῖς
3275 517 3576 589 ὁμολογοῖ»-

300 610 506 665 semine
535 609 700 664 David
729 609 1026 664 secundum
1052 625 1271 665 carnem
1290 610 1476 672 ',uihil
1497 610 1642 665 aliud
1668 626 1766 665 nos
1785 612 1887 665 do-

1998 632 2122 684 μεν.
2153 617 2341 670 Ἀλλ’ὁ
2369 617 2466 685 τῆς
2503 617 2732 687 βροντῆς
2765 618 2882 678 υίὸς
2915 615 3044 684 περὶ
3069 615 3170 684 τῆς
3201 613 3443 684 ἀρρήτου
3478 607 3576 661 καὶ

301 703 433 764 cuit,
462 704 563 758 nisi
597 704 819 759 verbum
866 702 1015 769 illud,
1043 699 1217 766 Fecit,
1247 703 1315 757 ad
1343 703 1734 758 humanitatem
1757 702 1876 769 ejus

2026 707 2318 774 ’ροαιωνίου
2360 708 2649 778 ὑπάρξεως
2686 709 2994 777 διαλέγεται
3033 705 3151 772 νῦν,
3190 703 3280 758 διὰ
3315 701 3477 756 τοῦτο
3515 701 3576 754 τὸ

302 809 424 848 esse
457 793 820 849 referendum.
861 793 1014 860 Quod
1071 808 1167 848 nos
1200 795 1328 848 item
1385 794 1730 849 conﬁtemur.
1771 793 1877 848 Sed

2026 801 2280 865 ποίησεν
2310 801 2469 868 ἀφεὶς
2483 818 2511 867 ,’
2530 802 2590 855 τὸ
2611 797 2691 871 ἦν
2715 802 2932 871 ἔθηκεν.

305 888 447 941 lilius
482 888 704 942 tonitrui
747 887 814 945 de
849 895 1040 941 natura
1063 886 1216 941 illius
1253 901 1375 954 qua:
1407 887 1591 941 verbis
1623 886 1884 952 explicari
1925 904 2031 944 non
2085 900 2286 960 potest,
2327 907 2556 963 qucque
2597 903 2684 948 est
2730 901 2858 948 ante
2891 889 3108 955 sarcula,
3138 901 3282 942 nunc
3315 883 3574 955 loquitur.

303 981 662 1050 Quamobrem
719 981 944 1034 verbum
987 980 1117 1035 illud
1152 997 1166 1034 :
1203 978 1380 1046 Fecit,
1419 979 1702 1048 omittens,
1735 978 1872 1034 dixit
1901 997 1916 1035 :
1947 981 2101 1040 Erat.

865 1069 949 1124 Ex
993 1073 1173 1126 eodem
1215 1071 1370 1126 libro.

376 1165 568 1221 Audivi
598 1184 611 1219 :
653 1163 719 1218 In
750 1166 1007 1233 principio
1037 1175 1148 1219 erat
1186 1164 1433 1220 Verbum.
1467 1164 1609 1231 Quid
1637 1162 1895 1234 intelligis

307 1369 434 1408 esse
465 1362 591 1407 ante
623 1366 708 1407 res
741 1366 862 1421 qua:
911 1362 1091 1408 mente
1130 1354 1303 1408 solum
1337 1350 1893 1420 comprehenduntur,

309 1455 364 1497 et
396 1454 520 1497 ante
575 1442 818 1497 saecula!
847 1441 999 1508 Quod
1030 1443 1076 1496 si
1128 1442 1324 1512 aliquis
1381 1443 1563 1497 dicat:
1621 1441 1902 1508 Quomodo

312 1544 507 1602 potest,
553 1535 596 1589 si
632 1533 802 1588 Filius
849 1545 952 1599 est,
991 1548 1094 1588 non
1123 1549 1242 1588 esse
1279 1533 1462 1604 junior
1511 1533 1716 1588 Patre?
1761 1533 1905 1604 quod

318 1629 465 1680 enim
499 1640 566 1680 ex
601 1624 782 1692 aliquo
810 1635 914 1688 est,
945 1623 999 1677 id
1035 1623 1148 1688 illo,
1173 1638 1236 1678 ex
1270 1641 1378 1694 quo
1408 1635 1514 1690 cit,
1583 1623 1894 1680 necessario

319 1719 592 1786 posterius
622 1730 743 1770 esse
776 1715 1006 1770 dicimus
1040 1732 1053 1770 :
1102 1713 1219 1771 haec
1257 1725 1386 1769 sunt
1429 1713 1709 1768 hominum
1742 1729 1909 1782 argu-

320 1817 496 1861 menta
529 1808 686 1862 rebus
715 1807 965 1861 humanis
989 1807 1386 1879 convfuientiu.
1419 1807 1480 1860 Et
1503 1808 1593 1876 qui
1626 1805 1729 1860 hoc
1758 1821 1910 1874 quae-

327 1900 420 1965 rit,
447 1899 550 1952 alia
590 1901 760 1967 magis
790 1898 954 1952 etiam
975 1899 1207 1953 absurda
1246 1906 1468 1967 qumret.
1505 1896 1690 1965 Itaque
1715 1912 1812 1952 nos
1840 1911 1910 1950 ne

320 1992 535 2046 audisse
559 1989 773 2058 quidem
802 1989 916 2043 haec
930 1990 1233 2057 Oportebat.
1261 1988 1332 2042 De
1359 1990 1464 2041 Deo
1485 1989 1627 2042 enim
1652 2003 1795 2042 nunc
1820 2003 1910 2042 no~

330 2085 409 2138 bis
442 2091 523 2136 est
561 2096 764 2144 sermo,
788 2095 894 2134 non
925 2081 990 2134 de
1030 2081 1302 2134 hominum
1340 2089 1556 2144 natura,
1581 2093 1700 2149 qua:
1725 2080 1910 2132 istius-

322 2171 463 2224 modi
496 2179 931 2238 argumentorum
986 2170 1164 2223 ordini
1225 2180 1279 2224 et
1321 2171 1628 2224 necessitati
1678 2169 1913 2224 obnoxia

319 2272 423 2318 est.
452 2261 651 2317 Verum
686 2272 745 2317 ut
775 2263 1161 2318 inﬁrmioribus
1185 2261 1431 2326 satisﬁat,
1494 2261 1559 2315 ad
1620 2261 1735 2316 haec
1787 2262 1912 2316 item

325 2353 790 2424 respondebimus.
836 2355 928 2408 Dic
959 2354 1085 2408 mihi
1112 2370 1128 2408 ;
1163 2351 1432 2421 Splendor
1463 2354 1593 2407 solis
1621 2369 1685 2408 ex
1719 2353 1909 2422 ipsane

323 2445 456 2499 solis
471 2453 682 2508 natura,
704 2462 772 2500 an
795 2446 1015 2500 aliunde
1045 2444 1264 2498 manat?
1296 2444 1528 2499 Necesse
1549 2460 1772 2513 prorsus
1801 2453 1909 2510 est,

323 2537 428 2591 nisi
465 2538 623 2606 plane
657 2538 908 2593 sensibus
940 2540 1104 2592 etiam
1153 2553 1330 2604 cares,
1366 2547 1424 2591 ut
1484 2553 1610 2591 eum
1673 2553 1737 2590 ex
1786 2537 1917 2591 solis

323 2639 516 2682 natura
551 2643 772 2684 manare
802 2628 1048 2684 fatearis.
1077 2629 1331 2684 Attamen
1365 2644 1486 2683 cum
1525 2644 1590 2683 ex
1623 2619 1784 2683 solis'
1819 2643 1916 2682 na-

327 2733 445 2775 tura
481 2721 738 2792 splendor
765 2723 1068 2792 proveniat,
1104 2737 1214 2776 non
1258 2722 1500 2776 dicemus
1536 2720 1681 2774 illum
1723 2731 1916 2774 natura

325 2816 456 2869 solis
497 2829 617 2870 esse
645 2814 1024 2883 posteriorem.
1083 2813 1371 2882 Nunquam
1404 2812 1548 2867 enim
1596 2813 1714 2866 sine
1747 2812 1922 2880 splen-

326 2909 460 2960 dore
491 2908 570 2961 sol
602 2908 918 2963 exstitisset.
952 2907 1101 2972 Quod
1135 2908 1176 2960 si
1213 2905 1264 2959 in
1297 2905 1621 2974 corporibus
1653 2903 1776 2958 istis
1800 2918 1919 2973 quae

326 2998 575 3052 sensibus
631 2998 954 3067 percipimus
983 3006 1037 3050 et
1083 2998 1377 3059 intuemur.
1404 2995 1599 3064 aliquid
1631 3010 1694 3050 ex
1739 2993 1921 3063 aliquo

329 3094 410 3146 sic
446 3107 568 3146 esse
601 3101 838 3149 constat.
876 3099 936 3144 ut
967 3106 1054 3157 eo,
1077 3104 1144 3143 ex
1178 3105 1284 3158 quo
1315 3101 1418 3151 est.
1473 3091 1740 3156 posueritis
1809 3103 1914 3143 non

329 3185 422 3250 sit,
453 3199 560 3239 non
589 3185 766 3239 credis
797 3184 851 3238 in
881 3184 992 3254 ipsa
1026 3193 1239 3246 natura,
1273 3197 1394 3251 quae
1428 3196 1526 3236 nec
1554 3182 1711 3236 cerni
1744 3189 1921 3250 potest

2164 1141 2172 1152 _
2345 1080 2443 1134 Ἐκ
2475 1077 2586 1148 τῆς
2618 1077 2812 1146 αὐτῆς
2845 1076 3230 1142 ἀκολουθίας.

2068 1175 2316 1226 Ἤκουσα
2367 1173 2450 1226 ὃτι
2489 1173 2596 1227 Ἔν
2623 1169 2782 1240 ἀρχῇ
2806 1167 2886 1241 ἦν
2921 1175 2956 1225 ό
2979 1169 3276 1238 Λόγος-,Τί
3307 1170 3448 1234 νοεῖς
3473 1170 3582 1223 ἀπδ

191 1289 202 1300 -
305 1275 370 1314 ex
409 1261 508 1314 hoc
545 1259 853 1329 principio?
883 1258 1074 1314 Nonne
1105 1259 1157 1315 id
1211 1261 1390 1330 plane,
1459 1273 1654 1328 nempe
1716 1259 1894 1326 ipsum

2028 1267 2092 1331 ἧς
2115 1264 2291 1335 ἀρχῆς
2315 1265 2520 1332 ταύτης
2538 1280 2554 1328 ;
2572 1264 2642 1316 Ἣ
2661 1261 2840 1332 δῆλον,
2867 1263 2950 1316 ὅτι
2969 1261 3030 1314 τὸ
3052 1261 3159 1332 πρὸ
3180 1259 3398 1313 πάντων
3418 1260 3582 1314 αὑτὸν

1998 1352 2141 1410 εἶναι
2166 1356 2276 1410 τῶν
2299 1355 2526 1426 νοητῶν,
2554 1354 2648 1408 καὶ
2675 1353 2784 1423 πρὸ
2815 1352 2926 1406 τῶν
2953 1350 3168 1406 αίώνων
3200 1369 3214 1417 ;
3253 1352 3316 1405 Ei
3341 1351 3397 1405 δὲ
3430 1351 3580 1418 λέγοι

2001 1467 2106 1512 τις,
2134 1448 2243 1502 Καὶ
2264 1449 2382 1510 πῶς
2409 1449 2559 1501 ἐστιν
2591 1447 2720 1500 Υίδν
2748 1444 2877 1498 ὄντα
2907 1444 2984 1516 μὴ
3016 1443 3284 1511 νεώτερον
3315 1440 3455 1496 εἶναι
3483 1442 3580 1496 τοῦ

2005 1542 2250 1612 ῐίατρόςς
2295 1541 2355 1594 τὺ
2384 1541 2491 1610 γὰρ
2533 1539 2596 1596 ἐκ
2621 1555 2766 1600 τινος
2790 1536 2852 1592 ὃν
2878 1537 3096 1606 ἀνάγκη
3140 1537 3296 1590 πᾶσα
3357 1534 3586 1606 ὕστερον

2007 1631 2147 1687 εἶναι
2199 1633 2294 1686 τοῦ
2326 1633 2385 1698 ἐξ
2419 1627 2481 1686 οὗ
2533 1634 2719 1684 ἐστιν’
2781 1628 3044 1698 ἐροῦμεν,
3084 1627 3169 1681 ὅτι
3215 1626 3454 1697 μάλιστα
3485 1625 3588 1696 μὲν

2009 1725 2188 1780 ταῦτα
2226 1723 2506 1792 λογισμῶν
2541 1720 2901 1794 ἀνθρωπίνων
2929 1719 3070 1783 ἐστὶ,
3107 1719 3200 1772 καὶ
3245 1719 3274 1770 6
3304 1716 3463 1770 τοῦτο
3491 1717 3590 1787 ζη-

2015 1817 2124 1870 τῶν
2156 1816 2249 1868 καὶ
2301 1814 2468 1883 ἕτερα
2499 1813 2708 1866 τούτων
2742 1808 3070 1878 ἀτοπώτερα
3121 1809 3372 1878 ζητήσει,
3407 1807 3588 1861 καίτοι

1942 1942 1988 2002 Β
2015 1908 2138 1962 οὐδὲ
2170 1909 2238 1976 τῇ
2272 1908 2409 1975 ἀκοῇ
2437 1907 2504 1960 τὰ
2533 1904 2760 1958 τοιαῦτα
2803 1900 3215 2002 παωξέχεσθαι
3269 1899 3403 2002 ξδειί
3453 1901 3591 2001 Περὶ

2015 1998 2151 2052 Θεοῦ
2179 1997 2293 2067 γὰρ
2322 1996 2419 2050 νῦν
2443 1997 2573 2065 ἡμῖν
2604 1997 2630 2045 ὁ
2663 1993 2823 2062 λόγος
2880 1990 3050 2056 ἐστὶν,
3087 1991 3148 2044 οὐ
3173 1989 3306 2060 περὶ
3344 1989 3444 2060 τῆς
3480 1989 3592 2041 τῶν

2015 2089 2318 2161 ἀνθρώπων
2370 2087 2587 2156 φύσεως
2638 2083 3010 2152 ὑποκειμένης
3066 2082 3131 2150 τῇ
3162 2079 3271 2135 τῶν
3313 2078 3595 2148 λογισμῶν

2016 2185 2224 2239 τούτων
2253 2182 2552 2253 ἀκολουθίᾳ
2603 2197 2664 2232 τε
2693 2179 2788 2233 καὶ
2827 2179 3066 2252 ἀνάγκῃ.
3101 2175 3247 2243 Πλὴν
3295 2173 3408 2228 ἀλλ’
3451 2171 3597 2240 ὑπὲρ

2024 2275 2402 2348 πληροφορίας
2454 2274 2565 2328 τῶν
2616 2270 3024 2341 ἀσθενεστέρων
3077 2268 3175 2322 καὶ
3239 2264 3378 2336 πρὸς
3422 2262 3598 2316 ταῦτα

2019 2369 2279 2439 ἐροῦμεν.
2314 2365 2451 2421 Εἰπὲ
2484 2365 2594 2436 γάρ
2623 2381 2736 2435 μοι,
2766 2363 2828 2415 τὸ
2851 2359 3200 2430 ἀπαύγασμα
3232 2357 3329 2413 τοῦ
3359 2356 3512 2427 ἡλίου
3537 2355 3598 2420 ἐξ

2021 2461 2190 2530 αὐτῆς
2221 2459 2442 2529 ἐκπηδᾷ
2470 2458 2568 2524 τῆς
2594 2455 2688 2509 τοῦ
2721 2454 2878 2525 ἡλίου
2910 2452 3146 2522 φύσεως,
3181 2449 3214 2521 ἢ
3248 2447 3472 2504 ἂλλοθεν
3495 2464 3596 2501 πο-

2020 2552 2140 2614 θενς
2181 2551 2423 2620 Ἀνάγκη
2460 2550 2612 2602 πᾶσα
2640 2546 2978 2617 ὁμολογῆσαι
3004 2545 3095 2597 τὸν
3127 2543 3201 2614 μὴ
3235 2543 3334 2596 καὶ
3357 2541 3456 2604 τὰς
3497 2540 3586 2592 αι-

2021 2645 2245 2714 σθήσεις
2277 2641 2700 2712 πεπηρωμένον,
2734 2639 2817 2692 ὅτι
2855 2637 2914 2703 ἐξ
2939 2637 3132 2707 αὐτῆς.
3167 2633 3309 2688 Ἀλλ’
3335 2633 3486 2702 ὅμως
3505 2633 3603 2685 καὶ

2021 2737 2078 2803 ἐξ
2113 2735 2282 2805 αὐτῆς
2309 2734 2368 2788 ὃν
2409 2733 2502 2787 τοῦ
2535 2732 2690 2804 ἡλίου
2732 2732 2793 2785 τὸ
2831 2729 3196 2798 ἀπαύγασμα,
3233 2727 3336 2780 οὐκ
3366 2726 3434 2780 ἄν
3461 2740 3595 2777 ποτε

2025 2831 2254 2902 ὕστερον
2285 2826 2427 2884 εἶναι
2454 2829 2698 2896 φαίημεν
2730 2825 2828 2892 τῆς
2856 2821 3096 2892 ἡλιακῆς
3126 2819 3369 2890 φύσεως,
3413 2816 3604 2886 ἐπειδὴ

2025 2924 2160 2993 μηδὲ
2191 2922 2360 2992 χωρὶς
2389 2919 2829 2988 ἀπαυγάσματος
2861 2915 3015 2986 ἥλιος
3039 2913 3216 2984 ἐφάνη
3253 2911 3405 2966 ποτε.
3443 2911 3506 2964 Ei.
3543 2909 3604 2962 δὲ

2026 3017 2115 3068 ἐπὶ
2149 3015 2255 3068 τῶν
2288 3015 2558 3082 σωμάτων
2591 3010 2798 3064 τούτων
2826 3009 2936 3061 τῶν
2990 3005 3268 3077 αἰσθητῶν
3328 3004 3424 3057 καὶ
3469 3004 3604 3073 ὁρα-

2023 3108 2154 3169 τῶν,
2191 3107 2286 3159 καὶ
2347 3105 2409 3158 ἐκ
2439 3121 2584 3166 τινος
2634 3101 2716 3166 ὃν,
2765 3102 2859 3155 καὶ
2893 3100 2992 3170 οὐχ
3022 3097 3253 3168 ὕστερον
3307 3094 3402 3149 τοῦ
3459 3092 3522 3158 ἐξ
3542 3083 3606 3143 οὗ

2026 3203 2174 3254 ἐστιν
2198 3201 2371 3270 ὲςράνη
2404 3217 2455 3250 τι
2483 3197 2564 3261 ὃν,
2593 3195 2646 3249 τί
2669 3196 2940 3256 ἀπιστεῖς,
2991 3192 3040 3244 ει
3091 3190 3187 3244 ἐπὶ
3227 3189 3326 3255 τῆς
3357 3186 3594 3255 ἀοράτου

332 3292 430 3332 nec
460 3276 728 3341 enarrari,
759 3277 900 3330 idem
935 3289 1077 3337 esse,
1101 3289 1163 3329 ea
1184 3273 1398 3343 quidem
1435 3272 1666 3334 ratione,
1691 3288 1808 3342 quae
1837 3273 1924 3332 tali

2034 3293 2130 3346 καὶ
2161 3292 2404 3363 ἀρρήτου
2449 3289 2665 3356 φύσεως
2693 3287 2755 3341 τὸ
2781 3285 2910 3339 αὐτὸ
2949 3282 3013 3354 δὴ
3035 3280 3195 3335 τοῦτό
3235 3281 3385 3331 ἐστιν
3405 3274 3604 3337 οὕτως,

332 3380 540 3422 naturas
570 3368 900 3424 conveniat?
958 3365 1071 3420 Hac
1111 3367 1260 3421 enim
1293 3366 1360 3421 de
1403 3381 1570 3422 causa
1619 3376 1673 3419 et
1722 3365 1922 3419 Paulus

331 3477 456 3518 eum
493 3461 833 3533 splendorem
861 3463 1172 3532 appellavit,
1220 3473 1276 3514 ut
1316 3461 1463 3515 illum
1500 3469 1554 3514 et
1581 3475 1652 3515 ex
1687 3461 1840 3514 Patre
1869 3468 1925 3513 et

332 3554 491 3607 simul
524 3568 644 3608 cum
676 3551 838 3606 Patre
864 3564 1127 3606 aeternum
1155 3553 1571 3607 demonstraret.
1605 3550 1790 3616 Quid?
1817 3566 1922 3603 non

334 3643 528 3698 saecula
564 3659 658 3714 per
685 3644 856 3714 ipsum
883 3644 1020 3699 facta
1067 3654 1194 3699 sunt
1221 3644 1430 3709 omnia,
1472 3653 1528 3698 et
1577 3659 1739 3698 omne
1799 3658 1925 3710 spa-

339 3737 470 3790 tium
496 3736 518 3788 ?
545 3735 777 3790 Necesse
808 3747 889 3791 est
914 3745 984 3799 te,
1019 3736 1121 3790 nisi
1157 3735 1382 3804 desipis,
1409 3737 1459 3788 id
1488 3735 1756 3789 conﬁteri.
1784 3732 1928 3788 Nihil

337 3829 499 3898 igitur
524 3827 754 3883 medium
781 3829 917 3883 inter
942 3827 1136 3882 Filium
1171 3839 1223 3880 et
1255 3825 1494 3882 Patrem.
1526 3826 1679 3893 Quod
1720 3826 1764 3880 si
1797 3826 1929 3879 nihil

337 3920 480 3974 inter
511 3935 604 3974 eos
637 3921 869 3975 medium
902 3921 1214 3985 intercedit,
1251 3919 1424 3974 Filius
1470 3934 1575 3973 non
1606 3926 1688 3972 est
1743 3925 1930 3985 poste-

339 4013 472 4074 rior,
516 4013 609 4068 sed
642 4027 874 4067 retentus
910 4028 1032 4066 cum
1063 4011 1245 4067 Patre.
1282 4012 1350 4064 At
1387 4011 1474 4065 illa
1518 4009 1699 4073 verba,
1728 4018 1849 4064 ante
1879 4018 1933 4062 et

340 4110 477 4174 post,
539 4114 837 4172 temporum
870 4101 1209 4156 dill'erentias
1248 4101 1514 4166 indicant,
1551 4111 1604 4155 et
1670 4102 1786 4155 sine
1826 4115 1930 4152 sae-

345 4196 465 4250 culo
509 4205 560 4248 et
598 4205 839 4263 tempore
875 4193 1022 4252 nulla
1053 4202 1199 4247 sunt.
1229 4191 1587 4261 Temporibus
1645 4201 1824 4245 autem
1878 4197 1934 4243 et

345 4287 556 4342 excolis
578 4287 822 4355 superior
853 4295 935 4340 est
963 4285 1120 4342 Deus.
1151 4283 1266 4339 iam
1293 4286 1337 4340 si
1360 4283 1484 4339 Filii
1513 4283 1833 4353 principium
1857 4281 1938 4335 ais

347 4379 572 4432 omnino
603 4375 1056 4444 comprehensum
1080 4391 1221 4442 esse,
1257 4376 1376 4430 vide
1406 4391 1473 4430 ne
1505 4375 1694 4430 eadem
1730 4372 1937 4427 ratione

346 4481 402 4524 et
429 4481 743 4541 argumento
774 4471 986 4540 cogaris
1034 4481 1087 4524 et
1124 4467 1340 4523 Patrem
1386 4467 1486 4523 sub
1519 4467 1786 4536 principio
1839 4479 1936 4517 an-

348 4563 583 4631 tiquiore
613 4561 854 4630 quidem,
904 4561 996 4616 sed
1058 4561 1320 4630 principio
1353 4569 1530 4615 tamen
1590 4560 1938 4614 constituere.

353 4656 447 4710 Dic
474 4655 615 4709 enim
648 4651 804 4718 mihi,
832 4667 1013 4707 nonne
1061 4651 1350 4706 terminum
1380 4651 1669 4722 quemdam
1709 4660 1765 4705 et
1791 4649 1940 4722 prin-

351 4747 548 4815 cipiunt
614 4745 684 4798 ita
743 4745 1012 4814 praeponis
1067 4743 1228 4809 Filio,
1258 4750 1317 4798 ut
1369 4746 1436 4797 ah
1467 4758 1532 4799 eo
1567 4758 1783 4797 sursum
1821 4756 1944 4811 pro-

354 4840 614 4908 grediaris
640 4839 704 4893 ad
737 4838 993 4893 Patrem?
1022 4836 1113 4892 Sic
1141 4844 1389 4908 apparet.
1423 4835 1519 4890 Dic
1541 4836 1706 4905 igitur
1729 4843 1783 4889 et
1811 4833 1940 4888 illttd

357 4929 511 4997 mihi,
579 4940 782 4999 quanto
821 4929 993 5000 spatio
1039 4929 1199 4986 Pater
1251 4928 1558 4983 antecedat.
1614 4926 1750 4982 Nam
1819 4927 1938 4981 sive

357 5036 581 5092 parvum
614 5023 726 5076 sive
778 5038 1035 5094 magnum
1097 5021 1390 5092 protuleris
1446 5020 1814 5082 intervallum,
1850 5019 1948 5071 sub

359 5111 624 5182 priuetpio
661 5110 872 5166 Patrem
909 5111 1220 5188 collocabis.
1269 5109 1620 5177 PerSpicuum
1674 5110 1818 5163 enim
1867 5117 1952 5162 est

361 5214 416 5258 te
453 5204 686 5275 spatium
721 5205 777 5260 in
809 5205 985 5260 medio
1015 5204 1385 5272 interiectum,
1417 5218 1512 5256 seu
1551 5217 1803 5271 magnum
1855 5217 1946 5256 seu

361 5313 587 5368 parvum
641 5301 732 5362 sit,
797 5297 1052 5351 dimetiri.
1109 5295 1262 5361 Quod
1309 5294 1424 5348 ﬁeri
1455 5296 1666 5362 nequit,
1703 5293 1804 5346 nisi
1883 5309 1946 5346 ex

362 5399 592 5456 utraque
627 5398 779 5459 parte
810 5387 1132 5458 principium
1165 5373 1523 5456 aliquod’sit.
1581 5385 1946 5450 Quamobrem

365 5481 622 5546 etoPatri,
681 5487 945 5549 quantum
1004 5479 1146 5533 inte
1198 5486 1301 5540 est,
1358 5477 1680 5546 principium
1730 5477 1945 5531 dedisti.

367 5571 435 5627 Ut
459 5575 571 5642 jam
612 5586 706 5642 per
731 5585 825 5625 vos
860 5585 925 5624 ne
969 5569 1128 5624 Pater
1151 5569 1365 5638 quidem
1408 5571 1526 5624 s‘ne
1558 5569 1821 5640 principio
1853 5569 1944 5624 sit.

896 5662 980 5717 Ea:
1017 5663 1195 5717 eodem
1238 5661 1392 5719 libro.

437 5755 690 5808 Libenter
715 5756 782 5808 ah
808 5755 926 5811 istis
956 5755 1046 5827 qui
1073 5755 1526 5826 contradicttntet
1550 5753 1676 5808 illud
1701 5754 1945 5810 audirem

439 5845 456 5873 ¹
491 5843 645 5899 Rom.
678 5861 716 5907 ι,
749 5847 800 5900 3.

2026 3385 2103 3448 ώς
2137 3383 2326 3456 ἐκείνῃ
2350 3383 2412 3451 τῇ
2447 3379 2606 3451 οὐσίᾳ
2641 3379 2848 3446 πρέπον
2890 3370 2987 3444 ﬁt);
3026 3373 3126 3424 Διά
3156 3368 3263 3440 γάρ
3297 3385 3378 3420 τοι
3430 3365 3605 3456 τοῦτο

2027 3477 2175 3529 καὶὸ
2201 3455 2411 3537 Παῦλος
2450 3472 2616 3527 αὑτὸν
2661 3469 2834 3531 οὕτως
2869 3465 3118 3530 ἐκάλεσε,
3152 3463 3246 3518 καὶ
3279 3461 3338 3514 τδ
3391 3455 3452 3523 ἐξ
3499 3457 3601 3510 αὑ·

2026 3566 2144 3629 τοῦ,
2175 3567 2266 3621 καὶ
2305 3567 2366 3619 τὸ
2399 3565 2674 3618 συναῖδιον
2710 3557 3018 3631 παριστῶν.
3078 3555 3145 3611 Τί
3188 3553 3267 3618 δὲ,
3305 3549 3428 3604 εἰπέ
3488 3564 3604 3618 μοι,

2029 3658 2154 3729 οὐχὶ
2216 3657 2268 3710 οἱ
2320 3657 2519 3719 αἰῶνες
2569 3655 2638 3709 δι’
2704 3651 2871 3709 αὐτοῦ
2923 3649 3183 3720 γεγόνασι
3244 3643 3469 3705 πάντες,
3512 3637 3609 3691 καὶ

2031 3755 2308 3822 διάστημα
2348 3752 2528 3817 dum;
2577 3749 2822 3817 ’Δνάγκη
2857 3747 3009 3800 πᾶσα
3043 3739 3378 3812 ὁμολογῆσαι
3415 3734 3506 3788 τὸν
3535 3731 3610 3802 μὴ

2033 3847 2443 3914 παραπαίοντα.
2468 3841 2679 3896 Οὐκοῦν
2713 3839 2866 3894 οὐδὲν
2891 3838 3056 3908 μέσον
3083 3831 3214 3886 Υἱοῦ
3242 3832 3338 3884 καὶ
3369 3825 3606 3893 Πατρόςο

2033 3941 2082 3992 εἰ
2111 3940 2164 3993 δὲ
2199 3938 2371 3999 οὐδὲν,
2403 3936 2501 4004 οὐχ
2533 3934 2782 4003 ὕστερος,
2816 3929 2956 3982 ἀλλὰ
3006 3923 3302 3984 συναῖδιος.
3371 3918 3446 3970 Τὸ
3498 3915 3611 3984 γὰρ

2033 4032 2172 4100 πρὸ,
2205 4033 2299 4085 καὶ
2327 4030 2388 4083 τὸ
2415 4029 2568 4098 μετὰ
2593 4067 2606 4090 ,
2633 4025 2843 4096 χρόνων
2874 4020 3012 4074 εἰσιν
3039 4016 3242 4069 ἔννοιαι
3284 4007 3610 4082 δηλωτικαί.

2035 4124 2221 4194 Χωρὶς
2275 4124 2383 4192 γὰρ
2433 4119 2628 4181 αἰῶνος
2676 4115 2710 4184 ἢ
2761 4111 2958 4184 χρόνου
3007 4109 3108 4162 οὐκ
3143 4107 3210 4160 ἂν
3240 4101 3498 4194 δυνηθείη
3527 4115 3612 4163 τις

2036 4215 2211 4270 ταῦτα
2245 4215 2436 4283 νοῆσαι
2485 4211 2556 4264 τὰ
2587 4212 2832 4282 ῥήματα.
2881 4203 3106 4276 Χρόνων
3172 4198 3231 4253 δὲ
3270 4197 3366 4250 καὶ
3399 4193 3616 4248 αἰώνων

2039 4307 2313 4377 ἁνώτερος
2363 4305 2391 4356 ὁ
2440 4302 2596 4362 Θεὸς.
2644 4300 2708 4354 Ei
2734 4299 2792 4353 δὲ
2826 4296 2963 4358 ὅλως
3011 4292 3105 4346 τοῦ
3137 4289 3268 4344 Υἱοῦ
3301 4287 3407 4360 φῂς
3439 4285 3617 4355 ἀρχὴν

2042 4379 2599 4465 κατειλτ,φέναι,’ὃρα
2651 4397 2726 4463 μὴ
2781 4391 2877 4443 καὶ
2933 4387 3026 4439 τὸν
3054 4384 3277 4453 Πατέρα
3309 4379 3415 4434 ὑπο
3444 4377 3620 4446 ἀρχὴν

2045 4489 2408 4560 ἀναγκασθῇς
2432 4488 2660 4556 ἀγαγεῖν
2683 4483 2830 4538 κατά
2867 4478 3057 4535 τοῦτον
3088 4476 3180 4532 τὸν
3208 4473 3368 4540 λόγον
3400 4470 3494 4524 καὶ
3529 4467 3623 4519 τὸν

2045 4582 2332 4653 λογισμὸν,
2368 4579 2754 4652 πρεσϐυτέραν
2789 4574 2912 4646 μὲν,
2947 4570 3124 4642 ἀρχὴν
3175 4567 3232 4621 δὲ
3277 4566 3448 4634 ὅμως.
3487 4561 3625 4653 Eine

2043 4648 2151 4746 γάρ
2183 4648 2294 4745 ttat,
2326 4648 2425 4743 cui
2471 4672 2600 4743 ὅρον
2649 4648 2775 4720 τινὰ
2826 4665 2922 4718 καὶ
2979 4660 3154 4732 ἀρχὴν
3212 4654 3489 4728 προτιθεὶς
3529 4648 3624 4746 τοῦ

2045 4743 2201 4832 Ϋίοὗ,
2222 4767 2364 4821 οὓτω
2388 4764 2598 4836 προῖὼν
2621 4761 2720 4816 ἀπ’
2743 4758 2918 4826 αὐτῆς
2943 4756 3035 4809 ἐπὶ
3063 4754 3125 4806 τὸ
3147 4751 3260 4809 ἄνω
3285 4749 3378 4804 τὸν
3402 4743 3630 4836 Πατέρα

2045 4860 2300 4931 προϊέναι
2335 4833 2556 4925 λέγεις;
2607 4849 2868 4920 Εὔδηλον.
2902 4846 3042 4900 Εἰπὲ
3073 4842 3165 4898 οὖν
3199 4857 3288 4911 μοι
3315 4837 3510 4931 πάλινἒ
3527 4833 3629 4885 πό-

2048 4926 2139 5007 σον
2168 4955 2195 5005 ὁ
2223 4952 2416 5021 Πατὴρ
2445 4945 2794 5019 προῦπάρχει
2819 4959 2834 5008 ;
2873 4941 2974 4993 Ἀν
3002 4955 3062 4991 τε
3093 4936 3203 5004 γὰρ
3235 4932 3434 4999 ὀλίγον,
3481 4926 3548 5021 ἀν
3570 4941 3633 4977 τε

2052 5044 2190 5100 πολὺ
2219 5017 2502 5111 διάστημα
2549 5037 2758 5101 εἴποις,
2789 5033 2898 5088 ὑπὸ
2927 5029 3101 5102 ἀρχὴν
3133 5027 3223 5080 τὸν
3245 5022 3468 5091 Πατέρα
3496 5017 3634 5111 ἠγα-

2054 5153 2171 5204 γες.
2229 5110 2530 5203 Μετρὴσας
2581 5131 2712 5200 γὰρ,
2761 5126 3008 5197 εὔδηλον,
3045 5122 3128 5173 ὅτι
3177 5117 3238 5170 τὸ
3265 5110 3636 5204 μέσονλοῦτως

2054 5201 2236 5291 ὀλίγον
2263 5201 2434 5291 ἐρεῖς,
2485 5221 2519 5288 ἢ
2553 5218 2714 5272 πολύ.
2744 5215 3034 5282 Μετρῆσαι
3061 5209 3118 5261 δὲ
3149 5207 3250 5259 οὐκ
3293 5205 3358 5258 ἂν
3399 5201 3632 5269 γένοιτο,

2055 5313 2403 5385 ἑκατέρωθεν
2437 5311 2603 5381 οὔσης
2636 5309 2830 5378 ἀρχῆς.
2871 5306 3038 5357 Ὥστε
3099 5298 3193 5352 καὶ
3221 5297 3299 5368 τῷ
3335 5291 3634 5385 Πατρὶᾲδέο

2054 5383 2241 5470 δωκαςή
2265 5407 2442 5478 ἀρχὴν
2473 5409 2532 5458 τό
2560 5420 2623 5473 γε
2654 5404 2735 5466 είς
2767 5403 2825 5453 σὲ
2865 5393 3002 5470 ἧκον
3026 5436 3040 5459 ,
3079 5393 3176 5447 καὶ⁸
3199 5391 3300 5446 οὐκ
3332 5389 3487 5442 ἔσται
3521 5383 3635 5438 λοι·

2055 5502 2157 5555 πὺν
2186 5501 2307 5554 οὐδὲ
2335 5503 2362 5552 ὁ
2391 5497 2579 5568 Πατὴρ
2614 5496 2854 5566 ἄναρχος
2876 5489 3000 5544 καθ’
3029 5488 3195 5558 ὑμᾶς.

2403 5657 2497 5708 Ἐκ
2531 5653 2642 5722 τῆς
2675 5651 2866 5720 αὐτῆς
2891 5647 3278 5712 ἀκολουθίας.

2138 5751 2340 5812 Ἡδέως
2369 5748 2412 5801 δ’
2454 5749 2518 5800 ειν
2565 5747 2786 5812 κὰκ-εῖλο
2811 5743 3043 5814 ἐροίμην
3079 5740 3206 5800 τοὺς
3250 5733 3634 5802 ἀντιλέγοντας
