4064 6384
303 375 402 437 Bi'l

1265 380 1645 442 PANOPLIA
1692 381 2157 446 DOGMATICA.
2189 409 2258 417 -
2297 383 2450 448 TiT.
2488 384 2588 448 ΧῘ.

3452 388 3563 451 6M

307 486 434 555 ἡμῖν
455 497 468 511 ·
500 481 559 534 τί
584 482 719 537 ποτέ
738 485 858 537 ἐστι
886 484 946 539 τὺ
975 485 1128 559 παρὰ
1160 488 1237 555 τῷ
1268 492 1526 561 προφήτῃ
1557 490 1876 560 λεγόμενον,

2006 489 2240 554 μιὶάείιιὶ
2284 492 2446 545 velint
2487 510 2547 544 ea
2595 492 2871 562 propheta:
2918 492 3081 546 vcrla
3126 494 3306 546 :Anle
3340 509 3419 547 me
3464 512 3569 549 non

306 585 383 647 τὸ,
419 584 811 651 Ἐμπιοσθέν
841 601 959 651 μου
992 586 1104 638 οὐκ
1151 585 1389 654 ἐγένετο
1459 586 1651 651 ἀλλος
1715 585 1881 650 Θεὸς,

306 680 401 727 καὶ
433 673 562 742 μετ’
589 673 698 741 ἐμὲ
722 676 835 728 οὐκ
863 676 1035 730 ἔσται
1056 692 1073 738 ;
1098 671 1243 748 Ἄρα
1283 679 1612 748 ἀναιρήσετε
1662 678 1755 731 καὶ
1783 677 1885 729 αὺ-

305 770 405 834 τὴν
448 764 542 818 τοῦ
591 765 943 834 Μονογενοῦς
987 770 1086 837 τὴν
1138 769 1363 835 οῦσίανς
1414 771 1656 840 ’Δνάγκη
1711 770 1883 841 γὰρῆ

304 857 469 909 τοῦτο
498 857 733 927 τολμᾷν,
786 859 818 927 ἢ
874 860 1004 927 μίαν
1060 861 1471 929 παραδέξασθαι
1511 862 1610 932 τὴν
1653 863 1886 934 θεότητα

303 953 365 1003 ἑν
402 949 561 1012 ἰδίαις
593 949 929 1003 ὑποστάσεσι
962 951 1174 1021 Πατρδς
1210 952 1306 1007 καὶ
1346 954 1503 1010 Υἱοῦ.
1536 955 1647 1010 Ποῦ
1669 956 1724 1009 δὲ
1752 956 1888 1020 ὅλως

300 1046 363 1099 τό
386 1062 401 1074 ·
434 1045 639 1100 Πάντα
663 1046 739 1100 δι’
764 1045 953 1101 αὑτοῦ
974 1047 1232 1115 ἐγένετο,
1250 1048 1448 1119 ἀληθές
1474 1067 1489 1115 ;
1518 1050 1580 1103 El
1603 1050 1711 1119 γάρ
1740 1052 1888 1105 ἐστιν

300 1139 447 1193 αἰὼν
486 1138 655 1192 αὐτοῦ
706 1140 1100 1210 πρεσϐύτερος,
1133 1140 1250 1203 πῶς
1280 1143 1347 1195 ἂν
1381 1146 1409 1195 ὁ
1462 1143 1569 1214 πρὸ
1621 1143 1789 1197 αὐτοῦ
1821 1144 1889 1197 δι’

299 1230 477 1284 αὑτοῦ
506 1232 875 1301 γεγενημένος
904 1233 991 1302 εἴη
1018 1249 1033 1297 ;
1077 1232 1265 1304 Ὁρᾶτε
1298 1235 1376 1297 si;
1401 1235 1531 1305 ὅσην
1558 1235 1765 1305 τόλμαν
1786 1236 1888 1288 αὖ·

302 1322 457 1383 τοὺς,
498 1320 649 1386 ἅπαξ
702 1322 1174 1392 παρακινηθείσης
1206 1323 1306 1392 τῆς
1344 1324 1622 1393 ἀληθείας,
1650 1327 1679 1378 ὁ
1733 1326 1891 1393 λόγος

303 1413 553 1483 ἐξήγαγε
579 1431 594 1479 ;
624 1413 778 1466 Διατὶ
816 1415 925 1483 γὰρ
957 1416 1057 1467 οὐκ
1093 1411 1246 1468 εἶπεν
1288 1418 1316 1468 ὁ
1346 1416 1761 1488 εῦαγγελιστὴς,
1808 1421 1890 1473 ὅτι

307 1505 367 1567 ἐξ
404 1504 507 1555 οὐκ
537 1504 704 1557 ὄντων
737 1506 974 1573 ἑγένετο,
1001 1506 1253 1573 καθάπερ
1277 1509 1406 1579 περὶ
1443 1510 1662 1563 πάντων
1682 1513 1711 1563 ό
1746 1511 1895 1564 Παῦ-

305 1593 400 1654 λος
419 1596 780 1661 ἀποφαίνεται
801 1596 973 1664 λέγων
988 1596 1181 1661 οὕτως’
1198 1598 1261 1651 '0
1282 1598 1545 1666 καλέσας
1565 1604 1635 1654 τὰ
1652 1601 1795 1655 ὄντα
1811 1602 1892 1668 ὡς

304 1684 393 1753 μὴ
427 1686 591 1749 ὄντα,
614 1686 875 1753 ἀλλ’,Ἐν
907 1688 1066 1757 ἀρχῇ
1093 1685 1191 1758 ἦν,
1221 1690 1357 1761 φησι
1374 1708 1389 1755 ;
1414 1693 1584 1745 Τοῦτο
1611 1694 1719 1762 γὰρ
1741 1696 1892 1748 ἐναν-

309 1778 430 1827 τίον
454 1778 670 1846 ἐκείνῳ,
699 1778 795 1831 καὶ
818 1779 964 1848 μάλα
995 1782 1243 1842 εἰκότως.
1279 1781 1410 1843 Θεὸς
1440 1784 1549 1853 γὰρ
1593 1782 1717 1837 οὔτε
1748 1785 1892 1851 γίνε-

310 1884 430 1925 ται,
464 1865 586 1920 οὔτε
611 1867 723 1938 ἔχει
754 1886 806 1921 τι
860 1871 1254 1944 πρεσϐύτερον.
1297 1875 1459 1928 Ἀλλὰ
1494 1876 1669 1930 ταῦτα
1704 1878 1890 1945 Ἐλλή-

316 1946 700 2029 νωνηρήματα.
745 1961 880 2014 Εἰπὲ
910 1963 972 2034 δή
1004 1981 1094 2033 μοι
1129 1969 1372 2033 κάκεῖνο,
1400 1969 1492 2021 τὸν
1522 1971 1745 2041 κτίστην
1784 1972 1892 2023 τῶν

318 2051 495 2120 ἔργων
531 2054 880 2122 ἀσυγκρέτως
907 2055 1199 2127 ὑπερέχειν
1244 2059 1421 2124 εἴποις
1447 2062 1510 2115 ἄν
1532 2078 1549 2127 ;
1588 2064 1758 2117 ’Ὅταν
1800 2059 1894 2118 οῦν

320 2143 508 2203 αὐτοῖς
538 2143 723 2211 ὅμοιον
765 2139 799 2216 ᾖ
840 2146 901 2197 τὸ
930 2146 989 2212 ἐξ
1016 2148 1114 2200 οὐκ
1147 2150 1339 2214 ὄντων,
1368 2152 1469 2205 ποῦ
1498 2154 1531 2223 ἠ
1563 2155 1896 2225 ἀσύγκριτος

321 2234 603 2305 {inspexi};
654 2237 712 2288 El
772 2237 874 2290 οὐκ
930 2237 1047 2292 ἔστι
1098 2244 1364 2306 συναϊδιος
1405 2244 1480 2314 τῷ
1523 2247 1720 2319 Πατρὶ,
1779 2251 1896 2312 πῶς

321 2324 555 2393 ἄπειρον
584 2326 751 2381 αὐτοῦ
778 2328 877 2397 τὴν
909 2330 1054 2399 ζωὴν
1076 2335 1221 2403 ἐρεῖς
1249 2351 1263 2399 ;
1295 2337 1356 2389 Et
1389 2338 1499 2408 γὰρ
1548 2341 1723 2411 ἀρχὴν
1757 2342 1897 2396 ἄνω-

321 2417 414 2469 θεν
441 2416 575 2486 ἔχει,
606 2419 710 2472 κᾶν
730 2421 1089 2493 ἁτελεύτητος
1121 2423 1175 2500 ᾖ,
1207 2425 1432 2499 ἄπειρος
1458 2431 1608 2500 ὅμως
1634 2433 1733 2485 οὐκ
1755 2433 1871 2488 ἔστι

320 2509 394 2561 Τὸ
426 2511 535 2582 γὰρ
563 2512 791 2584 ἄπειρον
825 2517 1165 2590 ἑκατέρωθεν
1208 2518 1346 2577 εἶναι
1381 2528 1507 2598 χρή.
1539 2527 1720 2601 Ὅπερ
1744 2530 1837 2584 οῦν
1870 2533 1898 2584 ὀ

324 2603 539 2666 Παῦλος
580 2605 755 2675 δηλῶν
784 2608 937 2677 ἔλεγε
963 2627 978 2641 ·
1022 2613 1176 2684 Μήτι
1235 2615 1413 2686 ἀρχὴν
1457 2620 1702 2689 ἡμερῶν,
1761 2624 1898 2692 μήτε

324 2694 472 2764 ζωῆς
506 2696 659 2761 τέλος
713 2699 875 2770 ¹έχων,
909 2703 969 2755 τό
1011 2722 1071 2756 τε
1116 2706 1352 2777 ἄναρχον
1396 2711 1491 2762 καὶ
1537 2712 1901 2782 ἀτελεύτητον

322 2785 519 2857 δηλῶν.
553 2789 768 2859 Ὠσπερ
801 2792 911 2862 γὰρ
966 2795 1128 2849 τοῦτο
1180 2798 1279 2851 οὐκ
1325 2799 1440 2869 ἔχει
1484 2803 1681 2872 πέρας,
1729 2803 1902 2868 οὕτως

323 2879 447 2932 οὐδὲ
481 2881 688 2935 ἐκεῖνο.
726 2881 865 2936 Οῦτε
924 2885 1035 2953 γὰρ
1089 2889 1322 2943 ἐνταῦθα
1367 2892 1545 2955 τέλος,
1608 2895 1733 2948 οὗτε
1789 2898 1905 2950 ἐκεῖ

319 2970 488 3039 ἁρχὴ.
540 2972 664 3034 Πῶς
710 2973 767 3026 δὲ
799 2974 914 3044 ζωὴ
964 2977 1060 3045 ὢν,
1103 2976 1174 3050 ἦν
1215 2982 1303 3035 ὅτε
1357 2984 1457 3037 οὐκ
1492 2980 1599 3056 ἦνς
1635 2986 1747 3058 Τὴν
1796 2990 1902 3062 γὰρ

320 3062 475 3149 ζωὴν
500 3063 596 3119 ἀεί
619 3082 679 3118 τε
710 3065 871 3131 εἶναι,
900 3071 998 3123 καὶ
1047 3074 1298 3145 ἀνάρχως
1327 3073 1491 3140 εἶναι,
1532 3081 1627 3133 καὶ
1678 3082 1906 3133 ἀτελευ-

1990 582 2089 648 [ιιὶι
2114 581 2252 635 alius
2276 584 2435 649 Dens,
2456 601 2548 637 nec
2569 587 2665 639 erit
2692 595 2807 650 post
2828 601 2910 638 me
2929 585 2967 637 ¹.
2995 585 3132 639 Num
3158 586 3448 641 essentiam
3474 605 3570 641 ne-

1989 673 2183 741 gabitis
2240 674 2562 746 Unigeniti?
2628 674 2859 730 Necesse
2888 676 3031 730 enim
3080 686 3161 731 est
3217 685 3277 730 ut
3333 677 3415 731 vel
3465 678 3570 731 hoc

1990 767 2249 831 audeatis,
2281 767 2363 819 rel
2398 780 2559 818 unam
2612 766 2922 835 suscipiatis
2974 765 3026 818 in
3059 767 3305 833 personis
3335 766 3569 836 propriis

1992 858 2168 914 Patris
2196 871 2246 913 ct
2279 859 2396 913 ltilii
2432 857 2799 913 divinitatem.
2831 858 2949 924 Quo
2979 868 3154 921 autem
3185 869 3341 928 pacto
3374 873 3566 913 verum
3599 896 3609 907 .

1990 943 2118 996 illud
2148 962 2160 997 :
2193 944 2386 999 Omnia
2427 961 2520 1013 per
2554 947 2723 1013 ipsum
2772 946 2915 1016 facta
2966 947 3125 1000 sunt’
3154 947 3176 1000 ?
3232 948 3367 1001 Nam
3399 948 3442 1003 si
3477 947 3572 1001 illo

1989 1036 2245 1091 saeculum
2276 1050 2358 1093 est
2389 1039 2680 1106 antiquius,
2708 1042 2977 1108 quomodo
3040 1041 3181 1107 quod
3211 1048 3337 1095 ante
3391 1041 3568 1111 ipsum

1990 1135 2094 1189 cst.
2131 1143 2226 1196 per
2252 1143 2375 1182 eum
2405 1128 2519 1184 ﬁeri
2567 1130 2785 1198 potuit?
2825 1128 3014 1185 Videte
3044 1131 3110 1185 ad
3157 1143 3414 1200 quamam
3470 1145 3572 1184 au-

1991 1222 2198 1276 daciam
2232 1222 2395 1275 semel
2431 1238 2460 1276 a
2489 1223 2731 1277 veritatis
2761 1225 2967 1279 ratione
3004 1224 3336 1279 declinantes
3385 1237 3577 1293 perve-

1993 1314 2190 1368 nerint.
2224 1314 2338 1369 Cur
2371 1316 2512 1369 enim
2545 1316 2874 1385 evangelista
2912 1332 3015 1371 non
3073 1318 3231 1383 dixit,
3284 1333 3408 1372 eum
3451 1332 3578 1373 cum

1992 1415 2149 1459 antea
2183 1422 2285 1460 non
2310 1419 2476 1472 esset,
2507 1406 2674 1463 fuisse
2704 1408 2948 1463 factum?
2978 1409 3030 1463 id
3090 1410 3232 1479 quod
3269 1411 3335 1464 de
3400 1410 3581 1463 cumi-

1993 1499 2093 1553 bus
2122 1502 2431 1569 pronuntiat
2453 1501 2678 1556 Paulus:
2716 1501 2939 1567 Vocans,
2970 1502 3239 1571 inquiens,
3268 1519 3327 1557 ea
3351 1517 3586 1571 quianon

1994 1600 2138 1654 sunt,
2167 1600 2414 1661 tanquam
2434 1592 2616 1646 siut'?
2643 1593 2737 1647 sed
2768 1595 2911 1663 quod
2942 1594 3065 1647 huic
3094 1593 3424 1648 contrarium
3457 1603 3539 1648 est
3564 1608 3580 1645 :

1998 1681 2062 1736 In
2116 1686 2396 1753 principio,
2436 1686 2629 1755 inquit,
2656 1687 2827 1740 “erat?
2874 1687 3009 1752 Quia
3049 1700 3133 1741 res
3173 1686 3246 1739 ita
3307 1685 3588 1754 poscebat.

1999 1776 2138 1831 Deus
2169 1778 2310 1830 enim
2372 1792 2470 1833 nec
2525 1779 2604 1841 lit,
2639 1793 2738 1832 nec
2768 1779 2929 1833 habet
2959 1779 3253 1848 quidquam
3287 1780 3583 1849 antiquius.

1996 1869 2101 1923 Sed
2135 1871 2247 1924 haec
2272 1868 2585 1925 Grtecorum
2616 1880 2745 1925 sunt
2776 1874 2958 1926 verba.
3016 1873 3110 1926 Dic
3146 1872 3311 1942 igitur
3340 1881 3393 1926 et
3451 1870 3587 1926 ιιιωι

1997 1962 2126 2014 mihi
2163 1980 2175 2016 :
2214 1961 2406 2017 Nonne
2439 1973 2757 2033 procreatur
2822 1964 2985 2018 rebus
3022 1966 3317 2033 procreatis
3348 1965 3427 2018 sic
3482 1979 3585 2017 an-

1999 2054 2215 2117 tecellit,
2255 2063 2313 2108 ut
2360 2069 2482 2108 cum
2532 2054 2635 2109 illis
2670 2067 2901 2126 nequeat
2956 2056 3311 2127 comparari?
3354 2054 3590 2110 Ubinam

1997 2145 2163 2216 igitur
2190 2147 2292 2201 erit
2329 2148 2440 2201 haec
2464 2148 2804 2213 excellentia,
2835 2148 2879 2203 si
2909 2148 3053 2219 quod
3088 2165 3151 2202 ex
3187 2148 3351 2202 nihilo
3382 2148 3585 2202 factum

1998 2246 2100 2294 est.
2132 2239 2179 2293 ei
2213 2239 2421 2292 dicatur
2449 2240 2659 2295 simile?
2681 2241 2736 2295 Si
2764 2241 2932 2295 Filius
2964 2256 3068 2295 non
3098 2252 3180 2295 est
3206 2250 3440 2295 aeternus
3463 2255 3588 2295 cum

2000 2328 2182 2394 Patre,
2210 2328 2477 2399 quomodo
2514 2330 2778 2384 inlinitam
2820 2346 2940 2385 esse
2995 2332 3143 2385 dices
3202 2331 3363 2383 vitam
3393 2329 3537 2384 illius
3566 2328 3595 2382 ΐ

2004 2424 2058 2478 Si
2091 2426 2231 2479 enim
2268 2439 2297 2476 a
2327 2436 2479 2494 parte
2519 2424 2787 2492 superimi
2833 2424 3156 2493 principium
3215 2424 3398 2487 habet,
3464 2425 3592 2479 licet

2003 2532 2106 2571 non
2142 2519 2335 2572 habeat
2363 2520 2544 2581 linem,
2577 2533 2681 2571 non
2713 2526 2797 2571 est
2828 2516 3087 2569 inﬁnitus.
3135 2515 3408 2569 Inﬁnitum
3440 2517 3588 2571 enim

2005 2610 2257 2677 utrinque
2281 2612 2514 2679 termino
2547 2602 2754 2673 careat,
2787 2624 3008 2663 necesse
3038 2618 3140 2661 est.
3182 2608 3336 2673 Quod
3361 2608 3584 2678 quidem

2006 2700 2201 2755 Paulus
2249 2702 2565 2764 declaravit,
2611 2718 2731 2754 cum
2758 2701 3000 2753 diceret:
3039 2699 3219 2770 Neque
3241 2700 3587 2756 initiumdis-

2006 2810 2119 2847 rum
2148 2810 2310 2861 neque
2351 2795 2469 2847 vita:
2501 2795 2656 2862 ﬁnem
2682 2793 2871 2845 habens
2911 2793 2954 2847 ’⁵.
2992 2792 3083 2846 Sic
3112 2792 3256 2846 enini
3289 2792 3585 2858 infinitum,

2005 2886 2149 2952 quod
2191 2898 2243 2937 et
2269 2887 2516 2955 principii
2547 2896 2599 2939 et
2628 2886 2746 2938 ﬁnis
2776 2898 2969 2953 expers
3000 2895 3143 2939 esset
3174 2886 3434 2950 ostendit,
3462 2901 3584 2939 cum

2009 2988 2198 3030 neutra
2238 2993 2302 3029 ex
2346 2987 2499 3046 parte
2537 2978 2765 3031 termino
2805 2978 3179 3041 concludatur,
3236 2979 3493 3048 quoniam
3516 2990 3588 3029 ex

2009 3070 2176 3126 altera
2204 3073 2325 3135 line,
2366 3087 2431 3126 ex
2456 3072 2619 3127 altera
2650 3072 2917 3144 principio
2946 3085 3147 3127 careat.
3176 3072 3293 3126 Jam
3328 3087 3452 3126 cum
3480 3074 3592 3127 vita

321 3154 527 3246 τήτως,
554 3156 759 3222 πάντες
789 3162 854 3215 ἂν
880 3162 1296 3237 ὁμολογήσαιεν,
1321 3170 1372 3222 ετ
1387 3186 1448 3237 γε
1469 3170 1636 3235 ὅντως
1659 3173 1743 3244 εἴη
1768 3173 1899 3244 ζωὴ,

2008 3163 2100 3229 sit,
2132 3163 2403 3232 quomodo
2437 3165 2537 3218 fuit
2581 3181 2819 3233 unquam
2879 3180 3141 3246 cumnon
3173 3164 3358 3218 esset?
3412 3164 3586 3218 Vitam

325 3245 513 3319 ὥσπερ
543 3248 638 3301 οὖν
666 3251 761 3303 καὶ
794 3254 965 3309 ἔστιν.
1002 3256 1065 3308 El
1103 3257 1158 3310 δὲ
1186 3257 1355 3325 ἐστιν,
1382 3260 1471 3313 ὅτε
1497 3262 1596 3316 οὐκ
1625 3264 1763 3327 ἐστι,
1789 3269 1906 3331 πῶς

324 3338 391 3391 ἄν
414 3340 501 3409 εῐη
536 3340 651 3412 ζωὴ
679 3343 789 3396 τῶν
823 3345 1001 3399 ἄλλων
1055 3350 1194 3421 αὑτὴ
1256 3352 1386 3404 ποτὲ
1419 3353 1518 3407 οὐκ
1555 3352 1728 3424 οῦσα;
1777 3358 1907 3422 Πῶς

326 3428 442 3492 οὖν,
486 3432 678 3501 φησὶν,
736 3435 908 3505 ἀρχὴν
943 3436 1140 3507 ἔθηκεν
1182 3442 1210 3493 ὁ
1240 3442 1633 3515 εὐαγγελιστὴς
1692 3446 1899 3500 εἰπών’

342 3520 448 3573 Ἐν
472 3522 635 3593 ἀρχῇ
654 3519 775 3595 ἧν;
800 3528 871 3579 Τὸ
895 3528 962 3580 ἐν
984 3528 1144 3599 ἀρχῇ
1165 3534 1490 3605 προσέσχες,
1527 3539 1620 3589 καὶ
1651 3539 1711 3590 τὸ
1732 3538 1830 3591 καὶ
1868 3544 1902 3594 d

651 3617 755 3669 οὐκ
784 3617 1007 3683 ἐννοεῖς.
1046 3622 1111 3674 Τί
1144 3624 1221 3688 δὲ,
1259 3626 1388 3679 ὅταν
1416 3629 1541 3694 περὶ
1570 3629 1663 3681 τοῦ
1694 3632 1906 3701 Πατρὸς

352 3699 382 3751 ὁ
414 3701 681 3778 Προφήτης
716 3708 849 3781 λέγῃ
873 3727 887 3743 ο
933 3713 1067 3769 Ἀπὸ
1115 3717 1221 3772 τοῦ
1252 3719 1467 3786 αἰῶνος
1499 3722 1595 3776 καὶ
1648 3722 1759 3790 ἕως
1799 3699 1907 3779 r013

337 3790 544 3864 αἰῶνος
569 3799 655 3853 σὺ
689 3797 763 3867 el,
798 3799 908 3874 ἆρα
933 3806 1092 3876 ὅρους
1143 3810 1293 3881 αὐτῷ
1326 3812 1495 3875 τιθεὶς
1533 3812 1676 3867 οὕτω
1702 3816 1901 3885 φησίνς

334 3886 619 3956 οὐδαμῶς,
651 3892 794 3947 ἀλλὰ
846 3895 908 3949 τὸ
937 3899 1109 3951 ἀΐδιον
1162 3900 1359 3969 δηλῶν.
1406 3902 1564 3957 Οὕτω
1591 3904 1770 3958 τοίνυν
1812 3909 1906 3960 καὶ

330 3977 564 4036 ἐνταῦθα
607 3985 743 4038 νόει.
796 3987 871 4039 Οὐ
906 3988 1014 4057 γὰρ
1054 3991 1213 4061 ὅρους
1269 3994 1440 4057 τιθεὶς
1472 3995 1633 4048 τοῦτο
1660 3998 1906 4067 εἴρηκεν.

328 4070 465 4124 Οὐδὲ
498 4074 612 4145 γὰρ
648 4074 824 4143 εἶπεν,
869 4080 1070 4152 Ἀρχὴν
1103 4083 1283 4154 ἔσχεν,
1332 4085 1468 4153 ἀλλ’,
1513 4089 1601 4140 Ἐν
1627 4089 1767 4159 ἀρχῇ
1815 4086 1905 4160 ἦν,

328 4164 725 4232 παραπέμπων
765 4185 825 4220 σε
882 4171 972 4223 ἐπὶ
1007 4173 1068 4225 τὸ
1112 4172 1350 4245 ἄναρχον
1382 4178 1584 4230 ἐννοεῖν
1616 4178 1708 4233 τὸν
1760 4179 1905 4236 Υἱόν.

341 4254 484 4308 Ἀλλ’
516 4259 653 4321 ἰδοὺ,
688 4262 873 4331 φησὶν,
910 4264 937 4315 ὁ
965 4264 1154 4335 Πατὴρ
1179 4265 1312 4329 Θεὸς
1368 4270 1507 4337 μετὰ
1538 4269 1638 4339 τῆς
1677 4271 1771 4324 τοῦ
1802 4274 1908 4342 ἄρ-

331 4347 463 4415 θρου
493 4352 821 4423 προσθήκης
847 4354 1091 4424 εἴρηται,
1129 4359 1156 4408 ὁ
1184 4357 1241 4409 δὲ
1280 4358 1409 4421 Υἱὸς
1452 4361 1623 4429 χωρὶς
1674 4363 1901 4435 ταύτης.

2010 3256 2151 3309 enim
2187 3264 2242 3308 et
2290 3270 2503 3324 semper
2528 3271 2670 3321 esse,
2704 3265 2758 3311 et
2825 3257 3087 3327 principio
3138 3272 3201 3313 ac
3242 3259 3347 3311 line
3401 3270 3591 3312 carete

2008 3362 2199 3402 omnes
2226 3348 2651 3403 conﬁtebuntur.
2691 3349 2795 3415 Qui
2827 3348 2968 3401 enim
2996 3357 3142 3403 esset
3188 3349 3417 3402 aliorum
3458 3349 3593 3411 vita,

2008 3439 2054 3491 si
2082 3440 2196 3508 ipsa
2229 3440 2517 3507 aliquando
2547 3456 2648 3492 non
2674 3440 2854 3493 esset?
2880 3441 2987 3491 Cur
3012 3441 3191 3508 igitur,
3223 3440 3422 3508 inquis.
3450 3441 3599 3509 prin-

2008 3532 2205 3599 cipium
2233 3532 2421 3585 statuit
2448 3532 2778 3597 evangelista
2818 3548 2831 3584 :
2853 3531 2916 3584 In
2936 3533 3194 3600 principio
3217 3541 3353 3597 erat,
3376 3533 3558 3585 dicens
3577 3532 3602 3583 2

2009 3620 2086 3674 Tu
2119 3635 2303 3675 vocem
2342 3621 2484 3675 illam
2522 3638 2537 3674 :
2571 3621 2635 3675 In
2663 3625 2945 3691 principio,
2979 3625 3311 3693 consideras,
3362 3637 3460 3677 nec
3511 3630 3600 3676 at-

2011 3714 2186 3767 tendis
2222 3714 2350 3783 quid
2376 3727 2655 3782 sequatur.
2690 3713 2755 3767 In
2781 3717 3037 3784 principio
3064 3715 3230 3779 enim,
3269 3714 3462 3782 inquit,
3482 3723 3602 3767 erat

2024 3803 2267 3859 Verbum.
2304 3806 2483 3870 Quid?
2534 3823 2656 3862 cum
2698 3807 2765 3862 de
2831 3804 2990 3860 Patre
3032 3806 3301 3875 Propheta
3356 3806 3599 3861 dicitzA

2008 3894 2200 3948 sarculo
2233 3912 2391 3966 usque
2419 3895 2470 3949 in
2498 3894 2749 3949 saxulum
2782 3904 2835 3947 tu
2870 3911 2923 3948 es
2958 3896 3002 3960 ',
3042 3911 3169 3948 num
3206 3895 3472 3949 terminos
3519 3895 3603 3951 illi

2009 3997 2254 4041 statuens
2285 3988 2357 4040 ita
2390 3986 2667 4056 loquitur?
2733 3983 2955 4040 Minime
3013 4000 3163 4051 vero,
3192 3988 3287 4041 sed
3335 3998 3600 4039 aeternum

2009 4082 2302 4151 signiﬁcat.
2336 4082 2428 4135 Sic
2459 4082 2623 4133 etiam
2655 4081 2759 4135 hoc
2790 4081 2911 4135 loco
2959 4082 3158 4151 cogita.
3200 4079 3388 4136 Nullos
3452 4081 3599 4135 enim

2013 4176 2144 4229 lines
2172 4174 2530 4244 prmscribens
2556 4174 2625 4226 ita
2649 4172 2857 4226 locutus
2887 4183 2989 4226 est.
3026 4173 3209 4241 Neque
3240 4174 3384 4228 enim
3421 4174 3556 4227 dixit
3582 4188 3600 4227 :

2009 4266 2254 4321 Habebat
2309 4266 2654 4335 principium,
2685 4266 2777 4319 sed
2821 4284 2834 4320 :
2897 4266 2962 4319 In
3018 4267 3275 4336 principio
3332 4276 3470 4332 erat,
3503 4268 3603 4321 du-

2011 4374 2139 4414 cens
2175 4370 2225 4413 te
2256 4359 2405 4421 illuc,
2438 4369 2498 4410 ut
2531 4357 2647 4411 sine
2679 4358 2942 4427 principio
2974 4357 3168 4412 Filium
3202 4360 3430 4425 cogites.
3500 4357 3607 4413 So-d

330 4440 396 4492 Τί
460 4441 594 4508 οῦνς
627 4444 756 4497 ὅταν
803 4448 829 4498 ὁ
886 4448 1207 4512 ’Ᾱπὸστολος
1256 4451 1427 4523 λέγῃ*
1470 4453 1579 4507 Τοῦ
1632 4457 1899 4524 μεγάλου

2013 4466 2162 4515 ecce,
2196 4452 2395 4518 inquis,
2432 4464 2552 4503 cum
2602 4448 2816 4503 Patrem
2875 4451 3009 4503 dicit
3071 4451 3259 4513 Deum,
3316 4450 3604 4503 articulum

333 4532 484 4585 Θεοῦ
516 4533 617 4587 καὶ
669 4533 945 4606 Σωτῆρος
997 4539 1169 4610 ἡμῶν
1219 4541 1425 4611 Ἰησοῦ
1476 4546 1777 4614 Χριστοῦ’
1816 4552 1910 4603 καὶ

329 4625 523 4691 πάλιν,
566 4628 629 4681 '0
656 4628 743 4684 ὢν
773 4630 869 4684 ἐπὶ
902 4633 1147 4687 πάντων
1180 4637 1347 4703 Θεός.
1383 4637 1513 4692 Ἰδοὺ
1537 4638 1645 4709 γὰρ
1678 4642 1912 4696 ἐνταῦθα

331 4718 391 4769 οὐ
427 4720 605 4789 χωρὶς
643 4722 740 4774 τοῦ
772 4723 977 4793 ἄρθρου
1007 4727 1103 4779 τοῦ
1138 4726 1273 4779 Υῑοῦ
1325 4728 1730 4800 ἐμνημόνευσε.
1762 4737 1917 4790 Ποιεῖ

331 4811 389 4863 δὲ
417 4814 513 4865 καὶ
552 4810 714 4868 τοῦτο
748 4818 841 4869 καὶ
871 4819 963 4871 ἐπὶ
994 4817 1090 4872 τοῦ
1116 4820 1355 4891 Πατρός.
1387 4824 1694 4897 Τοιγαροῦν
1722 4829 1915 4884 Φιλιπ-

331 4904 555 4971 πησίοις
580 4908 915 4961 ἐπιστέλλων
946 4910 1093 4965 οὕτω
1117 4918 1283 4984 φησίν
1302 4932 1315 4946 ·
1349 4917 1443 4979 Ὃς
1473 4919 1530 4970 ὲν
1560 4923 1743 4992 μορφῇ
1775 4922 1912 4976 Θεοῦ

332 4995 623 5067 ὑπάρχων,
664 4999 765 5069 οὐχ
795 5000 1089 5073 ἁρπαγμὸν
1124 5006 1371 5075 ἡγήσοιτο
1399 5008 1461 5061 τὸ
1490 5005 1629 5063 εἶναι
1658 5013 1746 5065 ἴσα
1768 5013 1910 5084 Θεῷ.

333 5086 446 5138 Καὶ
497 5087 792 5158 Ῥωμαίοις
836 5090 892 5143 δὲ
927 5092 1124 5145 πάλινσ
1152 5093 1335 5161 Χάρις
1368 5096 1513 5164 ὑμῖν
1557 5098 1656 5151 καὶ
1703 5102 1912 5170 εἰρήνη

331 5177 452 5229 ἀπὸ
482 5180 630 5232 Θεοῦ
662 5184 893 5249 Πατρὸς
926 5183 1118 5252 ἡμῶν,
1144 5185 1241 5238 καὶ
1274 5187 1496 5254 Κυρίου
1547 5190 1751 5256 Ἰησοῦ
1778 5195 1911 5261 Χρι-

330 5270 507 5323 στοῦ.
553 5271 764 5335 Ἄλλως
814 5291 877 5330 τε
922 5276 1020 5328 καὶ
1086 5279 1341 5347 περιττὸν
1377 5275 1446 5350 ἦν
1502 5281 1740 5337 ἐνταῦθα
1779 5286 1913 5339 αὐτὸ

332 5360 707 5433 προστεθῆναι
777 5364 890 5417 ἄνω
949 5366 1191 5436 συνεχῶς
1258 5369 1556 5436 προστεθὲν
1609 5372 1686 5441 τῷ
1743 5372 1907 5442 λόγῳ.

332 5450 550 5522 Ὠσπερ
583 5456 693 5525 γὰρ
718 5458 844 5526 περὶ
874 5458 969 5510 τοῦ
1011 5458 1221 5528 Πατρὸς
1247 5460 1424 5527 λέγων
1466 5465 1632 5531 φησί’
1667 5466 1911 5536 Πνεῦμα

330 5545 366 5594 ὁ
401 5543 567 5609 Θεὸς,
596 5546 690 5598 καὶ
717 5546 815 5598 οὐκ
867 5546 1057 5617 ἐπειδὴ
1092 5548 1169 5618 τῷ
1204 5549 1481 5620 Πνεῦματι
1525 5550 1587 5603 τὸ
1622 5552 1822 5622 ἄρθρον
1850 5554 1911 5606 οὐ

333 5633 687 5703 πρόσκειται,
727 5635 1033 5709 ἀθετοῦμεν
1076 5640 1166 5693 διὰ
1210 5639 1369 5693 τοῦτο
1400 5643 1461 5694 τὸ
1491 5642 1785 5712 ἀσώματον
1817 5645 1911 5697 τοῦ

404 5778 419 5807 ¹
446 5774 553 5828 15a.
588 5787 739 5840 xuu,
779 5775 861 5831 10.
953 5776 1148 5833 'Joan.
1186 5795 1223 5842 ι,
1256 5779 1308 5833 3.

339 5849 465 5917 lipp.
490 5860 549 5907 tt,
573 5846 625 5897 ὕ.
715 5846 735 5877 ⁸
764 5845 919 5900 Rom.
955 5865 989 5914 ι,
1025 5853 1073 5901 7.

2017 4544 2184 4608 addit,
2228 4556 2389 4612 quem
2435 4542 2501 4596 de
2531 4539 2668 4594 Filio
2729 4541 2957 4609 loquens
3004 4541 3389 4607 praetermittit.
3417 4540 3554 4607 Quid
3584 4541 3609 4593 ?

2016 4651 2139 4690 eum
2174 4635 2462 4704 Apostolus
2502 4634 2657 4698 dicit,
2695 4634 2870 4700 magni
2902 4632 2996 4684 Dei
3025 4640 3074 4685 et
3103 4631 3404 4686 Srrratoris
3442 4633 3607 4684 nostri

2015 4726 2145 4782 Iesu
2173 4727 2433 4788 Christi‘,
2462 4736 2518 4779 et
2544 4739 2758 4779 rursum
2793 4739 2808 4777 :
2841 4724 2944 4787 Qui
2971 4733 3047 4777 est
3077 4724 3129 4775 in
3164 4723 3405 4777 omnibus
3444 4720 3608 4785 Deus,

2018 4836 2197 4877 nonne
2240 4820 2529 4875 articulum
2591 4815 2831 4886 adjnngit
2876 4816 2941 4870 tle
2970 4813 3104 4870 Filio
3139 4815 3411 4882 loquens?
3468 4815 3611 4869 Cou-

2016 4925 2099 4970 tra
2132 4914 2197 4968 de
2226 4913 2386 4968 Patre
2433 4911 2595 4965 verba
2634 4906 2841 4965 faeiens
2906 4909 3055 4962 illum
3089 4908 3312 4975 omittit,
3361 4917 3420 4962 ut
3481 4922 3605 4964 cum

2017 5007 2084 5058 ad
2107 5004 2477 5073 Pbilippenses
2508 5000 2695 5057 scribit
2727 5001 2792 5052 ad
2821 4998 2969 5053 hunc
2999 4998 3248 5053 modum:
3284 4998 3388 5063 Qui
3413 5016 3529 5054 cum
3552 5000 3611 5053 in

2020 5098 2192 5168 [arma
2231 5098 2322 5152 Dei
2355 5106 2504 5161 esset,
2539 5110 2641 5148 non
2672 5097 2914 5163 rapinam
2940 5093 3225 5146 arbitratus
3257 5101 3335 5146 est
3391 5109 3501 5147 esse
3553 5108 3611 5147 se

2021 5190 2276 5262 a'qualem
2296 5189 2402 5243 Deo
2419 5188 2459 5239 τ.
2495 5186 2562 5239 Et
2590 5187 2658 5241 ad
2676 5185 2991 5241 Romanos:
3019 5185 3205 5240 Gratia
3235 5185 3395 5250 vobis,
3417 5184 3606 5250 inquit,

2018 5294 2065 5337 et
2094 5299 2200 5352 pax
2224 5300 2255 5337 a
2280 5281 2385 5335 Deo
2417 5279 2582 5335 Patre
2604 5288 2805 5345 nostra,
2830 5289 2876 5333 et
2901 5277 3123 5332 Domino
3148 5275 3276 5332 Jssu
3326 5276 3531 5329 Christo
3559 5271 3604 5323 ⁸.

2021 5373 2335 5442 Quanquam
2363 5379 2419 5425 et
2468 5383 2926 5439 supervacaneum
2978 5378 3117 5431 erat,
3172 5367 3259 5420 hic
3314 5361 3601 5417 articulum

2019 5477 2290 5534 apponere
2338 5476 2459 5515 cum
2498 5470 2654 5514 antea
2700 5474 2914 5528 semper
2968 5458 3252 5527 adjunctus
3295 5451 3368 5506 sit
3412 5449 3602 5504 verbo.

2019 5552 2478 5623 Quemadmodum
2514 5552 2657 5606 enim
2697 5566 2819 5604 etnn
2870 5550 2933 5603 de
2968 5549 3124 5601 Patre
3165 5545 3391 5611 loquens
3449 5541 3603 5602 dicit.

2023 5647 2257 5715 Spiritus
2281 5654 2353 5699 est
2390 5643 2551 5707 Deus,
2583 5641 2829 5712 quamvis
2873 5639 2936 5692 ad
2987 5638 3132 5689 illam
3179 5646 3392 5697 vocem,
3424 5632 3602 5701 Spiri-

1405 5781 1423 5811 ³
1449 5777 1607 5833 Rom.
1637 5796 1710 5847 tv,
1744 5781 1831 5836 l7.

2008 5784 2123 5838 ebr.
2152 5795 2244 5845 vn,
2287 5782 2338 5835 5.
2417 5781 2436 5811 ⁵
2464 5780 2609 5834 Psal.
2645 5794 2862 5840 Lxxxu,
2886 5776 2940 5829 2.
3017 5776 3036 5805 ⁸
3062 5771 3164 5826 Tit.
3192 5784 3250 5833 ιι,
3287 5770 3374 5825 ll.
3429 5773 3449 5804 "
3478 5771 3607 5825 Pbio
